4018 6306
521 229 584 286 19
1740 247 2016 308 THEOD.
2061 249 2451 309 BALSAMON
3613 225 3694 286 ²⁰

514 356 531 384 ι
574 339 691 392 bilis
707 340 949 398 Ecclesia:
971 348 1221 407 Romanae
1235 355 1513 423 cpiscopus
1535 356 1857 419 Bonifacius,
1877 366 1930 410 ut
1949 359 2053 425 ipse

2168 375 2186 407 ι
2225 355 2470 424 οὐδαμῶς
2491 355 2721 423 εὕρομεν
2745 350 2935 403 ταῦτα.
2967 346 3152 412 Ὅμως
3181 342 3325 425 igua;
3355 338 3488 425 πρὸς
3509 334 3692 425 ὀλίῖον

509 442 530 475 ι
558 441 766 516 quoque
800 433 1044 500 dignetur
1083 443 1148 493 ad
1178 420 1494 496 memoratas
1550 446 1812 499 Ecclesias
1861 420 2053 516 aliquos

2171 462 2189 494 ι
2228 420 2569 508 φυλάξοντας,
2596 441 2670 498 ὡς
2703 438 2979 504 προεῖπον,
3014 433 3117 492 ἕως
3161 423 3217 481 οὗ
3248 427 3315 480 τά
3361 421 3546 516 ἐντελῇ
3567 420 3701 516 *ἶσα

511 531 528 561 ⁸
560 514 790 601 illim-re.
823 522 909 585 qui
939 525 1120 576 eadem
1153 529 1493 601 exemplaria,
1539 529 1684 596 juxta
1721 532 1807 582 illa
1839 547 1958 598 quae
1993 514 2061 583 ab

509 602 525 629 '
558 599 670 666 ipso
693 605 886 672 scripta
911 620 1052 672 sunt,
1079 612 1320 666 all'erant.
1346 599 1490 668 Nunc
1517 627 1692 670 autem
1717 618 1869 670 dieue
1900 618 2065 670 Nicae-

508 704 528 736 ι
564 704 642 741 me
662 696 991 764 synodi,qu:e
1013 700 1279 768 habemus,
1297 706 1617 773 exemplaria
1643 708 1773 760 actis
1802 707 1915 760 istis
1938 723 2064 760 con-

507 791 529 823 ε
562 776 862 844 jungemus.
923 803 940 832 ι

2171 552 2188 583 ι
2231 533 2470 594 ἔλθωσιν,
2544 526 2928 596 ὁμολογοῦμεν.
3008 520 3318 588 Ὀφείλομεν
3372 513 3425 566 δέ
3478 508 3700 574 αἰτῆσαι

2170 640 2188 672 ι
2235 621 2523 687 γράμμασι
2553 616 2837 685 ἡμετέροις
2866 613 2959 662 καὶ
2982 610 3074 661 τὸν
3124 602 3561 672 σεδασμιῶτατον
3594 596 3698 687 θεῆς

2167 727 2185 759 ι
2235 682 2808 773 ’ἐκκλῇσίας-Ῥώμης
2833 700 3128 752 ἐπίσκοπον
3193 690 3544 760 Βονηφὰτιον,
3603 682 3701 733 ἵνα

2170 815 2188 845 ι
2229 798 2321 847 καὶ
2345 795 2501 855 αὐτος
2540 792 2736 860 ὁμοίως
2763 787 3075 856 καταξιὼσῃ
3130 783 3263 852 πρὸς
3321 779 3419 838 τὰς
3488 786 3706 842 μνημο-

514 886 529 916 ⁴
566 871 839 934 νευθείσας
884 869 1209 947 Ἐκκλησίας
1235 885 1438 937 στεῖλαί
1487 903 1658 948 τινας.
1741 885 2052 952 ὀφείλοντας
2116 889 2181 940 τὰ
2241 887 2378 940 αὑτά
2408 888 2496 938 ίσα
2525 885 2664 935 κατά
2695 882 2763 932 τὰ
2797 881 2927 948 παρ’
2989 875 3151 930 αὑτοῦ
3219 870 3498 940 γραφέντα
3561 863 3705 952 ᾲγα·

510 978 527 1007 ⁸
568 964 700 1023 γεῖν.
736 962 847 1014 Νὖν
874 965 927 1016 δὲ
958 968 1053 1034 τῆς
1085 972 1545 1041 μνημονευθείσης
1566 975 1621 1026 ἐν
1657 975 1862 1044 Νικαίᾳ
1916 974 2151 1036 συνόδου,
2225 974 2366 1032 ᾇπερ
2428 971 2640 1040 ἔχομεν,
2709 970 2800 1019 ῐσα
2859 966 2969 1026 τοῖς
3033 958 3434 1028 πεπραγμένοις
3488 951 3707 1011 τούτοις

512 1069 528 1098 ι
564 1052 909 1122 συζεύξομεν.
949 1077 965 1108 ι

580 1137 903 1207 FauSIinus,
957 1144 1210 1201 Ecclesia:
1275 1150 1520 1204 Romanae
1597 1155 1836 1220 legatus,
1899 1154 2065 1207 dixit:

509 1254 526 1284 ι
557 1233 738 1286 Vestra
764 1234 1016 1286 sanctitas
1038 1236 1233 1286 nullum
1254 1235 1503 1290 Romanae
1526 1237 1768 1292 Ecclesiae
1790 1241 1909 1293 facit
1934 1256 2068 1306 pra:-

510 1341 527 1371 ι
571 1322 849 1388 judicium,
884 1323 996 1376 sive
1050 1325 1114 1376 de
1162 1327 1260 1378 laoc
1318 1327 1571 1393 capitulo,
1623 1328 1734 1380 sive
1777 1331 1840 1380 de
1896 1330 2061 1380 aliis:

511 1427 527 1456 ι
565 1408 994 1474 quandoquidem
1029 1413 1232 1463 censuit
1272 1411 1432 1465 frater
1457 1425 1641 1466 noster
1683 1424 1733 1467 et
1777 1414 2060 1466 commini-

510 1515 526 1544 ι
564 1505 673 1548 ster
691 1497 909 1565 Alypius
932 1498 1122 1552 dubios
1137 1515 1253 1554 esse
1276 1517 1525 1555 canones.
1550 1501 1651 1556 Sed
1683 1504 1795 1555 iure
1824 1505 2052 1556 sanctis-

510 1604 528 1633 ι
569 1585 704 1637 simo
733 1591 789 1638 et'
818 1587 1130 1642 beatissimo
1155 1606 1302 1658 papa:
1331 1601 1509 1644 nostro
1531 1593 1762 1645 scribere
1786 1591 2051 1659 dignemi-

510 1688 526 1720 ι
571 1673 644 1734 ui,
675 1676 846 1738 utsic,
871 1691 989 1728 cum
1015 1688 1187 1731 vestra
1219 1681 1500 1731 sanctitate
1551 1683 1780 1744 integros
1813 1691 2048 1730 canones

509 1778 527 1809 ι
560 1764 897 1828 conquirens,
932 1766 1014 1832 {de
1057 1767 1307 1820 omnibus
1337 1766 1561 1820 decretis
1614 1776 1822 1820 tractet.
1852 1763 2055 1817 5ιιΠὶι·ἰι

509 1866 529 1898 ι
565 1854 703 1902 enim
747 1858 820 1914 ut,
881 1856 1324 1919 quemadmodum
1351 1864 1523 1905 vestra
1555 1856 1808 1906 sanctitas
1837 1851 1971 1918 apud
1993 1865 2049 1903 se

511 1954 529 1984 ο
573 1949 786 2000 tractat,
834 1944 907 1996 sic
936 1953 988 1996 et
1012 1945 1120 2009 ipse
1154 1959 1247 2010 per
1277 1945 1508 2010 seipsum
1537 1944 1840 2009 conquirat,
1877 1957 1940 1993 ne
1973 1940 2054 1992 in-

510 2048 527 2077 ι
553 2040 632 2081 ter
663 2031 927 2085 Ecelesias
949 2033 1122 2099 aliqua
1145 2034 1411 2086 contentio
1438 2032 1708 2085 exoriatur
1735 2047 1749 2093 ;
1775 2030 1864 2083 sed
1885 2030 2057 2096 potius

514 2135 532 2165 ι
564 2117 793 2171 fraterna
826 2121 1103 2174 dilectione
1133 2106 1442 2184 consulatis,
1469 2135 1531 2174 eo
1555 2120 1899 2182 rescribente,
1932 2117 2056 2185 quid

513 2221 530 2252 ι
567 2207 749 2258 melius
781 2209 1056 2262 observari
1089 2209 1260 2262 debet.
1297 2227 1314 2258 ι

2239 1149 2524 1199 Φαυστῖνοε
2553 1139 2918 1210 τοποτηρητὴς
2951 1139 3046 1206 τῆς
3082 1135 3295 1202 Ῥώμης
3346 1127 3463 1182 εἷπε
3496 1145 3511 1159 ο
3548 1146 3566 1178 ι
3605 1126 3715 1178 Οὐ-

2176 1258 2192 1287 ι
2238 1236 2324 1288 δέν
2362 1236 2392 1300 ἠ
2427 1233 2665 1301 ὑμετέρα
2691 1227 2966 1296 ἁγιωσύνῃ
2987 1229 3268 1295 πρόκριμα
3299 1221 3441 1272 ποιεῖ
3469 1219 3532 1284 τῇ
3579 1216 3713 1267 Ἐκ-

2173 1346 2190 1377 ι
2229 1325 2431 1392 κλησίᾳ
2476 1322 2711 1389 Ῥώμης.
2747 1321 2852 1370 εἴτε
2888 1317 3015 1384 περὶ
3040 1314 3226 1366 τούτου
3258 1310 3350 1362 τοῦ
3383 1305 3710 1373 κεφαλαίου,

2167 1434 2184 1464 ι
2222 1415 2326 1466 εἴτε
2355 1413 2479 1478 περὶ
2508 1412 2678 1464 ἄλλων
2706 1426 2720 1440 ο
2758 1407 2941 1474 ἐπειδὴ
2972 1406 3202 1471 ἠξίωσεν
3260 1402 3287 1452 ὀ
3340 1397 3566 1464 ἁδελφὸς
3611 1394 3713 1446 καὶ

2166 1520 2182 1550 ι
2225 1501 2628 1569 συλλειτουργὺς
2658 1498 2812 1567 ἡμῶν
2887 1495 3136 1554 Ἀλύπιος
3181 1488 3508 1558 ἀμφιϐόλους
3566 1480 3713 1536 εἶναι.

2161 1607 2178 1638 ι
2225 1592 2349 1651 τοὺς
2389 1589 2639 1649 κανόνας.
2691 1587 2850 1639 Ἀλλὰ
2875 1583 3063 1636 ταῦτα,
3082 1581 3216 1650 πρὸς
3263 1579 3352 1630 τὸν
3404 1575 3716 1642 ἁγιώτατον

2157 1697 2175 1727 ι
2222 1678 2316 1730 καὶ
2373 1676 2783 1746 μακαριώτατον
2848 1675 3074 1728 πάππαν
3131 1670 3284 1737 ἡμῶν
3323 1665 3527 1735 γράψαι
3578 1680 3716 1715 κατ-

2160 1782 2177 1812 ι
2224 1763 2516 1827 αξιώσατε,
2551 1762 2636 1814 ἵνα
2659 1764 2748 1813 καὶ
2774 1762 2941 1819 οὕτως
2972 1758 3294 1826 ὁλοκλήρους
3320 1757 3442 1816 τοὺς
3469 1752 3705 1811 κανόνας

2158 1871 2175 1900 ι
2216 1851 2461 1917 συζητῶν
2524 1850 2663 1917 μετὰ
2729 1850 2825 1916 τῆς
2883 1847 3152 1915 ὑμετέρας
3217 1843 3524 1910 ἁγιωσύνης
3576 1841 3711 1907 περὶ

2166 1960 2182 1990 ι
2216 1941 2432 1992 πάντων
2462 1939 2568 1990 τῶν
2606 1939 2930 2006 ὀρισΟέντων
2955 1936 3282 2004 τρακτατσῃ.
3350 1931 3534 1999 ’Λρκετ
3597 1926 3712 1996 γὰρ

2168 2050 2184 2080 ι
2222 2032 2308 2082 ἵνα
2341 2029 2523 2092 καθὼς
2549 2028 2787 2098 ὑμετέρα
2843 2026 3118 2093 ἁγιωσύνη
3176 2023 3303 2090 παρ’
3357 2021 3520 2086 ἐαυτῇ
3578 2033 3716 2084 τρα-

2172 2139 2188 2169 ι
2223 2121 2458 2182 κταῖζει,
2493 2120 2632 2171 οὕτω
2663 2122 2756 2171 καὶ
2781 2119 2938 2179 αὐτὸς
2983 2115 3102 2168 καθ’
3152 2113 3341 2168 ἑαυτὸν
3400 2110 3707 2177 συζητήσῃ.

2172 2226 2189 2258 ι
2227 2209 2447 2276 μήπως
2506 2208 2799 2274 φιλονεικία
2851 2205 3049 2273 μεταξὺ
3093 2205 3198 2256 τῶν
3239 2200 3571 2268 Ἐκκλησιῶν
3617 2214 3708 2266 τις

511 2311 531 2345 ε
574 2295 824 2364 ἀναφυῇο
881 2297 1015 2349 ἁλλὰ
1099 2298 1296 2366 μᾶλλον
1361 2298 1620 2368 ἀδελφικῇ
1683 2297 1869 2365 ἀγάπῃ
1931 2295 2338 2364 βουλεύσασθαι,
2413 2298 2834 2367 ἀντιγράφοντος
2903 2293 3090 2356 αὑτοῦ,
3153 2293 3205 2346 τί
3261 2293 3464 2360 ὀφείλει
3525 2304 3716 2359 κρειτ-

511 2402 532 2434 ι
565 2387 724 2448 τόνως
760 2387 1110 2457 φυλαχθῆναι.
1155 2407 1174 2438 ι

883 2484 1125 2537 Aurelius
1146 2484 1408 2550 episcopus
1436 2486 1564 2538 diait
1580 2499 1599 2537 :

581 2588 600 2622 ι
640 2569 837 2624 Praeter
883 2586 967 2635 ea,
991 2587 1108 2640 qua:
1138 2573 1189 2626 in
1222 2574 1355 2626 actis
1395 2573 1784 2640 proposuimus,
1834 2584 2054 2625 necesse

511 2673 538 2708 ο
572 2668 672 2720 εδι,
701 2667 756 2711 ιιι
789 2659 980 2712 litteris
1003 2676 1210 2727 quoque
1238 2674 1432 2716 nostrae
1461 2661 1737 2728 parvitatis
1770 2659 2051 2713 sanctissi-

515 2763 534 2793 ι
569 2760 654 2798 mo
681 2747 827 2799 fratri
863 2758 1042 2801 nostro
1086 2761 1138 2801 et
1166 2765 1437 2803 sacrorqu
1477 2749 1842 2802 comministro
1892 2747 2052 2799 Boui-

512 2853 534 2884 s
569 2833 704 2889 facio
734 2839 932 2898 omnia,
955 2854 1068 2904 qua:
1094 2849 1399 2900 tractamus,
1435 2838 1736 2903 plenissime
1756 2837 2057 2904 significen-

515 2940 529 2970 ι
563 2931 670 2977 tur.
697 2925 912 2993 Auergo
940 2937 1116 2979 nostra
1145 2927 1387 2980 Oﬁlllibus
1409 2926 1614 2993 placeat
1655 2925 2054 2994 consequentia,

511 3031 533 3062 ι
568 3027 631 3067 ex
690 3029 782 3067 ore
838 3018 1071 3068 omnium
1137 3017 1425 3071 discamus.
1490 3036 1508 3068 ι

812 3186 1060 3241 Um'versa
1093 3189 1318 3257 synodus
1348 3191 1500 3248 dixit.
1523 3190 1718 3244 Placet.

583 3272 812 3333 Novatus
862 3278 1169 3346 episcOpus,
1227 3279 1550 3332 Mauritani:e
1598 3278 1860 3332 Sitifensis
1916 3279 2058 3348 lega-

508 3371 803 3432 tus.dixit:
846 3389 863 3420 ι
911 3371 1241 3423 Meminimus
1299 3371 1538 3436 equidem
1577 3370 1674 3422 hoc
1707 3370 2058 3422 commonito-

514 3485 530 3514 ι
574 3464 709 3515 rium
748 3464 812 3513 de
837 3461 1182 3529 presbyteris,
1219 3469 1271 3511 et
1297 3468 1550 3524 praeterea
1582 3460 1645 3511 de
1676 3460 1910 3513 diaconis
1955 3459 1986 3510 ΙἿ
2010 3475 2061 3512 r~

516 3569 537 3600 ι
575 3549 972 3607 ιηθόοιιιῖιιοιθ,
1003 3548 1227 3614 qualiter
1257 3548 1481 3598 debeant
1522 3561 1549 3598 a
1592 3547 1819 3612 propriis
1849 3546 2058 3614 episco-

2501 2475 2797 2540 Αὐρήλιος
2824 2473 3157 2536 ἐπίσκοπος
3188 2465 3340 2521 ebur

2231 2586 2248 2616 ι
2303 2565 2485 2626 Ἐκτὸς
2519 2556 2593 2616 ὧν
2621 2562 3042 2632 προτεθείκαμεν
3069 2563 3125 2613 ἐν
3153 2561 3262 2620 τοῖς
3281 2556 3710 2625 πεπραγμένοις,

2159 2674 2178 2706 ι
2215 2657 2426 2721 ἀνάγκη
2452 2653 2570 2705 ἐστὶ
2623 2654 2715 2704 καὶ
2746 2652 3033 2721 γράμμασι
3095 2649 3195 2717 τῆς
3241 2646 3517 2716 ἡμετέρας
3579 2639 3716 2709 βραο

2163 2765 2179 2796 ι
2221 2747 2446 2814 χύτητοε
2478 2743 2555 2812 τῷ
2597 2742 2878 2810 ἁγιωτάτῳ
2930 2739 3140 2808 ἀδελφῷ
3176 2740 3268 2791 καὶ
3316 2732 3713 2802 συλλειτουργῷ

2165 2857 2182 2886 ι
2215 2835 2367 2903 ὴμῶν
2422 2833 2738 2901 Βονηφατίῳ
2795 2833 2996 2894 πάντα,
3055 2831 3155 2882 ὅσα
3216 2825 3579 2895 ψηλαφῶμεν,
3627 2825 3714 2883 είς

2166 2941 2182 2972 ι
2220 2922 2417 2990 πλῆρες
2450 2922 2740 2990 ἐμφανίσαι
2776 2935 2788 2949 °
2814 2920 2909 2970 ὲάν
2973 2917 3149 2971 τοίνυν
3199 2917 3361 2968 πᾶσιν
3409 2915 3613 2983 ἀρέσκῃ
3671 2913 3708 2980 ἡ

2165 3031 2182 3062 ι
2239 3013 2484 3080 ἡμετέρα
2577 3008 3027 3078 ἐπακολούθησις,
3122 3007 3383 3077 μάθωμεν
3476 3004 3710 3070 στόματι

2163 3120 2181 3152 ι
2224 3103 2453 3154 πάντων.
2486 3120 2504 3150 ι

2329 3193 2620 3259 Σύμπασα
2651 3194 2686 3256 ἡ
2718 3190 2977 3254 σύνοδος
3001 3184 3189 3241 εἷπεν·
3237 3186 3524 3260 Ἀρέσκειο

2227 3280 2470 3343 Ναυᾶτος
2533 3280 2824 3340 ἐπίσκοπος
2863 3319 2880 3343 ,
2915 3275 3284 3344 τοποτηρητὴς
3332 3270 3706 3341 Μαυριτανίας

2159 3369 2502 3436 Σιτιφένσης,
2558 3366 2708 3420 εἷπε·
2753 3387 2770 3419 ι
2809 3363 3151 3431 Μεμνήμεθα
3223 3361 3402 3412 τοίνυν
3464 3356 3618 3409 τοῦτο
3642 3356 3709 3406 τὸ

2172 3478 2188 3509 ι
2230 3459 2661 3530 κομμονιτώριον
2691 3458 2820 3526 περὶ
2847 3451 3248 3526 πρεσϐυτέρων,
3304 3449 3382 3500 ἐτι
3436 3448 3540 3516 μὴν
3587 3445 3709 3496 δια-

2165 3567 2183 3599 ι
2219 3549 2388 3602 κόνων
2421 3549 2495 3609 ὡς
2562 3549 2856 3615 περιέχειν,
2913 3545 3029 3605 πῶς
3085 3540 3391 3609 ὀφείλουσιν
3446 3537 3550 3589 ἀπὸ
3596 3533 3709 3584 τῶν

513 3655 534 3689 ι
578 3638 675 3701 pis.
700 3636 780 3688 vel
807 3637 872 3688 ab
907 3635 968 3687 iis
1001 3635 1087 3699 qui
1146 3645 1268 3686 sunt
1301 3633 1530 3694 ﬁnitimi,
1573 3635 1776 3696 audiri;
1823 3637 1958 3700 quod
2007 3636 2053 3687 iu

2164 3658 2180 3689 ι
2221 3640 2366 3691 ίδίων
2391 3639 2708 3690 ἐπισκόπων
2761 3637 2793 3706 ἢ
2834 3636 2897 3686 ἐκ
2955 3634 3060 3685 τῶν
3129 3629 3468 3699 ὁμορούντων
3509 3625 3709 3677 ἁκεὸε-

513 3739 531 3770 ι
571 3720 776 3773 Nicmna
808 3723 1010 3788 synodo
1052 3736 1379 3787 nequaquam
1412 3720 1651 3787 legimus.
1685 3720 1966 3788 Propterea
2010 3723 2057 3774 id

513 3829 532 3860 ι
562 3812 764 3877 jubebit
799 3821 972 3863 vestra
1005 3810 1258 3863 sanctitas
1283 3811 1400 3878 legi.
1436 3829 1451 3860 ι

576 3989 816 4041 Aurelius
835 3989 1110 4054 episcopus
1136 3987 1293 4040 dixit:
1316 4006 1333 4037 ι
1357 3987 1544 4040 Coram
1571 3989 1770 4058 legatur
1799 3993 1896 4046 hoc
1929 4006 2061 4060 quo-

516 4097 538 4130 ι
579 4092 680 4146 que
709 4080 850 4145 quod
879 4078 1152 4144 quaeritur.
1205 4095 1222 4127 ι

970 4166 1152 4218 Daniel
1175 4167 1406 4219 notarius
1431 4168 1546 4235 legit
1568 4185 1582 4220 :

593 4272 612 4307 ι
655 4255 726 4308 De
751 4255 1192 4324 appellationibus
1221 4266 1395 4308 autem
1439 4256 1778 4320 clericorum,
1815 4259 1915 4313 hoc
1947 4268 2048 4324 est,

513 4364 535 4397 ι
579 4345 944 4405 mluorisloei,
994 4354 1137 4397 certa
1167 4353 1249 4397 est
1301 4346 1483 4414 synodi
1513 4347 1908 4414 respousio:de
1955 4363 2056 4416 qua

513 4456 529 4486 ι
557 4437 680 4504 quid
699 4435 871 4490 Velitis
890 4449 1045 4502 agere
1062 4435 1394 4488 inserendum
1412 4435 1792 4500 existimamu’s,
1808 4440 2056 4506 quoniam

513 4545 528 4574 ι
553 4527 628 4579 sic
653 4527 722 4579 di:
742 4537 849 4580 tum
877 4534 978 4582 est.
999 4544 1017 4575 ι

576 4615 732 4683 512
765 4615 924 4667 Osius
961 4614 1242 4681 episcOpus
1285 4615 1418 4666 dixit
1455 4632 1467 4666 :
1520 4634 1535 4665 ι
1568 4616 1718 4680 Quod
1754 4631 1836 4669 me
1886 4617 2056 4670 adhuc

511 4720 528 4750 ι
563 4713 753 4760 movet,
792 4710 971 4754 tacere
1002 4715 1104 4753 non
1138 4701 1325 4754 debeo.
1354 4701 1409 4753 Si
1441 4703 1561 4767 quis
1600 4703 1733 4756 forte
1765 4705 2054 4758 iracundus

501 4809 527 4840 1
549 4790 828 4858 episcopus
850 4792 1010 4856 (quod
1038 4805 1156 4844 esse
1173 4807 1277 4842 non
1302 4791 1481 4858 debet)
1502 4793 1754 4847 adversus
1776 4796 2052 4863 presbyte-

497 4900 526 4927 Α
563 4895 677 4932 rum
704 4879 782 4932 vel
814 4879 1093 4932 diaconum
1120 4896 1271 4932 suum
1301 4881 1406 4933 cito
1432 4881 1512 4934 vel
1543 4882 1700 4934 etiam
1727 4897 1912 4949 aspere
1942 4898 2052 4936 mo-

509 4989 525 5017 ι
564 4981 668 5030 tus,
687 4984 806 5022 eum
833 4985 858 5020 a
887 4969 1096 5037 propria
1113 4969 1335 5023 ecclesia
1363 4985 1642 5039 segregare
1655 4972 1900 5034 voluerit,
1926 4988 2050 5041 pro-

508 5077 525 5107 ι
563 5058 840 5111 videndum
865 5067 965 5120 est,
997 5072 1061 5110 ne
1083 5059 1199 5111 sine
1223 5074 1380 5112 causa
1405 5062 1808 5122 condemnetur,
1833 5062 1910 5114 vel
1932 5076 2051 5130 per-

509 5166 527 5197 ι
559 5148 1092 5200 datcommuuionem
1131 5166 1142 5200 :
1176 5149 1364 5201 habeat
1390 5164 1515 5216 ergo
1561 5159 1876 5217 potestatem
1936 5152 2044 5219 eje-

505 5258 526 5288 ι
557 5249 673 5292 ctus
717 5237 968 5292 ﬁnitimos
1009 5239 1316 5299 accedendi,
1349 5247 1403 5290 ut
1435 5253 1590 5291 causa
1646 5241 1760 5307 ejus
1800 5243 2046 5294 audiatur

501 5351 522 5379 ι
571 5338 622 5380 et
652 5329 954 5394 diligenti-us
977 5337 1254 5380 tractetur.
1278 5327 1334 5379 Ei
1363 5328 1503 5380 enim
1537 5330 1742 5394 roganti
1769 5329 2040 5381 audientia

507 5436 525 5463 ι
566 5431 668 5470 nou
702 5427 781 5470 est
809 5419 1117 5487 deneganda
1158 5437 1170 5471 :
1226 5419 1351 5486 quin
1409 5427 1458 5471 et
1496 5418 1580 5471 ille
1615 5421 1919 5487 episcopus,
1950 5421 2039 5488 qui

508 5526 529 5556 ι
555 5523 692 5573 cum,
726 5508 838 5562 sive
863 5508 982 5576 jure
1005 5508 1114 5561 sive
1132 5508 1344 5576 injuria,
1368 5507 1546 5574 ejeclt,
1568 5524 1678 5564 rem
1725 5511 1917 5566 discuti
1945 5527 2040 5581 pa-

2080 4189 2132 4246 D

2165 3747 2181 3777 ι
2220 3727 2362 3789 σθαι,
2384 3729 2518 3795 ὅπερ
2536 3729 2592 3778 ἐν
2610 3728 2672 3795 τῇ
2711 3723 2963 3776 Νικαέων
2985 3719 3184 3788 συνόδῳ
3211 3715 3463 3783 οὐδαμῶς
3488 3713 3698 3776 ἀνέγνω

2165 3835 2181 3866 ι
2223 3833 2319 3883 μεν
2351 3832 2363 3844 ·
2397 3816 2476 3867 διὸ
2501 3815 2656 3866 τοῦτο
2684 3813 2810 3865 αὐτὸ
2831 3811 3072 3864 κελεύσει
3101 3809 3132 3878 ἠ
3160 3805 3403 3876 ὑμετέρα
3428 3800 3704 3871 ἁγιωσύνῃ

2163 3926 2178 3956 ι
2219 3903 2643 3970 ἀναγνωσθῆναι.
2679 3921 2696 3953 ι

2226 3993 2487 4061 Αὐρήλιος
2532 3992 2824 4051 ἐπίσκοπος
2848 3985 3001 4041 εἷπεν
3037 4001 3050 4014 '
3093 4006 3111 4038 ι
3154 3981 3583 4053 Ἀναγνωσθήτω
3608 3979 3703 4031 ἐπὶ

2168 4101 2185 4130 ι
2225 4083 2386 4134 τόπου
2411 4082 2501 4132 καὶ
2533 4079 2686 4130 τοῦτο
2716 4085 2776 4130 τὸ
2800 4075 3148 4146 ξήτοὺμένον.
3192 4093 3210 4127 ι

2523 4167 2741 4234 Δανιὴλ
2796 4168 3067 4234 νοτάριος
3092 4165 3338 4233 ἀνέγνω·

2234 4282 2250 4311 ι
2290 4261 2419 4331 Περὶ
2451 4262 2724 4326 ἐκκλήτων
2767 4261 2821 4311 δὲ
2853 4258 3146 4328 κληρικῶν,
3201 4257 3342 4310 τοῦτ’
3418 4257 3551 4331 ἔστι,
3606 4252 3702 4305 τοῦ

2151 4369 2181 4399 ει
2217 4351 2439 4418 ἥττονος
2465 4350 2651 4411 τόπου,
2679 4349 2779 4416 τῆς
2842 4347 3056 4400 συνόδου
3119 4345 3308 4415 βεϐαία
3359 4347 3504 4397 ἐστὶν
3563 4345 3699 4396 ἀπό-

2165 4458 2182 4488 ι
2219 4456 2397 4506 κρισις
2427 4456 2440 4469 ·
2472 4439 2597 4507 περὶ
2622 4435 2687 4510 ἧς
2717 4439 2769 4490 τί
2803 4439 3023 4506 μέλλετε
3073 4438 3327 4505 πράττειν
3367 4434 3695 4504 ἡγησάμεθα

2160 4547 2178 4578 ι
2216 4529 2446 4595 ὀφείλειν
2476 4531 2748 4597 ἐναγῆναι,
2825 4528 3008 4596 ἐπειδὴ
3047 4527 3220 4588 οὕτως
3266 4526 3531 4578 λέλεκται.
3563 4543 3580 4575 ι

2231 4621 2415 4680 Ὀσιος
2439 4619 2730 4681 ἐπίσκοπος
2762 4613 2883 4670 εἶπε
2904 4635 2917 4649 ο
2940 4638 2956 4668 ι
2979 4618 3053 4670 Τὸ
3081 4618 3157 4670 ἔτι
3193 4617 3372 4669 κινοῦν
3396 4635 3459 4685 με
3488 4616 3696 4682 σιωπῆ-

2159 4726 2176 4759 ι
2226 4726 2311 4760 σαι
2338 4709 2440 4760 οὐκ
2468 4708 2686 4776 ὀφείλω.
2725 4709 2847 4759 Ἐάν
2875 4726 2956 4771 τις
2988 4709 3151 4775 τυχὸν
3228 4708 3520 4767 ἐπίσκοπος
3543 4706 3691 4775 ὀργίο

2159 4818 2177 4849 ι
2212 4799 2323 4862 λος,
2367 4800 2504 4869 ὅπερ
2561 4799 2657 4850 οὐκ
2714 4797 2936 4863 ὀφείλει,
2964 4800 3169 4866 ταχέως
3223 4798 3255 4864 ἢ
3317 4798 3406 4848 καὶ
3451 4799 3695 4864 τραχέως

2158 4907 2175 4938 ι
2215 4887 2456 4956 κινηθεὶς
2514 4890 2651 4939 κατά
2702 4888 3070 4956 πρεσϐυτέρου
3148 4887 3179 4955 ἦ
3236 4887 3478 4940 διακόνου
3537 4888 3688 4951 ἰδίου,

2160 4997 2175 5028 ι
2216 4979 2479 5046 ἀφορίσαι
2524 4976 2710 5028 τοῦτον
2759 4979 2854 5044 τῆς
2905 4978 3034 5038 ίδίας
3088 4977 3300 5044 Οελήσοι
3375 4979 3687 5047 ἐκκλησίας,

2159 5086 2175 5117 ι
2214 5067 2539 5135 προνοητέον
2578 5069 2743 5127 ἐστὶν,
2802 5068 2888 5118 ἵνα
2924 5069 2996 5137 μὴ
3050 5069 3304 5129 ἀναιτίως
3352 5067 3680 5135 κατακριθῇ,

2156 5176 2174 5206 ι
2222 5158 2254 5223 ἢ
2287 5157 2522 5225 ἀπολέσῃ
2547 5157 2643 5222 τὴν
2665 5157 2950 5208 κοινωνίαν
2986 5173 2999 5187 ο
3052 5157 3222 5226 ἐχέτω
3290 5153 3382 5209 οὖν
3442 5155 3689 5216 ἐξουσίαν

2156 5266 2172 5295 ι
2212 5245 2493 5314 ἐκϐληθεὶς
2523 5247 2837 5315 προσελθεῖν
2868 5250 2978 5310 τοῖς
3013 5249 3255 5316 ὁμόροις,
3303 5247 3440 5299 ὥστε
3517 5248 3682 5298 ἀκου-

2156 5351 2173 5383 ι
2214 5333 2403 5401 σθῆναι
2444 5333 2542 5402 τὴν
2601 5335 2776 5386 αίτίαν
2851 5336 3038 5400 αὐτοῦ,
3105 5338 3195 5390 καὶ
3255 5337 3674 5404 ἐπιμελέστερον

2153 5441 2173 5473 ὀ
2209 5422 2746 5491 ψηλαφηθῆναι.οὗκ
2793 5425 2994 5491 ὀφείλει
3052 5426 3159 5493 γὰρ
3238 5424 3383 5492 αὑτῷ
3433 5438 3684 5491 napum-

2157 5531 2173 5563 t
2211 5511 2385 5563 λοῦντι
2418 5512 2636 5580 ὑπακοὴ
2667 5514 2961 5582 ἀρνηθῆναι
3000 5530 3012 5543 ·
3046 5517 3289 5576 κάκεῖνος
3319 5515 3370 5567 δὲ
3405 5516 3431 5565 ὀ
3471 5514 3690 5564 ὲπίσκο-
