4018 6306
530 278 592 336 19
1749 297 2024 357 THEOD.
2069 298 2459 358 BALSAMON
3621 274 3703 335 ²⁰

523 405 539 433 1
583 389 700 441 bilis
716 390 957 447 Ecclesia:
980 397 1229 457 Romanae
1243 404 1521 471 cpiscopus
1543 406 1865 468 Bonifacius,
1886 416 1938 458 ut
1958 408 2062 475 ipse

2176 425 2194 456 1
2234 405 2479 473 οὐδαμῶς
2500 404 2729 472 εὕρομεν
2754 400 2944 451 ταῦτα.
2976 396 3160 461 Ὅμως
3189 392 3331 475 qua;
3364 387 3497 475 πρὸς
3516 384 3700 475 ὀλίγον

518 492 538 524 ι
566 490 774 575 quoque
809 482 1052 575 dignetur
1091 491 1157 541 ad
1186 502 1502 545 memoratas
1559 495 1820 548 Ecclesias
1870 495 2073 565 aliquos

520 580 537 610 1
576 570 799 627 mittere,
831 571 918 634 qui
948 574 1128 624 eadem
1161 577 1501 649 exemplaria,
1548 579 1692 645 juxta
1729 581 1816 631 illa
1848 596 1966 646 quae
2002 580 2069 632 ab

517 652 533 678 '
568 649 679 715 ipso
702 654 895 721 scripta
920 669 1061 720 sunt,
1088 661 1328 715 afferant.
1356 664 1499 717 Nunc
1527 677 1701 719 autem
1725 667 1877 719 dicta:
1908 668 2073 719 Nicae-

517 753 537 785 1
573 754 651 789 me
670 745 1000 813 synodi,qu:e
1021 749 1288 817 habemus,
1306 755 1625 822 exemplaria
1651 758 1782 809 actis
1810 756 1924 809 istis
1947 772 2072 809 con-

516 841 538 871 ι
571 826 870 892 jungemus.
932 852 949 881 ι

2180 512 2197 542 ι
2237 469 2577 557 φυλάξοντας,
2605 490 2678 546 ὡς
2712 488 2986 554 προεῖπον,
3022 482 3124 540 ἕως
3168 473 3226 530 οὗ
3256 476 3322 529 τά
3369 471 3553 537 ἐντελῆ
3612 469 3711 520 [σα

2180 601 2196 632 ι
2239 582 2479 643 ἔλθωσιν,
2553 575 2936 646 ὁμολογοῦμεν.
3017 570 3327 635 Ὀφείλομεν
3380 563 3432 615 δέ
3486 557 3709 622 αἰτῆσαι

2178 689 2196 721 1
2243 670 2531 736 γράμμασι
2561 666 2847 733 ἡμετέροις
2875 660 3082 711 καὶτὸν
3132 651 3569 721 σεϐασμιὼτατον
3603 646 3707 736 τῆς

2176 776 2195 808 1
2244 732 2817 822 ’έκκλῆσίαςλΡώμης
2841 750 3137 801 ἐπίσκοπον
3202 740 3551 809 Βονηφάτιον,
3612 732 3710 782 ἵνα

2179 864 2197 894 ι
2238 847 2329 896 καὶ
2354 844 2510 903 αὐτὸς
2549 841 2744 909 ὁμοίως
2771 836 3083 906 καταξιώσῃ
3138 832 3271 901 πρὸς
3329 828 3427 888 τάς
3495 836 3715 891 μνημο-

522 935 538 965 ⁴
575 920 847 982 νευθείσας
892 925 1213 996 Ἐκκλησίας
1244 935 1447 986 στεῖλαί
1496 952 1667 997 τινας.
1750 934 2060 1000 ὀφείλοντας
2125 939 2189 989 τὰ
2250 936 2386 988 αὑτά
2417 937 2505 986 ίσα
2534 934 2672 984 κατά
2704 932 2771 981 τὰ
2806 931 2935 997 παρ’
2997 924 3159 978 αὑτοῦ
3227 920 3506 990 γραφέντα
3568 913 3712 976 ἀτα“

518 1027 535 1056 ⁴
577 1013 709 1071 γεῖν.
745 1012 856 1063 Νὗν
883 1014 935 1065 δὲ
967 1017 1062 1083 τῆς
1095 1022 1553 1090 μνημονευθείσης
1575 1025 1630 1075 ἐν
1666 1024 1870 1093 Νικαίᾳ
1924 1024 2160 1085 συνόδου,
2234 1023 2375 1081 ἀπερ
2437 1020 2649 1089 ἔχομεν,
2718 1019 2808 1069 ίσα
2868 1016 2978 1075 τοῖς
3042 1008 3441 1077 πεπραγμένοις
3496 1001 3715 1059 τούτοις

520 1118 536 1147 1
573 1101 917 1170 συζεύξομεν.
957 1125 974 1157 ι

590 1186 911 1255 FauSIiuus,
965 1193 1219 1249 Ecclesia:
1286 1199 1529 1253 Romanae
1606 1205 1845 1269 legatus,
1908 1204 2075 1256 dixit:

518 1302 534 1333 1
566 1282 746 1335 Vestra
773 1283 1025 1335 sanctitas
1047 1286 1242 1336 nullum
1263 1285 1512 1339 Romana:
1535 1287 1777 1341 Ecclesia:
1799 1290 1918 1342 facil
1943 1305 2077 1355 pra:-

519 1390 535 1419 1
580 1370 857 1437 judicium,
893 1373 1005 1424 sive
1060 1375 1124 1425 de
1172 1376 1269 1427 hoc
1327 1377 1580 1442 capitulo,
1632 1377 1743 1428 sive
1786 1380 1848 1429 de
1905 1378 2069 1428 aliis:

519 1476 536 1505 1
574 1457 1003 1522 quandoquidem
1038 1462 1241 1512 censuit
1281 1461 1441 1514 frater
1466 1474 1650 1515 noster
1691 1473 1742 1516 et
1786 1464 2068 1515 commini-

519 1564 535 1593 1
572 1553 682 1597 ster
700 1546 918 1613 Alypius
942 1547 1132 1601 dubios
1148 1565 1262 1603 esse
1285 1566 1533 1604 canones.
1559 1550 1660 1604 Sed
1692 1552 1803 1604 haec
1832 1554 2061 1605 sanctis-

518 1653 537 1682 1
579 1634 713 1686 simo
742 1640 797 1687 et
829 1636 1139 1691 beatissimo
1164 1656 1310 1707 papa:
1340 1650 1517 1694 nostro
1540 1642 1771 1694 scribere
1795 1640 2059 1708 dignemi-

518 1738 535 1768 1
580 1722 653 1783 ni,
684 1725 855 1787 utsic,
880 1740 998 1778 cum
1026 1738 1197 1779 vestra
1229 1730 1508 1780 sanctitate
1560 1731 1788 1793 integros
1823 1741 2056 1779 canones

519 1827 537 1857 ε
570 1813 907 1877 conquirens,
942 1815 1023 1881 Ide
1067 1816 1315 1868 omnibus
1345 1816 1569 1869 decretis
1622 1826 1830 1869 tractet.
1861 1812 2063 1865 Sufﬁcit

519 1916 537 1947 1
575 1903 712 1951 enim
756 1908 830 1963 ut,
890 1905 1333 1968 quemadmodum
1358 1913 1532 1955 vestra
1564 1905 1816 1955 sanctitas
1847 1901 1980 1967 apud
2001 1915 2058 1952 se

521 2003 539 2033 σ
583 1998 795 2049 tractat.
843 1993 917 2045 sic
946 2002 997 2045 et
1022 1994 1130 2058 ipse
1164 2007 1256 2059 per
1286 1994 1517 2058 seipsum
1545 1993 1848 2058 conquirat,
1886 2006 1949 2042 ne
1983 1990 2063 2041 in-

520 2097 536 2126 1
563 2089 641 2129 ter
673 2080 935 2133 Ecclesias
958 2083 1131 2149 aliqua
1154 2083 1419 2134 contentio
1447 2080 1717 2133 exoriatur
1744 2096 1758 2142 ;
1784 2079 1873 2131 sed
1894 2080 2066 2144 potius

524 2184 541 2215 1
574 2166 803 2219 fraterna
836 2170 1111 2223 dilectione
1142 2156 1450 2233 consulatis,
1478 2184 1539 2222 eo
1564 2169 1908 2230 rescribente,
1941 2165 2065 2234 quid

523 2271 540 2301 1
576 2256 759 2307 melius
791 2259 1064 2310 observari
1099 2258 1269 2311 debet.
1305 2276 1323 2306 ι

2248 1199 2532 1248 Φαυστϊνος
2562 1189 2928 1259 τοποτηρητὴς
2960 1189 3055 1255 τῆς
3091 1184 3303 1252 Ῥώμης
3354 1176 3471 1231 εῖπε
3505 1194 3518 1209 ·
3557 1195 3574 1227 1
3614 1176 3723 1228 Οὕ-

2184 1307 2200 1336 1
2247 1285 2333 1336 δέν
2370 1286 2400 1350 ἠ
2436 1283 2673 1350 ὑμετέρα
2700 1276 2975 1344 ἀγιωσύνη
2996 1278 3276 1344 πρόκριμα
3307 1270 3449 1320 ποιεῖ
3478 1270 3541 1333 τῇ
3587 1266 3720 1316 Ἐκ-

2182 1394 2198 1425 1
2238 1374 2439 1441 κλησίᾳ
2484 1370 2719 1437 Ῥώμης,
2756 1370 2860 1420 εἴτε
2898 1366 3024 1433 περὶ
3049 1363 3234 1415 τούτου
3266 1359 3357 1411 τοῦ
3391 1354 3717 1422 κεφαλαίου,

2176 1483 2192 1512 1
2230 1464 2333 1515 εἴτε
2363 1462 2488 1528 περὶ
2517 1460 2687 1513 ἀλλων
2715 1475 2728 1489 ⁸
2767 1458 2950 1523 ἐπειδὴ
2982 1455 3209 1520 ἠξίωσεν
3268 1452 3295 1501 ὀ
3348 1446 3574 1513 ἀδελφὸς
3621 1443 3720 1495 καὶ

2175 1570 2191 1599 1
2234 1550 2637 1617 συλλειτουργός
2666 1548 2821 1616 ἡμῶν
2896 1544 3144 1604 Ἀλύπιος
3189 1538 3517 1607 ἀμφιϐόλους
3576 1529 3719 1585 εἶναι

2169 1657 2186 1688 1
2233 1641 2357 1700 τοὺς
2398 1638 2648 1698 κανόνας.
2701 1636 2858 1689 Ἀλλὰ
2885 1632 3071 1686 ταῦτα,
3090 1631 3223 1700 πρὸς
3272 1628 3359 1679 τὸν
3412 1624 3722 1690 ἁγιώτατον

2166 1746 2183 1777 ι
2230 1727 2325 1778 καὶ
2382 1725 2792 1795 μακαριώτατον
2857 1725 3083 1777 πάππαν
3140 1720 3292 1786 ἡμῶν
3332 1715 3535 1783 γράψαι
3586 1729 3723 1764 κατι

2169 1832 2185 1862 ι
2233 1812 2524 1877 αξιώσατε,
2560 1812 2644 1863 ἵνα
2668 1813 2757 1862 καὶ
2784 1811 2950 1868 οὕτως
2981 1807 3302 1875 ὁλοκλήρους
3329 1806 3449 1865 τοὺς
3478 1801 3711 1860 κανόνας

2167 1920 2184 1949 1
2225 1900 2470 1966 συζητῶν
2533 1899 2672 1966 μετά
2738 1899 2833 1965 τῆς
2893 1897 3160 1964 ὑμετέρας
3225 1892 3532 1958 ἁγιωσύνης
3585 1890 3717 1956 περὶ

2174 2009 2190 2039 ι
2225 1991 2439 2041 πάντων
2471 1988 2576 2039 τῶν
2615 1988 2939 2055 ὁρισθέντων
2964 1985 3290 2053 τρακταῖσῃ.
3358 1980 3542 2047 ’Λρκεί
3605 1976 3719 2044 γὰρ

2177 2100 2192 2129 ι
2230 2082 2316 2130 ἵνα
2350 2078 2532 2140 καθὼς
2558 2078 2795 2147 ὑμετέρα
2852 2074 3126 2142 ἀγιωσύνη
3184 2073 3311 2139 παρ’
3364 2071 3528 2135 ἐαυτῇ
3587 2083 3723 2133 τρα-

2180 2188 2196 2217 ι
2232 2170 2466 2231 κταῖζει,
2502 2169 2641 2220 οὕτω
2672 2171 2765 2220 καὶ
2790 2168 2946 2227 αὐτὸς
2991 2166 3111 2217 καθ’
3160 2162 3348 2216 ἐαυτὸν
3409 2159 3712 2226 ωζητὴσῃ.

2180 2276 2197 2307 ι
2236 2259 2455 2325 μήπως
2514 2258 2807 2323 φιλονεικία
2859 2253 3057 2322 μεταξὺ
3100 2254 3207 2305 τῶν
3247 2249 3579 2317 Ἐκκλησιῶν
3626 2263 3714 2313 τις

518 2359 540 2393 1
584 2344 832 2413 ἀναφυῇ·
890 2345 1023 2397 ἀλλά
1108 2347 1304 2415 μᾶλλον
1369 2347 1629 2417 ἀδελφικῇ
1692 2345 1878 2414 ἀγάπῃ
1940 2343 2347 2413 βουλεύσασθαι,
2422 2347 2842 2416 ἀντιγράφοντος
2912 2342 3098 2404 αὑτοῦ,
3162 2342 3213 2393 τι
3270 2342 3471 2409 ὀφείλει
3534 2353 3723 2407 κρειτ-

521 2452 540 2484 1
574 2436 733 2497 τόνως
768 2436 1119 2506 φυλαχθῆναι.
1164 2456 1182 2486 ι

893 2533 1133 2586 Aurelius
1154 2533 1417 2599 episcopus
1445 2534 1607 2587 di1it:

589 2637 609 2670 1
649 2618 846 2673 Praeter
892 2635 1116 2688 ea,qute
1147 2622 1197 2674 in
1230 2623 1363 2675 actis
1404 2622 1793 2688 proposuimus,
1843 2632 2063 2673 necesse

520 2722 547 2757 ο
581 2717 681 2768 εδι,
710 2716 765 2759 ut
799 2708 990 2760 litteris
1011 2725 1218 2776 quoque.
1246 2723 1441 2764 nostra:
1469 2710 1745 2777 parvitatis
1778 2707 2059 2761 sanctissi-

524 2812 543 2842 1
578 2809 662 2846 mo
690 2796 836 2847 fratri
871 2806 1051 2849 nostro
1095 2810 1146 2850 et
1175 2814 1445 2851 sacrorum
1486 2798 1851 2851 comministro
1900 2796 2060 2848 Boni-

522 2902 542 2932 1
578 2882 712 2937 facio
743 2888 940 2947 omnia,
963 2902 1077 2953 qua:
1103 2898 1407 2948 tractamus,
1444 2888 1744 2951 plenissime
1765 2886 2065 2954 significen-

525 2989 538 3018 ι
573 2981 679 3025 tur.
706 2973 920 3041 Auergo
948 2986 1125 3027 nostra
1154 2976 1396 3028 omnibus
1418 2976 1623 3042 placeat
1664 2974 2062 3043 consequentia,

519 3079 541 3111 ι
577 3076 640 3115 ex
699 3078 791 3116 ore
847 3067 1080 3117 Omnium
1146 3066 1434 3119 discamus.
1498 3084 1515 3116 ι

821 3235 1070 3289 Uuiversa
1102 3239 1326 3305 synodus
1357 3240 1508 3296 dixit.
1531 3239 1726 3292 Placet.

591 3321 820 3381 Novatus
870 3327 1177 3394 episcopus,
1235 3328 1559 3380 Mauritaniae
1607 3326 1868 3381 Sitifensis
1925 3328 2066 3397 lega-

517 3420 811 3481 tus,dixit:
854 3438 872 3469 1
919 3420 1250 3472 Meminimus
1307 3420 1547 3485 equidem
1586 3419 1683 3470 hoc
1715 3420 2066 3471 commonito-

522 3534 539 3562 1
584 3513 717 3564 rium
757 3512 821 3562 de
845 3509 1191 3577 presbyteris,
1229 3518 1279 3559 et
1306 3517 1559 3573 praeterea
1590 3508 1653 3560 de
1685 3508 1919 3561 diaconis
1965 3507 1995 3559 Γ·
2019 3523 2069 3560 r--

525 3618 547 3648 1
584 3611 667 3651 me
687 3598 980 3656 continere,
1012 3597 1235 3663 qualiter
1266 3596 1489 3647 debeant
1530 3610 1557 3646 a
1600 3596 1827 3660 propriis
1858 3595 2067 3662 episco-

523 3704 543 3737 1
587 3687 684 3749 pis.
709 3685 788 3736 vel
816 3685 881 3736 ab
916 3684 977 3735 iis
1009 3684 1096 3749 qui
1155 3693 1277 3735 sunt
1310 3682 1537 3743 finitimi,
1582 3683 1785 3744 audiri;
1831 3685 1966 3749 quod
2017 3685 2066 3735 iu

522 3788 539 3819 1
579 3769 784 3822 Nicmna
817 3772 1018 3836 synodo
1061 3785 1387 3835 nequaquam
1420 3769 1659 3835 legimus.
1694 3769 1974 3837 Propterea
2019 3772 2065 3822 id

522 3877 540 3909 1
571 3860 772 3926 jubebit
807 3870 980 3912 vestra
1014 3859 1267 3911 sanctitas
1292 3861 1407 3927 legi.
1445 3878 1459 3908 ι

586 4038 825 4090 Aurelius
844 4038 1119 4102 episcopus
1146 4036 1302 4089 dixit:
1324 4055 1341 4086 1
1365 4036 1553 4089 Coram
1580 4038 1778 4106 legatur
1808 4041 1905 4094 hoc
1938 4055 2069 4109 quo-

525 4146 546 4179 1
587 4141 689 4194 que
717 4129 859 4194 quod
888 4126 1161 4192 quaeritur.
1214 4144 1231 4175 ι

979 4215 1161 4267 Daniel
1184 4216 1414 4267 notarius
1438 4216 1555 4284 legit
1576 4233 1589 4269 :

602 4320 620 4355 1
664 4303 734 4357 De
760 4304 1201 4372 appellationibus
1230 4314 1403 4356 autem
1447 4305 1786 4369 clericorum,
1824 4307 1923 4362 hoc
1955 4317 2057 4372 est.

2088 4237 2140 4295 D

2510 2524 2805 2589 Αὐρήλιος
2832 2521 3165 2585 ἐπίσκοπος
3197 2514 3348 2569 εἶπε·

2240 2634 2257 2665 1
2311 2614 2494 2675 Ἐκτὸς
2528 2605 2602 2665 ὧν
2630 2612 3051 2680 προτεθείκαμεν
3078 2612 3133 2661 ἐν
3162 2610 3271 2668 τοῖς
3289 2605 3715 2673 πεπραγμένοις,

2169 2723 2185 2755 1
2224 2706 2435 2770 ἀνάγκη
2462 2703 2579 2753 ἐστὶ
2632 2703 2724 2753 καὶ
2754 2701 3041 2769 γράμμασι
3104 2698 3203 2766 τῆς
3250 2695 3525 2764 ἡμετέρας
3587 2689 3720 2757 βρα-

2171 2814 2187 2844 ι
2230 2796 2455 2863 χύτητοῖ
2487 2792 2563 2861 τῷ
2606 2791 2887 2859 ἁγιωτάτῳ
2938 2788 3149 2857 ἀδελφῷ
3184 2789 3275 2839 καὶ
3324 2781 3717 2851 συλλειτουργῷ

2174 2906 2190 2935 1
2224 2884 2376 2951 ἡμῶν
2432 2881 2747 2950 Βονηφατίῳ
2804 2882 3005 2942 πάντα,
3063 2880 3163 2930 ὅσα
3224 2874 3587 2944 ψηλαφῶμεν,
3637 2874 3718 2931 είς

2174 2990 2191 3021 1
2229 2972 2426 3039 πλῆρες
2459 2971 2749 3039 ἐμφανίσαι
2784 2969 2917 3019 ’ἐὰν
2981 2967 3157 3019 τοίνυν
3208 2966 3369 3016 πᾶσιν
3418 2963 3621 3031 ἀρέσκῃ
3680 2962 3711 3028 ἠ

2174 3081 2191 3111 1
2248 3063 2492 3129 ἡμετέρα
2586 3057 3035 3127 ἐπακολούθησις,
3130 3056 3391 3125 μάθωμεν
3484 3052 3713 3119 στόματι

2172 3169 2190 3201 1
2232 3153 2461 3203 πάντων.
2494 3169 2511 3199 ι

2337 3242 2628 3307 Σύμπασα
2659 3243 2693 3305 ἡ
2726 3240 2985 3302 σύνοδος
3010 3232 3197 3290 εἷπεν
3245 3234 3531 3301 Ἀρέσκειο

2237 3330 2478 3391 Nouato;
2542 3329 2831 3389 ἐπίσκοπος
2872 3367 2889 3391 ,
2924 3323 3292 3392 τοποτηρητὴς
3340 3319 3709 3388 Μαυριτανίας

2168 3418 2510 3485 Σιτιφένσης,
2566 3414 2717 3469 εἶπεν
2761 3436 2779 3467 1
2818 3411 3159 3479 Μεμνήμεθα
3232 3410 3409 3461 τοίνυν
3472 3405 3627 3457 τοῦτο
3651 3405 3712 3455 τὸ

2181 3528 2197 3558 ι
2238 3508 2669 3577 κομμονιτώριον
2699 3506 2827 3574 περὶ
2856 3499 3256 3574 πρεσϐυτέρων,
3313 3498 3390 3549 ἐτι
3444 3496 3548 3564 μὴν
3594 3494 3712 3545 δια-

2173 3615 2191 3647 1
2228 3597 2397 3650 κόνων
2430 3598 2503 3657 ὡς
2571 3597 2864 3663 περιέχειν,
2922 3593 3037 3653 πῶς
3094 3588 3398 3657 ὀφείλουσιν
3454 3585 3557 3637 ἀπὸ
3604 3582 3712 3633 τῶν

2173 3707 2189 3737 1
2230 3689 2374 3739 ἰδίων
2400 3688 2716 3738 ἐπισκόπων
2770 3686 2801 3755 ἢ
2843 3685 2905 3735 ἐκ
2964 3682 3067 3733 τῶν
3137 3677 3475 3746 ὁμορούντων
3517 3673 3712 3725 ἀκοδο-

2173 3795 2189 3826 1
2229 3776 2371 3837 σθαι,
2392 3777 2526 3843 ὅπερ
2545 3777 2600 3826 ἐν
2618 3776 2679 3843 τῇ
2720 3771 2970 3824 Νικαέων
2993 3767 3191 3835 συνόδῳ
3220 3763 3470 3831 οὐδαμῶς
3496 3761 3704 3824 ἀνέγνω

2173 3883 2189 3914 ι
2232 3882 2327 3931 μεν
2360 3880 2371 3892 ·
2405 3865 2483 3915 διὸ
2509 3863 2664 3914 τοῦτο
2692 3862 2818 3913 αὐτὸ
2840 3858 3081 3912 κελεύσει
3109 3858 3140 3926 ἠ
3169 3854 3410 3923 ὑμετέρα
3436 3849 3708 3918 ἀγιωσύνη

2172 3975 2187 4004 1
2228 3952 2652 4019 ἀναγνωσθῆναι.
2687 3969 2705 4001 ι

2234 4041 2495 4109 Αὐρήλιος
2540 4040 2833 4099 ἐπίσκοπος
2856 4032 3008 4089 εἶπεν
3046 4049 3058 4061 '
3101 4053 3119 4085 1
3162 4029 3592 4100 ’Δναγνωσθήτω
3617 4028 3709 4079 ἐπὶ

2176 4149 2193 4179 1
2234 4132 2394 4182 τόπου
2418 4130 2509 4179 καὶ
2542 4127 2693 4179 τοῦτο
2724 4132 2784 4178 τὸ
2809 4126 3155 4194 ζητούμένον.
3199 4141 3217 4175 ι

2531 4216 2749 4282 Δανιὴλ
2804 4216 3075 4281 νοτάριος
3100 4213 3346 4281 ἀνέγνω·

2242 4330 2258 4359 1
2298 4310 2427 4379 "api.
2459 4310 2733 4374 ἐκκλήτων
2775 4309 2829 4359 δέ
2860 4306 3153 4375 κληρικῶν,
3210 4305 3350 4357 τοῦτ’
3427 4306 3559 4379 ἔστι,
3616 4301 3709 4354 τοῦ

521 4413 544 4446 ι
588 4395 806 4447 minoris
833 4393 953 4455 loci,
1003 4403 1146 4446 certa
1176 4402 1258 4446 est
1310 4395 1491 4463 synodi
1520 4396 1794 4462 responsio
1820 4418 1832 4450 ;
1855 4398 1916 4449 de
1964 4413 2062 4464 qua

2172 4417 2189 4447 1
2225 4374 2447 4466 ἥττονος
2473 4398 2658 4459 τόπου,
2686 4397 2786 4463 τῆς
2850 4374 3064 4447 συνόδου
3127 4394 3316 4463 βεϐαία
3367 4374 3512 4446 ἐστὶν
3571 4394 3706 4445 ἀπό-

521 4505 537 4535 1
566 4486 689 4553 quid
708 4484 879 4539 velitis
898 4498 1053 4551 agere
1071 4484 1402 4537 inserendum
1420 4485 1800 4549 existimamu’s,
1817 4489 2064 4555 quoniam

521 4594 537 4623 1
562 4576 636 4628 sic
662 4576 730 4627 die
751 4585 857 4629 tum
887 4582 987 4630 est.
1008 4593 1025 4623 ι

585 4664 741 4731 512
774 4663 932 4716 Osius
970 4663 1251 4729 episcOpus
1294 4664 1425 4715 dixit
1463 4681 1475 4715 :
1529 4684 1543 4713 1
1578 4665 1726 4728 Quod
1762 4680 1844 4717 me
1894 4666 2064 4719 adhuc

520 4769 537 4798 1
572 4760 762 4809 movet,
801 4759 981 4801 tacere
1011 4765 1113 4801 non
1146 4750 1333 4803 debeo.
1362 4750 1417 4802 Si
1449 4752 1569 4814 quis
1608 4752 1741 4805 forte
1773 4754 2062 4807 iracundus

512 4858 535 4889 1
558 4839 837 4906 episcopus
859 4840 1019 4905 (quod
1048 4854 1164 4892 esse
1182 4855 1285 4891 non
1311 4840 1489 4906 debet)
1510 4842 1763 4894 adversus
1785 4845 2060 4911 presbyte-

509 4948 534 4975 4
572 4944 685 4980 rum
712 4928 791 4980 vel
823 4928 1101 4980 diaconum
1129 4944 1279 4980 suum
1309 4930 1414 4981 cito
1440 4930 1520 4982 vel
1552 4931 1707 4983 etiam
1736 4947 1920 4998 aspere
1949 4946 2060 4985 mo-

518 5038 533 5066 1
572 5030 676 5079 tus,
696 5033 814 5071 eum
842 5033 867 5068 a
897 5017 1105 5086 propria
1122 5018 1343 5071 ecclesia
1371 5034 1649 5087 segregare
1663 5020 1908 5082 voluerit,
1934 5037 2058 5089 pro-

517 5126 533 5155 1
572 5106 849 5160 videndum
874 5116 974 5169 est,
1006 5121 1069 5158 ne
1092 5107 1207 5159 sine
1232 5122 1388 5161 causa
1413 5110 1816 5171 condemnetur,
1842 5111 1919 5162 vel
1940 5125 2059 5178 per-

517 5215 536 5245 1
568 5196 1100 5248 datcommunionem
1139 5214 1151 5247 :
1184 5197 1372 5249 habeat
1399 5213 1524 5264 ergo
1568 5208 1884 5265 potestatem
1944 5200 2053 5267 eje-

517 5307 534 5337 1
565 5296 681 5340 etus
725 5286 976 5340 ﬁnitimos
1018 5288 1324 5347 accedendi,
1358 5295 1411 5339 ut
1443 5302 1599 5339 causa
1655 5288 1769 5355 ejus
1809 5291 2054 5342 audiatur

512 5399 530 5427 1
579 5386 631 5429 et
661 5377 963 5442 diligentius
985 5385 1262 5429 tractetur.
1286 5375 1343 5428 Ei
1372 5377 1511 5428 enim
1546 5378 1750 5443 roganti
1778 5377 2047 5429 audientis

516 5485 533 5511 ι
574 5480 677 5518 ιιοιι
711 5475 789 5518 est
817 5467 1125 5535 deneganda
1167 5486 1178 5519 :
1235 5467 1359 5534 quin
1417 5476 1466 5519 et
1504 5467 1588 5520 ille
1623 5470 1927 5535 episcopus,
1959 5470 2047 5536 qui

516 5575 537 5604 ι
563 5571 701 5621 cum,
735 5558 845 5609 sive
871 5557 990 5623 jure
1013 5557 1122 5611 sive
1141 5557 1353 5625 injuria,
1377 5556 1554 5622 ejecit,
1576 5573 1686 5612 rem
1734 5559 1925 5614 discuti
1953 5576 2048 5629 pa-

2174 4508 2190 4537 1
2227 4504 2404 4555 κρισις
2434 4504 2447 4517 ·
2480 4488 2605 4556 περὶ
2630 4484 2694 4558 ἧς
2726 4488 2777 4539 τί
2811 4488 3030 4555 μέλλετε
3080 4486 3335 4553 πράττειν
3376 4484 3703 4552 ἡγησάμεθα

2168 4596 2185 4627 1
2224 4577 2454 4643 ὀφείλειν
2484 4580 2755 4646 ἐναγῆναι,
2833 4576 3016 4644 ἐπειδὴ
3056 4576 3227 4636 οὕτως
3275 4575 3539 4627 λέλεκται.
3572 4592 3588 4625 ι

2239 4670 2423 4729 Ὀσιος
2446 4668 2738 4729 ἐπίσκοπος
2770 4662 2891 4719 εἶπε
2912 4685 2925 4697 ·
2948 4686 2964 4717 ι
2988 4667 3061 4718 Τὸ
3088 4666 3164 4718 ἔτι
3202 4667 3379 4718 κινοῦν
3404 4684 3467 4733 με
3497 4666 3705 4731 σιωπῆ-

2167 4774 2184 4807 1
2234 4774 2319 4809 σαι
2347 4758 2447 4809 οὐκ
2476 4757 2693 4824 ὀφείλω.
2732 4758 2855 4808 Ἐάν
2883 4775 2964 4819 τις
2997 4758 3159 4824 τυχὸν
3236 4758 3527 4816 ἐπίσκοπος
3551 4755 3699 4823 ὀργίο

2167 4866 2185 4898 1
2220 4848 2330 4910 λος,
2375 4848 2511 4917 ὅπερ
2568 4847 2665 4898 οὐκ
2722 4846 2944 4912 ὀφείλει,
2972 4849 3176 4914 ταχέως
3230 4847 3263 4914 ἢ
3325 4847 3414 4897 καὶ
3459 4848 3704 4913 τραχέως

2167 4955 2183 4986 ι
2223 4936 2463 5004 κινηθεὶς
2522 4937 2658 4987 κατὰ
2709 4937 3079 5005 πρεσϐυτέρου
3156 4936 3187 5005 ἢ
3244 4936 3485 4989 διακόνου
3545 4938 3697 5001 ίδίου,

2168 5047 2184 5076 1
2224 5028 2487 5094 ἀφορίσαι
2532 5025 2717 5076 τοῦτον
2766 5027 2861 5091 τῆς
2914 5026 3042 5086 ιδίας
3096 5026 3309 5093 θελήσοι
3383 5028 3695 5095 ἐκκλησίας,

2166 5135 2183 5165 1
2222 5117 2546 5183 προνοητέον
2586 5117 2750 5175 ἐστὶν,
2810 5116 2896 5167 ἴνα
2932 5118 3004 5185 μὴ
3058 5117 3311 5178 ἀναιτίως
3360 5117 3689 5185 κατακριθῇ,

2164 5224 2181 5254 1
2230 5206 2261 5272 ἢ
2295 5204 2530 5273 ἀπολέσῃ
2555 5204 2650 5270 τὴν
2674 5206 2958 5257 κοινωνίαν
2994 5222 3007 5235 ·
3061 5207 3229 5275 ἐχέτω
3298 5202 3389 5258 οὖν
3450 5204 3697 5265 ἐξουσίαν

2164 5314 2179 5343 ι
2219 5293 2501 5362 ἐκϐληθεὶς
2531 5296 2845 5363 προσελθεῖν
2876 5299 2985 5359 τοίς
3020 5299 3262 5365 ὁμόροις,
3312 5296 3447 5347 ὥστε
3524 5297 3691 5347 ἀκου-

2163 5400 2180 5431 «
2222 5381 2410 5449 σθῆναι
2452 5382 2549 5450 τὴν
2609 5384 2784 5435 αἰτίαν
2860 5386 3046 5447 αὐτοῦ,
3113 5387 3203 5439 καὶ
3263 5385 3683 5453 ἐπιμελέστερον

2160 5490 2181 5521 '1
2218 5470 2753 5539 ψηλαφηθῆναι.οὐκ
2801 5474 3001 5539 ὀφείλει
3060 5475 3167 5542 γὰρ
3246 5472 3391 5541 αὐτῷ
3441 5489 3693 5540 παρακα-

2165 5578 2181 5611 ι
2219 5560 2392 5611 λοῦντι
2426 5560 2644 5629 ὑπακοὴ
2675 5562 2969 5629 ἀρνηθῆναι
3008 5579 3019 5593 ·
3054 5566 3296 5625 κάκεῖνος
3326 5564 3379 5615 δὲ
3413 5565 3439 5613 ὁ
3478 5563 3698 5611 ἐπεσκο-
