4018 6306
529 253 592 309 19
1748 273 2023 334 manu.
2068 274 2459 334 BALSAMON
3619 252 3703 313 ²⁰

522 379 539 407 ε
583 363 698 416 bilis
715 365 957 421 Ecclesia:
979 372 1228 431 Romana
1242 379 1520 446 cpiscopus
1542 381 1863 444 Bonifacius,
1885 392 1937 435 nt
1956 384 2057 451 ipsc

2174 401 2192 433 ι
2232 381 2478 449 οὐδαμῶς
2498 381 2728 449 εὕρομεν
2753 376 2943 429 ταῦτα.
2974 373 3159 438 Ὅμως
3188 370 3331 451 and;
3363 365 3495 451 πρὸς
3516 361 3700 451 όλίγον

517 466 537 498 ι
566 465 773 541 quoque
808 457 1051 524 dignetur
1091 466 1156 517 ad
1186 478 1501 521 memoratas
1558 470 1819 523 Ecclesias
1869 447 2057 541 aliquo,

2178 488 2196 519 ί
2236 447 2576 533 φυλάξοντας,
2604 467 2676 523 ὼς
2711 464 2985 531 προεῖπον,
3020 460 3123 518 ἕως
3167 450 3225 507 οὗ
3255 454 3321 506 τά
3368 448 3552 541 ἐντελῆ
3574 447 3710 541 μίσει

519 554 537 584 ⁸
568 537 798 625 illinere.
830 545 916 609 qui
947 549 1127 599 eadem
1160 552 1499 625 exemplaria,
1547 555 1691 621 iuxta
1728 556 1814 606 illa
1846 537 1967 622 qure
2001 537 2067 609 ab

516 625 532 653 ⁸
566 622 678 690 ipso
701 629 894 696 scripta
919 644 1060 695 sunt,
1087 637 1327 691 afferant.
1354 622 1497 693 Nunc
1525 653 1699 694 atttetn
1725 643 1875 694 dicta:
1906 644 2072 695 Niem-

516 727 536 759 s
572 728 650 764 me
670 720 999 787 synodi,quze
1020 724 1286 793 habemus,
1304 731 1625 797 exemplaria
1649 732 1780 785 actis
1808 732 1922 785 istis
1945 748 2071 785 con-

515 815 537 846 s
571 799 869 867 jungemus.
931 827 948 857 ι

2178 577 2195 609 ι
2238 559 2477 619 ἔλθωσιν,
2552 552 2935 622 ὁμολογοῦμεν.
3015 546 3325 613 Ὀφείλομεν
3378 540 3431 592 δὲ
3485 535 3709 600 αἰτῆσαι.

2177 666 2195 697 ι
2242 647 2530 713 γράμμασι
2559 642 2845 710 ἡμετέροις
2874 640 2965 688 καὶ
2990 637 3081 687 τὸν
3131 629 3567 699 σεϐασμιώτατον
3600 624 3706 713 τῆς

2175 753 2193 784 ι
2242 710 2556 799 ’ἐκκλησίας
2600 729 2815 797 Ῥώμης
2840 727 3135 778 ἐπίσκοπον
3200 717 3550 786 Βονηφάτιον.
3609 710 3709 760 ἵνα

2177 840 2195 871 ι
2236 823 2327 873 καὶ
2353 820 2507 880 αὐτὸς
2547 818 2742 886 ὁμοίως
2769 813 3081 883 καταξιὼσῃ
3137 810 3269 878 πρὸς
3328 806 3425 865 τάς
3494 813 3713 869 μνημο-

521 909 537 939 ⁴
574 894 846 957 νευθεὶσας
890 893 1216 971 Ἐκκλησίας
1242 910 1445 961 στεῖλαί
1494 928 1664 972 τινας.
1748 910 2057 977 ὀφείλοντας
2123 915 2187 965 τὰ
2248 914 2383 965 αὑτά
2415 914 2503 963 ίσα
2532 911 2670 961 κατά
2702 909 2769 958 τά
2804 908 2933 974 παρ’
2995 901 3157 955 αὑτοῦ
3226 897 3504 966 γραφέντα
3567 891 3711 953 ἀγα·

518 1002 534 1031 ι
576 988 708 1046 γεῖν.
743 986 854 1037 Νῦν
881 989 934 1040 δὲ
966 992 1060 1059 τῆς
1093 997 1551 1065 μνημονευθείσης
1573 1000 1628 1050 ἐν
1664 1000 1869 1068 Νικαίιτ⁵
1923 1000 2158 1061 συνόδου,
2232 999 2373 1058 ἀπερ
2435 997 2646 1065 ἔχομεν,
2716 996 2806 1045 ῐσα
2866 992 2976 1053 τοῖς
3039 985 3439 1054 πεπραγμένοις
3494 979 3713 1038 τούτοις

519 1093 535 1121 ι
572 1076 915 1145 συζεύξομεν.
956 1100 972 1132 ι

588 1160 909 1230 Faustinus,
964 1168 1217 1225 Ecclesia:
1283 1174 1527 1229 Romana:
1604 1180 1843 1245 legatus,
1906 1180 2072 1232 dixit:

516 1277 532 1307 ι
565 1256 744 1309 Vestra
772 1258 1022 1310 sanctitas
1045 1260 1239 1311 nullum
1261 1260 1509 1315 Romamn
1533 1262 1775 1317 Ecclesia:
1796 1266 1916 1318 facit
1940 1281 2074 1331 prae-

518 1365 533 1394 ι
578 1345 855 1411 judicium,
891 1348 1002 1399 sive
1057 1349 1122 1400 de
1169 1351 1266 1402 boc
1325 1352 1578 1418 capitulo,
1629 1353 1740 1404 sive
1784 1356 1845 1405 de
1902 1355 2017 1405 aliis
2055 1365 2067 1400 :

517 1450 535 1479 ι
572 1433 1001 1497 quandoquidem
1036 1437 1239 1486 censuit
1278 1436 1438 1489 frater
1463 1450 1647 1491 noster
1689 1449 1739 1492 et
1784 1440 2066 1491 commini'

518 1538 533 1567 ι
570 1528 679 1571 ster
698 1521 915 1588 Alypius
939 1522 1128 1575 dubios
1145 1540 1259 1577 esse
1282 1541 1531 1579 canones.
1556 1527 1657 1579 Sed
1690 1528 1801 1580 haec
1830 1530 2058 1581 sanctis-

517 1627 535 1657 ι
576 1609 710 1659 simo
739 1614 795 1661 et
825 1610 1136 1666 beatissimo
1162 1631 1308 1682 papae
1337 1625 1514 1669 nostro
1537 1618 1769 1669 scribere
1792 1616 2056 1684 dignemi—

517 1712 532 1743 ι
578 1696 650 1757 ni,
682 1699 852 1761 utsic,
877 1715 995 1752 cum
1022 1712 1193 1755 vestra
1226 1705 1505 1755 sanctitate
1558 1707 1785 1769 integros
1820 1717 2052 1755 canones

517 1800 534 1831 ι
567 1787 903 1852 conquirens,
939 1789 1020 1855 ide
1063 1791 1312 1843 omnibus
1343 1792 1567 1843 decretis
1620 1801 1827 1845 tractet.
1858 1788 2060 1842 Sufficit

517 1889 535 1920 ι
572 1876 709 1925 enim
753 1882 827 1937 ut,
887 1881 1330 1943 quemadmodqu
1356 1888 1529 1930 vestra
1560 1881 1813 1931 sanctitas
1844 1877 1976 1943 apud
1998 1890 2055 1928 se

517 1976 535 2006 ο
580 1972 791 2023 tractat.
840 1967 913 2019 sic
942 1976 994 2019 et
1018 1968 1127 2033 ipse
1160 1982 1252 2033 per
1284 1969 1514 2033 seipsum
1543 1969 1845 2034 conquirat,
1882 1982 1945 2017 ne
1979 1966 2059 2017 in-

517 2071 534 2100 ο
560 2063 637 2103 ter
670 2053 932 2108 Ecclesias
955 2057 1127 2124 aliqua
1150 2059 1416 2109 contentio
1443 2056 1713 2109 exoriatur
1740 2072 1755 2118 ;
1781 2054 1869 2107 sed
1891 2056 2063 2119 potius

520 2157 537 2188 ι
570 2140 799 2193 fraterna
832 2144 1108 2197 dilectione
1139 2130 1447 2209 consulatis,
1474 2159 1537 2198 eo
1561 2145 1904 2206 rescribente,
1937 2142 2061 2210 quid

520 2244 537 2274 ι
573 2230 755 2281 melius
787 2233 1060 2284 observari
1095 2233 1266 2286 debet.
1302 2252 1319 2282 ι

2245 1176 2530 1224 Φαυστϊνος
2559 1166 2925 1236 τοποτηρητὴς
2957 1166 3052 1233 τῆς
3089 1162 3301 1229 Ῥώμης
3352 1154 3469 1209 εἶπε
3502 1172 3516 1187 ·
3554 1173 3572 1205 ι
3612 1153 3721 1205 Οὑ-

2182 1284 2197 1313 ι
2245 1262 2330 1313 δὲν
2368 1262 2398 1327 ἡ
2433 1259 2671 1327 ὑμετέρα
2698 1253 2972 1321 ἀγιωσύνη
2993 1255 3273 1321 πρόκριμα
3305 1248 3447 1298 ποιεί
3475 1247 3538 1311 τῇ
3585 1244 3719 1293 Ἑκο

2179 1371 2196 1402 ι
2235 1350 2436 1418 κλησίᾳ
2482 1347 2717 1415 Ῥώμης.
2753 1347 2857 1397 εἴτε
2894 1344 3021 1410 περὶ
3047 1341 3231 1392 τούτου
3264 1337 3355 1389 τοῦ
3388 1332 3715 1400 κεφαλαίου,

2173 1459 2190 1489 ι
2228 1441 2331 1491 εἴτε
2360 1439 2485 1505 περὶ
2514 1438 2683 1490 ἀλλων
2712 1453 2725 1466 ·
2764 1434 2947 1500 ἐπειδὴ
2979 1433 3207 1497 ἠξίωσεν
3266 1429 3292 1478 6
3345 1424 3572 1491 ἀδελφὸς
3617 1421 3719 1473 καὶ

2172 1546 2188 1575 ι
2231 1526 2633 1594 συλλειτουργδς
2664 1524 2817 1593 ἡμῶν
2893 1521 3141 1581 Ἀλόπιος
3187 1515 3515 1583 ἀμφιϐόλους
3572 1506 3717 1563 εἶναι.

2166 1633 2183 1663 ι
2230 1618 2355 1676 τοὺς
2395 1615 2645 1675 κανόνας.
2697 1614 2855 1665 Ἀλλά
2881 1610 3067 1663 ταῦτα.
3088 1609 3221 1677 πρὸς
3269 1606 3357 1657 τὸν
3409 1602 3720 1669 ἁγιώτατον

2163 1722 2180 1753 ι
2227 1703 2322 1755 καὶ
2379 1702 2789 1771 μακαριώτατον
2854 1702 3080 1753 πάππαν
3137 1697 3289 1763 ἡμῶν
3329 1692 3533 1761 γράψαι
3583 1707 3720 1742 κατ-

2166 1808 2182 1837 ι
2230 1788 2521 1853 αξιώσατε,
2556 1788 2641 1839 ἵνα
2665 1790 2754 1839 καὶ
2780 1788 2947 1846 οὕτως
2977 1785 3299 1852 ὁλοκλήρους
3325 1783 3446 1843 τοὺς
3475 1779 3709 1839 κανόνας

2164 1896 2180 1925 ‹
2221 1876 2466 1943 συζητῶν
2530 1876 2668 1943 μετὰ
2734 1876 2830 1943 τῆς
2889 1874 3158 1941 ὑμετέρας
3222 1870 3529 1936 ἁγιωσύνης
3582 1868 3714 1933 περὶ

2171 1985 2187 2015 ι
2221 1966 2437 2017 πάντων
2468 1964 2573 2016 τῶν
2612 1964 2935 2032 ὁρισθέντων
2961 1962 3287 2031 τρακταῖσῃ.
3355 1958 3539 2025 ’Δρκεϊ
3603 1954 3716 2022 γὰρ

2173 2076 2189 2105 ι
2227 2058 2313 2107 ἵνα
2347 2054 2528 2117 καθὼς
2554 2055 2792 2123 ὑμετέρα
2849 2052 3123 2119 ἀγιωσὺνη
3181 2051 3307 2116 παρ’
3361 2049 3525 2113 ἑαυτῇ
3583 2061 3720 2111 τρα-

2177 2165 2193 2193 ι
2229 2147 2463 2207 κταῖζει,
2498 2146 2638 2197 οὔτω
2668 2147 2761 2197 καὶ
2786 2146 2943 2205 αὐτὸς
2987 2142 3107 2195 καθ’
3157 2140 3345 2194 ἑαυτὸν
3406 2137 3708 2204 συζητήσῃ.

2176 2252 2193 2283 ί
2232 2236 2304 2301 μή
2337 2251 2452 2295 πως
2511 2234 2804 2300 φιλονεικία
2856 2230 3053 2299 μεταξὺ
3097 2232 3204 2283 τῶν
3244 2227 3576 2295 Ἐκκλησιῶν
3622 2241 3710 2292 τις

516 2333 537 2367 ε
580 2317 829 2387 ἀναφυῇ·
887 2320 1020 2372 ἀλλά
1104 2322 1301 2389 μᾶλλον
1366 2322 1625 2392 ἀδελφικῇ
1687 2322 1874 2390 ἀγάπῃ
1936 2319 2342 2389 βουλεύσασθαι,
2418 2324 2839 2392 ἀντιγράφοντος
2908 2320 3094 2381 αὐτοῦ,
3158 2320 3211 2371 τί
3266 2320 3468 2387 ὀφείλει
3530 2331 3719 2385 κρειτ-

517 2426 537 2457 ι
570 2410 729 2471 τόνως
765 2410 1116 2479 φυλαχθῆναι.
1161 2431 1178 2461 ι

889 2507 1130 2561 Aurelius
1151 2508 1413 2574 episcopus
1440 2510 1569 2562 disi!
1584 2524 1603 2561 .'

586 2610 605 2644 ι
644 2592 842 2647 Praeter
888 2609 973 2657 ea,
997 2611 1113 2663 qua!
1144 2597 1194 2649 in
1227 2598 1360 2650 actis
1399 2598 1789 2664 proposuimus,
1838 2609 2058 2650 necesse

516 2695 543 2731 s
577 2690 676 2742 est,
706 2690 761 2733 ut
795 2682 986 2735 litteris
1008 2700 1214 2750 quoque
1242 2698 1437 2739 nostra:
1465 2686 1741 2752 parvitatis
1774 2684 2055 2738 sanctissi-

520 2786 539 2816 ι
574 2782 659 2820 mo
686 2770 832 2822 fratri
867 2781 1047 2824 nostro
1091 2785 1142 2824 et
1171 2789 1441 2826 sacrorum
1482 2774 1846 2827 comministro
1896 2773 2056 2824 Boni-

517 2875 537 2906 s
573 2855 708 2911 facio
739 2862 936 2922 omnia,
960 2876 1073 2928 qua:
1100 2872 1403 2924 tractamus,
1439 2862 1740 2927 plenissime
1761 2863 2061 2929 significen-

520 2962 534 2991 ι
569 2954 675 2999 tur.
702 2948 917 3016 Auergo
944 2961 1120 3002 nostra
1150 2950 1391 3003 omnibus
1414 2950 1619 3017 placeat
1659 2951 2057 3019 consequentia,

515 3053 537 3084 s
572 3050 635 3089 es
694 3051 787 3090 ore
843 3042 1076 3091 omniurn
1141 3040 1429 3095 discamus.
1494 3060 1511 3091 ι

816 3209 1065 3265 Universa
1098 3213 1321 3280 synodus
1353 3214 1503 3271 dixit.
1526 3214 1721 3268 Placet.

587 3296 816 3356 Novatus
866 3302 1173 3369 episcopus,
1230 3302 1554 3355 Mauritaniae
1603 3302 1863 3357 Sitifensis
1920 3304 2061 3373 lega-

512 3394 807 3454 tus.dixit:
850 3412 867 3443 ι
915 3394 1245 3446 Meminimus
1302 3395 1542 3460 equidem
1581 3394 1678 3446 hoc
1710 3396 2061 3447 commonito-

518 3507 534 3536 ι
579 3487 713 3537 rium
752 3486 816 3535 de
841 3484 1185 3552 presbyteris,
1224 3492 1275 3534 et
1301 3492 1554 3548 praeterea
1586 3484 1649 3535 de
1680 3484 1914 3537 diaconis
1960 3483 1989 3535 fu
2014 3500 2064 3536 r--

520 3592 541 3622 ι
580 3572 976 3631 mocontiuere,
1006 3571 1230 3637 qualiter
1260 3572 1485 3622 debeant
1525 3586 1553 3622 a
1596 3571 1822 3636 propriis
1853 3571 2061 3638 episco-

518 3678 537 3711 s
582 3661 679 3723 pis,
704 3659 784 3711 vel
811 3659 876 3710 ab
911 3659 972 3710 iis
1004 3659 1091 3722 qui
1150 3668 1271 3718 sunt
1305 3657 1533 3717 finitimi,
1577 3659 1780 3720 audiri;
1826 3661 1961 3724 quod
2011 3661 2061 3711 in

516 3762 534 3793 ι
574 3743 780 3797 Nicaena
812 3746 1013 3811 synodo
1055 3760 1383 3810 nequaquam
1416 3744 1655 3811 legimus.
1689 3745 1969 3812 Propterea
2014 3748 2060 3798 id

517 3851 535 3883 ι
566 3835 768 3901 jubebit
802 3844 975 3886 vestra
1008 3833 1261 3886 sanctitas
1287 3835 1403 3901 legi.
1439 3853 1454 3883 ι

580 4012 819 4064 Aurelius
839 4012 1113 4077 episcopus
1140 4012 1296 4063 dixit:
1319 4030 1336 4061 ι
1360 4012 1547 4064 Coram
1575 4013 1773 4081 legatur
1802 4017 1899 4069 hoc
1932 4031 2063 4085 quo-

520 4120 541 4153 ι
582 4115 683 4168 que
712 4102 852 4168 quod
882 4101 1155 4167 quaeritur.
1207 4118 1224 4150 ι

973 4189 1155 4241 Daniel
1178 4191 1409 4242 notarius
1433 4191 1549 4259 legit
1571 4208 1584 4243 :

596 4294 615 4329 ι
658 4277 728 4331 De
754 4278 1194 4346 appellationibus
1223 4289 1398 4331 autem
1441 4280 1780 4343 clericorum,
1818 4283 1917 4337 hoc
1949 4293 2051 4348 est,

515 4387 537 4420 s
582 4369 800 4420 minoris
827 4368 946 4428 loci,
997 4377 1139 4421 certa
1170 4376 1252 4421 est
1304 4370 1485 4437 synodi
1515 4372 1910 4436 responsio:de
1958 4388 2057 4440 qua

515 4478 531 4509 ι
560 4460 683 4526 quid
701 4458 874 4513 Velitis
894 4472 1047 4525 agere
1064 4459 1396 4511 inserendum
1413 4460 1794 4523 existimamus,
1811 4464 2058 4530 quoniam

515 4567 531 4597 ι
556 4550 630 4602 sic
655 4550 723 4601 die
745 4559 851 4603 tum
880 4558 981 4604 est.
1002 4568 1019 4598 ι

579 4638 734 4705 512
767 4637 925 4690 Osius
963 4637 1244 4704 episcopus
1288 4639 1419 4690 dixit
1457 4656 1469 4689 :
1522 4658 1537 4688 ι
1571 4640 1720 4703 Quod
1756 4655 1838 4693 me
1888 4642 2058 4695 adhuc

514 4743 529 4773 ι
565 4735 755 4784 movet,
794 4733 973 4776 tacere
1004 4739 1106 4775 non
1141 4724 1327 4777 debeo.
1356 4725 1410 4777 Si
1443 4727 1563 4789 quis
1602 4726 1735 4780 forte
1767 4729 2056 4783 iracundus

504 4832 529 4863 τ
551 4813 830 4881 episcopus
852 4815 1011 4879 (quod
1040 4828 1157 4866 esse
1176 4830 1279 4865 non
1304 4814 1483 4881 debet)
1504 4817 1756 4869 adversus
1774 4820 2053 4888 presbyte-

499 4923 527 4949 Α
565 4918 678 4955 rum
706 4903 783 4954 vel
816 4903 1094 4954 diaconum
1122 4919 1273 4955 suum
1302 4906 1407 4956 cito
1433 4905 1513 4957 vel
1545 4905 1701 4958 etiam
1729 4922 1914 4973 aspere
1944 4923 2053 4961 rno-

511 5012 526 5040 ι
566 5004 669 5053 tus,
689 5007 807 5045 eum
835 5008 860 5043 a
889 4992 1097 5059 propria
1116 4992 1336 5046 ecclesia
1365 5009 1643 5062 segregare
1657 4996 1901 5058 voluerit,
1928 5013 2051 5064 pro-

510 5100 526 5129 s
564 5080 842 5133 videndum
867 5090 966 5143 est,
999 5095 1063 5132 ne
1085 5082 1200 5134 sine
1225 5097 1382 5135 causa
1406 5085 1809 5147 condemnetur,
1834 5086 1911 5138 vel
1933 5101 2052 5154 per-

509 5189 529 5220 ι
561 5170 1093 5222 dateommunionem
1132 5189 1144 5222 :
1178 5172 1365 5224 habeat
1392 5189 1517 5239 ergo
1562 5184 1877 5241 potestatem
1938 5176 2046 5243 eje-

509 5280 528 5310 s
558 5270 674 5314 ctus
718 5260 969 5314 finitimos
1011 5263 1316 5322 accedendi,
1351 5270 1404 5313 ut
1436 5278 1591 5315 causa
1648 5264 1761 5330 ejus
1802 5266 2047 5318 audiatur

504 5372 523 5401 ι
572 5360 623 5403 et
654 5351 956 5416 diligentius
978 5360 1256 5404 tractetur.
1280 5351 1335 5403 Ei
1364 5352 1504 5403 enim
1539 5354 1743 5418 roganti
1770 5353 2040 5405 audientis

508 5459 525 5485 ι
567 5454 669 5493 ιιοιι
703 5450 782 5493 est
810 5442 1118 5510 deneganda
1160 5460 1171 5494 :
1228 5442 1351 5509 quin
1410 5452 1459 5495 et
1496 5442 1581 5495 ille
1616 5445 1920 5511 episcopus,
1952 5447 2039 5512 qui

510 5549 530 5578 ι
556 5545 693 5595 cum,
727 5532 838 5584 sive
863 5531 982 5599 jure
1006 5532 1345 5600 siveinjuria,
1369 5531 1546 5598 eiecit,
1568 5548 1679 5588 rem
1726 5535 1918 5590 discuti
1946 5552 2041 5605 pa-

2083 4213 2134 4270 D

2507 2500 2802 2566 Αὐρήλιος
2829 2499 3161 2563 ἐπίσκοπος
3193 2492 3345 2548 εἶπεο

2236 2612 2252 2641 ι
2307 2591 2490 2651 Ἐκτδς
2524 2583 2597 2642 ὧν
2626 2589 3047 2657 προτεθείκαμεν
3074 2589 3129 2639 ὲν
3158 2587 3266 2646 τοῖς
3285 2583 3711 2651 πεπραγμένοις,

2164 2700 2181 2731 ι
2220 2682 2430 2747 ἀνάγκη
2457 2680 2574 2731 ἐστὶ
2629 2680 2720 2730 καὶ
2751 2678 3037 2746 γράμμασι
3100 2676 3200 2744 τῆς
3246 2673 3521 2742 ἡμετέρας
3584 2666 3715 2735 βραο

2167 2791 2183 2821 ι
2226 2773 2451 2839 xii-mro:
2483 2769 2559 2838 τῷ
2601 2768 2883 2836 ἁγιωτάτῳ
2935 2766 3144 2834 ἀδελφῷ
3180 2766 3272 2817 καὶ
3320 2759 3711 2829 συλλειτουργῷ

2170 2861 2372 2929 «ἡμῶν
2428 2858 2743 2927 Βονηφατίῳ
2800 2859 3000 2919 πάντα,
3059 2857 3159 2908 ὅσα
3220 2852 3583 2921 ψηλαφῶμεν,
3632 2852 3712 2910 είς

2170 2967 2187 2997 ι
2225 2948 2421 3015 πλῆρες
2454 2948 2744 3015 ἐμφανίσαι
2780 2961 2792 2975 ·
2818 2946 2913 2996 ἐὰν
2977 2944 3153 2997 τοίνυν
3203 2944 3365 2994 πᾶσιν
3414 2941 3617 3009 ἀρέσκῃ
3675 2941 3707 3006 ἡ

2170 3039 2487 3105 «ἡμετέρα
2581 3034 3031 3104 ὲπακολούθησις,
3126 3033 3386 3102 μάθωμεν
3480 3030 3707 3097 στόματι

2167 3145 2185 3177 ι
2228 3129 2457 3180 πάντων.
2490 3146 2507 3176 ι

2332 3219 2625 3283 Σύμπασα
2654 3220 2689 3282 ἡ
2722 3217 2980 3279 σύνοδος
3006 3210 3192 3267 εἶπεν
3240 3213 3527 3279 Ἀρέσκεν

2232 3306 2473 3369 Nouato;
2537 3306 2827 3366 ἐπίσκοπος
2868 3344 2884 3369 ,
2919 3301 3287 3369 τοποτηρητὴς
3336 3297 3704 3366 Μαυριτανίας

2163 3394 2505 3461 Σιτιφένσης,
2562 3392 2711 3445 εἷπε·
2756 3413 2774 3445 ι
2813 3389 3154 3457 Μεμνήμεθα
3226 3387 3405 3438 τοίνυν
3467 3382 3623 3435 τοῦτο
3646 3382 3706 3432 τὸ

2176 3504 2192 3534 ι
2233 3484 2664 3555 κομμονιτὼριον
2694 3484 2823 3551 περ)⁸
2851 3477 3251 3552 πρεσϐυτέρων,
3308 3476 3386 3527 ἔτι
3439 3474 3543 3543 μὴν
3590 3472 3706 3523 δια-

2167 3592 2186 3624 t
2223 3574 2391 3626 κόνων
2425 3575 2498 3635 ὡς
2566 3574 2859 3641 περιέχειν,
2917 3571 3032 3631 πῶς
3089 3567 3393 3634 ὀφείλουσιν
3449 3563 3553 3616 ἀπὸ
3599 3560 3706 3611 τῶν

2167 3683 2183 3713 ι
2225 3665 2369 3716 ἰδίων
2394 3665 2711 3715 ἐπισκόπων
2764 3663 2796 3732 ἢ
2837 3662 2901 3712 ἐκ
2959 3660 3062 3711 τῶν
3131 3656 3470 3724 ὁμορούντων
3513 3652 3706 3703 ἀκοὰε-

2168 3771 2184 3801 ι
2223 3753 2365 3815 σθαι,
2387 3754 2521 3821 ὅπερ
2540 3755 2595 3803 ὲν
2613 3753 2674 3820 τῇ
2715 3750 2966 3801 Νικαέων
2988 3746 3186 3814 συνόδῳ
3214 3741 3465 3810 οὐδαμῶς
3491 3739 3698 3802 ἀνέγνω

2167 3859 2184 3890 ι
2226 3858 2322 3908 μεν
2355 3857 2367 3869 '
2400 3842 2479 3892 διὸ
2504 3841 2658 3891 τοῦτο
2687 3839 2814 3889 αὐτὸ
2834 3836 3076 3889 κελεύσει
3103 3836 3135 3905 ἡ
3164 3832 3405 3901 ὑμετέρα
3431 3827 3702 3897 ἀγιωσύνη

2166 3950 2181 3980 ι
2222 3928 2646 3996 ἀναγνωσθῆναι.
2682 3946 2699 3978 ι

2228 4018 2489 4085 Αὐρήλιος
2535 4017 2827 4076 ἐπίσκοπος
2851 4010 3003 4066 εἶπεν
3040 4027 3053 4040 '
3096 4031 3114 4064 ι
3156 4007 3585 4077 ’Δναγνωσθήτω
3611 4006 3701 4057 ἐπὶ

2171 4126 2188 4155 ι
2228 4109 2388 4159 τόπου
2414 4108 2503 4156 καὶ
2536 4105 2688 4155 τοῦτο
2719 4110 2779 4155 τὸ
2803 4100 3150 4173 ζητούμενον.
3194 4119 3212 4152 ι

2525 4192 2743 4259 Δανιὴλ
2798 4194 3069 4259 νοτάριος
3094 4191 3340 4257 ἀνέγνω·

2237 4307 2252 4335 ι
2292 4286 2422 4355 Περὶ
2454 4287 2726 4350 ἐκκλήτων
2769 4286 2823 4336 δὲ
2855 4284 3148 4353 κληρικιῖιν,
3204 4283 3344 4335 τοῦτ’
3421 4284 3553 4357 ἔστι,
3609 4278 3701 4331 τοῦ

2154 4394 2183 4423 ει
2220 4376 2441 4443 ἥττονος
2468 4375 2652 4436 τόπου,
2681 4374 2781 4441 τῆς
2844 4373 3058 4425 συνόδου
3121 4371 3310 4440 βεϐαία
3361 4374 3505 4423 ἐστὶν
3565 4372 3699 4423 ἀπό-

2168 4483 2185 4512 ι
2222 4481 2399 4530 κρισις
2429 4480 2442 4494 ·
2474 4465 2599 4532 περὶ
2624 4460 2688 4535 ἧς
2720 4465 2771 4515 τί
2805 4465 3025 4532 μέλλετε
3074 4464 3329 4531 πράττειν
3370 4461 3696 4530 ἡγησάμεθα

2162 4572 2179 4603 ι
2218 4553 2448 4619 ὀφείλειν
2478 4556 2749 4622 ὲναγῆναι,
2827 4553 3009 4621 ἐπειδὴ
3049 4552 3221 4613 οὕτως
3268 4552 3533 4605 λέλεκται.
3566 4570 3581 4602 ι

2233 4646 2417 4705 Ὀσιος
2440 4645 2731 4706 ἐπίσκοπος
2764 4639 2884 4696 εἶπε
2906 4661 2918 4674 ·
2942 4664 2958 4694 ι
2981 4643 3055 4696 Τὸ
3082 4644 3157 4695 ἔτι
3195 4644 3373 4695 κινοῦν
3398 4661 3460 4711 με
3490 4644 3697 4709 σιωπῆς-

2161 4751 2178 4783 ι
2228 4750 2312 4785 σαι
2341 4734 2441 4785 οὐκ
2470 4733 2687 4801 ὀφείλω.
2727 4734 2849 4785 Ἐάν
2877 4752 2957 4796 τις
2990 4734 3152 4801 τυχὸν
3229 4734 3521 4793 ἐπίσκοπος
3544 4733 3693 4801 ὀργί-

2162 4842 2178 4874 ι
2214 4824 2324 4886 λος,
2369 4825 2504 4894 ὅπερ
2562 4824 2659 4875 οὐκ
2716 4823 2937 4889 ὀφείλει,
2966 4826 3170 4891 ταχέως
3224 4824 3256 4891 ἢ
3318 4824 3407 4874 καὶ
3452 4825 3696 4890 τραχέως

2160 4931 2177 4962 ι
2216 4912 2456 4980 κινηθεὶς
2515 4914 2651 4965 κατά
2703 4914 3072 4982 πρεσϐυτέρου
3149 4912 3181 4980 ἢ
3237 4914 3479 4966 διακόνου
3538 4914 3690 4978 ἰδίου,

2162 5023 2177 5053 ι
2218 5004 2480 5070 ἀφορίσαι
2525 5002 2711 5053 τοῦτον
2760 5004 2855 5068 τῆς
2907 5004 3035 5064 ίδίας
3089 5003 3301 5069 θελήσοι
3376 5004 3687 5073 ἐκκλησίας,

2160 5110 2177 5142 ι
2216 5093 2540 5160 προνοητέον
2579 5094 2744 5151 ἐστὶν,
2803 5093 2889 5144 ἴνα
2926 5095 2996 5162 μὴ
3050 5093 3305 5154 ἀναιτίως
3353 5094 3680 5161 κατακριθῇ,

2158 5201 2174 5231 ι
2223 5182 2523 5250 ἢάπολέσῃ
2548 5181 2643 5247 τὴν
2666 5182 2951 5233 κοινωνίαν
2986 5200 3000 5212 ν
3053 5182 3221 5251 ἐχέτω
3291 5178 3381 5235 οὖν
3442 5182 3689 5242 ἐξουσίαν

2157 5291 2173 5319 ι
2212 5270 2494 5339 ἐκϐληθεὶς
2524 5272 2837 5339 προσελθεῖν
2869 5275 2979 5335 τοῖς
3013 5275 3254 5341 ὁμόροις,
3304 5273 3440 5324 ὥστε
3516 5274 3684 5323 ἀκου-

2157 5377 2174 5407 ι
2215 5358 2404 5426 σθῆναι
2445 5359 2542 5427 τὴν
2602 5360 2776 5411 αἰτίαν
2852 5362 3038 5425 αὐτοῦ,
3105 5364 3195 5415 καὶ
3255 5361 3675 5430 ἐπιμελέστερον

2154 5466 2173 5497 ι
2210 5446 2746 5516 ψηλαφηθῆναι.οὖκ
2793 5451 2993 5516 ὀφείλει
3053 5450 3159 5519 γὰρ
3238 5450 3383 5517 αὺτῷ
3433 5465 3684 5516 παρακα-

2157 5556 2173 5587 ι
2212 5536 2385 5587 λοῦντι
2419 5538 2636 5605 ὑπακοὴ
2667 5540 2961 5607 ἀρνηθῆναι
3001 5556 3012 5569 ·
3045 5543 3289 5601 κάκεῖνος
3319 5540 3371 5592 δὲ
3406 5542 3431 5590 ὁ
3471 5539 3690 5588 ἐπίσκο-
