4018 6306
536 245 600 303 19
1756 265 2031 327 ΤΗΕΟΙ).

2174 267 2467 327 LSAMON
3628 245 3709 306 20

530 372 546 401 ι
590 356 707 409 bilis
722 357 965 414 Ecclesia:
987 364 1236 424 Romanae
1251 373 1528 440 episcopus
1549 374 1872 437 Bunil‘acius,
1893 385 1945 427 ut
1964 377 2063 444 ipse

2183 394 2201 426 ι
2240 374 2486 442 οὐδαμῶς
2506 373 2736 442 εὕρομεν
2760 369 2952 422 ταῦτα.
2983 365 3168 431 Ὅμως
3196 363 3340 444 ημᾶς
3371 358 3503 444 πρὸς
3524 354 3706 444 dli!“

525 459 545 491 ι
573 459 781 541 quoque
816 449 1059 541 dignetur
1099 460 1164 510 ad
1193 439 1509 514 memoratas
1566 463 1827 516 Ecclesias
1877 439 2063 534 aliquo,

2187 481 2204 512 ι
2243 439 2584 526 φυλάξοντας,
2612 460 2685 516 ὡς
2719 457 2994 523 προεῖπον,
3029 452 3131 511 ἕως
3175 442 3234 500 οὗ
3263 446 3329 499 τά
3376 441 3560 541 ἐντελῆ
3582 439 3717 541 ,ίσα

527 547 544 577 ι
575 530 806 618 Aruittere,
838 538 924 602 qui
955 542 1135 593 eadem
1169 545 1508 618 exemplaria,
1555 547 1699 614 juxta
1735 549 1822 599 illa
1854 530 1974 615 ιιιιέ
2009 530 2063 601 ai

2186 570 2203 602 ι
2247 552 2485 613 ἔλθωσιν,
2559 545 2943 615 ὁμολογοῦμεν.
3023 539 3334 606 Ὀφείλομεν
3387 533 3439 585 δέ
3494 530 3716 618 αἰτῆσαι

524 619 540 646 ⁸
574 616 686 683 ipso
709 622 902 689 scripta
927 637 1068 689 sunt,
1095 629 1334 683 afferant.
1362 616 1506 685 Nunc
1533 645 1707 688 autem
1732 635 1884 688 dicta:
1915 636 2063 688 Nicact

2185 659 2203 690 ι
2250 639 2538 706 γράμμασι
2567 635 2853 704 ἡμετέροις
2881 630 3089 681 καὶτὸν
3139 621 3575 692 σεδασμιὼτατον
3609 616 3713 706 τῆς

523 721 544 752 ι
579 721 658 757 ηαξ
677 713 1006 780 synodi,qum
1028 717 1294 785 habemus,
1312 723 1632 791 exemplaria
1657 726 1788 778 actis
1816 725 1930 779 istis
1953 740 2063 778 cont

2183 745 2201 777 ι
2251 703 2824 791 ἘκκλησίαςλΡώμης
2848 719 3144 770 ἐπίσκοπον
3208 711 3558 778 Βονηφάτιον.
3617 703 3716 753 ἵνα

522 809 544 839 c
577 793 877 860 jungemus.
938 820 956 850 ι
2185 833 2203 864 ς
2245 816 2336 866 καὶ
2361 813 2516 873 αὐτὸς
2555 811 2750 878 ὁμοίως
2777 807 3090 876 καταξιώσῃ
3145 803 3278 871 πρὸς
3335 799 3433 858 τὰς
3502 806 3721 862 μνημ⁶’

529 903 544 932 ι
581 887 854 950 νευθείσας
899 893 1218 964 Ἐκκλησίας
1250 902 1453 954 στεῖλαί
1503 921 1673 965 τινας,
1756 903 2066 969 ὀφείλοντας
2131 908 2195 958 τὰ
2255 906 2392 957 αὑτά
2423 906 2511 956 ίσα
2539 904 2679 954 κατὰ
2710 901 2778 951 τά
2813 900 2942 967 παρ’
3003 894 3166 949 αὑτοῦ
3234 890 3513 959 γραφέντα
3575 883 3719 947 ἀγα·

525 995 542 1024 ⁴
583 980 716 1039 γεῖν.
751 979 862 1031 Νῦν
889 982 942 1033 δέ
973 985 1068 1052 τῆς
1101 989 1560 1059 μνημονευθείσης
1581 993 1636 1043 ἐν
1672 993 1877 1062 Νικαίᾳ
1931 992 2166 1054 συνόδου,
2240 992 2381 1051 ἅπερ
2443 990 2655 1058 ἔχομεν,
2724 988 2814 1039 ῐσα
2873 985 2984 1046 τοῖς
3048 978 3447 1048 πεπραγμένοις
3502 971 3721 1031 τούτοις

527 1086 544 1114 ε
579 1069 923 1138 συζεύξομεν.
963 1093 980 1125 ι

595 1153 918 1224 Faustinus,
971 1161 1225 1218 Ecclesia:
1291 1167 1536 1221 Romanae
1611 1173 1851 1238 legatus,
1913 1172 2080 1224 dixit:

523 1270 540 1301 ι
572 1250 752 1303 Vestra
779 1251 1031 1303 sanctitas
1052 1253 1247 1304 nullum
1268 1253 1518 1308 Romana:
1542 1255 1783 1310 Ecclesiae
1804 1259 1924 1311 facit
1949 1273 2083 1324 pm-

525 1359 542 1387 ι
585 1339 862 1405 judicium,
898 1341 1010 1393 sive
1065 1342 1128 1393 de
1176 1343 1274 1395 boc
1332 1345 1585 1410 capitulo,
1637 1345 1748 1398 sive
1791 1349 1854 1398 de
1911 1347 2075 1397 aliis:

525 1443 542 1472 ι
579 1425 1009 1490 quandoquidem
1043 1430 1247 1480 censuit
1286 1428 1446 1482 frater
1471 1442 1655 1484 noster
1697 1442 1747 1484 et
1791 1432 2073 1484 commini‘

524 1531 540 1561 ι
578 1521 687 1564 ster
704 1514 923 1582 Alypius
946 1514 1137 1569 dubios
1153 1533 1267 1571 esse
1289 1533 1540 1572 canones.
1564 1519 1666 1572 Sed
1697 1521 1808 1572 haec
1838 1523 2063 1574 sanctis-

2181 1539 2196 1568 ι
2239 1519 2642 1587 συλλειτουργδς
2672 1517 2826 1586 ἡμῶν
2901 1514 3150 1574 Ἀλύπιος
3195 1508 3522 1577 ἀμφιϐόλους
3580 1499 3726 1556 εἶναι

524 1620 542 1650 ι
583 1602 718 1653 simo
747 1607 803 1655 et
833 1603 1144 1659 beatissimo
1169 1623 1315 1675 papae
1345 1619 1522 1662 nostro
1545 1610 1777 1663 scribere
1801 1609 2063 1677 dignemi—

2175 1625 2191 1656 ι
2238 1610 2363 1669 τοὺς
2403 1607 2653 1668 κανόνας.
2705 1606 2863 1658 Ἀλλά
2890 1603 3077 1656 ταῦτα,
3096 1601 3229 1670 πρὸς
3277 1599 3365 1650 τὸν
3417 1595 3729 1661 ἁγιώτατον

523 1705 540 1736 ι
585 1689 658 1750 ui,
688 1700 741 1742 ut
765 1693 860 1755 sic,
885 1708 1003 1746 cum
1030 1706 1202 1748 vestra
1234 1699 1514 1749 sanctitate
1565 1699 1794 1761 integros
1827 1710 2061 1748 canones

2173 1714 2189 1746 ι
2236 1697 2330 1748 καὶ
2386 1695 2798 1764 μακαριώτατον
2862 1695 3088 1746 πάππαν
3145 1689 3297 1757 ἡμῶν
3337 1685 3541 1754 γράψαι
3591 1699 3729 1735 κατ-

524 1794 542 1826 ι
575 1781 912 1845 conquirens,
947 1783 1027 1849 lde
1071 1784 1320 1837 omnibus
1350 1784 1574 1836 decretis
1627 1794 1836 1837 tractet.
1866 1781 2063 1835 Suﬂicit

2174 1800 2191 1830 ι
2238 1781 2529 1845 αξιὼσατε,
2565 1781 2650 1832 ἵνα
2673 1783 2763 1832 καὶ
2788 1781 2955 1839 οίῖτως
2985 1777 3308 1845 ὁλοκλήρους
3334 1776 3456 1836 τοὺς
3483 1772 3717 1831 κανόνας

524 1882 544 1914 ι
579 1869 717 1918 enim
760 1875 834 1931 ut,
894 1873 1338 1936 quemadmodum
1364 1881 1537 1923 vestra
1569 1873 1821 1924 sanctitas
1851 1869 1985 1936 apud
2006 1883 2063 1921 se

2173 1889 2188 1918 ι
2229 1869 2475 1935 συζητῶν
2537 1869 2677 1936 μετά
2743 1868 2838 1936 τῆς
2897 1867 3166 1934 ὑμετέρας
3230 1862 3537 1929 ἁγιωσύνης
3589 1861 3724 1927 περὶ

525 1970 543 2000 σ
587 1965 799 2016 tractat,
848 1961 922 2012 sic
950 1969 1002 2013 et
1026 1961 1135 2026 ipse
1168 1975 1261 2027 per
1291 1962 1522 2027 seipsurn
1550 1961 1853 2027 conquirat,
1890 1974 1954 2010 ne
1987 1958 2063 2010 in-

2179 1977 2195 2008 ι
2230 1959 2445 2010 πάντων
2476 1957 2581 2008 τῶν
2619 1957 2944 2025 ὁρισθέντων
2969 1956 3295 2023 τρακταῖσῃ.
3363 1951 3547 2018 ’Λρκεῐ
3611 1947 3726 2016 γὰρ

525 2064 541 2093 ο
567 2057 645 2097 ter
677 2047 940 2101 Ecclesias
963 2050 1135 2117 aliqua
1158 2051 1424 2103 contentio
1451 2049 1721 2102 exoriatur
1748 2064 1762 2110 ;
1789 2048 1878 2100 scd
1899 2048 2063 2113 potius

2182 2068 2198 2098 ι
2235 2050 2321 2100 ἵνα
2355 2047 2536 2110 καθὼς
2563 2047 2800 2116 ὑμετέρα
2857 2044 3132 2112 ἀγιωσύνη
3189 2043 3316 2110 παρ’
3370 2041 3533 2106 ἐαυτῇ
3591 2054 3729 2104 τρα-

528 2151 546 2181 ι
578 2133 807 2186 fraterna
839 2137 1116 2192 dilectione
1146 2123 1455 2202 consulatis,
1482 2152 1544 2191 eo
1569 2138 1913 2199 rescribente,
1945 2135 2063 2203 quid

2185 2157 2201 2187 ι
2237 2139 2471 2200 κταῖζει,
2506 2139 2647 2190 οὕτω
2676 2140 2770 2190 καὶ
2794 2138 2952 2198 αὐτὸς
2996 2135 3116 2188 καθ’
3166 2133 3354 2187 ἑαυτὸν
3413 2130 3719 2198 συξητήσῃ.

2254 1167 2538 1216 Φαυστϊνος
2567 1159 2934 1229 τοποτηρητὴς
2965 1158 3061 1226 τῆς
3097 1155 3309 1222 Ῥώμης
3360 1146 3477 1202 εἷπε
3509 1165 3524 1180 ’
3562 1166 3580 1198 ι
3619 1146 3730 1198 Οὑ-

2190 1276 2206 1306 ι
2253 1255 2339 1306 δέν
2375 1255 2406 1320 ἠ
2441 1251 2680 1320 ὑμετέρα
2706 1246 2981 1314 ἀγιωσύνη
3002 1247 3282 1314 πρόκριμα
3314 1241 3455 1292 ποιεῖ
3484 1241 3546 1304 τῇ
3593 1236 3727 1287 Ἐκο

2187 1364 2204 1395 ι
2243 1343 2445 1411 κλησίᾳ
2489 1340 2725 1407 Ῥώμης,
2761 1341 2866 1389 εἴτε
2903 1336 3029 1403 περὶ
3054 1333 3240 1385 τούτου
3272 1329 3364 1382 τοῦ
3397 1325 3723 1393 κεφαλαίου,

2181 1452 2198 1482 ι
2235 1434 2340 1484 είτε
2369 1431 2494 1497 περὶ
2523 1430 2692 1483 ἀλλων
2720 1446 2734 1459 ·
2773 1427 2955 1493 ἐπειδὴ
2987 1425 3216 1490 ἠξίωσεν
3274 1422 3301 1471 ὁ
3353 1417 3580 1484 ἀδελφὸς
3625 1413 3726 1466 καὶ

2099 1561 2141 1617 Β

528 2237 544 2268 ι
581 2216 763 2274 melius
795 2225 1068 2278 observari
1103 2227 1273 2278 debet.
1310 2245 1328 2275 ι

2185 2245 2202 2276 ι
2240 2228 2313 2295 μή
2345 2243 2460 2288 πως
2519 2227 2812 2294 φιλονεικία
2864 2223 3063 2292 μεταξὺ
3105 2224 3212 2275 τῶν
3252 2220 3584 2289 Ἐκκλησιῶν
3630 2234 3722 2285 τις

423 2354 426 2358 .
524 2326 544 2361 σ
588 2311 837 2380 ἀναφυῇο
895 2313 1028 2366 ἀλλά
1112 2314 1309 2382 μᾶλλον
1374 2315 1633 2386 ἀδελφικῇ
1695 2315 1882 2383 ἀγάπῃ
1945 2312 2351 2382 βουλεύσασθαι,
2425 2317 2847 2385 ἀντιγράφοντος
2916 2312 3103 2374 αὑτοῦ,
3166 2313 3219 2364 τί
3275 2313 3477 2380 ὀφείλει
3538 2324 3730 2379 κρειτ-

525 2418 544 2450 ι
579 2403 737 2464 τόνως
773 2403 1123 2472 φυλαχθῆναι.
1168 2423 1186 2455 ι

897 2500 1138 2553 Aurelius
1159 2501 1420 2567 episcopus
1449 2502 1576 2554 dixit
1592 2515 1612 2554 :

593 2604 612 2638 ι
653 2585 850 2640 Praeter
896 2602 981 2651 ea,
1005 2604 1121 2656 quae
1151 2590 1202 2642 in
1235 2591 1367 2643 actis
1407 2590 1797 2657 proposuimus,
1847 2601 2067 2642 necesse

524 2689 550 2724 ο
585 2683 685 2736 est,
714 2683 769 2727 ut
803 2675 994 2729 litteris
1016 2693 1222 2744 quoque.
1250 2691 1445 2732 nostra:
1473 2679 1749 2745 parvitatis
1782 2676 2064 2730 sanctissi-

528 2779 547 2810 σ
581 2776 666 2814 mo
694 2763 840 2815 fratri
875 2774 1055 2818 nostro
1099 2778 1150 2818 et
1179 2782 1448 2819 sacrorum
1489 2766 1855 2819 eomministro
1904 2765 2065 2817 Boni-

525 2868 546 2900 ι
581 2849 717 2905 facio
747 2856 944 2916 omnia,
968 2869 1081 2921 qua:
1107 2866 1411 2917 tractamus,
1447 2855 1748 2920 plenissime
1769 2855 2069 2922 significen-

528 2956 542 2985 ι
576 2947 682 2993 tur.
709 2941 924 3009 Auergo
952 2954 1128 2995 nostra
1157 2944 1399 2996 onmibus
1421 2944 1627 3010 placeat
1667 2943 2066 3011 consequentia,

523 3046 545 3078 ι
580 3044 643 3082 ex
703 3045 795 3083 ore
851 3034 1084 3085 omnium
1147 3033 1436 3088 discamus.
1501 3053 1519 3085 ι

824 3202 1072 3257 Universa
1105 3206 1329 3274 synodus
1360 3207 1511 3264 dixit.
1533 3207 1729 3261 Placet.

595 3289 824 3349 Novatus
874 3294 1180 3362 episcopus,
1238 3295 1561 3348 Mauritani:e
1610 3295 1871 3350 Sitifensis
1928 3296 2069 3366 lega-

520 3387 815 3447 tus.dixit:
857 3405 875 3436 ι
923 3387 1253 3439 Meminimus
1310 3388 1550 3452 equidem
1588 3387 1685 3439 hoc
1717 3387 2070 3440 commonito-

525 3500 542 3529 ι
586 3480 721 3530 rium
760 3480 824 3528 de
849 3477 1194 3544 presbyteris,
1231 3485 1283 3527 et
1309 3484 1561 3540 praeterea
1593 3477 1656 3528 de
1687 3477 1922 3530 diacOuis
1967 3476 1998 3528 [ι
2022 3493 2073 3529 r~-

527 3584 548 3615 ι
587 3565 983 3623 me'contiuere,
1015 3564 1238 3630 qualiter
1268 3565 1492 3614 debeant
1533 3579 1560 3615 a
1603 3564 1831 3629 propriis
1861 3564 2070 3631 episco-

2515 2493 2810 2559 Αὐρήλιος
2837 2491 3170 2555 ἐπίσκοπος
3201 2485 3353 2541 εἶπεο

2244 2603 2262 2635 ι
2315 2583 2497 2644 Ἐκτδς
2532 2575 2606 2636 ὧν
2634 2581 3055 2651 προτεθείκαμεν
3082 2582 3138 2631 ἐν
3167 2581 3275 2639 τοῖς
3294 2576 3724 2645 πεπραγμένοις,

2173 2692 2190 2723 ι
2228 2675 2438 2739 ἀνάγκη
2465 2673 2583 2723 ἐστὶ
2637 2673 2728 2723 καὶ
2759 2671 3045 2740 γράμμασι
3108 2669 3208 2737 τῆς
3255 2666 3529 2735 ἡμετέρας
3592 2660 3730 2728 βραο

2175 2783 2192 2813 ι
2233 2765 2460 2832 χύτητοῖ
2491 2761 2568 2831 τῷ
2609 2761 2891 2829 ἁγιωτάτῳ
2942 2759 3153 2827 ἀδελφῷ
3189 2759 3280 2810 καὶ
3329 2752 3726 2823 συλλειτουργῷ

2178 2874 2195 2904 ι
2227 2853 2380 2921 ἡμῶν
2435 2851 2751 2919 Βονηφατίῳ
2808 2852 3008 2913 πάντα,
3067 2851 3168 2901 ὅσα
3228 2845 3592 2915 ψηλαφῶμεν,
3640 2845 3727 2904 είς

2179 2959 2195 2990 ι
2233 2941 2430 3008 πλῆρες
2462 2940 2753 3008 ἐμφανίσαι
2788 2953 2800 2968 ·
2827 2938 2921 2989 ἐὰν
2985 2937 3162 2990 τοίνυν
3212 2937 3374 2987 πᾶσιν
3422 2934 3626 3002 ἀρέσκῃ
3683 2933 3719 3000 ἡ

2178 3050 2196 3080 ‹
2252 3031 2496 3098 ἡμετέρα
2589 3026 3039 3097 ἐπακολούθησις,
3134 3026 3395 3096 μάθωμεν
3488 3024 3720 3090 στόματι

2176 3138 2194 3170 ι
2237 3121 2465 3172 πάντων.
2499 3138 2516 3169 ι

2341 3211 2633 3276 Σύμπασα
2663 3212 2697 3275 ἡ
2730 3209 2988 3272 σύνοδος
3014 3203 3200 3261 εἶπεν·
3249 3206 3535 3273 Ἀρέσκει·

2240 3299 2482 3362 Ναυᾶτος
2545 3299 2835 3359 ἐπίσκοπος
2876 3337 2892 3363 ,
2927 3295 3297 3363 τοποτηρητὴς
3343 3290 3715 3360 Μαυριτανίας

2171 3387 2514 3454 Σιτιφένσης,
2571 3385 2720 3439 εἷπε·
2764 3406 2782 3438 ι
2821 3382 3162 3450 Μεμνήμεθα
3235 3381 3413 3432 τοίνυν
3475 3375 3630 3429 τοῦτο
3654 3375 3717 3426 τὸ

2184 3497 2200 3527 ι
2242 3477 2673 3548 κομμονιτώριον
2703 3476 2832 3544 περὶ
2860 3470 3260 3545 πρεσϐυτέρων,
3317 3468 3394 3520 ἔτι
3448 3467 3552 3535 μὴν
3598 3465 3717 3516 δια-

2176 3585 2195 3617 ι
2231 3567 2400 3619 κόνων
2433 3568 2507 3628 ὠς
2574 3567 2868 3634 περιέχειν,
2925 3564 3040 3624 πῶς
3097 3559 3402 3628 ὀφείλουσιν
3457 3555 3561 3609 ἀπὸ
3606 3553 3716 3604 τῶν

525 3671 545 3704 ι
589 3653 686 3716 pis,
711 3652 792 3703 vel
819 3652 884 3703 ab
919 3651 980 3703 iis
1011 3652 1099 3715 qui
1157 3661 1280 3702 sunt
1311 3650 1540 3711 ﬁnitimi,
1584 3652 1788 3714 audiri;
1834 3654 1969 3718 quod
2019 3653 2063 3704 in

2177 3677 2192 3707 ι
2233 3658 2378 3709 ἰδίων
2403 3658 2719 3708 ἐπισκόπων
2773 3656 2804 3725 ἢ
2847 3655 2909 3705 ἐκ
2967 3653 3071 3703 τῶν
3140 3648 3479 3717 ὁμορούντων
3522 3644 3716 3696 ἀκούε-

524 3754 542 3785 ι
581 3735 788 3789 Nicaena
819 3739 1020 3804 synodo
1063 3752 1390 3804 nequaquam
1423 3737 1662 3803 legimus.
1695 3738 1977 3805 Propterea
2022 3740 2068 3792 id

524 3844 542 3876 ι
574 3827 776 3893 jubebit
810 3837 984 3880 vestra
1016 3826 1270 3879 sanctitas
1294 3828 1411 3895 legi.
1447 3846 1462 3877 ι

587 4005 828 4058 Aurelius
847 4005 1122 4070 episcopus
1148 4004 1304 4056 dixit:
1327 4023 1344 4054 ι
1367 4005 1556 4057 Coram
1582 4007 1781 4075 legatur
1810 4010 1908 4063 hoc
1941 4024 2072 4078 quo-

526 4113 548 4145 ι
589 4108 692 4162 que
719 4095 861 4162 quod
890 4094 1163 4160 quaeritur.
1215 4112 1233 4144 ›

981 4183 1164 4234 Daniel
1186 4184 1416 4235 notarius
1441 4184 1558 4252 legi!
1578 4201 1593 4237 ε

604 4287 622 4322 ι
666 4270 737 4325 De
761 4271 1202 4340 appellationibus
1232 4282 1406 4324 autem
1449 4273 1788 4337 clericnrum,
1826 4276 1925 4331 hoc
1957 4285 2060 4342 est,

523 4380 546 4413 ι
589 4363 808 4414 minoris
835 4361 954 4423 loci,
1005 4370 1148 4413 certa
1178 4369 1260 4414 est
1312 4363 1494 4430 synodi
1523 4365 1919 4431 rcspousio:de
1965 4381 2066 4434 qua

523 4472 539 4502 ι
568 4453 691 4520 quid
710 4451 882 4507 Velitis
901 4465 1056 4518 agere
1073 4451 1405 4504 inserendum
1422 4452 1802 4517 existimamu's,
1818 4457 2066 4524 quoniam

523 4561 539 4590 ι
564 4543 638 4595 sic
664 4543 731 4595 die
753 4552 859 4596 tum
884 4549 989 4598 est.
1009 4560 1027 4591 ι

587 4631 742 4699 512
775 4631 934 4684 Osius
971 4630 1253 4698 episcopus
1295 4632 1428 4683 dixit
1465 4649 1478 4683 :
1531 4652 1546 4682 ι
1579 4633 1728 4697 Quod
1764 4649 1846 4686 me
1896 4635 2066 4688 adhuc

521 4735 538 4766 ι
573 4727 764 4776 movet,
802 4726 982 4769 tacere
1012 4732 1114 4768 non
1147 4718 1336 4771 debeo.
1364 4718 1419 4770 Si
1451 4720 1572 4783 quis
1610 4720 1744 4774 forte
1775 4722 2064 4776 iracundus

511 4825 537 4856 1
559 4806 838 4874 episcopus
861 4808 1020 4872 (quod
1049 4821 1166 4859 esse
1184 4823 1287 4859 non
1313 4807 1491 4875 debet)
1512 4810 1765 4863 adversus
1787 4814 2062 4881 presbyte-

509 4916 535 4942 4
573 4911 686 4948 rum
715 4895 792 4947 vel
824 4895 1103 4948 diaconum
1130 4912 1282 4949 suum
1311 4899 1416 4949 cito
1441 4898 1521 4950 vel
1553 4899 1709 4951 etiam
1737 4914 1922 4967 aspere
1951 4915 2062 4954 mo-

519 5005 535 5033 ι
574 4997 678 5046 tus,
697 5000 816 5038 eum
843 5000 868 5036 a
897 4985 1106 5053 propria
1123 4985 1344 5039 ecclesia
1373 4988 1909 5055 segregarevoluerit,
1936 5005 2060 5058 pro-

518 5093 534 5122 ι
573 5073 850 5127 videndum
875 5083 974 5136 est,
1007 5088 1071 5125 ne
1093 5075 1208 5126 sine
1233 5089 1390 5128 causa
1414 5078 1818 5140 condemnetur,
1843 5079 1920 5131 vel
1941 5093 2060 5146 per-

518 5183 538 5213 c
569 5163 1101 5215 datcommunionem
1140 5182 1152 5215 :
1186 5165 1374 5218 habeat
1400 5181 1525 5232 ergo
1570 5176 1885 5234 potestatem
1945 5169 2054 5236 eje-

517 5273 536 5304 ι
567 5263 683 5308 ctus
727 5253 976 5308 ﬁnitimos
1019 5256 1325 5315 accedendi,
1359 5263 1412 5306 ut
1444 5271 1600 5308 causa
1656 5257 1770 5323 ejus
1810 5259 2056 5311 audiatur

511 5365 532 5394 ι
581 5353 632 5396 et
662 5344 963 5410 diligentius
985 5353 1264 5397 tractetur.
1287 5343 1344 5396 Ei
1372 5345 1512 5397 enim
1546 5347 1751 5411 roganti
1778 5346 2048 5398 audientia

517 5452 534 5478 ι
575 5447 678 5486 ιιοιι
711 5443 790 5485 est
817 5434 1126 5504 deneganda
1168 5453 1179 5487 :
1236 5435 1360 5502 quin
1418 5444 1467 5487 et
1504 5435 1589 5489 ille
1623 5437 1928 5504 episcopus,
1959 5439 2048 5506 qui

517 5541 538 5571 ι
564 5538 701 5588 eum,
735 5525 846 5577 sive
872 5525 991 5592 jure
1015 5525 1353 5594 siveinjuria,
1377 5524 1554 5591 ejeclt,
1577 5541 1686 5581 rem
1734 5528 1926 5583 discuti
1954 5545 2049 5598 pa-

2091 4206 2143 4263 D

2177 3764 2192 3795 ι
2232 3746 2374 3808 σθαι,
2395 3747 2530 3814 ὅπερ
2547 3747 2603 3797 ἐν
2621 3746 2683 3813 τῇ
2724 3742 2974 3794 Νικαέων
2996 3737 3195 3806 συνόδῳ
3223 3734 3474 3803 οὐδαμῶς
3499 3732 3707 3795 ἀνέγνω

2176 3852 2192 3884 ι
2235 3851 2330 3901 μεν
2363 3849 2375 3861 ·
2408 3835 2487 3885 διὸ
2512 3833 2667 3884 τοῦτο
2695 3832 2822 3883 αὐτὸ
2844 3829 3084 3882 κελεύσει
3111 3829 3143 3897 ἡ
3171 3825 3414 3894 ὑμετέρα
3440 3820 3711 3890 ἀγιωσύνη

2175 3944 2189 3973 ι
2231 3921 2655 3989 ἀναγνωσθῆναι..
2691 3939 2707 3972 ι

2237 4011 2498 4079 Αὐρήλιος
2543 4010 2836 4069 ἐπίσκοπος
2859 4003 3012 4059 εἶπεν
3049 4020 3062 4032 ·
3104 4024 3123 4056 ι
3164 4000 3594 4071 Ἀναγνωσθήτω
3619 3999 3711 4050 ἐπὶ

2179 4118 2196 4148 ι
2236 4101 2398 4152 τόπου
2421 4101 2512 4150 καὶ
2545 4097 2697 4149 τοῦτο
2727 4102 2786 4148 τὸ
2811 4093 3158 4165 ζητούμενον.
3202 4111 3221 4145 ι

2533 4185 2752 4252 Δανιὴλ
2806 4186 3078 4253 νοτάριος
3103 4184 3349 4251 ἀνέγνον

2245 4300 2261 4329 ι
2301 4280 2430 4349 Περὶ
2462 4280 2735 4343 ἐκκλήτων
2777 4279 2832 4329 δέ
2863 4277 3156 4346 κληρικῶν,
3212 4275 3353 4328 τοῦτ’
3430 4276 3562 4351 ἔστι,
3618 4271 3710 4325 τοῦ

2161 4387 2192 4416 τι
2228 4369 2450 4437 ἥττονος
2476 4368 2661 4429 τόπου,
2690 4367 2790 4434 τῆς
2852 4366 3067 4418 συνόδου
3129 4364 3319 4433 βεϐαία
3369 4366 3514 4416 ἐστὶν
3573 4366 3708 4416 ἀπό-

2176 4476 2193 4506 (
2230 4473 2407 4524 κρισις
2437 4473 2450 4487 ο
2482 4457 2608 4526 περὶ
2632 4453 2696 4528 ἦς
2728 4458 2780 4509 τί
2813 4457 3034 4525 μέλλετε
3083 4456 3338 4524 πράττειν
3378 4454 3706 4523 ἡγησάμεθα

2171 4565 2188 4596 ι
2226 4546 2457 4612 ὀφείλειν
2486 4549 2758 4615 ἐναγῆναι,
2835 4546 3019 4615 ἐπειδὴ
3057 4545 3230 4607 οὕτως
3276 4545 3542 4598 λέλεκται.
3574 4564 3590 4596 ι

2241 4639 2425 4698 Ὀσιος
2448 4637 2740 4698 ἐπίσκοπος
2772 4631 2892 4688 εἷπε
2915 4653 2927 4667 ·
2950 4656 2966 4687 ι
2989 4637 3063 4689 Τὸ
3090 4636 3166 4688 ἔτι
3203 4636 3382 4688 κινοῦν
3406 4654 3469 4704 με
3499 4637 3706 4702 σιωπῆ-

2168 4744 2186 4776 ι
2236 4743 2320 4778 σαι
2349 4727 2450 4778 οὑκ
2477 4725 2696 4794 ὀφείλω.
2735 4727 2858 4778 Ἐάν
2885 4745 2966 4789 τις
2999 4727 3161 4794 τυχὸν
3237 4727 3530 4786 ἐπίσκοπος
3554 4726 3701 4794 ὀργίο

2169 4835 2187 4867 ι
2222 4816 2332 4879 λος,
2377 4818 2513 4887 ὅπερ
2570 4817 2667 4868 οὐκ
2724 4816 2947 4883 ὀφείλει,
2974 4819 3179 4884 ταχέως
3232 4817 3265 4883 ἥ
3327 4817 3417 4867 καὶ
3462 4818 3706 4884 τραχέως

2167 4924 2184 4955 ι
2224 4905 2465 4974 κινηθεὶς
2523 4907 2660 4958 κατά
2711 4907 3081 4974 πρεσϐυτέρου
3157 4906 3189 4974 ἢ
3246 4907 3488 4959 διακόνου
3547 4907 3698 4970 ίδίου,

2169 5015 2186 5045 ι
2226 4997 2488 5064 ἀφορίσαι
2534 4995 2719 5047 τοῦτον
2768 4997 2863 5063 τῆς
2915 4997 3043 5057 ίδίας
3098 4996 3310 5063 θελήσοι
3385 4997 3696 5066 ἐκκλησίας,

2168 5103 2186 5135 ι
2223 5086 2548 5152 προνοητέον
2588 5087 2752 5145 ἐστὶν,
2811 5087 2897 5138 ἵνα
2934 5088 3005 5156 μὴ
3060 5087 3314 5148 ἀναιτίως
3361 5087 3690 5155 κατακριθῇ,

2165 5193 2182 5224 ι
2231 5175 2263 5240 ἢ
2296 5175 2532 5243 ἀπολέσῃ
2557 5174 2652 5240 τὴν
2675 5175 2959 5227 κοινωνίαν
2995 5192 3009 5206 ’
3061 5176 3230 5244 ἐχέτω
3299 5172 3390 5228 οὖν
3451 5175 3698 5235 ἐξουσίαν

2165 5283 2181 5312 ι
2220 5263 2503 5332 ἐκϐληθεὶς
2532 5265 2846 5332 προσελθεῖν
2877 5269 2988 5328 τοῖς
3022 5268 3263 5336 ὁμόροις,
3313 5266 3449 5318 ὥστε
3525 5267 3692 5317 ἀκου-

2165 5369 2182 5400 ι
2223 5350 2413 5420 σθῆναι
2453 5351 2551 5420 τὴν
2610 5353 2785 5404 αίτίαν
2861 5355 3047 5418 αὐτοῦ,
3114 5357 3204 5409 καὶ
3264 5355 3684 5422 ἐπιμελέστερον

2163 5458 2183 5490 ι
2218 5439 2755 5510 ψηλαφηθῆναι.οὑκ
2802 5443 3002 5509 ὀφείλει
3061 5444 3168 5512 γὰρ
3247 5442 3392 5511 αὐτῷ
3442 5459 3694 5511 παρακα-

2165 5549 2181 5580 ι
2220 5529 2394 5581 λοῦντι
2427 5530 2645 5599 ὑπακοὴ
2675 5532 2970 5600 ἀρνηθῆναι
3009 5549 3020 5561 ·
3055 5536 3297 5595 κάκεῖνος
3327 5533 3380 5586 δέ
3414 5535 3440 5584 ὁ
3479 5533 3699 5582 titiam-
