4018 6306
524 383 585 448 31
1769 379 2037 442 rusco.
2083 372 2480 434 BALSAMON
3639 346 3714 409 32

1012 498 1170 568 διε
1205 495 1430 552 cuos
1469 496 1557 550 nt.

708 587 778 638 De
810 589 1119 640 continentia
1148 589 1385 640 Aurelius
1413 589 1676 653 episcopus
1711 585 1841 635 dixit
1871 597 1888 632 :

536 694 555 727 ι
594 675 723 729 Cum
756 677 806 728 in
838 678 1012 745 priore
1039 678 1244 745 synodo
1273 680 1337 730 de
1365 676 1705 730 continentia.-
1729 682 1782 726 et
1809 672 2066 725 castitatis

613 781 631 814 ι
675 767 830 816 modo
863 767 1220 832 quaerebatur,
1264 766 1484 832 placuit,
1532 774 1587 816 ut
1620 764 1672 816 hi
1710 773 1817 816 tres
1851 761 2068 830 gradus.

610 872 629 905 ι
669 854 759 920 qui
812 854 1022 907 vinculo
1060 859 1286 922 quodam
1336 856 1602 908 castitatis
1647 867 1740 920 per
1787 866 2073 906 consecra-

611 961 629 992 ι
669 944 864 994 tionem
925 944 1179 1011 implicati
1244 953 1367 996 sunt
1440 943 1752 1011 (episcopi,
1815 943 2071 1008 inquam,

611 1049 629 1080 ι
667 1034 957 1101 presbyteri
1003 1045 1052 1085 et
1085 1034 1343 1098 diaconi),
1382 1043 1437 1087 ut
1459 1044 1673 1087 sanctos
1713 1033 1992 1101 episcopos
2023 1042 2076 1086 et

612 1138 630 1170 ε
669 1125 971 1174 sacerdotes
1007 1123 1094 1176 Dei
1138 1135 1192 1177 et
1223 1125 1412 1178 levitas
1453 1135 1507 1178 et
1553 1125 1747 1177 divinis
1798 1124 2076 1177 sacrificiis

613 1229 632 1259 ι
670 1213 1030 1266 ministrantes
1082 1215 1270 1280 decet,
1341 1217 1394 1268 in
1452 1218 1697 1269 omnibus
1747 1216 2079 1268 continentes

613 1318 634 1353 ε
672 1303 810 1364 sint;
842 1318 947 1370 quo
982 1307 1188 1372 possint
1214 1307 1354 1373 quod
1374 1322 1400 1358 a
1429 1306 1536 1359 Deo
1561 1306 1872 1371 simpliciter
1897 1315 2080 1372 petunt

613 1406 631 1436 ι
669 1388 956 1452 impetrare
987 1410 1001 1444 :
1040 1403 1092 1444 ut
1127 1403 1178 1445 et
1218 1394 1357 1458 quod
1392 1407 1483 1458 per
1513 1393 1783 1459 apostolos
1822 1391 2076 1444 traditum

614 1493 635 1526 ι
673 1486 728 1526 et
760 1478 826 1528 ab
849 1482 959 1543 ipsa
991 1482 1307 1544 antiquitate
1333 1491 1601 1535 servatum
1629 1491 1729 1547 est,
1754 1495 1850 1534 nos
1873 1494 2082 1549 quoque

617 1581 636 1613 ι
674 1564 920 1619 similiter
949 1582 1246 1624 servemus.
1282 1588 1299 1620 ι

605 1737 800 1794 BALS.
841 1741 932 1795 llic
967 1731 1136 1797 canon
1167 1745 1278 1798 vult
1299 1760 1505 1800 omnem
1535 1759 1788 1800 exercere
1811 1747 2079 1811 virtutem,

537 1831 625 1896 qui
656 1841 837 1883 sancta
873 1835 1122 1902 mysteria
1155 1844 1510 1899 contrectant,
1546 1841 1824 1904 episcopos
1855 1838 2081 1902 scilicet,

541 1914 852 1973 incerdotes
880 1932 931 1974 et
981 1921 1234 1976 dia‘conos
1269 1943 1281 1979 :
1321 1934 1373 1978 et
1413 1940 1528 1978 esse
1575 1926 1932 1990 continentes,
1978 1942 2083 1980 non

540 2024 633 2075 per
681 2010 849 2062 solam
897 2016 1349 2079 temperantiam,
1404 2017 1495 2069 sed
1546 2017 1597 2068 in
1645 2017 1791 2068 omni
1843 2015 1986 2070 facto
2032 2026 2086 2070 et

542 2110 724 2162 Opere.
757 2098 846 2150 Sic
893 2103 1058 2166 enim,
1104 2103 1300 2170 inquit,
1348 2120 1375 2156 τι
1435 2107 1540 2158 Deo
1587 2107 1940 2159 exaudientur
1990 2121 2086 2174 pro

539 2187 734 2252 populo
788 2199 1081 2254 precantes,
1134 2202 1183 2244 et
1233 2209 1413 2245 revera
1460 2198 1740 2250 ostendent
1773 2211 1830 2250 se
1877 2212 1937 2251 ea
1971 2212 2086 2251 ser-

540 2288 667 2324 vare
695 2291 811 2342 qum.
852 2292 880 2329 a
912 2281 1116 2333 sanctis
1153 2283 1408 2348 apostolis
1459 2286 1649 2337 tradita
1706 2295 1854 2348 sunt,
1913 2298 1967 2339 et
2020 2290 2087 2342 ab

543 2366 786 2429 antiqua,
813 2368 1007 2424 litteris
1043 2385 1144 2424 non
1188 2373 1408 2436 tradita,
1441 2375 1805 2430 ecclesiastica
1852 2392 2088 2434 consue-

542 2452 750 2507 tudine.

615 2541 866 2598 ZONAR.
907 2546 980 2601 De
1009 2548 1218 2599 illormn
1255 2552 1343 2615 qni
1379 2555 1548 2606 sacris
1580 2553 1772 2608 initiati
1805 2567 1926 2610 sunt
1955 2569 2089 2612 tem-

542 2634 783 2698 perantia
818 2639 1252 2708 continentiaque
1286 2642 1372 2694 bic
1420 2659 1593 2697 canon
1631 2648 1844 2700 disserit
1885 2650 2086 2715 dicens,

542 2730 652 2774 tres
681 2724 919 2787 ordines,
947 2729 1033 2789 qui
1066 2744 1184 2782 sese
1213 2745 1308 2782 sua
1346 2732 1443 2796 ipsi
1478 2733 1806 2797 professione
1853 2741 2088 2793 castitati

543 2811 816 2876 addixere,
858 2815 1136 2880 episcopos
1169 2819 1435 2882 videlicet,
1467 2823 1827 2890 presbyteros,
1874 2836 1926 2879 et
1961 2828 2092 2881 levi-

544 2910 648 2963 tas,
681 2903 779 2956 boc
808 2915 887 2958 est
916 2908 1192 2971 diaconos,
1225 2909 1582 2964 oblationibus
1610 2913 1717 2967 Deo
1740 2916 1950 2981 dicatis,
1980 2921 2090 2973 sive

543 2991 824 3046 incruento
857 2998 1141 3058 sacrificio,
1165 3003 1304 3067 quod
1327 3001 1540 3055 Nuntini
1575 3006 1814 3068 religiose
1845 3009 2088 3073 oﬂ'ertur,

2743 472 2978 529 ΚΑΝΩΝ
3012 469 3084 523 Γ’.

2237 574 2369 636 Περὶ
2403 569 2744 637 ἐγκρατείας
2775 563 3067 630 Αὐρήλιος
3093 558 3422 619 ἐπίσκοπος
3458 551 3642 607 εἶπεν·

2175 683 2191 714 ι
2216 665 2301 715 Ἐν
2319 665 2384 730 τῇ
2438 658 2778 728 προλαὸούση
2809 654 3005 718 συνόδῳ
3043 650 3112 712 ὡς
3134 649 3260 716 περὶ
3277 643 3480 715 ῥυθμοῦ
3521 645 3726 710 ἐγκραο

2247 772 2263 804 ι
2296 753 2439 812 τε⁷ας
2477 752 2568 804 καὶ
2624 747 2839 816 ἁγνείας
2887 743 3145 811 ἐζητεῖτο,
3198 734 3566 808 ήρεσεν,ὦστε
3593 731 3723 793 τοὺς

2249 863 2266 895 ι
2290 847 2433 911 τρεῖς
2453 843 2547 910 βαθ
2557 843 2684 909 μοῦς
2699 835 3062 899 τούτους,τοί›ς
3083 832 3360 897 συνδέσμῳ
3376 825 3480 880 τινὶ
3501 822 3727 890 ἁγνείας

2253 953 2270 985 ι
2306 935 2390 985 διά
2407 933 2503 999 τῆς
2529 928 2903 1000 καθιερώσεως
2931 920 3446 992 συμπεπλεγμένους
3475 914 3638 984 (φημὶ
3653 913 3726 981 δὴ

2250 1045 2268 1078 ι
2311 1028 2654 1088 ἐπισκόπους,
2705 1021 3104 1092 πρεσϐυτέρους
3160 1019 3253 1070 καὶ
3300 1007 3619 1077 διακόνους),
3649 1007 3734 1066 ὡς

2253 1138 2271 1170 ι
2311 1122 2506 1188 πρέπει
2536 1117 2702 1178 ὁσίοις
2747 1113 3059 1172 ἐπισκόποις
3112 1109 3206 1161 καὶ
3235 1105 3434 1174 ἱερεῦσι
3467 1099 3600 1154 Θεοῦ
3633 1097 3736 1150 καὶ

2253 1229 2271 1262 ι
2311 1211 2558 1270 Λευῖταις
2611 1207 2705 1260 καὶ
2737 1202 3066 1273 ὑπουργοῦσι
3094 1199 3259 1257 θείοις
3289 1190 3721 1261 καθιερὼμασιν,

2253 1317 2271 1350 ι
2309 1300 2590 1367 ἐγκρατεῖς
2613 1295 2746 1348 εῖναι
2767 1297 2823 1346 ἐν
2848 1293 3034 1344 πᾶσιν·
3051 1292 3194 1350 ὅπως
3214 1282 3511 1352 δυνηθῶσιν
3527 1277 3553 1330 δ
3576 1274 3736 1367 παρα

2256 1408 2274 1441 ι
2311 1364 2570 1442 τοῦήΘεοῦ
2600 1383 2780 1445 ἁπλῶς
2815 1380 3052 1434 αἰτοῦσιν
3113 1375 3384 1441 ἐπιτυχεῖν
3417 1387 3430 1400 ·
3461 1370 3546 1422 ῖνα
3564 1366 3655 1419 καὶ
3671 1364 3742 1414 τὸ

2259 1502 2276 1533 ι
2309 1481 2395 1533 διά
2421 1481 2529 1533 τῶν
2546 1475 2856 1531 ἀποστόλων
2890 1466 3208 1535 παραδοθὲν,
3234 1464 3329 1518 καὶ
3360 1462 3418 1524 ἐξ
3445 1458 3611 1523 αὐτῆς
3637 1455 3743 1521 τῆς

2261 1593 2280 1626 ι
2318 1571 2672 1641 ἀρχαιότητος
2755 1561 3046 1624 κρατηθὲν,
3134 1557 3230 1611 καὶ
3305 1554 3464 1624 ἡμεῖς
3521 1547 3725 1620 ὁμοίως

2264 1680 2282 1712 ι
2328 1660 2668 1726 φυλάξωμεν.
2715 1674 2733 1706 ι

2261 1750 2451 1802 ΒΑΛΣ.
2495 1749 2552 1799 Ὀ
2585 1744 2766 1798 κανὼν
2805 1736 2958 1802 οὗτος
2996 1740 3177 1807 πάσης
3237 1733 3472 1807 ἐργάτας
3537 1726 3748 1795 ἀρετῆς

2186 1838 2324 1894 εἶναι
2346 1839 2487 1890 θέλει
2509 1837 2632 1896 τοὺς
2658 1834 2726 1886 τά
2775 1833 2907 1899 ἅγια
2971 1828 3246 1898 μυστήρια
3300 1814 3753 1893 μεταχειριζομέ-

2185 1947 2328 1993 νους,
2363 1929 2532 1994 ἥγουν
2558 1924 2927 1986 ἐπισκόπους,
2963 1920 3128 1988 ἱερεῖς
3175 1916 3268 1968 καὶ
3291 1912 3591 1971 διακόνους,
3649 1906 3752 1956 καὶ⁸

2185 2022 2474 2088 ἐγκρατεῖς
2502 2011 2642 2069 εῖναι
2671 2013 2745 2082 μὴ
2774 2012 2860 2064 διὰ
2887 2010 3055 2078 μόνης
3089 2003 3466 2074 σωφροσύνης,
3492 1997 3625 2052 ἀλλά
3652 1996 3755 2088 καὶ

2184 2108 2271 2161 διὰ
2294 2086 2500 2167 παντὸς
2535 2105 2699 2173 ἔργου
2723 2102 2814 2154 καὶ
2838 2100 3184 2186 πράγματος.
3219 2093 3373 2186 Οὕτω
3400 2092 3528 2186 γὰρ’,
3557 2086 3750 2186 φησὶνί

2185 2196 2708 2261 εἰσακουσθήσονται
2729 2188 2881 2258 παρὰ
2903 2187 2998 2240 τοῦ
3018 2185 3153 2238 Θεοῦ
3185 2185 3467 2252 εὐχόμενοι
3494 2181 3631 2246 ὑπὲρ
3649 2181 3750 2228 τοῦ

2186 2286 2338 2349 λαοῦ,
2359 2284 2452 2336 καὶ
2473 2283 2950 2352 πληροφορήσουσι
2968 2276 3256 2345 φυλάττειν
3279 2273 3344 2325 τὰ
3372 2268 3755 2339 παραδοθέντα

2189 2376 2293 2428 ὑπὸ
2331 2375 2439 2426 τῶν
2466 2374 2638 2438 ἁγίων
2697 2370 3036 2428 ἀποστόλων,
3082 2367 3176 2417 καὶ
3214 2365 3319 2416 ὑπὸ
3367 2363 3466 2429 τῆς
3517 2357 3754 2426 ἀρχαίας

2187 2467 2436 2533 ἀγράφου
2470 2459 2963 2529 -ἐκκλησιαστικῆς
2987 2454 3330 2516 ἀκολουθίας.

2261 2554 2641 2622 ΖΩΝΑΡᾸΙερὶ
2661 2551 3008 2621 σωφροσύνης
3025 2549 3117 2600 καὶ
3133 2544 3454 2613 ἐγκρατείας
3469 2541 3574 2592 τῶν
3595 2540 3760 2607 ίερω-

2202 2652 2374 2721 μένων
2402 2649 2430 2700 ό
2459 2645 2636 2698 κανὼν
2657 2641 2813 2702 οὗτος
2835 2639 3216 2706 διαλαμϐάνει,
3241 2636 3412 2702 λέγων
3446 2633 3570 2692 τοὺς
3599 2631 3754 2697 τρεῖς

2193 2741 2433 2810 βαθμοὺς
2476 2738 2599 2798 τοὺς
2636 2734 3046 2802 συμπλέξαντας
3087 2730 3338 2788 ἑαυτοὺς,
3377 2725 3469 2778 καὶ
3507 2724 3599 2805 διὰ
3647 2721 3752 2788 τῆς

2189 2829 2476 2892 ὁμολογίας
2512 2825 2863 2884 συνδεθέντας
2881 2825 2944 2890 τῇ
2980 2821 3190 2890 ἁγνείᾳ,
3222 2819 3388 2887 ήγουν
3419 2812 3754 2872 ἐπισκόπους

2191 2921 2285 2974 καὶ
2314 2916 2740 2988 πρεσϐυτέρους,
2765 2915 2859 2967 καὶ
2891 2913 3139 2973 Λευῖτας,
3163 2910 3412 2962 τουτέστι
3442 2903 3719 2963 διακόνους
3737 2940 3754 2963 ,

2191 3014 2319 3074 τοὺς
2350 3012 2759 3081 ὑπουργοῦντας
2780 3008 2892 3068 τοῖς
2927 3005 3091 3064 θείοις
3157 2997 3590 3068 καθιερὼμασιν,
3631 2993 3755 3060 ἦτοι

546 3080 919 3136 ministrantes
991 3088 1374 3140 continentiam
1448 3090 1498 3143 in
1570 3095 1815 3146 omnibus
1877 3111 2092 3150 servare

2198 3104 2257 3171 τῇ
2289 3080 2611 3169 ἀναιμάκτῳ
2649 3097 2809 3165 θυσία
2838 3098 2902 3163 τῇ
2938 3091 3338 3160 καθιερουμένῃ
3366 3088 3442 3155 τῷ
3471 3083 3612 3154 Θεῷ,
3643 3083 3760 3132 δεῖν

543 3177 810 3232 oportere.
841 3173 1025 3238 Neque
1051 3177 1099 3226 in
1135 3192 1237 3228 una
1263 3179 1472 3243 quidem
1502 3180 1674 3245 aliqua
1703 3199 1759 3236 re
1790 3188 2093 3241 moderatos

542 3272 684 3319 esse,
721 3260 920 3311 nullum
957 3277 1083 3314 vero
1113 3264 1348 3317 vicissim
1386 3265 1434 3316 in
1471 3269 1670 3332 reliqua
1723 3273 1843 3324 vitae
1889 3275 2094 3326 ratione

549 3348 811 3401 delectum
846 3351 1117 3414 adbibere,
1151 3356 1241 3405 sed
1294 3358 1702 3420 temperantiam
1740 3359 1792 3412 in
1843 3363 2094 3419 omnibus

544 3438 764 3500 sectari,
802 3438 899 3489 hoc
935 3451 1036 3505 ρει,
1083 3457 1271 3495 omnes
1317 3458 1565 3497 numeros
1593 3446 1804 3500 virtutis
1852 3449 2091 3518 implere,

545 3535 606 3577 ttt
641 3539 758 3586 quae
789 3540 814 3575 a
851 3525 956 3576 Deo
986 3528 1320 3592 simpliciter,
1360 3531 1460 3582 ltoc
1499 3541 1580 3583 est
1625 3531 1744 3584 sine
1778 3532 1879 3584 ulla
1929 3537 2096 3602 trepi-

546 3613 783 3673 datione,
819 3624 908 3665 aut
939 3616 1276 3670 haesitatione
1321 3621 1618 3683 postulant,
1672 3635 2092 3690 consequantur.

549 3699 684 3752 Sunt
714 3702 764 3753 bi
790 3716 1019 3768 namque
1049 3703 1191 3756 inter
1227 3706 1388 3760 Deum
1449 3719 1502 3760 et
1539 3712 1785 3765 homines
1833 3712 2095 3768 interces-

549 3804 716 3852 sores,
753 3793 840 3856 qui
879 3790 1087 3846 Numen
1130 3797 1337 3849 caeteris
1388 3798 1694 3854 hominibus
1750 3804 2097 3860 conciliantes

549 3881 792 3935 ﬁdelibus
819 3883 1066 3949 salutem,
1088 3886 1442 3955 universoque
1470 3901 1732 3944 terrarum
1761 3897 1877 3947 orbi
1913 3912 2095 3963 pacem

548 3971 859 4036 deposcunt.
895 3971 950 4024 Si
1008 3987 1065 4024 se
1097 3973 1255 4040 igitur
1308 3978 1360 4028 in
1400 3979 1542 4029 omni
1583 3979 1836 4033 virtutum
1882 4000 2097 4051 genere,

548 4061 744 4128 inquit,
781 4073 1091 4127 exerceant,
1128 4064 1398 4135 Dettn'que
1433 4069 1654 4133 proinde
1709 4071 1933 4126 ﬁdenter
1965 4076 2101 4130 allo—

546 4161 800 4217 quamur,
860 4153 932 4205 ita
995 4169 1214 4219 prorsus
1265 4155 1334 4209 ab
1386 4172 1452 4211 eo
1505 4175 1624 4227 quae
1688 4165 2097 4230 postulaverint,

550 4241 914 4306 impetrabunt
939 4259 954 4295 :
986 4254 1042 4294 at
1067 4243 1110 4296 si
1141 4244 1306 4299 libere
1335 4246 1578 4312 l0qnendi
1607 4249 1856 4305 facultate
1885 4254 2100 4321 ipsimet

549 4329 933 4393 destituantur,
969 4347 1075 4398 quo
1108 4345 1263 4398 pacto
1309 4334 1670 4401 deprecatoris
1714 4355 1905 4394 munus
1951 4343 2099 4396 obire

2195 3193 2520 3262 ἐγκράτειαν
2550 3193 2607 3241 ἐν
2633 3191 2798 3241 πᾶσιν
2831 3187 3040 3245 ἀσκεῖν,
3069 3183 3160 3234 καῖ⁵
3214 3181 3331 3247 οὐχὶ
3389 3180 3446 3229 ἐν
3502 3176 3578 3244 τῷ
3655 3173 3758 3242 μὲν

2194 3282 2481 3350 ἐγκρατεῖς
2511 3276 2669 3336 εἶναι,
2707 3281 2762 3328 ἐν
2785 3275 2860 3343 τῷ
2892 3275 2946 3325 δὲ
2971 3274 3123 3333 αὖθις
3154 3271 3459 3339 ἀδιαφόρως
3492 3268 3610 3335 ζῇν,
3634 3263 3761 3317 ἀλλ’

2195 3372 2251 3421 ἐν
2308 3371 2472 3420 πᾶσιν
2537 3367 2864 3436 ἐγκράτειαν
2936 3363 3197 3429 μετιέναι,
3253 3359 3518 3418 τουτέστι,
3569 3355 3759 3406 πᾶσαν

2196 3457 2520 3527 ἐργάζεσθαι
2562 3457 2783 3526 ἀρετὴν,
2819 3457 2986 3518 ὅπως,
3038 3455 3189 3520 φησὶ,
3242 3449 3539 3518 δυνηθῶσιν
3564 3448 3758 3498 ἐπιτυ-

2197 3548 2393 3617 χεῖν,’ἃ
2420 3547 2605 3608 ἁπλῶς
2646 3547 2857 3599 αἰτοῦσι
2894 3533 3042 3614 παρὰ
3069 3541 3226 3608 Θεοῦ,
3293 3542 3459 3610 ήγουν
3534 3535 3760 3590 ἀδιστά-

2201 3656 2343 3700 κτως
2378 3640 2474 3688 καὶ
2508 3639 2581 3704 μὴ
2616 3636 3034 3702 διακρινόμενοι.
3065 3631 3225 3687 Οὗτοι
3257 3634 3364 3700 γάρ
3405 3632 3507 3682 εἰσι
3540 3630 3760 3696 μεσῖται

2197 3727 2330 3778 Θεοῦ
2355 3728 2445 3778 καὶ
2460 3726 2782 3794 ἀνθρώπων,
2801 3726 3004 3790 ὲξιλεού
3015 3741 3164 3793 μενοι
3189 3725 3247 3776 τὸ
3277 3723 3434 3774 Θεῖον
3453 3723 3562 3781 τοῖς
3578 3718 3760 3779 ἄλλοις

2201 3817 2295 3868 καὶ¹
2328 3817 2603 3886 σωτηρίαν
2634 3816 2950 3883 αἰτούμενοι
2979 3818 3090 3876 τοῖς
3123 3815 3333 3874 πιστοῖς
3394 3812 3489 3865 καὶ
3535 3809 3761 3878 είρήνην

2200 3909 2276 3972 τῷ
2306 3908 2514 3976 κόσμῳ.
2553 3907 2614 3959 Et
2655 3907 2745 3959 οῦν
2779 3909 2981 3968 πᾶσαν,
3016 3907 3172 3974 φησὶ,
3233 3905 3588 3974 μετέρχονται
3633 3901 3765 3966 dp:-

2200 3997 2316 4064 τὴν,
2352 3997 2445 4047 καὶ
2479 3996 2620 4047 οὕτω
2656 3994 3128 4066 παρῤησιάζονται
3160 3993 3296 4062 πρὸς
3342 3993 3498 4050 Θεὸν,
3555 3988 3765 4058 τυγχά-

2201 4103 2342 4136 νοιεν
2366 4086 2542 4138 ἂνκαῖ
2565 4087 2677 4136 τῶν
2719 4087 2989 4152 αἰτήσεων
3020 4101 3029 4113 ·
3060 4083 3153 4147 ὡς,
3227 4083 3340 4147 είγε
3403 4081 3476 4149 μὴ
3548 4081 3766 4149 παρρη-

2204 4177 2322 4227 σίαν
2353 4177 2547 4243 ἔχοιεν,
2585 4175 2702 4236 πῶς
2739 4175 2803 4226 ἂν
2842 4176 2980 4242 ὑπὲρ
3037 4173 3211 4222 ἄλλων
3273 4170 3761 4240 πρεσϐεύσωνταις

2202 4263 2354 4316 Οὕτω
2370 4266 2474 4332 γὰρ
2502 4265 2638 4317 καὶᾶ
2655 4263 3097 4340 παραδεδώκασιν
3123 4265 3170 4314 οἱ
3201 4263 3505 4321 ἀπόστοὶοι,
3534 4258 3769 4327 φυλάξο-

2206 4368 2325 4417 μεν,
2361 4354 2454 4404 καὶ
2477 4353 2542 4405 τὰ
2593 4354 2679 4406 διὰ
2710 4352 2814 4422 τῆς
2843 4354 3198 4429 ἀρχαιότητος
3256 4349 3763 4420 κατακρατηοέντα,

549 4430 643 4483 pro
675 4417 795 4471 aliis
828 4422 1067 4486 queant?
1098 4421 1325 4478 Proinde
1381 4427 1481 4480 hac
1533 4430 1762 4492 ratione,
1797 4442 1848 4484 et
1877 4448 1996 4501 quae
2031 4436 2093 4487 ab

2204 4412 2371 4510 ήγουν
2433 4442 2528 4494 καὶ
2583 4446 2651 4495 τά
2703 4412 3021 4512 ἐγγράφως.
3050 4412 3515 4511 νενομοθετημένα
3561 4412 3662 4490 καὶ
3694 4440 3766 4491 τὰ

549 4511 802 4572 apostolis
829 4510 1044 4575 tradita,
1080 4522 1131 4565 et
1162 4529 1279 4581 quae
1312 4519 1513 4584 antiqui
1570 4521 1827 4587 temporis
1867 4537 2094 4578 consue-

552 4600 732 4651 tudine
786 4601 1063 4670 hucusque
1115 4614 1365 4670 usurpata
1426 4616 1587 4672 sunt,
1649 4610 1754 4664 hoc
1806 4622 1921 4676 est,
1985 4622 2094 4666 tum

2201 4533 2463 4601 ἀγράφως
2497 4534 2582 4586 διὰ
2609 4537 2709 4604 τῆς
2753 4542 2971 4604 μακρᾶς
3034 4533 3127 4587 καὶ
3180 4535 3410 4606 ἀρχαίας
3476 4531 3769 4601 συνηθείας

2202 4622 2572 4690 κρατήσαντα.

552 4702 612 4739 ea
689 4705 806 4756 quae
861 4694 1075 4762 scriptis
1147 4697 1398 4768 legibus,
1459 4710 1568 4753 tum
1641 4715 1702 4754 ea
1757 4717 1874 4768 qua:
1939 4704 2054 4759 sine
2111 4711 2324 4778 scriptis
2368 4712 2520 4780 longa
2574 4723 2628 4766 et
2673 4713 2890 4781 antiqua
2947 4710 3339 4766 consuetudine
3396 4708 3769 4784 continentur,

552 4783 906 4838 servabimus.

550 4893 774 4952 ARIST.
805 4896 1143 4968 «iEpisc0pus
1172 4911 1224 4953 et
1254 4904 1532 4974 presbyter
1554 4913 1605 4956 et
1634 4905 1895 4959 diaconus
1920 4917 2099 4959 castus

1035 5009 1052 5041 ι
1088 4994 1156 5045 sit
1188 5004 1239 5046 et
1272 4997 1570 5047 continens.
1618 5016 1634 5045 ι

1146 5124 1371 5180 CANON
1414 5126 1503 5180 IV.

555 5251 575 5284 ι
613 5230 814 5298 Placet,
850 5245 906 5288 ut
932 5237 1215 5306 episcopus
1241 5248 1292 5292 et
1331 5241 1613 5310 presbyter
1649 5251 1701 5294 ct
1731 5243 2008 5304 diaconus,
2042 5249 2096 5294 et.

2208 4906 2425 4958 ΑΡΙΣΤ.
2463 4925 2479 4956 ι
2519 4906 2868 4968 Ἐπίσκοπος,
2926 4904 3019 4958 καὶ
3073 4903 3466 4972 πρεσϐύτερος,
3527 4904 3620 4955 καὶ
3654 4903 3771 4956 διά-

2441 5015 2457 5046 ι
2496 5011 2669 5059 κονος,
2707 4995 2868 5061 ἁγνὸς
2907 4995 3046 5047 ἔστω
3072 4995 3165 5046 καὶ
3202 4996 3522 5064 ἐγκρατής.»

2838 5127 3072 5180 ΚΑΝΩΝ
3104 5132 3172 5180 Δ’.

2214 5257 2230 5289 ι
2282 5237 2526 5306 Ἀρέσκει
2583 5236 2667 5288 ἵνα
2723 5235 3019 5297 ἐπίσκοπος
3073 5235 3259 5304 (7)κα“ι
3283 5237 3645 5310 πρεσϐύτερος
3671 5242 3768 5294 καὶ

1767 5376 1959 5436 Guill.
1998 5373 2322 5448 Beveregii
2352 5381 2537 5432 notua.

629 5491 705 5559 (7)
745 5493 999 5558 Ἀρέσκει
1029 5499 1129 5549 ἵνα
1185 5498 1542 5564 ἐπίσκοπος.
1578 5501 1634 5553 1η
1687 5501 2029 5553 Balsautonis
2058 5511 2110 5553 et

559 5560 786 5614 Zonarm
824 5566 1232 5619 commentariis
1263 5560 1510 5620 antcltac’
1542 5571 1860 5630 impressis.
1899 5585 2107 5622 net-non

563 5631 616 5704 in
660 5630 854 5683 codice
892 5648 1162 5686 canonum
1209 5635 1465 5690 Ecclesiae
1526 5640 1820 5696 Africaine,
1877 5654 2113 5704 prmsens

566 5697 653 5750 hic
682 5715 852 5753 canon
893 5704 992 5755 hoc
1025 5704 1182 5757 modo
1215 5706 1440 5772 legitur:
1476 5707 1607 5775 Πείιὶ
1636 5697 1903 5775 διαφῧρων
1929 5708 2021 5770 τάξ
2052 5725 2124 5758 (ην

2216 5496 2544 5564 ὀφειλουσῶν
2579 5496 2878 5565 ἀπέχεσθαι
2902 5495 3193 5560 γυναικῶν.
3221 5499 3515 5558 Φαυστῖνος
3546 5499 3768 5550 ἐπίσκο-

2217 5583 2320 5627 πος
2357 5566 3088 5635 Πικένουλτῆςῌοτεντηνῇς
3137 5566 3318 5633 χώρας
3345 5607 3358 5629 ,
3392 5569 3768 5635 τοποτηρητὴς

2229 5637 2314 5698 τῆς
2358 5633 2685 5697 Ἐκκλησίας
2722 5633 2962 5700 Ῥώμης,
3007 5633 3160 5684 εἶπεν
3190 5649 3202 5663 ·
3244 5636 3488 5703 Ἀρέσκει
3535 5633 3617 5686 ἵνα
3643 5633 3765 5686 ἐπί-

2238 5721 2437 5762 exoro;
2473 5704 2564 5756 καὶ
2603 5705 2974 5770 πρεσϐύτερος
3008 5704 3096 5766 καὶ
3145 5705 3404 5767 διάκενος,
3445 5707 3531 5758 καὶ
3573 5706 3775 5767 πάντες
