4018 6306
528 318 598 379 39
1790 299 2073 360 TI-IEOD.
2117 298 2515 359 BALSAMON
3703 312 3774 373 ιο

517 426 592 480 De
642 439 736 478 sua
789 421 931 475 enim
985 419 1246 489 dignitate
1305 418 1358 472 in
1405 413 1700 485 periculum
1751 415 1949 479 veniet,
1986 413 2089 466 hoc

2203 409 2515 475 ἐκφεύξεται
2552 410 2641 461 τὸν
2679 411 2943 466 κίνδυνον.
2984 415 3333 474 Κινδυνεύσει
3373 423 3480 493 γὰρ
3521 425 3649 496 περὶ
3682 429 3777 496 τὴν

515 528 617 574 est,
670 515 989 580 deponatur.

584 603 836 658 ZONAR.
866 602 998 657 Cum
1023 603 1087 655 de
1133 598 1511 653 interdiceudo
1563 596 1775 651 clericis
1805 594 2079 649 fenerat-io

515 706 722 767 qnmstu
774 695 859 748 hic
916 707 1088 746 canon
1141 703 1364 744 acturus
1393 690 1484 752 sit,
1540 688 1606 742 de
1657 686 1881 740 avaritia
1918 688 2089 753 primo

515 789 758 850 disserit,
807 800 1034 852 eamque
1083 783 1323 837 onmimn
1378 780 1637 834 malormn
1687 789 1963 848 parentem
1997 794 2092 845 ap-

516 879 694 945 pellat,
724 877 1230 940 continendamque,
1277 875 1380 927 hoc
1423 882 1507 926 est
1545 871 1894 924 coercendam
1930 881 2090 938 atque

517 971 900 1038 amputandam
933 983 1053 1022 csse
1083 966 1345 1031 decernit,
1384 980 1448 1019 ne
1489 979 1575 1018 res
1607 964 1812 1017 alienas
1846 963 2086 1028 invadat,

515 1061 706 1129 eisque
755 1062 1029 1114 abutatur.
1080 1059 1321 1112 Abusum
1355 1070 1483 1110 vero
1513 1056 1887 1108 inconcessum
1919 1053 2089 1107 alicu-

513 1153 600 1220 ius
637 1152 713 1205 rei
747 1166 900 1203 usum
930 1149 1247 1202 nominavit.
1275 1146 1418 1201 Usus
1445 1159 1570 1198 vero
1625 1145 1699 1196 rei
1739 1144 2088 1196 inconcessus

515 1245 676 1298 etiam
732 1252 837 1304 est,
873 1240 1074 1310 aliquid
1106 1240 1349 1292 honestae
1375 1251 1554 1291 causae
1589 1244 1970 1306 praetexentem
2005 1249 2092 1286 res

515 1333 720 1387 alienas
767 1334 1003 1384 auferre.
1040 1329 1193 1391 Nam,
1242 1337 1294 1382 et
1339 1329 1432 1396 qui
1474 1326 1744 1391 hnerant,
1798 1326 1952 1394 quasi
2001 1324 2089 1392 qui

513 1422 701 1477 fenore
734 1422 1008 1490 accipiunt
1055 1421 1183 1473 illud
1239 1419 1293 1472 in
1351 1433 1506 1472 suum
1561 1419 1900 1472 c0mmodum
1961 1430 2091 1470 con-

515 1526 751 1575 vertant,
804 1516 875 1565 ita
909 1528 972 1564 ex
1021 1511 1205 1564 fenore
1255 1509 1406 1562 lucro
1447 1524 1568 1562 sese
1589 1509 1765 1575 [pOtiri
1799 1507 2087 1560 aﬂirmant.

515 1605 887 1659 llesecandam
934 1604 1116 1671 itaque
1161 1603 1318 1654 aliter
1371 1601 1654 1654 avaritiam
1694 1610 1959 1664 autumat,
2005 1615 2086 1665 ac,

515 1711 583 1750 ne
633 1697 766 1748 lucri
805 1695 1102 1762 cupiditate
1134 1693 1459 1746 constitutos
1491 1708 1517 1744 a
1549 1690 1800 1745 Patribus
1833 1693 2091 1746 terminos

512 1788 783 1855 quiSpiatn
823 1785 1114 1847 transiliat,
1151 1784 1559 1851 providendum.
1604 1781 1888 1835 Terminos
1928 1796 2090 1850 porro

514 1875 733 1930 Patrum
767 1891 951 1930 sacros
987 1890 1226 1928 C'JIIODES
1255 1875 1577 1928 nominavit.
1625 1874 1756 1926 Nam
1788 1882 1841 1926 et
1873 1883 2091 1926 5311010·

516 1986 634 2022 rum
676 1969 1039 2036 apostolorum
1083 1980 1276 2030 quarto
1324 1977 1376 2019 et
1416 1967 1833 2036 quadragesimo
1861 1978 2089 2030 canone,

514 2061 653 2114 sacri
700 2060 908 2113 ordinis
961 2059 1269 2111 hominibus
1302 2056 1550 2110 ferierare
1584 2071 1647 2109 ne
1677 2056 1860 2119 liceat,
1891 2055 2089 2109 consti-

515 2162 708 2204 tutum.
735 2151 800 2204 Et
823 2151 1005 2217 prima?
1024 2150 1373 2203 meumenicae
1393 2148 1583 2218 synodi
1614 2147 1824 2201 decimo
1843 2147 2089 2214 septimo,

513 2244 602 2311 qui
657 2253 1006 2295 recensentur
1060 2241 1110 2293 in
1157 2256 1383 2304 canone,
1463 2240 1509 2294 si
1573 2238 1726 2292 femus
1781 2247 2088 2302 exerceant,

514 2333 858 2402 depositione
888 2332 1185 2385 multantur
1209 2342 1266 2386 et
1317 2331 1767 2385 condemnamur.
1799 2328 1864 2382 Et
1899 2327 2094 2381 Laodi-

514 2440 660 2478 cenzc
707 2425 898 2492 synodi
938 2438 1108 2475 canon
1142 2422 1175 2475 4
1227 2420 1396 2474 sacris
1430 2419 1667 2472 initiatos
1713 2436 1824 2472 rem
1860 2419 2091 2487 aliquam

515 2518 704 2569 fenore
728 2515 907 2568 locare
937 2513 1157 2567 omnino
1198 2520 1366 2565 vetat.
1403 2510 1513 2563 Hos
1549 2526 1678 2584 ergo
1721 2525 1956 2564 canones
1995 2510 2095 2563 Pa-

519 2619 662 2661 trum
696 2607 955 2660 terminos
988 2605 1333 2673 nuncupavit.
1370 2602 1668 2656 Resecetur
1698 2617 1848 2664 vero,
1900 2601 2093 2670 inquit,

517 2697 858 2767 inexplebilis
906 2697 1131 2750 habendi
1165 2695 1458 2762 cupiditas,
1510 2705 1568 2746 ut
1613 2708 1680 2746 ne
1733 2693 1931 2747 clerico
1981 2691 2096 2746 cui-

517 2803 677 2858 quam
727 2803 938 2850 usuras,
977 2801 1300 2856 quacunque
1332 2785 1548 2838 den'tum
1577 2799 1644 2837 ex
1703 2800 1797 2859 re,
1821 2784 2098 2852 percipere

521 2880 628 2932 ullo
677 2883 833 2932 modo
864 2879 1040 2931 liceat.
1107 2876 1218 2930 Nec
1252 2879 1396 2929 enim
1462 2878 1690 2945 pecunia
1737 2875 2094 2937 solummodo,

520 2971 615 3022 sed
644 2969 975 3022 frumentum
1031 2984 1268 3036 quoque,
1311 2971 1494 3022 vinum
1547 2977 1599 3020 et
1626 2969 1825 3030 oleum,
1887 2965 2098 3033 aliaque

2192 501 2400 554 οἰκείαν
2433 502 2740 570 ἐπιτιμίαν,
2775 503 3019 566 τουτέστι
3053 509 3528 582 καθαιρεθήσεται.

2264 591 2512 645 ΖΩΝΑΡ.
2548 593 2685 661 Περὶ
2716 593 2808 646 τοῦ
2842 595 2916 664 μὴ
2945 598 3182 662 τοκίζειν
3215 601 3509 672 κληρικοὺς
3539 608 3565 659 ό
3599 609 3781 661 κανὼν

2192 678 2553 745 διατάξασθαι
2611 684 2860 749 μέλλων,
2919 688 3048 755 περὶ
3105 691 3414 762 ἀπληστίας
3465 698 3780 764 διαλέγεται

2192 772 2430 840 πρῶτον,
2465 773 2558 825 καὶ
2590 773 2791 845 ταύτην
2823 776 2968 831 εἶναί
3000 797 3132 850 φησι
3163 785 3272 836 τῶν
3305 788 3490 841 κακῶν
3523 791 3782 846 ἁπάντων

2195 860 2432 930 μητέρα,
2475 863 2540 933 ἣν
2583 867 2678 916 καὶ
2719 867 2942 936 ἐπέχειν
2984 871 3182 939 ὁρίζει,
3223 880 3472 931 τουτέστι
3521 882 3776 947 κωλύειν,

2192 951 2520 1005 ἀνακόπτειν
2541 996 2555 1018 ,
2591 955 2679 1008 ἴνα
2717 957 2791 1026 μὴ
2822 961 2933 1022 τοῖς
2966 962 3271 1034 ἀλλοτρίοις
3304 969 3644 1044 ἐπεμϐαίνῃ,
3679 976 3780 1027 καὶ

2191 1044 2599 1113 κατακέχρηται
2652 1049 2854 1112 αὐτοῖς.
2898 1053 3253 1124 Κατάχρησιν
3302 1058 3346 1110 δ’
3376 1059 3628 1129 ὠνόμασε
3679 1064 3782 1133 τὴν

2192 1136 2344 1201 παρὰ
2375 1136 2433 1187 τὺ
2469 1136 2586 1187 δέον
2617 1140 2846 1208 χρῆσιν·
2883 1144 3077 1212 χρῆσις
3121 1146 3175 1198 δὲ
3223 1151 3371 1218 παρά
3403 1153 3462 1204 τὸ
3505 1154 3624 1207 δέον
3657 1144 3782 1209 Earl

2191 1225 2286 1276 καὶ
2313 1224 2370 1275 τὸ
2398 1227 2726 1297 εὐαφόρμως
2753 1231 2896 1299 τάχα
2921 1235 2989 1285 τὰ
3019 1235 3280 1306 ἀλλότρια
3307 1241 3684 1314 ἀφαιρεῖσθαι.
3713 1251 3782 1302 Ol

2191 1315 2300 1384 γὰρ
2335 1316 2673 1383 δανείζοντες
2709 1322 2801 1373 ἐπὶ
2836 1325 3037 1388 τόκοις,
3071 1327 3147 1390 ὡς
3180 1329 3343 1398 δῆθεν
3375 1333 3782 1407 ὠφελουμένων

2191 1407 2297 1457 τῶν
2334 1407 2756 1476 δανειζομένων,
2798 1415 2860 1465 ἐκ
2901 1417 2991 1466 τοῦ
3033 1418 3226 1482 δανους
3270 1425 3405 1488 φασὶ
3448 1429 3540 1479 καὶ
3580 1431 3786 1494 αὐτοὺς

2194 1501 2563 1570 συμμετέχειν
2592 1503 2684 1552 τοῦ
2720 1505 2969 1572 κέρδους.
3002 1508 3112 1561 Καὶ
3147 1511 3322 1575 ἄλλως
3353 1515 3408 1567 δέ
3444 1517 3785 1574 ἀνακόπτειν

2192 1589 2305 1651 δεῖ,
2347 1594 2515 1662 φησὶ,
2553 1593 2649 1664 τὴν
2688 1596 3036 1664 πλεονεξίαν,
3075 1601 3163 1653 ἴνα
3203 1604 3276 1674 μὴ
3313 1604 3399 1657 διὰ
3434 1608 3621 1676 κέρδος
3651 1610 3786 1674 τοὺς

2192 1682 2299 1732 τῶν
2329 1684 2588 1744 Πατέρων
2619 1687 2777 1753 ὄρους
2807 1705 2889 1750 τις
2921 1691 3248 1764 ὑπερόαίνῃ,
3280 1696 3438 1766 ὅρους
3465 1700 3573 1751 τῶν
3603 1703 3785 1756 Πατέ-

2196 1790 2305 1841 ρων
2335 1775 2463 1834 τοὺς
2502 1778 2681 1844 ἱεροὺς
2719 1781 2950 1844 κανόνας
2989 1782 3194 1838 καλῶν.
3224 1787 3292 1839 Ὅ
3325 1804 3383 1840 τε
3423 1790 3531 1860 γὰρ
3573 1791 3654 1862 μδ’
3681 1811 3788 1847 κα-

2194 1864 2300 1917 νὼν
2343 1867 2449 1917 τῶν
2491 1867 2807 1922 ἀποστόλων
2851 1873 2912 1924 τὸ
2957 1873 3226 1939 δανείζειν
3270 1880 3395 1941 τοὺς
3448 1882 3784 1949 ίερωμένους

2194 1958 2286 2010 ἐπὶ
2314 1960 2492 2020 τόκοις
2523 1961 2881 2032 ἀπαγορεύει,
2916 1967 3009 2018 καί⁸
3036 1968 3062 2019 ό
3088 1968 3186 2035 τῆς
3216 1969 3440 2041 πρώτης
3469 1975 3785 2046 οξκουμενις

2195 2049 2296 2116 κῆς
2332 2050 2552 2103 συνόδου
2592 2050 2653 2115 ιζ’
2679 2053 2860 2106 κανὼν
2892 2054 3212 2123 καθαιρέσει
3245 2060 3647 2116 καθυποὸάλλει
3682 2068 3785 2120 καὶ

2194 2140 2548 2203 καταδικάζει
2590 2144 2715 2204 τοὺς
2760 2146 2818 2195 ἐν
2860 2145 2938 2214 τῷ
2983 2147 3168 2198 κανόνι
3215 2147 3639 2219 ἐξεταζομένους
3683 2157 3786 2208 ἐπὶ

2193 2235 2371 2297 τόκοις
2406 2235 2775 2299 δανείζοντας.
2808 2236 2920 2290 Καὶ
2951 2239 2979 2289 ό
3010 2237 3111 2306 τῆς
3144 2242 3201 2290 ἐν
3232 2240 3523 2314 Λαοδικείᾳ
3560 2247 3781 2301 συνόδου

2194 2323 2233 2376 δ’
2262 2325 2442 2377 κανὼν
2468 2328 2769 2396 ἀποτρέπει
2799 2329 2910 2388 τοῖς
2943 2329 3241 2395 ἱερατικοῖς
3265 2331 3325 2382 τὸ
3354 2332 3450 2383 ἐπὶ
3477 2335 3656 2398 τόκοις
3682 2337 3783 2389 δα-

2195 2417 2410 2481 νείζειν.
2446 2419 2683 2481 Τούτους
2713 2414 2807 2471 οὖν
2837 2420 2965 2482 τοὺς
2999 2422 3231 2484 κανόνας
3263 2423 3423 2490 ὄρους
3458 2426 3565 2481 τῶν
3600 2429 3781 2482 nati-

2198 2519 2307 2578 ρων
2343 2509 2621 2564 ἐκάλεσεν.
2652 2511 3066 2567 Ἀνακοπτέσθω
3092 2515 3167 2579 δέ,
3200 2519 3392 2586 φησὶν,
3421 2521 3452 2589 ὴ
3479 2519 3781 2589 ἀπληστία,

2197 2602 2293 2651 καὶ
2327 2601 2414 2652 ῖνα
2451 2602 2525 2669 μὴ
2563 2600 2656 2670 ἐξῇ
2694 2602 2942 2673 κληρικῷ
2977 2606 3251 2675 οἱῳδήτινι
3283 2610 3443 2664 τόκον
3475 2610 3783 2679 λαμϐάνειν

2197 2689 2302 2742 ἀπὸ
2337 2693 2654 2760 οίουδήποτε
2693 2694 3043 2763 πράγματος.
3081 2699 3156 2750 Οὐ
3197 2701 3359 2767 μόνον
3392 2702 3503 2772 γὰρ
3536 2703 3786 2772 ἀργύρια

2199 2783 2553 2848 δανείζονται,
2584 2785 2719 2836 ἀλλά
2752 2789 2844 2838 καὶ
2878 2791 3022 2850 σῖτος
3055 2791 3149 2841 καὶ
3179 2786 3322 2853 οἶνος
3354 2794 3446 2844 καὶ
3477 2793 3654 2845 ἔλαιον
3685 2793 3784 2845 καὶ

2205 2873 2373 2943 μυρία
2411 2874 2574 2937 ἕτερα
2611 2877 2746 2945 εἴδη.
2784 2876 2895 2928 Kal
2931 2877 3121 2948 ὥσπερ
3159 2880 3391 2934 ἐπὶτῶν
3423 2883 3782 2953 νομισμάτων

2204 2969 2578 3035 συμφωνεῖται
2616 2966 2853 3019 δίδοσθαι
2891 2970 3068 3034 τόκος,
3104 2969 3246 3025 οὕτω
3291 2975 3385 3025 καὶ
3429 2976 3523 3026 ἐπὶ
3554 2974 3663 3025 τῶν
3704 2976 3788 3026 sl-

523 3076 703 3114 rerum
767 3076 964 3130 genera
1030 3060 1444 3113 innumerabilia
1494 3058 1667 3111 fenori
1726 3057 1991 3110 locantur.
2035 3055 2093 3108 Et

2203 3056 2325 3111 δῶν.
2359 3060 2628 3122 Δανείζων
2661 3061 2768 3128 γάρ
2801 3077 2883 3122 τις
2921 3063 3065 3114 σῖτον
3097 3063 3258 3132 τυχὸν
3295 3064 3509 3129 μοδίους
3544 3066 3740 3118 ἑκατὸν
3763 3106 3778 3130 ,

519 3155 970 3221 quemadmodum
1007 3152 1056 3203 in
1098 3151 1345 3221 pecunia,
1379 3149 1452 3202 ita
1488 3164 1552 3202 ex
1617 3149 1865 3203 condicto
1921 3164 2098 3202 usura:

520 3246 572 3298 in
605 3247 726 3299 aliis
752 3261 930 3298 rerum
968 3247 1260 3312 generibus
1315 3245 1630 3310 exiguntur.
1695 3239 1847 3294 Datis
1906 3254 2100 3308 nempe

519 3341 814 3409 quispiam,
845 3340 1076 3407 exempli
1122 3353 1309 3398 causa,
1348 3336 1554 3389 mutuis
1587 3345 1804 3388 centum
1842 3332 2097 3386 frumenti

523 3434 744 3496 modiis,
781 3433 1050 3499 praeﬁnito
1079 3439 1322 3496 tempore
1358 3422 1546 3494 elapso
1601 3437 1813 3479 centum
1853 3440 1911 3477 se
1948 3427 2096 3478 insu-

524 3541 624 3596 per
673 3524 979 3578 modiorum
1036 3536 1320 3574 numerum
1386 3526 1736 3585 accepturum
1790 3517 2098 3585 paciscitur,

524 3616 686 3682 idque
717 3615 770 3666 in
803 3614 924 3667 aliis
947 3614 1135 3666 eodem
1174 3612 1352 3662 modo.
1387 3606 1463 3662 Ne
1510 3608 1632 3676 quis
1666 3608 1828 3676 igitur
1865 3617 2011 3660 esset
2047 3607 2100 3658 in

526 3707 881 3760 adulterando
908 3719 1111 3757 canone
1134 3701 1307 3755 fraudi
1362 3700 1534 3763 locus,
1567 3701 1639 3753 ita
1688 3708 1805 3753 uta
1871 3698 2098 3768 pecunia

525 3797 739 3864 quidem
773 3794 1088 3855 feneranda,
1123 3809 1226 3846 non
1257 3804 1434 3845 tamen
1466 3797 1531 3845 ab
1570 3792 1750 3845 usuris
1785 3806 1846 3845 ex
1873 3791 2099 3843 aliarum

527 3905 709 3943 rerum
766 3888 1063 3940 mutatione
1088 3886 1406 3952 colligendis
1451 3886 1648 3937 sacrati
1680 3886 1926 3937 homines
1979 3881 2102 3933 abs-

529 3983 801 4043 tinerent;
855 3978 1058 4032 idcirco
1085 3975 1298 4039 Patres,
1337 3990 1403 4028 ne
1426 3990 1489 4028 ex
1527 3989 1852 4043 quacunque
1896 3987 1952 4025 re
2007 3971 2102 4025 de-

530 4089 674 4126 mum
714 4085 910 4124 usuras
955 4068 1233 4138 percipere
1268 4067 1447 4129 liceat,
1481 4067 1752 4120 addidere.
1784 4066 1860 4117 Ae
1887 4079 1948 4118 ea
1985 4065 2104 4133 qui-

528 4162 670 4227 detn,
703 4161 972 4228 inquiunt,
1005 4174 1124 4228 quae
1182 4157 1344 4210 relata
1398 4173 1590 4224 nuper,
1652 4158 1752 4209 hoc
1802 4167 1904 4218 est,
1951 4156 2104 4209 nobis

530 4253 832 4320 sigttiliCatn
868 4260 1015 4312 Sttnl,
1069 4246 1300 4300 obscura
1356 4241 1574 4313 quippe,
1612 4245 1662 4298 id
1715 4255 1816 4308 est,
1878 4246 2103 4309 incerta,

531 4342 768 4396 involuta
797 4341 1032 4395 tenebris
1069 4349 1120 4393 et
1155 4341 1355 4408 ignota,
1392 4335 1836 4400 eli‘ormabuntur,
1872 4337 1969 4391 hoc
1999 4346 2100 4402 est,

531 4453 560 4489 a
593 4437 743 4489 nobis
774 4445 1028 4488 accnrate
1053 4435 1307 4486 meditata
1339 4431 1697 4483 delinientur:
1725 4445 1844 4499 quae
1875 4445 2004 4485 vero
2021 4432 2103 4484 di-

533 4526 670 4578 vina:
705 4525 998 4594 Scriptura:
1027 4525 1263 4578 oraculis
1320 4525 1660 4592 prsescripta,
1726 4524 1839 4576 sive
1902 4523 2107 4576 consti-

535 4628 670 4681 tata,
696 4619 914 4669 decreta
946 4624 1095 4680 sunt,
1122 4616 1251 4667 nihil
1272 4616 1338 4668 de
1375 4616 1439 4666 iis
1467 4616 1759 4682 quidquam
1792 4617 2102 4678 decernere,

534 4709 636 4760 hoc
666 4715 746 4758 est
774 4744 788 4767 ,
846 4707 1178 4758 Constituere
1204 4743 1217 4768 ,
1275 4706 1368 4757 sed
1399 4717 1461 4756 ea
1490 4741 1504 4765 ,
1544 4719 1660 4771 qua}
1715 4706 1825 4773 jam
1887 4705 2104 4757 definita

533 4809 681 4860 sunt,
711 4798 862 4864 sequi
892 4812 956 4849 ac
984 4810 1202 4848 servare
1233 4804 1465 4862 oportet.
1499 4795 1701 4848 Divina:
1763 4810 1923 4859 porro
1955 4796 2102 4850 Scri-

535 4896 707 4955 pturae
733 4886 1090 4952 appellatione
1160 4899 1343 4938 sacros
1399 4899 1636 4937 canones
1695 4898 1759 4936 ac
1811 4882 2106 4954 Scriptura:

536 4979 841 5032 testimonia
876 4978 1222 5046 signiﬁcavit,
1257 4975 1412 5045 quale
1435 4976 1565 5029 illud
1619 4985 1732 5028 est:
1768 4974 1890 5028 Non
1953 4975 2106 5030 dabis

538 5071 691 5140 [rutra
722 5079 809 5120 tua
832 5072 1105 5138 pecuniam
1142 5071 1208 5120 ad
1233 5085 1485 5135 usuram;
1512 5079 1564 5124 et
1594 5070 1744 5133 illud,
1815 5067 2108 5123 Pecuniam

538 5179 684 5215 suam
738 5179 838 5214 non
866 5162 1007 5214 dedit
1038 5163 1105 5215 ad
1142 5179 1385 5224 usuram,
1414 5172 1466 5214 et
1491 5177 1822 5230 quacunque
1872 5163 1976 5215 alia
2010 5163 2108 5214 ltu-

535 5255 768 5323 jusmodi
806 5259 1169 5323 reperiuntur.
1235 5253 1372 5306 Hinc.
1402 5255 1662 5307 rationem
1729 5270 1965 5323 quoque,
2014 5271 2110 5308 cur

544 5355 778 5403 sacratis
826 5351 1134 5404 hominibus
1176 5348 1426 5404 fenerare
1479 5349 1792 5404 indecorum
1839 5367 1902 5405 ac
1956 5360 2110 5418 turpe

543 5447 633 5506 sit,
660 5441 952 5508 esplicant.
979 5442 1129 5506 Quod
1189 5442 1332 5494 enim
1387 5442 1436 5493 iu
1502 5440 1678 5505 laicis,
1712 5443 1983 5509 inquiunt,
2025 5456 2111 5493 an-

545 5547 659 5584 sam
701 5533 1135 5600 reprehensionis
1164 5535 1386 5602 pra:het,
1419 5533 1520 5587 hoc
1571 5543 1673 5598 est,
1738 5533 2114 5601 vituperationi

546 5625 1025 5693 criminationique
1080 5628 1373 5679 obnoxium
1428 5635 1547 5690 est,
1609 5626 1777 5678 multo
1834 5626 2003 5694 magis
2060 5627 2112 5679 in

547 5719 759 5775 clericis
792 5718 952 5776 fuerit
976 5721 1466 5776 condemnandum.
1490 5719 1568 5774 Ad
1601 5719 1712 5774 haec
1759 5721 1989 5789 synodus
2022 5735 2112 5774 ne-

2203 3154 2484 3217 συμφωνεῖ
2533 3151 2717 3204 λαὸεῖν
2770 3152 2910 3221 μετά
2962 3157 3156 3223 καιρὸν
3204 3155 3510 3226 ὡρισμένον
3564 3160 3785 3229 μοδίους

2201 3242 2457 3294 ἐπέκεινα
2498 3243 2711 3309 τόσους,
2759 3246 2853 3296 καὶ
2898 3246 2992 3297 ἐπὶ
3034 3247 3144 3299 τῶν
3188 3248 3365 3302 ἄλλων
3408 3249 3633 3318 ὁμοίως.
3663 3251 3785 3303 Ἵνα

2200 3333 2292 3385 οὖν
2333 3336 2406 3403 μὴ
2447 3336 2859 3406 περι-γράφηται
2899 3341 2926 3389 ὁ
2967 3337 3172 3404 κανὼν,
3208 3340 3524 3409 νομίσματα
3567 3342 3664 3409 μὲν
3706 3342 3787 3412 μὴ

2200 3424 2554 3486 δανειζόντων
2591 3428 2692 3478 ἐπὶ·
2719 3428 2862 3497 τόκῳ
2895 3428 3003 3480 τῶν
3041 3429 3389 3499 ἱερωμένων,
3428 3432 3486 3484 ἐν
3522 3433 3686 3485 εῖδεσι
3725 3433 3786 3485 δὲ

2201 3515 2359 3566 τοῦτο
2412 3516 2741 3580 ποιούντων,
2786 3518 3114 3587 προσέθεντο
3157 3522 3208 3572 ol
3254 3522 3535 3591 Πατέρες,
3583 3522 3789 3592 οίουδήο

2204 3625 2334 3660 ποτε
2376 3609 2720 3678 πράγματος.
2765 3609 2876 3662 Καὶ
2913 3610 2980 3663 τὰ
3025 3611 3125 3680 μὲν
3167 3614 3359 3666 νεωστὶ
3397 3615 3784 3685 ἀνενεχθέντα,

2201 3699 2479 3751 τουτέστιν
2503 3701 2948 3770 ύπομνησθέντα,
2974 3704 3160 3771 φασὶν,
3186 3704 3414 3774 ἀμαυρά
3438 3705 3588 3774 ὄντα,
3613 3708 3786 3778 ἧγουν

2202 3793 2415 3861 ἀσαφῆ,
2448 3795 2701 3845 σκοτεινά
2721 3834 2736 3858 ,
2767 3794 3111 3863 ἀγνοούμενα
3134 3834 3148 3858 ,
3177 3797 3629 3867 τυπωθήσονται,
3662 3798 3788 3851 ἀντὶ

2203 3882 2720 3965 τοῦἱόρισθήσονται
2762 3881 2891 3953 παρ’
2918 3885 3076 3954 ἡμῶν
3119 3889 3493 3956 σκοπούμενα,
3534 3887 3569 3942 ἃ
3613 3891 3709 3942 καὶ
3752 3891 3788 3960 ἠ

2206 3971 2324 4023 θεία
2352 3972 2542 4044 Γραφὴ
2568 3973 2874 4036 ἐθέσπισεν,
2906 3975 3024 4043 ἦτοι
3050 3976 3435 4046 ἐνομοθέτησε,
3465 3978 3786 4048 δωρίσατο,

2205 4065 2334 4131 περὶ
2371 4065 2593 4116 ἐκείνων
2629 4064 2688 4116 ού
2727 4063 2809 4115 δεῖ
2843 4064 3200 4134 ψηφίζεσθαι,
3239 4069 3520 4120 τουτέστιν
3559 4069 3790 4136 ἀποφαίο

2207 4159 2425 4221 νεσθαι,
2456 4157 2591 4210 ἀλλά
2627 4159 2720 4209 καὶ
2754 4157 2984 4210 ἕπεσθαι
3019 4159 3113 4210 καὶ
3148 4159 3466 4212 ἀκολουθεῖν
3499 4162 3614 4224 τοῖς
3646 4177 3792 4214 νενο⁸

2211 4249 2623 4319 μοθετημένοις.
2650 4249 2812 4300 Θείαν
2841 4249 2895 4301 δὲ
2925 4249 3150 4318 Γραφὴν
3177 4250 3304 4313 τούς
3331 4268 3391 4302 τε
3426 4252 3605 4320 ίεροὺς
3637 4252 3794 4304 κανόο

2210 4357 2304 4404 νας
2324 4340 2596 4408 ὠνόμασε,
2617 4341 2712 4399 τὰς
2736 4340 3106 4417 γραφικάἱρή
3118 4356 3251 4404 σεις,
3270 4341 3328 4392 τὺ
3353 4343 3476 4394 Οὺκ
3499 4341 3793 4408 extorum}

2214 4432 2276 4482 τὸ
2301 4430 2588 4497 ἀργύριόν
2603 4442 2720 4481 σου
2738 4429 2816 4493 τῷ
2840 4427 3080 4497 ἀδελφῷ
3104 4445 3242 4493 σου,
3262 4431 3358 4483 καὶ
3374 4431 3454 4496 τὸ,
3483 4433 3794 4500 Ἀργύριον

2213 4520 2398 4574 αὑτοῦ
2425 4521 2536 4573 οὐκ
2564 4519 2788 4573 ἔδωκεν
2808 4520 2907 4573 ἐπὶ
2937 4521 3108 4585 τόκῳ,
3139 4519 3232 4572 καὶ
3257 4521 3356 4573 ὅσα
3380 4522 3625 4576 τοιαῦτα.
3655 4519 3790 4577 Εἶτα

2214 4612 2310 4665 καὶ
2340 4609 2811 4674 κατασκευάζουσι
2839 4609 2956 4672 πῶς
2982 4610 3183 4664 ἄτοπόν
3209 4614 3326 4664 ἐστι
3356 4615 3450 4664 καὶ
3479 4615 3702 4684 αἰσχρὸν
3729 4617 3792 4669 τὸ

2216 4703 2480 4766 δανείζειν
2508 4702 2601 4753 ἐπὶ
2630 4704 2810 4764 τόκοις
2838 4702 2962 4763 τοὺς
2996 4702 3351 4770 ίερωμένους,
3386 4704 3480 4756 καί
3512 4720 3676 4772 φασιν
3705 4709 3790 4761 ὄτι

2216 4795 2352 4862 ὅπερ
2385 4808 2441 4848 ἐν
2469 4796 2679 4856 λαῖκοῖς
2711 4793 3044 4862 ἐπιλήψιμόν
3074 4794 3243 4855 ἐστιν,
3276 4794 3441 4863 ήγουν
3467 4796 3668 4863 ψεκτὸν
3695 4801 3792 4852 καὶ

2210 4887 2630 4956 διαϐαλλόμενον
2650 4926 2664 4950 ,
2695 4885 3008 4944 ἀκολούθως
3037 4886 3095 4936 ὲν
3125 4884 3412 4956 κληρικοῖς
3447 4888 3626 4958 πολλῷ
3660 4892 3792 4958 μᾶλ-

2213 4981 2303 5032 λον
2341 4979 2544 5045 ὀφείλει
2584 4975 3065 5040 καταδικάζεσθαι.
3105 4978 3247 5045 Πρὸς
3284 4978 3458 5030 ταῦτα
3498 4980 3532 5049 ἡ
3572 4980 3791 5044 σύνοδος

2213 5068 2366 5123 εἶπεν
2387 5087 2400 5101 ·
2431 5071 2619 5131 Οὐδεὶς
2650 5068 2791 5121 κατά
2824 5070 2933 5120 τῶν
2966 5071 3285 5139 προφητῶν,
3315 5069 3492 5131 οὐδεὶς
3524 5073 3666 5125 κατά
3695 5073 3790 5126 τοῦ

2215 5162 2549 5229 Εὐαγγελίου
2581 5163 2753 5230 χωρὶς
2788 5160 3031 5214 κινδύνου
3068 5160 3343 5229 ἐποίησεν.
3373 5162 3542 5214 Τοῦτο
3573 5162 3617 5214 δ’
3640 5163 3790 5215 ἐστιν

2213 5253 2240 5306 ὃ
2270 5250 2422 5305 εἶπον
2440 5269 2456 5286 ο
2481 5253 2582 5316 ὃτι,
2609 5253 2731 5303 ἐπεὶ
2758 5250 2850 5304 καὶ
2874 5255 2940 5322 τῇ
2974 5252 3310 5322 παλαιοτέρα
3339 5254 3554 5324 Γραφῇ,
3581 5258 3789 5324 ταύτην

2216 5346 2324 5415 γὰρ
2354 5345 2443 5398 διὰ
2471 5345 2580 5397 τῶν
2610 5346 2904 5415 προφητῶν
2935 5345 3190 5414 ᾐνίξατο,
3225 5349 3317 5397 καὶ
3351 5350 3414 5416 τῇ
3446 5348 3571 5418 νέᾳ,
3606 5347 3673 5417 ἢν
3701 5348 3790 5400 διὰ

2216 5438 2308 5490 τοῦ
2351 5438 2682 5506 Εὑαγγελίου
2724 5439 3015 5507 ἐνέφηνεν,
3054 5439 3543 5506 ἀποτετραμμένον
3576 5441 3693 5490 ἐστὶ
3730 5439 3790 5489 τὸ

2217 5529 2449 5594 τοκίζειν
2470 5568 2484 5594 ,
2514 5530 2685 5591 οὐδεὶς
2720 5530 2891 5582 ποιῶν
2921 5529 2989 5581 τὰ
3022 5529 3447 5598 ἀπηγορευμένα
3483 5529 3673 5591 αὑταῖς
3706 5529 3792 5580 ἐκο

2218 5624 2472 5691 φεύξεται
2517 5622 2614 5691 τὴν
2658 5622 2923 5677 κίνδυνον.
2968 5621 3322 5674 Κινδυνεύσει
3367 5621 3475 5690 γάρ
3525 5623 3651 5693 περὶ
3690 5619 3807 5692 τὴν

2219 5718 2423 5772 οἰκείαν
2455 5718 2752 5786 ἐπιτιμίαν,
2780 5718 3026 5771 τουτέστι
3057 5717 3543 5778 καθαιρεθήσεται.
