4018 6306
608 299 675 359 43
1836 312 2109 375 THEOD.

2233 310 2540 373 .LSAMON
3707 312 3779 371 4⁸

606 414 827 482 mystica
871 417 1133 482 peractio.
1202 421 1586 480 Reconciliatio
1646 428 2015 496 pmnitentinin
2062 435 2133 477 cst

2242 437 2334 489 pou
2361 422 2547 490 τελετή
2569 435 2586 453 ο
2634 418 2948 489 καταλλαγὴ
2984 418 3385 489 μετανοούντων
3426 419 3487 470 τὸ
3533 417 3779 487 δέχεσθαι

608 517 789 554 eorum
817 505 905 572 qui
947 518 1192 573 peccant,
1231 512 1593 569 confessiones
1635 516 1839 578 audire,
1873 526 1927 568 et
1979 528 2071 570 eos
2115 530 2144 569 a

609 606 764 659 pinna
810 600 1036 661 solvere,
1090 600 1282 663 quibus
1330 617 1486 668 paena
1547 605 1679 658 forte
1756 606 1990 673 injuncla
2039 617 2142 661 est.

609 681 839 737 Medicus
863 685 1001 737 enim
1025 688 1213 742 animae
1228 704 1316 743 eos
1332 690 1491 761 520
1504 693 1607 747 Deo
1625 697 1891 759 conciliat,
1919 710 2012 762 per
2037 710 2147 763 pce-

606 773 883 826 nitentiam
933 784 986 828 et
1034 780 1098 829 ad
1133 779 1182 831 id
1224 782 1362 846 quod
1387 784 1573 836 melius
1602 795 1682 836 est
1718 786 2139 838 conversionem.

608 862 908 916 Puellarum
944 874 1118 918 autem
1171 872 1528 933 consecratio,
1563 886 1665 924 non
1697 884 1777 927 est
1806 874 2143 927 diaconissa-

606 966 722 1003 rum
755 968 851 1020 per
884 970 1131 1008 manuum
1160 956 1552 1025 impositionem
1587 964 1869 1027 ordinatio,
1908 964 2001 1017 sed
2028 979 2142 1019 mos

606 1049 721 1093 erat
760 1044 958 1107 puellas
997 1044 1353 1111 virginitatem
1395 1050 1710 1114 profitentes
1752 1051 1818 1105 ad
1861 1053 2138 1105 ecclesiam

604 1131 815 1197 adduci,
836 1141 888 1185 et
919 1148 1012 1186 eas
1039 1135 1299 1202 episcopi,
1331 1147 1387 1188 ut
1423 1137 1529 1191 Deo
1559 1140 1852 1203 dedicatas,
1901 1156 1995 1207 per
2018 1155 2142 1206 pre-

604 1236 693 1273 ces
716 1222 1119 1287 consecrabant,
1168 1239 1454 1294 earumque
1498 1230 1750 1283 custodia:
1772 1246 1954 1283 curam
1988 1244 2141 1297 gere-

606 1311 754 1373 bant,
782 1320 837 1363 ut
874 1327 938 1364 ex
968 1313 1035 1365 44
1066 1329 1273 1369 canone
1299 1318 1573 1383 praesentis
1597 1319 1781 1387 synodi
1813 1320 2137 1372 declaratur.

603 1400 724 1453 llaec
770 1416 897 1471 ergo
953 1419 978 1454 a
1036 1406 1360 1474 presbyteris
1418 1407 1528 1458 fieri
1575 1408 1843 1474 prohibuit
1870 1408 2137 1477 synodus,

602 1496 1045 1557 quemadmodum
1103 1504 1156 1547 et
1212 1496 1531 1563 templorum
1562 1498 2057 1562 consecrationem;
2086 1505 2141 1550 et

601 1594 784 1631 corum
818 1580 1121 1633 facultatem
1178 1583 1323 1636 dedit
1366 1584 1716 1639 antistitibus.
1751 1586 1880 1639 illud
1936 1594 2136 1647 autem,

600 1668 815 1733 publico
843 1671 917 1721 rei
945 1685 1111 1722 sacrae
1150 1670 1445 1725 ministerio
1488 1674 1859 1738 reconciliare,
1889 1683 1970 1726 est
1994 1675 2137 1741 ejus-

2243 510 2531 576 λογισμοὺς
2568 508 3015 577 ἁμαρτανόντων,
3048 510 3141 561 καὶ
3172 508 3317 560 λύειν
3346 508 3469 568 τοὺς
3496 506 3627 568 ἴσως
3655 509 3773 560 ἐπι-

2243 600 2565 669 τιμηθέντας
2591 602 2653 651 ἐκ
2682 598 2775 650 τοῦ
2800 600 3097 667 ἐπιτιμίου.
3130 597 3504 650 Καταλλάσσει
3532 598 3637 665 γὰρ
3660 596 3779 648 τού-

2242 706 2367 750 τους
2400 691 2427 741 ό
2456 688 2681 756 ψυχικὸς
2719 688 2900 757 ίατρὸς
2930 691 3065 756 μετὰ
3093 689 3185 738 τοῦ
3214 684 3346 737 Θεοῦ
3376 686 3461 737 διὰ
3488 688 3586 753 τῆς
3621 701 3780 751 μετα-

2244 778 2388 839 νοίας
2424 779 2515 829 καὶ
2544 778 2640 843 τῆς
2675 778 2810 846 πρὸς
2845 776 2903 829 τὸ
2938 778 3180 844 κρεῖττον
3211 776 3562 843 ἐπιστροφῆς.
3592 774 3782 841 Κορῶν

2240 865 2298 918 δὲ
2348 866 2668 935 καθιέρωσις
2719 866 2838 934 οὐχὶ
2881 864 3229 917 διακονισσῶν
3264 864 3567 933 χειροθεσία
3603 864 3781 914 ἐστίν·

2242 956 2356 1008 ἀλλ’
2388 954 2503 1016 ἐθος
2534 950 2599 1023 ἦν
2632 955 2803 1023 κόρας
2842 954 3208 1021 προσάγεσθαι
3244 957 3311 1022 τῇ
3348 953 3610 1021 ἐκκλησίᾳ
3642 968 3781 1020 παρ-

2242 1043 2420 1095 θενίαν
2473 1043 2852 1111 ὁμολογούσας,
2903 1043 2995 1094 καὶ
3045 1040 3238 1101 ταύτας
3279 1042 3327 1092 oi
3380 1040 3659 1093 ἐπίσκοποι
3708 1040 3782 1091 δι’

2240 1132 2415 1198 εὐχῶν
2472 1132 2780 1199 καθιέρουν,
2836 1130 2911 1192 ὡς
2960 1132 3311 1191 ἀνατεθείσας
3366 1131 3443 1197 τῲ
3496 1130 3633 1196 Θεῷ,
3691 1128 3782 1179 καὶ

2239 1222 2431 1274 ἐκεῖνοι
2460 1221 2769 1291 ἐφρόντιζον
2798 1223 2893 1289 τῆς
2920 1221 3168 1288 φυλακῆς
3196 1220 3371 1273 αὐτῶν
3392 1218 3572 1280 καθὼς
3598 1217 3783 1286 δηλοῦν

2237 1325 2323 1361 ται
2368 1310 2474 1361 ἀπὸ
2523 1308 2615 1361 τοῦ
2673 1306 2750 1377 μδ¹
2802 1310 3021 1369 κανόνος
3074 1310 3170 1377 τῆς
3225 1308 3501 1376 παρούσης
3546 1307 3785 1359 συνόδου.

2238 1397 2419 1450 Ταῦτα
2465 1395 2556 1450 οὖν
2591 1398 2831 1467 γίνεσθαι
2873 1397 3025 1465 παρά
3068 1396 3449 1465 πρεσϐυτέρων
3488 1397 3519 1463 ή
3570 1394 3781 1454 σύνοδος

2238 1488 2611 1555 ἀπηγόρευσεν
2630 1524 2644 1547 ,
2671 1486 2856 1555 ὥσπερ
2884 1486 2977 1537 καὶ
2995 1487 3091 1555 τὴν
3117 1485 3224 1537 τῶν
3254 1485 3397 1535 ναῶν
3418 1483 3741 1550 καθιέρωσιν
3763 1497 3779 1512 ⁸

2238 1576 2331 1627 καὶ
2357 1575 2555 1627 δέδωκε
2585 1575 2682 1642 τὴν
2712 1575 2956 1638 ἐξουσίαν
2986 1575 3160 1627 αὐτῶν
3191 1576 3304 1636 τοῖς
3335 1571 3671 1642 ἀρχιερεῦσι.
3708 1572 3777 1625 Τὸ

2236 1664 2290 1716 δὲ
2345 1664 2671 1729 καταλὶάΕαι
2723 1668 2802 1726 είς
2848 1666 3110 1734 δημοσίαν
3151 1664 3488 1734 λειτουργίαν
3544 1661 3775 1715 τοιοῦτόν

601 1757 761 1808 modi.
798 1757 857 1818 li,
890 1758 1081 1823 quibus
1112 1771 1270 1823 paena
1322 1759 1559 1828 injuncta
1588 1768 1689 1823 est,
1726 1762 1923 1829 quique
1944 1775 2132 1812 arcen-

2235 1756 2397 1807 ἐστιν.
2426 1756 2489 1807 υἱ
2514 1755 2941 1822 ἐπιτιμηθέντες,
2969 1756 3059 1807 καὶ
3082 1757 3177 1823 τῆς
3206 1756 3496 1820 ἐκκλησίας
3533 1752 3784 1821 είργόμε-

601 1856 683 1896 ιιιι·
716 1847 782 1899 ab
831 1848 1093 1912 ecclesia,
1142 1864 1248 1901 non
1302 1852 1682 1919 permittuntur
1738 1866 1859 1904 cum
1893 1852 2137 1905 lidelibus

599 1937 916 2001 consistere,
972 1941 1061 1991 sed
1118 1955 1210 2007 per
1266 1955 1323 1995 se
1379 1942 1543 1995 Deum
1579 1941 1796 1995 laudare
1828 1956 1929 1995 non
1956 1942 2140 2009 prohi-

602 2024 814 2077 bentur.
848 2027 1072 2091 Quando
1102 2037 1278 2082 autem
1333 2045 1361 2082 ο
1415 2046 1569 2099 paena
1630 2031 1855 2085 absoluti
1911 2030 2133 2091 fuerint,

598 2124 721 2167 tunc
758 2117 1061 2170 consistunt
1093 2132 1212 2170 cum
1244 2119 1510 2187 ﬁdelibus,
1535 2128 1586 2173 ct
1614 2120 1823 2189 publice
1846 2134 1939 2174 seu
1963 2121 2132 2188 palam

600 2207 760 2257 Donni
811 2223 929 2260 cum
985 2209 1180 2276 p0pulo
1214 2209 1448 2262 laudant.
1490 2209 1630 2279 Lege
1676 2222 1725 2264 et
1758 2211 1827 2265 45
1872 2225 2130 2263 cauonem

598 2285 876 2362 pimsentis
910 2299 1095 2366 synodi
1132 2317 1143 2351 :
1176 2314 1275 2352 nec
1335 2298 1428 2352 tibi
1463 2313 1758 2367 repugnare
1790 2300 2033 2351 videatur
2065 2296 2132 2350 52

594 2402 764 2440 canon
818 2389 1161 2454 apostolicus,
1193 2389 1282 2456 qui
1338 2390 1467 2442 dicit
1517 2392 1798 2457 episcopos
1830 2398 1878 2444 et
1914 2390 2132 2456 presby-

596 2491 737 2532 teros
798 2480 1070 2545 suscipere
1128 2494 1219 2532 eos
1266 2481 1352 2546 qui
1405 2488 1811 2533 convertuntur.
1859 2478 1961 2530 Sed
2022 2478 2127 2540 dic,

595 2571 722 2619 istos
752 2570 1103 2636 presbyteros
1134 2568 1504 2634 episcoporum
1541 2568 1910 2620 adhortatione
1958 2567 2132 2634 pteui-

594 2668 765 2711 tentes
801 2660 1090 2725 suscipere.
1110 2654 1284 2721 Quare
1310 2666 1454 2719 nota,
1487 2658 1623 2722 quod
1646 2656 1758 2723 qui,
1778 2656 1891 2707 sine
1921 2656 2129 2721 episco-

591 2750 694 2816 pali
727 2750 1079 2815 permissiooe
1122 2747 1395 2800 hominum
1432 2747 1796 2799 confessiones
1835 2747 2127 2813 excipiunt,

590 2841 781 2895 sacrati
836 2839 1083 2892 monachi
1142 2837 1279 2890 male
1334 2835 1575 2899 faciunt;
1617 2835 1783 2888 multo
1815 2845 1988 2887 autem
2022 2851 2133 2886 nia-

595 2931 677 2999 εἰς
711 2927 945 2997 profani.
978 2928 1015 2980 li
1050 2928 1190 2980 enim
1232 2940 1330 2979 nec
1357 2940 1477 2978 cum
1524 2924 1844 2977 adhortante
1884 2924 2131 2991 episcopo

602 3025 825 3085 possunt
859 3018 961 3070 tale
993 3018 1278 3083 quidquam
1314 3029 1587 3066 exercere.
1623 3013 1685 3064 Et
1721 3013 1837 3065 ideo
1862 3012 2127 3081 synodalia
2149 3045 2196 3108 C

590 3119 801 3172 quoque
830 3103 1121 3157 declaratio
1148 3102 1282 3153 facta
1314 3109 1420 3164 est,
1446 3116 1509 3152 ex
1550 3100 1939 3166 supplicatione
1964 3112 2126 3151 vene-

592 3196 778 3249 rabilis
811 3190 1505 3258 monasteriiEvergetidis;
1542 3190 1703 3255 quod,
1741 3189 1992 3256 quoniam
2023 3198 2132 3240 sta-

592 3294 760 3337 tutum
808 3280 1123 3335 monasterii
1159 3278 1568 3339 decerniteum,
1596 3277 1684 3344 qui
1728 3276 1882 3329 statis
1927 3284 2127 3343 tempo-

592 3373 735 3425 ribus
763 3370 874 3437 ejus
902 3369 1179 3437 prafectus
1210 3377 1309 3429 cst,
1344 3368 1721 3419 monachorum
1767 3363 2127 3418 confessiones

593 3463 799 3524 audire,
843 3460 1061 3527 profano
1092 3471 1265 3510 autem
1296 3471 1397 3509 non
1424 3458 1752 3525 permittitur
1772 3454 2128 3510 coul‘essioues

586 3552 865 3619 occipere;
900 3549 1207 3601 necessario
1235 3547 1474 3613 sequitur
1510 3544 1820 3612 prafectum
1868 3560 1993 3599 esse
2040 3560 2127 3599 sa-

586 3640 877 3693 cerdotem.
912 3636 1155 3689 Praefecti
1186 3646 1384 3696 autem,
1418 3643 1476 3687 ut
1505 3649 1642 3701 saepe
1668 3634 1919 3696 diximus,
1953 3634 2126 3685 homi-

586 3745 680 3782 nes
715 3729 922 3796 profani
960 3726 1110 3779 liunt.
1158 3723 1288 3777 Nam
1328 3735 1380 3777 et
1408 3726 1660 3779 mulieres
1692 3739 1903 3792 quoque
1936 3735 2121 3777 mona-

585 3818 769 3871 steriis
828 3816 1233 3883 praeticiuntur,
1285 3815 1377 3868 sed
1428 3815 1701 3866 hominum
1760 3812 2127 3867 confessiones

584 3924 688 3962 non
727 3908 969 3960 audiunt.
1005 3903 1100 3958 His
1147 3905 1220 3955 ita
1253 3918 1309 3957 se
1359 3904 1700 3965 habentibus,
1729 3903 2122 3971 dicuntaliqui,

582 4000 743 4067 quod,
768 3998 1023 4065 quoniam
1069 3995 1135 4047 ab
1166 3992 1497 4046 antistitibus
1527 3993 1583 4045 lit
1631 3992 1926 4060 puellarum
1993 4008 2120 4045 con-

582 4090 833 4150 secratio,
869 4102 977 4140 non
1031 4085 1210 4139 licebit
1262 4083 1570 4136 monasterii
1627 4082 1898 4151 praefecto,
1925 4084 2014 4150 qui
2043 4091 2124 4136 est

580 4190 843 4243 sacratus,
877 4178 955 4229 vel
982 4176 1294 4243 simpliciter
1324 4172 1587 4226 sacerdoti
1618 4174 1901 4234 monacho,
1936 4186 2122 4239 quem-

582 4272 658 4322 vis
685 4265 1007 4320 monachum
1036 4266 1254 4317 tondere
1286 4263 1401 4315 sine
1428 4259 1715 4329 episcopali
1745 4260 2117 4327 permissione.

2237 1845 2422 1907 νοι,οὑ
2468 1844 2911 1915 παρσχωροῦνται
2970 1845 3313 1897 συνίστασθαι
3369 1844 3503 1910 μετά
3548 1844 3654 1893 τῶν
3693 1857 3784 1892 πι-

2238 1937 2397 1997 στῶν,
2423 1937 2540 1987 καθ’
2571 1938 2791 1998 ἐαυτοὺς
2824 1936 2878 1988 δὲ
2912 1938 3095 2004 ὑμνεῖν
3115 1936 3202 1987 τὸν
3228 1935 3355 1985 Θεὸν
3382 1935 3440 1985 οὐ
3467 1932 3779 1985 κωλύονται.

2240 2025 2361 2078 Ὅτε
2386 2026 2441 2078 δὲ
2471 2025 2563 2079 τοῦ
2591 2028 2860 2096 ἐπιτιμίου
2888 2027 3086 2078 λυθῶσι
3110 2067 3125 2089 ,
3152 2029 3270 2080 τότε
3298 2025 3637 2078 συνίστανται
3668 2024 3782 2083 τοῖς

2234 2119 2460 2179 πιστοῖς,
2483 2118 2574 2167 καὶ
2591 2117 2821 2185 δημοσίᾳ
2840 2116 3002 2185 ἤγουν
3026 2116 3289 2185 φανερῶς,
3309 2115 3529 2183 ὑμνοῦσι
3546 2115 3631 2165 τὸν
3652 2111 3781 2162 Θεὸν

2236 2205 2370 2273 μετά
2400 2204 2492 2256 τοῦ
2514 2206 2705 2274 δήμου.
2762 2206 3053 2271 Ἀνάγνωθι
3087 2209 3179 2258 καὶ
3210 2210 3300 2258 τὸν
3336 2204 3426 2274 μγ’
3458 2203 3651 2256 κανόνα
3678 2199 3781 2268 τῆς

2234 2296 2506 2363 παρούσης
2532 2297 2748 2348 συνόδου
2770 2312 2783 2326 ⁸
2811 2298 2903 2348 καὶ
2931 2298 3005 2366 μὴ
3031 2298 3321 2366 ἐναντιωθῇ
3352 2313 3433 2347 σοι
3461 2298 3487 2348 δ
3507 2292 3583 2363 νβ’
3644 2294 3781 2344 ἀπο-

2235 2387 2472 2447 στολικὸς
2502 2386 2709 2451 κανὼν,
2763 2388 2932 2453 λέγων
2978 2388 3102 2450 τοὺς
3156 2388 3479 2448 ἐπισκόπους
3533 2386 3624 2437 καὶ
3654 2387 3781 2446 τοὺς

2234 2474 2632 2545 πρεσϐυτέρους
2675 2477 2919 2546 δέχεσθαι
2971 2480 3090 2538 τοὺς
3134 2479 3575 2548 ἐπιστρέφοντας.
3638 2475 3781 2530 Ἀλλ’

2232 2567 2354 2619 είπέ
2388 2568 2481 2619 καὶ
2516 2568 2735 2629 τούτους
2768 2570 2892 2629 τοὺς
2931 2570 3331 2638 πρεσϐυτέρους
3365 2569 3502 2621 κατά
3548 2585 3779 2639 προτρο-

2233 2656 2338 2724 πὴν
2385 2658 2495 2708 τῶν
2540 2658 2852 2709 ἐπισκόπων
2900 2658 3149 2726 δέχεσθαι
3197 2658 3322 2719 τοὺς
3367 2660 3778 2727 μετανοοῦντας.

2233 2744 2395 2797 Ὥστε
2435 2748 2736 2815 σημείωσαι
2767 2749 2849 2799 ότι
2885 2750 2934 2799 οί
2966 2750 3131 2817 χωρὶς
3164 2751 3456 2818 ἐπιτροπῆς
3487 2752 3781 2803 ἐπισκοπι-

2232 2836 2331 2902 κῆς
2358 2837 2633 2905 δεχόμενοι
2662 2823 2953 2906 λογισμοὺς
2982 2839 3283 2908 ἀνθρώπων
3308 2844 3588 2911 ίερωμένοι
3616 2860 3781 2910 μονα-

2236 2928 2339 2994 χοι,
2400 2926 2582 2988 κακῶς
2637 2926 2885 2979 ποιοῦσι·
2921 2927 3099 2998 πολλῷ
3152 2931 3208 2981 δὲ
3259 2932 3417 2983 πλέον
3452 2932 3500 2982 οί
3552 2931 3782 3000 ἁνίεροι.

2231 3012 2388 3069 Οὗτοι
2419 3019 2526 3086 γὰρ
2554 3018 2671 3069 οὐδὲ
2701 3020 2837 3087 μετὰ
2863 3022 3173 3089 προτροπῆς
3204 3023 3561 3089 ἐπισκσπικῆς
3591 3023 3784 3075 δύναν-

2231 3123 2320 3158 ται
2343 3105 2580 3157 τοιοῦτόν
2604 3122 2654 3157 τι
2682 3106 2989 3174 ἐνεργῆσαι.
3022 3108 3111 3159 Διὸ
3140 3112 3231 3159 καί
3263 3112 3552 3178 σημείωμα
3583 3113 3782 3177 γέγονε

2233 3196 2505 3248 συνοδικὸν
2539 3200 2602 3247 ἐκ
2636 3196 3037 3264 προσελεύσεως
3068 3199 3175 3265 (l0)
3206 3199 3294 3250 τοῦ
3334 3203 3530 3268 μέρους
3556 3204 3649 3273 τῆς
3683 3218 3782 3253 σε.

2228 3284 2465 3350 ϐασμίας
2490 3286 2672 3353 ,μονῆς
2699 3287 3196 3355 τῆςΕὐεργέτιδος,
3227 3288 3330 3352 ὡς,
3362 3292 3482 3341 ἐπεὶ
3515 3290 3581 3341 τὸ
3619 3307 3782 3342 τυπι-

2227 3376 2321 3424 κὸν
2352 3374 2465 3441 τῆς-
2486 3374 2647 3442 μονῆς
2678 3373 2963 3442 διορίζεται
2990 3375 3233 3442 δέχεσθαι
3265 3377 3355 3426 τὸν
3385 3377 3522 3427 κατὰ
3550 3377 3780 3444 καιροὺς

2233 3462 2643 3530 καθηγούμενον
2677 3465 2844 3529 αὐτῆς
2880 3464 3004 3525 τοὺς
3040 3464 3327 3533 λογισμοὺς
3356 3466 3461 3516 τῶν
3494 3467 3776 3543 μοναχῶν,

2226 3552 2326 3602 οὑκ
2345 3553 2549 3617 ἐφεῖται
2565 3552 2619 3604 δὲ
2638 3552 2834 3619 ἀνιέρῳ
2856 3552 3101 3619 δέχεσθαι
3125 3553 3430 3619 λογισμοὺς,
3455 3551 3511 3615 ἐξ
3532 3556 3779 3623 ἀνατιης

2225 3638 2413 3689 ἕπεται
2435 3639 2509 3707 τῷ
2538 3637 2673 3691 εἶναι
2700 3640 2788 3690 τὸν
2827 3640 3229 3706 καθηγούμενον
3254 3642 3418 3705 ἱερέα.
3455 3643 3777 3709 Ἠγούμενοι

2224 3729 2402 3791 δὲνὼ,
2437 3728 2693 3790 πολλάκις
2723 3730 2963 3797 εἴπομεν,
3000 3729 3204 3797 ἀνίεροι
3234 3730 3490 3795 γίνονται.
3553 3734 3644 3782 Οτι
3678 3736 3771 3783 καὶ

2224 3821 2479 3881 γυναῖκες
2496 3818 2919 3886 ἡγουμενεύουσι
2947 3819 3062 3884 μὲν,
3083 3818 3370 3886 λογισμοὺς
3394 3821 3448 3871 δέ
3474 3821 3770 3890 ἀνθρώπων

2225 3909 2282 3959 ού
2328 3908 2590 3975 δέχονται.
2636 3906 2849 3959 Τούῖων
2888 3906 3057 3968 οὕτως
3089 3909 3335 3977 ἐχόντων,
3386 3909 3598 3975 λέγουσί
3632 3926 3774 3973 τινες

2223 3998 2297 4059 ὠς
2318 4038 2331 4061 ,
2359 4000 2476 4049 ἐπεὶ
2504 3997 2651 4063 παρά
2681 3999 2977 4065 ἀρχιερέων
3005 3999 3037 4065 ἡ
3085 3999 3192 4050 τῶν
3239 3998 3415 4067 κορῶν
3445 4000 3775 4066 καθιέρωσις

2223 4087 2449 4154 γίνεται,
2478 4086 2575 4137 οὐκ
2598 4085 2746 4137 ἐσται
2767 4084 2851 4135 ἐπ’
2878 4087 3056 4147 ἀδείας
3078 4088 3357 4154 ἱερωμένῳ
3378 4086 3775 4156 καθηγουμένῳ

2222 4177 2254 4246 ἢ
2279 4177 2459 4237 ἁπλῶς
2483 4178 2613 4245 ίερεῖ
2648 4175 2865 4244 μονοιχῷ
2884 4175 3195 4243 ἀποκείρειν
3228 4177 3517 4245 οίονδήτινα
3544 4178 3773 4245 μοναχὸν

2222 4266 2387 4335 χωρὶς
2439 4265 2799 4330 ἐπισκοπικῆς
2834 4264 3158 4333 ἐπιτροπῆς.
3183 4265 3385 4315 Ίάυτὸν
3417 4264 3523 4332 γάρ
3567 4266 3708 4315 ἐστιν
3737 4266 3772 4333 ή

581 4360 722 4411 Idem
756 4359 894 4409 enim
935 4366 1018 4409 est
1045 4354 1339 4421 puellarum
1364 4350 1700 4405 consecratio
1730 4359 1783 4402 et
1829 4350 2117 4401 monacho-

2233 4356 2327 4407 τῶν
2355 4355 2527 4423 κορῶν
2565 4354 2890 4423 καθιέρωσις
2922 4358 3012 4403 καὶ
3041 4355 3211 4421 ὴ.των
3249 4355 3495 4419 μοναχὼν
3524 4354 3771 4421 ἀπόκαρ-

581 4463 697 4501 runt
728 4454 970 4499 tonsura.
1020 4439 1145 4494 Mihi
1186 4448 1361 4493 autem
1399 4439 1627 4503 videtur,
1650 4440 1953 4491 Sacerdotes
1984 4453 2121 4505 pra:-

2233 4462 2331 4506 εις.
2369 4445 2520 4513 Ἐμοὶ
2547 4445 2599 4495 δέ
2624 4444 2764 4495 δοκεῖ
2794 4443 3280 4511 ἀπαρεμποδίστως
3317 4443 3443 4503 τοὺς
3482 4445 3641 4511 ίερεῖς
3670 4460 3772 4495 κα·-

574 4539 746 4592 fectos
799 4548 954 4604 posse
1006 4535 1141 4585 citra
1178 4531 1341 4583 ullqu
1375 4528 1814 4595 impedimentum
1877 4532 2119 4593 tondere,

2233 4536 2586 4603 Βηγουμένους
2615 4533 2925 4598 ἀποκείρειν
2955 4533 3047 4583 καὶ
3070 4532 3190 4599 δίχα
3218 4533 3518 4599 ἐπιτροπῆς
3546 4534 3768 4595 ἐπισκοο

576 4635 735 4685 etiam
770 4633 885 4683 sine
909 4625 1197 4694 episcopali
1232 4622 1599 4692 permissione.
1636 4621 1692 4674 Si
1716 4623 1857 4675 enim
1881 4623 2119 4676 decimus

2233 4626 2410 4691 πικῆς.
2451 4624 2512 4675 Ei
2550 4623 2656 4690 γὰρ
2684 4626 2710 4674 ὁ
2747 4620 2805 4673 ιδ’
2835 4620 3012 4673 κανὼν
3054 4622 3152 4688 τῆς
3194 4622 3235 4682 ζ’
3274 4622 3491 4673 συνόδου
3535 4625 3771 4691 ὲκχωρεῖ

575 4728 796 4789 quartus
835 4732 1004 4770 canon
1042 4714 1281 4781 septimae
1335 4712 1523 4780 synodi
1572 4710 1820 4777 praefecto
1859 4714 2120 4779 permittit

2233 4715 2297 4783 τῷ
2330 4715 2723 4783 καθηγουμένῳ
2747 4712 2837 4765 καὶ
2864 4712 3093 4779 σφαγίδα
3116 4713 3456 4778 ἀναγνώστου
3491 4715 3659 4763 ποιεῖν
3685 4714 3767 4772 εἰς

574 4812 732 4863 etiam
768 4807 986 4859 lectoris
1016 4805 1384 4858 characterem
1435 4801 1485 4851 in
1538 4801 1754 4867 proprio
1790 4804 2117 4854 monasterio

2233 4806 2314 4873 τὴν
2350 4804 2551 4856 οίκείαν
2592 4804 2756 4870 μονὴν
2778 4842 2793 4867 ,
2826 4800 2997 4867 πολλῷ
3034 4801 3193 4853 πλέον
3244 4800 3577 4871 ἐξεχώρησεν
3616 4800 3767 4866 αὑτῷ

574 4904 772 4961 lacere,
822 4898 986 4948 multo
1036 4894 1203 4959 magis
1240 4892 1287 4944 ei
1336 4890 1556 4943 tondere
1603 4889 1860 4957 permisit.
1896 4890 1959 4941 Et
2001 4892 2116 4955 iege

2233 4899 2393 4949 ποιεῖν
2421 4897 2517 4963 τὴν
2548 4896 2865 4962 ἀπόκαρσιν.
2906 4895 3013 4945 Καὶ
3040 4894 3310 4957 ἀνάγνωθι
3333 4892 3399 4943 τὰ
3430 4893 3487 4942 ἐν
3516 4889 3592 4958 τῷ
3618 4889 3767 4958 αὐτῷ

573 5005 688 5055 qua
714 4990 767 5041 in
794 5001 858 5040 eo
888 4987 1003 5055 ipso
1043 4994 1231 5052 quarto
1264 4983 1470 5034 decimo
1498 4994 1704 5034 canone
1737 4984 1931 5048 scripta
1963 4993 2106 5036 sunt.

2233 4987 2282 5038 ιδ·
2328 4987 2508 5037 κανόνι
2547 4983 2841 5051 γραφέντα.
2888 4981 2948 5031 Ui
2997 4978 3052 5031 δὲ
3095 4978 3277 5036 ἀπλῶς
3332 4979 3491 5045 ίερεῖς
3546 4982 3767 5043 μοναχοι

574 5079 671 5143 Qui
704 5086 876 5130 autem
916 5085 1038 5129 sunt
1064 5073 1375 5141 sitnpliciter
1406 5074 1711 5124 sacerdotes
1743 5076 2008 5138 monachi,
2042 5076 2109 5128 ob

2233 5079 2490 5144 ὄφειλουσι
2546 5078 2642 5137 τὰς
2702 5073 3038 5141 ἀποκὰρσεις
3085 5072 3256 5122 ποιεῖν
3317 5070 3455 5137 μετά
3512 5068 3767 5137 είδήσεως

573 5180 884 5236 Ιηιαιεθηιεηι
935 5179 1194 5217 ςειιοῃειῃ
1256 5172 1505 5214 tonsuras
1554 5178 1673 5213 cum
1741 5165 1962 5216 scientia
1998 5168 2110 5235 epi-

2233 5169 2577 5237 ιττιακοπικῆς
2613 5167 2697 5218 διὰ
2719 5166 2807 5216 τὸν
2835 5163 3073 5233 παρόντα
3102 5163 3296 5216 κανόνα
3324 5179 3336 5194 ο
3371 5163 3420 5212 εἰ
3453 5161 3525 5231 μή
3556 5159 3654 5213 πού
3684 5174 3766 5220 τις

1772 5302 1965 5359 tiuill.
2010 5306 2334 5385 Bevercgii
2374 5314 2555 5367 uotae.

638 5434 749 5501 (l0)
782 5429 1311 5501 Σημειωμαγέγονε
1338 5428 1661 5481 συνοδικὸν
1690 5428 1776 5501 size
1794 5433 2118 5494 προσελεύ-

2233 5434 2328 5485 πίου
2364 5435 2427 5485 ἐκ
2477 5430 2903 5501 προσελεύσεως,
2956 5437 3062 5481 etc.
3089 5421 3748 5501 _Synodolis.de¢_:_{ural_t'o

574 5490 744 5567 σεὶυςί
776 5490 974 5553 Unities
996 5490 1227 5571 codices
1252 5536 1264 5559 ,
1296 5506 1401 5571 tam
1431 5498 1780 5571 manuscripti
1809 5490 1977 5571 quam.
2014 5501 2113 5551 im-

2233 5505 2350 5556 'ncta
2380 5511 2456 5555 est
2490 5490 2935 5571 εἱιὺγεαηειίεεὶηιο
2959 5490 3260 5563 patriarcha
3290 5494 3500 5545 domino
3526 5490 3765 5547 Theodo-

573 5564 757 5641 pressi,
776 5580 967 5641 praeter
995 5565 1368 5641 Bodleianum,
1391 5564 1592 5641 legunt,
1618 5564 2105 5641 σημείωμαγέγονε

2234 5573 2302 5636 io,
2336 5586 2397 5624 ex
2427 5570 2824 5637 supplicatione,
2856 5580 2961 5619 etc.

572 5636 837 5693 αυνοδικὸν
870 5638 959 5688 τοῦ
985 5638 1283 5703 ἀγιωτάτου
1331 5636 1663 5703 πατριάρχου
1698 5636 1862 5703 κυροὺ
1911 5636 2105 5687 Θεοδο-
