4018 6306
193 299 268 361 ‘5
1250 307 1329 369 ΙΝ
1358 306 1520 368 CAN.
1579 306 1648 365 Ἣ
1701 302 1904 361 CUNC.
1943 300 2308 360 CARTHAG.
3317 293 3385 352 46

197 411 292 464 καὶ
326 411 480 466 τοῦτο
508 415 728 488 θελήσει
762 418 1007 488 γίνεσθαι
1031 425 1166 478 κατὰ
1193 424 1359 492 μόνην
1388 417 1481 472 τοῦ
1511 412 1733 486 μοναχοῖ

1852 410 1996 477 scopi
2048 409 2228 462 facere
2286 407 2521 462 debent:
2558 405 2656 457 nisi
2691 403 2809 470 quis
2857 402 2994 455 forte
3043 399 3145 454 hoc
3175 411 3386 466 quoque

195 500 380 568 ἱερέως
418 503 634 572 θέλησιν
671 510 775 562 ἀπὸ
803 511 1146 583 τῆςθμακρᾶς
1183 508 1466 579 συνηθείας
1491 507 1589 574 τῆς
1618 503 1736 555 ἀντὶ

193 592 358 657 νόμον
390 595 482 646 καὶ
511 601 735 660 κανόνος
767 603 1068 670 κρατούσης
1099 602 1259 670 μέχρι
1283 601 1370 653 τοῦ
1400 600 1510 652 νῦν.

265 774 847 840 ΖΩΝᾹΡπΧρίσματος
879 774 1089 842 ποίησις
1126 775 1159 844 ἡ
1189 774 1277 825 ἐπὶ
1309 773 1384 840 τῷ
1413 775 1550 840 ἁγίῳ
1585 773 1738 841 μύρῳ

192 867 311 918 ιστί
348 865 558 932 τελετή.
594 865 927 933 Καταλλαγὴ
971 865 1025 915 δὲ
1060 864 1456 931 μετανοούντων
1483 864 1546 915 τὸ
1581 863 1740 916 λῦσαι

193 957 283 1008 τδν
315 954 847 1023 ἑξομολογησάμενον
878 953 972 1006 τοῦ
1012 955 1283 1022 ἐπιτιμίου
1307 994 1322 1017 ,
1359 956 1452 1006 xal.
1481 957 1538 1006 ὲν
1574 973 1738 1022 μετα-

190 1046 311 1116 νοίᾳ.
343 1047 628 1113 γενόμενον
661 1049 752 1097 καὶ
781 1044 1190 1112 ἐπιτιμηθέντα.
1240 1046 1323 1104 '0;
1357 1046 1463 1114 γὰρ
1489 1046 1588 1114 seu
1622 1047 1737 1098 ῖκα-

189 1138 295 1198 νὼς
331 1139 456 1198 ἴσως
478 1140 503 1188 ὁ
523 1135 758 1196 τοιοῦτος
777 1135 1058 1196 δουλεύσας
1082 1135 1156 1203 τῷ
1179 1136 1448 1204 ἐπιτιμίῳ,
1473 1137 1505 1205 ἢ
1538 1137 1738 1188 καὶτὸν

189 1227 491 1294 ὡρισμένον
519 1225 809 1294 πληρώσας
837 1225 1041 1293 χρόνον,
1072 1225 1168 1277 καί
1194 1225 1446 1292 ἀνάλογον
1478 1225 1738 1288 ἐπιδειξά-

194 1332 359 1385 μενος
399 1315 497 1382 τὴν
533 1316 844 1383 μετάνοιαν,
880 1315 1063 1366 λύεται
1095 1314 1188 1366 τοῦ
1219 1315 1512 1382 ἐπιτιμίου,
1558 1317 1652 1368 καὶ
1702 1315 1735 1385 ἢ

189 1406 513 1458 συνεστάναι
554 1408 667 1466 τοῖς
709 1406 921 1464 πιστοῖς
968 1408 1390 1474 παραχωρεῖται,
1441 1405 1474 1474 ἢ
1508 1407 1602 1457 καὶ
1631 1405 1737 1457 τῶν

189 1497 552 1563 ἁγιασμὰτων
579 1495 1027 1562 μεταλαμὸάνειν.
1045 1495 1413 1548 Καταλλάττει
1434 1493 1538 1562 γὰρ
1554 1493 1737 1560 ὥσπερ

189 1585 354 1636 αὑτὸν
388 1583 465 1652 τῷ
497 1583 614 1655 Θεῷ
642 1583 670 1634 ὁ
718 1584 1002 1653 ἀρχιερεὺς
1032 1583 1117 1634 διὰ
1160 1583 1255 1650 τῆς
1299 1583 1610 1651 μετανοίας,
1645 1583 1738 1635 καὶ

1832 499 1942 551 sola
1993 498 2237 550 monachi
2295 495 2594 548 sacerdotis
2635 493 2906 559 voluntate
2959 490 3074 541 ﬁeri
3132 487 3382 544 velit,ex

1837 589 1989 653 longa
2019 584 2423 649 consuetudine,
2458 595 2576 650 quae
2603 596 2699 648 pro
2723 581 2834 644 lege
2865 587 2916 631 ct
2945 591 3151 630 canone
3187 578 3380 629 hucus-

1835 695 1937 748 que
1965 679 2213 731 obtinuit.

1914 765 2164 821 ZONAR.
2217 764 2540 820 Chrismatis
2564 763 2831 818 confectio
2875 772 2956 816 est
2985 762 3122 815 sacri
3183 763 3282 814 olei
3315 777 3381 815 ex

1841 856 2068 924 mystico
2087 854 2532 907 caeremoniarum
2587 854 2691 904 ritu
2721 837 3085 905 consecratio:
3115 851 3381 902 Ptrttiten-

1839 946 1970 997 tium
2002 959 2128 998 vero
2188 942 2549 997 reconciliatio
2583 942 2660 1006 llt,
2688 956 2808 994 cum
2867 940 3129 1009 quispiam
3181 941 3380 993 crimen

1842 1033 2148 1098 confessus,
2209 1042 2490 1103 postquam
2565 1033 2702 1086 inter
2732 1032 3055 1102 pcenitentes
3087 1029 3214 1098 egit,
3247 1033 3384 1082 mul-

1841 1132 2054 1192 tamque
2114 1124 2399 1191 persolvit',
2432 1138 2462 1176 a
2492 1138 2644 1193 poena
2682 1124 2732 1176 in
2769 1122 3002 1175 futurum
3047 1131 3252 1188 tempus
3286 1123 3382 1175 ab-

1837 1213 2084 1268 solvitur.
2111 1213 2391 1282 Tanquam
2423 1215 2563 1267 enitn
2597 1215 2643 1267 is
2668 1211 2807 1266 forte
2830 1212 2938 1279 jam
2982 1213 3114 1264 satis
3133 1213 3377 1280 supplicii

1838 1304 2022 1369 luerit,
2049 1305 2131 1360 vel
2169 1306 2329 1359 etiam
2361 1306 2484 1374 quia
2513 1303 2784 1358 definitum
2815 1311 3024 1370 tempus
3053 1301 3377 1368 impleverit,

1839 1412 1900 1452 ac
1923 1398 2055 1450 satis
2077 1410 2324 1464 magnum
2347 1395 2510 1448 animi
2536 1395 2768 1447 dolorem
2791 1406 2887 1461 pro
2915 1394 3118 1445 ratione
3136 1391 3378 1445 criminis

1816 1486 2116 1548 "indicarit,
2148 1500 2176 1537 a
2207 1497 2361 1553 ptrue
2393 1482 2851 1549 liberatur,'eique
2869 1482 2951 1536 vel
2982 1496 3102 1534 cum
3132 1479 3378 1534 ﬁdelibus

1839 1576 2153 1641 consistere,
2179 1576 2265 1628 vel
2295 1575 2463 1628 sacris
2485 1573 2645 1625 etiam
2681 1571 2951 1640 mysteriis
2986 1572 3382 1625 communicare

189 1673 334 1724 οὕτω
357 1675 670 1741 συνίστησιν
691 1673 850 1724 αὑτὸν
877 1677 987 1734 τοῖς
1010 1675 1216 1736 πιστοῖς
1238 1674 1295 1724 ὲν
1319 1674 1384 1742 τῇ
1423 1672 1733 1743 Ἐκκλησία,

1839 1663 2188 1733 permittitur.
2222 1664 2330 1717 Deo
2379 1662 2519 1716 enim
2554 1661 2946 1729 quodammodo
2978 1660 3228 1714 conciliat
3255 1675 3378 1713 eum

1846 1753 2075 1774 __s.2_.-_
2161 1752 2533 1774 :_.-__-J.-...-
2595 1752 2906 1774 _..._.:.---.:_
2978 1766 3036 1774 η-
3075 1751 3124 1774 ί...
3161 1747 3374 1774 ΑΑΛ1ι.Α².ι

188 1763 282 1813 καὶ
301 1761 409 1811 τῶν
439 1761 794 1828 ἀγιασμάτων
818 1760 1059 1824 καταξιοῖ
1080 1776 1093 1790 ’
1118 1760 1149 1828 ἢ
1175 1761 1287 1825 καὶ,
1319 1761 1395 1812 ἔτι
1421 1760 1517 1812 τοῦ
1545 1762 1734 1830 χρόνον

184 1848 282 1924 τῆς
302 1848 588 1914 μετανοίας
608 1847 1575 1914 ὲπιδαψιλευομένου«καταλλάττεται,
1591 1848 1736 1901 ἐστιν

186 1939 293 2002 ὅτε,
327 1939 414 1989 ὅτε
451 1937 650 2006 δηλαδὴ
683 1939 809 2006 περὶ
837 1938 934 2006 τὴν
969 1936 1112 2008 ζωὴν
1146 1938 1460 1998 κινδυνεύει,
1499 1939 1571 2000 ὥς
1605 1957 1737 2009 φησι

183 2029 314 2096 περὶ
354 2026 544 2080 τούτου
586 2029 614 2079 ὀ
643 2028 843 2096 ἑφεξῆς
879 2027 1072 2081 κανών.
1105 2028 1296 2097 Χορῶν
1328 2029 1382 2081 δὲ
1415 2028 1735 2098 καθιέρωσις

183 2119 306 2186 οὐχὶ
358 2119 725 2171 διακονισσιῖιν
765 2119 1066 2187 χειροθεσία
1111 2103 1289 2171 ἐστίν·
1336 2120 1447 2172 ἀλλ’
1502 2119 1619 2183 ἑθος
1668 2117 1736 2192 ἦν

185 2206 558 2275 προσάγεσθαι
589 2209 752 2276 κόρας
795 2210 913 2269 ταῖς
943 2207 1254 2276 ἐκκλησίαις
1285 2208 1577 2275 παρθενίαν
1607 2211 1736 2278 ὁμο-

186 2296 478 2361 λογούσας,
513 2298 605 2349 καὶ
635 2297 886 2362 ἁγνεύειν
918 2299 1345 2365 ὑπισχνουμένας
1364 2339 1378 2362 ,
1412 2299 1506 2352 καὶ
1536 2299 1737 2361 ταύτας

183 2390 231 2438 οι
275 2388 562 2438 ἐπίσκοποι
615 2386 682 2439 δι’
719 2387 891 2455 εὐχῶν
922 2385 1241 2453 καθιέρουν,
1287 2386 1361 2448 ὡς
1389 2386 1735 2449 ἀνατεθείσας

183 2479 258 2546 τῷ
304 2478 444 2542 Θεῷ,
495 2479 588 2530 καὶ
639 2479 835 2529 ἐκεῖνοι
882 2474 1192 2544 ἐφρόντιζον
1235 2476 1331 2544 τῆς
1365 2477 1605 2545 φυλακῆς
1644 2478 1735 2529 καὶ

184 2569 473 2635 ἀναγωγῆς
498 2568 697 2628 αὐτῶν,
735 2567 868 2634 μετὰ
890 2568 949 2618 τὸ
969 2567 1298 2635 χωρισθῆναι
1333 2567 1498 2628 αὑτὰς
1527 2568 1590 2619 ὲκ
1624 2567 1733 2621 τῶν

184 2660 434 2724 πατέρων
482 2657 656 2708 αὐτῶν
705 2654 879 2716 καθὼς
925 2655 1119 2724 δηλοῖό
1151 2655 1230 2724 μδ¹
1271 2656 1446 2710 κανὼν
1475 2658 1572 2726 τῆς
1593 2673 1735 2726 παρ-

181 2743 345 2815 ούσης
392 2746 633 2801 συνόδου.
682 2745 860 2797 Ταῦτα
882 2740 974 2796 οὖν
1002 2746 1245 2808 γίνεσθαι
1269 2747 1418 2814 παρά
1439 2746 1735 2819 πρεσϐυτέ-

186 2829 290 2902 puni
332 2837 712 2905 ἀπηγόρευσεν
744 2837 777 2902 ἡ
821 2834 1053 2897 σύνοδος.
1105 2835 1257 2901 Παρὰ
1290 2836 1395 2902 γὰρ
1436 2837 1732 2906 ἀρχιερέων

1844 1753 2096 1816 antistes,
2161 1752 2536 1806 intercedente
2595 1752 2934 1821 poenitentia,
2976 1766 3038 1802 ac
3075 1751 3126 1803 in
3157 1747 3376 1804 ecclesia

1838 1858 1961 1898 cum
1993 1843 2243 1898 ﬁdelibus
2280 1842 2595 1909 constituit,
2617 1853 2776 1909 atque
2797 1844 2862 1894 ad
2890 1851 3196 1895 sanctorum
3232 1852 3379 1891 com-

1836 1935 2252 1989 municationem
2297 1934 2553 1987 admittit.
2609 1932 2937 1987 Conciliatur
2979 1940 3229 1998 praeterea
3256 1930 3378 1997 quis

1833 2025 2142 2094 aliquando,
2166 2025 2286 2079 licet
2312 2025 2641 2093 paenitentia:
2667 2034 2903 2093 tempore
2925 2025 3156 2076 nondum
3175 2024 3375 2088 elapso,

1838 2116 1883 2169 si
1918 2117 1983 2170 de
2012 2115 2122 2169 vita
2157 2115 2402 2171 videlicet
2433 2117 2486 2169 in
2532 2115 2826 2184 periculum
2863 2115 3062 2175 veniat,
3097 2121 3152 2166 ut
3183 2114 3248 2165 de
3280 2114 3379 2165 hac

1835 2223 1894 2263 re
1929 2222 2101 2261 canon
2157 2209 2208 2260 in
2253 2208 2603 2277 sequentibus
2637 2207 2875 2282 disserit.
2936 2206 3182 2274 Virgines
3217 2219 3376 2274 porro

1843 2313 2166 2354 consecrare
2214 2316 2317 2353 non
2370 2301 2507 2354 idem
2535 2309 2639 2364 est,
2673 2313 2736 2353 ac
2760 2297 3090 2352 diaconissas
3121 2310 3374 2350 manuum

1846 2392 2186 2460 impositione
2207 2393 2574 2458 constituere;
2607 2405 2788 2445 verum
2826 2390 3031 2458 antiqui
3064 2389 3228 2442 moris
3256 2387 3376 2453 fuit,

1832 2482 2055 2550 puellas,
2092 2498 2208 2551 quae
2239 2483 2598 2550 virginitatem
2625 2467 3018 2549 proﬁterentur
3039 2488 3092 2531 et
3121 2478 3375 2530 castimo-

1833 2570 1979 2624 niam
2029 2581 2304 2634 voverent,
2339 2571 2391 2623 in
2446 2569 2642 2637 templo
2700 2569 2913 2631 sistere,
2966 2573 3101 2636 quas
3141 2566 3377 2634 episcopi

1833 2659 2092 2713 adhibitis
2131 2659 2551 2728 precationibus,
2593 2657 2758 2712 veluti
2793 2658 2900 2711 Deo
2934 2657 3161 2718 dicatas,
3196 2670 3380 2708 conse-

1832 2750 2108 2825 crabant,
2164 2762 2458 2816 earumque
2507 2748 2762 2802 custodias
2836 2762 2899 2802 ac
2970 2745 3323 2800 institutionis
3359 2783 3376 2807 ,

1832 2848 2116 2907 postquam
2177 2853 2204 2890 a
2252 2838 2564 2906 parentibus
2613 2839 2986 2897 secessissent,
3029 2851 3212 2890 curam
3276 2836 3375 2904 ipsi

185 2929 277 2980 καὶ
305 2930 362 2978 τὸ
413 2927 566 2991 ἆγισν
610 2927 818 2994 χρίσμα
863 2923 1094 2976 τελεῖται
1142 2926 1234 2978 καὶ
1281 2925 1587 2991 ἁγιάζεται,
1634 2925 1732 2978 καὶ

1835 2928 2213 2996 suscipiebant,
2236 2937 2371 2981 utex
2395 2934 2582 2994 quarto
2611 2933 2664 2979 et
2693 2925 3094 2993 quadragesimo
3114 2923 3270 2993 hujus
3291 2938 3381 2991 sy-

185 3017 495 3085 καταλλαγὴ
534 3016 933 3082 μετανοούντων
971 3014 1196 3080 γίνεται.
1235 3008 1329 3076 Οἷς
1375 3015 1482 3084 γὰρ
1511 3015 1726 3082 δεσμεῖν

1835 3020 1952 3090 nodj
1977 3031 2180 3072 canone
2197 3015 2348 3070 facile
2373 3024 2610 3083 apparet.
2643 3013 2796 3083 521
2829 3012 2951 3066 Haec
2966 3027 3094 3080 ergo
3112 3027 3140 3064 a
3163 3013 3352 3081 presby
3368 3041 3380 3052 -

186 3105 406 3166 δέδοται,
443 3103 646 3163 τούτοις
667 3103 764 3152 καὶ
789 3101 847 3152 τὸ
876 3100 1018 3154 λύειν
1042 3102 1452 3167 ἐπιτέτραπται.
1483 3102 1588 3153 Καὶ
1613 3101 1728 3169 ἃμα

1835 3108 1955 3162 teris
1977 3107 2090 3162 ﬁeri
2113 3107 2347 3177 synodus
2371 3107 2556 3159 vetuit.
2589 3103 2690 3157 Per
2715 3103 2981 3157 antistites
3008 3103 3148 3155 enim
3176 3115 3223 3154 et
3256 3116 3380 3154 san-

187 3192 500 3260 διακρίσεως
523 3191 780 3257 ἀκριϐοῦς
801 3192 957 3258 χρεία
981 3191 1057 3250 είς
1081 3190 1139 3242 τὸ
1164 3191 1383 3257 γνῶναι,
1405 3191 1452 3242 εί
1473 3192 1534 3242 ὲκ
1555 3189 1728 3259 ψυχῆς

1835 3206 1967 3249 stum
1985 3195 2219 3249 chrisma
2244 3193 2466 3247 solemni
2492 3193 2593 3245 ritu
2608 3190 2892 3245 coniicitur
2919 3198 2972 3242 et
2995 3188 3375 3245 sanctiﬁcatur.

195 3282 479 3347 μετενόησε
531 3281 624 3330 καὶ
676 3278 989 3346 ἀρκούντως
1035 3280 1062 3330 ὁ
1116 3279 1462 3347 ἁμαρτήσας,
1520 3281 1655 3348 πρὸς
1694 3279 1731 3332 ἃ

189 3371 219 3420 6
248 3370 619 3439 πρεσϐύτερος
647 3370 776 3429 ἴσως
807 3369 903 3436 οὐχ
939 3369 1118 3430 ἱκανὸς
1149 3369 1323 3422 ἔσται.
1359 3371 1464 3422 Καὶ
1493 3371 1524 3439 ἡ
1555 3370 1732 3439 κορῶν

193 3458 516 3525 καθιέρωσις
565 3457 712 3524 παρὰ
743 3457 1041 3524 ἀρχιερέων
1073 3456 1315 3524 γίνεσθαι
1351 3457 1729 3524 διατέτακται,

194 3553 278 3602 ἶνα
317 3551 521 3615 εἴδησιν
569 3549 703 3614 ἔχων
747 3549 827 3599 ὅτι
874 3545 1304 3616 καθιερώθησαν,
1346 3550 1602 3617 φροντίζῃ
1644 3551 1734 3600 καὶ

195 3641 283 3707 τῆς
325 3637 497 3690 αὐτῶν
535 3636 805 3702 διαγωγῆς
841 3653 899 3686 τε
937 3637 1028 3688 καὶ
1073 3637 1317 3704 φυλακῆς
1357 3638 1584 3699 ἕκαστος
1623 3639 1731 3689 τῶν

195 3728 518 3778 ἐπισκόπων.
554 3725 624 3774 Τὸ
648 3724 704 3774 δὲ
733 3722 1062 3785 καταλλάξαι
1093 3726 1171 3784 είς
1196 3724 1461 3790 δημοσίαν
1491 3725 1734 3794 λειτουρ-

194 3819 311 3883 γίαν
365 3814 605 3867 τοιοῦτόν
659 3816 846 3865 ὲστινο
904 3814 965 3865 Οἱ
1024 3813 1431 3882 ὲπιτιμηθέντες
1487 3815 1579 3868 καὶ
1635 3816 1735 3884 τῆς

194 3907 472 3974 ἐκκλησίας
502 3905 805 3973 εἰργόμενοι
830 3905 884 3954 ὲν
915 3906 1034 3964 ταῖς
1067 3905 1315 3967 συνάξεσι
1349 3893 1444 3972 μὲν
1470 3906 1602 3974 μετὰ
1627 3906 1733 3957 τῶν

194 3997 392 4048 πιστῶν
429 3996 488 4047 οὺ
536 3992 986 4062 παραχωροῦνται
1028 3994 1369 4046 συνίστασθαι
1401 4011 1413 4024 ·
1457 3994 1578 4045 καθ’
1613 3996 1736 4047 ἑαυ-

193 4089 307 4148 τοὺς
349 4088 412 4139 δὲ
442 4087 628 4154 ὑμνεῖν
662 4085 752 4136 τὸν
796 4084 926 4136 Θεὸν
960 4085 1050 4136 καὶ
1084 4085 1298 4137 δέεσθαι
1344 4084 1504 4136 αὑτοῦ
1531 4088 1590 4136 ού
1622 4102 1734 4137 κω-

192 4179 399 4231 λύονται
419 4193 432 4205 ·
461 4179 547 4229 ὅτε
571 4160 741 4228 δὲ’τοῦ
767 4175 1042 4243 ἐπιτιμίου
1069 4175 1288 4236 λυθῶσι,
1312 4175 1430 4226 τότε
1461 4175 1735 4227 συνίειν-ταν⁸

191 4284 272 4319 ται
297 4269 406 4327 τοῖς
440 4267 670 4367 πζστοῖς,
693 4265 785 4315 καὶ
811 4263 1060 4332 δημοσίᾳ,
1089 4263 1253 4331 ἤγουν
1279 4263 1412 4330 μετὰ
1443 4262 1534 4314 τοῦ
1561 4264 1731 4332 δήμου

189 4374 290 4408 των
340 4372 570 4414 πιστων,
626 4370 716 4404 του

187 4451 300 4502 ἀντὶ
330 4447 426 4498 τοῦ
460 4445 709 4512 φανερῶς
743 4443 969 4511 ὑμνοῦσι
1000 4443 1059 4493 τὸ
1094 4443 1253 4502 θεῖον,
1291 4445 1380 4495 καὶ
1417 4443 1730 4512 λατρεύουσι

183 4539 255 4606 τῷ
283 4537 424 4605 Θεῷ.
463 4535 804 4603 Ἐξείληπται
831 4536 938 4601 γὰρ
961 4536 1019 4584 τὸ
1051 4532 1380 4602 λειτουργεῖν
1409 4536 1502 4586 καὶ
1528 4536 1620 4586 ἐπὶ
1643 4537 1732 4588 λα-

183 4630 360 4697 τρείας
395 4628 491 4680 καὶ
533 4626 561 4676 ὓ
569 4643 721 4694 μνον.

184 4721 396 4792 populo,
431 4717 663 4771 lideliutr.
705 4715 959 4772 "videlicet
1005 4715 1366 4780 multitudine,
1446 4721 1523 4774 rei
1572 4738 1742 4781 sacras
1818 4723 2119 4782 ministerio
2170 4730 2382 4784 vacant,
2443 4722 2543 4775 hoc
2596 4731 2696 4782 est,

1831 3298 1883 3342 et
1918 3286 2091 3354 ρωηίε
2119 3285 2332 3338 obnoxii
2362 3283 2733 3337 conciliantur.
2763 3280 2963 3346 Quibus
2991 3281 3135 3334 enim
3162 3279 3377 3346 ligandi,

1830 3378 2018 3432 iisdem
2072 3385 2125 3429 et
2179 3373 2421 3429 solvendi
2481 3382 2716 3441 potestas
2747 3373 3010 3441 permissa
3040 3380 3142 3426 est.
3181 3371 3379 3424 Solerti

1833 3472 2090 3532 praeterea
2119 3463 2329 3528 judicio
2357 3473 2441 3514 est
2467 3475 2624 3528 opus,
2663 3470 2754 3524 ut,
2784 3475 2849 3512 an
2882 3476 2947 3513 ex
2979 3461 3158 3512 animo
3206 3459 3382 3512 doleat

1833 3555 1924 3622 qui
1974 3552 2214 3620 peccavit
2269 3559 2321 3604 et
2371 3553 2504 3604 satis
2558 3540 2803 3619 supplicii
2844 3551 3024 3616 luerit,
3057 3550 3380 3618 investiges;

1833 3641 1903 3694 ad
1933 3656 2050 3707 quae
2079 3639 2406 3704 providenda
2453 3638 2630 3693 minus
2661 3639 2889 3693 idoneus
2941 3638 3078 3692 forte
3130 3639 3383 3692 sacerdos

1837 3729 2021 3784 fuerit.
2083 3729 2328 3798 Virgines
2383 3743 2598 3798 quoque
2649 3743 2746 3797 per
2781 3729 3051 3786 antistites
3073 3729 3381 3791 consecrari

1836 3821 2106 3874 decretum
2141 3829 2246 3884 est,
2276 3827 2336 3873 ut
2385 3832 2504 3872 cum
2533 3833 2627 3872 eas
2679 3819 2915 3872 iuitiatas
2981 3834 3101 3872 esse
3148 3820 3383 3888 episcOpi

1838 3909 2035 3971 norint,
2118 3921 2300 3961 earum
2356 3907 2685 3961 institutioni
2761 3918 2815 3962 et
2877 3908 3131 3961 custodias
3187 3908 3380 3977 singuli

1842 3997 2166 4050 deserviant.
2206 3996 2355 4061 Quod
2408 4007 2586 4049 autem
2618 3997 2839 4060 dicitur,
2879 3997 2943 4049 ad
2992 3997 3266 4065 publicum
3300 3996 3377 4048 rei

1837 4102 2002 4140 sacrae
2023 4086 2377 4139 ministerium
2403 4087 2715 4152 conciliare,
2742 4087 2811 4140 id.
2827 4103 2952 4141 vero
2972 4100 3051 4142 est
3075 4087 3332 4153 ejusmodi
3363 4104 3376 4139 :

1838 4176 2042 4242 Quibus
2105 4176 2284 4228 multa:
2342 4177 2555 4229 indictae
2607 4185 2750 4240 sunt,
2788 4177 2985 4243 quique
3046 4179 3109 4229 ab
3142 4177 3380 4229 Ecclesia

1839 4277 2090 4321 arcentur
2127 4304 2141 4329 ,
2206 4267 2272 4320 iis
2323 4267 2376 4319 in
2435 4276 2700 4320 conventu
2795 4267 3028 4320 lideliutn
3085 4267 3382 4321 c0nsistere

771 4325 1003 4418 πλήθους
1015 4325 1026 4332 Ι
1049 4325 1290 4420 δηλαδὴξ
1312 4325 1728 4422 λειτουργούσιν,

1839 4325 2246 4426 haudquaquam
2266 4357 2428 4423 licet;
2452 4357 2700 4426 privatim
2727 4366 2900 4411 tamen
2924 4358 3116 4412 divinis
3141 4358 3382 4411 laudibus

1838 4465 1900 4504 ac
1959 4449 2257 4519 precationi
2312 4463 2504 4502 vacare
2567 4448 2785 4502 minime
2854 4448 3219 4516 prohibentur.
3283 4445 3382 4501 Ubi

1837 4554 1968 4594 vero
1998 4554 2171 4608 poenae
2197 4539 2414 4591 obnoxii
2441 4552 2558 4592 esse
2582 4537 2861 4600 desierint,
2897 4546 3026 4592 tunc
3059 4540 3123 4591 ad
3147 4537 3382 4591 ﬁdelium

1836 4645 2185 4699 congressum
2217 4629 2593 4692 admittuntur,
2628 4639 2684 4682 et
2709 4629 2941 4696 publice,
2977 4631 3076 4683 hoc
3115 4638 3218 4691 est,
3253 4644 3378 4683 cum

2790 4721 2907 4775 luce
2962 4726 3135 4789 palam
3186 4723 3378 4776 divinis

182 4792 1192 4860 laudibusaevenerationi'inserviunt.
1248 4805 1359 4862 Hoc
1401 4807 1515 4862 loco
1577 4827 1808 4884 namque
1848 4813 2119 4869 veneratio
2176 4822 2230 4866 et
2281 4811 2460 4866 laudes
2511 4826 2604 4880 per
2660 4814 2734 4867 rei
2804 4827 2969 4868 sacrae
3029 4812 3380 4867 ministerium

183 4901 521 4968 signiﬁcantu
533 4916 574 4952 r.

183 4995 394 5047 ΔΡΙΣΤ.
436 5010 453 5042 t
495 4993 601 5044 Καὶ
628 4990 934 5062 χρίσματος
950 4991 1186 5061 ποίησις,
1218 4993 1383 5061 ῆγουν
1413 4993 1582 5062 μύρου
1639 5013 1734 5048 κα.

254 5101 272 5132 ι
309 5082 570 5148 τασκευὴ,
630 5083 806 5151 κορῶν
857 5081 1206 5148 καθιέρωσις,
1267 5081 1360 5133 καὶ
1418 5083 1728 5154 καταλλαγῇ

254 5193 272 5223 ι
310 5187 453 5232 τινος
483 5172 561 5231 είς
585 5169 847 5237 δημοσίαν
877 5168 1219 5238 λειτουργίαν
1244 5208 1259 5233 ,
1292 5167 1398 5220 ἀπὸ
1427 5169 1727 5236 πρεσϐυτέ-

251 5278 273 5312 ε
311 5277 419 5330 ρων
449 5260 522 5330 μὴ
552 5257 799 5326 γινέσθω.
839 5277 856 5308 ι

245 5351 355 5417 Τὴν
389 5352 480 5402 τοῦ
514 5351 670 5417 ἁγίου
702 5349 874 5418 μύρου
908 5352 1273 5418 κατασκευὴν,
1302 5351 1396 5401 καὶ
1427 5352 1724 5417 τελείωσιν,

177 5442 268 5493 καὶ
296 5443 395 5508 τὴν
425 5442 750 5512 καθιέρωσιν
779 5443 884 5493 τῶν
911 5442 1190 5511 παρθένων
1213 5482 1227 5505 ,
1270 5443 1364 5497 καὶ
1392 5444 1485 5513 τὴν
1515 5444 1722 5496 τελείαν

177 5535 516 5603 καταλλαγὴν
545 5536 650 5586 τῶν
680 5536 738 5585 ὲν
769 5533 1019 5602 μετανοίᾳ
1043 5573 1056 5598 ,
1094 5532 1232 5585 ὥστε
1263 5537 1457 5595 αὐτοὺς
1488 5535 1720 5606 δημοσίᾳ

176 5629 302 5681 μετὰ
351 5623 453 5674 τῶν
486 5625 690 5676 πιστῶν
725 5623 1097 5688 συνίστασθαι,
1136 5625 1226 5676 καὶ
1250 5623 1353 5675 τῶν
1378 5622 1530 5675 θείων
1556 5640 1720 5691 μετα-

1836 4993 2066 5051 ARIST.
2105 5013 2124 5046 ι
2183 4995 2248 5048 Et
2277 4995 2588 5049 chrismatis
2626 4993 2910 5056 confectio,
2962 4995 3077 5048 sive
3125 4990 3376 5061 unguenti

1907 5101 1924 5132 ε
1965 5084 2306 5152 praeparatio,
2349 5082 2650 5150 puellarum
2683 5085 3046 5148 consecratio,
3093 5092 3147 5136 et
3183 5097 3377 5136 recon-

1908 5192 1927 5223 ε
1968 5173 2168 5228 ciliatio
2193 5173 2487 5243 cujuspiam
2521 5174 2586 5228 ad
2617 5189 2772 5229 sacra
2803 5175 3011 5243 publice
3039 5175 3378 5239 celebranda,

1904 5281 1922 5314 ε
1955 5280 1984 5318 a
2017 5263 2347 5334 presbyteris
2374 5279 2439 5316 ne
2469 5262 2611 5316 (lata

1902 5354 2084 5408 Sancti
2103 5354 2410 5407 chrismatis
2425 5364 2887 5422 praeparationem,
2907 5364 2957 5408 et
2976 5354 3375 5423 perfectionem,

1828 5453 1883 5498 et
1918 5445 2377 5498 consecrationem
2407 5447 2697 5514 virginum,
2731 5455 2785 5500 et
2829 5445 3119 5513 perfectam
3167 5462 3373 5505 eorum.

1828 5532 1919 5600 qui
1971 5532 2335 5599 paenitentiam
2381 5544 2568 5602 agunt,
2627 5535 3147 5600 reconciliationem,
3206 5546 3258 5588 ut
3299 5536 3368 5586 illi

1828 5622 2037 5692 publice
2083 5636 2201 5676 cum
2263 5622 2508 5677 ﬁdelibus
2562 5626 2884 5689 consistant,
2948 5638 3001 5680 et
3066 5627 3365 5680 divinorum
