4018 6306
651 257 717 317 47
1895 262 2168 325 ΤΗἘΟΙ).
2203 264 2597 327 BALSAMON
3756 273 3837 335 18

651 383 1111 426 sacramentorum
1157 374 1287 430 flant
1317 374 1630 445 participes,
1667 375 1982 444 presbytero
2010 372 2178 428 facere

2289 376 2584 446 λαμϐάνειν
2609 375 2978 451 ἁγιασμάτων,
3009 386 3369 456 πρεσϐύτερος
3393 386 3455 440 οὖ
3484 388 3840 457 συγκεχώρη-

650 474 754 513 ιιοιι
782 461 1107 531 permittitur
1143 481 1156 517 :
1185 463 1278 518 sed
1345 478 1407 518 ea
1436 463 1503 518 ab
1537 465 1789 533 episcopo
1817 463 1930 518 fieri
1968 464 2181 518 debent.

1233 638 1458 695 CANON
1518 638 1628 696 VII.

655 746 672 776 ι
713 730 768 783 Si
821 730 939 799 quis
994 729 1048 782 in
1092 727 1331 796 periculo
1365 730 1687 782 constitutus
1741 730 1973 798 seipsutn
2018 733 2185 784 sacris

724 838 740 869 ι
781 820 1062 882 altaribus,
1103 817 1325 872 absente
1350 817 1620 885 episcopo,
1674 819 2020 872 reconciliare
2045 820 2183 886 peti-

726 926 745 960 t
789 908 940 972 verit,
956 908 1078 976 jure
1098 906 1252 960 debet
1269 904 1543 972 presbyter
1560 906 1872 972 episcopum
1885 906 2181 966 consulere,

725 1015 747 1050 ε
782 1007 834 1052 et
860 999 936 1051 sic
983 997 1376 1065 periclitantem
1410 1010 1476 1047 ex
1506 995 1622 1062 ejus
1652 1005 1915 1061 praecepto
1943 996 2181 1048 reconci-

724 1101 744 1136 t
787 1085 938 1139 liare.
1019 1082 1166 1138 Hanc
1245 1091 1422 1136 autem
1491 1097 1601 1135 rein
1672 1081 1895 1135 salutari
1958 1082 2184 1136 consilio

728 1194 745 1226 t
780 1174 1097 1228 confirmare
1125 1172 1397 1226 debemus.
1432 1170 1680 1240 Synodus
1701 1171 1834 1222 dixit
1881 1186 1895 1221 ε
1951 1169 2180 1234 Suflicit,

724 1283 741 1314 ι
781 1264 920 1332 quod
974 1272 1150 1316 vestra
1197 1261 1453 1315 sanctitas
1501 1274 1597 1314 nos
1643 1261 1948 1316 necessario
1991 1260 2182 1328 juvare

726 1373 744 1406 t
789 1368 993 1421 aequum
1023 1353 1252 1406 censuit.
1301 1368 1319 1400 ι

720 1527 910 1582 BALS.
940 1527 1317 1581 Confessiones
1345 1527 1621 1581 hominum
1674 1529 1859 1582 audire
1883 1537 1937 1581 et
1965 1537 2182 1596 peccata

651 1620 943 1682 remittere,
967 1619 1081 1670 sine
1107 1603 1394 1685 episcopali
1415 1619 1785 1683 pertnissione,
1811 1619 2180 1672 sacerdotibus

651 1724 754 1762 non
779 1709 958 1769 licere,
1007 1723 1072 1760 ex
1101 1708 1347 1774 praesenti
1383 1721 1598 1774 quoque
1647 1721 1851 1760 canone
1909 1707 2183 1760 evidenter

647 1798 970 1850 ostenditur.
1005 1797 1139 1848 Dicit
1182 1797 1320 1848 cnitn
1349 1837 1362 1850 .
1399 1797 1453 1876 βί
1480 1798 1598 1864 quis
1651 1798 1700 1849 in
1728 1796 1968 1866 periculo
1999 1797 2183 1849 mortis

649 1887 807 1941 fuerit
860 1888 1204 1949 constitutus,
1232 1898 1283 1939 et
1314 1887 1561 1954 petiverit
1613 1889 1970 1951 reconciliari,
1998 1890 2046 1940 id
2076 1885 2181 1951 est,

646 1976 744 2030 sibi
815 1976 1069 2042 permitti,
1134 1983 1191 2027 ut
1242 1983 1363 2042 post
1417 1973 1808 2028 confessionem
1881 1975 2179 2028 divinorum

647 2077 1100 2120 sacramentorum
1138 2066 1206 2118 sit
1229 2050 1237 2060 ’
1251 2063 1520 2133 particeps
1566 2064 1740 2131 (abest
1772 2075 1948 2117 autem
1977 2067 2184 2131 episco-

646 2155 786 2223 pus),
835 2169 938 2207 non
987 2163 1159 2222 potest
1195 2155 1444 2206 sacerdos
1487 2167 1607 2205 eum
1660 2154 2003 2207 reconciliare
2040 2170 2052 2204 :
2091 2153 2182 2206 sed

648 2245 978 2309 interrogare
1037 2243 1194 2294 debet
1252 2243 1582 2308 cpisc0putn,
1612 2242 1700 2310 qui
1747 2241 1955 2294 obtinet
2006 2241 2181 2294 locum

650 2334 902 2404 apostoli,
933 2343 986 2385 et
1032 2331 1229 2398 ligandi
1278 2345 1341 2382 ac
1373 2332 1613 2384 solvendi
1661 2342 1976 2398 potestatem
2012 2346 2042 2384 a
2077 2333 2183 2384 Deo

652 2423 881 2493 accepit,
909 2421 1106 2487 et-ejus
1138 2423 1350 2474 hortatu
1384 2421 1558 2473 facere
1593 2420 2105 2482 reconciliationem,
2139 2419 2182 2474 si

655 2515 811 2566 modo
839 2512 1140 2578 expeditum
1173 2511 1245 2563 sit
1290 2509 1760 2577 interrogatiOnem
1792 2509 1928 2561 fieri.
1957 2507 2011 2560 Si
2041 2511 2182 2559 enitn

649 2603 801 2670 longe
854 2604 1001 2654 abest
1049 2601 1366 2668 episeOpus,
1417 2607 1470 2652 ct
1524 2613 1667 2651 tnors
1713 2597 1972 2658 imminet,
2022 2595 2182 2648 etiam

651 2693 848 2760 absque
870 2692 1280 2758 interrogatione
1313 2690 1543 2758 episcopi
1582 2689 1793 2742 dabitur
1824 2679 2184 2740 reconciliatio

649 2798 676 2831 :t
738 2782 1048 2843 sacerdote,
1107 2779 1396 2832 secundum
1458 2793 1718 2831 canonetn
1779 2777 1849 2830 43
1909 2775 2184 2843 praesentis

652 2869 860 2936 synodi.
894 2866 948 2919 Si
983 2880 1108 2932 ergo
1142 2879 1238 2917 nec
1287 2875 1580 2918 extremam
1623 2864 1841 2930 quidem
1870 2863 2153 2946 reconcilia

2285 483 2374 520 ται
2424 463 2596 524 ποιεῖν
2619 486 2632 502 ·
2673 472 2805 526 ἀλλά
2835 473 2967 543 παρ’
3011 475 3306 541 ἐπισκόπου
3348 475 3519 528 ταῦτα
3559 475 3838 541 ὀφείλουσι

2285 558 2552 624 γίνεσθαι.

2897 649 3126 702 ΚΑΝΩΝ
3152 654 3223 704 Ζ’.

2295 751 2313 784 t
2361 735 2486 788 Ἐάν
2535 753 2616 800 τις
2671 741 2727 790 ἐν
2774 739 2996 808 κινδύνῳ
3053 739 3325 808 καθεστὼς
3381 741 3578 810 αἰτήσῃ
3634 741 3838 794 ἑαυτὸν

2361 840 2380 872 ε
2421 825 2820 892 καταλλαγῆναι
2875 829 2984 888 τοῖς
3043 828 3203 895 ίεροῖς
3256 827 3692 895 θυσιαστηρίοις,
3727 827 3835 880 τοῦ

2361 929 2378 961 t
2421 915 2716 966 ἐπισκόπου
2752 916 3000 978 ἀπόντος,
3048 917 3246 982 ὀφείλει
3268 917 3487 978 είκότως
3526 918 3555 968 6
3584 918 3836 985 πρεσϐύ-

2360 1020 2378 1052 t
2417 1019 2571 1070 τερος
2595 1005 2863 1073 ἐρωτῆσαι
2891 1005 2980 1056 τὸν
3004 1005 3317 1068 ἐπίσκοπον,
3341 1008 3432 1059 καὶ
3453 1007 3622 1068 οὕτως
3653 1008 3743 1059 τὸν
3768 1011 3835 1058 ἐν

2360 1107 2378 1138 ι
2419 1091 2642 1161 κινδύνῳ
2681 1093 3012 1156 καταλλάξαι
3038 1093 3174 1147 κατά
3225 1098 3322 1163 τὴν
3346 1079 3348 1082 θ
3375 1097 3580 1146 ἐκείνου
3615 1112 3836 1164 παραγο

2363 1197 2380 1228 ι
2423 1179 2621 1245 γελίαν.
2673 1182 2838 1234 Τοῦτο
2886 1183 2942 1235 δὲ
2991 1183 3051 1234 τὸ
3100 1178 3325 1252 πρᾶγμα
3370 1185 3650 1252 ὀφείλομεν
3711 1200 3824 1237 σω-

2359 1290 2378 1320 ι
2418 1273 2664 1340 τηριώδει
2694 1273 2871 1341 βουλῇ
2927 1273 3191 1340 κυρῶσαι.
3256 1273 3316 1324 Ἦ
3375 1271 3586 1334 σύνοδος
3633 1268 3827 1325 εἶπενο

2359 1379 2378 1411 ε
2427 1361 2612 1428 Ἀρκεῖ
2655 1363 2786 1430 ὅπερ
2835 1365 2867 1430 ἡ
2911 1364 3147 1431 ὑμετέρα
3191 1363 3462 1431 ἁγιωσύνη
3511 1363 3829 1427 ἀναγκαίως

2359 1470 2375 1500 t
2415 1453 2558 1519 ἡμᾶς
2598 1453 2870 1519 ὠφελῆσαι
2909 1453 3257 1521 κατηξίωσεν.
3286 1471 3310 1517 ι)
3484 1463 3487 1465 ·

2353 1545 2542 1596 ΒΔΛΣ.
2598 1546 2703 1597 Καὶ
2745 1547 2966 1597 ἀπὸτοῦ
3008 1548 3265 1615 παρόντος
3315 1549 3534 1618 κανόνος
3576 1545 3834 1615 ἐναργῶς

2282 1634 2629 1700 ἀναφαίνεται
2666 1634 2739 1701 μὴ
2777 1635 2972 1697 ἐξεῖναι
3003 1639 3110 1697 τοῖς
3146 1635 3378 1704 ἱερεῦσιν
3411 1636 3834 1704 ἐξομολογήσεις

2283 1722 2578 1788 ἀνθρώπων
2625 1725 3004 1792 ἀναδέχεσθαι,
3045 1727 3140 1801 καὶ.
3175 1731 3472 1797 συγχωρεῖν
3515 1711 3788 1795 ἁμαρτίας
3812 1762 3834 1785 ,

2283 1815 2446 1879 χωρὶς
2475 1816 2830 1882 ὲπισκοπικῆς
2865 1819 3184 1884 ἐπιτροπῆς.
3213 1819 3346 1885 Φησὶ
3377 1819 3510 1886 γὰρ,
3556 1818 3677 1869 Ἐάν
3705 1833 3834 1867 κιν-
3878 1829 3884 1832 ·

2283 1901 2475 1972 δυνεύῃ
2502 1919 2583 1964 τις
2617 1907 2740 1972 περὶ
2773 1905 2869 1972 τὴν
2900 1904 3041 1973 ζωὴν
3062 1944 3077 1968 ,
3111 1908 3203 1958 καὶ
3237 1907 3447 1978 ζητήσῃ
3482 1906 3835 1973 καταλλαγῆ’

2283 2005 2386 2052 ναι,
2418 1991 2580 2057 iactv
2611 1994 3071 2061 παραχωρηθῆναι
3102 1997 3179 2053 είς
3210 1996 3504 2062 μετάληψιν
3530 1995 3636 2046 τῶν
3665 1984 3835 2046 θείων

2281 2077 2633 2144 άγιλσμάτων
2667 2097 2799 2147 μετα
2825 2081 3202 2148 ἐξομολόγησιν
3225 2084 3437 2147 (άπεστι
3469 2085 3524 2135 δὲ
3549 2085 3576 2134 ὁ
3603 2083 3836 2136 ἐπίσκοο

2283 2164 2424 2232 πος),
2444 2167 2502 2216 ού
2521 2168 2740 2219 δύναται
2768 2170 2940 2236 ἱερεὺς
2963 2170 3287 2234 καταλλάξαι
3311 2172 3517 2236 τοῦτον,
3547 2172 3657 2224 ἀλλ’
3678 2174 3838 2239 ὀφεί-

2283 2253 2360 2304 λει
2381 2258 2585 2325 ἐρωτᾷν
2609 2257 2698 2308 τὸν
2719 2259 3010 2311 ἐπίσκοπον
3029 2262 3116 2312 τὸν
3138 2263 3394 2329 ἐπέχοντα
3417 2264 3578 2314 τόπον
3599 2262 3834 2314 ἀποστό-

2282 2342 2395 2405 λου,
2430 2347 2522 2396 καὶ
2558 2345 2782 2398 λαϐόντα
2815 2348 3059 2410 ἐξουσίαν
3093 2335 3196 2403 ἀπδ
3228 2351 3361 2402 Θεοῦ
3388 2353 3604 2418 δεσμεῖν
3635 2368 3693 2403 τε
3725 2352 3834 2404 καὶ
3877 2380 3880 2382 τ

2283 2432 2447 2497 λύειν,
2465 2434 2566 2485 ’καὶ
2590 2440 2720 2503 μετὰ
2744 2443 3050 2508 προτροπῆς
3074 2441 3236 2493 αὑτοῦ
3264 2443 3433 2492 ποιεῖν
3449 2441 3543 2508 τὴν
3569 2441 3834 2492 καταλλα-

2282 2525 2405 2592 γὴν,
2429 2526 2520 2576 ἐὰν
2544 2528 2676 2588 τέως
2709 2528 2857 2578 ἐστὶν
2891 2530 3109 2598 εὐχερὲς
3140 2529 3388 2596 γενέσθαι
3412 2530 3508 2599 τὴν
3535 2531 3828 2598 ἐρώτησιν.

2283 2617 2345 2668 El
2373 2618 2480 2684 γὰρ
2515 2619 2706 2668 ἄπεστι
2742 2618 2956 2686 μακράν
2988 2620 3015 2670 6
3047 2621 3358 2682 ἐπίσκοπος,
3392 2621 3489 2671 καὶ
3533 2621 3561 2670 6
3593 2620 3834 2681 θάνατος

2286 2708 2572 2773 ἐφίσταται
2595 2749 2608 2770 ,
2636 2709 2727 2777 καὶ
2755 2711 2920 2778 χωρὶς
2945 2709 3033 2762 τοῦ
3061 2711 3394 2779 ἐρωτηθῆναι
3417 2713 3506 2763 τὸν
3526 2690 3830 2763 ἐπίσκοπον

2289 2791 2573 2860 δοθήσεται
2601 2795 2921 2863 καταλλαγὴ.
2941 2798 3088 2866 παρὰ
3117 2797 3208 2848 τοῦ
3231 2799 3439 2865 ἱερέως,
3457 2800 3593 2851 κατὰ
3616 2799 3704 2851 τὸν
3728 2803 3829 2866 μγ

2284 2882 2479 2933 κανόνα
2502 2883 2594 2950 τῆς
2619 2884 2894 2953 παρούσης
2919 2885 3244 2939 συνόδου.ιΕί
3268 2887 3396 2953 γοῦν
3414 2877 3533 2938 οὺδέ
3549 2874 3832 2938 enicasso-
3927 2920 3930 2922 ν

651 2955 847 3005 tionem
880 2954 969 3005 dat
995 2955 1246 3005 sacerdos
1270 2951 1470 3018 absque
1496 2952 1777 3018 episcOpaIi
1804 2950 2178 3018 permissione,

2281 2986 2393 3021 τιον
2445 2947 2784 3040 καταλλαγὴν
2827 2947 2992 3041 χωρὶς
3035 2947 3393 3043 ἐπισκοπίκῆς
3445 2976 3743 3044 ἐπιτροπῆς
3796 2977 3830 3026 6

646 3052 701 3092 ιιι
731 3043 818 3106 qui
850 3040 1045 3108 ligandi
1072 3049 1126 3091 et
1188 3039 1424 3090 solvendi
1457 3047 1774 3104 potestatem
1813 3052 1917 3090 non
1945 3038 2177 3100 habeat;

648 3132 816 3182 multo
852 3130 1018 3197 magis
1070 3143 1167 3180 ncc
1206 3130 1322 3180 sani
1369 3127 1763 3180 confessionem
1818 3127 2058 3195 recipiet.
2086 3127 2180 3180 His

645 3230 822 3272 autem
879 3221 948 3271 ita
994 3233 1052 3272 sc
1106 3219 1444 3280 habentibus,
1499 3227 1552 3270 et
1601 3232 1719 3270 cum
1778 3232 1946 3270 canon
1980 3217 2012 3269 6
2073 3230 2179 3269 non

647 3315 869 3369 statuat,
896 3307 1021 3374 quid
1067 3306 1118 3358 in
1150 3308 1505 3366 sacerdotem,
1537 3305 1627 3372 qui
1663 3305 1778 3355 sine
1813 3304 2180 3381 perinissione

648 3398 879 3466 episcopi
909 3395 1274 3450 confessiones
1300 3395 1524 3458 audivit,
1559 3397 1850 3448 secundum
1898 3393 2179 3446 Fortunati

645 3491 1116 3556 interrogationem
1169 3486 1282 3538 fieri
1333 3483 1546 3547 debeat,
1605 3483 1697 3537 sed
1779 3497 1876 3535 nec
1947 3496 2178 3549 praesens

644 3595 814 3633 canon
850 3579 1134 3646 quidquam
1163 3577 1229 3629 dc
1258 3589 1324 3628 eo
1346 3576 1632 3637 decernat;
1662 3573 1906 3624 dixerunt
1939 3571 2175 3640 quidam,

644 3667 931 3738 episc0pali
977 3665 1175 3733 judicio
1245 3663 1472 3729 relinqui
1529 3662 1845 3730 supplicium
1898 3662 2036 3726 ejus,
2083 3662 2174 3728 qui

643 3770 902 3812 canonem
939 3764 1308 3821 transgressus
1329 3759 1432 3804 est.
1469 3751 1853 3802 Sanctis-simus
1890 3761 2064 3802 antem
2093 3750 2178 3801 ille

644 3847 948 3915 patriarcha
1004 3843 1247 3896 dominus
1285 3840 1544 3902 Michael,
1591 3839 1681 3908 qui
1740 3840 1840 3902 fuit
1891 3853 2178 3906 supremus

642 3936 1100 4006 philos0pltorum,
1152 3932 1361 3985 dicebat
1416 3945 1538 3984 eum
1605 3920 1937 3982 sacerdOtetn
1982 3927 2177 3995 deponi

641 4029 855 4088 debere,
887 4024 1178 4074 secundum
1210 4033 1447 4071 canones
1469 4016 1559 4084 qui
1597 4025 1864 4079 statuunt,
1898 4017 2175 4082 deponen-

641 4119 736 4170 dos
759 4129 876 4169 esse
891 4126 1009 4174 eos,
1032 4111 1121 4178 qui
1141 4109 1277 4161 ultra
1298 4108 1624 4176 provinciam
1639 4106 1834 4174 aliquid
1853 4101 2180 4160 sacerdotale

641 4208 910 4262 exercent,
938 4209 987 4250 et
1028 4212 1292 4252 Canonunt
1333 4205 1781 4263 transgressores.

2285 3044 2460 3124 ἱερεὺς
2487 3058 2683 3122 δίδωσι,
2707 3059 2779 3120 ὡς
2805 3061 2936 3129 μηδὲ
2958 3061 3198 3123 ἐξουσίαν
3221 3063 3355 3130 ἐχων
3370 3061 3463 3113 τοῦ
3485 3063 3702 3128 δεσμεῖν
3726 3063 3831 3113 καὶ

2281 3146 2445 3210 λύειν,
2472 3147 2645 3215 πολλῴ
2666 3148 2822 3200 πλέον
2852 3147 3227 3218 ἐξομολόγησιν
3254 3151 3314 3202 οὑ
3331 3139 3830 3217 δέξεταιὺγιαίνονο

2279 3251 2390 3296 τος.
2419 3236 2630 3287 Τούτων
2652 3236 2705 3287 δὲ
2731 3231 2898 3299 οὕτως
2919 3241 3166 3308 ἐχόντων,
3191 3239 3283 3291 καὶ
3304 3239 3393 3290 τοῦ
3420 3238 3471 3302 ς’
3501 3236 3830 3306 κανόνος³μὴ

2281 3327 2824 3396 παρακελευσαμένου
2863 3330 2915 3381 τί
2943 3331 3144 3397 ὀφείλει
3173 3315 3519 3397 γίνεσθαι-είς
3549 3330 3634 3381 τὸν
3669 3328 3831 3397 ἱερέα

2278 3414 2367 3464 τὸν
2395 3414 2514 3481 δίχα
2549 3415 2841 3483 ἐπιτροπῆς
2873 3417 3165 3468 ἐπισκόπου
3193 3418 3481 3484 δεξάμενον
3506 3419 3825 3483 λογισμούς,

2281 3503 2417 3552 κατὰ
2442 3501 2536 3569 τὴν
2561 3502 2820 3569 ἐρώτησιν
2850 3502 2940 3554 τοῦ
2985 3504 3364 3570 Φορτουνάτου,
3391 3503 3522 3553 ἀλλὰ
3568 3499 3698 3569 μηδξ
3725 3498 3828 3550 τοῦ

2283 3591 2542 3659 παρόντος
2579 3593 2792 3651 κανόνος
2830 3593 2955 3660 περὶ
2986 3595 3171 3642 τούτου
3212 3610 3259 3664 τι
3289 3593 3647 3661 διοριζομένου
3693 3604 3708 3618 ⁶
3742 3585 3830 3640 εἷ-

2283 3680 2380 3731 πόν
2411 3696 2552 3752 τινες
2583 3685 2730 3750 παρά
2759 3684 2824 3749 τῇ
2859 3675 3182 3751 ἐπισκοτῖικῇ
3215 3683 3480 3750 διακρίσει
3505 3677 3827 3732 ἀνακεῖσθαι

2277 3769 2373 3834 τὴν
2401 3768 2617 3820 κόλασιν
2641 3768 2734 3821 τοῦ
2766 3769 3075 3837 παραϐάτου
3100 3771 3190 3822 τοῦ
3217 3771 3454 3831 κανόνος.
3495 3768 3551 3821 Ὀ
3573 3768 3627 3819 δὲ
3653 3763 3828 3830 ἁγιώ-

2277 3873 2436 3918 τατος
2469 3861 2670 3918 ἐκεῖνος
2701 3861 3038 3928 πατριάρχης
3072 3863 3232 3927 κυρδς
3262 3861 3495 3929 Μιχαὴλ,
3528 3862 3554 3911 6
3583 3861 3824 3927 γεγονὼς

2281 3943 2479 4005 ὕπατος
2504 3946 2608 3997 τῶν
2633 3947 2952 4012 φιλοσόφων,
2981 3947 3162 4014 ἔλεγεν
3187 3950 3419 4014 ὀφείλειν
3438 3951 3825 4018 καθαιρεὶσθαι

2279 4038 2368 4089 τὸν
2395 4039 2632 4090 τοιοῦτον
2667 4040 2834 4107 ίερέα,
2869 4041 3005 4091 κατὰ
3034 4041 3154 4100 τοὺς
3187 4043 3408 4102 κανόνας
3441 4043 3562 4100 τοὺς
3590 4041 3825 4110 διοριξορ

2282 4129 2475 4196 μένους
2513 4129 2884 4197 καθαιρεῖσθαι
2914 4129 3037 4190 τοὺς
3070 4130 3199 4197 παρ’
3234 4132 3444 4197 ἐνορίαν
3470 4131 3826 4197 ἐνεργοῦντας

2285 4218 2550 4286 ίερατικόν
2582 4235 2654 4279 τι,
2695 4220 2787 4270 καὶ
2812 4221 2934 4279 τοὺς
2971 4215 3292 4288 παραϐάτας
3319 4220 3425 4270 τῶν
3455 4223 3707 4273 κανόνων.

695 4291 854 4360 522
877 4285 1123 4341 ΖΟΝΑΒυ
1141 4285 1234 4338 Hic
1251 4299 1459 4353 quoque
1474 4285 1744 4352 iudicandi
1765 4284 2066 4339 facultatem
2084 4299 2178 4353 pe-

2334 4284 2593 4375 lZQNAP.
2628 4308 2916 4366 Κάνταῦθα
2957 4284 3063 4376 τὴν
3093 4309 3359 4378 διάκρισιν
3406 4312 3657 4362 ὀ-κανὼν
3707 4302 3824 4374 τοῖς
3910 4305 3915 4308 ’

641 4398 738 4439 nes
767 4383 1044 4451 episcopos
1060 4392 1228 4431 canon
1249 4391 1366 4429 esse
1400 4378 1656 4429 decernit.
1694 4375 1749 4428 Si
1769 4375 1890 4444 quis
1907 4377 2071 4440 enim,
2097 4379 2180 4428 in-

641 4473 776 4541 quit,
812 4470 893 4523 vel
917 4485 980 4523 ex
1006 4470 1213 4530 morbo,
1240 4465 1320 4518 vel
1343 4480 1406 4518 ex
1432 4466 1531 4518 alia
1565 4479 1721 4518 causa
1745 4469 1810 4519 de
1837 4467 1942 4521 vita
1969 4468 2181 4536 pericli-

645 4569 804 4624 tetur,
826 4560 915 4627 qui
947 4559 1119 4627 poenis
1151 4556 1355 4610 luendis
1382 4558 1452 4609 sit
1479 4553 1738 4620 addictus,
1770 4566 1975 4623 atquea
1996 4567 2180 4612 sancto

644 4651 800 4702 altari
850 4651 1030 4714 procul
1090 4660 1361 4711 arceatur,
1423 4649 1469 4700 is
1517 4661 1641 4700 vero
1695 4648 1956 4701 altaribus
2009 4651 2178 4704 sacris

645 4740 940 4800 conciliari,
983 4741 1084 4790 hoc
1139 4747 1240 4800 est,
1273 4739 1339 4789 ad
1374 4737 1608 4787 divinam
1637 4737 2174 4789 communicationem

644 4831 893 4898 episcopo
973 4829 1190 4880 absente
1263 4827 1468 4880 admitti
1536 4827 1793 4893 postulet;
1858 4832 2174 4896 presbyter,

643 4920 814 4986 inquit
835 4932 1026 4979 canon,
1059 4920 1362 4986 episc0pum
1407 4917 1706 4981 consulere,
1740 4932 1802 4970 ac
1832 4933 1972 4980 eum,
2000 4919 2088 4983 qui
2125 4918 2177 4971 in

645 5008 880 5076 periculo
932 5015 1196 5066 versatur,
1260 5023 1322 5057 ex
1383 5007 1524 5060 illius
1579 5019 1839 5073 praecepto
1887 5009 2177 5062 c0nciliaro

645 5101 818 5150 debet.
881 5097 1067 5149 Merito
1103 5105 1276 5148 autent
1318 5111 1346 5148 a
1393 5098 1563 5164 poenis
1629 5097 1888 5148 libet‘andt
1943 5107 2176 5162 potestas

644 5188 904 5254 episcopis
961 5188 1258 5252 adjudicata
1330 5187 1479 5252 fuit,
1545 5202 1666 5240 cum
1732 5188 1800 5240 ob
1855 5190 2172 5256 explicatam

645 5278 922 5340 tationem,
983 5289 1090 5328 tum
1146 5278 1269 5345 quia
1329 5281 1550 5330 sutntnis
1610 5278 2002 5340 sacerdotibus,
2040 5294 2174 5345 quos

642 5381 801 5436 penes
857 5367 1050 5434 ligandi
1115 5383 1174 5418 ac
1213 5369 1450 5420 solvendi
1497 5359 1918 5435 auctoritas‘est,
1963 5373 2176 5438 proprie

643 5462 926 5512 verborum
957 5459 1042 5511 illa
1074 5461 1300 5527 prolatio
1343 5461 1612 5513 comenit.
1640 5460 1888 5525 Quinitno
1928 5465 2172 5518 tnonaclti

643 5565 876 5618 quoque,
912 5551 998 5616 qui
1054 5550 1151 5601 hoc
1195 5560 1428 5617 tempore
1459 5550 1825 5605 confessiones
1879 5559 2171 5621 excipiunt,

2281 4397 2593 4460 ἐπισκόποις
2632 4399 2966 4466 ἀνατίθησιν.
3011 4399 3136 4450 Ἐὰν
3169 4400 3272 4468 γὰρ
3293 4437 3307 4458 ,
3337 4402 3464 4470 φησὶ
3490 4441 3504 4463 ,
3539 4401 3822 4470 κινδυνεύῃ

2279 4503 2364 4558 τις
2391 4490 2517 4557 περὶΙ
2541 4489 2637 4555 τὴν
2667 4486 2810 4556 ζωὴν
2841 4490 2902 4538 ὲκ
2938 4488 3093 4538 νόσου
3120 4488 3151 4556 ἦ
3182 4489 3244 4549 ἐξ
3271 4489 3434 4555 ἄλλης
3462 4491 3655 4550 αἰτίας,
3696 4491 3819 4541 ἐπι-

2278 4579 2631 4647 τετιμημένος
2660 4575 2764 4641 ὢν,
2797 4579 2890 4630 καὶ
2925 4577 2999 4646 τῷ
3029 4577 3165 4646 ἁγίῳ
3193 4578 3556 4647 θυσιαστηρίῳ
3579 4559 3828 4648 ’προσελω
3894 4638 3897 4642 ,

2282 4669 2390 4721 θεῖν
2443 4667 2796 4736 κωλυόμενος,
2845 4668 2934 4719 καὶ
2975 4669 3168 4740 αἰτήσῃ
3212 4670 3613 4736 καταλλαγῆναι
3662 4671 3825 4721 αὑτὸν

2279 4762 2387 4819 τοῖς
2423 4759 2582 4825 ἱεροῖς
2610 4758 3030 4825 θυσιαστηρίοις,
3057 4759 3176 4810 ἀντὶ
3230 4759 3322 4810 τοῦ
3352 4761 3534 4810 δεκτὸν
3570 4761 3821 4824 γενέσθαι

2280 4850 2357 4908 είς
2405 4851 2501 4915 τὴν
2545 4847 2692 4898 θείαν
2723 4847 3058 4915 μετάληψιν,
3085 4851 3276 4900 ἄπεστι
3329 4848 3382 4897 δὲ
3419 4850 3444 4895 ὀ
3500 4848 3818 4908 ἐπίσκοπος,

2279 4936 2500 5002 ὀφείλει,
2543 4938 2700 5002 φησὶν
2746 4939 2770 4988 6
2822 4937 3018 4998 κανὼν,
3067 4938 3331 5005 ἐρωτῆσαι
3388 4936 3475 4986 τὸν
3525 4938 3824 4990 ἐπίσκοπον
3915 4930 3920 4936 ’

2279 5029 2306 5077 6
2329 5027 2596 5092 πρεσϐύτε
2609 5045 2713 5093 ρος,
2742 5029 2832 5078 καὶ
2849 5027 3015 5087 οὕτως
3037 5029 3126 5076 τὸν
3153 5030 3206 5077 ἐν
3226 5028 3447 5094 κινδύνῳ
3471 5027 3821 5094 καταλλάξαι,

2279 5119 2457 5176 καθὼς
2483 5119 2682 5178 ἐκεῖνος
2709 5119 2993 5183 ὑπόθηται.
3021 5117 3252 5178 Εἰκότως
3283 5119 3335 5169 δὲ
3360 5123 3466 5179 τοί,
3492 5120 3816 5180 ἐπισκόποις

2278 5210 2309 5276 ἡ
2369 5205 2516 5268 λύσις
2564 5209 2834 5258 ἁνετὶΟειο
2874 5209 2977 5258 τῶν
3019 5209 3301 5275 ἐπιτιμίων
3335 5210 3418 5260 διά
3466 5225 3524 5258 τε
3576 5210 3669 5275 τὴν
3720 5211 3823 5276 ἤδη

2283 5294 2535 5364 ῥηθεῖσαν
2567 5299 2763 5356 αἰτίαν,
2801 5297 2889 5346 καὶ
2921 5297 3000 5347 ὅτι
3043 5298 3147 5355 τοῖ,
3183 5296 3525 5364 ἀρχιερεῦσιν
3560 5297 3591 5365 ή
3633 5297 3824 5361 ἐξαγό-

2280 5403 2461 5454 ρευσις
2489 5386 2746 5453 ἁρμόζει,
2775 5385 2848 5444 ὡς
2880 5386 3096 5454 δεσμεῖν
3128 5392 3217 5437 καὶ
3249 5386 3394 5437 λύειν
3419 5386 3818 5452 δεδυνημένοις.

2282 5480 2384 5528 λαὶ
2413 5480 2458 5526 οἱ
2492 5477 2582 5526 νῦν
2617 5493 2722 5542 γαρ
2755 5477 3043 5544 λογισμοὺς
3070 5477 3342 5542 δεχόμενοι
3375 5478 3628 5545 μοναχοὶ,
3659 5478 3704 5526 εἰ
3743 5478 3819 5545 μὴ

2285 5572 2340 5629 ἐς
2376 5583 2667 5629 αριιερεως
2702 5565 3039 5630 ἐπιτραπῶσι
3074 5565 3317 5632 δέχεσθαι
3351 5566 3659 5631 λογισμοὺς,
3695 5567 3820 5618 οῦτε
