4018 6306
204 365 274 429 49
1254 373 1335 444 1N
1374 387 1537 446 CAN.
1576 386 1717 446 Vttt
1750 382 1951 442 couc.
1993 386 2362 444 caurum.
3325 373 3394 435 50

205 483 416 536 εεσαετν
445 488 566 540 οὔτε
591 489 740 543 λύειν
766 476 979 558 ἔχουσιν
1003 490 1269 553 ἐξουσίαν.
1297 491 1418 551 Τοῖς
1448 491 1556 557 γὰρ
1589 489 1738 556 ἱεροῖς

1854 490 1953 542 nisi
1987 490 2236 562 episcorro
2268 489 2594 541 concedente
2635 487 2686 539 id
2737 485 2956 548 faciant,
2989 496 3160 549 neque
3194 479 3394 548 ligandi

133 581 136 583 ‘
205 574 507 639 ἀποστόλοις
570 581 670 652 τὴν
713 581 960 644 ἐξουσίαν
991 580 1190 648 ταύτην
1219 581 1414 635 ἔδωκεν
1440 583 1467 632 ό
1504 581 1751 649 Χριστός-

207 667 376 723 Τόπον
431 672 488 724 δὲ
537 672 646 724 τῶν
685 672 992 724 ἀποστόλων
1034 674 1082 724 ol
1124 672 1395 742 ἀρχιερεῖς
1437 668 1751 739 πληροῦσιν.

203 929 418 984 ΔΡΙΣΤ.
463 950 482 982 s
518 934 625 985 Τδν
671 937 726 986 ὲν
772 936 995 1004 κινδύνῳ
1067 934 1378 988 καθεστῶτα
1427 934 1754 997 καταλλάξαι

274 1043 292 1074 ι
335 1026 444 1084 τοῖς
469 1025 508 1075 is
523 1028 632 1094 ροῐς
655 1025 1060 1093 θυσιαστηρέοις
1085 1027 1249 1078 θέλων
1276 1028 1470 1090 ἱερεὺς,
1507 1026 1755 1094 ἐρωτάτω

274 1132 294 1165 s
336 1115 428 1167 τὸν
452 1116 773 1178 ἐπίσκοπον,
799 1120 889 1169 καὶ
918 1117 1057 1168 κατὰ
1082 1117 1140 1168 τὺ
1162 1117 1347 1185 λεχθὲν
1371 1117 1610 1169 ποιείτω.
1646 1135 1664 1166 ι

283 1291 347 1344 '0
371 1293 706 1360 προγραφεὶς
738 1294 916 1344 κανὼν
945 1295 1074 1362 παρ’
1101 1294 1399 1345 ἐπισκόπου
1429 1293 1528 1360 τὴν
1555 1294 1751 1346 καταλ-

201 1383 375 1451 λαγὴν
405 1383 705 1449 προσέταξε
736 1385 1005 1450 γίνεσθαι·
1035 1387 1061 1435 ὁ
1087 1384 1140 1434 δὲ
1171 1384 1358 1449 παρὼν
1385 1385 1749 1444 διατάττεται,

199 1473 340 1525 κατά
377 1471 606 1540 γνώμην
644 1472 737 1524 τοῦ
773 1475 1100 1536 ἔπισκόπου,
1135 1475 1226 1524 καὶ
1267 1474 1417 1542 παρά
1452 1473 1749 1542 πρεσϐυτέο

201 1580 308 1628 ρων
337 1562 538 1632 ταύτην
563 1562 854 1618 τελεῖσθαι.

792 1657 1027 1710 ΚΑΝΩΝ
1078 1656 1160 1709 Ii'.

202 1762 222 1795 s
261 1747 397 1815 Περὶ
447 1748 557 1800 τῶν
602 1749 730 1810 τοὺς
777 1751 1022 1818 Πατέρας
1068 1750 1420 1818 αἰτιωμένων,
1468 1751 1562 1802 καὶ
1609 1749 1747 1802 ὥστε

270 1851 290 1884 s
335 1835 522 1902 μηδενὶ
571 1837 1005 1906 διαόεδλημένων
1048 1838 1242 1901 ἐξεῖναι
1299 1840 1595 1891 ἐπισκόπου
1624 1858 1752 1892 κατ·
1783 1837 1822 1888 Β

268 1941 290 1974 s
328 1927 574 1992 ηγορεῖν.
656 1929 959 1996 Νουμήδιος
1000 1930 1299 1988 ἐπίσκοπος
1343 1929 1747 1991 Μαζουλιτᾶνος

270 2034 291 2065 s
333 2011 486 2066 εἶπεν
511 2031 526 2044 ·
585 2017 704 2068 Εἰσὶ
746 2018 928 2088 πολλοὶ
979 2026 1076 2072 οὐκ
1133 2019 1341 2087 ἀγαθῆς
1385 2021 1746 2092 ἀναστροφῆς,

263 2121 283 2155 s
326 2104 522 2164 οἵτινες
591 2105 851 2173 ἡγοῦνται
907 2107 1030 2168 τοὺς
1085 2109 1332 2177 Πατέρας
1385 2110 1476 2161 καὶ
1535 2111 1750 2163 ἐπισκό-

231 2235 234 2237 .
263 2210 284 2242 s
329 2210 466 2254 πους
495 2194 636 2260 (Η),
666 2194 739 2256 ὡς
772 2182 981 2264 ἔτυγεν,
1013 2198 1250 2263 ὀφείλειν
1277 2200 1596 2262 ὲνάγεσθαι·
1625 2203 1748 2264 τοὺς

261 2300 282 2332 s
329 2281 608 2352 τοιούτους
658 2285 740 2338 δεῖ
785 2285 1196 2354 προσδέχεσθαι,
1247 2289 1278 2357 ἢ
1326 2291 1438 2359 μή;
1483 2291 1748 2360 Αὐρήλιος

259 2392 279 2423 s
324 2375 625 2438 ἐπίσκοπος
670 2375 852 2430 εἶπεν·
915 2380 1166 2448 Ἀρέσκει
1214 2383 1393 2434 τοίνυν
1440 2385 1508 2452 τῇ
1561 2385 1747 2454 ἀγάπῃ

263 2481 284 2513 s
323 2465 476 2532 ὑμῶν
511 2454 653 2528 ’τοὺς
669 2469 749 2530 sl;
781 2486 904 2521 τινα
936 2469 1078 2540 μύση
1105 2471 1587 2537 ὲμπεπλεγμίνοσς
1609 2475 1750 2528 κατά

264 2574 283 2604 s
323 2557 593 2624 Πατέρων
633 2559 816 2626 φωνὴν
865 2561 1197 2628 κατηγορίας
1231 2562 1608 2626 ἀποτίθεσθαις
1656 2566 1748 2618 Ἐκ

266 2665 286 2695 s
331 2648 550 2700 πάντων
577 2649 683 2700 τῶν
713 2652 784 2702 ἐπ
810 2652 1025 2704 σκόπων
1052 2652 1239 2720 ἐλέχθη
1269 2668 1284 2682 ⁸
1324 2653 1446 2706 Ἐὰν
1469 2655 1750 2726 διαϐέϐλη-

257 2757 277 2788 s
316 2755 408 2791 ται
434 2741 462 2791 ὁ
488 2738 754 2804 τοιοῦτος,
787 2742 860 2809 μὴ
884 2741 1310 2811 προσδέχεσθαι.

256 2828 453 2883 ΒΔΛΣ.
511 2830 572 2882 Ὀ
613 2837 668 2893 ς’
718 2831 900 2882 κανὼν
937 2834 1034 2900 τῆς
1075 2819 1460 2900 οἱκουμενικῆξ
1491 2834 1748 2903 δευτέρας

189 2917 404 2990 συνόδου
429 2920 719 2989 διορίζεται
741 2921 815 2987 μὴ
840 2915 974 2972 εἶναι
993 2921 1424 2990 εὐπαραδέκτους
1441 2925 1516 2985 είς
1534 2926 1746 2978 ἐπισκό-

189 3029 304 3062 πων
327 3015 416 3064 καὶ
439 3011 717 3078 κληρικῶν
736 3001 1067 3080 κατηγορίας
1091 3012 1335 3074 ἅπαντας
1356 3029 1371 3044 ’
1397 2996 1528 3066 ἀλλὰ
1555 3017 1747 3082 μόνους

191 3104 313 3161 τοὺς
342 3101 767 3168 ἀνεπιλήπτους.
811 3102 1106 3167 ’Λνάγνωθι
1137 3101 1229 3154 οὖν
1259 3103 1348 3155 τὸν
1377 3102 1614 3156 τοιοῦτον
1644 3124 1744 3157 κα-

191 3191 310 3243 νόνα
337 3192 764 3260 προγενέστερον
788 3191 949 3242 ὄνταιο
973 3193 1068 3243 καὶ
1088 3190 1186 3258 τῆς
1217 3192 1495 3262 παρούσης
1529 3195 1745 3246 συνόδου

190 3282 385 3332 κανόνα
419 3288 560 3348 ρκην,
598 3280 738 3348 ρκθ¹,
779 3281 855 3348 ρλ¹
888 3281 981 3333 καὶ
1009 3281 1152 3349 ‘pla’.
1625 3277 1628 3280 ’

253 3371 487 3424 ΖΩΝΔΡ.
520 3373 628 3423 Καὶ
703 3378 825 3441 ρκη⁹
852 3369 1028 3423 κανὼν
1059 3372 1154 3439 τῆς
1190 3374 1473 3443 παρούσης
1506 3377 1742 3440 συνόδου,

192 3463 277 3514 καὶ
325 3465 351 3514 ὁ
391 3462 507 3529 ρκθ¹
551 3463 646 3516 καὶ
689 3463 717 3514 ὁ
768 3463 844 3531 ρλ⁹
881 3467 1008 3531 περὶ
1053 3463 1255 3530 ταύτης
1296 3467 1394 3534 τῆς
1437 3466 1745 3530 ὑποθέσεως

191 3551 581 3615 διατάττονται,
622 3552 957 3625 πλατύτερον
989 3555 1396 3624 διαγορεύοντες
1427 3557 1574 3620 τίνες
1609 3563 1744 3611 εἰσὶν

191 3641 397 3694 ἀδεκτοι
421 3645 497 3704 είς
525 3645 826 3696 ἐπισκόπου
851 3647 1205 3713 κατηγορίαν.
1237 3649 1344 3698 Καὶ
1372 3650 1403 3714 ἠ
1438 3648 1660 3717 δευτέρα
1690 3650 1744 3700 δὲ

192 3734 540 3801 οἱκουμενικὴ
575 3733 809 3796 σύνοδος,
853 3736 1254 3802 προγενεστέρα
1287 3732 1419 3792 οὖσα
1449 3737 1548 3803 τῆς
1590 3739 1742 3788 συνό-

188 3825 273 3876 δου
303 3821 526 3891 ταύτης,
560 3827 617 3875 ὲν
655 3824 798 3890 ἕκτῳ
830 3825 1011 3876 κανόνι
1045 3827 1171 3892 περὶ
1218 3826 1406 3877 τούτου
1437 3825 1531 3878 τοῦ
1569 3845 1739 3891 κεφα-

188 3914 332 3976 λαίου
362 3917 626 3984 ὡρίσατο,
651 3916 1012 3984 διαταξαμὲνη
1034 3917 1176 3977 τίνες
1202 3917 1545 3986 δεχθήσονται
1577 3937 1743 3986 κατη-

188 4007 464 4075 γοφῦντες
484 4007 792 4060 ἐπισκόπων
814 4009 904 4059 καὶ
918 4007 1213 4074 κληρικῶν.
1237 4006 1636 4072 Ἀναγνωστέον
1651 4006 1742 4061 οἷν

185 4094 270 4146 τὸν
300 4095 497 4146 κανόνα
529 4097 734 4147 ἐκεῖνον
762 4095 854 4145 καὶ
891 4095 984 4162 τὴν
1010 4094 1218 4145 ἐκείνου
1259 4095 1536 4162 ἐξήγησιν.
1569 4098 1639 4148 Τὸ
1661 4098 1736 4161 δὲ,

169 4185 280 4235 οὔκ
304 4185 511 4251 ἀγαθῆς
544 4187 899 4252 ἐπιστροφῆς,
918 4184 1036 4236 ἀντὶ
1058 4183 1152 4236 τοῦ
1176 4183 1276 4236 οὐκ
1307 4185 1515 4254 ἀγαθῆς
1538 4186 1736 4251 διαγω-

187 4274 304 4339 γῆς,
343 4277 404 4327 ού
441 4275 607 4328 καλοῦ
640 4275 779 4343 βίου,
811 4275 1042 4341 εἴρηται.

183 4364 427 4416 ΑΡΙΣΤ.’
477 4383 496 4415 ι
551 4365 737 4428 Ἔδοξε
783 4366 910 4423 τοὺς
955 4367 1030 4424 είς
1069 4363 1211 4430 μύση
1254 4364 1738 4434 ἐμπεπλεγμένους

251 4471 269 4502 ι
311 4454 638 4523 κατηγορίας
663 4455 736 4524 μὴ
763 4451 1112 4507 ἀποτίθεσθαι
1134 4467 1149 4483 ·
1179 4451 1293 4504 ἀλλ’
1313 4454 1570 4520 ἀδέκτους
1596 4457 1735 4511 εἶναι
1771 4462 1812 4508 υ

255 4563 275 4594 ι
318 4546 452 4614 πρὸς
484 4547 546 4596 τὸ
576 4548 921 4614 κατηγορεῖν.
957 4565 974 4596 ι

246 4634 470 4704 Εἴρηται
511 4638 605 4689 καὶ
637 4639 694 4688 ὲν
725 4637 800 4705 τῷ
831 4637 970 4707 ἕκτῳ
998 4639 1181 4692 κανόνι
1210 4642 1320 4693 τῶν
1351 4641 1408 4691 ἐν
1441 4643 1726 4695 Κωνσταν-

1859 594 2028 646 neque
2089 579 2326 630 solvendi
2360 578 2520 630 ullam
2577 577 2879 629 facultatem
2938 575 3151 626 habent.
3213 569 3396 622 Sacris

1857 667 1997 717 enim
2051 667 2307 730 apostolis
2353 682 2413 718 ea
2471 675 2708 731 potestas
2778 679 2804 714 a
2858 663 3070 715 Christo
3133 660 3279 712 data.
3337 655 3394 710 In

1858 755 2220 820 apostolorum
2307 771 2465 823 porro
2550 755 2722 806 locum
2809 753 2999 805 summi
3096 751 3397 803 sacerdotes

1857 849 2124 901 substituti
2159 859 2316 917 atque
2349 848 2560 902 suﬂ‘ecu
2596 857 2739 902 sunt;

1855 938 2076 993 AllIST.
2117 958 2133 990 ι
2173 941 2460 1000 Sacerdos,
2492 940 2792 1006 quempiam
2829 938 2879 988 iu
2918 934 3157 1000 periculo
3201 932 3394 987 consti.

1933 1049 1950 1079 ι
1994 1039 2161 1081 tutum
2205 1029 2373 1081 sacris
2421 1029 2680 1080 altaribus
2745 1025 3092 1079 reconciliare
3147 1023 3394 1089 cupiens,

1931 1139 1948 1170 s
1989 1121 2294 1186 episcopum
2349 1117 2627 1182 consulat;
2686 1127 2760 1178 et,
2818 1114 2956 1184 quod
3004 1115 3052 1168 ei
3089 1114 3255 1165 visunt
3295 1122 3400 1171 est.

1931 1230 1948 1261 ι
1991 1212 2170 1265 faciat.
2220 1231 2236 1262 ι

1926 1302 2107 1354 Cauon
2152 1301 2511 1368 antescriptus
2539 1300 2604 1350 ab
2630 1300 2881 1365 episcOpo
2913 1297 3023 1349 fieri
3079 1292 3395 1347 reconcilia-

1858 1390 2054 1442 tionem
2091 1389 2359 1440 mandavit
2390 1406 2400 1440 :
2433 1398 2484 1438 at
2520 1402 2754 1455 praesens
2783 1388 2940 1439 etiam
2991 1400 3016 1436 a
3066 1383 3396 1451 presbyteris

1855 1490 1974 1527 cum
2005 1473 2239 1542 cpiSCOpi
2276 1476 2546 1526 voluntate
2583 1490 2697 1526 eam
2725 1475 2839 1527 fieri
2869 1474 3040 1541 jubet.

2414 1646 2636 1701 CANON
2694 1647 2832 1701 VIII.

1860 1758 1878 1790 ι
1925 1738 1998 1792 De
2033 1740 2098 1792 iis
2131 1744 2218 1805 qui
2253 1741 2480 1804 majores
2507 1753 2632 1792 natu
2664 1740 3042 1810 criminantur,
3075 1750 3126 1792 et
3159 1749 3214 1791 ιιι
3244 1741 3397 1804 nulli,

1929 1848 1948 1880 ι
1991 1831 2142 1896 cujus
2194 1832 2302 1884 vita
2343 1832 2564 1885 infamia
2609 1832 2838 1892 Iaberat,
2895 1831 3056 1883 liceat
3087 1832 3395 1898 episcopum

1930 1940 1948 1972 ι
1988 1936 2264 1976 accusare.
2280 1921 2846 1990 Numidiusepiscopus
2863 1921 3213 1975 Mazulitanus
3231 1920 3397 1973 dixit:

1930 2031 1948 2062 s
1995 2013 2130 2066 Sunt
2157 2013 2304 2065 multi
2341 2028 2442 2066 non
2473 2013 2625 2066 boum
2660 2012 3104 2074 conversationis,
3145 2011 3234 2078 qui
3284 2011 3399 2063 exi-

1929 2123 1946 2153 ι
1985 2105 2202 2156 stimaut
2249 2104 2479 2172 majores
2507 2113 2629 2156 natu
2665 2113 2717 2157 et
2745 2104 3027 2172 episcopos
3057 2100 3252 2153 debere
3275 2115 3399 2166 pas-

1924 2212 1943 2244 s
1985 2200 2084 2247 sim
2127 2204 2178 2248 ct
2217 2205 2414 2247 tcmcre
2445 2210 2566 2250 reos
2599 2196 2680 2263 agi
2730 2213 2742 2249 :
2773 2209 2934 2248 eosne
2961 2201 3174 2260 oportet
3205 2192 3398 2244 admit-

1923 2302 1940 2334 ι
1979 2294 2110 2343 tero,
2140 2300 2204 2334 an
2235 2301 2338 2337 non
2361 2284 2651 2338 ?Aurelius
2689 2285 2974 2350 episcopus
3006 2283 3140 2336 dixit
3169 2299 3182 2334 :
3215 2282 3399 2336 Placet

1925 2395 1941 2424 ι
1982 2390 2109 2442 ergo
2138 2375 2416 2428 dilectioni
2447 2364 2639 2429 vestrae
2675 2391 2787 2437 eos,
2831 2375 2916 2442 qui
2973 2373 3243 2442 aliquibus
3276 2387 3397 2427 sce-

1921 2487 1940 2518 s
1976 2468 2176 2521 let-ibus
2223 2467 2494 2534 illaqueall
2556 2476 2723 2524 sunt.
2783 2467 3142 2519 accusationis
3213 2479 3398 2518 vocem

1925 2575 1943 2609 ι
1985 2545 2239 2610 adversus
2291 2556 2475 2609 Patres
2513 2557 2709 2610 edere?
2735 2556 2814 2608 Ab
2862 2557 3108 2609 omnibus
3136 2557 3401 2624 episcopis

1927 2669 1944 2699 ι
1981 2651 2180 2702 dictum
2215 2659 2336 2702 est:
2371 2647 2427 2702 Si
2460 2648 2579 2717 quis
2607 2647 2824 2700 infamia
2853 2647 3079 2711 laboret,
3105 2663 3168 2700 ne
3200 2648 3395 2702 admit-

1928 2759 1946 2791 ι
1989 2749 2156 2796 talul‘.
2205 2760 2223 2792 ι

1919 2831 2111 2886 BALS.
2148 2833 2343 2888 Sextus
2379 2847 2550 2887 canon
2581 2832 2899 2886 universalis
2925 2832 3174 2886 secunda:
3207 2831 3393 2900 synodi

1851 2924 2057 2986 statuit,
2112 2939 2214 2975 non
2250 2938 2371 2975 esse
2415 2938 2603 2976 omnes
2643 2923 2705 2975 ad
2743 2924 3120 2990 episcoporum
3160 2933 3212 2973 et
3239 2921 3393 2974 cleri-

1850 3030 2035 3067 corum
2083 3015 2458 3067 accusationes
2510 3014 2891 3076 admittendos,
2948 3014 3038 3066 sed
3085 3028 3177 3067 eos
3218 3015 3391 3066 solum

1851 3106 1938 3171 qui
1995 3113 2122 3158 sunt
2176 3120 2204 3156 a
2263 3106 2675 3173 reprehensione
2724 3103 2902 3155 alieni.
2935 3103 3073 3170 Lege
3103 3117 3230 3169 ergo
3271 3117 3392 3154 eum

1851 3213 2134 3256 cauouem,
2187 3197 2276 3263 qui
2318 3209 2398 3248 est
2455 3195 2758 3261 antiquior;
2791 3202 2846 3248 et
2879 3192 3158 3262 praseutis
3211 3191 3393 3261 synodi

1849 3301 2085 3339 canones
2110 3286 2230 3348 128,
2260 3287 2379 3347 129,
2415 3285 2515 3340 150
2541 3294 2594 3340 et
2625 3286 2745 3341 131.

1920 3375 2170 3430 ΖΟΝΑΚ.
2198 3375 2539 3428 Ceittesimus
2574 3389 2788 3443 quoque
2811 3375 3101 3429 vicesimus
3141 3387 3390 3437 octavus.

1850 3468 2133 3522 vicesimus
2168 3481 2357 3530 nonus,
2391 3476 2444 3518 et
2475 3466 2778 3518 tricesimus
2804 3465 2961 3533 hujus
2999 3465 3185 3534 synodi
3228 3480 3393 3520 cano-

1849 3573 1943 3612 nes
1993 3559 2174 3610 eadem
2202 3559 2300 3608 hac
2332 3558 2395 3608 dc
2434 3571 2490 3608 re
2524 3555 2814 3617 disserunt,
2853 3562 2908 3606 et
2956 3553 3148 3616 fusius,
3181 3547 3393 3621 quibus-

1848 3665 1967 3701 nam
2027 3648 2256 3713 episcopi
2311 3662 2504 3699 nomen
2559 3645 2752 3700 deferri
2799 3645 2939 3697 haud
3000 3644 3180 3707 liceat,
3228 3659 3391 3710 expo-

1846 3749 1996 3790 nunt.
2063 3738 2309 3789 Secunda
2366 3751 2581 3802 quoque
2632 3735 2965 3788 (ncumeuica
2991 3736 3247 3804 synodus,
3275 3749 3391 3802 qum

1844 3832 1946 3882 hac
1978 3829 2180 3898 synodo
2233 3828 2506 3894 antiquior
2538 3826 2658 3888 fuit,
2692 3827 2830 3878 idem
2872 3826 2972 3878 hoc
3021 3835 3392 3894 argumentum

1843 3929 1994 3972 sexto
2025 3934 2232 3971 canone
2265 3927 2619 3984 pertractans,
2670 3915 2888 3981 quinam
2924 3915 3294 3981 episcoporum
3330 3930 3392 3967 ac

1843 4013 2162 4065 clericorum
2214 4019 2560 4062 accusatores
2593 4007 2909 4060 admitteudi
2962 4007 3091 4066 sint.
3127 4007 3386 4060 deﬁnivit.

1843 4103 1892 4156 Is
1917 4117 2042 4168 ergo
2074 4115 2242 4152 canon
2265 4113 2383 4150 eum
2433 4114 2528 4150 sua
2563 4097 2918 4164 explicatione
2951 4096 3225 4162 legendus.
3261 4097 3390 4150 Illud

1844 4206 1986 4249 rem,
2012 4187 2436 4241 conversationis
2470 4201 2572 4238 non
2608 4188 2775 4249 bonar,
2803 4200 2897 4252 pro
2923 4183 3025 4236 vita
3050 4187 3392 4253 moribusque

1843 4279 2059 4330 minime
2082 4279 2336 4345 probatis,
2364 4277 2750 4344 accipiendum.

1843 4370 2066 4423 ARIST.
2125 4388 2140 4418 ι
2193 4367 2372 4422 Visum
2402 4381 2504 4432 est,
2566 4378 2622 4420 ut
2669 4371 2759 4422 isti
2789 4371 2878 4439 qui
2930 4371 3224 4424 sceleribus
3253 4378 3381 4423 sunt

1920 4480 1938 4512 ι
1979 4460 2274 4527 illaqueati.
2335 4461 2704 4513 accusationes
2759 4477 2861 4514 non
2906 4463 3108 4524 edant;
3171 4477 3267 4513 mc
3323 4461 3389 4514 ad

1917 4572 1934 4605 ι
1973 4554 2171 4606 crimen
2204 4552 2361 4605 alicui
2393 4550 2725 4604 inferendum
2759 4552 3122 4606 admittautur.
3159 4571 3174 4602 ι

1912 4642 2116 4693 Dicitur
2143 4652 2193 4692 et
2227 4642 2277 4691 iu
2335 4652 2489 4693 sexto
2521 4651 2824 4692 sanctorum
2858 4640 3072 4694 Patrum
3115 4643 3385 4697 Constan-

1406 4734 1590 4811 G'uill.
1626 4753 1940 4829 Beveregii
1992 4761 2172 4812 notas.

249 4869 356 4936 (Il)
415 4870 563 4934 τοὺς
615 4870 872 4936 πατέρας
929 4873 1023 4925 καὶ
1078 4872 1469 4937 ἐπισκόπους.
1504 4871 1725 4925 Graecus

185 4941 373 4992 borum
398 4941 668 4992 canonum
699 4941 987 5006 interpres.
1017 4944 1243 5007 majores
1279 4953 1426 5004 nam,
1456 4941 1723 5007 interpre-

184 5019 320 5061 tatur
339 5008 603 5075 πατέρας.
635 5008 686 5060 In
707 5007 892 5062 Latina
912 5011 1060 5062 enim
1088 5011 1343 5071 editione.
1373 5026 1438 5062 ex
1475 5025 1577 5071 qua
1614 5017 1724 5065 haec

180 5078 355 5132 versio
401 5076 589 5129 Graeca
648 5079 835 5131 hausta
878 5088 983 5140 est,
1014 5075 1166 5131 loeus
1226 5080 1313 5146 hic
1361 5080 1441 5132 sic
1474 5079 1667 5146 legitur
1703 5095 1716 5130 :

183 5147 448 5198 Prcterea
482 5155 601 5199 sunt
636 5148 1017 5214 quamplurimi
1048 5163 1148 5199 non
1184 5144 1330 5199 banti:
1362 5144 1716 5200 conversatio-

182 5219 283 5276 uis,
310 5217 400 5276 qui
439 5216 739 5268 existimant
775 5217 1000 5274 maiores
1047 5224 1177 5268 natu
1201 5217 1278 5268 vel
1307 5221 1569 5283 episcopos
1599 5233 1721 5281 pas-

182 5288 276 5336 sim
309 5284 532 5353 vageque
581 5287 635 5336 in
663 5286 1043 5337 accusationem
1093 5285 1423 5350 pulsandos;
1458 5286 1717 5351 quemad-

185 5357 395 5404 modum
431 5354 716 5418 Dioaysius
752 5353 988 5422 Exiguus
1019 5354 1070 5407 in
1100 5369 1196 5406 sua
1230 5355 1418 5405 borum
1451 5367 1718 5406 canonum

181 5423 498 5476 collectione
546 5422 692 5489 legit.
752 5419 874 5474 Ubi'
905 5423 1145 5488 episcopi
1202 5423 1402 5476 diserte
1455 5433 1719 5474 vocantur

189 5505 412 5550 νηαιοτεσ
466 5501 634 5553 natu;
690 5505 797 5556 quo
841 5493 1001 5543 etiam
1049 5492 1265 5543 nomine
1320 5490 1658 5556 appellantur
1688 5506 1715 5541 a

182 5557 340 5622 Julin,
390 5573 526 5627 papa
563 5559 828 5622 Romano,
884 5559 936 5611 in
990 5561 1255 5622 rescripto
1295 5561 1357 5612 ad
1412 5557 1717 5612 Orientales

185 5643 280 5692 pro
305 5629 605 5682 Athanasio
640 5629 859 5695 et-aliis.
890 5628 1102 5684 dicente
1128 5647 1141 5679 :
1171 5627 1572 5684 Criminationes
1600 5645 1714 5681 ma—

179 5697 352 5759 jorum
405 5708 535 5750 natu
579 5713 671 5764 per
727 5701 858 5750 alios
915 5714 976 5751 ne
1024 5699 1173 5762 ﬁant.
1213 5699 1314 5749 nisi
1339 5715 1427 5762 per
1458 5701 1597 5759 ipsos
1627 5700 1714 5763 qui

183 5766 394 5820 erimina
417 5765 715 5820 intendant.
747 5769 791 5820 si
818 5777 987 5821 tamen
1019 5769 1114 5822 ipsi
1139 5769 1281 5821 diam
1319 5779 1362 5821 et
1392 5768 1711 5821 irrcorehen-

1835 4874 2010 4926 sibiles
2042 4876 2398 4938 apparuerint,
2440 4883 2487 4925 el
2521 4874 2651 4925 actis
2694 4873 2914 4940 publicis
2939 4872 3209 4924 docuerint
3235 4875 3377 4924 omni

1835 4959 1889 4994 se
1915 4959 2089 4994 carere
2112 4943 2404 5006 suspicione
2446 4953 2601 5009 atque
2631 4942 2929 4999 inimicitia.
2963 4955 3010 4992 et
3049 4943 3375 5009 irreprelten-

1832 5012 2035 5062 sibilent
2099 5012 2255 5076 fidem
2318 5021 2471 5080 atque
2516 5008 2978 5064 conversationem
3028 5013 3232 5064 ducere.
3263 5008 3373 5065 Jul.

1833 5081 2080 5145 reseript.
2114 5096 2232 5145 cap.
2261 5080 2351 5141 20,
2392 5097 2599 5133 necnon
2643 5097 2670 5132 a
2701 5082 2934 5134 concilio
2961 5080 3373 5143 Carthaginensi

1831 5149 1852 5200 1
1892 5151 1992 5200 sub
2022 5149 2190 5201 Grato
2218 5150 2418 5206 habito.
2450 5165 2589 5201 anno
2621 5149 2825 5200 Dmnini
2853 5149 2975 5206 548,
3005 5149 3090 5199 ubi
3123 5147 3322 5199 dicitur
3360 5168 3370 5199 :

1832 5216 2026 5270 Gratus
2071 5220 2342 5284 episcopus
2388 5219 2542 5278 dixit,
2579 5219 2915 5285 manifestum
2954 5227 3028 5269 est
3089 5216 3239 5268 illum
3273 5234 3377 5269 non

1830 5303 1938 5338 esse
1986 5287 2098 5344 Dei.
2131 5289 2219 5354 qui
2258 5286 2598 5338 humilitatem
2664 5289 2967 5342 contemnit.
3007 5288 3095 5354 sed
3151 5286 3373 5347 diaboli,

1828 5360 1914 5421 qui
1941 5352 2196 5422 superbia:
2247 5360 2480 5408 inventor
2512 5368 2556 5408 et
2595 5360 2833 5425 princeps
2877 5368 2972 5407 est.
3019 5352 3165 5407 Unde
3187 5356 3231 5407 si
3265 5359 3382 5409 otiis

1830 5426 2058 5477 tumidus
2130 5429 2204 5478 vel
2259 5425 2662 5478 contumeliosus
2715 5426 2972 5476 exstiterit
3032 5426 3084 5476 in
3127 5425 3380 5492 ntajmem

1828 5505 1978 5552 nutu.
2011 5495 2087 5545 vel
2125 5496 2356 5562 aliquam
2389 5510 2601 5546 causam
2629 5494 2890 5554 habuerit,
2923 5511 2954 5544 a
2985 5493 3149 5545 tribus
3193 5495 3380 5545 vicinis

1825 5564 2101 5629 episcopis.
2125 5565 2169 5616 si
2187 5563 2437 5615 diaconus
2463 5574 2556 5623 est,
2585 5573 2869 5630 arguatur;
2896 5567 3182 5631 presbyter,
3217 5579 3246 5613 a
3272 5579 3383 5624 ser;

1824 5635 1868 5686 si
1905 5635 2191 5696 episcopus,
2233 5650 2264 5684 a
2299 5634 2571 5686 duodecim
2605 5634 3063 5686 consucerdolibus
3091 5632 3335 5684 audiatut
3361 5669 3394 5683 μ

1824 5703 2034 5757 Concil.
2071 5703 2327 5758 Cartbatz.
2363 5704 2410 5765 ι,
2452 5717 2574 5754 can.
2611 5701 2696 5755 Η.
