4018 6306
684 392 744 450 51
1903 402 2171 462 TIIEOD.
2214 405 2607 467 BALSAMON
3777 412 3846 473 52

680 500 910 564 tinnpolc
977 513 1416 569 congregatarum
1469 517 1694 571 canone,
1753 521 2091 560 accusatores
2143 524 2181 558 ιιι

2305 513 2601 565 τινουπόλει
2631 512 2985 566 συνελθόντων
3011 514 3179 580 ἀγίων
3205 515 3464 585 Πατέρων
3491 516 3562 586 μὴ
3593 517 3852 581 ἀνεξετάο

679 591 957 655 episcopos
1004 594 1330 645 accusandus
1360 595 1474 646 sine
1509 595 1902 649 examinatione
1937 613 2041 650 non
2105 598 2201 649 atl-

679 679 836 731 mitti.
888 679 992 731 Sed
1023 680 1191 743 primo
1219 681 1525 748 religionem
1553 699 1735 736 eorum
1777 689 2104 749 examinare,
2138 701 2202 740 nc

681 765 914 818 lueretici
951 766 1093 830 sint;
1123 768 1312 820 deinde
1361 778 1415 822 et
1449 771 1724 837 opiniones
1753 787 1933 824 eorum
1971 773 2197 826 investi-

676 868 920 918 garepue
967 854 1103 906 forte
1132 858 1460 910 condemnati
1494 861 1618 922 sint,
1648 872 1736 914 ant
1784 863 1960 930 ejecti,
1987 871 2075 914 aut
2106 877 2202 914 ex-

675 943 1074 1004 communicati,
1107 953 1196 995 aut
1231 945 1295 996 ab
1325 945 1441 998 aliis
1487 949 1801 1001 criminibus
1844 952 2078 1003 accusati
2105 966 2119 1012 ;
2151 958 2204 1001 et

674 1029 759 1087 ιιιιὶ
790 1029 925 1082 forte
947 1046 1002 1083 se
1033 1033 1316 1085 criminum
1366 1035 1499 1097 ipsis
1529 1038 1855 1103 ohjectornm
1890 1039 2201 1091 innocentes

674 1134 775 1170 non
805 1125 1107 1175 ostendant.
1137 1121 1245 1173 Hoc
1287 1124 1463 1189 itaque
1516 1136 1561 1177 et
1597 1128 1842 1191 prmscnti
1875 1128 2084 1180 videtur
2115 1143 2201 1178 ca-

673 1206 816 1268 noni,
850 1216 906 1256 nt
940 1221 1113 1270 nemo,
1143 1211 1228 1275 qui
1255 1221 1306 1261 et
1342 1211 1451 1277 ipse
1499 1213 1780 1264 criminum
1834 1229 1954 1267 reus
1993 1223 2092 1276 est,
2133 1215 2196 1267 ad

670 1294 900 1361 episcopi
931 1299 1321 1350 accusationem
1358 1300 1686 1354 admittatur.

1133 1476 1288 1545 523
1358 1477 1580 1530 CANON
1648 1478 1736 1533 Ix.

667 1581 686 1612 ι
725 1562 792 1613 De
825 1564 908 1626 iis,
948 1567 1033 1630 qni
1083 1581 1179 1632 pro
1229 1582 1444 1619 suorum
1481 1576 1821 1634 peccatorum
1885 1570 2092 1624 meritis
2129 1587 2190 1625 ex

737 1669 755 1698 ι
787 1651 1142 1703 ecclesiastico
1187 1661 1323 1704 cmtu
1371 1655 1675 1721 ejiciuntnr.
1707 1657 2033 1722 Augustinus
2085 1659 2197 1724 epi-

743 1757 760 1785 ι
794 1754 989 1806 scopns
1025 1750 1077 1792 ct
1101 1741 1389 1795 Numidicae
1439 1745 1724 1808 provinciae
1771 1744 1973 1810 legatus
2023 1746 2192 1800 dixit:

743 1849 762 1879 ι
795 1828 904 1882 Hoc
936 1830 1222 1885 decernere
1258 1831 1450 1894 velitis,
1475 1843 1528 1885 nt
1557 1848 1669 1896 eos,
1694 1834 1783 1900 qui
1845 1849 1937 1899 pro
1973 1849 2189 1888 suorum
2227 1825 2265 1878 Β

735 1920 1063 1973 «criminum
1148 1922 1348 1974 meritis
1421 1923 1652 1976 Ecclesia
1716 1924 1871 1991 cjecti
1931 1933 2098 1986 sunt,
2148 1926 2192 1979 si

732 2029 748 2060 ι
787 2011 906 2075 quis
940 2011 1219 2077 episcopus
1251 2014 1333 2064 vel
1390 2015 1671 2082 presbyter
1735 2015 1785 2065 in
1861 2016 2195 2067 communio-

740 2119 758 2150 ι
793 2115 908 2152 nem
959 2102 1201 2168 recipiat,
1230 2102 1342 2169 ipse
1369 2116 1579 2170 quoque
1634 2104 1749 2170 pari
1807 2121 1925 2158 cum
1978 2105 2054 2157 eis
2089 2106 2190 2157 cri-

731 2206 749 2236 ι
784 2189 908 2240 mini
944 2189 1207 2242 obnoxius
1253 2191 1515 2254 videatur,
1571 2194 1660 2258 qui
1705 2193 1901 2259 praprii
1955 2193 2190 2259 episcopi

731 2300 748 2328 ι
781 2284 1085 2338 canonicam
1135 2284 1452 2336 sententiam
1505 2283 1777 2352 emugiunt.
1812 2286 1890 2337 Ab
1947 2287 2191 2338 omnibus

727 2389 746 2422 ι
777 2372 1036 2440 episcopis
1059 2373 1253 2427 dictum
1281 2384 1363 2427 est
1395 2391 1408 2426 :
1443 2372 1697 2427 Omnibus
1737 2374 1923 2440 placet.
1959 2392 1976 2425 ι

720 2568 909 2623 BALS.
950 2568 1087 2637 Lege
1119 2579 1420 2622 sanctorum
1448 2569 1806 2636 apostolorum
1847 2584 2076 2625 canones
2101 2571 2187 2635 Η,

655 2659 736 2721 l2,
770 2661 857 2723 52,
885 2660 1227 2714 Antiocheam:
1286 2661 1471 2729 synodi
1505 2675 1762 2714 canonem
1822 2661 1853 2712 6
1902 2672 1955 2714 et
1999 2659 2187 2714 Sardi—

645 2751 825 2803 censis
861 2751 1046 2819 synodi
1106 2764 1360 2804 canonem
1396 2750 1481 2814 l3,
1515 2751 1767 2803 docentes
1819 2751 1944 2818 quid
1997 2751 2188 2804 debeat

648 2842 762 2895 tleri
795 2840 897 2904 eis,
937 2841 1026 2904 qui
1059 2841 1327 2908 depositos
1352 2841 1434 2894 vel
1461 2850 1766 2908 segregatos
1827 2841 2050 2895 clericos
2100 2856 2188 2894 re-

646 2931 847 2997 cipiunt
882 2931 1168 2984 :similiter
1193 2941 1246 2986 et
1272 2932 1358 2995 iis,
1394 2933 1482 3000 qui
1543 2933 1713 2986 laicos
1766 2944 2186 3010 segregatos’re-

645 3021 868 3089 cipiunt.
892 3020 1132 3074 Pncsens
1157 3030 1332 3073 autem
1358 3036 1524 3074 canon
1556 3022 1811 3094 decernit,
1850 3033 1903 3073 ut
1957 3022 2182 3075 clericos

2305 620 2442 664 στως
2480 605 2604 664 τοὺς
2644 593 2976 672 κατηγόρους
3019 606 3098 666 είς
3145 606 3477 674 κατηγορίαν
3529 607 3844 658 ἐπισκόπων

2305 692 2696 760 παραδέχεσθαι
2720 711 2732 724 ·
2756 694 2890 745 ἀλλά
2909 695 3119 760 πρῶτον
3145 693 3413 757 ἐξετάζειν
3434 696 3529 762 τὴν
3554 695 3852 762 θρησκείαν

2305 780 2500 842 αὐτῶν,
2540 783 2624 834 ἵνα
2657 784 2730 849 μὴ
2760 783 3022 850 αίρετικοὶ
3049 777 3180 835 ὦσιν
3208 799 3221 814 ο
3254 780 3371 834 εἶτα
3405 783 3494 834 καὶ
3521 785 3617 845 τὰς
3647 784 3847 851 ὑπολή-

2301 869 2418 935 ψεις
2451 871 2625 922 αὐτῶν
2653 873 2974 941 ἀνερευνᾷν,
3011 874 3213 939 μήποτε
3245 872 3675 936 κατεγνωσμένοι
3711 874 3844 934 etot,

2303 959 2392 1009 καὶ
2423 960 2845 1027 ἀποὸεὸλημένοι
2869 1000 2883 1021 ,
2915 961 3004 1012 καὶ
3045 959 3391 1029 ἀκοινώνητοι
3415 997 3428 1020 ,
3456 961 3486 1026 ἢ
3525 961 3611 1022 ὑφ’
3645 962 3850 1027 ἐτέρων

2302 1050 2387 1100 ἐπ’
2423 1051 2724 1116 ἐγκλήμασι
2757 1050 3245 1118 κατηγορούμενον
3269 1049 3377 1102 ’καὶ
3425 1051 3585 1116 μήπω
3637 1051 3850 1110 ἀθώους

2303 1140 2519 1199 ἑαυτοὺς
2547 1140 2652 1190 τῶν
2681 1141 3019 1208 ἐπαχθέντων
3044 1141 3223 1200 αὐτοῖς
3248 1139 3598 1204 ἐγκλημάτων
3632 1142 3854 1191 ἀπέδει-

2303 1228 2416 1292 ξαν.
2451 1230 2617 1280 Τοῦτο
2647 1230 2772 1296 γοῦν
2802 1231 2895 1281 καὶ
2924 1229 2997 1297 τῷ
3030 1231 3249 1296 παρόντι
3275 1229 3420 1280 δοκεῖ
3448 1229 3648 1287 κανόνι,
3679 1229 3740 1279 τὸ
3772 1230 3850 1295 μή

2297 1334 2420 1370 τινα
2446 1318 2622 1386 ἔνοχον
2648 1319 2983 1386 ἐγκλήμασιν
3007 1318 3130 1371 ὄντα
3159 1319 3236 1380 είς
3269 1318 3600 1386 κατηγορίαν
3629 1318 3855 1370 ἐπισκό-

2300 1422 2402 1457 που
2438 1407 2854 1474 παραδέχεσθαι.

2900 1499 3131 1550 ΚΑΝΩΝ
3168 1497 3244 1551 θ’.

2305 1601 2322 1634 ι
2367 1585 2503 1654 Περὶ
2529 1584 2638 1637 τῶν
2665 1585 2782 1637 κατ’
2805 1585 2958 1648 ἀξίαν
2982 1587 3088 1639 τῶν
3113 1589 3324 1640 οἰκείων
3354 1590 3526 1650 ἀτοπη
3539 1587 3720 1656 μάτων
3749 1585 3852 1639 τοῦ

2373 1689 2392 1722 ι
2435 1672 2884 1740 ἐκκλησιαστικοῦ
2917 1673 3166 1740 συλλόγου
3197 1675 3602 1742 ἐκϐαλλομένων
3633 1677 3849 1740 Αὐγου-

2373 1780 2391 1811 ι
2437 1764 2606 1824 στῖνος
2632 1762 2920 1824 ἐπίσκοπος
2950 1765 3039 1814 καὶ
3064 1781 3259 1832 τοποτη
3271 1766 3432 1832 ρητὴς
3459 1765 3556 1832 τῆς
3585 1764 3854 1830 Νουμιδι-

2371 1871 2389 1903 ι
2433 1854 2534 1920 κῆς
2577 1852 2756 1922 χώρας
2801 1852 2917 1905 εἷπε
2949 1868 2964 1885 ·
3010 1853 3174 1904 Τοῦτο
3215 1854 3390 1919 ὁρίσαι
3434 1852 3849 1916 καταξιώσατε,

2373 1961 2389 1992 ‹
2436 1941 2572 1994 ὥστε
2607 1944 2729 2004 τοὺς
2764 1943 2924 2005 ἀξίως
2956 1943 3062 1992 τῶν
3094 1940 3306 1992 οίκείων
3342 1942 3696 2010 ἐγκλημάτων
3736 1941 3852 1992 ἀπὸ

2368 2051 2385 2081 ι
2431 2033 2526 2100 τῆς
2563 2031 2882 2099 Ἐκκλησίας
2917 2031 3270 2099 διωχθέντας,
3305 2031 3397 2081 ἐὰν
3431 2047 3511 2090 τις
3549 2030 3851 2090 ἐπίσκοπος

2368 2141 2385 2172 ι
2430 2122 2461 2190 ἢ
2499 2122 2860 2190 πρεσϐύτερος
2893 2121 3111 2189 δέξηται
3144 2123 3220 2181 είς
3255 2119 3535 2171 κοινωνίαν
3562 2135 3577 2149 ⁸
3613 2120 3703 2171 καὶ
3739 2119 3847 2171 αὑ-

2367 2231 2383 2262 (
2430 2213 2515 2272 τὸς
2549 2211 2625 2262 ἔτι
2665 2213 2766 2279 μὴν
2796 2212 2871 2279 τῷ
2906 2210 3001 2277 ἴσῳ
3037 2210 3329 2276 ἐγκλήματι
3365 2208 3658 2268 ὑπεύθυνος
3692 2211 3846 2273 φοινῇ

2367 2323 2382 2353 ι
2428 2305 2541 2371 ἅμα
2575 2305 2684 2362 τοῖς
2716 2302 2807 2355 τοῦ
2849 2302 3045 2355 οίκείου
3092 2301 3384 2353 ἐπισκόπου
3418 2299 3515 2368 τὴν
3550 2296 3847 2365 κανονικὴν

2367 2414 2383 2444 ι
2429 2395 2604 2461 ψῆφον
2636 2393 3021 2460 ἀποφεύγουσι.
3063 2393 3192 2443 Ἀπὸ
3225 2389 3440 2444 πάντων
3473 2390 3579 2442 τῶν
3612 2386 3845 2440 ἐπισκό-

2366 2504 2381 2532 ι
2430 2502 2544 2535 πων
2575 2484 2760 2550 ἐλέχθη
2788 2499 2802 2510 ·
2835 2485 3003 2534 Πᾶσιν
3032 2483 3275 2549 ἀρέσκει.
3322 2499 3338 2530 ι

2358 2576 2552 2628 ΒᾹΛΣ.
2592 2575 2882 2641 ’Λνὰγνωθι
2923 2574 3028 2625 τῶν
3070 2573 3235 2637 ἁγίων
3261 2570 3564 2622 ἀποστόλων
3607 2566 3846 2626 κανόνας

2290 2674 2378 2728 ια’,
2413 2665 2495 2733 ιβ’,
2531 2665 2630 2733 λβ¹,
2660 2665 2754 2730 τῆς
2797 2664 2853 2713 ἐν
2888 2661 3182 2729 Ἀντιοχείᾳ
3225 2659 3437 2710 συνόδου
3478 2674 3597 2708 καν.
3634 2653 3708 2716 ς’,
3745 2653 3850 2704 καὶ

2285 2756 2383 2823 τῆς
2422 2759 2476 2805 ἐν
2513 2754 2740 2822 Σαρδικῇ
2777 2767 2898 2802 καν.
2938 2748 3023 2815 ιγ’,
3057 2749 3401 2806 διδάσκοντας
3430 2744 3482 2796 τί
3514 2744 3713 2811 ὀφείλει
3746 2741 3804 2806 γί
3826 2774 3844 2780 -

2286 2846 2468 2898 νεσθαι
2501 2848 2577 2905 είς
2613 2843 2735 2905 τοὺς
2770 2840 3085 2910 δεχομένους
3121 2835 3594 2907 καθῃρημένουςῆ
3630 2835 3848 2900 ἀφωρι-

2287 2935 2510 3002 σμένους
2550 2932 2875 3000 κληρικούς·
2913 2929 3167 2989 ὡσαύτως
3207 2928 3301 2979 καὶ
3342 2929 3418 2986 είς
3453 2926 3575 2985 τοὺς
3613 2921 3844 2989 δεχομέ-

2284 3041 2405 3084 νους
2435 3022 2843 3090 ἀφωρισμένους
2871 3020 3108 3078 λαῐκοός.
3143 3017 3200 3069 Ὀ
3232 3017 3286 3068 δέ
3320 3016 3507 3083 παρὼν
3539 3011 3839 3078 διορίζεται

643 3109 880 3165 Ecclesia
917 3111 1114 3179 ejectos
1152 3120 1364 3180 propter
1387 3109 1558 3176 justas
1595 3111 1662 3161 ab
1712 3111 1842 3176 ipsis
1905 3121 2180 3187 perpetra-

2289 3111 2412 3172 τοὺς
2445 3111 2762 3178 διωχθέντας
2795 3105 3233 3174 ἀπὸἙκκλησίας
3267 3105 3552 3171 κληρικοὺς
3580 3103 3661 3152 διὰ
3678 3100 3840 3163 ἀξίαν

644 3210 817 3255 torum
847 3202 1130 3256 criminum
1163 3216 1366 3271 pennas,
1396 3203 1438 3254 si
1470 3202 1600 3252 alios
1620 3202 1897 3269 episcopus
1943 3202 2024 3254 vel
2061 3217 2181 3268 pre-

643 3293 824 3361 sbyter
873 3293 937 3346 ad
984 3293 1412 3345 communionem
1486 3291 1813 3356 suStrepcrit,
1850 3290 1895 3342 is
1945 3305 2177 3358 quoque,

641 3381 884 3433 similiter
911 3395 973 3432 ac
997 3380 1081 3446 qni
1112 3381 1417 3444 suscipitur,
1466 3380 1732 3445 puniatur.
1769 3379 1838 3430 lis
1870 3393 2016 3444 ergo,
2064 3394 2180 3446 qua:

642 3470 710 3523 ah
740 3471 854 3522 aliis
883 3471 1176 3522 canonilius
1226 3482 1278 3522 et
1309 3486 1336 3521 a
1371 3471 1640 3537 'praasenti
1689 3471 1976 3524 constituta
2035 3480 2176 3533 sunt,

641 3559 894 3621 collectis,
958 3560 1040 3611 dic
1093 3560 1230 3622 quod
1289 3560 1333 3612 si
1391 3559 1643 3612 clericum
1714 3561 2005 3625 depositum
2043 3559 2178 3611 alius

640 3651 919 3716 episc0pns
949 3651 998 3702 in
1072 3651 1451 3702 sacerdotalem
1509 3651 1938 3702 communionem
1999 3663 2178 3700 susce-

638 3743 794 3808 perit,
839 3741 1168 3809 deponetur:
1225 3740 1269 3793 si
1331 3748 1504 3792 autem
1563 3756 1662 3791 una
1725 3755 1843 3793 cum
1901 3746 2175 3806 segregata

639 3831 892 3892 oraverit,
945 3830 1329 3897 segregaliitur.
1382 3829 1671 3898 Propterea
1734 3829 1876 3882 enim
1934 3843 2170 3896 praesens

640 3934 852 3989 quoque
886 3934 1050 3972 canon
1081 3919 1209 3972 dicit
1248 3936 1263 3972 :
1303 3918 1561 3972 Similiter
1604 3932 1665 3970 ac
1714 3917 1758 3970 is
1814 3917 1903 3984 qui
1939 3917 2173 3970 Ecclesia

638 4011 838 4078 eiectus
871 4017 971 4069 est,
1006 4011 1330 4076 episcOpnm,
1368 4011 1456 4075 qui
1500 4025 1618 4061 eum
1643 4009 1897 4072 suscepit,
1930 4023 2048 4061 esse
2089 4023 2178 4074 pu-

637 4102 911 4155 niendum.
939 4097 1069 4150 Nota
1107 4109 1306 4160 autem,
1334 4100 1472 4165 quod
1507 4099 1660 4149 etiam
1703 4113 1942 4166 praesens
1998 4111 2170 4149 canon

638 4203 740 4240 non
789 4190 915 4241 citra
945 4188 1411 4249 examinationem,
1448 4187 1536 4239 sed
1588 4195 1704 4253 post
1761 4186 2168 4238 condemnatio-

635 4293 754 4331 nem
789 4289 1005 4346 peccato
1052 4279 1476 4337 convenientem,
1531 4275 1640 4328 vult
1704 4276 1928 4335 clericos
1976 4275 2167 4344 deponi

633 4368 713 4420 vel
738 4369 1024 4437 segregari.

2287 3199 2558 3267 ἐκδίκησιν
2587 3198 2677 3249 τοῦ
2713 3197 2838 3262 τ.αρ’
2865 3197 3039 3247 αὐτῶν
3065 3194 3421 3263 τολμηθέντος
3457 3190 3793 3256 ἐγκλήματος
3816 3226 3835 3248 ,

2286 3291 2379 3340 ἐὰν
2428 3289 2610 3356 ἔτερος
2658 3286 3031 3354 ἐπίσκοπο;,ἢ
3083 3283 3445 3352 πρεσϐύτερος
3491 3280 3702 3346 δέξηται
3752 3278 3840 3337 εἰς

2284 3377 2584 3437 κοινωνίαν,
2631 3375 2722 3427 καὶ
2765 3373 2924 3425 αὑτὸν
2970 3374 3168 3441 ὁμοίως
3208 3371 3285 3439 τῷ
3324 3370 3558 3438 δεχθέντι
3608 3365 3839 3426 κολὰζμ

2284 3467 2422 3519 σθαι.
2458 3464 2778 3531 Συναγαγὼν
2813 3459 2902 3516 οὖν
2936 3463 3002 3514 τά
3040 3464 3187 3530 παρὰ
3219 3462 3321 3512 τῶν
3357 3459 3555 3528 ἐτέρων
3591 3456 3837 3507 κανόνων

2281 3555 2490 3610 καὶτοῦ
2525 3555 2782 3622 παρόντος
2817 3555 3034 3612 κανόνος
3065 3551 3416 3619 διορισθέντα,
3452 3549 3565 3599 είπέ
3600 3549 3700 3608 ὅτι,
3735 3545 3840 3595 ἐὰν

2279 3643 2534 3714 κληρικδν
2565 3643 2942 3712 καθῃρημένον
2969 3642 3179 3710 δέξηται
3212 3643 3391 3707 ἕτερος
3429 3640 3713 3694 ἐπίσκοπος
3749 3635 3837 3694 εἰς

2279 3731 2557 3785 κοινωνίαν
2595 3733 2903 3800 ἱερατικὴν,
2939 3729 3388 3799 καθαιρεθήσεται
3411 3742 3427 3756 ο
3465 3727 3557 3778 ἐὰν
3591 3725 3646 3775 δὲ
3689 3723 3834 3790 μετὰ

2276 3822 2654 3888 ἀφωρισμένον
2699 3816 3049 3888 σι)νεύ.ίξηταε’⁹
3097 3818 3532 3887 ἀφορισθήσεται.
3579 3814 3674 3866 Διά
3717 3813 3830 3880 γὰρ

2275 3912 2427 3962 τοῦτο
2466 3913 2560 3964 καὶ
2593 3913 2620 3961 ό
2661 3910 2846 3977 παρὼν
2884 3910 3059 3960 κανὼν
3097 3905 3244 3959 εἶπεν
3283 3908 3476 3973 ὁμοίως
3515 3906 3591 3973 τῷ
3629 3903 3828 3968 ἐκῦλη-

2277 4001 2419 4054 θέντι
2454 4001 2550 4068 τῆς
2587 4000 2874 4068 ἐκκλησίας
2907 4001 2995 4051 τὶν
3024 3998 3308 4065 δεξάμενον
3342 3997 3499 4049 αὐτὸν
3532 3996 3831 4046 ἐπίσκοπον

2276 4093 2614 4154 κολάζεσθαι.
2659 4091 2963 4158 Σημείωσαι
3002 4091 3054 4141 δέ
3096 4092 3175 4141 ὅτι
3221 4089 3312 4139 καὶ
3355 4090 3381 4138 ὁ
3421 4085 3606 4154 παρὼν
3646 4082 3827 4138 κανὼν

2274 4182 2372 4234 οὐκ
2416 4183 2819 4258 ἀσυντηρήτως,
2861 4180 2995 4232 ἀλλὰ
3043 4181 3176 4248 μετὰ
3220 4178 3512 4242 καταδίκην
3553 4173 3708 4237 ἀξίαν
3747 4171 3828 4240 τῷ

2276 4273 2629 4340 ἁμαρτήματι
2679 4271 2816 4323 θέλει
2862 4271 2986 4331 τοὺς
3034 4269 3324 4338 κληρικους
3368 4265 3740 4335 καθαιρεῖσθαι
3789 4261 3825 4333 ἢ

2276 4361 2646 4431 ἀφορίζεσθαι.

701 4459 950 4512 ZONAR.
990 4458 1097 4510 Hoc
1130 4458 1266 4511 idem
1303 4465 1616 4510 sanctorum
1669 4456 2026 4522 apostolorum
2066 4472 2167 4507 un-

2346 4452 2586 4504 ΖΩΝΑΡ.
2625 4451 2792 4504 Τοῦτο
2824 4450 2918 4502 καὶ
2951 4451 2998 4500 oi.
3029 4450 3136 4500 τῶν
3168 4449 3335 4514 ἀγίων
3368 4447 3676 4500 ἀποστόλων
3706 4447 3731 4497 ὅ
3763 4462 3824 4497 τι

633 4547 870 4601 decimus
927 4555 981 4599 et
1036 4546 1380 4598 duodecimns
1429 4554 1482 4596 et
1548 4543 1845 4596 tricesimus
1903 4544 2169 4596 secundus

631 4637 1040 4690 constituerunt.
1075 4637 1199 4700 Quae.
1238 4636 1395 4700 igitur
1422 4636 1471 4686 in
1535 4635 1598 4686 iis
1648 4634 1846 4700 scripta
1907 4645 2048 4694 sunt,
2086 4634 2168 4688 hic

627 4723 785 4776 etiam
819 4722 1106 4775 sufﬁcient.
1143 4723 1440 4787 Quinetiam
1477 4724 1660 4791 synodi
1701 4724 2046 4776 Antiocltenaa
2075 4738 2168 4776 ca-

629 4830 730 4866 non
755 4814 784 4865 6
818 4815 879 4866 de
909 4816 1091 4866 eodem
1130 4815 1381 4879 loquitur,
1411 4823 1461 4862 ct
1493 4811 1820 4866 Sardicensis
1865 4829 2035 4866 canon
2068 4815 2154 4866 15.

627 4898 849 4954 ARIST.
903 4903 1047 4964 «Qui
1103 4918 1221 4954 cum
1278 4903 1740 4955 excomiuunicato
1785 4903 2164 4966 communicat,

979 5009 995 5038 ι
1038 4990 1146 5057 ipse
1177 4991 1242 5042 sit
1272 4989 1816 5055 exemnmunicatns.t

698 5078 860 5144 Quia
915 5079 1126 5143 prOpI‘io
1153 5079 1397 5145 cpisc0po
1448 5080 1965 5133 cxoommunicatum
2027 5081 2165 5135 reci-

627 5170 722 5235 pit,
745 5180 798 5222 et
822 5185 941 5222 cum
984 5183 1047 5219 eo
1103 5183 1254 5219 sacra
1306 5169 1592 5230 ministrat,
1646 5169 2029 5238 segregationis
2059 5185 2162 5223 non

628 5261 865 5327 ignarus,
899 5267 965 5325 et.
1005 5259 1117 5326 ipse
1138 5261 1208 5310 sit
1262 5259 1768 5312 excommunicatns.
1822 5259 2082 5313 Similiter
2112 5268 2164 5313 et

626 5351 716 5418 qui
781 5350 1045 5403 lncreticis
1107 5350 1485 5411 communicat,
1542 5349 1710 5417 iisque
1748 5359 2161 5416 comprecatnr,

627 5455 746 5491 cum
782 5437 1025 5491 ﬁdelibus
1059 5452 1124 5491 ne
1175 5438 1571 5502 communicet;
1627 5439 1719 5491 sed
1765 5438 2002 5492 Ecclesia
2065 5453 2161 5491 ex-

627 5530 884 5584 trudatur.

1211 5617 1432 5671 CANON
1494 5616 1559 5667 Χ.

633 5725 652 5763 ι
683 5709 752 5757 ης·
784 5708 1126 5773 ptesbytcris,
1179 5710 1263 5774 qui
1313 5723 1337 5759 a
1374 5708 1596 5775 propriis
1648 5709 1906 5773 episcopis
1964 5710 2160 5761 condc-

2278 4549 2366 4598 ια’.
2401 4543 2490 4594 καὶ
2528 4540 2610 4611 ιβ’,
2648 4543 2738 4593 καὶ
2770 4541 2870 4609 λβ’,
2903 4541 3222 4606 διετάξαντο.
3253 4542 3316 4592 ’Λ
3353 4536 3480 4604 γοῦν
3513 4543 3569 4590 ἐν
3601 4537 3826 4598 ἐκείνοις

2275 4634 2517 4702 ἐγράφη,
2553 4632 2826 4685 κάνταῦθα
2861 4633 3171 4699 ἀρκέσουσι.
3206 4631 3312 4681 Καὶ
3345 4632 3371 4680 ὀ
3404 4629 3500 4696 τῆς
3533 4629 3590 4680 ἐν
3623 4628 3825 4678 Ἀντιο-

2273 4726 2392 4795 χείᾳ
2423 4725 2480 4775 δέ
2515 4724 2724 4775 συνόδου
2758 4723 2911 4781 ἕκτος
2946 4723 3122 4772 κανὼν
3155 4723 3280 4788 περὶ
3311 4719 3494 4770 τούτου
3530 4716 3828 4785 διαλαμόἀ-

2273 4835 2370 4878 νει,
2403 4816 2495 4867 καὶ
2523 4817 2549 4867 ὁ
2582 4821 2646 4881 ιγ’
2666 4815 2761 4882 τῆς
2791 4816 2847 4864 ἐν
2877 4812 3129 4879 Σαρδικῇ.

2286 4905 2519 4958 ἈΡΙΣΤ.
2562 4922 2579 4954 ι
2611 4904 2670 4955 '0
2700 4903 3045 4968 ἀκοινωνήτῳ
3083 4900 3350 4952 κοινωνῶν
3381 4898 3758 4966 ἀκοινώνητος.
3805 4916 3826 4949 ι

2349 5078 2414 5132 Ὀ
2446 5078 2534 5129 τὸν
2568 5077 2670 5130 ὑπὸ
2703 5075 2791 5128 τοῦ
2838 5076 2964 5127 ίδίου
3007 5076 3302 5127 ἐπισκόπου
3345 5074 3701 5140 ἀφορισθέντα
3736 5073 3833 5125 δε-

2272 5171 2513 5240 χόμενος,
2544 5169 2634 5220 καὶ
2668 5167 3085 5234 συλλειτουργῶν
3115 5165 3281 5234 αὐτῷ,
3313 5169 3368 5218 ἐν
3401 5166 3600 5235 εἰδήσει
3629 5165 3702 5216 ὢν
3727 5165 3829 5217 τοῦ

2271 5256 2570 5325 ἀφορισμοῦ
2592 5296 2606 5317 ,
2640 5255 3013 5322 ἀφωρισμένος
3047 5255 3137 5306 καλ⁵
3167 5256 3322 5315 αὐτὸς
3354 5256 3510 5306 ἔστω.
3552 5254 3826 5316 Ὡσαύτως

2272 5350 2364 5400 καὶ
2389 5351 2414 5399 ὁ
2441 5347 2728 5412 αίρετικοῖς
2760 5345 3048 5406 κοινωνῶν,
3079 5343 3169 5395 καὶ
3201 5345 3587 5412 συνευχόμενος
3618 5345 3831 5405 αὓτοῐςο

2274 5439 2380 5496 τοῖς
2413 5437 2618 5494 πιστοῖς
2657 5433 2714 5484 οὺ
2752 5435 3189 5502 συγκοινωνήσα,
3222 5435 3357 5488 ἀλλά
3386 5435 3481 5504 τῆς
3497 5433 3831 5501 Ἐκκλησίας

2272 5526 2616 5588 ἐξωθήσεται.

2886 5613 3116 5665 ΚΛΝΩΝ
3154 5613 3205 5665 1⁸.

2276 5726 2296 5757 ι
2341 5708 2471 5772 Περὶ
2509 5703 2885 5773 πρεσόυτὲρων
2920 5703 3023 5754 τῶν
3061 5704 3165 5754 ἀπὸ
3207 5703 3309 5761 τῶν
3347 5703 3557 5755 οἰκείων
3595 5716 3828 5767 καταγιρ
