4018 6306
256 354 320 415 53
1293 370 1371 428 IN
1411 370 1571 430 CAN.
1618 371 1698 428 IX
1735 371 1933 429 CONC.
1976 369 2341 428 CARTHAG.
3350 367 3418 429 54

321 481 341 512 ι
384 472 737 537 νωσκομένων
765 473 1071 530 ἐπισκόπων
1103 479 1346 540 Ἀλὺπιος
1374 483 1661 544 ἐπίσκοπος
1689 500 1745 536 το
1805 487 1845 540 Α

326 572 348 604 ι
393 560 698 626 ποτηρητὴς
731 563 829 628 τῆς
861 564 1188 634 Νουμιδικῆς
1224 568 1402 638 χώρας
1435 568 1581 624 εἶπεν
1608 590 1621 603 ·
1658 574 1789 626 οὐδὲ

327 664 344 692 ι
392 647 562 698 ὲκεϊνο
587 647 665 698 δεῖ
694 653 984 718 παρεᾶσαι,
1011 656 1114 718 ἵνα,
1141 657 1234 708 ἐάν
1259 676 1338 718 τις
1367 661 1524 727 τυχδν
1556 663 1787 730 πρεσϐύ-

324 750 342 780 ι
390 749 564 800 τερος,
599 736 705 788 ἀπὸ
743 739 834 790 τοῦ
877 741 1002 792 ίδίου
1041 744 1334 796 ἐπισκόπου
1373 749 1784 812 καταγνωσθεὶς,

322 838 345 868 ι
393 825 673 892 φυσιότητί
702 843 805 878 τινι
839 833 929 880 καὶ
965 830 1301 903 ὑπερηφανίᾳ
1338 837 1619 904 ἐπαρθεὶς,
1650 839 1786 904 ἡγή-

325 929 344 956 ‹
393 928 538 964 σεται
561 914 792 982 ὀφείλειν
814 923 1220 986 κεχωρισμένως
1246 925 1372 989 ἆγια
1393 926 1468 993 τῷ
1489 927 1602 994 Θεῷ
1629 945 1789 995 προσ-

325 1019 343 1048 ι
389 1003 595 1068 φέρειν,
639 1004 670 1074 ἦ
713 1007 835 1058 ἄλλο
875 1009 1128 1074 ἀνορθοῦν
1170 1010 1545 1080 θυσιαστήριον
1585 1015 1788 1083 οἰηθείη

323 1107 343 1137 ι
391 1092 526 1141 κατὰ
553 1093 651 1160 τῆς
680 1096 1128 1164 ἐκκλησιαστικῆς
1153 1100 1382 1163 πίστεως
1409 1104 1497 1155 καὶ
1525 1108 1790 1156 καταστά-

324 1199 342 1224 σ
393 1196 527 1239 σεως
553 1197 568 1212 ο
607 1185 632 1234 ό
670 1185 906 1246 τοιοῦτος
945 1185 1286 1255 ἀτιμώρητος
1328 1193 1398 1257 μὴ
1439 1193 1642 1262 ἐξέλθῃ.
1688 1195 1789 1247 Βα-

325 1286 344 1317 ι
391 1269 626 1334 λεντῐνος
665 1275 956 1337 ἐπίσκοπος
993 1278 1088 1344 τῆς
1129 1279 1347 1349 πρώτης
1393 1283 1656 1350 καθέδρας
1694 1287 1789 1353 τῆς

322 1375 342 1405 ι
385 1358 717 1427 Νουμιδικῆς
740 1362 918 1430 χώρας
945 1363 1094 1418 εἶπεν
1115 1383 1129 1396 ⁵
1157 1370 1486 1434 Ἀναγκαίως
1509 1376 1571 1440 τῇ
1599 1373 1792 1442 ὲκκλη-

321 1460 340 1492 ι
388 1449 635 1515 σιαστικῇ
666 1450 837 1502 πίστει
860 1453 948 1502 καὶ
961 1453 1106 1515 τάξει
1136 1455 1394 1522 σύμφωνά
1422 1459 1523 1508 εἰσι
1551 1458 1614 1508 τὰ
1646 1459 1790 1526 παρά

320 1550 340 1581 ι
387 1535 478 1584 τοῦ
512 1537 735 1603 ἀδελφοῦ
767 1541 920 1606 ἡμῶν
955 1543 1203 1596 Ἀλυηπίου
1235 1546 1636 1614 προενεχθέντα.
1666 1549 1789 1599 Λοι-

322 1642 342 1672 s
389 1625 484 1675 πὸν
512 1629 563 1677 τί
591 1629 736 1681 δοκεῖ
762 1635 822 1697 τῇ
857 1635 1092 1703 ὑμετέρᾳ
1123 1637 1309 1707 ἀγάπῃ
1341 1639 1544 1693 εἴπατε.
1580 1641 1641 1692 Ἥ
1671 1642 1792 1691 σύν-

322 1729 344 1760 ‹
391 1714 507 1774 οδος
533 1713 709 1769 εἶπεν·
736 1721 857 1772 Ἐάν
875 1739 957 1782 τις
982 1726 1365 1795 πρεσϐύτερος,
1389 1729 1527 1780 κατά
1545 1729 1637 1780 τοῦ
1663 1729 1788 1781 ίδίου

321 1820 340 1850 ι
389 1805 683 1857 ἐπισκόπου
723 1786 1509 1889 φυσιωθεὶςσχίσμα-ποιήσῃ,
1548 1817 1789 1886 ἀνάθεμα
1821 1786 1862 1839 Β

321 1909 341 1940 ι
390 1893 549 1946 ἔστω.
599 1915 615 1943 ι

315 1982 515 2036 ΒΔΛΣ.
553 1985 612 2038 '0
641 1987 720 2039 λα’
742 1990 1091 2056 ἀποστολικὸς
1121 2000 1298 2048 κανὼν
1329 1999 1452 2060 τοὺς
1481 2001 1794 2068 παρασυνὰ-

246 2086 461 2138 γοντας,
488 2075 778 2142 κληρικοὺς
807 2081 902 2145 μὲν
924 2082 1096 2144 ὗντας,
1123 2086 1433 2153 καθαιρέσει
1460 2089 1793 2142 καθυποδάλο

246 2161 326 2211 λει
348 2202 362 2222 ,
396 2162 616 2226 λαῖκοὺς
642 2165 697 2217 δὲ
717 2207 730 2230 ,
761 2169 1109 2238 ἀφορίζεσθαι
1140 2175 1426 2243 διορίζεται
1446 2194 1459 2208 ·
1493 2177 1628 2246 πλὴν
1661 2179 1794 2242 μετά

247 2249 471 2318 πρώτην
502 2255 593 2304 καὶ
627 2254 880 2326 δευτέραν
911 2263 1001 2312 καὶ
1033 2264 1219 2332 τρίτην
1249 2267 1615 2335 παράκλησιν.
1651 2269 1707 2318 '0
1739 2268 1794 2319 δὲ

247 2339 439 2406 παρὼν
471 2344 649 2394 κανὼν
681 2347 772 2397 καὶ
805 2349 832 2398 δ
865 2355 914 2413 ςί
943 2351 1039 2416 τῆς
1072 2353 1130 2404 ὲν
1160 2354 1381 2422 Γάγγρα
1416 2355 1794 2424 ἀναθεματίζει

246 2430 490 2489 τούτους.
533 2429 648 2481 Τίνι
693 2432 823 2498 γοῦν
867 2436 1148 2506 ὀφείλομεν
1189 2446 1478 2511 προσσχεῖν
1518 2445 1793 2514 ζητητέον.

249 2515 446 2583 Οῐομαι
477 2517 569 2570 οὖν
592 2521 675 2572 ὅτι
701 2525 792 2576 καὶ
821 2524 985 2592 ἄμφω
1013 2529 1150 2580 κατά
1175 2532 1296 2592 τοὺς
1326 2534 1551 2604 κανόνας
1579 2536 1796 2604 γενήσε-

249 2621 359 2657 ται.
400 2607 622 2674 Πρῶτον
673 2612 771 2678 μὲν
805 2615 910 2684 γὰρ
941 2619 1077 2668 κατά
1103 2619 1193 2670 τὸν
1222 2595 1796 2675 ἀποστολικὸννκανόνα

248 2694 298 2744 οι
329 2701 674 2762 σχισματικοὶ
702 2705 1236 2774 παραγγελθήσονται
1258 2711 1350 2762 τοῦ
1378 2711 1541 2763 κακοῦ
1568 2714 1800 2781 ἀποσχέ-

253 2785 376 2836 σθαι
403 2802 418 2814 ·
449 2789 543 2839 καὶ
577 2791 650 2857 μὴ
679 2793 1009 2857 πεισθέντες,
1042 2800 1518 2868 καθαιρεθήσονται
1551 2801 1579 2869 ἢ
1612 2803 1798 2871 ἀφορι-

254 2875 545 2944 σθήσονται
571 2895 586 2911 ο
623 2883 671 2933 ει
708 2882 764 2935 δὲ
805 2885 896 2938 καὶ
933 2887 1071 2941 οὕτω
1106 2893 1169 2959 τῇ
1211 2891 1524 2958 φυσιότητι,
1556 2892 1798 2945 τουτέστι

250 2967 315 3032 τῇ
365 2969 637 3040 κενοδοξία
681 2977 773 3025 καὶ
809 2977 873 3043 τῇ
915 2967 1173 3049 ἀνηκοϊᾳ,
1218 2981 1568 3049 ἐμμένουσιν,
1610 2981 1798 3035 ἀναθέ-

1948 498 1967 530 ι
2003 486 2264 541 mnautur,
2291 478 2506 546 Alypius
2543 480 2819 547 episcopus
2869 479 3098 548 regionis
3127 479 3416 533 Numidica:

1969 586 1988 619 ι
2027 569 2226 636 legatus
2261 569 2387 622 dixit
2419 586 2430 631 ;
2460 568 2565 621 Nec
2597 568 2720 620 illud
2773 571 3274 636 praetermittemlutu
3311 581 3414 632 est,

1964 678 1982 709 ι
2025 661 2142 712 ιιιεὶ
2169 659 2289 727 quis
2317 659 2452 712 forte
2508 660 2781 727 presbyter
2827 675 2854 711 a
2904 660 3116 727 preprio
3172 661 3418 727 episcotio

1962 768 1978 798 ι
2009 750 2428 809 condemnatus.
2487 759 2690 802 tumore
2741 752 2965 818 quodam
3016 761 3068 804 et
3115 750 3415 819 arrogantia

1963 855 1980 886 ι
2017 837 2223 898 elatus,
2280 839 2665 891 existimaverit
2725 838 2915 892 debere
2971 841 3252 905 separatim
3314 841 3418 891 Deo

1969 947 1985 976 ι
2027 938 2208 981 sancta
2235 927 2446 988 oﬂ‘erre,
2475 929 2553 980 vel
2580 928 2718 980 aliud
2752 928 2914 980 altare
2931 929 3232 996 erigendum
3267 940 3420 996 puta-

1961 1034 1976 1064 ι
2015 1017 2148 1068 Verit
2178 1020 2432 1071 adversus
2464 1019 2880 1071 ecclesiasticam
2917 1020 3070 1072 [idem
3097 1030 3148 1071 et
3212 1020 3416 1072 consti-

1965 1124 1982 1156 ι
2021 1109 2309 1162 tationem:
2353 1112 2395 1161 is
2450 1126 2515 1162 ne
2565 1111 2797 1175 imponis
2846 1111 3054 1163 evadat.
3111 1108 3421 1162 Valentinus

1977 1215 1993 1247 ι
2028 1199 2309 1266 episc0pus
2344 1199 2525 1264 primae
2555 1202 2818 1252 cathedrae
2871 1200 3159 1254 Numidicis
3189 1201 3422 1265 regionis

1977 1288 2002 1334 r
2028 1287 2189 1339 dixit:
2229 1287 2542 1341 Necessario
2567 1289 2944 1342 ecclesiastica:
2976 1290 3092 1342 ﬁdei
3142 1300 3194 1342 et
3244 1290 3417 1344 ordini

1969 1393 1985 1423 ι
2018 1377 2373 1435 consentiunt.
2427 1392 2592 1443 quasa
2635 1378 2798 1432 fratre
2851 1389 3032 1432 nostro
3067 1381 3252 1450 Alypio
3298 1396 3417 1448 pro-

1970 1481 1985 1511 ι
2023 1463 2126 1516 lata
2159 1474 2299 1516 snnt.
2333 1464 2482 1528 Quod
2528 1477 2786 1533 superest,
2828 1467 2949 1534 quid
2979 1480 3162 1521 vestrae
3219 1470 3425 1521 videtur

1965 1569 1982 1601 ι
2013 1553 2275 1605 dilectioni
2308 1554 2482 1608 dicite.
2533 1555 2772 1624 Synodus
2821 1558 2951 1607 dixit
2990 1575 3002 1608 :
3040 1559 3094 1609 Si
3137 1558 3257 1623 quis
3306 1573 3425 1617 pre-

1966 1659 1982 1690 ι
2021 1644 2203 1711 shyter
2259 1645 2514 1698 adversus
2549 1648 2818 1712 proprium
2872 1648 3172 1716 episc0pum
3216 1647 3426 1702 inﬂatus

1973 1748 1990 1778 ι
2022 1731 2248 1786 schisma
2275 1731 2475 1798 fecerit,
2505 1733 2888 1786 sitanathema.
2930 1751 2945 1782 ι

1963 1986 2151 2041 BALS.
2184 1987 2510 2044 Tricesimus
2556 1992 2758 2056 primus
2782 2005 2950 2045 canon
2975 1994 3292 2059 apostolicus
3313 2007 3428 2056 eos,

1894 2078 1984 2143 qui
2014 2091 2042 2130 a
2066 2081 2475 2147 congregatione
2523 2081 2812 2145 divertunt,
2834 2082 2876 2134 si
2931 2083 3036 2135 sint
3067 2083 3278 2150 quidem
3327 2084 3430 2136 cic-

1897 2167 2013 2228 rici.
2048 2168 2362 2234 depositiuni
2387 2169 2634 2235 subiicit:
2670 2171 2832 2225 lalcos
2865 2182 3039 2225 autem
3075 2173 3432 2242 segregandos

1895 2255 2168 2320 decernit;
2198 2257 2288 2310 sed
2321 2268 2434 2324 post
2459 2260 2681 2324 primam
2721 2268 2774 2313 et
2800 2261 3088 2314 secundant
3121 2272 3171 2314 et
3222 2262 3430 2314 tertiam

1895 2343 2328 2398 admonitionem.
2381 2345 2621 2401 Prsescns
2674 2357 2849 2400 autem
2919 2363 3086 2400 canon
3141 2359 3195 2400 et
3249 2358 3432 2404 sextus

1895 2428 2216 2496 Gangrensis
2269 2443 2362 2483 eos
2408 2431 2842 2486 anathematizat.
2901 2433 3039 2498 Quid
3103 2449 3228 2502 ergo
3280 2434 3428 2502 ecqui

1897 2518 2181 2571 debeamus
2237 2521 2575 2586 quaerendum
2631 2531 2731 2576 est.
2784 2523 3042 2576 Existimo
3086 2538 3232 2592 ergo,
3289 2524 3426 2591 quod

1899 2617 2182 2675 utrumque
2215 2609 2302 2662 ﬂet
2331 2623 2395 2662 ex
2429 2612 2737 2666 canonihus.
2767 2611 2998 2665 Primum
3043 2615 3183 2666 enim
3242 2629 3431 2666 secun-

1897 2701 2018 2753 dum
2049 2716 2306 2757 canonem
2355 2706 2701 2773 apostolicum
2755 2707 3112 2761 schismaticis
3155 2709 3430 2761 denuntia-

1898 2791 2056 2853 bitur,
2082 2791 2307 2863 525m
2341 2809 2369 2847 a
2406 2796 2542 2847 malo
2562 2797 2888 2850 abstineant:
2913 2808 2986 2860 et,
3007 2797 3103 2850 nisi
3135 2798 3428 2864 paruerint,

1900 2880 2228 2946 deponentur
2275 2884 2357 2936 vel
2410 2886 3036 2938 excommunicabnntur.
3097 2886 3188 2938 Sin
3255 2895 3432 2939 autem

1899 2968 1975 3020 sic
2004 2983 2211 3036 quoque
2241 2971 2290 3022 in
2347 2971 2639 3034 inﬂatione,
2681 2974 2779 3026 hoc
2831 2981 2933 3035 est,
2970 2988 3102 3025 vana
3163 2974 3325 3040 gloria
3383 2985 3434 3028 et

257 3067 390 3153 ματι
422 3056 1018 3129 καθυποδληθήσονται,
1048 3067 1121 3128 ὡς
1151 3072 1422 3136 σεσηπότα
1454 3069 1586 3139 μέλη
1616 3072 1677 3122 ὲκ
1705 3071 1796 3122 τοῦ

1910 3057 2276 3121 inobedientia,
2302 3061 2648 3127 perstiterint,
2702 3063 3027 3115 anathemati
3063 3063 3430 3130 subjiciemur,

254 3140 593 3205 ὑγιαίνοντος
622 3148 868 3216 σώματος
893 3155 988 3221 τῆς
1014 3156 1333 3225 Ἐκκλησίας
1359 3160 1702 3220 ὲκκοπέντες.
1729 3161 1800 3214 To

252 3230 363 3299 γὰρ
389 3236 714 3289 ἀπφτεῦθεν
738 3242 1224 3316 ἀναθεματισθῆναι
1249 3249 1372 3306 τοὺς
1401 3251 1472 3318 μὴ
1496 3250 1581 3301 διὰ
1602 3251 1802 3317 δογμασ

251 3325 416 3392 τικὴν
444 3334 950 3397 προσκεκρουκότας
975 3336 1183 3398 αἰτίαν,
1211 3338 1345 3390 ἀλλά
1373 3339 1458 3391 διὰ
1487 3339 1801 3402 ἀλαζονείαν

253 3416 346 3465 καὶ
379 3416 496 3477 vos;
528 3421 829 3487 κουφότητα
858 3424 997 3475 κατά
1022 3426 1118 3492 τῆς
1150 3418 1602 3497 ἐκκλησιαστικῆς
1631 3447 1800 3482 καταο

255 3504 502 3565 στάσεως
522 3507 964 3576 ἀτακτήσαντας,
1011 3515 1307 3583 βαρύτατόν
1345 3520 1521 3578 ἔστιν.
1566 3519 1638 3578 ὼς
1684 3520 1804 3586 ἐμοὶ

255 3590 424 3643 δοκεῖ.
478 3594 772 3662 Ἀνάγνωθι
825 3601 915 3652 καὶ
961 3604 1052 3654 τὸν
1097 3605 1146 3656 α’
1181 3608 1376 3659 κανόνα
1423 3606 1514 3659 τοῦ
1571 3610 1804 3676 μεγάλου

255 3680 572 3747 Βασιλείου,
600 3686 915 3742 διδάσκοντα
943 3694 1196 3763 διαφορῦν
1223 3698 1512 3765 αίρετικῶν
1533 3737 1548 3762 ,
1580 3716 1806 3768 σχισμα-

257 3773 434 3823 τικῷν
468 3777 562 3826 καὶ⁹
601 3783 1109 3848 παρασυναγόντων.
1149 3785 1408 3838 Ἐνταῦθα
1441 3788 1496 3839 δὲ
1529 3805 1808 3858 καταχρη-

261 3864 468 3926 στικῶς
509 3865 777 3934 ἐξελήφθη
817 3871 876 3921 τὸ
921 3871 1123 3940 σχίσμα
1167 3878 1255 3926 καὶ
1293 3878 1325 3942 ἠ
1372 3879 1809 3948 παρασυναγωγὴ

257 3954 338 4015 εἰς
363 3955 495 4014 τοὺς
524 3957 660 4009 κατά
690 3957 999 4021 ἀλαζονείαν
1027 3963 1164 4014 κατά
1185 3963 1280 4015 τοῦ
1312 3964 1609 4016 ἑπισκόπου
1635 3967 1810 4018 αὐτῶν

260 4045 635 4110 φυσιωθέντας
667 4051 767 4100 καὶ-
790 4050 1234 4120 ἀποσχισθέντας.

328 4223 580 4277 ΖΩΝᾹΡ,
615 4226 740 4277 Ἐὰν
771 4227 1134 4296 πρεσϐύτερος
1163 4232 1500 4301 ἐπιτιμηθεὶς
1526 4233 1812 4303 ἀφορισμῷ

261 4314 393 4373 ἴσως
421 4315 634 4381 ἐπαρθῇ
655 4316 958 4384 φυσιότητι,
982 4317 1222 4370 τουτέστι
1246 4319 1514 4390 κενοδοξία
1538 4322 1626 4372 καὶ
1646 4322 1810 4387 όγκῳ,

1907 3157 1962 3200 ιιι
1999 3151 2233 3202 membra
2268 3151 2474 3218 putrida
2509 3167 2537 3205 e
2587 3166 2716 3204 sano
2752 3153 3004 3206 Ecclesia:
3056 3168 3281 3220 corpm'e
3325 3173 3436 3204 am-

1902 3239 2088 3305 putati.
2120 3239 2191 3292 Ex
2222 3242 2317 3294 hoc
2345 3242 2482 3294 enim
2513 3242 2656 3308 ipsos
2687 3258 2803 3296 esse
2823 3244 3312 3302 auatltematizatm,
3348 3244 3434 3308 qui

1903 3337 2006 3374 non
2036 3334 2251 3390 propter
2277 3341 2490 3379 causam
2543 3330 2894 3395 dogmaticam
2947 3328 3302 3388 oﬂenderttnt,
3349 3331 3438 3380 sed

1905 3417 2500 3482 prepter.arrogantiam
2525 3426 2577 3470 et
2608 3418 2798 3469 mentis
2861 3417 3127 3471 levitatem
3185 3421 3438 3472 adversus

1907 3504 2318 3558 ecclesiasticam
2351 3507 2780 3560 constitutionem
2837 3521 2893 3559 se
2940 3508 3226 3561 insolenter
3253 3523 3434 3575 gesse-

1909 3604 2057 3655 runt.
2090 3604 2170 3648 est
2211 3595 2603 3663 gravissimum,
2654 3604 2711 3649 ut
2768 3597 2893 3649 mihi
2948 3596 3157 3663 quidem
3213 3601 3435 3650 videtur.

1907 3682 2048 3751 Lege
2077 3684 2235 3736 etiam
2266 3698 2524 3737 cauonem
2577 3686 2602 3737 1
2652 3687 2827 3753 magni
2883 3686 3085 3748 Basilii,
3141 3689 3228 3754 qui
3289 3689 3442 3741 docet

1908 3774 2255 3827 diﬂ'erentiam
2280 3776 2667 3838 haereticorum,
2687 3777 3146 3828 schismaticorum
3176 3784 3229 3831 et
3258 3794 3440 3832 eorum

1910 3865 1998 3932 qui
2032 3881 2056 3915 a
2097 3865 2510 3932 congregatione
2542 3866 2827 3918 divortunt.
2877 3866 2972 3919 llic
3002 3875 3176 3921 autem
3223 3869 3441 3922 abusive

1911 3965 2188 4023 acceptum
2244 3965 2324 4009 est
2355 3956 2609 4016 schisma,
2657 3965 2709 4008 et
2743 3972 2769 4007 a
2817 3959 3222 4024 congregatione
3269 3961 3442 4010 divcr~

1912 4043 2011 4104 sio,
2042 4059 2136 4111 pro
2168 4044 2229 4097 iis
2264 4044 2352 4111 qui
2400 4059 2464 4096 ex
2493 4045 2793 4111 arrogantia
2849 4045 3100 4098 adversus
3149 4061 3299 4100 suum
3336 4049 3445 4108 epi-

1913 4148 2134 4198 scopum
2168 4133 2335 4186 inﬂati
2366 4143 2489 4186 sunt
2513 4145 2567 4188 et
2601 4135 2665 4186 ab
2691 4149 2754 4188 eo
2783 4136 3028 4189 abscissi.

1983 4221 2229 4276 ZONAR.
2260 4223 2315 4276 Si
2349 4224 2467 4292 quis
2486 4226 2736 4279 sacerdos
2764 4229 3127 4292 segregatione
3157 4227 3290 4281 forte
3315 4229 3447 4281 mul-

1917 4321 2076 4376 tatus,
2107 4312 2395 4375 inﬂatione,
2449 4315 2548 4366 hoc
2595 4324 2694 4374 est,
2732 4319 3035 4380 arrogantia
3096 4318 3448 4383 superbiaque

263 4405 355 4454 καὶ
391 4403 499 4472 ἰδίᾳ
529 4405 812 4474 προσφέρῃ
837 4405 914 4474 τῷ
942 4404 1059 4473 Θεῷ
1080 4445 1093 4468 ,
1123 4407 1416 4475 ἱερουργῶν
1444 4408 1564 4459 καθ’
1589 4409 1778 4460 ἑαυτὸν
1797 4449 1809 4472 ,

1916 4401 2191 4462 eﬂ'eratur,
2223 4416 2283 4452 ac
2313 4402 2421 4455 Deo
2475 4403 2719 4470 privatim
2775 4403 2964 4458 oﬂ‘erat
2993 4445 3006 4458 .
3067 4406 3293 4474 aliisque
3341 4422 3452 4458 non

264 4493 292 4561 ἣ
336 4493 505 4556 αὐτὸς
550 4495 666 4545 νέον
708 4494 1086 4563 θυσιαστήριον
1130 4498 1493 4568 καινουργήσῃ
1537 4499 1674 4550 κατὰ
1718 4500 1815 4566 τῆς

264 4581 721 4648 ἐκκλησιαστικῆς
755 4582 986 4652 πίστεως
1016 4583 1111 4634 καὶ
1147 4585 1526 4642 καταστάσεως
1548 4601 1559 4613 ·
1601 4585 1815 4652 συγχέει

265 4673 372 4738 γὰρ
411 4672 509 4736 τὴν
542 4661 996 4739 ὲκὲιλησιαστικὴν
1033 4675 1395 4736 κατάστασιν,
1433 4674 1502 4735 ὼς
1536 4673 1642 4725 τῶν
1681 4692 1812 4743 πρε-

265 4760 552 4828 σϐυτέρων
579 4761 820 4813 ὑπείκειν
843 4762 1161 4828 ὀφειλόντων
1183 4764 1477 4834 τῷοὲπισκό
1488 4782 1589 4833 πῳ,
1613 4766 1818 4826 ἐκεῖνος

266 4851 359 4902 καὶ
398 4851 770 4916 ἀντιπράττων
803 4853 894 4904 καὶ
929 4853 1314 4921 ἀνθιστάμενος
1346 4854 1523 4922 αὐτῷ,
1555 4856 1647 4907 καὶ
1681 4856 1818 4908 κατά

264 4937 368 5004 τῆς
417 4938 651 4998 πίστεως
691 4941 865 4990 ποιεῖ’
904 4942 951 4992 οἱ
993 4944 1097 5008 γὰρ
1138 4943 1374 5006 ἄπιστοι,
1416 4943 1697 5012 βλέποντες
1739 4947 1819 4997 ὅτι

269 5025 525 5089 ἀτάκτως
560 5025 830 5093 διάγουσιν
863 5028 913 5079 οἱ
948 5029 1264 5098 ἱερωμένοι,
1302 5033 1690 5101 κωμῳδήσουσι
1725 5034 1822 5100 τὴν

270 5115 492 5165 πῖστιν
536 5115 660 5175 τοὺς
697 5114 825 5180 γοῦν
861 5115 1136 5177 τοιούτους
1175 5119 1273 5170 οὐκ
1313 5121 1686 5187 ἀτιμωρήτους
1721 5119 1819 5182 δεῖ,

271 5203 459 5268 φασὶν,
501 5197 662 5261 εἶναι.
702 5203 780 5254 διὸ
825 5207 918 5254 καὶ
959 5204 1254 5274 ἀναθέματι
1300 5207 1491 5267 αὐτοὺς
1534 5208 1566 5274 ή
1612 5207 1823 5266 σύνοδος

272 5294 617 5345 κατεδίκασε.
651 5293 758 5344 Καὶ
792 5295 819 5344 ὀ
853 5292 984 5357 ς’ἇὲ
1010 5295 1108 5361 τῆς
1142 5296 1197 5345 ἐν
1227 5297 1446 5366 Γάγγρςι
1480 5297 1692 5350 συνόδου
1730 5314 1824 5350 κα-

271 5380 380 5432 νὼν
417 5381 524 5433 ὑπὸ
556 5381 802 5450 ἀνάθεμα
834 5383 958 5444 τοὺς
996 5386 1474 5453 παρασυνάγοντας
1510 5388 1822 5453 ἐποιήσατο.

285 5469 347 5522 '0
377 5470 433 5522 δὶ
461 5471 568 5525 τῶν
599 5473 906 5524 ἀποστόλων
931 5471 1009 5524 λα’
1034 5472 1213 5528 κανὼν
1245 5473 1560 5545 καθαίρεσιν
1589 5476 1693 5529 τῶν
1720 5492 1827 5528 τοι·

278 5562 452 5616 οὑτων
481 5563 936 5633 καταψηφίζεται.

1916 4491 2165 4543 adhibitis
2197 4504 2344 4543 sacra
2363 4491 2538 4554 iaciat,
2571 4500 2662 4542 aut
2682 4505 2869 4543 novum
2893 4493 3000 4558 ipse
3015 4493 3181 4543 altare
3199 4493 3451 4545 adversus

1917 4578 2332 4631 ecclesiasticam
2397 4577 2554 4631 iidem
2611 4593 2674 4631 ac
2701 4579 3142 4631 constitutionem
3187 4582 3450 4632 excitave-

1918 4669 2027 4731 rit;
2058 4666 2249 4719 evertit
2278 4668 2363 4719 ille
2400 4666 2660 4734 siquidem
2698 4667 2951 4721 Ecclesiae
2998 4670 3450 4727 constitutionem.

1918 4758 2005 4825 qui
2040 4772 2160 4810 cum
2197 4759 2446 4824 episcopo
2501 4755 2778 4810 audientes
2845 4769 2963 4808 esse
3017 4757 3311 4825 presbyteri
3359 4759 3453 4810 de-

1921 4845 2100 4907 beant,
2139 4846 2451 4898 obluctatur
2484 4840 2616 4911 ipse,
2642 4854 2696 4897 et
2731 4846 2981 4905 obsistit;
3016 4846 3130 4898 lidei
3160 4861 3288 4900 vero
3329 4862 3460 4913 quo-

1921 4949 2024 5001 que
2053 4945 2132 4987 est
2160 4935 2408 5002 injurias.
2458 4947 2574 5000 quae
2617 4934 2911 4987 inﬂdelium
2973 4936 3242 5000 irrisione,
3306 4947 3456 5004 post-

1923 5037 2079 5088 quam
2109 5022 2274 5075 sacris
2302 5022 2535 5076 initiatos
2561 5022 2801 5075 homines
2821 5037 3073 5088 perverse
3105 5023 3266 5075 vitam
3301 5039 3459 5091 agerc

1923 5112 2435 5172 animadverterint,
2486 5111 2709 5164 ludetur.
2769 5111 3043 5177 Ejusmodi
3123 5113 3282 5179 igitur
3362 5116 3461 5167 lto-

1926 5204 2114 5266 miues,
2145 5217 2472 5267 nequaquam
2507 5202 2718 5268 impune
2750 5199 2899 5254 abire
2945 5212 3190 5267 oportere
3223 5210 3456 5271 synodus

1925 5294 2134 5355 asserit,
2187 5293 2412 5359 illosque
2455 5291 2704 5366 _proinde
2763 5292 3116 5344 anathematis
3169 5307 3320 5357 poena
3384 5305 3462 5346 te-

1928 5386 2040 5436 neri
2076 5382 2240 5450 iubet.
2298 5381 2550 5434 Eamdcm
2589 5393 2799 5447 quoque
2842 5380 3196 5432 anathematis
3230 5396 3462 5449 pcenam,

1927 5485 2077 5527 sexto
2103 5487 2306 5526 canone
2339 5473 2388 5522 in
2433 5486 2546 5532 eos,
2595 5472 2681 5537 qui
2731 5470 2974 5536 privatim
3030 5472 3312 5524 ecclesiam
3372 5475 3469 5526 ha-

1928 5565 2052 5618 bere.
2078 5564 2257 5615 volunt
2277 5603 2290 5620 .
2311 5561 2633 5630 Gaugreusis
2661 5561 2892 5628 synodus
2927 5563 3129 5612 statuit.
3152 5561 3464 5615 Sanctorum

1933 5652 2433 5720 veroaposlolornm
2464 5651 2665 5718 primus
2718 5662 2768 5703 et
2822 5651 3252 5718 quadragesimus
3303 5668 3470 5707 canon

1939 5744 2281 5814 depositionis
2311 5743 2358 5795 in
2388 5757 2476 5796 eos
2503 5756 2711 5808 pmnum
2765 5741 3021 5795 decernit.
