4018 6306
527 366 530 368 ·
586 361 654 418 55
764 368 769 372 ν
1818 371 2089 432 THEOD.
2132 358 2560 434 BALSAt-tox'
3271 424 3273 427 .
3683 370 3758 430 56

580 477 800 530 ARIST.
836 499 854 530 ι
889 479 987 547 Qui
1011 484 1076 538 ab
1105 487 1356 555 episcopo
1394 485 1797 550 condemnatur,
1849 485 1891 536 si
1927 493 2085 548 poste:

2211 481 2430 536 ΑΡΙΣΤ.
2487 503 2504 534 ι
2544 483 2602 534 '0
2652 483 2752 535 ύπῦ
2803 480 3098 533 ἐπισκόπου
3149 475 3583 545 καταγνωσθεὶς,
3630 470 3758 527 εἷτα

657 586 675 617 ι
709 568 1031 634 discesserit.
1059 584 1112 628 et
1137 577 1303 630 altare
1357 575 1549 637 ﬁxerit,
1605 574 1684 626 vel
1717 571 1985 630 obtulerit,
2016 587 2082 639 pu

655 675 671 705 ι
707 657 952 712 niendns.
987 681 1005 712 ι

649 749 748 811 Qui
778 764 804 800 a
839 754 1047 818 proprio
1078 765 1382 821 segregatus
1411 757 1684 823 episcopo,
1731 767 1792 809 au
1823 759 2108 826 synodum,

577 838 661 888 eui
697 839 971 904 cpiscopus
995 856 1121 896 suus
1156 844 1412 905 subiacet,
1470 862 1572 898 non
1629 849 1845 907 accedit,
1890 858 1942 900 ut
1994 864 2112 915 quae

577 927 640 978 ad
677 930 1095 995 segregationem
1150 933 1268 1000 ejus
1326 935 1590 1000 pertinent
1645 938 1998 1000 examinaret,
2056 946 2109 990 et

565 1016 713 1080 "quod
750 1028 940 1081 praeter
971 1021 1223 1076 rationem
1256 1020 1451 1074 factum
1511 1035 1590 1074 est
1629 1027 1920 1089 corrigeret
1952 1043 1966 1083 ;
2017 1026 2106 1078 sed

575 1103 820 1168 superbia
857 1117 907 1157 et
954 1105 1087 1158 fastu
1136 1109 1335 1172 elatus,
1359 1126 1423 1161 eo
1462 1113 1668 1173 qui-lem
1712 1125 2017 1182 Contempto
2052 1105 2109 1169 se

574 1194 641 1245 ab
668 1192 901 1247 Ecclesia
944 1188 1294 1265 separaverit,
1323 1210 1375 1252 et
1426 1202 1564 1253 aliud
1615 1204 1868 1256 struxerit
1916 1204 2102 1267 altare,

573 1290 624 1333 et
664 1294 845 1334 sancta
884 1284 988 1335 Deo
1020 1286 1304 1351 obtulerit;
1351 1290 1490 1355 talis,
1541 1300 1596 1342 ut
1642 1301 1825 1344 contra
1864 1293 2019 1346 fidem
2055 1299 2108 1345 et

572 1373 996 1448 constitutionem
1022 1377 1433 1431 ecclesiasticam
1466 1382 1575 1433 haec
1603 1381 1828 1445 faciens,
1869 1397 1972 1436 non
2007 1383 2106 1436 im-

573 1475 708 1524 pune
743 1462 892 1524 feret,
931 1464 1020 1516 sed
1063 1466 1401 1522 anathemate
1430 1472 1774 1537 percutietur.
1840 1468 1844 1472 ’

1145 1652 1368 1717 CANON
1432 1666 1521 1720 XI.

575 1764 592 1792 ι
621 1745 672 1797 Si
709 1750 828 1814 quis
881 1751 1153 1818 presbyter
1202 1759 1251 1805 tn
1304 1769 1412 1806 suae
1461 1761 1583 1808 vitae
1629 1758 1843 1822 agendze
1896 1759 2104 1814 ratione

642 1857 656 1883 ι
698 1840 1081 1893 condemnatus
1113 1841 1292 1906 fuerit,
1318 1845 1472 1898 debet
1513 1847 1557 1899 is
1611 1848 1799 1901 vicinis
1837 1837 2102 1918 episcopis

640 1945 662 1974 ι
700 1931 1026 1990 renuntiare,
1064 1941 1120 1983 ut
1163 1933 1258 1999 ipsi
1291 1949 1396 1986 rem
1434 1936 1668 1998 audiant,
1697 1947 1750 1988 et
1811 1954 1905 2006 per
1955 1941 2101 2008 ipsos

649 2037 664 2062 ι
708 2019 918 2082 proprio
947 2009 1195 2087 episcopo
1221 2025 1628 2088 reconcilietur;
1687 2027 1730 2080 si
1766 2029 1866 2084 hoc
1916 2044 2095 2086 autem

645 2128 660 2152 ι
693 2119 794 2157 non
844 2107 1045 2168 fecerit,
1079 2112 1168 2162 sed
1203 2112 1360 2180 (quod
1392 2115 1529 2169 absit
1555 2117 1608 2186 ις)
1640 2121 1884 2186 superbia
1944 2123 2100 2174 infla-

642 2214 659 2243 ι
696 2207 795 2255 tus.
837 2211 893 2248 se
933 2212 970 2256 a_
993 2200 1188 2266 proprii
1226 2203 1456 2270 episcopi
1483 2211 1853 2265 counnunione
1880 2227 2100 2279 separa.-

638 2306 654 2334 ι
694 2288 847 2350 verit,
879 2297 931 2340 et
961 2305 1064 2341 una
1114 2305 1234 2343 cum
1293 2294 1556 2361 aliquibus
1607 2300 1839 2354 schisma
1898 2303 2099 2358 faciens

642 2394 659 2424 ι
693 2377 795 2429 lteo
830 2389 1071 2432 sanctum
1103 2381 1373 2444 obtulerit,
1402 2384 1444 2436 is
1486 2387 1775 2441 anathema
1821 2393 2096 2458 reputabi-

636 2481 654 2512 ι
694 2473 797 2528 tur,
832 2469 1178 2535 etproprintn
1225 2471 1394 2524 locum
1456 2477 1680 2542 perdet;
1737 2480 1837 2544 hoc
1895 2482 2099 2537 scilicet

641 2575 657 2603 ι
693 2555 1047 2621 considerato,
1085 2564 1338 2630 numquid
1370 2565 1625 2622 adversus
1684 2572 1985 2640 episcopum
2014 2573 2098 2642 ju-

635 2664 654 2695 ι
689 2656 825 2699 stam
861 2649 1048 2703 haheat
1075 2653 1575 2718 expostulationem.
1606 2678 1623 2708 ι

628 2819 823 2880 ΒΑιεέ
853 2828 951 2882 llic
985 2846 1385 2911 quoqueicanon
1418 2840 1600 2898 eadem
1621 2855 1741 2894 cum
1763 2846 2097 2912 praecedente

558 2916 933 2973 dicit:statuit
957 2923 1095 2974 enim
1123 2932 1305 2978 utnon
1373 2928 1562 2982 solum
1589 2934 1942 2998 deponantur,
2001 2939 2095 2992 sed

555 3007 716 3062 etiam
761 3011 1280 3068 anathematizentur
1307 3019 1624 3089 presbyteri,
1653 3024 1739 3089 qui
1783 3024 1864 3078 ab‘
1885 3029 2092 3095 episeo-
2130 3020 2134 3023 ”

2295 591 2313 623 ι
2351 572 2599 635 διαστὰς,
2628 573 2725 639 καὶ
2753 571 3130 640 θυσιαστήριον
3159 570 3357 638 πήξας,
3391 569 3421 636 ἢ
3457 580 3759 634 προσενεγ-

2292 680 2308 710 ι
2354 662 2482 724 κὼν,
2513 661 2865 728 τιμωρητέος.
2916 679 2933 710 ι

2250 739 2253 742 ’
2294 753 2355 802 '0
2390 754 2536 820 παρὰ
2565 752 2656 802 τοῦ
2694 751 2819 803 ἰδίου
2856 751 3148 802 ἐπισκόπου
3184 747 3512 816 ἀφορισθεὶς,
3549 744 3639 799 καὶ
3675 741 3757 810 μὴ

2216 841 2523 910 προσελθὼν
2552 845 2615 909 τῇ
2649 843 2864 910 συνόδῳ,
2895 834 3033 912 ᾗτινι
3060 841 3086 890 6
3113 838 3403 898 ἐπίσκοπος
3429 834 3591 888 αὐτοῦ
3622 832 3758 884 ὑπό-

2215 949 2405 993 κειται,
2447 935 2536 984 ἐπὶ
2570 932 2646 999 τῷ
2687 934 2932 996 ἐξετάσαι
2965 933 3032 983 τὰ
3072 931 3164 983 τοῦ
3206 927 3529 997 ἀφορισμοῦ,
3565 925 3658 977 καὶ
3694 924 3761 975 τὸ

2215 1020 2535 1088 παραλόγως
2563 1020 2849 1087 γενόμενον
2875 1016 3302 1086 διορθώσασθαι,
3330 1012 3443 1064 ἀλλ’
3467 1012 3761 1076 ὑπερηφα-

2215 1108 2300 1177 νίᾳ
2334 1109 2427 1159 καὶ
2455 1108 2607 1176 τύφῳ
2643 1108 2897 1175 ἐπαρθεὶς
2920 1146 2934 1168 ,
2967 1106 3153 1157 τούτου
3196 1104 3291 1172 μὲν
3320 1099 3718 1178 καταφρονήσει
3741 1134 3758 1160 ,

2213 1179 2495 1265 ἀποσχίσει
2525 1198 2579 1248 δὲ
2608 1197 2796 1249 ἑαυτὸν
2829 1197 2923 1263 τῆς
2958 1195 3276 1263 Ἑκκλησίας
3302 1233 3315 1254 ,
3346 1193 3439 1244 καὶ
3466 1187 3763 1256 θυσιαστήσ-

2215 1304 2328 1354 ριον
2353 1289 2537 1356 ἕτερον
2564 1269 2738 1356 πήξει,
2770 1288 2858 1338 καὶ
2889 1288 3016 1352 ἅγια
3040 1285 3115 1353 τῷ
3140 1284 3256 1353 Θεῴ
3280 1280 3533 1353 προσάξει
3552 1297 3565 1309 ·
3593 1281 3620 1331 6
3644 1295 3762 1330 τοι-

2211 1379 2386 1441 οῦτος,
2430 1379 2504 1439 ὼς
2555 1379 2691 1430 κατὰ
2730 1369 2832 1446 ’τῆς
2878 1375 3328 1445 ἐκκλησιαστικῆς
3375 1373 3605 1432 πίστεως
3653 1370 3759 1421 καὶ

2211 1468 2593 1528 καταστάσεως
2630 1466 2796 1517 ταῦτα
2835 1466 3020 1528 ποιῶν,
3060 1465 3159 1516 οὐκ
3195 1460 3537 1530 ἀτιμώρητος
3575 1456 3755 1514 ἔσται.

2211 1557 2324 1609 ἀλλ’
2350 1556 2908 1624 ἀναθεματισθὴσεται
2977 1563 2979 1566 ‘

2793 1666 3027 1718 ΚΑΝΩΝ
3065 1667 3166 1718 lA'.
3213 1699 3218 1704 -

2216 1776 2233 1808 ι
2273 1757 2392 1810 Ἐάν
2429 1773 2512 1816 τις
2552 1755 2918 1824 πρεσϐύτερος
2958 1757 3067 1823 (l2)
3108 1757 3164 1806 ἐν
3204 1751 3545 1823 τῇδιαγωγῇ
3589 1747 3764 1802 αὑτοῦ

2285 1867 2301 1898 ι
2346 1846 2729 1916 καταγνωσθῇ,
2759 1846 2961 1912 ὀφείλει
2990 1846 3017 1896 6
3045 1844 3282 1904 τοιοῦτος
3311 1843 3421 1903 τοῖς
3451 1839 3767 1908 γειτνιῶσιν

2283 1956 2299 1987 ι
2343 1937 2657 1998 ἐπισκόποις
2693 1935 3117 2005 προσαγγεῖλαι,
3149 1935 3233 1985 ἵνα
3268 1933 3420 1985 αὐτοὶ
3447 1930 3538 1983 τοῦ
3573 1931 3761 1997 πράγ-

2279 2048 2296 2078 ι
2345 2044 2509 2096 ματος
2529 2027 2920 2095 άκροάσωνται,
2955 2026 3046 2078 καὶ
3080 2025 3151 2077 δι’
3171 2022 3346 2076 αὐτῶν
3374 2021 3450 2092 τῷ
3473 2021 3598 2089 ’ίδίῳ
3632 2023 3766 2072 ἐπι-

2242 2172 2244 2174 ,
2282 2136 2302 2166 ι
2343 2119 2528 2187 σκόπῳ
2573 2117 2919 2185 καταλλαγῇ·
2962 2116 3117 2195 τοῦτο
3160 2115 3217 2167 δὲ
3266 2115 3358 2166 ἐὰν
3406 2112 3480 2182 μὴ
3526 2112 3755 2180 ποιήσῃ,

2277 2226 2294 2257 ι
2342 2207 2477 2269 ἀλλ’,
2503 2208 2633 2275 ὅπερ
2664 2206 2848 2274 ἀπείη,
2882 2205 3147 2275 ὑπεροψίᾳ
3177 2202 3534 2271 φυσιούμενος
3563 2203 3624 2253 ἐκ
3653 2201 3762 2268 τῆς

2281 2316 2298 2349 ι
2344 2297 2436 2349 τοῦ
2481 2297 2609 2349 ἰδίου
2647 2295 2943 2347 ἐπισκόπου
2981 2291 3264 2359 κοινωνίας
3299 2292 3484 2344 ἐαυτὸν
3519 2291 3756 2358 χωρίσῃ.

2276 2407 2294 2439 ι
2340 2388 2432 2441 καὶ⁹
2459 2387 2608 2457 παρὰ
2637 2388 2763 2454 μίαν
2792 2389 2930 2455 μετά
2955 2402 3115 2437 τινων
3145 2384 3344 2453 σχίσμα
3375 2381 3559 2438 ποιῶν.
3592 2381 3761 2446 ἁγία-

2273 2496 2292 2528 ι
2341 2495 2450 2546 σμα
2486 2477 2561 2542 τῷ
2601 2476 2718 2545 Θεῷ
2755 2475 3125 2547 προσενέγκῃ·
3163 2476 3189 2526 6
3227 2473 3464 2534 τοιοῦτος
3503 2471 3757 2539 ἀνάθεμα

2275 2588 2294 2620 ι
2341 2568 2735 2636 λογισθήσεται,
2777 2567 2867 2620 καὶ¹
2908 2567 2997 2620 τὸν
3042 2567 3176 2624 [διον
3212 2566 3371 2618 τόπον
3413 2563 3754 2626 άπολεσάτω,

2277 2679 2295 2710 ι
2337 2659 2574 2727 δηλονότι
2623 2657 3013 2726 σκοπουμένου,
3063 2657 3271 2725 μήποτε
3313 2653 3452 2708 κατά
3495 2652 3586 2706 τοῦ
3629 2654 3757 2704 ἐπι-

2273 2769 2292 2802 t
2339 2751 2536 2814 σκόπου
2572 2750 2773 2818 μέμψιν
2803 2750 2896 2817 ἔχῃ
2927 2747 3156 2799 δικαίαν.
3204 2763 3221 2795 ι
3627 2811 3630 2813 Δ

2266 2845 2460 2898 ΒΛΛΣ.
2503 2845 2608 2896 Καὶ
2639 2837 2788 2905 οὗτος
2816 2846 2841 2894 6
2870 2840 3046 2894 κανὼν
3077 2840 3143 2892 τὰ
3176 2839 3312 2892 αὐτὰ
3340 2837 3416 2906 τῷ
3449 2845 3551 2905 προ
3584 2834 3753 2887 αὑτοῦ

2197 2937 2545 3004 ἀποφαίνεται
2566 2951 2577 2964 °
2605 2914 2894 3004 διορίζεται
2920 2933 3026 3000 γὰρ
3057 2931 3130 3001 μὴ
3161 2931 3320 2998 μόνον
3346 2927 3750 2995 καθαιρεῖσθαι,

2197 3027 2329 3089 ἀλλὰ
2365 3028 2458 3078 καὶ
2494 3023 2980 3094 ἀναθεματίζεσθαι
3006 3023 3134 3082 ’τοὺς
3167 3016 3752 3091 καταγινωσκομένους

553 3100 636 3166 pis
667 3103 1007 3173 condemnati
1059 3108 1245 3162 nolunt
1281 3126 1387 3163 rem
1442 3114 1660 3179 paeifice
1714 3121 1959 3184 componi
2002 3135 2085 3186 per

2201 3116 2349 3184 παρὰ
2396 3117 2702 3168 ἐπισκόπων
2746 3113 3178 3183 πρεσϐυτέρους,
3229 3113 3323 3164 καὶ
3373 3111 3446 3180 μὴ
3493 3110 3750 3169 θέλοντας

553 3190 994 3246 examinationem
1031 3188 1734 3269 vicinorumepiscoporum.
1762 3210 1852 3260 sed
1882 3209 2090 3276 seipsos

555 3277 895 3341 abscindunt,
924 3282 1025 3336 hoc
1056 3293 1156 3348 est,
1191 3299 1440 3351 separant
1474 3305 1500 3363 a
1547 3275 1781 3358 prOprio‘
1816 3275 2086 3365 episcopo.

553 3379 606 3422 et
634 3371 919 3436 separatim
950 3387 1099 3426 sacra
1128 3376 1396 3430 celebrant
1432 3380 1623 3444 prtc'tcr
1677 3383 1819 3439 illius
1871 3399 2089 3441 senten-

555 3461 704 3513 tiam.
763 3460 901 3528 Lege
941 3474 995 3515 et
1033 3479 1290 3518 canonem
1342 3469 1373 3520 6
1405 3470 1752 3526 Antiochena:
1804 3479 1987 3545 synodi
2039 3489 2091 3533 et

555 3549 623 3601 Ν
651 3546 998 3604 Sardicensis.
1030 3555 1245 3620 Oportet
1273 3569 1475 3619 autem,
1511 3563 1704 3629 inquit,
1741 3568 2088 3624 considerare

520 3650 604 3691 -et
635 3643 962 3702 examinare,
1001 3645 1254 3709 numquid
1291 3649 1560 3713 proprium
1602 3654 1904 3722 episcopum
1932 3660 2090 3726 'juste

553 3737 766 3782 accuset
799 3730 1058 3795 clericus,
1101 3743 1153 3783 et
1210 3739 1639 3791 communionem
1691 3746 1814 3796 eum
1848 3760 1911 3798 eo
1965 3748 2087 3815 jure

551 3819 798 3872 deeliuet.
830 3819 966 3888 Lege
995 3830 1049 3874 et
1075 3838 1344 3877 "canonem
1378 3826 1444 3881 29
1475 3829 1628 3884 istius
1651 3836 1852 3899 synodi,
1891 3847 1943 3890 et
1976 3840 2084 3891 An-

553 3909 813 3963 tiocheam
849 3926 1106 3964 cunouem
1135 3914 1188 3965 4.
1241 3916 1509 3970 Adversus
1569 3922 1872 3990 episcoltum
1911 3911 2083 3998 "525

550 4009 726 4052 autem
765 4002 1248 4068 expostulationem
1284 4021 1350 4058 ne
1381 4007 1579 4062 dixeris
1603 4027 1725 4065 esse
1751 4030 1814 4067 ex
1842 4030 2078 4082 peccatu,

549 4088 628 4140 vel
664 4089 729 4144 ab
767 4091 867 4141 alia
894 4091 1153 4146 criminnli
1185 4097 1557 4163 accusatione;
1595 4103 1684 4153 sed
1712 4104 1791 4156 vel
1824 4120 1886 4158 ex
1919 4124 2081 4162 causa

549 4179 864 4245 dogmatica,
899 4177 977 4233 vel
1013 4183 1204 4248 injusttt
1238 4186 1349 4253 ejus
1399 4191 1517 4242 vitte
1572 4192 1926 4252 institutione.
1978 4201 2073 4252 Ne-

544 4282 648 4333 que
670 4269 808 4320 enim
833 4271 988 4323 debet
1033 4273 1258 4326 clericos
1309 4293 1336 4328 a
1388 4281 1604 4347 proprio
1657 4287 1903 4352 episcopo
1959 4301 2081 4344 ante

545 4358 1037 4412 condemnationem
1061 4366 1318 4429 separari,
1354 4369 1452 4420 nisi
1481 4387 1600 4423 eum
1627 4373 1767 4427 videt
1799 4377 2076 4432 manifeste

544 4446 791 4510 iniuriam
816 4449 1120 4518 facientem,
1148 4454 1228 4506 vel
1245 4465 1389 4518 ret-to
1406 4458 1637 4527 degmati
1668 4476 2046 4529 repugnantem
2061 4507 2074 4522 .

542 4534 672 4588 Cum
705 4545 876 4592 autem
897 4539 981 4594 ille
1015 4546 1448 4612 metropolitanus
1472 4549 2078 4621 Philippopolisltalicus

543 4625 812 4689 proprium
851 4628 1100 4681 clericum
1129 4630 1560 4706 Campsorymem
1585 4654 1934 4707 segregasset,
1964 4649 2078 4713 agi.

542 4720 707 4765 latum
743 4725 820 4766 est
876 4719 1013 4782 apud
1074 4722 1462 4775 satietiSsitttutn
1520 4726 1664 4778 iilum
1717 4732 2071 4796 patriarcham

538 4801 889 4866 Muzalonem,
927 4823 1046 4858 cum
1097 4808 1459 4865 misericordia
1515 4817 1727 4884 dignum
1779 4835 1879 4872 non
1928 4839 2066 4887 esse,

536 4893 729 4960 utqui,
765 4897 1052 4948 secundum
1089 4897 1228 4952 hunc
1255 4893 1532 4965 canonem,
1565 4908 1627 4959 ad
1658 4910 1909 4964 linitimos
1957 4917 2070 4978 cpi-

531 4995 720 5043 seopos
755 4999 857 5035 non
891 4990 1196 5053 accesserit,
1236 5002 1288 5043 et
1328 4995 1390 5043 ad
1419 4995 1677 5062 synodum
1705 4999 1822 5064 quae
1874 5014 1989 5053 erat
2019 5005 2068 5056 in

535 5084 594 5121 ea
615 5074 846 5138 regione,
875 5085 931 5126 ut
957 5092 1049 5144 per
1074 5093 1164 5131 eos
1189 5082 1620 5136 reconciliaretnr
1644 5079 2064 5156 metropolitano;

537 5162 626 5213 sed
649 5149 758 5213 sedi
795 5164 1024 5229 primum
1049 5169 1389 5236 patriarchali
1419 5174 1712 5228 molestiam
1745 5181 2067 5247 exhibuerit,

2197 3209 2481 3277 εἰρηνικῶς
2506 3208 2726 3274 λυθῆναι
2753 3207 2813 3258 τὸ
2840 3207 3069 3275 πρᾶγμα
3095 3205 3178 3256 διὰ
3207 3203 3605 3265 κατεξετάσεως
3633 3200 3748 3252 τῶν

2192 3293 2599 3365 γειτνιαζόντων
2619 3298 2951 3370 ἐπισκόπων,
2975 3296 3136 3358 ἀλλὰ,
3164 3293 3570 3361 άποςχίζοντας,
3595 3306 3747 3343 τουτ⁸

2193 3389 2304 3440 ἐστι
2350 3385 2695 3454 χωρίζοντας,
2746 3386 2970 3444 ἑαυτοὺς
2998 3384 3102 3434 ἀπὸ
3128 3381 3219 3433 τοῦ
3257 3381 3384 3432 ἰδίου
3419 3381 3738 3439 ἐπισκόπου,

2152 3502 2155 3505 ι
2195 3479 2288 3530 καὶ
2318 3475 2730 3545 ἱερουργοῦντας
2752 3475 3053 3534 tamtam;
3082 3472 3228 3542 napi:
3257 3473 3478 3539 γνώμην
3505 3469 3734 3522 ἐκείνου.

2206 3567 2494 3634 ’Ᾱνάγνωθι
2529 3568 2623 3618 καὶ
2652 3567 2738 3617 τὸν
2773 3572 2824 3627 ς’
2850 3564 3044 3616 κανόνα
3074 3563 3170 3629 τῆς
3207 3565 3259 3613 ἐν
3287 3561 3578 3628 Ἀντιοχείᾳ
3613 3576 3738 3610 συν-

2191 3659 2338 3721 όδου,
2367 3637 2570 3708 καὶητδν
2597 3655 2653 3707 ιδ’
2678 3655 2773 3721 τῆς
2801 3658 2856 3706 ἐν
2883 3656 3134 3722 Σαρδικῇ.
3162 3653 3277 3720 Χρὴ
3302 3653 3388 3710 δὲ,
3417 3652 3572 3718 φησὶ,
3607 3666 3740 3700 σκο-

2194 3749 2311 3798 πεῖν
2353 3748 2446 3798 καὶ
2492 3747 2792 3810 ἐξετάζειν,
2840 3745 3044 3812 μήποτε
3091 3744 3311 3804 δικαίως
3362 3745 3596 3795 αἰτιᾶται
3640 3743 3736 3795 τὸν

2192 3838 2319 3889 ἴδιον
2345 3837 2633 3889 ἐπίσκοπον
2658 3836 2987 3904 ὁτκληρικὸς,
3014 3838 3102 3886 καὶ
3130 3834 3362 3899 εὐλόγως
3387 3833 3482 3901 τὴν
3510 3834 3623 3900 μετ’
3641 3831 3738 3884 αὑ-

2188 3929 2280 3979 τοῦ
2311 3929 2596 3980 κοινωνίαν
2617 3925 2856 3997 ἐκκλίνῃ.
2893 3926 3180 3988 Ἀνάγνωθι
3209 3925 3300 3974 καὶ
3322 3923 3410 3975 τὸν
3437 3921 3516 3975 κθ¹
3541 3922 3740 3974 κανόνα.

2186 4020 2286 4083 τῆς
2315 4017 2528 4069 συνόδου
2557 4017 2778 4084 ταύτης,
2805 4018 2896 4069 καὶ
2919 4017 3013 4083 τῆς
3041 4017 3096 4064 ἐν
3126 4014 3416 4083 Ἀντιοχείᾳ
3447 4017 3642 4066 κανόνα
3668 4013 3731 4066 δ’.

2188 4109 2296 4176 Τὴν
2330 4109 2385 4159 δὲ
2423 4108 2558 4160 κατὰ
2589 4109 2678 4160 τοῦ
2719 4109 3013 4159 ἐπισκόπου
3054 4107 3257 4174 μέμψιν
3296 4106 3367 4172 μὴ
3403 4106 3559 4173 εἴπῃς
3595 4098 3732 4157 εἶναι
3825 4155 3828 4158 .

2187 4199 2245 4260 ἐξ
2279 4200 2665 4267 ἁμαρτήματος
2693 4199 2860 4266 ἢάπδ
2889 4200 3051 4264 ἄλλης
3081 4197 3365 4257 αἱτιάσεως
3399 4195 3731 4263 ἐγκληματιο

2187 4291 2319 4355 κῆς,
2351 4289 2480 4340 ἀλλᾶ
2510 4290 2615 4341 ἀπὸ
2641 4271 2971 4358 δογματικῆς
3001 4290 3031 4356 ἦ
3064 4290 3245 4340 ἀδίκου
3275 4288 3563 4355 διαγωγῆς.
3596 4285 3730 4338 Οὐδέ

2186 4379 2291 4447 γὰρ
2333 4379 2533 4444 ὀφείλει
2575 4381 2601 4430 ὁ
2639 4379 2894 4446 κληρικὺς
2938 4379 3043 4431 ἀπὺ
3083 4378 3175 4429 τοῦ
3225 4379 3520 4429 ἐπισκόπου
3563 4374 3727 4427 αὑτοῦ
3790 4418 3792 4421 .

2182 4470 2504 4537 χωρίζεσθαι
2543 4472 2647 4538 πρὸ
2687 4471 3002 4538 καταδίκης,
3042 4471 3088 4522 εἱ
3130 4469 3203 4538 μὴ
3245 4468 3531 4536 προφανῶς
3569 4468 3729 4519 αὑτὸν

2184 4557 2367 4623 βλέπει
2398 4549 2680 4610 ἀδικοῦντα
2707 4558 2738 4625 ἢ
2771 4558 3176 4625 ἐναντιούμενον
3204 4556 3281 4625 τῷ
3308 4556 3449 4624 ὀρθῷ
3476 4557 3724 4622 δόγματι.

2159 4643 2283 4697 ¹Τοῦ
2320 4647 2372 4697 δὲ
2411 4648 2799 4715 μητροπολίτου
2824 4647 3304 4712 ,Φιλιππουπόλεως
3334 4647 3423 4698 τοῦ
3461 4642 3722 4698 Ἰταλικοῦ

2178 4737 2381 4788 ἐκείνου
2413 4738 2761 4806 ἀφορίσαντος
2791 4737 2880 4788 τὸν
2913 4738 3038 4788 ἴδιον
3069 4737 3323 4804 κληρικὸν
3353 4738 3440 4787 τὸν
3469 4736 3722 4805 Καψορύ⁴

2181 4844 2316 4895 μην,
2355 4829 2506 4890 λόγος
2540 4830 2749 4892 ἐγένετο
2786 4827 2935 4896 παρᾶ
2968 4827 3042 4895 τῷ
3077 4829 3358 4894 ἁγιωτάτῳ
3395 4828 3584 4897 ἐκείνῳ
3618 4843 3726 4879 πα-

2180 4919 2408 4989 τριάρχῃ
2445 4919 2519 4986 τῷ
2557 4919 2869 4980 Μουζάλωνι
2911 4919 2980 4987 μὴ
3019 4919 3251 4985 ὀφείλειν
3287 4918 3473 4984 τοῦτον
3511 4935 3726 4987 συμπα-

2180 5009 2323 5067 θείας
2360 5009 2674 5074 άξιωθῆναι,
2704 5008 2778 5070 ὡς
2817 5011 2888 5077 μὴ
2927 5007 3283 5076 προσελθόντα
3316 5011 3454 5059 κατὰ
3474 5007 3561 5060 τὸν
3583 5027 3722 5078 παρ·
3761 5054 3766 5058 .

2177 5097 2300 5148 όντα
2341 5099 2536 5148 κανόνα
2580 5099 2686 5158 τοῖς
2726 5097 3115 5162 γειτνιάζουσιν
3179 5098 3492 5158 ἐπισκόποις
3530 5099 3624 5149 καὶ
3655 5101 3720 5168 τῇ

2180 5188 2315 5238 κατά
2340 5187 2516 5254 χώοαν
2541 5187 2734 5254 συνόδῳ
2757 5187 2913 5253 χάριν
2933 5185 3022 5237 τοῦ
3047 5184 3440 5253 καταλλαγῆναι
3463 5188 3725 5241 δι”αὐτῶν

1736 5318 1927 5378 Guill.
1973 5322 2295 5398 Beveregii
2333 5329 2516 5382 nolm.

599 5421 706 5494 ΟΞ)
740 5423 880 5474 Ἐάν
897 5441 984 5484 τις
1025 5428 1440 5494 πρεσϐύτερος.
1495 5433 1694 5486 Praeter
1728 5433 2065 5489 Balsamonis

528 5499 573 5568 τι
598 5490 816 5568 Zonara:
843 5490 1384 5568 interpretationes-in
1401 5490 1594 5554 rodice
1618 5504 2064 5568 Amerbachiano,

531 5559 1056 5635 ltoc‘etianrazéltov
1091 5561 1139 5612 in
1181 5578 1494 5635 praesentem
1524 5586 1782 5624 canonem
1817 5559 2064 5635 habetur,

532 5628 661 5704 μεῇ
703 5627 1170 5704 άναψηλαφήσίως
1199 5633 1391 5697 ψήφων
1440 5639 1747 5690 ἐπισκόπων
1780 5640 1933 5702 ζήτει
1965 5627 2063 5704 τῆς

532 5698 590 5751 ἐν
620 5695 910 5764 Ἀντιοχείᾳ
941 5697 1155 5749 συνόδου
1183 5695 1377 5752 κανόνα
1404 5712 1475 5765 τ’,
1502 5707 1598 5774 τῆς
1629 5711 1681 5757 ἐν
1703 5695 1932 5777 Σαρδίκῇ
1968 5695 2061 5762 κά-

2174 5443 2328 5502 νόνας
2356 5447 2423 5505 γ’,
2456 5441 2516 5500 δ’,
2551 5440 2630 5495 ιδ’.
2657 5442 2748 5492 καί
2767 5439 2996 5492 ἐνταῦθα
3024 5441 3111 5492 τὸν
3141 5441 3381 5510 παρόντα
3415 5448 3480 5494 ια’
3499 5444 3718 5508 κανόνα,

2171 5508 2249 5572 _De
2305 5510 2675 5560 sententiarum
2727 5510 3087 5577 episcoporum
3145 5508 3516 5579 retractatione
3544 5530 3717 5579 quivre

2169 5580 2352 5646 synodi
2381 5581 2710 5631 Antiochenw
2739 5594 2984 5630 canouem
3032 5579 3082 5640 6,
3109 5587 3156 5630 et
3181 5577 3510 5634 Sardfcenst's
3557 5577 3716 5636 cano-

2170 5662 2253 5699 ues
2284 5646 2335 5708 5,
2364 5650 2395 5700 .ι
2424 5659 2468 5698 et
2506 5650 2591 5710 M,
2619 5658 2663 5701 et
2689 5648 2757 5699 ibi
2780 5659 3078 5714 prmemcm
3116 5664 3359 5701 canonevn
3393 5652 3474 5703 ll.
