4018 6306
703 380 770 445 59
1927 382 2198 443 THEOD.
2243 332 2633 442 BALSAMON
3800 373 3877 434 60

705 491 842 555 fleri,
873 490 1082 544 videtur
1130 505 1366 560 praesens
1415 507 1584 546 canon
1611 494 1657 548 ei
1701 495 1992 557 adversarl,
2045 496 2215 550 decer'

2340 491 2684 558 καθαιρέσεις
2712 493 2820 547 τῶν
2870 494 3183 547 ἐπισκόπων
3232 495 3381 560 παρά
3436 491 3670 552 συνόδου,
3724 490 3883 542 δοκεῖ

704 596 835 635 nens
863 595 891 633 a
920 581 1207 634 duodecim
1247 583 1312 634 ad
1341 583 1518 637 minus
1549 585 1812 653 episcopis
1840 588 2142 655 episcopum
2180 590 2232 640 in

704 683 861 722 causa
896 669 1160 721 criuiinali
1227 670 1474 738 iudicari,
1530 674 1897 743 presbyterum
1959 692 1987 730 a
2033 692 2146 740 sex,
2183 687 2236 732 et

706 758 987 811 diaconum
1043 771 1070 809 a
1129 759 1319 812 tribus.
1374 760 1488 813 Non
1539 774 1770 827 pugnant
1800 773 1974 818 autem
2010 767 2147 819 inter
2177 782 2235 822 se

703 861 976 900 canones:
1009 847 1098 898 sed
1144 849 1491 902 Aullochenae
1549 853 1762 918 quidem
1828 855 2013 923 synodi
2062 870 2232 909 canon

702 935 816 988 lucc
869 934 1066 1002 judicia
1100 936 1254 987 aliter
1274 938 1645 991 constituenda
1679 942 1911 995 decrevit
1940 959 1953 995 :
1999 957 2233 1009 praesens

703 1029 875 1073 autem
925 1038 1112 1080 canon.
1142 1025 1230 1088 qui
1271 1025 1426 1093 longo
1481 1038 1595 1093 post
1645 1038 1881 1097 tempore
1934 1033 2101 1086 factus
2129 1045 2230 1097 est,

699 1111 811 1162 ha-c
860 1110 1059 1179 judicia
1121 1116 1328 1168 cautius
1386 1117 1496 1171 fieri
1551 1124 1754 1174 statuit.
1789 1122 2007 1176 Cautior
2051 1137 2229 1179 autent

695 1199 959 1267 legislatio
1007 1218 1110 1255 non
1161 1205 1363 1258 inducit
1413 1213 1840 1274 repugnantiam.
1875 1213 2023 1276 Quod
2056 1225 2229 1267 autem

695 1289 916 1353 majoris
967 1295 1268 1346 securitatis
1322 1297 1490 1360 gratia
1543 1297 1653 1352 lure
1699 1312 1850 1351 cauta
1900 1303 2029 1365 sint,
2073 1320 2135 1357 cx
2170 1320 2231 1358 eo

693 1377 1011 1442 declaratur,
1060 1385 1198 1449 quod
1244 1385 1417 1437 dicant
1471 1386 1675 1450 Patres,
1727 1389 1838 1442 hmc
1868 1399 1994 1446 tunc
2021 1395 2231 1448 demum

693 1466 831 1527 fierl,
861 1470 1073 1534 quando
1100 1481 1179 1523 est
1213 1473 1426 1526 diflicile
1465 1488 1520 1527 ut
1569 1477 1746 1542 plures
1773 1481 2007 1546 episcopi
2032 1497 2229 1535 conve-

691 1554 859 1607 niant.
915 1558 1063 1611 Tunc
1097 1561 1234 1612 cnim
1269 1577 1482 1616 necesse
1512 1575 1594 1616 est
1624 1565 1784 1636 526
1813 1567 1991 1634 plures
2021 1587 2231 1639 quoque

688 1644 968 1712 episcopos
1001 1662 1190 1702 causas
1216 1651 1517 1706 criminales
1549 1657 1752 1712 audire.
1784 1658 1909 1710 Illud
1934 1668 2132 1722 autem,
2165 1678 2232 1717 ne

688 1733 965 1802 episcopus
990 1738 1039 1790 in
1065 1741 1285 1792 crimine
1305 1742 1521 1806 luerent,
1543 1745 1744 1809 sic'est.
1773 1747 2225 1816 interpretandum
2260 1780 2301 1834 Β

687 1838 757 1877 ne
810 1826 932 1879 dum
995 1829 1185 1884 dubius
1243 1841 1327 1884 est
1378 1834 1656 1902 episcopus
1691 1875 1707 1899 ,
1777 1854 1804 1891 a
1878 1856 1975 1894 suo
2033 1845 2228 1911 populo

687 1924 1084 1980 contemnatur,
1125 1927 1180 1970 ut
1213 1921 1301 1987 qui
1355 1935 1636 1980 accusatus
1665 1936 1768 1982 est.
1810 1928 1872 1981 Et
1899 1932 1949 1985 in
1989 1932 2074 1987 his
2108 1935 2228 2001 qui-

689 2002 810 2057 dem
836 2007 1084 2061 consistit
1106 2025 1294 2063 canon.
1312 2012 1722 2082 lnterrogaverit
1741 2029 1913 2074 autem
1938 2024 2224 2090 quispiam,

691 2106 811 2145 cum
846 2108 1012 2147 canon
1047 2111 1330 2151 causarum
1365 2102 1536 2156 solum
1574 2108 1933 2164 criminalium
1966 2115 2229 2168 memine-

682 2181 775 2243 rit,
810 2197 874 2233 an
910 2184 998 2236 uni
1027 2188 1433 2252 metropolitano
1460 2194 1543 2245 vel
1603 2197 1851 2266 eplsmpo
1890 2204 2230 2267 permittatur

680 2273 989 2325 examinare
1008 2276 1335 2344 episcopum,
1371 2282 1448 2332 vel
1467 2288 1819 2350 sacerdotem,
1841 2289 1921 2342 vel
1944 2292 2224 2345 diaconum

682 2361 734 2412 in
769 2376 926 2416 causa
954 2365 1092 2417 civili
1120 2383 1181 2422 ex
1214 2381 1514 2436 contractu,
1547 2391 1664 2442 qua:
1695 2380 1965 2434 infamiam
2003 2386 2223 2452 irrogat,

679 2451 886 2505 scilicet
941 2455 1190 2522 depositi,
1239 2462 1318 2515 vel
1382 2468 1705 2521 commodati
1747 2487 1760 2522 :
1803 2472 2050 2526 similiter
2084 2485 2134 2526 et
2171 2475 2223 2528 in

679 2554 842 2596 causa
876 2561 992 2611 quae
1018 2563 1080 2600 ex
1107 2551 1300 2604 delicto
1334 2555 1525 2617 oritur,
1561 2559 1766 2614 scilicet
1803 2561 2017 2629 injuria,
2059 2565 2223 2631 furto,

678 2631 750 2691 vi,
804 2640 856 2685 et
900 2635 1183 2692 similibus.
1217 2640 1441 2698 Salutio.
1472 2647 1959 2718 Quinquagesimus
2004 2655 2223 2720 quintus

677 2732 849 2772 canon
900 2726 1246 2789 apostolicus,
1279 2740 1330 2782 et
1365 2737 1721 2801 octogesimus
1763 2750 1986 2806 quartus
2013 2743 2220 2808 julienl,

677 2818 730 2859 ut
765 2809 796 2860 ii
840 2811 1187 2877 deponantur,
1223 2819 1311 2884 qui
1350 2835 1522 2886 reges,
1549 2824 1831 2892 episcopos
1863 2839 1915 2881 et
1941 2832 2222 2898 magistra-

680 2907 765 2951 tus
797 2899 987 2966 injuria
1043 2903 1299 2960 amciunt.
1339 2909 1399 2961 Et
1447 2916 1681 2966 nonnulli
1714 2919 1923 2983 quidem
1959 2924 2025 2971 ad
2063 2921 2212 2984 ejus-

673 2990 815 3041 modi
852 2992 1072 3058 injurias
1133 3012 1330 3060 easque
1363 3001 1504 3055 solas
1527 3005 1912 3070 depositionem
1945 3011 2216 3076 rediguut.

2336 583 2710 637 ἐναντιοῦσθαι
2765 583 2969 653 αύτῷό
3024 584 3211 653 παρὼν
3269 584 3468 646 κανὼν,
3500 584 3880 650 διοριζόμενος

2336 674 2440 727 ὑπὸ
2470 674 2670 728 δώδεκα
2697 676 3007 728 ἐπισκόπων
3034 674 3096 726 τδ
3126 674 3403 740 ἐλάχιστον
3433 674 3710 740 κρίνεσθαι
3739 672 3869 723 ἐπί-

2337 780 2532 817 σκοπον
2583 766 2740 833 χάριν
2772 764 3175 831 ἐγκληματικῆς
3211 762 3536 823 ὑποθέσεως,
3593 761 3681 812 τὸν
3729 778 3874 825 πρε⁹

2337 851 2591 918 σὸύτερον
2622 852 2722 902 ὑπὸ
2749 851 2826 915 ἐξ,
2862 852 2955 902 καὶ
2989 852 3080 902 τὸν
3122 851 3364 902 διάκονον
3393 852 3492 902 ὑπὸ
3521 850 3705 918 τριῶν.
3735 850 3854 900 Οὔκ

2333 941 2702 992 ἐναντιοῦνται
2728 941 2783 992 δέ
2815 942 2861 991 ol
2885 941 3107 999 κανόνες
3129 955 3142 970 ·
3173 940 3286 991 ἀλλ’
3315 942 3343 990 ὁ
3373 942 3488 1007 μὲν,
3515 943 3610 1008 τῆς
3639 942 3696 991 ἐν
3743 940 3881 989 ’Λν-

2333 1032 2540 1100 τιοχείᾳ
2571 1031 2786 1098 δηλαδὴ,
2821 1031 2995 1092 ἄλλως
3024 1030 3124 1090 τὰς
3151 1031 3406 1092 τοιαύτας
3448 1032 3659 1096 κρίσεις
3699 1029 3879 1097 ὥρισε

2330 1120 2768 1173 διευλυτοῧσθαι·
2813 1124 2840 1172 ό
2867 1121 2924 1172 δὲ
2974 1121 3164 1188 παρὼν
3201 1119 3397 1182 κανὼν,
3433 1123 3571 1172 κατᾶ
3601 1121 3734 1172 πολὺ
3769 1138 3874 1186 με·

2333 1212 2719 1278 ταγενέστερος
2749 1210 2843 1270 ὢν,
2880 1211 3292 1279 ἀσφαλεστέρως
3318 1211 3413 1270 τάς
3461 1212 3710 1270 τοιαύτας
3747 1211 3875 1275 κρί-

2335 1315 2445 1356 σεις
2473 1298 2910 1365 παρεκελεύσατο
2938 1299 3204 1363 γίνεσθαι.
3238 1300 3343 1349 Καὶ
3391 1299 3488 1348 οὐκ
3537 1299 3682 1349 ἐστιν
3709 1300 3874 1348 ἐναν-

2331 1387 2568 1456 τίωσιςή
2626 1388 3006 1457 ἀσφαλεστέρα
3071 1389 3382 1456 νομοθεσία.
3416 1389 3535 1440 Ὀτι
3589 1388 3642 1440 δέ
3690 1389 3776 1439 διὰ
3808 1387 3875 1438 τὸ

2331 1476 2725 1544 ἀσφαλέστερον
2753 1477 2919 1528 ταῦτα
2982 1479 3395 1545 νενομοθέτηται
3426 1515 3439 1538 ,
3483 1479 3736 1542 δηλοῦται
3771 1477 3878 1529 καὶ

2331 1565 2437 1617 ἀπὸ
2469 1568 2560 1619 τοῦ
2587 1567 2764 1634 λέγειν
2798 1570 2923 1630 τοὺς
2959 1570 3209 1636 ιΙατέρας
3229 1568 3345 1619 τότε
3377 1567 3546 1619 ταῦτα
3598 1566 3877 1633 γίνεσθαι,

2331 1655 2419 1708 ὅτε
2461 1659 2532 1725 μή
2593 1659 2740 1711 ἐστιν
2771 1660 2988 1728 εὐχερὲς
3017 1659 3112 1710 καὶ
3163 1657 3414 1719 πλείονας
3445 1657 3714 1711 συνελθεῖν
3750 1659 3885 1708 ἐπι-

2333 1745 2582 1808 σκόπους.
2617 1748 2932 1815 Τηνικαῦτα
2959 1749 3066 1817 γὰρ
3087 1748 3378 1814 ἀναγκαῖόν
3408 1751 3518 1802 ἐστι
3573 1751 3665 1799 καὶ
3695 1747 3885 1798 πλείοι

2331 1850 2424 1896 νας
2455 1835 2783 1898 ἐπισκόπους
2813 1839 3114 1904 ἀκροᾶσθαι
3136 1838 3242 1889 τῶν
3288 1837 3702 1906 ἐγκληματικιῖΝ
3738 1838 3882 1890 ὑπο-

2331 1923 2556 1977 θέσεων.
2592 1926 2665 1976 Τὸ
2691 1926 2744 1978 δὲ
2781 1927 2855 1996 μὴ
2899 1928 3187 1996 ὑπομεῖναι
3239 1929 3329 1980 τὸν
3363 1929 3660 1980 ἐπίσκοπον
3705 1929 3762 1990 ἐν
3789 1926 3880 1994 τῷ

2328 2013 2631 2082 ἐγκλήματι
2676 2014 2846 2076 οὕτως
2899 2018 3274 2085 ἑρμηνευτέον,
3311 2017 3395 2070 ῖνσ
3433 2018 3526 2085 μὴ,
3568 2017 3884 2083 ἀμφίϐολος

2329 2103 2412 2155 ὣν
2450 2107 2479 2158 ὁ
2506 2105 2822 2169 ἐπίσκοπος,
2859 2109 3252 2174 καταφρονοῖτο
3285 2108 3388 2158 ὑπὸ
3443 2108 3533 2160 τοῦ
3567 2107 3658 2159 ὑπ’
3701 2107 3884 2158 αὑτὸν

2328 2195 2481 2254 λαου.
2519 2195 2592 2257 ὼς
2622 2196 2726 2247 ύπδ
2771 2200 3106 2265 κατηγορίαν
3153 2197 3246 2251 ῶν.
3277 2199 3385 2250 Καὶ
3415 2201 3484 2250 τὰ
3519 2199 3615 2266 μὲν
3646 2197 3738 2250 τοῦ
3766 2214 3881 2250 και

2327 2283 2474 2345 νόνος
2502 2285 2558 2336 ἐν
2583 2283 2811 2346 τούτοις.
2849 2287 3140 2354 Ἐρωτήσει
3174 2286 3229 2338 δέ
3255 2304 3359 2348 τις,
3389 2288 3458 2352 εί,
3513 2287 3607 2339 τού
3640 2286 3883 2346 κανόνος

2331 2372 2505 2440 μόνων
2532 2375 2697 2443 ἐγκλη
2711 2377 2952 2440 ματικῶν
2984 2377 3291 2428 ὑποθέσεων
3326 2377 3691 2446 μεμνημένου,
3719 2378 3882 2444 ἐφετ-

2326 2480 2418 2514 ται
2467 2467 2831 2536 μητροπολίτῃ
2916 2469 2995 2520 ἐνὶ
3049 2469 3080 2535 ἦ
3133 2469 3414 2532 ἐπισκόπῳ
3485 2471 3564 2522 ἐνὶ
3617 2469 3879 2530 δικάζειν

2325 2552 2620 2605 ἐπίσκοπον
2680 2556 2710 2623 ἢ
2762 2555 2907 2623 ἱερέα
2951 2556 2982 2626 ἢ
3022 2557 3266 2610 διάκονον
3311 2556 3482 2627 ’χάριν
3555 2559 3880 2620 ὑποθέσεως

2328 2643 2836 2712 συναλλαγματικῆς
2865 2646 3213 2714 ἀτιμοποιοῦ;
3247 2649 3412 2717 ήγουν
3447 2651 3581 2716 περὶ
3613 2651 3881 2720 παραθὴ-

2324 2747 2446 2798 κης.
2483 2733 2514 2800 ἢ
2544 2735 2668 2803 περὶ
2701 2734 3011 2805 κιχρήαεως
3041 2754 3054 2768 ⁸
3088 2739 3349 2801 ὡσαύτως
3374 2741 3466 2791 καὶ
3503 2740 3632 2807 περὶ
3659 2741 3834 2793 ὑποθέ
3855 2773 3877 2783 -

2325 2836 2459 2879 cato;
2492 2823 2547 2886 ἐξ
2573 2824 2971 2892 ἁμαρτήματος
3000 2828 3405 2898 ἀναφυομένης,
3440 2831 3606 2899 ήγουν
3636 2830 3879 2897 ὕϐρεως,

2321 2909 2542 2977 κλοπῆς,
2583 2911 2717 2979 βίας,
2771 2916 2862 2966 καὶ
2911 2915 3017 2966 τῶν
3049 2919 3265 2984 ομοίων.
3300 2921 3511 2983 Λύσις.
3547 2920 3609 2970 Ὀ
3639 2919 3709 2971 νε¹
3734 2923 3882 2972 ἁπο-

2322 2998 2562 3059 στολικὸς
2593 3001 2769 3051 κανὼν
2815 3005 2906 3054 καί
2951 3006 2976 3054 ὁ
3012 3004 3092 3056 πδ’
3126 3006 3497 3074 καθαιρεῖσθαι
3543 3009 3876 3074 διορίζονται

671 3075 797 3129 Mihi
839 3090 1014 3134 autem
1048 3084 1258 3137 videtur
1280 3102 1343 3140 ex
1372 3092 1517 3143 omni
1557 3095 1767 3146 actione
1792 3113 1910 3163 qua:
1943 3100 2213 3153 infamiam

2319 3089 2444 3149 τοὺς
2474 3089 2794 3156 ὑϐρίζοντας
2825 3092 3082 3160 βασιλεῖς,
3109 3098 3440 3156 ἐπισκόπους
3462 3101 3552 3149 καὶ
3573 3101 3875 3168 ἄρχοντας,

674 3167 899 3233 irrogat,
952 3175 1260 3238 pecuniaria
1305 3179 1512 3233 scilicet
1565 3191 1619 3235 et
1677 3186 1968 3252 criminali,
2009 3191 2073 3245 iis
2125 3197 2215 3261 qui

671 3267 795 3309 sunt
819 3261 1304 3317 sacratiinfamiam
1331 3267 1492 3328 inuri.
1531 3276 1824 3328 secundum
1862 3282 2215 3335 nniversalem

671 3357 722 3400 et
788 3349 1152 3405 indistinctam
1217 3356 1392 3424 legum
1426 3363 1887 3421 constitutionem.
1930 3371 2043 3423 Vidi
2073 3376 2214 3425 enim

669 3440 830 3490 etiam
866 3441 1059 3495 multos
1091 3457 1327 3500 sacratos
1378 3463 1591 3518 propter
1643 3453 1841 3507 furtum
1889 3463 2216 3528 synodaliter

669 3526 961 3589 tlepositos.
1014 3531 1068 3584 Si
1104 3544 1278 3585 autem
1332 3537 1743 3595 iiiterroaaverit
1773 3548 2063 3614 quispiam,
2089 3553 2214 3616 quid

669 3615 824 3668 debet
880 3619 990 3670 fleri
1049 3620 1371 3688 lectoribus;
1444 3629 1647 3694 audiet,
1707 3635 1847 3699 quod
1932 3639 2214 3694 vicesimus

667 3719 838 3758 canon
901 3715 1181 3772 prresentis
1240 3716 1426 3784 synodi
1471 3720 1707 3788 reliquus
1737 3725 1987 3788 clericos,
2020 3741 2213 3794 praeter

665 3798 1037 3866 presbyterum
1072 3803 1276 3856 scilicet
1315 3814 1366 3858 et
1399 3809 1703 3872 diaconum,
1731 3815 1924 3868 abnuo
1960 3818 2212 3887 episcopo

656 3884 980 3951 jndicaudos
1025 3907 1143 3945 esse
1206 3897 1418 3948 statuit.
1473 3895 1742 3954 Prmterea
1799 3905 2210 3972 iutcrrogaverit

663 3979 952 4044 quispiam,
990 3997 1108 4034 cum
1146 3999 1312 4036 canon
1348 3989 1638 4052 contineat,
1673 4002 1795 4044 tunc
1849 3997 1961 4048 ﬁeri
2014 4015 2040 4047 a
2075 4000 2208 4050 duo-

661 4067 832 4120 decim
865 4071 1128 4138 episcopis
1166 4083 1218 4127 ct
1249 4078 1378 4129 solis
1414 4081 1786 4149 episcoporum
1827 4086 2207 4154 depositioncs,

659 4161 874 4225 quando
899 4162 1008 4214 fieri
1040 4166 1256 4218 omnino
1279 4183 1384 4220 non
1420 4179 1590 4235 potest
1616 4181 1670 4224 ut
1695 4174 1842 4228 multi
1867 4181 2207 4245 conveniant;

659 4252 702 4300 si
745 4251 1018 4317 depositus
1050 4251 1210 4307 fuerit
1231 4256 1514 4323 episcopus
1546 4276 1573 4312 a
1609 4262 1887 4317 duodecim
1917 4269 2203 4337 episcopis,

657 4335 816 4402 idque
837 4352 955 4387 cum
994 4339 1062 4389 sit
1093 4339 1250 4395 facile
1281 4351 1336 4393 ut
1367 4346 1516 4397 multi
1549 4351 1906 4418 conveniant;
1945 4335 2201 4413 dissolve-

656 4436 748 4478 tur
817 4429 1074 4494 depositio
1147 4433 1365 4486 annon?
1433 4435 1659 4494 Salutio.
1719 4441 1906 4498 Dicunt
1984 4450 2197 4516 quidem

655 4517 892 4569 nonnulli
925 4519 1027 4572 hoc
1073 4525 1226 4573 modo
1259 4539 1359 4576 non
1396 4526 1650 4583 infirmari
1690 4536 2033 4591 sententiam.
2064 4539 2195 4595 Cum

653 4617 830 4657 autem
885 4605 1115 4664 Joannes
1173 4612 1258 4666 ille
1292 4617 1635 4672 Amathuntis
1663 4622 1944 4691 episcopus
1975 4643 2005 4681 a
2039 4629 2196 4697 Cypri

652 4697 1054 4764 archiepiscopo
1088 4699 1303 4758 domino
1332 4703 1541 4762 Joanne
1599 4708 1788 4766 fuisset
1819 4716 2114 4782 depositus,
2143 4731 2196 4774 et

652 4783 999 4852 depositionis
1049 4792 1276 4844 edictum
1332 4795 1384 4848 in
1432 4797 1678 4851 tribunali
1732 4803 2076 4870 imperatorio
2112 4808 2198 4861 le-

650 4883 793 4923 ctum
827 4886 988 4936 esset,
1021 4879 1269 4943 quoniam
1303 4882 1502 4937 inventi
1533 4897 1660 4940 sunt
1693 4892 1936 4944 undecim
1962 4895 2195 4965 episcopi

651 4971 705 5013 et
755 4966 1186 5034 archiepiscopus
1261 4972 1647 5035 depositionem
1723 4978 1960 5046 fecisse,
2013 4989 2199 5040 statuit

652 5053 1022 5110 sanetissimus
1081 5058 1168 5112 ille
1209 5063 1512 5127 patriarcha
1569 5067 1814 5123 dominus
1851 5070 2020 5126 Lucas
2072 5090 2191 5128 cum

654 5154 911 5205 praesente
965 5144 1054 5197 illa
1106 5150 1334 5217 synodo,
1367 5151 1496 5218 quin
1545 5162 1598 5204 et
1638 5155 1895 5208 assistens
1955 5171 2194 5224 senatus,

648 5245 769 5284 esse
797 5234 1059 5288 infirmam
1092 5247 1143 5289 et
1173 5240 1370 5295 nullius
1399 5245 1649 5298 momenti
1689 5248 2106 5316 depositionem;
2140 5264 2192 5306 et

648 5337 712 5374 ro
740 5325 877 5390 quod
909 5341 1012 5380 non
1053 5333 1497 5399 accersita'fuerit
1538 5337 1780 5390 universa
1818 5343 2054 5409 synodus
2088 5343 2193 5414 Cy-

651 5410 887 5475 priorum
941 5414 1213 5481 Ecclesiae,
1253 5431 1339 5473 aut
1399 5422 1585 5476 saltem
1649 5426 1818 5492 major
1883 5443 2006 5495 pars
2057 5432 2191 5496 ejus,

651 5519 771 5556 rum
833 5522 1022 5575 magna
1051 5521 1189 5564 esset
1217 5513 1336 5580 ejus
1377 5515 1628 5583 cogendre
1670 5517 1931 5583 facultas;
1969 5531 2021 5573 et
2050 5523 2193 5588 quod

649 5596 1086 5666 archiepiscopus
1123 5619 1226 5656 non
1274 5605 1409 5657 ultra
1445 5606 1726 5661 duodecim
1770 5609 2072 5677 episcopos,
2104 5612 2193 5664 sed

653 5704 753 5740 tutu
787 5707 902 5742 cum
935 5693 1034 5747 illis
1064 5707 1202 5750 esset
1236 5709 1678 5753 connumeratus.
1705 5698 1973 5757 Prteterca
2007 5713 2185 5757 autem

2324 3180 2434 3231 Καί
2472 3199 2615 3243 τινες
2644 3184 2725 3244 είς
2755 3185 2854 3246 τὰς
2899 3188 3155 3250 τοιαύτας
3188 3189 3377 3256 ὕϐρεις
3408 3192 3501 3242 καὶ
3555 3191 3719 3253 μόνας
3747 3210 3880 3244 στε-

2318 3272 2618 3339 νοχωροῦσι
2672 3276 3011 3345 καθαίρεσιν.
3059 3279 3211 3346 Ἐμοὶ
3264 3281 3320 3331 δὲ
3371 3281 3520 3332 δοκεῖ
3551 3284 3657 3334 ἀπὸ
3685 3285 3878 3354 πάσης

2317 3359 2638 3428 ἀτιμοποιοῦ
2663 3365 2908 3432 ἀγωγῆς,
2941 3369 3295 3436 χρηματικῆς
3323 3370 3523 3440 δηλαδὴ
3552 3373 3647 3424 καὶ
3676 3377 3881 3441 ἐγκλη-

2321 3451 2574 3518 ματικῆς,
2611 3453 2910 3520 ἐπάγεσθαι
2969 3459 3196 3523 ἀτιμίαν
3231 3461 3467 3523 καὶτοῖς
3524 3464 3876 3531 ίερωμένοις,

2319 3539 2459 3591 κατὰ
2486 3542 2583 3610 τὴν
2618 3545 2846 3597 καθόλου
2876 3547 2981 3596 τῶν
3010 3551 3190 3616 νόμων
3217 3551 3308 3602 καὶ
3335 3552 3678 3604 ἀδιάστικτον
3708 3573 3882 3622 νομο-

2317 3627 2521 3685 θεσίαν.
2566 3630 2716 3686 Εἶδον
2766 3636 2874 3704 γὰρ
2935 3639 3028 3690 καὶ
3081 3639 3309 3702 πολλοὺς
3383 3643 3714 3710 ίερωμένους
3760 3647 3881 3699 ἀπὸ

2314 3721 2518 3789 κλοπῆς
2564 3724 2987 3793 καθαιρεθέντας
3020 3729 3330 3790 συνοδικῶς.
3384 3731 3444 3782 Εί
3495 3732 3551 3782 δὲ
3597 3736 3874 3801 ἐρωτήσει

2311 3827 2415 3874 τις,
2452 3811 2504 3862 τί
2538 3812 2740 3879 ὀφείλει
2772 3813 3014 3878 γίνεσθαι
3039 3818 3119 3876 εἰς
3142 3817 3264 3878 τοὺς
3297 3817 3666 3885 ἀναγνώστας,
3697 3824 3830 3874 ἀκού
3851 3857 3874 3867 -

2315 3915 2398 3950 σει
2427 3901 2506 3951 ὃτι
2536 3903 2562 3952 ὁ
2595 3899 2639 3953 κ’
2675 3901 2852 3954 κανὼν
2891 3904 2987 3971 τῆς
3019 3907 3300 3972 παρούσης
3330 3908 3548 3959 συνόδου
3579 3911 3721 3978 παρὰ
3746 3913 3875 3974 ἐνὸς

2311 3987 2606 4041 ἐπισκόπου
2640 3992 2762 4053 τοὺς
2804 3991 3026 4053 λοιποὺς
3074 3993 3392 4063 κληρικοὺς,
3430 4000 3554 4059 τοὺς
3599 4001 3748 4068 παρὰ
3773 4003 3872 4055 τδν

2311 4081 2687 4148 πρεσϐύτερον
2728 4081 2925 4150 δηλαδὴ
2955 4085 3046 4135 καὶ
3079 4085 3172 4136 τὸν
3222 4087 3488 4148 διάκονον,
3544 4089 3869 4153 δικάζεσθαι

2307 4168 2618 4240 διορίζεται.
2655 4171 2780 4224 Ἔτι
2815 4175 3078 4243 ἐρωτήσει
3110 4192 3214 4240 τις,
3247 4177 3322 4240 ὡς
3369 4180 3460 4231 τοῦ
3497 4183 3719 4244 κανόνος
3748 4185 3870 4238 δια-

2308 4258 2676 4327 λαμϐάνοντος
2703 4263 2825 4314 τότε
2861 4263 3108 4328 γίνεσθαι
3143 4268 3291 4335 παρά
3315 4268 3519 4323 δώδεκα
3548 4273 3868 4325 ἐπισκόπων

2308 4351 2400 4402 καὶ
2443 4352 2618 4419 μόνων
2670 4352 2768 4414 τὰς
2813 4355 2920 4405 τῶν
2978 4356 3290 4408 ἐπισκόπων
3353 4361 3720 4426 καθαιρέσεις,
3771 4365 3863 4416 ὅτε

2310 4443 2522 4510 ἀνάγκη
2550 4444 2715 4511 πολλή
2749 4445 2860 4496 ἐστι
2895 4446 2966 4515 μὴ
2991 4448 3253 4500 δύνασθαι
3283 4451 3510 4513 πολλοὺς
3563 4455 3861 4519 συνελθεῖν,

2309 4533 2402 4582 ἐὰν
2436 4534 2730 4602 καθαιρεθῇ
2765 4536 3060 4597 ἐπίσκοπος
3091 4541 3242 4605 παρὰ
3277 4541 3483 4594 δώδεκα
3519 4545 3860 4608 ἐπισκόπων,

2301 4621 2589 4690 εὐχερείας
2621 4623 2789 4694 οῠσης
2823 4627 2917 4678 καὶ
2951 4628 3120 4679 ταῦτα
3158 4629 3383 4692 πολλοὺς
3418 4634 3706 4695 συνελθεῖν,
3748 4632 3861 4702 ἆρα

2301 4710 2586 4781 λυθήσεται
2613 4717 2643 4783 ή
2676 4717 2986 4786 καθαίρεσις
3016 4718 3046 4786 ἢ
3088 4717 3176 4784 ob;
3211 4722 3421 4785 Λύσις.
3451 4723 3602 4782 Τινὲς
3641 4726 3738 4787 μὲν
3767 4725 3856 4777 λέ-

2301 4814 2490 4862 γουσιν
2514 4803 2576 4854 ἐκ
2611 4804 2797 4854 τούτου
2852 4804 2945 4855 τοῦ
3003 4807 3202 4872 τρόπου
3246 4809 3320 4876 μὴ
3379 4810 3716 4877 ἀκυροῦσθαι
3759 4816 3860 4881 τὴν

2301 4891 2576 4959 ἀπόφασιν
2601 4910 2615 4922 ’
2645 4893 2738 4944 τοῦ
2769 4894 2823 4944 δὲ
2880 4895 3187 4948 ἐπισκόπου
3249 4896 3617 4965 Ἀμαθοῦντος
3651 4903 3858 4954 ἐκείνου

2311 4983 2556 5036 Ἰωάννου
2610 4982 3030 5050 καθαιρεθέντος
3086 4986 3190 5039 ὑπὸ
3261 4987 3352 5039 τοῦ
3425 4989 3853 5062 ἀρχιεπισκόπου

2299 5073 2526 5141 Κύπρου
2559 5073 2749 5139 κυρίου
2797 5073 3074 5134 Ἰωάννου,
3107 5077 3318 5128 καὶτοῦ
3344 5077 3720 5147 καθαιρετικοῦ
3755 5100 3852 5152 ση-

2303 5161 2615 5230 μειώματος
2644 5163 3092 5229 ἀναγνωσθέντος
3139 5166 3231 5217 ἐπὶ
3268 5166 3511 5235 βήματος
3546 5169 3850 5239 βασιλικοῦ,

2300 5253 2423 5302 ἐπεὶ
2455 5251 2712 5321 εὕρηνται
2743 5252 2933 5304 ἕνδεκα
2968 5255 3256 5308 ἐπίσκοποι
3295 5260 3385 5309 καὶ
3444 5259 3470 5311 ὁ
3505 5260 3852 5328 ἀρχιεπίσκοο

2299 5356 2398 5402 πος
2429 5341 2525 5408 τὴν
2558 5341 2873 5408 καθαίρεσιν
2907 5344 3284 5409 πεποιηκότες,
3316 5345 3506 5410 διέγνω
3555 5350 3579 5399 ό
3613 5349 3851 5414 ἁγιώτα-

2299 5446 2387 5491 τος
2422 5432 2628 5491 ἐκεῖνος
2686 5431 3030 5500 πατριάρχης
3089 5433 3275 5502 κύριος
3323 5436 3536 5498 Λουκᾶς
3589 5442 3725 5505 μετά
3749 5440 3847 5508 τῆς

2303 5522 2746 5588 παρουσιασάσης
2780 5523 3017 5586 συνόδου,
3045 5522 3177 5573 ἀλλὰ
3217 5522 3320 5592 μὴν
3350 5527 3442 5576 καὶ
3465 5527 3496 5591 ἡ
3523 5529 3846 5596 παρεστῶσα

2307 5609 2629 5678 σύγκλητος,
2654 5611 2857 5679 ἄκυρον
2888 5606 3027 5662 εἶναι
3075 5611 3172 5679 τήν
3220 5613 3557 5679 καθαίρεσιν,
3592 5617 3678 5668 διά
3699 5633 3755 5668 τε
3788 5621 3846 5670 τὸ

2311 5703 2383 5767 μὴ
2422 5701 2822 5768 μετακληθῆναι
2857 5704 2949 5765 τὴν
2984 5704 3157 5756 πᾶσαν
3193 5703 3402 5756 σύνοδον
3438 5707 3532 5768 τῆς
3579 5708 3683 5759 τῶν
3737 5710 3843 5762 Κυ-
