4018 6306
213 389 271 453 δῙ
1226 393 1304 453 ΙΝ
1328 393 1487 453 C.\N.
1517 391 1661 451 XIII
1693 390 1899 454 CONC.
1942 392 2315 453 CARTHAG.
3334 388 3405 451 63

213 499 381 568 πρίων
411 499 721 569 ἔκκλησίας,
753 501 785 571 ἢ
812 500 913 555 κᾶν
934 502 1029 570 τὴν
1064 501 1297 561 πλείονα,
1326 497 1627 567 εὐχερείας,
1665 498 1755 549 καὶ

1867 498 2153 567 allegarunt
2173 510 2227 553 et.
2249 516 2505 555 cauonem
2526 500 2598 553 20
2624 498 2901 569 praesentis
2920 500 3107 570 synodi
3132 508 3186 554 et
3212 499 3277 553 I4
3294 516 3308 564 ;
3328 510 3403 565 et,

215 590 379 643 ταῦτα
408 590 572 657 οὖα-ης
597 591 733 659 πρὸς
775 590 955 653 τοῦτο,
989 592 1082 643 καὶ
1112 590 1198 642 διὰ
1245 590 1306 641 τὸ
1354 589 1428 657 μὴ
1456 590 1545 639 τὸν
1572 589 1757 655 ἀρχιε-

218 678 484 730 πίσκοπον
518 680 776 731 ἐπέκεινα
800 674 935 732 εἶναι
961 679 1056 747 τῆς
1085 678 1380 740 δωδεκάδος
1400 677 1507 729 τῶν
1532 675 1754 727 ἐπισκό-

218 782 346 829 πων,
377 767 514 820 ἀλλὰ
541 770 716 839 ταύτῃ
747 769 934 822 τοῦτον
958 767 1381 835 συνυπάγεσθαι.
1428 767 1760 835 Ἐχρήσαντο

1864 590 2109 653 quamvis
2130 592 2394 645 dixissent
2423 590 2659 644 nonnulli
2688 589 2788 643 boc
2817 589 2885 643 de
2926 589 3054 645 solis
3077 588 3408 659 presbyteris

1863 685 1918 727 et
1964 676 2204 731 diaconis
2259 679 2460 732 dictum
2515 693 2653 742 esse,
2716 687 2897 732 tamen
2928 692 3033 731 non
3085 687 3208 732 sunt
3247 691 3410 732 exsu-

1864 764 1979 819 diti.

215 856 267 908 δὲ
298 859 435 925 πρὸς
454 858 610 911 τοῦτο
638 862 732 913 καὶ
759 861 836 928 τῷ
870 867 917 913 κ’
946 860 1128 912 κανόνι
1158 860 1256 925 τῆς
1288 857 1567 924 παρούσης
1597 852 1839 912 συνόδου.
1875 857 1971 907 καὶ
2003 857 2076 925 τῷ
2112 861 2189 913 ιδ’.
2226 862 2341 914 Κᾶν
2369 879 2512 924 τινες
2574 862 2631 915 δδ
2692 856 2845 915 εἶπον
2908 861 3028 915 τότε
3076 860 3155 923 είς
3219 861 3411 930 μόνους

218 952 612 1019 πρεσϐυτέρους
672 958 768 1006 καὶ
826 954 1101 1016 διακόνους
1155 952 1313 1004 τοῦτο
1357 948 1757 1019 ἑκφωνηθῆναι.
1796 944 2033 1002 ἀλλὀὐκ
2064 955 2512 1024 είσηκούσθησαν.

286 1043 527 1097 ΖΩΝΔΡ.
559 1046 623 1096 Οἱ
663 1046 949 1096 ἐπίσκοποι
984 1042 1448 1112 κατηγορούμενοι
1481 1038 1629 1106 παρά
1655 1035 1763 1085 τῶν

221 1136 427 1187 οέκείων
458 1137 691 1187 συνόδων
723 1135 1034 1204 ὡρίσθησαν
1062 1135 1361 1203 κρίνεσθαι.
1399 1133 1525 1183 Ἐάν
1554 1130 1609 1182 δὲ
1643 1131 1764 1180 ἐπι-

222 1228 415 1279 σκόπου
446 1229 538 1278 ἐπὶ
561 1227 865 1293 ἐγκλήματι
892 1226 1369 1293 κατηγορουμένου
1392 1224 1643 1291 δυσχερὲς
1674 1219 1760 1287 είη

220 1318 354 1369 πάνυ
381 1317 514 1384 ὃλην
548 1318 649 1384 τὴν
681 1316 899 1368 σύνοδον
926 1315 1220 1377 συνελθεῖν,
1246 1315 1278 1384 ἢ
1310 1315 1434 1374 τοὺς
1485 1311 1758 1373 πλείονας,

216 1407 433 1467 δώδεκα,
466 1410 619 1477 φησὶ,
647 1408 1032 1477 συνερχόμενοι
1051 1408 1339 1459 ἐπίσκοποι
1364 1401 1761 1467 ἔξεταζέτωσαν

217 1499 309 1566 τὴν
340 1476 625 1561 ὑπόθεσιν,
687 1476 898 1567 ἵναμὴ
938 1499 965 1550 ὁ
1020 1495 1413 1567 κατηγορηθεὶς
1469 1493 1762 1553 ἐπίσκοπος

218 1589 485 1656 ἁπομείντι
519 1590 576 1639 ὲν
602 1587 678 1656 τῷ
727 1587 1054 1656 ἐγκλήματι,
1086 1587 1361 1640 τουτέστιν
1397 1587 1485 1638 ῐνα
1521 1586 1618 1651 μὴ,
1651 1583 1761 1651 ἀμ-

218 1677 425 1741 φίϐολος
449 1677 547 1740 ὣν,
582 1679 976 1746 καταφρονοῖτο
1011 1678 1117 1731 ὑπὸ
1142 1677 1237 1729 τοῦ
1269 1677 1361 1729 ὑπ’
1392 1676 1554 1728 αὑτὸν
1604 1672 1758 1737 λαοῦ,

217 1767 283 1825 ὡς
307 1769 410 1818 ὑπὸ
443 1768 781 1835 κατηγορίαν
816 1766 911 1820 ὧν.
946 1767 1325 1836 Πρεσσυτέρου
1352 1765 1407 1817 δὲ
1444 1778 1759 1830 κατηγορηο

1936 1038 2186 1097 ΖΟΝΑΙι.
2223 1045 2531 1113 Episcopos,
2558 1045 2647 1112 qtti
2674 1052 3020 1105 accusantur.
3047 1058 3073 1095 a
3110 1059 3202 1097 sua
3224 1057 3412 1111 quem-

1863 1144 1969 1197 que
2028 1135 2227 1200 synodo
2253 1135 2480 1200 judicari
2515 1135 2792 1187 decretum
2816 1142 2919 1188 est.
2962 1132 3111 1199 Quod
3148 1134 3189 1186 si
3237 1134 3412 1186 delato

1863 1222 2158 1288 cujuspiam
2185 1226 2416 1291 episcopi
2456 1227 2696 1285 nomine.
2731 1234 2821 1277 aut
2854 1240 3039 1277 omnes
3062 1224 3126 1274 ad
3150 1224 3407 1291 synodum

1865 1323 1954 1364 aut
1984 1313 2161 1379 plures
2213 1325 2358 1368 certe
2415 1316 2704 1369 convenire
2735 1315 3020 1368 admodum
3079 1313 3288 1366 diiIicile
3317 1315 3409 1376 sit,

1865 1403 2171 1468 duodecim,
2216 1407 2412 1473 inquit,
2447 1407 2679 1475 episcopi
2714 1416 2927 1473 coeant,
2960 1414 3014 1459 et
3045 1420 3259 1459 causam
3296 1395 3414 1470 (ιιιὲ

1866 1493 1919 1547 in
1968 1494 2228 1562 judicium
2277 1496 2517 1549 defertur
2575 1497 2903 1558 examineut,
2966 1509 3034 1548 ne
3080 1495 3131 1547 In
3192 1494 3416 1547 crimine

1866 1595 2149 1639 accusatus
2170 1586 2455 1654 episcopus
2480 1588 2700 1648 haereat.
2725 1588 2774 1641 id
2803 1596 2902 1647 est.
2930 1584 3138 1639 nedum
3169 1584 3414 1651 ambigua

1864 1672 1981 1743 ejus
2015 1676 2322 1730 innocentia
2357 1686 2460 1741 est,
2495 1686 2750 1745 tanquam
2786 1674 3116 1729 accusationi
3149 1674 3412 1727 obnoxius

1867 1782 1894 1819 a
1929 1769 2124 1835 populo
2172 1771 2256 1822 cui
2304 1779 2495 1838 prmest
2531 1770 2882 1838 despiciatur.
2934 1766 3255 1837 Presbytero
3282 1778 3413 1815 vero

220 1856 369 1923 μένου
403 1855 464 1919 ἒξ
490 1858 780 1909 ἐπίσκοποι
808 1857 1023 1909 δικάσαι
1055 1857 1372 1925 ἀρκέσουσι.
1406 1851 1678 1904 Διακόνων
1702 1849 1759 1903 δὲ

1867 1859 1915 1912 in
1948 1860 2205 1927 judicium
2239 1873 2428 1915 vocato
2469 1877 2561 1916 sex
2586 1860 2824 1929 episcOpi
2880 1857 3141 1925 judicium
3197 1853 3405 1909 satisfa-

218 1952 288 2009 είς
318 1948 567 2011 ἐξέτασιν
612 1949 805 2015 ὁμοίαν
828 1948 992 2017 τριῶν
1042 1947 1355 1999 ἐπισκόπων
1402 1942 1559 2010 ἱκανὴ
1604 1940 1759 1992 ἔσται

216 2038 523 2105 διάγνωσις.
559 2037 747 2091 Ἐοικε
777 2039 833 2095 δὲ
885 2041 911 2091 ὁ
940 2036 1120 2090 κανὼν
1174 2029 1325 2097 οὗτος
1384 2031 1760 2089 ἐναντιοῦσθαι

216 2131 286 2197 τῷ
313 2129 356 2181 δ’
376 2128 567 2180 κανόνι
595 2110 697 2197 τῆς
725 2130 783 2181 ἰν
821 2127 1119 2199 Ἀντιοχείᾳ
1141 2125 1357 2179 συνόδου
1382 2140 1394 2155 ·
1423 2123 1483 2184 δς
1504 2123 1629 2184 τοὺς
1664 2121 1761 2191 μὲν

218 2221 545 2281 ιπισκόπους
572 2220 676 2273 ύπδ
709 2218 940 2271 συνόδων
963 2217 1342 2284 καθαιρεῖσθαί
1375 2233 1530 2285 φησι,
1555 2215 1682 2276 τοὺς
1706 2214 1763 2267 ὁὶ

219 2311 619 2377 πρεσϐυτέρους
647 2309 739 2362 καὶ
766 2308 1050 2369 διακόνους
1075 2307 1181 2360 ὑπὸ
1210 2307 1320 2359 τῶν
1356 2307 1500 2358 ίδίων
1538 2303 1763 2356 ἐπισκό-

219 2417 346 2452 πων.
380 2401 546 2454 Εῖποι
574 2400 631 2452 δέ
660 2417 743 2462 τις
779 2399 1131 2466 συμϐισάζων
1153 2399 1280 2461 τοὺς
1301 2398 1575 2457 τοιούτους
1602 2392 1765 2447 κανόσ-

220 2508 307 2551 νας
338 2492 419 2543 δτι
450 2491 480 2543 ὁ
514 2491 612 2558 μὲν
634 2490 736 2559 τῆς
763 2492 821 2542 ιν
856 2490 1154 2559 Ἀντιοχείᾳ
1182 2488 1360 2542 κανὼν
1385 2488 1482 2549 τὰς
1510 2486 1764 2555 ζητήσεις

220 2578 318 2630 τῶν
345 2580 699 2648 κατηγοριῶν
732 2581 841 2632 τῶν
863 2580 1002 2633 κατά
1036 2566 1421 2648 πρεσϐυτέρων
1463 2579 1555 2629 καὶ
1579 2575 1763 2629 διακό-

221 2688 317 2723 νων
348 2672 405 2735 ἐξ
434 2670 615 2739 ἀρχῆς
640 2670 719 2739 τῷ
768 2670 1061 2740 ἀπισκόπῳ
1108 2668 1357 2733 ἀνέθετο,
1408 2666 1648 2734 κάκείνῳ
1679 2663 1766 2718 δέ·

219 2764 347 2812 ὸωκε
382 2759 725 2828 ψηφίζεσθαι
760 2760 892 2829 περὶ
943 2759 1121 2812 αὐτῶν
1144 2776 1159 2789 ·
1191 2762 1219 2812 ό
1245 2760 1301 2811 δὲ
1336 2755 1523 2827 παρὼν
1559 2754 1763 2816 κανὼν,

224 2854 267 2902 εί
294 2854 319 2902 ό
347 2850 777 2911 καταδικασθεὶς
810 2852 915 2902 ὑπὸ
944 2851 1037 2903 τοῦ
1073 2850 1205 2902 ίδίου
1235 2849 1540 2901 ἑπισκόπου
1596 2848 1766 2899 οτεται

221 2940 539 3003 ἀδικεῖσθαι,
572 2942 664 2993 ἐπὶ
701 2941 1071 3011 πρεσϐυτέρου
1119 2938 1301 3007 μὶν-ἓξ
1329 2938 1662 2997 ἐπισκόπους
1687 2933 1766 2986 δίη

221 3029 338 3084 ἔωσι
368 3031 766 3101 διαγνώμονας,
789 3016 879 3085 δέτι
899 3032 954 3083 δὲ
983 3031 1438 3109 διακόνουςιτρεῖς.

221 3206 428 3262 ΔῼΡῘΣΤ.
496 3222 517 3259 ι
566 3206 895 3261 "Extexam
930 3204 1287 3274 ἐγκληθέντα,
1322 3203 1418 3258 ὶάν
1470 3202 1544 3272 μὴ
1586 3199 1765 3256 τελεία

289 3320 307 3353 ι
346 3302 586 3362 σύνοδος,
612 3301 746 3361 τέως
785 3300 991 3352 δώδεκα
1040 3296 1395 3365 ἐπιτηροῦσιν
1434 3295 1724 3348 ἐπίσκοποι
1747 3311 1765 3327 ο

286 3409 305 3443 ι
342 3392 437 3443 καὶ
468 3389 837 3458 πρεσϐύτερον
869 3388 947 3451 ἐξ,
980 3388 1072 3440 καὶ
1101 3390 1128 3439 ὁ
1150 3387 1281 3447 ἴδιος
1307 3402 1321 3417 ο
1374 3384 1469 3437 καὶ
1516 3384 1765 3437 διάκονον

287 3500 305 3531 ι
346 3482 523 3544 τρεῖς.
570 3497 588 3529 ι

284 3571 383 3625 τὸν
433 3572 917 3638 κατηγορούμενον
960 3568 1255 3618 ἐπίσκοπον
1287 3565 1405 3618 δέον
1449 3567 1554 3617 ὕπο
1583 3562 1764 3629 πάσης

227 3662 499 3731 κρίνεσθαι
544 3661 643 3727 τῆς
682 3658 938 3711 oux/6800'
970 3659 1016 3709 εί
1046 3657 1100 3708 δὲ
1133 3656 1341 3716 πάντας
1390 3656 1450 3706 οὐ
1497 3654 1768 3705 συνελθεῖν

224 3753 462 3813 δυνατὸν,
521 3750 669 3819 παρὰ
729 3747 934 3801 δώδεκα
984 3748 1045 3798 τὸ
1098 3745 1379 3813 ἐλάχιστον
1453 3744 1767 3796 ἐπισκόπων

225 3841 491 3909 κρίνεσθαι
519 3856 533 3869 ·
579 3840 671 3890 τὸν
721 3838 779 3891 δὲ
819 3837 1191 3907 πρεσϐύτερον
1248 3835 1397 3903 παρά
1444 3834 1524 3898 ἓξ,
1550 3836 1765 3885 καὶτὸν

226 3932 449 3983 διάκονον
476 3927 633 3997 παρά
651 3926 817 3995 τριῶν
841 3940 859 3957 ο
890 3926 1197 3993 ὀφείλοντος
1245 3926 1501 3978 ἐπέκεινα
1533 3926 1627 3976 καὶ
1671 3922 1766 3975 τοῦ

227 4015 341 4071 ιδεου
372 4019 487 4071 τῶν
515 4018 1000 4084 κατηγορουμένων
1026 4015 1323 4068 ἐπισκόπου
1370 4016 1761 4085 συμπαρεῖναι,

223 4109 306 4159 καὶ
334 4105 710 4173 στένεξετάζειν
732 4107 827 4168 τὰς
854 4104 977 4158 κατ’
1005 4106 1182 4158 αὐτῶν
1209 4106 1495 4167 αίτιάσεις.

753 4195 990 4250 ΚΔΝΩΝ
1040 4193 1138 4248 II".

230 4304 245 4335 ι
287 4288 415 4354 Περὶ
438 4286 538 4340 τοῦ
574 4288 648 4357 μὴ
679 4286 876 4350 ἰξεῖναι
906 4288 1201 4339 ἐπίσκοπον
1232 4288 1278 4339 εί
1309 4287 1381 4356 μὴ
1411 4287 1515 4340 ὑπὸ
1552 4286 1767 4339 πολλῶν

284 4395 304 4427 ι
340 4379 766 4447 χειροτονεῖσθαι
788 4393 802 4408 °
841 4378 888 4430 εί
916 4378 971 4431 δὲ
1003 4378 1213 4447 ἀνάγκη
1251 4379 1498 4449 γένηται,
1529 4380 1621 4430 καὶ
1664 4377 1768 4430 ὑπὸ

1865 1951 2029 2006 cient.
2065 1953 2252 2006 Trium
2290 1968 2451 2023 porro
2480 1956 2859 2022 episcoporum
2906 1949 3140 2018 cognitio
3181 1946 3409 1999 diacono

1864 2055 2079 2097 causam
2106 2044 2299 2097 dicenti
2335 2043 2576 2096 sumciet.
2606 2041 2837 2095 Videtur
2877 2049 3051 2092 autem
3104 2036 3190 2089 hic
3236 2048 3406 2088 canon

1866 2142 2060 2199 quarto
2115 2134 2462 2186 Antioclteua:
2492 2132 2681 2203 synodi
2718 2130 2910 2185 canoni
2968 2139 3285 2193 repugnare.
3318 2123 3409 2176 Ille

1865 2223 2132 2291 siquidem
2169 2223 2480 2291 episcopum
2530 2236 2558 2273 a
2610 2219 2852 2290 synodo,
2895 2215 3239 2285 presbyteros
3292 2223 3417 2261 vero

1865 2322 1920 2366 et
1947 2313 2197 2366 diaconos
2230 2327 2256 2363 a
2288 2326 2387 2365 suo
2414 2326 2679 2379 quemque
2706 2308 2958 2377 episeopo
2996 2302 3193 2372 deponi
3222 2300 3416 2354 debere

1867 2387 2118 2454 afﬁrmat.
2172 2397 2473 2468 Utrumque
2542 2407 2718 2452 tamen
2774 2397 2876 2450 hoc
2935 2403 3093 2463 pacto
3148 2390 3413 2459 quispiam

1866 2490 2175 2544 conciliabit
2200 2504 2217 2555 ;
2258 2490 2723 2543 ntAntiocltenum
2746 2500 3008 2540 canonem
3041 2498 3160 2551 quae
3187 2480 3415 2534 crimina

1867 2582 2198 2652 presbyteris
2231 2590 2323 2635 aut
2357 2581 2597 2635 diaconis
2640 2579 2989 2649 objiciuntur.
3014 2590 3201 2631 eorum
3230 2571 3417 2625 crimi-

1869 2689 1994 2728 num
2027 2673 2354 2742 qumstiones
2404 2672 2580 2741 primo
2636 2671 2702 2723 ad
2755 2669 3063 2737 episcopum
3121 2663 3415 2733 pertinere,

1869 2764 2041 2833 deque
2071 2765 2137 2817 iis
2164 2762 2431 2817 statuendi
2459 2776 2622 2829 penes
2653 2760 2804 2814 illum
2830 2758 3141 2812 facultatem
3165 2767 3283 2808 esse
3322 2765 3417 2805 vo-

1872 2856 2081 2910 luisse:
2112 2855 2273 2923 hujus
2308 2868 2436 2907 vero
2476 2854 2696 2908 canonis
2738 2849 3145 2912 constitutione,
3194 2846 3236 2897 si
3298 2843 3417 2911 quis

1872 2942 2077 3009 injuste
2126 2957 2185 2996 se
2236 2943 2302 2995 ab
2360 2942 2614 3009 episcopo
2643 2955 2742 2993 suo
2774 2942 3085 2991 damnatum
3127 2943 3417 3003 qumratur,

1871 3030 2184 3101 presbytero
2214 3030 2428 3097 quidem
2454 3045 2568 3092 sex,
2594 3031 2819 3082 diacono
2846 3043 2975 3082 vero
3007 3039 3116 3081 tres
3137 3025 3418 3094 episcOpos

1874 3136 2047 3175 ransze
2080 3122 2381 3186 cognitores
2409 3120 2701 3188 prmﬂnitos
2730 3134 2847 3173 csse
2873 3117 3138 3172 defendat.

2063 3209 2282 3266 ARIST.
2318 3230 2336 3261 ι
2378 3211 2699 3277 Episcopum
2728 3212 2776 3261 itt
2808 3226 2892 3274 )lls
2931 3218 3200 3267 vocatum,
3239 3206 3283 3259 si
3313 3220 3416 3257 non

1948 3321 1965 3353 ι
1996 3304 2063 3357 sit
2096 3301 2328 3370 perfecta
2378 3300 2632 3370 synodus,
2665 3299 2943 3351 duodecim
2976 3297 3252 3349 minimum
3306 3296 3418 3361 epi—

1944 3412 1963 3445 ι
1995 3394 2139 3461 sc0pi
2168 3393 2487 3457 observant;
2537 3402 2590 3443 et
2631 3389 3015 3457 presbytcrmu,
3075 3402 3169 3439 sex
3204 3393 3253 3439 et
3293 3400 3418 3453 pro-

1944 3504 1961 3535 ε
2003 3485 2182 3551 prius;
2215 3492 2266 3536 et
2300 3482 2605 3544 diaconum,
2639 3490 2767 3533 tres.
2793 3498 2811 3531 ι

1938 3573 2260 3642 EpiscOpum
2294 3574 2381 3640 qui
2414 3580 2697 3625 accusatur
2725 3584 2751 3621 a
2786 3578 2894 3623 tota
2943 3568 3169 3637 judicari
3215 3566 3417 3636 synodo

1868 3672 2125 3730 oportet:
2155 3666 2197 3717 si
2229 3678 2413 3717 omnes
2443 3672 2619 3715 autem
2660 3660 2951 3714 convenire
2979 3674 3080 3711 non
3107 3667 3186 3711 est
3240 3657 3412 3725 possi-

1868 3750 1994 3813 bile,
2048 3764 2077 3802 α
2138 3749 2414 3802 duodecim
2489 3748 2767 3800 minimum
2828 3746 3093 3812 epierpis
3138 3745 3416 3811 judicari;

1867 3836 2236 3903 presbyterum
2270 3845 2445 3888 autem
2481 3850 2511 3887 a
2560 3851 2676 3897 sex,
2716 3843 2769 3888 et
2796 3835 3077 3888 diaconum
3120 3846 3148 3885 a
3198 3834 3367 3885 tribus
3402 3851 3415 3884 :

1867 3934 1921 3979 et
1954 3926 2199 3993 proprius
2229 3926 2447 3991 insuper
2470 3935 2842 3977 accusatorum
2889 3926 3170 3990 episcopus
3220 3923 3413 3975 ibidem

1872 4016 2059 4069 adesse
2085 4016 2261 4079 debet,
2291 4023 2343 4068 et
2395 4015 2762 4067 accusationes
2810 4023 2992 4066 contra
3028 4026 3120 4065 eos
3162 4013 3298 4065 latas
3339 4012 3417 4065 si-

1872 4104 1983 4157 ntui
2011 4106 2339 4159 examinare.

2456 4285 2682 4342 CANON
2712 4285 2848 4341 XIII.

1876 4391 1895 4425 ι
1930 4372 2083 4440 Quod
2115 4390 2218 4429 non
2277 4376 2401 4430 licet
2455 4377 2759 4444 episcOpum
2804 4377 2906 4431 nisi
2948 4393 2975 4429 a
3034 4377 3212 4431 multis
3247 4375 3419 4445 eligi:

288 4486 307 4517 ι
345 4468 514 4533 τριῶν
572 4470 600 4520 ό
654 4468 951 4530 ἐπίσκοπος
1016 4469 1445 4539 χειροτονηθείη.
1502 4468 1762 4537 Αὐρήλιος

1948 4485 1967 4518 ι
2004 4466 2087 4520 sin
2121 4477 2297 4520 autem
2342 4482 2561 4522 necesse
2595 4469 2686 4532 sit,
2748 4469 2911 4521 etiam
2951 4469 3032 4521 vel
3064 4483 3090 4520 a
3127 4468 3293 4520 tribus
3321 4466 3453 4519 eli-‘

290 4576 308 4608 ι
353 4558 652 4618 ὶπίσκοπος
690 4553 809 4609 εἷπε
832 4572 847 4587 ·
893 4558 955 4608 Τί
996 4560 1131 4628 προς
1167 4558 1339 4611 ταῦτα
1382 4558 1529 4625 λέγει
1564 4558 1595 4625 ἡ
1630 4559 1767 4624 ὑμεο

292 4668 309 4695 ι
349 4648 488 4715 τέρα
522 4646 835 4715 ἁγιωσύνης
874 4648 1007 4701 Ἀπὸ
1059 4650 1273 4701 πάντων
1309 4649 1417 4700 τῶν
1458 4650 1771 4701 ἐπισκόπων

290 4757 306 4785 ι
344 4737 577 4805 ἐλέχθηο
610 4735 844 4803 Ὀερείλει
888 4738 1018 4807 παρ’
1048 4738 1205 4806 ήμῶν
1240 4739 1305 4789 τά
1334 4737 1622 4805 ὁρισθέντα
1668 4737 1772 4789 ὑπὸ

296 4846 310 4875 ι
352 4821 590 4894 τῶν⁹πρδ
614 4827 768 4894 ἡμῶν
800 4827 1157 4896 φυλαχθῆναι
1186 4820 1427 4879 ὧντινων
1473 4826 1548 4888 ὼς
1580 4827 1769 4893 ἔτυχεν

294 4934 311 4967 ι
350 4918 671 4985 ἀϐουλήτως
739 4917 789 4969 oi
833 4920 1219 4985 ’πρωτεύοντες
1278 4916 1376 4984 τῆς
1433 4917 1771 4985 οἱασδήτινος

290 5023 307 5055 ι
346 5007 615 5074 ἐπαρχίας
660 5005 721 5058 οὐ
767 5006 1145 5074 κατατολμῶσι
1170 5006 1415 5075 ἀμελεῖν.
1446 5007 1635 5059 Πολλοὶ
1678 5006 1771 5058 οὖν

294 5111 313 5143 ι
351 5096 640 5147 ἐπίσκοποι
703 5094 1063 5163 συναχθέντες
1114 5096 1413 5149 ἐπίσκοπον
1464 5097 1772 5166 χειροτονή-

297 5202 312 5231 ι
353 5202 536 5239 σουσιν
563 5201 575 5213 ·
610 5188 659 5239 εί
686 5185 741 5238 δὲ
771 5187 984 5253 ἀνάγκη
1014 5186 1424 5255 γένηται,τρεῖς
1459 5188 1768 5245 ἐπίσκοποι,

300 5293 317 5323 ι
354 5277 409 5326 ἑν
432 5275 729 5344 οίῳδήποτε
755 5274 822 5329 ἀν
850 5277 998 5343 τόπῳ
1025 5270 1147 5339 ὦσι,
1175 5276 1253 5346 τῷ
1278 5276 1372 5329 τοῦ
1408 5277 1772 5345 πρωτεύοντος

298 5383 314 5411 ι
354 5367 770 5435 παραγγέλματι
801 5368 1272 5436 χειροτονήσουσιν
1305 5368 1398 5420 τὸν
1444 5369 1763 5421 ἐπίσκοπον.

292 5472 308 5500 ι
346 5454 451 5506 Καὶ
477 5456 569 5508 ὲάν
593 5473 671 5515 τις
707 5454 764 5506 εν
789 5472 895 5508 τινι
924 5456 1216 5525 ἐναντιωθῇ
1244 5459 1309 5525 τῇ
1357 5456 1463 5526 ίδίᾳ
1507 5458 1768 5524 ὁμολογίᾳ

298 5562 311 5589 ι
347 5542 470 5612 ῆτῇ
503 5545 812 5615 ὑπογραφῇ,
842 5547 999 5610 αὐτὸς
1040 5547 1228 5601 ἑαυτὸν
1271 5548 1631 5618 ἀποστερήσει
1674 5548 1771 5615 τῆς

298 5644 314 5673 ι
354 5644 525 5697 τιμης.
557 5647 574 5678 ι

298 5714 481 5771 ΒᾹᾹΣ.
512 5720 853 5791 Χειροτονίαν
910 5723 1140 5778 ἐνταῦθα
1195 5724 1269 5794 μή
1298 5724 1393 5794 τὴν
1424 5725 1764 5796 χειροθεσίαν

1953 4576 1972 4607 ι
2013 4566 2170 4626 gatur
2226 4558 2531 4623 episcopus.
2601 4560 2846 4613 Aurelius
2905 4558 3186 4627 episcopus
3247 4557 3417 4611 dixit:

1950 4666 1967 4697 ε
2006 4647 2141 4712 Quid
2169 4648 2234 4701 ad
2264 4649 2379 4702 Itmc
2407 4649 2536 4702 dicit
2572 4658 2745 4702 vestra
2788 4648 3094 4702 sanctitas?
3134 4650 3216 4702 Ab
3249 4648 3422 4701 omni-

1945 4756 1964 4787 ι
2004 4738 2099 4791 IIIIS
2142 4737 2404 4805 episcopis
2462 4739 2662 4792 dictum
2712 4747 2795 4793 est
2844 4755 2858 4791 :
2902 4738 3156 4793 Veterum
3222 4746 3420 4792 statuta

1948 4848 1966 4879 ι
2002 4829 2198 4883 debent
2226 4844 2254 4881 a
2288 4828 2445 4882 nobis
2497 4830 2699 4886 servari
2727 4846 2740 4882 :
2773 4844 2891 4898 qua:
2939 4831 3151 4898 quidem
3215 4838 3415 4883 temere

1949 4937 1969 4969 ι
2006 4928 2059 4971 et
2114 4918 2430 4983 inconsulte,
2480 4921 2571 4988 qui
2619 4918 2670 4972 in
2701 4918 2889 4986 quavis
2918 4919 3188 4988 provincia
3222 4919 3421 4986 prima-

1949 5028 1968 5061 ι
2002 5020 2108 5063 tum
2170 5010 2432 5070 obtinent,
2491 5024 2600 5063 non
2658 5008 2857 5063 audent
2917 5008 3418 5078 negligere.[Mnlti

1950 5118 1969 5150 ι
2003 5112 2131 5167 epgo
2185 5100 2487 5167 congregati
2564 5099 2797 5167 episcopi
2845 5099 3152 5167 episc0pum
3204 5100 3418 5167 eligent.

1948 5211 1966 5241 ι
2006 5191 2097 5245 Sin
2128 5189 2630 5244 autem‘neeessitas
2692 5190 2988 5251 incumbat,
3023 5198 3133 5244 tres
3161 5190 3417 5258 episcopi,

1948 5301 1969 5333 s
2007 5282 2058 5334 in
2130 5296 2451 5350 quocunque
2524 5280 2641 5333 loco
2703 5280 2923 5342 fuerint,
2978 5282 3221 5349 primatis
3266 5282 3415 5349 jussu

1950 5390 1968 5421 ι
2008 5371 2206 5439 eligent
2246 5372 2579 5437 episcopum.
2602 5367 2667 5421 Et
2694 5370 2740 5424 si
2772 5370 2889 5437 quis
2931 5371 2981 5421 in
3017 5369 3194 5437 aliquo
3226 5383 3411 5423 contra

1949 5480 1967 5511 ι
2004 5462 2270 5529 prapriart
2312 5460 2704 5515 confessionem
2731 5460 2811 5514 vel
2844 5461 3291 5528 subscriptionem
3341 5462 3417 5515 fe-

1953 5573 1968 5602 ι
2005 5554 2157 5616 cerit,
2187 5550 2299 5621 ipse
2334 5551 2565 5620 seipsum
2600 5550 2803 5605 honore
2830 5551 3079 5620 privabit.

1944 5727 2133 5783 BALS.
2160 5729 2505 5796 Χειροτονιαν
2533 5742 2631 5783 ttoc
2669 5745 2721 5783 Ill
2756 5742 2894 5793 IOCO,
2930 5744 3029 5783 non
3084 5740 3178 5796 pro
3232 5742 3413 5797 χειρο-
