4018 6306
612 367 678 427 63
1701 429 1708 435 .
1833 371 2099 430 TIIEOD.
2147 371 2541 434 BALSA‘MON

3695 363 3767 424 64

609 474 782 544 θεσνᾳ,
811 477 862 528 id
899 487 996 534 est,
1048 493 1296 532 manuum
1326 481 1658 548 impositione
1692 491 1742 532 et
1780 484 2132 544 ordinatione,

2235 485 2324 535 ml.
2363 484 2691 552 καθιέρωσιν
2738 472 2966 553 νοήσεις,
3008 482 3139 537 ἀλλὰ
3187 481 3282 553 τήν
3316 481 3512 550 ψῆφον.
3544 478 3664 530 Ὀτι
3708 491 3774 528 τι

609 577 702 613 seu
755 570 1151 621 consecratione
1205 571 1553 640 intellexeris,
1591 573 1680 626 sed
1726 588 1820 641 pro
1850 575 2131 627 electione.

609 649 735 702 Nam
774 663 826 706 et
850 655 946 707 hoc
986 672 1047 708 ex
1080 657 1181 711 fine
1211 662 1427 715 canonis
1471 663 1782 726 ostenditur,
1826 677 1932 731 quo
1979 677 2135 717 cave-

609 747 713 801 tur,
749 752 802 792 ιιι
834 743 1127 810 deponatur
1153 749 1459 823 episcopus,
1517 754 1606 818 qui
1647 765 1828 806 contra
1869 739 2134 822 propriam

607 831 1046 897 subscriptionem
1100 849 1152 890 et
1186 841 1569 895 confessionem
1626 844 1832 909 fecerit,
1867 861 1982 912 quae
2005 847 2134 899 sub-

609 923 825 990 scriptio
857 940 958 976 non
999 927 1052 981 fit
1099 929 1163 980 ad
1213 931 1597 986 ordinationem
1632 934 1742 988 sive
1783 938 2134 990 consecratio-

606 1022 743 1068 nem,
777 1014 895 1072 sed
946 1014 1008 1066 ad
1055 1017 1362 1070 electionem
1419 1038 1431 1071 :
1494 1033 1546 1073 et
1581 1025 1724 1091 quia,
1781 1041 1903 1079 cum
1930 1030 2133 1094 primus

606 1114 775 1152 eanon
811 1106 1128 1167 apostolicus
1167 1118 1358 1162 statuat
1388 1114 1694 1178 episcOpum
1728 1131 1753 1164 a
1789 1117 1991 1170 duobus
2015 1132 2132 1171 esse

604 1188 861 1254 episcopis
911 1195 1279 1256 ordinandum,
1317 1200 1357 1251 si
1404 1204 1736 1268 χειροτονίαν
1791 1220 1884 1271 pro
1918 1208 2134 1260 ordinaé

607 1275 748 1327 tione
777 1276 875 1331 boe
915 1281 962 1330 in
1005 1281 1118 1335 loco
1149 1289 1526 1353 acceperimus,
1579 1293 1715 1346 dicto
1771 1297 1960 1348 eanoni
2008 1311 2133 1349 con-

606 1356 766 1415 traria
831 1368 1004 1422 dicere
1053 1372 1413 1429 adtnlttcmus.
1473 1379 1612 1448 Cum.
1655 1394 1828 1435 autem
1877 1400 2045 1438 canon
2100 1387 2133 1439 4

605 1452 789 1516 prima:
845 1455 1065 1510 Nicaeum
1115 1465 1297 1529 synodi
1339 1467 1522 1531 jubeat
1573 1470 1856 1524 electiones
1903 1475 1968 1526 ab
2020 1491 2136 1529 om-

605 1541 757 1593 nibus
833 1547 1242 1610 provincialibus
1297 1557 1566 1621 constitui,
1638 1559 1717 1612 sin
1781 1570 1952 1614 autem
2034 1565 2136 1618 hoc

611 1631 680 1684 sit
710 1633 917 1721 diflleile
947 1647 1050 1691 tres
1092 1642 1244 1692 simul
1311 1650 1638 1714 congregari,
1671 1651 1888 1718 reliquis
1924 1640 2135 1721 quoque

612 1734 700 1784 per
747 1720 953 1775 litteras
1008 1727 1313 1795 suffragium
1371 1732 1676 1798 ferentibus,
1747 1720 2131 1808 metrOpolitani

606 1808 837 1871 quidam.
866 1821 921 1864 ut
941 1826 1022 1867 est
1063 1819 1344 1874 verisimile
1374 1824 1489 1890 (eos
1515 1827 1657 1878 enim
1691 1844 1923 1895 praesens
1965 1845 2135 1885 canon

603 1896 854 1959 primates
876 1906 1155 1968 provinciae
1171 1913 1362 1977 vocat),
1384 1927 1482 1964 non
1508 1916 1860 1970 observabant
1885 1934 2137 1975 canones.

599 1983 753 2040 Unde
813 2001 862 2043 et
902 2009 930 2045 a
979 1993 1219 2052 Patribus
1277 2003 1549 2058 definitum
1609 2016 1714 2070 est,
1763 2019 1820 2061 ut
1874 2025 1903 2063 a
1959 2003 2138 2065 multis

600 2078 859 2145 episcopis
888 2084 1070 2138 fierent
1099 2075 1428 2147 electiones:
1467 2098 1547 2148 sin
1591 2108 1762 2152 autem
1793 2101 1890 2154 hoc
1921 2118 2024 2155 non
2051 2103 2121 2158 sit

602 2164 741 2257 factu
783 2169 957 2234 facile,
1017 2183 1314 2239 necessario
1351 2199 1376 2234 a
1429 2186 1612 2249 tribus,
1671 2191 1758 2257 qui
1796 2192 1985 2244 debent
2015 2208 2164 2246 cum-

604 2256 820 2311 scientia
857 2271 905 2313 et
954 2269 1300 2328 permissioue
1336 2276 1487 2336 primi
1538 2291 1628 2329 seu
1663 2256 2055 2349 metropolitani
2083 2284 2133 2335 in

530 2416 535 2420 _
605 2362 916 2418 quocunque
971 2357 1086 2410 loco
1118 2365 1421 2419 convenire.
1473 2365 1526 2419 Si
1567 2371 1689 2437 quis
1743 2385 1919 2427 autem
1949 2390 2132 2430 eorum

601 2439 758 2532 quiin
790 2444 1045 2499 electione
1074 2451 1320 2520 suﬂragia
1350 2457 1604 2512 dederunt
1643 2472 1823 2515 contra
1869 2459 2138 2532 propriam

602 2527 1042 2622 subscriptionem
1103 2538 1308 2604 fecerit,
1372 2548 1676 2611 deponetur.
1721 2527 1880 2606 Acie.
1909 2527 1989 2609 Itis
2017 2557 2133 2622 qui-

599 2618 718 2670 dem
756 2624 998 2677 consistit
1059 2643 1248 2686 canon.
1284 2633 1413 2687 Cum
1465 2651 1641 2693 autem
1674 2645 1885 2710 quidam
1937 2657 2135 2700 metro-

602 2709 864 2768 politanus
923 2712 1103 2769 fuiss'et
1151 2721 1436 2789 aliquando
1488 2709 1790 2793 acetxsatus,
1839 2735 1978 2799 quod
2029 2751 2133 2789 non

599 2812 716 2850 eum
775 2803 883 2853 suis
929 2808 1339 2870 provincialibus
1389 2816 1687 2882 episcopum
1738 2820 2005 2890 elegisset,
2041 2826 2132 2878 sed

597 2902 717 2939 cum
759 2896 1174 2956 metropolitanis
1202 2941 1216 2961 ,
1269 2904 1354 2968 qui
1395 2905 1443 2955 in
1495 2907 1673 2972 regina
1709 2909 1918 2962 urbium
1959 2928 2134 2966 versa-

601 2977 825 3043 bantur;
862 2983 1070 3048 qnidam
1117 3001 1427 3054 praesentem
1461 3009 1712 3051 eanonem
1741 3015 1834 3066 pro
1879 3018 1944 3056 eo
1968 3004 2133 3057 addu-

596 3065 784 3118 (ebant

595 3156 628 3206 4
684 3158 866 3221 prima:
925 3166 1106 3232 synodi
1161 3165 1387 3222 Niemnze
1435 3188 1650 3228 necesse
1698 3189 1779 3230 est
1831 3195 1858 3231 a
1921 3184 2130 3246 provin-

595 3248 817 3303 cialibus
877 3254 941 3305 ad
984 3256 1257 3308 minimum
1307 3261 1474 3314 tribus
1524 3263 1835 3319 electionem
1889 3270 2028 3332 fieri,
2099 3288 2128 3325 a

598 3343 847 3401 prtesenti
892 3352 1064 3396 tamen
1098 3362 1325 3410 canone,
1361 3352 1448 3416 qui
1502 3365 1581 3406 est
1627 3359 1791 3411 multo
1843 3363 2129 3426 posteriOr,

603 3431 1006 3493 metropolitano
1058 3449 1372 3491 concessum
1426 3451 1504 3494 est
1536 3451 1642 3497 tres
1667 3448 1962 3514 episcopos,
1995 3468 2129 3520 quos

597 3521 826 3573 voluerit
871 3539 1180 3590 accersere,
1220 3539 1272 3582 et
1324 3545 1417 3596 per
1468 3548 1562 3587 eos
1605 3537 1914 3592 electionem
1957 3542 2132 3596 facere

603 3613 653 3688 in
680 3627 995 3682 quocunque
1034 3617 1148 3671 loco
1182 3620 1426 3684 voluerit,
1463 3633 1514 3676 et
1568 3626 1812 3680 volebant
1865 3641 2134 3697 metropo-

599 3701 815 3755 litanum
887 3706 1016 3758 nulli
1099 3711 1496 3776 reprehensioni
1563 3715 1848 3770 obnoxium
1912 3723 1978 3774 ab
2037 3724 2136 3777 hoc

597 3807 800 3846 canone
847 3798 1174 3852 conservari.
1224 3799 1520 3856 Audiernnt
1570 3815 1742 3859 autem
1797 3811 1968 3876 quod,
2005 3802 2156 3878 quo?

598 3883 738 3934 niam
771 3899 1004 3947 praesens
1038 3901 1204 3939 canon
1254 3890 1383 3940 nihil
1410 3893 1528 3943 novi
1587 3894 1846 3960 decernit,
1889 3899 1983 3951 sed
2016 3917 2133 3967 qua:

603 3989 629 4022 a
662 3971 906 4027 Patribns
938 3984 1092 4026 antea
1128 3977 1340 4030 definita
1402 3992 1562 4043 sunt,
1625 3985 1872 4052 deinceps
1915 4003 2126 4057 quoque

598 4063 857 4113 servanda
894 4065 1100 4126 statuit,
1125 4067 1317 4118 debent
1349 4072 1585 4133 omnino,
1617 4088 1732 4138 qum
1753 4075 1815 4126 de
1831 4080 2135 4132 convocatis

595 4154 860 4220 episcopis
894 4157 1158 4220 dicuntur,
1193 4163 1484 4213 secundum
1516 4163 1660 4214 illum
1694 4179 1949 4219 canonem
1987 4169 2137 4221 intel-

600 4244 709 4309 ligi,
753 4255 803 4297 et
837 4246 1448 4307 electiones-necessario
1481 4267 1508 4305 a
1550 4255 1963 4321 provincialibus
1993 4260 2133 4315 ﬁeri.

597 4333 725 4387 Illud
763 4345 937 4387 autem
970 4336 1020 4388 in
1077 4339 1268 4404 quovis
1312 4339 1428 4392 loco
1454 4345 1762 4409 procedere,
1820 4361 1920 4397 non
1983 4347 2135 4399 affert

2165 1777 2210 1835 Β

2234 573 2385 623 τοῦτο
2416 572 2735 641 παρίσταται
2766 574 2871 625 ἀπὸ
2903 571 2994 624 τοῦ
3021 572 3198 633 τέλους
3223 571 3318 623 τοῦ
3349 569 3566 632 κανόνος
3594 569 3769 637 διορι-

2235 657 2480 734 ζομὲνουν
2511 661 2882 728 καθαιρεῖσθαι
2937 660 3026 712 τὸν
3071 662 3136 727 τῇ
3173 658 3279 728 ίδίᾳ
3333 658 3615 726 ὑπογραφῇ
3673 655 3774 706 καὶ

2235 749 2489 818 ὁμολογίᾳ
2519 749 2917 816 ἐναντιούμενον
2962 748 3271 807 ἐπίσκοπον,
3321 746 3440 816 ἥτις
3479 741 3773 812 ὑπογραφῆ

2235 839 2294 889 οὐ
2329 839 2530 905 γίνεται
2582 840 2658 899 είς
2709 838 3034 908 χειροτονίαν
3065 839 3198 907 ’ἦτοι
3241 837 3584 904 καθιέρωσιν,
3632 832 3776 886 ἀλλὰ

2227 929 2311 989 -είς
2335 929 2511 996 ψῆφον
2537 943 2550 956 ·
2589 929 2676 980 καὶ
2724 929 2804 980 ὅτι
2833 927 2925 978 τοῦ
2960 926 3312 978 ἀποστολικοῦ
3359 925 3573 993 πρώτου
3604 920 3769 975 κανό-

2234 1033 2320 1076 νος
2393 1014 2756 1082 διοριζομένου
2821 1013 3236 1082 χειροτονεῖσθαι
3299 1013 3588 1064 ἐπίσκοπον
3625 996 3818 1062 ’ὐπὸ--

2234 1107 2543 1158 ἐπισκόπων
2572 1105 2684 1168 δύο,
2715 1106 2872 1173 εἴπερ
2920 1103 3269 1170 ἐκλαδώμεθα
3298 1103 3393 1170 τὴν
3425 1100 3768 1169 χειροτονίαν

2234 1200 2311 1259 είς
2342 1197 2691 1265 χειροθεσίαν,
2718 1195 2956 1261 δόξαιμεν
2979 1194 3154 1259 λέγειν
3187 1191 3402 1243 ἐναντία
3443 1189 3517 1260 τῷ
3549 1189 3772 1258 ῥηθέντι

2234 1286 2436 1338 κανόνι.
2467 1284 2569 1336 Τοῦ
2618 1284 2671 1336 δὲ
2729 1284 2768 1334 δ’
2817 1282 3031 1344 κανόνος
3087 1283 3183 1348 τῆς
3215 1282 3271 1332 ἐν
3301 1281 3503 1348 Νικαίᾳ
3548 1280 3773 1348 πρώτης

2235 1375 2449 1426 συνόδου
2499 1372 3000 1441 παρακελευομένου
3049 1372 3153 1422 ὑπὸ
3203 1372 3419 1423 πάντων
3451 1370 3556 1423 τῶν
3591 1373 3766 1439 ἐπαρ-

2234 1464 2440 1531 χιωτῶν
2496 1462 2846 1516 καθίστασθαι
2902 1460 2997 1523 τὰς
3047 1460 3292 1528 ψήφουςο
3340 1461 3387 1512 εί
3423 1448 3478 1511 ὀὶ
3510 1460 3772 1527 δυσχερδς

2233 1552 2547 1624 τοῦτό-ἐστι,
2576 1553 2721 1620 τρεῖς
2763 1553 2854 1604 ἐπὶ
2895 1551 2955 1603 τδ
3002 1551 3134 1603 αὐτὸ
3180 1548 3778 1617 συνάγεσθαι,’συμψή-

2235 1658 2347 1707 φων
2373 1642 2668 1709 γινομένων
2696 1630 3147 1708 διαγραμμᾲτων
3184 1640 3276 1690 καλ⁵
3308 1639 3415 1691 τῶν
3441 1638 3662 1699 λοιπῶν,
3689 1637 3774 1700 ὡς

2238 1730 2399 1791 ἔοικε,
2442 1730 2584 1791 τινὲς
2637 1729 3021 1798 μητροπολῖται
3067 1728 3306 1797 (τούτους
3350 1731 3455 1797 γὰρ
3492 1729 3519 1780 ό
3571 1727 3766 1800 παρὼν

2238 1817 2414 1872 κανὼν
2443 1817 2812 1886 πρωτεύοντας
2851 1818 3112 1885 ἐπαρχίας
3136 1817 3308 1884 καλεῖ)
3346 1818 3444 1868 οὐκ
3474 1817 3776 1882 ἐφύλαττον

2236 1908 2302 1960 τὰ
2323 1908 2413 1959 τοῦ
2449 1907 2849 1968 κανόνος.”Οθεν
2867 1910 2957 1959 καὶ
2983 1906 3183 1976 ὡρίσθη
3203 1901 3346 1976 παρὰ
3367 1907 3472 1958 τῶν
3495 1908 3779 1988 Πατέρευν,

2238 1995 2340 2047 ύπό
2364 1995 2566 2048 πολλῶν
2597 1997 2910 2048 ἐπισκόπων
2942 1995 3184 2061 γίνεσθαι
3210 1995 3307 2054 τὰς
3334 1996 3547 2063 ψήφους
3574 2012 3588 2026 ”
3623 1996 3670 2047 εί
3717 1995 3784 2047 δὲ

2237 2086 2334 2137 οὐκ
2389 2085 2502 2136 ἐστι
2534 2085 2689 2136 τοῦτο
2743 2073 2984 2151 εὐχερὲς,
3033 2083 3092 2148 ἐξ
3145 2084 3384 2150 ἀνάγκης
3434 2083 3535 2134 ὑπὸ
3580 2083 3780 2150 τριῶν,

2238 2174 2555 2240 ὀφειλόντων
2589 2174 2725 2241 μετὰ
2759 2171 3014 2240 είδήσεως
3054 2171 3146 2223 καὶ
3176 2171 3473 2241 ἐπιτροπῆς
3500 2171 3593 2224 τοῦ
3621 2173 3783 2240 πρώ-

2237 2283 2369 2327 του,
2419 2265 2581 2333 ἤγουν
2660 2263 2752 2314 τοῦ
2822 2262 3250 2331 μητροπολίτου,
3307 2253 3660 2330 συνέρχεσθαι
3719 2263 3787 2314 ἐν

2233 2349 2502 2425 οεῳδήτινι
2552 2354 2720 2422 τόπῳ.
2773 2353 2902 2404 Ἐὰν
2960 2352 3016 2404 δέ
3065 2369 3150 2414 τις
3213 2351 3320 2404 τῶν
3379 2350 3786 2420 ψηφισαμένων

2189 2451 2192 2455 ’
2237 2447 2528 2514 ἐναντιωθῇ
2562 2447 2624 2513 τῇ
2667 2445 2768 2512 ἰδίᾳ
2807 2443 3089 2512 ὑπογραφῇ
3117 2483 3133 2507 ,
3166 2443 3634 2510 καθαιρεθήσεται.
3665 2441 3787 2493 Καὶ

2235 2539 2263 2590 ὀ
2312 2537 2410 2604 μὲν
2461 2535 2634 2588 κανὼν
2687 2536 2743 2586 ἐν
2802 2533 3025 2595 τούτοις.
3065 2534 3216 2597 Τινδς
3277 2534 3332 2586 δὲ
3384 2531 3786 2602 μητροπολίτου

2237 2627 2567 2687 αίτιαθέντος
2613 2625 2764 2687 ποτὲ,
2795 2627 2867 2688 ὡς
2919 2625 2992 2694 μὴ
3047 2623 3182 2692 μετὰ
3214 2623 3566 2692 ἐπαρχιωτῶν
3611 2623 3786 2675 αὑτοῦ

2235 2717 2606 2784 ψηφισαμένου
2656 2717 2970 2778 ἐπίσκοπον,
3002 2715 3134 2767 ἀλλὰ
3181 2715 3318 2785 μετὰ
3367 2713 3787 2782 μητροπολιτῶν

2233 2808 2526 2871 διαγόντων
2558 2809 2633 2868 είς
2677 2809 2774 2875 τὴν
2800 2808 2904 2860 τῶν
2943 2807 3145 2858 πόλεων
3179 2806 3590 2874 βασιλεύουσαν,
3617 2805 3793 2874 ἐχρή-

2237 2898 2394 2949 σαντό
2421 2917 2585 2962 τινες,
2621 2900 2757 2965 ὑπὲρ
2799 2898 2961 2952 αὖτοῦ
3008 2899 3252 2964 λέγοντες
3288 2898 3366 2967 τῷ
3409 2898 3636 2967 παρόντι
3677 2916 3794 2951 κα-

2235 2991 2344 3041 νόνι
2369 3005 2383 3019 ο
2420 2989 2510 3040 καὶ
2541 2986 2690 3040 είπον
2720 2988 2815 3050 ὡς.
2849 2989 2898 3040 εί
2926 2990 3020 3040 καὶ
3057 2988 3161 3040 ἀπὸ
3193 2988 3285 3041 τοῦ
3333 2989 3373 3042 δ’
3421 2974 3639 3050 κανόνος
3680 2989 3793 3054 τῆς

842 3087 853 3120 :
906 3081 958 3121 et
1018 3074 1266 3128 dicebant
1320 3083 1484 3146 quod,
1538 3087 1740 3139 etiamsi
1791 3104 1854 3140 ex
1930 3106 2129 3144 canone

2235 3079 2291 3128 ἐν
2321 3078 2520 3146 Νικαίᾳ
2553 3077 2773 3144 πρώτης
2806 3077 3020 3128 συνόδου
3054 3077 3264 3144 ἀνάγκη
3293 3078 3440 3128 ἐστὶν
3471 3077 3574 3128 ὑπὸ
3605 3078 3787 3146 ἐπαρ-

2238 3171 2441 3240 χιωτῶν
2488 3171 2546 3221 τὸ
2591 3171 2867 3238 ἐλάχιστον
2899 3170 3065 3238 τριῶν
3109 3169 3206 3231 τὰς
3251 3169 3463 3238 ψήφους
3507 3171 3781 3236 γίνεσθαι,

2235 3259 2367 3312 ἀλλὰ
2420 3259 2525 3310 ἀπὸ
2574 3259 2664 3310 τοῦ
2717 3259 2978 3327 παρόντος
3037 3261 3262 3320 κανόνος
3318 3260 3785 3328 μεταγενεστέρου

2234 3346 2382 3406 ὀντος
2412 3347 2624 3412 ἐνεδόθη
2658 3346 2731 3413 τῷ
2779 3347 3144 3416 μητροπολίτῃ
3180 3348 3602 3416 μετακαλεῖσθαι
3632 3351 3792 3415 τρεῖς

2235 3438 2562 3497 ἐπισκόπους
2592 3439 2713 3497 τοὺς
2745 3436 2891 3503 αύτῷ
2945 3437 3288 3510 βουλητέους,
3323 3441 3414 3490 καὶ
3463 3441 3635 3489 ποιεῖν
3680 3439 3788 3505 τὴν

2235 3527 2412 3593 ψῆφον
2448 3527 2512 3577 δι’
2549 3526 2726 3578 αὐτῶν
2770 3527 2827 3576 ἐν
2867 3527 2962 3593 οἴῳ
2991 3527 3055 3577 ἂν
3085 3528 3232 3595 τόπῳ
3262 3528 3462 3598 θελήσῃ
3487 3544 3502 3558 ο
3532 3529 3626 3579 καὶ
3657 3528 3790 3596 ἠθε-

2234 3618 2322 3670 λον
2353 3617 2458 3669 ἀπὸ
2497 3619 2686 3668 τούτου
2726 3615 2818 3670 τοῦ
2859 3617 3083 3678 κανόνος
3122 3618 3505 3670 ἀκαταιτίατον
3543 3618 3632 3670 τὸν
3679 3635 3792 3686 μη·-

2238 3707 2558 3774 τροπολίτην
2614 3706 3037 3773 συντηρηθῆναι.
3071 3707 3346 3760 ’Ἤκουσαν
3390 3709 3445 3760 δὲ
3485 3708 3578 3771 ὡς,
3605 3708 3722 3759 ἐπεὶ
3758 3712 3792 3761 ὀ

2239 3796 2423 3863 παρὼν
2455 3797 2633 3847 κανὼν
2674 3797 2733 3846 ού
2778 3797 2894 3847 νέον
2936 3813 2989 3847 τι
3021 3788 3351 3865 θεσμοθετεῖ,
3383 3798 3515 3849 ἀλλὰ
3543 3798 3610 3850 τὰ
3641 3815 3786 3864 προ-

2237 3887 2569 3955 διορισθέντα
2614 3885 2764 3952 παρὰ
2797 3886 2904 3936 τῶν
2940 3889 3195 3954 Πατέρων
3239 3892 3332 3941 καὶ
3379 3889 3576 3956 ἐφεξῆς
3612 3889 3789 3955 διορί-

2239 3978 2387 4040 ζεται
2415 3976 2794 4044 φυλάττεσθαι,
2825 3977 3098 4043 ὀφείλουσι
3128 3979 3339 4039 πάντως
3382 3978 3450 4029 τὰ
3497 3981 3625 4046 περὶ
3669 3979 3785 4028 τῶν

2240 4066 2690 4133 συγκαλουμένων
2745 4066 3057 4118 ἐπισκόπων
3119 4067 3357 4131 νοεῖσθαι
3407 4067 3527 4117 κατ’
3576 4070 3789 4119 ἐκεῖνον

2238 4159 2326 4207 τὸν
2355 4157 2571 4217 κανόνα,
2613 4157 2702 4206 καὶ
2733 4157 2790 4218 ἐξ
2829 4157 3071 4225 ἀνάγκης
3107 4157 3241 4224 μετὰ
3285 4158 3644 4224 ἐπαρχιωτῶν
3686 4159 3789 4219 τὰς

2237 4248 2446 4314 ψήφους
2473 4246 2733 4310 γίνεσθαι.
2773 4246 2844 4296 Τὸ
2871 4247 2925 4296 δὲ
2957 4249 3013 4297 ἐν
3041 4247 3336 4315 οἱῳδήποτε
3392 4248 3540 4310 τόπῳ
3575 4248 3789 4315 προὸἦο

2239 4354 2347 4399 ναι,
2375 4337 2434 4386 ού
2487 4336 2902 4404 προκριματίξει
2944 4338 3040 4402 τὴν
3093 4336 3290 4401 ψῆφον,
3350 4336 3509 4403 μόνον
3552 4337 3789 4399 γινέσθω

598 4424 959 4492 prajudicium
1011 4428 1278 4490 electioni,
1337 4433 1508 4482 solmn
1550 4433 1637 4483 fiat
1688 4449 1807 4486 eum
1863 4434 2033 4489 tribus
2068 4441 2131 4490 ad

2242 4428 2378 4495 μετὰ
2419 4428 2725 4479 ἐπισκόπων
2753 4429 2810 4478 τὸ
2841 4427 3117 4493 ἐλάχιστον
3147 4426 3310 4494 τριῶν
3354 4428 3490 4478 κατὰ
3521 4427 3608 4477 τὸν
3639 4444 3788 4495 παρ-

596 4512 870 4564 minimum
943 4515 1254 4582 episcopis,
1322 4519 1471 4582 juxta
1532 4522 1673 4573 hunc
1745 4539 1999 4577 eanonem
2053 4536 2126 4588 et,

594 4612 711 4660 quae
746 4597 792 4649 ei
823 4611 1212 4668 consequenter
1238 4604 1462 4666 obtinet,
1512 4611 1968 4665 consuetudinem.
2001 4613 2133 4666 Cum

593 4695 767 4738 autem
802 4703 967 4741 canon
997 4694 1249 4744 decernat
1275 4693 1559 4748 electiones
1586 4697 1695 4749 fieri
1730 4714 1755 4748 a
1807 4699 1975 4752 tribus
2028 4702 2138 4767 epi-

597 4781 798 4843 scopis,
830 4786 871 4835 si
911 4785 979 4835 sit
1015 4785 1206 4838 multos
1259 4791 1542 4840 convenire
1573 4790 1797 4852 difficile,
1833 4794 2134 4860 interroga—

597 4873 733 4924 verit
787 4874 1084 4940 quispiam:
1120 4875 1172 4924 Si
1220 4877 1367 4927 multi
1415 4879 1615 4941 possint
1651 4881 1806 4931 facile
1830 4885 2131 4945 convenire,

595 4962 781 5014 electio
807 4963 1178 5029 infirtnabitur,
1209 4982 1269 5015 an
1296 4969 1435 5017 non?
1457 4967 1673 5021 Salutio.
1703 4970 1828 5032 Qum
1847 4973 1909 5021 de
1932 4975 2136 5036 episeo-

598 5052 647 5119 pi
682 5068 707 5102 a
731 5053 1003 5105 duodecim
1031 5055 1164 5106 facta
1199 5056 1521 5120 depositione
1550 5067 1703 5125 supra
1738 5060 1896 5128 528
1943 5064 2134 5128 sci-ipta

600 5150 739 5202 sunt,
773 5142 987 5207 quando
1025 5143 1206 5208 plures
1255 5155 1494 5208 poterant
1537 5145 1686 5198 facile
1739 5151 2044 5210 convenire,
2075 5152 2135 5202 ad

598 5233 870 5299 praesentis
919 5233 1229 5300 quaestionis
1299 5236 1617 5292 solutionem
1665 5237 1952 5293 sufficiunt.
2008 5242 2135 5294 lllml

595 5331 796 5384 autem,
843 5323 892 5374 in
933 5323 1119 5391 quovis
1182 5326 1320 5386 loco,
1369 5328 1624 5390 scriptum
1665 5338 1766 5390 est,
1799 5339 2014 5397 propter
2046 5346 2136 5384 eos

594 5412 682 5480 qui
740 5413 920 5465 dicunt
974 5415 1168 5469 debere
1222 5415 1334 5468 fieri
1382 5417 1728 5478 ecclesiarum
1781 5421 2065 5474 electiones
2108 5437 2135 5473 τι

597 5503 1002 5569 metropolitano
1061 5506 1109 5556 in
1173 5521 1262 5558 sua
1324 5509 1644 5574 metropoli,
1705 5510 1842 5576 quol
1922 5509 2135 5576 quidem

598 5605 702 5642 non
739 5602 1007 5660 receptum
1042 5604 1141 5647 est.
1173 5594 1342 5649 Lorns
1385 5598 1524 5649 enim
1563 5614 1663 5650 non
1723 5599 1993 5652 constituit
2024 5603 2135 5667 epi-

592 5693 837 5745 scopum,
877 5685 967 5735 sed
1007 5682 1310 5747 suffragium
1350 5697 1402 5739 et
1453 5689 1740 5741 antistitum
1767 5689 1971 5742 electio.
2007 5689 2138 5743 Nota

2236 4521 2360 4570 όντα
2403 4521 2619 4578 κανόνα,
2672 4522 2766 4571 καὶ
2799 4518 2893 4586 τὴν
2925 4519 3228 4577 ἀκολούθως
3255 4519 3442 4569 τούτου
3476 4517 3787 4586 κρατοῦσαν

2240 4608 2544 4676 συνήθειαν,
2576 4609 2681 4660 Τοῦ
2732 4609 2786 4658 δὲ
2815 4609 3032 4668 κανόνος
3069 4608 3437 4674 διοριζομένου
3483 4608 3588 4660 ὑπό
3615 4608 3786 4676 τριῶν

2235 4698 2550 4750 ἐπισκόπων
2576 4698 2672 4758 τὰς
2714 4698 2926 4764 ψήφους
2963 4697 3225 4762 γίνεσθαι,
3265 4697 3424 4764 εἴπερ
3451 4699 3567 4748 ἐστὶ
3596 4699 3786 4766 δυσχε-

2240 4771 2584 4853 ρέξπολλοὺς
2617 4787 2908 4844 συνελθεῖν,
2943 4787 3201 4854 ἐρωτήσει
3250 4805 3357 4848 τις,
3393 4790 3486 4838 ἐὰν
3529 4790 3786 4857 εύχέρειά

2238 4881 2350 4929 ἐστι
2383 4877 2604 4936 πολλοὺς
2659 4876 2950 4937 συνελθεῖν,
2988 4877 3402 4944 ἀκυρωθήσεται
3449 4880 3480 4944 ή
3525 4879 3719 4944 ψῆφος,
3746 4879 3782 4947 ἢ

2236 4967 2324 5029 0’3;
2360 4967 2548 5030 Λύσις
2604 4966 2682 5017 Τὰ
2711 4965 2908 5016 ἄνωθεν
2937 4967 3211 5033 γραφέντα
3257 4968 3381 5031 περὶ
3412 4967 3784 5031 καθαιρέσεως

2239 5059 2530 5109 ἐπισκόπου
2612 5057 2916 5123 γενομένης
2982 5055 3130 5122 παρά
3183 5055 3382 5107 δώδεκα
3449 5058 3782 5120 ἐπισκόπων,

2239 5152 2364 5202 ὅταν
2407 5150 2647 5216 ὑπῆρχεν
2695 5148 2914 5215 εὐχερὲς
2948 5148 3043 5197 καὶ
3086 5147 3303 5207 πλείους
3347 5148 3636 5210 συνελθεῖν,
3679 5150 3782 5217 ἀρ.

2239 5241 2421 5293 κοῦσιν
2466 5243 2543 5300 εἰς
2589 5239 2878 5302 ἀπολογίαν
2921 5236 3014 5287 τοῦ
3047 5240 3306 5303 παρόντος
3338 5237 3667 5304 ζητήματος,
3721 5239 3782 5291 τὸ

2238 5333 2312 5392 δὲ,
2351 5332 2406 5382 ἐν
2430 5325 2724 5398 οίῳδήποτεζ
2769 5328 2936 5393 τόπῳ,
2970 5327 3277 5396 γέγραπται
3333 5327 3420 5378 διὰ
3449 5328 3574 5388 τοὺς
3604 5327 3782 5396 λέγονο

2240 5438 2354 5480 τας,
2384 5421 2615 5488 ὀφείλειν
2660 5419 2758 5478 τὰς
2790 5418 3000 5485 ψήφους
3044 5417 3151 5468 τῶν
3189 5417 3496 5486 ἐκκλησιῶν
3542 5420 3782 5484 γίνεσθαι

2246 5509 2395 5576 παρὰ
2437 5508 2529 5559 τοῦ
2559 5505 2952 5575 μητροπολίτου
2988 5507 3068 5564 είς
3105 5505 3200 5571 τὴν
3230 5507 3349 5556 κατ’
3382 5506 3543 5557 αὐτὸν
3578 5509 3780 5575 μητρό-

2242 5601 2415 5661 πολιν,
2442 5599 2573 5664 ὅπερ
2601 5599 2699 5650 οὐκ
2735 5596 2942 5665 ἐδέχθη.
2975 5596 3106 5647 Οὐδὲ
3156 5595 3259 5665 γὰρ
3289 5598 3316 5648 ό
3347 5596 3510 5659 τόπος
3553 5598 3780 5668 καθιστᾷ

2244 5691 2334 5743 τὸν
2368 5690 2712 5746 -ἐπίσκοπον,
2743 5687 2899 5740 sata;
2947 5687 2977 5747 ἡ
3019 5685 3192 5749 ψῆφος
3241 5686 3333 5738 καὶ
3362 5687 3392 5750 ὴ
3418 5687 3646 5751 ἐπιλογὴ
3675 5689 3780 5743 τῶν
