4018 6306
209 311 267 376 55
827 355 830 358 .
1199 303 1278 362 IN
1307 264 1470 362 CAN.
1512 299 1656 360 xm
1695 301 1896 360 coxc.
1929 299 2300 357 canrnso.
3295 293 3362 354 66

208 423 509 494 ἀρχιερέων.
563 420 875 490 Σημείωσαι
930 417 986 471 δὲ
1032 384 1125 470 καὶ
1182 415 1288 468 ἀπδ
1321 414 1416 467 τοῦ
1465 413 1730 481 παρόντος

1839 424 1950 478 ergo
1979 418 2136 462 etiam
2170 422 2232 462 ex
2268 409 2366 460 hoc
2409 422 2632 471 canone,
2665 408 2803 476 quod
2839 406 3034 475 primas
3092 407 3204 459 sive
3252 423 3364 461 inc-

207 513 413 572 xavdvo;
457 511 538 560 ὅτι
591 512 621 560 ό
659 507 974 576 πρωτεύων,
1023 506 1185 572 ἤγουν
1225 506 1252 554 ὁ
1308 500 1726 569 μητροπολίτης,

204 605 289 653 οὐκ
335 600 536 665 ὀφείλει
589 595 983 665 παρουσιάζειν
1030 595 1107 654 είς
1155 593 1254 653 τὰς
1303 592 1539 659 ψήφους,
1595 588 1730 639 ἀλλά

209 693 340 759 μόνοι
388 691 437 738 oi
485 687 793 738 ἐπίσκοποι.
824 685 892 741 Τί
917 685 990 745 δὲ,
1024 684 1118 733 ἐάν
1171 699 1250 742 τις
1282 680 1390 731 τῶν
1419 677 1732 746 ψηφισαμέ-

206 799 294 830 νων
346 775 642 844 ἐναντιωθῇ
688 779 752 842 τῇ
803 775 977 841 οἰκεία
1031 773 1342 839 ὑπογραςῇ,
1399 767 1730 819 ἀπεντεῦθεν

205 866 668 931 καθαιρεθήσεται,
699 869 731 930 ἢ
763 868 898 926 μετά
925 861 1248 931 δοκιμασίαν
1295 859 1387 908 καὶ
1433 855 1731 922 ἀποτυχίαν

205 946 266 1000 ὧν
298 929 638 1017 προστίθησιν
665 964 678 1010 ;
711 929 918 1009 Λύσις.
948 948 1005 997 Εί
1037 929 1152 1013 μὲν’
1181 943 1483 1012 mmmam
1523 943 1590 992 τὰ
1639 942 1733 1009 ρή-

209 1057 335 1105 ματα
361 1039 452 1090 τοῦ
483 1038 705 1099 κανόνος
736 1040 812 1097 είς
845 1037 904 1088 τὸ
949 1036 1326 1110 ἐπιγινώσκειν
1381 1033 1478 1100 μὲν
1512 1032 1601 1083 τὸν
1631 1034 1732 1098 ψη-

210 1131 488 1196 ςιισάμενον
524 1130 620 1197 τὴν
667 1127 874 1182 οἰκείαν
904 1126 1243 1200 ὑπογραφὴν,
1277 1125 1452 1189 λέγειν
1493 1122 1546 1173 δὲ
1597 1121 1733 1188 μετά

204 1219 356 1269 ταῦτα
405 1218 596 1283 μαθεῖν
628 1216 680 1268 τί
714 1217 921 1267 κωλύον
953 1215 1042 1266 τὸν
1092 1213 1428 1281 ψηφισθέντα
1465 1213 1563 1272 ἐίς
1614 1213 1734 1260 ἑπι-

206 1308 448 1359 σίιοπικὸν
493 1307 773 1373 προελθεῖν
805 1305 1037 1372 ἀξίωμα,
1070 1304 1242 1364 ἄλλως
1296 1303 1356 1353 οὐ
1405 1301 1734 1368 καθαιρεθή-

206 1411 357 1455 σεται,
389 1396 437 1444 εί
502 1394 578 1462 μὴ
610 1397 733 1461 περὶ
784 1395 879 1453 τὰς
930 1392 1243 1457 ἀποδείξεις,
1277 1390 1552 1459 ἀτονήσει.
1586 1392 1642 1440 Et
1675 1390 1729 1440 δὲ

204 1484 426 1550 ὲκληφθῇ
460 1485 495 1551 ἡ
529 1483 837 1543 ἐναντίωσις
879 1482 974 1548 τῆς
1008 1463 1328 1549 ὑπογραφῆς
1361 1481 1438 1542 είς
1485 1480 1731 1546 ἄρνησιν,

206 1575 381 1639 ταύτης
408 1573 765 1639 ὲλεγχομένου
787 1571 885 1634 ,τοῦ
916 1573 1233 1639 πράγματος
1273 1570 1358 1621 διά
1394 1571 1735 1636 συγκρίσεως

205 1664 294 1714 τῶν
315 1665 678 1732 γραμμάτων,
706 1663 738 1731 ἢ
783 1663 956 1722 ἄλλως
1010 1680 1144 1725 πως,
1178 1660 1505 1719 ἀπεντεῦθεν
1540 1660 1733 1711 καθαι-

205 1753 496 1820 ρεθήσεται.
530 1753 860 1820 Σημείωσαι
918 1751 1009 1802 οὖν
1074 1754 1164 1801 τὸν
1235 1750 1476 1818 παρόντα
1535 1750 1732 1802 κανόνα

203 1843 315 1909 περὶ
368 1844 653 1909 ἀρνήσεως
705 1840 1026 1908 ὑπογραφῆς
1067 1840 1466 1906 διαλεγόμενον,
1507 1841 1581 1900 ὡς
1615 1841 1734 1907 ἐμοὶ

200 1932 350 1982 δοκεῖ.
385 1930 688 1996 Ἀνάγνωθι
741 1930 835 1980 καὶ
876 1931 1170 1997 κεφάλαιον
1215 1938 1284 1982 οε’
1330 1931 1420 1982 τοῦ
1467 1923 1730 1984 α”τίτλου

201 2020 282 2072 τοῦ
327 2020 407 2089 κβν
470 2021 675 2088 βιϐλίου
712 2021 829 2072 -τῶν
873 2021 1192 2084 Βασιλικῶν,
1227 2025 1319 2073 καὶ
1347 2039 1468 2087 κεφ.
1502 2020 1546 2074 α’
1570 2022 1662 2073 τοῦ
1687 2028 1733 2088 γ’

203 2111 360 2162 τίτλον
390 2110 488 2162 τοῦ
520 2110 682 2162 αὐτοῦ
716 2111 940 2178 βιὸλίου,
970 2112 1062 2162 καὶ
1088 2113 1176 2163 τὸν
1210 2114 1328 2163 ὅλον
1363 2113 1402 2162 δ’
1434 2111 1612 2162 τίτλον
1638 2112 1732 2162 τοῦ

203 2200 588 2267 αὑτοῦβιὸλίου
619 2215 632 2228 ⁸
671 2202 762 2253 καὶ
789 2199 847 2251 τὸ
880 2199 918 2261 ξ’
947 2217 1070 2267 κεφ.
1105 2199 1198 2252 τοῦ
1231 2200 1278 2254 α’
1315 2196 1492 2252 τίτλου
1521 2202 1619 2253 τοῦ
1651 2201 1735 2268 κγ’

203 2287 409 2353 βιϐλίου,
442 2291 539 2339 καὶ
580 2289 758 2356 μάθῃς
786 2289 932 2349 ὅπως
963 2289 1091 2341 ποτὲ
1138 2289 1235 2355 μὲν
1260 2291 1344 2342 διὰ
1373 2288 1735 2358 ἀντισυγγρά-

203 2395 321 2443 φων,
352 2381 480 2430 ποτε
513 2375 685 2430 δὲ’διά
725 2379 1015 2450 μαρτύρων
1050 2381 1358 2448 όμνυόντων
1403 2381 1681 2449 ἐλέγχεται
1707 2383 1734 2433 ό

203 2469 516 2535 ἀρνούμενος
560 2467 656 2537 τὴν
703 2469 909 2522 οίκείαν
959 2460 1303 2538 ὑπογραφῆν,
1335 2473 1426 2521 καὶ
1474 2472 1556 2522 ὅτι
1593 2471 1734 2536 μετά

203 2558 453 2625 ἐλεγχονὸ
485 2560 836 2628 κατακριθεὶς
881 2561 1250 2624 ἀναγκάζεται
1290 2561 1509 2627 ποιῆσαι
1537 2561 1612 2628 τῷ
1642 2561 1734 2612 ἀν-

203 2647 367 2714 τιδίκῳ
403 2648 481 2715 μὴ
514 2649 671 2714 μόνον
712 2649 772 2700 τὸ
813 2632 993 2700 ίκανὸν
1023 2649 1114 2700 τοῦ
1154 2633 1542 2718 περιεχομένου
1578 2652 1633 2700 ὲν
1658 2648 1736 2716 τῷ

201 2736 443 2804 ἐγγράφῳ
498 2735 686 2801 ποσοῦ,
718 2736 850 2789 ἀλλά
899 2739 992 2790 καὶ
1024 2737 1210 2806 ἕτερον
1259 2739 1532 2790 τοσοῦτον.
1573 2739 1636 2789 Ἦ
1679 2740 1736 2790 δὲ

202 2823 265 2892 οβ’
294 2825 479 2891 Νεαρά
507 2826 600 2877 τοῦ
635 2827 896 2895 βασιλέως
928 2827 1096 2895 κυροῦ
1128 2828 1354 2897 Λέοντος
1383 2828 1477 2878 τοῦ
1521 2828 1738 2878 Φιλοσό-

205 2932 290 2980 φου
317 2917 611 2986 διορίζεται
634 2919 744 2970 πᾶν
774 2918 1069 2984 ἔγγραφον,
1105 2919 1162 2969 ὲν
1206 2915 1248 2983 ᾧ
1281 2920 1682 2986 ἐπιγέγραπται
1707 2918 1735 2968 ό

202 3008 281 3058 τοῦ
326 3013 508 3076 τιμίου
544 3008 639 3060 καὶ
664 3009 929 3070 ζωοποιοῦ
977 3009 1208 3078 σταυροῦ
1237 3009 1406 3070 τύπος
1436 3010 1524 3061 διά
1557 3013 1735 3077 χειρὸς
1761 3035 1804 3091 C

210 3095 283 3147 τοῦ
337 3097 666 3165 συνθεμένου
719 3098 871 3165 αὐτὸ,
919 3100 1060 3164 ἔχειν
1101 3098 1162 3149 τὸ
1207 3099 1425 3167 ἰσχυρὸν
1468 3099 1560 3149 καὶ
1604 3099 1737 3166 ἀμε-

210 3185 490 3248 εάπτωτον,
543 3187 644 3237 κάν
721 3189 818 3237 οὐκ
894 3185 1009 3238 ἔστι
1078 3188 1582 3256 κατησφαλισμένον
1648 3187 1735 3239 διὰ

204 3275 508 3341 προστίμου.
553 3273 662 3324 Καὶ
717 3274 987 3340 ἀνάγνωθι
1043 3279 1142 3342 τὴν
1194 3277 1464 3343 τοιαύτην,
1496 3276 1730 3343 Νεαρὰν.

207 3363 298 3412 Καὶ
324 3363 650 3428 συναγαγὼν
681 3364 797 3414 είπὲ
828 3365 910 3416 ὅτι
939 3364 997 3415 τὸ
1037 3365 1416 3432 καθαιρεῖσθαι
1464 3368 1587 3428 τοὺς
1635 3369 1734 3434 ἀρ·

207 3452 382 3518 χωρεῖς
415 3451 785 3519 ἀρνουμένους
809 3453 906 3512 τὰς
936 3454 992 3503 ὲν
1033 3455 1152 3512 ταῖς
1179 3453 1377 3520 ψήφοις
1411 3453 1731 3521 ὑπογραφάς

207 3541 359 3592 αὐτῶν
413 3542 582 3594 ίδικόν
639 3542 755 3592 ἐστι
805 3542 900 3596 καὶ
955 3541 1156 3608 ὀφείλει
1185 3546 1406 3611 κρατεῖν
1451 3547 1528 3605 είς
1575 3546 1731 3596 τοῦτο

206 3633 282 3681 ια).
319 3633 482 3699 μόνον
523 3632 583 3682 τὸ
631 3631 854 3696 φάκτον.
904 3631 1031 3684 Ἐὰν
1071 3635 1183 3699 γαρ
1223 3633 1408 3700 ἕτερον
1457 3635 1732 3702 ἔγγραφον

206 3719 349 3769 αὑτοῦ
388 3721 696 3787 ἀρνήσηται
748 3719 1042 3781 ιπίσκοπος
1087 3720 1119 3786 ἢ
1167 3709 1447 3788 κληρικὸς,
1490 3723 1561 3781 ὡς
1612 3723 1732 3790 ἐμοὶ

1834 500 2177 565 tropolitanus
2210 513 2310 549 non
2345 499 2498 550 debet
2540 499 2796 551 interesse
2843 499 3108 556 elcctioni,
3138 499 3226 548 scd
3264 498 3364 549 soli
3407 509 3414 517 '

1831 586 2080 652 episcopi.
2113 585 2246 648 Quid
2283 600 2426 648 vero,
2479 587 2522 637 si
2554 585 2672 651 quis
2727 601 2907 638 eorum
2940 587 3047 652 qui'
3090 587 3363 654 elegerunt

1833 689 1938 727 Sua.-
1976 674 2352 740 subscriptioni
2382 675 2782 735 contradixetit,
2821 689 2954 725 eone
2987 675 3100 738 ipso
3126 675 3366 739 deponc-

1839 775 1942 824 tur,
1979 778 2042 814 an
2079 773 2196 829 post
2227 765 2670 815 examinationcm
2705 805 2718 825 ,
2755 780 2871 815 cum
2923 779 2980 815 ca
3019 780 3134 830 qua:
3179 780 3370 832 prolio-

1837 856 1908 903 nit
1939 854 2160 919 probare
2183 868 2288 905 non
2316 853 2516 919 possit?
2549 852 2768 904 Solutio.
2808 852 2860 903 Si
2907 855 3123 904 canonis
3154 853 3367 914 quidem

1837 947 1995 1000 verba
2030 955 2243 1014 accepta
2270 946 2463 999 fuerint
2501 950 2564 999 ad
2600 949 2718 1008 hoc,
2752 958 2806 998 ut
2839 949 2882 998 is
2922 948 3007 1013 qui
3051 948 3206 1014 elegit
3244 962 3367 1012 pro-

1835 1037 2002 1103 priam
2039 1037 2490 1103 subscriptionem
2517 1048 2790 1104 agnoscat,
2811 1037 2952 1089 dicat
2978 1044 3151 1088 autem
3187 1045 3368 1102 postea

1834 1142 1890 1178 se
1925 1127 2198 1193 accepisse
2255 1127 2473 1192 aliquid,
2506 1127 2643 1193 quod
2680 1138 2820 1180 vetet
2872 1128 3157 1192 quominus
3183 1125 3245 1186 is,
3279 1125 3368 1191 qui

1835 1216 2034 1270 electus
2055 1230 2156 1278 est,
2189 1217 2252 1269 ad
2305 1218 2612 1284 dignitatem
2663 1217 3006 1284 episc'Opalem
3053 1216 3370 1282 provehatur

1838 1325 1938 1360 non
1969 1309 2100 1360 alias
2134 1309 2444 1374 deponetur,
2479 1323 2635 1375 quam
2665 1310 2706 1360 si
2765 1309 2813 1360 in
2848 1307 3244 1375 probationilms
3281 1307 3372 1356 de-

1838 1397 2040 1449 fecerit.
2072 1396 2172 1448 Sed
2209 1398 2249 1447 si
2281 1397 2688 1464 subscriptionis
2740 1396 3087 1450 contradictio
3131 1411 3221 1460 pro
3257 1381 3371 1458 ejus

1840 1485 2116 1549 negatione
2148 1495 2364 1550 accepta
2392 1485 2571 1544 luerit,
2606 1494 2792 1549 re'pcr
2844 1483 3138 1534 litterarum
3174 1481 3368 1547 proba-

1839 1572 2057 1634 tionem,
2116 1575 2193 1625 vel
2242 1575 2428 1640 'aliquo
2478 1573 2582 1625 alio
2642 1573 2794 1625 modo
2842 1572 3112 1631 convicta,
3159 1586 3221 1624 eo
3260 1571 3370 1636 ipso

1841 1666 2154 1730 deponetnr.
2190 1662 2320 1714 Nota
2354 1677 2476 1728 ergo
2521 1675 2835 1729 praesentem
2879 1676 3156 1722 amonem,
3192 1663 3278 1727 qni
3309 1663 3373 1712 de

1767 1731 1806 1783 Β
1837 1751 2248 1818 subscriptionis
2278 1752 2600 1804 inliciatiOne
2632 1753 2883 1819 loquitur,
2917 1763 2971 1801 ut
3004 1750 3129 1802 mihi
3159 1751 3374 1817 quidem

1839 1843 2065 1894 videtur.
2125 1841 2262 1909 Lege
2299 1851 2351 1893 et
2407 1853 2564 1908 caput
2613 1840 2697 1904 75,
2743 1841 2894 1909 primi
2931 1841 3086 1902 tituli,
3129 1839 3219 1891 lib.
3261 1851 3376 1889 χχιι

1844 1930 2081 1994 Basilic.,
2108 1943 2158 1982 et
2211 1947 2326 1998 cap.
2384 1932 2433 1986 1.
2465 1933 2541 1982 tit.
2575 1933 2626 1983 5.
2675 1932 2908 1997 ejusdem
2939 1931 3076 1991 libri,
3127 1941 3176 1981 et
3208 1940 3372 1981 tomm

1834 2023 1916 2073 tit.
1949 2021 1982 2072 4
2021 2020 2253 2085 ejusdem
2290 2011 2432 2082 libri,
2475 2031 2531 2074 et
2557 2037 2674 2089 cap.
2703 2020 2770 2072 60
2803 2019 2936 2072 tituli
2971 2021 3018 2071 1.
3064 2019 3178 2070 libri
3223 2033 3374 2077 χχιιι,

1835 2121 1887 2164 et
1919 2111 2064 2162 dices
2093 2115 2376 2178 quomodo,
2411 2110 2696 2177 aliquando
2719 2110 2924 2177 quidem
2956 2123 3045 2175 per
3081 2109 3374 2159 litterarum

1838 2201 2199 2264 collationem,
2227 2199 2511 2265 aliquando
2546 2210 2721 2252 autem
2776 2214 2866 2266 per
2898 2206 3059 2250 testes
3110 2197 3370 2267 iurantes,

1836 2290 2175 2342 convincitur
2201 2289 2249 2339 is
2270 2290 2356 2354 qui
2391 2298 2548 2354 negat
2577 2289 2841 2354 pr0priam
2868 2285 3318 2351 subscriptionem
3357 2299 3370 2335 :

1835 2386 1888 2430 et
1915 2379 2051 2442 quod
2078 2387 2190 2440 post
2215 2377 2601 2442 probationem,
2621 2378 2706 2443 qui
2727 2378 2999 2428 convictus
3020 2384 3120 2435 est,
3146 2375 3375 2442 cogitur,

1840 2484 1939 2520 non
1972 2467 2142 2520 solum
2175 2469 2480 2520 satisfacere
2508 2466 2816 2536 adversario
2838 2466 2903 2518 de
2935 2469 3228 2532 quantitate
3262 2479 3378 2530 qua:

1838 2559 1891 2611 in
1948 2559 2161 2624 scriptis
2215 2559 2538 2619 continetur,
2583 2558 2672 2612 sed
2699 2567 2752 2608 et
2786 2556 3008 2608 alterum
3046 2559 3377 2607 tantumdem

1838 2647 2062 2701 solvere.
2100 2647 2498 2714 Septuagesima
2541 2647 2770 2698 secunda
2805 2650 2980 2697 autem
3041 2645 3379 2710 imperatoris

1840 2737 2038 2788 domini
2069 2736 2261 2788 Leonis
2291 2734 2596 2801 Philosophi
2631 2735 2832 2787 novella
2880 2735 3086 2796 statuit,
3123 2744 3177 2786 ut
3207 2733 3380 2799 quod-

1839 2841 2046 2893 cunque
2099 2828 2379 2893 scriptum,
2447 2827 2498 2876 in
2559 2840 2663 2891 quo
2729 2825 3036 2878 veneranda:
3075 2823 3382 2878 etvivilicae

1841 2916 2018 2968 crucis
2055 2916 2219 2982 ﬁgura
2261 2931 2355 2982 per
2377 2930 2590 2967 manum
2629 2915 2742 2982 ejus
2778 2916 2867 2980 qui
2894 2916 3062 2980 ipsum
3086 2914 3384 2978 composuit

1841 3005 2036 3072 scripta
2064 2998 2163 3066 esi,
2205 3005 2411 3056 lirmutn
2463 3016 2514 3056 et
2545 3004 2872 3056 imtnutabile
2907 3012 3133 3068 maneat,
3167 3002 3376 3055 etiamsi

1845 3115 1946 3154 non
1973 3101 2041 3154 sit
2085 3101 2378 3168 adjectione
2426 3115 2597 3166 poena:
2657 3104 2937 3151 munitum.
2997 3097 3135 3162 Lege
3174 3111 3382 3164 quoque

1841 3198 2079 3248 eamdem
2111 3194 2388 3246 novellam.
2417 3192 2478 3244 Et
2509 3191 2716 3243 tandem
2747 3190 3027 3249 conclude,
3054 3191 3190 3256 quod
3218 3190 3382 3256 depo-

1841 3285 1892 3336 ni
1925 3283 2190 3334 antistites
2245 3281 2333 3348 qui
2365 3286 2572 3347 {negant
2617 3293 2740 3330 suas
2795 3279 2843 3328 in
2875 3277 3222 3329 electionibus
3253 3278 3382 3329 sub-

1843 3373 2182 3440 scriptiones,
2205 3370 2436 3437 speciale
2461 3378 2566 3430 est,
2600 3379 2653 3420 et
2679 3368 2834 3418 debet
2870 3367 2918 3416 in
2960 3367 3058 3419 hoc
3089 3366 3202 3418 solo
3242 3364 3385 3418 {aeto

1844 3459 2042 3513 valere.
2099 3458 2152 3512 Si
2203 3461 2343 3512 enim
2387 3459 2527 3510 aliud
2577 3472 2728 3509 suum
2791 3457 3044 3521 scriptum
3115 3458 3386 3523 negaverit

1841 3553 2122 3618 episcopus
2145 3551 2224 3600 vel
2256 3550 2500 3607 clericus,
2554 3557 2608 3597 ut
2641 3547 2764 3596 mihi
2809 3547 3033 3609 videtur,
3086 3562 3188 3597 non
3222 3549 3386 3614 depo-

1841 3651 2015 3698 netur,
2040 3639 2498 3704 utdicuntaliqui,
2537 3637 2630 3689 sed
2665 3650 2728 3688 ex
2769 3635 2968 3704 legibus
3008 3651 3166 3704 supra
3201 3640 3386 3705 p'ositis

1841 3729 2110 3794 punietur.

169 3809 360 3872 'Soxst,
412 3813 478 3862 οὐ
548 3811 1044 3880 καθαιρεθήσεται,
1085 3812 1227 3876 καθά
1263 3830 1421 3876 ¹τινες
1500 3815 1775 3882 λέγουσιν,
1850 3821 1982 3872 ἀλλὰ
2037 3823 2174 3874 κατὰ
2227 3827 2352 3887 τοὺς
2408 3827 2610 3879 ἄνωθεν
2663 3831 3141 3899 καταστρωθέντας
3192 3829 3388 3897 νόμους

206 3899 604 3972 κολασθήσεται.
1564 3941 1567 3944 -

261 3989 501 4042 ΖΩΝΔΡ.
538 3989 596 4040 '3
627 3993 885 4057 τέταρτος
918 3991 1095 4043 κανὼν
1122 3991 1217 4058 τῆς
1249 3994 1306 4045 ὲν
1332 3993 1538 4063 Νικαία
1590 3994 1737 4064 πρώ-

205 4091 287 4142 της
332 4078 556 4129 συνόδου
594 4078 698 4128 ὑπὸ
747 4079 960 4129 πάντων
996 4080 1101 4130 τῶν
1133 4081 1188 4130 ὲν
1225 4085 1288 4148 τῇ
1338 4083 1574 4150 ἐπαρχίᾳ
1618 4085 1736 4134 ἑπι-

207 4167 401 4219 σκόπων
431 4162 796 4230 καθίστασθαι
817 4168 986 4235 ὁρίζει
1021 4171 1336 4221 ἐπίσκοπον.
1368 4172 1428 4221 El
1461 4174 1515 4222 δέ
1542 4189 1621 4233 τις
1652 4175 1734 4240 είη

205 4257 495 4329 δυσχέρεια,
525 4261 672 4326 τρεῖς
708 4261 992 4324 ἐπιτοαυτὸ
1023 4263 1376 4328 συνάγεσθαι,
1429 4264 1733 4331 συμψήφων

1911 4002 2156 4058 ΖΟΝΛΒ.
2232 4001 2556 4070 Episcopum
2630 4014 2850 4070 qtmrtus
2922 4005 3146 4058 Nica‘nzc
3201 4007 3388 4073 prima:

1846 4096 2034 4163 synodi
2072 4107 2240 4146 canon
2270 4097 2506 4146 omnium
2546 4096 2831 4163 provincia:
2875 4098 3242 4162 episcoporum
3273 4097 3390 4150 suf-

1847 4184 2014 4248 fragio
2045 4185 2475 4254 constituendum
2509 4199 2629 4238 esse
2653 4188 2910 4239 decernit.
2943 4189 3011 4239 At
3038 4188 3079 4240 si
3108 4178 3392 4254 quonimus

1847 4274 1896 4325 id
1932 4275 2039 4326 lieri
2066 4278 2250 4341 possit,
2275 4289 2431 4327 causa
2459 4275 2638 4343 aliqua
2683 4278 2895 4344 gravior
2940 4277 3205 4332 obstiterit
3226 4287 3388 4341 ,tum

205 4346 282 4399 διά
325 4349 675 4417 γραμμάτων
728 4353 818 4400 καὶ
870 4352 972 4402 τῶν
1021 4351 1593 4420 λοιπῶν·γινομένων,
1647 4357 1736 4406 καὶ

1847 4378 1974 4415 vero
2013 4373 2118 4415 trcs
2147 4365 2306 4416 simul
2335 4368 2646 4428 convenire,
2688 4383 2749 4419 ac
2802 4369 3007 4420 caeteris
3044 4383 3136 4434 per
3184 4370 3389 4420 litteras

205 4437 355 4499 οὕτως
382 4442 480 4508 τὴν
534 4442 867 4508 χειροτονίαν
906 4442 1166 4506 γίνεσθαι.
1217 4445 1282 4493 "A
1333 4445 1508 4494 τοίνυν
1535 4448 1561 4498 ὁ
1595 4448 1741 4513 εἰρη-

211 4528 351 4591 μένος
380 4529 563 4582 κανὼν
586 4530 942 4593 διατάττεται,
972 4532 1163 4593 ταῦτα,
1196 4535 1357 4598 φασὶν
1380 4535 1426 4583 οί
1457 4534 1555 4600 τῆς
1587 4536 1742 4584 συνό-

209 4619 286 4669 δου
307 4623 533 4691 ταύτης,
577 4623 687 4676 δείν
741 4604 1100 4689 φυιαχθῆναι,
1136 4624 1208 4683 ὡς
1253 4623 1537 4690 ὁρισθέντα
1590 4627 1740 4693 παρά

207 4706 300 4758 τῶν
347 4713 450 4777 πρὸ
505 4712 747 4763 ἐκείνων.
779 4711 1122 4779 Χειροτονίαν
1163 4712 1206 4763 δ’
1267 4713 1498 4764 ἐνταῦθα
1537 4715 1609 4781 μὴ
1649 4715 1742 4782 τὴν

209 4801 532 4868 χειροθεσίαν
563 4803 657 4851 καὶ
689 4801 1018 4871 καθιέρωσιν
1055 4819 1296 4870 νοητεον,
1327 4804 1459 4855 ἀλλά
1501 4807 1597 4871 τὴν
1643 4805 1744 4872 ψῆ-

213 4895 418 4957 φον,ῐνα
457 4893 537 4961 μὴ
569 4893 700 4959 δοκῇ
741 4893 1116 4946 ἐναντιοῦσθαι
1165 4896 1240 4962 τῷ
1307 4898 1503 4962 πρώτῳ
1560 4898 1743 4949 κανόνι

212 4984 302 5032 τῶν
341 4986 509 5048 ἀγίων
558 4983 900 5045 ἀποστόλων,
971 4986 1064 5036 καὶ
1121 4987 1223 5037 ὑπὸ
1277 4977 1371 5037 δύο
1426 4990 1742 5038 ἐπισκόπων

213 5075 426 5150 «pacm
473 5076 891 5143 χειροτονεῖσθαι
945 5075 1262 5129 ἐπίσκοπον.
1296 5079 1480 5140 Ὅπως
1543 5079 1597 5129 δὲ
1645 5081 1744 5129 οὐκ

215 5167 552 5230 ἐναντιοῦται,
587 5152 798 5236 εἴρηται
833 5169 890 5219 ἐν
920 5169 985 5236 τῇ
1020 5167 1274 5236 ἐξηγήσει
1325 5167 1418 5218 τοῦ
1453 5168 1492 5218 δ’
1527 5168 1745 5228 κανόνος

215 5253 298 5319 τῆς
328 5257 380 5307 ἐν
403 5256 607 5325 Nimia
635 5257 858 5325 πρώτης
891 5258 1128 5321 συνόδου,
1164 5259 1198 5310 ἃ.
1220 5262 1312 5311 καὶ
1343 5262 1739 5328 ἀναγνωστέον.

221 5345 581 5412 Πρωτεὺοντας
625 5348 669 5400 δ’
720 5347 957 5401 ἐνταῦθα
1003 5335 1110 5401 τῶν
1147 5353 1426 5421 ἐπαρχιῶν
1473 5353 1596 5413 τοὺς
1653 5369 1749 5420 μη-

219 5440 522 5502 τροπολίτας
546 5441 727 5508 φησὶν,
757 5437 829 5495 ὧν
866 5443 1306 5511 παραγγέλματι,
1339 5443 1503 5511 ἡγουν
1537 5439 1744 5512 ἐντολῇ,

221 5547 547 5599 χειροτονειν,
569 5535 814 5588 τουτέστι
863 5535 1217 5602 ψηφίζεσθαι,
1252 5535 1394 5596 τοὺς-
1419 5537 1748 5596 ὲπισκίπους

225 5623 504 5676 ίπίσκοπον
532 5626 900 5680 διατάττεται.
928 5627 1053 5680 ἷΕὰν
1089 5626 1142 5678 δέ
1174 5642 1278 5692 τις,
1323 5627 1476 5694 φησὶ,
1505 5627 1612 5678 τῶν
1640 5627 1712 5694 ψη

1845 4458 2257 4512 assentientibus
2295 4459 2601 4525 episcopum
2631 4461 2836 4512 illorum
2868 4464 3180 4514 auctoritate
3201 4465 3380 4514 creari

1845 4549 2200 4615 placet.-Qu:e
2241 4551 2399 4617 igitur
2450 4553 2538 4604 illo
2590 4569 2790 4622 canone
2842 4555 3280 4620 pra-scribuntur,
3319 4571 3385 4607 ea

1848 4639 2096 4690 nimirum
2129 4655 2156 4691 a
2187 4643 2474 4706 majoribus
2500 4652 2697 4694 statuta
2729 4645 2927 4694 servari
2955 4655 3201 4708 epoi'tere
3235 4645 3391 4712 hujus

1844 4729 2030 4795 synodi
2074 4727 2261 4782 Patres
2299 4729 2581 4781 aﬂirmant.
2631 4729 2927 4782 Creationis
2963 4749 3120 4798 porto
3152 4735 3390 4792 nomine,

1846 4832 1948 4866 non
2011 4823 2260 4869 manuum
2312 4819 2579 4884 itnpositio
2609 4828 2658 4870 et
2688 4825 3044 4881 consectatio,
3078 4823 3168 4872 sed
3198 4821 3390 4873 electio

1847 4907 1945 4958 hoc
1978 4905 2091 4958 loco
2120 4908 2336 4975 intelligi
2389 4911 2575 4970 debet;
2601 4923 2677 4960 .ne
2723 4911 2895 4974 primo
2918 4924 3222 4964 sancwrum
3260 4925 3384 4976 apo-

1844 4999 2102 5047 stolorum
2147 4998 2358 5057 canoni,
2384 4998 2473 5063 qui
2520 5013 2546 5047 a
2580 4997 2782 5050 duobus
2811 4999 3070 5065 episcopis
3099 4989 3386 5052 creandum

1845 5103 1962 5140 esse
1993 5089 2295 5154 episcOpmn
2327 5088 2588 5152 decernit,
2624 5090 2711 5142 hic
2743 5104 2914 5144 canon
2939 5091 3238 5142 contrarius
3265 5105 3386 5144 esse

1845 5180 2199 5229 existimetur.
2229 5176 2359 5228 Nam
2389 5177 2462 5231 illi
2489 5179 2701 5246 quidem
2731 5179 2872 5232 nullo
2907 5181 3058 5232 modo
3092 5180 3386 5246 adversari,

1849 5267 1898 5317 in
1945 5267 2297 5334 explicatione
2349 5268 2572 5321 canonis
2624 5269 2658 5321 4
2715 5269 2934 5321 Nicaeum
2965 5268 3145 5337 primae
3199 5273 3380 5337 synodi

1850 5359 2376 5422 demonstravimus;
2415 5372 2468 5411 tu
2498 5377 2612 5412 eam
2663 5360 2799 5412 vide.
2856 5357 3116 5413 Primates
3153 5374 3276 5412 vero
3303 5361 3387 5413 hic

1849 5447 2243 5515 provinciarum
2282 5487 2295 5512 ,
2360 5451 2720 5518 metropolitas
2775 5449 3034 5513 nominat,
3070 5447 3387 5517 eorumque

1852 5539 2117 5601 mandato,
2174 5540 2271 5590 hoc
2318 5547 2417 5602 est,
2447 5538 2620 5604 jussu,
2661 5541 2727 5592 ab
2753 5540 3011 5609 episcopis
3076 5542 3384 5601 creandum,

1854 5629 1955 5680 hoc
1980 5640 2085 5689 est,
2130 5627 2430 5694 eligendum
2462 5643 2579 5681 esse
2603 5629 2900 5696 episcopum
2931 5630 3188 5685 decet-nit.
3236 5627 3382 5692 Quod
