4018 6306
545 258 612 320 67
1784 255 2054 316 THEOD.
2089 256 2481 319 BALSAMON

3661 253 3738 314 68

540 369 587 422 si
625 367 768 436 quis,
822 350 1019 434 inquit,
1059 365 1311 435 snﬂ‘ragio
1356 365 1464 420 lato
1532 376 1714 435 postea
1767 365 2089 420 confessioni

2197 369 2508 448 φισαμένων
2551 373 2646 426 καὶ
2681 371 2817 441 μετὰ
2859 369 2955 441 τὴν
2987 369 3164 438 ψῆφον
3193 368 3488 438 ἐναντιωθῇ
3517 370 3582 437 τῇ
3621 369 3735 436 ίδιᾳ

539 473 652 511 suae
679 465 766 508 aut
813 456 1194 522 subscriptioni
1235 456 1550 509 adversatus
1601 456 1783 516 fuerit,
1841 457 1940 510 hoc
1985 465 2087 518 est,

543 564 699 615 quem
731 547 877 614 prius
906 543 1190 611 episc0pali
1224 545 1387 608 gradu
1421 545 1636 610 dignum
1685 543 1957 613 suffragio,
2003 546 2088 598 vel

547 641 708 691 etiam
743 635 1156 702 subscriptione,
1181 634 1304 686 dum
1337 635 1402 686 de
1431 648 1495 686 eo
1541 633 1940 699 decerneretur,
1993 638 2088 687 de-

553 725 798 786 claravit,
827 738 955 776 mox
996 724 1214 789 dignum
1269 732 1445 789 negat,
1487 733 1646 790 atque
1672 737 1699 774 a
1735 737 1791 775 se
1822 724 1931 788 ipse
1976 723 2087 776 dis-

541 815 739 879 sentit;
773 814 884 877 ipse
927 827 985 865 se
1023 811 1216 866 summi
1267 813 1549 864 sacerdotii
1593 814 1795 866 honore
1825 813 2084 880 privabil,

545 908 597 959 id
631 914 732 970 est,
763 904 1118 972 depositione,
1155 902 1258 955 nisi
1304 903 1469 965 illius,
1494 917 1653 971 quem
1688 913 1926 967 accusat,
1953 919 2088 971 pro-

541 997 666 1048 bato
697 996 943 1056 crimine,
977 992 1445 1048 condemnabilur.

543 1083 705 1154 529
730 1084 952 1138 ARIST.
985 1083 1247 1136 «Primate
1269 1084 1507 1150 iubente,
1533 1085 1694 1137 etiam
1723 1093 1828 1136 tres
1853 1084 2088 1150 episc0pi

617 1195 635 1227 ι
673 1179 1005 1231 constituunt
1029 1179 1360 1244 episcopum.
1398 1175 1458 1228 Et
1507 1178 1599 1244 qui
1633 1191 1740 1229 suae.
1763 1176 2086 1230 confessioni

616 1287 632 1316 ι
679 1267 760 1320 vel
824 1267 1202 1335 subseriptioni
1255 1267 1591 1332 adversatur,
1644 1276 1832 1336 suopte
1887 1266 2088 1335 judicio

615 1374 631 1406 ι
671 1356 876 1409 honore
914 1355 1233 1423 privabitur.
1269 1373 1288 1405 ›

610 1446 834 1510 Omnes,
873 1446 920 1500 si
955 1445 1067 1498 ﬁeri
1097 1455 1288 1512 potest,
1321 1445 1607 1512 provinciae
1641 1448 1872 1514 episcopi
1916 1448 2090 1500 adsint

541 1551 759 1589 necesse
784 1545 886 1598 est,
935 1536 1148 1602 quando
1217 1536 1268 1588 in
1318 1537 1632 1590 vacantibus
1698 1538 2088 1605 episcopatibus

541 1628 775 1698 episcopi
824 1637 950 1680 sunt
1007 1628 1274 1696 eligendi;
1314 1629 1761 1697 quemadmodum
1795 1638 1846 1682 et
1898 1641 2089 1696 quarto

542 1719 730 1786 synodi
760 1717 993 1772 Nicaeum
1025 1721 1214 1772 eauoui
1251 1721 1422 1772 visum
1470 1731 1573 1781 est,
1605 1730 1659 1772 et
1692 1720 2087 1773 undevicesimo

543 1803 918 1860 Antiocheam.
984 1807 1037 1860 Si
1090 1807 1190 1860 hoc
1249 1819 1425 1861 autem
1495 1807 1704 1860 dillicile
1757 1806 1939 1869 fuerit,
1998 1818 2091 1858 aut

540 1903 752 1961 propter
784 1896 878 1947 viae
929 1896 1335 1963 longitudinem,
1392 1906 1481 1948 aut
1531 1897 1684 1948 aliaat
1717 1910 2088 1964 quamcunque

541 1986 940 2051 necessitatem,
992 1999 1098 2041 tres
1135 1989 1324 2041 saltem
1368 1989 1514 2056 jussu
1549 2000 1600 2043 et
1649 1989 1913 2042 sententia
1976 2003 2086 2039 me-

545 2077 850 2144 tropolitani
883 2080 961 2131 sui
995 2079 1308 2134 elcctioneiu
1334 2079 1549 2143 facient,
1582 2081 1896 2134 absentibus
1928 2081 2087 2132 etiam

541 2177 634 2229 per
682 2167 888 2219 litteras
921 2181 1242 2221 consensum
1288 2184 1440 2220 suum
1473 2167 1850 2234 praebentibus.
1883 2165 1936 2219 Si
1969 2167 2088 2233 quis

542 2268 720 2311 autem
782 2261 1069 2326 episcopus
1114 2259 1395 2312 confessus
1445 2259 1623 2320 fuerit,
1659 2269 1712 2310 et
1740 2257 2085 2310 aﬂirmaverit

541 2349 839 2415 quempiam
874 2350 1212 2414 episcopatus
1250 2349 1416 2415 gradu
1441 2349 1656 2414 dignum
1686 2363 1842 2413 esse;
1900 2347 2089 2400 deinde

542 2446 722 2490 autem
759 2451 854 2503 per
888 2437 1189 2505 passiOnem
1227 2437 1461 2502 aliquam
1517 2452 1625 2490 suae
1660 2437 1977 2490 confessioni
2009 2435 2089 2489 vel

544 2528 926 2594 subscriptioni
957 2529 1276 2580 adversatus
1304 2528 1485 2591 fuerit,
1519 2534 1573 2579 et
1603 2542 1722 2580 eum
1753 2527 1842 2595 qui
1878 2527 1943 2579 ab
1976 2525 2090 2593 ipso

543 2620 752 2672 electus
804 2619 925 2682 fuit,
969 2619 1242 2686 indignum
1275 2618 1608 2681 vocitaverit,
1641 2632 1763 2670 cum
1797 2631 1900 2669 non
1945 2617 2093 2682 igno-

541 2710 676 2764 ravit
729 2710 893 2763 etiam
966 2719 1110 2775 ante,
1175 2711 1346 2776 qualis
1400 2709 1520 2772 fuit,
1562 2724 1656 2764 suo
1683 2710 1885 2763 honore
1912 2710 2093 2777 priva-

544 2798 704 2854 bitur.
734 2803 798 2854 Et
835 2803 920 2854 lex
946 2804 1086 2855 enim
1126 2817 1217 2856 eos
1238 2842 1252 2865 ,
1283 2804 1370 2870 qui
1418 2803 1744 2856 mendaciter
1775 2782 1840 2856 et.
1877 2802 2093 2854 sibimet

543 2892 815 2944 contrario
878 2893 1054 2944 testati
1089 2904 1234 2955 sunt,
1295 2907 1388 2959 per
1443 2894 1809 2960 magistratus,
1873 2891 1962 2959 qui
2008 2890 2093 2959 ju-

2189 458 2448 528 ὁμολογίᾳ⁴
2500 461 2530 529 ἢ
2569 465 2634 530 τῇ
2673 463 2986 529 ὑπογραφῇ,
3025 460 3187 528 ἤγουν
3242 460 3335 510 ἐὰν
3380 458 3740 526 ὡμολόγησεν

2187 547 2331 611 ἄξιον
2364 545 2502 599 εἶναι
2536 549 2777 616 γίνεσθαι
2803 548 3117 605 ἐπίσκοπον,
3152 545 3181 612 ἢ
3215 545 3532 611 ὑπέγραψεν
3558 546 3614 594 ἐν
3646 541 3733 609 τῷ

2191 639 2318 705 περλ⁸
2367 638 2575 690 ἐκείνου
2612 639 2947 706 ψηφίσματι,
2982 634 3171 686 τοῦτον
3218 634 3356 700 μετὰ
3386 633 3558 684 ταῦτα
3595 631 3742 701 λέγῃ

2192 728 2264 796 μὴ
2291 725 2428 780 εἶναι
2465 729 2634 793 ἄξιον,
2665 728 2758 779 καὶ
2783 727 3093 778 ἐναντιῶται
3119 725 3282 785 αὐτὸς
3322 723 3515 790 ἐαυτῷ,
3537 723 3738 773 ἑαυτὸν

2189 818 2548 887 ἀποστερήσει
2573 820 2668 886 τῆς
2713 815 3104 885 ἀρχιερατικῆς
3133 814 3317 881 τιμῆς,
3351 812 3597 863 τουτέστι
3631 827 3740 862 κα-

2189 909 2583 977 θαιρεθήσεται,
2621 909 2694 976 μὴ
2719 906 3038 965 ἀποδεικνὺς
3067 905 3128 956 es
3155 903 3292 957 κατὰ
3321 902 3412 954 τού
3443 898 3735 953 διαϐαλλοο

2191 1001 2351 1066 μένου
2383 999 2657 1068 αἰτίαμα..

2188 1090 2408 1143 ΑΡΙΣΤ.
2502 1109 2519 1141 ι
2583 1088 2686 1140 Τοῦ
2745 1085 3115 1157 πρωτεύοντος
3175 1082 3570 1147 ἐπιτάττοντος,
3624 1084 3727 1133 καὶ

2260 1199 2279 1231 ι
2326 1183 2473 1248 τρεῖς
2506 1179 2792 1232 ἐπίσκοποι
2839 1175 3170 1229 καθιστῶσιν
3202 1173 3499 1226 ἐπίσκοπον
3526 1187 3540 1204 ο
3570 1170 3665 1222 καὶ
3707 1169 3741 1220 ὁ

2262 1288 2281 1320 ι
2324 1271 2388 1338 τῇ
2424 1268 2599 1336 οίκείᾳ
2637 1266 2896 1335 ὁμολογίᾳ
2929 1264 2963 1334 ἦ
2998 1264 3289 1332 ὑπογραφῇ
3321 1260 3739 1327 ἐναντιούμενος

2255 1381 2273 1413 ι
2318 1360 2526 1413 οἴκοθεν
2557 1359 2667 1421 ἕξει
2695 1359 2752 1410 τὸ
2779 1346 2991 1424 ἄτιμον.
3037 1374 3056 1406 ι

2257 1453 2468 1512 Πάντας
2503 1451 2599 1518 μὲν
2625 1449 2730 1517 χρὴ
2753 1450 3031 1516 παρεῖναι,
3061 1446 3108 1497 εί
3139 1443 3381 1507 δυνατὸν,
3419 1442 3520 1508 τῆς
3557 1442 3738 1510 ἐπαρ-

2189 1545 2310 1614 χίας
2343 1543 2470 1602 τοὺς
2518 1540 2869 1602 ἐπισκόπους,
2905 1538 2993 1589 ὅτε
3027 1535 3211 1602 μέλλει
3249 1531 3506 1602 γενέσθαι
3552 1530 3740 1600 ψῆφος

2189 1635 2489 1686 ἐπισκόπου
2530 1632 2587 1681 ἐν
2617 1631 2736 1692 ταῖς
2769 1630 3126 1696 χηρευούσαις
3160 1625 3482 1684 ὲπισκοπαῖς
3503 1636 3516 1651 ⁸
3555 1619 3741 1682 καθὼς

2192 1727 2284 1777 καὶ
2318 1723 2394 1790 τῷ
2423 1721 2667 1788 τετάρτῳ
2708 1718 2894 1769 κανόνι
2929 1716 3025 1784 τῆς
3055 1717 3113 1767 ὲν
3144 1713 3346 1782 Νικαίᾳ
3391 1710 3606 1762 συνόδου
3648 1709 3742 1760 δο-

2190 1819 2294 1875 κεῖ,
2324 1817 2416 1866 καὶ
2462 1811 2536 1881 τῷ
2583 1808 3044 1876 ἐννεακαιδεκάτῳ
3094 1806 3189 1873 τῆς
3230 1805 3289 1855 ὲν
3324 1799 3656 1868 Ἀντιοχείᾳο
3691 1799 3742 1850 εί

2188 1908 2243 1958 δὲ
2273 1906 2526 1975 δυσχερὲς
2575 1904 2751 1964 τοῦτο,
2785 1904 2816 1971 ἢ
2851 1901 2938 1953 διὰ
2993 1900 3165 1967 μῆκος
3213 1894 3412 1962 ὀδοῦ,ἢ
3445 1893 3511 1945 δι’
3549 1890 3746 1960 ἑτέραν

2189 1997 2308 2050 τινά
2337 1998 2608 2065 ἀνάγκην,
2646 1995 2793 2063 τρεῖς
2819 1991 2920 2042 κᾶν
2954 1991 3013 2041 τὸ
3046 1988 3326 2055 ἐλάχιστον
3377 1984 3610 2050 ὲπιταγῇ
3646 1980 3749 2032 καὶ

2188 2087 2384 2157 γνώμῃ
2410 2086 2504 2138 τοῦ
2539 2081 2934 2154 μητροπολίτου
2958 2079 3137 2131 αὐτῶν
3159 2081 3256 2146 τὴν
3283 2076 3463 2144 ψῆφον
3494 2074 3750 2132 ποιήσου-

2195 2197 2269 2243 σι,
2329 2179 2634 2246 συμψὴφων
2675 2174 2978 2241 γινομένων
3029 2172 3124 2221 καὶ
3181 2167 3292 2220 τῶν
3339 2167 3588 2218 ἀπόντων
3654 2159 3750 2212 διὰ

2193 2269 2560 2339 γραμμάτων.
2591 2266 2654 2317 Εἴ
2682 2281 2764 2326 τις
2796 2264 2850 2313 δὲ
2900 2262 3006 2314 τῶν
3066 2258 3384 2311 ἐπισκόπων
3419 2251 3751 2323 ὁμολογήσει

2195 2362 2288 2412 καὶ
2335 2355 2786 2410 διαϐεϐαιώσεταί
2841 2370 2965 2405 τινα
3010 2351 3157 2415 ἄξιον
3209 2348 3348 2402 εἶναι
3391 2346 3484 2398 τοῦ
3533 2339 3748 2412 βαθμοῦ

2192 2450 2290 2518 τῆς
2340 2448 2684 2516 ὲπισκοπῆςο
2729 2442 2847 2498 εἶτα
2902 2443 2991 2496 διά
3041 2461 3095 2494 τι
3153 2440 3324 2500 πάθος
3376 2435 3636 2492 ὲναντίως
3678 2432 3751 2499 τῇ

2194 2542 2453 2610 ὁμολογίᾳ
2490 2538 2656 2592 αὑτοῦ
2689 2538 2719 2606 ἢ
2757 2539 2823 2605 τῇ
2873 2535 3165 2603 ὑπογραφῇ
3192 2531 3449 2600 χωρήσει,
3493 2526 3586 2577 καὶ
3625 2523 3760 2576 ἀνά-

2196 2629 2305 2694 ξιον
2338 2631 2525 2681 τοῦτον
2557 2628 2646 2680 τὸν
2689 2628 2820 2692 παρ’
2871 2624 3033 2676 αὑτοῦ
3067 2620 3385 2688 ὲπιλεγέντα
3431 2614 3646 2681 καλοίη.
3675 2612 3758 2682 μὴ

2194 2719 2561 2789 ἀγνοούμενον
2599 2717 2728 2786 παρ’
2757 2714 2920 2767 αὑτοῦ
2953 2713 3046 2766 καὶ
3084 2712 3275 2781 πρώην
3313 2711 3494 2770 ὁποῖος
3524 2702 3611 2775 ἦν,
3650 2701 3759 2772 τῆς

2192 2812 2397 2874 οἰκείας
2450 2809 2614 2881 τιμῆς
2672 2807 3207 2876 άποστερηθήσεται.
3261 2804 3369 2854 Καὶ
3425 2801 3533 2868 γάρ
3584 2795 3677 2849 καὶ
3726 2796 3759 2848 ὁ

2196 2903 2360 2970 νόμος
2400 2902 2526 2961 τοὺς
2579 2899 2790 2967 ψευδῶς
2841 2899 2871 2966 ἦ
2909 2896 3165 2956 ἐναντίως
3205 2893 3417 2954 ἑαυτοῖς
3473 2886 3761 2958 μαρτυρήο

541 2983 906 3036 risdictionem
951 2985 1183 3049 habent,
1239 2987 1411 3053 poenis
1463 2986 1696 3054 subjicit,
1743 2993 1800 3036 ut
1829 2984 2091 3036 decimum

2202 3009 2400 3051 σαντας
2452 2991 2542 3042 διά
2608 2989 2715 3040 τῶν
2774 2987 3101 3055 προσφόρων
3166 2983 3439 3051 ἀρχόντων
3497 2979 3757 3046 τιμωρεῖ,

541 3081 788 3140 quartum
825 3073 983 3141 primi
1036 3075 1171 3129 tituli
1221 3076 1454 3130 vicesimi
1496 3074 1650 3128 primi
1681 3074 1800 3127 libri
1832 3081 1988 3140 caput
2015 3071 2100 3139 ju-

539 3165 647 3218 bet.

1114 3336 1342 3390 CANON
1375 3336 1515 3388 XIV.

549 3445 568 3478 ι
610 3427 680 3481 Ut
713 3443 850 3481 unus
893 3444 958 3482 ex
987 3427 1187 3497 Tripoli
1217 3430 1501 3495 episcopus
1549 3429 1604 3481 in
1652 3428 1971 3496 legationem
2003 3444 2096 3481 ve-

623 3537 643 3566 ε
681 3521 793 3572 niat
826 3529 918 3573 :et
970 3530 1026 3572 ut
1057 3521 1333 3587 presbyter
1363 3519 1469 3570 illic
1517 3533 1546 3570 a
1580 3521 1816 3586 quinque
1852 3521 2099 3571 audiatur

619 3626 636 3657 ι
677 3608 965 3676 episcopis.
1001 3609 1258 3662 Similiter
1304 3608 1554 3675 placuita
1603 3608 1824 3674 Tripoli,
1885 3619 2100 3677 propter

623 3717 640 3747 ι
686 3699 916 3767 regionis
972 3700 1226 3766 inopiam,
1285 3714 1445 3750 unum
1497 3699 1803 3765 episeopum
1866 3699 1916 3751 in
1954 3702 2099 3766 lega-

626 3807 644 3839 ι
683 3778 880 3840 tionem
917 3788 1118 3849 venire,
1150 3798 1204 3840 et
1255 3796 1312 3838 ut
1366 3787 1646 3856 presbyter
1681 3788 1786 3840 illic
1815 3802 1842 3838 a
1870 3789 2102 3856 quinque

627 3899 645 3928 ο
693 3879 959 3946 episcopis
998 3879 1264 3940 audiatur,
1317 3886 1372 3929 et
1423 3877 1679 3929 diae0nus
1741 3890 1770 3927 a
1822 3876 2011 3936 tribus,
2047 3884 2103 3928 ut

628 3989 645 4018 «ι
690 3968 938 4034 Superius
970 3967 1166 4018 dictum
1197 3975 1301 4028 est,
1355 3966 1570 4032 proprio
1608 3963 1812 4017 scilicet
1851 3964 2102 4032 episcopo

629 4076 645 4106 I
679 4057 1019 4124 praesidente.
1055 4072 1071 4103 ι

628 4237 822 4290 BALS.
853 4235 949 4289 Est
986 4235 1144 4288 etiam
1179 4236 1233 4289 in
1267 4235 1446 4290 Africa
1473 4233 1738 4304 Tripolis;
1763 4242 1816 4288 et
1849 4235 2099 4302 quoniam

553 4331 604 4380 in
636 4345 695 4381 ea
729 4338 882 4382 erant
906 4329 1058 4396 pauci
1089 4331 1348 4397 episcopi,
1373 4327 1560 4381 statuit
1593 4327 1848 4396 synodus,
1879 4337 1936 4378 ut
1965 4339 2104 4379 unus

553 4421 766 4484 quidem
797 4418 940 4468 illinc
988 4418 1233 4472 mittatur
1277 4419 1479 4486 legatus
1506 4418 1570 4469 ad
1597 4418 1989 4470 anniversarias
2020 4431 2105 4484 sy-

557 4505 764 4556 nodos:
799 4518 827 4555 a
874 4505 1107 4571 quinque
1144 4515 1320 4556 autem
1371 4505 1657 4570 episcopis,
1711 4516 1926 4572 propter
1966 4507 2104 4558 anti-

556 4594 741 4647 stitum
775 4595 1119 4660 paucitatem,
1153 4595 1521 4646 examinentur
1549 4609 1722 4646 causae
1770 4597 2106 4648 sacerdotum

557 4685 884 4748 crjniiuales,
951 4695 1005 4736 et
1074 4698 1102 4735 a
1168 4683 1337 4736 tribus
1401 4683 1746 4736 diaconorum
1805 4685 1934 4736 ultra
1991 4686 2108 4740 illos

559 4775 845 4842 episcopis,
883 4775 980 4826 sub
1011 4773 1206 4841 quibus
1245 4784 1370 4827 sunt
1405 4774 1726 4841 litigatores,
1766 4777 2104 4840 prresidenti~

557 4866 676 4919 bus.
737 4866 912 4928 Quare
971 4876 1094 4918 uola
1140 4881 1205 4918 ex
1270 4868 1370 4920 hoc
1425 4879 1637 4934 quoque
1694 4880 1918 4926 canone,
1971 4867 2109 4933 quod

557 4957 815 5022 episcopi,
871 4958 1066 5022 quibus
1123 4958 1351 5026 subjecti
1387 4966 1515 5010 sunt
1569 4958 1887 5024 litigatores,
1919 4957 2110 5010 debent

560 5061 680 5099 esse
731 5046 866 5099 ultra
925 5049 1226 5110 duodecim,
1286 5064 1377 5102 sex
1427 5060 1481 5102 et
1531 5058 1639 5102 tres
1689 5048 2017 5114 conjudices.
2050 5046 2112 5099 Et

561 5137 698 5202 quod
751 5138 794 5189 si
853 5151 964 5191 neu
1035 5139 1103 5188 sit
1162 5138 1530 5205 episcoporum
1571 5140 1767 5205 inopia,
1823 5137 2105 5206 pluresltis

562 5227 796 5294 episcopi
853 5228 1051 5279 debent
1102 5241 1296 5280 causas
1357 5243 1562 5294 eorum,
1616 5229 1705 5296 qui
1739 5238 1863 5290 sunt
1895 5229 2088 5282 sacrati

558 5331 903 5382 cognoscere.

644 5605 882 5666 ZONAR.
924 5610 1179 5677 Tripolim
1216 5609 1355 5662 illam
1395 5623 1510 5677 qua:
1547 5609 1598 5662 iu
1627 5609 1806 5662 Africa
1841 5611 2104 5682 intelligit.

2202 3081 2384 3143 καθὼς
2432 3080 2492 3132 τὸ
2541 3077 3106 3148 τεσσαρακαιδέκατον
3139 3072 3434 3142 κεφάλαιον
3473 3070 3565 3122 τοῦ
3599 3068 3759 3134 πρώι-

2200 3191 2294 3226 του
2329 3171 2510 3224 τίτλου
2553 3169 2647 3221 τοῦ
2701 3167 2949 3222 εἰκοστοῦ
3008 3165 3226 3236 πρώτου
3277 3163 3482 3232 βιϐλίου
3526 3157 3765 3225 διαλαμ-

2202 3261 2374 3314 δάνει.

2786 3346 3024 3401 ΚΑΝΩΝ
3065 3343 3160 3399 ΙΔ’.

2209 3461 2227 3493 ι
2269 3443 2431 3494 Ὥστε
2455 3442 2562 3494 ἀπὸ
2590 3440 2902 3507 Τριπόλεως
2939 3438 3035 3490 ἕνα
3069 3437 3363 3488 ἐπίσκοπον
3403 3449 3480 3497 εις
3529 3450 3766 3502 τοποτη-

2277 3553 2294 3584 ι
2343 3535 2536 3602 ρησίαν
2594 3532 2802 3597 ἐλθεῖνς
2888 3531 2981 3583 καὶ
3045 3529 3184 3580 ὥστε
3273 3527 3362 3580 τὸν
3420 3525 3764 3595 πρεσϐύτερα

2280 3643 2296 3673 ι
2348 3626 2552 3675 νὲκεῖσε
2641 3621 2744 3673 ὑπὸ
2832 3619 2994 3672 πέντε
3082 3617 3376 3671 ἀκούεσθαι
3427 3615 3761 3666 ἐπισκόπων.

2272 3733 2288 3763 ι
2346 3712 2575 3780 Ὁμοίως
2622 3713 2815 3780 ἤρεσεν
2868 3712 2972 3762 ἀπὸ
3023 3708 3337 3779 Τριπόλεως
3385 3706 3472 3758 διὰ
3511 3707 3607 3774 τὴν
3656 3702 3765 3772 τῆς

2278 3822 2295 3852 ι
2343 3803 2523 3871 χώρας
2556 3802 2761 3853 ἔνδειαν
2805 3802 2899 3852 ἕνα
2929 3800 3221 3851 ἐπίσκοπον
3255 3801 3332 3856 είς
3360 3796 3764 3866 τοποτηρησίαν

2279 3908 2294 3939 ι
2341 3890 2531 3950 ὲλΟεῖν,
2595 3888 2687 3940 καὶ
2769 3887 2854 3938 ἵνα
2909 3891 2936 3939 ὀ
2993 3887 3364 3956 πρεσϐύτερος
3418 3886 3596 3938 ἐκεῖσε
3653 3882 3764 3935 ὑπὸ

2283 3999 2299 4030 ι
2349 3980 2510 4031 πέντε
2549 3980 2812 4048 ἀκούηται
2871 3979 3203 4043 ἐπισκόπων,
3237 3980 3332 4031 καὶ
3378 3978 3618 4038 διάκονος
3653 3975 3765 4027 ὑπὸ

2279 4090 2295 4120 ι
2339 4071 2625 4140 τριῶν,ὼς
2675 4072 2931 4140 ἀνωτέρω
2983 4071 3219 4141 εἴρηται.
3272 4069 3368 4122 τοῦ
3415 4069 3544 4121 ἰδίου
3594 4064 3763 4119 αὑτοῦ

2276 4181 2294 4211 ι
2341 4161 2911 4230 ἐπισκόπουδηλονότι
2949 4160 3393 4228 προκαθημένου.
3437 4178 3455 4210 ι

2280 4253 2473 4303 ΒΑΛΣ.
2508 4251 2659 4303 Ἔστι
2717 4254 2811 4303 καὶ
2855 4254 2910 4303 ὲν
2959 4255 3023 4320 τῇ
3059 4254 3293 4322 Ἀφρικῇ
3345 4253 3633 4320 Τρίπολις·
3665 4258 3766 4308 καὶ

2136 4325 2179 4378 D
2209 4345 2330 4396 ἐπεὶ
2359 4349 2500 4414 ὴσαν
2552 4345 2607 4395 ἐν
2654 4345 2789 4413 αὑτῇ
2825 4345 2995 4410 ὀλίγοι
3028 4346 3344 4410 ἐπίσκοποι,
3376 4345 3574 4414 ὥρισεν
3605 4347 3636 4416 ή
3673 4346 3774 4398 σύ-

2207 4436 2372 4500 νοδος,
2401 4437 2496 4488 ἕνα
2541 4437 2637 4505 μὲν
2669 4437 2986 4504 πέμπεσθαι
3035 4438 3243 4488 ἐκεῖθεν
3275 4455 3476 4507 τοποτη
3491 4439 3659 4507 ρητὴν
3687 4443 3773 4501 εἰς

2206 4528 2303 4588 τὰς
2347 4527 2594 4594 ἐτησίους
2635 4529 2882 4590 συνόδους
2908 4545 2920 4558 ·
2964 4527 3069 4578 ὑπὸ
3099 4529 3258 4580 πέντε
3319 4529 3374 4579 δὲ
3423 4529 3760 4590 ἐπισκόπων,

2206 4617 2292 4668 διὰ
2335 4618 2434 4684 τὴν
2492 4616 2782 4683 ὀλιγότητα
2830 4615 2938 4667 τῶν
2969 4615 3292 4684 ἀρχιερέων,
3333 4615 3615 4686 τηρεῖσθαι
3668 4615 3773 4674 τάς

2209 4708 2617 4775 ὲγκληματικάς
2651 4707 2757 4757 τῶν
2785 4706 2977 4775 ίερέων
3012 4706 3318 4769 ὑποθέσεις,
3353 4709 3445 4758 καὶ
3466 4706 3568 4758 ὑπὸ
3597 4707 3769 4777 τριῶν

2213 4800 2309 4860 τὰς
2360 4799 2466 4849 τῶν
2516 4799 2812 4859 διακόνων,
2876 4798 3195 4864 ὀφειλόντων
3253 4803 3503 4851 ἐπέκεινα
3562 4799 3775 4850 τούτων

2213 4888 2592 4957 προκαθῆσθαι
2620 4890 2713 4940 καὶ
2757 4889 2865 4939 τῶν
2900 4890 3233 4952 ἐπισκόπων,
3274 4889 3364 4956 ὑφ’
3403 4889 3494 4951 οὒς
3531 4891 3580 4941 οἱ
3613 4889 3772 4941 δικα-

2218 4980 2434 5046 ζόμενοι
2463 4980 2766 5031 τάττονται.
2795 4979 2960 5030 Ὥστε
2991 4980 3296 5049 σημείωσαι
3325 4984 3415 5032 καὶ
3446 4979 3553 5031 άπὸ
3575 4980 3771 5032 τούτου

2214 5067 2294 5117 ὅτι
2324 5067 2371 5117 οἱ
2409 5066 2714 5129 ἐπίσκοποι,
2745 5067 2792 5116 οἱ
2836 5066 3051 5136 ἔχοντες
3089 5067 3177 5135 ὑφ’
3208 5069 3432 5130 ἑαυτοὺς
3461 5069 3585 5129 τοὺς
3616 5068 3772 5120 δικα-

2217 5156 2496 5224 ζομένους,
2523 5158 2779 5210 ἐπέκεινα
2809 5158 3118 5225 ὀφείλουσιν
3149 5153 3288 5212 εἶναι
3319 5163 3416 5229 τῆς
3447 5160 3768 5220 δωδεκάδος,

2217 5250 2310 5316 τῆς
2351 5250 2659 5313 ἑξάδοςκαὶ
2703 5251 2803 5318 τῆς
2845 5250 3062 5318 τριάδος
3089 5252 3196 5303 τῶν
3233 5250 3621 5304 συνδικαστῶν.
3655 5251 3771 5305 Καὶ

2219 5343 2319 5404 ὅτι,
2353 5341 2558 5401 ἐνδείας
2594 5341 2667 5409 μὴ
2713 5340 2877 5410 οὔσης
2909 5343 3243 5406 ἐπισκόπων,
3279 5343 3522 5400 πλείονες
3564 5343 3772 5396 τούτων

2224 5431 2510 5482 ἐπίσκοποι
2548 5431 2821 5496 ὀφείλουσι
2855 5433 3040 5500 τηρεῖν
3074 5433 3169 5494 τὰς
3197 5432 3479 5495 ὑποθέσεις
3527 5432 3632 5485 τῶν
3679 5435 3773 5483 is-

2222 5523 2494 5589 ρωμένων.

2290 5611 2524 5662 ΖΩΝΛΡ.
2554 5611 2810 5675 Τρίπολιν
2834 5612 2929 5676 τὴν
2962 5611 3018 5667 ἐν
3066 5612 3293 5683 Ἀφρικῇ
3327 5613 3491 5682 λέγει.
3525 5609 3633 5666 Ἦν
3661 5613 3770 5684 γὰρ
