4018 6306
159 300 224 364 59
1213 313 1296 374 ΙΝ
1333 312 1490 374 CAN.
1533 314 1630 375 XV
1666 312 1871 375 CONC.
1915 314 2286 376 CARTHAG.
3269 321 3342 382 70

159 415 308 465 xtier
355 414 638 484 Τρίπολις,
683 416 812 470 ἔνθα
850 418 1018 485 ὀλίγοι
1059 416 1198 491 ἦσαν
1244 423 1557 477 ἐπίσκοποι.
1607 422 1693 474 Διὸ

1804 419 1934 476 Erat
1985 423 2249 491 siquidem
2281 425 2332 478 in
2363 440 2424 479 ea
2458 442 2665 496 quoque
2727 428 2940 496 regione
2993 427 3241 497 Tripolis,
3279 435 3332 487 in

156 505 242 556 καὶ
290 505 392 557 ἕνα
435 509 822 579 τοποτηρητὴν
883 512 1078 580 ὥρισεν
1126 513 1159 580 ή
1213 512 1426 575 σύνοδος
1482 513 1694 566 ἐκεῖθεν

155 593 493 659 πέμπεσοαν
540 596 629 648 διὰ
680 598 737 650 δέ
787 599 886 667 τὴν
930 600 1098 670 αὐτὴν
1152 603 1330 653 αἰτίαν
1382 602 1478 654 καὶ
1533 603 1694 654 πέντε

155 683 476 746 ἐπισκόπους
533 689 723 753 ἀρκεῖν
796 689 1165 742 διετυπώσατο
1219 693 1299 749 είς
1349 692 1411 744 τὺ
1475 692 1695 744 δικασαι

157 770 546 842 πρεσϐύτερον,
580 776 1000 844 προκαθημένου
1029 779 1120 830 τοῦ
1160 780 1480 841 ἐπισκόπου,
1507 780 1598 844 ὑφ’
1635 779 1694 832 δν

154 860 402 912 τέτακται
427 864 454 913 ὁ
482 863 836 932 δικαζόμενος
865 866 1250 936 πρεσϐύτερος,
1269 867 1406 920 ὥστε
1438 867 1504 928 ἐξ
1533 869 1694 922 πάλιν

152 944 282 1001 εἶναι
307 952 437 1012 τοὺς
463 951 864 1022 διαγνώμονας.

152 1125 365 1179 ΔΡΙΣΤ.
435 1145 455 1177 ι
505 1127 605 1180 Διὰ
650 1129 750 1198 τὴν
799 1130 880 1193 είς
929 1131 1188 1200 Τρίπολιν
1229 1134 1338 1188 τῶν
1380 1135 1695 1189 ἐπισκόπων

218 1232 238 1265 ι
281 1216 490 1268 ἔνδειαν
541 1217 632 1269 καὶ
684 1214 767 1280 εἷς
821 1219 1110 1285 ἐπίσκοπος
1159 1225 1239 1285 είς
1289 1225 1695 1294 τοποτηρησίαν

214 1325 242 1356 r
272 1307 561 1376 ὲπάρκιος.
595 1325 614 1359 ι

209 1393 268 1446 οἱ
303 1397 405 1461 μὲν
437 1395 586 1448 ἄλλοι
632 1397 739 1448 τῶν
770 1399 1048 1467 ἐπαρχιῶν
1094 1400 1346 1469 πρόεδροι
1386 1399 1477 1453 δύο
1521 1401 1552 1469 ἢ
1601 1402 1694 1454 καὶ

152 1486 394 1548 πλείονας
470 1488 801 1550 ἐπισκόπους
884 1491 1259 1558 τοποτηρητὰς
1345 1492 1692 1557 ἐπιλέγεσθαι

151 1574 476 1642 ὡρίσθησαν,
537 1575 629 1626 καὶ
684 1577 1031 1630 ἀποστέλλειν
1087 1581 1285 1639 αὐτοὺς
1335 1579 1394 1630 ἐν
1449 1583 1513 1648 τῇ
1567 1581 1690 1633 κατ’

151 1663 388 1715 ἐνιαυτὸν
419 1665 621 1733 συνόδῳ
655 1668 712 1717 ἐν
765 1668 1070 1736 Καρχηδόνι
1093 1685 1108 1699 ·
1145 1669 1251 1721 ἀπὸ
1295 1671 1349 1722 δέ
1381 1671 1694 1737 Τριπόλεως

1802 523 1904 574 qua
1931 511 2298 578 episcoporum
2315 527 2568 566 numerus
2592 529 2720 566 sane
2733 518 2951 582 exiguus
2964 515 3080 569 fuit.
3107 515 3337 572 Proinde

1800 602 1852 644 et
1879 609 2040 646 unum
2089 610 2150 648 ex
2181 610 2242 649 eo
2274 597 2388 650 loco
2419 598 2645 664 legatum
2687 604 2889 667 synutlo
2942 604 3191 656 destinari
3226 605 3339 670 pla-

1807 683 1936 745 cuit,
1978 693 2031 734 et
2089 687 2324 737 eamdem
2372 687 2440 738 ob
2487 702 2728 749 causam,
2790 704 2891 741 uou
2928 693 3148 756 amplius
3180 707 3339 760 quam

1799 769 2037 835 quinque
2059 772 2355 838 episcopos,
2378 787 2461 838 eo,
2488 775 2570 828 cui
2601 776 2869 840 subjectus
2893 786 2973 829 est
3025 793 3161 843 rens,
3197 795 3341 847 quae.

1801 857 1957 911 stioni
1991 860 2262 925 praelecto,
2293 877 2412 914 cum
2459 878 2563 930 quo
2600 878 2692 916 sex
2744 863 2986 918 videlicet
3040 871 3341 934 cognitores

1802 949 2219 1014 constituantur,
2251 951 2303 1002 in
2329 952 2628 1004 sacerdotis
2663 967 2824 1006 causa
2857 954 3063 1020 judices
3097 973 3343 1011 necessa-

1801 1035 1882 1088 rio
1911 1036 2242 1090 adhibendos
2271 1053 2390 1093 esse
2414 1041 2674 1093 decernit.

1802 1123 2023 1177 ARIST.
2074 1144 2092 1176 ι
2128 1125 2350 1193 Propter
2403 1129 2636 1196 inopiam
2692 1130 2894 1200 Tripoli
2947 1135 3338 1203 episcoporum,

1880 1232 1897 1263 t
1937 1230 2072 1268 unus
2128 1219 2288 1270 etiam
2336 1219 2615 1287 episcopus
2665 1220 2728 1273 ad
2812 1221 3122 1290 legationem
3190 1226 3338 1278 suill-

1877 1320 1896 1354 ι
1931 1305 2026 1360 cit.
2071 1323 2090 1356 ι

1867 1393 1967 1444 Alii
1989 1394 2199 1460 quidem
2231 1396 2620 1461 provinciarum
2646 1399 2894 1464 praesides
2919 1402 3047 1454 duos
3077 1402 3156 1453 vel
3178 1403 3336 1456 etiam

1800 1483 1974 1547 plures
2014 1487 2287 1552 episcopos
2319 1485 2520 1551 legatos
2543 1489 2738 1554 eligere
2762 1489 2812 1541 iu
2839 1492 3100 1543 mandatis
3118 1506 3338 1557 accepe-

1803 1584 1948 1634 runt,
1988 1586 2184 1638 eosque
2242 1573 2304 1626 ad
2353 1575 2616 1641 synodum
2672 1576 2992 1641 Carthagine
3049 1579 3332 1645 quotannis

1803 1663 2034 1716 habitam
2071 1664 2300 1715 mittere.
2341 1666 2384 1715 Α
2415 1663 2611 1729 Tripoli
2644 1676 2818 1718 autem
2850 1675 2903 1719 et
2933 1683 3090 1720 unum
3128 1669 3337 1735 episco-

150 1753 233 1802 καὶ
265 1751 361 1801 ενα
400 1753 700 1804 ἐπίσκοπον
737 1756 1001 1821 ἐπαρκεῖν
1029 1759 1111 1817 είς
1152 1759 1556 1827 τοποτηρησίαν
1603 1759 1692 1813 διὰ
1721 1741 1768 1799 Β
1796 1765 1917 1818 Ριιη1
1946 1750 2008 1802 9d
2044 1750 2356 1819 ιεεδιίοηθιη
2409 1752 2646 1806 sumcere
2703 1765 2920 1822 ντοριοτ
2967 1756 3336 1823 θρῖεεοροτυιιι

149 1836 234 1906 τὴν
255 1840 364 1888 τῶν
394 1836 712 1891 ἐπισκόπων
743 1841 970 1895 ἔνδειαν.

727 1951 961 2004 ΚΑΝΩΝ
1015 1950 1112 2006 ΙΕ’.

157 2052 171 2085 ι
211 2036 345 2106 Περὶ
394 2041 668 2110 διαφόρων
717 2040 923 2103 τάξεων
973 2043 1072 2109 τῆς
1117 2041 1446 2109 Ἐκκλησίας
1485 2041 1696 2093 δουλευο

214 2145 233 2178 ι
275 2129 386 2181 τῶν
436 2130 588 2200 (15)·
643 2129 821 2192 ὥστε,
874 2131 966 2182 ἐάν
1032 2147 1113 2192 τις
1166 2133 1244 2192 είς
1295 2131 1694 2199 ἐγκληματικὸν

208 2233 228 2265 ι
271 2218 511 2285 πρᾶγμα
567 2219 861 2287 περιπέσῃ,
904 2220 997 2270 καὶ
1048 2220 1457 2287 παραιτήσηται
1489 2219 1548 2270 τὸ
1599 2220 1691 2271 ὲκ-

216 2323 234 2356 ι
276 2308 670 2376 κλησιαστικὸν
709 2294 1075 2377 δικαστήριον,
1106 2309 1342 2376 ὀφείλειν
1391 2308 1481 2360 τὸν
1513 2309 1691 2362 τοιοῦ-

212 2416 228 2442 ι
265 2412 356 2448 τον
389 2397 744 2462 κινδυνεύειν,
773 2399 865 2449 καὶ
894 2397 1030 2450 ὥστε
1068 2397 1138 2449 τὰ
1161 2398 1323 2450 τέκνα
1355 2399 1464 2450 τῶν
1495 2399 1691 2467 ίερέων

213 2489 562 2555 ικοσμικοί;
631 2489 879 2556 θεωρίοις
946 2488 1020 2555 μὴ
1075 2490 1385 2556 προσιέναι.
1459 2487 1689 2555 Ὁμοίως

209 2597 224 2626 ι
265 2579 488 2646 ήρεσεν,
522 2578 608 2629 ἵνα
663 2579 812 2639 ὅστις
871 2579 1070 2648 δήποτε
1117 2579 1227 2629 τῶν
1281 2577 1596 2630 ἐπισκόπων
1652 2579 1685 2648 ἦ

207 2685 223 2714 ι
271 2667 662 2736 πρεσϐυτέρων
686 2668 719 2737 ἢ
746 2669 1007 2721 διακόνων
1041 2669 1073 2736 ἢ
1105 2667 1400 2736 κληρικῶν,
1436 2669 1689 2737 πράγμα-

211 2773 225 2802 ι
264 2771 357 2816 τος
407 2755 560 2824 αὐτῷ
615 2755 1021 2824 ἐγκληματικοῦ
1089 2759 1121 2826 ἠ
1173 2756 1453 2808 πολιτικοῦ
1515 2761 1571 2807 ὲν
1619 2761 1686 2826 τῇ

208 2860 224 2890 ι
271 2843 543 2912 ἐκκλησίᾳ
591 2845 937 2911 κινουμένου,
984 2845 1077 2894 ἐὰν
1135 2847 1566 2913 παραιτούμενος
1624 2848 1687 2898 τὸ

207 2953 222 2982 ι
259 2936 726 3004 ἐκκλησιαστικὸν
774 2937 1126 3005 δικαστήριον
1166 2937 1446 3004 δημοσίοις
1483 2937 1686 3007 eam

209 3044 226 3075 ι
265 3026 611 3095 καθαρθῆναι
659 3026 1050 3095 δικαστηρίοις,
1093 3025 1194 3079 κᾶν
1238 3027 1376 3094 ὑπὲρ
1435 3028 1599 3080 αὐτοῦ
1649 3031 1683 3098 ἡ
1713 3049 1756 3111 c

208 3133 224 3164 t
262 3116 444 3182 ψῆφος
479 3115 796 3186 ἐκφωνηθῇ,
828 3119 978 3184 ὅμως
1028 3117 1118 3168 τὸν
1169 3117 1297 3168 ίδιον
1351 3117 1515 3169 τόπον
1553 3118 1686 3170 ἀπο-

207 3223 222 3254 ι
265 3205 418 3274 λέσῃ.
452 3205 565 3256 Kal
609 3204 765 3254 τοῦτο
817 3207 913 3272 μὲν
962 3207 1052 3256 ἐπὶ
1091 3205 1186 3256 τοῦ
1234 3207 1678 3274 ὲγκληματικοῦο

207 3312 226 3344 ι
269 3295 364 3346 ἐπὶ
406 3294 467 3345 δὲ
518 3293 818 3352 πολιτικοῦ,
853 3295 1092 3365 ἀπολέσῃ
1138 3297 1196 3346 τὸ
1229 3300 1308 3357 είς
1341 3297 1368 3348 ὃ
1412 3298 1682 3364 ἐνίκησεν,

206 3400 223 3432 ι
265 3384 359 3435 ἐὰν
386 3384 482 3434 τὸν
513 3384 642 3434 ίδιον
668 3384 829 3434 τόπον
860 3382 1060 3453 θελήσῃ
1090 3386 1359 3454 κατέχειν.
1388 3387 1496 3439 Καὶ
1529 3386 1686 3439 τοῦτό

206 3490 222 3520 ι
267 3488 330 3538 γε
395 3472 508 3540 μὴν
571 3472 786 3539 ἤρεσεν,
842 3471 1002 3534 ὥστε,
1060 3473 1154 3524 ἐὰν
1207 3476 1311 3525 ἀπὸ
1358 3475 1683 3542 οίωνδήποτε

205 3579 224 3613 ι
267 3562 542 3614 δικαστῶν
573 3562 1038 3629 ἐκκλησιαστικῶν
1068 3565 1160 3615 ἐπὶ
1189 3563 1382 3624 ἄλλους
1416 3564 1680 3626 δικαστὰς

205 3670 222 3700 ι
263 3651 776 3719 ἐκκλησιαστικοὺς,
817 3652 1036 3718 ἔχοντας
1087 3650 1306 3717 μείζονα
1354 3656 1453 3720 τὴν
1492 3653 1682 3703 αὐθεν-

203 3756 220 3788 ι
259 3740 400 3798 τίαν,
423 3738 687 3804 ἐκκλητος
717 3740 957 3804 γένηται,
985 3738 1152 3806 μηδὲν
1178 3739 1434 3806 βλάπτειν
1464 3741 1683 3800 τούτους

203 3847 218 3877 ι
263 3822 338 3881 ὧν
370 3830 404 3897 ὴ
437 3827 620 3894 ψῆφος
653 3827 857 3887 λύεται,
893 3826 988 3878 ἐὰν
1021 3829 1344 3897 ἐλεγχθῆναι
1403 3831 1476 3899 μὴ
1522 3831 1682 3899 δυνη-

208 3935 222 3966 ι
263 3919 431 3970 θῶσιν
478 3918 512 3986 ἢ
555 3918 696 3968 κατὰ
759 3917 960 3987 ἔχθραν
1007 3918 1039 3987 ἢ
1093 3921 1233 3972 κατὰ
1303 3922 1680 3990 προσπαθειαν

204 4026 219 4055 ι
261 4007 624 4068 δεδικ-ακέναι,
656 4007 690 4076 ἦ
739 4025 843 4058 τινι
896 4009 1074 4076 χάριτι
1129 4011 1545 4080 ὑποφθαρῆναιο
1584 4015 1678 4066 ἐὰν

202 4113 218 4143 ι
259 4094 310 4145 δὲ
341 4097 490 4146 κατὰ
515 4097 822 4146 συναίνεσιν
853 4097 958 4148 τῶν
991 4099 1171 4166 μερῶν
1204 4102 1548 4167 ἐπιλεγὲντες
1579 4098 1679 4158 ὦσι

203 4185 539 4250 ιδικασταὶ,
601 4187 650 4237 εί
734 4189 830 4239 xal
896 4187 1207 4259 ὀλιγώτεροι
1281 4192 1492 4247 ἔσονται
1568 4197 1676 4248 τῶν

201 4294 216 4324 ι
256 4277 606 4344 ὁρισθέντων,
641 4277 714 4344 μὴ
750 4276 947 4338 ἐξεῖναι
979 4278 1354 4334 ἐκκαλεῖσθαι.
1385 4283 1496 4334 Καὶ
1529 4284 1672 4336 ὥστε

201 4384 216 4415 ι
254 4367 324 4415 τὰ
350 4365 523 4416 τέκνα
553 4365 662 4441 τῶν
688 4368 872 4436 ἱερέων
903 4366 1103 4435 Θεώρια
1151 4371 1389 4437 κοσμικὰ
1422 4373 1675 4441 μὴέκτεο
1711 4359 1749 4410 ί)

201 4471 215 4504 ι
255 4454 364 4504 λείν
421 4454 560 4520 μηδὲ
618 4435 859 4522 θεωρεῖν.
911 4457 1078 4508 Τοῦτο
1143 4458 1196 4510 δὲ
1247 4435 1340 4512 καὶ
1390 4435 1520 4513 πᾶσι
1566 4467 1675 4525 τοῖς

199 4547 609 4616 ιΧριστιανοῑς
676 4549 761 4597 ἀεὶ
837 4551 1192 4618 κεκήρυκται,
1256 4551 1398 4603 ῶστε
1470 4556 1674 4606 τούτων

199 4655 217 4686 ι
253 4636 582 4704 ἀπέχεσθαι,
610 4633 746 4688 ῶστε
774 4637 903 4688 ὅπου
922 4636 1257 4709 βλασφημίαι
1279 4642 1384 4694 εἰσὶ
1407 4642 1481 4712 μὴ
1511 4660 1678 4714 προσ-

198 4744 213 4774 ι
252 4727 411 4780 ιέναι.
454 4745 475 4777 ι

195 4819 377 4871 ϋΛΛΣ.
415 4818 528 4870 Καὶ
560 4818 669 4868 ἀπὸ
694 4817 801 4869 τῶν
831 4819 1006 4888 νόμων
1035 4836 1127 4872 και
1159 4823 1264 4874 ἀπὸ
1293 4823 1400 4875 τῶν
1430 4826 1671 4880 κανόνων

134 4905 344 4972 δέδοται,
379 4907 460 4974 μὴ
516 4905 661 4974 ἔχειν
718 4905 810 4958 ἐπ’
849 4907 1044 4994 ,ἁδείας
1102 4910 1330 4964 ἕκαστον
1389 4915 1519 4984 παρ’
1578 4918 1672 4986 οἴῳ

134 4995 360 5060 βούλεται
379 4997 717 5066 δικαστηρίῳ
741 4999 1224 5068 ἁποκριματίστως
1246 5005 1478 5071 ἐνάγειν.
1506 5007 1670 5060 Ἀλλὰ

130 5087 227 5147 τοῖς
265 5088 362 5153 μὲν
393 5088 608 5148 λαῐκοίς
635 5089 1066 5157 ἀπενεμήθησαν
1116 5093 1182 5142 τὰ
1219 5094 1470 5147 πολιτικὰ
1522 5097 1674 5149 δικα-

133 5175 472 5243 στήρια,τοῐς
503 5175 559 5228 δὲ
614 5177 930 5246 ἱερωμένοις
986 5179 1080 5231 καὶ
1134 5185 1246 5243 τοῖς
1301 5189 1551 5254 μοναχοίς
1598 5190 1664 5239 τὰ

111 5258 556 5336 ’ἐκκλησιαστικὼ
616 5268 682 5322 El
721 5287 804 5331 τις
853 5266 946 5324 οὖν
978 5273 1286 5343 ίερωμένος,
1324 5283 1485 5346 φησὶν
1512 5286 1539 5334 ό
1574 5304 1674 5339 κα-

1797 1839 2046 1906 inopiam.

2380 1951 2605 2007 CANON
2635 1953 2748 2008 XV.

1802 2057 1820 2090 ι
1860 2039 1931 2093 De
1963 2041 2184 2094 diversis
2215 2043 2484 2096 ordinibus
2512 2044 2758 2098 Ecclesia:
2789 2046 3159 2109 servientibus,
3200 2055 3256 2100 ut
3285 2047 3332 2102 si

1867 2148 1886 2181 ι
1924 2132 2044 2202 quis
2081 2133 2130 2184 in
2169 2133 2328 2202 530
2356 2134 2628 2186 criminale
2671 2135 2940 2198 negotium
2990 2134 3247 2195 inciderit,
3285 2144 3338 2188 et.

1868 2237 1888 2270 ι
1923 2221 2165 2274 abnuerit
2218 2223 2477 2288 judicium
2548 2223 2988 2285 ecclesiasticum,
3043 2223 3230 2275 debeat
3284 2222 3335 2276 itt

1869 2327 1886 2359 t
1923 2310 2216 2376 periculum
2259 2311 2457 2372 venire,
2492 2320 2544 2364 et
2600 2321 2654 2363 ut
2720 2312 2808 2362 lilii
2871 2314 3204 2364 sacerdotum
3266 2313 3334 2365 ιι

1868 2415 1887 2448 ι
1927 2401 2193 2450 mundana
2250 2401 2550 2464 Spectacula
2591 2415 2698 2452 non
2748 2401 3018 2452 accedant.
3081 2401 3339 2453 Similiter

1866 2505 1884 2538 t
1926 2489 2141 2556 placuit,
2178 2498 2234 2540 ut
2274 2491 2574 2556 quicunque
2616 2490 2900 2556 episcopus
2931 2490 3030 2550 vel,
3057 2492 3335 2557 presbyter

1868 2597 1886 2630 ι
1930 2579 2011 2632 vel
2047 2580 2301 2632 diaconus
2335 2580 2414 2631 vel
2464 2579 2716 2642 clericus,
2777 2579 3042 2631 criminali
3086 2579 3163 2632 vel
3195 2579 3337 2632 civili

1869 2684 1887 2716 ι
1931 2667 2298 2719 controversia
2329 2667 2378 2717 iu
2413 2664 2647 2718 Ecclesia
2704 2666 2957 2718 adversus
2986 2681 3112 2717 eum
3173 2677 3336 2726 mota,

1865 2774 1882 2806 t
1926 2759 1970 2809 si
2001 2770 2254 2808 recusans
2287 2755 2462 2807 forum
2485 2755 2904 2808 ecclesiasticum
2933 2754 3058 2808 velit
3110 2755 3334 2821 publicis

1867 2863 1885 2896 ι
1917 2845 2133 2910 judiciis
2179 2846 2418 2913 purgari,
2472 2846 2678 2898 etiamsi
2714 2861 2809 2913 pro
2843 2860 2907 2899 eo
2938 2845 3197 2898 sententia
3231 2844 3336 2896 lata

1866 2951 1884 2985 ι
1921 2935 2011 2997 sit,
2045 2944 2222 2988 tamen
2257 2935 2533 3003 proprium
2564 2935 2734 2989 locum
2769 2935 2997 2988 amittat.
3028 2935 3092 2988 Et
3131 2935 3180 2987 id
3215 2936 3334 3002 qui-

1866 3044 1885 3076 ι
1923 3029 2041 3080 dem
2095 3027 2147 3078 in
2177 3027 2478 3089 crimiuali;
2518 3025 2568 3078 in
2616 3025 2756 3079 civili
2806 3037 3005 3088 autem,
3042 3025 3230 3094 perdat
3284 3024 3337 3076 id

1865 3134 1882 3167 ι
1917 3131 2013 3184 pro
2043 3130 2147 3182 quo
2182 3116 2444 3169 actionem
2481 3115 2726 3177 intendit,
2753 3115 2798 3168 si
2855 3118 3124 3181 propriqu
3161 3113 3334 3164 locum

1863 3222 1882 3254 ι
1920 3203 2162 3256 obtinere
2195 3203 2444 3257 voluerit.
2475 3203 2651 3270 Atque
2705 3203 2806 3254 hoc
2832 3203 3042 3269 quidem
3095 3200 3334 3268 plaCuit;

1865 3311 1884 3344 ι
1922 3301 1977 3344 ut
2026 3292 2071 3345 si
2108 3306 2138 3345 a
2173 3291 2583 3361 quibuscunqtte
2638 3276 3017 3345 ecclesiasticis
3068 3292 3337 3358 judicihus

1863 3401 1881 3434 ι
1918 3385 1984 3436 ad
2041 3382 2172 3435 alios
2223 3382 2433 3450 judices
2493 3382 2910 3444 ecclesiasticos,
2953 3381 3205 3448 majorem
3238 3393 3336 3446 po-

1860 3491 1878 3523 ι
1924 3481 2171 3525 testatem
2211 3463 2489 3535 habentes,
2532 3470 2948 3537 ﬁatappellatio,
2979 3469 3030 3522 id
3081 3467 3213 3520 nihil
3238 3483 3332 3519 eos

1860 3582 1877 3612 ι
1921 3563 2077 3615 laniat
2110 3563 2337 3613 duorum
2397 3560 2656 3613 sententia
2714 3561 2961 3622 solvitur,
2996 3559 3039 3611 si
3090 3558 3334 3610 convinci

1862 3670 1880 3701 ι
1923 3665 2026 3702 uou
2066 3653 2274 3717 possint
2308 3648 2388 3701 vel
2444 3649 2569 3700 odio
2621 3647 2696 3700 vel
2745 3649 2917 3715 aliqua
2981 3649 3143 3700 animi
3203 3647 3334 3698 alle-

1861 3761 1879 3792 ι
1914 3743 2087 3794 ctione
2115 3741 2409 3808 judicasse,
2472 3738 2552 3792 vel
2597 3741 2760 3805 gratia
2825 3741 3001 3807 aliqua
3048 3747 3328 3804 corruptus

1863 3850 1880 3883 t
1919 3845 2074 3895 esse;
2111 3831 2192 3883 sin
2233 3840 2409 3883 autem
2450 3842 2514 3883 ex
2570 3843 2836 3881 consensu
2898 3830 3127 3895 partium
3176 3825 3335 3878 electi

1859 3941 1877 3974 ι
1914 3923 2020 3976 sint
2048 3921 2274 3988 judices,
2301 3921 2509 3973 etiamsi
2560 3919 2672 3974 sint
2721 3919 3020 3986 pauciores,
3070 3933 3230 3986 quam
3265 3917 3336 3968 sit

1857 4027 1875 4059 ι
1915 3991 2208 4069 deﬁnitum,
2274 4024 2375 4061 non
2409 4008 2574 4061 licere
2637 4009 2926 4075 appellare.
2960 4006 3023 4058 Et
3059 4016 3114 4056 ut
3151 4020 3334 4057 eaet-r-

1858 4118 1877 4150 ι
1921 4101 2102 4152 dotum
2138 4099 2250 4162 lilii,
2281 4099 2556 4152 smcularia
2590 4099 2892 4163 spectacula
2945 4112 3040 4150 nec
3074 4108 3338 4165 peragant

1858 4206 1876 4238 ι
1927 4203 2024 4241 nec
2053 4195 2318 4256 spectent.
2367 4187 2480 4240 Hoc
2508 4197 2683 4239 autem
2717 4196 2770 4238 et
2797 4188 3046 4240 omnibus
3075 4187 3338 4239 Christia-

1859 4299 1876 4331 t
1907 4282 1989 4333 uis
2013 4294 2226 4347 semper
2250 4288 2329 4330 est
2357 4276 2723 4337 interdictum,
2754 4284 2809 4328 ut
2833 4276 2898 4328 ab
2926 4276 2989 4327 iis
3011 4277 3335 4334 abstineant,

1855 4389 1872 4420 ι
1908 4381 1962 4421 ut
1994 4369 2080 4421 ubi
2113 4376 2240 4422 sunt
2293 4366 2639 4434 blasphemia:
2673 4373 2726 4419 et
2777 4363 3058 4418 maledicta
3095 4380 3198 4416 non
3246 4380 3335 4415 ac-

1857 4478 1874 4512 ι
1911 4463 2121 4516 cedant.
2162 4478 2180 4512 ι

1852 4848 2042 4902 BALS.
2071 4850 2135 4903 Et
2170 4866 2197 4904 a
2234 4851 2438 4922 legibus
2465 4865 2516 4909 et
2541 4871 2570 4908 a
2603 4857 2899 4911 cauonibus
2936 4860 3185 4912 trzttlilttm
3218 4874 3324 4924 εει,

1780 4955 1883 4994 non
1910 4941 2071 4995 licere
2102 4943 2387 5012 unicuique
2416 4948 2553 5011 apud
2607 4950 2963 5015 quodcunque
2996 4953 3119 5003 velit
3150 4952 3322 5005 furum

1778 5033 1913 5083 citra
1955 5031 2323 5100 praijudicium
2355 5051 2534 5102 agere.
2569 5037 2670 5090 Sed
2708 5039 2857 5093 laicis
2883 5045 3099 5109 quidem
3131 5047 3332 5101 tributa

1776 5133 1898 5172 sunt
1930 5119 2046 5174 fora
2099 5122 2274 5174 civilia
2309 5141 2322 5176 :
2358 5127 2435 5179 eis
2485 5136 2689 5191 autem,
2725 5131 2816 5196 qui
2851 5141 2974 5184 sunt
3021 5137 3241 5198 sacrati,
3279 5148 3330 5190 et

1776 5211 2058 5264 monachis
2087 5213 2478 5268 ecclesiastica.
2518 5214 2570 5270 Si
2601 5223 2721 5286 quis
2747 5236 2897 5287 ergo,
2933 5221 3106 5290 inquit
3133 5241 3326 5285 canon.

1775 5309 2064 5364 sacratus,
2133 5302 2233 5356 hac
2261 5309 2642 5361 constitutione
2697 5321 3023 5381 contempta,
3073 5315 3124 5367 iu
3187 5318 3328 5371 civili

1339 5421 1532 5486 Guill.
1561 5430 1880 5512 Beveregii
1913 5445 2101 5501 notae.

130 5589 163 5606 ,ν
189 5522 292 5602 (i5)
325 5526 440 5606 Τῆς
463 5531 792 5598 ἐκκλησίας
823 5531 1177 5592 δουλευτᾶηι.

128 5605 494 5652 δουλευουσῶν.

1222 5539 1281 5594 In
1315 5557 1446 5600 mss.
1481 5550 1909 5612 Amerhachiano
1933 5574 1986 5616 et
2017 5564 2321 5623 Etouieusi
2383 5575 2581 5627 rectius
2641 5574 2855 5642 legitur.
2920 5577 2996 5645 Τῇ
3057 5577 3323 5647 ἐκκλησίᾳ
