4018 6306
604 289 672 353 71
1849 273 2123 332 THEOD.
2173 267 2569 330 BALSAMON

3756 256 3858 315 72

603 395 806 466 judicio
837 394 1092 447 adversus
1135 398 1405 443 sacratum
1441 385 1524 438 vel
1555 383 1873 438 monachum
1911 383 2163 436 crimina-

2291 379 2385 446 ὼν,
2456 378 2874 448 καταφρονήσας
2948 376 3042 445 τῆς
3112 373 3368 442 τοιαύτης
3438 370 3854 441 θεσμοθεσία;,

611 489 712 541 ient
746 488 1009 539 actionem
1043 479 1369 542 intenderit;
1398 475 1479 528 vel
1526 475 1571 530 si
1612 478 1732 544 quis
1758 475 1823 528 ad
1855 485 2161 555 competens

611 579 784 631 [οιίιιιι
844 572 1270 628 ecclesiasticum
1336 578 1560 631 tractus,
1625 568 1674 620 id
1733 565 2081 627 recusaverit,
2109 574 2164 618 et

612 669 882 739 publicum
944 680 1037 716 seu
1090 663 1245 718 civile
1297 661 1517 728 elegerit
1570 659 1645 726 (id
1702 658 1845 710 enim
1892 667 1975 710 est
2032 656 2164 709 velle

613 760 853 830 purgari,
916 772 1006 808 seu
1061 770 1087 805 a
1131 752 1355 806 crimine
1390 749 1524 802 velle
1557 747 1760 801 absolvi
1804 748 2166 812 innocensque

612 848 876 903 declarari
943 860 1037 911 per
1091 844 1360 912 publicum
1387 836 1693 907 ju'dicium).
1736 838 1946 890 etiamsi
1978 836 2029 889 in
2077 837 2166 889 illo

618 941 831 1008 publico
887 937 1086 1003 judicio
1149 932 1362 994 vicerit,
1398 930 1510 982 sive
1543 937 1709 991 actor,
1759 929 1871 981 sive
1900 944 2059 980 reus:
2093 935 2170 980 ta-

620 1048 740 1086 men
775 1029 1043 1099 proprium
1089 1026 1287 1085 locum,
1349 1024 1460 1074 sive
1527 1020 1744 1089 gradum
1804 1027 1859 1070 et
1913 1018 2167 1072 honorem

617 1121 1008 1178 sacerdotalem
1065 1116 1306 1177 amittet;
1357 1123 1572 1180 propter
1635 1111 1733 1161 ltoc
1775 1109 1946 1175 ipsum
1999 1111 2168 1161 solum

620 1211 912 1278 depositus,
951 1207 1088 1274 quod
1131 1207 1332 1257 scilicet
1359 1199 1973 1255 forumecelesiasucutn
2014 1213 2171 1250 recu-

627 1301 848 1362 saverit,
877 1308 928 1351 et
958 1296 1110 1348 civile
1146 1292 1390 1360 elegerit.
1421 1292 1487 1344 Et
1526 1291 1742 1358 quando
1770 1287 1934 1341 fuerit
1958 1288 2170 1354 quidem

623 1389 902 1444 criminale
965 1386 1247 1453 judicium,
1277 1384 1354 1435 sic
1407 1382 1548 1433 erit:
1612 1381 1824 1447 quando
1879 1389 2059 1430 autem
2093 1387 2174 1429 est

623 1481 782 1534 civile
811 1480 953 1546 quod
980 1489 1240 1538 movetur,
1274 1488 1362 1524 seu
1407 1473 1798 1539 pecuaiarinm,
1841 1471 2051 1523 etiamsi
2077 1483 2173 1548 ~sa-

624 1584 812 1626 cratus
845 1570 1164 1622 sententiam
1200 1564 1512 1626 obtinuerit,
1551 1578 1629 1615 sne
1661 1578 1871 1630 quoque
1899 1577 1924 1613 a
1957 1561 2177 1629 prOprio

629 1663 792 1730 gradu
855 1661 1083 1723 excidet,
1125 1657 1225 1710 nisi
1287 1671 1396 1708 rem
1461 1655 1858 1721 contempserit,
1911 1667 2005 1719 pro
2070 1665 2173 1721 qua

629 1755 946 1807 sententiam
994 1749 1238 1810 obtinuit,
1273 1756 1324 1800 et
1371 1761 1432 1798 ea
1480 1745 1699 1797 cesserit
1749 1743 2055 1796 adversario
2074 1757 2175 1795 suo

629 1862 658 1895 a
687 1858 746 1897 se
780 1851 1052 1909 superato.
1092 1841 1350 1891 Prmterea
1400 1836 1752 1887 decreverunt
1798 1832 2005 1898 Patres,
2043 1843 2098 1885 ut
2131 1833 2173 1885 si

632 1935 755 2002 quis
783 1934 1038 1986 adversus
1071 1930 1441 1997 episcoporum
1480 1926 1560 1978 vel
1603 1925 1825 1978 aliorum
1853 1923 2178 1978 ecclesiasti-

633 2038 817 2077 corum
869 2021 1106 2088 judicum
1141 2018 1457 2071 sententiam
1519 2017 1882 2084 appellaverit,
1919 2025 1971 2069 et
2004 2015 2178 2082 appel-

635 2113 761 2167 latio
800 2112 863 2165 ad
898 2111 1150 2178 majorem
1177 2112 1431 2177 judicem,
1461 2109 1886 2162 ecclesiasticum
1914 2110 2178 2173 videlicet,

643 2204 890 2265 redierit,
957 2201 1104 2268 juxta
1161 2201 1512 2254 universalem
1562 2199 1700 2266 juris
1764 2201 2020 2265 regulam,
2062 2211 2181 2265 qua:

639 2295 845 2354 statuit,
890 2292 1118 2360 jndices,
1149 2291 1212 2343 ad
1244 2306 1376 2357 quos
1408 2291 1717 2360 appellatur.
1775 2301 2025 2354 Oportere
2063 2304 2194 2341 esse.

640 2381 872 2445 tnajores
897 2381 961 2430 iis
993 2381 1080 2447 qui
1113 2380 1342 2444 pritnum
1386 2378 1740 2448 judicaverint
1770 2394 1783 2428 :
1820 2385 1872 2430 et
1901 2379 2184 2446 contigerit

638 2485 669 2521 a
693 2468 958 2538 jndicibns
979 2469 1348 2536 appellationis
1379 2471 1601 2536 primam
1628 2472 1944 2522 sententiam
1977 2468 2141 2522 everti
2167 2486 2182 2534 ;

641 2537 785 2609 nulla
815 2556 865 2607 in
904 2537 961 2608 re
992 2557 1252 2608 laedantur
1275 2557 1331 2618 ii,
1360 2557 1450 2624 qui
1483 2556 1710 2623 primam
1750 2559 2074 2610 sententiam
2108 2567 2187 2607 tu-

643 2646 836 2709 lerunt,
860 2647 973 2698 sive
1022 2647 1090 2696 sit
1143 2661 1305 2697 causa
1338 2647 1651 2709 criminalis,
1694 2650 1808 2700 sive
1840 2652 2185 2716 pecuniaria;

561 2753 563 2757 ί
644 2732 745 2785 nisi
781 2734 816 2786 ti
853 2732 1085 2786 convicti
1139 2733 1335 2785 fuerint
1365 2734 1687 2784 sententiam
1725 2735 1908 2787 tulisse
1974 2747 2189 2802 propter

640 2824 821 2876 odium
853 2823 969 2891 ejus
1000 2822 1092 2888 qui
1141 2822 1428 2875 damnatus
1456 2832 1557 2885 est,
1593 2824 1675 2877 vel
1707 2833 1922 2892 propter
1951 2824 2189 2877 all‘ectio-

643 2927 762 2965 nem
796 2914 847 2965 in
882 2928 1006 2965 eum
1060 2913 1151 2979 qui
1192 2922 1272 2965 est
1325 2913 1621 2976 absolutus,
1649 2913 1732 2966 vel
1778 2923 1832 2965 nt
1881 2915 2189 2967 muneribus

2264 471 2509 540 ἐναγάγῃ
2561 471 2713 530 παρά
2775 466 3034 530 πολιτικῷ
3089 462 3426 533 δικαστηρίῳ
3483 464 3628 516 κατά
3662 463 3854 530 ἱερω-

2269 563 2497 634 μένουῆ
2545 561 2778 633 μοναχοῦ
2832 559 2961 628 περὶ
3011 556 3425 626 ἐγκληματικῆς
3486 554 3857 616 ὑποθέσεως,

2267 658 2300 727 ἢ
2333 658 2490 718 εἴτις
2520 653 2721 714 αὐτῶν,
2756 653 2902 721 παρά
2931 649 3007 718 τῷ
3038 651 3332 717 προσφὸρῳ
3372 645 3854 713 ἐκκλησιαστικῷ

2266 744 2598 812 δικαστηρίῳ
2655 740 2972 801 ἐλκυσθεὶς,
3028 738 3424 805 παραιτήσεται
3486 735 3664 797 τοῦτο,
3727 734 3852 784 καὶ

2269 833 2570 897 ἐπιλέξεται
2613 831 2962 897 δικαστήριον
3012 827 3309 894 δημοτικὸν
3356 826 3474 895 ἦτοι
3538 824 3850 876 πολιτικὸν

2271 923 2449 996 (τοῦτο
2527 923 2634 990 γάρ
2694 923 2806 972 ἐστι
2877 920 2938 969 τὸ
3013 917 3217 970 ἐθέλειν
3288 916 3630 986 καθαρθῆναι
3703 915 3854 986 ἢτοι

2270 1013 2594 1082 ἀθωωθῆναι
2632 1010 2727 1062 τοῦ
2758 1009 3080 1075 αίτιάματος
3122 1008 3212 1060 διὰ
3251 1008 3510 1078 δημοσίου
3556 1007 3849 1074 δικαστη-

2274 1103 2435 1169 ρίου),
2480 1100 2582 1154 κᾶν
2624 1099 2819 1166 νικήσῃ
2865 1098 2922 1148 ἐν
2987 1098 3064 1164 τῷ
3121 1097 3460 1165 δικαστηρίῳ
3505 1096 3700 1163 ἐκείνῳ
3751 1094 3856 1163 τῷ

2272 1193 2560 1261 πολιτικῷ,
2604 1192 2714 1243 εἴτε
2757 1189 2833 1251 ὼς
2877 1188 3121 1252 ἐνάγων,
3168 1189 3221 1239 εἴ
3264 1204 3322 1240 τε
3361 1189 3435 1251 ὡς
3475 1189 3858 1255 ἐναγόμενος,

2273 1284 2426 1350 ὅμως
2454 1285 2544 1334 τὸν
2581 1284 2711 1337 ῐδιον
2737 1285 2919 1349 τόπον,
2942 1287 3058 1355 ήτοι
3085 1283 3291 1352 βαθμὸν
3313 1284 3405 1334 καὶ
3433 1281 3527 1351 τὴν
3552 1279 3862 1351 ἱερατικὴν

2273 1371 2438 1436 τιμὴν
2466 1369 2724 1422 ἀπολέσει
2753 1387 2767 1400 ·
2795 1371 2882 1422 διὰ
2915 1373 3072 1423 τοῦτο
3121 1371 3252 1422 αὐτὸ
3282 1371 3376 1422 καὶ
3422 1371 3581 1439 μόνον
3632 1369 3820 1422 καθαι
3843 1401 3858 1409 -

2281 1460 2559 1529 ρούμενος,
2594 1462 2680 1513 διὰ
2711 1462 2770 1513 τὸ
2803 1461 3240 1531 παραιτήσασθαι
3272 1460 3332 1511 τὸ
3362 1458 3852 1527 ἐκκλησιαστικὸν

2278 1550 2645 1620 δικαστήριον,
2673 1554 2767 1604 καὶ
2799 1552 3152 1616 ἐπιλέξασθαι
3181 1551 3240 1602 τὸ
3266 1551 3563 1603 πολιτικόν.
3593 1549 3720 1601 Καὶ·
3741 1550 3857 1600 ὅτε

2286 1643 2383 1709 μὲν
2431 1643 2831 1710 ἐγκληματικὸν
2883 1643 2970 1711 εἴη
3009 1643 3068 1695 τὸ
3120 1643 3490 1710 δικαστήριον,
3536 1642 3858 1708 γενήσεται

2281 1736 2437 1789 τοῦτο
2465 1754 2479 1767 ·
2529 1737 2615 1788 ὅτε
2664 1736 2721 1788 δὲ
2771 1735 3046 1788 πολιτικόν
3101 1737 3218 1787 ἐστι
3259 1734 3318 1785 τὸ
3370 1731 3681 1802 κινούμενον
3715 1732 3858 1802 ἦτοι

2282 1829 2638 1899 χρηματικδν,
2674 1827 2777 1880 κᾶν
2819 1826 3078 1896 δικαιωθῇ
3113 1828 3140 1878 ὀ
3172 1826 3480 1895 ίερωμένος,
3536 1827 3632 1876 καὶ
3660 1823 3858 1887 οὕτως

2283 1920 2594 1971 ἐκπεσεῖται
2622 1918 2714 1969 τοῦ
2747 1917 2947 1970 οἰκείου
2979 1915 3286 1986 βαθμοῦλεί
3321 1917 3394 1984 μὴ
3421 1914 3858 1982 καταφρονήσει

2281 2009 2374 2062 τοῦ
2402 2008 2724 2077 πράγματος
2752 2009 2840 2076 ἐφ’
2871 2001 2915 2074 ᾧ
2949 2005 3262 2073 ἐδικαιώθη,
3295 2007 3387 2058 καὶ
3432 2006 3854 2074 παραχωρήσει

2284 2096 2421 2151 εἷναι
2446 2101 2577 2150 αὐτὸ
2611 2100 2761 2168 παρὰ
2781 2099 2857 2167 τῷ
2890 2098 3145 2166 ἀντιδίκῳ
3188 2096 3351 2149 αὑτοῦ
3394 2096 3470 2165 τῷ
3512 2097 3850 2165 ἡττηθέντι.

2286 2190 2426 2260 Πρὸς
2460 2189 2669 2249 τούτοις
2700 2189 2907 2256 ὥρισαν
2935 2189 2983 2240 οἱ
3008 2188 3270 2257 Πατέρες,
3309 2186 3418 2249 ἵνα,
3452 2187 3547 2239 ἐὰν
3596 2187 3850 2240 ἐκκαλέο

2289 2283 2445 2351 σηταί
2492 2299 2575 2342 τις
2629 2281 2771 2333 κατὰ
2813 2279 3141 2346 ἀποφάσεως
3185 2279 3502 2330 ἐπισκόπων
3548 2279 3580 2346 ἦ
3633 2280 3859 2347 ἐτέρων

2287 2373 2554 2425 δικαστῶν
2593 2371 3083 2440 ἐκκλησιαστικῶν,
3115 2369 3208 2422 καὶ
3261 2372 3294 2438 ή
3330 2369 3590 2438 ἐκκλητος
3627 2371 3856 2421 ἐπανα-

2287 2464 2468 2532 δράμῃ
2495 2464 2570 2523 εις
2595 2462 2811 2530 μείζονα
2833 2461 3111 2526 δικαστὴν,
3131 2460 3342 2519 πάντως
3363 2460 3854 2528 ἐκκλησιαστικὸν,

2288 2555 2427 2606 κατά
2469 2556 2565 2622 τὴν
2607 2553 2836 2604 καθόλου
2869 2552 3096 2621 νομικὴν
3131 2549 3505 2612 διδασκαλίαν,
3531 2550 3629 2620 τὴν
3660 2551 3857 2620 διορι-

2238 2645 2242 2650 ’
2293 2644 2526 2713 ζομένην
2569 2646 2693 2706 τοὺς
2756 2642 3044 2711 ἐκκλήτους
3092 2643 3355 2702 δικαστὰς
3400 2641 3634 2706 ὀφείλειν
3691 2637 3854 2695 εἶναι

2295 2738 2540 2805 μείζονας
2589 2735 2696 2786 τῶν
2761 2734 2989 2801 πρώτως
3065 2733 3436 2793 δικασάντων,
3495 2731 3588 2783 καὶ
3656 2734 3855 2801 συμϐῇ

2290 2825 2674 2893 ἀνατραπῆναι
2723 2823 2821 2892 τὴν
2891 2822 3112 2890 πρώτην
3181 2823 3459 2888 ἀπόφασιν
3523 2822 3672 2890 παρά
3737 2824 3858 2874 τῶν

2294 2913 2662 2982 ἐκκληταρίων
2710 2914 3017 2974 δικαστῶν,
3082 2912 3226 2964 κατά
3283 2914 3449 2982 μηδὲν
3507 2913 3857 2980 βλάπτεσθαι

641 3005 879 3071 corrupti
907 3021 921 3066 ;
968 3007 1019 3056 id
1051 3005 1192 3056 enim
1225 3013 1306 3056 est
1334 3004 1500 3071 gratia
1546 3013 1858 3072 corruptum
1895 3017 2051 3060 esse:
2095 3011 2187 3054 aut

2293 3005 2418 3064 τοὺς
2464 3004 2695 3071 πρώτως
2757 3003 3250 3072 ἀποφηναμένους,
3298 3003 3400 3053 κᾶν
3453 3004 3850 3070 ἐγκληματική

645 3096 954 3146 muneribus
1019 3095 1384 3160 corrumpitur
1429 3094 1739 3159 quispiam,
1800 3094 1881 3146 vel
1934 3095 2186 3159 pecunias

645 3184 975 3250 accipiendo,
1002 3183 1081 3233 vel
1109 3197 1172 3234 eo
1196 3183 1285 3248 qui
1309 3184 1479 3248 ipsum
1513 3184 1774 3248 corrupit,
1808 3183 1984 3248 aliqua
2013 3183 2186 3252 gratia

645 3273 731 3326 vel
760 3273 1019 3326 beneticio
1053 3274 1379 3325 demerente.
1422 3271 1555 3324 Nota
1590 3287 1716 3339 ergo
1741 3283 2058 3340 praesentem
2095 3288 2190 3325 ca-

647 3380 863 3429 nonem,
919 3363 1160 3416 homines
1193 3371 1432 3415 sacratas
1487 3365 1634 3418 valde
1693 3367 2044 3433 punientem,
2102 3365 2189 3428 qui

649 3458 1127 3523 quomodocunque
1181 3454 1232 3504 in
1291 3453 1521 3520 politicis
1573 3453 1788 3520 judiciis
1822 3455 2046 3522 litigant.
2081 3452 2190 3505 Nec

655 3546 750 3598 tibi
802 3546 1126 3597 contrarium
1174 3545 1410 3593 videatur
1458 3557 1574 3610 cap.
1618 3543 1706 3604 90,
1759 3545 1839 3597 tit.
1894 3546 1945 3608 1,
2001 3544 2090 3595 lib.
2143 3560 2192 3596 ιι

650 3635 843 3686 Basilic
875 3673 889 3696 ,
923 3646 976 3686 et
1008 3649 1129 3700 cap.
1165 3632 1217 3692 9.
1247 3634 1326 3684 tit.
1353 3630 1406 3694 3,
1437 3631 1528 3683 lib.
1559 3649 1636 3694 Ill,
1669 3635 1807 3699 quod
1833 3634 1980 3694 dicit,
2015 3649 2195 3686 sacra-

653 3737 734 3777 tos
763 3726 1070 3775 renuntiare
1095 3739 1248 3792 posse
1277 3727 1559 3779 sacerdotii
1591 3724 1993 3792 prtt-scriptioni.
2017 3723 2196 3786 Quatt-

653 3824 761 3867 tum
821 3814 959 3866 enim
1018 3817 1081 3865 ad
1142 3819 1505 3869 adversarium
1537 3819 1748 3876 attinet,
1781 3816 1914 3866 valet
1967 3815 2185 3883 hocpn-

651 3916 816 3956 ctum.
881 3903 973 3955 Est
1024 3913 1199 3954 autem
1254 3906 1357 3956 alia
1385 3907 1522 3958 ratio
1547 3906 1688 3970 quod
1718 3906 2011 3958 secundum
2062 3919 2195 3972 prte-

654 4005 858 4048 sentem
893 4010 1151 4047 canonem
1211 3986 1418 4047 laeditur
1482 3997 1569 4062 qui
1629 4011 1750 4049 eum
1817 3997 2198 4062 contempserit

655 4085 825 4138 sacris
907 4086 1167 4136 initiatus.
1229 4084 1366 4152 Lege
1427 4094 1479 4137 et
1539 4085 1894 4138 centesimum
1950 4094 2198 4146 tutartum

655 4178 912 4227 canonem
978 4173 1534 4245 .syttodiitprwsentis,
1585 4183 1638 4224 et
1685 4172 1938 4223 Cbalced.
2012 4172 2197 4239 synodi

658 4278 912 4316 canonem
946 4261 1000 4313 9.
1023 4261 1153 4312 Cum
1190 4272 1364 4311 autem
1389 4275 1557 4312 canon
1577 4261 1818 4324 superius
1850 4262 2113 4316 Statuerit,
2147 4265 2200 4307 nt

2292 3095 2543 3159 ἐστι,κᾶν
2573 3096 2884 3163 χρηματικῇ
2925 3094 3195 3155 ὑπόθεσις·
3232 3095 3279 3146 εί
3312 3095 3476 3162 μήπω
3506 3093 3852 3162 ἐλεγχθῶσιν

2292 3181 2433 3239 οὗτοι
2469 3187 2873 3252 ἀποφηνάμενοι
2903 3188 3039 3236 κατὰ
3069 3186 3267 3253 ἔχθραν
3297 3184 3389 3236 τοῦ
3417 3187 3859 3238 καταδικασθέν-

2293 3292 2403 3338 τος,
2439 3277 2470 3344 ἢ
2500 3275 2638 3325 κατὰ
2697 3276 3071 3341 προσπάθειαν
3109 3275 3202 3324 τοῦ
3253 3275 3652 3336 δικαιωθέντος,
3696 3276 3730 3344 ἢ
3771 3275 3859 3334 ὡς

2294 3365 2749 3434 δωροδοκηθέντες
2771 3382 2783 3395 ·
2817 3365 2972 3416 τοῦτο
3011 3366 3117 3432 γάρ
3150 3367 3264 3415 ἐστι
3295 3367 3353 3416 τὸ
3387 3365 3569 3435 χάριτι
3602 3364 3854 3430 ὑποφθα-

2300 3457 2484 3525 ρῆναιο
2509 3458 2625 3526 ’ήτοι
2658 3457 3029 3525 δωροδοκεῖ-ταί
3058 3472 3139 3515 τις
3166 3456 3199 3524 ἢ
3233 3456 3494 3525 χρήματα
3527 3455 3857 3524 λαμϐάνων.

2295 3546 2327 3613 ἢ
2379 3545 2544 3612 ἄλλην
2589 3547 2708 3598 τινὰ
2755 3547 2916 3613 χάριν
2959 3544 3105 3613 αὐτῷ
3155 3545 3488 3611 πληροῦντος
3535 3545 3628 3595 τοῦ
3683 3546 3862 3596 αὑτὸν

2298 3633 2740 3700 ὑποφθείραντος.
2767 3635 3073 3701 Σημείωσαι
3109 3633 3200 3684 οὖν
3235 3635 3324 3684 τὸν
3349 3635 3590 3702 παρόντα
3617 3638 3850 3697 κανόνα,

2302 3723 2546 3789 μεγάλως
2593 3723 2886 3786 κολάζοντα
2925 3723 3048 3784 τοὺς
3094 3725 3403 3792 ἱερατικοὺς
3450 3724 3855 3791 δικαζομένους

2299 3814 2651 3880 ὁπωσδήποτε
2715 3815 2792 3873 εἰς
2856 3813 3181 3881 δικαστήρια
3245 3816 3518 3866 πολιτικά.
3582 3817 3689 3866 Καὶ
3775 3820 3859 3884 μὴ

2299 3906 2588 3973 ἐναντιωθῇ
2618 3921 2696 3954 σοι
2716 3907 2774 3955 τὸ
2803 3921 2923 3970 κεφ.
2946 3909 2991 3970 ιιν
3018 3905 3111 3957 τοῦ
3142 3903 3190 3956 α’
3211 3905 3389 3956 τίτλου
3420 3905 3512 3956 τοῦ
3545 3912 3612 3957 ια’
3644 3907 3859 3972 βιϐλίου

2299 3996 2403 4046 τῶν
2434 3993 2753 4057 Βασιλικῶν,
2781 3997 2871 4046 καὶ
2919 3996 2977 4046 τὸ
3013 3995 3054 4045 0'
3106 4012 3233 4059 κεφ,
3283 3994 3378 4046 τοῦ
3414 3995 3588 4060 γ’τὶτ.
3641 3982 3858 4063 βιϐλίού

2299 4084 2390 4138 τοῦ
2429 4083 2476 4151 γ’
2508 4085 2756 4150 λέγοντος
2799 4085 3054 4136 δύνασθαι
3090 4085 3215 4145 τοὺς
3255 4085 3579 4154 ίερωμένους
3618 4086 3861 4138 ἀποτάτ-

2300 4175 2485 4226 τεσΟαι
2541 4177 2605 4242 τῇ
2654 4175 2751 4239 τῆς
2806 4174 3105 4243 ἱερωσύνης
3152 4179 3521 4244 παραγραφῇ·
3574 4177 3697 4228 ὅσον
3745 4171 3900 4246 γὰρ’

2303 4264 2436 4327 πρὸς
2482 4266 2571 4315 τὸν
2625 4264 2893 4315 ἀντίδικον
2956 4263 3188 4334 ἔρρωται
3229 4266 3290 4315 τὸ
3340 4265 3628 4333 σύμφωνον
3670 4266 3859 4317 τοῦτο.

656 4345 887 4423 episcopi
911 4353 1064 4421 531
1095 4368 1119 4401 a
1145 4352 1421 4404 duodecim
1440 4349 2037 4417 episcopisjutlicentnr,
2064 4366 2088 4398 τι
2110 4365 2187 4400 se:

2307 4354 2530 4422 Ἕτερον
2563 4353 2618 4404 δὲ
2647 4353 2802 4419 λόγου
2830 4356 2964 4417 ἐστὶ,
2997 4357 3077 4407 ὅτι
3109 4356 3401 4423 βλάπτεται
3427 4357 3565 4408 κατὰ
3589 4357 3678 4409 τὸν
3712 4373 3861 4426 παρ-

660 4456 835 4495 nntem
886 4444 1217 4504 sacerdotes,
1251 4451 1302 4493 et
1331 4441 1539 4493 diaconi
1579 4456 1604 4490 a
1659 4442 1827 4492 tribus
1863 4457 1875 4491 :
1911 4439 2203 4506 snlijttn‘te-

665 4550 788 4588 rtlttl
855 4534 1061 4594 Patres,
1114 4533 1253 4599 quod
1313 4547 1430 4599 qua:
1485 4535 1548 4582 de
1582 4531 2032 4598 appellationibus
2063 4532 2202 4580 dicta

661 4634 784 4676 sunt
816 4635 869 4677 et
907 4625 1105 4688 reliqua
1151 4622 1321 4673 locum
1361 4625 1574 4682 habent,
1617 4623 1834 4688 quando
1880 4620 2082 4687 judicia
2112 4634 2202 4672 ec-

660 4715 958 4769 clesiastica
1014 4715 1148 4780 apud
1178 4725 1254 4767 tot
1281 4723 1645 4780 competentes
1693 4711 1901 4779 judices
1950 4711 2146 4762 fuerint
2185 4726 2200 4762 :

663 4820 765 4856 non
818 4814 1019 4864 autem,
1047 4805 1260 4869 quando
1291 4819 1350 4856 ex
1383 4802 1712 4856 accusatoris
1755 4811 1809 4854 et
1842 4800 1956 4867 ejus
1996 4801 2087 4867 qui
2119 4815 2207 4852 ac-

663 4902 879 4944 cusatur
908 4895 1202 4954 voluntate,
1242 4895 1379 4961 apud
1409 4894 1618 4960 aliquos
1650 4893 1846 4943 electos
1887 4906 1978 4943 seu
2009 4906 2071 4943 ex
2098 4890 2206 4941 ele-

581 5053 583 5057 ι
663 4984 841 5036 ctione
890 4984 1417 5050 susceptosjudices,
1451 4986 1540 5049 qui
1590 4997 1728 5046 saepe
1777 4981 2207 5047 sunt-pauciores

666 5089 824 5139 quam
881 5075 1176 5125 canonibus
1233 5075 1581 5126 constitutum
1647 5073 1736 5134 sit,
1798 5071 1961 5137 aliqui
2007 5071 2208 5138 judicio

661 5162 1050 5214 contenderim.
1104 5161 1255 5215 Tunc
1283 5163 1426 5215 enim
1459 5163 1511 5214 in
1565 5177 1750 5215 eorum
1786 5163 2108 5215 sententiam
2144 5177 2207 5213 ne

661 5249 944 5316 appellatio
998 5251 1205 5318 quidem
1259 5251 1438 5313 cadit,
1475 5261 1529 5302 ut
1586 5253 1714 5303 dicit
1766 5251 1842 5301 lex
1901 5252 1951 5301 in
1987 5249 2075 5302 lib.
2113 5263 2206 5308 vn,

665 5341 746 5393 tit.
783 5340 836 5405 2,
896 5355 1012 5409 cap.
1040 5340 1134 5404 27,
1167 5344 1327 5396 tbem.
1356 5343 1409 5404 5,
1465 5342 1606 5410 quod
1640 5343 1725 5393 hic
1759 5355 1815 5395 se
1849 5342 2046 5405 habet;
2083 5342 2209 5393 Sive

635 5431 805 5496 jnSta
863 5432 976 5484 sive
1032 5433 1226 5499 injusta
1261 5443 1341 5485 cst
1372 5434 1527 5485 electi
1573 5434 1770 5499 judicis
1842 5438 2123 5496 sententia,
2160 5433 2206 5483 ei

659 5530 802 5572 stare
846 5531 1079 5587 oportet.
1120 5521 1180 5573 Et
1217 5537 1378 5592 caput
1424 5526 1638 5576 tertium
1696 5525 1934 5592 ejusdem
1989 5525 2110 5576 libri
2146 5539 2210 5576 ac

660 5609 797 5662 tituli
825 5624 838 5662 :
868 5607 980 5662 Non
1011 5613 1248 5678 indigent
1282 5616 1655 5682 provocatione
1683 5613 1880 5675 judicis
1908 5616 2062 5670 electi
2090 5629 2210 5669 sen-

2303 4446 2428 4497 όντα
2473 4447 2670 4496 κανόνα
2714 4448 2740 4499 ὁ
2771 4448 3188 4514 καταφρονήσας
3230 4448 3420 4498 τούτου
3452 4451 3478 4499 ὁ
3518 4449 3816 4517 ἱερωμένος
3841 4462 3858 4479 ⁶

2305 4536 2396 4585 καὶ
2425 4535 2692 4600 ἀνάγνωθι
2729 4536 2817 4586 τὸν
2847 4534 2920 4603 ρδ’
2958 4539 3155 4587 κανόνα
3185 4523 3284 4603 τῆς
3317 4541 3600 4604 παρούσης
3632 4541 3857 4589 συνόδου

2307 4626 2397 4673 καὶ
2445 4625 2542 4690 τῆς
2589 4626 2645 4674 ἐν
2688 4622 2993 4690 Χαλκηδόνι
3043 4627 3241 4675 κανόνα
3280 4625 3344 4679 θ’.
3393 4627 3495 4677 Τοῦ
3538 4628 3593 4677 δὲ
3634 4633 3862 4686 κανόνος

2307 4714 2510 4765 ἄνωθεν
2545 4713 2921 4780 διορισαμένου
2954 4716 3054 4765 ὺπδ
3085 4715 3290 4766 δώδεκα
3323 4718 3638 4768 ἐπισκόπων
3670 4720 3862 4784 κρίνε-

2309 4803 2428 4853 σθαι
2453 4803 2575 4861 τοὺς
2601 4805 2946 4864 ἐπισκόπους,
2981 4807 3081 4854 ὑπὸ
3121 4803 3177 4867 ἒξ
3205 4809 3327 4866 τοὺς
3381 4807 3564 4875 ἱερεῖς,
3595 4809 3687 4857 καὶ
3726 4810 3861 4866 τοὺς

2305 4891 2585 4951 διακόνους
2631 4891 2734 4941 ὑπὸ
2774 4891 2959 4959 τριῶν,
2993 4894 3266 4960 ἐπήγαγον
3315 4895 3362 4944 οἱ
3415 4894 3651 4960 Πατέρες
3690 4895 3765 4954 ὡς
3796 4896 3864 4945 τὰ

2308 4981 2436 5047 περὶ
2475 4979 2581 5032 τῶν
2635 4979 2912 5047 ἐκκλήτων
2948 4982 3139 5032 καὶτὰ
3186 4981 3344 5034 λοιπά
3395 4983 3578 5051 χώραν
3621 4983 3862 5051 ἔχουσιν,

2308 5069 2392 5119 ὅτε
2433 5072 2499 5118 τὰ
2540 5069 2963 5134 ἐκκλησιαστικέι
3013 5071 3337 5139 δικαστήρια
3386 5074 3537 5142 παρά
3587 5073 3864 5131 τοσούτοις

2310 5163 2635 5230 προσφόροις
2667 5163 2944 5224 δικασταῖς
2982 5167 3279 5228 γένωνται’
3320 5168 3380 5217 ού
3417 5170 3543 5234 μην,
3580 5169 3671 5219 ὅτε
3714 5168 3861 5218 κατὰ

2311 5253 2526 5318 Θέλησιν
2591 5253 2687 5304 τοῦ
2755 5256 3060 5323 κατηγόρου
3109 5257 3334 5308 καὶτοῦ
3388 5260 3864 5327 κατηγορουμένου

2311 5345 2458 5413 παρά
2510 5361 2650 5396 τισιν
2716 5345 3065 5410 ἐπιλςγεῐσιν,
3122 5345 3196 5405 ὡς
3270 5348 3507 5415 αἱρετοίς
3579 5348 3862 5402 δικασταῖς

2311 5436 2565 5495 πολλάκις
2590 5434 2678 5485 καὶ
2706 5435 3047 5502 ὀλιγωτέροις
3072 5431 3188 5486 οὖσι
3221 5437 3328 5488 τῶν
3351 5437 3674 5505 ὁρισθέντων
3712 5435 3861 5502 παρὰ

2311 5527 2415 5577 τῶν
2464 5526 2729 5585 κανόνων,
2788 5525 3083 5577 δικασθώσί
3151 5545 3314 5589 τινες.
3372 5528 3682 5595 Τηνικαῦτα
3759 5540 3864 5592 γαρ

2313 5617 2433 5669 οὐδὲ
2461 5615 2708 5683 ἐκκλήτῳ
2734 5614 3088 5668 ὑποπεσείται
3125 5621 3156 5686 ή
3199 5619 3395 5670 τὀύτωε.
3453 5620 3748 5678 ἀπόφασις.
3794 5617 3861 5673 ὣς
