4018 6306
137 310 194 372 73
1195 315 1278 378 IN
1314 318 1476 378 CAN.
1520 317 1616 378 XV
1643 318 1845 381 CONC.
1890 322 2258 383 CAliTliAG.

3245 318 3318 382 74

135 435 280 486 φησιν
322 421 353 472 ὁ
413 419 584 489 νόμος
632 421 690 474 ἐν
728 419 916 491 βιϐλίῳ
955 419 1021 486 ζ’,
1068 421 1230 492 τίτλῳ
1286 423 1350 492 β’,
1390 441 1516 491 κεφ.
1553 422 1656 487 κζ’,

1763 426 2086 482 tentia.Post
2123 427 2232 482 haec
2259 442 2431 480 canon
2480 428 2547 482 de
2589 426 2713 482 [iliis
2751 427 3115 494 sacerdotum,
3154 428 3308 484 dicit.

135 506 305 574 θὲματι
353 512 430 572 γ’,
473 505 651 569 οὕτως
699 508 908 576 ἔχοντισ
939 509 1062 561 Είτε
1109 510 1294 562 δικαία
1337 513 1449 562 εἴτε
1483 511 1664 573 ἄδικός

132 595 310 660 ἐστινὴ
349 594 447 644 τοῦ
477 593 696 662 αἱρετοῦ
728 594 927 662 ψῆφος,
962 595 1221 663 ἐμμένειν
1248 595 1354 647 δεῖ·
1387 597 1479 647 καὶ
1525 596 1588 646 τὸ
1617 601 1664 660 γ’

135 699 239 747 κεφ.
280 682 374 735 τοῦ
442 681 615 734 αὑτοῦ
659 683 862 751 βιϐλίου
909 685 1001 736 καὶ
1060 685 1271 736 τίτλου·
1323 686 1413 753 Μή
1476 684 1662 753 χρείαν

133 774 278 839 ἐχέτω
302 775 573 840 ἐκκλήτου
616 776 650 841 ή
691 774 784 826 τοῦ
815 774 1030 843 αἱρετοῦ
1070 773 1322 827 δικαστοῦ
1369 776 1663 842 ἀπόφασις.

144 862 247 914 Ἐπὶ
276 864 491 926 τούτοις
522 867 549 916 ὁ
571 863 752 917 κανὼν
778 867 903 929 περὶ
936 865 1045 916 τῶν
1076 864 1281 918 τέκνων
1323 866 1433 917 τῶν
1468 867 1660 934 ίερέων

136 957 295 1021 φησιν,
341 956 430 1015 ἵνα
463 942 638 1024 ’μήτε
683 954 883 1024 θεώρια
937 955 1221 1018 ἐκτελῶσι,
1289 957 1426 1024 μήτε
1484 957 1664 1009 ἄλλων

133 1044 360 1096 τοιούτων
395 1044 814 1112 παραγίνωνται
847 1045 938 1097 καὶ
969 1044 1247 1112 θεωρῶσιν
1267 1063 1284 1078 ο
1310 1046 1391 1098 ὅτι
1415 1047 1508 1096 καὶ
1529 1048 1663 1099 πᾶσι

135 1139 454 1205 Χριπιανοίς
520 1136 854 1203 κεκήρυκται
901 1134 974 1203 μὴ
1014 1137 1293 1203 προσιέναι
1346 1136 1479 1188 ὅπου
1531 1134 1663 1204 βλα-

138 1226 344 1294 σφημίαι
373 1227 505 1278 εἰσί.
536 1225 747 1294 Θεώρια
786 1224 843 1276 δὲ
881 1225 1131 1290 λέγονται
1161 1227 1222 1277 οὐ
1259 1225 1420 1294 μόνον
1465 1228 1532 1276 τὰ
1570 1227 1661 1276 ιπ-

136 1318 398 1384 πώρὸμια,
422 1316 562 1367 ἀλλὰ
590 1317 682 1367 καὶ
726 1317 874 1368 πᾶσα
917 1316 1032 1379 θέα,
1065 1315 1398 1384 θηριομαχία
1438 1315 1658 1383 δηλαδὴ,

140 1410 339 1473 παίγνια
376 1406 586 1472 μίμων,
616 1406 860 1474 ὄρχησις,
909 1405 1001 1457 καὶ
1041 1405 1175 1458 ἄλλα
1215 1405 1438 1456 τοιαῦτα
1473 1405 1667 1470 δαιμο-

138 1497 270 1564 vuqu
303 1498 459 1564 ἔργα.
497 1496 682 1548 Ταῦτα
720 1495 813 1546 τοῦ
849 1497 1067 1555 κανόνος
1106 1494 1506 1562 διοριζομένου,
1540 1492 1663 1544 εἰπὲ

134 1589 298 1648 ὅτιτὸ,
332 1590 437 1638 κᾶν
480 1590 514 1656 ή
551 1589 732 1655 ψῆφος
777 1588 916 1655 ὑπὲρ
961 1587 1125 1640 αὐτοῦ
1155 1585 1466 1654 ἐκφωνηθῇ,
1497 1600 1664 1654 προσ-

140 1679 275 1747 ετέθη
306 1680 389 1731 διὰ
418 1679 551 1740 τοὺς
596 1679 852 1744 λέγοντας
881 1677 1119 1743 ὀφείλειν
1150 1675 1530 1743 καθαιρεῖσθαι
1562 1675 1662 1742 μό-

1767 513 1845 566 Ne
1874 515 2179 582 spectacula
2229 524 2503 584 peragant,
2540 528 2637 568 nec
2667 515 2788 569 aliis
2823 517 3193 586 peragentibus
3227 517 3309 570 in-

1768 606 1956 658 tersint
2001 614 2056 658 et
2103 612 2343 672 spectent
2377 620 2393 658 :
2450 604 2571 670 quia
2613 613 2666 657 et
2700 605 2949 658 omnibus
2984 605 3310 659 Christianis

1767 693 2107 747 interdictum
2163 704 2265 756 est,
2298 707 2365 746 ne
2392 693 2648 747 accedant
2694 693 2779 747 ubi
2812 703 2936 748 sunt
2965 694 3311 760 blasphemiae

1765 793 1816 836 et
1840 784 2140 837 maledicta.
2173 781 2488 850 Spectacula
2514 791 2690 837 autem
2721 783 2990 848 dicuntur,
3017 800 3117 838 non
3141 786 3313 838 solum

1766 887 2022 939 equorum
2079 886 2296 933 cursus,
2332 873 2425 926 sed
2474 881 2528 924 et
2554 872 2728 925 omnis
2773 873 2986 940 generis
3030 873 3314 938 spectatio.

1766 961 2062 1015 helluarum
2115 961 2326 1014 scilicet
2368 961 3036 1026 certamina,histrionum
3086 962 3312 1026 ludicra,

1765 1053 2102 1116 saltationes,
2157 1062 2211 1106 et
2267 1051 2571 1120 huiusmodi
2640 1052 2741 1106 alia
2804 1066 2968 1121 opera
3027 1053 3312 1106 diabolica.

1766 1142 1890 1196 Hzec
1924 1151 2104 1196 autem
2165 1143 2489 1197 decernente
2538 1156 2764 1208 canone,
2827 1141 2912 1195 dic
2970 1143 3112 1210 quod
3166 1141 3312 1206 illud,

1765 1230 1974 1283 etiamsi
2015 1244 2108 1294 pro
2131 1244 2194 1283 eo
2222 1231 2485 1283 sententia
2522 1231 2625 1281 lata
2656 1233 2745 1294 sit,
2778 1231 3043 1294 adjectum
3076 1239 3157 1283 est
3189 1245 3314 1295 pro-

1765 1325 1885 1386 pter
1907 1332 2016 1380 eos,
2050 1319 2137 1384 qui
2163 1319 2373 1382 dicunt,
2409 1332 2530 1369 eum
2577 1317 2748 1370 solum
2774 1316 2968 1370 debere
3000 1317 3191 1383 deponi
3230 1329 3316 1369 sa-

1763 1416 1993 1468 cratum,
2045 1408 2136 1473 qui
2185 1407 2264 1459 sic
2307 1405 2510 1473 judicio
2547 1405 2821 1457 contendit
2856 1405 2907 1456 in
2941 1418 3104 1457 causa
3130 1404 3316 1455 crimi-

1765 1499 1891 1562 nali,
1941 1508 1994 1551 et
2023 1497 2198 1551 victus
2224 1506 2304 1550 est
2337 1515 2349 1549 :
2382 1512 2488 1549 non
2540 1507 2718 1548 autem
2764 1509 2886 1548 eum
2930 1497 3018 1563 qui
3077 1496 3227 1560 vicit,
3261 1505 3319 1549 nt

1764 1587 1853 1655 qui
1879 1586 2080 1652 justam
2108 1602 2323 1640 causam
2355 1588 2563 1640 haheat.
2589 1586 2760 1638 Ambo
2784 1586 2928 1639 enim
2957 1587 3315 1654 deponentur,

1767 1685 1825 1729 ut
1862 1678 1952 1744 qui
2005 1662 2306 1732 Ecclesiam
2366 1676 2559 1744 injuria
2635 1676 2892 1741 alliciant,
2951 1684 3005 1729 et
3049 1691 3315 1731 canonem

137 1787 205 1819 κῶν
229 1740 309 1819 τόν
330 1767 473 1821 οὕτω
517 1740 880 1837 δικασάμενον
925 1740 1217 1836 ίερωμένον
1255 1740 1415 1835 χάριν
1460 1740 1658 1834 ἐγκλη-

1767 1777 2136 1822 contemnant.
2185 1766 2443 1820 Sacratus
2470 1767 2689 1836 quidem
2727 1769 2819 1835 qui
2861 1768 3024 1820 traxit
3056 1767 3317 1820 ecclesia-

141 1860 338 1926 μαντικῆς
371 1860 685 1921 ὑποθέσεως
716 1864 808 1911 καὶ
839 1860 1163 1926 ἡττηθέντα,
1193 1860 1251 1908 οὐ
1299 1855 1405 1926 μὴν
1439 1857 1535 1908 καὶ
1567 1855 1661 1908 τὸν

137 1952 428 2015 νικήσαντα.
458 1949 535 2010 ὡς
564 1949 776 2002 δικαίαν
808 1948 997 2016 ἔχοντα
1041 1947 1320 1999 ὑπόθεσιν.
1354 1948 1463 1998 Καὶ
1489 1948 1657 2013 ἄμφω

138 2043 226 2106 γὰρ
248 2041 758 2108 καθαιρεθήσονται,
785 2040 858 2100 ὡς
889 2038 1143 2108 ὑϐρισταὶ
1170 2039 1269 2104 τῆς
1303 2037 1659 2103 Ἐκκλησίας,

142 2133 212 2181 καὶ
230 2132 313 2183 τοῦ
342 2133 570 2191 κανόνος
595 2129 871 2198 άθετηταί.
917 2129 975 2179 '0
1017 2129 1201 2196 μέντοι
1245 2128 1335 2179 τὸν
1368 2129 1666 2194 ἐκκλησια-

143 2223 290 2274 στικὸν
323 2223 562 2284 ἑλκύσας
595 2221 891 2289 ἱερωμένος
917 2222 994 2281 εἰς
1027 2220 1291 2286 κοσμικὸν
1317 2219 1664 2288 δικαστήριον

144 2312 274 2384 χάριν
294 2312 642 2382 χρηματικῆς
663 2312 950 2371 αἱτιάσεως
976 2311 1071 2361 καὶ⁵
1108 2312 1336 2378 νικήσας
1383 2310 1663 2375 καθαιρεῖ-

145 2413 229 2461 ται,
252 2402 335 2451 ἐὰν
374 2404 562 2469 στοιχῇ
596 2403 661 2468 τῇ
687 2401 828 2467 ὑπὲρ
861 2399 1025 2451 αὑτοῦ
1071 2401 1364 2466 ἀποφάσει,
1402 2401 1496 2450 καὶ
1569 2397 1696 2466 θέλῃ

1769 1859 1960 1912 sticum
2006 1859 2056 1910 in
2088 1857 2341 1910 saeculare
2376 1858 2632 1926 judicium
2664 1872 2758 1924 pro
2798 1873 2952 1909 causa
2987 1858 3316 1924 pecuniaria,

1773 1959 1826 2003 et
1857 1949 2007 2009 vicit,
2064 1947 2367 2016 deponitur,
2404 1948 2446 1999 si
2492 1949 2790 2010 sententia,
2823 1963 2941 2017 quae
2975 1963 3067 2014 pto
3100 1963 3158 2001 se
3213 1948 3318 2001 lata

1771 2048 1876 2102 est,
1912 2039 2137 2100 steterit,
2169 2047 2222 2090 et
2254 2038 2477 2090 voluerit
2503 2053 2614 2090 rem
2678 2037 2874 2092 habere
2931 2054 3088 2105 quam
3137 2037 3265 2089 vicit
3298 2053 3313 2090 :

1773 2130 2222 2199 quemadmodum
2252 2139 2304 2180 et
2349 2143 2492 2191 reus,
2524 2129 2568 2181 si
2592 2127 2848 2192 judicium
2890 2129 3315 2182 eci-iesiasticum

1773 2218 2062 2277 recusavit,
2093 2225 2145 2268 et
2187 2215 2345 2268 civile
2379 2215 2586 2282 petivit,
2621 2226 2676 2268 et
2705 2215 2853 2265 vicit.
2900 2215 2954 2268 Si
2996 2220 3138 2269 enim
3171 2215 3317 2268 cedit

1771 2320 1966 2372 re,pro
1993 2318 2093 2370 qua
2125 2303 2371 2370 litigavit,
2410 2317 2560 2354 suum
2598 2302 2816 2355 honoris
2839 2304 3058 2370 gradum
3097 2305 3317 2358 retinet.

1773 2397 1914 2465 ἔχειν
1940 2395 1999 2446 τὸ
2027 2395 2256 2462 πρᾶγμα
2283 2393 2311 2444 ὃ
2335 2392 2603 2461 ἐνίκησεν,
2633 2391 2822 2461 ὥσπερ
2860 2394 2955 2445 καὶ
2988 2397 3015 2446 ὁ
3045 2394 3316 2463 ἐναχθεὶς,

147 2493 219 2541 ἐὰν
259 2498 609 2561 παρῃτήσατο
661 2491 720 2542 τὸ
780 2491 1224 2559 ἐκκλησιαστικὸν
1273 2490 1640 2558 δικαστήριον,
1701 2488 1796 2538 κα)⁸
1841 2487 2074 2553 ἐζήτησε
2118 2487 2180 2535 τδ
2256 2483 2553 2548 πολιτικὸν,
2613 2486 2708 2536 καί⁵
2781 2485 3056 2555 ἐνίκησεν.
3109 2486 3170 2536 Εί
3211 2484 3318 2552 γὰρ

145 2583 397 2647 ἀςίσταται
423 2580 521 2632 τοῦ
561 2581 902 2650 πράγματος,
927 2580 1055 2646 περὶ
1081 2572 1142 2631 οὖ
1177 2579 1484 2641 ἐδικάσατο,
1507 2578 1659 2647 μένει
1698 2575 1837 2645 ἔχων
1866 2577 1964 2642 τὴν
1994 2577 2199 2627 οἰκείαν
2229 2575 2536 2642 ἐπιτιμίαν.

199 2673 291 2723 Καὶ
325 2671 497 2722 ταῦτα
531 2671 631 2737 μὲν
667 2672 694 2720 ὁ
718 2669 897 2720 κανὼν
938 2667 1253 2737 διορίζεται.
1309 2669 1553 2738 Σήμερον
1607 2667 1665 2718 δὲ

145 2760 457 2828 παρορῶνται
489 2759 665 2812 ταῦτα
703 2758 768 2809 δι’
799 2758 864 2826 ἢν
891 2758 1072 2810 αἰτίαν
1108 2759 1167 2810 οὐ
1218 2755 1492 2825 γινώσκω.
1526 2757 1666 2809 Πολ·-

148 2848 209 2900 λοὶ
239 2851 354 2916 γὰρ,
384 2849 444 2900 οὐ
473 2849 642 2917 μόνον
673 2845 875 2910 λαῖκοὶ,
921 2847 1056 2899 ἀλλὰ
1111 2848 1206 2898 καὶ
1247 2847 1552 2916 ἱερωμένοι,
1579 2844 1667 2896 ἐλ-

149 2956 302 2991 κουσιν
334 2943 409 3000 εἰς
444 2938 704 2991 πολιτικὰ
727 2939 1058 3006 δικαστήρια
1083 2937 1436 2999 ἐπισκόπους,
1473 2937 1665 3005 κληρι-

148 3031 250 3093 κους
268 3048 320 3082 τε
353 3033 446 3082 καὶ
502 3029 798 3098 μοναχοὺς,
850 3028 985 3095 μηδὲ
1041 3026 1337 3094 πρόσταξιν
1380 3026 1663 3094 βασιλικὴν

149 3120 248 3185 περὶ
280 3119 459 3170 τούτου
520 3117 903 3186 πορισάμενοι,
946 3116 1041 3168 καὶ
1081 3113 1201 3167 οὔτε
1239 3117 1272 3184 ἡ
1324 3115 1415 3166 τοῦ
1449 3115 1661 3183 άπροσ·

149 3211 280 3277 φόρου
306 3208 560 3262 δικαστοῦ
586 3205 928 3276 παραγραφὴ
953 3204 1226 3257 λυσιτελεῖ
1262 3207 1372 3266 τοῖς
1403 3204 1666 3272 ἐναγομέ-

148 3317 266 3359 νοιςο
299 3298 774 3366 καταναγκάζουσι
807 3299 913 3364 γὰρ
939 3296 1162 3356 τούτους
1197 3296 1289 3346 καὶ
1320 3295 1551 3356 ἄκοντας
1578 3295 1660 3347 δι-

153 3391 410 3452 κάζεσθαι·
458 3390 587 3441 οὔτε
645 3390 696 3440 oi.
747 3387 1073 3448 ἑλκύσαντες
1123 3386 1320 3447 αὐτοὺς
1376 3385 1660 3454 ίερωμένοι

149 3480 408 3549 ἐΰλάὸησαν
431 3481 812 3547 ὁπωσδήποτε,
841 3477 953 3530 ἀλλ’
984 3477 1103 3528 οὐδὲ
1134 3477 1183 3528 οἱ
1215 3475 1532 3552 ἐναγόμενοι
1567 3493 1662 3544 μο-

153 3573 322 3641 ναχοὶῆ
357 3573 614 3641 κληρικοὶ
666 3570 745 3629 είς
781 3568 1136 3634 δικαστήριον
1184 3566 1656 3634 ἐκκλησιαστικὸν,

154 3663 222 3710 καὶ
251 3661 712 3730 παραιτησάμενοι
734 3657 912 3718 τοῦτο,
935 3655 1218 3723 πολιτικὴν
1247 3656 1303 3706 δὲ
1325 3656 1658 3724 ζητήσαντες

151 3751 480 3813 κατεξέτασιν,
518 3747 664 3801 κατά
691 3764 742 3798 τι
795 3746 1252 3814 ἐτιμωρήθησαν·
1301 3745 1489 3813 ὥσπερ
1535 3745 1657 3798 οὐδὲ

151 3841 185 3888 οἱ
236 3841 574 3901 ἐλκυσθὲντες
627 3837 944 3908 κληρικοὶῆ
995 3835 1220 3904 μοναχοὶ
1267 3837 1346 3897 εἰς
1392 3835 1656 3902 κοσμικὸν

151 3928 472 3998 δικαστήριον,
516 3929 616 3983 καὶ
666 3927 1092 3994 καταδεξάμενοι
1134 3928 1212 3988 είς
1243 3925 1399 3978 τοῦτο
1431 3925 1656 3977 δικάσα-

153 4021 260 4070 σθαι.
288 4020 383 4072 Τοῦ
420 4022 478 4073 δὲ
510 4019 958 4089 χρηματίσαντος
989 4016 1407 4085 καθηγουμένου
1435 4015 1534 4082 τῆς
1561 4031 1655 4082 μο-

152 4109 222 4175 νῆς
253 4110 335 4161 τοῦ
368 4112 756 4163 Παντεπὸπτου
816 4106 1054 4176 μοναχοῦ
1110 4106 1319 4157 ἐκείνου
1367 4105 1652 4168 Μελετίου,

153 4198 452 4262 ἐλκυσθέντος
486 4203 570 4259 είς
599 4199 661 4249 τὸ
692 4197 962 4248 συνοδικὸν
1001 4195 1370 4264 δικαστήριον,
1404 4193 1499 4246 καὶ
1550 4211 1655 4246 πα-

154 4294 501 4359 ραιτησαμένου
531 4289 666 4341 αὐτὸ
695 4288 768 4348 ὡς
797 4286 1160 4355 καταθύμιον,
1190 4286 1286 4338 καὶ
1313 4285 1654 4354 μεταγαγόν-

1840 2665 1901 2717 Et
1940 2668 2050 2718 haec:
2101 2665 2316 2732 quidem
2348 2681 2517 2718 canon
2561 2666 2860 2720 constituit.
2897 2666 3065 2722 Hodie
3131 2679 3310 2725 autem

1771 2756 1882 2807 haec
1940 2755 2301 2823 negliguntur,
2361 2752 2593 2820 propter
2634 2770 2794 2822 quam
2855 2772 3071 2811 causam
3110 2762 3314 2815 nescio.

1775 2843 1926 2897 Multi
1960 2846 2122 2906 enim,
2155 2860 2257 2895 non
2309 2845 2478 2896 solum
2533 2846 2692 2908 laici,
2723 2849 2816 2898 sed
2873 2849 3036 2900 etiam
3092 2853 3314 2912 sacrati,

1769 2937 2071 3003 episcopos,
2115 2935 2340 2988 clericos
2382 2944 2436 2987 et
2485 2936 2774 2988 monachos
2814 2939 2877 2990 ad
2913 2941 3086 2991 civilia
3115 2939 3316 3007 judicia

1769 3022 2009 3082 trahunt,
2067 3035 2167 3074 nec
2219 3023 2576 3089 imperatoris)
2606 3024 2817 3088 quidem
2885 3029 3193 3080 mandatum
3249 3033 3316 3082 de

1763 3125 1823 3162 ea
1861 3125 1920 3161 re
1964 3109 2259 3175 exhibent;
2309 3123 2362 3163 et
2421 3127 2593 3178 neque
2653 3115 3065 3180 incompetentis
3113 3118 3314 3185 judicia

1763 3203 2101 3268 pra-scriptio
2156 3218 2246 3253 seu
2276 3205 2525 3268 exceptio
2559 3205 2775 3268 prodest
2806 3206 2892 3266 iis,
2918 3208 3003 3271 qui
3038 3209 3112 3259 rei
3146 3223 3313 3277 agun-

1764 3301 1890 3343 tur:
1935 3307 2027 3343 eos
2075 3295 2217 3343 enim
2263 3301 2462 3360 rognnt
2505 3294 2585 3345 vel
2629 3294 2825 3347 invitos
2854 3296 3058 3359 judicio
3089 3311 3315 3353 conten-

1763 3380 1910 3434 dere.
1946 3380 2053 3434 Nec
2085 3383 2300 3445 sacrati,
2335 3382 2427 3448 qui
2456 3397 2549 3435 cos
2586 3393 2886 3446 traxerunt,
2921 3387 3121 3448 aliquid
3155 3391 3309 3456 peni-

1760 3483 1846 3525 tus
1872 3475 2053 3527 damni
2105 3489 2364 3538 sensere;
2417 3475 2511 3529 sed
2544 3491 2645 3529 nec
2683 3480 2928 3529 monachi
2959 3481 3040 3530 vel
3100 3481 3309 3546 clerici,

1761 3567 2018 3618 adversus
2046 3580 2181 3632 quos
2237 3567 2287 3617 in
2352 3564 2466 3618 loro
2529 3566 2900 3619 ecclesiastico
2945 3569 3144 3636 agitur,
3178 3570 3220 3620 si
3257 3570 3310 3624 id

1758 3657 1972 3723 quidem
2007 3655 2388 3713 recusaverint,
2415 3653 2621 3706 civilem
2651 3669 2826 3707 autem
2859 3659 3308 3712 examinatinnmn

1757 3749 2068 3816 petiverint,
2104 3745 2207 3797 ulla
2237 3746 2289 3798 in
2345 3761 2404 3799 re
2437 3749 2603 3813 puniti
2632 3757 2752 3799 sunt
2787 3763 2803 3800 ε
2858 3751 3309 3815 quemadmodum

1758 3855 1857 3891 nec
1895 3838 2075 3892 clerici
2110 3838 2192 3891 vel
2244 3839 2515 3894 monachi.
2547 3838 2636 3905 qui
2675 3841 2726 3890 in
2755 3841 3012 3893 saeculare
3046 3841 3310 3906 judiciunt

1758 3931 1909 3982 tracti
1947 3939 2089 3993 sunt,
2133 3939 2185 3982 et
2215 3929 2266 3980 in
2302 3944 2364 3981 eo
2392 3929 2604 3995 litigare
2647 3942 2751 3980 non
2801 3941 3135 3982 recusmunl.
3168 3930 3303 3984 Cum

1764 4028 1939 4071 autem
1993 4019 2286 4070 monachus
2340 4018 2424 4068 ille
2455 4016 2714 4080 Meietius,
2748 4019 2836 4084 qui
2872 4023 3185 4086 pra'positus
3212 4022 3311 4074 fuit

1766 4106 2075 4160 monasterii
2133 4103 2468 4172 Pantepopti,
2505 4105 2570 4157 ad
2622 4106 2877 4174 synodale
2903 4107 3159 4174 judicium
3197 4118 3309 4162 tra-

1755 4206 1895 4256 ctus,
1930 4195 2104 4258 ipsum
2138 4203 2195 4245 ut
2230 4194 2327 4246 sibi
2361 4207 2462 4244 non
2504 4202 2713 4259 gratum
2748 4208 3074 4260 recusasset,
3103 4206 3155 4249 et
3185 4213 3310 4251 cau-

1758 4300 1873 4339 sam
1908 4286 1972 4336 ad
2021 4284 2279 4337 securiore
2339 4282 2569 4334 tribunal
2604 4285 2929 4336 traduxisset
2960 4301 3054 4352 per
3085 4287 3308 4338 manda-

152 4398 217 4443 τις
234 4386 314 4452 τὴν
335 4385 585 4435 ὑπόθεσιν
607 4383 684 4443 είς
711 4381 969 4448 κοσμικὸν
997 4380 1343 4449 δικαστήριον
1366 4380 1454 4432 διὰ
1485 4380 1653 4449 πρόσο

1762 4385 1867 4428 tum
1905 4374 2212 4441 imperiale;
2255 4372 2634 4426 sanctissimus
2693 4375 2999 4442 patriarcha
3062 4377 3310 4430 dominus

155 4472 270 4536 ταξιν
300 4472 590 4540 βασιλικὴν,
636 4473 664 4522 ὁ
711 4469 1011 4536 άγιὼτατος
1055 4471 1400 4538 πατριάρχης
1441 4471 1648 4528 ἐκεῖνος

155 4563 300 4630 κύριος
321 4564 522 4624 Λουκᾶς
559 4559 974 4629 ὑϐριοπαθήσας
1000 4560 1091 4610 ἐπὶ
1120 4559 1196 4627 τῷ
1217 4561 1487 4626 γεγονότι,
1524 4559 1655 4610 πολ-

155 4649 226 4717 ὶὴν
269 4653 407 4705 ἐθετο
457 4651 693 4720 σπουδὴν
744 4649 1139 4718 διορθώσασθαι
1213 4651 1275 4702 τὸ
1341 4650 1651 4717 γενόμενον.

157 4741 348 4793 Ἤκουσε
377 4743 433 4794 δέ
464 4745 571 4796 ἀπὺ
602 4740 1043 4816 τῶηπολιτικῶν
1072 4739 1341 4791 δικαστῶν
1371 4739 1446 4800 ὡς
1480 4741 1513 4807 ή
1554 4741 1651 4806 βα-

157 4828 297 4897 σιλικὴ
328 4830 538 4892 ἐξουσία
588 4832 765 4883 πάντα
791 4828 1012 4881 δύναται
1046 4831 1217 4880 ποιεῖν
1243 4843 1257 4856 ⁸
1323 4829 1416 4880 καὶ
1462 4829 1651 4897 ὥσπερ

155 4915 326 4970 ἐόὺνατο
355 4919 719 4989 πρωτοτὺπως
740 4918 922 4969 δοῦναι
957 4917 1232 4969 πολιτικὸν
1277 4916 1533 4980 δικαστὴν
1556 4918 1655 4985 χά-

157 5021 219 5071 ριν
257 5008 340 5059 τοῦ
391 5011 607 5063 δικάσαι
655 5008 953 5059 ἐπίσκοπον
1017 5007 1049 5075 ἢ
1103 5007 1290 5075 ἕτερον
1353 5006 1650 5073 ἱερωμένον

156 5095 443 5165 ἐναγόμενον-
469 5097 614 5152 οὕτω
663 5098 757 5150 καὶ
780 5096 922 5148 κατὰ
950 5095 1238 5163 μετάθεσιν
1272 5095 1330 5146 τὸ
1354 5095 1650 5162 ἐκκλησια-

158 5188 300 5237 στικὸν
332 5189 668 5259 δικαστήριον
701 5187 990 5257 μεταγάγῃ
1014 5186 1156 5238 κατὰ
1176 5185 1405 5253 νόμιμον
1445 5182 1649 5252 παραί-

156 5288 276 5341 τησιν
301 5281 370 5341 είς
395 5280 684 5332 πολιτικόν.
720 5278 864 5348 Πλὴν
890 5280 918 5329 ὀ
946 5277 1095 5337 ἐντὸς
1119 5275 1445 5344 δηλούμενος
1474 5275 1578 5328 καθ
1590 5293 1649 5343 η-

158 5366 393 5433 γούμενος,
422 5370 519 5424 κᾶν
551 5368 882 5438 εἰσηκούσθη
902 5367 961 5420 τὺ
994 5367 1272 5419 συνοδικὸν
1304 5365 1650 5436 παραιτησά-

163 5469 286 5518 μενος
308 5460 663 5532 δικαστήριον,
697 5461 794 5514 καὶ
827 5460 1128 5528 ὅιετηρήθη
1161 5459 1646 5528 άποκριμάτιστος·

163 5546 266 5597 ἀλλὰ
295 5553 387 5602 ἀπὸ
413 5553 500 5604 τοῦ
533 5553 608 5622 ρδ¹
634 5553 854 5613 κανόνος
876 5552 974 5619 τῆς
1007 5550 1289 5619 παρούσης
1318 5549 1558 5611 συνόδου,
1591 5548 1648 5599 ὃν

165 5639 518 5706 καὶάνάγνωθι,
564 5642 764 5712 ὤφειλε
823 5642 1236 5708 καθαιρεθῆναι.
1291 5641 1363 5692 Ti)
1425 5641 1529 5709 γὰρ
1584 5637 1646 5701 ιζ’

392 5733 641 5793 ΡΑπιοι..
672 5734 762 5791 Gn
835 5732 1227 5791 CXXXVI”.

1756 4467 1929 4520 Lucas
1953 4465 2006 4517 id
2034 4479 2174 4533 aegre
2237 4463 2440 4528 ferens,
2476 4464 2758 4531 plurimum
2792 4467 3024 4517 studium
3061 4466 3310 4521 adhibuit

1758 4569 1816 4612 ut
1859 4559 2221 4626 corrigeretur
2261 4557 2402 4624 quod
2461 4554 2659 4609 factum
2700 4557 2898 4611 fuerat.
2935 4559 3155 4611 Audivit
3215 4577 3310 4610 au-

1758 4661 1862 4705 tem
1897 4664 1924 4701 a
1948 4625 2503 4715 civilibusjudicibus,
2529 4648 2670 4716 quod
2694 4648 3031 4714 imperatoris
3071 4659 3306 4716 potestas

1754 4741 1934 4793 omnia
1968 4739 2144 4793 facere
2179 4748 2351 4805 potest
2382 4755 2395 4790 :
2428 4747 2481 4790 et
2510 4741 2960 4804 quemadmodum
2993 4743 3168 4806 prium
3191 4742 3307 4796 loco

1754 4834 1927 4898 patuit
1963 4832 2258 4898 imperator
2307 4829 2517 4883 civilem
2559 4829 2796 4896 judicent
2853 4847 2948 4896 pro
3011 4832 3305 4900 judicando

1754 4921 2009 4988 episcopo
2045 4919 2126 4971 vel
2178 4918 2286 4970 alio
2342 4928 2575 4982 Sacrato,
2610 4923 2873 4974 adversus
2918 4937 3077 4989 quem
3131 4916 3306 4989 agitur

1754 5011 2086 5065 constituere
2118 5022 2134 5060 :
2170 5010 2242 5061 ita
2271 5018 2324 5061 et
2375 5024 2468 5076 per
2503 5011 2997 5076 transpositionem,
3033 5012 3300 5077 judicium

1753 5101 2181 5156 ecclesiasticum
2210 5115 2275 5152 ex
2306 5099 2543 5164 legitima
2571 5102 2886 5168 exceptione
2921 5103 2970 5153 in
3011 5103 3166 5155 civile
3195 5113 3305 5153 tra-

1754 5193 1985 5245 duxerit.
2039 5189 2142 5243 Sed
2206 5189 2419 5243 etiatnsi
2452 5191 2542 5257 qui
2608 5191 2695 5242 hic
2742 5192 2938 5244 dicitur
2986 5194 3301 5246 monasterii

1755 5279 2040 5347 praefectus
2081 5277 2364 5330 exauditus
2419 5286 2521 5336 est,
2548 5277 2810 5345 synodale
2851 5277 3112 5345 judicium
3146 5291 3303 5330 recu-

1753 5385 1898 5433 satis,
1928 5377 1982 5421 et
2010 5369 2128 5421 sine
2157 5367 2464 5435 praajudicio
2485 5377 2838 5420 conservatus
2871 5378 2951 5419 est
2986 5385 2998 5419 :
3039 5376 3210 5419 tamen
3237 5380 3306 5420 ex

1752 5459 2080 5514 canoae104
2123 5459 2400 5526 praesentis
2447 5457 2636 5525 synodi
2677 5457 2873 5524 deponi
2909 5456 3110 5519 debuit,
3143 5471 3304 5524 quem

1756 5551 1866 5618 iege
1899 5566 1911 5601 :
1949 5550 2211 5601 decimum
2245 5548 2530 5615 septimum
2562 5549 2698 5598 enim
2747 5556 2909 5615 caput
2952 5547 3107 5614 primi
3168 5545 3302 5598 tituli

1755 5641 1894 5695 tertii
1929 5639 2074 5700 Iihri,
2097 5639 2221 5690 licet
2248 5639 2502 5690 decernat
2535 5653 2652 5690 cum
2691 5638 3028 5704 imperatoris
3058 5637 3306 5688 mandato

2929 5728 2962 5784 3
