4018 6306
741 331 811 391 75
1967 327 2224 388 THEUD.
2266 329 2651 388 BALSAMON
3832 326 3907 389 76

743 454 898 509 posse
953 441 1208 496 adversus
1254 445 1532 506 episcopos
1580 437 1682 504 agi,
1717 446 1769 488 ct
1806 453 1896 489 eos
1925 438 2044 490 sisti
2092 450 2255 490 coran

2372 456 2496 505 κεφ.
2531 439 2624 490 τοῦ
2668 445 2714 489 α’
2769 437 2948 488 τίτὶου
2981 436 3072 488 τοῦ
3116 435 3161 503 γ’
3193 436 3417 502 βιϐλίου,
3456 436 3553 488 κάν
3599 437 3909 505 διορίζητιι

742 527 983 582 civilibus
1004 528 1300 595 judicibus:
1328 527 1427 577 hoc
1454 534 1646 586 tamen,
1673 532 1730 575 ut
1757 524 1885 576 mihi
1911 525 2136 586 videtur,
2166 539 2268 578 non

743 617 963 683 quadrat
1025 615 1294 666 canonica:
1333 613 1604 670 doctrinm.
1640 612 1795 681 532
1842 613 2100 666 Debemus
2129 616 2266 666 enim

744 702 942 765 dicere,
978 710 1103 754 tunc
1128 703 1262 754 trahi
1293 703 1596 768 episcopum
1629 717 1726 768 pro
1754 717 1830 764 re,
1872 717 1989 767 quae
2018 704 2264 770 privatim

740 790 803 842 ad
838 791 1006 856 ipsum
1071 790 1303 855 pertinet
1339 807 1353 841 :
1387 805 1493 842 non
1523 799 1694 841 autem
1730 803 1823 853 pro
1861 791 2149 855 qttmstione
2170 806 2266 843 ec-

736 875 1059 929 clesiastica.
1113 875 1189 926 Rc
1213 877 1353 928 enim
1381 874 1638 942 ejusmodi
1691 877 1984 943 proposita,
2034 892 2138 929 non
2173 877 2267 929 tle-

739 964 861 1016 bent
892 964 1070 1015 civiles
1094 959 1300 1030 iudices
1334 963 1493 1014 ullam
1513 963 1626 1030 ejus
1657 963 1856 1017 habere
1886 966 2266 1031 cognitionem.

731 1051 846 1103 Jam
882 1067 1006 1103 vero
1047 1067 1232 1118 magna
1274 1065 1481 1118 quoque
1535 1058 1618 1104 est.
1664 1050 1779 1117 ejus
1823 1051 2142 1114 differentia,
2174 1057 2263 1121 qui

733 1159 828 1195 sua
854 1153 1040 1207 spimte
1081 1141 1494 1194 ecclesiasticum
1541 1139 1796 1207 judicium
1833 1151 2039 1194 recusat
2081 1152 2132 1194 et
2167 1158 2264 1194 sae-

733 1232 913 1283 enlare
935 1247 997 1281 ex
1034 1231 1376 1295 imperatoris
1403 1229 1652 1281 mandato
1701 1229 1913 1295 quaerit,
1948 1237 2000 1281 et
2029 1229 2140 1292 ejus
2174 1230 2262 1296 qui

729 1321 879 1385 jussu
917 1319 1250 1384 imperatoris
1302 1319 1498 1370 invitus
1532 1326 1726 1370 tractus
1782 1328 1861 1370 est
1914 1319 1976 1370 ad
2013 1320 2265 1372 saeculare

727 1406 1006 1473 judicium.
1080 1402 1218 1468 Lege
1285 1407 1443 1456 etiam
1519 1417 1638 1469 cap.
1698 1407 1717 1455 l
1790 1404 1936 1458 tit.9
1991 1409 2267 1471 prmsentis

733 1494 933 1560 operis,
969 1503 1020 1543 et
1053 1507 1167 1558 qua:
1200 1492 1387 1558 inipso
1412 1510 1438 1542 a
1481 1494 1634 1545 uobis
1674 1494 1871 1561 scripta
1903 1505 2046 1546 sunt.
2083 1494 2266 1548 Peli-re

729 1592 906 1633 autem
939 1578 1266 1645 conjudicem
1291 1577 1501 1630 civilem
1537 1591 1628 1643 per
1650 1579 1952 1630 mandatum
1992 1579 2263 1645 imperiale

729 1685 831 1722 non
858 1679 958 1732 est,
1005 1679 1060 1720 ut
1113 1668 1238 1722 milli
1280 1666 1510 1723 videtur,
1556 1665 1879 1733 prohibitum
1933 1675 1985 1718 ιιι
2037 1668 2263 1718 maxinm

2375 529 2510 596 μετὰ
2549 526 2832 595 βασιλικῆς
2858 526 3152 588 κελεύσεως
3186 526 3459 592 διάγεσοαι
3507 527 3595 578 καὶ
3628 525 3910 591 παρίστα-

2369 618 2492 669 σθαι
2537 618 2662 676 τοὺς
2696 617 3022 678 ἐπισκόπους
3055 617 3202 684 παρά
3257 616 3549 677 πολιτικοῖς
3605 615 3903 681 ἄρχουσιν,

2366 705 2498 757 ἀλλά
2521 705 2676 757 τοῦτο
2708 706 2768 757 οὐ
2809 706 3185 774 προσίσταται,
3219 705 3292 767 ὡς
3322 707 3446 772 ἐμοὶ
3502 704 3664 767 δοκεῖ,
3698 706 3766 770 τῇ
3809 719 3911 753 κα-

2366 797 2549 860 νονικῇ
2571 793 2904 860 διδασκαλίᾳ.
2945 792 3258 860 Ὀφείλομεν
3295 792 3405 858 γὰρ
3445 792 3617 842 εἰπεῖν
3660 790 3750 841 τὸν
3784 791 3904 839 ἐπί-

2369 898 2569 934 σκοπον
2594 882 2892 949 τηνικαῦτα
2917 883 3171 936 ἕλκεσθαι
3208 883 3336 949 περὶ
3359 879 3677 948 πράγματος
3705 867 3906 937 ίδικῶς

2366 971 2513 1039 αὐτῷ
2544 971 2913 1040 διαφέροντος,
2944 973 3002 1022 οὐ
3031 972 3135 1040 μὴν
3163 973 3289 1040 περὶ
3322 967 3771 1036 ἐκκλησιαστικοῦ
3808 967 3907 1032 ζη-

2363 1062 2604 1126 τήματος
2631 1074 2646 1090 ο
2673 1062 2916 1111 τοιούτου
2949 1060 3054 1127 γὰρ
3081 1060 3439 1126 προκειμένου
3470 1058 3609 1117 τινὸς
3641 1059 3907 1124 ἀμέτοχοι

2368 1144 2508 1201 εἶναι
2539 1150 2847 1216 ὀφείλουσιν
2882 1150 2929 1198 οἱ
2963 1149 3226 1201 πολιτικοὶ
3247 1148 3514 1199 δικασταί.
3539 1146 3688 1208 Τέως
3716 1146 3775 1197 δέ
3808 1147 3904 1195 καὶ

2368 1236 2575 1304 μεγάλη
2599 1237 2711 1288 ἐστὶ
2739 1237 2967 1304 διαφορά
2993 1236 3083 1286 τοῦ
3110 1236 3438 1302 αὐθαιρέτως
3464 1234 3906 1302 παραιτουμένου

2365 1324 2424 1374 τὸ
2469 1325 2908 1391 ἐκκλησιαστικὸν
2947 1324 3310 1392 δικαστήριον,
3357 1324 3445 1374 καὶ
3504 1323 3789 1390 ζητοῦντος
3842 1322 3904 1373 τὸ

2379 1409 2652 1461 πολιτικὸν
2698 1411 3041 1479 δικαστήριον
3085 1409 3168 1460 διὰ
3204 1409 3544 1475 προστάξεως
3591 1409 3902 1476 βασιλικῆς,

2367 1499 2460 1550 καὶ
2485 1499 2577 1550 τοῦ
2611 1499 2955 1559 ἐλκυσθέντος
2978 1497 3241 1556 ἀκουσίως
3290 1497 3426 1547 κατὰ
3456 1497 3696 1547 κέλευσιν
3748 1496 3905 1566 βασι-

2363 1587 2520 1655 λικὴν
2578 1591 2656 1648 είς
2705 1590 2966 1655 κοσμικὺν
3023 1587 3382 1654 δικαστήριον.
3461 1586 3759 1648 ’Δνάγνωθι
3809 1585 3904 1634 καὶ

2366 1691 2490 1743 κεφ.
2530 1674 2578 1727 α’
2613 1677 2706 1728 τοῦ
2751 1678 2794 1730 θ’
2846 1677 3024 1729 τίτλου
3057 1676 3147 1727 τοῦ
3189 1675 3451 1743 παρόντος
3501 1674 3897 1740 συντάγματος,

734 1760 951 1828 quando
971 1767 1232 1811 estcausa
1271 1755 1601 1823 pecuniaria,
1641 1769 1757 1818 quae
1811 1765 1894 1808 est
1938 1756 2254 1823 synodalith

2369 1766 2462 1816 καὶ
2491 1766 2556 1817 τὰ
2587 1769 2644 1818 ἐν
2676 1766 2821 1834 αὑτῷ
2847 1766 2974 1834 παρ’
3010 1766 3164 1834 ήμῶν
3213 1764 3584 1834 γεγραμμένα.
3614 1763 3685 1814 Τὸ
3713 1763 3903 1830 μέντοι

727 1850 973 1904 dicenda.

2372 1850 2601 1919 ζητῆσαι
2635 1853 2988 1922 συνδικαστὴν
3016 1853 3288 1904 πολιτικὸν
3309 1853 3397 1904 διὰ
3435 1852 3777 1919 προστάξεως
3813 1851 3908 1918 βα·

728 1938 955 2005 σιλικῆς,
985 1937 1059 1997 ὼς
1087 1935 1207 2002 ἐμοὶ
1239 1934 1403 1999 δοκεῖ,
1428 1933 1526 1985 οὐκ
1567 1932 1681 1985 ἐστι
1713 1933 2109 2000 κεκωλυμένον,
2149 1936 2244 1988 καὶ
2282 1941 2483 2006 μᾶλλον
2505 1943 2631 1996 ὅταν
2659 1945 2974 2012 χρηματική
2998 1946 3141 1994 ἐστιν
3191 1944 3460 2006 ὑπόθεσις,
3528 1946 3560 2011 ή
3635 1945 3904 2012 μέλλουσα

725 2025 1022 2095 λαληθῆναι
1057 2024 1367 2084 συνοδικῶς.

794 2101 1210 2181 interrogaverit
1254 2121 1428 2168 autetn
1485 2112 1770 2180 quispiam,
1801 2113 1929 2165 Cum
1983 2112 2064 2166 lex
2093 2113 2254 2176 dicat,

726 2222 844 2261 eum
877 2208 942 2260 ab
990 2206 1203 2258 actione
1239 2218 1330 2256 sua
1371 2202 1640 2265 excidere,
1678 2203 1766 2269 qui
1822 2216 1976 2254 suum
2009 2203 2260 2255 adversa-

728 2300 864 2350 rium
911 2295 974 2348 ad
1026 2294 1291 2362 judicium
1340 2293 1704 2357 ineompetens
1744 2291 2002 2353 traxerit,
2032 2292 2120 2357 qui
2173 2305 2262 2343 sa-

725 2399 928 2441 cratum
965 2386 1029 2438 ad
1063 2383 1217 2436 civile
1258 2382 1513 2450 judicium
1549 2381 1771 2432 traxerit
1801 2419 1815 2442 ,
1867 2394 2039 2431 annon
2066 2395 2128 2432 ex
2160 2381 2262 2433 hoc

725 2489 928 2528 canone
982 2487 1076 2527 suo
1112 2473 1232 2539 jure
1265 2471 1476 2524 excidet
1508 2471 1530 2521 ?
1573 2468 1791 2522 Salutio.
1842 2469 2250 2536 lncompctentis

719 2563 918 2633 judicis
949 2562 1279 2628 praeseriptio
1311 2561 1361 2611 in
1393 2559 1649 2625 principio
1691 2558 1875 2623 judicii
1911 2557 2080 2613 solum
2129 2573 2250 2624 pro-

728 2651 968 2718 ponitur,
1002 2664 1101 2700 non
1131 2657 1302 2698 autem
1335 2647 1493 2697 etiam
1517 2656 1722 2712 postea.
1747 2644 1909 2710 Finge
1935 2659 2084 2712 ergo,
2120 2646 2260 2712 quod

725 2753 785 2793 ea
817 2753 845 2790 a
885 2737 1141 2804 principio
1192 2751 1294 2787 non
1328 2743 1412 2787 est
1446 2734 1720 2801 proposita
1756 2748 1782 2784 a
1815 2747 1906 2785 reo
1939 2748 1954 2782 :
2005 2735 2081 2785 vel
2134 2748 2257 2801 pro-

728 2827 900 2894 posita
929 2841 955 2877 a
991 2824 1169 2891 judice
1197 2824 1428 2876 admissa
1479 2838 1580 2874 non
1610 2830 1710 2873 est.
1752 2819 1816 2872 Et
1854 2830 2131 2888 propterea
2163 2824 2256 2874 de-

726 2916 978 2967 ﬁnierunt
1026 2913 1209 2964 l‘atres
1235 2951 1248 2973 ,
1304 2909 1470 2977 quod,
1505 2910 1712 2962 etiamsi
1747 2919 1897 2962 actor
1943 2910 2161 2972 vicerit,
2193 2923 2257 2962 eo

2443 2115 2737 2184 Ἑρωτήσει
2778 2116 2833 2168 δέ
2863 2134 2969 2180 τις,
3003 2117 3089 2176 Ὠς
3119 2115 3213 2167 τοῦ
3247 2116 3408 2182 νόμου
3463 2116 3708 2182 λέγοντος
3741 2120 3904 2170 ἐκπίε-

2365 2219 2516 2256 πτειν
2544 2209 2640 2272 τῆς
2669 2205 2870 2266 οἰκείας
2906 2205 3287 2272 ἐναγωγῆςτδν
3320 2207 3398 2265 είς
3434 2207 3774 2275 ἀπρόσφορον
3821 2211 3903 2260 δι-

2364 2294 2654 2362 καστήριον
2683 2295 2982 2345 ἐλκύσαντα
3006 2294 3095 2343 τον
3116 2294 3246 2344 ῑδιον
3271 2294 3554 2356 ἀντίδικον,
3576 2296 3672 2345 οὐκ
3699 2297 3898 2362 ἔμελλε

2365 2379 2460 2431 καὶ
2484 2384 2588 2451 πρὸ
2617 2383 2708 2434 τοῦ
2751 2383 2971 2444 κανόνος
3003 2383 3193 2434 τούτου
3225 2385 3250 2433 ό
3287 2383 3377 2432 τὸν
3414 2383 3708 2451 ἱερωμένον
3740 2386 3905 2436 ἐλκύ-

2368 2488 2463 2532 σας
2496 2476 2574 2533 εἰς
2607 2471 2877 2524 πολιτικὸν
2907 2473 3251 2540 δικαστήριον
3281 2473 3533 2523 ἐκπεσεῖν
3559 2473 3651 2524 τοῦ
3683 2475 3901 2526 δικαίου

2364 2561 2525 2613 αὐτοῦ
2549 2578 2563 2626 ;
2593 2563 2800 2625 Λύσις.
2833 2562 2894 2612 'll
2921 2561 3012 2612 τοῦ
3038 2561 3381 2630 ἀπροσφόρου
3408 2565 3740 2633 παραγραφὴ
3759 2569 3901 2616 κατά

2359 2654 2453 2722 τὴν
2487 2653 2656 2722 ἀρχὴν
2691 2651 2783 2703 τοῦ
2822 2653 3164 2720 δικαστηρίου
3208 2636 3520 2719 προτίθεται
3563 2655 3655 2704 καὶ
3697 2655 3891 2720 μόνον,

2362 2741 2420 2790 οὐ
2476 2740 2581 2808 μὴν
2644 2741 2735 2791 καὶ
2787 2741 2922 2806 μετὰ
2973 2739 3160 2791 ταῦτα.
3204 2739 3504 2806 Θεμάτισον
3566 2735 3659 2792 οῦν
3699 2743 3780 2793 δτι
3834 2742 3896 2791 οὐ

2363 2828 2630 2894 προετέθη
2659 2826 2795 2892 αὕτη
2829 2826 2976 2894 παρὰ
3006 2826 3096 2878 τοῦ
3128 2827 3476 2894 ἐναγομένου,
3502 2828 3532 2896 ἢ
3566 2830 3898 2896 προτεθεῖσα

2359 2915 2458 2965 οὐκ
2489 2914 2677 2983 ἐδέχθιιι
2711 2917 2858 2982 παρά
2879 2914 2970 2965 τοῦ
3004 2914 3279 2968 δικαστοῦ.
3306 2916 3413 2967 Kal.
3448 2916 3535 2967 διξὰ
3563 2918 3722 2968 τοῦτο
3758 2917 3896 2985 ὤρι-

725 3005 868 3070 quod
923 3002 1330 3066 inconipcteutis
1363 3000 1557 3066 judicis
1589 3001 1828 3066 exceptio
1861 3002 2255 3066 quomodoeun-

2363 3025 2459 3059 σαν
2489 3010 2535 3059 οἱ
2580 3009 2814 3074 ΙΙατέρες
2847 3008 2941 3071 ὡς,
2979 3007 3079 3058 κάν
3107 3009 3302 3076 νικήσῃ
3330 3009 3357 3059 ὁ
3385 3008 3685 3074 ἐναγαγὼν,
3722 3011 3811 3062 διὰ
3835 3009 3896 3060 τὸ

724 3107 825 3157 que
875 3092 1118 3142 inefﬁcax
1185 3089 1336 3140 fuerit
1383 3105 1395 3138 :
1460 3089 1537 3138 sic
1577 3102 1786 3154 quoque
1840 3098 2013 3140 tamen
2044 3100 2258 3154 propter

728 3182 979 3232 honorem
1013 3178 1258 3229 Ecclesiae
1288 3190 1468 3226 eorum
1500 3174 1718 3226 victoria
1759 3175 1886 3226 nihil
1911 3178 1956 3227 ei
1989 3178 2254 3240 proderit;

725 3271 817 3323 scd
848 3271 1161 3335 deponetur,
1207 3269 1248 3317 si
1291 3280 1408 3316 eam
1443 3264 1686 3315 retineat.
1726 3261 1985 3315 l’rmterea
2025 3264 2256 3315 interro-

727 3359 932 3427 gaverit
986 3357 1266 3422 quispiam,
1303 3370 1458 3422 quam
1520 3369 1726 3421 paznam
1783 3354 2121 3406 sustinebunt
2174 3367 2261 3405 ec-

726 3442 1019 3495 clesiastici
1045 3440 1277 3506 judiccs,
1315 3443 1358 3492 si
1387 3442 1612 3492 cenvieti
1649 3440 1864 3501 iuerint,
1895 3455 1959 3491 ex
1997 3441 2140 3498 odio,
2176 3439 2258 3492 vel

726 3532 1024 3593 aﬂectiOne,
1057 3529 1139 3581 vel
1179 3539 1396 3594 propter
1431 3530 1655 3595 gratiam
1708 3531 2023 3581 sententiam
2055 3530 2256 3595 tulisse,

724 3631 1041 3670 cumcanon
1103 3617 1165 3668 de
1215 3631 1278 3667 eo
1321 3616 1448 3667 nihil
1498 3615 1728 3682 jubeat?
1781 3616 2006 3667 Salutio.
2077 3615 2255 3669 Genus

725 3718 910 3765 paruae.
948 3703 1046 3754 etsi
1073 3717 1135 3753 ex
1169 3715 1374 3752 canone
1398 3717 1500 3753 non
1522 3710 1792 3767 appareat,
1825 3717 1888 3751 ex
1923 3701 2125 3767 legibus
2176 3712 2252 3753 ta-

722 3807 842 3844 men
892 3789 1218 3843 declaratur.
1282 3788 1396 3840 Jam
1431 3790 1572 3841 enim
1608 3789 1672 3840 de
1713 3788 1893 3856 judice
1943 3791 2252 3841 rutmeribus

721 3892 969 3947 corrupto
999 3880 1127 3931 dicit
1156 3893 1272 3945 cap.
1303 3879 1356 3940 5,
1391 3879 1474 3929 tit.
1509 3877 1596 3939 25,
1629 3878 1717 3930 lib.
1774 3893 1823 3929 ιι
1851 3918 1865 3941 ,
1896 3877 2251 3943 Magistratus,

721 3971 812 4037 qui
850 3969 1106 4036 pecunias
1138 3968 1332 4034 accipit
1383 3969 1445 4018 ad
1475 3966 1562 4033 jus
1621 3966 1930 4027 dicendum,
1955 3967 2034 4018 vel
2066 3967 2250 4018 decer-

723 4063 978 4121 nendum,
1008 4058 1088 4110 vel
1131 4060 1193 4110 ad
1229 4057 1346 4123 plus
1377 4057 1459 4108 vel
1509 4057 1678 4108 minus
1707 4071 1802 4107 suo
1846 4054 2021 4108 cilicio
2051 4054 2252 4107 facien-

723 4151 881 4209 dum,
929 4157 980 4199 et
1033 4149 1434 4214 magistratuum
1490 4159 1696 4214 quoque
1746 4160 2075 4210 assessorcs,
2139 4147 2251 4210 lege

728 4244 998 4287 tenentur.
1049 4234 1113 4286 Et
1162 4235 1334 4286 thema
1366 4235 1418 4297 5,
1455 4250 1572 4300 cap.
1607 4234 1671 4286 8:
1699 4232 1858 4286 Parua
1900 4234 2030 4301 legis
2050 4241 2130 4286 cst
2159 4248 2251 4285 ex-

2362 3099 2706 3166 ἁπρακτῆσαι
2748 3098 3093 3166 ὁπωσδήποτε
3124 3099 3220 3162 τὴν
3250 3097 3338 3150 τοῦ
3368 3100 3709 3168 ἀπροσφόρου
3743 3101 3895 3150 δικα-

2361 3186 2483 3238 στοῦ
2523 3190 2915 3254 παραγραφὴν,
2960 3187 3093 3239 ἀλλὰ
3134 3189 3224 3237 καὶ
3266 3188 3404 3239 οὕτω
3458 3189 3540 3239 διὰ
3580 3189 3674 3255 τὴν
3729 3188 3892 3256 τιμήν

2356 3273 2454 3339 τῆς
2490 3274 2812 3341 Ἐκκλησίιις
2847 3275 2922 3333 εἰς
2953 3274 3104 3325 οὐδὲν
3132 3275 3278 3340 αὑτῴ
3310 3277 3343 3342 ἡ
3374 3276 3496 3342 νίκη
3527 3277 3888 3346 λυσιτελήσει·

2356 3361 2488 3412 ἀλλὰ
2515 3362 2992 3430 καθαιρεθήσεται,
3031 3365 3184 3431 εἴπερ
3207 3364 3488 3431 ἀντέχεται
3515 3365 3734 3432 ταύτης,
3773 3368 3893 3418 Ἐτι

2358 3450 2620 3517 ἐρωτήσει
2652 3467 2757 3511 τις,
2794 3451 2951 3501 ποίαν
2985 3450 3184 3518 βλάσην
3208 3453 3597 3520 ὑποστήσονται
3622 3456 3669 3504 οἱ
3698 3455 3893 3522 ἐκκλη-

2357 3541 2626 3590 σιαστικοὶ
2655 3541 2925 3603 δικασταὶ,
2978 3541 3133 3609 εἴπερ
3171 3542 3464 3610 ἐλεγχθῶσι
3499 3545 3637 3595 κατὰ
3691 3545 3892 3612 ἔχθραν

2355 3626 2385 3693 ἢ
2419 3629 2558 3680 κατὰ
2591 3629 2963 3696 προσπάθειαν
2992 3630 3130 3697 ἢδιά
3151 3633 3306 3698 χάριν
3338 3633 3765 3699 ἀποφηνάμενοι,
3800 3635 3890 3685 τοῦ

2355 3717 2568 3777 κανόνος
2590 3717 2751 3784 μηδὲν
2775 3719 2897 3784 περὶ
2914 3717 3101 3769 τούτου
3119 3722 3617 3790 παρακελευομένου
3637 3740 3651 3788 ;
3677 3726 3888 3787 Λύσις.

2352 3805 2424 3856 Τὸ
2459 3802 2594 3866 εἶδος
2635 3805 2734 3873 τῆς
2801 3807 3022 3873 βλάὁης,
3083 3807 3183 3859 κᾶν
3217 3810 3322 3861 ἀπὸ
3386 3811 3480 3862 τοῦ
3537 3815 3759 3873 κανόνος
3793 3815 3890 3865 οὐκ

2351 3894 2731 3962 ἀναφαίνηται,
2759 3895 2891 3946 ἀλλά
2924 3897 3027 3947 ἀπὸ
3051 3898 3154 3948 τῶν
3180 3900 3358 3965 νόμων
3380 3899 3649 3968 δηλοῦται.
3680 3905 3890 3955 Αὐτίκα

2352 3983 2460 4052 γὰρ
2490 3989 2616 4051 περὶ
2640 3982 2730 4035 τοῦ
2757 3984 3213 4054 δωροδοκηθέντος
3257 3988 3507 4041 δικαστοῦ
3546 4007 3674 4057 φησι
3713 3993 3777 4044 τὸ
3832 3993 3887 4059 γ’

2349 4088 2472 4138 κεφ.
2504 4071 2596 4122 τοῦ
2629 4069 2715 4138 μγ¹
2743 4073 2921 4123 τὶτλου
2958 4074 3051 4125 τοῦ
3077 4074 3118 4138 ξ’
3158 4075 3361 4142 βιϐλίου
3386 4093 3401 4109 ⁸
3446 4078 3502 4129 ’0
3541 4080 3722 4146 ἄρχων
3748 4083 3887 4152 λαμ-

2348 4158 2522 4209 ϐάνων
2553 4160 2807 4226 χρήματα
2847 4162 2936 4212 ἐπὶ
2963 4159 3038 4227 τῷ
3068 4162 3305 4227 δικάσαι,
3335 4165 3367 4233 ἢ
3396 4165 3757 4233 ψηφίσασθαι,
3793 4173 3886 4222 ἐπὶ

2350 4244 2426 4313 τῷ
2457 4248 2680 4313 ποιῆσαί
2712 4265 2761 4297 τι
2817 4247 2977 4299 πλέον
3015 4251 3044 4316 ἢ
3094 4241 3266 4319 ἥττον’
3297 4254 3390 4304 τοῦ
3442 4255 3571 4306 ἰδίου
3605 4259 3886 4323 ὀφφικίου,

723 4323 1100 4384 traordinaria,
1130 4334 1181 4377 et
1239 4333 1294 4376 ut
1334 4325 1614 4390 plurimum
1662 4324 1851 4375 exsilio
1888 4328 2244 4382 condemnat.

2359 4335 2450 4386 καὶ
2481 4336 2528 4385 οἱ
2559 4336 2800 4404 σύνεδροι
2829 4336 2933 4389 τῶν
2968 4340 3244 4407 ἀρχόντων
3276 4342 3587 4397 ὑπόκεινται
3612 4347 3688 4413 τῷ
3713 4347 3885 4417 νόμῳ.

724 4427 1104 4478 nonnunquam
1163 4415 1322 4464 etiam
1370 4411 1600 4478 gravius.
1637 4411 1701 4463 Et
1750 4412 1997 4473 themu‘B,
2031 4426 2147 4480 cap.
2177 4412 2207 4464 9
2239 4430 2251 4464 :

720 4505 817 4566 Qui
883 4505 982 4556 hac
1045 4503 1156 4569 lege
1207 4505 1613 4565 condemnatur,
1662 4519 1758 4555 nec
1817 4515 1989 4569 potest
2047 4503 2256 4570 publice

723 4592 1086 4643 testimonium
1139 4591 1340 4650 dicere,
1386 4605 1482 4643 nec
1527 4592 1684 4656 jndex
1735 4607 1871 4648 (τελε,
1929 4608 2026 4644 nec
2068 4607 2254 4644 iausas

718 4693 894 4745 agere.
954 4678 1091 4744 Lege
1137 4689 1187 4730 et
1224 4680 1393 4730 thema
1431 4679 1484 4741 2,
1545 4694 1664 4746 cap.
1728 4681 1790 4741 6,
1825 4681 1902 4732 tit.
1952 4681 2006 4738 ιι,
2034 4681 2123 4731 lth.
2154 4696 2245 4745 ωε,

718 4770 855 4834 quod
893 4770 1102 4834 quidem
1135 4778 1215 4820 est
1258 4783 1378 4834 pars
1415 4767 1512 4819 lS-i
1555 4766 1840 4821 Iustiniani
1879 4770 2108 4829 lli)VL'”il',
2138 4787 2252 4835 qua:

717 4858 795 4910 sic
818 4856 985 4910 dicit:
1021 4857 1074 4909 Si
1110 4870 1227 4923 Quis
1259 4867 1430 4908 autem
1469 4871 1675 4919 eorum,
1705 4859 1791 4925 qui
1843 4859 2067 4924 litigant,
2099 4859 2250 4910 dixe-

717 4946 786 4998 rit
818 4959 876 4996 se
911 4945 1108 5012 aliquid
1133 4947 1362 5009 dedisse,
1392 4946 1472 4998 vel
1527 4961 1646 4999 esse
1705 4947 2018 5014 pollicitum,
2049 4956 2100 4998 et
2131 4963 2249 5013 per-

715 5049 901 5087 sonam
931 5035 1307 5098 nominaverit,
1336 5045 1388 5088 et
1428 5036 1527 5088 hoc
1555 5038 1878 5103 probaverit,
1906 5036 2015 5100 ipse
2035 5040 2246 5101 quidem

717 5124 768 5176 in
823 5123 929 5177 litis
980 5127 1124 5177 exitu
1163 5125 1311 5177 venia
1369 5126 1560 5193 (lignus
1592 5127 1872 5177 habeatur.
1917 5127 2013 5188 Qui
2071 5135 2244 5176 autem

717 5215 911 5266 donum
942 5213 1018 5266 vel
1077 5216 1396 5279 promissum
1438 5216 1721 5267 admisisse
1768 5216 2038 5267 convictus
2064 5214 2244 5276 fuerit,

716 5305 758 5356 si
794 5305 1094 5371 sitquidem
1155 5319 1313 5356 causa
1369 5306 1694 5369 peetmiaria,
1737 5305 1874 5370 quod
1927 5305 2107 5356 datum
2141 5315 2243 5366 est,

717 5394 953 5459 triplnm,
993 5395 1132 5461 quod
1175 5410 1300 5446 vero
1331 5395 1672 5461 p:omissutn,
1716 5396 1929 5460 dupltnn
1993 5410 2018 5444 a
2051 5395 2245 5446 comite

715 5483 1038 5548 privatarum
1094 5493 1402 5533 nostrarum
1459 5483 1765 5532 facultatum
1797 5483 2054 5549 exigatur,
2083 5494 2133 5533 et
2163 5482 2243 5534 di-

712 5571 962 5635 gnitatem
989 5586 1079 5624 seu
1111 5573 1496 5638 magistratum,
1534 5589 1686 5639 quem
1723 5573 1897 5638 habet,
1944 5575 1991 5623 in
2021 5584 2242 5640 utroque

2356 4428 2465 4477 Καὶ
2492 4428 2549 4477 τὸ
2575 4425 2621 4492 γ’
2659 4427 2797 4495 θέμα
2825 4428 2916 4480 τοῦ
2941 4429 2992 4498 η’
3035 4448 3158 4496 κεφ.
3193 4431 3290 4500 (⁸11
3314 4433 3469 4500 ποινὴ
3496 4435 3586 4486 τοῦ
3611 4439 3773 4505 νόμου
3795 4441 3883 4491 ἐκε-

2356 4516 2774 4582 στραορδιναρία
2804 4520 2944 4580 ἐστὶ,
2975 4521 3066 4571 καὶ
3090 4521 3293 4573 ἐπίπαν
3320 4524 3396 4583 εἰς
3433 4523 3646 4591 ἐξορίαν
3668 4529 3883 4579 καταδιο

2353 4601 2526 4666 κάζει,
2560 4603 2671 4656 ἔσθ’
2718 4605 2806 4656 ὅτε
2839 4607 2895 4657 δὲ
2924 4609 3018 4659 καὶ
3059 4608 3432 4678 σφοδρότερον.
3455 4613 3560 4663 Kal
3586 4614 3645 4664 τὸ
3677 4615 3720 4680 β’
3745 4616 3884 4684 θέμα

2357 4692 2453 4743 τοῦ
2500 4692 2542 4742 θ’
2578 4694 2724 4758 κεφ.)
2771 4693 2830 4747 Ὀ
2866 4695 2944 4763 τῷ
2994 4697 3140 4762 νόμῳ
3193 4699 3364 4768 τούτῳ
3398 4701 3884 4770 καταδικαζόμενος

2353 4780 2473 4832 οὕτε
2516 4787 2815 4852 μαρτυρεῖν
2870 4785 3104 4855 δημοσίᾳ
3152 4787 3395 4853 δύναται,
3445 4790 3567 4841 οὔτε
3619 4793 3879 4857 δικάζειν,

2355 4867 2476 4918 οὗτε
2508 4873 2841 4936 συνηγορεῖν.
2900 4873 3193 4936 ’Λνάγνωθι
3245 4878 3333 4927 καὶ
3362 4877 3422 4927 τὸ
3461 4878 3503 4946 β’
3533 4878 3672 4946 θέμα
3700 4882 3792 4933 τοῦ
3831 4887 3879 4943 ς’

2352 4972 2474 5022 κερ.
2510 4957 2600 5007 τοῦ
2636 4959 2674 5007 δ’
2699 4959 2877 5010 τίτλου
2905 4961 2992 5010 τοῦ
3036 4962 3074 5023 ξ’
3122 4962 3348 5029 βιϐλίου,
3398 4967 3532 5034 ὅπερ
3561 4970 3676 5020 ἐστὶ
3718 4971 3880 5038 μέρος

2349 5043 2445 5109 τῆς
2481 5043 2591 5109 ρκδ¹
2631 5045 3053 5098 ’1ουστινιανείου
3101 5051 3320 5118 νεαρᾶς,
3377 5051 3547 5116 λέγων
3575 5054 3742 5118 οὕτως
3771 5072 3784 5086 ·
3819 5058 3876 5107 Ei

2346 5131 2400 5181 δέ
2432 5147 2512 5189 τις
2543 5132 2604 5180 ἐκ
2663 5134 2770 5182 τῶν
2823 5133 3189 5202 δικαζομένων
3242 5139 3386 5188 είποι
3432 5139 3714 5192 δεδωκέναι
3760 5160 3810 5194 τι
3847 5145 3874 5209 ἦ

2349 5219 2694 5286 ὑποσχέσθαι,
2751 5223 2842 5271 καὶ
2885 5223 2944 5272 τὸ
2996 5223 3284 5292 πρόςωπον
3325 5225 3534 5298 ἐξείπῃ,
3597 5231 3878 5281 καὶτοῦτο

2348 5309 2637 5372 ἀποδείξει,
2667 5311 2826 5370 αὐτὸς
2853 5313 2948 5378 μὲν
2977 5313 3069 5364 ἐπὶ
3089 5316 3154 5382 τῇ
3195 5316 3292 5380 τῆς
3322 5315 3472 5382 δίκης
3501 5316 3720 5368 ἐκὸάσει
3750 5336 3876 5383 συγ-

2346 5396 2564 5464 γνώμης
2596 5400 2894 5461 ἀξιουσθω·
2920 5403 2947 5451 ό
2977 5402 3029 5451 δὲ
3065 5403 3210 5453 δόσιν
3251 5404 3280 5471 ἢ
3319 5406 3607 5472 ὑπόσχεσιν
3656 5408 3875 5459 καταδέ-

2347 5487 2534 5549 ξασθαι
2560 5487 2920 5554 δεικνύμενος,
2942 5493 2985 5540 εξ
3013 5492 3109 5556 μὲν
3127 5494 3435 5562 χρηματικὴ
3451 5495 3534 5560 εἴη
3559 5497 3590 5562 ἡ
3611 5496 3877 5558 ὑπόθεσις,

2344 5578 2400 5624 τὴ
2433 5575 2526 5640 μὲν
2555 5575 2832 5642 δεδομένον
2862 5579 3138 5648 τριπλοῦν,
3163 5582 3219 5632 τὸ
3248 5582 3301 5632 δὲ
3335 5583 3631 5650 ὑποσχεοὲν
3661 5584 3874 5637 διπλοῦν
