4018 6306
229 325 294 388 77
1298 338 1380 398 1N
1433 339 1596 399 CAN.
1625 336 1724 396 xv
1756 333 1960 394 coss.
2002 334 2369 396 CARTHAG.
3348 325 3414 387 78

225 434 375 501 παρά
415 435 512 487 τοῦ
539 437 779 507 κόμητος
805 441 901 511 τῆς
935 442 1108 513 ἰδικῆς
1131 445 1286 515 ήμῶν
1321 449 1634 516 περιουσίας
1664 450 1756 495 εἰσ·

1876 455 2000 495 casn
2028 445 2238 510 perdat.
2293 442 2387 495 Sin
2419 448 2599 495 autem
2657 439 2728 496 sit
2775 437 3075 494 criminalis
3117 437 3413 492 accusatio.

221 524 574 591 πραττέσθω,
617 530 707 579 καὶ
732 532 834 599 τὴν
869 531 1024 596 ἀξίαν
1066 535 1185 602 ἢτοι
1224 537 1398 605 ἀρχὴν
1425 536 1492 606 ἢν
1532 536 1643 604 ἔχει
1684 536 1766 600 ἐφ’

216 611 483 682 ἑκατέρου
525 613 759 684 θέματος
807 619 1114 677 ἀπολλύτω.
1175 624 1237 678 Εἰ
1279 627 1337 678 δὲ
1389 625 1769 696 ιγκληματικὴ

219 702 301 770 εἴη
329 704 363 771 ἦ
397 707 731 774 κατηγορία,
767 709 1032 779 δήμευσιν
1075 711 1176 781 τῆς
1215 715 1422 778 οἰκείας
1451 715 1769 784 ὑπομενέτω

219 795 563 862 περιουσίας,
593 799 684 849 καὶ
722 801 802 861 εἰς
857 801 1070 872 έξορίαν
1135 806 1458 874 πεμπέσθω,
1507 809 1652 869 ὅστις
1680 807 1768 859 διὰ

219 883 380 950 λῆψιν
412 885 696 954 ἀλλότριον
730 889 982 960 ἔγκλημα
1007 896 1084 956 εἰς
1117 897 1310 949 ἑαυτὸν
1337 898 1635 950 ἐσπούδακε
1670 915 1767 965 με·

214 977 518 1040 τενεγκείν.
561 977 622 1028 Εἰ
661 979 718 1030 δὲ
757 981 854 1048 τὴν
883 982 1083 1054 δόσινῆ
1129 987 1230 1056 τὴν
1262 987 1554 1058 ὑπόσχεσιν
1593 989 1622 1039 δ
1650 988 1764 1046 διά.-

213 1064 360 1128 δικος
391 1065 467 1134 μὴ
496 1066 700 1140 δυνηθῇ
723 1071 912 1137 δείξαι,
939 1074 1163 1142 ὀμνύτω
1186 1078 1246 1128 τδ
1269 1078 1557 1147 πρόσωπον
1581 1078 1642 1130 τὸ
1669 1078 1766 1147 τὴν

213 1155 356 1207 δόσιν
392 1158 424 1224 ἢ
457 1158 560 1228 τὴν
593 1159 886 1231 ὑπόσχεσιν
911 1165 1206 1234 λεγόμενον
1233 1167 1650 1232 καταδέξασθαι,
1683 1169 1765 1220 ὅτι

211 1246 331 1298 οὐδὲ
364 1246 436 1298 δι’
477 1249 676 1302 ἑαυτοῦ
717 1253 840 1305 οὐδὲ
861 1255 928 1306 δι’
954 1256 1115 1308 ἀλλον
1139 1259 1436 1326 προσώπου
1457 1258 1490 1326 ἢ
1516 1258 1674 1310 ἐλαδέ
1709 1275 1760 1308 τι

209 1335 241 1401 ἢ
273 1335 575 1405 ὑπόσχεσιν
615 1338 760 1408 ισχι.
793 1343 899 1394 Καὶ
925 1343 1020 1396 τοῦ
1054 1345 1301 1399 τοιούτου
1329 1347 1495 1416 ὅρκου
1528 1363 1766 1416 παρεχο-

213 1425 399 1491 μένου,
423 1427 590 1489 αὐτὸς
627 1429 727 1497 μὲν
761 1431 1046 1502 ἐλεύθερος
1077 1433 1222 1486 Ιστω
1246 1450 1259 1465 ·
1295 1437 1323 1488 δ
1368 1436 1426 1488 δι
1473 1435 1710 1496 διάδικος
1736 1436 1764 1486 ὁ

210 1513 284 1580 μὴ
319 1514 580 1581 δυνηθεὶς
603 1517 775 1580 δείξαι
793 1521 886 1572 ἐπὶ
912 1521 1012 1589 μιν
1031 1525 1154 1586 ταῖς
1170 1526 1537 1593 χρηματικαίς
1562 1525 1762 1586 αἰτίαις

205 1602 302 1662 τὴν
330 1603 676 1673 ἀποτίμησιν
701 1609 798 1674 τῆς
827 1609 985 1679 δίκης
1011 1612 1116 1664 ὑπὸ
1145 1613 1236 1665 τοῦ
1265 1613 1504 1683 κόμητος
1532 1615 1629 1682 τῆς
1668 1613 1763 1666 ιδι-

201 1692 304 1758 κῆς
333 1693 497 1760 ἡμῶν
532 1696 851 1764 περιουσίας
884 1702 1314 1770 εἰσπραττέσθω,
1355 1703 1456 1773 τῆς
1485 1703 1641 1771 δίκης
1667 1704 1760 1771 δη·

201 1780 378 1834 λονότι
414 1785 517 1852 τὴν
552 1785 691 1840 ἰδίαν
721 1787 946 1842 ἔκϐασιν
971 1792 1356 1861 ἀναμενούσης
1377 1811 1390 1826 ·
1431 1795 1523 1846 tati
1549 1794 1603 1846 δὲ
1641 1798 1760 1858 ταῖς

196 1869 642 1940 ιγκληματικαίς
673 1875 938 1944 δήμευσιν
956 1881 1054 1948 τῆς
1103 1881 1238 1943 ἰδίας
1279 1885 1596 1952 περιουσίας
1622 1885 1756 1936 ὑπο·

204 1963 444 2028 μενέτω,
481 1965 576 2016 καὶ
614 1965 677 2017 τὸ
699 1967 931 2037 πρᾶγμα
964 1971 1114 2038 παρὰ
1143 1973 1258 2034 τοῖς
1285 1973 1564 2042 ἀρμοδίοις
1598 1975 1757 2026 δικα-

201 2054 356 2113 σταῖς
387 2054 532 2105 κατά
561 2055 662 2124 τὴν
688 2056 798 2110 τῶν
822 2058 1002 2126 νόμων
1027 2060 1178 2126 τάξιν
1205 2064 1570 2132 περαιούσθω.
1607 2066 1666 2115 Εἰ
1701 2066 1757 2117 δὲ

1875 530 2213 598 propriarum
2259 529 2571 584 facultatum
2607 529 3045 584 conﬁscationem
3074 525 3328 594 patiatur,
3361 533 3414 576 et

1874 621 1926 673 in
1959 621 2208 675 exsilium
2267 621 2530 682 mittatur,
2585 622 2762 687 utqui
2814 619 3126 688 accipiendo
3182 617 3412 669 alienum

1871 709 2073 762 crimen
2129 711 2179 763 in
2213 711 2445 778 seipsum
2490 709 2783 764 transferre
2818 710 3102 763 studuerit.
3134 707 3189 760 Si
3237 715 3413 757 autem

1871 797 2211 852 donationem
2265 800 2345 854 vel
2378 801 2789 868 promissionem
2845 799 3082 868 litigator
3131 798 3415 850 ostendere

1869 901 1974 940 non
2033 889 2286 955 potuerit,
2331 889 2476 956 juret
2517 904 2768 958 persona,
2801 903 2918 956 quae
2962 889 3303 940 donationem
3335 883 3414 936 vel

1868 977 2280 1043 promissionem
2333 979 2633 1044 suscepisse
2660 977 2874 1040 dicitur,
2904 977 3044 1043 quod
3087 987 3182 1026 nec
3211 987 3303 1039 per
3331 985 3410 1028 se.

1868 1080 1969 1120 nec
2008 1080 2104 1133 per
2166 1067 2323 1119 aliam
2371 1082 2683 1136 personam,
2723 1068 2805 1120 vel
2834 1066 3035 1135 aliquid
3074 1064 3300 1128 accepit,
3329 1063 3410 1114 vel

1866 1158 2192 1224 promissum
2246 1156 2455 1210 habuit.
2491 1155 2554 1208 Et
2602 1157 2704 1210 hoc
2751 1157 2874 1208 dato
2899 1152 3269 1222 jurejurando,
3301 1152 3415 1218 ipse

1865 1248 2083 1314 quidem
2139 1247 2457 1301 liberabitur
2491 1264 2504 1300 :
2537 1247 2778 1318 litigator
2840 1260 2988 1308 vero,
3052 1244 3142 1312 qui
3182 1241 3414 1310 probare

1868 1352 1973 1390 non
2013 1340 2208 1406 potuit,
2241 1340 2294 1390 in
2323 1339 2502 1392 causis
2532 1339 2743 1404 quidem
2773 1336 3116 1405 pecuniariis,
3146 1334 3253 1388 litis
3271 1331 3414 1386 :esti-

1865 1430 2158 1482 mationem
2217 1445 2244 1482 a
2285 1429 2484 1482 comite
2515 1429 2844 1496 privatarum
2883 1438 3186 1481 nostrarum
3240 1425 3413 1479 facul-

1863 1529 2030 1573 tatnm
2063 1521 2330 1587 exigatur,
2388 1520 2592 1589 judicio
2629 1521 2838 1574 scilicet
2865 1535 3020 1574 suum
3045 1529 3293 1573 eventum
3321 1533 3414 1570 ex-

1861 1620 2140 1678 spectante
2161 1629 2186 1664 -:
2220 1613 2272 1665 in
2305 1613 2676 1666 criminalibns
2696 1621 2872 1666 autem
2893 1611 3156 1665 bonorum
3191 1624 3409 1662 suorum

1863 1700 2279 1767 publicationem
2326 1701 2611 1764 sustineat,
2641 1712 2695 1753 et
2727 1715 2755 1752 a
2786 1699 3226 1754 convenientibus
3264 1697 3412 1766 judi-

1791 1773 1832 1827 Β
1862 1787 2013 1841 cibus
2068 1802 2134 1841 ex
2169 1788 2345 1858 legum
2382 1789 2571 1844 ordine
2615 1789 2886 1856 negotium
2942 1790 3282 1842 terminetur.
3315 1784 3408 1839 Sin

1861 1887 2038 1932 autem
2089 1891 2318 1946 persona
2369 1894 2397 1932 a
2451 1879 2722 1947 litigatore
2772 1879 3041 1932 declarata
3099 1877 3409 1945 praedictum

1858 1968 2238 2036 jusjurandum
2299 1971 2674 2034 recusaverit,
2717 1979 2838 2022 tam
2899 1969 2953 2022 in
2997 1967 3405 2027 criminalibus,

1861 2072 2024 2126 quam
2059 2059 2112 2112 in
2148 2060 2473 2126 pecuniariis
2512 2060 2713 2122 causis,
2746 2058 3017 2127 praedictis
3045 2058 3222 2124 pmnis
3277 2056 3408 2111 sub-

195 2141 256 2191 τὸ
292 2143 449 2212 παρὰ
481 2143 576 2196 τοῦ
616 2145 976 2216 δικαζομένου
1005 2152 1318 2218 φανερωθὶν
1347 2155 1636 2222 πρόσωπον
1667 2157 1756 2208 τὸν

1859 2149 2094 2219 iiciatur.
2136 2147 2190 2203 Si
2228 2149 2347 2216 quis
2379 2159 2556 2202 autem
2603 2164 2815 2213 eorum,
2858 2150 2947 2211 qui
3003 2148 3232 2215 litigant,
3262 2145 3410 2214 jura-

199 2232 655 2298 μνημονευθέντα
685 2239 1085 2307 παραιτήσεται
1110 2241 1293 2309 ὅρκον,
1335 2243 1492 2296 τοῦτο
1532 2247 1628 2312 μὲν
1661 2245 1755 2297 ἐπὶ

197 2323 316 2382 ταῖς
357 2322 822 2392 ἑγκληματικαίς,
856 2328 1012 2380 τοῦτο
1033 2329 1089 2381 δὲ
1124 2333 1218 2382 ἐπὶ
1241 2335 1359 2394 ταῖς
1382 2351 1486 2402 χρη
1498 2337 1754 2402 ματικαίς

194 2414 421 2478 αἰτίαις,
453 2419 577 2476 ταῖς
621 2419 1112 2485 μνημονευθείσαις
1148 2421 1463 2475 ὑποκείσθω
1510 2429 1746 2487 ποιναῖς.

198 2503 256 2554 Εἰ
286 2503 343 2556 δέ
379 2520 462 2566 τις
494 2505 601 2557 τῶν
627 2506 1000 2576 δικαζομένων
1027 2511 1218 2579 ὀμόσει
1272 2513 1347 2582 μὴ
1391 2515 1684 2566 δεδωκέναι
1717 2517 1747 2586 ἢ

193 2596 654 2662 ἐπαγγείλασθαι,
681 2599 830 2662 ἐντὸς
877 2602 932 2652 δὲ
959 2603 1240 2672 τεσσάρων
1273 2605 1456 2674 μηνῶν
1476 2647 1490 2667 ,
1525 2611 1661 2674 μετὰ
1691 2609 1750 2659 τὸ

199 2689 599 2756 προενεχθῆναι
624 2689 722 2760 τὴν
738 2690 917 2759 ψῆφον
940 2693 1375 2762 ἀριθμουμένων,
1400 2696 1581 2765 δειχθῇ
1606 2698 1755 2750 δοθέν

197 2795 247 2830 τι
280 2779 312 2848 ἦ
348 2780 680 2848 ὑποσχεθὲν,
719 2783 777 2835 αἰ
807 2783 1094 2852 εἰρημέναι
1140 2787 1325 2839 ποιναὶ
1375 2789 1518 2842 κατά
1561 2806 1616 2840 τε
1649 2791 1756 2842 τῶν

194 2871 451 2922 διδόντων
483 2875 624 2924 κατά
654 2889 713 2924 τε
753 2873 863 2925 τῶν
917 2875 1299 2944 λαμϐανόντων
1329 2879 1510 2947 χώραν
1549 2880 1751 2946 ἓξιυσι.

197 2960 303 3010 Kal.
337 2960 514 3013 ταῦτα
565 2963 665 3030 μὲν
719 2964 814 3016 ea:
860 2969 999 3018 κατὰ
1033 2968 1250 3034 χρῆσιν,
1275 2969 1441 3037 ἡγουν
1471 2969 1560 3020 διὰ
1586 2969 1744 3039 λῆψιν

1861 2237 2002 2292 verit
2039 2251 2098 2290 se
2148 2237 2280 2290 nihil
2340 2239 2577 2303 dedisse,
2623 2239 2704 2292 vel
2764 2239 3061 2306 pollicitum
3089 2252 3229 2300 esse,
3264 2236 3402 2289 intra

1859 2337 2089 2396 quatuor
2111 2335 2288 2380 autem
2306 2342 2538 2391 menses,
2558 2339 2834 2395 postquam
2852 2327 3007 2396 533
3026 2328 3288 2380 sententia
3306 2326 3408 2378 lata

1859 2425 1946 2471 est
1998 2421 2384 2480 numerandos,
2437 2418 2618 2470 datum
2683 2417 2884 2483 aliquid
2937 2418 3019 2470 vel
3084 2417 3406 2484 promissum

1858 2516 2133 2562 ostensum
2183 2507 2375 2572 fuerit,
2435 2509 2702 2576 przedicta:
2757 2523 2928 2576 ptent
2979 2519 3086 2561 tam
3152 2509 3408 2561 adversus

1859 2598 2049 2651 dantes
2075 2612 2237 2666 quam
2273 2599 2528 2651 adversus
2550 2598 2881 2666 accipientes
2903 2596 3076 2650 locum
3111 2597 3402 2649 habebunt.

1859 2686 1925 2740 Et
1952 2689 2063 2740 haec
2097 2687 2336 2754 quidem,
2368 2687 2414 2739 si
2454 2698 2670 2754 pr0pter
2723 2687 2912 2740 sordes
2939 2701 3029 2739 seu
3060 2687 3404 2754 pecuniarum

1859 2777 2228 2846 acceptionem
2272 2776 2357 2830 vel
2388 2791 2623 2831 artiorem
2661 2776 2742 2830 vel
2772 2777 2953 2830 odium
2993 2775 3256 2830 sententia
3299 2775 3405 2827 lata

1856 2867 1928 2920 sit
1963 2884 1976 2919 :
2013 2866 2248 2933 ejusdem
2290 2867 2433 2920 enim
2466 2867 2681 2920 virtutis
2729 2877 2856 2922 sunt
2902 2867 3016 2920 haec
3057 2868 3180 2920 tria.
3214 2865 3269 2919 Si
3300 2880 3405 2918 auo

1861 2966 1966 3009 tem
2001 2972 2106 3010 non
2140 2968 2363 3025 propter
2395 2956 2655 3023 ejusmodi
2686 2957 2843 3010 ullam
2878 2972 3128 3020 causam,
3167 2957 3258 3010 sed
3311 2971 3406 3024 per

195 3057 558 3120 νομισμάτων
592 3056 622 3123 ῆ
657 3055 1034 3123 προσπάθειαν
1085 3058 1114 3125 ἢ
1145 3057 1365 3126 ἔχθραν,
1392 3061 1422 3128 ἡ
1453 3059 1631 3128 ψῆφος
1667 3061 1755 3122 ἑξε-

1859 3047 2183 3116 intperitiam
2230 3049 2487 3102 adversus
2517 3048 2747 3116 aliquem
2779 3046 2886 3102 fert
2932 3048 3251 3101 sententiam
3291 3049 3403 3114 epi—

198 3144 396 3211 ενεχθῇ
420 3160 436 3174 ·
472 3145 572 3211 τῆς
609 3147 717 3215 γὰρ
754 3147 924 3214 αὐτῆς
953 3148 1236 3217 δυνάμεως
1265 3151 1372 3201 εἰσι
1398 3151 1465 3201 τὰ
1486 3151 1628 3219 τρία·
1661 3151 1755 3202 εὰν

194 3235 245 3285 δὲ
276 3236 353 3303 μὴ
377 3235 464 3286 διά
500 3236 760 3305 τοιαύτην
785 3237 986 3297 αἰτίαν,
1007 3239 1141 3292 ἀλλά
1164 3241 1303 3291 κατὰ
1333 3242 1588 3309 ἀπειρίαν
1620 3241 1755 3292 ἀπο-

199 3327 440 3392 φήνηται
479 3325 782 3387 ἐπίσκοπος
820 3329 960 3380 κατά
988 3345 1154 3392 τινος,
1189 3332 1241 3380 τί
1286 3330 1576 3399 γενήσεται
1599 3345 1614 3394 ;
1641 3330 1754 3382 Δύο

194 3428 315 3478 σις.
362 3414 424 3464 Ol
452 3413 736 3480 ἄρχοντες,
772 3416 890 3484 ἦτοι
923 3418 970 3468 οἰ
1006 3419 1410 3487 προκαθήμενοι
1447 3420 1554 3470 τῶν
1597 3419 1751 3472 δικα-

198 3503 365 3562 στῶν,
391 3503 494 3554 οὐκ
530 3505 935 3569 ἀναγκάζονται
963 3507 1205 3574 ἀκριϐῶς
1248 3508 1444 3560 εἰδέναι
1493 3510 1615 3570 τοὺς
1667 3508 1756 3559 νόο

198 3607 354 3658 μους,
378 3591 466 3657 ἐφ’
491 3593 703 3659 ἑτέραις
725 3594 989 3660 μεγάλαις
1005 3595 1271 3657 δουλείαις
1286 3596 1750 3665 ένασχολούμενοιο

199 3683 291 3732 καὶ
322 3682 416 3733 διὰ
476 3683 637 3734 τοῦτο
677 3684 736 3748 ἐξ
771 3685 1029 3754 ἀπειρίας
1061 3688 1509 3756 ἀποφαινόμενοι,
1566 3703 1756 3753 συγγι-

195 3771 522 3825 νώσκονται.
550 3776 613 3825 υἱ
636 3774 692 3826 δὲ
725 3774 1211 3844 σύνεδροιτούτων,
1235 3779 1566 3847 παρανόμως
1587 3779 1755 3846 ψηφιο

195 3859 443 3928 ξόμενοι,
477 3863 820 3925 κολάζονται.
853 3865 990 3933 Φησὶ
1020 3867 1129 3935 γὰρ
1154 3869 1181 3918 ό
1215 3869 1374 3936 νόμος
1403 3869 1663 3937 ένβιδλίῳ
1688 3868 1751 3931 ζ’,

193 3953 362 4022 τίτλῳ
393 3959 465 4021 γ’,
503 3956 782 4022 κεφαλαίῳ
825 3957 922 4009 κδ’·
961 3958 1060 4009 Τὸν
1073 3958 1225 4019 ρόλον
1268 3960 1632 4028 ἐπιζητοῦμεν
1661 3961 1753 4012 τοῦ

204 4044 494 4112 ἀρχοντος.
561 4046 692 4098 Ἐὰν
741 4047 856 4115 γὰρ
899 4049 1125 4114 ἀπειρία
1155 4049 1250 4100 τοῦ
1285 4051 1541 4120 συνέδρου
1580 4053 1755 4114 ἄλλως

206 4133 482 4202 ψηφισθῇ,
515 4138 543 4186 ὁ
580 4137 764 4205 ἄρχων
797 4139 895 4191 οὐκ
923 4141 1209 4197 ἀδικεῖται,
1235 4141 1347 4192 ἀλλ’
1380 4145 1407 4193 ὁ
1446 4144 1753 4211 συμπονῶν.

201 4226 310 4275 Καὶ
352 4227 380 4275 ό
413 4225 677 4293 λογισμὸς
707 4227 950 4296 εὔλογος.
1002 4233 1063 4283 Ol
1099 4232 1198 4299 μὲν
1230 4234 1338 4302 γὰρ
1363 4235 1640 4302 ἄρχοντες,
1687 4236 1756 4285 δι’

1856 3150 2078 3204 scopus,
2111 3137 2238 3206 quid
2291 3137 2421 3190 flet?
2478 3135 2705 3190 Solutto.
2765 3136 3124 3206 Magistratus,
3181 3151 3273 3189 seu
3311 3138 3401 3206 qui

1857 3234 2096 3295 presunt
2125 3227 2420 3294 iudicibus,
2447 3242 2551 3281 non
2577 3235 2842 3295 coguntur
2871 3227 3013 3295 leges
3037 3235 3223 3280 exacte
3244 3240 3402 3290 scire,

1858 3324 1914 3368 ut
1947 3316 2040 3384 qui
2099 3317 2150 3369 in
2184 3316 2365 3370 multis
2396 3317 2514 3370 aliis
2557 3316 2763 3386 magnis
2809 3317 3256 3384 occupationibus
3282 3332 3405 3370 ver-

1856 3415 2078 3470 sentur;
2110 3414 2169 3459 et
2190 3416 2473 3473 propterea
2507 3408 2551 3460 si
2580 3422 2674 3474 per
2719 3406 3042 3474 imperitiam
3079 3409 3403 3460 sententiam

1855 3495 2057 3556 ferant,
2091 3495 2170 3548 eis
2226 3497 2382 3548 venia
2420 3497 2598 3550 datur.
2635 3495 2831 3549 Eorum
2871 3506 3047 3549 autem
3082 3511 3402 3560 assessores,

1856 3585 1900 3637 si
1936 3596 2125 3637 contra
2157 3584 2301 3652 leges
2327 3584 2506 3637 ferant
2529 3585 2877 3643 sententiam,
2924 3586 3239 3651 puniuntur.
3269 3583 3405 3636 Dicit

1856 3673 2001 3725 enim
2045 3673 2129 3725 lex
2161 3673 2213 3725 in
2269 3673 2368 3726 lib.
2399 3687 2491 3737 vit,
2524 3673 2604 3724 tit.
2631 3673 2683 3734 3,
2725 3688 2842 3740 cap.
2867 3673 2938 3727 34
2970 3685 2985 3724 :
3020 3672 3206 3724 Dolum
3243 3673 3406 3740 inagi-

1857 3771 2058 3815 stratus
2090 3761 2435 3830 requirimus.
2469 3762 2524 3814 Si
2556 3763 2697 3814 enim
2743 3775 2837 3829 per
2874 3765 3200 3829 imperitiam
3231 3777 3406 3814 asses-

1855 3853 1996 3906 soris
2022 3850 2488 3918 aliterjudicatum
2516 3850 2696 3916 fuerit,
2716 3867 2818 3905 non
2848 3851 2978 3905 facit
3006 3853 3252 3920 injuriatn
3271 3866 3406 3919 pra:-

1856 3956 1942 3996 ses
1972 3957 2068 3997 seu
2125 3944 2470 4010 magistratus
2493 3981 2508 4006 ,
2540 3944 2632 3996 sed
2674 3944 2767 4009 qui
2799 3943 2847 3995 ei
2895 3943 3000 3996 fert
3033 3942 3309 3998 auxilium.
3343 3946 3405 3996 Et

1855 4041 1941 4087 est
2000 4033 2296 4101 probabilis
2360 4032 2575 4102 quidem
2629 4034 2783 4086 ratio.
2840 4032 3186 4101 Magistratus
3235 4035 3398 4098 enim,

1856 4130 2074 4192 propter
2099 4137 2218 4177 eam
2241 4137 2360 4191 quae
2394 4123 2534 4175 dicta
2567 4135 2652 4176 est
2681 4137 2921 4187 causam,
2954 4139 3061 4177 non
3091 4126 3405 4179 insimulan-

1859 4222 1945 4266 tnr
1981 4229 1996 4265 :
2027 4213 2245 4282 judices‘
2268 4222 2465 4276 autem,
2498 4227 2722 4278 quorum
2769 4223 2853 4265 est
2903 4217 3174 4282 proprium
3215 4232 3404 4269 munus

199 4315 260 4382 ῆν
306 4318 530 4386 εἴρηται
563 4318 760 4376 αἰτίαν,
797 4319 894 4372 οὐκ
924 4320 1200 4374 αἰτιῶνται
1233 4339 1244 4352 ·
1280 4324 1330 4374 οἰ
1361 4325 1414 4376 δὲ
1451 4325 1659 4394 κριταὶ,
1695 4326 1753 4378 τὸ

1859 4301 2120 4370 iudicare,
2173 4302 2220 4355 si
2272 4309 2457 4354 contra
2495 4302 2640 4370 leges
2682 4302 2928 4367 fecerint,
2973 4314 3224 4366 tenentur
3253 4324 3314 4359 ac
3357 4326 3403 4358 οι

196 4382 443 4470 δικάζειν
475 4411 566 4462 καὶ
608 4412 772 4478 μόνον
808 4411 966 4480 ἔργον
999 4413 1233 4482 ἔχοντες,
1293 4415 1386 4466 ἐὰν
1433 4382 1746 4484 παρανομή-

1859 4392 1974 4446 dolo
2006 4390 2282 4454 fecissent,
2306 4394 2598 4444 secundum
2639 4392 2808 4459 legem
2841 4409 2957 4460 qum
2987 4395 3152 4449 dicit:
3181 4395 3405 4465 Imperi-

202 4514 388 4560 σωσιν,
420 4502 702 4568 ἐνέχονται
743 4501 816 4564 ὡς
872 4501 1026 4554 δόλον
1081 4505 1428 4573 ποιήσαντες,
1487 4509 1625 4559 κατὰ
1658 4507 1749 4558 τὸν

200 4589 367 4654 νόμον
398 4591 492 4640 τὸν
519 4590 769 4656 λέγοντα’
812 4592 877 4644 Ἦ
907 4594 1137 4662 ἀπειρία
1196 4594 1343 4646 ἔοικε
1377 4599 1442 4665 τῇ
1484 4597 1714 4665 ἀμελείᾳ
1736 4615 1748 4627 ⁸

205 4683 296 4728 καὶ
331 4678 516 4730 πάλιν·
555 4680 715 4732 Δόλον
775 4697 856 4742 τις
910 4685 1055 4736 ποιεί
1086 4683 1160 4753 μὴ
1218 4685 1373 4745 εἰδὼς
1431 4686 1673 4750 ἀκριϐῶς
1723 4687 1751 4737 ὃ

202 4769 604 4837 ἱπαγγέλλεται
633 4771 851 4825 εἰδέναι.

269 4862 382 4912 Καὶ
416 4860 579 4912 τοῦτο
625 4862 722 4929 μὲν
755 4861 1064 4932 ἑξεφωνήθη
1115 4867 1242 4934 περὶ
1287 4865 1394 4916 τῶν
1456 4867 1751 4919 πολιτικῶν

199 4949 496 5002 δικαστῶν.
543 4952 636 5013 Εἰς
685 4951 742 5003 δὲ
788 4954 912 5015 τοὺς
962 4953 1450 5023 ικκλησιαστικοὺς
1494 4956 1754 5015 δικαστὰς

202 5039 336 5106 άλλη
360 5056 443 5098 τις
471 5041 737 5108 κρατήσει
791 5043 1103 5102 ἀκολουθία,
1157 5043 1231 5106 ὡς
1279 5046 1401 5111 ἐμοὶ
1438 5046 1625 5096 δοκεῖ’
1662 5047 1752 5096 καὶ

205 5132 342 5199 αὕτη
373 5131 562 5198 μέντοι
613 5132 754 5184 κατὰ
799 5131 899 5200 τὴν
945 5131 1228 5201 παροῦσαν
1272 5133 1652 5201 θεσμοθεσίαν.
1695 5136 1752 5185 l-Ll

207 5222 303 5287 μὲν
355 5225 464 5288 γάρ
521 5223 773 5274 ἐναντίαν
805 5227 914 5282 τοίς
948 5224 1165 5274 κανόσιν
1199 5226 1497 5286 ἐπίσκοπος
1554 5225 1752 5293 ἐνέγκῃ

207 5313 402 5377 ψῆφον,
455 5311 922 5380 τιμωρηθήσεται,
971 5313 1140 5380 ἤγουν
1169 5313 1642 5382 καθαιρεθήσεται,
1681 5315 1752 5383 μὴ

209 5399 496 5464 δυνάμενος
524 5398 762 5465 ἀμαθίαν
791 5399 824 5467 ἢ
857 5400 1116 5468 ἀπειρίαν
1143 5401 1530 5467 προϐαλέσθαι.
1552 5402 1624 5453 Οὺ
1646 5407 1752 5470 γὰρ

210 5491 578 5556 συγγνωστέος
611 5488 766 5540 ἔσται
819 5490 991 5557 λέγων
1023 5492 1096 5559 μὴ
1134 5492 1333 5545 εἰδέναι
1360 5492 1483 5556 τοὺς
1504 5493 1753 5554 κανόνας,

209 5581 296 5640 οὓς
331 5581 697 5648 ἀναγκάζεται
747 5582 834 5633 διὰ
864 5581 1110 5650 γλώττης
1156 5583 1301 5652 ἔχειν
1332 5583 1518 5652 σχεδὸν
1559 5584 1664 5635 risi.
1696 5584 1754 5634 Εἰ

208 5669 264 5718 δὲ
298 5671 645 5737 ἀποφήνηταί
681 5685 732 5722 τι
769 5671 952 5738 νόμοις
985 5672 1322 5737 ἀνένδεκτόν,
1366 5672 1398 5741 ἢ
1432 5670 1754 5740 δικαστικῆς

1854 4485 1928 4536 tia
1996 4482 2330 4550 negligentie
2384 4483 2781 4552 aequiparatur;
2839 4495 2895 4538 et
2950 4501 3182 4540 rursus:
3218 4487 3400 4541 Dnlnn.

1854 4573 1974 4637 quis
1997 4574 2127 4626 facit
2156 4575 2247 4641 qui
2280 4571 2518 4642 perfecte
2542 4576 2714 4629 nescit
2747 4577 2888 4642 quod
2927 4592 2983 4630 se
3015 4577 3158 4632 scire
3185 4581 3402 4645 proﬁte-

1857 4671 1958 4712 tur.

1931 4853 1992 4906 Et
2025 4854 2123 4907 hoc
2157 4855 2368 4922 quidem
2398 4856 2592 4910 dictum
2624 4865 2705 4910 est
2744 4859 2805 4909 de
2837 4860 3082 4914 civililms
3107 4861 3397 4930 judicibus.

1858 4944 1913 4995 lu
1942 4943 2152 5010 judices
2172 4955 2347 4999 autem
2379 4946 2778 5001 ecclesiasticos
2803 4948 2904 5001 alia
2926 4951 3169 5019 quaedam
3208 4953 3406 5008 valebat

1857 5035 2266 5100 cansequentia,
2298 5037 2506 5089 utmilti
2537 5037 2744 5090 videtur
2781 5055 2795 5092 :
2843 5050 2896 5094 et
2941 5055 3002 5093 ea
3059 5044 3272 5111 quidem
3317 5060 3404 5097 ερ-

1858 5127 2092 5180 cundum
2129 5136 2444 5192 praesentem
2491 5130 2952 5183 constitutionem.
2991 5132 3046 5186 Si
3093 5133 3233 5188 enim
3279 5150 3406 5189 cnn-

1858 5217 2076 5269 trariam
2108 5217 2411 5271 canOnibus
2437 5220 2765 5272 sententiam
2793 5223 3078 5292 episcOpus
3102 5226 3403 5293 pratulerlt,

1859 5307 2112 5374 punietur
2147 5305 2264 5359 sive
2295 5305 2594 5375 deponetur
2621 5349 2634 5371 ,
2668 5319 2724 5361 ut
2747 5312 2834 5378 qui
2881 5328 2984 5366 non
3035 5316 3204 5382 possit
3255 5317 3406 5387 igno—

1860 5397 2088 5450 rantiam
2119 5397 2200 5451 vel
2231 5398 2551 5465 imperitiam
2595 5401 2850 5470 allegare.
2885 5401 3065 5471 Neque
3104 5409 3244 5461 enim
3301 5413 3405 5464 erit

1857 5489 1904 5541 ei
1942 5491 2346 5558 ignoscendum,
2378 5488 2424 5542 si
2462 5490 2604 5543 dicat
2636 5507 2694 5545 se
2725 5494 2937 5549 nescire
2967 5511 3222 5563 canones,
3268 5517 3403 5570 quos

1856 5581 2067 5648 cogitur
2090 5579 2140 5632 in
2174 5579 2354 5646 lingua
2383 5595 2593 5648 semper
2625 5582 2842 5639 habere.
2881 5584 2973 5638 Sin
3005 5598 3178 5640 autem
3207 5591 3403 5660 aliquid

1859 5667 2316 5739 prouuntlaverit,
2346 5671 2484 5737 quod
2520 5685 2549 5724 a
2581 5672 2790 5739 legibus
2825 5689 2929 5730 non
2971 5677 3290 5742 admittitur,
3327 5685 3406 5736 vel
