4018 6306
595 323 662 383 79
1823 324 1923 382 ΤΗ
1933 322 2096 382 EOD.
2143 318 2535 378 BALSAMON
3710 304 3793 364 80

599 437 681 480 est
706 438 854 481 extra
889 428 1224 497 iudiciariam
1253 428 1716 496 consequentiam,
1740 429 1893 482 venia
1919 429 2135 481 dahitur

2258 425 2556 488 ικολουθίας
2589 425 2820 491 ἔξωθεν,
2858 420 3331 492 συγγνωσθήσεται
3357 417 3444 472 διὰ
3485 416 3586 484 τὴν
3618 418 3794 468 ἀπει-

603 526 816 584 propter
873 519 1193 587 imperitiam
1251 558 1262 582 ,
1316 527 1374 570 ut
1416 519 1509 586 qui
1565 532 1661 570 nee
1713 517 1946 586 perfecte
1996 519 2136 586 leges

2258 515 2381 578 δίαν,
2433 515 2508 578 ὼς
2548 514 2684 584 μηδὲ
2731 513 2963 580 ὀφείλων
3012 510 3210 563 ειδέναι
3264 510 3460 578 νόμους
3511 505 3789 573 ἀκριϐῶς.

601 605 738 657 scire
788 607 994 660 debeat.
1041 606 1164 660 Haec
1211 617 1384 659 autem
1420 607 1872 668 observabuntur,
1923 608 2136 675 quando

2258 604 2420 660 Γαῦτα
2443 605 2497 657 δὲ
2518 606 2903 674 κρατήσουσιν,
2923 603 3048 655 ὅταν
3078 599 3490 668 ἐγκληματικὴν
3522 595 3796 648 ὑπόθεσιν

600 694 929 746 crintinaiem
954 709 1166 749 causam
1196 695 1514 764 iudicaverit
1547 697 1849 762 episcopus,
1875 697 1956 748 vel
1980 697 2136 750 aliam

2258 696 2430 764 ἱικάσῃ
2489 696 2806 756 ἐπίσκοπος,
2867 693 3034 760 άλλην
3064 689 3526 758 ὲκκλησιαστικὴν
3552 688 3794 754 ζήτησιν

601 785 1020 838 ecclesiasticam
1073 786 1460 854 quaestionem,
1506 800 1627 853 quae
1677 786 1878 838 inducit
1923 788 2140 853 deposi-

2258 786 2548 850 ,πάγουσαν
2578 785 2914 852 καθαίρεσιν.
2962 783 3025 834 El
3069 782 3176 849 γὰρ
3221 777 3570 848 χρηματικήν
3605 792 3795 844 παρα-

604 873 821 924 tionem.
860 874 914 924 bi
940 874 1082 926 enim
1110 873 1476 941 pecuniariam
1513 881 1698 926 contra
1747 873 1890 940 leges
1929 884 2142 927 senten-

604 961 726 1010 tiam
761 963 1047 1028 protulerit
1077 975 1170 1030 per
1218 962 1561 1029 imperitiam,
1597 963 1646 1015 id
1683 961 1732 1014 ei
1780 962 2138 1029 prtejudicium

601 1065 704 1102 non
739 1051 944 1104 aﬂ‘eret.
978 1051 1244 1104 Prmterea
1292 1051 1644 1117 interrogabit
1697 1052 1984 1119 quispiam,
2018 1068 2140 1106 cum

602 1154 773 1191 canon
808 1141 1082 1206 permittat
1128 1141 1298 1194 sacris
1346 1140 1584 1192 initiatos
1622 1139 1836 1207 judices
1879 1141 2143 1196 electitios

601 1231 819 1293 tetigere,
848 1231 996 1282 eisne
1029 1229 1208 1282 licebit
1245 1227 1428 1282 civiles
1459 1227 1696 1294 eligere?
1747 1226 1976 1283 Salutio.
2011 1231 2142 1295 Quia

601 1317 788 1370 statuit
813 1333 1008 1384 canon,
1047 1328 1103 1371 ut
1135 1318 1427 1371 electorum
1453 1317 1694 1386 judicum
1728 1317 1904 1370 valeat
1925 1329 2143 1372 senten-

602 1409 691 1468 tia,
748 1423 845 1460 nec
895 1408 1236 1475 appellationi
1295 1408 1363 1461 sit
1395 1407 1650 1469 obnoxia,
1684 1406 1893 1459 etiamsi
1952 1407 1986 1459 ii
2039 1408 2146 1462 sint

601 1500 877 1563 pauciores
926 1513 1086 1566 quam
1141 1498 1443 1560 duodecim,
1501 1511 1661 1564 quam
1717 1511 1832 1561 sex,
1885 1505 1938 1550 et
1985 1512 2144 1564 quam

603 1600 729 1651 tres,
761 1589 1038 1641 evidenter
1059 1598 1276 1656 apparet
1303 1585 1541 1639 civilium
1570 1586 1808 1654 jutlicum
1831 1586 2146 1640 electionem

603 1694 707 1730 non
742 1681 952 1733 admitti
986 1695 1014 1731 a
1044 1677 1358 1732 canonibus.
1408 1676 1577 1739 Unde,
1635 1686 1692 1728 ut
1744 1676 1871 1729 mihi
1919 1678 2144 1742 videtur,

600 1771 890 1820 secundum
926 1778 1244 1836 praesentem
1294 1779 1554 1818 canonem
1591 1768 1883 1833 punientur
1927 1769 2143 1831 sacrati,

565 1911 568 1916 _
602 1858 688 1921 qni
721 1871 747 1907 a
781 1857 1024 1909 civilibus
1049 1856 1318 1924 judicibus
1347 1854 1578 1923 judicarl
1606 1855 1889 1923 elegerint.
1927 1855 2153 1912 Videtur

605 1955 782 1997 autem
833 1961 897 1999 ex
950 1946 1131 1998 verbis
1155 1945 1400 2007 canonis,
1439 1959 1558 2012 quae
1593 1945 1779 1998 dicunt
1816 1946 2012 2013 deponi
2067 1963 2156 2001 sa-

604 2042 805 2095 cratos,
846 2034 934 2099 qui
983 2033 1315 2100 litigaverint
1367 2033 1417 2084 in
1476 2032 1595 2085 foro
1644 2033 1787 2085 civili
1845 2049 1942 2102 pro
1992 2051 2153 2090 causa

605 2122 906 2188 pecuniaria
941 2163 953 2184 ,
986 2130 1036 2174 et
1083 2123 1331 2185 vicerint,
1376 2124 1476 2178 nisi
1524 2139 1552 2178 ε
1608 2141 1701 2178 sua
1745 2129 2005 2180 sententia
2058 2129 2154 2182 de-

605 2214 820 2276 sistant,
854 2212 1279 2280 quodjudicinm
1316 2216 1530 2284 quidem
1581 2215 1782 2270 factum
1832 2219 1898 2271 ab
1950 2218 2155 2272 illt‘Om-

606 2303 801 2368 petenti
826 2301 1029 2369 judice,
1064 2317 1126 2354 ex
1165 2303 1436 2358 voluntate
1466 2304 1582 2370 ejus
1611 2307 1702 2373 qui
1748 2316 1832 2360 est
1882 2319 2153 2369 sacratus.

607 2390 892 2446 tenendttm
935 2401 1018 2445 est
1066 2404 1118 2445 et
1175 2409 1278 2447 non
1324 2393 1774 2449 labefactandum.
1835 2396 1932 2460 Qui
1976 2409 2155 2452 autem

605 2478 1030 2532 ecclesiasticum
1066 2483 1331 2536 recusavit
1355 2482 1614 2549 judicium
1649 2493 1703 2538 et
1754 2484 1853 2539 fori
1907 2490 2149 2554 prtescri.

606 2569 786 2635 ptione
817 2583 921 2622 non
951 2578 1034 2622 est
1067 2585 1220 2633 usus,
1257 2582 1498 2625 sacratus
1523 2574 1794 2640 punietur,
1826 2586 1885 2627 ut
1908 2579 2157 2643 superius

607 2660 801 2712 dictum
852 2670 953 2713 est.
990 2660 1265 2717 Electitios
1295 2675 1473 2717 autem
1511 2665 1715 2732 judices
1743 2666 1829 2720 hic
1869 2683 1934 2720 ne
1961 2669 2159 2723 dixeris

604 2749 902 2816 cnjusmodi
937 2753 1024 2804 tit.
1059 2751 1092 2803 2
1129 2753 1248 2806 libri
1303 2769 1376 2807 vn
1431 2755 1584 2817 dicit,
1634 2757 1725 2824 qui
1777 2757 1986 2811 scilicet
2034 2775 2157 2813 cum

611 2857 778 2906 ,z-tnna:
867 2843 1209 2912 stipulatione
1272 2845 1557 2913 jndicant,
1612 2849 1702 2900 sed
1769 2847 2160 2903 ecclesiasticos

609 2934 932 2986 rrtlinarios.
973 2934 1051 2987 llli
1079 2936 1220 2986 enim
1261 2950 1367 2988 non
1398 2944 1621 3004 possunt
1652 2950 1870 2990 causam
1899 2939 2162 2991 crimina-

2241 875 2422 942 νόμως
2453 873 2716 943 ἐξενέγκῃ
2748 873 3023 939 ἀπόφασιν
3051 869 3112 934 ιε
3134 869 3412 937 ἀπειρίας,
3460 867 3520 918 οὑ
3555 880 3802 932 προκρι-

2246 965 2660 1034 ματισθήσεται.
2689 965 2808 1016 Ἔτι
2863 963 3130 1032 ἐρωτήσει
3183 975 3288 1023 τις,
3339 958 3414 1018 ὼς
3442 957 3533 1008 τοῦ
3562 954 3800 1012 κανόνος

2244 1053 2532 1117 ἐνδιδόντος
2588 1057 2700 1116 τοῖς
2755 1054 3068 1124 ἱερωμένοις
3126 1047 3473 1116 ἐπιλέγεσθαι
3527 1043 3805 1104 δικαστὰς

2243 1145 2514 1213 αἱρετοὺς.
2547 1145 2764 1210 ἐξέσται
2797 1144 2981 1204 αὐτοῖς
3034 1139 3386 1207 ἐπιλέγεσθαι
3437 1135 3756 1196 πολιτικούς
3783 1151 3802 1199 ;

2245 1235 2453 1295 Λύσις.
2492 1231 2640 1283 Ἐπεὶ
2670 1234 2698 1284 ό
2721 1230 2897 1283 κανὼν
2921 1229 3212 1299 διορίζεται
3242 1227 3462 1294 κρατεῖν
3486 1224 3584 1293 τὴν
3611 1223 3806 1292 ψῆφον

2246 1321 2353 1371 τῶν
2408 1321 2698 1389 αἱρετικῶν
2747 1321 3039 1381 δικαστῶν,
3085 1317 3180 1371 καὶ
3227 1317 3301 1387 μὴ
3337 1315 3657 1368 ὑποκεῖσθαι
3694 1315 3805 1365 ἐκ·

2247 1412 2450 1479 κλήτῳ,
2487 1412 2590 1464 κᾶν
2615 1411 2837 1480 ἥττονες
2868 1403 3004 1462 ῶσιν
3032 1400 3180 1461 οὗτοι
3210 1408 3314 1459 τῶν
3341 1405 3572 1469 δώδεκα,
3601 1405 3712 1456 τῶν
3737 1402 3809 1467 ἒξ

2247 1502 2344 1550 καὶ
2372 1500 2479 1552 τῶν
2504 1499 2690 1568 τριῶν,
2736 1498 2988 1566 φαίνεται
3031 1497 3278 1566 ἐναργῶς
3310 1495 3626 1548 άνένδεκτον
3655 1489 3807 1544 εἶναι

2245 1592 2357 1650 τοῖς
2390 1590 2578 1642 κανόσι
2608 1589 2708 1659 τὴν
2732 1588 2992 1658 ἐπιλογήν
3036 1589 3142 1639 τῶν
3175 1586 3467 1638 πολιτικῶν
3501 1585 3807 1636 δικαστῶν.

2255 1679 2439 1740 Ὅθεν,
2501 1681 2577 1740 ὠς
2631 1678 2753 1750 ἐμοὶ
2797 1677 2967 1740 δοκεῖ,
3029 1674 3456 1742 κολασθήσονται
3507 1672 3649 1725 κατὰ
3707 1672 3812 1723 τὸν

2253 1769 2497 1835 παρόντα
2531 1766 2734 1819 κανόνα
2767 1768 2816 1817 οἱ
2853 1764 3006 1834 παρὰ
3031 1763 3328 1824 πολιτικοῖς
3375 1762 3659 1821 δικασταῖς
3718 1759 3814 1812 αῖ-

2257 1856 2598 1924 ρετισάμενοι
2656 1854 2980 1922 δικασθῆναι
3025 1853 3346 1921 ῖερωμένοιο
3399 1851 3542 1903 ἔοικε
3587 1850 3642 1902 δὲ
3695 1849 3816 1902 ἀπὸ

2255 1947 2363 1998 τῶν
2389 1947 2651 2017 ῥημάτων
2678 1945 2770 1998 τοῦ
2796 1946 3038 2006 κανόνος,
3092 1941 3199 1994 τῶν
3229 1942 3495 2008 λεγόντων
3522 1940 3816 2008 καθαιρεῖς-

2257 2039 2379 2090 σθαι
2405 2040 2528 2100 τοὺς
2560 2039 2881 2107 ίερωμένους
2929 2034 3326 2104 δικασαμένους
3360 2033 3512 2100 παρὰ
3536 2029 3813 2098 πολιτικῷ

2254 2127 2587 2196 δικαστηρίῳ
2616 2128 2778 2197 χάριν
2809 2125 3155 2196 χρηματικῆς
3184 2123 3496 2185 αίτιάσεως,
3527 2121 3619 2173 καὶ
3651 2121 3818 2193 νική-

2256 2235 2474 2288 σαντας,
2509 2219 2602 2269 ἐὰν
2631 2218 2706 2286 μὴ
2738 2216 3014 2269 ἀποστῶσι
3057 2216 3154 2281 τῆς
3183 2215 3323 2280 ὑπὲρ
3358 2213 3540 2265 αὐτῶν
3587 2213 3816 2277 ἀποφά-

2259 2325 2416 2371 σεως,
2441 2308 2515 2369 ὼς
2543 2309 2575 2377 ή
2611 2309 2708 2376 μὲν
2738 2309 3004 2374 γενομένη
3026 2305 3208 2373 κρίσις
3255 2304 3406 2372 παρὰ
3448 2303 3808 2370 ἀπροσφόρου

2256 2397 2507 2449 δικαστοῦ
2565 2398 2706 2450 κατὰ
2757 2396 2976 2464 θέλησιν
3026 2395 3120 2447 τοῦ
3175 2392 3471 2464 ἱερωμένου
3534 2391 3814 2460 στερκτέα

2257 2489 2410 2540 ἔσται
2467 2489 2561 2540 καὶ
2608 2489 3038 2547 άκατάσειστος·
3098 2487 3124 2537 ό
3156 2483 3298 2536 δὲτὸ
3351 2481 3812 2543 ἐκκλησιαστικὸν

2259 2579 2740 2646 παραιτησάμενος
2767 2576 3116 2644 δικαστήριον
3143 2577 3233 2624 καί
3271 2573 3345 2641 μὴ
3369 2573 3714 2639 χρησάμενος
3742 2575 3815 2639 τῇ

2256 2667 2348 2717 τοῦ
2401 2670 2566 2736 φόρου
2620 2669 2961 2736 παραγραφῇ
3027 2665 3324 2734 ἱερωμένος
3384 2663 3818 2725 κολασθήσεται,

2257 2757 2439 2820 καθὼς
2495 2757 2699 2809 ἄνωθεν
2756 2757 2991 2826 εἴρηται.
3023 2755 3285 2823 Αίρετοὺς
3324 2754 3379 2806 δὲ
3427 2755 3688 2814 δικαστὰς
3725 2756 3817 2805 ἐν-

2256 2848 2428 2900 ταῦθα
2457 2851 2530 2917 μὴ
2561 2848 2719 2917 εἴπῃς
2745 2849 2889 2910 οἵους
2919 2849 2944 2897 ό
2971 2845 3015 2915 β’
3037 2847 3175 2899 τίτλ.
3200 2847 3294 2897 τοῦ
3322 2843 3366 2908 ζ’
3397 2845 3601 2914 βιϐλίου
3651 2849 3816 2912 φησὶ,

2264 2935 2399 3004 μετὰ
2449 2938 2843 3004 ἐπερωτήσεως
2897 2933 3142 3003 δηλονότι
3204 2933 3394 3000 ποινῆς
3445 2930 3811 2993 δικάζοντας·

607 3026 709 3074 tem
761 3025 1049 3091 judicare:
1086 3025 1137 3078 hi
1202 3039 1346 3088 vero,
1411 3037 1468 3078 ut
1518 3041 1581 3080 ex
1637 3030 1888 3095 praesenti
1953 3045 2152 3085 canone

2259 3026 2394 3079 ἀλλὰ
2427 3026 2912 3095 ἐκκλησιαστικοὺς
2966 3025 3289 3092 ἐνορδὶνους.
3330 3025 3556 3074 Ἐκεῖνοι
3586 3023 3691 3088 γὰρ
3721 3025 3821 3088 ἐγ-

607 3114 929 3178 υςιειιάίιυτ,
967 3128 1179 3166 onmem
1207 3128 1420 3166 causam
1452 3114 1712 3182 judicant.
1742 3115 1815 3169 De
1836 3121 2158 3185 spectaculis

605 3209 802 3264 autem,
837 3211 890 3255 et
913 3217 1173 3271 equorum
1209 3203 1516 3267 curriculis,
1561 3213 1615 3258 et
1658 3208 2065 3271 venationibus,
2101 3220 2154 3262 et

606 3293 840 3345 scenicis
868 3294 1276 3354 saltationibus,
1311 3292 1445 3346 satis
1480 3294 1714 3346 diximus
1765 3295 1816 3347 in
1848 3311 2057 3351 canone
2085 3299 2155 3350 ει

606 3383 793 3452 synodi
845 3384 894 3435 in
946 3383 1154 3446 Trullo,
1189 3393 1243 3435 et
1289 3385 1339 3435 in
1403 3383 1463 3436 51
1523 3385 1614 3437 ubi
1659 3385 1819 3438 etiam
1876 3389 2155 3454 praesentis

607 3474 829 3525 canonis
862 3473 1254 3530 meminimus:
1307 3481 1360 3526 et
1409 3472 1526 3541 lege
1576 3489 1689 3526 eos.
1749 3474 1938 3540 Quaere
1989 3477 2152 3529 etiam

606 3573 906 3616 sanctorum
942 3563 1300 3630 apostolorum
1363 3577 1624 3616 canonem
1675 3564 1764 3627 74,
1811 3567 1996 3634 synodi
2045 3569 2156 3620 An-

613 3654 872 3717 tiochena:
905 3665 1141 3704 canones
1174 3651 1238 3702 H
1269 3660 1320 3703 et
1347 3649 1434 3714 15,
1482 3651 1667 3720 synodi
1699 3652 2158 3708 Chalcedonensis

608 3757 840 3795 canones
877 3741 964 3802 10,
1000 3741 1089 3804 l7,
1138 3741 1324 3810 synodi
1355 3739 1690 3794 Sardiccnsis
1720 3756 1960 3795 canones
2000 3745 2056 3807 5,
2101 3747 2156 3810 5,

608 3835 698 3897 ll,
738 3847 788 3886 et
818 3832 974 3897 huius
1002 3845 1234 3886 canones
1271 3831 1360 3890 28.
1415 3830 1514 3884 120
1555 3843 1608 3885 et
1641 3831 1763 3884 121.
1793 3833 1943 3896 Quod
1979 3844 2153 3888 autem

607 3926 812 3994 possint
841 3925 1036 3978 sacrati
1073 3923 1383 3976 renuntiare
1409 3923 1795 3988 praescriptioni
1821 3925 1941 3990 fori,
1975 3941 2153 3993 quaere

605 4031 722 4083 cap.
755 4017 786 4069 9
819 4018 901 4068 tit.
932 4015 964 4064 ὅ
997 4015 1085 4066 lib.
1113 4028 1167 4065 ιιι
1197 4011 1567 4063 Basilicorum.

2262 3117 2610 3188 κληματικὴν
2648 3117 2907 3168 ὑπόθεσιν
2936 3116 2993 3167 οὐ
3051 3115 3304 3166 δύνανται
3361 3111 3630 3174 δικάζειν·
3664 3106 3820 3163 οὗτοι

2259 3211 2336 3272 δὲ,
2366 3211 2438 3271 ὡς
2461 3208 2568 3262 άπὸ
2596 3208 2688 3260 τοῦ
2723 3207 2984 3276 παρόντος
3014 3207 3233 3265 κανόνος
3259 3204 3606 3271 παρίσταται,
3628 3205 3818 3254 πᾶσαν

2263 3298 2516 3352 ὑπόθεσιν
2578 3299 2843 3366 κρίνουσι.
2896 3297 3033 3364 Περὶ
3071 3295 3256 3367 μέντοι
3291 3294 3399 3344 τῶν
3432 3293 3677 3360 θεωρίων
3715 3295 3817 3346 καὶ

2261 3389 2367 3440 τῶν
2407 3387 2774 3456 ἱπποδρομίων
2802 3389 2895 3439 καὶ
2929 3388 3036 3439 τῶν
3086 3386 3429 3454 κυνηγεσίων
3462 3386 3553 3434 καὶ
3579 3375 3681 3435 τῶν
3719 3385 3821 3437 ἐττῖ⁵

2264 3481 2487 3546 σκηναῖς
2515 3479 2792 3548 ὀρχήσεων
2840 3477 3042 3538 ἱκανῶς
3085 3477 3404 3544 ἐγράψαμεν
3430 3478 3486 3526 ἐν
3515 3474 3595 3543 τῷ
3623 3473 3821 3527 κδ’κα-

2264 3571 2375 3620 νὸνι
2400 3569 2496 3636 τῆς
2522 3571 2579 3620 ἐν
2611 3568 2688 3636 τῷ
2717 3567 2974 3637 Τρούλλῳ
3015 3567 3258 3626 συνόδου,
3293 3567 3388 3616 καὶ
3441 3564 3516 3632 τῷ
3545 3563 3644 3627 να’,
3677 3565 3819 3616 ὅπου

2263 3659 2356 3708 καὶ
2406 3657 2498 3709 τοῦ
2545 3659 2812 3724 παρόντος
2846 3656 3072 3716 κανόνος
3129 3654 3486 3722 ἐμνήσθημεν
3510 3670 3522 3682 ·
3555 3655 3648 3705 καὶ
3678 3654 3820 3706 ἀνά-

2259 3764 2466 3813 γνωσον
2495 3745 2743 3806 τούτους.
2792 3746 2951 3814 Ζήτει
2983 3745 3076 3795 καὶ
3108 3743 3216 3795 τῶν
3263 3743 3432 3809 ἁγίων
3496 3743 3820 3794 ἀποστόλων

2260 3839 2457 3891 κανόνα
2481 3839 2573 3898 οδ’,
2609 3836 2708 3902 τῆς
2737 3838 2793 3886 ἐν
2819 3833 3120 3903 Ἀντιοχείᾳ
3152 3833 3366 3884 συνόδου
3403 3834 3600 3884 κανόνα
3631 3829 3690 3882 ιδ’
3717 3833 3817 3883 καὶ

2264 3934 2344 3988 ιε’,
2379 3929 2478 3993 τῆς
2539 3928 2595 3975 ἐν
2645 3922 2951 3989 Χαλκηδόνι
2977 3939 3097 3973 καν.
3159 3925 3211 3982 ι’,
3245 3920 3330 3982 ιζ’,
3358 3921 3453 3986 τῆς
3482 3921 3538 3970 ἐν
3572 3920 3682 3987 Σαρ
3721 3922 3815 3988 ικῇ

2262 4019 2462 4070 κανόνα
2507 4022 2576 4082 γ’,
2610 4022 2674 4079 ε’,
2723 4015 2808 4077 ιδ’,
2841 4016 2934 4066 καὶ
2968 4013 3170 4080 ταύτης
3201 4012 3402 4064 κανόνα
3433 4010 3538 4079 κη’,
3575 4014 3663 4062 καὶ
3703 4019 3814 4078 ρκ’,

608 4105 699 4154 καὶ
768 4102 905 4172 ρκα’.
941 4103 1076 4169 Περὶ
1159 4099 1215 4150 δὲ
1259 4097 1350 4150 τοῦ
1402 4098 1659 4151 δύνασθαι
1711 4101 1836 4161 τοὺς
1891 4103 2220 4171 ίερωμένους
2287 4105 2682 4176 ἀποτάττεσοαι
2740 4107 2805 4172 τῇ
2867 4101 2961 4154 τοῦ
3033 4104 3199 4171 φόρου
3265 4106 3596 4172 παραγραφῇ
3661 4103 3817 4172 ζήτει

607 4208 728 4258 κεφ.
760 4190 801 4241 θ’
830 4192 923 4240 τοῦ
959 4187 1003 4255 γ’
1026 4188 1203 4239 τίτνλου
1233 4186 1326 4238 τοῦ
1366 4193 1413 4253 γ’
1449 4187 1656 4256 βιόλίου
1684 4190 1791 4240 τῶν
1819 4191 2139 4249 Βασιλικῶν.

677 4279 838 4350 534
855 4278 1100 4331 ΖΟΝΑιι.
1124 4280 1176 4328 ln
1206 4279 1567 4346 omnium,qui
1592 4282 1761 4333 sacris
1799 4281 1991 4334 initiati
2018 4294 2168 4350 sunt,

2347 4285 2590 4338 ΖΩΝΔΡ.
2646 4284 2770 4344 Τοῖς
2827 4282 3143 4350 ἱεριημένοις
3173 4281 3399 4341 ἅπασιν,
3461 4277 3596 4331 ἀλλὰ
3630 4282 3816 4348 μέντοι

607 4374 734 4437 quin
785 4381 838 4422 et
877 4371 928 4420 in
983 4369 1373 4420 monachorum
1435 4370 1844 4435 controversiis,
1903 4374 2021 4440 ejus
2071 4376 2152 4429 cui

2263 4377 2358 4427 καὶ
2410 4377 2661 4442 μοναχοῖς
2701 4373 2988 4442 πρόσφορὰ
3045 4359 3163 4421 εἱσι
3213 4369 3540 4436 δικαστήρια
3591 4371 3658 4420 τὰ
3705 4371 3820 4422 τῶν

609 4460 832 4526 subjecti
861 4468 986 4509 sunt
1020 4458 1254 4523 episcopi
1294 4458 1511 4523 prOpria
1559 4472 1734 4511 causa:
1769 4464 2008 4528 cognitio
2051 4477 2152 4518 est.

611 4553 731 4603 Sive
760 4549 919 4616 igitur
963 4546 1156 4612 aliquis
1212 4545 1403 4597 horum
1440 4544 1728 4611 deferatur,
1769 4554 1898 4603 sive
1949 4552 2157 4606 deferat

610 4639 991 4700 conclericnm,
1031 4651 1209 4688 coram
1242 4635 1409 4701 ipsius
1434 4639 1710 4706 episc0po,
1745 4639 1857 4692 sive
1900 4643 1978 4693 rei
2006 4646 2156 4711 capi-

613 4728 750 4787 talis,
783 4740 874 4777 scn
902 4723 1100 4784 civilis,
1130 4731 1221 4774 aut
1257 4725 1582 4788 pecuniariae
1627 4726 1856 4792 quarstio
1899 4728 1988 4788 sit,
2040 4743 2153 4781 rem

612 4815 830 4882 transigi
885 4823 1116 4878 Oportet.
1168 4810 1320 4874 Quod
1361 4812 1403 4864 si
1436 4827 1500 4864 ex
1557 4812 1620 4866 iis
1661 4816 1949 4883 quispiam,
1997 4819 2159 4872 scab

610 4905 971 4958 ecclesiastica
993 4902 1372 4970 jurisdictione
1400 4903 1744 4968 subtrahens,
1781 4906 2160 4974 publicojudi-

610 4998 713 5056 cio,
745 5000 880 5062 apud
912 4995 1250 5060 magistratus
1286 4993 1534 5045 nimirum
1569 4997 1878 5062 populares,
1913 4999 2014 5051 hoc
2072 5008 2155 5051 est

611 5088 821 5146 civiles,
855 5084 1094 5151 purgari,
1140 5083 1187 5134 id
1223 5090 1322 5145 est,
1357 5097 1415 5135 se
1445 5097 1472 5134 a
1505 5085 1655 5152 culpa
1695 5086 1982 5139 immunem
2033 5103 2158 5155 pro-

613 5180 736 5229 bare
781 5176 1103 5238 contendat;
1157 5175 1399 5242 quamvis
1434 5175 1501 5240 ,in
1552 5189 1615 5227 eo
1663 5175 1866 5241 judicio
1915 5181 2161 5246 superior

611 5268 861 5328 evaserit,
897 5279 1122 5331 eumque
1152 5269 1218 5316 ab
1252 5264 1448 5332 objecti
1481 5263 1732 5318 facinoris
1755 5266 1910 5335 culpa
1939 5272 2160 5322 omnino

613 5359 795 5425 procul
821 5356 1053 5409 abfuisse
1073 5355 1280 5420 judices
1315 5357 1744 5424 pronuntiarint;
1774 5359 1950 5410 locum
1983 5369 2157 5413 tamen

612 5449 907 5517 proprium,
949 5449 1167 5515 gradum
1221 5448 1490 5511 videlicet,
1529 5463 1590 5500 ac
1647 5449 1935 5502 sacerdotii
1986 5452 2161 5518 digiti-

615 5550 772 5592 tatem
830 5540 1056 5597 amittet,
1122 5546 1280 5603 atque
1317 5537 1401 5589 vel
1451 5543 1519 5589 oh
1579 5540 1629 5590 id
1683 5539 1878 5605 ipsum,
1925 5542 2064 5605 quod
2096 5540 2161 5592 ab

609 5630 944 5682 ctzlesiastica
991 5627 1368 5696 jnrisdictione
1419 5643 1476 5680 se
1533 5628 1876 5692 subduxerit,
1916 5629 2146 5692 deposi-

2264 4467 2596 4528 ἐπισκόπων,
2623 4458 2704 4524 οἷς
2729 4463 3068 4513 ὑπόκεινται.
3119 4459 3250 4510 -Εττε
3282 4455 3374 4509 οὖν
3421 4459 3675 4524 ἐνὰγεταί
3731 4478 3817 4523 τις

2262 4557 2488 4617 τούτων,
2535 4556 2646 4606 εἴτε
2697 4556 2883 4619 ἐνάγει
2917 4551 3055 4604 κατὰ
3105 4550 3498 4618 συγκληρικοῦ,
3553 4553 3702 4618 παρὰ
3735 4555 3818 4621 τῷ

2264 4648 2542 4714 ἐπισκόπῳ
2565 4644 2728 4696 αὑτοῦ
2765 4646 2858 4694 καὶ
2893 4643 3180 4708 ἐνάγεσθαι
3221 4644 3313 4692 καὶ
3345 4639 3558 4705 ἐνάγειν
3588 4641 3814 4707 ὀφείλει,

2266 4736 2366 4788 κᾶν
2401 4733 2798 4803 ἐγκληματικὸν
2831 4733 2915 4799 εἴη
2943 4733 3002 4781 τὸ
3033 4731 3511 4797 δικαστήριον,καὶ
3541 4730 3820 4782 πολιτικὸν

2267 4828 2387 4893 ήτοι
2446 4825 2804 4895 χρηματικόν.
2869 4824 2990 4874 Ἐὰν
3022 4821 3077 4872 δὲ
3107 4820 3511 4888 παραιτήσηταί
3571 4837 3653 4878 τις
3707 4822 3820 4872 τῶν

2264 4919 2521 4967 τοιούτων
2545 4916 2604 4966 τὸ
2635 4914 3088 4982 ἐκκλησιαστικὸν
3116 4912 3488 4979 δικαστήριον,
3524 4911 3618 4960 καὶ
3640 4910 3817 4978 δημο-

2267 5009 2400 5067 σίοις
2441 5004 2840 5072 δικαστηρίοις,
2909 5003 3076 5070 ήγουν
3139 5001 3452 5069 δημοτικῶν
3512 5001 3815 5068 ἀρχόντων,

2264 5099 2510 5148 τουτέστι
2542 5095 2856 5155 πολιτικῶν,
2915 5093 3120 5160 θελήσῃ
3174 5091 3536 5158 καθαρθῆναι,
3570 5092 3688 5141 ἀντὶ
3720 5092 3819 5141 τοῦ

2266 5181 2499 5249 καθαρὸς
2537 5181 2766 5248 φανῆναι
2829 5179 2921 5230 τοῦ
2954 5178 3304 5244 αἰτιάματος,
3344 5176 3446 5228 κᾶν
3503 5177 3700 5245 νικήσῃ
3759 5181 3819 5228 ἐν

2266 5273 2342 5339 τῷ
2372 5272 2708 5339 δικαστηρίῳ
2746 5272 2958 5338 ἐκείνῳ,
2991 5270 3082 5320 καὶ
3139 5270 3275 5336 ὑπὲρ
3306 5268 3469 5318 αὑτοῦ
3521 5269 3745 5334 γένηται
3783 5270 3816 5336 η

2267 5366 2558 5431 ἀπόφασις,
2593 5361 2767 5413 ἀθῶον
2816 5361 2976 5412 αὐτὸν
3029 5359 3440 5427 ἀποφαινομένη
3491 5357 3586 5409 τοῦ
3617 5356 3824 5424 ἐγκλήο

2271 5470 2455 5522 ματος,
2486 5451 2565 5518 ἐφ’
2592 5443 2635 5516 ᾧ
2669 5451 3046 5518 κατηγορεῖτο,
3080 5449 3228 5516 ὅμως
3251 5447 3342 5497 τὸν
3375 5447 3504 5498 ἴδιον
3528 5444 3822 5503 τόπον,τὸν

2270 5543 2470 5611 βαθμὸν
2497 5540 2715 5608 δηλαδὴ,
2745 5541 2838 5590 καὶ
2872 5539 2967 5606 τὴν
3014 5537 3293 5607 ἱερατικὴν
3339 5536 3507 5605 τιμὴν
3540 5533 3816 5596 ἀπολέσει,

2268 5631 2352 5682 διὰ
2383 5629 2536 5681 τοῦτο
2567 5629 2696 5680 αὐτὸ
2729 5625 3179 5694 καθαιρούμενος,
3203 5625 3336 5678 διότι
3371 5623 3724 5693 παρῃτήσατο
3755 5621 3818 5674 τὸ
