4018 6306
211 355 270 423 8t
1266 372 1339 433 11v
1384 376 1546 435 CAN.
1585 370 1681 434 xv
1712 372 1914 435 CONC.
1958 377 2325 438 CARTHAG.
3311 371 3377 432 δε

214 472 662 541 ἐκκλησιαστικὸν
688 482 1055 551 δικαστήριον.
1089 485 1216 538 Ὅτε
1256 481 1372 549 οὖν,
1426 488 1609 554 φησιν,
1658 486 1741 550 εγ-

1848 485 1988 541 tione
2045 489 2312 555 punietur.
2376 490 2549 554 Atque
2605 487 2717 539 hmo
2770 491 3003 554 quidem,
3063 498 3381 553 quocunque

214 562 397 631 κλημα
422 567 501 633 εῖη
525 569 585 619 τὸ
613 568 833 634 κινηθὲν
863 572 1001 623 κατά
1030 572 1123 624 τοῦ
1156 574 1467 642 ἱερωμένου,
1501 575 1567 626 τὰ
1596 577 1750 644 εἱρηο

213 651 350 717 μένα
380 656 729 723 γενήσονται⁸
758 660 845 709 ὅτε
878 659 934 710 δὲ
967 662 1240 712 πολιτικόν
1273 664 1387 714 ἐστι
1419 663 1478 713 τὸ
1504 663 1751 730 κινούμε-

208 758 317 803 νον,
350 742 470 811 ἧτοι
502 748 860 811 χρηματικὸν,
908 747 1007 799 κᾶν
1037 748 1293 818 δικαιωθῇ
1350 752 1378 803 ὀ
1437 752 1747 818 ἱερωμένος,

209 828 300 875 καὶ
356 826 526 886 οὕτως
590 832 897 883 ἐκπεσεῖται
936 833 1028 885 τοῦ
1071 836 1269 887 οἱκείου
1320 837 1563 905 βαθμοῦ,
1599 841 1645 890 εί
1675 841 1747 909 μὴ

208 919 610 986 καταφρονήσει
638 920 733 972 τοῦ
766 923 1106 989 πράγματος,
1142 924 1225 992 ἐφ’
1254 920 1298 993 ᾧ
1324 929 1636 996 ἐδικαιώθη,
1658 931 1749 983 καὶ

204 1005 302 1072 τῆς
326 1004 642 1078 δικαιούσης
671 1013 834 1063 αὐτὸν
867 1014 1212 1080 ἀποφάσεως.
1256 1018 1379 1070 Ἐὰν
1406 1018 1462 1071 δὲ
1490 1019 1750 1088 ἔκκλητος

209 1092 453 1161 γένηται,
503 1097 536 1167 ἢ
584 1099 897 1154 ἐπισκόπων
923 1102 1255 1157 δικασάντων
1282 1106 1313 1175 ἢ
1340 1108 1606 1161 δικαστῶν
1637 1111 1751 1164 ἐτέ-

207 1197 334 1271 ρων,
397 1187 490 1238 ἐπὶ
532 1188 723 1251 ἄλλους
751 1192 1230 1261 ἐκκλησιαστικοὺς
1257 1197 1538 1261 δικαστὰς,
1581 1202 1747 1271 ἤγουν

203 1263 293 1316 ἐπὶ
321 1271 722 1337 μητροπολίτας
754 1274 786 1342 ἢ
809 1282 1165 1347 πατριάρχας,
1195 1284 1286 1334 καὶ
1308 1263 1663 1356 ἐξεταζομένη
1688 1292 1745 1341 ἐν

204 1356 265 1423 τῇ
313 1357 564 1428 ἐκκλήτῳ
611 1365 642 1430 ὴ
679 1365 949 1431 ἀπόφασις
992 1369 1143 1438 λυθῇ,
1174 1371 1292 1423 ἀντὶ
1319 1372 1411 1425 τοῦ
1442 1376 1745 1446 ἀνατραπῇ,

206 1446 390 1515 μηδὲν,
423 1451 583 1520 φησι,
614 1453 1035 1523 βλαπτέσθωσαν
1065 1460 1116 1512 οί
1159 1461 1349 1531 πρώην
1392 1465 1747 1535 ἀποφηνάμε-

202 1551 277 1588 νοι
295 1551 313 1568 ο
349 1540 401 1590 εἱ
429 1542 506 1607 μή
535 1560 639 1596 που
676 1545 1003 1616 ἐλεγχθῶσιν
1033 1549 1066 1618 ἢ
1125 1553 1266 1604 κατά
1291 1552 1487 1621 ἔχθραν
1511 1556 1746 1621 δικάσαι,

200 1627 273 1687 ὡς
298 1629 593 1698 ἐχθρωδῶς
618 1635 836 1705 ἔχοντες
864 1639 1006 1691 κατά
1048 1640 1142 1692 τοῦ
1176 1643 1681 1707 καταδικασθέντος,
1713 1645 1745 1714 ἢ

202 1715 339 1766 κατὰ
373 1721 774 1787 προσπάθειαν,
809 1725 885 1788 ὡς
909 1728 1099 1792 φιλίως
1130 1729 1465 1799 διακείμενοι
1489 1736 1626 1803 πρὸς
1656 1735 1746 1786 τὸν

198 1804 578 1870 δικαιωθέντα.
614 1814 647 1884 ἢ
692 1815 1151 1886 δωροδοκηθέντες
1171 1837 1186 1851 ο
1221 1820 1377 1874 τοῦτο
1403 1823 1513 1892 γάρ
1542 1823 1658 1876 ἐστι
1685 1826 1744 1877 τὸ

200 1896 377 1964 χάριτι
411 1900 823 1973 ὑποφθαρῗψαι.
856 1909 1241 1977 Δωροδοκεῖται
1296 1911 1353 1964 δέ
1394 1928 1497 1975 τις,
1548 1912 1581 1982 ἢ
1618 1916 1745 1985 χρή-

202 2002 343 2050 ματα
376 1989 697 2058 λαμϐάνων,
756 1995 786 2064 ἢ
835 1996 1001 2066 ἀλλην
1024 2000 1149 2053 τινὰ
1195 1999 1353 2070 χάριν
1403 2001 1552 2066 αύτῷ
1606 2005 1744 2074 πλη.

203 2077 420 2144 ροῦντος
440 2081 536 2134 τοῦ
566 2082 727 2136 αὐτὸν
755 2085 1190 2157 ύποφθείροντος.
1218 2089 1284 2143 El
1316 2090 1425 2161 γάρ
1457 2090 1527 2146 δι’
1549 2093 1749 2165 ἔχθραν

202 2166 233 2235 ἦ
286 2172 669 2234 προσπάθειαν
724 2175 1111 2245 ἢδωροδοκίαν
1170 2183 1388 2248 φανεῖεν
1443 2182 1518 2253 μὴ
1573 2184 1749 2248 καλῶς

203 2256 592 2325 ψηφισάμενοι,
651 2262 1012 2333 βλαόήσονται
1041 2269 1168 2338 περὶ
1193 2270 1293 2340 τὴν
1317 2272 1524 2326 οἱκείαν
1577 2275 1749 2328 ἐπιτι-

205 2346 348 2411 μίαν.
370 2350 498 2405 Ἐὰν
522 2352 581 2405 δὲ
610 2355 985 2423 αἱρετίσωνται
1013 2359 1061 2409 οἱ
1091 2358 1191 2426 τὴν
1224 2359 1481 2414 ὑπόθεσιν
1507 2362 1743 2431 ἔχοντες,

203 2435 230 2487 δ
251 2454 303 2489 τε
332 2441 644 2510 κατήγορος
685 2444 782 2496 καὶ
811 2447 839 2497 ὀ
865 2448 1359 2517 κατηγορούμενος,
1392 2451 1671 2518 δικαστὰς,
1702 2459 1749 2509 εἱ

204 2530 293 2579 καὶ
332 2529 685 2599 ὀλιγώτεροι,
739 2536 922 2605 φησὶν,
958 2534 1071 2592 εἷεν
1099 2541 1207 2594 τῶν
1250 2543 1596 2611 δρισθέντων.
1643 2548 1750 2602 τῶν

206 2615 268 2685 ιβ’
294 2620 391 2671 ἐπὶ
434 2621 777 2689 ἐπισκόπων,
826 2628 920 2680 καὶ
952 2629 1061 2682 τῶν
1112 2631 1172 2697 ἐξ
1217 2633 1308 2684 ἐπὶ
1340 2636 1747 2705 πρεσόυτέρων,

204 2708 426 2763 καὶτῶν
456 2711 623 2783 τριῶν
685 2713 776 2766 ἐπὶ
824 2715 1106 2784 διακόνων,
1135 2722 1164 2773 ὁ
1216 2722 1628 2787 καταδικασθεὶς
1660 2725 1750 2779 ὑπ’

204 2794 424 2849 ἐκείνων
458 2799 518 2850 ού
541 2798 830 2868 δυνήσεται
862 2803 1044 2873 ζητεῖν
1073 2806 1359 2877 ἔκκλητον.
1379 2812 1549 2865 Τοῦτο
1572 2812 1629 2866 δὲ
1659 2816 1751 2867 καὶ

204 2888 348 2954 νόμοι
380 2890 652 2944 πολιτικοὶ
676 2893 1073 2960 διατάττονται,
1104 2900 1199 2952 καὶ
1225 2900 1375 2971 ζήτει
1409 2903 1614 2971 βιϐλίον
1644 2905 1750 2957 τῶν

204 2975 505 3030 Βασιλικῶν
535 2987 608 3048 γ’,
640 2983 780 3037 τίτλ.
811 2983 883 3048 α’,
910 2988 1204 3053 κεφάλαιον
1231 2991 1336 3059 μδ’,
1382 2995 1475 3046 καὶ
1509 2994 1649 3062 βιὸλ.
1680 2998 1744 3051 θ’.

1848 574 2060 628 demum
2113 577 2335 629 crimine
2393 586 2638 630 sacratus
2686 587 3003 640 accusetur,
3061 575 3132 626 ita
3180 576 3379 625 servari

1848 661 2025 727 placet
2056 679 2070 715 :
2106 671 2160 713 at
2190 662 2233 715 si
2266 663 2440 715 civilis
2476 664 2589 713 sive
2619 662 2940 728 pecuniaria:
2962 660 3036 713 rei
3071 658 3140 712 sit
3164 667 3380 711 contro—

1848 751 2039 811 versia,
2069 752 2312 819 quamvis
2339 752 2629 805 secundum
2661 763 2803 812 eum,
2830 750 2920 815 qui
2944 748 3113 803 sacris
3139 747 3377 800 initiatus

1821 850 1951 901 'est,
1980 839 2047 893 lis
2079 842 2197 893 data
2255 842 2448 905 fuerit;
2487 840 2584 893 nisi
2620 848 2798 892 tamen
2840 838 2952 903 ipse
2987 854 3096 892 rem
3130 848 3291 890 totam
3326 847 3378 889 et

1847 944 2000 994 eam,
2037 946 2152 998 quae
2189 932 2479 986 secundum
2528 932 2694 995 ipsum
2728 926 3062 997 pronuntiata
3105 927 3223 991 fuit,
3258 941 3377 980 sen-

1851 1020 2073 1073 tentiam
2107 1029 2438 1080 contemnat,
2463 1018 2626 1087 gradu
2656 1033 2753 1071 suo
2780 1016 3123 1070 nihilominus
3150 1014 3375 1067 excidet.

1848 1106 1999 1172 Quod
2034 1108 2077 1160 si
2113 1108 2179 1160 ab
2208 1108 2497 1175 episcopis,
2530 1106 2715 1160 aliisve
2743 1105 3123 1174 cognitoribus,
3158 1104 3220 1155 ad
3246 1102 3378 1154 alios

1846 1199 2239 1254 ecclesiasticos
2261 1198 2492 1267 judices,
2527 1196 2965 1265 metrOpolitanos
2996 1192 3263 1252 videlicet,
3290 1200 3379 1243 aut

1850 1288 2214 1355 patriarchas,
2249 1288 2517 1357 quispiam
2548 1294 2819 1353 provocet,
2857 1285 3040 1352 illique
3063 1296 3223 1337 causa
3252 1294 3381 1333 exa-

1849 1378 2070 1443 minata,
2097 1379 2391 1447 iudicatum
2437 1377 2601 1442 solvi,
2638 1378 2736 1430 hoc
2764 1386 2865 1439 est,
2915 1372 3148 1427 rescindi
3172 1372 3382 1439 placere

1850 1467 2229 1534 decreverint;
2264 1468 2396 1521 nihil
2429 1470 2479 1520 in
2512 1482 2625 1529 eos,
2674 1466 2863 1533 inquit,
2910 1466 2999 1531 qui
3052 1462 3198 1529 prius
3249 1458 3382 1525 judi-

1848 1552 1988 1605 cium
2046 1568 2359 1619 exercuere,
2422 1569 2582 1623 grave
2628 1554 2985 1607 constituatur
3038 1567 3051 1602 :
3109 1548 3209 1600 nisi
3249 1547 3387 1599 forte

1848 1643 1992 1705 illos,
2033 1653 2127 1695 aut
2157 1645 2281 1697 odio
2316 1645 2593 1713 impulsos,
2642 1642 2782 1711 quod
2832 1639 3081 1695 videlicet
3129 1638 3197 1699 ei,
3230 1650 3384 1703 queu-

1848 1728 2301 1793 condemnarunt,
2343 1728 2535 1782 infensi
2582 1728 2797 1789 forent;
2845 1735 2933 1777 aut
2985 1722 3183 1782 studio,
3245 1721 3385 1788 quod

1852 1821 2155 1887 quempiam
2190 1818 2563 1874 benevolentia
2593 1831 2719 1884 erga
2753 1816 2897 1867 illum
2948 1813 3163 1866 adducti
3201 1811 3381 1863 absol-

1854 1908 2027 1961 verint
2054 1925 2070 1973 ;
2100 1918 2190 1963 aut
2216 1909 2465 1962 mercede
2490 1916 2721 1974 emptos,
2754 1904 2804 1957 id
2835 1915 3060 1969 namque
3088 1910 3188 1961 est,
3216 1898 3387 1965 gratia

1852 2004 2178 2065 corruptos,
2237 1996 2512 2066 iudicasse
2569 1995 2848 2062 probatum
2916 1990 3095 2044 fuerit.
3150 1987 3388 2042 Mercede

1850 2100 2084 2152 namque
2114 2096 2323 2155 emptus
2354 2086 2400 2140 is
2436 2086 2654 2145 dicitur,
2686 2083 2776 2150 qui
2837 2081 3114 2149 pecuniam
3170 2077 3383 2143 accipit,

1849 2184 1942 2227 aut
1992 2176 2134 2228 aliud
2183 2177 2541 2243 quodcunque
2572 2172 2909 2234 beneficium,
2957 2169 3024 2223 ab
3070 2180 3134 2221 eo
3205 2181 3233 2218 a
3280 2178 3385 2231 quo

1849 2277 2131 2332 corruptus
2162 2279 2282 2320 esse
2310 2264 2524 2319 dicitur.
2578 2261 2709 2315 Nam
2769 2261 3073 2330 quicunque
3125 2264 3214 2309 aut
3262 2253 3384 2307 odio

1848 2364 1941 2407 aut
1969 2370 2155 2409 amore
2183 2353 2421 2417 adducti,
2477 2360 2569 2404 aut
2612 2350 2893 2419 largitione
2946 2343 3208 2411 corrupti,
3239 2341 3383 2409 judi-

1849 2444 1989 2497 cium
2018 2445 2197 2498 minus
2232 2443 2458 2495 fideliter
2485 2442 2790 2494 exercuisse
2820 2434 3130 2503 deprehensi
3166 2432 3380 2491 fuerint,

1848 2533 2059 2601 propria
2095 2533 2213 2586 illos
2246 2533 2506 2600 dignitate
2538 2528 2751 2583 multari
2781 2527 3052 2581 decretum
3092 2533 3193 2577 est.
3228 2520 3380 2585 Quod

1849 2624 1892 2677 sl
1922 2623 2134 2692 judices
2160 2623 2231 2676 illi
2265 2622 2385 2692 ipsi,
2411 2622 2503 2690 qui
2528 2621 2669 2676 inter
2693 2634 2750 2673 se
2771 2617 2969 2686 judicio
2995 2612 3385 2673 conﬂictantur,

1851 2720 2131 2767 accusatur
2182 2711 2431 2766 nimirum
2481 2721 2537 2765 et
2590 2724 2733 2773 reus,
2784 2707 3057 2776 elegerint,
3118 2702 3382 2773 quamvis,

1851 2802 2043 2872 inquit,
2071 2802 2371 2871 pauciores,
2404 2816 2561 2871 quam
2598 2799 2916 2870 prtellnitum
2955 2804 3055 2859 est,
3110 2793 3387 2859 designen-

1850 2900 1958 2957 tur,
1994 2908 2182 2960 nempe
2212 2893 2264 2946 in
2293 2893 2663 2961 episcoporum
2686 2902 2849 2943 causa
2871 2884 3147 2948 duodenis,
3173 2881 3390 2950 presby-

1851 2991 2084 3034 terorum
2129 2998 2247 3047 sex,
2299 2982 2647 3036 diaconorum
2702 2981 2912 3033 tribus:
2961 2985 3137 3030 tamen
3187 2973 3253 3025 ab
3306 2971 3389 3023 his

216 3064 331 3117 Ἐπὶ
358 3071 578 3132 τούτοις
604 3073 633 3124 6
673 3073 850 3125 κανὼν
879 3076 1009 3144 περὶ
1037 3078 1243 3131 τέκνων
1274 3079 1381 3141 τῶν
1413 3083 1600 3150 ἱερέων
1649 3101 1747 3151 φη-

1850 3072 2124 3138 iudicibus
2154 3073 2406 3125 damnato
2450 3070 2779 3140 provocandi
2826 3067 3048 3121 facultas
3104 3079 3205 3119 non
3264 3063 3385 3115 erit.

208 3158 309 3220 σὶν,
338 3159 429 3209 ῖνα
464 3160 605 3228 μήτε
636 3160 840 3229 θεώρια
872 3164 1164 3218 ἐκτελῶσιν
1201 3168 1374 3234 αὐτοὶ,
1405 3172 1541 3237 μήτε
1573 3173 1747 3227 ἄλλων

206 3249 497 3302 ποιούντων
519 3254 928 3321 παραγίνωνται
958 3257 1051 3308 καὶ
1078 3257 1342 3327 θεωρῶσι.
1365 3261 1437 3313 Τὸ
1456 3260 1512 3313 δὲ
1545 3262 1749 3332 θεώρια

204 3339 441 3391 ἐκτελεῖν
475 3343 715 3396 τοιοῦτόν
745 3344 925 3398 ἐστιν·
967 3347 1053 3399 Ἐν
1084 3350 1203 3411 ταῖς
1233 3350 1518 3417 μεγίσταις
1562 3353 1746 3406 πόλεσι

205 3426 403 3496 θέατρα
435 3425 525 3497 ἦν,
555 3431 650 3484 καὶ
685 3433 842 3485 ἵπποι
894 3436 1183 3503 ἐτρέφοντο
1231 3436 1631 3509 ἁμιλλητήριοι,
1660 3442 1748 3494 καὶ

205 3516 358 3584 θηρία
387 3520 476 3580 είς
501 3518 883 3589 θηριομαχίαν,
908 3522 1001 3575 καὶ
1028 3523 1301 3576 ἀνετίθετο
1330 3528 1361 3593 ἡ
1397 3526 1745 3597 ἱπποτροφία,

206 3607 288 3657 καὶ
316 3609 348 3677 ή
381 3607 495 3660 τῶν
528 3610 711 3679 θηρῶν
750 3611 1056 3679 ἐπιμέλεια,
1084 3613 1177 3665 καὶ
1204 3614 1236 3683 ἡ
1269 3617 1492 3683 φροντὶς
1524 3620 1617 3670 τοῦ
1652 3620 1749 3683 τὰς

205 3696 431 3766 θεωρίας
480 3700 539 3750 ἐν
588 3702 701 3762 τοῖς
732 3699 981 3770 θεάτροις
1010 3703 1402 3770 ἐπιτελεῖσθαι,
1444 3707 1607 3771 ἐνίοις
1640 3711 1748 3763 τῶν

210 3786 514 3851 πολιτικῶν,
549 3789 820 3852 κάκείνοις
868 3789 1027 3858 ἔμελε
1057 3793 1186 3862 περί
1210 3811 1271 3847 τε
1299 3796 1396 3864 τῆς
1431 3797 1545 3851 τῶν
1566 3800 1747 3855 ἵππων

209 3876 435 3947 ἁμίλλης
484 3879 582 3931 καὶ
607 3878 710 3946 τῆς
739 3879 1103 3949 θηριομαχὶας
1144 3882 1239 3934 καὶ
1290 3884 1396 3937 τῶν
1425 3886 1620 3951 ἄλλων,
1649 3890 1750 3941 ὅσα

208 3965 257 4015 ἐν
284 3968 391 4028 τοῖς
425 3966 683 4036 θεάτροις
705 3968 860 4021 εἴωθε
887 3968 1154 4035 γίνεσθαι.
1179 3971 1364 4025 Ταῦτα
1388 3969 1480 4028 οὖν
1504 3977 1749 4042 γίνεσθαι

208 4057 343 4125 παρά
376 4059 592 4110 παίδων
613 4057 723 4111 τῶν
745 4059 935 4128 ἱερέων
960 4061 1230 4115 ἐκώλυσεν
1255 4065 1283 4116 ὁ
1308 4065 1507 4120 κανών.
1531 4068 1624 4119 Δεῖ
1640 4068 1749 4138 γὰρ

207 4146 317 4207 τοὺς
346 4148 517 4216 ἱερεῖς
544 4148 615 4199 τὰ
648 4148 823 4201 οίκεῖα
846 4150 1011 4202 τέκνα
1037 4151 1094 4203 ἐν
1121 4152 1341 4223 παιδείᾳ
1372 4154 1467 4207 καὶ⁵
1495 4156 1748 4228 νουθεσίᾳ

210 4234 403 4303 κυρίου
463 4236 713 4302 ἀνάγειν,
747 4238 892 4290 κατὰ
921 4239 1010 4291 τδν
1042 4240 1212 4307 μέγαν
1245 4241 1476 4306 Παῦλον,
1541 4244 1601 4308 ὃς
1656 4246 1750 4299 καὶ

211 4322 331 4387 πρὸς
375 4322 538 4375 Τῖτον
562 4323 793 4394 γράφων
818 4323 962 4386 οἴους
1012 4325 1093 4377 δεῖ
1123 4325 1387 4397 καθιστᾷν
1444 4331 1749 4398 πρεσϐυτέ-

212 4426 343 4477 ρους,
379 4412 523 4480 πρδς
545 4414 659 4473 τοῖς
684 4412 867 4476 ἄλλοις
924 4415 1019 4467 καλ⁵
1046 4415 1209 4468 τοῦτο
1244 4415 1512 4488 ἔγραψεν·
1544 4421 1619 4474 ΕΖ
1654 4424 1747 4489 τίς

208 4498 321 4553 ἐστι
340 4500 530 4554 τέκνα
548 4501 704 4569 ἔχων
719 4502 923 4565 πιστὰ,
939 4504 1026 4569 μὴ
1044 4502 1112 4555 ὲν
1126 4506 1445 4573 κατηγορίᾳ
1460 4508 1741 4574 ἀσωτίας,

209 4589 241 4653 ἢ
264 4591 665 4644 ἀνυπότακτα.
700 4592 809 4644 Καὶ
838 4592 1088 4662 Τιμοθέῳ
1116 4595 1467 4658 ἐπιστέλλων,
1517 4592 1625 4651 οἷον
1668 4600 1749 4654 δεῖ

208 4679 288 4730 τὸν
331 4682 647 4749 ἐπισκοπῆς
698 4681 1025 4750 ὀρεγόμενον
1074 4678 1233 4747 εἶναι,
1265 4686 1380 4746 τοῖς
1413 4685 1621 4749 λοιποῖς
1652 4689 1747 4741 καὶ⁵

210 4767 346 4822 τοῦτο
376 4770 707 4839 προσέθετο⁸
733 4770 805 4823 τὰ
826 4771 993 4824 τέκνα
1022 4769 1216 4841 ἔχοντα
1242 4772 1300 4825 ἐν
1334 4774 1579 4846 ὑποταγῇ
1607 4780 1747 4845 μετά

213 4860 375 4931 πάσης
434 4861 784 4930 σεμνότητος.
831 4859 912 4915 Τά
943 4860 1199 4933 θεωρίαις
1246 4863 1304 4916 δὲ
1352 4865 1533 4934 μίμων
1575 4884 1747 4936 προσ-

213 4947 386 5015 έχοντα
418 4951 514 5002 καὶ
547 4951 931 5019 ἱπποδρομίαις
963 4953 1292 5022 σχολάζοντα
1312 4993 1327 5019 ,
1361 4954 1455 5008 καὶ
1479 4956 1745 5020 τοιούτοις

212 5038 398 5101 ἄλλοις,
451 5038 575 5092 οὔτε
627 5040 862 5104 ἀσωτίας
886 5042 1153 5112 ὑπόληψιν
1202 5044 1574 5111 ἐκφεύξονται,
1626 5047 1746 5100 οὕτε

217 5131 463 5197 σεμνότης
489 5129 673 5190 αὐτοῖς
702 5132 1354 5202 προσμαρτυρηθήσεται.
1384 5134 1494 5186 Καὶ
1520 5135 1578 5186 οὐ
1612 5134 1746 5188 θαυ·

217 5221 408 5282 μαστὸν
441 5222 489 5271 εἰ
524 5222 590 5272 τά
614 5220 725 5270 τῶν
755 5221 946 5289 ίερέων
972 5219 1137 5272 τέκνα
1163 5221 1423 5290 τοιαύτην
1473 5223 1745 5293 διαγωγὴν

217 5308 546 5363 ἀπαιτοῦνται
568 5325 582 5341 ·
617 5310 741 5363 ἐπεὶ
765 5308 861 5361 καὶ
886 5311 1020 5362 πᾶσι
1038 5311 1383 5379 Χριστιανοῖς
1404 5314 1741 5383 κεκήρυκται

220 5396 283 5465 μὴ
310 5398 609 5467 προσιέναι,
640 5399 773 5451 ὅπου
807 5396 1151 5467 βλασφημίαι·
1201 5398 1329 5452 εἱσί.
1387 5399 1741 5468 Βλασφημίας

216 5486 263 5537 δὲ
292 5494 351 5541 τὰ
383 5491 637 5559 ἀσέμνως
675 5488 937 5559 γινόμενα
970 5488 1247 5557 ἐκάλεσεν,
1297 5487 1371 5553 ὡς
1406 5488 1744 5563 βλασφημεῖ-

268 5668 306 5696 "
330 5667 427 5720 ἰἰι.
463 5684 501 5723 ι.
533 5667 588 5719 ϐ.

1851 3158 2002 3225 Quod
2031 3162 2217 3218 civiles
2269 3177 2481 3231 quoque
2525 3161 2667 3231 leges
2702 3160 2886 3214 eodem
2938 3158 3093 3211 modo
3138 3168 3385 3217 sanxere,

1850 3263 1907 3305 ut
1937 3253 2096 3306 tertio
2128 3252 2282 3317 libro,
2331 3251 2482 3306 titulo
2525 3252 2722 3319 primo,
2755 3248 2931 3317 capite
2977 3243 3386 3313 quadragesimo

1847 3354 2060 3413 quarto,
2097 3352 2151 3398 et
2182 3343 2319 3397 libro
2370 3356 2510 3397 nono
2554 3339 2902 3395 Basilicorum
2929 3336 3109 3389 videre
3147 3343 3251 3388 est.
3289 3330 3386 3385 llis

1851 3433 2134 3497 absolutis,
2167 3434 2231 3487 de
2268 3432 2390 3485 filiis
2423 3431 2884 3501 presbyterorum,
2918 3439 2986 3478 ne
3044 3432 3135 3477 aut
3178 3430 3385 3491 specta-

1851 3522 1972 3575 cula
2000 3521 2135 3590 ipsis
2182 3520 2443 3576 exhibere
2488 3529 2581 3573 aut
2628 3534 2747 3587 qua:
2795 3518 2861 3571 ab
2911 3516 3029 3569 aliis
3073 3512 3390 3566 exhibentur

1849 3621 2099 3679 spectare
2124 3612 2307 3675 liceat,
2333 3625 2507 3666 canon
2537 3610 2798 3665 decernit.
2830 3606 2923 3660 Est
2956 3620 3081 3659 vero
3107 3605 3207 3659 hoc
3246 3602 3384 3669 quod

1850 3702 2046 3756 dicitur
2073 3702 2139 3756 de
2172 3701 2493 3770 spectaculis
2541 3699 2856 3754 exhibendis
2885 3693 3146 3764 ejusmodi
3177 3709 3191 3747 :
3244 3692 3389 3744 fuere

1849 3794 2108 3864 siquidem
2162 3793 2216 3846 in
2269 3793 2478 3862 magnis
2531 3790 2753 3845 urbibus
2805 3788 3042 3851 theatra,
3093 3794 3201 3837 tum
3262 3784 3385 3849 equi

1849 3897 2059 3952 quoque
2083 3884 2149 3937 ad
2176 3883 2470 3938 certamina
2503 3879 2794 3948 bestiaeque
2819 3877 2884 3932 ad
2913 3889 3142 3945 pugnam
3173 3873 3385 3927 aleban—

1852 3982 1957 4035 tur,
1992 3987 2183 4041 eaque,
2214 3982 2326 4026 tum
2357 3985 2619 4041 equorum
2670 3983 2733 4024 ac
2760 3968 3078 4030 bestiarum,
3117 3974 3226 4017 tum
3266 3962 3389 4015 reli-

1849 4075 2076 4131 quorum
2108 4061 2563 4131 spectaculorum,
2598 4072 2719 4126 qua;
2752 4059 2804 4111 in
2837 4056 3061 4111 theatris
3094 4051 3389 4108 exhibenda

1851 4153 2044 4219 forent,
2080 4155 2289 4207 curatio
2318 4151 2587 4205 nonnullis
2613 4166 2678 4205 ex
2724 4149 2920 4203 civium
2969 4159 3196 4201 numero
3240 4159 3387 4199 com.

1848 4245 2176 4309 mittebatur,
2202 4244 2418 4313 quibus,
2442 4250 2496 4297 et
2526 4250 2775 4309 equestre
2805 4248 3094 4301 certamen,
3112 4245 3165 4290 et
3188 4236 3388 4289 bestia-

1850 4350 1967 4389 rum
2022 4342 2300 4406 pugna,et
2343 4345 2674 4403 quaecunque
2727 4329 2829 4383 alia
2851 4328 2905 4381 in
2928 4327 3148 4381 theatris
3167 4325 3397 4393 praeberi

1849 4425 2030 4490 solita,
2059 4439 2203 4479 cura:
2231 4424 2405 4478 fuere.
2450 4421 2648 4476 Rerum
2680 4419 2840 4488 igitur
2882 4416 3183 4485 huiusmodi
3228 4423 3388 4468 cura-

1850 4524 1995 4569 tores
2062 4529 2181 4569 esse
2237 4512 2575 4568 sacerdotum
2644 4509 2781 4563 ﬁlios
2844 4507 2929 4562 hic
2991 4521 3162 4559 canon
3219 4515 3385 4557 vetat.

1850 4604 2173 4659 Sacerdotes
2225 4604 2368 4658 enim
2421 4601 2559 4656 filios
2606 4614 2733 4654 suos
2787 4599 2840 4651 in
2897 4598 3133 4651 doctrina
3185 4610 3247 4648 ac
3276 4595 3388 4661 lege

1847 4692 2058 4746 Domini
2087 4692 2370 4745 instituere
2398 4689 2611 4755 debent,
2644 4696 2700 4741 ut
2733 4696 2818 4741 est
2862 4686 2998 4752 apud
3041 4685 3219 4737 divum
3249 4681 3386 4735 Pau-

1848 4783 1979 4848 lum,
2032 4783 2123 4850 qui
2169 4781 2329 4835 etiam
2379 4780 2618 4849 Epistola
2653 4777 2718 4832 ad
2768 4776 2969 4839 Titum,
3022 4776 3144 4829 dum
3180 4788 3386 4833 eorum.

1846 4872 1935 4941 qui
1968 4869 2273 4925 sacerdotes
2298 4870 2515 4925 creandi
2535 4877 2680 4931 sunt,
2699 4866 3032 4922 conditiones
3057 4864 3385 4931 exsequitur,

1846 4963 1915 5017 ad
1947 4962 2051 5016 alia
2077 4963 2180 5017 hoc
2233 4974 2442 5029 quoque
2491 4959 2728 5013 addidit:
2764 4956 2824 5012 Si
2880 4956 2995 5023 quis
3052 4955 3188 5020 ﬁlios
3237 4954 3385 5006 habet

1846 5052 2048 5119 ﬁdeles,
2093 5052 2281 5105 nonin
2332 5051 2658 5105 accusatione
2716 5046 2961 5109 luxuriae,
3009 5055 3100 5096 aut
3154 5044 3385 5095 immori-

1852 5142 2085 5209 geros".
2119 5140 2184 5193 Et
2211 5140 2454 5208 Epistola
2485 5138 2552 5191 ad
2584 5136 2946 5197 Timotheum,
2980 5134 3100 5186 dum
3131 5147 3275 5195 eum,
3297 5132 3386 5199 qui

1846 5227 2211 5295 episcopatum
2264 5225 2547 5285 desiderat,
2590 5223 2803 5292 qualem
2851 5230 3093 5289 oporteat
3132 5233 3251 5274 esse
3294 5221 3385 5269 de—

1848 5312 2056 5376 scribit,
2107 5320 2300 5381 praeter
2351 5320 2542 5364 caetera
2597 5310 2649 5363 id
2711 5309 2869 5360 etiam
2912 5305 3195 5373 apposuit,
3252 5304 3385 5356 iilios

1848 5403 2133 5457 habentem
2163 5399 2404 5457 subditos
2428 5412 2551 5452 cum
2595 5397 2740 5451 omni
2789 5395 3058 5449 castitate.
3109 5393 3209 5456 Qui
3258 5408 3387 5445 vero

1850 5492 2135 5547 mimorum
2179 5502 2545 5558 equorumque
2598 5484 2947 5557 spectaculis,
2991 5481 3216 5551 aliisque
3268 5483 3382 5535 lnu~
