4018 6306
610 365 682 427 83
1845 370 2117 429 TiiEOD.
2167 369 2564 429 BALSAMON
3723 357 3799 417 84

601 472 835 540 jusmodi
871 475 1111 540 ludicris,
1140 486 1491 549 occupantur,
1524 494 1695 550 neque
1726 480 2142 549 intemperantia!

2253 480 2375 534 σθαι
2404 482 2656 534 ποιοῦντα
2711 481 2834 541 τοὺς
2861 479 3080 539 πιστοὺς
3110 476 3255 545 παρά
3283 474 3388 527 τῶν
3413 473 3677 536 ἀπίστων,
3702 465 3799 524 οἶα

608 563 809 617 crimen
836 565 1108 636 eﬁ‘ugient,
1137 583 1311 637 neque
1353 570 1676 638 integritatis
1725 580 1777 625 et
1822 571 2142 625 castimonia:

2258 570 2333 639 μὴ
2360 573 2416 622 ἐν
2448 570 2767 640 σωφροσύνῃ
2791 569 2996 631 ζῶντας
3023 568 3054 636 ἢ
3080 568 3362 635 σεμνότητι

604 657 912 710 testimonio
939 662 1473 717 commcndabuntur.
1511 660 1619 717 Nec
1669 679 1795 718 vero
1853 664 2046 715 mirum
2099 661 2143 714 si
2181 659 2296 714 hac
2320 663 2440 712 vitae
2472 662 2721 728 degenda:
2748 661 2884 712 ratio
2923 674 2952 712 a
3000 658 3123 712 ﬁliis
3196 658 3532 710 sacerdotum
3600 652 3795 720 exiga-

605 757 732 804 tur:
768 761 889 799 nam
921 755 973 800 et
1001 749 1322 806 Christianis
1386 752 1657 816 omnibus,
1715 768 1780 804 ne
1824 753 1889 805 ad
1975 765 2036 805 ea
2089 751 2203 804 loca
2257 750 2345 803 ubi
2375 749 2720 818 blasphemiae
2754 758 2878 803 sunt
2925 746 3180 800 accedere
3214 745 3388 804 liceat.
3448 741 3793 794 interdictum

603 838 724 891 fuit.
762 836 1110 903 Blasphcmize
1140 856 1268 895 vero
1301 845 1515 897 nomine
1543 859 1624 907 ea,
1658 859 1775 910 quae
1823 843 2047 898 licenter
2076 856 2140 895 ac
2179 840 2536 895 inverecunde
2609 840 2763 904 ﬁunt,
2803 838 3147 909 signiﬁcavit.
3196 834 3274 889 Ob
3344 835 3432 887 illa
3483 833 3680 902 quippe
3732 832 3801 884 ﬁ-

601 931 765 992 deles,
808 947 954 998 quasi
1006 937 1370 999 temperantia:
1422 937 1852 1004 integritatisque
1900 943 2320 1002 contemptores,
2345 934 2411 986 ab
2441 917 2744 986 inﬁdelibus
2777 931 3212 996 blasphemantur

600 1019 757 1089 535
785 1020 1008 1074 ARIST.
1037 1041 1056 1073 r
1102 1021 1394 1092 Episc0pus
1421 1025 1497 1079 vel
1517 1027 1762 1089 clericus,
1784 1040 1946 1080 causa
1965 1026 2145 1079 crimi-

677 1127 695 1159 ι
740 1109 844 1162 nali
869 1111 914 1162 ei
948 1111 1212 1172 instituta,
1247 1115 1317 1177 si,
1353 1114 1537 1168 relicta
1575 1115 1822 1180 ecclesia,
1856 1115 1919 1166 ad
1946 1113 2142 1180 iudicia

667 1216 688 1252 ι
728 1200 933 1266 publica
949 1211 1212 1265 recurrat,
1228 1203 1388 1256 etiam
1411 1204 1594 1271 injuria
1609 1203 1851 1267 affectus,
1870 1203 2140 1272 proprium

679 1308 698 1340 ι
740 1291 945 1344 amittet
973 1292 1216 1360 gradum.
1257 1292 1311 1347 Si
1339 1309 1464 1348 vero
1497 1303 1549 1348 et
1597 1295 1779 1348 vicerit
1813 1295 1864 1347 in
1917 1293 2142 1362 negotiis

675 1397 695 1431 ι
739 1380 991 1448 politicis,
1028 1382 1072 1434 si
1104 1381 1205 1435 hoc
1243 1393 1520 1450 sequatur,
1585 1383 1860 1452 proprium
1917 1382 2139 1451 gradum

669 1487 687 1519 ‹
725 1470 954 1522 amittet.
1002 1470 1404 1527 Ecclesiasticos
1433 1482 1609 1526 autem
1635 1473 1858 1542 iudices,
1890 1472 1990 1526 nisi
2023 1485 2143 1540 gra-

671 1577 690 1610 ι
735 1561 804 1612 tia
829 1570 922 1614 aut
943 1563 1065 1614 odio
1088 1572 1240 1616 antea
1260 1563 1528 1631 judicasse
1542 1560 2145 1629 convincantur,appel-

673 1665 693 1700 ι
743 1648 869 1702 latio
898 1649 1140 1705 instituta
1171 1667 1272 1705 non
1306 1653 1568 1722 propellit.
1599 1651 1655 1706 Si
1691 1661 1869 1721 partes
1899 1666 2024 1706 vero
2052 1649 2142 1717 ju-

674 1755 693 1789 ι
730 1738 875 1792 dices
903 1739 1182 1808 elegerint.
1211 1741 1278 1796 ab
1307 1743 1374 1797 iis
1396 1757 1463 1796 ne
1493 1742 1792 1797 discedant.
1829 1759 1848 1793 ι

667 1909 785 1963 Non
815 1920 1024 1980 oportet
1051 1912 1356 1983 episcopum
1386 1925 1479 1969 aut
1502 1917 1754 1970 clericum
1783 1915 2038 1986 iudicium
2058 1930 2144 1969 ec-

598 1999 956 2054 clesiasticum
995 2018 1261 2060 recusare.
1295 2005 1629 2075 Quapropter
1646 2008 1688 2062 si
1719 2008 1840 2076 quis
1869 2022 1932 2060 ex
1959 2007 2024 2060 iis
2049 2007 2148 2060 cri-

602 2089 866 2143 ininaliter
884 2101 1183 2156 accusatus,
1215 2095 1629 2149 ecclesiasticum
1657 2096 1984 2152 recusaverit
2003 2096 2145 2166 judio

598 2179 763 2242 cium,
792 2187 843 2234 et
869 2180 933 2234 ad
955 2181 1137 2236 civiles
1162 2182 1371 2250 iudices
1397 2187 1702 2251 accesserit,
1738 2197 1791 2240 et
1826 2202 2004 2241 coram
2058 2186 2145 2249 iis,

597 2281 719 2335 qua:
739 2268 805 2322 ad
830 2272 1226 2326 accusationem
1271 2288 1421 2327 suam
1473 2285 1738 2343 spectant,
1773 2274 2141 2337 denudaverit,

597 2360 841 2424 quamvis
889 2360 1144 2417 innocens
1163 2374 1436 2431 appareat,
1462 2375 1516 2418 et
1539 2379 1632 2432 pro
1657 2379 1722 2418 eo
1767 2365 1868 2418 lata
1914 2365 1983 2418 sit
2020 2379 2142 2418 sen-

603 2447 788 2507 tentia,
819 2449 1091 2515 proprium
1144 2451 1365 2518 gradum
1404 2453 1631 2508 amittet.
1687 2453 1741 2505 Si
1799 2463 1974 2505 autem
2036 2468 2143 2506 non

592 2534 884 2589 criminalis
914 2536 981 2588 sit
1010 2544 1194 2590 contra
1225 2551 1317 2591 eos
1352 2539 1644 2601 accusatio,
1675 2540 1768 2592 sed
1812 2539 2142 2606 pecuniaria,

594 2635 649 2679 et
674 2627 881 2680 accidat
907 2627 974 2681 de
1001 2632 1102 2681 ista
1131 2631 1358 2684 evadere
1379 2630 1769 2698 eos,judicium
1797 2631 1924 2699 ipsis
1949 2645 2145 2684 conve-

594 2715 744 2770 niens
776 2726 1097 2778 recusantes,
1118 2726 1172 2772 et
1195 2718 1260 2772 ad
1281 2722 1563 2775 saeculares
1583 2722 1790 2790 iudices
1813 2723 2143 2784 accedentes,

595 2815 648 2858 et
678 2803 744 2857 ab
776 2805 838 2858 iis
873 2805 1141 2873 iudicatos
1167 2821 1182 2869 ;
1213 2805 1256 2859 si
1287 2808 1501 2874 quidem
1531 2807 1805 2860 sententiae
1833 2807 1898 2860 ab
1924 2806 1989 2860 iis
2024 2805 2146 2858 lane

594 2895 934 2960 acquiescere
959 2894 1172 2958 vellent,
1197 2903 1250 2948 et
1271 2895 1320 2947 id
1340 2909 1436 2962 pro
1465 2909 1570 2961 quo
1594 2894 2006 2957 contendebant,
2035 2893 2147 2948 exi—

596 2998 742 3052 gere,
782 2985 1052 3052 proprium
1098 2984 1320 3051 gradum
1394 2986 1656 3038 amittent.
1710 2984 1766 3038 Si
1827 2995 2002 3038 autem
2055 2985 2144 3037 de-

2247 1022 2468 1075 ΑΡΙΣΤ.
2531 1039 2549 1071 ι
2581 1019 2909 1081 Ἐπίσκοπος
2935 1018 2967 1086 ἢ
2999 1017 3254 1085 κληρικδς
3289 1008 3689 1080 ἑγκληματικοῦ
3713 1025 3809 1061 κιο

2328 1131 2347 1163 ι
2387 1110 2649 1179 νουμένου
2700 1109 3042 1177 πράγματος.
3087 1108 3135 1158 ει
3166 1105 3262 1174 τὴν
3283 1102 3574 1161 ἐκκλησίαν
3615 1099 3804 1167 ἀφεὶς,

2323 1219 2341 1250 ι
2379 1203 2488 1262 τοῖς
2552 1200 2829 1267 δημοσίοις
2879 1198 3241 1266 προσδράμοι,
3296 1196 3387 1247 καὶ
3421 1191 3801 1256 ἀδικούμενος,

2320 1309 2338 1340 ι
2377 1289 2468 1342 τὸν
2500 1289 2628 1341 ῐδιον
2653 1289 2912 1340 ἀπολέσει
2946 1286 3168 1355 βαθμόν.
3221 1286 3281 1337 Ei
3318 1282 3566 1350 ὑπερέξει
3601 1280 3657 1332 δέ
3704 1278 3802 1330 καὶ

2322 1399 2341 1432 ι
2381 1380 2472 1432 ἐπὶ
2503 1380 2808 1440 πολιτικαῖς
2841 1377 3127 1442 κεφαλαῖς,
3160 1379 3206 1428 si
3233 1375 3403 1442 τούτῳ
3429 1367 3804 1440 στοιχείη,τδν

2324 1489 2342 1520 ι
2382 1471 2511 1522 ῖδιον
2537 1468 2790 1521 ἀπολέσει
2811 1467 3037 1536 βαθμόν.
3069 1468 3338 1527 Δικαστάς
3364 1480 3428 1531 γε
3467 1464 3568 1531 μὴν
3598 1459 3805 1525 ἐκκλη-

2324 1578 2343 1611 ι
2382 1557 2714 1618 σιαστικοὺς.
2743 1558 2789 1608 εί
2821 1556 2893 1624 μὴ
2927 1556 3231 1623 ἐλέγχοιντο
3251 1554 3390 1607 κατά
3421 1549 3805 1620 προσπάθειαν

2325 1668 2342 1700 ι
2381 1649 2413 1717 ἦ
2450 1646 2802 1700 ἀντιπάθειαν
2842 1645 3364 1713 προδεδιῳκηκότες,
3405 1643 3666 1710 έκκλητος
3700 1657 3804 1705 γε-

2324 1759 2342 1792 (
2379 1740 2576 1809 νομένη
2607 1739 2704 1790 οὐκ
2743 1737 3026 1806 ἀμύνεται.
3071 1737 3195 1790 Ἐὰν
3247 1737 3305 1789 δὲ
3344 1737 3412 1789 τά
3443 1738 3580 1802 μέρη
3617 1731 3808 1785 ὲπιλέ·

2326 1853 2344 1885 ι
2378 1833 2571 1897 ξωνται
2599 1829 2877 1893 δικαστὰς,
2905 1827 3106 1880 τούτων
3139 1828 3212 1896 μὴ
3263 1823 3704 1894 ἀφιστάσθωσαν.
3737 1838 3755 1871 ι

2317 1922 2390 1975 Ού
2423 1921 2502 1972 δεῖ
2530 1918 2912 1988 παραιτεῖσθαι
2948 1917 3245 1970 ἐπίσκοπον
3274 1913 3588 1983 ἥκληρικδν
3617 1911 3677 1963 τὺ
3704 1910 3805 1962 ἐκ·

2249 2010 2632 2078 κλησιαστικδν
2661 2009 3030 2078 δικαστήριον.
3103 2008 3264 2059 Ὅθεν
3326 2005 3418 2057 ἐάν
3467 2020 3548 2064 τις
3591 2002 3806 2054 τούτων

2249 2098 2716 2172 κατηγορούμενος
2738 2097 3179 2166 ἐγκληματικῶς,
3210 2097 3307 2162 τὴν
3340 2090 3806 2161 ἐκκλησιαστικὴν

2251 2192 2653 2261 παραιτήσηται
2676 2189 2877 2259 κρίσινς
2905 2186 2998 2240 καὶ¹
3022 2187 3316 2247 πολιτικοῖς
3335 2183 3613 2242 δικασταῖς
3632 2195 3807 2246 προσ-

2252 2281 2398 2351 έλθῃ,
2430 2280 2522 2333 καὶ
2547 2279 2675 2349 παρ’
2709 2280 2936 2340 ἐκείνοις
2971 2276 3224 2346 γυμνάσῃ
3260 2277 3328 2327 τὰ
3357 2275 3453 2342 τῆς
3485 2272 3803 2331 αἱτιάσεως·

2249 2374 2352 2425 κᾶν
2385 2369 2671 2432 ἀνεύθυνος
2721 2372 2884 2438 φανῇ,
2930 2369 3026 2422 καὶ¹
3081 2368 3220 2437 ὑπὲρ
3270 2365 3430 2419 αὑτοῦ
3461 2366 3494 2433 ἡ
3525 2361 3807 2426 ἀπόφασις

2251 2461 2522 2530 ἐξενεχθῇ,
2549 2461 2639 2511 τὸν
2669 2459 2800 2512 ἴδιον
2828 2459 3082 2511 ἀπολέσει
3117 2457 3342 2526 βαθμόν.
3391 2457 3451 2508 Ei
3494 2454 3548 2506 δὲ
3578 2453 3677 2504 οὐκ
3708 2452 3808 2516 ἐγ-

2250 2553 2562 2621 κληματικὴ
2595 2554 2741 2603 ἐστιν
2778 2553 2810 2618 ἡ
2842 2550 2962 2602 κατ’
2997 2548 3174 2600 αὐτῶν
3203 2547 3458 2607 αἱτίασις,
3496 2543 3630 2596 ἀλλά
3657 2557 3805 2610 χρη-

2255 2646 2479 2712 ματικὴ,
2511 2643 2602 2695 καὶ
2631 2641 2810 2710 συμϐῇ
2835 2641 2928 2692 καὶ
2959 2640 3051 2691 ἐπὶ
3079 2637 3284 2704 ταύτην
3328 2634 3546 2702 νικῆσαι
3578 2630 3803 2695 αὐτοὺς,

2249 2732 2309 2785 τὸ
2335 2733 2640 2801 πρόσφορον
2667 2731 2848 2791 αὐτοῖς
2884 2729 3400 2797 παραιτησαμένους
3427 2723 3802 2790 δικαστήριον,

2251 2821 2346 2874 καὶ
2394 2824 2681 2888 κοσμικοῖς
2747 2820 3024 2880 δικασταῖς
3075 2816 3488 2887 προσελθόντας,
3547 2814 3640 2866 καὶ
3669 2810 3804 2877 παρ’

2250 2912 2476 2965 ἐκείνοιν
2500 2910 2786 2979 κριθέντας
2809 2924 2822 2936 ⁸
2855 2912 2902 2960 εί
2935 2908 3032 2975 μὲν
3057 2906 3336 2975 αἱροῦνται
3365 2905 3430 2972 τῇ
3458 2902 3596 2969 ὑπὲρ
3619 2900 3804 2954 αὐτῶν

2255 3004 2418 3072 ψήφῳ
2449 3002 2703 3068 στοιχεῖν,
2729 3001 2821 3052 καὶ
2845 2999 2905 3050 τὸ
2934 2999 3162 3066 πρᾶγμα
3191 2999 3270 3057 είς
3296 2995 3324 3046 ὃ
3354 2996 3608 3062 ἐνίκησαν
3629 2994 3805 3044 ἀπαι-

595 3075 797 3143 spectui
835 3074 1121 3127 habuerint
1154 3088 1330 3129 causa;
1357 3089 1464 3128 suae
1510 3075 1884 3142 prolationem,
1919 3076 2142 3140 illudque

2251 3066 2432 3158 {aea},
2465 3066 2716 3141 1bvi’6tov
2779 3086 2988 3154 βαθμὸν
3015 3084 3393 3137 ἀπολέσουσιν.
3447 3083 3510 3134 El
3540 3081 3594 3133 δὲ
3632 3096 3805 3130 κατα-

598 3180 693 3233 pro
758 3178 864 3232 quo
905 3163 1297 3218 contendebant
1348 3163 1595 3216 amittere
1670 3163 1912 3228 mallent,
1969 3163 2143 3215 locum

598 3271 752 3311 suum
784 3256 1107 3310 retinebunt.
1136 3253 1190 3308 Si
1215 3255 1332 3322 quis
1356 3259 1530 3307 autem
1554 3254 1619 3307 ab
1637 3253 1903 3322 episcopis
1928 3265 2146 3305 accusa-

599 3357 683 3400 tus
707 3354 758 3400 ct
782 3345 1189 3408 condemnatus,
1214 3344 1279 3397 ad
1305 3344 1532 3412 majores
1569 3343 1958 3397 ecclesiasticos
2002 3340 2146 3408 iudi-

595 3450 685 3488 ces
725 3433 1107 3502 appellaverit,
1173 3447 1468 3500 eorumque
1527 3433 1848 3486 sententiam
1903 3440 2146 3484 evertere

595 3522 846 3588 potuerit,
906 3522 1104 3575 nullam
1160 3522 1259 3575 hoc
1296 3521 1402 3575 illis
1434 3522 1704 3591 iudicibus
1758 3519 2145 3573 ecclesiasticis

592 3625 817 3677 quorum
870 3609 1133 3663 sententia
1185 3611 1461 3672 evertitur,
1519 3623 1708 3663 noxam
1757 3606 1992 3672 aﬁ‘erret,
2041 3607 2144 3662 nisi

594 3701 817 3755 forsitan
848 3711 1066 3770 propter
1092 3701 1295 3764 odium,
1331 3709 1422 3753 aut
1453 3701 1773 3767 passionem,
1803 3701 1882 3752 vel
1914 3698 2141 3767 gratiam

594 3793 824 3861 aliquam
859 3807 979 3845 cum
1015 3792 1206 3846 aliectu
1242 3792 1561 3846 sententiam
1602 3792 1785 3845 tulisse
1813 3791 2142 3843 com/incan-

592 3891 696 3934 tur.
741 3881 1057 3950 Quicunque
1095 3890 1278 3934 autem
1314 3895 1380 3934 ex
1430 3881 1695 3934 accusatis
1744 3878 2012 3945 episcopis
2053 3885 2144 3931 aut

590 3972 826 4035 clericis,
853 3970 1246 4026 ecclesiasticos
1264 3969 1473 4037 iudices
1498 3969 1776 4037 elegerint,
1799 3977 1852 4021 et
1876 3969 1942 4021 ab
1967 3967 2030 4020 iis
2055 3967 2144 4034 ju-

591 4062 758 4116 dicari
784 4061 1068 4124 voluerint,
1085 4061 1330 4128 quamvis
1351 4070 1536 4114 contra
1561 4059 1837 4127 episcopos
1863 4067 2142 4113 accusatos

591 4150 865 4205 duodecim
895 4148 1157 4216 episcopis
1191 4150 1293 4202 sint
1331 4149 1630 4216 pauciores,
1682 4157 1870 4203 contra
1907 4148 2136 4218 presby-

590 4250 735 4296 teros
758 4248 931 4295 autem
963 4250 1016 4292 et
1043 4240 1298 4293 diaconos
1337 4252 1535 4306 septem
1571 4241 1652 4294 vel
1689 4241 1848 4294 etiam
1885 4246 2134 4306 quatuor,

590 4329 1036 4398 quemadmodum
1071 4337 1125 4382 et
1167 4329 1218 4382 in
1271 4329 1587 4383 duodecimo
1620 4329 1900 4396 praesentis
1949 4326 2134 4396 synodi

588 4433 797 4472 canone
829 4418 1164 4486 scripsimus,
1204 4414 1547 4473 condemnati
1580 4433 1680 4471 non
1716 4420 1911 4471 debent
1945 4426 2133 4471 contra

588 4509 845 4577 iudicium
880 4523 1062 4562 eorum
1108 4508 1414 4576 appellare:
1452 4509 1740 4577 appellatio
1768 4508 1910 4562 enim
1940 4506 2140 4576 judicis

592 4598 851 4652 inscitiam
888 4599 972 4651 vel
1006 4598 1319 4665 iniustitiam
1368 4597 1909 4666 corrigit.Quomodo
1935 4597 2137 4663 itaque,

590 4687 680 4754 qui
707 4686 914 4755 iudices
941 4686 1330 4740 ecclesiasticos
1355 4687 1535 4753 elegit,
1561 4702 1693 4755 quos
1718 4695 1770 4738 et
1801 4700 2048 4740 sermone
2083 4694 2140 4739 et

591 4776 698 4830 vita
747 4776 1046 4846 inculpatos
1079 4791 1198 4830 esse
1220 4774 1500 4845 iudicavit,
1531 4777 1714 4831 dicens
1740 4791 1798 4832 se
1824 4776 2141 4844 insipienter

591 4875 647 4919 et
677 4864 872 4934 iniuste
895 4867 961 4918 ab
983 4864 1050 4919 iis
1073 4866 1320 4934 iudicari,
1352 4876 1407 4920 ct
1446 4867 1914 4934 reprehensionem
1947 4882 2139 4935 quam-

591 4952 714 5006 dam
769 4951 1070 5005 hominihus
1122 4953 1546 5010 sacerdotalibus
1596 4954 1663 5008 ab
1717 4954 1832 5023 ipso
1884 4954 2139 5023 iudicatis

595 5043 790 5098 aﬁ'erre
817 5041 1172 5098 adu-illaturi

1163 5324 1397 5381 CANON
1425 5325 1566 5381 XVI.

607 5437 624 5470 ι
663 5419 923 5474 Similiter
941 5416 1160 5488 placuit,
1180 5425 1238 5470 ut
1261 5417 1515 5484 episcopi,
1540 5419 1836 5489 presbyteri
1860 5425 1913 5470 et
1934 5417 2141 5470 diaconi

675 5527 694 5560 ι
743 5509 1098 5562 conductores
1134 5507 1218 5562 vel
1261 5518 1634 5574 procuratores
1676 5523 1781 5562 non
1815 5507 1993 5573 ﬁant;
2043 5520 2142 5561 nec

676 5618 692 5648 ι
737 5613 801 5653 ex
832 5599 969 5666 turpi
994 5598 1169 5666 aliquo
1191 5598 1272 5653 vel
1293 5598 1381 5651 vili
1405 5598 1617 5668 negotio
1643 5600 1839 5652 victum
1866 5600 1964 5653 sibi
1993 5613 2137 5666 quac-

677 5709 692 5740 ι
748 5697 903 5749 rant;
947 5689 1299 5743 debentcnim
1329 5690 1468 5744 adid
1492 5690 1632 5758 quod
1674 5691 1928 5756 scriptum
1952 5699 2034 5744 cst
2055 5705 2140 5743 rc-

2162 4374 2217 4433 D

2251 3179 2506 3251 φρονοῦσι
2554 3178 2655 3245 τῆς
2685 3175 3046 3237 δικαιώσεως,
3078 3175 3171 3226 καὶ
3222 3173 3485 3226 ἀπολέσαι
3517 3169 3801 3239 αἱροῦνται

2246 3271 2307 3324 τὸ
2345 3272 2422 3331 είς,
2463 3268 2491 3320 ὃ
2543 3268 2824 3336 ἐνίκησαν,
2885 3265 2978 3318 τὸν
3014 3265 3212 3316 οἰκεῖον
3263 3264 3425 3315 τόπον
3456 3261 3799 3324 καθέξουσιν.

2245 3362 2308 3414 El
2344 3361 2401 3414 δέ
2425 3377 2509 3422 τις
2542 3359 2692 3426 παρὰ
2725 3357 3036 3409 ἐπισκόπων
3092 3354 3322 3424 κριθεὶς,
3380 3355 3472 3406 καὶ
3507 3353 3805 3405 καταδικα-

2247 3451 2416 3511 σθεὶς,
2461 3449 2594 3518 πρὸς
2630 3448 2880 3517 μείζονας
2913 3445 3396 3511 ἐκκλησιαστικοὺς
3423 3443 3676 3501 δικαστὰς
3699 3443 3802 3492 ἐκ-

2245 3541 2562 3606 καλέσηται,
2588 3539 2681 3589 καὶ
2716 3536 3017 3606 ἀνατρέψαι
3083 3535 3289 3603 ἰσχύσει
3319 3535 3417 3601 τὴν
3469 3532 3647 3599 ψῆφον
3699 3532 3806 3582 αὑ·

2243 3632 2348 3684 τῶν
2368 3647 2381 3660 ο
2416 3628 2670 3696 οὐδεμίαν
2700 3625 2903 3695 βλάὅην
2957 3624 3115 3677 τοῦτο
3148 3623 3338 3688 ἐπάξει
3365 3623 3476 3676 τοῖς
3501 3620 3802 3686 ἐκκλησια-

2247 3719 2444 3779 στικοῖς
2471 3716 2752 3776 δικασταῖς
2789 3712 3039 3774 ἐκείνοις,
3074 3705 3149 3764 ὧν
3181 3713 3213 3774 ἡ
3257 3708 3531 3775 ἀπόφασις
3561 3705 3801 3771 ἀνατρέο

2244 3823 2400 3858 πεται
2425 3822 2438 3835 ⁸
2463 3805 2512 3856 εί
2535 3805 2606 3872 ιιή
2629 3819 2729 3855 που
2751 3804 2891 3854 κατά
2930 3800 3152 3869 ἔχθραν,
3173 3800 3204 3869 ἢ
3226 3797 3365 3852 κατὰ
3395 3795 3798 3866 προσπάθειαν.

2243 3899 2276 3968 ἢ
2306 3898 2446 3948 κατά
2469 3912 2591 3946 τινα
2617 3894 2776 3962 χάριν
2803 3890 3211 3958 ἀπελεγχθῶσιν
3243 3887 3506 3953 ἐμπαθῶς
3545 3887 3640 3953 τὴν
3665 3883 3799 3953 κρί-

2244 4003 2325 4038 σιν
2344 3984 2692 4054 ποιήσασθαι.
2715 3983 2868 4035 Ὀσοι
2889 3981 2944 4032 δὲ
2969 3980 3078 4033 τῶν
3097 3979 3436 4047 αἰτιωμένων
3456 3976 3796 4033 ἐπισκόπων.

2242 4077 2275 4146 ἢ
2309 4073 2608 4144 κληρικῶν,
2632 4070 2970 4134 ἐπιλέξονται
3000 4069 3489 4133 ἐκκλησιαστικοὺς
3513 4066 3800 4126 δικαστὰς,

2243 4169 2334 4220 καὶ
2366 4166 2492 4233 παρ’
2543 4164 2729 4224 αὐτοῖς
2770 4160 3024 4230 κριθῆναι
3073 4159 3385 4225 θελήσουσι,
3442 4157 3544 4208 κᾶν
3575 4158 3802 4224 ἥττονες

2241 4257 2331 4310 ἐπὶ
2359 4256 2454 4325 μὲν
2501 4254 2812 4306 ἐπισκόπων
2868 4250 3398 4319 κατηγορουμένων,
3449 4247 3557 4297 τῶν
3592 4246 3799 4298 δώδεκα

2243 4347 2554 4399 ἐπισκόπων
2584 4338 2736 4405 ὦσιν,
2757 4343 2850 4394 ἐπὶ
2877 4342 2933 4393 δὲ
2963 4341 3368 4410 πρεσϐυτέρων,
3393 4339 3486 4389 καὶ
3508 4337 3794 4400 διακόνων,

2244 4438 2349 4491 τῶν
2375 4437 2531 4498 ἐπτὰ,
2564 4436 2595 4504 ἢ
2621 4435 2714 4487 καὶ
2743 4433 3045 4500 τεσσάρων,
3081 4431 3259 4492 καθὼς
3291 4431 3348 4480 ἐν
3396 4428 3472 4495 τῷ
3502 4425 3800 4493 δωδεκάτῳ

2246 4529 2429 4582 κανόνι
2456 4528 2552 4595 τῆς
2576 4524 2860 4594 παρούσης
2903 4523 3120 4576 συνόδου
3149 4520 3487 4590 ἐγράψαμεν,
3526 4520 3623 4570 οὐκ
3648 4517 3803 4584 ὀφεί-

2246 4620 2396 4672 λουσι
2426 4616 2932 4677 καταδικασθέντες
2979 4611 3325 4664 ἐκκαλεῖσθαι
3379 4609 3519 4662 κατά
3546 4610 3640 4675 τῆς
3672 4607 3802 4675 κρί-

2248 4726 2385 4770 σεως
2410 4707 2609 4760 αὐτῶν.
2661 4705 2725 4756 Ἦ
2755 4704 2863 4772 γὰρ
2910 4701 3171 4769 έκκλητος
3227 4697 3541 4767 ἀπειρίανῆ
3583 4696 3801 4747 ἀδικίαν

2250 4795 2642 4865 ἐπανορθοῦται
2671 4793 2764 4845 τοῦ
2801 4789 3080 4844 δικαστοῦ.
3111 4790 3236 4850 Πῶς
3257 4787 3387 4854 γοῦν
3419 4788 3445 4838 ὁ
3483 4785 3802 4853 ἐπιλεξάμεο

2249 4902 2336 4945 νος
2359 4881 2841 4950 ἐκκλησιαστικοὺς
2867 4879 3148 4940 δικαστὰς,
3180 4877 3272 4940 οὒς
3303 4877 3395 4930 καὶ
3421 4875 3561 4928 κατά
3615 4874 3795 4941 λόγον,

2248 4976 2339 5027 καὶ
2388 4972 2529 5026 κατὰ
2556 4971 2677 5039 βίαν
2705 4968 3101 5037 ἀνεπιλήπτους
3131 4968 3346 5036 ἔκρινεν
3377 4961 3535 5029 εἶναι,
3562 4964 3798 5032 παραδε-

2247 5059 2531 5129 χθήεεται,
2568 5057 2763 5123 λέγων,
2798 5055 3036 5125 ἀπείρως
3063 5054 3095 5123 ἢ
3120 5054 3315 5115 ἀδίκως
3350 5051 3442 5103 ὑπ’
3477 5050 3655 5103 αὐτῶν
3678 5067 3792 5118 κρισ-

2248 5150 2422 5217 θῆναι,
2451 5149 2545 5201 καὶ
2577 5148 2734 5200 οἱονεί
2763 5162 2884 5198 τινα
2927 5145 3131 5212 μέμψιν
3160 5145 3270 5204 τοῖς
3303 5143 3435 5210 παρ’
3462 5141 3624 5194 αὐτοῦ
3651 5140 3796 5192 οίον-

2247 5243 2295 5292 si.
2325 5238 2590 5309 κριθεῖσιν
2621 5238 2913 5306 ἱερατικοῖς
2938 5236 3161 5300 ἐπάγειν
3185 5232 3459 5302 ἀνδράσιν.

2831 5323 3064 5377 ΚΑΝΩΝ
3094 5323 3210 5388 ις’.

2253 5438 2272 5470 ι
2324 5420 2554 5488 Ὁμοίως
2577 5419 2790 5488 ῆρεσεν,
2828 5417 2917 5468 ἵνα
2949 5415 3239 5467 ἐπίσκοποι
3295 5415 3388 5466 καὶ
3434 5413 3794 5484 πρεσϐύτεροι

2327 5530 2343 5559 ι
2381 5512 2474 5564 καὶ
2505 5511 2738 5562 διάκονοι
2768 5505 3098 5575 ἐκλήπτορες
3127 5506 3198 5572 μὴ
3227 5507 3481 5571 γίνωνται
3505 5507 3537 5573 ἡ
3564 5520 3799 5573 προκου-

2323 5620 2338 5649 ι
2383 5599 2624 5668 ράτορες,
2653 5596 2785 5665 μηδὲ
2831 5594 2894 5646 ἐκ
2925 5611 3065 5655 τινος
3093 5594 3316 5662 αἰσχροῦ
3349 5594 3380 5662 ἢ
3412 5593 3608 5661 ἀτίμου
3650 5591 3796 5660 πρά-

2327 5711 2342 5739 ι
2381 5705 2588 5758 γματος
2618 5683 2822 5757 τροφὴν
2856 5684 3211 5754 πορίζωνται·
3233 5683 3499 5750 ὀφείλουσι
3531 5682 3635 5752 γὰρ
3657 5683 3794 5735 ἀπο-
