4018 6306
152 351 220 414 85
1209 368 1293 427 1N
1324 367 1483 428 CAN.
1528 367 1658 426 τινι

1807 369 1901 431 ΝΟ.
1947 375 2315 437 CAR'I'UAG.
3288 383 3355 442 88

222 484 241 517 ι
282 467 474 535 ϐλέψαι
500 472 579 533 είς
616 472 677 523 σὺ
709 479 1117 544 γεγραμμένον·
1161 478 1366 540 Οὐδείς
1386 479 1697 545 στροτευό-

1878 501 1895 533 ι
1944 487 2173 553 spicere,
2203 488 2361 541 Nemo
2414 489 2781 544 Dcomilimns
2836 495 3062 560 scipsum
3117 493 3350 560 implicat

223 576 241 605 ι
270 575 453 625 μενος
496 561 576 625 τῷ
612 562 736 628 Θεῷ
762 566 1120 631 ἐμπλέκεται
1156 568 1373 620 ἐιιυτίιο
1402 568 1702 634 πράγμασι

226 666 241 693 ι
278 649 606 715 κοσμικοῖς·
648 654 740 705 καὶ
764 654 906 705 ὥστε
951 658 1076 718 τοὺς
1105 657 1463 723 ἀναγνώστας
1495 659 1574 719 είς
1610 662 1702 707 τὸν

226 754 243 784 ι
280 738 471 805 καιρὸν
518 741 619 808 τῆς
668 741 809 811 ἧῦης
861 746 1189 813 ἐρχομένους
1237 748 1699 816 ἀναγκάζεσθαιῆ

227 843 247 871 ε
286 827 550 893 συμείους
591 832 909 899 ἀγαγέσθαι.
950 834 981 903 ἦ
1025 838 1352 905 ἐγκράτειαν
1396 838 1699 905 ὁμολογεῖν,

227 934 243 963 ι
290 915 522 982 Ὁμοίως
544 920 761 989 ἧρεσεν,
798 923 882 975 ἵνα
906 925 1189 994 κληρικὸς,
1214 928 1308 979 ἐὰν
1340 926 1599 995 χρήματα
1628 925 1702 994 δῷ

227 1022 244 1051 ι
279 1005 593 1075 ὲιχρήσει,
624 1011 693 1062 τά
725 1014 986 1082 χρήματα
1021 1015 1158 1087 λάϐῃ
1180 1033 1195 1049 ο
1253 1019 1347 1071 ἐὰν
1388 1012 1551 1082 εἶδος,
1580 1020 1706 1071 ὅσον

228 1112 247 1143 ι
281 1095 477 1150 δέδωκε
514 1099 675 1170 λάϐῃ.
729 1104 836 1156 Καὶ
887 1105 974 1158 ἵνα
1018 1107 1125 1177 πρὸ
1179 1108 1287 1161 τῶν
1358 1109 1700 1162 εἰκοσιπέντε

223 1203 241 1234 ι
274 1187 535 1240 ἐνιαυτῶν
584 1192 716 1260 μήτε
754 1194 991 1249 διάκονοι
1030 1201 1469 1267 χειροτονῶνται.
1544 1201 1702 1255 Ἀλλὰ

220 1297 247 1324 ε
279 1278 371 1328 καὶ
396 1281 444 1329 οἱ
478 1282 826 1348 αναγνῶσται
854 1287 946 1339 τὸν
974 1288 1145 1357 δῆμον
1172 1291 1245 1358 μὴ
1264 1293 1697 1361 προσκυνῶσιν.»

216 1366 391 1420 ΒΔΔΣ
435 1372 571 1438 Περὶ
600 1373 695 1440 μὲν
720 1375 828 1428 τῶν
857 1377 1138 1447 κληρικῶν
1162 1380 1269 1433 τῶν
1293 1381 1707 1448 παρεμδαλλόν-

153 1473 249 1508 των
282 1460 512 1521 ἑαυτοὺς
536 1464 614 1524 είς
638 1466 913 1530 κοσμικὰς
966 1469 1248 1538 ἐνεργείας
1278 1471 1597 1540 ἐγράψαμεν
1625 1474 1705 1535 είς

153 1547 205 1597 τὸ
232 1553 297 1613 ιγ
321 1564 447 1613 κεφ.
480 1550 575 1601 τοῦ
603 1551 650 1619 η’
682 1554 859 1607 τίτλου
884 1555 979 1608 τοῦ
1004 1559 1267 1627 παρόντος
1302 1560 1700 1628 συντάγματος,

154 1635 224 1692 εἰς
245 1637 337 1689 τὸν
371 1640 424 1703 ς’
452 1645 550 1693 καὶ
585 1642 675 1709 «cf
689 1644 1062 1700 ’ἀποστολικδν
1093 1650 1311 1712 κανόνα,
1343 1650 1435 1701 καὶ
1488 1651 1568 1713 είς
1616 1651 1705 1702 τὸν

154 1723 196 1790 γ’
223 1730 420 1781 κανόνα
436 1731 539 1800 τῆς
569 1732 613 1784 δ’
632 1736 849 1788 συνόδου
870 1752 883 1767 ο
914 1739 1005 1789 καὶ
1028 1740 1299 1805 ἀνάγνωθι
1326 1740 1566 1804 τούτους.
1586 1744 1701 1795 Κα-

153 1819 592 1888 ταστρωθήσεται
625 1824 681 1877 δὲ
703 1828 782 1888 είς
806 1827 905 1895 τὴν
927 1827 1202 1896 παροῦσαν
1227 1830 1521 1898 ἑρμηνείαν
1556 1833 1650 1883 καὶ
1670 1833 1703 1901 ἠ

154 1908 283 1958 κατὰ
311 1911 408 1978 τὴν
430 1910 483 1979 η’
502 1913 598 1965 τοῦ
621 1916 954 1984 Δεκεμϐρίου
980 1920 1148 1985 μηνὸς
1177 1920 1274 1987 τῆς
1302 1919 1354 1985 ς’
1380 1921 1705 1984 ίνδικτιῶνος

154 2004 411 2073 γενομένη
448 2007 698 2075 συνοδικὴ
719 2012 1017 2080 σημείωσις
1045 2015 1123 2075 εἰς
1156 2014 1253 2081 τὴν
1280 2014 1587 2083 ἐφημερίαν
1610 2014 1705 2067 τοῦ

154 2095 451 2156 ἁγιωτάτου
480 2098 687 2152 ἐκείνου
712 2104 1048 2173 πατριάρχου
1086 2105 1275 2175 κυρίου
1308 2107 1567 2174 Λουκᾶ,ὴ
1614 2109 1706 2158 καὶ

154 2184 309 2250 τόμου
338 2187 497 2251 τάξιν
531 2189 822 2259 ἐπέχουσα.
886 2193 1155 2257 Ὡσαύτως
1205 2198 1297 2248 καὶ⁵
1338 2198 1370 2264 ἡ
1406 2198 1708 2264 σημείωσις

155 2272 235 2324 τοῦ
258 2276 567 2341 ἀγιωτάτου
588 2279 796 2332 ἐκείνου
832 2283 1172 2352 πατριάρχου
1216 2284 1383 2354 κυροῦ
1427 2286 1700 2352 Ἰωάννου,

154 2359 182 2425 ἡ
216 2364 483 2431 γενομένη
532 2367 693 2435 χάριν
722 2366 815 2420 τοῦ
850 2374 924 2437 μὴ
950 2375 1267 2445 συνηγορεῖν
1315 2373 1439 2436 τοὺς
1476 2376 1705 2445 ιερωμέ-

154 2464 286 2512 νους.
314 2453 425 2504 Καὶ
451 2454 737 2524 ήδύναμις
765 2456 856 2508 τοῦ
884 2444 1265 2530 σημειώματος
1285 2462 1377 2515 τοῦ
1401 2444 1706 2530 ἁγιωτάτου

156 2544 491 2613 πατριάρχου
522 2548 695 2618 κυροῦ
730 2549 945 2621 Μιχαὴλ
977 2550 1071 2602 τοῦ
1128 2552 1336 2605 ὑπάτου
1365 2553 1471 2605 τῶν
1502 2553 1710 2619 φιλοσό-

157 2651 277 2699 φων,
302 2639 335 2705 ἡ
364 2639 618 2705 προσέῖσα
642 2642 800 2710 χάριν
824 2642 917 2696 τοῦ
940 2644 1134 2708 ἐπίσης
1155 2644 1230 2713 τῷ
1253 2644 1483 2711 διακόνῳ
1516 2644 1610 2697 καὶ
1633 2644 1708 2713 τῷ

158 2729 283 2795 ἱερεῖ
312 2729 622 2783 κωλύεσθαι
676 2735 771 2785 καὶ
824 2734 918 2787 τὸν
949 2733 1299 2803 ἀναγνώστην
1344 2736 1408 2787 ὲκ
1438 2737 1537 2803 τῆς
1561 2737 1710 2801 ἔνερ-

156 2818 294 2883 γείας
325 2819 438 2871 τῶν
466 2821 745 2889 κοσμικῶν
792 2823 1080 2891 όφφικίων.
1147 2824 1297 2876 Ἐπεὶ
1334 2825 1391 2876 δὲ
1448 2826 1476 2874 ὁ
1520 2822 1709 2890 παρὼν

155 2908 317 2960 κανὼν
338 2911 658 2978 διορίζεται,
690 2912 764 2982 μὴ
791 2914 1109 2983 πορίζεσθαι
1139 2915 1265 2975 τοὺς
1290 2913 1617 2983 ἱερωμένους
1640 2913 1707 2964 τὰ

154 3000 275 3067 πρὶς
306 3002 517 3069 τροφὴν
543 3002 651 3054 ἀπὸ
682 3002 1023 3071 πραγμάτων
1061 3002 1302 3072 αἰσχρῶν
1345 3004 1439 3054 καὶ
1467 3002 1704 3068 ἀτίμων,

1884 592 1901 623 ι
1942 576 2280 631 saecularibus
2345 581 2563 649 negotiis
2608 582 2692 645 “,
2749 593 2822 644 ct,
2880 593 2936 633 ut
3002 583 3228 636 lectores
3286 586 3349 633 ad

1887 680 1906 713 ι
1950 665 2243 733 pubertatis
2270 664 2476 736 tempus
2503 671 2777 724 venientes
2794 682 3073 738 cogantur,
3108 673 3185 723 vel
3218 688 3352 725 nxo-

1883 770 1900 801 ι
1944 768 2036 807 res
2087 756 2303 817 ducere,
2336 758 2417 811 vel
2450 758 2833 811 continentiam
2860 761 3120 825 protiteri.
3150 758 3353 811 Simili-

1873 861 1892 893 ι
1940 853 2025 898 tcr
2051 844 2267 912 placuit,
2317 858 2373 900 ut
2404 849 2447 901 si
2473 847 2705 901 clericus
2740 857 2950 901 mutuas
2976 849 3228 914 pecunias
3266 848 3354 900 de-

1884 954 1902 986 ι
1942 936 2115 1002 derit,
2161 939 2415 1006 pecunias
2470 938 2732 1006 accipiat:
2763 939 2846 993 sin
2895 948 3069 991 autem
3098 937 3352 1006 speciem,

1877 1046 1895 1077 ι
1941 1037 2199 1096 quantum
2246 1030 2449 1084 dederit
2503 1030 2748 1098 accipiat.
2777 1029 2839 1082 Et
2873 1039 2930 1083 ut
2958 1039 3084 1083 ante
3117 1029 3354 1096 Quinque

1882 1135 1900 1168 ι
1938 1126 1990 1171 et
2045 1117 2230 1185 viginti
2267 1133 2434 1174 annos
2478 1120 2687 1174 diaconi
2719 1133 2825 1172 non
2873 1120 3207 1172 ordinentur.
3248 1117 3353 1170 Sed

1884 1224 1900 1257 ι
1938 1213 1991 1261 et
2047 1205 2273 1263 lectores
2312 1208 2563 1277 populum
2597 1222 2700 1262 non
2730 1208 2981 1261 salutent.
3025 1225 3043 1257 ι

1876 1381 2069 1437 BALS.
2103 1382 2178 1437 De
2226 1384 2435 1437 clericis
2468 1383 2708 1451 quidem.
2750 1381 2837 1451 qni
2877 1395 2935 1434 se
2993 1381 3220 1450 negotiis
3250 1393 3352 1432 sae-

1804 1474 2073 1527 cularibus
2098 1476 2369 1540 ingerunt,
2398 1474 2711 1541 scripsimus
2743 1474 2796 1525 in
2829 1472 3036 1525 decimo
3068 1470 3226 1522 tertio
3260 1484 3352 1520 ca-

1806 1565 1914 1633 pite
1933 1565 2107 1619 octavi
2143 1565 2277 1619 tituli
2305 1565 2583 1632 praesentis
2612 1565 2789 1631 operis
2815 1580 2829 1627 ;
2862 1563 2911 1614 in
2934 1571 3087 1615 sexto
3116 1571 3170 1615 et
3206 1570 3357 1613 octo-

1806 1657 2011 1724 gesimo
2040 1657 2196 1710 tertio
2224 1669 2429 1710 canone
2468 1654 2784 1723 apostolico,
2812 1660 2869 1706 et.
2890 1654 2941 1705 in
2971 1654 3129 1707 tertio
3155 1666 3359 1704 canone

1808 1758 2016 1814 quartae
2045 1748 2328 1816 synodi,ct
2362 1747 2477 1814 lege
2506 1761 2619 1801 cos.
2656 1748 2713 1798 lu
2778 1746 3025 1811 prmsenti
3061 1753 3238 1796 autem
3278 1742 3358 1793 iu-

1812 1838 2191 1904 terpretatione
2213 1847 2436 1905 ponetur
2466 1846 2521 1890 et
2545 1851 2663 1905 quae
2686 1847 2873 1888 octavo
2904 1835 3101 1887 mensis
3140 1831 3362 1885 Decem-

1808 1928 1918 1982 bris
1950 1940 2100 1981 sexta
2136 1927 2425 1981 indictione
2453 1927 2593 1981 facta
2632 1934 2714 1980 est
2743 1923 3013 1994 synodalis
3045 1920 3359 1979 declaratio.

1811 2026 2050 2085 tempore
2081 2016 2407 2071 sanctissimi
2442 2016 2765 2085 patriarcha:
2793 2013 2995 2065 domini
3028 2009 3207 2071 Luca).
3241 2022 3360 2077 quae

1808 2107 1968 2161 etiam
1993 2105 2280 2160 decisionis
2301 2106 2473 2158 locum
2501 2105 2727 2159 obtinet.
2756 2102 3019 2156 Similiter
3051 2107 3102 2152 ct
3127 2099 3365 2167 promul-

1808 2197 1946 2264 gatio
1964 2197 2277 2263 patriarchae
2302 2197 2443 2251 illius
2463 2194 2658 2250 domini
2680 2192 2925 2256 Joannis,
2957 2205 3074 2258 quae
3094 2190 3236 2243 facta
3259 2201 3362 2253 est,

1809 2287 1970 2357 536
1995 2303 2060 2341 ne
2088 2302 2280 2341 causas
2306 2295 2526 2356 agerent
2557 2285 2647 2354 qui
2680 2283 2853 2339 sacris
2882 2282 3076 2336 initiati
3107 2290 3253 2333 sunt.
3294 2279 3356 2331 Et

1802 2380 1888 2443 jus
1916 2376 2077 2430 edicti
2110 2374 2437 2430 sanctissimi
2455 2373 2791 2443 patriarchae
2829 2370 3032 2424 domini
3078 2367 3359 2422 Michaelis

1808 2467 2248 2535 philosophorum
2299 2465 2514 2529 summi,
2556 2463 2695 2532 quod
2734 2462 2952 2532 prodiit,
2994 2468 3051 2511 ιιι
3077 2473 3247 2525 asque,
3301 2472 3367 2509 ac

1808 2559 2065 2612 diaconus
2103 2566 2154 2611 et
2178 2557 2448 2620 sacerdos,
2507 2554 2671 2609 lector
2732 2566 2941 2619 quoque
2991 2548 3367 2618 prohiberetur

1808 2651 1875 2703 ab
1906 2648 2220 2704 exercendis
2246 2646 2592 2701 saecularibus
2618 2642 2826 2699 olilciis.
2872 2640 3133 2707 Quoniam
3186 2646 3361 2689 autem

1810 2755 2045 2809 praesens
2083 2754 2254 2793 canon
2283 2738 2490 2801 statuit,
2545 2752 2611 2791 ne
2640 2736 2731 2803 qui
2775 2744 2901 2789 sunt
2932 2731 3126 2785 sacrati
3163 2729 3361 2781 victum

1808 2838 2045 2898 quaerant
2083 2843 2149 2881 ex
2173 2828 2329 2883 rebus
2368 2827 2611 2894 turpibus
2641 2834 2692 2878 et
2718 2824 2941 2887 vilibus,
2985 2836 3127 2887 saepe
3159 2817 3363 2887 quaesi-

1812 2933 1922 2977 tum
1953 2930 2054 2986 est,
2080 2934 2323 2989 quaenam
2361 2920 2580 2971 sintete.
2614 2916 2678 2970 Et
2704 2914 2940 2967 nonnulli
2968 2913 3182 2980 quidem
3216 2908 3366 2961 dixe-

1812 3022 1937 3065 runt
1964 3026 2059 3065 eas
2092 3024 2236 3071 esse.
2278 3004 2528 3062 lenonem
2573 3020 2693 3060 esse
2720 3019 2784 3056 ac
2832 3000 3146 3055 meretrices
3199 2998 3363 3059 alere,

155 3088 377 3175 ἐζητήθη
418 3089 683 3152 πολλάκις
719 3093 846 3143 ποία
888 3091 1064 3143 ταῦτά
1089 3094 1216 3145 εἰσι.
1272 3092 1382 3144 Καί
1430 3107 1577 3151 τινες
1610 3090 1700 3158 μὲν

1808 3105 2206 3175 οιιιιροηειιοιίαξ
2228 3104 2462 3156 taberna:
2486 3114 2738 3168 praeesse,
2773 3106 2827 3152 et
2862 3096 3079 3149 similia.
3114 3092 3357 3148 Sanctis-

154 3174 291 3232 εῐπον
315 3178 461 3233 εἶναι
486 3181 662 3233 ταῦτα
708 3182 769 3233 τὸ
817 3182 1220 3250 πορνοϐοσκεῖν,
1279 3184 1339 3234 τὸ
1394 3180 1701 3249 καπηλικοῦ

154 3269 506 3340 ἐργαστηρίου
539 3272 924 3341 προΐστασθαι,
965 3272 1060 3325 καὶ
1085 3274 1154 3325 τὰ
1176 3274 1338 3340 ὅμοια
1363 3288 1375 3303 ε
1402 3275 1429 3326 ό
1452 3272 1507 3323 δὲ
1533 3271 1701 3336 ἁγιώ-

154 3375 295 3422 τατος
324 3363 676 3431 πατριάρχης
722 3362 884 3429 κυρὸς
914 3363 1126 3423 Λουκᾶς
1160 3361 1254 3414 καὶ
1298 3361 1366 3413 τά
1424 3361 1701 3427 μυρεψικά

155 3449 479 3519 ἐργαστήρια
540 3453 633 3504 καὶ
683 3452 751 3505 τὰ
818 3451 1073 3520 βαλανεῖα
1148 3450 1507 3519 αἰσχροκερδῆ
1562 3444 1700 3501 εἶναι

155 3538 343 3605 ἔλεγεν,
383 3540 465 3602 ὡς
486 3540 581 3592 καὶ
598 3540 827 3608 ψεύδους
870 3542 1156 3609 παραίτια.
1189 3539 1331 3592 Ἀλλ’
1362 3539 1482 3592 οὐδὲ
1509 3539 1702 3607 ἀρχια-

156 3628 298 3694 τροὺς
339 3629 657 3700 παρεχώρει
706 3632 948 3699 γίνεσθαι
980 3633 1105 3694 τοὺς
1148 3632 1428 3693 διακόνους
1483 3630 1516 3698 ἦ
1572 3631 1699 3692 τοὺς

160 3719 323 3785 ἱερεῖς,
358 3721 539 3787 λέγων
569 3722 881 3775 ἀνένδεκτον
926 3718 1066 3776 εἶναι
1093 3723 1217 3783 τοὺς
1244 3722 1381 3790 μετὰ
1413 3721 1701 3789 φαινολίων

158 3812 238 3862 καὶ
257 3813 553 3883 στιχαρίων
572 3816 641 3867 τὰ
663 3815 791 3881 ᾶγια
844 3814 1397 3884 μεταχειριζομένους
1427 3813 1699 3880 κοσμικὰς

158 3901 326 3962 στολὰς
357 3902 787 3965 ὲνόιδύσκεσθαι,
813 3904 907 3955 καὶ
938 3902 1076 3970 μετὰ
1107 3901 1313 3952 λαῖκῶν
1347 3900 1575 3967 ἀνδρῶν,
1594 3900 1702 3951 τῶν

158 3990 337 4058 ίατρῶν
362 3991 596 4061 δηλαδὴ,
620 3991 1054 4061 προπομπεύειν.
1096 3991 1217 4043 Ἐπὶ
1243 3991 1457 4051 τούτοις
1479 4005 1701 4057 νενομο-

157 4079 357 4147 Οέτηται
390 4082 547 4147 παρᾶ
573 4080 683 4131 τῶν
710 4081 880 4140 ἁγίων
909 4080 1170 4149 Πατέρων
1197 4081 1320 4140 τοὺς
1350 4077 1699 4144 ἀναγνώστας

158 4171 207 4221 ἑν
226 4171 296 4239 τῷ
327 4171 507 4241 καιρῷ
535 4172 634 4239 τῆς
661 4170 803 4239 ἦὸης
828 4171 966 4238 μετὰ
989 4172 1081 4223 τὸν
1114 4169 1172 4223 ιδ’
1196 4170 1440 4222 ἐνιαυτὸν
1462 4168 1702 4235 ἀναγκά-

158 4259 327 4320 ζεσθαι
376 4262 413 4331 ἦ
476 4262 637 4329 γάμῳ
669 4260 924 4329 ὁμιλῆσαι
969 4260 1001 4331 ἢ
1053 4259 1296 4329 ἀγαμίαν
1344 4257 1697 4326 ὑποσχέσθαι.

158 4350 306 4403 Τοῦτο
324 4353 381 4403 δὲ
413 4356 465 4404 εί
493 4353 642 4421 παρὰ
670 4354 779 4411 τοῖς
805 4353 861 4403 ὲν
890 4353 956 4421 τῇ
1000 4350 1230 4419 Ἀφρικῇ
1256 4350 1579 4418 ἐκράτησεν,
1599 4348 1698 4399 οὐκ

1812 3196 1980 3249 simus
2013 3204 2191 3247 autem
2213 3192 2528 3260 patriarcha
2562 3188 2809 3242 dominus
2850 3186 3021 3239 Lucas
3061 3190 3364 3252 unguenta-

1812 3285 1920 3336 rias
1953 3295 2167 3349 quoque
2196 3278 2435 3333 oilicinas
2463 3286 2517 3329 et
2551 3275 2741 3328 balnea
2777 3275 2947 3342 turpis
2980 3288 3098 3326 esse
3119 3281 3360 3340 quaestus

1810 3372 2039 3434 dicebat,
2070 3377 2125 3421 ut
2157 3383 2276 3437 quas
2310 3366 2570 3421 mendacii
2595 3379 2805 3432 qunque
2831 3376 3008 3416 causa:
3025 3370 3225 3415 essent.
3256 3356 3359 3412 Sed

1811 3476 1910 3515 nec
1935 3460 2236 3515 archiatros
2268 3458 2381 3511 (ieri
2414 3456 2623 3509 sinebat
2647 3455 2904 3509 diaconos
2921 3453 3002 3506 vel
3029 3450 3360 3513 sacerdotes,

1810 3552 1995 3605 dicens
2028 3564 2131 3602 non
2166 3562 2287 3603 esse
2324 3546 2626 3607 ferendum,
2660 3555 2715 3597 ut
2773 3545 2864 3612 qui
2904 3558 3025 3595 cum
3079 3540 3270 3594 infulis
3306 3547 3360 3592 ct

1808 3638 2008 3693 casulis
2039 3645 2222 3691 sancta
2288 3644 2547 3699 tractant,
2587 3633 2940 3687 saecularibus
2990 3631 3228 3685 vestibus
3282 3629 3348 3683 in-

1810 3730 2059 3789 duantur,
2086 3734 2140 3780 et
2168 3741 2287 3780 cum
2315 3725 2485 3787 laicis,
2506 3725 2639 3780 viris
2668 3725 2873 3778 scilicet
2917 3722 3163 3787 medicis,
3206 3722 3346 3775 ince-

1810 3822 1954 3873 dant.
1988 3821 2182 3874 Postea
2214 3828 2391 3872 autetn
2420 3824 2636 3871 cantum
2670 3826 2751 3869 est
2786 3831 2814 3868 a
2851 3816 3052 3869 sanctis
3086 3811 3356 3874 Patribus,

1811 3922 1868 3963 ιιι
1898 3910 2130 3963 lectores
2160 3910 2211 3960 in
2239 3918 2481 3976 tempore
2512 3906 2808 3975 pubertatis
2837 3915 2957 3974 post
2977 3918 3175 3957 annum
3197 3917 3361 3970 quar-

1812 4006 1919 4052 tum
1947 3998 2212 4052 decimum
2238 4006 2500 4065 cogantur
2521 3996 2603 4050 vel
2629 3995 2974 4049 matrimonio
3004 3993 3250 4059 conjungi
3281 3993 3359 4046 vel

1807 4088 2113 4143 caelibatum
2149 4087 2409 4155 proﬁteri.
2440 4088 2520 4140 An
2558 4088 2657 4140 Itoc
2685 4095 2864 4139 autem
2902 4085 3037 4152 apud
3071 4084 3360 4137 Africanos

1808 4179 2146 4233 observatum
2181 4176 2272 4240 sit,
2319 4177 2501 4230 nescio
2535 4193 2548 4229 :
2590 4176 2682 4229 sed
2737 4177 2873 4243 apud
2924 4174 3055 4227 alias
3092 4174 3363 4228 Ecclesias

1808 4281 1912 4321 non
1942 4275 2205 4320 servatur.
2233 4265 2492 4320 Existimo
2522 4273 2724 4323 autem,
2748 4263 2889 4332 quod
2920 4278 3018 4316 nec
3050 4262 3101 4316 in
3130 4263 3233 4315 ulla
3266 4277 3364 4314 nu-

1806 4367 1963 4421 quam
2003 4353 2219 4421 regione
2252 4354 2351 4407 hoc
2384 4360 2655 4407 servatum
2684 4354 2789 4417 sit;
2814 4362 2872 4404 ut
2903 4352 3040 4420 quod
3064 4351 3358 4418 apostolico

158 4435 275 4503 οἶδα,
325 4444 482 4511 παρά
510 4443 569 4495 δὲ
616 4445 734 4504 ταῖς
768 4443 956 4504 ἄλλαις
1009 4440 1330 4510 ἑκκλησίαις
1361 4440 1421 4492 οὐ
1476 4439 1695 4508 κρατεῖ.

1807 4452 1956 4497 sexto
1982 4441 2178 4495 canoni
2208 4442 2543 4508 adversetur,
2575 4441 2665 4508 qni
2722 4440 2983 4503 decernit,
3027 4450 3084 4489 ut
3128 4439 3359 4492 lectores

159 4528 359 4599 Νομίζω
390 4533 452 4584 δὲ
474 4533 555 4584 ὅτι
586 4532 708 4585 οὐδὲ
738 4532 794 4583 εν
836 4549 942 4583 τινι
998 4530 1150 4600 χώρᾳ
1200 4531 1360 4583 τοῦτο
1421 4528 1694 4599 ἐκράτησέ

160 4635 293 4681 ποτε,
322 4622 397 4684 ὡς
448 4621 857 4689 ἐναντιούμενον
901 4621 979 4689 τῷ
1009 4620 1346 4690 ἁποστολικῷ
1400 4626 1453 4683 ς’
1485 4621 1691 4684 κανόνι,

159 4707 475 4779 τῷόρίζοντι
533 4711 880 4779 ἀναγνώστας
934 4710 1026 4763 καὶ
1052 4710 1281 4778 ψάλτας,
1334 4710 1427 4762 καὶ
1462 4710 1599 4770 μετὰ
1634 4710 1693 4762 τὸ

160 4799 228 4860 είς
254 4802 451 4869 κλῆρον
482 4802 785 4869 προελθεῖν,
808 4804 1022 4869 γαμεῖν,
1057 4803 1148 4853 καὶ
1184 4802 1259 4869 μὴ
1295 4800 1486 4869 καιρὸν
1510 4802 1693 4862 αὐτοῖς

160 4889 319 4957 γάμου
374 4891 636 4959 ὁρίζοντι,
687 4893 824 4959 μήτε
874 4893 1203 4961 ἐγκράτειαν
1263 4889 1693 4957 ἐπαγγέλλεσθαι

162 4980 481 5034 ἀπαιτοῦντι.
504 4981 577 5033 Τὸ
606 4979 664 5032 δὲ
694 4975 960 5045 δανείζειν
1005 4981 1131 5042 τοὺς
1159 4981 1454 5049 κληρικοὺς
1496 4981 1587 5031 ἐπὶ
1612 4982 1699 5032 τό-

164 5086 263 5131 κοις
291 5071 473 5125 πολλοὶ
501 5071 722 5133 κανόνες
754 5071 1185 5141 ἀπαγορεύουσι.
1216 5074 1327 5124 Καὶ
1352 5074 1381 5125 ὁ
1424 5073 1615 5143 παρὼν
1642 5073 1697 5123 δὲ

166 5157 323 5212 κανὼν
351 5162 411 5213 ού
438 5161 599 5227 μόνον
626 5162 751 5223 τοὺς
780 5160 872 5213 τοῦ
907 5160 1170 5229 βήματος,
1206 5161 1342 5214 ἀλλὰ
1369 5163 1463 5215 καὶ
1492 5160 1698 5223 πάντας

164 5251 273 5313 τοὺς
291 5254 579 5321 κληρικοὺς
612 5254 850 5318 τοκίζειν
897 5253 1194 5323 ἐμποδίζει.
1232 5254 1356 5306 Ὀτι
1384 5254 1439 5306 δὲ
1467 5254 1573 5306 τῶν
1604 5255 1695 5305 τό-

168 5358 263 5393 κων
304 5345 392 5397 ἐπὶ
438 5345 636 5414 δανείῳ
686 5346 1033 5414 νομισμάτων
1084 5346 1383 5413 δεδομένων
1424 5345 1569 5406 εἰκὸς
1624 5341 1695 5413 ἦν

168 5429 323 5484 εἰπεῖν
339 5449 491 5496 τινας
518 5433 679 5485 τοῦτο
708 5435 806 5503 μὲν
838 5430 977 5486 εἶναι
1004 5435 1402 5502 κεκωλυμένον,
1447 5435 1507 5485 τὸ
1537 5434 1591 5486 δὲ
1622 5434 1698 5484 δι-

169 5515 297 5571 δόναι
318 5523 457 5575 σῖτον
495 5524 529 5591 ἢ
550 5523 739 5597 ἓτερον
761 5520 917 5589 εἶδος,
955 5525 1045 5577 καὶ
1070 5524 1367 5593 λαμϐάνειν
1400 5523 1578 5577 πλεῖον
1603 5525 1693 5575 τοῦ

236 5692 274 5721 ³³
300 5692 432 5748 Tim.
469 5713 527 5760 Il,
572 5700 622 5752 4.

1803 4542 1858 4586 et
1911 4542 2179 4593 cantores,
2240 4532 2402 4584 etiam
2453 4540 2733 4599 postquam
2788 4530 2840 4583 in
2882 4528 3081 4581 clerum
3120 4526 3358 4596 provecti

1805 4622 2027 4687 iuerint,
2062 4636 2261 4677 uxores
2288 4622 2505 4683 ducant,
2534 4630 2587 4675 et
2613 4634 2711 4674 nec
2733 4634 2952 4674 uxorem
2971 4619 3197 4673 ducendi
3223 4629 3359 4670 tem-

1802 4729 1901 4782 pus
1929 4713 2134 4775 deﬁuit,
2174 4726 2291 4776 nec,
2318 4720 2377 4765 ut
2410 4710 2799 4765 continentiam
2832 4709 3207 4778 proﬁteantur,
3240 4708 3355 4761 exi-

1804 4806 1901 4873 git.
1933 4804 2073 4857 Dare
2095 4812 2271 4856 autem
2294 4803 2574 4871 pecuniam
2594 4811 2834 4855 mutuam
2859 4802 2922 4852 ad
2946 4814 3166 4852 usuram
3200 4800 3351 4850 multi

1798 4908 2035 4949 canones
2062 4891 2274 4946 clericis
2302 4892 2609 4961 prohibent.
2640 4891 2885 4946 Praesens
2907 4903 3120 4956 quoque
3154 4902 3351 4947 canon.

1799 4998 1903 5038 non
1936 4983 2108 5038 solum
2135 4997 2231 5037 eos
2261 4983 2349 5049 qui
2402 4989 2530 5035 sunt
2568 4994 2598 5034 e
2634 4979 2907 5043 tribunali,
2934 4979 3026 5032 sed
3063 4989 3113 5031 et
3165 4990 3355 5030 omnes

1799 5074 2024 5127 clericos
2058 5071 2294 5126 fenerari
2325 5070 2595 5141 prohibet.
2626 5069 2759 5135 Quia
2794 5078 2994 5129 autem,
3023 5082 3145 5121 cum
3176 5080 3352 5119 usura:

1798 5163 2062 5216 dabantur
2091 5163 2161 5215 ob
2196 5161 2448 5230 pecunias
2478 5168 2664 5213 mutuo
2691 5159 2863 5223 datas,
2897 5155 3188 5211 verisimile
3234 5163 3353 5207 erat

1801 5253 1980 5306 dicere
2016 5253 2224 5322 aliquos
2255 5254 2357 5306 hoc
2389 5251 2600 5321 quidem
2659 5265 2779 5303 esse
2812 5246 3171 5315 prohibitum;
3215 5244 3346 5296 dare

1804 5350 1981 5395 autem
2014 5340 2345 5396 frumentum
2388 5342 2471 5395 vel
2522 5341 2753 5409 aliquam
2788 5338 2947 5391 aliam
3000 5337 3259 5404 speciem,
3296 5344 3350 5390 ct

1813 5432 1931 5499 plus
1961 5431 2202 5500 accipere
2235 5446 2394 5499 quam
2425 5433 2606 5485 datum
2676 5431 2764 5494 sit,
2796 5443 2900 5481 non
2930 5443 3052 5481 esse
3105 5428 3347 5495 prohibi—

1807 5514 1915 5575 lum
1958 5538 1971 5575 :
2006 5520 2195 5577 Patres
2236 5523 2333 5577 hoc
2374 5536 2585 5592 quoque
2631 5533 2879 5588 expresse
2931 5518 3345 5586 prohibuerunt.
