  <div class='ocr_page' id='page_1' title='image "/cluster/home/n/w/nwhite01/storage/ocr_20150623/138/pst.000005714544/067.png"; bbox 0 0 4018 6306; ppageno 0'>
   <div class='ocr_carea' id='block_1_1' title="bbox 699 333 3874 436">
    <p class='ocr_par' dir='ltr' id='par_1_1' title="bbox 699 333 3874 436">
     <span class='ocr_line' id='line_1_1' title="bbox 699 333 3874 436; baseline 0.013 -39"><span class='ocrx_word' id='word_1_1' title='bbox 699 333 772 397; x_wconf 78' lang='grc'>87</span> <span class='ocrx_word' id='word_1_2' title='bbox 1935 355 2205 414; x_wconf 80' lang='lat' dir='ltr'><strong>THEOD.</strong></span> <span class='ocrx_word' id='word_1_3' title='bbox 2250 356 2339 414; x_wconf 82' lang='lat' dir='ltr'><strong>BA</strong></span> <span class='ocrx_word' id='word_1_4' title='bbox 2349 360 2643 428; x_wconf 79' lang='lat' dir='ltr'><strong>LSAMON</strong></span> <span class='ocrx_word' id='word_1_5' title='bbox 3796 373 3874 436; x_wconf 78' lang='lat'><strong>83</strong></span> 
     </span>
    </p>
   </div>
   <div class='ocr_carea' id='block_1_2' title="bbox 699 443 2208 557">
    <p class='ocr_par' dir='ltr' id='par_1_2' title="bbox 699 443 2204 529">
     <span class='ocr_line' id='line_1_2' title="bbox 699 443 2204 529; baseline 0.009 -33"><span class='ocrx_word' id='word_1_6' title='bbox 699 443 803 497; x_wconf 85' lang='lat' dir='ltr'><strong>Sed</strong></span> <span class='ocrx_word' id='word_1_7' title='bbox 836 457 886 498; x_wconf 90' lang='lat' dir='ltr'><strong>et</strong></span> <span class='ocrx_word' id='word_1_8' title='bbox 919 447 1070 514; x_wconf 86' lang='lat' dir='ltr'><strong>illud,</strong></span> <span class='ocrx_word' id='word_1_9' title='bbox 1127 461 1250 506; x_wconf 91' lang='lat' dir='ltr'><strong>ante</strong></span> <span class='ocrx_word' id='word_1_10' title='bbox 1307 458 1599 524; x_wconf 81' lang='lat' dir='ltr'><strong>completos</strong></span> <span class='ocrx_word' id='word_1_11' title='bbox 1660 462 1891 528; x_wconf 86' lang='lat' dir='ltr'><strong>quinque</strong></span> <span class='ocrx_word' id='word_1_12' title='bbox 1937 470 1989 514; x_wconf 92' lang='lat' dir='ltr'><strong>et</strong></span> <span class='ocrx_word' id='word_1_13' title='bbox 2040 462 2204 529; x_wconf 76' lang='lat' dir='ltr'><strong>\igittt</strong></span> 
     </span>
    </p>
   </div>
   <div class='ocr_carea' id='block_1_3' title="bbox 2312 443 3877 557">
    <p class='ocr_par' dir='ltr' id='par_1_3' title="bbox 2330 470 3877 557">
     <span class='ocr_line' id='line_1_3' title="bbox 2330 470 3877 557; baseline 0.013 -37"><span class='ocrx_word' id='word_1_14' title='bbox 2330 470 2592 534; x_wconf 81' lang='grc' dir='ltr'>δοθέντος,</span> <span class='ocrx_word' id='word_1_15' title='bbox 2622 475 2694 543; x_wconf 83' lang='grc' dir='ltr'>μὴ</span> <span class='ocrx_word' id='word_1_16' title='bbox 2729 477 3187 550; x_wconf 84' lang='grc' dir='ltr'>άπαγορευθῆναι,</span> <span class='ocrx_word' id='word_1_17' title='bbox 3233 483 3512 539; x_wconf 73' lang='grc' dir='ltr'>ἐκώλυσαν</span> <span class='ocrx_word' id='word_1_18' title='bbox 3537 489 3583 540; x_wconf 79' lang='grc' dir='ltr'><strong>οῖ</strong></span> <span class='ocrx_word' id='word_1_19' title='bbox 3628 486 3877 557; x_wconf 78' lang='grc' dir='ltr'>Πατέρες</span> 
     </span>
    </p>
   </div>
   <div class='ocr_carea' id='block_1_4' title="bbox 696 541 2232 611">
    <p class='ocr_par' dir='ltr' id='par_1_4' title="bbox 696 541 2232 611">
     <span class='ocr_line' id='line_1_4' title="bbox 696 541 2232 611; baseline 0.014 -29"><span class='ocrx_word' id='word_1_20' title='bbox 696 546 865 587; x_wconf 90' lang='lat' dir='ltr'><strong>annos</strong></span> <span class='ocrx_word' id='word_1_21' title='bbox 895 550 1000 589; x_wconf 90' lang='lat' dir='ltr'><strong>non</strong></span> <span class='ocrx_word' id='word_1_22' title='bbox 1035 541 1269 593; x_wconf 84' lang='lat' dir='ltr'><strong>ordinari</strong></span> <span class='ocrx_word' id='word_1_23' title='bbox 1298 543 1604 611; x_wconf 85' lang='lat' dir='ltr'><strong>diaconum,</strong></span> <span class='ocrx_word' id='word_1_24' title='bbox 1654 550 1702 600; x_wconf 91' lang='lat' dir='ltr'><strong>in</strong></span> <span class='ocrx_word' id='word_1_25' title='bbox 1757 551 1979 603; x_wconf 85' lang='lat' dir='ltr'><strong>diversis</strong></span> <span class='ocrx_word' id='word_1_26' title='bbox 2012 550 2232 603; x_wconf 82' lang='lat' dir='ltr'><strong>canoni-</strong></span> 
     </span>
    </p>
   </div>
   <div class='ocr_carea' id='block_1_5' title="bbox 693 622 2228 702">
    <p class='ocr_par' dir='ltr' id='par_1_5' title="bbox 693 622 2228 702">
     <span class='ocr_line' id='line_1_5' title="bbox 693 622 2228 702; baseline 0.012 -27"><span class='ocrx_word' id='word_1_27' title='bbox 693 622 792 675; x_wconf 88' lang='lat' dir='ltr'><strong>bus</strong></span> <span class='ocrx_word' id='word_1_28' title='bbox 816 625 1086 680; x_wconf 85' lang='lat' dir='ltr'><strong>decretum</strong></span> <span class='ocrx_word' id='word_1_29' title='bbox 1121 640 1220 683; x_wconf 87' lang='lat' dir='ltr'><strong>est.</strong></span> <span class='ocrx_word' id='word_1_30' title='bbox 1251 632 1578 689; x_wconf 87' lang='lat' dir='ltr'><strong>Prohibitum</strong></span> <span class='ocrx_word' id='word_1_31' title='bbox 1606 650 1689 691; x_wconf 81' lang='lat' dir='ltr'><strong>est</strong></span> <span class='ocrx_word' id='word_1_32' title='bbox 1716 647 1892 693; x_wconf 89' lang='lat' dir='ltr'><strong>autem</strong></span> <span class='ocrx_word' id='word_1_33' title='bbox 1919 641 2228 702; x_wconf 76' lang='lat' dir='ltr'><strong>lectoribus,</strong></span> 
     </span>
    </p>
   </div>
   <div class='ocr_carea' id='block_1_6' title="bbox 691 720 2227 794">
    <p class='ocr_par' dir='ltr' id='par_1_6' title="bbox 691 720 2227 794">
     <span class='ocr_line' id='line_1_6' title="bbox 691 720 2227 794; baseline 0.01 -30"><span class='ocrx_word' id='word_1_34' title='bbox 691 728 758 766; x_wconf 90' lang='lat' dir='ltr'><strong>ne</strong></span> <span class='ocrx_word' id='word_1_35' title='bbox 789 720 1000 782; x_wconf 68' lang='lat' dir='ltr'><strong>expleto</strong></span> <span class='ocrx_word' id='word_1_36' title='bbox 1055 721 1352 776; x_wconf 89' lang='lat' dir='ltr'><strong>ministerio</strong></span> <span class='ocrx_word' id='word_1_37' title='bbox 1397 730 1462 778; x_wconf 88' lang='lat' dir='ltr'><strong>ad</strong></span> <span class='ocrx_word' id='word_1_38' title='bbox 1503 729 1752 794; x_wconf 86' lang='lat' dir='ltr'><strong>populum</strong></span> <span class='ocrx_word' id='word_1_39' title='bbox 1813 731 2057 783; x_wconf 84' lang='lat' dir='ltr'><strong>conversi</strong></span> <span class='ocrx_word' id='word_1_40' title='bbox 2108 745 2227 783; x_wconf 88' lang='lat' dir='ltr'><strong>cum</strong></span> 
     </span>
    </p>
   </div>
   <div class='ocr_carea' id='block_1_7' title="bbox 689 802 2230 876">
    <p class='ocr_par' dir='ltr' id='par_1_7' title="bbox 689 802 2230 876">
     <span class='ocr_line' id='line_1_7' title="bbox 689 802 2230 876; baseline 0.01 -25"><span class='ocrx_word' id='word_1_41' title='bbox 689 802 919 855; x_wconf 76' lang='lat' dir='ltr'><strong>salutent</strong></span> <span class='ocrx_word' id='word_1_42' title='bbox 958 822 970 856; x_wconf 88' lang='lat'><strong>:</strong></span> <span class='ocrx_word' id='word_1_43' title='bbox 1004 817 1058 858; x_wconf 85' lang='grc' dir='ltr'>ιιι</span> <span class='ocrx_word' id='word_1_44' title='bbox 1090 810 1179 876; x_wconf 87' lang='lat' dir='ltr'><strong>qui</strong></span> <span class='ocrx_word' id='word_1_45' title='bbox 1237 811 1380 865; x_wconf 89' lang='lat' dir='ltr'><strong>solos</strong></span> <span class='ocrx_word' id='word_1_46' title='bbox 1420 824 1549 866; x_wconf 89' lang='lat' dir='ltr'><strong>tunc</strong></span> <span class='ocrx_word' id='word_1_47' title='bbox 1601 814 1794 868; x_wconf 91' lang='lat' dir='ltr'><strong>debent</strong></span> <span class='ocrx_word' id='word_1_48' title='bbox 1826 817 2128 869; x_wconf 76' lang='lat' dir='ltr'><strong>sacerdotes</strong></span> <span class='ocrx_word' id='word_1_49' title='bbox 2177 823 2230 867; x_wconf 88' lang='lat' dir='ltr'><strong>et</strong></span> 
     </span>
    </p>
   </div>
   <div class='ocr_carea' id='block_1_8' title="bbox 686 891 2227 969">
    <p class='ocr_par' dir='ltr' id='par_1_8' title="bbox 686 891 2227 969">
     <span class='ocr_line' id='line_1_8' title="bbox 686 891 2227 969; baseline 0.007 -27"><span class='ocrx_word' id='word_1_50' title='bbox 686 891 956 947; x_wconf 72' lang='lat' dir='ltr'><strong>antistites</strong></span> <span class='ocrx_word' id='word_1_51' title='bbox 990 895 1236 959; x_wconf 91' lang='lat' dir='ltr'><strong>adorare,</strong></span> <span class='ocrx_word' id='word_1_52' title='bbox 1287 908 1340 952; x_wconf 88' lang='lat' dir='ltr'><strong>et</strong></span> <span class='ocrx_word' id='word_1_53' title='bbox 1389 914 1495 952; x_wconf 87' lang='lat' dir='ltr'><strong>non</strong></span> <span class='ocrx_word' id='word_1_54' title='bbox 1528 902 1690 954; x_wconf 88' lang='lat' dir='ltr'><strong>laicos</strong></span> <span class='ocrx_word' id='word_1_55' title='bbox 1744 905 1832 969; x_wconf 87' lang='lat' dir='ltr'><strong>qui</strong></span> <span class='ocrx_word' id='word_1_56' title='bbox 1893 901 1944 954; x_wconf 92' lang='lat' dir='ltr'><strong>in</strong></span> <span class='ocrx_word' id='word_1_57' title='bbox 2001 900 2227 954; x_wconf 85' lang='lat' dir='ltr'><strong>ecclesia</strong></span> 
     </span>
    </p>
   </div>
   <div class='ocr_carea' id='block_1_9' title="bbox 682 990 2226 1061">
    <p class='ocr_par' dir='ltr' id='par_1_9' title="bbox 682 990 2226 1061">
     <span class='ocr_line' id='line_1_9' title="bbox 682 990 2226 1061; baseline 0.008 -27"><span class='ocrx_word' id='word_1_58' title='bbox 682 995 1096 1052; x_wconf 77' lang='lat' dir='ltr'><strong>congregantur.</strong></span> <span class='ocrx_word' id='word_1_59' title='bbox 1131 990 1234 1056; x_wconf 85' lang='lat' dir='ltr'><strong>lpsi</strong></span> <span class='ocrx_word' id='word_1_60' title='bbox 1265 992 1406 1044; x_wconf 90' lang='lat' dir='ltr'><strong>enim</strong></span> <span class='ocrx_word' id='word_1_61' title='bbox 1433 1003 1558 1047; x_wconf 84' lang='lat' dir='ltr'><strong>sunt</strong></span> <span class='ocrx_word' id='word_1_62' title='bbox 1589 997 1781 1046; x_wconf 85' lang='lat' dir='ltr'><strong>sacrati</strong></span> <span class='ocrx_word' id='word_1_63' title='bbox 1814 1012 1827 1047; x_wconf 89' lang='lat'><strong>:</strong></span> <span class='ocrx_word' id='word_1_64' title='bbox 1854 994 2077 1061; x_wconf 91' lang='lat' dir='ltr'><strong>populus</strong></span> <span class='ocrx_word' id='word_1_65' title='bbox 2098 1007 2226 1046; x_wconf 89' lang='lat' dir='ltr'><strong>vero</strong></span> 
     </span>
    </p>
   </div>
   <div class='ocr_carea' id='block_1_10' title="bbox 681 1076 2226 1149">
    <p class='ocr_par' dir='ltr' id='par_1_10' title="bbox 681 1076 2226 1149">
     <span class='ocr_line' id='line_1_10' title="bbox 681 1076 2226 1149; baseline 0.009 -25"><span class='ocrx_word' id='word_1_66' title='bbox 681 1076 872 1141; x_wconf 86' lang='lat' dir='ltr'><strong>procul</strong></span> <span class='ocrx_word' id='word_1_67' title='bbox 919 1087 1000 1132; x_wconf 88' lang='lat' dir='ltr'><strong>est</strong></span> <span class='ocrx_word' id='word_1_68' title='bbox 1029 1094 1055 1129; x_wconf 89' lang='lat' dir='ltr'><strong>a</strong></span> <span class='ocrx_word' id='word_1_69' title='bbox 1096 1082 1397 1136; x_wconf 89' lang='lat' dir='ltr'><strong>sacerdotio</strong></span> <span class='ocrx_word' id='word_1_70' title='bbox 1445 1091 1498 1136; x_wconf 91' lang='lat' dir='ltr'><strong>et</strong></span> <span class='ocrx_word' id='word_1_71' title='bbox 1535 1086 1959 1139; x_wconf 85' lang='lat' dir='ltr'><strong>consecratione.</strong></span> <span class='ocrx_word' id='word_1_72' title='bbox 1995 1085 2074 1137; x_wconf 83' lang='lat' dir='ltr'><strong>Ac</strong></span> <span class='ocrx_word' id='word_1_73' title='bbox 2113 1085 2226 1149; x_wconf 88' lang='lat' dir='ltr'><strong>ipse</strong></span> 
     </span>
    </p>
   </div>
   <div class='ocr_carea' id='block_1_11' title="bbox 681 1167 2223 1242">
    <p class='ocr_par' dir='ltr' id='par_1_11' title="bbox 681 1167 2223 1242">
     <span class='ocr_line' id='line_1_11' title="bbox 681 1167 2223 1242; baseline 0.005 -24"><span class='ocrx_word' id='word_1_74' title='bbox 681 1167 857 1230; x_wconf 82' lang='lat' dir='ltr'><strong>potius</strong></span> <span class='ocrx_word' id='word_1_75' title='bbox 890 1168 1114 1223; x_wconf 87' lang='lat' dir='ltr'><strong>lectores</strong></span> <span class='ocrx_word' id='word_1_76' title='bbox 1143 1172 1368 1226; x_wconf 88' lang='lat' dir='ltr'><strong>adorare</strong></span> <span class='ocrx_word' id='word_1_77' title='bbox 1394 1173 1609 1228; x_wconf 87' lang='lat' dir='ltr'><strong>deberet</strong></span> <span class='ocrx_word' id='word_1_78' title='bbox 1633 1184 1847 1242; x_wconf 88' lang='lat' dir='ltr'><strong>propter</strong></span> <span class='ocrx_word' id='word_1_79' title='bbox 1867 1175 2223 1228; x_wconf 79' lang='lat' dir='ltr'><strong>ministerium</strong></span> 
     </span>
    </p>
   </div>
   <div class='ocr_carea' id='block_1_12' title="bbox 680 1257 2219 1330">
    <p class='ocr_par' dir='ltr' id='par_1_12' title="bbox 680 1257 2219 1330">
     <span class='ocr_line' id='line_1_12' title="bbox 680 1257 2219 1330; baseline 0.006 -24"><span class='ocrx_word' id='word_1_80' title='bbox 680 1270 887 1308; x_wconf 89' lang='lat' dir='ltr'><strong>eorum.</strong></span> <span class='ocrx_word' id='word_1_81' title='bbox 924 1257 1062 1326; x_wconf 82' lang='lat' dir='ltr'><strong>Lege</strong></span> <span class='ocrx_word' id='word_1_82' title='bbox 1087 1271 1393 1314; x_wconf 86' lang='lat' dir='ltr'><strong>sanctorum</strong></span> <span class='ocrx_word' id='word_1_83' title='bbox 1428 1264 1788 1330; x_wconf 85' lang='lat' dir='ltr'><strong>apostolorum</strong></span> <span class='ocrx_word' id='word_1_84' title='bbox 1847 1279 2083 1318; x_wconf 82' lang='lat' dir='ltr'><strong>canones</strong></span> <span class='ocrx_word' id='word_1_85' title='bbox 2132 1264 2219 1324; x_wconf 82' lang='grc' dir='ltr'><strong>Π.</strong></span> 
     </span>
    </p>
   </div>
   <div class='ocr_carea' id='block_1_13' title="bbox 679 1345 2222 1422">
    <p class='ocr_par' dir='ltr' id='par_1_13' title="bbox 679 1345 2222 1422">
     <span class='ocr_line' id='line_1_13' title="bbox 679 1345 2222 1422; baseline 0.007 -27"><span class='ocrx_word' id='word_1_86' title='bbox 679 1345 766 1406; x_wconf 82' lang='grc'><strong>18,</strong></span> <span class='ocrx_word' id='word_1_87' title='bbox 797 1345 881 1408; x_wconf 82' lang='lat' dir='ltr'><strong>l9,</strong></span> <span class='ocrx_word' id='word_1_88' title='bbox 906 1347 993 1408; x_wconf 74' lang='grc'><strong>25.</strong></span> <span class='ocrx_word' id='word_1_89' title='bbox 1022 1350 1110 1412; x_wconf 71' lang='grc'><strong>26,</strong></span> <span class='ocrx_word' id='word_1_90' title='bbox 1143 1353 1331 1419; x_wconf 84' lang='lat' dir='ltr'><strong>synodi</strong></span> <span class='ocrx_word' id='word_1_91' title='bbox 1358 1353 1558 1422; x_wconf 83' lang='lat' dir='ltr'><strong>Ancyr.</strong></span> <span class='ocrx_word' id='word_1_92' title='bbox 1579 1369 1837 1407; x_wconf 88' lang='lat' dir='ltr'><strong>canonem</strong></span> <span class='ocrx_word' id='word_1_93' title='bbox 1873 1354 1958 1416; x_wconf 77' lang='grc'><strong>10,</strong></span> <span class='ocrx_word' id='word_1_94' title='bbox 1978 1363 2032 1406; x_wconf 91' lang='lat' dir='ltr'><strong>et</strong></span> <span class='ocrx_word' id='word_1_95' title='bbox 2063 1353 2222 1407; x_wconf 89' lang='lat' dir='ltr'><strong>Chal-</strong></span> 
     </span>
    </p>
   </div>
   <div class='ocr_carea' id='block_1_14' title="bbox 678 1435 2216 1509">
    <p class='ocr_par' dir='ltr' id='par_1_14' title="bbox 678 1435 2216 1509">
     <span class='ocr_line' id='line_1_14' title="bbox 678 1435 2216 1509; baseline 0.008 -24"><span class='ocrx_word' id='word_1_96' title='bbox 678 1435 998 1490; x_wconf 82' lang='lat' dir='ltr'><strong>cedonensis</strong></span> <span class='ocrx_word' id='word_1_97' title='bbox 1052 1453 1283 1497; x_wconf 83' lang='lat' dir='ltr'><strong>canones</strong></span> <span class='ocrx_word' id='word_1_98' title='bbox 1319 1442 1406 1504; x_wconf 68' lang='grc'><strong>14,</strong></span> <span class='ocrx_word' id='word_1_99' title='bbox 1442 1443 1528 1507; x_wconf 75' lang='grc'><strong>15,</strong></span> <span class='ocrx_word' id='word_1_100' title='bbox 1575 1453 1739 1497; x_wconf 68' lang='lat' dir='ltr'><strong>sextae</strong></span> <span class='ocrx_word' id='word_1_101' title='bbox 1782 1458 2039 1497; x_wconf 88' lang='lat' dir='ltr'><strong>canonem</strong></span> <span class='ocrx_word' id='word_1_102' title='bbox 2074 1446 2124 1508; x_wconf 78' lang='lat'><strong>3,</strong></span> <span class='ocrx_word' id='word_1_103' title='bbox 2161 1445 2216 1509; x_wconf 74' lang='grc' dir='ltr'><strong>ι,</strong></span> 
     </span>
    </p>
   </div>
   <div class='ocr_carea' id='block_1_15' title="bbox 674 1524 2217 1601">
    <p class='ocr_par' dir='ltr' id='par_1_15' title="bbox 674 1524 2217 1601">
     <span class='ocr_line' id='line_1_15' title="bbox 674 1524 2217 1601; baseline 0.01 -27"><span class='ocrx_word' id='word_1_104' title='bbox 674 1524 726 1584; x_wconf 89' lang='grc'>6,</span> <span class='ocrx_word' id='word_1_105' title='bbox 762 1525 847 1586; x_wconf 78' lang='lat' dir='ltr'><strong>l2,</strong></span> <span class='ocrx_word' id='word_1_106' title='bbox 883 1526 968 1592; x_wconf 79' lang='grc'><strong>15,</strong></span> <span class='ocrx_word' id='word_1_107' title='bbox 996 1526 1084 1594; x_wconf 75' lang='grc'><strong>48,</strong></span> <span class='ocrx_word' id='word_1_108' title='bbox 1135 1529 1227 1596; x_wconf 82' lang='lat'><strong>58,</strong></span> <span class='ocrx_word' id='word_1_109' title='bbox 1278 1539 1333 1585; x_wconf 91' lang='lat' dir='ltr'><strong>et</strong></span> <span class='ocrx_word' id='word_1_110' title='bbox 1380 1532 1547 1587; x_wconf 88' lang='lat' dir='ltr'><strong>sancti</strong></span> <span class='ocrx_word' id='word_1_111' title='bbox 1581 1532 1763 1588; x_wconf 86' lang='lat' dir='ltr'><strong>Basilii</strong></span> <span class='ocrx_word' id='word_1_112' title='bbox 1814 1548 2048 1590; x_wconf 87' lang='lat' dir='ltr'><strong>canones</strong></span> <span class='ocrx_word' id='word_1_113' title='bbox 2074 1535 2127 1600; x_wconf 75' lang='grc' dir='ltr'>ὅ,</span> <span class='ocrx_word' id='word_1_114' title='bbox 2163 1535 2217 1601; x_wconf 91' lang='lat'><strong>6,</strong></span> 
     </span>
    </p>
   </div>
   <div class='ocr_carea' id='block_1_16' title="bbox 672 1613 887 1678">
    <p class='ocr_par' dir='ltr' id='par_1_16' title="bbox 672 1613 887 1678">
     <span class='ocr_line' id='line_1_16' title="bbox 672 1613 887 1678; baseline 0 -6"><span class='ocrx_word' id='word_1_115' title='bbox 672 1613 762 1678; x_wconf 66' lang='lat'><strong>49,</strong></span> <span class='ocrx_word' id='word_1_116' title='bbox 803 1617 887 1672; x_wconf 77' lang='lat'><strong>70.</strong></span> 
     </span>
    </p>
   </div>
   <div class='ocr_carea' id='block_1_17' title="bbox 739 1908 2216 1987">
    <p class='ocr_par' dir='ltr' id='par_1_17' title="bbox 739 1908 2216 1987">
     <span class='ocr_line' id='line_1_17' title="bbox 739 1908 2216 1987; baseline 0.005 -25"><span class='ocrx_word' id='word_1_117' title='bbox 739 1908 806 1962; x_wconf 87' lang='lat' dir='ltr'><strong>Et</strong></span> <span class='ocrx_word' id='word_1_118' title='bbox 829 1910 1062 1965; x_wconf 86' lang='lat' dir='ltr'><strong>edictum</strong></span> <span class='ocrx_word' id='word_1_119' title='bbox 1089 1913 1300 1981; x_wconf 86' lang='lat' dir='ltr'><strong>quidem</strong></span> <span class='ocrx_word' id='word_1_120' title='bbox 1327 1918 1648 1974; x_wconf 86' lang='lat' dir='ltr'><strong>sanctissimi</strong></span> <span class='ocrx_word' id='word_1_121' title='bbox 1674 1919 1993 1987; x_wconf 66' lang='lat' dir='ltr'><strong>patriarcha:</strong></span> <span class='ocrx_word' id='word_1_122' title='bbox 2013 1918 2216 1972; x_wconf 88' lang='lat' dir='ltr'><strong>domini</strong></span> 
     </span>
    </p>
   </div>
   <div class='ocr_carea' id='block_1_18' title="bbox 666 1995 2218 2072">
    <p class='ocr_par' dir='ltr' id='par_1_18' title="bbox 666 1995 2218 2072">
     <span class='ocr_line' id='line_1_18' title="bbox 666 1995 2218 2072; baseline 0.008 -21"><span class='ocrx_word' id='word_1_123' title='bbox 666 1995 823 2054; x_wconf 68' lang='lat' dir='ltr'><strong>Lucae</strong></span> <span class='ocrx_word' id='word_1_124' title='bbox 852 2001 929 2056; x_wconf 88' lang='lat' dir='ltr'><strong>sic</strong></span> <span class='ocrx_word' id='word_1_125' title='bbox 980 2015 1038 2057; x_wconf 87' lang='lat' dir='ltr'><strong>se</strong></span> <span class='ocrx_word' id='word_1_126' title='bbox 1085 2004 1242 2060; x_wconf 85' lang='lat' dir='ltr'><strong>habet</strong></span> <span class='ocrx_word' id='word_1_127' title='bbox 1279 2006 1498 2061; x_wconf 82' lang='lat' dir='ltr'><strong>:Mense</strong></span> <span class='ocrx_word' id='word_1_128' title='bbox 1558 2007 1833 2063; x_wconf 85' lang='lat' dir='ltr'><strong>Decembri</strong></span> <span class='ocrx_word' id='word_1_129' title='bbox 1873 2009 1958 2063; x_wconf 88' lang='lat' dir='ltr'><strong>die</strong></span> <span class='ocrx_word' id='word_1_130' title='bbox 2012 2008 2065 2072; x_wconf 85' lang='lat'><strong>8,</strong></span> <span class='ocrx_word' id='word_1_131' title='bbox 2136 2009 2218 2062; x_wconf 88' lang='lat' dir='ltr'><strong>itt-</strong></span> 
     </span>
    </p>
   </div>
   <div class='ocr_carea' id='block_1_19' title="bbox 669 2094 2215 2169">
    <p class='ocr_par' dir='ltr' id='par_1_19' title="bbox 669 2094 2215 2169">
     <span class='ocr_line' id='line_1_19' title="bbox 669 2094 2215 2169; baseline 0.003 -22"><span class='ocrx_word' id='word_1_132' title='bbox 669 2094 799 2148; x_wconf 81' lang='lat' dir='ltr'><strong>dict.</strong></span> <span class='ocrx_word' id='word_1_133' title='bbox 831 2094 884 2149; x_wconf 88' lang='lat'><strong>6.</strong></span> <span class='ocrx_word' id='word_1_134' title='bbox 923 2095 1016 2149; x_wconf 86' lang='lat' dir='ltr'><strong>Sin</strong></span> <span class='ocrx_word' id='word_1_135' title='bbox 1051 2109 1224 2152; x_wconf 91' lang='lat' dir='ltr'><strong>autem</strong></span> <span class='ocrx_word' id='word_1_136' title='bbox 1261 2101 1418 2153; x_wconf 86' lang='lat' dir='ltr'><strong>etiam</strong></span> <span class='ocrx_word' id='word_1_137' title='bbox 1442 2101 1529 2156; x_wconf 89' lang='lat' dir='ltr'><strong>ille</strong></span> <span class='ocrx_word' id='word_1_138' title='bbox 1557 2101 1722 2165; x_wconf 86' lang='lat' dir='ltr'><strong>Ozan,</strong></span> <span class='ocrx_word' id='word_1_139' title='bbox 1753 2103 1841 2169; x_wconf 90' lang='lat' dir='ltr'><strong>qui</strong></span> <span class='ocrx_word' id='word_1_140' title='bbox 1871 2102 2102 2156; x_wconf 84' lang='lat' dir='ltr'><strong>divinam</strong></span> <span class='ocrx_word' id='word_1_141' title='bbox 2129 2114 2215 2152; x_wconf 86' lang='lat' dir='ltr'><strong>ar-</strong></span> 
     </span>
    </p>
   </div>
   <div class='ocr_carea' id='block_1_20' title="bbox 665 2189 2213 2260">
    <p class='ocr_par' dir='ltr' id='par_1_20' title="bbox 665 2189 2213 2260">
     <span class='ocr_line' id='line_1_20' title="bbox 665 2189 2213 2260; baseline 0.004 -22"><span class='ocrx_word' id='word_1_142' title='bbox 665 2200 807 2245; x_wconf 88' lang='lat' dir='ltr'><strong>cam,</strong></span> <span class='ocrx_word' id='word_1_143' title='bbox 831 2201 952 2254; x_wconf 74' lang='lat' dir='ltr'><strong>qua:</strong></span> <span class='ocrx_word' id='word_1_144' title='bbox 978 2189 1346 2250; x_wconf 83' lang='lat' dir='ltr'><strong>evertebatur,</strong></span> <span class='ocrx_word' id='word_1_145' title='bbox 1379 2192 1574 2258; x_wconf 66' lang='lat' dir='ltr'><strong>attigit,</strong></span> <span class='ocrx_word' id='word_1_146' title='bbox 1612 2207 1716 2245; x_wconf 90' lang='lat' dir='ltr'><strong>non</strong></span> <span class='ocrx_word' id='word_1_147' title='bbox 1745 2207 1909 2260; x_wconf 85' lang='lat' dir='ltr'><strong>parvo</strong></span> <span class='ocrx_word' id='word_1_148' title='bbox 1953 2191 2213 2260; x_wconf 88' lang='lat' dir='ltr'><strong>supplicio</strong></span> 
     </span>
    </p>
   </div>
   <div class='ocr_carea' id='block_1_21' title="bbox 665 2275 2211 2350">
    <p class='ocr_par' dir='ltr' id='par_1_21' title="bbox 665 2275 2211 2350">
     <span class='ocr_line' id='line_1_21' title="bbox 665 2275 2211 2350; baseline 0.006 -23"><span class='ocrx_word' id='word_1_149' title='bbox 665 2275 890 2330; x_wconf 86' lang='lat' dir='ltr'><strong>aﬂ&#39;ectus</strong></span> <span class='ocrx_word' id='word_1_150' title='bbox 923 2285 1004 2332; x_wconf 87' lang='lat' dir='ltr'><strong>est</strong></span> <span class='ocrx_word' id='word_1_151' title='bbox 1022 2277 1187 2346; x_wconf 86' lang='lat' dir='ltr'><strong>(atqui</strong></span> <span class='ocrx_word' id='word_1_152' title='bbox 1213 2277 1326 2345; x_wconf 85' lang='lat' dir='ltr'><strong>ejus</strong></span> <span class='ocrx_word' id='word_1_153' title='bbox 1352 2290 1466 2334; x_wconf 90' lang='lat' dir='ltr'><strong>erat</strong></span> <span class='ocrx_word' id='word_1_154' title='bbox 1489 2281 1792 2335; x_wconf 90' lang='lat' dir='ltr'><strong>institutum</strong></span> <span class='ocrx_word' id='word_1_155' title='bbox 1817 2283 1958 2335; x_wconf 83' lang='lat' dir='ltr'><strong>illam</strong></span> <span class='ocrx_word' id='word_1_156' title='bbox 1984 2285 2211 2350; x_wconf 71' lang='lat' dir='ltr'><strong>erigere,</strong></span> 
     </span>
    </p>
   </div>
   <div class='ocr_carea' id='block_1_22' title="bbox 661 2365 2210 2436">
    <p class='ocr_par' dir='ltr' id='par_1_22' title="bbox 661 2365 2210 2436">
     <span class='ocr_line' id='line_1_22' title="bbox 661 2365 2210 2436; baseline 0.004 -20"><span class='ocrx_word' id='word_1_157' title='bbox 661 2378 770 2416; x_wconf 89' lang='lat' dir='ltr'><strong>non</strong></span> <span class='ocrx_word' id='word_1_158' title='bbox 795 2365 1051 2436; x_wconf 87' lang='lat' dir='ltr'><strong>diruere),</strong></span> <span class='ocrx_word' id='word_1_159' title='bbox 1079 2366 1202 2433; x_wconf 89' lang='lat' dir='ltr'><strong>quis</strong></span> <span class='ocrx_word' id='word_1_160' title='bbox 1230 2376 1310 2421; x_wconf 81' lang='lat' dir='ltr'><strong>est</strong></span> <span class='ocrx_word' id='word_1_161' title='bbox 1339 2368 1472 2422; x_wconf 88' lang='lat' dir='ltr'><strong>adeo</strong></span> <span class='ocrx_word' id='word_1_162' title='bbox 1499 2368 1695 2433; x_wconf 81' lang='lat' dir='ltr'><strong>audax,</strong></span> <span class='ocrx_word' id='word_1_163' title='bbox 1728 2380 1781 2423; x_wconf 89' lang='lat' dir='ltr'><strong>et</strong></span> <span class='ocrx_word' id='word_1_164' title='bbox 1828 2371 1893 2423; x_wconf 90' lang='lat' dir='ltr'><strong>ad</strong></span> <span class='ocrx_word' id='word_1_165' title='bbox 1919 2379 2210 2423; x_wconf 82' lang='lat' dir='ltr'><strong>extremam</strong></span> 
     </span>
    </p>
   </div>
   <div class='ocr_carea' id='block_1_23' title="bbox 661 2455 2210 2528">
    <p class='ocr_par' dir='ltr' id='par_1_23' title="bbox 661 2455 2210 2528">
     <span class='ocr_line' id='line_1_23' title="bbox 661 2455 2210 2528; baseline 0.004 -20"><span class='ocrx_word' id='word_1_166' title='bbox 661 2469 829 2523; x_wconf 86' lang='lat' dir='ltr'><strong>usque</strong></span> <span class='ocrx_word' id='word_1_167' title='bbox 884 2455 1268 2523; x_wconf 89' lang='lat' dir='ltr'><strong>impudentiam</strong></span> <span class='ocrx_word' id='word_1_168' title='bbox 1327 2459 1798 2528; x_wconf 80' lang='lat' dir='ltr'><strong>arrogantiamque</strong></span> <span class='ocrx_word' id='word_1_169' title='bbox 1845 2458 2038 2523; x_wconf 91' lang='lat' dir='ltr'><strong>elatus,</strong></span> <span class='ocrx_word' id='word_1_170' title='bbox 2072 2459 2210 2514; x_wconf 91' lang='lat' dir='ltr'><strong>malo</strong></span> 
     </span>
    </p>
   </div>
   <div class='ocr_carea' id='block_1_24' title="bbox 659 2549 2212 2620">
    <p class='ocr_par' dir='ltr' id='par_1_24' title="bbox 659 2549 2212 2620">
     <span class='ocr_line' id='line_1_24' title="bbox 659 2549 2212 2620; baseline 0.006 -22"><span class='ocrx_word' id='word_1_171' title='bbox 659 2549 879 2602; x_wconf 88' lang='lat' dir='ltr'><strong>omnino</strong></span> <span class='ocrx_word' id='word_1_172' title='bbox 926 2551 1117 2617; x_wconf 87' lang='lat' dir='ltr'><strong>spiritu</strong></span> <span class='ocrx_word' id='word_1_173' title='bbox 1160 2552 1372 2617; x_wconf 85' lang='lat' dir='ltr'><strong>ductus,</strong></span> <span class='ocrx_word' id='word_1_174' title='bbox 1429 2552 1518 2620; x_wconf 91' lang='lat' dir='ltr'><strong>qui</strong></span> <span class='ocrx_word' id='word_1_175' title='bbox 1557 2567 1663 2606; x_wconf 93' lang='lat' dir='ltr'><strong>non</strong></span> <span class='ocrx_word' id='word_1_176' title='bbox 1709 2554 1879 2606; x_wconf 88' lang='lat' dir='ltr'><strong>solum</strong></span> <span class='ocrx_word' id='word_1_177' title='bbox 1935 2554 2110 2606; x_wconf 86' lang='lat' dir='ltr'><strong>divina</strong></span> <span class='ocrx_word' id='word_1_178' title='bbox 2157 2561 2212 2607; x_wconf 90' lang='lat' dir='ltr'><strong>et</strong></span> 
     </span>
    </p>
   </div>
   <div class='ocr_carea' id='block_1_25' title="bbox 658 2637 2207 2712">
    <p class='ocr_par' dir='ltr' id='par_1_25' title="bbox 658 2637 2207 2712">
     <span class='ocr_line' id='line_1_25' title="bbox 658 2637 2207 2712; baseline 0.005 -23"><span class='ocrx_word' id='word_1_179' title='bbox 658 2637 954 2704; x_wconf 75' lang='lat' dir='ltr'><strong>spiritualia</strong></span> <span class='ocrx_word' id='word_1_180' title='bbox 979 2640 1231 2694; x_wconf 89' lang='lat' dir='ltr'><strong>mandata</strong></span> <span class='ocrx_word' id='word_1_181' title='bbox 1265 2641 1317 2694; x_wconf 92' lang='lat' dir='ltr'><strong>in</strong></span> <span class='ocrx_word' id='word_1_182' title='bbox 1351 2643 1617 2712; x_wconf 78' lang='lat' dir='ltr'><strong>integrum</strong></span> <span class='ocrx_word' id='word_1_183' title='bbox 1639 2659 1743 2697; x_wconf 88' lang='lat' dir='ltr'><strong>non</strong></span> <span class='ocrx_word' id='word_1_184' title='bbox 1772 2643 1904 2708; x_wconf 89' lang='lat' dir='ltr'><strong>vult,</strong></span> <span class='ocrx_word' id='word_1_185' title='bbox 1931 2645 2024 2699; x_wconf 83' lang='lat' dir='ltr'><strong>sed</strong></span> <span class='ocrx_word' id='word_1_186' title='bbox 2045 2645 2207 2698; x_wconf 90' lang='lat' dir='ltr'><strong>etiam</strong></span> 
     </span>
    </p>
   </div>
   <div class='ocr_carea' id='block_1_26' title="bbox 658 2728 2210 2800">
    <p class='ocr_par' dir='ltr' id='par_1_26' title="bbox 658 2728 2210 2800">
     <span class='ocr_line' id='line_1_26' title="bbox 658 2728 2210 2800; baseline 0.006 -20"><span class='ocrx_word' id='word_1_187' title='bbox 658 2728 710 2781; x_wconf 91' lang='lat' dir='ltr'><strong>in</strong></span> <span class='ocrx_word' id='word_1_188' title='bbox 741 2730 1073 2782; x_wconf 87' lang='lat' dir='ltr'><strong>contrarium</strong></span> <span class='ocrx_word' id='word_1_189' title='bbox 1124 2730 1473 2800; x_wconf 86' lang='lat' dir='ltr'><strong>detorquens,</strong></span> <span class='ocrx_word' id='word_1_190' title='bbox 1538 2748 1601 2787; x_wconf 91' lang='lat' dir='ltr'><strong>ea</strong></span> <span class='ocrx_word' id='word_1_191' title='bbox 1649 2734 1975 2787; x_wconf 81' lang='lat' dir='ltr'><strong>labefactare</strong></span> <span class='ocrx_word' id='word_1_192' title='bbox 2016 2749 2078 2788; x_wconf 90' lang='lat' dir='ltr'><strong>ac</strong></span> <span class='ocrx_word' id='word_1_193' title='bbox 2121 2734 2210 2789; x_wconf 92' lang='lat' dir='ltr'><strong>de-</strong></span> 
     </span>
    </p>
   </div>
   <div class='ocr_carea' id='block_1_27' title="bbox 655 2821 2205 2893">
    <p class='ocr_par' dir='ltr' id='par_1_27' title="bbox 655 2821 2205 2893">
     <span class='ocr_line' id='line_1_27' title="bbox 655 2821 2205 2893; baseline 0.003 -19"><span class='ocrx_word' id='word_1_194' title='bbox 655 2829 865 2874; x_wconf 75' lang='lat' dir='ltr'><strong>alrnere</strong></span> <span class='ocrx_word' id='word_1_195' title='bbox 901 2821 1242 2891; x_wconf 90' lang='lat' dir='ltr'><strong>impudenter</strong></span> <span class='ocrx_word' id='word_1_196' title='bbox 1271 2824 1507 2889; x_wconf 88' lang='lat' dir='ltr'><strong>molitur,</strong></span> <span class='ocrx_word' id='word_1_197' title='bbox 1561 2839 1733 2892; x_wconf 85' lang='lat' dir='ltr'><strong>eaque</strong></span> <span class='ocrx_word' id='word_1_198' title='bbox 1763 2825 2056 2878; x_wconf 86' lang='lat' dir='ltr'><strong>dissolvere</strong></span> <span class='ocrx_word' id='word_1_199' title='bbox 2087 2839 2205 2893; x_wconf 68' lang='lat' dir='ltr'><strong>quae</strong></span> 
     </span>
    </p>
   </div>
   <div class='ocr_carea' id='block_1_28' title="bbox 654 2908 2205 2980">
    <p class='ocr_par' dir='ltr' id='par_1_28' title="bbox 654 2908 2205 2980">
     <span class='ocr_line' id='line_1_28' title="bbox 654 2908 2205 2980; baseline 0.005 -19"><span class='ocrx_word' id='word_1_200' title='bbox 654 2908 808 2964; x_wconf 82' lang='lat' dir='ltr'><strong>ﬁrme</strong></span> <span class='ocrx_word' id='word_1_201' title='bbox 837 2926 898 2965; x_wconf 89' lang='lat' dir='ltr'><strong>ac</strong></span> <span class='ocrx_word' id='word_1_202' title='bbox 922 2911 1185 2965; x_wconf 87' lang='lat' dir='ltr'><strong>stabiliter</strong></span> <span class='ocrx_word' id='word_1_203' title='bbox 1221 2913 1396 2968; x_wconf 92' lang='lat' dir='ltr'><strong>locata</strong></span> <span class='ocrx_word' id='word_1_204' title='bbox 1453 2924 1598 2980; x_wconf 93' lang='lat' dir='ltr'><strong>sunt,</strong></span> <span class='ocrx_word' id='word_1_205' title='bbox 1638 2924 1692 2968; x_wconf 92' lang='lat' dir='ltr'><strong>et</strong></span> <span class='ocrx_word' id='word_1_206' title='bbox 1746 2931 1806 2969; x_wconf 90' lang='lat' dir='ltr'><strong>ea</strong></span> <span class='ocrx_word' id='word_1_207' title='bbox 1866 2929 2205 2970; x_wconf 88' lang='lat' dir='ltr'><strong>commovere</strong></span> 
     </span>
    </p>
   </div>
   <div class='ocr_carea' id='block_1_29' title="bbox 654 3002 2207 3073">
    <p class='ocr_par' dir='ltr' id='par_1_29' title="bbox 654 3002 2207 3073">
     <span class='ocr_line' id='line_1_29' title="bbox 654 3002 2207 3073; baseline 0.005 -23"><span class='ocrx_word' id='word_1_208' title='bbox 654 3015 774 3064; x_wconf 63' lang='lat' dir='ltr'><strong>qua;</strong></span> <span class='ocrx_word' id='word_1_209' title='bbox 799 3002 1152 3068; x_wconf 88' lang='lat' dir='ltr'><strong>conquassari</strong></span> <span class='ocrx_word' id='word_1_210' title='bbox 1186 3016 1290 3054; x_wconf 93' lang='lat' dir='ltr'><strong>non</strong></span> <span class='ocrx_word' id='word_1_211' title='bbox 1338 3013 1582 3070; x_wconf 88' lang='lat' dir='ltr'><strong>possunt,</strong></span> <span class='ocrx_word' id='word_1_212' title='bbox 1618 3014 1678 3057; x_wconf 90' lang='lat' dir='ltr'><strong>ut</strong></span> <span class='ocrx_word' id='word_1_213' title='bbox 1715 3019 1836 3073; x_wconf 66' lang='lat' dir='ltr'><strong>quae</strong></span> <span class='ocrx_word' id='word_1_214' title='bbox 1881 3005 1991 3058; x_wconf 91' lang='lat' dir='ltr'><strong>sint</strong></span> <span class='ocrx_word' id='word_1_215' title='bbox 2040 3003 2207 3058; x_wconf 69' lang='lat' dir='ltr'><strong>tedii]-</strong></span> 
     </span>
    </p>
   </div>
   <div class='ocr_carea' id='block_1_30' title="bbox 2333 557 3876 645">
    <p class='ocr_par' dir='ltr' id='par_1_30' title="bbox 2333 557 3876 645">
     <span class='ocr_line' id='line_1_30' title="bbox 2333 557 3876 645; baseline 0.02 -42"><span class='ocrx_word' id='word_1_216' title='bbox 2333 557 2508 645; x_wconf 77' lang='grc' dir='ltr'>ῥητῶς</span> <span class='ocrx_word' id='word_1_217' title='bbox 2538 561 2628 612; x_wconf 72' lang='grc' dir='ltr'>καὶ</span> <span class='ocrx_word' id='word_1_218' title='bbox 2662 564 2836 617; x_wconf 85' lang='grc' dir='ltr'>τοῦτο.</span> <span class='ocrx_word' id='word_1_219' title='bbox 2878 567 3034 622; x_wconf 79' lang='grc' dir='ltr'>Ἀλλά</span> <span class='ocrx_word' id='word_1_220' title='bbox 3063 575 3153 623; x_wconf 61' lang='grc' dir='ltr'><strong>καῖ⁵</strong></span> <span class='ocrx_word' id='word_1_221' title='bbox 3179 573 3240 625; x_wconf 81' lang='grc' dir='ltr'><strong>τδ</strong></span> <span class='ocrx_word' id='word_1_222' title='bbox 3270 574 3378 644; x_wconf 78' lang='grc' dir='ltr'><strong>πρὸ</strong></span> <span class='ocrx_word' id='word_1_223' title='bbox 3428 575 3876 645; x_wconf 79' lang='grc' dir='ltr'>συμπληρώσεως</span> 
     </span>
    </p>
   </div>
   <div class='ocr_carea' id='block_1_31' title="bbox 2331 643 3874 734">
    <p class='ocr_par' dir='ltr' id='par_1_31' title="bbox 2331 643 3874 734">
     <span class='ocr_line' id='line_1_31' title="bbox 2331 643 3874 734; baseline 0.021 -39"><span class='ocrx_word' id='word_1_224' title='bbox 2331 643 2408 696; x_wconf 86' lang='grc' dir='ltr'>κε’</span> <span class='ocrx_word' id='word_1_225' title='bbox 2433 648 2689 734; x_wconf 65' lang='grc' dir='ltr'>ἐνιαυτῶν</span> <span class='ocrx_word' id='word_1_226' title='bbox 2712 654 2785 724; x_wconf 76' lang='grc' dir='ltr'>μὴ</span> <span class='ocrx_word' id='word_1_227' title='bbox 2810 663 3228 726; x_wconf 82' lang='grc' dir='ltr'><strong>χειροτονεῖσθαι</strong></span> <span class='ocrx_word' id='word_1_228' title='bbox 3255 643 3580 718; x_wconf 23' lang='grc' dir='ltr'>διάκονοννὲν</span> <span class='ocrx_word' id='word_1_229' title='bbox 3594 643 3874 734; x_wconf 81' lang='grc' dir='ltr'>διαφόροις</span> 
     </span>
    </p>
   </div>
   <div class='ocr_carea' id='block_1_32' title="bbox 2330 733 3872 819">
    <p class='ocr_par' dir='ltr' id='par_1_32' title="bbox 2330 733 3872 819">
     <span class='ocr_line' id='line_1_32' title="bbox 2330 733 3872 819; baseline 0.023 -40"><span class='ocrx_word' id='word_1_230' title='bbox 2330 733 2547 786; x_wconf 84' lang='grc' dir='ltr'>κανόσιν</span> <span class='ocrx_word' id='word_1_231' title='bbox 2566 735 2814 804; x_wconf 86' lang='grc' dir='ltr'>ὥρισται.</span> <span class='ocrx_word' id='word_1_232' title='bbox 2833 746 3228 814; x_wconf 79' lang='grc' dir='ltr'>’Δπηγόρευται</span> <span class='ocrx_word' id='word_1_233' title='bbox 3253 751 3309 802; x_wconf 76' lang='grc' dir='ltr'>δὲ</span> <span class='ocrx_word' id='word_1_234' title='bbox 3333 756 3443 813; x_wconf 86' lang='grc' dir='ltr'>τοῖς</span> <span class='ocrx_word' id='word_1_235' title='bbox 3468 733 3872 819; x_wconf 74' lang='grc' dir='ltr'>ἀναγνώσταις,</span> 
     </span>
    </p>
   </div>
   <div class='ocr_carea' id='block_1_33' title="bbox 2328 819 3876 908">
    <p class='ocr_par' dir='ltr' id='par_1_33' title="bbox 2328 819 3876 908">
     <span class='ocr_line' id='line_1_33' title="bbox 2328 819 3876 908; baseline 0.014 -39"><span class='ocrx_word' id='word_1_236' title='bbox 2328 819 2384 871; x_wconf 83' lang='grc' dir='ltr'>ὲν</span> <span class='ocrx_word' id='word_1_237' title='bbox 2413 822 2490 889; x_wconf 83' lang='grc' dir='ltr'>τῷ</span> <span class='ocrx_word' id='word_1_238' title='bbox 2520 823 2754 894; x_wconf 83' lang='grc' dir='ltr'>πληροῦν</span> <span class='ocrx_word' id='word_1_239' title='bbox 2778 832 2874 899; x_wconf 76' lang='grc' dir='ltr'>τὴν</span> <span class='ocrx_word' id='word_1_240' title='bbox 2895 834 3167 887; x_wconf 80' lang='grc' dir='ltr'>διακονίαν</span> <span class='ocrx_word' id='word_1_241' title='bbox 3195 838 3372 890; x_wconf 82' lang='grc' dir='ltr'>αὐτῶν</span> <span class='ocrx_word' id='word_1_242' title='bbox 3390 840 3713 908; x_wconf 83' lang='grc' dir='ltr'>στρέφεσθαι</span> <span class='ocrx_word' id='word_1_243' title='bbox 3732 839 3876 907; x_wconf 80' lang='grc' dir='ltr'>πρὸς</span> 
     </span>
    </p>
   </div>
   <div class='ocr_carea' id='block_1_34' title="bbox 2326 909 3875 998">
    <p class='ocr_par' dir='ltr' id='par_1_34' title="bbox 2326 909 3875 998">
     <span class='ocr_line' id='line_1_34' title="bbox 2326 909 3875 998; baseline 0.017 -40"><span class='ocrx_word' id='word_1_244' title='bbox 2326 909 2414 960; x_wconf 78' lang='grc' dir='ltr'><strong>τὸν</strong></span> <span class='ocrx_word' id='word_1_245' title='bbox 2435 911 2603 979; x_wconf 87' lang='grc' dir='ltr'>δῆμον</span> <span class='ocrx_word' id='word_1_246' title='bbox 2633 917 2726 966; x_wconf 66' lang='grc' dir='ltr'><strong>καὶ</strong></span> <span class='ocrx_word' id='word_1_247' title='bbox 2759 927 3102 988; x_wconf 80' lang='grc' dir='ltr'>προσκυνεῖν,</span> <span class='ocrx_word' id='word_1_248' title='bbox 3135 927 3209 986; x_wconf 85' lang='grc' dir='ltr'>ὼς</span> <span class='ocrx_word' id='word_1_249' title='bbox 3236 928 3506 994; x_wconf 76' lang='grc' dir='ltr'>ὀφείλουσι</span> <span class='ocrx_word' id='word_1_250' title='bbox 3534 933 3654 981; x_wconf 86' lang='grc' dir='ltr'>τότε</span> <span class='ocrx_word' id='word_1_251' title='bbox 3695 945 3875 998; x_wconf 82' lang='grc' dir='ltr'>προσ·</span> 
     </span>
    </p>
   </div>
   <div class='ocr_carea' id='block_1_35' title="bbox 2326 1000 3875 1086">
    <p class='ocr_par' dir='ltr' id='par_1_35' title="bbox 2326 1000 3875 1086">
     <span class='ocr_line' id='line_1_35' title="bbox 2326 1000 3875 1086; baseline 0.023 -40"><span class='ocrx_word' id='word_1_252' title='bbox 2326 1000 2507 1050; x_wconf 85' lang='grc' dir='ltr'>κυνεῖν</span> <span class='ocrx_word' id='word_1_253' title='bbox 2540 1001 2733 1066; x_wconf 80' lang='grc' dir='ltr'>μόνους</span> <span class='ocrx_word' id='word_1_254' title='bbox 2780 1010 2903 1069; x_wconf 67' lang='grc' dir='ltr'>τοὺς</span> <span class='ocrx_word' id='word_1_255' title='bbox 2938 1013 3102 1081; x_wconf 81' lang='grc' dir='ltr'>ἱερεῖς</span> <span class='ocrx_word' id='word_1_256' title='bbox 3137 1015 3228 1068; x_wconf 75' lang='grc' dir='ltr'>καὶ</span> <span class='ocrx_word' id='word_1_257' title='bbox 3257 1016 3379 1079; x_wconf 79' lang='grc' dir='ltr'>τοὺς</span> <span class='ocrx_word' id='word_1_258' title='bbox 3427 1017 3724 1086; x_wconf 69' lang='grc' dir='ltr'>ἀρχιερεῖς.</span> <span class='ocrx_word' id='word_1_259' title='bbox 3751 1015 3875 1068; x_wconf 46' lang='grc' dir='ltr'><strong>Γκαὶ</strong></span> 
     </span>
    </p>
   </div>
   <div class='ocr_carea' id='block_1_36' title="bbox 2324 1086 3877 1177">
    <p class='ocr_par' dir='ltr' id='par_1_36' title="bbox 2324 1086 3877 1177">
     <span class='ocr_line' id='line_1_36' title="bbox 2324 1086 3877 1177; baseline 0.004 -28"><span class='ocrx_word' id='word_1_260' title='bbox 2324 1086 2444 1155; x_wconf 77' lang='grc' dir='ltr'><strong>οὐχὶ</strong></span> <span class='ocrx_word' id='word_1_261' title='bbox 2469 1089 2590 1149; x_wconf 85' lang='grc' dir='ltr'>τοὺς</span> <span class='ocrx_word' id='word_1_262' title='bbox 2616 1091 2837 1159; x_wconf 79' lang='grc' dir='ltr'>λαῖκοὺς</span> <span class='ocrx_word' id='word_1_263' title='bbox 2864 1104 2987 1164; x_wconf 81' lang='grc' dir='ltr'>τοὺς</span> <span class='ocrx_word' id='word_1_264' title='bbox 3013 1108 3068 1156; x_wconf 79' lang='grc' dir='ltr'>ὲν</span> <span class='ocrx_word' id='word_1_265' title='bbox 3097 1107 3161 1174; x_wconf 82' lang='grc' dir='ltr'>τῇ</span> <span class='ocrx_word' id='word_1_266' title='bbox 3205 1105 3495 1177; x_wconf 74' lang='grc' dir='ltr'>Ἐκκλησία</span> <span class='ocrx_word' id='word_1_267' title='bbox 3527 1106 3877 1174; x_wconf 76' lang='grc' dir='ltr'>συναθροιζο-</span> 
     </span>
    </p>
   </div>
   <div class='ocr_carea' id='block_1_37' title="bbox 2326 1185 3873 1265">
    <p class='ocr_par' dir='ltr' id='par_1_37' title="bbox 2326 1185 3873 1265">
     <span class='ocr_line' id='line_1_37' title="bbox 2326 1185 3873 1265; baseline -0.003 -15"><span class='ocrx_word' id='word_1_268' title='bbox 2326 1185 2519 1250; x_wconf 80' lang='grc' dir='ltr'><strong>μένους</strong></span> <span class='ocrx_word' id='word_1_269' title='bbox 2543 1203 2557 1217; x_wconf 87' lang='grc'><strong>⁹</strong></span> <span class='ocrx_word' id='word_1_270' title='bbox 2592 1192 2640 1242; x_wconf 78' lang='grc' dir='ltr'>οἱ</span> <span class='ocrx_word' id='word_1_271' title='bbox 2673 1193 2770 1254; x_wconf 79' lang='grc' dir='ltr'>μὲν</span> <span class='ocrx_word' id='word_1_272' title='bbox 2793 1193 2899 1260; x_wconf 70' lang='grc' dir='ltr'>γὰρ</span> <span class='ocrx_word' id='word_1_273' title='bbox 2926 1195 3196 1263; x_wconf 78' lang='grc' dir='ltr'>ίέρωνται,</span> <span class='ocrx_word' id='word_1_274' title='bbox 3220 1199 3266 1249; x_wconf 79' lang='grc' dir='ltr'>οἱ</span> <span class='ocrx_word' id='word_1_275' title='bbox 3288 1198 3342 1249; x_wconf 81' lang='grc' dir='ltr'>δὲ</span> <span class='ocrx_word' id='word_1_276' title='bbox 3360 1196 3452 1248; x_wconf 88' lang='grc' dir='ltr'><strong>τοῦ</strong></span> <span class='ocrx_word' id='word_1_277' title='bbox 3479 1198 3646 1265; x_wconf 88' lang='grc' dir='ltr'>δήμου</span> <span class='ocrx_word' id='word_1_278' title='bbox 3674 1197 3873 1264; x_wconf 72' lang='grc' dir='ltr'>πόρρω</span> 
     </span>
    </p>
   </div>
   <div class='ocr_carea' id='block_1_38' title="bbox 2321 1279 3875 1353">
    <p class='ocr_par' dir='ltr' id='par_1_38' title="bbox 2321 1279 3875 1353">
     <span class='ocr_line' id='line_1_38' title="bbox 2321 1279 3875 1353; baseline 0.005 -23"><span class='ocrx_word' id='word_1_279' title='bbox 2321 1281 2418 1349; x_wconf 83' lang='grc' dir='ltr'>τῆς</span> <span class='ocrx_word' id='word_1_280' title='bbox 2450 1281 2744 1352; x_wconf 71' lang='grc' dir='ltr'>ἱερωσύνης</span> <span class='ocrx_word' id='word_1_281' title='bbox 2775 1285 2901 1336; x_wconf 86' lang='grc' dir='ltr'>είσί.</span> <span class='ocrx_word' id='word_1_282' title='bbox 2938 1287 3047 1337; x_wconf 75' lang='grc' dir='ltr'><strong>Καὶ</strong></span> <span class='ocrx_word' id='word_1_283' title='bbox 3077 1279 3222 1338; x_wconf 79' lang='grc' dir='ltr'>οὗτοι</span> <span class='ocrx_word' id='word_1_284' title='bbox 3249 1287 3449 1353; x_wconf 83' lang='grc' dir='ltr'>μᾶλλον</span> <span class='ocrx_word' id='word_1_285' title='bbox 3470 1287 3592 1348; x_wconf 86' lang='grc' dir='ltr'>τοὺς</span> <span class='ocrx_word' id='word_1_286' title='bbox 3621 1285 3875 1352; x_wconf 84' lang='grc' dir='ltr'>ἀναγνώ-</span> 
     </span>
    </p>
   </div>
   <div class='ocr_carea' id='block_1_39' title="bbox 2323 1376 3865 1444">
    <p class='ocr_par' dir='ltr' id='par_1_39' title="bbox 2323 1376 3865 1444">
     <span class='ocr_line' id='line_1_39' title="bbox 2323 1376 3865 1444; baseline 0.003 -20"><span class='ocrx_word' id='word_1_287' title='bbox 2323 1389 2452 1433; x_wconf 85' lang='grc' dir='ltr'>στας</span> <span class='ocrx_word' id='word_1_288' title='bbox 2476 1376 2796 1441; x_wconf 84' lang='grc' dir='ltr'>προσκυνεῖν</span> <span class='ocrx_word' id='word_1_289' title='bbox 2827 1376 3122 1442; x_wconf 80' lang='grc' dir='ltr'>όφείλουσι,</span> <span class='ocrx_word' id='word_1_290' title='bbox 3181 1376 3269 1429; x_wconf 86' lang='grc' dir='ltr'>διὰ</span> <span class='ocrx_word' id='word_1_291' title='bbox 3297 1376 3395 1441; x_wconf 83' lang='grc' dir='ltr'><strong>τὴν</strong></span> <span class='ocrx_word' id='word_1_292' title='bbox 3426 1376 3725 1444; x_wconf 75' lang='grc' dir='ltr'>ὑπουργίαν</span> <span class='ocrx_word' id='word_1_293' title='bbox 3759 1377 3865 1428; x_wconf 85' lang='grc' dir='ltr'>αύ-</span> 
     </span>
    </p>
   </div>
   <div class='ocr_carea' id='block_1_40' title="bbox 2318 1462 3872 1531">
    <p class='ocr_par' dir='ltr' id='par_1_40' title="bbox 2318 1462 3872 1531">
     <span class='ocr_line' id='line_1_40' title="bbox 2318 1462 3872 1531; baseline 0.003 -18"><span class='ocrx_word' id='word_1_294' title='bbox 2318 1462 2447 1515; x_wconf 88' lang='grc' dir='ltr'><strong>τῶν.</strong></span> <span class='ocrx_word' id='word_1_295' title='bbox 2485 1463 2780 1530; x_wconf 79' lang='grc' dir='ltr'>’Δνάγνωθι</span> <span class='ocrx_word' id='word_1_296' title='bbox 2842 1465 2950 1516; x_wconf 84' lang='grc' dir='ltr'><strong>τῶν</strong></span> <span class='ocrx_word' id='word_1_297' title='bbox 2982 1465 3152 1531; x_wconf 84' lang='grc' dir='ltr'>ἁγίων</span> <span class='ocrx_word' id='word_1_298' title='bbox 3179 1465 3490 1518; x_wconf 85' lang='grc' dir='ltr'>ἀποστόλων</span> <span class='ocrx_word' id='word_1_299' title='bbox 3541 1464 3742 1516; x_wconf 86' lang='grc' dir='ltr'>κανόνα</span> <span class='ocrx_word' id='word_1_300' title='bbox 3774 1463 3872 1528; x_wconf 79' lang='grc' dir='ltr'>ιζ’,</span> 
     </span>
    </p>
   </div>
   <div class='ocr_carea' id='block_1_41' title="bbox 2322 1550 3872 1621">
    <p class='ocr_par' dir='ltr' id='par_1_41' title="bbox 2322 1550 3872 1621">
     <span class='ocr_line' id='line_1_41' title="bbox 2322 1550 3872 1621; baseline 0.003 -19"><span class='ocrx_word' id='word_1_301' title='bbox 2322 1556 2410 1618; x_wconf 85' lang='grc' dir='ltr'>ιη’,</span> <span class='ocrx_word' id='word_1_302' title='bbox 2446 1550 2530 1613; x_wconf 82' lang='grc' dir='ltr'>ιϐ’,</span> <span class='ocrx_word' id='word_1_303' title='bbox 2564 1558 2662 1614; x_wconf 86' lang='grc' dir='ltr'>κε’,</span> <span class='ocrx_word' id='word_1_304' title='bbox 2691 1558 2804 1615; x_wconf 83' lang='grc' dir='ltr'>κς’,</span> <span class='ocrx_word' id='word_1_305' title='bbox 2831 1552 3049 1604; x_wconf 88' lang='grc' dir='ltr'>συνόδου</span> <span class='ocrx_word' id='word_1_306' title='bbox 3073 1553 3349 1621; x_wconf 86' lang='grc' dir='ltr'>’Δγκύρας</span> <span class='ocrx_word' id='word_1_307' title='bbox 3371 1552 3571 1605; x_wconf 86' lang='grc' dir='ltr'>κανόνα</span> <span class='ocrx_word' id='word_1_308' title='bbox 3594 1558 3645 1612; x_wconf 84' lang='grc' dir='ltr'>ι’,</span> <span class='ocrx_word' id='word_1_309' title='bbox 3674 1553 3771 1620; x_wconf 80' lang='grc' dir='ltr'>τῆς</span> <span class='ocrx_word' id='word_1_310' title='bbox 3811 1556 3872 1606; x_wconf 81' lang='grc' dir='ltr'>ὲν</span> 
     </span>
    </p>
   </div>
   <div class='ocr_carea' id='block_1_42' title="bbox 2317 1641 3874 1708">
    <p class='ocr_par' dir='ltr' id='par_1_42' title="bbox 2317 1641 3874 1708">
     <span class='ocr_line' id='line_1_42' title="bbox 2317 1641 3874 1708; baseline 0.003 -16"><span class='ocrx_word' id='word_1_311' title='bbox 2317 1641 2622 1708; x_wconf 81' lang='grc' dir='ltr'>Χαλκηδόνι</span> <span class='ocrx_word' id='word_1_312' title='bbox 2648 1642 2849 1695; x_wconf 84' lang='grc' dir='ltr'>κανόνα</span> <span class='ocrx_word' id='word_1_313' title='bbox 2882 1641 2963 1706; x_wconf 86' lang='grc' dir='ltr'>ιδ’,</span> <span class='ocrx_word' id='word_1_314' title='bbox 2993 1649 3053 1695; x_wconf 81' lang='grc' dir='ltr'>ιε’</span> <span class='ocrx_word' id='word_1_315' title='bbox 3078 1660 3092 1674; x_wconf 78' lang='grc' dir='ltr'><strong>ο</strong></span> <span class='ocrx_word' id='word_1_316' title='bbox 3127 1642 3226 1708; x_wconf 82' lang='grc' dir='ltr'>τῆς</span> <span class='ocrx_word' id='word_1_317' title='bbox 3263 1649 3314 1707; x_wconf 78' lang='grc' dir='ltr'>ς’</span> <span class='ocrx_word' id='word_1_318' title='bbox 3347 1643 3544 1696; x_wconf 88' lang='grc' dir='ltr'>κανόνα</span> <span class='ocrx_word' id='word_1_319' title='bbox 3571 1641 3643 1708; x_wconf 84' lang='grc' dir='ltr'>γ’,</span> <span class='ocrx_word' id='word_1_320' title='bbox 3684 1644 3749 1705; x_wconf 85' lang='grc' dir='ltr'>δ’,</span> <span class='ocrx_word' id='word_1_321' title='bbox 3792 1651 3874 1707; x_wconf 80' lang='grc' dir='ltr'>ς’,</span> 
     </span>
    </p>
   </div>
   <div class='ocr_carea' id='block_1_43' title="bbox 2323 1726 3872 1800">
    <p class='ocr_par' dir='ltr' id='par_1_43' title="bbox 2323 1726 3872 1800">
     <span class='ocr_line' id='line_1_43' title="bbox 2323 1726 3872 1800; baseline -0.01 -2"><span class='ocrx_word' id='word_1_322' title='bbox 2323 1727 2408 1797; x_wconf 60' lang='grc' dir='ltr'><strong>ιβ’,</strong></span> <span class='ocrx_word' id='word_1_323' title='bbox 2449 1726 2537 1796; x_wconf 62' lang='grc' dir='ltr'><strong>ιΥο</strong></span> <span class='ocrx_word' id='word_1_324' title='bbox 2568 1735 2680 1798; x_wconf 77' lang='grc' dir='ltr'>μη’,</span> <span class='ocrx_word' id='word_1_325' title='bbox 2713 1736 2816 1800; x_wconf 84' lang='grc' dir='ltr'>νη’,</span> <span class='ocrx_word' id='word_1_326' title='bbox 2842 1731 2934 1785; x_wconf 76' lang='grc' dir='ltr'>καὶ</span> <span class='ocrx_word' id='word_1_327' title='bbox 2963 1731 3057 1784; x_wconf 88' lang='grc' dir='ltr'><strong>τοῦ</strong></span> <span class='ocrx_word' id='word_1_328' title='bbox 3087 1734 3244 1800; x_wconf 83' lang='grc' dir='ltr'>ἁγίου</span> <span class='ocrx_word' id='word_1_329' title='bbox 3269 1733 3550 1786; x_wconf 87' lang='grc' dir='ltr'>Βασιλείου</span> <span class='ocrx_word' id='word_1_330' title='bbox 3575 1734 3769 1787; x_wconf 87' lang='grc' dir='ltr'>κανόνα</span> <span class='ocrx_word' id='word_1_331' title='bbox 3797 1741 3872 1800; x_wconf 81' lang='grc' dir='ltr'>γ’,</span> 
     </span>
    </p>
   </div>
   <div class='ocr_carea' id='block_1_44' title="bbox 2325 1819 2716 1883">
    <p class='ocr_par' dir='ltr' id='par_1_44' title="bbox 2325 1819 2716 1883">
     <span class='ocr_line' id='line_1_44' title="bbox 2325 1819 2716 1883; baseline 0.01 -12"><span class='ocrx_word' id='word_1_332' title='bbox 2325 1819 2399 1883; x_wconf 85' lang='grc' dir='ltr'><strong>ς’,</strong></span> <span class='ocrx_word' id='word_1_333' title='bbox 2434 1819 2509 1883; x_wconf 84' lang='grc' dir='ltr'>ξθ⁸</span> <span class='ocrx_word' id='word_1_334' title='bbox 2530 1819 2625 1873; x_wconf 74' lang='grc' dir='ltr'><strong>καὶ</strong></span> <span class='ocrx_word' id='word_1_335' title='bbox 2653 1826 2716 1875; x_wconf 90' lang='grc' dir='ltr'><strong>ο’.</strong></span> 
     </span>
    </p>
   </div>
   <div class='ocr_carea' id='block_1_45' title="bbox 2393 1906 3873 1983">
    <p class='ocr_par' dir='ltr' id='par_1_45' title="bbox 2393 1906 3873 1983">
     <span class='ocr_line' id='line_1_45' title="bbox 2393 1906 3873 1983; baseline 0.005 -24"><span class='ocrx_word' id='word_1_336' title='bbox 2393 1906 2465 1959; x_wconf 70' lang='lat' dir='ltr'><strong>To</strong></span> <span class='ocrx_word' id='word_1_337' title='bbox 2501 1909 2683 1976; x_wconf 80' lang='grc' dir='ltr'>μέντοι</span> <span class='ocrx_word' id='word_1_338' title='bbox 2715 1911 3009 1979; x_wconf 86' lang='grc' dir='ltr'>σημείωμα</span> <span class='ocrx_word' id='word_1_339' title='bbox 3064 1911 3159 1964; x_wconf 80' lang='grc' dir='ltr'><strong>τοῦ</strong></span> <span class='ocrx_word' id='word_1_340' title='bbox 3197 1913 3498 1980; x_wconf 83' lang='grc' dir='ltr'>ἀγιωτάτου</span> <span class='ocrx_word' id='word_1_341' title='bbox 3532 1915 3873 1983; x_wconf 77' lang='grc' dir='ltr'>πατριάρχου</span> 
     </span>
    </p>
   </div>
   <div class='ocr_carea' id='block_1_46' title="bbox 2320 1993 3875 2076">
    <p class='ocr_par' dir='ltr' id='par_1_46' title="bbox 2320 1993 3875 2076">
     <span class='ocr_line' id='line_1_46' title="bbox 2320 1993 3875 2076; baseline 0.007 -29"><span class='ocrx_word' id='word_1_342' title='bbox 2320 1997 2507 2065; x_wconf 82' lang='grc' dir='ltr'>κυρίου</span> <span class='ocrx_word' id='word_1_343' title='bbox 2527 1998 2708 2051; x_wconf 83' lang='grc' dir='ltr'>Λουκᾶ</span> <span class='ocrx_word' id='word_1_344' title='bbox 2729 1999 2839 2069; x_wconf 77' lang='grc' dir='ltr'>ἔχει</span> <span class='ocrx_word' id='word_1_345' title='bbox 2861 2000 3052 2064; x_wconf 77' lang='grc' dir='ltr'>οὕτως’</span> <span class='ocrx_word' id='word_1_346' title='bbox 3083 1993 3228 2072; x_wconf 77' lang='grc' dir='ltr'>Μηνὶ</span> <span class='ocrx_word' id='word_1_347' title='bbox 3250 2003 3562 2073; x_wconf 77' lang='grc' dir='ltr'>Δεκεμϐρίῳ</span> <span class='ocrx_word' id='word_1_348' title='bbox 3597 2003 3663 2074; x_wconf 84' lang='grc' dir='ltr'>η’,</span> <span class='ocrx_word' id='word_1_349' title='bbox 3683 2006 3875 2076; x_wconf 75' lang='grc' dir='ltr'>ἡμέρᾳ.</span> 
     </span>
    </p>
   </div>
   <div class='ocr_carea' id='block_1_47' title="bbox 2320 2085 3874 2163">
    <p class='ocr_par' dir='ltr' id='par_1_47' title="bbox 2320 2085 3874 2163">
     <span class='ocr_line' id='line_1_47' title="bbox 2320 2085 3874 2163; baseline 0.007 -27"><span class='ocrx_word' id='word_1_350' title='bbox 2320 2091 2367 2135; x_wconf 88' lang='grc' dir='ltr'>α’</span> <span class='ocrx_word' id='word_1_351' title='bbox 2405 2085 2728 2150; x_wconf 85' lang='grc' dir='ltr'>ίνδικτιῶνος</span> <span class='ocrx_word' id='word_1_352' title='bbox 2763 2105 2801 2151; x_wconf 85' lang='grc' dir='ltr'><strong>ς</strong></span> <span class='ocrx_word' id='word_1_353' title='bbox 2822 2127 2837 2144; x_wconf 91' lang='grc'><strong>.</strong></span> <span class='ocrx_word' id='word_1_354' title='bbox 2871 2091 2932 2143; x_wconf 85' lang='lat' dir='ltr'><strong>Ei</strong></span> <span class='ocrx_word' id='word_1_355' title='bbox 2961 2092 3017 2143; x_wconf 76' lang='grc' dir='ltr'>δὲ</span> <span class='ocrx_word' id='word_1_356' title='bbox 3049 2093 3140 2144; x_wconf 77' lang='grc' dir='ltr'>καὶ</span> <span class='ocrx_word' id='word_1_357' title='bbox 3180 2092 3342 2156; x_wconf 75' lang='grc' dir='ltr'><strong>ὐζάν</strong></span> <span class='ocrx_word' id='word_1_358' title='bbox 3369 2095 3574 2154; x_wconf 80' lang='grc' dir='ltr'>ἐκεῖνος</span> <span class='ocrx_word' id='word_1_359' title='bbox 3599 2096 3695 2163; x_wconf 81' lang='grc' dir='ltr'>τῆς</span> <span class='ocrx_word' id='word_1_360' title='bbox 3718 2096 3874 2158; x_wconf 85' lang='grc' dir='ltr'>θείας</span> 
     </span>
    </p>
   </div>
   <div class='ocr_carea' id='block_1_48' title="bbox 2319 2174 3880 2257">
    <p class='ocr_par' dir='ltr' id='par_1_48' title="bbox 2319 2174 3880 2257">
     <span class='ocr_line' id='line_1_48' title="bbox 2319 2174 3880 2257; baseline 0.009 -31"><span class='ocrx_word' id='word_1_361' title='bbox 2319 2174 2550 2228; x_wconf 76' lang='grc' dir='ltr'>κιϐωτοῦ</span> <span class='ocrx_word' id='word_1_362' title='bbox 2583 2182 3032 2251; x_wconf 87' lang='grc' dir='ltr'>παρατραπείσης</span> <span class='ocrx_word' id='word_1_363' title='bbox 3056 2184 3331 2254; x_wconf 72' lang='grc' dir='ltr'>ἁψάμενος</span> <span class='ocrx_word' id='word_1_364' title='bbox 3381 2187 3440 2239; x_wconf 83' lang='grc' dir='ltr'><strong>ού</strong></span> <span class='ocrx_word' id='word_1_365' title='bbox 3495 2188 3712 2257; x_wconf 71' lang='grc' dir='ltr'>μικρὸν]</span> <span class='ocrx_word' id='word_1_366' title='bbox 3739 2205 3880 2240; x_wconf 84' lang='grc' dir='ltr'>κατ-</span> 
     </span>
    </p>
   </div>
   <div class='ocr_carea' id='block_1_49' title="bbox 2317 2266 3876 2344">
    <p class='ocr_par' dir='ltr' id='par_1_49' title="bbox 2317 2266 3876 2344">
     <span class='ocr_line' id='line_1_49' title="bbox 2317 2266 3876 2344; baseline 0.012 -26"><span class='ocrx_word' id='word_1_367' title='bbox 2317 2266 2512 2336; x_wconf 81' lang='grc' dir='ltr'>εκρίθη</span> <span class='ocrx_word' id='word_1_368' title='bbox 2549 2267 2609 2319; x_wconf 84' lang='grc' dir='ltr'><strong>τὸ</strong></span> <span class='ocrx_word' id='word_1_369' title='bbox 2639 2269 2912 2338; x_wconf 75' lang='grc' dir='ltr'>ἐπιτίμιον</span> <span class='ocrx_word' id='word_1_370' title='bbox 2962 2273 3170 2339; x_wconf 89' lang='grc' dir='ltr'>(καίτοι</span> <span class='ocrx_word' id='word_1_371' title='bbox 3223 2276 3422 2338; x_wconf 80' lang='grc' dir='ltr'>σκοπὸς</span> <span class='ocrx_word' id='word_1_372' title='bbox 3473 2278 3530 2328; x_wconf 82' lang='grc' dir='ltr'>ὲν</span> <span class='ocrx_word' id='word_1_373' title='bbox 3557 2277 3701 2341; x_wconf 88' lang='grc' dir='ltr'>αύτῷ</span> <span class='ocrx_word' id='word_1_374' title='bbox 3733 2277 3876 2344; x_wconf 78' lang='grc' dir='ltr'>πρὸς</span> 
     </span>
    </p>
   </div>
   <div class='ocr_carea' id='block_1_50' title="bbox 2317 2357 3874 2436">
    <p class='ocr_par' dir='ltr' id='par_1_50' title="bbox 2317 2357 3874 2436">
     <span class='ocr_line' id='line_1_50' title="bbox 2317 2357 3874 2436; baseline 0.005 -27"><span class='ocrx_word' id='word_1_375' title='bbox 2317 2357 2614 2427; x_wconf 85' lang='grc' dir='ltr'>άνόρθωσιν</span> <span class='ocrx_word' id='word_1_376' title='bbox 2637 2360 2856 2430; x_wconf 84' lang='grc' dir='ltr'>ταύτης,</span> <span class='ocrx_word' id='word_1_377' title='bbox 2897 2362 2957 2414; x_wconf 86' lang='grc' dir='ltr'><strong>ού</strong></span> <span class='ocrx_word' id='word_1_378' title='bbox 3001 2363 3138 2433; x_wconf 80' lang='grc' dir='ltr'>πρὸς</span> <span class='ocrx_word' id='word_1_379' title='bbox 3187 2365 3558 2436; x_wconf 76' lang='grc' dir='ltr'>καθαίρεσιν),</span> <span class='ocrx_word' id='word_1_380' title='bbox 3584 2366 3667 2428; x_wconf 85' lang='grc' dir='ltr'><strong>τίς</strong></span> <span class='ocrx_word' id='word_1_381' title='bbox 3724 2365 3874 2418; x_wconf 79' lang='grc' dir='ltr'>οὕτω</span> 
     </span>
    </p>
   </div>
   <div class='ocr_carea' id='block_1_51' title="bbox 2315 2448 3873 2527">
    <p class='ocr_par' dir='ltr' id='par_1_51' title="bbox 2315 2448 3873 2527">
     <span class='ocr_line' id='line_1_51' title="bbox 2315 2448 3873 2527; baseline 0.005 -28"><span class='ocrx_word' id='word_1_382' title='bbox 2315 2448 2578 2517; x_wconf 78' lang='grc' dir='ltr'>τολμηρὸς</span> <span class='ocrx_word' id='word_1_383' title='bbox 2601 2449 2692 2502; x_wconf 75' lang='grc' dir='ltr'><strong>καὶ</strong></span> <span class='ocrx_word' id='word_1_384' title='bbox 2714 2452 2790 2514; x_wconf 78' lang='grc' dir='ltr'><strong>είς</strong></span> <span class='ocrx_word' id='word_1_385' title='bbox 2817 2453 3051 2522; x_wconf 78' lang='grc' dir='ltr'>ἐσχάτην</span> <span class='ocrx_word' id='word_1_386' title='bbox 3074 2456 3346 2509; x_wconf 84' lang='grc' dir='ltr'>ἀναίδειαν</span> <span class='ocrx_word' id='word_1_387' title='bbox 3369 2458 3460 2510; x_wconf 78' lang='grc' dir='ltr'><strong>καὶ</strong></span> <span class='ocrx_word' id='word_1_388' title='bbox 3487 2458 3873 2527; x_wconf 83' lang='grc' dir='ltr'>ὑπερηφανίαν</span> 
     </span>
    </p>
   </div>
   <div class='ocr_carea' id='block_1_52' title="bbox 2312 2538 3874 2616">
    <p class='ocr_par' dir='ltr' id='par_1_52' title="bbox 2312 2538 3874 2616">
     <span class='ocr_line' id='line_1_52' title="bbox 2312 2538 3874 2616; baseline 0.009 -27"><span class='ocrx_word' id='word_1_389' title='bbox 2312 2538 2632 2607; x_wconf 67' lang='grc' dir='ltr'>δεενεχθεὶς,</span> <span class='ocrx_word' id='word_1_390' title='bbox 2661 2543 2932 2611; x_wconf 86' lang='grc' dir='ltr'>πνεύματι</span> <span class='ocrx_word' id='word_1_391' title='bbox 2965 2545 3182 2608; x_wconf 81' lang='grc' dir='ltr'>πάντως</span> <span class='ocrx_word' id='word_1_392' title='bbox 3210 2547 3474 2614; x_wconf 81' lang='grc' dir='ltr'>ἀγόμενος</span> <span class='ocrx_word' id='word_1_393' title='bbox 3520 2547 3762 2616; x_wconf 84' lang='grc' dir='ltr'>πονηρῷ,</span> <span class='ocrx_word' id='word_1_394' title='bbox 3811 2547 3874 2606; x_wconf 75' lang='grc' dir='ltr'>ὃς</span> 
     </span>
    </p>
   </div>
   <div class='ocr_carea' id='block_1_53' title="bbox 2315 2626 3872 2705">
    <p class='ocr_par' dir='ltr' id='par_1_53' title="bbox 2315 2626 3872 2705">
     <span class='ocr_line' id='line_1_53' title="bbox 2315 2626 3872 2705; baseline 0.008 -27"><span class='ocrx_word' id='word_1_395' title='bbox 2315 2626 2390 2695; x_wconf 79' lang='grc' dir='ltr'>μὴ</span> <span class='ocrx_word' id='word_1_396' title='bbox 2450 2629 2609 2696; x_wconf 82' lang='grc' dir='ltr'>μόνον</span> <span class='ocrx_word' id='word_1_397' title='bbox 2667 2632 2766 2682; x_wconf 84' lang='grc' dir='ltr'><strong>οὐκ</strong></span> <span class='ocrx_word' id='word_1_398' title='bbox 2825 2633 3156 2702; x_wconf 77' lang='grc' dir='ltr'>ἐπανορθοῦν</span> <span class='ocrx_word' id='word_1_399' title='bbox 3200 2639 3434 2705; x_wconf 74' lang='grc' dir='ltr'>αἱρεῖται</span> <span class='ocrx_word' id='word_1_400' title='bbox 3486 2640 3554 2691; x_wconf 83' lang='grc' dir='ltr'>τὰ</span> <span class='ocrx_word' id='word_1_401' title='bbox 3620 2637 3739 2690; x_wconf 88' lang='grc' dir='ltr'>θεῖα</span> <span class='ocrx_word' id='word_1_402' title='bbox 3772 2639 3872 2690; x_wconf 76' lang='grc' dir='ltr'>καὶ</span> 
     </span>
    </p>
   </div>
   <div class='ocr_carea' id='block_1_54' title="bbox 2311 2721 3871 2796">
    <p class='ocr_par' dir='ltr' id='par_1_54' title="bbox 2311 2721 3871 2796">
     <span class='ocr_line' id='line_1_54' title="bbox 2311 2721 3871 2796; baseline 0.006 -27"><span class='ocrx_word' id='word_1_403' title='bbox 2311 2721 2657 2787; x_wconf 83' lang='grc' dir='ltr'>πνευματικά</span> <span class='ocrx_word' id='word_1_404' title='bbox 2677 2722 3045 2792; x_wconf 70' lang='grc' dir='ltr'>διατάγματα,</span> <span class='ocrx_word' id='word_1_405' title='bbox 3073 2727 3209 2779; x_wconf 84' lang='grc' dir='ltr'>ἀλλὰ</span> <span class='ocrx_word' id='word_1_406' title='bbox 3238 2729 3330 2780; x_wconf 73' lang='grc' dir='ltr'>καὶ</span> <span class='ocrx_word' id='word_1_407' title='bbox 3349 2729 3446 2795; x_wconf 83' lang='grc' dir='ltr'><strong>τὴν</strong></span> <span class='ocrx_word' id='word_1_408' title='bbox 3473 2727 3717 2778; x_wconf 76' lang='grc' dir='ltr'>ἐναντίαν</span> <span class='ocrx_word' id='word_1_409' title='bbox 3745 2743 3871 2796; x_wconf 82' lang='grc' dir='ltr'>τρε-</span> 
     </span>
    </p>
   </div>
   <div class='ocr_carea' id='block_1_55' title="bbox 2309 2808 3867 2884">
    <p class='ocr_par' dir='ltr' id='par_1_55' title="bbox 2309 2808 3867 2884">
     <span class='ocr_line' id='line_1_55' title="bbox 2309 2808 3867 2884; baseline 0.005 -26"><span class='ocrx_word' id='word_1_410' title='bbox 2309 2808 2566 2874; x_wconf 88' lang='grc' dir='ltr'>πόμενος,</span> <span class='ocrx_word' id='word_1_411' title='bbox 2593 2813 2993 2877; x_wconf 87' lang='grc' dir='ltr'>παρασαλεύειν</span> <span class='ocrx_word' id='word_1_412' title='bbox 3038 2815 3208 2868; x_wconf 90' lang='grc' dir='ltr'>ταῦτα</span> <span class='ocrx_word' id='word_1_413' title='bbox 3239 2817 3333 2868; x_wconf 74' lang='grc' dir='ltr'>καὶ</span> <span class='ocrx_word' id='word_1_414' title='bbox 3389 2817 3667 2884; x_wconf 84' lang='grc' dir='ltr'>καθαιρεῖν</span> <span class='ocrx_word' id='word_1_415' title='bbox 3704 2817 3867 2868; x_wconf 83' lang='grc' dir='ltr'>ἀναι-</span> 
     </span>
    </p>
   </div>
   <div class='ocr_carea' id='block_1_56' title="bbox 2308 2897 3868 2976">
    <p class='ocr_par' dir='ltr' id='par_1_56' title="bbox 2308 2897 3868 2976">
     <span class='ocr_line' id='line_1_56' title="bbox 2308 2897 3868 2976; baseline 0.006 -28"><span class='ocrx_word' id='word_1_416' title='bbox 2308 2897 2554 2960; x_wconf 89' lang='grc' dir='ltr'>δεύεται,</span> <span class='ocrx_word' id='word_1_417' title='bbox 2584 2900 2680 2952; x_wconf 73' lang='grc' dir='ltr'>καὶ</span> <span class='ocrx_word' id='word_1_418' title='bbox 2709 2903 3006 2970; x_wconf 83' lang='grc' dir='ltr'>παραλύειν</span> <span class='ocrx_word' id='word_1_419' title='bbox 3036 2906 3104 2958; x_wconf 87' lang='grc' dir='ltr'><strong>τά</strong></span> <span class='ocrx_word' id='word_1_420' title='bbox 3139 2907 3351 2972; x_wconf 84' lang='grc' dir='ltr'>παγίως</span> <span class='ocrx_word' id='word_1_421' title='bbox 3389 2905 3721 2976; x_wconf 79' lang='grc' dir='ltr'>ἡδρασμένα,</span> <span class='ocrx_word' id='word_1_422' title='bbox 3768 2908 3868 2959; x_wconf 73' lang='grc' dir='ltr'>καὶ</span> 
     </span>
    </p>
   </div>
   <div class='ocr_carea' id='block_1_57' title="bbox 2309 2996 3868 3068">
    <p class='ocr_par' dir='ltr' id='par_1_57' title="bbox 2309 2996 3868 3068">
     <span class='ocr_line' id='line_1_57' title="bbox 2309 2996 3868 3068; baseline 0.003 -22"><span class='ocrx_word' id='word_1_423' title='bbox 2309 2999 2630 3064; x_wconf 77' lang='grc' dir='ltr'>παρακινεῖν</span> <span class='ocrx_word' id='word_1_424' title='bbox 2659 2998 2728 3050; x_wconf 77' lang='grc' dir='ltr'>τὰ</span> <span class='ocrx_word' id='word_1_425' title='bbox 2754 2998 3044 3061; x_wconf 85' lang='grc' dir='ltr'>ἀσάλευτα,</span> <span class='ocrx_word' id='word_1_426' title='bbox 3078 2998 3490 3068; x_wconf 76' lang='grc' dir='ltr'>ᾠκοδομημένα,</span> <span class='ocrx_word' id='word_1_427' title='bbox 3530 2996 3707 3059; x_wconf 83' lang='grc' dir='ltr'>καθώς</span> <span class='ocrx_word' id='word_1_428' title='bbox 3760 3014 3868 3065; x_wconf 86' lang='grc' dir='ltr'>φη·-</span> 
     </span>
    </p>
   </div>
   <div class='ocr_carea' id='block_1_58' title="bbox 653 3087 2208 3160">
    <p class='ocr_par' dir='ltr' id='par_1_58' title="bbox 653 3087 2204 3160">
     <span class='ocr_line' id='line_1_58' title="bbox 653 3087 2204 3160; baseline 0.005 -22"><span class='ocrx_word' id='word_1_429' title='bbox 653 3097 791 3150; x_wconf 78' lang='lat' dir='ltr'><strong>cata,</strong></span> <span class='ocrx_word' id='word_1_430' title='bbox 825 3098 881 3139; x_wconf 91' lang='lat' dir='ltr'><strong>ut</strong></span> <span class='ocrx_word' id='word_1_431' title='bbox 906 3087 1079 3148; x_wconf 88' lang='lat' dir='ltr'><strong>aiunt.</strong></span> <span class='ocrx_word' id='word_1_432' title='bbox 1111 3103 1270 3155; x_wconf 88' lang='lat' dir='ltr'><strong>supra</strong></span> <span class='ocrx_word' id='word_1_433' title='bbox 1313 3089 1719 3146; x_wconf 78' lang='lat' dir='ltr'><strong>fundamentum</strong></span> <span class='ocrx_word' id='word_1_434' title='bbox 1759 3092 2122 3160; x_wconf 88' lang='lat' dir='ltr'><strong>apostolorum</strong></span> <span class='ocrx_word' id='word_1_435' title='bbox 2150 3104 2204 3145; x_wconf 88' lang='lat' dir='ltr'><strong>et</strong></span> 
     </span>
    </p>
   </div>
   <div class='ocr_carea' id='block_1_59' title="bbox 2312 3087 3862 3160">
    <p class='ocr_par' dir='ltr' id='par_1_59' title="bbox 2312 3088 3862 3158">
     <span class='ocr_line' id='line_1_59' title="bbox 2312 3088 3862 3158; baseline 0.001 -20"><span class='ocrx_word' id='word_1_436' title='bbox 2312 3103 2412 3150; x_wconf 90' lang='grc' dir='ltr'>σιν,</span> <span class='ocrx_word' id='word_1_437' title='bbox 2453 3089 2544 3139; x_wconf 72' lang='grc' dir='ltr'>ἐπὶ</span> <span class='ocrx_word' id='word_1_438' title='bbox 2573 3088 2647 3157; x_wconf 84' lang='grc' dir='ltr'>τῷ</span> <span class='ocrx_word' id='word_1_439' title='bbox 2673 3090 2907 3158; x_wconf 83' lang='grc' dir='ltr'>θεμελίῳ</span> <span class='ocrx_word' id='word_1_440' title='bbox 2940 3090 3047 3142; x_wconf 86' lang='grc' dir='ltr'><strong>τῶν</strong></span> <span class='ocrx_word' id='word_1_441' title='bbox 3069 3091 3381 3149; x_wconf 80' lang='grc' dir='ltr'>ἀποστόλων</span> <span class='ocrx_word' id='word_1_442' title='bbox 3414 3089 3508 3142; x_wconf 80' lang='grc' dir='ltr'>καὶ</span> <span class='ocrx_word' id='word_1_443' title='bbox 3538 3089 3862 3157; x_wconf 77' lang='grc' dir='ltr'>προφητῶνς</span> 
     </span>
    </p>
   </div>
   <div class='ocr_carea' id='block_1_60' title="bbox 655 3176 2202 3252">
    <p class='ocr_par' dir='ltr' id='par_1_60' title="bbox 655 3176 2202 3252">
     <span class='ocr_line' id='line_1_60' title="bbox 655 3176 2202 3252; baseline 0.006 -24"><span class='ocrx_word' id='word_1_444' title='bbox 655 3176 1080 3246; x_wconf 80' lang='lat' dir='ltr'><strong>prophetarum?</strong></span> <span class='ocrx_word' id='word_1_445' title='bbox 1104 3179 1394 3248; x_wconf 87' lang='lat' dir='ltr'><strong>Propterea</strong></span> <span class='ocrx_word' id='word_1_446' title='bbox 1432 3194 1613 3236; x_wconf 88' lang='lat' dir='ltr'><strong>nostra</strong></span> <span class='ocrx_word' id='word_1_447' title='bbox 1652 3198 1867 3252; x_wconf 90' lang='lat' dir='ltr'><strong>quoque</strong></span> <span class='ocrx_word' id='word_1_448' title='bbox 1903 3186 2202 3238; x_wconf 86' lang='lat' dir='ltr'><strong>moderatio</strong></span> 
     </span>
    </p>
   </div>
   <div class='ocr_carea' id='block_1_61' title="bbox 655 3269 2200 3330">
    <p class='ocr_par' dir='ltr' id='par_1_61' title="bbox 655 3269 2200 3330">
     <span class='ocr_line' id='line_1_61' title="bbox 655 3269 2200 3330; baseline 0.006 -11"><span class='ocrx_word' id='word_1_449' title='bbox 655 3285 757 3321; x_wconf 89' lang='lat' dir='ltr'><strong>non</strong></span> <span class='ocrx_word' id='word_1_450' title='bbox 810 3269 1086 3323; x_wconf 81' lang='lat' dir='ltr'><strong>ferendum</strong></span> <span class='ocrx_word' id='word_1_451' title='bbox 1148 3286 1268 3325; x_wconf 89' lang='lat' dir='ltr'><strong>esse</strong></span> <span class='ocrx_word' id='word_1_452' title='bbox 1327 3281 1440 3326; x_wconf 91' lang='lat' dir='ltr'><strong>rata</strong></span> <span class='ocrx_word' id='word_1_453' title='bbox 1500 3274 1694 3327; x_wconf 88' lang='lat' dir='ltr'><strong>malam</strong></span> <span class='ocrx_word' id='word_1_454' title='bbox 1762 3278 2200 3330; x_wconf 85' lang='lat' dir='ltr'><strong>consuetudinem</strong></span> 
     </span>
    </p>
   </div>
   <div class='ocr_carea' id='block_1_62' title="bbox 652 3360 2200 3430">
    <p class='ocr_par' dir='ltr' id='par_1_62' title="bbox 652 3360 2200 3430">
     <span class='ocr_line' id='line_1_62' title="bbox 652 3360 2200 3430; baseline 0.005 -20"><span class='ocrx_word' id='word_1_455' title='bbox 652 3360 825 3412; x_wconf 86' lang='lat' dir='ltr'><strong>adhuc</strong></span> <span class='ocrx_word' id='word_1_456' title='bbox 856 3362 1080 3422; x_wconf 85' lang='lat' dir='ltr'><strong>servari,</strong></span> <span class='ocrx_word' id='word_1_457' title='bbox 1113 3377 1232 3430; x_wconf 77' lang='lat' dir='ltr'><strong>quae</strong></span> <span class='ocrx_word' id='word_1_458' title='bbox 1272 3363 1449 3417; x_wconf 90' lang='lat' dir='ltr'><strong>divina</strong></span> <span class='ocrx_word' id='word_1_459' title='bbox 1510 3374 1564 3418; x_wconf 91' lang='lat' dir='ltr'><strong>et</strong></span> <span class='ocrx_word' id='word_1_460' title='bbox 1611 3365 1844 3418; x_wconf 89' lang='lat' dir='ltr'><strong>humana</strong></span> <span class='ocrx_word' id='word_1_461' title='bbox 1901 3365 2200 3428; x_wconf 82' lang='lat' dir='ltr'><strong>confundit,</strong></span> 
     </span>
    </p>
   </div>
   <div class='ocr_carea' id='block_1_63' title="bbox 651 3450 2201 3522">
    <p class='ocr_par' dir='ltr' id='par_1_63' title="bbox 651 3450 2201 3522">
     <span class='ocr_line' id='line_1_63' title="bbox 651 3450 2201 3522; baseline 0.003 -19"><span class='ocrx_word' id='word_1_462' title='bbox 651 3459 704 3503; x_wconf 87' lang='lat' dir='ltr'><strong>et</strong></span> <span class='ocrx_word' id='word_1_463' title='bbox 740 3450 1012 3520; x_wconf 66' lang='lat' dir='ltr'><strong>Ecclesiae,</strong></span> <span class='ocrx_word' id='word_1_464' title='bbox 1038 3468 1156 3519; x_wconf 72' lang='lat' dir='ltr'><strong>qum</strong></span> <span class='ocrx_word' id='word_1_465' title='bbox 1196 3463 1278 3507; x_wconf 82' lang='lat' dir='ltr'><strong>est</strong></span> <span class='ocrx_word' id='word_1_466' title='bbox 1312 3455 1377 3507; x_wconf 87' lang='lat' dir='ltr'><strong>ab</strong></span> <span class='ocrx_word' id='word_1_467' title='bbox 1411 3455 1554 3508; x_wconf 90' lang='lat' dir='ltr'><strong>omni</strong></span> <span class='ocrx_word' id='word_1_468' title='bbox 1589 3455 2002 3522; x_wconf 84' lang='lat' dir='ltr'><strong>reprehensione</strong></span> <span class='ocrx_word' id='word_1_469' title='bbox 2031 3455 2201 3507; x_wconf 87' lang='lat' dir='ltr'><strong>aliena</strong></span> 
     </span>
    </p>
   </div>
   <div class='ocr_carea' id='block_1_64' title="bbox 653 3541 2204 3612">
    <p class='ocr_par' dir='ltr' id='par_1_64' title="bbox 653 3541 2204 3612">
     <span class='ocr_line' id='line_1_64' title="bbox 653 3541 2204 3612; baseline 0.003 -20"><span class='ocrx_word' id='word_1_470' title='bbox 653 3541 741 3594; x_wconf 79' lang='lat' dir='ltr'><strong>Dei</strong></span> <span class='ocrx_word' id='word_1_471' title='bbox 777 3556 993 3607; x_wconf 90' lang='lat' dir='ltr'><strong>sponsa,</strong></span> <span class='ocrx_word' id='word_1_472' title='bbox 1023 3545 1392 3597; x_wconf 87' lang='lat' dir='ltr'><strong>constitutioni</strong></span> <span class='ocrx_word' id='word_1_473' title='bbox 1422 3560 1526 3596; x_wconf 92' lang='lat' dir='ltr'><strong>non</strong></span> <span class='ocrx_word' id='word_1_474' title='bbox 1555 3545 1798 3612; x_wconf 77' lang='lat' dir='ltr'><strong>vulgares</strong></span> <span class='ocrx_word' id='word_1_475' title='bbox 1829 3543 2063 3597; x_wconf 84' lang='lat' dir='ltr'><strong>maculas</strong></span> <span class='ocrx_word' id='word_1_476' title='bbox 2089 3545 2204 3597; x_wconf 88' lang='lat' dir='ltr'><strong>inu-</strong></span> 
     </span>
    </p>
   </div>
   <div class='ocr_carea' id='block_1_65' title="bbox 651 3632 2198 3706">
    <p class='ocr_par' dir='ltr' id='par_1_65' title="bbox 651 3632 2198 3706">
     <span class='ocr_line' id='line_1_65' title="bbox 651 3632 2198 3706; baseline 0.006 -27"><span class='ocrx_word' id='word_1_477' title='bbox 651 3632 737 3695; x_wconf 85' lang='lat' dir='ltr'><strong>rit,</strong></span> <span class='ocrx_word' id='word_1_478' title='bbox 771 3646 994 3706; x_wconf 64' lang='lat' dir='ltr'><strong>quzeque</strong></span> <span class='ocrx_word' id='word_1_479' title='bbox 1019 3633 1264 3698; x_wconf 83' lang='lat' dir='ltr'><strong>superbia</strong></span> <span class='ocrx_word' id='word_1_480' title='bbox 1291 3643 1344 3686; x_wconf 89' lang='lat' dir='ltr'><strong>et</strong></span> <span class='ocrx_word' id='word_1_481' title='bbox 1368 3649 1503 3686; x_wconf 84' lang='lat' dir='ltr'><strong>vana</strong></span> <span class='ocrx_word' id='word_1_482' title='bbox 1537 3635 1920 3702; x_wconf 80' lang='lat' dir='ltr'><strong>negotiatione,</strong></span> <span class='ocrx_word' id='word_1_483' title='bbox 1941 3644 1995 3688; x_wconf 89' lang='lat' dir='ltr'><strong>et</strong></span> <span class='ocrx_word' id='word_1_484' title='bbox 2025 3636 2076 3688; x_wconf 90' lang='lat' dir='ltr'><strong>in</strong></span> <span class='ocrx_word' id='word_1_485' title='bbox 2109 3636 2198 3698; x_wconf 89' lang='lat' dir='ltr'><strong>iis,</strong></span> 
     </span>
    </p>
   </div>
   <div class='ocr_carea' id='block_1_66' title="bbox 650 3721 2204 3790">
    <p class='ocr_par' dir='ltr' id='par_1_66' title="bbox 650 3721 2204 3790">
     <span class='ocr_line' id='line_1_66' title="bbox 650 3721 2204 3790; baseline 0.005 -20"><span class='ocrx_word' id='word_1_486' title='bbox 650 3735 772 3788; x_wconf 71' lang='lat' dir='ltr'><strong>quae</strong></span> <span class='ocrx_word' id='word_1_487' title='bbox 803 3732 929 3774; x_wconf 87' lang='lat' dir='ltr'><strong>sunt</strong></span> <span class='ocrx_word' id='word_1_488' title='bbox 960 3721 1166 3790; x_wconf 87' lang='lat' dir='ltr'><strong>abjecta</strong></span> <span class='ocrx_word' id='word_1_489' title='bbox 1204 3722 1269 3774; x_wconf 87' lang='lat' dir='ltr'><strong>ab</strong></span> <span class='ocrx_word' id='word_1_490' title='bbox 1308 3738 1478 3790; x_wconf 90' lang='lat' dir='ltr'><strong>eaque</strong></span> <span class='ocrx_word' id='word_1_491' title='bbox 1514 3724 1884 3784; x_wconf 88' lang='lat' dir='ltr'><strong>abhorrentia,</strong></span> <span class='ocrx_word' id='word_1_492' title='bbox 1931 3726 2106 3778; x_wconf 88' lang='lat' dir='ltr'><strong>studio</strong></span> <span class='ocrx_word' id='word_1_493' title='bbox 2149 3734 2204 3777; x_wconf 89' lang='lat' dir='ltr'><strong>et</strong></span> 
     </span>
    </p>
   </div>
   <div class='ocr_carea' id='block_1_67' title="bbox 650 3812 2200 3882">
    <p class='ocr_par' dir='ltr' id='par_1_67' title="bbox 650 3812 2200 3882">
     <span class='ocr_line' id='line_1_67' title="bbox 650 3812 2200 3882; baseline 0.004 -20"><span class='ocrx_word' id='word_1_494' title='bbox 650 3812 852 3874; x_wconf 90' lang='lat' dir='ltr'><strong>labore,</strong></span> <span class='ocrx_word' id='word_1_495' title='bbox 883 3812 1212 3879; x_wconf 72' lang='lat' dir='ltr'><strong>ettnrpibns</strong></span> <span class='ocrx_word' id='word_1_496' title='bbox 1232 3822 1486 3879; x_wconf 61' lang='lat' dir='ltr'><strong>praterea</strong></span> <span class='ocrx_word' id='word_1_497' title='bbox 1519 3813 1700 3876; x_wconf 87' lang='lat' dir='ltr'><strong>lucris,</strong></span> <span class='ocrx_word' id='word_1_498' title='bbox 1727 3814 1843 3882; x_wconf 78' lang='lat' dir='ltr'><strong>ejus</strong></span> <span class='ocrx_word' id='word_1_499' title='bbox 1868 3815 2200 3868; x_wconf 88' lang='lat' dir='ltr'><strong>honestatem</strong></span> 
     </span>
    </p>
   </div>
   <div class='ocr_carea' id='block_1_68' title="bbox 647 3901 2203 3971">
    <p class='ocr_par' dir='ltr' id='par_1_68' title="bbox 647 3901 2203 3971">
     <span class='ocr_line' id='line_1_68' title="bbox 647 3901 2203 3971; baseline 0.003 -18"><span class='ocrx_word' id='word_1_500' title='bbox 647 3901 1095 3971; x_wconf 74' lang='lat' dir='ltr'><strong>splendoremque</strong></span> <span class='ocrx_word' id='word_1_501' title='bbox 1116 3903 1332 3970; x_wconf 89' lang='lat' dir='ltr'><strong>polluit;</strong></span> <span class='ocrx_word' id='word_1_502' title='bbox 1360 3903 1534 3956; x_wconf 88' lang='lat' dir='ltr'><strong>visum</strong></span> <span class='ocrx_word' id='word_1_503' title='bbox 1561 3913 1642 3956; x_wconf 88' lang='lat' dir='ltr'><strong>est</strong></span> <span class='ocrx_word' id='word_1_504' title='bbox 1664 3919 1779 3958; x_wconf 88' lang='lat' dir='ltr'><strong>eam</strong></span> <span class='ocrx_word' id='word_1_505' title='bbox 1803 3919 1919 3956; x_wconf 88' lang='lat' dir='ltr'><strong>esse</strong></span> <span class='ocrx_word' id='word_1_506' title='bbox 1946 3904 2203 3957; x_wconf 85' lang='lat' dir='ltr'><strong>radicitus</strong></span> 
     </span>
    </p>
   </div>
   <div class='ocr_carea' id='block_1_69' title="bbox 648 3995 2203 4062">
    <p class='ocr_par' dir='ltr' id='par_1_69' title="bbox 648 3995 2203 4062">
     <span class='ocr_line' id='line_1_69' title="bbox 648 3995 2203 4062; baseline 0.003 -19"><span class='ocrx_word' id='word_1_507' title='bbox 648 3995 999 4060; x_wconf 82' lang='lat' dir='ltr'><strong>evellendam,</strong></span> <span class='ocrx_word' id='word_1_508' title='bbox 1025 4003 1082 4047; x_wconf 89' lang='lat' dir='ltr'><strong>ut</strong></span> <span class='ocrx_word' id='word_1_509' title='bbox 1112 4009 1218 4048; x_wconf 92' lang='lat' dir='ltr'><strong>non</strong></span> <span class='ocrx_word' id='word_1_510' title='bbox 1250 3995 1478 4062; x_wconf 88' lang='lat' dir='ltr'><strong>amplius</strong></span> <span class='ocrx_word' id='word_1_511' title='bbox 1512 4006 1796 4049; x_wconf 90' lang='lat' dir='ltr'><strong>enascatur</strong></span> <span class='ocrx_word' id='word_1_512' title='bbox 1819 3996 1968 4048; x_wconf 81' lang='lat' dir='ltr'><strong>radix</strong></span> <span class='ocrx_word' id='word_1_513' title='bbox 2004 3996 2203 4048; x_wconf 86' lang='lat' dir='ltr'><strong>amari-</strong></span> 
     </span>
    </p>
   </div>
   <div class='ocr_carea' id='block_1_70' title="bbox 650 4083 2200 4151">
    <p class='ocr_par' dir='ltr' id='par_1_70' title="bbox 650 4083 2200 4151">
     <span class='ocr_line' id='line_1_70' title="bbox 650 4083 2200 4151; baseline 0.003 -19"><span class='ocrx_word' id='word_1_514' title='bbox 650 4083 871 4146; x_wconf 91' lang='lat' dir='ltr'><strong>tudinis,</strong></span> <span class='ocrx_word' id='word_1_515' title='bbox 907 4084 1199 4137; x_wconf 89' lang='lat' dir='ltr'><strong>secundum</strong></span> <span class='ocrx_word' id='word_1_516' title='bbox 1258 4085 1497 4137; x_wconf 88' lang='lat' dir='ltr'><strong>divinum</strong></span> <span class='ocrx_word' id='word_1_517' title='bbox 1538 4085 1863 4151; x_wconf 89' lang='lat' dir='ltr'><strong>apostolum,</strong></span> <span class='ocrx_word' id='word_1_518' title='bbox 1925 4099 2019 4151; x_wconf 82' lang='lat' dir='ltr'><strong>per</strong></span> <span class='ocrx_word' id='word_1_519' title='bbox 2060 4099 2200 4151; x_wconf 68' lang='lat' dir='ltr'><strong>prat-</strong></span> 
     </span>
    </p>
   </div>
   <div class='ocr_carea' id='block_1_71' title="bbox 646 4173 2201 4242">
    <p class='ocr_par' dir='ltr' id='par_1_71' title="bbox 646 4173 2201 4242">
     <span class='ocr_line' id='line_1_71' title="bbox 646 4173 2201 4242; baseline 0.003 -20"><span class='ocrx_word' id='word_1_520' title='bbox 646 4179 853 4223; x_wconf 85' lang='lat' dir='ltr'><strong>sentetn</strong></span> <span class='ocrx_word' id='word_1_521' title='bbox 886 4183 1124 4224; x_wconf 88' lang='lat' dir='ltr'><strong>nostram</strong></span> <span class='ocrx_word' id='word_1_522' title='bbox 1160 4173 1491 4237; x_wconf 85' lang='lat' dir='ltr'><strong>spiritualem</strong></span> <span class='ocrx_word' id='word_1_523' title='bbox 1524 4183 1578 4228; x_wconf 91' lang='lat' dir='ltr'><strong>et</strong></span> <span class='ocrx_word' id='word_1_524' title='bbox 1605 4173 1762 4242; x_wconf 81' lang='lat'><strong>537</strong></span> <span class='ocrx_word' id='word_1_525' title='bbox 1794 4183 2071 4241; x_wconf 88' lang='lat' dir='ltr'><strong>paternam</strong></span> <span class='ocrx_word' id='word_1_526' title='bbox 2105 4173 2201 4227; x_wconf 55' lang='lat' dir='ltr'><strong>doc</strong></span> 
     </span>
    </p>
   </div>
   <div class='ocr_carea' id='block_1_72' title="bbox 647 4261 2203 4330">
    <p class='ocr_par' dir='ltr' id='par_1_72' title="bbox 647 4261 2203 4330">
     <span class='ocr_line' id='line_1_72' title="bbox 647 4261 2203 4330; baseline 0.002 -18"><span class='ocrx_word' id='word_1_527' title='bbox 647 4261 897 4324; x_wconf 87' lang='lat' dir='ltr'><strong>ctrinam,</strong></span> <span class='ocrx_word' id='word_1_528' title='bbox 921 4277 1036 4328; x_wconf 68' lang='lat' dir='ltr'><strong>quae</strong></span> <span class='ocrx_word' id='word_1_529' title='bbox 1060 4276 1280 4330; x_wconf 81' lang='lat' dir='ltr'><strong>scOpum</strong></span> <span class='ocrx_word' id='word_1_530' title='bbox 1313 4263 1524 4330; x_wconf 88' lang='lat' dir='ltr'><strong>quidem</strong></span> <span class='ocrx_word' id='word_1_531' title='bbox 1549 4274 1730 4329; x_wconf 86' lang='lat' dir='ltr'><strong>aperte</strong></span> <span class='ocrx_word' id='word_1_532' title='bbox 1757 4261 1998 4315; x_wconf 88' lang='lat' dir='ltr'><strong>declarat</strong></span> <span class='ocrx_word' id='word_1_533' title='bbox 2027 4275 2203 4315; x_wconf 66' lang='lat' dir='ltr'><strong>causae</strong></span> 
     </span>
    </p>
   </div>
   <div class='ocr_carea' id='block_1_73' title="bbox 649 4352 2198 4420">
    <p class='ocr_par' dir='ltr' id='par_1_73' title="bbox 649 4352 2198 4420">
     <span class='ocr_line' id='line_1_73' title="bbox 649 4352 2198 4420; baseline 0.002 -18"><span class='ocrx_word' id='word_1_534' title='bbox 649 4353 932 4419; x_wconf 79' lang='lat' dir='ltr'><strong>prepositae</strong></span> <span class='ocrx_word' id='word_1_535' title='bbox 965 4353 1029 4404; x_wconf 88' lang='lat' dir='ltr'><strong>de</strong></span> <span class='ocrx_word' id='word_1_536' title='bbox 1079 4352 1164 4415; x_wconf 85' lang='lat' dir='ltr'><strong>iis,</strong></span> <span class='ocrx_word' id='word_1_537' title='bbox 1201 4352 1294 4420; x_wconf 88' lang='lat' dir='ltr'><strong>qui</strong></span> <span class='ocrx_word' id='word_1_538' title='bbox 1337 4367 1546 4406; x_wconf 85' lang='lat' dir='ltr'><strong>sacram</strong></span> <span class='ocrx_word' id='word_1_539' title='bbox 1594 4352 1965 4405; x_wconf 87' lang='lat' dir='ltr'><strong>auctoritatem</strong></span> <span class='ocrx_word' id='word_1_540' title='bbox 2023 4352 2198 4406; x_wconf 89' lang='lat' dir='ltr'><strong>sortiti</strong></span> 
     </span>
    </p>
   </div>
   <div class='ocr_carea' id='block_1_74' title="bbox 648 4443 2202 4515">
    <p class='ocr_par' dir='ltr' id='par_1_74' title="bbox 648 4443 2202 4515">
     <span class='ocr_line' id='line_1_74' title="bbox 648 4443 2202 4515; baseline 0.003 -20"><span class='ocrx_word' id='word_1_541' title='bbox 648 4453 794 4508; x_wconf 82' lang='lat' dir='ltr'><strong>sum,</strong></span> <span class='ocrx_word' id='word_1_542' title='bbox 825 4451 880 4496; x_wconf 88' lang='lat' dir='ltr'><strong>et</strong></span> <span class='ocrx_word' id='word_1_543' title='bbox 911 4443 1262 4500; x_wconf 76' lang='lat' dir='ltr'><strong>saecularibus</strong></span> <span class='ocrx_word' id='word_1_544' title='bbox 1277 4445 1484 4512; x_wconf 89' lang='lat' dir='ltr'><strong>seipsos</strong></span> <span class='ocrx_word' id='word_1_545' title='bbox 1513 4445 1916 4512; x_wconf 75' lang='lat' dir='ltr'><strong>magistratibus</strong></span> <span class='ocrx_word' id='word_1_546' title='bbox 1944 4455 1997 4498; x_wconf 90' lang='lat' dir='ltr'><strong>et</strong></span> <span class='ocrx_word' id='word_1_547' title='bbox 2028 4446 2202 4515; x_wconf 77' lang='lat' dir='ltr'><strong>digni-</strong></span> 
     </span>
    </p>
   </div>
   <div class='ocr_carea' id='block_1_75' title="bbox 651 4534 2198 4603">
    <p class='ocr_par' dir='ltr' id='par_1_75' title="bbox 651 4534 2198 4603">
     <span class='ocr_line' id='line_1_75' title="bbox 651 4534 2198 4603; baseline 0.005 -20"><span class='ocrx_word' id='word_1_548' title='bbox 651 4535 851 4587; x_wconf 91' lang='lat' dir='ltr'><strong>tatibus</strong></span> <span class='ocrx_word' id='word_1_549' title='bbox 878 4534 1131 4601; x_wconf 88' lang='lat' dir='ltr'><strong>cnrisque</strong></span> <span class='ocrx_word' id='word_1_550' title='bbox 1167 4549 1229 4587; x_wconf 89' lang='lat' dir='ltr'><strong>ac</strong></span> <span class='ocrx_word' id='word_1_551' title='bbox 1258 4537 1484 4603; x_wconf 74' lang='lat' dir='ltr'><strong>negotiis</strong></span> <span class='ocrx_word' id='word_1_552' title='bbox 1524 4536 1817 4602; x_wconf 89' lang='lat' dir='ltr'><strong>implicant.</strong></span> <span class='ocrx_word' id='word_1_553' title='bbox 1855 4537 1932 4589; x_wconf 82' lang='lat' dir='ltr'><strong>Ad</strong></span> <span class='ocrx_word' id='word_1_554' title='bbox 1975 4538 2198 4590; x_wconf 86' lang='lat' dir='ltr'><strong>verbum</strong></span> 
     </span>
    </p>
   </div>
   <div class='ocr_carea' id='block_1_76' title="bbox 647 4623 2204 4696">
    <p class='ocr_par' dir='ltr' id='par_1_76' title="bbox 647 4623 2204 4696">
     <span class='ocr_line' id='line_1_76' title="bbox 647 4623 2204 4696; baseline 0.006 -24"><span class='ocrx_word' id='word_1_555' title='bbox 647 4633 824 4677; x_wconf 72' lang='lat' dir='ltr'><strong>autem</strong></span> <span class='ocrx_word' id='word_1_556' title='bbox 850 4623 928 4678; x_wconf 90' lang='lat' dir='ltr'><strong>sic</strong></span> <span class='ocrx_word' id='word_1_557' title='bbox 966 4638 1025 4676; x_wconf 86' lang='lat' dir='ltr'><strong>se</strong></span> <span class='ocrx_word' id='word_1_558' title='bbox 1061 4625 1258 4678; x_wconf 87' lang='lat' dir='ltr'><strong>habet:</strong></span> <span class='ocrx_word' id='word_1_559' title='bbox 1286 4627 1376 4687; x_wconf 88' lang='lat' dir='ltr'><strong>lis,</strong></span> <span class='ocrx_word' id='word_1_560' title='bbox 1398 4628 1486 4696; x_wconf 90' lang='lat' dir='ltr'><strong>qui</strong></span> <span class='ocrx_word' id='word_1_561' title='bbox 1516 4627 1925 4690; x_wconf 87' lang='lat' dir='ltr'><strong>sacerdotalem,</strong></span> <span class='ocrx_word' id='word_1_562' title='bbox 1955 4628 2204 4695; x_wconf 90' lang='lat' dir='ltr'><strong>inquiunt</strong></span> 
     </span>
    </p>
   </div>
   <div class='ocr_carea' id='block_1_77' title="bbox 649 4713 2203 4784">
    <p class='ocr_par' dir='ltr' id='par_1_77' title="bbox 649 4713 2203 4784">
     <span class='ocr_line' id='line_1_77' title="bbox 649 4713 2203 4784; baseline 0.003 -19"><span class='ocrx_word' id='word_1_563' title='bbox 649 4713 854 4772; x_wconf 85' lang='lat' dir='ltr'><strong>Patres,</strong></span> <span class='ocrx_word' id='word_1_564' title='bbox 881 4714 1199 4781; x_wconf 79' lang='lat' dir='ltr'><strong>dignitatem</strong></span> <span class='ocrx_word' id='word_1_565' title='bbox 1242 4717 1415 4770; x_wconf 90' lang='lat' dir='ltr'><strong>sortiti</strong></span> <span class='ocrx_word' id='word_1_566' title='bbox 1453 4728 1598 4779; x_wconf 87' lang='lat' dir='ltr'><strong>sunt,</strong></span> <span class='ocrx_word' id='word_1_567' title='bbox 1627 4717 1932 4770; x_wconf 85' lang='lat' dir='ltr'><strong>testimonia</strong></span> <span class='ocrx_word' id='word_1_568' title='bbox 1975 4726 2028 4771; x_wconf 90' lang='lat' dir='ltr'><strong>et</strong></span> <span class='ocrx_word' id='word_1_569' title='bbox 2066 4733 2203 4784; x_wconf 69' lang='lat' dir='ltr'><strong>prte-</strong></span> 
     </span>
    </p>
   </div>
   <div class='ocr_carea' id='block_1_78' title="bbox 647 4804 2203 4862">
    <p class='ocr_par' dir='ltr' id='par_1_78' title="bbox 647 4804 2203 4862">
     <span class='ocr_line' id='line_1_78' title="bbox 647 4804 2203 4862; baseline 0.001 -2"><span class='ocrx_word' id='word_1_570' title='bbox 647 4804 790 4860; x_wconf 88' lang='lat' dir='ltr'><strong>clara</strong></span> <span class='ocrx_word' id='word_1_571' title='bbox 836 4804 976 4857; x_wconf 77' lang='lat' dir='ltr'><strong>facta</strong></span> <span class='ocrx_word' id='word_1_572' title='bbox 1035 4815 1160 4858; x_wconf 91' lang='lat' dir='ltr'><strong>sunt</strong></span> <span class='ocrx_word' id='word_1_573' title='bbox 1196 4809 1579 4862; x_wconf 87' lang='lat' dir='ltr'><strong>canonicarum</strong></span> <span class='ocrx_word' id='word_1_574' title='bbox 1627 4810 2072 4862; x_wconf 90' lang='lat' dir='ltr'><strong>constitutionum</strong></span> <span class='ocrx_word' id='word_1_575' title='bbox 2123 4810 2203 4862; x_wconf 86' lang='lat' dir='ltr'><strong>in-</strong></span> 
     </span>
    </p>
   </div>
   <div class='ocr_carea' id='block_1_79' title="bbox 647 4893 2201 4960">
    <p class='ocr_par' dir='ltr' id='par_1_79' title="bbox 647 4893 2201 4960">
     <span class='ocr_line' id='line_1_79' title="bbox 647 4893 2201 4960; baseline 0.003 -15"><span class='ocrx_word' id='word_1_576' title='bbox 647 4893 1023 4956; x_wconf 82' lang='lat' dir='ltr'><strong>t‘ormationes,</strong></span> <span class='ocrx_word' id='word_1_577' title='bbox 1068 4909 1203 4960; x_wconf 87' lang='lat' dir='ltr'><strong>quas</strong></span> <span class='ocrx_word' id='word_1_578' title='bbox 1257 4895 1419 4948; x_wconf 89' lang='lat' dir='ltr'><strong>etiam</strong></span> <span class='ocrx_word' id='word_1_579' title='bbox 1461 4897 1705 4950; x_wconf 88' lang='lat' dir='ltr'><strong>lubenter</strong></span> <span class='ocrx_word' id='word_1_580' title='bbox 1738 4901 2102 4960; x_wconf 85' lang='lat' dir='ltr'><strong>admittentes,</strong></span> <span class='ocrx_word' id='word_1_581' title='bbox 2137 4900 2201 4950; x_wconf 88' lang='lat' dir='ltr'><strong>ad</strong></span> 
     </span>
    </p>
   </div>
   <div class='ocr_carea' id='block_1_80' title="bbox 649 4983 2196 5050">
    <p class='ocr_par' dir='ltr' id='par_1_80' title="bbox 649 4983 2196 5050">
     <span class='ocr_line' id='line_1_80' title="bbox 649 4983 2196 5050; baseline 0.002 -15"><span class='ocrx_word' id='word_1_582' title='bbox 649 4983 934 5035; x_wconf 89' lang='lat' dir='ltr'><strong>Dominum</strong></span> <span class='ocrx_word' id='word_1_583' title='bbox 967 4983 1132 5038; x_wconf 91' lang='lat' dir='ltr'><strong>Deum</strong></span> <span class='ocrx_word' id='word_1_584' title='bbox 1153 5000 1278 5038; x_wconf 90' lang='lat' dir='ltr'><strong>cum</strong></span> <span class='ocrx_word' id='word_1_585' title='bbox 1304 4985 1501 5039; x_wconf 70' lang='lat' dir='ltr'><strong>Davitle</strong></span> <span class='ocrx_word' id='word_1_586' title='bbox 1531 4986 1620 5040; x_wconf 86' lang='lat' dir='ltr'><strong>Dei</strong></span> <span class='ocrx_word' id='word_1_587' title='bbox 1651 5002 1894 5050; x_wconf 73' lang='lat' dir='ltr'><strong>praecone</strong></span> <span class='ocrx_word' id='word_1_588' title='bbox 1917 4988 2196 5040; x_wconf 83' lang='lat' dir='ltr'><strong>canimus:</strong></span> 
     </span>
    </p>
   </div>
   <div class='ocr_carea' id='block_1_81' title="bbox 649 5073 2200 5138">
    <p class='ocr_par' dir='ltr' id='par_1_81' title="bbox 649 5073 2200 5138">
     <span class='ocr_line' id='line_1_81' title="bbox 649 5073 2200 5138; baseline 0.001 -11"><span class='ocrx_word' id='word_1_589' title='bbox 649 5073 717 5127; x_wconf 74' lang='lat' dir='ltr'><strong>In</strong></span> <span class='ocrx_word' id='word_1_590' title='bbox 752 5078 837 5127; x_wconf 81' lang='lat' dir='ltr'><strong>via</strong></span> <span class='ocrx_word' id='word_1_591' title='bbox 889 5079 1297 5130; x_wconf 76' lang='lat' dir='ltr'><strong>testimoniorum</strong></span> <span class='ocrx_word' id='word_1_592' title='bbox 1328 5088 1536 5129; x_wconf 88' lang='lat' dir='ltr'><strong>tuorum</strong></span> <span class='ocrx_word' id='word_1_593' title='bbox 1567 5078 1852 5130; x_wconf 80' lang='lat' dir='ltr'><strong>delectatus</strong></span> <span class='ocrx_word' id='word_1_594' title='bbox 1908 5093 2042 5138; x_wconf 69' lang='lat' dir='ltr'><strong>sum,</strong></span> <span class='ocrx_word' id='word_1_595' title='bbox 2082 5087 2200 5128; x_wconf 83' lang='lat' dir='ltr'><strong>tan-</strong></span> 
     </span>
    </p>
   </div>
   <div class='ocr_carea' id='block_1_82' title="bbox 646 5166 2198 5232">
    <p class='ocr_par' dir='ltr' id='par_1_82' title="bbox 646 5166 2198 5232">
     <span class='ocr_line' id='line_1_82' title="bbox 646 5166 2198 5232; baseline 0.002 -16"><span class='ocrx_word' id='word_1_596' title='bbox 646 5182 802 5232; x_wconf 83' lang='lat' dir='ltr'><strong>quam</strong></span> <span class='ocrx_word' id='word_1_597' title='bbox 835 5166 889 5217; x_wconf 85' lang='lat' dir='ltr'><strong>t&#39;n</strong></span> <span class='ocrx_word' id='word_1_598' title='bbox 919 5168 1152 5220; x_wconf 83' lang='lat' dir='ltr'><strong>omnibus</strong></span> <span class='ocrx_word' id='word_1_599' title='bbox 1191 5168 1386 5220; x_wconf 76' lang='lat' dir='ltr'><strong>divitiis</strong></span> <span class='ocrx_word' id='word_1_600' title='bbox 1419 5169 1480 5220; x_wconf 69' lang='grc' dir='ltr'><strong>ι’.</strong></span> <span class='ocrx_word' id='word_1_601' title='bbox 1522 5169 1586 5220; x_wconf 84' lang='grc' dir='ltr'>Ει</span> <span class='ocrx_word' id='word_1_602' title='bbox 1631 5183 1814 5220; x_wconf 85' lang='lat' dir='ltr'><strong>rursus</strong></span> <span class='ocrx_word' id='word_1_603' title='bbox 1852 5183 1866 5219; x_wconf 88' lang='lat'>:</span> <span class='ocrx_word' id='word_1_604' title='bbox 1926 5166 2198 5220; x_wconf 82' lang='lat' dir='ltr'><strong>Mandam&#39;</strong></span> 
     </span>
    </p>
   </div>
   <div class='ocr_carea' id='block_1_83' title="bbox 647 5256 2198 5321">
    <p class='ocr_par' dir='ltr' id='par_1_83' title="bbox 647 5256 2198 5321">
     <span class='ocr_line' id='line_1_83' title="bbox 647 5256 2198 5321; baseline 0.002 -15"><span class='ocrx_word' id='word_1_605' title='bbox 647 5256 945 5320; x_wconf 72' lang='lat' dir='ltr'><strong>iustitiam;</strong></span> <span class='ocrx_word' id='word_1_606' title='bbox 977 5258 1268 5314; x_wconf 68' lang='lat' dir='ltr'><strong>testimonia</strong></span> <span class='ocrx_word' id='word_1_607' title='bbox 1293 5269 1381 5311; x_wconf 85' lang='lat' dir='ltr'><strong>tua</strong></span> <span class='ocrx_word' id='word_1_608' title='bbox 1418 5260 1472 5311; x_wconf 82' lang='lat' dir='ltr'><strong>in</strong></span> <span class='ocrx_word' id='word_1_609' title='bbox 1498 5269 1748 5310; x_wconf 71' lang='lat' dir='ltr'><strong>retentum</strong></span> <span class='ocrx_word' id='word_1_610' title='bbox 1775 5261 1898 5310; x_wconf 85' lang='lat' dir='ltr'><strong>doce</strong></span> <span class='ocrx_word' id='word_1_611' title='bbox 1921 5274 2022 5321; x_wconf 86' lang='lat' dir='ltr'><strong>me,</strong></span> <span class='ocrx_word' id='word_1_612' title='bbox 2049 5267 2098 5309; x_wconf 88' lang='lat' dir='ltr'><strong>et</strong></span> <span class='ocrx_word' id='word_1_613' title='bbox 2125 5259 2198 5310; x_wconf 82' lang='lat' dir='ltr'><strong>vi—</strong></span> 
     </span>
    </p>
   </div>
   <div class='ocr_carea' id='block_1_84' title="bbox 648 5347 2196 5417">
    <p class='ocr_par' dir='ltr' id='par_1_84' title="bbox 648 5347 2196 5417">
     <span class='ocr_line' id='line_1_84' title="bbox 648 5347 2196 5417; baseline 0.003 -19"><span class='ocrx_word' id='word_1_614' title='bbox 648 5365 761 5398; x_wconf 73' lang='lat' dir='ltr'><strong>vam</strong></span> <span class='ocrx_word' id='word_1_615' title='bbox 794 5347 859 5400; x_wconf 78' lang='grc'><strong>³⁸.</strong></span> <span class='ocrx_word' id='word_1_616' title='bbox 891 5350 1040 5414; x_wconf 85' lang='lat' dir='ltr'><strong>Quod</strong></span> <span class='ocrx_word' id='word_1_617' title='bbox 1072 5350 1115 5401; x_wconf 88' lang='lat' dir='ltr'><strong>si</strong></span> <span class='ocrx_word' id='word_1_618' title='bbox 1151 5365 1249 5403; x_wconf 80' lang='lat' dir='ltr'><strong>vox</strong></span> <span class='ocrx_word' id='word_1_619' title='bbox 1286 5351 1594 5417; x_wconf 81' lang='lat' dir='ltr'><strong>praphetica</strong></span> <span class='ocrx_word' id='word_1_620' title='bbox 1640 5366 1734 5403; x_wconf 86' lang='lat' dir='ltr'><strong>nos</strong></span> <span class='ocrx_word' id='word_1_621' title='bbox 1760 5350 1914 5416; x_wconf 87' lang='lat' dir='ltr'><strong>jubet</strong></span> <span class='ocrx_word' id='word_1_622' title='bbox 1945 5352 1996 5403; x_wconf 83' lang='lat' dir='ltr'><strong>io</strong></span> <span class='ocrx_word' id='word_1_623' title='bbox 2037 5360 2196 5404; x_wconf 68' lang='grc' dir='ltr'>αξιοι-ο</span> 
     </span>
    </p>
   </div>
   <div class='ocr_carea' id='block_1_85' title="bbox 651 5436 2196 5509">
    <p class='ocr_par' dir='ltr' id='par_1_85' title="bbox 651 5436 2196 5509">
     <span class='ocr_line' id='line_1_85' title="bbox 651 5436 2196 5509; baseline 0.005 -22"><span class='ocrx_word' id='word_1_624' title='bbox 651 5453 775 5488; x_wconf 84' lang='grc' dir='ltr'>ιιιιιιι</span> <span class='ocrx_word' id='word_1_625' title='bbox 817 5436 905 5490; x_wconf 82' lang='lat' dir='ltr'><strong>Dei</strong></span> <span class='ocrx_word' id='word_1_626' title='bbox 945 5440 1248 5492; x_wconf 86' lang='lat' dir='ltr'><strong>testimonia</strong></span> <span class='ocrx_word' id='word_1_627' title='bbox 1307 5441 1596 5503; x_wconf 79' lang='lat' dir='ltr'><strong>custodire,</strong></span> <span class='ocrx_word' id='word_1_628' title='bbox 1648 5452 1700 5493; x_wconf 88' lang='lat' dir='ltr'><strong>et</strong></span> <span class='ocrx_word' id='word_1_629' title='bbox 1742 5442 1792 5493; x_wconf 91' lang='lat' dir='ltr'><strong>in</strong></span> <span class='ocrx_word' id='word_1_630' title='bbox 1836 5443 1965 5509; x_wconf 90' lang='lat' dir='ltr'><strong>ipsis</strong></span> <span class='ocrx_word' id='word_1_631' title='bbox 1998 5445 2196 5503; x_wconf 87' lang='lat' dir='ltr'><strong>vivere,</strong></span> 
     </span>
    </p>
   </div>
   <div class='ocr_carea' id='block_1_86' title="bbox 652 5529 2195 5588">
    <p class='ocr_par' dir='ltr' id='par_1_86' title="bbox 652 5529 2195 5588">
     <span class='ocr_line' id='line_1_86' title="bbox 652 5529 2195 5588; baseline 0.001 -6"><span class='ocrx_word' id='word_1_632' title='bbox 652 5529 990 5582; x_wconf 77' lang='lat' dir='ltr'><strong>manifestum</strong></span> <span class='ocrx_word' id='word_1_633' title='bbox 1026 5543 1105 5584; x_wconf 75' lang='lat' dir='ltr'><strong>est</strong></span> <span class='ocrx_word' id='word_1_634' title='bbox 1143 5547 1204 5585; x_wconf 89' lang='lat' dir='ltr'><strong>ea</strong></span> <span class='ocrx_word' id='word_1_635' title='bbox 1243 5533 1560 5587; x_wconf 82' lang='lat' dir='ltr'><strong>inconcussa</strong></span> <span class='ocrx_word' id='word_1_636' title='bbox 1593 5544 1645 5587; x_wconf 89' lang='lat' dir='ltr'><strong>et</strong></span> <span class='ocrx_word' id='word_1_637' title='bbox 1695 5533 1838 5588; x_wconf 88' lang='lat' dir='ltr'><strong>nulla</strong></span> <span class='ocrx_word' id='word_1_638' title='bbox 1876 5535 2085 5587; x_wconf 89' lang='lat' dir='ltr'><strong>ratione</strong></span> <span class='ocrx_word' id='word_1_639' title='bbox 2116 5534 2195 5586; x_wconf 77' lang='lat' dir='ltr'><strong>la-</strong></span> 
     </span>
    </p>
   </div>
   <div class='ocr_carea' id='block_1_87' title="bbox 712 5700 1743 5772">
    <p class='ocr_par' dir='ltr' id='par_1_87' title="bbox 712 5700 1743 5772">
     <span class='ocr_line' id='line_1_87' title="bbox 712 5700 1743 5772; baseline 0.011 -22"><span class='ocrx_word' id='word_1_640' title='bbox 712 5701 755 5750; x_wconf 65' lang='grc' dir='ltr'><strong>ξ’</strong></span> <span class='ocrx_word' id='word_1_641' title='bbox 784 5700 924 5766; x_wconf 75' lang='lat' dir='ltr'><strong>Psal.</strong></span> <span class='ocrx_word' id='word_1_642' title='bbox 979 5718 1160 5762; x_wconf 74' lang='lat' dir='ltr'><strong>omn.</strong></span> <span class='ocrx_word' id='word_1_643' title='bbox 1218 5705 1296 5756; x_wconf 65' lang='lat' dir='ltr'><strong>I1.</strong></span> <span class='ocrx_word' id='word_1_644' title='bbox 1385 5705 1427 5738; x_wconf 76' lang='grc' dir='ltr'><strong>³ο</strong></span> <span class='ocrx_word' id='word_1_645' title='bbox 1465 5705 1601 5772; x_wconf 55' lang='grc' dir='ltr'>ιιριιι,</span> <span class='ocrx_word' id='word_1_646' title='bbox 1643 5707 1743 5769; x_wconf 67' lang='grc'><strong>158</strong></span> 
     </span>
    </p>
   </div>
   <div class='ocr_carea' id='block_1_88' title="bbox 2307 3177 3866 3249">
    <p class='ocr_par' dir='ltr' id='par_1_88' title="bbox 2307 3177 3866 3249">
     <span class='ocr_line' id='line_1_88' title="bbox 2307 3177 3866 3249; baseline 0.003 -21"><span class='ocrx_word' id='word_1_647' title='bbox 2307 3178 2404 3230; x_wconf 89' lang='grc' dir='ltr'>Διά</span> <span class='ocrx_word' id='word_1_648' title='bbox 2452 3177 2610 3230; x_wconf 87' lang='grc' dir='ltr'>τοῦτο</span> <span class='ocrx_word' id='word_1_649' title='bbox 2675 3181 2767 3231; x_wconf 75' lang='grc' dir='ltr'><strong>καὶ</strong></span> <span class='ocrx_word' id='word_1_650' title='bbox 2825 3182 2857 3247; x_wconf 82' lang='grc' dir='ltr'>ἠ</span> <span class='ocrx_word' id='word_1_651' title='bbox 2895 3182 3182 3249; x_wconf 83' lang='grc' dir='ltr'>μετριότης</span> <span class='ocrx_word' id='word_1_652' title='bbox 3237 3181 3389 3249; x_wconf 82' lang='grc' dir='ltr'>ἡμῶν</span> <span class='ocrx_word' id='word_1_653' title='bbox 3440 3183 3539 3233; x_wconf 83' lang='grc' dir='ltr'><strong>ούκ</strong></span> <span class='ocrx_word' id='word_1_654' title='bbox 3568 3182 3866 3246; x_wconf 70' lang='grc' dir='ltr'>ἀνασχετὸν</span> 
     </span>
    </p>
   </div>
   <div class='ocr_carea' id='block_1_89' title="bbox 2306 3269 3860 3340">
    <p class='ocr_par' dir='ltr' id='par_1_89' title="bbox 2306 3269 3860 3340">
     <span class='ocr_line' id='line_1_89' title="bbox 2306 3269 3860 3340; baseline 0.002 -21"><span class='ocrx_word' id='word_1_655' title='bbox 2306 3269 2628 3337; x_wconf 76' lang='grc' dir='ltr'>ἡγησαμένη</span> <span class='ocrx_word' id='word_1_656' title='bbox 2659 3271 2900 3338; x_wconf 80' lang='grc' dir='ltr'>πονηρὰν</span> <span class='ocrx_word' id='word_1_657' title='bbox 2930 3271 3215 3339; x_wconf 79' lang='grc' dir='ltr'>συνήθειαν</span> <span class='ocrx_word' id='word_1_658' title='bbox 3245 3271 3338 3324; x_wconf 73' lang='grc' dir='ltr'>καὶ</span> <span class='ocrx_word' id='word_1_659' title='bbox 3373 3271 3454 3323; x_wconf 77' lang='grc' dir='ltr'>ἔτι</span> <span class='ocrx_word' id='word_1_660' title='bbox 3491 3273 3733 3337; x_wconf 88' lang='grc' dir='ltr'>κρατεῖν,</span> <span class='ocrx_word' id='word_1_661' title='bbox 3771 3290 3860 3340; x_wconf 82' lang='grc' dir='ltr'>μι-</span> 
     </span>
    </p>
   </div>
   <div class='ocr_carea' id='block_1_90' title="bbox 2305 3358 3870 3430">
    <p class='ocr_par' dir='ltr' id='par_1_90' title="bbox 2305 3358 3870 3430">
     <span class='ocr_line' id='line_1_90' title="bbox 2305 3358 3870 3430; baseline 0.004 -23"><span class='ocrx_word' id='word_1_662' title='bbox 2305 3358 2574 3422; x_wconf 88' lang='grc' dir='ltr'>γνύουσαν</span> <span class='ocrx_word' id='word_1_663' title='bbox 2601 3359 2718 3411; x_wconf 87' lang='grc' dir='ltr'>θεῖά</span> <span class='ocrx_word' id='word_1_664' title='bbox 2747 3376 2804 3411; x_wconf 88' lang='grc' dir='ltr'><strong>τε</strong></span> <span class='ocrx_word' id='word_1_665' title='bbox 2839 3360 2932 3412; x_wconf 76' lang='grc' dir='ltr'><strong>καὶ</strong></span> <span class='ocrx_word' id='word_1_666' title='bbox 2964 3361 3300 3429; x_wconf 82' lang='grc' dir='ltr'>ἀνθρώπινα,</span> <span class='ocrx_word' id='word_1_667' title='bbox 3340 3362 3433 3413; x_wconf 78' lang='grc' dir='ltr'>καὶ</span> <span class='ocrx_word' id='word_1_668' title='bbox 3489 3365 3555 3430; x_wconf 79' lang='grc' dir='ltr'>τῇ</span> <span class='ocrx_word' id='word_1_669' title='bbox 3611 3362 3706 3429; x_wconf 82' lang='grc' dir='ltr'>τῆς</span> <span class='ocrx_word' id='word_1_670' title='bbox 3740 3360 3870 3413; x_wconf 78' lang='grc' dir='ltr'><strong>Ἐκο</strong></span> 
     </span>
    </p>
   </div>
   <div class='ocr_carea' id='block_1_91' title="bbox 2305 3451 3863 3521">
    <p class='ocr_par' dir='ltr' id='par_1_91' title="bbox 2305 3451 3863 3521">
     <span class='ocr_line' id='line_1_91' title="bbox 2305 3451 3863 3521; baseline 0.001 -20"><span class='ocrx_word' id='word_1_671' title='bbox 2305 3451 2532 3516; x_wconf 87' lang='grc' dir='ltr'>κλησίας</span> <span class='ocrx_word' id='word_1_672' title='bbox 2563 3451 2919 3516; x_wconf 79' lang='grc' dir='ltr'>καταστάσει,</span> <span class='ocrx_word' id='word_1_673' title='bbox 2959 3454 3056 3520; x_wconf 83' lang='grc' dir='ltr'>τῆς</span> <span class='ocrx_word' id='word_1_674' title='bbox 3098 3453 3400 3520; x_wconf 71' lang='grc' dir='ltr'>ἀμωμήτου</span> <span class='ocrx_word' id='word_1_675' title='bbox 3461 3452 3677 3520; x_wconf 84' lang='grc' dir='ltr'>νύμφης</span> <span class='ocrx_word' id='word_1_676' title='bbox 3729 3453 3863 3521; x_wconf 87' lang='grc' dir='ltr'>Χρι-</span> 
     </span>
    </p>
   </div>
   <div class='ocr_carea' id='block_1_92' title="bbox 2306 3540 3866 3610">
    <p class='ocr_par' dir='ltr' id='par_1_92' title="bbox 2306 3540 3866 3610">
     <span class='ocr_line' id='line_1_92' title="bbox 2306 3540 3866 3610; baseline 0.001 -20"><span class='ocrx_word' id='word_1_677' title='bbox 2306 3540 2453 3602; x_wconf 85' lang='grc' dir='ltr'>στοῦ,</span> <span class='ocrx_word' id='word_1_678' title='bbox 2503 3541 2723 3603; x_wconf 77' lang='grc' dir='ltr'>σπίλους</span> <span class='ocrx_word' id='word_1_679' title='bbox 2751 3544 2811 3594; x_wconf 91' lang='grc' dir='ltr'><strong>ού</strong></span> <span class='ocrx_word' id='word_1_680' title='bbox 2844 3545 2973 3604; x_wconf 69' lang='grc' dir='ltr'>τοὺς</span> <span class='ocrx_word' id='word_1_681' title='bbox 3005 3543 3260 3610; x_wconf 65' lang='grc' dir='ltr'>τυχόντας</span> <span class='ocrx_word' id='word_1_682' title='bbox 3309 3542 3866 3610; x_wconf 80' lang='grc' dir='ltr'>προσεπιτρίὸουσαν,</span> 
     </span>
    </p>
   </div>
   <div class='ocr_carea' id='block_1_93' title="bbox 2304 3633 3865 3705">
    <p class='ocr_par' dir='ltr' id='par_1_93' title="bbox 2304 3633 3865 3705">
     <span class='ocr_line' id='line_1_93' title="bbox 2304 3633 3865 3705; baseline -0.001 -21"><span class='ocrx_word' id='word_1_683' title='bbox 2304 3634 2397 3685; x_wconf 73' lang='grc' dir='ltr'>καὶ</span> <span class='ocrx_word' id='word_1_684' title='bbox 2425 3635 2579 3702; x_wconf 87' lang='grc' dir='ltr'>τύφῳ</span> <span class='ocrx_word' id='word_1_685' title='bbox 2611 3636 2700 3685; x_wconf 67' lang='grc' dir='ltr'><strong>καὶ</strong></span> <span class='ocrx_word' id='word_1_686' title='bbox 2723 3635 2946 3705; x_wconf 68' lang='grc' dir='ltr'>ἀσχολίᾳ</span> <span class='ocrx_word' id='word_1_687' title='bbox 2973 3636 3196 3705; x_wconf 80' lang='grc' dir='ltr'>ματαίᾳ,</span> <span class='ocrx_word' id='word_1_688' title='bbox 3226 3637 3316 3687; x_wconf 72' lang='grc' dir='ltr'>καὶ</span> <span class='ocrx_word' id='word_1_689' title='bbox 3342 3637 3406 3701; x_wconf 84' lang='grc' dir='ltr'>τῇ</span> <span class='ocrx_word' id='word_1_690' title='bbox 3433 3635 3560 3704; x_wconf 78' lang='grc' dir='ltr'>περὶ</span> <span class='ocrx_word' id='word_1_691' title='bbox 3585 3633 3651 3685; x_wconf 82' lang='grc' dir='ltr'>τὰ</span> <span class='ocrx_word' id='word_1_692' title='bbox 3677 3633 3865 3684; x_wconf 83' lang='grc' dir='ltr'>είκαῖα</span> 
     </span>
    </p>
   </div>
   <div class='ocr_carea' id='block_1_94' title="bbox 2305 3723 3866 3794">
    <p class='ocr_par' dir='ltr' id='par_1_94' title="bbox 2305 3723 3866 3794">
     <span class='ocr_line' id='line_1_94' title="bbox 2305 3723 3866 3794; baseline -0.002 -18"><span class='ocrx_word' id='word_1_693' title='bbox 2305 3725 2399 3778; x_wconf 77' lang='grc' dir='ltr'>καὶ</span> <span class='ocrx_word' id='word_1_694' title='bbox 2429 3727 2598 3793; x_wconf 84' lang='grc' dir='ltr'>ταύτῃ</span> <span class='ocrx_word' id='word_1_695' title='bbox 2633 3727 2907 3794; x_wconf 79' lang='grc' dir='ltr'>ἀπᾴδοντα</span> <span class='ocrx_word' id='word_1_696' title='bbox 2927 3727 3239 3794; x_wconf 81' lang='grc' dir='ltr'>διαπονήσει</span> <span class='ocrx_word' id='word_1_697' title='bbox 3279 3742 3337 3777; x_wconf 89' lang='grc' dir='ltr'><strong>τε</strong></span> <span class='ocrx_word' id='word_1_698' title='bbox 3387 3725 3477 3776; x_wconf 76' lang='grc' dir='ltr'>καὶ</span> <span class='ocrx_word' id='word_1_699' title='bbox 3525 3725 3753 3790; x_wconf 74' lang='grc' dir='ltr'>σπουδῇ,</span> <span class='ocrx_word' id='word_1_700' title='bbox 3783 3723 3866 3774; x_wconf 79' lang='grc' dir='ltr'>ἔτι</span> 
     </span>
    </p>
   </div>
   <div class='ocr_carea' id='block_1_95' title="bbox 2303 3814 3868 3884">
    <p class='ocr_par' dir='ltr' id='par_1_95' title="bbox 2303 3814 3868 3884">
     <span class='ocr_line' id='line_1_95' title="bbox 2303 3814 3868 3884; baseline -0.001 -19"><span class='ocrx_word' id='word_1_701' title='bbox 2303 3831 2365 3882; x_wconf 88' lang='grc' dir='ltr'><strong>γε</strong></span> <span class='ocrx_word' id='word_1_702' title='bbox 2399 3814 2503 3883; x_wconf 78' lang='grc' dir='ltr'><strong>μὴν</strong></span> <span class='ocrx_word' id='word_1_703' title='bbox 2526 3815 2618 3866; x_wconf 76' lang='grc' dir='ltr'><strong>καὶ</strong></span> <span class='ocrx_word' id='word_1_704' title='bbox 2649 3816 2899 3884; x_wconf 83' lang='grc' dir='ltr'>ἀκερδέσι</span> <span class='ocrx_word' id='word_1_705' title='bbox 2933 3817 2992 3866; x_wconf 78' lang='grc' dir='ltr'>τὸ</span> <span class='ocrx_word' id='word_1_706' title='bbox 3022 3816 3214 3883; x_wconf 81' lang='grc' dir='ltr'>σεμνὸν</span> <span class='ocrx_word' id='word_1_707' title='bbox 3247 3815 3452 3884; x_wconf 88' lang='grc' dir='ltr'>ταύτης</span> <span class='ocrx_word' id='word_1_708' title='bbox 3485 3816 3868 3883; x_wconf 76' lang='grc' dir='ltr'>καταρρυπαί-</span> 
     </span>
    </p>
   </div>
   <div class='ocr_carea' id='block_1_96' title="bbox 2305 3904 3867 3975">
    <p class='ocr_par' dir='ltr' id='par_1_96' title="bbox 2305 3904 3867 3975">
     <span class='ocr_line' id='line_1_96' title="bbox 2305 3904 3867 3975; baseline -0.001 -19"><span class='ocrx_word' id='word_1_709' title='bbox 2305 3921 2522 3966; x_wconf 86' lang='grc' dir='ltr'>νουσαν,</span> <span class='ocrx_word' id='word_1_710' title='bbox 2555 3905 2823 3973; x_wconf 87' lang='grc' dir='ltr'>ηύδόκησε</span> <span class='ocrx_word' id='word_1_711' title='bbox 2851 3904 3062 3973; x_wconf 78' lang='grc' dir='ltr'>ῥιζόθεν</span> <span class='ocrx_word' id='word_1_712' title='bbox 3090 3905 3291 3975; x_wconf 86' lang='grc' dir='ltr'>ταύτην</span> <span class='ocrx_word' id='word_1_713' title='bbox 3323 3906 3637 3971; x_wconf 83' lang='grc' dir='ltr'>ἀποτεμεῖν,</span> <span class='ocrx_word' id='word_1_714' title='bbox 3668 3904 3755 3954; x_wconf 80' lang='grc' dir='ltr'>ἵνα</span> <span class='ocrx_word' id='word_1_715' title='bbox 3792 3904 3867 3970; x_wconf 76' lang='grc' dir='ltr'>μὴ</span> 
     </span>
    </p>
   </div>
   <div class='ocr_carea' id='block_1_97' title="bbox 2307 3994 3868 4065">
    <p class='ocr_par' dir='ltr' id='par_1_97' title="bbox 2307 3994 3868 4065">
     <span class='ocr_line' id='line_1_97' title="bbox 2307 3994 3868 4065; baseline -0.001 -19"><span class='ocrx_word' id='word_1_716' title='bbox 2307 3994 2431 4063; x_wconf 76' lang='grc' dir='ltr'>ῥίζα</span> <span class='ocrx_word' id='word_1_717' title='bbox 2467 3996 2689 4063; x_wconf 86' lang='grc' dir='ltr'>πικρίας</span> <span class='ocrx_word' id='word_1_718' title='bbox 2719 3996 2811 4048; x_wconf 74' lang='grc' dir='ltr'>καὶ</span> <span class='ocrx_word' id='word_1_719' title='bbox 2844 3996 2922 4047; x_wconf 83' lang='grc' dir='ltr'>ἔτι.</span> <span class='ocrx_word' id='word_1_720' title='bbox 2965 3999 3094 4065; x_wconf 80' lang='grc' dir='ltr'>φυῇ,</span> <span class='ocrx_word' id='word_1_721' title='bbox 3141 3998 3283 4049; x_wconf 82' lang='grc' dir='ltr'>κατὰ</span> <span class='ocrx_word' id='word_1_722' title='bbox 3312 3996 3401 4048; x_wconf 82' lang='grc' dir='ltr'><strong>τὸν</strong></span> <span class='ocrx_word' id='word_1_723' title='bbox 3454 3998 3592 4047; x_wconf 85' lang='grc' dir='ltr'>θεῖον</span> <span class='ocrx_word' id='word_1_724' title='bbox 3628 3994 3868 4046; x_wconf 82' lang='grc' dir='ltr'>ἀπόστο-</span> 
     </span>
    </p>
   </div>
   <div class='ocr_carea' id='block_1_98' title="bbox 2303 4084 3868 4155">
    <p class='ocr_par' dir='ltr' id='par_1_98' title="bbox 2303 4084 3868 4155">
     <span class='ocr_line' id='line_1_98' title="bbox 2303 4084 3868 4155; baseline 0.001 -21"><span class='ocrx_word' id='word_1_725' title='bbox 2303 4084 2418 4145; x_wconf 90' lang='grc' dir='ltr'>λον,</span> <span class='ocrx_word' id='word_1_726' title='bbox 2442 4085 2529 4137; x_wconf 84' lang='grc' dir='ltr'>διὰ</span> <span class='ocrx_word' id='word_1_727' title='bbox 2559 4087 2655 4153; x_wconf 84' lang='grc' dir='ltr'><strong>τῆς</strong></span> <span class='ocrx_word' id='word_1_728' title='bbox 2688 4086 2968 4154; x_wconf 76' lang='grc' dir='ltr'>παρούσης</span> <span class='ocrx_word' id='word_1_729' title='bbox 3023 4087 3290 4155; x_wconf 78' lang='grc' dir='ltr'>ἡμετέρας</span> <span class='ocrx_word' id='word_1_730' title='bbox 3345 4085 3721 4153; x_wconf 74' lang='grc' dir='ltr'>πνευματικῆς</span> <span class='ocrx_word' id='word_1_731' title='bbox 3773 4085 3868 4136; x_wconf 74' lang='grc' dir='ltr'>καὶ</span> 
     </span>
    </p>
   </div>
   <div class='ocr_carea' id='block_1_99' title="bbox 2306 4174 3863 4244">
    <p class='ocr_par' dir='ltr' id='par_1_99' title="bbox 2306 4174 3863 4244">
     <span class='ocr_line' id='line_1_99' title="bbox 2306 4174 3863 4244; baseline -0.001 -18"><span class='ocrx_word' id='word_1_732' title='bbox 2306 4176 2579 4244; x_wconf 78' lang='grc' dir='ltr'>πατρικῆς</span> <span class='ocrx_word' id='word_1_733' title='bbox 2608 4177 2908 4240; x_wconf 83' lang='grc' dir='ltr'>διαλαλιᾶς,</span> <span class='ocrx_word' id='word_1_734' title='bbox 2947 4178 3046 4244; x_wconf 77' lang='grc' dir='ltr'><strong>τῆς</strong></span> <span class='ocrx_word' id='word_1_735' title='bbox 3081 4176 3348 4244; x_wconf 82' lang='grc' dir='ltr'>δηλούσης</span> <span class='ocrx_word' id='word_1_736' title='bbox 3407 4178 3505 4243; x_wconf 82' lang='grc' dir='ltr'>μὲν</span> <span class='ocrx_word' id='word_1_737' title='bbox 3530 4175 3619 4226; x_wconf 78' lang='grc' dir='ltr'><strong>τὸν</strong></span> <span class='ocrx_word' id='word_1_738' title='bbox 3656 4174 3863 4226; x_wconf 66' lang='grc' dir='ltr'>σκοπὸν</span> 
     </span>
    </p>
   </div>
   <div class='ocr_carea' id='block_1_100' title="bbox 2306 4266 3866 4337">
    <p class='ocr_par' dir='ltr' id='par_1_100' title="bbox 2306 4266 3866 4337">
     <span class='ocr_line' id='line_1_100' title="bbox 2306 4266 3866 4337; baseline -0.003 -18"><span class='ocrx_word' id='word_1_739' title='bbox 2306 4267 2554 4336; x_wconf 83' lang='grc' dir='ltr'>φανερῶς</span> <span class='ocrx_word' id='word_1_740' title='bbox 2575 4267 2675 4334; x_wconf 80' lang='grc' dir='ltr'>τῆς</span> <span class='ocrx_word' id='word_1_741' title='bbox 2700 4269 3058 4337; x_wconf 81' lang='grc' dir='ltr'>προτεθείσης</span> <span class='ocrx_word' id='word_1_742' title='bbox 3083 4268 3396 4330; x_wconf 83' lang='grc' dir='ltr'>ὑποθέσεως</span> <span class='ocrx_word' id='word_1_743' title='bbox 3415 4267 3544 4334; x_wconf 79' lang='grc' dir='ltr'>περὶ</span> <span class='ocrx_word' id='word_1_744' title='bbox 3571 4266 3678 4318; x_wconf 85' lang='grc' dir='ltr'><strong>τῶν</strong></span> <span class='ocrx_word' id='word_1_745' title='bbox 3711 4267 3866 4335; x_wconf 78' lang='grc' dir='ltr'>ίεράν</span> 
     </span>
    </p>
   </div>
   <div class='ocr_carea' id='block_1_101' title="bbox 2307 4351 3863 4423">
    <p class='ocr_par' dir='ltr' id='par_1_101' title="bbox 2307 4351 3863 4423">
     <span class='ocr_line' id='line_1_101' title="bbox 2307 4351 3863 4423; baseline -0.003 -18"><span class='ocrx_word' id='word_1_746' title='bbox 2307 4351 2464 4415; x_wconf 82' lang='grc' dir='ltr'>ἀξίαν</span> <span class='ocrx_word' id='word_1_747' title='bbox 2499 4353 2792 4420; x_wconf 80' lang='grc' dir='ltr'>λαχόντων,</span> <span class='ocrx_word' id='word_1_748' title='bbox 2824 4355 2917 4406; x_wconf 76' lang='grc' dir='ltr'><strong>καὶ</strong></span> <span class='ocrx_word' id='word_1_749' title='bbox 2952 4358 3244 4423; x_wconf 85' lang='grc' dir='ltr'>κοσμικαῖς</span> <span class='ocrx_word' id='word_1_750' title='bbox 3275 4357 3502 4416; x_wconf 79' lang='grc' dir='ltr'>ἑαυτοὺς</span> <span class='ocrx_word' id='word_1_751' title='bbox 3564 4353 3863 4422; x_wconf 82' lang='grc' dir='ltr'>ὲμπλεκόν-</span> 
     </span>
    </p>
   </div>
   <div class='ocr_carea' id='block_1_102' title="bbox 2303 4445 3860 4514">
    <p class='ocr_par' dir='ltr' id='par_1_102' title="bbox 2303 4445 3860 4514">
     <span class='ocr_line' id='line_1_102' title="bbox 2303 4445 3860 4514; baseline -0.001 -18"><span class='ocrx_word' id='word_1_752' title='bbox 2303 4462 2413 4496; x_wconf 90' lang='grc' dir='ltr'><strong>των</strong></span> <span class='ocrx_word' id='word_1_753' title='bbox 2441 4446 2633 4513; x_wconf 81' lang='grc' dir='ltr'>ἀρχαῖς</span> <span class='ocrx_word' id='word_1_754' title='bbox 2664 4448 2753 4495; x_wconf 72' lang='grc' dir='ltr'><strong>καὶ</strong></span> <span class='ocrx_word' id='word_1_755' title='bbox 2777 4445 2952 4508; x_wconf 80' lang='grc' dir='ltr'>ἀξίαις</span> <span class='ocrx_word' id='word_1_756' title='bbox 3006 4447 3098 4497; x_wconf 81' lang='grc' dir='ltr'><strong>καὶ</strong></span> <span class='ocrx_word' id='word_1_757' title='bbox 3126 4445 3372 4514; x_wconf 86' lang='grc' dir='ltr'>φροντίσι</span> <span class='ocrx_word' id='word_1_758' title='bbox 3402 4446 3495 4496; x_wconf 79' lang='grc' dir='ltr'><strong>καὶ</strong></span> <span class='ocrx_word' id='word_1_759' title='bbox 3528 4447 3814 4512; x_wconf 70' lang='grc' dir='ltr'>πράγμασι</span> <span class='ocrx_word' id='word_1_760' title='bbox 3847 4486 3860 4506; x_wconf 89' lang='grc'><strong>,</strong></span> 
     </span>
    </p>
   </div>
   <div class='ocr_carea' id='block_1_103' title="bbox 2302 4533 3863 4602">
    <p class='ocr_par' dir='ltr' id='par_1_103' title="bbox 2302 4533 3863 4602">
     <span class='ocr_line' id='line_1_103' title="bbox 2302 4533 3863 4602; baseline -0.003 -17"><span class='ocrx_word' id='word_1_761' title='bbox 2302 4533 2444 4586; x_wconf 66' lang='grc' dir='ltr'>οὕτω</span> <span class='ocrx_word' id='word_1_762' title='bbox 2474 4534 2531 4585; x_wconf 80' lang='grc' dir='ltr'>δὲ</span> <span class='ocrx_word' id='word_1_763' title='bbox 2569 4535 2708 4585; x_wconf 88' lang='grc' dir='ltr'><strong>κατὰ</strong></span> <span class='ocrx_word' id='word_1_764' title='bbox 2744 4535 2897 4602; x_wconf 73' lang='grc' dir='ltr'>ῥῆμα</span> <span class='ocrx_word' id='word_1_765' title='bbox 2921 4534 3171 4601; x_wconf 78' lang='grc' dir='ltr'>ἐχούσης,</span> <span class='ocrx_word' id='word_1_766' title='bbox 3226 4536 3351 4594; x_wconf 87' lang='grc' dir='ltr'>Τοῖς</span> <span class='ocrx_word' id='word_1_767' title='bbox 3405 4536 3502 4601; x_wconf 79' lang='grc' dir='ltr'>τὴν</span> <span class='ocrx_word' id='word_1_768' title='bbox 3559 4534 3863 4601; x_wconf 79' lang='grc' dir='ltr'>ἱερατικὴν,</span> 
     </span>
    </p>
   </div>
   <div class='ocr_carea' id='block_1_104' title="bbox 2307 4622 3865 4692">
    <p class='ocr_par' dir='ltr' id='par_1_104' title="bbox 2307 4622 3865 4692">
     <span class='ocr_line' id='line_1_104' title="bbox 2307 4622 3865 4692; baseline -0.001 -17"><span class='ocrx_word' id='word_1_769' title='bbox 2307 4625 2472 4691; x_wconf 77' lang='grc' dir='ltr'>φασὶν</span> <span class='ocrx_word' id='word_1_770' title='bbox 2496 4626 2544 4674; x_wconf 90' lang='grc' dir='ltr'>οἱ</span> <span class='ocrx_word' id='word_1_771' title='bbox 2582 4624 2841 4692; x_wconf 79' lang='grc' dir='ltr'>Πατέρες,</span> <span class='ocrx_word' id='word_1_772' title='bbox 2873 4625 3129 4691; x_wconf 83' lang='grc' dir='ltr'>λαχοῦσιν</span> <span class='ocrx_word' id='word_1_773' title='bbox 3153 4623 3329 4687; x_wconf 78' lang='grc' dir='ltr'>ἀξίαν,</span> <span class='ocrx_word' id='word_1_774' title='bbox 3371 4622 3644 4691; x_wconf 83' lang='grc' dir='ltr'>μαρτύριά</span> <span class='ocrx_word' id='word_1_775' title='bbox 3679 4640 3737 4674; x_wconf 90' lang='grc' dir='ltr'><strong>τε</strong></span> <span class='ocrx_word' id='word_1_776' title='bbox 3769 4624 3865 4674; x_wconf 77' lang='grc' dir='ltr'>καὶ</span> 
     </span>
    </p>
   </div>
   <div class='ocr_carea' id='block_1_105' title="bbox 2306 4714 3862 4783">
    <p class='ocr_par' dir='ltr' id='par_1_105' title="bbox 2306 4714 3862 4783">
     <span class='ocr_line' id='line_1_105' title="bbox 2306 4714 3862 4783; baseline -0.002 -16"><span class='ocrx_word' id='word_1_777' title='bbox 2306 4715 2706 4783; x_wconf 81' lang='grc' dir='ltr'>κατορθώματα</span> <span class='ocrx_word' id='word_1_778' title='bbox 2741 4717 2793 4766; x_wconf 78' lang='grc' dir='ltr'>αἱ</span> <span class='ocrx_word' id='word_1_779' title='bbox 2845 4716 2950 4765; x_wconf 78' lang='grc' dir='ltr'><strong>τῶν</strong></span> <span class='ocrx_word' id='word_1_780' title='bbox 2999 4715 3297 4766; x_wconf 87' lang='grc' dir='ltr'>κανονικῶν</span> <span class='ocrx_word' id='word_1_781' title='bbox 3331 4714 3626 4778; x_wconf 79' lang='grc' dir='ltr'>διατάξεων</span> <span class='ocrx_word' id='word_1_782' title='bbox 3657 4714 3862 4764; x_wconf 83' lang='grc' dir='ltr'>ὑποτυ-</span> 
     </span>
    </p>
   </div>
   <div class='ocr_carea' id='block_1_106' title="bbox 2307 4802 3862 4871">
    <p class='ocr_par' dir='ltr' id='par_1_106' title="bbox 2307 4802 3862 4871">
     <span class='ocr_line' id='line_1_106' title="bbox 2307 4802 3862 4871; baseline -0.002 -15"><span class='ocrx_word' id='word_1_783' title='bbox 2307 4805 2509 4864; x_wconf 83' lang='grc' dir='ltr'>πώσεις</span> <span class='ocrx_word' id='word_1_784' title='bbox 2542 4806 2698 4861; x_wconf 72' lang='grc' dir='ltr'>εἰσιν,</span> <span class='ocrx_word' id='word_1_785' title='bbox 2727 4803 2792 4864; x_wconf 79' lang='grc' dir='ltr'>ἃς</span> <span class='ocrx_word' id='word_1_786' title='bbox 2823 4806 2916 4855; x_wconf 74' lang='grc' dir='ltr'><strong>καὶ</strong></span> <span class='ocrx_word' id='word_1_787' title='bbox 2951 4804 3200 4871; x_wconf 77' lang='grc' dir='ltr'>ἀσμένως</span> <span class='ocrx_word' id='word_1_788' title='bbox 3252 4803 3554 4871; x_wconf 88' lang='grc' dir='ltr'>δεχόμενοι,</span> <span class='ocrx_word' id='word_1_789' title='bbox 3588 4802 3718 4870; x_wconf 59' lang='grc' dir='ltr'>πρὸς</span> <span class='ocrx_word' id='word_1_790' title='bbox 3771 4804 3862 4854; x_wconf 70' lang='grc' dir='ltr'>τὸν</span> 
     </span>
    </p>
   </div>
   <div class='ocr_carea' id='block_1_107' title="bbox 2309 4892 3857 4962">
    <p class='ocr_par' dir='ltr' id='par_1_107' title="bbox 2309 4892 3857 4962">
     <span class='ocr_line' id='line_1_107' title="bbox 2309 4892 3857 4962; baseline -0.005 -14"><span class='ocrx_word' id='word_1_791' title='bbox 2309 4896 2584 4962; x_wconf 87' lang='grc' dir='ltr'>Δεσπότην</span> <span class='ocrx_word' id='word_1_792' title='bbox 2607 4896 2737 4946; x_wconf 75' lang='grc' dir='ltr'>Θεὸν</span> <span class='ocrx_word' id='word_1_793' title='bbox 2775 4895 2910 4962; x_wconf 84' lang='grc' dir='ltr'><strong>μετά</strong></span> <span class='ocrx_word' id='word_1_794' title='bbox 2933 4894 3094 4945; x_wconf 65' lang='grc' dir='ltr'><strong>Δαόἶδ</strong></span> <span class='ocrx_word' id='word_1_795' title='bbox 3127 4893 3219 4944; x_wconf 86' lang='grc' dir='ltr'><strong>τοῦ</strong></span> <span class='ocrx_word' id='word_1_796' title='bbox 3252 4893 3613 4960; x_wconf 83' lang='grc' dir='ltr'>θεοφάντορος</span> <span class='ocrx_word' id='word_1_797' title='bbox 3638 4892 3857 4960; x_wconf 80' lang='grc' dir='ltr'>ᾄδομεν·</span> 
     </span>
    </p>
   </div>
   <div class='ocr_carea' id='block_1_108' title="bbox 2320 4981 3859 5051">
    <p class='ocr_par' dir='ltr' id='par_1_108' title="bbox 2320 4981 3859 5051">
     <span class='ocr_line' id='line_1_108' title="bbox 2320 4981 3859 5051; baseline -0.003 -14"><span class='ocrx_word' id='word_1_798' title='bbox 2320 4985 2420 5037; x_wconf 86' lang='grc' dir='ltr'><em>Ἑν</em></span> <span class='ocrx_word' id='word_1_799' title='bbox 2456 4984 2526 5050; x_wconf 75' lang='grc' dir='ltr'>τῇ</span> <span class='ocrx_word' id='word_1_800' title='bbox 2565 4985 2683 5048; x_wconf 80' lang='grc' dir='ltr'><strong>ὀδῷ</strong></span> <span class='ocrx_word' id='word_1_801' title='bbox 2713 4985 2827 5034; x_wconf 80' lang='grc' dir='ltr'><strong>τῶν</strong></span> <span class='ocrx_word' id='word_1_802' title='bbox 2859 4985 3198 5051; x_wconf 71' lang='grc' dir='ltr'>μαρτυρίων</span> <span class='ocrx_word' id='word_1_803' title='bbox 3253 4997 3368 5035; x_wconf 83' lang='grc' dir='ltr'><strong>σου</strong></span> <span class='ocrx_word' id='word_1_804' title='bbox 3407 4981 3717 5048; x_wconf 76' lang='grc' dir='ltr'>ἐτέρφθην,</span> <span class='ocrx_word' id='word_1_805' title='bbox 3780 4983 3859 5045; x_wconf 85' lang='grc' dir='ltr'>ὡς</span> 
     </span>
    </p>
   </div>
   <div class='ocr_carea' id='block_1_109' title="bbox 2305 5073 3856 5139">
    <p class='ocr_par' dir='ltr' id='par_1_109' title="bbox 2305 5073 3856 5139">
     <span class='ocr_line' id='line_1_109' title="bbox 2305 5073 3856 5139; baseline -0.001 -11"><span class='ocrx_word' id='word_1_806' title='bbox 2305 5077 2400 5129; x_wconf 79' lang='grc' dir='ltr'><strong>ἐπὶ</strong></span> <span class='ocrx_word' id='word_1_807' title='bbox 2425 5078 2601 5128; x_wconf 74' lang='grc' dir='ltr'>παντὶ</span> <span class='ocrx_word' id='word_1_808' title='bbox 2626 5077 2895 5139; x_wconf 76' lang='grc' dir='ltr'>πλούτῳ·</span> <span class='ocrx_word' id='word_1_809' title='bbox 2928 5076 3023 5126; x_wconf 75' lang='grc' dir='ltr'>καὶ</span> <span class='ocrx_word' id='word_1_810' title='bbox 3059 5074 3216 5136; x_wconf 79' lang='grc' dir='ltr'>αὖθις</span> <span class='ocrx_word' id='word_1_811' title='bbox 3240 5091 3252 5104; x_wconf 91' lang='grc'><strong>·</strong></span> <span class='ocrx_word' id='word_1_812' title='bbox 3298 5075 3606 5127; x_wconf 75' lang='grc' dir='ltr'>Ἐνετείλω</span> <span class='ocrx_word' id='word_1_813' title='bbox 3633 5073 3856 5126; x_wconf 60' lang='lat' dir='ltr'><strong>amato-</strong></span> 
     </span>
    </p>
   </div>
   <div class='ocr_carea' id='block_1_110' title="bbox 2304 5164 3857 5234">
    <p class='ocr_par' dir='ltr' id='par_1_110' title="bbox 2304 5164 3857 5234">
     <span class='ocr_line' id='line_1_110' title="bbox 2304 5164 3857 5234; baseline -0.005 -12"><span class='ocrx_word' id='word_1_814' title='bbox 2304 5171 2522 5232; x_wconf 72' lang='grc' dir='ltr'>σύνηνο</span> <span class='ocrx_word' id='word_1_815' title='bbox 2552 5167 2623 5220; x_wconf 74' lang='grc' dir='ltr'>τὰ</span> <span class='ocrx_word' id='word_1_816' title='bbox 2641 5167 2933 5234; x_wconf 78' lang='grc' dir='ltr'>μαρτύριά</span> <span class='ocrx_word' id='word_1_817' title='bbox 2965 5183 3080 5219; x_wconf 88' lang='grc' dir='ltr'><strong>σου</strong></span> <span class='ocrx_word' id='word_1_818' title='bbox 3126 5169 3212 5230; x_wconf 80' lang='grc' dir='ltr'>εἱς</span> <span class='ocrx_word' id='word_1_819' title='bbox 3242 5166 3348 5219; x_wconf 81' lang='grc' dir='ltr'><strong>τὸν</strong></span> <span class='ocrx_word' id='word_1_820' title='bbox 3385 5164 3568 5218; x_wconf 74' lang='grc' dir='ltr'>αἰῶνα</span> <span class='ocrx_word' id='word_1_821' title='bbox 3624 5164 3857 5217; x_wconf 75' lang='grc' dir='ltr'>συνέτε-</span> 
     </span>
    </p>
   </div>
   <div class='ocr_carea' id='block_1_111' title="bbox 2304 5255 3856 5326">
    <p class='ocr_par' dir='ltr' id='par_1_111' title="bbox 2304 5255 3856 5326">
     <span class='ocr_line' id='line_1_111' title="bbox 2304 5255 3856 5326; baseline -0.003 -15"><span class='ocrx_word' id='word_1_822' title='bbox 2304 5260 2420 5311; x_wconf 74' lang='grc' dir='ltr'>σόν</span> <span class='ocrx_word' id='word_1_823' title='bbox 2447 5277 2538 5325; x_wconf 79' lang='grc' dir='ltr'><strong>με,</strong></span> <span class='ocrx_word' id='word_1_824' title='bbox 2577 5260 2673 5311; x_wconf 81' lang='grc' dir='ltr'>καὶ</span> <span class='ocrx_word' id='word_1_825' title='bbox 2706 5258 2977 5326; x_wconf 73' lang='grc' dir='ltr'>ζήσομαι.</span> <span class='ocrx_word' id='word_1_826' title='bbox 3013 5258 3120 5309; x_wconf 72' lang='grc' dir='ltr'><strong>Καὶ</strong></span> <span class='ocrx_word' id='word_1_827' title='bbox 3150 5258 3306 5326; x_wconf 80' lang='grc' dir='ltr'>εἴπερ</span> <span class='ocrx_word' id='word_1_828' title='bbox 3329 5259 3406 5317; x_wconf 85' lang='grc' dir='ltr'><strong>είς</strong></span> <span class='ocrx_word' id='word_1_829' title='bbox 3437 5256 3528 5307; x_wconf 78' lang='grc' dir='ltr'><strong>τὸν</strong></span> <span class='ocrx_word' id='word_1_830' title='bbox 3556 5255 3726 5307; x_wconf 72' lang='grc' dir='ltr'>αἰῶνα</span> <span class='ocrx_word' id='word_1_831' title='bbox 3756 5273 3856 5322; x_wconf 75' lang='grc' dir='ltr'>φυ-</span> 
     </span>
    </p>
   </div>
   <div class='ocr_carea' id='block_1_112' title="bbox 2301 5344 3853 5417">
    <p class='ocr_par' dir='ltr' id='par_1_112' title="bbox 2301 5344 3853 5417">
     <span class='ocr_line' id='line_1_112' title="bbox 2301 5344 3853 5417; baseline -0.004 -17"><span class='ocrx_word' id='word_1_832' title='bbox 2301 5350 2516 5400; x_wconf 84' lang='grc' dir='ltr'>λάττειν</span> <span class='ocrx_word' id='word_1_833' title='bbox 2542 5350 2673 5417; x_wconf 73' lang='grc' dir='ltr'>ἡμῖν</span> <span class='ocrx_word' id='word_1_834' title='bbox 2703 5349 3009 5400; x_wconf 73' lang='grc' dir='ltr'>ἐντέλλεται</span> <span class='ocrx_word' id='word_1_835' title='bbox 3036 5349 3068 5417; x_wconf 86' lang='grc' dir='ltr'>ή</span> <span class='ocrx_word' id='word_1_836' title='bbox 3101 5347 3412 5417; x_wconf 80' lang='grc' dir='ltr'>προφητικὴ</span> <span class='ocrx_word' id='word_1_837' title='bbox 3446 5345 3596 5413; x_wconf 84' lang='grc' dir='ltr'>φωνὴ</span> <span class='ocrx_word' id='word_1_838' title='bbox 3623 5344 3688 5396; x_wconf 76' lang='grc' dir='ltr'><strong>τά</strong></span> <span class='ocrx_word' id='word_1_839' title='bbox 3713 5360 3853 5412; x_wconf 85' lang='grc' dir='ltr'>μαρ-</span> 
     </span>
    </p>
   </div>
   <div class='ocr_carea' id='block_1_113' title="bbox 2301 5436 3846 5512">
    <p class='ocr_par' dir='ltr' id='par_1_113' title="bbox 2301 5436 3846 5512">
     <span class='ocr_line' id='line_1_113' title="bbox 2301 5436 3846 5512; baseline -0.005 -18"><span class='ocrx_word' id='word_1_840' title='bbox 2301 5444 2460 5512; x_wconf 76' lang='grc' dir='ltr'>τύρια</span> <span class='ocrx_word' id='word_1_841' title='bbox 2488 5444 2582 5494; x_wconf 85' lang='grc' dir='ltr'><strong>τοῦ</strong></span> <span class='ocrx_word' id='word_1_842' title='bbox 2608 5441 2766 5504; x_wconf 81' lang='grc' dir='ltr'>Θεοῦ,</span> <span class='ocrx_word' id='word_1_843' title='bbox 2801 5444 2892 5494; x_wconf 54' lang='grc' dir='ltr'><strong>καὶ⁹</strong></span> <span class='ocrx_word' id='word_1_844' title='bbox 2941 5442 3038 5510; x_wconf 79' lang='grc' dir='ltr'><strong>ζῇν</strong></span> <span class='ocrx_word' id='word_1_845' title='bbox 3064 5443 3120 5492; x_wconf 79' lang='grc' dir='ltr'>ὲν</span> <span class='ocrx_word' id='word_1_846' title='bbox 3151 5442 3354 5502; x_wconf 84' lang='grc' dir='ltr'>αὐτοῖς,</span> <span class='ocrx_word' id='word_1_847' title='bbox 3387 5438 3543 5505; x_wconf 81' lang='grc' dir='ltr'>δῆλον</span> <span class='ocrx_word' id='word_1_848' title='bbox 3571 5437 3642 5499; x_wconf 81' lang='grc' dir='ltr'>ὡς</span> <span class='ocrx_word' id='word_1_849' title='bbox 3674 5436 3846 5505; x_wconf 81' lang='grc' dir='ltr'>ἀκρά·</span> 
     </span>
    </p>
   </div>
   <div class='ocr_carea' id='block_1_114' title="bbox 2301 5526 3848 5598">
    <p class='ocr_par' dir='ltr' id='par_1_114' title="bbox 2301 5526 3848 5598">
     <span class='ocr_line' id='line_1_114' title="bbox 2301 5526 3848 5598; baseline -0.005 -14"><span class='ocrx_word' id='word_1_850' title='bbox 2301 5533 2466 5585; x_wconf 80' lang='grc' dir='ltr'>δαντα</span> <span class='ocrx_word' id='word_1_851' title='bbox 2503 5533 2593 5584; x_wconf 76' lang='grc' dir='ltr'>καὶ</span> <span class='ocrx_word' id='word_1_852' title='bbox 2628 5533 2899 5584; x_wconf 80' lang='grc' dir='ltr'>ἀσάλευτα</span> <span class='ocrx_word' id='word_1_853' title='bbox 2947 5529 3315 5598; x_wconf 81' lang='grc' dir='ltr'>διαμένουσιν,</span> <span class='ocrx_word' id='word_1_854' title='bbox 3384 5529 3503 5582; x_wconf 77' lang='grc' dir='ltr'>Ὀτι</span> <span class='ocrx_word' id='word_1_855' title='bbox 3554 5526 3694 5579; x_wconf 80' lang='grc' dir='ltr'>οὕτω</span> <span class='ocrx_word' id='word_1_856' title='bbox 3717 5527 3848 5592; x_wconf 78' lang='grc' dir='ltr'>φησὶ</span> 
     </span>
    </p>
   </div>
  </div>
