4018 6306
243 374 308 436 89
1280 376 1356 435 IN
1395 378 1550 435 CAN.
1599 379 1728 438 XVI
1766 378 1963 438 CONC.
2011 377 2380 437 CARTHAG.
3359 362 3429 426 90

244 486 332 538 καὶ
354 487 381 537 ὁ
403 485 637 556 θεόπτης
670 488 875 555 Μωσῆς
894 502 907 517 ·
952 489 1053 540 Ἐν
1072 489 1274 553 αὐτοῖς
1297 492 1408 541 οὐκ
1450 492 1579 544 ἐστι
1605 506 1787 558 προσ-

1908 487 2201 564 ieractanda
2238 493 2570 551 permanere.
2601 479 2734 531 Nam
2769 477 2979 530 divinus
3009 484 3216 540 quoque
3259 468 3428 522 Moses

239 575 443 637 θεῖναι,
476 577 574 628 καί
605 578 703 630 ἀπ’
739 577 936 630 αὐτῶν
960 580 1066 631 οὐκ
1096 579 1262 631 ἔστιν
1288 581 1552 646 ἀφελεῖν.
1576 583 1786 635 Τούτων

239 667 416 717 τοίνυν
440 666 616 728 οὕτως
657 666 824 718 ὄντων
879 669 972 720 καὶ
1023 669 1576 739 διαμαρτυρουμένων
1634 674 1784 739 ἡμῖν,

242 755 637 821 ἀγαλλιώμενοι
693 757 779 807 ἐπ’
834 759 1034 819 αὐτοῖς,
1085 761 1178 820 ὼς,
1233 760 1284 810 εἴ
1332 777 1416 823 τις
1449 760 1584 830 εὕρῃ
1621 761 1788 813 σκῦλα

242 846 432 909 πολλὰ,
469 850 598 909 τοὺς
629 848 802 910 θείους
855 850 1134 912 ἀσπασίως
1181 851 1409 912 κανόνας
1461 851 1791 919 ενστερνιζό-

247 936 403 1003 μεθα,
437 940 536 989 καὶ
561 939 657 1007 τὴν
678 940 858 990 αὐτῶν
887 940 1144 1007 διαταγὴν
1191 941 1484 1009 ὀλόκληρον
1532 944 1624 993 καὶ
1659 942 1791 994 ἀσά-

243 1026 424 1079 λευτον
450 1029 634 1095 μένειν
663 1028 937 1096 ὁλοψύχως
966 1030 1287 1097 αἱρούμεθα.
1326 1032 1435 1084 Καὶ
1461 1033 1642 1096 ἐπειδὴ
1677 1031 1787 1083 τῶν

244 1117 299 1167 ἐν
323 1118 512 1186 κλήρῳ
537 1119 882 1186 τεταγμένων
912 1119 1060 1181 τινὰς
1115 1119 1358 1189 ἔγνωμεν
1389 1123 1673 1190 πράγμασι
1699 1139 1790 1173 κο-

248 1209 458 1271 σμικοίς
490 1208 862 1274 ἐμπλέκοντας
885 1209 1251 1270 ἀκανονίστως
1284 1211 1530 1270 ἐαυτοὺς,
1563 1210 1656 1268 οὒς
1692 1209 1789 1276 μὲν

247 1297 650 1363 κουρατωρείας
709 1298 804 1382 καὶ
839 1298 1156 1364 προνοήσεις
1194 1298 1356 1349 οἴκων
1400 1298 1788 1367 ἀρχοντικῶνῆ

247 1383 540 1448 κτημάτων
584 1386 1094 1451 ἀναλαμϐάνοντας,
1137 1386 1232 1449 οὓς
1279 1388 1333 1438 δὲ
1376 1387 1470 1440 καὶ
1518 1387 1792 1453 δημοσίων

244 1469 411 1521 τελῶν
455 1472 772 1538 εἰσπράξεις
797 1474 828 1543 ἢ
857 1475 1162 1540 κεφαλαίων
1195 1476 1415 1543 ἐτέρων,
1463 1477 1495 1544 ἦ
1521 1475 1792 1539 ἐξελάσεις

245 1556 527 1624 πλωῖμων,
573 1560 602 1629 ἢ
633 1562 694 1630 δὴ
718 1561 810 1613 καὶ
856 1562 1170 1630 ἀναγραφὰς
1215 1563 1248 1632 ῆ
1279 1562 1604 1629 λογοποιίας,
1637 1563 1669 1632 ἢ
1699 1565 1792 1615 καὶ

243 1648 434 1716 ἑτέραν
457 1651 650 1717 ὁμοίαν
675 1652 973 1720 ἐνέργειαν,
1000 1654 1096 1704 οὐκ
1127 1653 1217 1703 ἐπὶ
1242 1653 1562 1722 πράγμασιν
1595 1653 1793 1721 ἐκκλη-

245 1741 565 1803 σιαστικοϊς,
611 1741 741 1791 ἀλλὰ
767 1743 1064 1808 κοσμικοῑς,
1115 1742 1284 1802 ἐνίους
1317 1744 1388 1795 ’δὲ
1435 1747 1526 1796 καὶ
1555 1743 1705 1808 ἀξίας
1735 1761 1791 1794 τε

244 1828 336 1878 καὶ
361 1827 541 1895 ἀρχὰς
571 1828 666 1890 τάς
690 1832 786 1895 τῆς
820 1830 1092 1891 πολιτείας
1126 1835 1629 1901 ἁπονενεμημένας,
1680 1835 1790 1893 τοῖς

244 1915 504 1978 τοιούτοις
537 1918 980 1988 πρεγγυώμεοα
1016 1921 1325 1975 παύσασθαι
1353 1923 1444 1974 τοῦ
1478 1923 1666 1974 λοιποῦ
1691 1923 1796 1973 τῶν

243 2006 547 2075 εἰρημένων
574 2009 847 2062 ἁπάντων·
871 2013 988 2072 ταῖς
1005 2011 1490 2078 ἐκκλησιαστικαῖς
1513 2013 1568 2063 δέ
1586 2012 1796 2080 χρείαις

245 2102 696 2167 προσευκαιρεῖν,
735 2101 782 2151 εί
817 2100 888 2169 μὴ
919 2101 1194 2169 βούλοιντο
1251 2105 1316 2171 τῇ
1361 2102 1650 2171 δεδογμένῃ
1688 2104 1800 2162 τοῖς

243 2184 403 2247 θείοις
435 2189 534 2238 καὶ
566 2189 729 2257 ίεροίς
758 2193 948 2243 κανόσι
1005 2191 1323 2259 καθαιρέσει
1377 2191 1470 2243 τοῦ
1505 2193 1800 2258 προσόντος

245 2277 428 2339 αὑτοῖς
463 2279 921 2348 ἐκκλησιαστικοῦ
951 2281 1044 2334 τοῦ
1093 2280 1302 2350 βαθμοῦ
1337 2283 1636 2348 ὑπαγαγεῖν
1676 2283 1802 2333 ἐαυ-

245 2366 391 2428 τούς.
433 2368 497 2421 Εἰ
533 2370 643 2438 γὰρ
675 2372 768 2423 καὶ
798 2373 985 2440 μακρᾷ
1014 2371 1271 2440 συνηθείᾳ
1305 2372 1626 2437 ἐδράζεσθαί
1656 2388 1802 2432 τινες

247 2456 445 2510 οἴονται
467 2458 566 2510 τοῦ
588 2461 811 2512 τοιαῦτα
837 2460 1082 2527 μετιέναι
1107 2461 1203 2512 καὶ
1224 2462 1329 2530 πρὸ
1361 2461 1539 2514 αὐτῶν
1567 2462 1667 2513 οὐκ
1697 2461 1804 2513 ὀλί-

245 2561 395 2611 γους,
433 2548 570 2615 πρὸς
590 2548 645 2600 δὲ
681 2549 776 2600 καὶ
809 2549 1098 2617 βασιλικάς
1119 2551 1249 2618 φασί
1280 2567 1340 2602 τε
1367 2551 1638 2620 προϐῆναι
1663 2553 1806 2604 οἰκο-

248 2639 440 2705 νομίας
471 2639 817 2704 ἀνατιθείσας
851 2642 1173 2708 ίερωμένοις
1207 2642 1364 2706 ἀξίας
1393 2659 1452 2693 τε
1493 2643 1585 2694 καὶ
1615 2659 1806 2710 κοσμι-

247 2731 346 2790 κὰς
398 2731 496 2782 καὶ
551 2730 780 2797 όφφίκια
834 2731 868 2794 ἢ
898 2731 1179 2798 ἐνεργείας
1211 2731 1404 2799 ὁμοίας
1432 2734 1540 2783 είτε
1598 2732 1801 2799 ἀρχάςο

246 2816 360 2869 ἀλλ’
386 2817 487 2886 οὐχ
513 2818 911 2887 ἐλκυσθήσεται
939 2821 1073 2886 πρὸς
1099 2819 1423 2887 ὑπόδειγμα.
1463 2821 1678 2889 Ἐπειδὴ
1700 2822 1807 2889 γὰρ

246 2908 361 2960 οὔθ’
395 2911 490 2961 ὑπ’
525 2910 863 2976 ἀμφιϐολίαν
901 2911 948 2962 oi
977 2912 1109 2980 περὶ
1139 2910 1342 2962 τούτων
1380 2913 1514 2978 ίεροὶ
1555 2913 1648 2963 καὶ
1674 2911 1806 2963 θεῖοι

247 2998 467 3059 κανόνες
510 2999 729 3062 ἔπεσον,
780 2999 904 3052 οὗτε
948 3001 1241 3068 δοκιμασία
1267 3018 1349 3063 τις
1382 3002 1474 3052 καὶ
1520 3002 1809 3067 διάγνωσις

1892 579 1968 631 sic
1992 561 2188 642 inquit:
2210 573 2329 626 Non
2358 574 2475 624 licet
2492 572 2562 625 eis
2593 569 2781 621 addere
2805 581 2892 618 nec
2913 563 3181 616 detrahere
3205 560 3269 611 “.
3297 557 3428 612 Cum

1891 665 2002 719 haec
2029 665 2205 730 itaque
2238 662 2310 714 ita
2340 665 2466 724 sint,
2495 669 2547 713 et
2571 659 2723 712 nobis
2755 652 3112 708 testimonium
3147 650 3341 709 ferant,
3376 648 3427 698 in

1891 755 1970 808 eis
1999 754 2354 813 exsultantes,
2389 761 2640 818 tanquam
2665 747 2707 800 si
2741 747 2859 812 quis
2890 744 3050 796 multa
3075 739 3241 805 spolia
3275 738 3425 789 inve-

1894 847 2051 906 nerit,
2093 844 2298 898 divinos
2359 842 2606 894 lubenter
2664 849 2896 891 canones
2951 829 3340 898 amplectimur,
3381 837 3434 878 et

1891 951 2078 991 eorum
2103 933 2535 990 constitutionem
2567 930 2825 996 integram
2850 933 2902 977 et
2933 925 3299 976 inconcussam
3325 932 3434 969 ma-

1893 1042 2018 1080 nere
2048 1035 2158 1080 toto
2188 1022 2658 1090 animoveligimus.
2696 1017 2954 1082 Quoniam
2991 1021 3164 1065 autem
3201 1008 3432 1060 nonnul-

1893 1120 1968 1172 los
1996 1131 2181 1168 eorum
2217 1114 2304 1182 qui
2341 1120 2467 1166 sunt
2502 1112 2552 1164 in
2582 1109 2725 1162 clero
2779 1101 3048 1158 constituti
3104 1099 3345 1152 novimus
3379 1111 3435 1148 se

1891 1204 2234 1260 saecularibus
2264 1202 2488 1269 negotiis
2516 1208 2699 1253 contra
2725 1207 2956 1248 canones
2987 1189 3258 1258 implicare
3293 1205 3304 1238 :
3341 1187 3434 1236 bos

1893 1297 2102 1362 quldem
2131 1293 2406 1346 domorum
2464 1290 2862 1356 magistratuum
2916 1283 2999 1334 vel
3045 1278 3436 1346 possessionum

1892 1387 2193 1438 curationes
2228 1380 2821 1442 administrationesque
2877 1364 3265 1437 suscipientes;
3325 1364 3439 1418 illos

1899 1489 2023 1526 vero
2057 1474 2215 1527 etiam
2243 1471 2572 1538 publicorum
2607 1462 2946 1532 vectigalium
3001 1463 3328 1518 exactiones,
3357 1455 3439 1505 vel

1894 1564 2120 1616 aliorum
2153 1562 2404 1629 capitum,
2438 1559 2519 1611 vel
2551 1571 2732 1610 eorum
2765 1568 2881 1620 qua
2911 1551 3136 1604 navibus
3164 1556 3441 1613 portantur

1895 1653 2204 1721 pensionum
2233 1650 2534 1717 petitiones,
2556 1647 2638 1700 vel
2658 1642 3070 1712 colligendarum
3098 1637 3438 1702 pecuniarum

1897 1741 2264 1805 rationumque
2283 1737 2667 1792 reddendaram
2697 1745 2934 1792 munera,
2960 1729 3037 1780 vel
3062 1726 3273 1793 aliquod
3301 1723 3442 1787 ejus-

1899 1831 2037 1882 modi
2089 1830 2355 1892 ollicium;
2392 1844 2497 1881 non
2553 1827 2602 1876 in
2644 1820 3052 1879 ecclesiasticis,
3088 1818 3178 1870 sed
3225 1815 3441 1868 semila-

1899 1918 2046 1970 ribus
2074 1918 2337 1985 negotiis;
2396 1911 2768 1976 nonnullisque
2822 1921 3006 1959 eorum
3061 1904 3244 1956 civiles
3280 1902 3440 1954 etiam

1898 2007 2247 2073 magistratus
2313 2005 2705 2072 dignitatesque
2766 2011 2886 2052 esse
2944 1995 3226 2048 attributas
3285 2010 3298 2044 :
3364 1992 3443 2041 eis

1901 2096 2237 2165 praecipimus
2270 2104 2324 2146 ut
2369 2093 2619 2159 deinceps
2651 2104 2680 2141 a
2720 2085 2984 2155 praedictis
3031 2083 3280 2137 omnibus
3334 2096 3451 2133 ces-

1901 2199 2040 2254 sent,
2078 2189 2129 2241 in
2153 2186 2534 2242 ecclesiasticis
2556 2195 2730 2236 autem
2760 2180 2986 2250 negotiis
3014 2177 3306 2237 ofﬁciisque
3330 2190 3451 2226 ver-

1902 2286 2125 2341 sentur;
2155 2276 2254 2329 nisi
2286 2274 2453 2328 velint
2483 2273 2554 2335 ei,
2591 2285 2708 2339 quas
2746 2269 2915 2323 sacris
2942 2266 3246 2332 divinisque
3281 2276 3447 2315 cano-

1905 2368 2061 2421 nibus
2114 2366 2333 2434 placuit,
2387 2365 2583 2433 gradus
2637 2377 2793 2428 quem
2855 2360 3047 2412 habent
3103 2351 3451 2407 ecclesiastici

1907 2459 2226 2526 depositioni
2264 2456 2474 2520 subjici.
2510 2453 2621 2506 Etsi
2665 2451 2808 2503 enim
2856 2448 3012 2517 longa
3067 2441 3453 2497 consuetudine

1906 2549 2216 2601 confirmari
2272 2545 2609 2610 stabilirique
2644 2542 2858 2610 quidam
2916 2537 3246 2594 existimant,
3312 2532 3453 2600 quod

1907 2655 2010 2693 non
2045 2638 2198 2707 pauci
2236 2646 2359 2690 ante
2389 2651 2482 2689 eos
2512 2635 2599 2688 illa
2647 2629 3009 2699 susceperint;
3050 2637 3310 2692 prmterea
3359 2638 3454 2674 au-

1906 2741 2010 2784 tem
2033 2731 2214 2783 dicunt
2245 2727 2552 2794 imperiales
2583 2718 3099 2778 administrationes,
3128 2730 3245 2783 quae
3291 2729 3460 2768 δωρη-

1905 2823 2048 2876 lares
2079 2821 2366 2889 dignitates
2394 2827 2448 2870 et
2490 2815 2685 2887 cilicia,
2735 2818 2826 2865 aut
2863 2808 3056 2863 similia
3085 2820 3303 2858 munera
3360 2818 3452 2856 seu

1907 2913 2277 2980 magistratus,
2312 2907 2545 2962 sacratis
2595 2902 2900 2958 hominibus
2958 2897 3300 2953 committunt
3331 2908 3456 2960 pro-

1910 3005 2140 3062 cessisse
2177 3023 2190 3057 :
2223 3003 2314 3057 sed
2347 3012 2525 3054 tamen
2571 3012 2673 3049 nou
2725 2997 2970 3046 trahetur
3034 2989 3097 3040 ad
3134 2985 3455 3050 exemplum.

248 3089 527 3157 ἔγγραφος
559 3090 888 3159 προϐεϐήκει
931 3093 1082 3158 παρά
1111 3109 1172 3142 τε
1210 3090 1304 3143 τοῦ
1334 3093 1472 3143 κατὰ
1522 3092 1712 3160 καιρὸν
1735 3092 1802 3143 τὰ

1912 3099 2042 3163 Quia
2069 3096 2210 3148 enim
2243 3099 2324 3146 est
2353 3094 2483 3144 citra
2532 3084 2979 3142 controversiam,
3035 3092 3135 3131 nec
3178 3089 3362 3130 sacros
3400 3089 3463 3126 ac

245 3179 342 3244 τῆς
376 3179 658 3246 βασιλείας
686 3181 940 3250 σκῆπτρα
967 3181 1262 3244 διέποντος,
1294 3181 1374 3232 ἔτι
1419 3181 1477 3234 δὲ
1507 3184 1598 3232 καὶ
1636 3182 1804 3248 ἁγιω-

247 3268 424 3320 τάτων
456 3270 816 3338 πατριαρχῶν
844 3271 938 3322 καὶ
972 3271 1204 3323 συνόδων
1230 3272 1452 3332 τούτους
1481 3272 1676 3331 αὐτοὺς
1702 3288 1805 3324 πα-

252 3358 627 3428 ραθραύουσα,
660 3363 718 3412 οὐ
755 3361 879 3424 τοὺς
913 3363 1333 3431 γεγραμμένους
1357 3363 1586 3424 κανόνας
1607 3362 1664 3413 αἱ
1693 3379 1806 3412 τοι·

249 3451 410 3504 αὗται
443 3455 772 3521 οἰκονομίαι,
817 3455 917 3507 καὶ
945 3457 976 3524 ἡ
1025 3457 1099 3525 μὴ
1131 3457 1524 3525 δοκιμασθεῖσα
1550 3454 1807 3523 συνήθεια

249 3542 384 3603 ὅλως
404 3561 480 3594 πα
492 3544 881 3611 ρασαλεύουσιν
903 3561 918 3576 ⁸
965 3540 1126 3598 αὗται
1153 3545 1209 3595 δέ
1243 3546 1443 3613 μᾶλλον
1472 3545 1577 3595 ὑπὸ
1601 3545 1807 3594 τούτων

250 3633 570 3685 τούναντίον
597 3637 779 3688 τέλεον
813 3638 1287 3706 συντριϐήσονται,
1339 3638 1414 3700 ὡς
1465 3635 1641 3705 χύτρα
1672 3637 1810 3688 κατὰ

253 3724 344 3775 τὸν
373 3725 701 3791 Σολομῶντα
751 3728 1175 3796 προσκρούσασα
1222 3727 1426 3794 λέϐητι.
1466 3727 1807 3794 Πύλαιγὰρ,

255 3816 437 3880 φησὶν,
467 3814 615 3879 ᾷὸου
641 3813 750 3882 τῆς
793 3817 1155 3883 Ἐκκλησίας
1181 3819 1252 3869 οὐ
1293 3818 1775 3884 κατισχύσουσιν
1793 3853 1808 3879 ,

254 3905 709 3975 οἰκοδομηθείσης
738 3909 888 3976 παρὰ
917 3910 1122 3976 Κυρίου
1157 3908 1249 3958 ἐπὶ
1273 3908 1349 3975 τῷ
1381 3908 1673 3974 θεοκήρυκι
1708 3905 1812 3958 Πέ-

255 4011 392 4063 τρῳ,
422 3995 499 4063 τῷ
542 3997 639 4048 σὺν
664 3999 775 4058 τοῖς
806 3997 1011 4059 λοιποῖς
1035 3999 1207 4065 ἁγίοις
1236 3998 1556 4058 ἀποστόλοις
1591 3998 1813 4063 νομοθε-

256 4086 484 4150 τήσαντι
515 4084 692 4149 οὕτως
711 4088 770 4139 ἐν
803 4085 856 4150 ς’
886 4089 1070 4140 κανόνι
1111 4087 1314 4139 αὐτῶν
1383 4088 1751 4145 Ἐπίσκοπος
1774 4085 1813 4152 ἢ

257 4177 659 4242 πρεσϐύτερος
696 4179 733 4242 ἢ
773 4177 1050 4241 διάκονος
1077 4177 1370 4244 κοσμικὰς
1394 4177 1714 4243 φροντίδας
1729 4175 1814 4244 μὴ

257 4263 725 4330 ἀναλαμϐἳινέτω
751 4281 766 4294 ο
786 4267 840 4316 εὶ
868 4265 1059 4333 δὲμὴ,
1100 4266 1508 4329 καθαιρείσθω.
1543 4266 1817 4329 Ὡσαύτως

261 4354 358 4405 καὶ
389 4355 450 4406 ἐν
480 4352 572 4407 πα⁹
598 4355 822 4423 εἴπομεν
849 4357 931 4408 ὅτι
974 4357 1049 4424 μὴ
1079 4357 1182 4424 χρὴ
1206 4357 1556 4426 ἐπίσκοπονῆ
1582 4358 1819 4426 πρεσϐύ-

1907 3187 2110 3239 divinos
2139 3185 2202 3238 de
2253 3182 2318 3235 iis
2345 3193 2577 3234 canones
2607 3173 2980 3235 intercidisse;
3015 3183 3112 3222 nec
3141 3167 3243 3219 ulla
3279 3164 3464 3230 cogni-

1907 3278 1979 3332 tio
2013 3287 2106 3329 aut
2137 3271 2463 3329 examinatio
2498 3267 2693 3321 litteris
2747 3264 2994 3317 mandata
3031 3260 3097 3313 ab
3133 3273 3197 3311 eo
3247 3256 3332 3324 qui
3375 3253 3464 3306 illo

1912 3378 2150 3435 tempore
2178 3363 2472 3431 imperialia
2520 3367 2729 3426 sceptra
2773 3354 3006 3413 tenebat,
3045 3365 3139 3402 nec
3175 3363 3202 3399 a
3237 3345 3464 3399 sanctis-

1910 3460 2060 3513 simis
2099 3453 2421 3524 patriarcltis
2469 3458 2524 3504 et
2571 3445 2788 3517 synodis
2840 3457 2931 3495 eos
2990 3442 3134 3507 ipsos
3188 3444 3457 3493 evertens,

1910 3522 2170 3617 processit
2206 3563 2217 3595 :
2266 3541 2492 3604 scriptos
2534 3548 2770 3588 canones
2801 3528 3060 3598 ejusmodi
3106 3522 3460 3593 dispensatio-

1914 3653 2006 3690 nes
2042 3642 2095 3689 et
2121 3647 2222 3686 non
2250 3629 2472 3699 probata
2499 3624 2825 3679 consuetudo
2860 3618 3077 3673 omnino
3109 3632 3212 3668 non
3264 3611 3467 3666 labefa-

1915 3725 2163 3785 ctabuut;
2199 3721 2290 3775 sed
2319 3719 2445 3786 ipsa:
2476 3715 2655 3784 potius
2677 3712 2741 3764 ab
2761 3712 2838 3765 eis
2864 3709 3076 3776 penitus
3097 3713 3466 3760 conterentur,

1913 3816 2050 3868 sicut
2088 3813 2226 3875 olla,
2270 3807 2442 3875 inquit
2494 3803 2776 3865 Solomon,
2809 3814 2926 3867 quae
2973 3797 3129 3850 lebeti
3178 3794 3327 3846 allisa
3360 3802 3457 3844 est.

1918 3901 2091 3953 Porta:
2113 3899 2269 3960 enim,
2304 3895 2491 3963 inquit,
2544 3893 2701 3960 inferi
2758 3891 3006 3942 adversus
3057 3884 3469 3937 Ecclesiamnon

1913 3989 2264 4055 praevalebunt
2295 3986 2359 4048 “,
2391 3999 2556 4053 quea
2593 3981 2816 4035 Domino
2849 3993 3006 4046 supra
3044 3977 3133 4028 Dei
3167 3986 3469 4039 praeconem

1916 4081 2130 4134 Petrqu
2163 4077 2417 4130 aediﬁcata
2449 4083 2548 4138 est,
2576 4073 2664 4140 qui
2695 4086 2814 4125 cum
2844 4067 3059 4135 reliquis
3092 4064 3296 4138 sanctis
3347 4075 3474 4128 apo—

1917 4171 2069 4225 stolis
2098 4170 2148 4221 in
2184 4177 2335 4222 sexto
2362 4179 2546 4217 eorum
2598 4175 2799 4214 canone
2829 4159 2906 4211 sic
2931 4155 3182 4218 decrevitf
3211 4169 3225 4205 :
3254 4152 3472 4219 Episco-

1921 4277 2039 4330 pus,
2075 4260 2152 4313 vel
2179 4258 2476 4325 presbyter,
2528 4253 2612 4306 vel
2649 4253 2908 4304 diaconus
2943 4245 3216 4300 saecularia
3263 4243 3472 4310 negotia

1923 4329 2029 4398 non
2065 4344 2284 4409 recipiat
2315 4357 2328 4394 :
2360 4343 2442 4394 sin
2479 4339 2674 4400 minus,
2702 4338 3018 4404 deponatur.
3050 4331 3308 4386 Similiter
3341 4340 3393 4382 et
3421 4329 3475 4380 iu

259 4458 421 4510 τερον
447 4444 694 4497 καθιέναι
728 4422 938 4497 ἐαυτὸν
1080 4422 1438 4512 -δημοσιακὰς
1500 4422 1796 4514 διοικήσεις

1921 4436 2243 4503 octogesimo
2278 4432 2449 4498 primo
2483 4429 2736 4489 diximus,
2768 4427 2907 4493 quod
2936 4439 3040 4477 non
3097 4428 3308 4487 oportet
3356 4422 3471 4485 epi-

260 4531 405 4583 ἀλλά
436 4536 856 4602 προσευκαιρεῖν
882 4533 1004 4594 ταῖς
1054 4533 1539 4600 ἐκκλησιαστικαῖς
1569 4533 1776 4601 χρείαις
1803 4551 1818 4566 ·

259 4619 297 4688 ἢ
335 4620 605 4673 πειθέσθω
659 4620 752 4673 οὖν
801 4621 959 4672 τοῦτο
1015 4621 1088 4688 μὴ
1140 4621 1394 4689 ποιεῖν,ἣ
1431 4620 1817 4683 καθαιρείσθω.

263 4709 480 4776 Οὐδεὶς
503 4711 611 4779 γὰρ
643 4710 891 4762 δύναται
913 4709 1056 4763 δυσί
1075 4711 1298 4776 κυρίοις
1321 4709 1659 4771 δουλεύειν,
1682 4709 1820 4761 κατὰ

260 4804 366 4868 τὴν
397 4801 680 4869 Κυριακὴν
706 4800 1124 4868 παρακέλευσιν.
1166 4799 1284 4850 Ἐτι
1328 4800 1420 4850 καὶ
1447 4801 1475 4849 ό
1508 4805 1595 4866 πγ¹
1624 4798 1783 4866 φησίν
1805 4815 1819 4829 ο

274 4889 604 4948 Ἐπίσκοπος
637 4891 670 4957 ἦ
701 4889 1063 4959 πρεσϐύτερος
1091 4889 1121 4956 ἢ
1153 4889 1397 4950 διάκονος
1423 4889 1678 4956 στρατεία
1704 4904 1819 4956 σχοσ

261 4980 464 5044 λάζων,
489 4983 584 5034 καὶ⁵
609 4981 930 5049 βουλόμενος
960 4981 1242 5048 ἀμφότερα
1276 4980 1546 5047 κατέχειν,
1587 4978 1822 5046 Ῥωμαῖ-

267 5070 372 5136 κὴν
397 5071 572 5140 ἀρχὴν
598 5071 690 5121 καὶ
714 5068 992 5138 ἱερατικὴν
1014 5069 1296 5138 διοίκησιν,
1331 5067 1714 5135 καθαιρείσθω.
1749 5067 1823 5119 Τὰ

266 5161 379 5226 γὰρ
405 5160 722 5225 Καίσαρος,
748 5158 1021 5224 Καίσαρι,
1040 5158 1138 5210 καὶ
1164 5159 1234 5209 τὰ
1265 5157 1368 5210 τοῦ
1390 5155 1556 5220 Θεοῦ,
1583 5157 1657 5219 τῷ
1677 5155 1818 5218 Θεῷ.

268 5250 430 5302 Ἀλλὰ
465 5253 573 5317 μὴν
602 5251 696 5301 καὶ
742 5251 768 5300 ὁ
797 5248 896 5317 τῆς
938 5251 994 5300 ἐν
1044 5249 1372 5318 Καρθαγένῃ
1411 5246 1486 5310 ις’
1542 5247 1712 5306 οὕτως
1759 5248 1817 5297 ἐν

271 5340 433 5410 μέρει
467 5338 805 5409 διαγορεύει·
856 5339 1090 5408 Ὁμοίως
1119 5340 1336 5408 ἡρεσεν,
1391 5341 1478 5391 ἴνα.
1537 5338 1822 5390 ἐπίσκοποι

268 5432 362 5483 καὶ
384 5429 747 5498 πρεσϐύτεροι
780 5431 876 5483 καὶ
897 5429 1132 5481 διάκονοι
1160 5427 1495 5497 ἐκλήπτορες
1528 5426 1600 5496 μὴ
1635 5426 1827 5493 γίνων-

269 5539 358 5575 ται
396 5522 431 5590 ἦ
469 5522 930 5592 προκουράτορες.
961 5521 1068 5572 Καὶ
1099 5520 1216 5584 μετ’
1251 5519 1428 5582 ὀλίγον
1451 5533 1465 5548 ο
1501 5519 1690 5578 Οὐδεὶς
1720 5517 1824 5585 γὰρ

411 5711 450 5749 ιι
495 5709 645 5758 neut.
682 5721 749 5762 tv,
779 5705 832 5763 2.
899 5706 940 5735 “
967 5705 1148 5761 Matth.
1214 5720 1318 5764 ιιι,
1368 5703 1449 5758 18..

1533 5703 1574 5734 ³³
1601 5702 1792 5757 Matttlt.
1835 5716 1900 5762 vt,
1951 5698 2038 5750 ει.

1923 4539 2142 4592 scopum
2175 4522 2259 4575 vel
2287 4522 2652 4589 presbyterum
2682 4516 2746 4568 ad
2770 4515 3010 4582 publicas
3060 4509 3478 4564 administratio-

1924 4631 2020 4669 nes
2052 4613 2403 4672 descendere,
2441 4609 2533 4663 sed
2580 4609 2634 4660 in
2686 4602 3069 4659 ecclesiasticis
3103 4601 3332 4668 negotiis
3363 4597 3481 4649 olli-

1923 4705 2125 4770 ciisque
2155 4699 2356 4754 versari
2396 4716 2408 4750 :
2440 4697 2525 4751 vel
2554 4709 2682 4762 ergo
2710 4696 2809 4747 hoc
2835 4709 2936 4746 non
2959 4691 3131 4744 facere
3155 4686 3481 4756 persuadea-

1923 4805 2027 4856 tur,
2053 4792 2134 4845 vel
2152 4793 2465 4855 deponatur.
2494 4786 2661 4839 Nemo
2691 4787 2826 4837 enim
2855 4792 3015 4848 potest
3039 4764 3236 4832 duobus
3257 4779 3480 4830 dominis

1924 4886 2116 4938 servire
2152 4883 2217 4946 ³⁸,
2252 4887 2764 4948 utestprazceptum
2821 4874 3048 4927 Domini.
3110 4870 3375 4923 Praeterea
3429 4879 3484 4922 et

1924 4990 2091 5030 canon
2125 4973 2194 5027 8'5
2249 4971 2420 5036 inquit
2456 4985 2468 5019 :
2504 4967 2794 5035 Episcopus
2826 4964 2908 5016 vel
2941 4962 3220 5030 presbyter
3256 4959 3337 5011 vel
3374 4960 3484 5010 dia-

1925 5081 2093 5119 conus
2125 5062 2325 5116 militia:
2358 5074 2575 5118 vacans,
2602 5068 2657 5110 et
2690 5056 2870 5108 volens
2902 5063 3189 5118 utrumque
3216 5050 3477 5109 obtinere,

1927 5156 2223 5208 Romanum
2287 5150 2656 5216 magistratum
2702 5153 2754 5198 et
2812 5142 3195 5197 sacerdotalem
3261 5137 3483 5190 admini-

1927 5245 2263 5301 strationem.
2282 5239 2601 5307 deponatur.
2634 5235 2762 5298 Quae
2787 5235 2919 5285 enim
2946 5242 3063 5284 sunt
3089 5228 3336 5289 Ccesnris,
3366 5225 3480 5277 Crv-

1928 5335 2056 5395 sari,
2085 5339 2134 5386 et
2154 5347 2268 5400 qum
2293 5340 2411 5382 sunt
2441 5327 2560 5389 Dei,
2595 5325 2700 5377 Deo
2725 5325 2787 5376 ³⁸.
2821 5322 2937 5374 Jam
2965 5333 3091 5373 vero
3121 5327 3174 5371 et
3204 5312 3482 5378 Carthagi-

1933 5426 2111 5479 uensis
2145 5422 2384 5475 decimus
2411 5427 2592 5472 sextus
2620 5417 2698 5468 sic
2730 5413 2950 5482 praecise
2982 5411 3111 5464 dicit
3149 5425 3163 5461 :
3221 5404 3480 5459 Similiter

1931 5517 2148 5586 placuit,
2179 5523 2235 5566 ut
2260 5509 2490 5579 episc0pi
2514 5515 2567 5560 et
2597 5502 2898 5573 presbyteri
2925 5511 2976 5555 et
3011 5498 3218 5554 diaconi
3250 5509 3352 5549 non
3377 5492 3485 5547 sint

2124 5695 2167 5727 ³³
2192 5695 2316 5749 Luc.
2362 5708 2453 5755 xx,
2489 5690 2578 5744 95.
