  <div class='ocr_page' id='page_1' title='image "/cluster/home/n/w/nwhite01/storage/ocr_20150623/138/pst.000005714544/069.png"; bbox 0 0 4018 6306; ppageno 0'>
   <div class='ocr_carea' id='block_1_1' title="bbox 508 307 2060 375">
    <p class='ocr_par' dir='ltr' id='par_1_1' title="bbox 508 308 2060 375">
     <span class='ocr_line' id='line_1_1' title="bbox 508 308 2060 375; baseline 0 -3"><span class='ocrx_word' id='word_1_1' title='bbox 508 308 569 375; x_wconf 79' lang='grc'><strong>91</strong></span> <span class='ocrx_word' id='word_1_2' title='bbox 1736 315 2002 374; x_wconf 84' lang='lat' dir='ltr'><strong>&#39;I‘HEOD.</strong></span> <span class='ocrx_word' id='word_1_3' title='bbox 2043 317 2060 372; x_wconf 91' lang='grc' dir='ltr'><strong>Ι</strong></span> 
     </span>
    </p>
   </div>
   <div class='ocr_carea' id='block_1_2' title="bbox 2164 307 3694 375">
    <p class='ocr_par' dir='ltr' id='par_1_2' title="bbox 2164 307 3694 375">
     <span class='ocr_line' id='line_1_2' title="bbox 2164 307 3694 375; baseline -0.003 -2"><span class='ocrx_word' id='word_1_4' title='bbox 2164 318 2269 373; x_wconf 65' lang='lat' dir='ltr'><strong>.SA</strong></span> <span class='ocrx_word' id='word_1_5' title='bbox 2281 319 2434 375; x_wconf 77' lang='grc' dir='ltr'><strong>ΜοΝ</strong></span> <span class='ocrx_word' id='word_1_6' title='bbox 3620 307 3694 370; x_wconf 77' lang='grc'><strong>92</strong></span> 
     </span>
    </p>
   </div>
   <div class='ocr_carea' id='block_1_3' title="bbox 513 423 2060 496">
    <p class='ocr_par' dir='ltr' id='par_1_3' title="bbox 513 423 2045 492">
     <span class='ocr_line' id='line_1_3' title="bbox 513 423 2045 492; baseline -0.001 -15"><span class='ocrx_word' id='word_1_7' title='bbox 513 423 968 478; x_wconf 80' lang='lat' dir='ltr'><strong>administratores</strong></span> <span class='ocrx_word' id='word_1_8' title='bbox 1000 427 1080 478; x_wconf 92' lang='lat' dir='ltr'><strong>vel</strong></span> <span class='ocrx_word' id='word_1_9' title='bbox 1134 431 1526 490; x_wconf 81' lang='lat' dir='ltr'><strong>procuratores.</strong></span> <span class='ocrx_word' id='word_1_10' title='bbox 1565 425 1632 476; x_wconf 85' lang='lat' dir='ltr'><strong>Et</strong></span> <span class='ocrx_word' id='word_1_11' title='bbox 1667 427 1825 492; x_wconf 88' lang='lat' dir='ltr'><strong>paulo</strong></span> <span class='ocrx_word' id='word_1_12' title='bbox 1878 435 1998 491; x_wconf 77' lang='lat' dir='ltr'><strong>post</strong></span> <span class='ocrx_word' id='word_1_13' title='bbox 2033 441 2045 476; x_wconf 82' lang='grc' dir='ltr'><strong>ι</strong></span> 
     </span>
    </p>
   </div>
   <div class='ocr_carea' id='block_1_4' title="bbox 2164 423 3689 496">
    <p class='ocr_par' dir='ltr' id='par_1_4' title="bbox 2164 423 3689 496">
     <span class='ocr_line' id='line_1_4' title="bbox 2164 423 3689 496; baseline -0.002 -20"><span class='ocrx_word' id='word_1_14' title='bbox 2164 429 2580 494; x_wconf 79' lang='grc' dir='ltr'>στρατευόμενος</span> <span class='ocrx_word' id='word_1_15' title='bbox 2605 429 2679 494; x_wconf 85' lang='grc' dir='ltr'>τῷ</span> <span class='ocrx_word' id='word_1_16' title='bbox 2702 429 2817 495; x_wconf 84' lang='grc' dir='ltr'>Θεῷ</span> <span class='ocrx_word' id='word_1_17' title='bbox 2837 427 3162 496; x_wconf 78' lang='grc' dir='ltr'><strong>ἐμπλέκεται</strong></span> <span class='ocrx_word' id='word_1_18' title='bbox 3189 425 3377 476; x_wconf 73' lang='grc' dir='ltr'>ἐαυτὸν</span> <span class='ocrx_word' id='word_1_19' title='bbox 3402 423 3689 490; x_wconf 77' lang='grc' dir='ltr'>πράγμασι</span> 
     </span>
    </p>
   </div>
   <div class='ocr_carea' id='block_1_5' title="bbox 510 512 2050 579">
    <p class='ocr_par' dir='ltr' id='par_1_5' title="bbox 510 512 2050 579">
     <span class='ocr_line' id='line_1_5' title="bbox 510 512 2050 579; baseline -0.001 -13"><span class='ocrx_word' id='word_1_20' title='bbox 510 512 694 566; x_wconf 85' lang='lat' dir='ltr'><strong>Nullus</strong></span> <span class='ocrx_word' id='word_1_21' title='bbox 724 514 864 566; x_wconf 91' lang='lat' dir='ltr'><strong>enim</strong></span> <span class='ocrx_word' id='word_1_22' title='bbox 896 513 1001 564; x_wconf 92' lang='lat' dir='ltr'><strong>Deo</strong></span> <span class='ocrx_word' id='word_1_23' title='bbox 1038 513 1271 564; x_wconf 89' lang='lat' dir='ltr'><strong>militans</strong></span> <span class='ocrx_word' id='word_1_24' title='bbox 1323 513 1556 579; x_wconf 90' lang='lat' dir='ltr'><strong>implicat</strong></span> <span class='ocrx_word' id='word_1_25' title='bbox 1609 529 1664 565; x_wconf 89' lang='lat' dir='ltr'><strong>sc</strong></span> <span class='ocrx_word' id='word_1_26' title='bbox 1708 514 2050 565; x_wconf 68' lang='lat' dir='ltr'><strong>saecularibus</strong></span> 
     </span>
    </p>
   </div>
   <div class='ocr_carea' id='block_1_6' title="bbox 513 600 2052 668">
    <p class='ocr_par' dir='ltr' id='par_1_6' title="bbox 513 600 2052 668">
     <span class='ocr_line' id='line_1_6' title="bbox 513 600 2052 668; baseline 0.002 -17"><span class='ocrx_word' id='word_1_27' title='bbox 513 601 759 668; x_wconf 83' lang='lat' dir='ltr'><strong>negotiis.</strong></span> <span class='ocrx_word' id='word_1_28' title='bbox 789 601 918 655; x_wconf 86' lang='lat' dir='ltr'><strong>Cum</strong></span> <span class='ocrx_word' id='word_1_29' title='bbox 957 600 1040 652; x_wconf 92' lang='lat' dir='ltr'><strong>his</strong></span> <span class='ocrx_word' id='word_1_30' title='bbox 1071 615 1280 666; x_wconf 85' lang='lat' dir='ltr'><strong>quoque</strong></span> <span class='ocrx_word' id='word_1_31' title='bbox 1314 616 1482 654; x_wconf 91' lang='lat' dir='ltr'><strong>canon</strong></span> <span class='ocrx_word' id='word_1_32' title='bbox 1520 601 1585 652; x_wconf 85' lang='lat'><strong>77</strong></span> <span class='ocrx_word' id='word_1_33' title='bbox 1608 601 2052 654; x_wconf 76' lang='lat' dir='ltr'><strong>Chalcedonensis</strong></span> 
     </span>
    </p>
   </div>
   <div class='ocr_carea' id='block_1_7' title="bbox 512 687 2051 758">
    <p class='ocr_par' dir='ltr' id='par_1_7' title="bbox 512 687 2051 758">
     <span class='ocr_line' id='line_1_7' title="bbox 512 687 2051 758; baseline -0.001 -15"><span class='ocrx_word' id='word_1_34' title='bbox 512 689 673 758; x_wconf 78' lang='lat'><strong>538</strong></span> <span class='ocrx_word' id='word_1_35' title='bbox 710 689 936 757; x_wconf 88' lang='lat' dir='ltr'><strong>synodi:</strong></span> <span class='ocrx_word' id='word_1_36' title='bbox 969 687 1095 750; x_wconf 85' lang='lat' dir='ltr'><strong>Eos,</strong></span> <span class='ocrx_word' id='word_1_37' title='bbox 1129 689 1215 756; x_wconf 88' lang='lat' dir='ltr'><strong>qui</strong></span> <span class='ocrx_word' id='word_1_38' title='bbox 1276 690 1434 742; x_wconf 80' lang='lat' dir='ltr'><strong>semel</strong></span> <span class='ocrx_word' id='word_1_39' title='bbox 1485 690 1536 742; x_wconf 93' lang='lat' dir='ltr'><strong>in</strong></span> <span class='ocrx_word' id='word_1_40' title='bbox 1588 691 1731 742; x_wconf 87' lang='lat' dir='ltr'><strong>clero</strong></span> <span class='ocrx_word' id='word_1_41' title='bbox 1782 689 2051 743; x_wconf 89' lang='lat' dir='ltr'><strong>constituti</strong></span> 
     </span>
    </p>
   </div>
   <div class='ocr_carea' id='block_1_8' title="bbox 513 778 2047 846">
    <p class='ocr_par' dir='ltr' id='par_1_8' title="bbox 513 778 2047 846">
     <span class='ocr_line' id='line_1_8' title="bbox 513 778 2047 846; baseline -0.002 -14"><span class='ocrx_word' id='word_1_42' title='bbox 513 796 657 837; x_wconf 77' lang='lat' dir='ltr'><strong>sum.</strong></span> <span class='ocrx_word' id='word_1_43' title='bbox 690 778 770 831; x_wconf 92' lang='lat' dir='ltr'><strong>vel</strong></span> <span class='ocrx_word' id='word_1_44' title='bbox 802 779 1113 839; x_wconf 90' lang='lat' dir='ltr'><strong>monachos,</strong></span> <span class='ocrx_word' id='word_1_45' title='bbox 1161 778 1442 830; x_wconf 92' lang='lat' dir='ltr'><strong>statuimus</strong></span> <span class='ocrx_word' id='word_1_46' title='bbox 1490 793 1659 846; x_wconf 88' lang='lat' dir='ltr'><strong>neque</strong></span> <span class='ocrx_word' id='word_1_47' title='bbox 1705 779 1771 831; x_wconf 91' lang='lat' dir='ltr'><strong>ad</strong></span> <span class='ocrx_word' id='word_1_48' title='bbox 1803 780 2047 831; x_wconf 81' lang='lat' dir='ltr'><strong>militiam</strong></span> 
     </span>
    </p>
   </div>
   <div class='ocr_carea' id='block_1_9' title="bbox 519 867 2050 934">
    <p class='ocr_par' dir='ltr' id='par_1_9' title="bbox 519 867 2050 934">
     <span class='ocr_line' id='line_1_9' title="bbox 519 867 2050 934; baseline 0.001 -15"><span class='ocrx_word' id='word_1_49' title='bbox 519 882 688 934; x_wconf 86' lang='lat' dir='ltr'><strong>neque</strong></span> <span class='ocrx_word' id='word_1_50' title='bbox 715 868 780 919; x_wconf 88' lang='lat' dir='ltr'><strong>ad</strong></span> <span class='ocrx_word' id='word_1_51' title='bbox 839 868 1142 921; x_wconf 66' lang='lat' dir='ltr'><strong>saecularem</strong></span> <span class='ocrx_word' id='word_1_52' title='bbox 1198 867 1506 931; x_wconf 71' lang='lat' dir='ltr'><strong>dignitatem</strong></span> <span class='ocrx_word' id='word_1_53' title='bbox 1559 870 1851 920; x_wconf 90' lang='lat' dir='ltr'><strong>accedere:</strong></span> <span class='ocrx_word' id='word_1_54' title='bbox 1884 869 1964 920; x_wconf 91' lang='lat' dir='ltr'><strong>vel</strong></span> <span class='ocrx_word' id='word_1_55' title='bbox 2007 867 2050 920; x_wconf 92' lang='lat' dir='ltr'><strong>si</strong></span> 
     </span>
    </p>
   </div>
   <div class='ocr_carea' id='block_1_10' title="bbox 515 957 2051 1023">
    <p class='ocr_par' dir='ltr' id='par_1_10' title="bbox 515 957 2051 1023">
     <span class='ocr_line' id='line_1_10' title="bbox 515 957 2051 1023; baseline -0.002 -14"><span class='ocrx_word' id='word_1_56' title='bbox 515 960 613 1009; x_wconf 92' lang='lat' dir='ltr'><strong>hoc</strong></span> <span class='ocrx_word' id='word_1_57' title='bbox 647 957 899 1018; x_wconf 78' lang='lat' dir='ltr'><strong>audeant,</strong></span> <span class='ocrx_word' id='word_1_58' title='bbox 931 965 982 1008; x_wconf 87' lang='lat' dir='ltr'><strong>et</strong></span> <span class='ocrx_word' id='word_1_59' title='bbox 1013 971 1115 1009; x_wconf 93' lang='lat' dir='ltr'><strong>non</strong></span> <span class='ocrx_word' id='word_1_60' title='bbox 1144 957 1453 1023; x_wconf 66' lang='lat' dir='ltr'><strong>paenitentia</strong></span> <span class='ocrx_word' id='word_1_61' title='bbox 1480 958 1623 1010; x_wconf 90' lang='lat' dir='ltr'><strong>ducti</strong></span> <span class='ocrx_word' id='word_1_62' title='bbox 1671 957 1736 1008; x_wconf 91' lang='lat' dir='ltr'><strong>ad</strong></span> <span class='ocrx_word' id='word_1_63' title='bbox 1788 957 1836 1009; x_wconf 92' lang='lat' dir='ltr'><strong>id</strong></span> <span class='ocrx_word' id='word_1_64' title='bbox 1875 972 2051 1011; x_wconf 90' lang='lat' dir='ltr'><strong>rever-</strong></span> 
     </span>
    </p>
   </div>
   <div class='ocr_carea' id='block_1_11' title="bbox 517 1046 2052 1117">
    <p class='ocr_par' dir='ltr' id='par_1_11' title="bbox 517 1046 2052 1117">
     <span class='ocr_line' id='line_1_11' title="bbox 517 1046 2052 1117; baseline 0 -19"><span class='ocrx_word' id='word_1_65' title='bbox 517 1053 716 1106; x_wconf 83' lang='lat' dir='ltr'><strong>tantur,</strong></span> <span class='ocrx_word' id='word_1_66' title='bbox 770 1046 911 1113; x_wconf 90' lang='lat' dir='ltr'><strong>quod</strong></span> <span class='ocrx_word' id='word_1_67' title='bbox 938 1055 1152 1114; x_wconf 84' lang='lat' dir='ltr'><strong>propter</strong></span> <span class='ocrx_word' id='word_1_68' title='bbox 1197 1047 1362 1101; x_wconf 92' lang='lat' dir='ltr'><strong>Deum</strong></span> <span class='ocrx_word' id='word_1_69' title='bbox 1415 1047 1706 1117; x_wconf 81' lang='lat' dir='ltr'><strong>elegerunt,</strong></span> <span class='ocrx_word' id='word_1_70' title='bbox 1745 1049 2052 1101; x_wconf 90' lang='lat' dir='ltr'><strong>anathema-</strong></span> 
     </span>
    </p>
   </div>
   <div class='ocr_carea' id='block_1_12' title="bbox 515 1135 2051 1205">
    <p class='ocr_par' dir='ltr' id='par_1_12' title="bbox 515 1135 2051 1205">
     <span class='ocr_line' id='line_1_12' title="bbox 515 1135 2051 1205; baseline 0.003 -17"><span class='ocrx_word' id='word_1_71' title='bbox 515 1135 689 1189; x_wconf 66' lang='lat' dir='ltr'><strong>tiaari.</strong></span> <span class='ocrx_word' id='word_1_72' title='bbox 724 1135 789 1188; x_wconf 86' lang='lat' dir='ltr'><strong>Et</strong></span> <span class='ocrx_word' id='word_1_73' title='bbox 819 1136 1392 1204; x_wconf 88' lang='lat' dir='ltr'><strong>Constantinopolitani</strong></span> <span class='ocrx_word' id='word_1_74' title='bbox 1429 1140 1582 1205; x_wconf 90' lang='lat' dir='ltr'><strong>primi</strong></span> <span class='ocrx_word' id='word_1_75' title='bbox 1617 1148 1668 1192; x_wconf 93' lang='lat' dir='ltr'><strong>et</strong></span> <span class='ocrx_word' id='word_1_76' title='bbox 1705 1140 1923 1194; x_wconf 91' lang='lat' dir='ltr'><strong>secundi</strong></span> <span class='ocrx_word' id='word_1_77' title='bbox 1955 1156 2051 1193; x_wconf 92' lang='lat' dir='ltr'><strong>uu-</strong></span> 
     </span>
    </p>
   </div>
   <div class='ocr_carea' id='block_1_13' title="bbox 514 1225 2054 1298">
    <p class='ocr_par' dir='ltr' id='par_1_13' title="bbox 514 1225 2054 1298">
     <span class='ocr_line' id='line_1_13' title="bbox 514 1225 2054 1298; baseline 0.003 -22"><span class='ocrx_word' id='word_1_78' title='bbox 514 1226 770 1288; x_wconf 89' lang='lat' dir='ltr'><strong>decimus,</strong></span> <span class='ocrx_word' id='word_1_79' title='bbox 801 1225 912 1278; x_wconf 62' lang='lat' dir='ltr'><strong>hate</strong></span> <span class='ocrx_word' id='word_1_80' title='bbox 945 1227 1012 1277; x_wconf 90' lang='lat' dir='ltr'><strong>ita</strong></span> <span class='ocrx_word' id='word_1_81' title='bbox 1049 1228 1114 1279; x_wconf 91' lang='lat' dir='ltr'><strong>ad</strong></span> <span class='ocrx_word' id='word_1_82' title='bbox 1147 1228 1360 1281; x_wconf 82' lang='lat' dir='ltr'><strong>verbum</strong></span> <span class='ocrx_word' id='word_1_83' title='bbox 1383 1231 1746 1295; x_wconf 80' lang='lat' dir='ltr'><strong>persequitur:</strong></span> <span class='ocrx_word' id='word_1_84' title='bbox 1774 1229 2054 1298; x_wconf 80' lang='lat' dir='ltr'><strong>Presbyte-</strong></span> 
     </span>
    </p>
   </div>
   <div class='ocr_carea' id='block_1_14' title="bbox 517 1312 2052 1384">
    <p class='ocr_par' dir='ltr' id='par_1_14' title="bbox 517 1312 2052 1384">
     <span class='ocr_line' id='line_1_14' title="bbox 517 1312 2052 1384; baseline 0.003 -19"><span class='ocrx_word' id='word_1_85' title='bbox 517 1327 606 1365; x_wconf 89' lang='lat' dir='ltr'><strong>ros</strong></span> <span class='ocrx_word' id='word_1_86' title='bbox 631 1312 713 1366; x_wconf 91' lang='lat' dir='ltr'><strong>vel</strong></span> <span class='ocrx_word' id='word_1_87' title='bbox 743 1315 994 1367; x_wconf 81' lang='lat' dir='ltr'><strong>diaconos</strong></span> <span class='ocrx_word' id='word_1_88' title='bbox 1036 1315 1320 1368; x_wconf 84' lang='lat' dir='ltr'><strong>saeculares</strong></span> <span class='ocrx_word' id='word_1_89' title='bbox 1373 1318 1712 1384; x_wconf 81' lang='lat' dir='ltr'><strong>magistratus</strong></span> <span class='ocrx_word' id='word_1_90' title='bbox 1762 1317 1846 1369; x_wconf 86' lang='lat' dir='ltr'><strong>vel</strong></span> <span class='ocrx_word' id='word_1_91' title='bbox 1899 1331 2052 1370; x_wconf 90' lang='lat' dir='ltr'><strong>curas</strong></span> 
     </span>
    </p>
   </div>
   <div class='ocr_carea' id='block_1_15' title="bbox 517 1403 2050 1471">
    <p class='ocr_par' dir='ltr' id='par_1_15' title="bbox 517 1403 2050 1471">
     <span class='ocr_line' id='line_1_15' title="bbox 517 1403 2050 1471; baseline 0.003 -17"><span class='ocrx_word' id='word_1_92' title='bbox 517 1403 892 1468; x_wconf 80' lang='lat' dir='ltr'><strong>suscipientes,</strong></span> <span class='ocrx_word' id='word_1_93' title='bbox 921 1403 999 1454; x_wconf 89' lang='lat' dir='ltr'><strong>vel</strong></span> <span class='ocrx_word' id='word_1_94' title='bbox 1035 1419 1153 1471; x_wconf 70' lang='lat' dir='ltr'><strong>qua:</strong></span> <span class='ocrx_word' id='word_1_95' title='bbox 1191 1405 1242 1456; x_wconf 90' lang='lat' dir='ltr'><strong>in</strong></span> <span class='ocrx_word' id='word_1_96' title='bbox 1300 1406 1701 1471; x_wconf 81' lang='lat' dir='ltr'><strong>magistratuum</strong></span> <span class='ocrx_word' id='word_1_97' title='bbox 1732 1407 1938 1460; x_wconf 67' lang='lat' dir='ltr'><strong>zedihus</strong></span> <span class='ocrx_word' id='word_1_98' title='bbox 1969 1408 2050 1459; x_wconf 91' lang='lat' dir='ltr'><strong>di-</strong></span> 
     </span>
    </p>
   </div>
   <div class='ocr_carea' id='block_1_16' title="bbox 522 1492 2052 1564">
    <p class='ocr_par' dir='ltr' id='par_1_16' title="bbox 522 1492 2052 1564">
     <span class='ocr_line' id='line_1_16' title="bbox 522 1492 2052 1564; baseline 0.005 -21"><span class='ocrx_word' id='word_1_99' title='bbox 522 1499 718 1543; x_wconf 88' lang='lat' dir='ltr'><strong>cuntur</strong></span> <span class='ocrx_word' id='word_1_100' title='bbox 752 1492 1077 1552; x_wconf 82' lang='lat' dir='ltr'><strong>curationes,</strong></span> <span class='ocrx_word' id='word_1_101' title='bbox 1108 1492 1273 1545; x_wconf 90' lang='lat' dir='ltr'><strong>divini</strong></span> <span class='ocrx_word' id='word_1_102' title='bbox 1303 1501 1354 1546; x_wconf 90' lang='lat' dir='ltr'><strong>et</strong></span> <span class='ocrx_word' id='word_1_103' title='bbox 1397 1495 1536 1548; x_wconf 88' lang='lat' dir='ltr'><strong>sacri</strong></span> <span class='ocrx_word' id='word_1_104' title='bbox 1581 1511 1810 1551; x_wconf 89' lang='lat' dir='ltr'><strong>canones</strong></span> <span class='ocrx_word' id='word_1_105' title='bbox 1843 1497 2052 1564; x_wconf 90' lang='lat' dir='ltr'><strong>deposi-</strong></span> 
     </span>
    </p>
   </div>
   <div class='ocr_carea' id='block_1_17' title="bbox 515 1579 2049 1652">
    <p class='ocr_par' dir='ltr' id='par_1_17' title="bbox 515 1579 2049 1652">
     <span class='ocr_line' id='line_1_17' title="bbox 515 1579 2049 1652; baseline 0.005 -21"><span class='ocrx_word' id='word_1_106' title='bbox 515 1579 644 1632; x_wconf 89' lang='lat' dir='ltr'><strong>tioni</strong></span> <span class='ocrx_word' id='word_1_107' title='bbox 693 1580 1001 1647; x_wconf 83' lang='lat' dir='ltr'><strong>subjiciunt.</strong></span> <span class='ocrx_word' id='word_1_108' title='bbox 1031 1581 1142 1634; x_wconf 90' lang='lat' dir='ltr'><strong>Hoc</strong></span> <span class='ocrx_word' id='word_1_109' title='bbox 1180 1597 1308 1651; x_wconf 92' lang='lat' dir='ltr'><strong>ergo</strong></span> <span class='ocrx_word' id='word_1_110' title='bbox 1349 1597 1446 1637; x_wconf 93' lang='lat' dir='ltr'><strong>nos</strong></span> <span class='ocrx_word' id='word_1_111' title='bbox 1478 1600 1687 1652; x_wconf 89' lang='lat' dir='ltr'><strong>quoque</strong></span> <span class='ocrx_word' id='word_1_112' title='bbox 1726 1587 2049 1640; x_wconf 81' lang='lat' dir='ltr'><strong>conﬁrman-</strong></span> 
     </span>
    </p>
   </div>
   <div class='ocr_carea' id='block_1_18' title="bbox 515 1670 2049 1740">
    <p class='ocr_par' dir='ltr' id='par_1_18' title="bbox 515 1670 2049 1740">
     <span class='ocr_line' id='line_1_18' title="bbox 515 1670 2049 1740; baseline 0.005 -20"><span class='ocrx_word' id='word_1_113' title='bbox 515 1678 616 1734; x_wconf 86' lang='lat' dir='ltr'><strong>tes,</strong></span> <span class='ocrx_word' id='word_1_114' title='bbox 646 1670 807 1722; x_wconf 91' lang='lat' dir='ltr'><strong>etiam</strong></span> <span class='ocrx_word' id='word_1_115' title='bbox 838 1671 903 1724; x_wconf 88' lang='lat' dir='ltr'><strong>de</strong></span> <span class='ocrx_word' id='word_1_116' title='bbox 959 1672 1199 1738; x_wconf 86' lang='lat' dir='ltr'><strong>reliquis,</strong></span> <span class='ocrx_word' id='word_1_117' title='bbox 1237 1673 1325 1740; x_wconf 90' lang='lat' dir='ltr'><strong>qui</strong></span> <span class='ocrx_word' id='word_1_118' title='bbox 1366 1673 1418 1726; x_wconf 93' lang='lat' dir='ltr'><strong>in</strong></span> <span class='ocrx_word' id='word_1_119' title='bbox 1471 1675 1669 1728; x_wconf 89' lang='lat' dir='ltr'><strong>clerum</strong></span> <span class='ocrx_word' id='word_1_120' title='bbox 1713 1678 1862 1730; x_wconf 81' lang='lat' dir='ltr'><strong>relati</strong></span> <span class='ocrx_word' id='word_1_121' title='bbox 1908 1687 2049 1740; x_wconf 90' lang='lat' dir='ltr'><strong>sunt,</strong></span> 
     </span>
    </p>
   </div>
   <div class='ocr_carea' id='block_1_19' title="bbox 2159 514 3690 584">
    <p class='ocr_par' dir='ltr' id='par_1_19' title="bbox 2159 514 3690 584">
     <span class='ocr_line' id='line_1_19' title="bbox 2159 514 3690 584; baseline -0.004 -16"><span class='ocrx_word' id='word_1_122' title='bbox 2159 521 2457 584; x_wconf 80' lang='grc' dir='ltr'>κοσμικοτς.</span> <span class='ocrx_word' id='word_1_123' title='bbox 2511 519 2614 569; x_wconf 68' lang='grc' dir='ltr'>Σὺν</span> <span class='ocrx_word' id='word_1_124' title='bbox 2640 519 2849 579; x_wconf 79' lang='grc' dir='ltr'><strong>τούτοις</strong></span> <span class='ocrx_word' id='word_1_125' title='bbox 2875 518 2966 570; x_wconf 75' lang='grc' dir='ltr'><strong>καὶ</strong></span> <span class='ocrx_word' id='word_1_126' title='bbox 2996 520 3023 569; x_wconf 87' lang='grc' dir='ltr'><strong>ό</strong></span> <span class='ocrx_word' id='word_1_127' title='bbox 3073 515 3146 579; x_wconf 75' lang='grc' dir='ltr'><strong>οζ⁹</strong></span> <span class='ocrx_word' id='word_1_128' title='bbox 3181 517 3277 583; x_wconf 80' lang='grc' dir='ltr'>τῆς</span> <span class='ocrx_word' id='word_1_129' title='bbox 3304 516 3357 566; x_wconf 85' lang='grc' dir='ltr'><strong>ἐν</strong></span> <span class='ocrx_word' id='word_1_130' title='bbox 3392 514 3690 580; x_wconf 75' lang='grc' dir='ltr'><strong>Χαλκηδόνι</strong></span> 
     </span>
    </p>
   </div>
   <div class='ocr_carea' id='block_1_20' title="bbox 2159 601 3691 674">
    <p class='ocr_par' dir='ltr' id='par_1_20' title="bbox 2159 601 3691 674">
     <span class='ocr_line' id='line_1_20' title="bbox 2159 601 3691 674; baseline -0.007 -16"><span class='ocrx_word' id='word_1_131' title='bbox 2159 609 2398 670; x_wconf 79' lang='grc' dir='ltr'><strong>συνόδου,</strong></span> <span class='ocrx_word' id='word_1_132' title='bbox 2427 611 2550 666; x_wconf 75' lang='grc' dir='ltr'>τοὺς</span> <span class='ocrx_word' id='word_1_133' title='bbox 2576 609 2716 672; x_wconf 78' lang='grc' dir='ltr'>ἅπαξ</span> <span class='ocrx_word' id='word_1_134' title='bbox 2775 611 2828 658; x_wconf 87' lang='grc' dir='ltr'><strong>ἐν</strong></span> <span class='ocrx_word' id='word_1_135' title='bbox 2856 608 3042 674; x_wconf 76' lang='grc' dir='ltr'>κλήρῳ</span> <span class='ocrx_word' id='word_1_136' title='bbox 3097 604 3462 670; x_wconf 77' lang='grc' dir='ltr'><strong>τεταγμένους</strong></span> <span class='ocrx_word' id='word_1_137' title='bbox 3503 601 3535 668; x_wconf 84' lang='grc' dir='ltr'>ἢ</span> <span class='ocrx_word' id='word_1_138' title='bbox 3597 601 3691 650; x_wconf 65' lang='grc' dir='ltr'><strong>καὶ</strong></span> 
     </span>
    </p>
   </div>
   <div class='ocr_carea' id='block_1_21' title="bbox 2161 690 3693 765">
    <p class='ocr_par' dir='ltr' id='par_1_21' title="bbox 2161 690 3693 765">
     <span class='ocr_line' id='line_1_21' title="bbox 2161 690 3693 765; baseline -0.007 -18"><span class='ocrx_word' id='word_1_139' title='bbox 2161 698 2425 763; x_wconf 78' lang='grc' dir='ltr'>μοναστὰς</span> <span class='ocrx_word' id='word_1_140' title='bbox 2457 697 2734 765; x_wconf 85' lang='grc' dir='ltr'>ὼρίσαμεν</span> <span class='ocrx_word' id='word_1_141' title='bbox 2785 698 2915 764; x_wconf 87' lang='grc' dir='ltr'>μήτε</span> <span class='ocrx_word' id='word_1_142' title='bbox 2959 697 3048 747; x_wconf 80' lang='grc' dir='ltr'><strong>ἐπὶ</strong></span> <span class='ocrx_word' id='word_1_143' title='bbox 3096 693 3379 760; x_wconf 78' lang='grc' dir='ltr'><strong>στρατείαν</strong></span> <span class='ocrx_word' id='word_1_144' title='bbox 3415 692 3546 758; x_wconf 81' lang='grc' dir='ltr'>μήτε</span> <span class='ocrx_word' id='word_1_145' title='bbox 3601 690 3693 738; x_wconf 73' lang='grc' dir='ltr'>ἐπὶ</span> 
     </span>
    </p>
   </div>
   <div class='ocr_carea' id='block_1_22' title="bbox 2159 778 3694 854">
    <p class='ocr_par' dir='ltr' id='par_1_22' title="bbox 2159 778 3694 854">
     <span class='ocr_line' id='line_1_22' title="bbox 2159 778 3694 854; baseline -0.007 -17"><span class='ocrx_word' id='word_1_146' title='bbox 2159 787 2309 849; x_wconf 77' lang='grc' dir='ltr'>ἀξίαν</span> <span class='ocrx_word' id='word_1_147' title='bbox 2341 787 2606 853; x_wconf 80' lang='grc' dir='ltr'><strong>κοσμικὴν</strong></span> <span class='ocrx_word' id='word_1_148' title='bbox 2638 785 2887 854; x_wconf 78' lang='grc' dir='ltr'>ἔρχεσθαι</span> <span class='ocrx_word' id='word_1_149' title='bbox 2911 801 2922 813; x_wconf 91' lang='grc'><strong>·</strong></span> <span class='ocrx_word' id='word_1_150' title='bbox 2956 783 2986 851; x_wconf 80' lang='grc' dir='ltr'>ἢ</span> <span class='ocrx_word' id='word_1_151' title='bbox 3023 783 3178 833; x_wconf 81' lang='grc' dir='ltr'>τοῦτο</span> <span class='ocrx_word' id='word_1_152' title='bbox 3227 780 3556 848; x_wconf 80' lang='grc' dir='ltr'><strong>τολμῶντας,</strong></span> <span class='ocrx_word' id='word_1_153' title='bbox 3597 778 3694 827; x_wconf 66' lang='grc' dir='ltr'><strong>καὶ</strong></span> 
     </span>
    </p>
   </div>
   <div class='ocr_carea' id='block_1_23' title="bbox 2162 866 3695 943">
    <p class='ocr_par' dir='ltr' id='par_1_23' title="bbox 2162 866 3695 943">
     <span class='ocr_line' id='line_1_23' title="bbox 2162 866 3695 943; baseline -0.008 -16"><span class='ocrx_word' id='word_1_154' title='bbox 2162 876 2235 943; x_wconf 84' lang='grc' dir='ltr'>μὴ</span> <span class='ocrx_word' id='word_1_155' title='bbox 2274 876 2757 943; x_wconf 79' lang='grc' dir='ltr'>μεταμελομένους,</span> <span class='ocrx_word' id='word_1_156' title='bbox 2789 875 2926 926; x_wconf 84' lang='grc' dir='ltr'>ὥστε</span> <span class='ocrx_word' id='word_1_157' title='bbox 2979 871 3297 938; x_wconf 79' lang='grc' dir='ltr'>ἐπιστρέψαι</span> <span class='ocrx_word' id='word_1_158' title='bbox 3356 870 3448 920; x_wconf 71' lang='grc' dir='ltr'>ἐπὶ</span> <span class='ocrx_word' id='word_1_159' title='bbox 3479 868 3635 918; x_wconf 74' lang='grc' dir='ltr'>τοῦτο</span> <span class='ocrx_word' id='word_1_160' title='bbox 3667 866 3695 915; x_wconf 76' lang='grc' dir='ltr'>ὅ</span> 
     </span>
    </p>
   </div>
   <div class='ocr_carea' id='block_1_24' title="bbox 2159 956 3697 1029">
    <p class='ocr_par' dir='ltr' id='par_1_24' title="bbox 2159 956 3697 1029">
     <span class='ocr_line' id='line_1_24' title="bbox 2159 956 3697 1029; baseline -0.009 -13"><span class='ocrx_word' id='word_1_161' title='bbox 2159 965 2242 1016; x_wconf 83' lang='grc' dir='ltr'>διὰ</span> <span class='ocrx_word' id='word_1_162' title='bbox 2273 965 2403 1016; x_wconf 83' lang='grc' dir='ltr'>Θεὸν</span> <span class='ocrx_word' id='word_1_163' title='bbox 2438 965 2666 1023; x_wconf 83' lang='grc' dir='ltr'>εἴλοντο,</span> <span class='ocrx_word' id='word_1_164' title='bbox 2694 961 3209 1029; x_wconf 78' lang='grc' dir='ltr'>ἀναθεματίζεσθαι.</span> <span class='ocrx_word' id='word_1_165' title='bbox 3261 959 3368 1010; x_wconf 81' lang='grc' dir='ltr'><strong>Καὶ</strong></span> <span class='ocrx_word' id='word_1_166' title='bbox 3405 961 3431 1009; x_wconf 86' lang='grc' dir='ltr'>ὁ</span> <span class='ocrx_word' id='word_1_167' title='bbox 3484 956 3582 1020; x_wconf 76' lang='grc' dir='ltr'>τῆς</span> <span class='ocrx_word' id='word_1_168' title='bbox 3637 957 3697 1003; x_wconf 85' lang='grc' dir='ltr'><strong>ἐν</strong></span> 
     </span>
    </p>
   </div>
   <div class='ocr_carea' id='block_1_25' title="bbox 2158 1042 3696 1119">
    <p class='ocr_par' dir='ltr' id='par_1_25' title="bbox 2158 1042 3696 1119">
     <span class='ocr_line' id='line_1_25' title="bbox 2158 1042 3696 1119; baseline -0.01 -13"><span class='ocrx_word' id='word_1_169' title='bbox 2158 1054 2717 1106; x_wconf 87' lang='grc' dir='ltr'>Κωνσταντινουπόλει</span> <span class='ocrx_word' id='word_1_170' title='bbox 2745 1052 2791 1104; x_wconf 83' lang='grc' dir='ltr'>α’</span> <span class='ocrx_word' id='word_1_171' title='bbox 2842 1055 2932 1104; x_wconf 64' lang='grc' dir='ltr'>καὶ</span> <span class='ocrx_word' id='word_1_172' title='bbox 2961 1052 3002 1119; x_wconf 82' lang='grc' dir='ltr'><strong>β’</strong></span> <span class='ocrx_word' id='word_1_173' title='bbox 3038 1049 3252 1101; x_wconf 85' lang='grc' dir='ltr'>συνόδου</span> <span class='ocrx_word' id='word_1_174' title='bbox 3303 1047 3371 1099; x_wconf 88' lang='grc' dir='ltr'>ια’</span> <span class='ocrx_word' id='word_1_175' title='bbox 3401 1047 3519 1097; x_wconf 83' lang='grc' dir='ltr'>τάδε</span> <span class='ocrx_word' id='word_1_176' title='bbox 3551 1042 3696 1094; x_wconf 81' lang='grc' dir='ltr'><strong>κατά</strong></span> 
     </span>
    </p>
   </div>
   <div class='ocr_carea' id='block_1_26' title="bbox 2159 1135 3694 1211">
    <p class='ocr_par' dir='ltr' id='par_1_26' title="bbox 2159 1135 3694 1211">
     <span class='ocr_line' id='line_1_26' title="bbox 2159 1135 3694 1211; baseline -0.011 -12"><span class='ocrx_word' id='word_1_177' title='bbox 2159 1147 2307 1211; x_wconf 77' lang='grc' dir='ltr'>ῥῆμα</span> <span class='ocrx_word' id='word_1_178' title='bbox 2333 1144 2550 1207; x_wconf 81' lang='grc' dir='ltr'>διέξεισι</span> <span class='ocrx_word' id='word_1_179' title='bbox 2572 1159 2584 1172; x_wconf 83' lang='lat'><strong><em>°</em></strong></span> <span class='ocrx_word' id='word_1_180' title='bbox 2614 1145 2750 1204; x_wconf 78' lang='grc' dir='ltr'>Τοὺς</span> <span class='ocrx_word' id='word_1_181' title='bbox 2785 1141 3193 1210; x_wconf 85' lang='grc' dir='ltr'>πρεσϐυτέρους</span> <span class='ocrx_word' id='word_1_182' title='bbox 3234 1140 3265 1207; x_wconf 82' lang='grc' dir='ltr'>ἢ</span> <span class='ocrx_word' id='word_1_183' title='bbox 3298 1135 3572 1191; x_wconf 75' lang='grc' dir='ltr'>διακόνους</span> <span class='ocrx_word' id='word_1_184' title='bbox 3597 1149 3694 1183; x_wconf 85' lang='grc' dir='ltr'>κο-</span> 
     </span>
    </p>
   </div>
   <div class='ocr_carea' id='block_1_27' title="bbox 2159 1225 3697 1303">
    <p class='ocr_par' dir='ltr' id='par_1_27' title="bbox 2159 1225 3697 1303">
     <span class='ocr_line' id='line_1_27' title="bbox 2159 1225 3697 1303; baseline -0.009 -18"><span class='ocrx_word' id='word_1_185' title='bbox 2159 1235 2359 1302; x_wconf 84' lang='grc' dir='ltr'>σμικὰς</span> <span class='ocrx_word' id='word_1_186' title='bbox 2387 1234 2556 1303; x_wconf 81' lang='grc' dir='ltr'>ἀρχὰς</span> <span class='ocrx_word' id='word_1_187' title='bbox 2585 1233 2616 1301; x_wconf 82' lang='grc' dir='ltr'>ἢ</span> <span class='ocrx_word' id='word_1_188' title='bbox 2645 1233 2927 1301; x_wconf 80' lang='grc' dir='ltr'>φροντίδας</span> <span class='ocrx_word' id='word_1_189' title='bbox 2957 1229 3401 1296; x_wconf 74' lang='grc' dir='ltr'>ἀναδεχομένους,</span> <span class='ocrx_word' id='word_1_190' title='bbox 3437 1227 3468 1293; x_wconf 79' lang='grc' dir='ltr'>ἢ</span> <span class='ocrx_word' id='word_1_191' title='bbox 3507 1225 3602 1283; x_wconf 85' lang='grc' dir='ltr'>τὰς</span> <span class='ocrx_word' id='word_1_192' title='bbox 3637 1225 3697 1273; x_wconf 80' lang='grc' dir='ltr'><strong>ἐν</strong></span> 
     </span>
    </p>
   </div>
   <div class='ocr_carea' id='block_1_28' title="bbox 2156 1313 3700 1390">
    <p class='ocr_par' dir='ltr' id='par_1_28' title="bbox 2156 1313 3700 1390">
     <span class='ocr_line' id='line_1_28' title="bbox 2156 1313 3700 1390; baseline -0.008 -16"><span class='ocrx_word' id='word_1_193' title='bbox 2156 1327 2267 1384; x_wconf 86' lang='grc' dir='ltr'>τοῖς</span> <span class='ocrx_word' id='word_1_194' title='bbox 2293 1327 2460 1382; x_wconf 77' lang='grc' dir='ltr'>οἴκοις</span> <span class='ocrx_word' id='word_1_195' title='bbox 2487 1323 2593 1374; x_wconf 92' lang='grc' dir='ltr'><strong>τῶν</strong></span> <span class='ocrx_word' id='word_1_196' title='bbox 2623 1322 2895 1390; x_wconf 75' lang='grc' dir='ltr'>ἀρχόντων</span> <span class='ocrx_word' id='word_1_197' title='bbox 2942 1319 3240 1386; x_wconf 78' lang='grc' dir='ltr'>λεγομένας</span> <span class='ocrx_word' id='word_1_198' title='bbox 3271 1313 3700 1384; x_wconf 87' lang='grc' dir='ltr'>κουρατωρείας,</span> 
     </span>
    </p>
   </div>
   <div class='ocr_carea' id='block_1_29' title="bbox 2157 1403 3702 1480">
    <p class='ocr_par' dir='ltr' id='par_1_29' title="bbox 2157 1403 3702 1480">
     <span class='ocr_line' id='line_1_29' title="bbox 2157 1403 3702 1480; baseline -0.01 -14"><span class='ocrx_word' id='word_1_199' title='bbox 2157 1417 2206 1466; x_wconf 85' lang='lat' dir='ltr'><strong>oi.</strong></span> <span class='ocrx_word' id='word_1_200' title='bbox 2244 1415 2375 1465; x_wconf 83' lang='grc' dir='ltr'>θεῖοι</span> <span class='ocrx_word' id='word_1_201' title='bbox 2406 1414 2498 1466; x_wconf 76' lang='grc' dir='ltr'>καὶ</span> <span class='ocrx_word' id='word_1_202' title='bbox 2549 1414 2681 1480; x_wconf 73' lang='grc' dir='ltr'>ἱεροὶ</span> <span class='ocrx_word' id='word_1_203' title='bbox 2732 1413 2954 1469; x_wconf 80' lang='grc' dir='ltr'>κανόνες</span> <span class='ocrx_word' id='word_1_204' title='bbox 2993 1409 3306 1475; x_wconf 80' lang='grc' dir='ltr'>καθαιρέσει</span> <span class='ocrx_word' id='word_1_205' title='bbox 3358 1403 3702 1459; x_wconf 85' lang='grc' dir='ltr'>καθυποϐἀλ-</span> 
     </span>
    </p>
   </div>
   <div class='ocr_carea' id='block_1_30' title="bbox 2156 1493 3702 1568">
    <p class='ocr_par' dir='ltr' id='par_1_30' title="bbox 2156 1493 3702 1568">
     <span class='ocr_line' id='line_1_30' title="bbox 2156 1493 3702 1568; baseline -0.01 -13"><span class='ocrx_word' id='word_1_206' title='bbox 2156 1504 2324 1554; x_wconf 88' lang='grc' dir='ltr'>λουσι.</span> <span class='ocrx_word' id='word_1_207' title='bbox 2364 1504 2535 1554; x_wconf 81' lang='grc' dir='ltr'>Τοῦτο</span> <span class='ocrx_word' id='word_1_208' title='bbox 2573 1501 2663 1554; x_wconf 84' lang='grc' dir='ltr'><strong>οὑν</strong></span> <span class='ocrx_word' id='word_1_209' title='bbox 2693 1503 2787 1554; x_wconf 69' lang='grc' dir='ltr'>καλ.</span> <span class='ocrx_word' id='word_1_210' title='bbox 2815 1503 2972 1568; x_wconf 79' lang='grc' dir='ltr'>ἡμεῖς</span> <span class='ocrx_word' id='word_1_211' title='bbox 3005 1496 3414 1564; x_wconf 75' lang='grc' dir='ltr'>ἐπικυροῦντες,</span> <span class='ocrx_word' id='word_1_212' title='bbox 3444 1495 3534 1545; x_wconf 81' lang='grc' dir='ltr'><strong>καὶ</strong></span> <span class='ocrx_word' id='word_1_213' title='bbox 3567 1493 3702 1558; x_wconf 72' lang='grc' dir='ltr'>περὶ</span> 
     </span>
    </p>
   </div>
   <div class='ocr_carea' id='block_1_31' title="bbox 2156 1582 3706 1659">
    <p class='ocr_par' dir='ltr' id='par_1_31' title="bbox 2156 1582 3706 1659">
     <span class='ocr_line' id='line_1_31' title="bbox 2156 1582 3706 1659; baseline -0.01 -14"><span class='ocrx_word' id='word_1_214' title='bbox 2156 1593 2262 1645; x_wconf 85' lang='grc' dir='ltr'><strong>τῶν</strong></span> <span class='ocrx_word' id='word_1_215' title='bbox 2291 1592 2492 1642; x_wconf 83' lang='grc' dir='ltr'>λοιπῶν</span> <span class='ocrx_word' id='word_1_216' title='bbox 2525 1592 2631 1642; x_wconf 86' lang='grc' dir='ltr'><strong>τῶν</strong></span> <span class='ocrx_word' id='word_1_217' title='bbox 2681 1592 2735 1641; x_wconf 83' lang='grc' dir='ltr'><strong>ἐν</strong></span> <span class='ocrx_word' id='word_1_218' title='bbox 2776 1590 2958 1659; x_wconf 81' lang='grc' dir='ltr'>κλήρῳ</span> <span class='ocrx_word' id='word_1_219' title='bbox 3013 1587 3441 1652; x_wconf 81' lang='grc' dir='ltr'>κατειλεγμένων</span> <span class='ocrx_word' id='word_1_220' title='bbox 3472 1582 3706 1649; x_wconf 72' lang='grc' dir='ltr'>διοριζό-</span> 
     </span>
    </p>
   </div>
   <div class='ocr_carea' id='block_1_32' title="bbox 2163 1671 3704 1748">
    <p class='ocr_par' dir='ltr' id='par_1_32' title="bbox 2163 1671 3704 1748">
     <span class='ocr_line' id='line_1_32' title="bbox 2163 1671 3704 1748; baseline -0.01 -14"><span class='ocrx_word' id='word_1_221' title='bbox 2163 1681 2320 1748; x_wconf 89' lang='grc' dir='ltr'>μεθα,</span> <span class='ocrx_word' id='word_1_222' title='bbox 2350 1681 2444 1744; x_wconf 85' lang='grc' dir='ltr'>ὡς,</span> <span class='ocrx_word' id='word_1_223' title='bbox 2475 1681 2527 1730; x_wconf 85' lang='grc' dir='ltr'><strong>εῐ</strong></span> <span class='ocrx_word' id='word_1_224' title='bbox 2555 1697 2636 1739; x_wconf 88' lang='grc' dir='ltr'><strong>τις</strong></span> <span class='ocrx_word' id='word_1_225' title='bbox 2668 1680 2844 1729; x_wconf 80' lang='grc' dir='ltr'>αὑτῶν</span> <span class='ocrx_word' id='word_1_226' title='bbox 2867 1678 3135 1743; x_wconf 85' lang='grc' dir='ltr'>κοσμικὰς</span> <span class='ocrx_word' id='word_1_227' title='bbox 3181 1676 3354 1743; x_wconf 84' lang='grc' dir='ltr'>ἁρχάς</span> <span class='ocrx_word' id='word_1_228' title='bbox 3389 1671 3704 1739; x_wconf 86' lang='grc' dir='ltr'>μεταχειρί-</span> 
     </span>
    </p>
   </div>
   <div class='ocr_carea' id='block_1_33' title="bbox 514 1740 2060 1838">
    <p class='ocr_par' dir='ltr' id='par_1_33' title="bbox 514 1759 2055 1836">
     <span class='ocr_line' id='line_1_33' title="bbox 514 1759 2055 1836; baseline 0.005 -24"><span class='ocrx_word' id='word_1_229' title='bbox 514 1759 822 1824; x_wconf 85' lang='lat' dir='ltr'><strong>statuimus,</strong></span> <span class='ocrx_word' id='word_1_230' title='bbox 858 1769 951 1823; x_wconf 90' lang='lat' dir='ltr'><strong>ut,</strong></span> <span class='ocrx_word' id='word_1_231' title='bbox 984 1762 1028 1814; x_wconf 91' lang='lat' dir='ltr'><strong>si</strong></span> <span class='ocrx_word' id='word_1_232' title='bbox 1057 1762 1176 1828; x_wconf 85' lang='lat' dir='ltr'><strong>quis</strong></span> <span class='ocrx_word' id='word_1_233' title='bbox 1199 1776 1380 1815; x_wconf 90' lang='lat' dir='ltr'><strong>eorum</strong></span> <span class='ocrx_word' id='word_1_234' title='bbox 1407 1767 1676 1818; x_wconf 71' lang='lat' dir='ltr'><strong>saecularia</strong></span> <span class='ocrx_word' id='word_1_235' title='bbox 1715 1766 1920 1836; x_wconf 84' lang='lat' dir='ltr'><strong>negotia</strong></span> <span class='ocrx_word' id='word_1_236' title='bbox 1965 1782 2055 1835; x_wconf 81' lang='lat' dir='ltr'><strong>ag-</strong></span> 
     </span>
    </p>
   </div>
   <div class='ocr_carea' id='block_1_34' title="bbox 2164 1740 3706 1838">
    <p class='ocr_par' dir='ltr' id='par_1_34' title="bbox 2164 1740 3706 1838">
     <span class='ocr_line' id='line_1_34' title="bbox 2164 1740 3706 1838; baseline -0.008 -16"><span class='ocrx_word' id='word_1_237' title='bbox 2164 1740 2320 1836; x_wconf 58' lang='grc' dir='ltr'>ξοιτο,</span> <span class='ocrx_word' id='word_1_238' title='bbox 2353 1740 2535 1838; x_wconf 26' lang='grc' dir='ltr'>ἦητάς</span> <span class='ocrx_word' id='word_1_239' title='bbox 2567 1771 2622 1819; x_wconf 85' lang='grc' dir='ltr'><strong>ἐν</strong></span> <span class='ocrx_word' id='word_1_240' title='bbox 2653 1771 2760 1827; x_wconf 81' lang='grc' dir='ltr'>τοῖς</span> <span class='ocrx_word' id='word_1_241' title='bbox 2792 1768 2898 1818; x_wconf 86' lang='grc' dir='ltr'><strong>τῶν</strong></span> <span class='ocrx_word' id='word_1_242' title='bbox 2947 1768 3217 1836; x_wconf 76' lang='grc' dir='ltr'>ἀρχόντων</span> <span class='ocrx_word' id='word_1_243' title='bbox 3267 1764 3430 1824; x_wconf 83' lang='grc' dir='ltr'>οίκοις</span> <span class='ocrx_word' id='word_1_244' title='bbox 3485 1761 3515 1828; x_wconf 86' lang='grc' dir='ltr'>ἢ</span> <span class='ocrx_word' id='word_1_245' title='bbox 3566 1777 3706 1824; x_wconf 78' lang='grc' dir='ltr'>προ-</span> 
     </span>
    </p>
   </div>
   <div class='ocr_carea' id='block_1_35' title="bbox 514 1849 2055 1920">
    <p class='ocr_par' dir='ltr' id='par_1_35' title="bbox 514 1849 2055 1920">
     <span class='ocr_line' id='line_1_35' title="bbox 514 1849 2055 1920; baseline 0.006 -20"><span class='ocrx_word' id='word_1_246' title='bbox 514 1849 806 1917; x_wconf 79' lang='lat' dir='ltr'><strong>grediatur,</strong></span> <span class='ocrx_word' id='word_1_247' title='bbox 832 1849 1068 1917; x_wconf 73' lang='lat' dir='ltr'><strong>vel,&#39;qnze</strong></span> <span class='ocrx_word' id='word_1_248' title='bbox 1093 1851 1141 1903; x_wconf 93' lang='lat' dir='ltr'><strong>in</strong></span> <span class='ocrx_word' id='word_1_249' title='bbox 1166 1853 1565 1920; x_wconf 78' lang='lat' dir='ltr'><strong>magistratuum</strong></span> <span class='ocrx_word' id='word_1_250' title='bbox 1595 1855 1795 1908; x_wconf 62' lang='lat' dir='ltr'><strong>aedibus</strong></span> <span class='ocrx_word' id='word_1_251' title='bbox 1821 1856 1904 1908; x_wconf 88' lang='lat' dir='ltr'><strong>vel</strong></span> <span class='ocrx_word' id='word_1_252' title='bbox 1925 1857 2055 1910; x_wconf 93' lang='lat' dir='ltr'><strong>sub-</strong></span> 
     </span>
    </p>
   </div>
   <div class='ocr_carea' id='block_1_36' title="bbox 514 1938 2055 2011">
    <p class='ocr_par' dir='ltr' id='par_1_36' title="bbox 514 1938 2055 2011">
     <span class='ocr_line' id='line_1_36' title="bbox 514 1938 2055 2011; baseline 0.007 -23"><span class='ocrx_word' id='word_1_253' title='bbox 514 1938 729 1992; x_wconf 87' lang='lat' dir='ltr'><strong>urbanis</strong></span> <span class='ocrx_word' id='word_1_254' title='bbox 760 1941 1060 1993; x_wconf 89' lang='lat' dir='ltr'><strong>curationes</strong></span> <span class='ocrx_word' id='word_1_255' title='bbox 1120 1940 1368 1993; x_wconf 87' lang='lat' dir='ltr'><strong>dicuntur</strong></span> <span class='ocrx_word' id='word_1_256' title='bbox 1395 1984 1408 2006; x_wconf 93' lang='lat'><strong>,</strong></span> <span class='ocrx_word' id='word_1_257' title='bbox 1443 1943 1713 2011; x_wconf 85' lang='lat' dir='ltr'><strong>suscipiat,</strong></span> <span class='ocrx_word' id='word_1_258' title='bbox 1750 1945 1791 1999; x_wconf 91' lang='lat' dir='ltr'><strong>is</strong></span> <span class='ocrx_word' id='word_1_259' title='bbox 1817 1960 1878 1998; x_wconf 83' lang='lat' dir='ltr'><strong>ex</strong></span> <span class='ocrx_word' id='word_1_260' title='bbox 1914 1945 2055 1999; x_wconf 90' lang='lat' dir='ltr'><strong>clero</strong></span> 
     </span>
    </p>
   </div>
   <div class='ocr_carea' id='block_1_37' title="bbox 513 2026 2043 2096">
    <p class='ocr_par' dir='ltr' id='par_1_37' title="bbox 513 2026 2043 2096">
     <span class='ocr_line' id='line_1_37' title="bbox 513 2026 2043 2096; baseline 0.005 -17"><span class='ocrx_word' id='word_1_261' title='bbox 513 2028 823 2091; x_wconf 81' lang='lat' dir='ltr'><strong>expellatur.</strong></span> <span class='ocrx_word' id='word_1_262' title='bbox 856 2026 1021 2080; x_wconf 85' lang='lat' dir='ltr'><strong>Nemo</strong></span> <span class='ocrx_word' id='word_1_263' title='bbox 1063 2033 1202 2082; x_wconf 89' lang='lat' dir='ltr'><strong>enim</strong></span> <span class='ocrx_word' id='word_1_264' title='bbox 1251 2040 1434 2096; x_wconf 80' lang='lat' dir='ltr'><strong>potest,</strong></span> <span class='ocrx_word' id='word_1_265' title='bbox 1493 2035 1779 2085; x_wconf 88' lang='lat' dir='ltr'><strong>secundum</strong></span> <span class='ocrx_word' id='word_1_266' title='bbox 1843 2033 2043 2088; x_wconf 85' lang='lat' dir='ltr'><strong>Christi</strong></span> 
     </span>
    </p>
   </div>
   <div class='ocr_carea' id='block_1_38' title="bbox 514 2116 2055 2188">
    <p class='ocr_par' dir='ltr' id='par_1_38' title="bbox 514 2116 2055 2188">
     <span class='ocr_line' id='line_1_38' title="bbox 514 2116 2055 2188; baseline 0.006 -22"><span class='ocrx_word' id='word_1_267' title='bbox 514 2117 626 2168; x_wconf 90' lang='lat' dir='ltr'><strong>veri</strong></span> <span class='ocrx_word' id='word_1_268' title='bbox 656 2116 746 2167; x_wconf 89' lang='lat' dir='ltr'><strong>Dci</strong></span> <span class='ocrx_word' id='word_1_269' title='bbox 779 2117 942 2168; x_wconf 88' lang='lat' dir='ltr'><strong>nostri</strong></span> <span class='ocrx_word' id='word_1_270' title='bbox 973 2117 1170 2170; x_wconf 91' lang='lat' dir='ltr'><strong>dictum</strong></span> <span class='ocrx_word' id='word_1_271' title='bbox 1207 2129 1262 2172; x_wconf 89' lang='lat' dir='ltr'><strong>et</strong></span> <span class='ocrx_word' id='word_1_272' title='bbox 1310 2121 1642 2174; x_wconf 84' lang='lat' dir='ltr'><strong>verissimam</strong></span> <span class='ocrx_word' id='word_1_273' title='bbox 1681 2138 1890 2188; x_wconf 89' lang='lat' dir='ltr'><strong>vocem,</strong></span> <span class='ocrx_word' id='word_1_274' title='bbox 1922 2125 2055 2176; x_wconf 86' lang='lat' dir='ltr'><strong>duo-</strong></span> 
     </span>
    </p>
   </div>
   <div class='ocr_carea' id='block_1_39' title="bbox 515 2205 2058 2266">
    <p class='ocr_par' dir='ltr' id='par_1_39' title="bbox 515 2205 2058 2266">
     <span class='ocr_line' id='line_1_39' title="bbox 515 2205 2058 2266; baseline 0.006 -10"><span class='ocrx_word' id='word_1_275' title='bbox 515 2205 608 2257; x_wconf 83' lang='lat' dir='ltr'><strong>bus</strong></span> <span class='ocrx_word' id='word_1_276' title='bbox 651 2206 876 2258; x_wconf 81' lang='lat' dir='ltr'><strong>dominis</strong></span> <span class='ocrx_word' id='word_1_277' title='bbox 906 2208 1112 2260; x_wconf 81' lang='lat' dir='ltr'><strong>servire.</strong></span> <span class='ocrx_word' id='word_1_278' title='bbox 1147 2207 1211 2259; x_wconf 84' lang='lat' dir='ltr'><strong>Et</strong></span> <span class='ocrx_word' id='word_1_279' title='bbox 1259 2209 1477 2262; x_wconf 89' lang='lat' dir='ltr'><strong>omnino</strong></span> <span class='ocrx_word' id='word_1_280' title='bbox 1536 2211 1801 2265; x_wconf 78' lang='lat' dir='ltr'><strong>manifesti</strong></span> <span class='ocrx_word' id='word_1_281' title='bbox 1856 2223 1978 2266; x_wconf 90' lang='lat' dir='ltr'><strong>sunt</strong></span> <span class='ocrx_word' id='word_1_282' title='bbox 2006 2223 2058 2266; x_wconf 93' lang='lat' dir='ltr'><strong>et</strong></span> 
     </span>
    </p>
   </div>
   <div class='ocr_carea' id='block_1_40' title="bbox 513 2295 2056 2362">
    <p class='ocr_par' dir='ltr' id='par_1_40' title="bbox 513 2295 2056 2362">
     <span class='ocr_line' id='line_1_40' title="bbox 513 2295 2056 2362; baseline 0.004 -15"><span class='ocrx_word' id='word_1_283' title='bbox 513 2295 683 2362; x_wconf 83' lang='lat' dir='ltr'><strong>aperti</strong></span> <span class='ocrx_word' id='word_1_284' title='bbox 713 2295 762 2347; x_wconf 89' lang='lat' dir='ltr'><strong>hi</strong></span> <span class='ocrx_word' id='word_1_285' title='bbox 793 2295 954 2348; x_wconf 87' lang='lat' dir='ltr'><strong>divini</strong></span> <span class='ocrx_word' id='word_1_286' title='bbox 983 2310 1213 2350; x_wconf 70' lang='lat' dir='ltr'><strong>canentes</strong></span> <span class='ocrx_word' id='word_1_287' title='bbox 1252 2315 1264 2348; x_wconf 88' lang='lat'><strong>:</strong></span> <span class='ocrx_word' id='word_1_288' title='bbox 1296 2306 1348 2350; x_wconf 92' lang='lat' dir='ltr'><strong>et</strong></span> <span class='ocrx_word' id='word_1_289' title='bbox 1384 2299 1499 2350; x_wconf 88' lang='lat' dir='ltr'><strong>ideo</strong></span> <span class='ocrx_word' id='word_1_290' title='bbox 1532 2312 1634 2351; x_wconf 90' lang='lat' dir='ltr'><strong>non</strong></span> <span class='ocrx_word' id='word_1_291' title='bbox 1692 2311 1816 2353; x_wconf 88' lang='lat' dir='ltr'><strong>sunt</strong></span> <span class='ocrx_word' id='word_1_292' title='bbox 1882 2311 2056 2354; x_wconf 87' lang='lat' dir='ltr'><strong>trans-</strong></span> 
     </span>
    </p>
   </div>
   <div class='ocr_carea' id='block_1_41' title="bbox 514 2383 2055 2454">
    <p class='ocr_par' dir='ltr' id='par_1_41' title="bbox 514 2383 2055 2454">
     <span class='ocr_line' id='line_1_41' title="bbox 514 2383 2055 2454; baseline 0.004 -17"><span class='ocrx_word' id='word_1_293' title='bbox 514 2383 778 2439; x_wconf 78' lang='lat' dir='ltr'><strong>formandi</strong></span> <span class='ocrx_word' id='word_1_294' title='bbox 837 2385 918 2437; x_wconf 89' lang='lat' dir='ltr'><strong>vel</strong></span> <span class='ocrx_word' id='word_1_295' title='bbox 969 2387 1123 2439; x_wconf 84' lang='lat' dir='ltr'><strong>aliter</strong></span> <span class='ocrx_word' id='word_1_296' title='bbox 1188 2389 1502 2454; x_wconf 87' lang='lat' dir='ltr'><strong>accipiendi.</strong></span> <span class='ocrx_word' id='word_1_297' title='bbox 1564 2388 1617 2440; x_wconf 88' lang='lat' dir='ltr'><strong>Si</strong></span> <span class='ocrx_word' id='word_1_298' title='bbox 1669 2401 1843 2444; x_wconf 89' lang='lat' dir='ltr'><strong>autem</strong></span> <span class='ocrx_word' id='word_1_299' title='bbox 1896 2394 2055 2444; x_wconf 88' lang='lat' dir='ltr'><strong>etiam</strong></span> 
     </span>
    </p>
   </div>
   <div class='ocr_carea' id='block_1_42' title="bbox 516 2476 2059 2545">
    <p class='ocr_par' dir='ltr' id='par_1_42' title="bbox 516 2476 2059 2545">
     <span class='ocr_line' id='line_1_42' title="bbox 516 2476 2059 2545; baseline 0.008 -24"><span class='ocrx_word' id='word_1_300' title='bbox 516 2485 690 2525; x_wconf 59' lang='lat' dir='ltr'><strong>causa</strong></span> <span class='ocrx_word' id='word_1_301' title='bbox 728 2484 1124 2538; x_wconf 89' lang='lat' dir='ltr'><strong>procuratorem</strong></span> <span class='ocrx_word' id='word_1_302' title='bbox 1153 2489 1270 2543; x_wconf 62' lang='lat' dir='ltr'><strong>quae</strong></span> <span class='ocrx_word' id='word_1_303' title='bbox 1321 2476 1385 2528; x_wconf 91' lang='lat' dir='ltr'><strong>ad</strong></span> <span class='ocrx_word' id='word_1_304' title='bbox 1432 2477 1734 2541; x_wconf 87' lang='lat' dir='ltr'><strong>ecclesiam,</strong></span> <span class='ocrx_word' id='word_1_305' title='bbox 1787 2480 1936 2545; x_wconf 88' lang='lat' dir='ltr'><strong>cujus</strong></span> <span class='ocrx_word' id='word_1_306' title='bbox 1975 2490 2059 2533; x_wconf 89' lang='lat' dir='ltr'><strong>est</strong></span> 
     </span>
    </p>
   </div>
   <div class='ocr_carea' id='block_1_43' title="bbox 518 2559 2055 2634">
    <p class='ocr_par' dir='ltr' id='par_1_43' title="bbox 518 2559 2055 2634">
     <span class='ocr_line' id='line_1_43' title="bbox 518 2559 2055 2634; baseline 0.004 -20"><span class='ocrx_word' id='word_1_307' title='bbox 518 2559 767 2624; x_wconf 82' lang='lat' dir='ltr'><strong>clericus,</strong></span> <span class='ocrx_word' id='word_1_308' title='bbox 798 2576 899 2613; x_wconf 91' lang='lat' dir='ltr'><strong>non</strong></span> <span class='ocrx_word' id='word_1_309' title='bbox 938 2563 1191 2628; x_wconf 63' lang='lat' dir='ltr'><strong>pertinet,</strong></span> <span class='ocrx_word' id='word_1_310' title='bbox 1229 2563 1344 2616; x_wconf 85' lang='lat' dir='ltr'><strong>ﬁeri</strong></span> <span class='ocrx_word' id='word_1_311' title='bbox 1379 2566 1576 2619; x_wconf 91' lang='lat' dir='ltr'><strong>clerico</strong></span> <span class='ocrx_word' id='word_1_312' title='bbox 1600 2567 1924 2634; x_wconf 87' lang='lat' dir='ltr'><strong>prohibitmn</strong></span> <span class='ocrx_word' id='word_1_313' title='bbox 1955 2579 2055 2631; x_wconf 89' lang='lat' dir='ltr'><strong>est,</strong></span> 
     </span>
    </p>
   </div>
   <div class='ocr_carea' id='block_1_44' title="bbox 515 2649 2058 2723">
    <p class='ocr_par' dir='ltr' id='par_1_44' title="bbox 515 2649 2058 2723">
     <span class='ocr_line' id='line_1_44' title="bbox 515 2649 2058 2723; baseline 0.005 -23"><span class='ocrx_word' id='word_1_314' title='bbox 515 2663 601 2708; x_wconf 84' lang='lat' dir='ltr'><strong>ne,</strong></span> <span class='ocrx_word' id='word_1_315' title='bbox 628 2649 820 2716; x_wconf 86' lang='lat' dir='ltr'><strong>inquit,</strong></span> <span class='ocrx_word' id='word_1_316' title='bbox 851 2650 1025 2701; x_wconf 90' lang='lat' dir='ltr'><strong>divina</strong></span> <span class='ocrx_word' id='word_1_317' title='bbox 1069 2651 1364 2704; x_wconf 91' lang='lat' dir='ltr'><strong>ministeria</strong></span> <span class='ocrx_word' id='word_1_318' title='bbox 1421 2655 1800 2720; x_wconf 84' lang='lat' dir='ltr'><strong>impediantur,</strong></span> <span class='ocrx_word' id='word_1_319' title='bbox 1858 2668 2058 2723; x_wconf 85' lang='lat' dir='ltr'><strong>quanto</strong></span> 
     </span>
    </p>
   </div>
   <div class='ocr_carea' id='block_1_45' title="bbox 517 2738 2058 2808">
    <p class='ocr_par' dir='ltr' id='par_1_45' title="bbox 517 2738 2058 2808">
     <span class='ocr_line' id='line_1_45' title="bbox 517 2738 2058 2808; baseline 0.004 -18"><span class='ocrx_word' id='word_1_320' title='bbox 517 2739 685 2802; x_wconf 83' lang='lat' dir='ltr'><strong>magis</strong></span> <span class='ocrx_word' id='word_1_321' title='bbox 725 2738 1048 2805; x_wconf 88' lang='lat' dir='ltr'><strong>prohibitum</strong></span> <span class='ocrx_word' id='word_1_322' title='bbox 1081 2749 1160 2792; x_wconf 91' lang='lat' dir='ltr'><strong>est</strong></span> <span class='ocrx_word' id='word_1_323' title='bbox 1191 2741 1482 2808; x_wconf 86' lang='lat' dir='ltr'><strong>majoribus</strong></span> <span class='ocrx_word' id='word_1_324' title='bbox 1516 2744 1863 2797; x_wconf 72' lang='lat' dir='ltr'><strong>saecularibus</strong></span> <span class='ocrx_word' id='word_1_325' title='bbox 1896 2761 2058 2808; x_wconf 73' lang='lat' dir='ltr'><strong>nego-</strong></span> 
     </span>
    </p>
   </div>
   <div class='ocr_carea' id='block_1_46' title="bbox 516 2828 2060 2900">
    <p class='ocr_par' dir='ltr' id='par_1_46' title="bbox 516 2828 2060 2900">
     <span class='ocr_line' id='line_1_46' title="bbox 516 2828 2060 2900; baseline 0.004 -19"><span class='ocrx_word' id='word_1_326' title='bbox 516 2828 604 2881; x_wconf 77' lang='lat' dir='ltr'><strong>tiis</strong></span> <span class='ocrx_word' id='word_1_327' title='bbox 637 2830 914 2894; x_wconf 87' lang='lat' dir='ltr'><strong>implicari,</strong></span> <span class='ocrx_word' id='word_1_328' title='bbox 944 2845 1061 2896; x_wconf 79' lang='lat' dir='ltr'><strong>qu:e</strong></span> <span class='ocrx_word' id='word_1_329' title='bbox 1097 2832 1408 2899; x_wconf 86' lang='lat' dir='ltr'><strong>impediunt,</strong></span> <span class='ocrx_word' id='word_1_330' title='bbox 1445 2847 1508 2885; x_wconf 90' lang='lat' dir='ltr'><strong>ne</strong></span> <span class='ocrx_word' id='word_1_331' title='bbox 1544 2835 1708 2900; x_wconf 89' lang='lat' dir='ltr'><strong>possit</strong></span> <span class='ocrx_word' id='word_1_332' title='bbox 1737 2837 2060 2887; x_wconf 84' lang='lat' dir='ltr'><strong>ecclesiasti-</strong></span> 
     </span>
    </p>
   </div>
   <div class='ocr_carea' id='block_1_47' title="bbox 517 2919 2061 2993">
    <p class='ocr_par' dir='ltr' id='par_1_47' title="bbox 517 2919 2061 2993">
     <span class='ocr_line' id='line_1_47' title="bbox 517 2919 2061 2993; baseline 0.005 -21"><span class='ocrx_word' id='word_1_333' title='bbox 517 2919 595 2972; x_wconf 86' lang='lat' dir='ltr'><strong>cis</strong></span> <span class='ocrx_word' id='word_1_334' title='bbox 629 2919 852 2984; x_wconf 69' lang='lat' dir='ltr'><strong>negntiis</strong></span> <span class='ocrx_word' id='word_1_335' title='bbox 904 2934 1113 2971; x_wconf 89' lang='lat' dir='ltr'><strong>vacare.</strong></span> <span class='ocrx_word' id='word_1_336' title='bbox 1157 2921 1410 2973; x_wconf 88' lang='lat' dir='ltr'><strong>Omnibus</strong></span> <span class='ocrx_word' id='word_1_337' title='bbox 1469 2937 1594 2988; x_wconf 74' lang='lat' dir='ltr'><strong>ergo</strong></span> <span class='ocrx_word' id='word_1_338' title='bbox 1649 2925 2061 2993; x_wconf 78' lang='lat' dir='ltr'><strong>religiosissimis</strong></span> 
     </span>
    </p>
   </div>
   <div class='ocr_carea' id='block_1_48' title="bbox 2154 1849 3703 1924">
    <p class='ocr_par' dir='ltr' id='par_1_48' title="bbox 2154 1849 3703 1924">
     <span class='ocr_line' id='line_1_48' title="bbox 2154 1849 3703 1924; baseline -0.011 -12"><span class='ocrx_word' id='word_1_339' title='bbox 2154 1860 2384 1920; x_wconf 71' lang='grc' dir='ltr'>αστείοις</span> <span class='ocrx_word' id='word_1_340' title='bbox 2407 1857 2699 1924; x_wconf 74' lang='grc' dir='ltr'>λεγομένας</span> <span class='ocrx_word' id='word_1_341' title='bbox 2727 1854 3122 1920; x_wconf 80' lang='grc' dir='ltr'>κουρατωρείας</span> <span class='ocrx_word' id='word_1_342' title='bbox 3157 1851 3482 1918; x_wconf 82' lang='grc' dir='ltr'>ἀναδέχοιτο.</span> <span class='ocrx_word' id='word_1_343' title='bbox 3511 1849 3703 1900; x_wconf 73' lang='grc' dir='ltr'>τοῦτον</span> 
     </span>
    </p>
   </div>
   <div class='ocr_carea' id='block_1_49' title="bbox 2152 1935 3704 2011">
    <p class='ocr_par' dir='ltr' id='par_1_49' title="bbox 2152 1935 3704 2011">
     <span class='ocr_line' id='line_1_49' title="bbox 2152 1935 3704 2011; baseline -0.009 -11"><span class='ocrx_word' id='word_1_344' title='bbox 2152 1948 2244 2000; x_wconf 83' lang='grc' dir='ltr'>τοῦ</span> <span class='ocrx_word' id='word_1_345' title='bbox 2268 1948 2462 1999; x_wconf 85' lang='grc' dir='ltr'>οἰκείου</span> <span class='ocrx_word' id='word_1_346' title='bbox 2488 1947 2687 2011; x_wconf 76' lang='grc' dir='ltr'>κλήρου</span> <span class='ocrx_word' id='word_1_347' title='bbox 2723 1944 3134 1994; x_wconf 73' lang='grc' dir='ltr'>ἁποδιώκεσθαι.</span> <span class='ocrx_word' id='word_1_348' title='bbox 3158 1941 3365 2002; x_wconf 76' lang='grc' dir='ltr'>Οὐδεὶς</span> <span class='ocrx_word' id='word_1_349' title='bbox 3435 1939 3540 2005; x_wconf 84' lang='grc' dir='ltr'>γὰρ</span> <span class='ocrx_word' id='word_1_350' title='bbox 3600 1935 3704 1987; x_wconf 79' lang='grc' dir='ltr'>δύ-</span> 
     </span>
    </p>
   </div>
   <div class='ocr_carea' id='block_1_50' title="bbox 2152 2028 3706 2101">
    <p class='ocr_par' dir='ltr' id='par_1_50' title="bbox 2152 2028 3706 2101">
     <span class='ocr_line' id='line_1_50' title="bbox 2152 2028 3706 2101; baseline -0.008 -11"><span class='ocrx_word' id='word_1_351' title='bbox 2152 2054 2342 2100; x_wconf 75' lang='grc' dir='ltr'>ναται,</span> <span class='ocrx_word' id='word_1_352' title='bbox 2383 2037 2522 2088; x_wconf 80' lang='grc' dir='ltr'>κατᾶ</span> <span class='ocrx_word' id='word_1_353' title='bbox 2570 2036 2666 2101; x_wconf 83' lang='grc' dir='ltr'><strong>τὴν</strong></span> <span class='ocrx_word' id='word_1_354' title='bbox 2720 2034 2813 2085; x_wconf 81' lang='grc' dir='ltr'>τοῦ</span> <span class='ocrx_word' id='word_1_355' title='bbox 2863 2033 3096 2100; x_wconf 81' lang='grc' dir='ltr'>Χριστοῦ</span> <span class='ocrx_word' id='word_1_356' title='bbox 3135 2033 3226 2084; x_wconf 79' lang='grc' dir='ltr'>τοῦ</span> <span class='ocrx_word' id='word_1_357' title='bbox 3265 2029 3515 2098; x_wconf 87' lang='grc' dir='ltr'>ἀληθινοῦ</span> <span class='ocrx_word' id='word_1_358' title='bbox 3561 2028 3706 2078; x_wconf 75' lang='grc' dir='ltr'>Θεοῦ</span> 
     </span>
    </p>
   </div>
   <div class='ocr_carea' id='block_1_51' title="bbox 2155 2115 3700 2193">
    <p class='ocr_par' dir='ltr' id='par_1_51' title="bbox 2155 2115 3700 2193">
     <span class='ocr_line' id='line_1_51' title="bbox 2155 2115 3700 2193; baseline -0.006 -17"><span class='ocrx_word' id='word_1_359' title='bbox 2155 2125 2305 2193; x_wconf 85' lang='grc' dir='ltr'>ὴμῶν</span> <span class='ocrx_word' id='word_1_360' title='bbox 2337 2124 2653 2175; x_wconf 85' lang='grc' dir='ltr'>αὑτόλεκτον</span> <span class='ocrx_word' id='word_1_361' title='bbox 2689 2124 2779 2173; x_wconf 74' lang='grc' dir='ltr'><strong>καὶ</strong></span> <span class='ocrx_word' id='word_1_362' title='bbox 2822 2122 3225 2188; x_wconf 76' lang='grc' dir='ltr'>ἀψευδεστάτην</span> <span class='ocrx_word' id='word_1_363' title='bbox 3287 2119 3503 2186; x_wconf 86' lang='grc' dir='ltr'>φωνὴν.</span> <span class='ocrx_word' id='word_1_364' title='bbox 3549 2115 3700 2168; x_wconf 79' lang='grc' dir='ltr'>δυσὶ</span> 
     </span>
    </p>
   </div>
   <div class='ocr_carea' id='block_1_52' title="bbox 2156 2209 3704 2280">
    <p class='ocr_par' dir='ltr' id='par_1_52' title="bbox 2156 2209 3704 2280">
     <span class='ocr_line' id='line_1_52' title="bbox 2156 2209 3704 2280; baseline -0.008 -13"><span class='ocrx_word' id='word_1_365' title='bbox 2156 2216 2380 2280; x_wconf 80' lang='grc' dir='ltr'>κυρίοις</span> <span class='ocrx_word' id='word_1_366' title='bbox 2413 2214 2744 2265; x_wconf 71' lang='grc' dir='ltr'>δουλεύειν.</span> <span class='ocrx_word' id='word_1_367' title='bbox 2778 2211 2883 2262; x_wconf 68' lang='grc' dir='ltr'>Καὶ</span> <span class='ocrx_word' id='word_1_368' title='bbox 2919 2213 3108 2275; x_wconf 79' lang='grc' dir='ltr'>σαφεῖς</span> <span class='ocrx_word' id='word_1_369' title='bbox 3131 2210 3343 2270; x_wconf 84' lang='grc' dir='ltr'>πάντως</span> <span class='ocrx_word' id='word_1_370' title='bbox 3368 2209 3564 2259; x_wconf 83' lang='grc' dir='ltr'>οίθεῐοι</span> <span class='ocrx_word' id='word_1_371' title='bbox 3593 2222 3666 2256; x_wconf 80' lang='grc' dir='ltr'><strong>κα</strong></span> <span class='ocrx_word' id='word_1_372' title='bbox 3689 2234 3704 2243; x_wconf 66' lang='grc' dir='ltr'><em>ς</em></span> 
     </span>
    </p>
   </div>
   <div class='ocr_carea' id='block_1_53' title="bbox 2157 2295 3697 2369">
    <p class='ocr_par' dir='ltr' id='par_1_53' title="bbox 2157 2295 3697 2369">
     <span class='ocr_line' id='line_1_53' title="bbox 2157 2295 3697 2369; baseline -0.008 -14"><span class='ocrx_word' id='word_1_373' title='bbox 2157 2305 2302 2362; x_wconf 85' lang='grc' dir='ltr'>νόνες</span> <span class='ocrx_word' id='word_1_374' title='bbox 2323 2296 2466 2354; x_wconf 72' lang='grc' dir='ltr'>οὗτοι</span> <span class='ocrx_word' id='word_1_375' title='bbox 2506 2303 2595 2354; x_wconf 71' lang='grc' dir='ltr'>καὶ</span> <span class='ocrx_word' id='word_1_376' title='bbox 2628 2301 2913 2369; x_wconf 79' lang='grc' dir='ltr'>πρόδηλοι·</span> <span class='ocrx_word' id='word_1_377' title='bbox 2950 2304 3042 2350; x_wconf 75' lang='grc' dir='ltr'>καὶ</span> <span class='ocrx_word' id='word_1_378' title='bbox 3081 2298 3164 2348; x_wconf 73' lang='grc' dir='ltr'>διὰ</span> <span class='ocrx_word' id='word_1_379' title='bbox 3193 2298 3349 2349; x_wconf 78' lang='grc' dir='ltr'>τοῦτο</span> <span class='ocrx_word' id='word_1_380' title='bbox 3380 2295 3697 2362; x_wconf 67' lang='grc' dir='ltr'>μεταποιεῖμ-</span> 
     </span>
    </p>
   </div>
   <div class='ocr_carea' id='block_1_54' title="bbox 2160 2383 3696 2458">
    <p class='ocr_par' dir='ltr' id='par_1_54' title="bbox 2160 2383 3696 2458">
     <span class='ocr_line' id='line_1_54' title="bbox 2160 2383 3696 2458; baseline -0.008 -14"><span class='ocrx_word' id='word_1_381' title='bbox 2160 2393 2282 2444; x_wconf 88' lang='grc' dir='ltr'>σθαι</span> <span class='ocrx_word' id='word_1_382' title='bbox 2310 2391 2525 2452; x_wconf 83' lang='grc' dir='ltr'>τούτους</span> <span class='ocrx_word' id='word_1_383' title='bbox 2555 2392 2612 2442; x_wconf 72' lang='grc' dir='ltr'><strong>οὐ</strong></span> <span class='ocrx_word' id='word_1_384' title='bbox 2647 2391 2772 2458; x_wconf 79' lang='grc' dir='ltr'>χρή.</span> <span class='ocrx_word' id='word_1_385' title='bbox 2801 2391 2858 2439; x_wconf 86' lang='grc' dir='ltr'><strong>Εἰ</strong></span> <span class='ocrx_word' id='word_1_386' title='bbox 2887 2389 3055 2439; x_wconf 76' lang='grc' dir='ltr'>δὲκαὶ</span> <span class='ocrx_word' id='word_1_387' title='bbox 3096 2388 3310 2438; x_wconf 83' lang='grc' dir='ltr'>ἐντολέα</span> <span class='ocrx_word' id='word_1_388' title='bbox 3356 2387 3507 2452; x_wconf 80' lang='grc' dir='ltr'>δίκης</span> <span class='ocrx_word' id='word_1_389' title='bbox 3545 2383 3696 2446; x_wconf 66' lang='lat' dir='ltr'><strong>vive-</strong></span> 
     </span>
    </p>
   </div>
   <div class='ocr_carea' id='block_1_55' title="bbox 2158 2473 3706 2547">
    <p class='ocr_par' dir='ltr' id='par_1_55' title="bbox 2158 2473 3706 2547">
     <span class='ocr_line' id='line_1_55' title="bbox 2158 2473 3706 2547; baseline -0.008 -15"><span class='ocrx_word' id='word_1_390' title='bbox 2158 2482 2280 2532; x_wconf 84' lang='grc' dir='ltr'>σθαι</span> <span class='ocrx_word' id='word_1_391' title='bbox 2304 2483 2389 2531; x_wconf 78' lang='grc' dir='ltr'><strong>τὸν</strong></span> <span class='ocrx_word' id='word_1_392' title='bbox 2414 2480 2823 2547; x_wconf 87' lang='grc' dir='ltr'>κεκληρωμένον</span> <span class='ocrx_word' id='word_1_393' title='bbox 2852 2477 3152 2528; x_wconf 83' lang='grc' dir='ltr'>κεκώλυται</span> <span class='ocrx_word' id='word_1_394' title='bbox 3191 2476 3262 2542; x_wconf 85' lang='grc' dir='ltr'>μὴ</span> <span class='ocrx_word' id='word_1_395' title='bbox 3307 2473 3607 2541; x_wconf 84' lang='grc' dir='ltr'>ἀνηκούσης</span> <span class='ocrx_word' id='word_1_396' title='bbox 3635 2473 3706 2539; x_wconf 78' lang='grc' dir='ltr'>τῇ</span> 
     </span>
    </p>
   </div>
   <div class='ocr_carea' id='block_1_56' title="bbox 2159 2562 3708 2639">
    <p class='ocr_par' dir='ltr' id='par_1_56' title="bbox 2159 2562 3708 2639">
     <span class='ocr_line' id='line_1_56' title="bbox 2159 2562 3708 2639; baseline -0.008 -15"><span class='ocrx_word' id='word_1_397' title='bbox 2159 2565 2507 2639; x_wconf 75' lang='grc' dir='ltr'>ἐκκλησίᾳῆς</span> <span class='ocrx_word' id='word_1_398' title='bbox 2556 2573 2665 2620; x_wconf 85' lang='grc' dir='ltr'>ἐστι</span> <span class='ocrx_word' id='word_1_399' title='bbox 2721 2569 2995 2636; x_wconf 70' lang='grc' dir='ltr'>κληρικδς,</span> <span class='ocrx_word' id='word_1_400' title='bbox 3034 2569 3137 2628; x_wconf 81' lang='grc' dir='ltr'>ἵνα,</span> <span class='ocrx_word' id='word_1_401' title='bbox 3196 2567 3345 2633; x_wconf 76' lang='grc' dir='ltr'>φησὶ,</span> <span class='ocrx_word' id='word_1_402' title='bbox 3385 2564 3455 2632; x_wconf 86' lang='grc' dir='ltr'><strong>μὴ</strong></span> <span class='ocrx_word' id='word_1_403' title='bbox 3480 2565 3532 2614; x_wconf 87' lang='grc' dir='ltr'><strong>αί</strong></span> <span class='ocrx_word' id='word_1_404' title='bbox 3563 2562 3708 2613; x_wconf 80' lang='grc' dir='ltr'>θεῖαι</span> 
     </span>
    </p>
   </div>
   <div class='ocr_carea' id='block_1_57' title="bbox 2160 2650 3710 2727">
    <p class='ocr_par' dir='ltr' id='par_1_57' title="bbox 2160 2650 3710 2727">
     <span class='ocr_line' id='line_1_57' title="bbox 2160 2650 3710 2727; baseline -0.008 -15"><span class='ocrx_word' id='word_1_405' title='bbox 2160 2661 2450 2727; x_wconf 81' lang='grc' dir='ltr'>ὑπηρεσίαι</span> <span class='ocrx_word' id='word_1_406' title='bbox 2483 2659 2990 2726; x_wconf 78' lang='grc' dir='ltr'>παρεμποδίζοιντο,</span> <span class='ocrx_word' id='word_1_407' title='bbox 3040 2655 3187 2721; x_wconf 80' lang='grc' dir='ltr'>πόσῳ</span> <span class='ocrx_word' id='word_1_408' title='bbox 3210 2653 3368 2704; x_wconf 80' lang='grc' dir='ltr'>πλέον</span> <span class='ocrx_word' id='word_1_409' title='bbox 3403 2650 3710 2702; x_wconf 84' lang='grc' dir='ltr'>κεκώλυται</span> 
     </span>
    </p>
   </div>
   <div class='ocr_carea' id='block_1_58' title="bbox 2164 2742 3712 2817">
    <p class='ocr_par' dir='ltr' id='par_1_58' title="bbox 2164 2742 3712 2817">
     <span class='ocr_line' id='line_1_58' title="bbox 2164 2742 3712 2817; baseline -0.009 -14"><span class='ocrx_word' id='word_1_410' title='bbox 2164 2753 2369 2815; x_wconf 78' lang='grc' dir='ltr'>μείζοσι</span> <span class='ocrx_word' id='word_1_411' title='bbox 2396 2753 2679 2817; x_wconf 73' lang='grc' dir='ltr'>κοσμικαῖς</span> <span class='ocrx_word' id='word_1_412' title='bbox 2703 2749 2980 2816; x_wconf 82' lang='grc' dir='ltr'>φροντίσιν</span> <span class='ocrx_word' id='word_1_413' title='bbox 3004 2742 3388 2809; x_wconf 55' lang='grc' dir='ltr'>ἐμπλέκεσθαι,</span> <span class='ocrx_word' id='word_1_414' title='bbox 3420 2756 3712 2809; x_wconf 83' lang='grc' dir='ltr'>παρεμπο-</span> 
     </span>
    </p>
   </div>
   <div class='ocr_carea' id='block_1_59' title="bbox 2158 2835 3714 2904">
    <p class='ocr_par' dir='ltr' id='par_1_59' title="bbox 2158 2835 3714 2904">
     <span class='ocr_line' id='line_1_59' title="bbox 2158 2835 3714 2904; baseline -0.008 -12"><span class='ocrx_word' id='word_1_415' title='bbox 2158 2841 2423 2903; x_wconf 73' lang='grc' dir='ltr'>διξούσαις</span> <span class='ocrx_word' id='word_1_416' title='bbox 2461 2840 2606 2904; x_wconf 82' lang='grc' dir='ltr'>αὑτῷ</span> <span class='ocrx_word' id='word_1_417' title='bbox 2638 2842 2753 2898; x_wconf 86' lang='grc' dir='ltr'>ταῖς</span> <span class='ocrx_word' id='word_1_418' title='bbox 2799 2835 3272 2901; x_wconf 67' lang='grc' dir='ltr'>ἐκκλησιαστικαῖς</span> <span class='ocrx_word' id='word_1_419' title='bbox 3302 2835 3511 2900; x_wconf 78' lang='grc' dir='ltr'>χρείαις</span> <span class='ocrx_word' id='word_1_420' title='bbox 3540 2846 3714 2893; x_wconf 80' lang='grc' dir='ltr'>προσ-</span> 
     </span>
    </p>
   </div>
   <div class='ocr_carea' id='block_1_60' title="bbox 2161 2923 3715 2999">
    <p class='ocr_par' dir='ltr' id='par_1_60' title="bbox 2161 2923 3715 2999">
     <span class='ocr_line' id='line_1_60' title="bbox 2161 2923 3715 2999; baseline -0.008 -16"><span class='ocrx_word' id='word_1_421' title='bbox 2161 2934 2454 2999; x_wconf 82' lang='grc' dir='ltr'>ευκαιρείν.</span> <span class='ocrx_word' id='word_1_422' title='bbox 2507 2932 2646 2980; x_wconf 83' lang='grc' dir='ltr'>Πᾶσι</span> <span class='ocrx_word' id='word_1_423' title='bbox 2701 2929 2878 2978; x_wconf 82' lang='grc' dir='ltr'>τοίνυν</span> <span class='ocrx_word' id='word_1_424' title='bbox 2906 2926 3317 2986; x_wconf 80' lang='grc' dir='ltr'>εὑλαϐεστάτοις</span> <span class='ocrx_word' id='word_1_425' title='bbox 3343 2924 3616 2991; x_wconf 83' lang='grc' dir='ltr'>κληρικοῖς</span> <span class='ocrx_word' id='word_1_426' title='bbox 3651 2923 3715 2971; x_wconf 82' lang='grc' dir='ltr'><strong>ἐν</strong></span> 
     </span>
    </p>
   </div>
   <div class='ocr_carea' id='block_1_61' title="bbox 518 3008 2060 3099">
    <p class='ocr_par' dir='ltr' id='par_1_61' title="bbox 518 3008 2056 3080">
     <span class='ocr_line' id='line_1_61' title="bbox 518 3008 2056 3080; baseline 0.003 -20"><span class='ocrx_word' id='word_1_427' title='bbox 518 3008 978 3073; x_wconf 82' lang='lat' dir='ltr'><strong>sanctissimisth</strong></span> <span class='ocrx_word' id='word_1_428' title='bbox 1011 3010 1219 3063; x_wconf 83' lang='lat' dir='ltr'><strong>clericis</strong></span> <span class='ocrx_word' id='word_1_429' title='bbox 1247 3012 1297 3063; x_wconf 92' lang='lat' dir='ltr'><strong>in</strong></span> <span class='ocrx_word' id='word_1_430' title='bbox 1332 3023 1518 3064; x_wconf 90' lang='lat' dir='ltr'><strong>sancto</strong></span> <span class='ocrx_word' id='word_1_431' title='bbox 1565 3012 1765 3078; x_wconf 83' lang='lat' dir='ltr'><strong>Spiritu</strong></span> <span class='ocrx_word' id='word_1_432' title='bbox 1821 3015 2056 3080; x_wconf 76' lang='lat' dir='ltr'><strong>prrecipi-</strong></span> 
     </span>
    </p>
   </div>
   <div class='ocr_carea' id='block_1_62' title="bbox 2164 3008 3712 3099">
    <p class='ocr_par' dir='ltr' id='par_1_62' title="bbox 2166 3012 3712 3088">
     <span class='ocr_line' id='line_1_62' title="bbox 2166 3012 3712 3088; baseline -0.008 -16"><span class='ocrx_word' id='word_1_433' title='bbox 2166 3021 2301 3088; x_wconf 84' lang='grc' dir='ltr'>ἁγίῳ</span> <span class='ocrx_word' id='word_1_434' title='bbox 2334 3017 2763 3085; x_wconf 83' lang='grc' dir='ltr'>παρεγγυώμεθα</span> <span class='ocrx_word' id='word_1_435' title='bbox 2792 3016 3061 3081; x_wconf 83' lang='grc' dir='ltr'>Πνεύματι</span> <span class='ocrx_word' id='word_1_436' title='bbox 3109 3015 3215 3065; x_wconf 87' lang='grc' dir='ltr'><strong>τῶν</strong></span> <span class='ocrx_word' id='word_1_437' title='bbox 3273 3013 3568 3080; x_wconf 77' lang='grc' dir='ltr'>εἰρημένων</span> <span class='ocrx_word' id='word_1_438' title='bbox 3601 3012 3712 3062; x_wconf 85' lang='grc' dir='ltr'>ἀπ-</span> 
     </span>
    </p>
   </div>
   <div class='ocr_carea' id='block_1_63' title="bbox 519 3098 2060 3170">
    <p class='ocr_par' dir='ltr' id='par_1_63' title="bbox 519 3098 2060 3170">
     <span class='ocr_line' id='line_1_63' title="bbox 519 3098 2060 3170; baseline 0.007 -24"><span class='ocrx_word' id='word_1_439' title='bbox 519 3111 656 3159; x_wconf 91' lang='lat' dir='ltr'><strong>mus,</strong></span> <span class='ocrx_word' id='word_1_440' title='bbox 693 3106 745 3148; x_wconf 91' lang='lat' dir='ltr'><strong>ut</strong></span> <span class='ocrx_word' id='word_1_441' title='bbox 778 3111 806 3148; x_wconf 91' lang='lat' dir='ltr'><strong>a</strong></span> <span class='ocrx_word' id='word_1_442' title='bbox 831 3098 986 3150; x_wconf 87' lang='lat' dir='ltr'><strong>dictis</strong></span> <span class='ocrx_word' id='word_1_443' title='bbox 1022 3101 1367 3152; x_wconf 86' lang='lat' dir='ltr'><strong>abstineant:</strong></span> <span class='ocrx_word' id='word_1_444' title='bbox 1405 3101 1487 3152; x_wconf 92' lang='lat' dir='ltr'><strong>vel</strong></span> <span class='ocrx_word' id='word_1_445' title='bbox 1515 3103 1683 3153; x_wconf 83' lang='lat' dir='ltr'><strong>sciant</strong></span> <span class='ocrx_word' id='word_1_446' title='bbox 1715 3141 1731 3165; x_wconf 93' lang='lat'><strong>,</strong></span> <span class='ocrx_word' id='word_1_447' title='bbox 1761 3118 1817 3156; x_wconf 89' lang='lat' dir='ltr'><strong>se</strong></span> <span class='ocrx_word' id='word_1_448' title='bbox 1847 3105 2060 3170; x_wconf 86' lang='lat' dir='ltr'><strong>quidem</strong></span> 
     </span>
    </p>
   </div>
   <div class='ocr_carea' id='block_1_64' title="bbox 518 3188 2061 3261">
    <p class='ocr_par' dir='ltr' id='par_1_64' title="bbox 518 3188 2061 3261">
     <span class='ocr_line' id='line_1_64' title="bbox 518 3188 2061 3261; baseline 0.005 -22"><span class='ocrx_word' id='word_1_449' title='bbox 518 3188 905 3255; x_wconf 82' lang='lat' dir='ltr'><strong>segregationis</strong></span> <span class='ocrx_word' id='word_1_450' title='bbox 943 3203 1114 3253; x_wconf 64' lang='lat' dir='ltr'><strong>paena:</strong></span> <span class='ocrx_word' id='word_1_451' title='bbox 1159 3190 1426 3258; x_wconf 87' lang='lat' dir='ltr'><strong>subjectos</strong></span> <span class='ocrx_word' id='word_1_452' title='bbox 1472 3191 1616 3253; x_wconf 76' lang='lat' dir='ltr'><strong>fore;</strong></span> <span class='ocrx_word' id='word_1_453' title='bbox 1664 3195 1788 3257; x_wconf 89' lang='lat' dir='ltr'><strong>quin</strong></span> <span class='ocrx_word' id='word_1_454' title='bbox 1831 3204 1882 3245; x_wconf 86' lang='lat' dir='ltr'><strong>et</strong></span> <span class='ocrx_word' id='word_1_455' title='bbox 1920 3198 2061 3261; x_wconf 88' lang='lat' dir='ltr'><strong>quod</strong></span> 
     </span>
    </p>
   </div>
   <div class='ocr_carea' id='block_1_65' title="bbox 520 3277 2064 3344">
    <p class='ocr_par' dir='ltr' id='par_1_65' title="bbox 520 3277 2064 3344">
     <span class='ocr_line' id='line_1_65' title="bbox 520 3277 2064 3344; baseline 0.003 -16"><span class='ocrx_word' id='word_1_456' title='bbox 520 3277 776 3340; x_wconf 88' lang='lat' dir='ltr'><strong>majorem</strong></span> <span class='ocrx_word' id='word_1_457' title='bbox 833 3294 1039 3344; x_wconf 84' lang='lat' dir='ltr'><strong>quoque</strong></span> <span class='ocrx_word' id='word_1_458' title='bbox 1091 3289 1140 3331; x_wconf 87' lang='lat' dir='ltr'><strong>et</strong></span> <span class='ocrx_word' id='word_1_459' title='bbox 1199 3280 1505 3331; x_wconf 81' lang='lat' dir='ltr'><strong>canonicam</strong></span> <span class='ocrx_word' id='word_1_460' title='bbox 1561 3280 1903 3332; x_wconf 86' lang='lat' dir='ltr'><strong>acerbitatem</strong></span> <span class='ocrx_word' id='word_1_461' title='bbox 1962 3296 2064 3333; x_wconf 90' lang='lat' dir='ltr'><strong>non</strong></span> 
     </span>
    </p>
   </div>
   <div class='ocr_carea' id='block_1_66' title="bbox 521 3367 2067 3436">
    <p class='ocr_par' dir='ltr' id='par_1_66' title="bbox 521 3367 2067 3436">
     <span class='ocr_line' id='line_1_66' title="bbox 521 3367 2067 3436; baseline 0.002 -15"><span class='ocrx_word' id='word_1_462' title='bbox 521 3367 801 3436; x_wconf 79' lang='lat' dir='ltr'><strong>ell&#39;ngieut,</strong></span> <span class='ocrx_word' id='word_1_463' title='bbox 857 3368 1114 3434; x_wconf 86' lang='lat' dir='ltr'><strong>ejusmodi</strong></span> <span class='ocrx_word' id='word_1_464' title='bbox 1177 3369 1517 3421; x_wconf 69' lang='lat' dir='ltr'><strong>saecularibus</strong></span> <span class='ocrx_word' id='word_1_465' title='bbox 1583 3369 1809 3434; x_wconf 87' lang='lat' dir='ltr'><strong>negotiis</strong></span> <span class='ocrx_word' id='word_1_466' title='bbox 1864 3371 2067 3436; x_wconf 81' lang='lat' dir='ltr'><strong>seipsos</strong></span> 
     </span>
    </p>
   </div>
   <div class='ocr_carea' id='block_1_67' title="bbox 522 3459 2069 3526">
    <p class='ocr_par' dir='ltr' id='par_1_67' title="bbox 522 3459 2069 3526">
     <span class='ocr_line' id='line_1_67' title="bbox 522 3459 2069 3526; baseline 0.001 -15"><span class='ocrx_word' id='word_1_467' title='bbox 522 3459 874 3526; x_wconf 85' lang='lat' dir='ltr'><strong>implicantes.</strong></span> <span class='ocrx_word' id='word_1_468' title='bbox 901 3460 977 3512; x_wconf 87' lang='lat' dir='ltr'><strong>Ad</strong></span> <span class='ocrx_word' id='word_1_469' title='bbox 1022 3460 1124 3513; x_wconf 92' lang='lat' dir='ltr'><strong>hoc</strong></span> <span class='ocrx_word' id='word_1_470' title='bbox 1169 3461 1308 3513; x_wconf 89' lang='lat' dir='ltr'><strong>enim</strong></span> <span class='ocrx_word' id='word_1_471' title='bbox 1335 3473 1568 3525; x_wconf 86' lang='lat' dir='ltr'><strong>praesens</strong></span> <span class='ocrx_word' id='word_1_472' title='bbox 1621 3474 1832 3526; x_wconf 87' lang='lat' dir='ltr'><strong>quoque</strong></span> <span class='ocrx_word' id='word_1_473' title='bbox 1879 3469 2069 3512; x_wconf 79' lang='lat' dir='ltr'><strong>nostra:</strong></span> 
     </span>
    </p>
   </div>
   <div class='ocr_carea' id='block_1_68' title="bbox 523 3547 2065 3603">
    <p class='ocr_par' dir='ltr' id='par_1_68' title="bbox 523 3547 2065 3603">
     <span class='ocr_line' id='line_1_68' title="bbox 523 3547 2065 3603; baseline 0.001 -3"><span class='ocrx_word' id='word_1_474' title='bbox 523 3550 903 3602; x_wconf 85' lang='lat' dir='ltr'><strong>mediocritatis</strong></span> <span class='ocrx_word' id='word_1_475' title='bbox 961 3551 1231 3601; x_wconf 87' lang='lat' dir='ltr'><strong>decretum</strong></span> <span class='ocrx_word' id='word_1_476' title='bbox 1310 3547 1688 3601; x_wconf 82' lang='lat' dir='ltr'><strong>sacratissimis</strong></span> <span class='ocrx_word' id='word_1_477' title='bbox 1741 3549 2065 3603; x_wconf 90' lang='lat' dir='ltr'><strong>antistitibus</strong></span> 
     </span>
    </p>
   </div>
   <div class='ocr_carea' id='block_1_69' title="bbox 523 3635 2070 3702">
    <p class='ocr_par' dir='ltr' id='par_1_69' title="bbox 523 3635 2070 3702">
     <span class='ocr_line' id='line_1_69' title="bbox 523 3635 2070 3702; baseline 0.002 -16"><span class='ocrx_word' id='word_1_478' title='bbox 523 3636 734 3701; x_wconf 87' lang='lat' dir='ltr'><strong>scriptis</strong></span> <span class='ocrx_word' id='word_1_479' title='bbox 762 3637 892 3686; x_wconf 86' lang='lat' dir='ltr'><strong>tradi</strong></span> <span class='ocrx_word' id='word_1_480' title='bbox 916 3638 1119 3700; x_wconf 89' lang='lat' dir='ltr'><strong>jnssmn</strong></span> <span class='ocrx_word' id='word_1_481' title='bbox 1149 3644 1249 3698; x_wconf 88' lang='lat' dir='ltr'><strong>est,</strong></span> <span class='ocrx_word' id='word_1_482' title='bbox 1278 3636 1517 3687; x_wconf 84' lang='lat' dir='ltr'><strong>utetiam</strong></span> <span class='ocrx_word' id='word_1_483' title='bbox 1542 3635 1778 3696; x_wconf 90' lang='lat' dir='ltr'><strong>clericis,</strong></span> <span class='ocrx_word' id='word_1_484' title='bbox 1820 3636 1909 3702; x_wconf 90' lang='lat' dir='ltr'><strong>qui</strong></span> <span class='ocrx_word' id='word_1_485' title='bbox 1945 3646 2070 3689; x_wconf 90' lang='lat' dir='ltr'><strong>sunt</strong></span> 
     </span>
    </p>
   </div>
   <div class='ocr_carea' id='block_1_70' title="bbox 528 3723 1344 3791">
    <p class='ocr_par' dir='ltr' id='par_1_70' title="bbox 528 3723 1344 3791">
     <span class='ocr_line' id='line_1_70' title="bbox 528 3723 1344 3791; baseline 0.001 -16"><span class='ocrx_word' id='word_1_486' title='bbox 528 3726 849 3791; x_wconf 83' lang='lat' dir='ltr'><strong>ubicunque,</strong></span> <span class='ocrx_word' id='word_1_487' title='bbox 881 3725 950 3776; x_wconf 87' lang='lat' dir='ltr'><strong>sit</strong></span> <span class='ocrx_word' id='word_1_488' title='bbox 983 3723 1344 3778; x_wconf 83' lang='lat' dir='ltr'><strong>manifestum.</strong></span> 
     </span>
    </p>
   </div>
   <div class='ocr_carea' id='block_1_71' title="bbox 595 3814 2064 3880">
    <p class='ocr_par' dir='ltr' id='par_1_71' title="bbox 595 3814 2064 3880">
     <span class='ocr_line' id='line_1_71' title="bbox 595 3814 2064 3880; baseline 0.003 -16"><span class='ocrx_word' id='word_1_489' title='bbox 595 3814 835 3866; x_wconf 86' lang='lat' dir='ltr'><strong>Edictum</strong></span> <span class='ocrx_word' id='word_1_490' title='bbox 864 3814 1181 3880; x_wconf 66' lang='lat' dir='ltr'><strong>patriarcha:</strong></span> <span class='ocrx_word' id='word_1_491' title='bbox 1210 3815 1408 3866; x_wconf 84' lang='lat' dir='ltr'><strong>domini</strong></span> <span class='ocrx_word' id='word_1_492' title='bbox 1433 3815 1652 3868; x_wconf 81' lang='lat' dir='ltr'><strong>Joannis</strong></span> <span class='ocrx_word' id='word_1_493' title='bbox 1679 3818 1756 3869; x_wconf 90' lang='lat' dir='ltr'><strong>sic</strong></span> <span class='ocrx_word' id='word_1_494' title='bbox 1787 3833 1843 3871; x_wconf 91' lang='lat' dir='ltr'><strong>se</strong></span> <span class='ocrx_word' id='word_1_495' title='bbox 1871 3817 2064 3870; x_wconf 89' lang='lat' dir='ltr'><strong>habet:</strong></span> 
     </span>
    </p>
   </div>
   <div class='ocr_carea' id='block_1_72' title="bbox 529 3903 2069 3970">
    <p class='ocr_par' dir='ltr' id='par_1_72' title="bbox 529 3903 2069 3970">
     <span class='ocr_line' id='line_1_72' title="bbox 529 3903 2069 3970; baseline 0.002 -16"><span class='ocrx_word' id='word_1_496' title='bbox 529 3903 708 3955; x_wconf 71' lang='lat' dir='ltr'><strong>Mense</strong></span> <span class='ocrx_word' id='word_1_497' title='bbox 756 3903 1044 3955; x_wconf 80' lang='lat' dir='ltr'><strong>Februario</strong></span> <span class='ocrx_word' id='word_1_498' title='bbox 1094 3904 1179 3956; x_wconf 85' lang='lat' dir='ltr'><strong>die</strong></span> <span class='ocrx_word' id='word_1_499' title='bbox 1239 3905 1444 3957; x_wconf 89' lang='lat' dir='ltr'><strong>decimo</strong></span> <span class='ocrx_word' id='word_1_500' title='bbox 1474 3915 1664 3964; x_wconf 83' lang='lat' dir='ltr'><strong>sexto,</strong></span> <span class='ocrx_word' id='word_1_501' title='bbox 1701 3906 1832 3958; x_wconf 80' lang='lat' dir='ltr'><strong>feria</strong></span> <span class='ocrx_word' id='word_1_502' title='bbox 1893 3909 2069 3970; x_wconf 85' lang='lat' dir='ltr'><strong>tertia,</strong></span> 
     </span>
    </p>
   </div>
   <div class='ocr_carea' id='block_1_73' title="bbox 529 3992 2071 4049">
    <p class='ocr_par' dir='ltr' id='par_1_73' title="bbox 529 3992 2071 4049">
     <span class='ocr_line' id='line_1_73' title="bbox 529 3992 2071 4049; baseline 0.002 -6"><span class='ocrx_word' id='word_1_503' title='bbox 529 3992 815 4044; x_wconf 81' lang='lat' dir='ltr'><strong>indictione</strong></span> <span class='ocrx_word' id='word_1_504' title='bbox 841 4003 1042 4045; x_wconf 84' lang='lat' dir='ltr'><strong>octava.</strong></span> <span class='ocrx_word' id='word_1_505' title='bbox 1135 3993 1264 4045; x_wconf 81' lang='lat' dir='ltr'><strong>Cum</strong></span> <span class='ocrx_word' id='word_1_506' title='bbox 1320 3994 1510 4047; x_wconf 86' lang='lat' dir='ltr'><strong>multos</strong></span> <span class='ocrx_word' id='word_1_507' title='bbox 1583 3996 1971 4049; x_wconf 89' lang='lat' dir='ltr'><strong>ecclesiasticos</strong></span> <span class='ocrx_word' id='word_1_508' title='bbox 2018 4005 2071 4047; x_wconf 86' lang='lat' dir='ltr'><strong>et</strong></span> 
     </span>
    </p>
   </div>
   <div class='ocr_carea' id='block_1_74' title="bbox 529 4071 2072 4145">
    <p class='ocr_par' dir='ltr' id='par_1_74' title="bbox 529 4071 2072 4145">
     <span class='ocr_line' id='line_1_74' title="bbox 529 4071 2072 4145; baseline 0.003 -13"><span class='ocrx_word' id='word_1_509' title='bbox 529 4080 818 4134; x_wconf 78' lang='lat' dir='ltr'><strong>monachos</strong></span> <span class='ocrx_word' id='word_1_510' title='bbox 845 4083 1142 4134; x_wconf 85' lang='lat' dir='ltr'><strong>videremus</strong></span> <span class='ocrx_word' id='word_1_511' title='bbox 1197 4083 1397 4135; x_wconf 86' lang='lat' dir='ltr'><strong>alienas</strong></span> <span class='ocrx_word' id='word_1_512' title='bbox 1444 4071 1633 4136; x_wconf 75' lang='lat' dir='ltr'><strong>causas</strong></span> <span class='ocrx_word' id='word_1_513' title='bbox 1682 4086 1990 4145; x_wconf 82' lang='lat' dir='ltr'><strong>subeuntes,</strong></span> <span class='ocrx_word' id='word_1_514' title='bbox 2018 4093 2072 4136; x_wconf 89' lang='lat' dir='ltr'><strong>et</strong></span> 
     </span>
    </p>
   </div>
   <div class='ocr_carea' id='block_1_75' title="bbox 533 4171 2063 4237">
    <p class='ocr_par' dir='ltr' id='par_1_75' title="bbox 533 4171 2063 4237">
     <span class='ocr_line' id='line_1_75' title="bbox 533 4171 2063 4237; baseline 0.001 -16"><span class='ocrx_word' id='word_1_515' title='bbox 533 4187 628 4236; x_wconf 86' lang='lat' dir='ltr'><strong>pro</strong></span> <span class='ocrx_word' id='word_1_516' title='bbox 660 4173 721 4224; x_wconf 90' lang='lat' dir='ltr'><strong>iis</strong></span> <span class='ocrx_word' id='word_1_517' title='bbox 752 4171 1110 4234; x_wconf 87' lang='lat' dir='ltr'><strong>decertantes,</strong></span> <span class='ocrx_word' id='word_1_518' title='bbox 1145 4172 1231 4237; x_wconf 91' lang='lat' dir='ltr'><strong>qui</strong></span> <span class='ocrx_word' id='word_1_519' title='bbox 1267 4173 1316 4224; x_wconf 92' lang='lat' dir='ltr'><strong>in</strong></span> <span class='ocrx_word' id='word_1_520' title='bbox 1343 4172 1584 4225; x_wconf 85' lang='lat' dir='ltr'><strong>civilibus</strong></span> <span class='ocrx_word' id='word_1_521' title='bbox 1613 4183 1662 4227; x_wconf 78' lang='lat' dir='ltr'><strong>et</strong></span> <span class='ocrx_word' id='word_1_522' title='bbox 1685 4174 2063 4227; x_wconf 80' lang='lat' dir='ltr'><strong>ecclesiasticis</strong></span> 
     </span>
    </p>
   </div>
   <div class='ocr_carea' id='block_1_76' title="bbox 522 4259 2065 4325">
    <p class='ocr_par' dir='ltr' id='par_1_76' title="bbox 522 4259 2065 4325">
     <span class='ocr_line' id='line_1_76' title="bbox 522 4259 2065 4325; baseline 0.003 -16"><span class='ocrx_word' id='word_1_523' title='bbox 522 4260 740 4324; x_wconf 87' lang='lat' dir='ltr'><strong>jndiciis</strong></span> <span class='ocrx_word' id='word_1_524' title='bbox 770 4259 996 4325; x_wconf 79' lang='lat' dir='ltr'><strong>litigant,</strong></span> <span class='ocrx_word' id='word_1_525' title='bbox 1063 4262 1128 4314; x_wconf 92' lang='lat' dir='ltr'><strong>ab</strong></span> <span class='ocrx_word' id='word_1_526' title='bbox 1172 4261 1529 4314; x_wconf 89' lang='lat' dir='ltr'><strong>ecclesiastica</strong></span> <span class='ocrx_word' id='word_1_527' title='bbox 1585 4264 1969 4314; x_wconf 84' lang='lat' dir='ltr'><strong>consuetudine</strong></span> <span class='ocrx_word' id='word_1_528' title='bbox 2012 4273 2065 4313; x_wconf 89' lang='lat' dir='ltr'><strong>et</strong></span> 
     </span>
    </p>
   </div>
   <div class='ocr_carea' id='block_1_77' title="bbox 2167 3102 3712 3175">
    <p class='ocr_par' dir='ltr' id='par_1_77' title="bbox 2167 3102 3712 3175">
     <span class='ocr_line' id='line_1_77' title="bbox 2167 3102 3712 3175; baseline -0.007 -15"><span class='ocrx_word' id='word_1_529' title='bbox 2167 3108 2452 3175; x_wconf 78' lang='grc' dir='ltr'>έχεσθαι’ἢ</span> <span class='ocrx_word' id='word_1_530' title='bbox 2489 3107 2590 3174; x_wconf 80' lang='grc' dir='ltr'>μὴν</span> <span class='ocrx_word' id='word_1_531' title='bbox 2619 3107 2815 3156; x_wconf 77' lang='grc' dir='ltr'>εἰδέναι</span> <span class='ocrx_word' id='word_1_532' title='bbox 2839 3105 2910 3165; x_wconf 85' lang='grc' dir='ltr'>ὡς</span> <span class='ocrx_word' id='word_1_533' title='bbox 2936 3105 3147 3154; x_wconf 80' lang='grc' dir='ltr'>ἔσονται</span> <span class='ocrx_word' id='word_1_534' title='bbox 3175 3104 3271 3168; x_wconf 76' lang='grc' dir='ltr'><strong>μὲν</strong></span> <span class='ocrx_word' id='word_1_535' title='bbox 3297 3103 3550 3167; x_wconf 76' lang='grc' dir='ltr'>ἐπιτιμίῳ</span> <span class='ocrx_word' id='word_1_536' title='bbox 3573 3102 3712 3163; x_wconf 77' lang='grc' dir='ltr'>ἀφο-</span> 
     </span>
    </p>
   </div>
   <div class='ocr_carea' id='block_1_78' title="bbox 2168 3189 3715 3264">
    <p class='ocr_par' dir='ltr' id='par_1_78' title="bbox 2168 3189 3715 3264">
     <span class='ocr_line' id='line_1_78' title="bbox 2168 3189 3715 3264; baseline -0.005 -17"><span class='ocrx_word' id='word_1_537' title='bbox 2168 3197 2361 3264; x_wconf 83' lang='grc' dir='ltr'>ρισμοῠ</span> <span class='ocrx_word' id='word_1_538' title='bbox 2397 3195 2842 3261; x_wconf 79' lang='grc' dir='ltr'>ὑποϐεϐλημένοι.</span> <span class='ocrx_word' id='word_1_539' title='bbox 2877 3197 2968 3244; x_wconf 72' lang='grc' dir='ltr'><strong>καὶ</strong></span> <span class='ocrx_word' id='word_1_540' title='bbox 2997 3193 3093 3259; x_wconf 81' lang='grc' dir='ltr'>τὴν</span> <span class='ocrx_word' id='word_1_541' title='bbox 3127 3192 3296 3258; x_wconf 78' lang='grc' dir='ltr'>μείζω</span> <span class='ocrx_word' id='word_1_542' title='bbox 3338 3191 3393 3242; x_wconf 79' lang='grc' dir='ltr'>δὲ</span> <span class='ocrx_word' id='word_1_543' title='bbox 3425 3189 3715 3256; x_wconf 76' lang='grc' dir='ltr'>κανονικὴν</span> 
     </span>
    </p>
   </div>
   <div class='ocr_carea' id='block_1_79' title="bbox 2166 3279 3714 3351">
    <p class='ocr_par' dir='ltr' id='par_1_79' title="bbox 2166 3279 3714 3351">
     <span class='ocr_line' id='line_1_79' title="bbox 2166 3279 3714 3351; baseline -0.005 -16"><span class='ocrx_word' id='word_1_544' title='bbox 2166 3286 2463 3351; x_wconf 77' lang='grc' dir='ltr'>αὐστηρίαν</span> <span class='ocrx_word' id='word_1_545' title='bbox 2515 3283 2572 3332; x_wconf 76' lang='grc' dir='ltr'><strong>οὐ</strong></span> <span class='ocrx_word' id='word_1_546' title='bbox 2631 3280 3025 3345; x_wconf 77' lang='grc' dir='ltr'>διαφεύξονται,</span> <span class='ocrx_word' id='word_1_547' title='bbox 3089 3279 3373 3346; x_wconf 74' lang='grc' dir='ltr'>πράγμασι</span> <span class='ocrx_word' id='word_1_548' title='bbox 3423 3280 3714 3342; x_wconf 84' lang='grc' dir='ltr'>κοσμικοῖς</span> 
     </span>
    </p>
   </div>
   <div class='ocr_carea' id='block_1_80' title="bbox 2163 3368 3714 3440">
    <p class='ocr_par' dir='ltr' id='par_1_80' title="bbox 2163 3368 3714 3440">
     <span class='ocr_line' id='line_1_80' title="bbox 2163 3368 3714 3440; baseline -0.005 -14"><span class='ocrx_word' id='word_1_549' title='bbox 2163 3375 2420 3434; x_wconf 84' lang='grc' dir='ltr'>τοιούτοις</span> <span class='ocrx_word' id='word_1_550' title='bbox 2446 3371 2805 3440; x_wconf 74' lang='grc' dir='ltr'>ἐμπλέκοντες</span> <span class='ocrx_word' id='word_1_551' title='bbox 2830 3369 3074 3429; x_wconf 78' lang='grc' dir='ltr'>ἑαυτούς.</span> <span class='ocrx_word' id='word_1_552' title='bbox 3118 3370 3239 3419; x_wconf 82' lang='grc' dir='ltr'>Ἐπὶ</span> <span class='ocrx_word' id='word_1_553' title='bbox 3269 3368 3441 3435; x_wconf 85' lang='grc' dir='ltr'>τούτῳ</span> <span class='ocrx_word' id='word_1_554' title='bbox 3480 3369 3584 3435; x_wconf 77' lang='grc' dir='ltr'><strong>γὰρ</strong></span> <span class='ocrx_word' id='word_1_555' title='bbox 3617 3369 3714 3418; x_wconf 80' lang='grc' dir='ltr'>καὶ</span> 
     </span>
    </p>
   </div>
   <div class='ocr_carea' id='block_1_81' title="bbox 2165 3457 3714 3528">
    <p class='ocr_par' dir='ltr' id='par_1_81' title="bbox 2165 3457 3714 3528">
     <span class='ocr_line' id='line_1_81' title="bbox 2165 3457 3714 3528; baseline -0.008 -14"><span class='ocrx_word' id='word_1_556' title='bbox 2165 3465 2192 3514; x_wconf 90' lang='grc' dir='ltr'>ὁ</span> <span class='ocrx_word' id='word_1_557' title='bbox 2216 3461 2399 3528; x_wconf 83' lang='grc' dir='ltr'>παρὼν</span> <span class='ocrx_word' id='word_1_558' title='bbox 2426 3460 2695 3527; x_wconf 78' lang='grc' dir='ltr'>ἔγγραφος</span> <span class='ocrx_word' id='word_1_559' title='bbox 2723 3459 2942 3523; x_wconf 70' lang='grc' dir='ltr'>ὁρισμὸς</span> <span class='ocrx_word' id='word_1_560' title='bbox 2996 3461 3092 3524; x_wconf 86' lang='grc' dir='ltr'>τῆς</span> <span class='ocrx_word' id='word_1_561' title='bbox 3144 3458 3296 3525; x_wconf 76' lang='grc' dir='ltr'>ἡμῶν</span> <span class='ocrx_word' id='word_1_562' title='bbox 3364 3457 3714 3523; x_wconf 80' lang='grc' dir='ltr'>μετριότητος</span> 
     </span>
    </p>
   </div>
   <div class='ocr_carea' id='block_1_82' title="bbox 2167 3543 3713 3617">
    <p class='ocr_par' dir='ltr' id='par_1_82' title="bbox 2167 3543 3713 3617">
     <span class='ocr_line' id='line_1_82' title="bbox 2167 3543 3713 3617; baseline -0.007 -14"><span class='ocrx_word' id='word_1_563' title='bbox 2167 3551 2396 3610; x_wconf 78' lang='grc' dir='ltr'>καὶτοῖς</span> <span class='ocrx_word' id='word_1_564' title='bbox 2434 3549 2744 3617; x_wconf 76' lang='grc' dir='ltr'>ἱερωτάτοις</span> <span class='ocrx_word' id='word_1_565' title='bbox 2784 3546 3128 3614; x_wconf 79' lang='grc' dir='ltr'>ἀρχιερεῦσιν</span> <span class='ocrx_word' id='word_1_566' title='bbox 3195 3545 3505 3611; x_wconf 64' lang='grc' dir='ltr'>ἐπιδοθῆναι</span> <span class='ocrx_word' id='word_1_567' title='bbox 3558 3543 3713 3593; x_wconf 87' lang='grc' dir='ltr'>τετύ-</span> 
     </span>
    </p>
   </div>
   <div class='ocr_carea' id='block_1_83' title="bbox 2168 3632 3716 3702">
    <p class='ocr_par' dir='ltr' id='par_1_83' title="bbox 2168 3632 3716 3702">
     <span class='ocr_line' id='line_1_83' title="bbox 2168 3632 3716 3702; baseline -0.006 -9"><span class='ocrx_word' id='word_1_568' title='bbox 2168 3659 2362 3700; x_wconf 89' lang='grc' dir='ltr'>πωται,</span> <span class='ocrx_word' id='word_1_569' title='bbox 2388 3639 2475 3690; x_wconf 74' lang='grc' dir='ltr'>ἵνα</span> <span class='ocrx_word' id='word_1_570' title='bbox 2498 3640 2588 3690; x_wconf 77' lang='grc' dir='ltr'>καὶ</span> <span class='ocrx_word' id='word_1_571' title='bbox 2622 3640 2729 3698; x_wconf 84' lang='grc' dir='ltr'>τοῖς</span> <span class='ocrx_word' id='word_1_572' title='bbox 2763 3636 3072 3702; x_wconf 74' lang='grc' dir='ltr'>ἁπανταχοῦ</span> <span class='ocrx_word' id='word_1_573' title='bbox 3104 3637 3381 3701; x_wconf 86' lang='grc' dir='ltr'>κληρικοῖς</span> <span class='ocrx_word' id='word_1_574' title='bbox 3411 3632 3716 3697; x_wconf 80' lang='grc' dir='ltr'>κατάδηλος</span> 
     </span>
    </p>
   </div>
   <div class='ocr_carea' id='block_1_84' title="bbox 2168 3733 2392 3798">
    <p class='ocr_par' dir='ltr' id='par_1_84' title="bbox 2168 3733 2392 3798">
     <span class='ocr_line' id='line_1_84' title="bbox 2168 3733 2392 3798; baseline -0.009 -16"><span class='ocrx_word' id='word_1_575' title='bbox 2168 3733 2392 3798; x_wconf 84' lang='grc' dir='ltr'>γένηται</span> 
     </span>
    </p>
   </div>
   <div class='ocr_carea' id='block_1_85' title="bbox 2240 3814 3390 3886">
    <p class='ocr_par' dir='ltr' id='par_1_85' title="bbox 2240 3814 3390 3886">
     <span class='ocr_line' id='line_1_85' title="bbox 2240 3814 3390 3886; baseline -0.004 -17"><span class='ocrx_word' id='word_1_576' title='bbox 2240 3820 2309 3869; x_wconf 87' lang='grc' dir='ltr'>Τὸ</span> <span class='ocrx_word' id='word_1_577' title='bbox 2337 3820 2622 3886; x_wconf 85' lang='grc' dir='ltr'>σημείωμα</span> <span class='ocrx_word' id='word_1_578' title='bbox 2668 3816 2757 3867; x_wconf 80' lang='grc' dir='ltr'>τοῦ</span> <span class='ocrx_word' id='word_1_579' title='bbox 2808 3814 3390 3882; x_wconf 72' lang='grc' dir='ltr'>πατριάρχου.Κυρίου</span> 
     </span>
    </p>
   </div>
   <div class='ocr_carea' id='block_1_86' title="bbox 2170 3902 3715 3977">
    <p class='ocr_par' dir='ltr' id='par_1_86' title="bbox 2170 3902 3715 3977">
     <span class='ocr_line' id='line_1_86' title="bbox 2170 3902 3715 3977; baseline -0.006 -15"><span class='ocrx_word' id='word_1_580' title='bbox 2170 3911 2280 3977; x_wconf 73' lang='grc' dir='ltr'>ἔχει</span> <span class='ocrx_word' id='word_1_581' title='bbox 2315 3909 2482 3969; x_wconf 77' lang='grc' dir='ltr'>οὑτως</span> <span class='ocrx_word' id='word_1_582' title='bbox 2509 3926 2521 3939; x_wconf 88' lang='grc'><strong>·</strong></span> <span class='ocrx_word' id='word_1_583' title='bbox 2545 3909 2690 3971; x_wconf 67' lang='grc' dir='ltr'>Μηνὶ</span> <span class='ocrx_word' id='word_1_584' title='bbox 2744 3906 3090 3974; x_wconf 80' lang='grc' dir='ltr'>Φεϐρουαρίῳ</span> <span class='ocrx_word' id='word_1_585' title='bbox 3122 3903 3216 3966; x_wconf 77' lang='grc' dir='ltr'>ις’,</span> <span class='ocrx_word' id='word_1_586' title='bbox 3250 3904 3428 3972; x_wconf 81' lang='grc' dir='ltr'>ἡμέρᾳ</span> <span class='ocrx_word' id='word_1_587' title='bbox 3476 3902 3544 3966; x_wconf 86' lang='grc' dir='ltr'>γ’,</span> <span class='ocrx_word' id='word_1_588' title='bbox 3583 3903 3715 3953; x_wconf 86' lang='grc' dir='ltr'>ίνδι-</span> 
     </span>
    </p>
   </div>
   <div class='ocr_carea' id='block_1_87' title="bbox 2170 3987 3718 4063">
    <p class='ocr_par' dir='ltr' id='par_1_87' title="bbox 2170 3987 3718 4063">
     <span class='ocr_line' id='line_1_87' title="bbox 2170 3987 3718 4063; baseline -0.006 -14"><span class='ocrx_word' id='word_1_589' title='bbox 2170 3997 2392 4055; x_wconf 86' lang='grc' dir='ltr'>κτιῶνος</span> <span class='ocrx_word' id='word_1_590' title='bbox 2425 3994 2492 4063; x_wconf 87' lang='grc' dir='ltr'>η’,</span> <span class='ocrx_word' id='word_1_591' title='bbox 2536 3987 2758 4053; x_wconf 70' lang='grc' dir='ltr'>πολλοὺς</span> <span class='ocrx_word' id='word_1_592' title='bbox 2792 3993 2898 4043; x_wconf 90' lang='grc' dir='ltr'><strong>τῶν</strong></span> <span class='ocrx_word' id='word_1_593' title='bbox 2931 3991 3394 4058; x_wconf 79' lang='grc' dir='ltr'>ἐκκλησιαστικῶν</span> <span class='ocrx_word' id='word_1_594' title='bbox 3426 3991 3517 4042; x_wconf 73' lang='grc' dir='ltr'><strong>καὶ</strong></span> <span class='ocrx_word' id='word_1_595' title='bbox 3551 4005 3718 4055; x_wconf 81' lang='grc' dir='ltr'>μονα-</span> 
     </span>
    </p>
   </div>
   <div class='ocr_carea' id='block_1_88' title="bbox 2170 4079 3712 4154">
    <p class='ocr_par' dir='ltr' id='par_1_88' title="bbox 2170 4079 3712 4154">
     <span class='ocr_line' id='line_1_88' title="bbox 2170 4079 3712 4154; baseline -0.006 -17"><span class='ocrx_word' id='word_1_596' title='bbox 2170 4086 2276 4154; x_wconf 88' lang='grc' dir='ltr'><strong>χῶν</strong></span> <span class='ocrx_word' id='word_1_597' title='bbox 2309 4084 2639 4152; x_wconf 82' lang='grc' dir='ltr'>καθορῶντες</span> <span class='ocrx_word' id='word_1_598' title='bbox 2668 4083 2948 4141; x_wconf 83' lang='grc' dir='ltr'>ὑποθέσεις</span> <span class='ocrx_word' id='word_1_599' title='bbox 2975 4081 3257 4147; x_wconf 85' lang='grc' dir='ltr'>ἀλλοτρίας</span> <span class='ocrx_word' id='word_1_600' title='bbox 3292 4079 3712 4145; x_wconf 84' lang='grc' dir='ltr'>ὑποδυομένους,</span> 
     </span>
    </p>
   </div>
   <div class='ocr_carea' id='block_1_89' title="bbox 2170 4167 3718 4237">
    <p class='ocr_par' dir='ltr' id='par_1_89' title="bbox 2170 4167 3718 4237">
     <span class='ocr_line' id='line_1_89' title="bbox 2170 4167 3718 4237; baseline -0.005 -14"><span class='ocrx_word' id='word_1_601' title='bbox 2170 4175 2261 4224; x_wconf 76' lang='grc' dir='ltr'><strong>καὶ</strong></span> <span class='ocrx_word' id='word_1_602' title='bbox 2291 4170 2862 4237; x_wconf 73' lang='grc' dir='ltr'>ὑπεραγωνιζομένους</span> <span class='ocrx_word' id='word_1_603' title='bbox 2889 4169 2992 4218; x_wconf 83' lang='grc' dir='ltr'><strong>τῶν</strong></span> <span class='ocrx_word' id='word_1_604' title='bbox 3019 4167 3387 4235; x_wconf 78' lang='grc' dir='ltr'>δικαζομένων</span> <span class='ocrx_word' id='word_1_605' title='bbox 3421 4170 3475 4218; x_wconf 86' lang='grc' dir='ltr'><strong>ἐν</strong></span> <span class='ocrx_word' id='word_1_606' title='bbox 3503 4167 3718 4217; x_wconf 86' lang='grc' dir='ltr'>πολιτι-</span> 
     </span>
    </p>
   </div>
   <div class='ocr_carea' id='block_1_90' title="bbox 2171 4256 3715 4326">
    <p class='ocr_par' dir='ltr' id='par_1_90' title="bbox 2171 4256 3715 4326">
     <span class='ocr_line' id='line_1_90' title="bbox 2171 4256 3715 4326; baseline -0.006 -12"><span class='ocrx_word' id='word_1_607' title='bbox 2171 4263 2286 4321; x_wconf 90' lang='grc' dir='ltr'>κοῖς</span> <span class='ocrx_word' id='word_1_608' title='bbox 2345 4262 2435 4312; x_wconf 74' lang='grc' dir='ltr'>καὶ</span> <span class='ocrx_word' id='word_1_609' title='bbox 2472 4259 2941 4326; x_wconf 82' lang='grc' dir='ltr'>ἐκκλησιαστικοῖς</span> <span class='ocrx_word' id='word_1_610' title='bbox 2994 4256 3381 4323; x_wconf 85' lang='grc' dir='ltr'>δικαστηρίοις,</span> <span class='ocrx_word' id='word_1_611' title='bbox 3433 4256 3715 4324; x_wconf 81' lang='grc' dir='ltr'>ἀλλότριον</span> 
     </span>
    </p>
   </div>
   <div class='ocr_carea' id='block_1_91' title="bbox 3470 3811 3716 3863">
    <p class='ocr_par' dir='ltr' id='par_1_91' title="bbox 3470 3811 3716 3863">
     <span class='ocr_line' id='line_1_91' title="bbox 3470 3811 3716 3863; baseline -0.004 0"><span class='ocrx_word' id='word_1_612' title='bbox 3470 3811 3716 3863; x_wconf 84' lang='grc' dir='ltr'>Ἰωάννου</span> 
     </span>
    </p>
   </div>
   <div class='ocr_carea' id='block_1_92' title="bbox 528 4345 2060 4417">
    <p class='ocr_par' dir='ltr' id='par_1_92' title="bbox 528 4347 2060 4417">
     <span class='ocr_line' id='line_1_92' title="bbox 528 4347 2060 4417; baseline 0.003 -17"><span class='ocrx_word' id='word_1_613' title='bbox 528 4349 701 4415; x_wconf 85' lang='lat' dir='ltr'><strong>legum</strong></span> <span class='ocrx_word' id='word_1_614' title='bbox 735 4347 1015 4414; x_wconf 83' lang='lat' dir='ltr'><strong>gravitate,</strong></span> <span class='ocrx_word' id='word_1_615' title='bbox 1041 4352 1178 4413; x_wconf 88' lang='lat' dir='ltr'><strong>quod</strong></span> <span class='ocrx_word' id='word_1_616' title='bbox 1216 4350 1390 4413; x_wconf 87' lang='lat' dir='ltr'><strong>liebat,</strong></span> <span class='ocrx_word' id='word_1_617' title='bbox 1428 4351 1700 4417; x_wconf 86' lang='lat' dir='ltr'><strong>indignum</strong></span> <span class='ocrx_word' id='word_1_618' title='bbox 1741 4352 2060 4416; x_wconf 82' lang='lat' dir='ltr'><strong>judicantes,</strong></span> 
     </span>
    </p>
   </div>
   <div class='ocr_carea' id='block_1_93' title="bbox 2164 4345 3715 4417">
    <p class='ocr_par' dir='ltr' id='par_1_93' title="bbox 2169 4345 3715 4417">
     <span class='ocr_line' id='line_1_93' title="bbox 2169 4345 3715 4417; baseline -0.006 -15"><span class='ocrx_word' id='word_1_619' title='bbox 2169 4352 2262 4417; x_wconf 78' lang='grc' dir='ltr'>τῆς</span> <span class='ocrx_word' id='word_1_620' title='bbox 2291 4350 2736 4416; x_wconf 82' lang='grc' dir='ltr'>ἐκκλησιαστικῆς</span> <span class='ocrx_word' id='word_1_621' title='bbox 2785 4347 3060 4415; x_wconf 72' lang='grc' dir='ltr'><strong>συνηθείοι.ι</strong></span> <span class='ocrx_word' id='word_1_622' title='bbox 3129 4346 3219 4397; x_wconf 80' lang='grc' dir='ltr'>καὶ</span> <span class='ocrx_word' id='word_1_623' title='bbox 3254 4345 3345 4413; x_wconf 85' lang='grc' dir='ltr'>τῆς</span> <span class='ocrx_word' id='word_1_624' title='bbox 3389 4345 3496 4395; x_wconf 83' lang='grc' dir='ltr'><strong>τῶν</strong></span> <span class='ocrx_word' id='word_1_625' title='bbox 3530 4345 3715 4411; x_wconf 86' lang='grc' dir='ltr'>νόμων</span> 
     </span>
    </p>
   </div>
   <div class='ocr_carea' id='block_1_94' title="bbox 527 4438 2068 4505">
    <p class='ocr_par' dir='ltr' id='par_1_94' title="bbox 527 4438 2068 4505">
     <span class='ocr_line' id='line_1_94' title="bbox 527 4438 2068 4505; baseline 0.002 -16"><span class='ocrx_word' id='word_1_626' title='bbox 527 4438 828 4500; x_wconf 79' lang='lat' dir='ltr'><strong>statuimus,</strong></span> <span class='ocrx_word' id='word_1_627' title='bbox 871 4446 928 4488; x_wconf 90' lang='lat' dir='ltr'><strong>ut</strong></span> <span class='ocrx_word' id='word_1_628' title='bbox 979 4452 1134 4490; x_wconf 90' lang='lat' dir='ltr'><strong>nemo</strong></span> <span class='ocrx_word' id='word_1_629' title='bbox 1169 4439 1438 4505; x_wconf 82' lang='lat' dir='ltr'><strong>deinceps,</strong></span> <span class='ocrx_word' id='word_1_630' title='bbox 1482 4455 1576 4492; x_wconf 89' lang='lat' dir='ltr'><strong>nec</strong></span> <span class='ocrx_word' id='word_1_631' title='bbox 1626 4443 1935 4503; x_wconf 89' lang='lat' dir='ltr'><strong>monachus,</strong></span> <span class='ocrx_word' id='word_1_632' title='bbox 1973 4455 2068 4492; x_wconf 88' lang='lat' dir='ltr'><strong>nec</strong></span> 
     </span>
    </p>
   </div>
   <div class='ocr_carea' id='block_1_95' title="bbox 528 4525 2065 4596">
    <p class='ocr_par' dir='ltr' id='par_1_95' title="bbox 528 4525 2065 4596">
     <span class='ocr_line' id='line_1_95' title="bbox 528 4525 2065 4596; baseline 0.004 -20"><span class='ocrx_word' id='word_1_633' title='bbox 528 4525 666 4577; x_wconf 91' lang='lat' dir='ltr'><strong>ullus</strong></span> <span class='ocrx_word' id='word_1_634' title='bbox 715 4525 1133 4588; x_wconf 85' lang='lat' dir='ltr'><strong>ecclesiasticus,</strong></span> <span class='ocrx_word' id='word_1_635' title='bbox 1167 4528 1367 4581; x_wconf 86' lang='lat' dir='ltr'><strong>alienas</strong></span> <span class='ocrx_word' id='word_1_636' title='bbox 1424 4545 1612 4582; x_wconf 83' lang='lat' dir='ltr'><strong>causas</strong></span> <span class='ocrx_word' id='word_1_637' title='bbox 1666 4532 1959 4596; x_wconf 88' lang='lat' dir='ltr'><strong>suscipiens</strong></span> <span class='ocrx_word' id='word_1_638' title='bbox 2016 4531 2065 4582; x_wconf 93' lang='lat' dir='ltr'><strong>in</strong></span> 
     </span>
    </p>
   </div>
   <div class='ocr_carea' id='block_1_96' title="bbox 524 4613 2065 4684">
    <p class='ocr_par' dir='ltr' id='par_1_96' title="bbox 524 4613 2065 4684">
     <span class='ocr_line' id='line_1_96' title="bbox 524 4613 2065 4684; baseline 0.004 -20"><span class='ocrx_word' id='word_1_639' title='bbox 524 4613 726 4680; x_wconf 90' lang='lat' dir='ltr'><strong>judicio</strong></span> <span class='ocrx_word' id='word_1_640' title='bbox 775 4615 1041 4667; x_wconf 84' lang='lat' dir='ltr'><strong>defendat.</strong></span> <span class='ocrx_word' id='word_1_641' title='bbox 1095 4617 1150 4667; x_wconf 88' lang='lat' dir='ltr'><strong>ld</strong></span> <span class='ocrx_word' id='word_1_642' title='bbox 1181 4617 1321 4668; x_wconf 90' lang='lat' dir='ltr'><strong>enim</strong></span> <span class='ocrx_word' id='word_1_643' title='bbox 1367 4626 1448 4669; x_wconf 92' lang='lat' dir='ltr'><strong>est</strong></span> <span class='ocrx_word' id='word_1_644' title='bbox 1489 4628 1668 4684; x_wconf 91' lang='lat' dir='ltr'><strong>aperte</strong></span> <span class='ocrx_word' id='word_1_645' title='bbox 1739 4620 2065 4671; x_wconf 88' lang='lat' dir='ltr'><strong>mercenaria</strong></span> 
     </span>
    </p>
   </div>
   <div class='ocr_carea' id='block_1_97' title="bbox 528 4705 2071 4776">
    <p class='ocr_par' dir='ltr' id='par_1_97' title="bbox 528 4705 2071 4776">
     <span class='ocr_line' id='line_1_97' title="bbox 528 4705 2071 4776; baseline 0.001 -20"><span class='ocrx_word' id='word_1_646' title='bbox 528 4718 714 4768; x_wconf 88' lang='lat' dir='ltr'><strong>opera.</strong></span> <span class='ocrx_word' id='word_1_647' title='bbox 754 4705 815 4756; x_wconf 89' lang='lat' dir='ltr'><strong>Et</strong></span> <span class='ocrx_word' id='word_1_648' title='bbox 847 4719 1003 4757; x_wconf 87' lang='lat' dir='ltr'><strong>nemo</strong></span> <span class='ocrx_word' id='word_1_649' title='bbox 1036 4707 1136 4757; x_wconf 89' lang='lat' dir='ltr'><strong>tale</strong></span> <span class='ocrx_word' id='word_1_650' title='bbox 1166 4707 1290 4773; x_wconf 90' lang='lat' dir='ltr'><strong>quid</strong></span> <span class='ocrx_word' id='word_1_651' title='bbox 1327 4721 1487 4776; x_wconf 87' lang='lat' dir='ltr'><strong>agens</strong></span> <span class='ocrx_word' id='word_1_652' title='bbox 1513 4719 1703 4761; x_wconf 65' lang='lat' dir='ltr'><strong>nostrae</strong></span> <span class='ocrx_word' id='word_1_653' title='bbox 1753 4709 2071 4760; x_wconf 87' lang='lat' dir='ltr'><strong>moderatio-</strong></span> 
     </span>
    </p>
   </div>
   <div class='ocr_carea' id='block_1_98' title="bbox 529 4795 2065 4864">
    <p class='ocr_par' dir='ltr' id='par_1_98' title="bbox 529 4795 2065 4864">
     <span class='ocr_line' id='line_1_98' title="bbox 529 4795 2065 4864; baseline -0.001 -16"><span class='ocrx_word' id='word_1_654' title='bbox 529 4796 613 4848; x_wconf 85' lang='lat' dir='ltr'><strong>nis</strong></span> <span class='ocrx_word' id='word_1_655' title='bbox 648 4795 962 4862; x_wconf 84' lang='lat' dir='ltr'><strong>supplicium</strong></span> <span class='ocrx_word' id='word_1_656' title='bbox 998 4795 1249 4864; x_wconf 84' lang='lat' dir='ltr'><strong>etl&#39;ugiet:</strong></span> <span class='ocrx_word' id='word_1_657' title='bbox 1284 4807 1656 4863; x_wconf 68' lang='lat' dir='ltr'><strong>praeterquam,</strong></span> <span class='ocrx_word' id='word_1_658' title='bbox 1703 4798 1744 4850; x_wconf 91' lang='lat' dir='ltr'><strong>si</strong></span> <span class='ocrx_word' id='word_1_659' title='bbox 1787 4797 1920 4850; x_wconf 79' lang='lat' dir='ltr'><strong>forte</strong></span> <span class='ocrx_word' id='word_1_660' title='bbox 1948 4813 2065 4849; x_wconf 88' lang='lat' dir='ltr'><strong>cum</strong></span> 
     </span>
    </p>
   </div>
   <div class='ocr_carea' id='block_1_99' title="bbox 529 4885 2068 4953">
    <p class='ocr_par' dir='ltr' id='par_1_99' title="bbox 529 4885 2068 4953">
     <span class='ocr_line' id='line_1_99' title="bbox 529 4885 2068 4953; baseline 0 -15"><span class='ocrx_word' id='word_1_661' title='bbox 529 4885 603 4938; x_wconf 78' lang='lat' dir='ltr'><strong>sit</strong></span> <span class='ocrx_word' id='word_1_662' title='bbox 645 4899 803 4935; x_wconf 85' lang='lat' dir='ltr'><strong>causa</strong></span> <span class='ocrx_word' id='word_1_663' title='bbox 841 4885 1228 4950; x_wconf 86' lang='lat' dir='ltr'><strong>ecclesiastica,</strong></span> <span class='ocrx_word' id='word_1_664' title='bbox 1262 4902 1287 4936; x_wconf 91' lang='lat' dir='ltr'><strong>a</strong></span> <span class='ocrx_word' id='word_1_665' title='bbox 1323 4886 2068 4953; x_wconf 80' lang='lat' dir='ltr'><strong>nobisjubeatnralterutrius</strong></span> 
     </span>
    </p>
   </div>
   <div class='ocr_carea' id='block_1_100' title="bbox 530 4972 2070 5040">
    <p class='ocr_par' dir='ltr' id='par_1_100' title="bbox 530 4972 2070 5040">
     <span class='ocr_line' id='line_1_100' title="bbox 530 4972 2070 5040; baseline 0.003 -18"><span class='ocrx_word' id='word_1_666' title='bbox 530 4972 850 5040; x_wconf 83' lang='lat' dir='ltr'><strong>litigantium</strong></span> <span class='ocrx_word' id='word_1_667' title='bbox 911 4974 1078 5038; x_wconf 89' lang='lat' dir='ltr'><strong>partis</strong></span> <span class='ocrx_word' id='word_1_668' title='bbox 1137 4974 1495 5027; x_wconf 79' lang='lat' dir='ltr'><strong>defensionem</strong></span> <span class='ocrx_word' id='word_1_669' title='bbox 1564 4976 1852 5040; x_wconf 86' lang='lat' dir='ltr'><strong>suscipere.</strong></span> <span class='ocrx_word' id='word_1_670' title='bbox 1920 4976 2070 5027; x_wconf 87' lang='lat' dir='ltr'><strong>Tunc</strong></span> 
     </span>
    </p>
   </div>
   <div class='ocr_carea' id='block_1_101' title="bbox 529 5066 2069 5134">
    <p class='ocr_par' dir='ltr' id='par_1_101' title="bbox 529 5066 2069 5134">
     <span class='ocr_line' id='line_1_101' title="bbox 529 5066 2069 5134; baseline 0.001 -17"><span class='ocrx_word' id='word_1_671' title='bbox 529 5068 670 5117; x_wconf 88' lang='lat' dir='ltr'><strong>enim</strong></span> <span class='ocrx_word' id='word_1_672' title='bbox 703 5074 1056 5134; x_wconf 61' lang='lat' dir='ltr'><strong>prasterquam</strong></span> <span class='ocrx_word' id='word_1_673' title='bbox 1086 5066 1224 5133; x_wconf 90' lang='lat' dir='ltr'><strong>quod</strong></span> <span class='ocrx_word' id='word_1_674' title='bbox 1255 5082 1282 5117; x_wconf 90' lang='lat' dir='ltr'><strong>a</strong></span> <span class='ocrx_word' id='word_1_675' title='bbox 1329 5068 1745 5134; x_wconf 86' lang='lat' dir='ltr'><strong>reprehensione</strong></span> <span class='ocrx_word' id='word_1_676' title='bbox 1795 5070 1895 5120; x_wconf 90' lang='lat' dir='ltr'><strong>erit</strong></span> <span class='ocrx_word' id='word_1_677' title='bbox 1938 5067 2069 5119; x_wconf 89' lang='lat' dir='ltr'><strong>alie-</strong></span> 
     </span>
    </p>
   </div>
   <div class='ocr_carea' id='block_1_102' title="bbox 531 5155 2068 5222">
    <p class='ocr_par' dir='ltr' id='par_1_102' title="bbox 531 5155 2068 5222">
     <span class='ocr_line' id='line_1_102' title="bbox 531 5155 2068 5222; baseline 0.002 -17"><span class='ocrx_word' id='word_1_678' title='bbox 531 5169 651 5215; x_wconf 89' lang='lat' dir='ltr'><strong>nus,</strong></span> <span class='ocrx_word' id='word_1_679' title='bbox 685 5155 734 5205; x_wconf 90' lang='lat' dir='ltr'><strong>in</strong></span> <span class='ocrx_word' id='word_1_680' title='bbox 766 5169 974 5221; x_wconf 74' lang='lat' dir='ltr'><strong>pceuam</strong></span> <span class='ocrx_word' id='word_1_681' title='bbox 1011 5171 1219 5222; x_wconf 88' lang='lat' dir='ltr'><strong>quoque</strong></span> <span class='ocrx_word' id='word_1_682' title='bbox 1252 5171 1352 5208; x_wconf 90' lang='lat' dir='ltr'><strong>non</strong></span> <span class='ocrx_word' id='word_1_683' title='bbox 1392 5158 1565 5209; x_wconf 90' lang='lat' dir='ltr'><strong>cadet.</strong></span> <span class='ocrx_word' id='word_1_684' title='bbox 1603 5155 1846 5209; x_wconf 72' lang='lat' dir='ltr'><strong>Praesens</strong></span> <span class='ocrx_word' id='word_1_685' title='bbox 1895 5167 2068 5209; x_wconf 86' lang='lat' dir='ltr'><strong>autem</strong></span> 
     </span>
    </p>
   </div>
   <div class='ocr_carea' id='block_1_103' title="bbox 535 5241 2069 5313">
    <p class='ocr_par' dir='ltr' id='par_1_103' title="bbox 535 5241 2069 5313">
     <span class='ocr_line' id='line_1_103' title="bbox 535 5241 2069 5313; baseline 0.003 -22"><span class='ocrx_word' id='word_1_686' title='bbox 535 5241 762 5292; x_wconf 88' lang='lat' dir='ltr'><strong>edictum</strong></span> <span class='ocrx_word' id='word_1_687' title='bbox 815 5244 1065 5296; x_wconf 89' lang='lat' dir='ltr'><strong>omnibus</strong></span> <span class='ocrx_word' id='word_1_688' title='bbox 1118 5259 1328 5312; x_wconf 89' lang='lat' dir='ltr'><strong>quoque</strong></span> <span class='ocrx_word' id='word_1_689' title='bbox 1381 5245 1624 5298; x_wconf 90' lang='lat' dir='ltr'><strong>civilibus</strong></span> <span class='ocrx_word' id='word_1_690' title='bbox 1673 5245 1940 5311; x_wconf 79' lang='lat' dir='ltr'><strong>judicihus</strong></span> <span class='ocrx_word' id='word_1_691' title='bbox 1974 5245 2069 5313; x_wconf 86' lang='lat' dir='ltr'><strong>legi</strong></span> 
     </span>
    </p>
   </div>
   <div class='ocr_carea' id='block_1_104' title="bbox 532 5333 2073 5398">
    <p class='ocr_par' dir='ltr' id='par_1_104' title="bbox 532 5333 2073 5398">
     <span class='ocr_line' id='line_1_104' title="bbox 532 5333 2073 5398; baseline 0.001 -15"><span class='ocrx_word' id='word_1_692' title='bbox 532 5333 738 5398; x_wconf 87' lang='lat' dir='ltr'><strong>jussmn</strong></span> <span class='ocrx_word' id='word_1_693' title='bbox 776 5341 876 5391; x_wconf 83' lang='lat' dir='ltr'><strong>est.</strong></span> <span class='ocrx_word' id='word_1_694' title='bbox 911 5344 994 5396; x_wconf 90' lang='lat' dir='ltr'><strong>ut,</strong></span> <span class='ocrx_word' id='word_1_695' title='bbox 1027 5347 1146 5385; x_wconf 90' lang='lat' dir='ltr'><strong>cum</strong></span> <span class='ocrx_word' id='word_1_696' title='bbox 1187 5335 1350 5385; x_wconf 89' lang='lat' dir='ltr'><strong>nostri</strong></span> <span class='ocrx_word' id='word_1_697' title='bbox 1384 5334 1577 5385; x_wconf 90' lang='lat' dir='ltr'><strong>dccreti</strong></span> <span class='ocrx_word' id='word_1_698' title='bbox 1645 5335 1920 5386; x_wconf 87' lang='lat' dir='ltr'><strong>scientiam</strong></span> <span class='ocrx_word' id='word_1_699' title='bbox 1977 5335 2073 5386; x_wconf 88' lang='lat' dir='ltr'><strong>ha-</strong></span> 
     </span>
    </p>
   </div>
   <div class='ocr_carea' id='block_1_105' title="bbox 538 5422 2074 5482">
    <p class='ocr_par' dir='ltr' id='par_1_105' title="bbox 538 5422 2074 5482">
     <span class='ocr_line' id='line_1_105' title="bbox 538 5422 2074 5482; baseline 0.001 -9"><span class='ocrx_word' id='word_1_700' title='bbox 538 5422 775 5482; x_wconf 87' lang='lat' dir='ltr'><strong>buerint,</strong></span> <span class='ocrx_word' id='word_1_701' title='bbox 799 5438 889 5475; x_wconf 87' lang='lat' dir='ltr'><strong>eos</strong></span> <span class='ocrx_word' id='word_1_702' title='bbox 925 5423 1140 5475; x_wconf 90' lang='lat' dir='ltr'><strong>omnino</strong></span> <span class='ocrx_word' id='word_1_703' title='bbox 1166 5437 1270 5474; x_wconf 93' lang='lat' dir='ltr'><strong>non</strong></span> <span class='ocrx_word' id='word_1_704' title='bbox 1302 5423 1585 5475; x_wconf 89' lang='lat' dir='ltr'><strong>admittant</strong></span> <span class='ocrx_word' id='word_1_705' title='bbox 1615 5427 1677 5475; x_wconf 89' lang='lat' dir='ltr'><strong>ad</strong></span> <span class='ocrx_word' id='word_1_706' title='bbox 1702 5425 1924 5475; x_wconf 82' lang='lat' dir='ltr'><strong>ullnrum</strong></span> <span class='ocrx_word' id='word_1_707' title='bbox 1949 5439 2074 5476; x_wconf 79' lang='lat' dir='ltr'><strong>cau-</strong></span> 
     </span>
    </p>
   </div>
   <div class='ocr_carea' id='block_1_106' title="bbox 539 5511 2072 5578">
    <p class='ocr_par' dir='ltr' id='par_1_106' title="bbox 539 5511 2072 5578">
     <span class='ocr_line' id='line_1_106' title="bbox 539 5511 2072 5578; baseline 0.003 -16"><span class='ocrx_word' id='word_1_708' title='bbox 539 5526 627 5563; x_wconf 87' lang='lat' dir='ltr'><strong>sas</strong></span> <span class='ocrx_word' id='word_1_709' title='bbox 657 5513 906 5578; x_wconf 75' lang='lat' dir='ltr'><strong>agendas.</strong></span> <span class='ocrx_word' id='word_1_710' title='bbox 939 5511 1029 5566; x_wconf 88' lang='lat' dir='ltr'><strong>Vis</strong></span> <span class='ocrx_word' id='word_1_711' title='bbox 1054 5523 1230 5565; x_wconf 86' lang='lat' dir='ltr'><strong>autem</strong></span> <span class='ocrx_word' id='word_1_712' title='bbox 1272 5513 1432 5565; x_wconf 89' lang='lat' dir='ltr'><strong>edicti</strong></span> <span class='ocrx_word' id='word_1_713' title='bbox 1471 5513 1668 5566; x_wconf 89' lang='lat' dir='ltr'><strong>domini</strong></span> <span class='ocrx_word' id='word_1_714' title='bbox 1710 5513 1930 5565; x_wconf 73' lang='lat' dir='ltr'><strong>Michael</strong></span> <span class='ocrx_word' id='word_1_715' title='bbox 1964 5516 2072 5566; x_wconf 65' lang='lat' dir='ltr'><strong>hanc</strong></span> 
     </span>
    </p>
   </div>
   <div class='ocr_carea' id='block_1_107' title="bbox 540 5599 2070 5664">
    <p class='ocr_par' dir='ltr' id='par_1_107' title="bbox 540 5599 2070 5664">
     <span class='ocr_line' id='line_1_107' title="bbox 540 5599 2070 5664; baseline 0.002 -15"><span class='ocrx_word' id='word_1_716' title='bbox 540 5606 621 5651; x_wconf 85' lang='lat' dir='ltr'><strong>cst</strong></span> <span class='ocrx_word' id='word_1_717' title='bbox 653 5617 663 5650; x_wconf 92' lang='lat'>:</span> <span class='ocrx_word' id='word_1_718' title='bbox 698 5599 1140 5653; x_wconf 81' lang='lat' dir='ltr'><strong>Mcnstanuario</strong></span> <span class='ocrx_word' id='word_1_719' title='bbox 1169 5600 1472 5653; x_wconf 86' lang='lat' dir='ltr'><strong>diedccimo</strong></span> <span class='ocrx_word' id='word_1_720' title='bbox 1506 5603 1676 5664; x_wconf 83' lang='lat' dir='ltr'><strong>tertio,</strong></span> <span class='ocrx_word' id='word_1_721' title='bbox 1711 5602 1836 5655; x_wconf 78' lang='lat' dir='ltr'><strong>l&#39;cria</strong></span> <span class='ocrx_word' id='word_1_722' title='bbox 1864 5613 2070 5664; x_wconf 81' lang='lat' dir='ltr'><strong>quarta,</strong></span> 
     </span>
    </p>
   </div>
   <div class='ocr_carea' id='block_1_108' title="bbox 2168 4432 3717 4506">
    <p class='ocr_par' dir='ltr' id='par_1_108' title="bbox 2168 4432 3717 4506">
     <span class='ocr_line' id='line_1_108' title="bbox 2168 4432 3717 4506; baseline -0.005 -16"><span class='ocrx_word' id='word_1_723' title='bbox 2168 4439 2448 4506; x_wconf 86' lang='grc' dir='ltr'>ἀκριϐείας</span> <span class='ocrx_word' id='word_1_724' title='bbox 2503 4442 2559 4487; x_wconf 75' lang='grc' dir='ltr'><strong>το</strong></span> <span class='ocrx_word' id='word_1_725' title='bbox 2610 4436 2975 4504; x_wconf 86' lang='grc' dir='ltr'>πραττόμενον</span> <span class='ocrx_word' id='word_1_726' title='bbox 3032 4434 3335 4502; x_wconf 83' lang='grc' dir='ltr'>κρίναντες,</span> <span class='ocrx_word' id='word_1_727' title='bbox 3365 4432 3717 4501; x_wconf 77' lang='grc' dir='ltr'>διοριζόμεθα</span> 
     </span>
    </p>
   </div>
   <div class='ocr_carea' id='block_1_109' title="bbox 2173 4523 3716 4597">
    <p class='ocr_par' dir='ltr' id='par_1_109' title="bbox 2173 4523 3716 4597">
     <span class='ocr_line' id='line_1_109' title="bbox 2173 4523 3716 4597; baseline -0.005 -18"><span class='ocrx_word' id='word_1_728' title='bbox 2173 4528 2366 4597; x_wconf 80' lang='grc' dir='ltr'>μηκέτι</span> <span class='ocrx_word' id='word_1_729' title='bbox 2404 4526 2496 4578; x_wconf 79' lang='grc' dir='ltr'>τοῦ</span> <span class='ocrx_word' id='word_1_730' title='bbox 2538 4526 2721 4576; x_wconf 75' lang='grc' dir='ltr'>λοιποῦ</span> <span class='ocrx_word' id='word_1_731' title='bbox 2768 4527 2900 4592; x_wconf 87' lang='grc' dir='ltr'>μήτε</span> <span class='ocrx_word' id='word_1_732' title='bbox 2968 4524 3195 4592; x_wconf 69' lang='grc' dir='ltr'>μοναχὸν</span> <span class='ocrx_word' id='word_1_733' title='bbox 3264 4524 3401 4592; x_wconf 80' lang='grc' dir='ltr'>μήτε</span> <span class='ocrx_word' id='word_1_734' title='bbox 3457 4523 3562 4574; x_wconf 88' lang='grc' dir='ltr'><strong>τῶν</strong></span> <span class='ocrx_word' id='word_1_735' title='bbox 3592 4539 3716 4572; x_wconf 84' lang='grc' dir='ltr'>τινα.</span> 
     </span>
    </p>
   </div>
   <div class='ocr_carea' id='block_1_110' title="bbox 2169 4614 3712 4686">
    <p class='ocr_par' dir='ltr' id='par_1_110' title="bbox 2169 4614 3712 4686">
     <span class='ocr_line' id='line_1_110' title="bbox 2169 4614 3712 4686; baseline -0.006 -16"><span class='ocrx_word' id='word_1_736' title='bbox 2169 4617 2628 4686; x_wconf 82' lang='grc' dir='ltr'>ἐκκλησιαστικῶν</span> <span class='ocrx_word' id='word_1_737' title='bbox 2673 4614 2956 4680; x_wconf 88' lang='grc' dir='ltr'>ἀλλοτρίας</span> <span class='ocrx_word' id='word_1_738' title='bbox 2994 4614 3213 4679; x_wconf 80' lang='grc' dir='ltr'>ἀγωγὰς</span> <span class='ocrx_word' id='word_1_739' title='bbox 3252 4614 3712 4680; x_wconf 81' lang='grc' dir='ltr'>ὑπεισερχόμενον</span> 
     </span>
    </p>
   </div>
   <div class='ocr_carea' id='block_1_111' title="bbox 2169 4703 3718 4775">
    <p class='ocr_par' dir='ltr' id='par_1_111' title="bbox 2169 4703 3718 4775">
     <span class='ocr_line' id='line_1_111' title="bbox 2169 4703 3718 4775; baseline -0.005 -16"><span class='ocrx_word' id='word_1_740' title='bbox 2169 4710 2224 4759; x_wconf 85' lang='grc' dir='ltr'><strong>ἐν</strong></span> <span class='ocrx_word' id='word_1_741' title='bbox 2245 4706 2575 4775; x_wconf 83' lang='grc' dir='ltr'>δικαστηρίῳ</span> <span class='ocrx_word' id='word_1_742' title='bbox 2601 4706 2938 4771; x_wconf 84' lang='grc' dir='ltr'>συνηγορεῖν.</span> <span class='ocrx_word' id='word_1_743' title='bbox 2975 4703 3292 4770; x_wconf 83' lang='grc' dir='ltr'>Ἑργολαϐία</span> <span class='ocrx_word' id='word_1_744' title='bbox 3323 4703 3428 4768; x_wconf 78' lang='grc' dir='ltr'><strong>γὰρ</strong></span> <span class='ocrx_word' id='word_1_745' title='bbox 3455 4705 3718 4768; x_wconf 80' lang='grc' dir='ltr'>ἄντικρυς</span> 
     </span>
    </p>
   </div>
   <div class='ocr_carea' id='block_1_112' title="bbox 2169 4789 3716 4857">
    <p class='ocr_par' dir='ltr' id='par_1_112' title="bbox 2169 4789 3716 4857">
     <span class='ocr_line' id='line_1_112' title="bbox 2169 4789 3716 4857; baseline -0.005 -12"><span class='ocrx_word' id='word_1_746' title='bbox 2169 4796 2341 4847; x_wconf 81' lang='grc' dir='ltr'>τοῦτο.</span> <span class='ocrx_word' id='word_1_747' title='bbox 2395 4795 2500 4846; x_wconf 77' lang='grc' dir='ltr'>Καὶ</span> <span class='ocrx_word' id='word_1_748' title='bbox 2534 4795 2632 4844; x_wconf 84' lang='grc' dir='ltr'><strong>οὑκ</strong></span> <span class='ocrx_word' id='word_1_749' title='bbox 2677 4793 2740 4843; x_wconf 84' lang='grc' dir='ltr'><strong>ἀν</strong></span> <span class='ocrx_word' id='word_1_750' title='bbox 2776 4808 2858 4852; x_wconf 85' lang='grc' dir='ltr'><strong>τις</strong></span> <span class='ocrx_word' id='word_1_751' title='bbox 2892 4789 3128 4841; x_wconf 83' lang='grc' dir='ltr'>τοιοῦτόν</span> <span class='ocrx_word' id='word_1_752' title='bbox 3178 4790 3716 4857; x_wconf 79' lang='grc' dir='ltr'>τιδιαπραττόμενος</span> 
     </span>
    </p>
   </div>
   <div class='ocr_carea' id='block_1_113' title="bbox 2169 4868 3716 4952">
    <p class='ocr_par' dir='ltr' id='par_1_113' title="bbox 2169 4868 3716 4952">
     <span class='ocr_line' id='line_1_113' title="bbox 2169 4868 3716 4952; baseline -0.005 -16"><span class='ocrx_word' id='word_1_753' title='bbox 2169 4868 2265 4952; x_wconf 74' lang='grc' dir='ltr'><strong>τὴν</strong></span> <span class='ocrx_word' id='word_1_754' title='bbox 2288 4885 2392 4935; x_wconf 81' lang='grc' dir='ltr'><strong>ἀπὸ</strong></span> <span class='ocrx_word' id='word_1_755' title='bbox 2413 4885 2510 4947; x_wconf 79' lang='grc' dir='ltr'><strong>τῆς</strong></span> <span class='ocrx_word' id='word_1_756' title='bbox 2539 4884 2689 4949; x_wconf 77' lang='grc' dir='ltr'>ἡμῶν</span> <span class='ocrx_word' id='word_1_757' title='bbox 2719 4882 3061 4950; x_wconf 88' lang='grc' dir='ltr'>μετριότητος</span> <span class='ocrx_word' id='word_1_758' title='bbox 3091 4881 3403 4948; x_wconf 75' lang='grc' dir='ltr'>ἐπιτίμησιν</span> <span class='ocrx_word' id='word_1_759' title='bbox 3428 4880 3716 4946; x_wconf 78' lang='grc' dir='ltr'>διαφεύξη-</span> 
     </span>
    </p>
   </div>
   <div class='ocr_carea' id='block_1_114' title="bbox 2170 4971 3714 5042">
    <p class='ocr_par' dir='ltr' id='par_1_114' title="bbox 2170 4971 3714 5042">
     <span class='ocr_line' id='line_1_114' title="bbox 2170 4971 3714 5042; baseline -0.005 -13"><span class='ocrx_word' id='word_1_760' title='bbox 2170 4995 2277 5036; x_wconf 89' lang='grc' dir='ltr'>ται,</span> <span class='ocrx_word' id='word_1_761' title='bbox 2308 4975 2443 5042; x_wconf 82' lang='grc' dir='ltr'>πλὴν</span> <span class='ocrx_word' id='word_1_762' title='bbox 2469 4976 2514 5024; x_wconf 87' lang='grc' dir='ltr'>εἰ</span> <span class='ocrx_word' id='word_1_763' title='bbox 2550 4975 2712 5041; x_wconf 85' lang='grc' dir='ltr'>μήπω</span> <span class='ocrx_word' id='word_1_764' title='bbox 2743 4971 3199 5038; x_wconf 79' lang='grc' dir='ltr'>ἐκκλησιαστικῆς</span> <span class='ocrx_word' id='word_1_765' title='bbox 3227 4972 3526 5032; x_wconf 80' lang='grc' dir='ltr'>ὑποθέσεως</span> <span class='ocrx_word' id='word_1_766' title='bbox 3550 4971 3714 5039; x_wconf 67' lang='grc' dir='ltr'>οὔσης</span> 
     </span>
    </p>
   </div>
   <div class='ocr_carea' id='block_1_115' title="bbox 2171 5061 3718 5130">
    <p class='ocr_par' dir='ltr' id='par_1_115' title="bbox 2171 5061 3718 5130">
     <span class='ocr_line' id='line_1_115' title="bbox 2171 5061 3718 5130; baseline -0.004 -13"><span class='ocrx_word' id='word_1_767' title='bbox 2171 5064 2480 5130; x_wconf 85' lang='grc' dir='ltr'>κελευσθείη</span> <span class='ocrx_word' id='word_1_768' title='bbox 2535 5067 2663 5129; x_wconf 81' lang='grc' dir='ltr'>παρ’</span> <span class='ocrx_word' id='word_1_769' title='bbox 2714 5061 2869 5128; x_wconf 77' lang='grc' dir='ltr'>ἡμῶν</span> <span class='ocrx_word' id='word_1_770' title='bbox 2923 5062 3428 5128; x_wconf 79' lang='grc' dir='ltr'>ὑπεραγωνίζεσθαι</span> <span class='ocrx_word' id='word_1_771' title='bbox 3486 5061 3718 5127; x_wconf 83' lang='grc' dir='ltr'>θατέρου</span> 
     </span>
    </p>
   </div>
   <div class='ocr_carea' id='block_1_116' title="bbox 2176 5146 3720 5220">
    <p class='ocr_par' dir='ltr' id='par_1_116' title="bbox 2176 5146 3720 5220">
     <span class='ocr_line' id='line_1_116' title="bbox 2176 5146 3720 5220; baseline -0.003 -18"><span class='ocrx_word' id='word_1_772' title='bbox 2176 5153 2373 5220; x_wconf 85' lang='grc' dir='ltr'>μέρους</span> <span class='ocrx_word' id='word_1_773' title='bbox 2405 5151 2507 5200; x_wconf 86' lang='grc' dir='ltr'><strong>τῶν</strong></span> <span class='ocrx_word' id='word_1_774' title='bbox 2535 5148 2914 5214; x_wconf 81' lang='grc' dir='ltr'>δικαζομένων.</span> <span class='ocrx_word' id='word_1_775' title='bbox 2978 5146 3290 5214; x_wconf 83' lang='grc' dir='ltr'>Τηνικαῦτα</span> <span class='ocrx_word' id='word_1_776' title='bbox 3345 5148 3451 5214; x_wconf 76' lang='grc' dir='ltr'><strong>γὰρ</strong></span> <span class='ocrx_word' id='word_1_777' title='bbox 3485 5147 3591 5209; x_wconf 77' lang='grc' dir='ltr'>ἕξει</span> <span class='ocrx_word' id='word_1_778' title='bbox 3625 5150 3720 5198; x_wconf 65' lang='grc' dir='ltr'><strong>σὺν</strong></span> 
     </span>
    </p>
   </div>
   <div class='ocr_carea' id='block_1_117' title="bbox 2171 5238 3716 5308">
    <p class='ocr_par' dir='ltr' id='par_1_117' title="bbox 2171 5238 3716 5308">
     <span class='ocr_line' id='line_1_117' title="bbox 2171 5238 3716 5308; baseline -0.004 -15"><span class='ocrx_word' id='word_1_779' title='bbox 2171 5241 2247 5308; x_wconf 80' lang='grc' dir='ltr'>τῷ</span> <span class='ocrx_word' id='word_1_780' title='bbox 2291 5241 2556 5308; x_wconf 69' lang='grc' dir='ltr'>ἀμέμπτῳ</span> <span class='ocrx_word' id='word_1_781' title='bbox 2586 5241 2678 5289; x_wconf 69' lang='grc' dir='ltr'><strong>καὶ</strong></span> <span class='ocrx_word' id='word_1_782' title='bbox 2704 5241 2761 5289; x_wconf 78' lang='grc' dir='ltr'>τὸ</span> <span class='ocrx_word' id='word_1_783' title='bbox 2793 5239 3201 5305; x_wconf 81' lang='grc' dir='ltr'>ἀνεπιτίμητον.</span> <span class='ocrx_word' id='word_1_784' title='bbox 3234 5239 3306 5289; x_wconf 79' lang='grc' dir='ltr'>Τὸ</span> <span class='ocrx_word' id='word_1_785' title='bbox 3335 5240 3392 5289; x_wconf 82' lang='grc' dir='ltr'><strong>δέ</strong></span> <span class='ocrx_word' id='word_1_786' title='bbox 3416 5238 3587 5305; x_wconf 70' lang='grc' dir='ltr'>παρὸν</span> <span class='ocrx_word' id='word_1_787' title='bbox 3616 5241 3716 5304; x_wconf 67' lang='grc' dir='ltr'>οτη-</span> 
     </span>
    </p>
   </div>
   <div class='ocr_carea' id='block_1_118' title="bbox 2177 5327 3709 5399">
    <p class='ocr_par' dir='ltr' id='par_1_118' title="bbox 2177 5327 3709 5399">
     <span class='ocr_line' id='line_1_118' title="bbox 2177 5327 3709 5399; baseline -0.004 -17"><span class='ocrx_word' id='word_1_788' title='bbox 2177 5333 2388 5399; x_wconf 77' lang='grc' dir='ltr'>μείωμα</span> <span class='ocrx_word' id='word_1_789' title='bbox 2423 5327 2908 5394; x_wconf 86' lang='grc' dir='ltr'>ὑπαναγνωσθῆναι</span> <span class='ocrx_word' id='word_1_790' title='bbox 2934 5327 3140 5395; x_wconf 87' lang='grc' dir='ltr'>ὡρίσθη</span> <span class='ocrx_word' id='word_1_791' title='bbox 3171 5328 3264 5379; x_wconf 69' lang='grc' dir='ltr'><strong>καλ⁸</strong></span> <span class='ocrx_word' id='word_1_792' title='bbox 3306 5329 3439 5379; x_wconf 79' lang='grc' dir='ltr'>πᾶσι</span> <span class='ocrx_word' id='word_1_793' title='bbox 3470 5330 3576 5385; x_wconf 80' lang='grc' dir='ltr'>τοῖς</span> <span class='ocrx_word' id='word_1_794' title='bbox 3609 5343 3709 5376; x_wconf 90' lang='grc' dir='ltr'>πο-</span> 
     </span>
    </p>
   </div>
   <div class='ocr_carea' id='block_1_119' title="bbox 2174 5415 3721 5486">
    <p class='ocr_par' dir='ltr' id='par_1_119' title="bbox 2174 5415 3721 5486">
     <span class='ocr_line' id='line_1_119' title="bbox 2174 5415 3721 5486; baseline -0.004 -16"><span class='ocrx_word' id='word_1_795' title='bbox 2174 5421 2394 5479; x_wconf 84' lang='grc' dir='ltr'>λιτικοῖς</span> <span class='ocrx_word' id='word_1_796' title='bbox 2426 5418 2724 5478; x_wconf 75' lang='grc' dir='ltr'>δικασταῖς,</span> <span class='ocrx_word' id='word_1_797' title='bbox 2771 5416 2856 5476; x_wconf 83' lang='grc' dir='ltr'>ἵν’,</span> <span class='ocrx_word' id='word_1_798' title='bbox 2894 5417 3141 5466; x_wconf 81' lang='grc' dir='ltr'>ἐντεῦθεν</span> <span class='ocrx_word' id='word_1_799' title='bbox 3196 5417 3402 5486; x_wconf 75' lang='grc' dir='ltr'>εἴδησιν</span> <span class='ocrx_word' id='word_1_800' title='bbox 3466 5415 3721 5474; x_wconf 81' lang='grc' dir='ltr'>λαϐόντες</span> 
     </span>
    </p>
   </div>
   <div class='ocr_carea' id='block_1_120' title="bbox 2176 5505 3716 5575">
    <p class='ocr_par' dir='ltr' id='par_1_120' title="bbox 2176 5505 3716 5575">
     <span class='ocr_line' id='line_1_120' title="bbox 2176 5505 3716 5575; baseline -0.006 -14"><span class='ocrx_word' id='word_1_801' title='bbox 2176 5510 2266 5561; x_wconf 73' lang='grc' dir='ltr'>τοῦ</span> <span class='ocrx_word' id='word_1_802' title='bbox 2293 5508 2556 5575; x_wconf 72' lang='grc' dir='ltr'>ἡμετέρου</span> <span class='ocrx_word' id='word_1_803' title='bbox 2588 5505 2890 5572; x_wconf 78' lang='grc' dir='ltr'>διορισμοῦ,</span> <span class='ocrx_word' id='word_1_804' title='bbox 2928 5508 3000 5572; x_wconf 83' lang='grc' dir='ltr'>μὴ</span> <span class='ocrx_word' id='word_1_805' title='bbox 3025 5506 3419 5572; x_wconf 82' lang='grc' dir='ltr'>προσδέχωνται</span> <span class='ocrx_word' id='word_1_806' title='bbox 3459 5506 3579 5563; x_wconf 77' lang='grc' dir='ltr'>τοὺς</span> <span class='ocrx_word' id='word_1_807' title='bbox 3601 5520 3716 5554; x_wconf 87' lang='grc' dir='ltr'>τοι-</span> 
     </span>
    </p>
   </div>
   <div class='ocr_carea' id='block_1_121' title="bbox 2179 5591 3716 5657">
    <p class='ocr_par' dir='ltr' id='par_1_121' title="bbox 2179 5591 3716 5657">
     <span class='ocr_line' id='line_1_121' title="bbox 2179 5591 3716 5657; baseline -0.007 -8"><span class='ocrx_word' id='word_1_808' title='bbox 2179 5601 2361 5656; x_wconf 77' lang='grc' dir='ltr'>ούτους</span> <span class='ocrx_word' id='word_1_809' title='bbox 2397 5600 2471 5655; x_wconf 79' lang='grc' dir='ltr'>εἰς</span> <span class='ocrx_word' id='word_1_810' title='bbox 2500 5595 2558 5644; x_wconf 76' lang='grc' dir='ltr'><strong>τὸ</strong></span> <span class='ocrx_word' id='word_1_811' title='bbox 2623 5595 2748 5645; x_wconf 64' lang='grc' dir='ltr'>τισὶν</span> <span class='ocrx_word' id='word_1_812' title='bbox 2780 5592 2908 5652; x_wconf 72' lang='grc' dir='ltr'>ὅλως</span> <span class='ocrx_word' id='word_1_813' title='bbox 2945 5595 3244 5654; x_wconf 61' lang='grc' dir='ltr'>συντηρεῖν.</span> <span class='ocrx_word' id='word_1_814' title='bbox 3298 5593 3359 5644; x_wconf 82' lang='grc' dir='ltr'>Ἠ</span> <span class='ocrx_word' id='word_1_815' title='bbox 3393 5592 3446 5642; x_wconf 76' lang='grc' dir='ltr'><strong>δὲ</strong></span> <span class='ocrx_word' id='word_1_816' title='bbox 3493 5591 3716 5657; x_wconf 76' lang='grc' dir='ltr'>δύναμις</span> 
     </span>
    </p>
   </div>
  </div>
