4018 6306
154 476 156 478 ν
236 385 314 448 93
1345 389 1427 449 IN
1468 389 1630 450 CAN.
1686 391 1815 448 xv1
1853 389 2058 452 conc.
2100 391 2469 449 eamme.
3384 375 3452 434 91

237 491 338 545 τοῦ
386 495 764 563 σημειώματος
823 496 915 549 τοῦ
971 496 1139 565 κυροῦ
1191 497 1407 566 Μιχαήλ
1443 499 1588 549 ἐστιν
1621 495 1796 562 αὖτηυ

1926 493 2209 548 ndictianis
2233 506 2456 563 quartae,
2488 503 2540 545 et
2570 493 2841 556 deinceps,
2870 487 3142 540 cetistitttit
3197 499 3262 534 ne
3289 482 3454 534 lecto-

243 587 403 652 Μηνὶ
451 586 762 654 Ἰανουαρίῳ
789 585 875 653 ιγ’,
910 587 1091 656 ἡμέρᾳ
1126 586 1188 649 δ’,
1237 587 1561 647 ίνδικτιῶνος
1613 584 1674 646 δ’,
1710 585 1802 636 καὶ

245 675 475 741 ἑφεξῆς,
526 676 863 728 διατάττεται
897 682 989 730 καὶ
1034 679 1158 739 τοὺς
1213 677 1565 743 ἀναγνώστας
1616 675 1806 743 ἐπίσης

240 766 366 825 τοῖς
394 765 652 825 διακόνοις
682 767 775 818 καὶ
811 768 921 827 τοῖς
971 768 1172 836 ἱερεῦσι
1211 767 1284 836 μὴ
1335 767 1685 835 ἀναδέχεσθαι
1717 785 1804 817 κο-

253 854 438 921 σμικὰ
460 853 682 919 ὸφφίκια
716 855 746 921 ἦ
770 860 1156 924 πρακτωρικὰς
1176 859 1452 924 ἐνεργείας
1476 859 1507 924 ἢ
1533 875 1806 925 κουρατω-

254 943 536 1011 ρείας,διὰ
565 945 655 996 τὸν
683 944 751 995 ια’
782 946 980 997 κανόνα
1006 945 1105 1013 τῆς
1136 948 1192 998 ἐν
1241 947 1805 998 Κωνσταντινουπόλει

248 1039 303 1082 a.’
331 1035 431 1084 καὶ
461 1032 503 1101 β’
521 1034 761 1087 συνόδου.
795 1035 928 1101 Περὶ
952 1034 1008 1086 δὲ
1037 1036 1346 1104 ἱερωμένων
1366 1036 1806 1102 συνηγορούντων

249 1123 464 1182 ἱκανῶς
489 1124 803 1192 ἐγράψαμεν
834 1126 910 1186 είς
940 1125 1002 1175 τὸ
1028 1122 1096 1191 ιγ’
1131 1142 1256 1191 κεερ.
1303 1125 1396 1176 τοῦ
1434 1123 1481 1193 η’
1507 1126 1685 1176 τίτλον
1712 1124 1804 1176 τοῦ

249 1212 527 1279 παρόντος
569 1216 946 1280 συντάγματος
973 1229 986 1244 ·
1035 1215 1130 1266 καὶ
1161 1214 1432 1280 ἀνάγνωθι
1480 1214 1670 1267 ταῦτα.
1700 1216 1809 1266 Καὶ

243 1302 322 1353 τὰ
356 1300 458 1366 μὲν
489 1301 593 1352 τῶν
615 1303 853 1354 κανόνων
888 1304 978 1355 καὶ
1019 1303 1126 1354 τῶν
1168 1303 1455 1355 συνοδικῶν
1486 1306 1810 1371 σημειωμά-

245 1407 371 1441 των
403 1393 458 1442 ὲν
477 1394 701 1453 τούτοις.
730 1393 960 1459 Λέγουσι
989 1394 1046 1445 δέ
1077 1411 1221 1455 τινες
1250 1394 1425 1462 χώραν
1452 1393 1624 1446 ταῦτα
1646 1394 1808 1461 ἔχειν,

243 1480 392 1532 ὅταν
419 1482 534 1548 δίχα
561 1482 908 1550 προστάξεως
934 1481 1219 1550 βασιλικῆς
1245 1485 1435 1552 ἐνεργῇ
1469 1501 1550 1544 τις
1581 1483 1811 1550 ίερωμέ-

245 1587 348 1630 νος
392 1570 632 1623 δουλείαν
679 1572 1051 1640 δημοσιακήνο
1094 1574 1142 1624 εἰ
1177 1573 1281 1641 γάρ
1333 1575 1452 1625 κατ’
1503 1573 1812 1640 οἰκονομίαν

251 1658 552 1728 βασιλικὴν
601 1664 852 1728 τοιαύτην
895 1663 1015 1715 τινὰ
1067 1663 1310 1716 δουλείαν
1363 1662 1677 1725 ἁναδέξεταί
1706 1680 1809 1725 τις,

247 1749 369 1801 ὑπὸ
396 1750 503 1801 τῶν
530 1749 798 1819 ῥηθέντων
847 1738 1084 1805 κανόνων
1127 1753 1188 1804 ού
1238 1751 1633 1820 κωλυθήσεται,
1683 1752 1812 1803 οὐδὲ

245 1838 612 1908 βλαὸήσεται.
644 1841 752 1894 Καὶ
788 1844 1167 1910 προστιθέασιν
1213 1844 1285 1904 ὡς
1327 1845 1354 1894 6
1387 1842 1634 1911 βασιλεὺς
1688 1840 1812 1894 οὗτε

245 1929 456 1996 νόμοις
499 1928 620 1981 οὔτε
673 1930 892 1982 κανόσιν
922 1932 1238 1984 ὑπόκειται·
1295 1931 1372 1983 διὸ
1402 1932 1496 1984 καὶ
1523 1931 1606 1982 ἐπ’
1632 1930 1816 1992 ἀδείας

247 2016 379 2086 ἔχει
421 2019 712 2088 ἐπισκοπὴν
741 2021 819 2080 είς
845 2021 1175 2088 μητρόπολιν
1223 2021 1407 2086 ἄγειν,
1465 2019 1560 2072 καὶ
1618 2017 1815 2082 ἀποξε-

248 2107 392 2160 νοῦν
426 2110 484 2160 ἐκ
535 2110 641 2160 τῶν
689 2111 900 2163 οἰκείων
962 2111 1364 2180 μητροπόλεων,
1415 2111 1673 2170 ὡσαύτως
1721 2109 1814 2160 καί⁹

248 2199 480 2264 ἐνορίας
503 2201 800 2269 ἀρχιερέων
837 2202 1084 2269 διαιρεῖν,
1106 2203 1200 2253 καὶ
1227 2202 1292 2254 ἐκ
1332 2201 1452 2253 νέου
1483 2200 1815 2259 ἐπισκόπους

245 2289 355 2340 καὶ
396 2284 793 2357 μητροπολίτας
847 2290 1126 2358 καθιστᾷν,
1184 2290 1279 2343 καὶ
1329 2286 1656 2358 διορίζεσθαι
1693 2288 1815 2338 ἐπι-

249 2377 490 2436 σκόποις
529 2379 830 2446 ἱερουργεῖν
885 2377 1367 2446 ἀποκριματίστως
1421 2378 1501 2438 είς
1534 2373 1816 2442 ἀλλοτρίας

245 2466 478 2534 ὲνορίας
536 2467 681 2531 παρὰ
737 2466 959 2534 γνώμην
1011 2468 1117 2520 τῶν
1173 2467 1452 2534 ἐγχωρίων
1481 2465 1812 2526 ἐπισκόπων,

251 2557 354 2608 καὶ
386 2555 522 2608 ἄλλα
547 2557 668 2608 τινὰ
702 2559 942 2624 ἐνεργεῖν
995 2557 1357 2627 ἀρχιερατικὰ
1386 2555 1591 2607 δίκαια.
1623 2553 1815 2618 Χρών-

245 2662 346 2708 ea;
377 2644 438 2696 δέ
486 2648 575 2697 καὶ
607 2646 683 2713 τῷ
709 2646 772 2714 ιβ’
815 2648 910 2699 καὶ
936 2647 1002 2711 ιζ’
1050 2647 1233 2699 κανόνι
1283 2646 1383 2713 τῆς
1411 2646 1468 2696 ἐν
1513 2644 1814 2712 Χαλκηδόνι

249 2734 508 2796 συνόδου,
549 2737 639 2787 καὶ
663 2735 742 2804 τῷ
769 2735 848 2806 λη’
882 2737 1061 2788 κανόνι
1091 2737 1188 2804 τῆς
1216 2737 1272 2788 ὲν
1305 2735 1380 2804 τῷ
1412 2733 1663 2804 Τρούλλῳ
1695 2751 1816 2786 συν-

245 2824 408 2886 όδου,
441 2826 503 2877 τὰ
531 2828 664 2879 αὐτὰ
694 2827 1242 2896 παρακελευομένοις.
1305 2828 1460 2894 Ἐμοὶ
1489 2827 1544 2879 δέ
1565 2826 1714 2877 δοκεῖ
1741 2826 1815 2888 ὡς

243 2914 370 2966 ἀπὸ
412 2915 500 2966 τοῦ
525 2915 565 2967 δ’
586 2918 806 2976 κανόνος
861 2918 953 2985 τῆς
1011 2919 1068 2968 ἐν
1124 2917 1427 2984 Χαλκηδόνι
1468 2916 1683 2968 συνόδου
1722 2917 1817 2967 καὶ

250 3003 504 3069 μάλιστα
530 3007 741 3073 ἐνεδόθη
791 3007 867 3074 τῷ
913 3007 1122 3076 βασιλεῖ
1178 3005 1489 3059 ἀνατιθέναι
1539 3007 1815 3073 κοσμικῶν

1915 597 1999 636 res
2029 599 2175 650 mque
2205 600 2266 636 ac
2301 583 2510 633 diaconi
2543 591 2595 633 et
2624 579 2933 631 sacerdotes
2968 573 3241 628 srerularia
3274 568 3449 621 oﬁlcia

1910 672 2319 738 suscipiant,vel
2354 681 2660 723 exactorum
2707 682 2951 724 munera,
2993 664 3073 716 vel
3123 661 3448 718 curationes,

1910 771 2127 828 propter
2171 761 2506 813 undecimum
2554 772 2812 812 eannuem
2875 757 3060 820 prima:
3107 762 3158 802 et
3211 747 3453 798 secunda:

1911 851 2370 917 Constantinopol.
2402 849 2609 918 synodi.
2646 849 2715 899 De
2743 843 2968 897 sacratis
2994 850 3167 891 autem
3217 837 3449 890 homini-

1912 943 2009 995 bus
2043 956 2230 993 eau-‘as
2275 941 2552 1004 agentibus
2590 938 2718 990 satis
2756 933 3064 1000 scripsimus
3110 929 3159 978 in
3210 941 3324 990 cup.
3363 925 3446 986 l5,

1915 1033 1993 1086 tit.
2045 1032 2078 1084 8
2110 1031 2388 1096 praesentis
2435 1029 2611 1096 operis
2669 1035 2766 1080 εει
2811 1024 2925 1090 lege
2973 1035 3055 1073 ea.
3093 1019 3168 1069 Ac
3222 1028 3454 1067 canones

1913 1123 2124 1189 quidem
2161 1131 2213 1173 et
2246 1119 2514 1190 synodalia
2552 1118 2725 1170 edicta
2763 1115 2811 1164 in
2862 1113 2944 1164 his
3001 1110 3322 1162 consistunt.
3367 1101 3453 1154 Di-

1913 1221 2241 1263 enntautem
2292 1211 2528 1277 quidam,
2592 1210 2702 1260 hanc
2758 1205 2929 1256 locum
2989 1200 3208 1259 habere,
3246 1195 3456 1262 quando

1914 1304 2030 1356 sine
2055 1302 2204 1368 jussu
2242 1301 2576 1367 imperatoris
2603 1304 2840 1347 sacratus
2883 1290 3144 1358 quispiam
3200 1285 3454 1339 Saecularc

1916 1391 2262 1445 ministerium
2297 1388 2595 1441 exercuerit
2625 1404 2636 1437 :
2671 1386 2715 1438 si
2749 1384 2888 1436 enim
2940 1395 3003 1432 ex
3060 1375 3455 1442 dispensatione

1916 1481 2250 1550 imperatoris
2281 1481 2399 1547 quis
2433 1480 2534 1531 hoc
2561 1472 2910 1528 ministerium
2949 1465 3269 1531 susceperit,
3311 1478 3337 1515 a
3374 1463 3455 1512 tli-

1915 1572 2016 1625 Clis
2052 1569 2344 1624 canonibus
2403 1581 2503 1620 non
2559 1560 2947 1630 prohibebitur,
2979 1570 3074 1607 nec
3121 1554 3360 1606 lmdetnr.
3393 1550 3458 1601 Et

1915 1661 2187 1728 adjiciunt,
2216 1657 2355 1725 quod
2391 1656 2684 1722 imperator
2711 1665 2805 1703 nec
2848 1644 3143 1700 canonibus
3197 1657 3291 1692 nec
3329 1639 3458 1705 legi-

1916 1747 2013 1798 bus
2041 1745 2321 1813 subjicitur
2344 1759 2357 1796 :
2384 1752 2437 1796 et
2461 1743 2578 1795 ideo
2603 1750 2682 1791 est
2709 1739 2756 1789 in
2793 1737 2906 1802 ejus
2940 1741 3200 1800 potestate
3244 1728 3452 1796 episco-

1917 1846 2072 1908 patus
2105 1838 2154 1887 in
2193 1833 2509 1901 metropoles
2544 1831 2766 1898 erigere,
2797 1835 2850 1879 et
2874 1840 2902 1876 a
2931 1822 3038 1875 suis
3077 1819 3459 1883 metropolibus

1918 1929 2174 1987 alienare,
2200 1925 2445 1979 similiter
2483 1924 2640 1976 etiam
2690 1917 2989 1973 antistitum
3035 1913 3290 1967 terminos
3321 1907 3458 1960 divi-

1915 2020 2038 2072 dere
2069 2016 2228 2086 539
2257 2026 2308 2068 et
2336 2016 2400 2068 de
2443 2029 2578 2068 novo
2603 2011 2881 2080 episcopos
2937 2015 2991 2059 et
3020 2001 3459 2068 metropolitanos

1915 2110 2273 2170 constituere;
2306 2106 2566 2173 etjubere
2598 2101 2864 2168 episcopis
2895 2098 2947 2149 in
2981 2095 3168 2148 alienis
3198 2089 3458 2144 ὀίωουεί-

1915 2199 2013 2253 bus
2049 2199 2250 2265 absque
2276 2197 2382 2248 ullo
2410 2193 2716 2262 prtejudicio
2747 2187 3057 2244 sacriﬁcare
3109 2190 3301 2251 praeter
3338 2194 3462 2230 sen-

1918 2291 2133 2343 tentiam
2157 2290 2530 2356 episcoporum
2558 2285 2693 2336 illius
2724 2279 2982 2347 regionis,
3001 2285 3054 2328 et
3076 2275 3173 2326 alia
3196 2269 3459 2340 eiusmodi

1915 2379 2240 2446 episcopalia
2284 2376 2404 2443 jura
2452 2389 2724 2427 exercere.
2781 2369 3015 2423 Utuntur
3069 2373 3242 2417 autem
3303 2361 3461 2413 etiam

1917 2467 2226 2519 duodecimo
2258 2473 2310 2516 et
2343 2463 2549 2516 decimo
2570 2468 2722 2514 sexto
2743 2470 2944 2511 canone
2964 2451 3212 2507 Chalced.
3243 2464 3386 2517 syn.,
3412 2455 3464 2496 et

1917 2558 2188 2612 tricesimo
2213 2556 2439 2621 septimo
2468 2565 2671 2605 canone
2695 2548 2880 2619 synodi
2922 2548 2974 2600 in
3011 2543 3220 2604 Trullo,
3251 2540 3337 2606 qui
3373 2552 3464 2589 ea-

1916 2650 2033 2704 dem
2057 2649 2387 2716 przecipiunt.
2415 2644 2538 2697 Mihi
2572 2651 2745 2695 autem
2770 2639 2996 2698 videtur,
3030 2634 3168 2702 quod
3192 2648 3253 2684 ex
3273 2636 3463 2698 quarto

1917 2753 2120 2793 canone
2194 2733 2640 2791 Chalcedonensis
2736 2729 2920 2799 synodi
2990 2723 3300 2793 imperatori
3381 2719 3463 2772 vel

1922 2829 2153 2882 maxime
2181 2839 2491 2879 concessum
2528 2831 2610 2873 est
2651 2819 2981 2872 sarcularium
3022 2825 3296 2865 munerum
3347 2811 3464 2861 l'un-

1918 2919 2121 2968 ctiones
2154 2913 2379 2966 sacratis
2410 2919 2461 2962 et
2517 2907 2808 2968 monachis,
2842 2919 2906 2957 ex
2944 2903 3153 2954 ratione
3190 2900 3466 2960 diSpensa-

1921 3005 2079 3056 tionis
2109 3017 2226 3069 qute
2260 3001 2330 3054 illi
2371 3001 2574 3054 videtur
2627 2998 2879 3049 tribuere.
2911 2993 2964 3045 Si
2997 2992 3136 3044 enim
3165 2990 3261 3041 hoc
3294 2997 3466 3055 potest

243 3094 514 3147 δουὶειῶν
560 3099 840 3164 ἐνεργείας
890 3099 1205 3167 ίερωμένοις
1234 3097 1329 3149 καὶ
1369 3099 1636 3166 μοναχοῖς,
1680 3097 1813 3149 κατὰ

1921 3091 2149 3158 regionis
2181 3090 2478 3157 episcopus,
2505 3087 2669 3139 multo
2696 3086 2861 3152 magis
2890 3084 3202 3148 imperator,
3236 3078 3324 3145 qui
3360 3091 3462 3126 non

245 3184 430 3250 λόγον
488 3188 794 3256 οἰκονομίας
849 3189 1110 3256 δοκούσης
1165 3187 1331 3254 αὐτῷ.
1396 3187 1812 3254 Είγάρόκατὰ

246 3274 450 3342 χώραν
476 3277 760 3338 ἐπίσκοπος
783 3279 1005 3331 δύναται
1038 3277 1196 3330 τοῦτο
1219 3280 1412 3350 ποιεῖν,
1441 3275 1621 3341 πολλῴ
1651 3275 1811 3326 πλέον

247 3363 277 3412 6
310 3361 591 3428 βασιλεὺς,
643 3367 669 3415 6
716 3365 789 3433 μὴ
851 3364 1294 3431 ἀναγκαζόμενος
1338 3363 1652 3414 ἀκολουθεῖν
1703 3364 1814 3420 τοῖς

249 3449 481 3510 κανόσι,
515 3453 624 3512 τοῖς
648 3453 1037 3521 διοριζομένοις
1072 3454 1169 3514 τὰς
1191 3453 1405 3520 ψήφους
1461 3451 1566 3501 τῶν
1597 3451 1818 3501 ἐπισκό-

249 3558 385 3592 πων
412 3541 507 3592 ὑπὸ
553 3545 908 3610 ὲπαρχιωτῶν
950 3545 1261 3595 ἐπισκόπων
1307 3543 1572 3608 γίνεσθαι,
1615 3541 1710 3591 καὶ
1743 3540 1816 3606 μὴ

249 3631 419 3700 παρὰ
446 3633 712 3700 ἀρχόντων
735 3650 748 3663 ·
777 3634 1065 3686 κάντεῦθεν
1096 3633 1187 3684 καὶ
1206 3632 1388 3701 ψήφου
1419 3631 1491 3700 μὴ
1514 3630 1813 3698 γενομένης

1921 3183 2130 3249 cogitur
2167 3181 2319 3248 sequi
2377 3191 2626 3240 canones,
2687 3177 3057 3232 decernentes,
3095 3170 3464 3236 episcoporum

1919 3272 2206 3325 electiones
2240 3285 2266 3320 a
2308 3266 2719 3330 provincialibus
2745 3262 3006 3330 episcopis
3040 3261 3173 3321 ﬁeri,
3223 3272 3322 3308 non
3371 3269 3465 3304 au-

1921 3367 2026 3409 tem
2059 3374 2085 3406 a
2113 3355 2509 3424 magistratibus
2537 3368 2549 3403 :
2573 3361 2622 3405 et
2645 3351 2734 3418 qui
2769 3350 2980 3413 exinde,
3012 3345 3150 3398 nulla
3192 3344 3325 3394 facta
3355 3341 3466 3392 ele-

1921 3447 2117 3507 ctione,
2153 3444 2486 3511 patriarchas
2512 3451 2565 3495 et
2618 3431 2893 3510 episcopos
2946 3435 3210 3505 provehit.
3244 3433 3307 3485 Et
3351 3431 3469 3496 lege

1922 3551 2036 3603 quae
2059 3536 2109 3586 in
2130 3536 2314 3587 eodem
2346 3542 2534 3601 quarto
2559 3545 2765 3586 canone
2809 3525 3259 3582 Chalcedonensis
3280 3518 3466 3589 synodi

1921 3625 2116 3691 scripta
2156 3634 2279 3678 sunt

247 3727 604 3793 πατριάρχας
666 3726 760 3778 καὶ
816 3728 1146 3790 ἐπισκόπους
1191 3726 1643 3798 προϐαλλόμενος.
1696 3725 1806 3776 Καὶ
1847 3720 2154 3786 ἀνάγνωσον
2197 3719 2266 3771 τὰ
2305 3719 2362 3769 ἐν
2399 3715 2546 3785 αὐτῷ
2571 3717 2611 3769 δ’
2643 3714 2826 3768 κανόνι
2894 3711 2992 3777 τῆς
3032 3711 3090 3760 ὲν
3165 3708 3467 3777 Χαλκηδόνι

249 3812 483 3869 συνόδου
506 3816 804 3883 γραφέντα.

324 3909 571 3963 ΖΩΝᾹΡ.
597 3911 733 3978 Περὶ
755 3908 846 3961 τοῦ
880 3909 952 3980 μὴ
974 3911 1217 3978 γίνεσθαί
1262 3929 1414 3971 τινας
1437 3911 1544 3963 τῶν
1577 3910 1818 3978 ἱερωμέ-

251 4017 371 4051 νων
427 3999 713 4068 ἀλλοτρίων
771 4003 1067 4069 κτημάτων
1099 4001 1466 4072 ἐκλὴπτορας,
1502 4003 1670 4071 ἤγουν
1726 4017 1816 4067 μι-

252 4088 500 4152 σθωτὰς,
537 4089 668 4158 μηδὲ
695 4095 1185 4160 προκουράτωρας,
1224 4092 1474 4144 τουτέστι
1509 4089 1810 4157 διοικητὰς,

250 4180 609 4248 φροντιστὰς,
636 4179 972 4248 πλατύτερον
1015 4181 1256 4249 περιέχει
1287 4181 1467 4249 τρίτος
1500 4178 1681 4232 κανὼν
1717 4179 1816 4244 τῆς

250 4270 294 4321 δ’
324 4269 567 4324 συνόδου.
623 4270 731 4322 Καὶ
758 4271 785 4322 6
812 4277 901 4323 πα¹
936 4271 990 4321 δὲ
1020 4269 1196 4322 κανὼν
1227 4270 1334 4322 τῶν
1359 4269 1532 4336 ἁγίων
1586 4269 1816 4320 ἀποστό-

253 4360 375 4412 λων
402 4360 490 4412 τὸν
514 4363 535 4412 ἐ
545 4360 847 4428 μϐάλλοντα
881 4362 1068 4414 ἑαυτὸν
1099 4363 1176 4424 είς
1203 4361 1464 4429 δημοσίας
1517 4359 1813 4426 διοικήσεις

1992 3897 2240 3954 ZONAR.
2272 3895 2386 3949 Non
2446 3896 2608 3949 licere
2651 3892 2902 3961 cuiquam
2955 3905 3021 3945 ex
3070 3904 3222 3942 sacro
3276 3889 3463 3941 ordine

1919 3991 2110 4044 aliena:
2142 3985 2506 4057 possessionis
2539 3981 2944 4043 conductorem,
2970 3978 3362 4032 mercenarium
3388 3979 3468 4029 vi-

1917 4081 2134 4141 delicet,
2169 4090 2341 4144 neque
2373 4083 2782 4142 procuratorem
2833 4069 2945 4123 sive
2995 4068 3333 4135 publicanum
3389 4065 3472 4117 vel

1919 4168 2414 4223 administratorem
2453 4165 2588 4227 ﬁeri,
2625 4162 2780 4215 tertio
2811 4169 3014 4230 quarta:
3043 4158 3231 4227 synodi
3267 4173 3471 4212 canone

1915 4260 2090 4315 fusius
2120 4257 2443 4326 explicatum
2485 4261 2585 4307 est.
2621 4253 2719 4318 Qui
2750 4266 2875 4305 vero
2917 4265 2973 4304 se
3019 4249 3248 4318 publica:
3298 4250 3473 4301 admi-

1921 4349 2223 4403 nistrationi
2262 4345 2632 4403 immiscuerit,
2661 4357 2780 4394 eum
2806 4341 3007 4408 primus
3036 4349 3088 4392 et
3112 4341 3472 4406 octogesimus

253 4427 648 4519 καθαιρεῖσθαι
679 4452 1029 4519 προστάττειν
1054 4451 1184 4521 μηδὲ
1212 4427 1438 4512 ἔκ-τινος
1464 4449 1688 4518 αίσχροῦ
1715 4450 1807 4501 καὶ

1922 4450 2228 4493 sanctorum
2261 4434 2623 4502 apostolorum
2656 4447 2826 4484 canon
2864 4431 3056 4496 deponi
3101 4427 3255 4495 jubet
3287 4445 3300 4481 :
3350 4444 3471 4480 eos-

257 4541 466 4607 ἁτίμου
498 4541 818 4609 πράγματος
851 4541 1052 4610 τροφὴν
1082 4539 1399 4608 πορίζεσθαι
1444 4537 1814 4606 παρακελεύε-

256 4647 354 4683 ται
384 4629 413 4678 6
441 4629 636 4684 κανών.
673 4631 905 4698 Αίσχρδν
950 4630 1047 4699 μὲν
1106 4625 1196 4682 οὖν
1256 4628 1322 4682 ἂν
1374 4629 1459 4697 εἴη
1495 4630 1729 4695 πρᾶγμα
1759 4627 1820 4680 τὸ

259 4720 678 4785 πορνοϐοσκεῖν,
705 4723 873 4789 ἤγουν
897 4721 956 4771 τὸ
1002 4719 1204 4787 πόρνας
1243 4718 1486 4786 τρέφειν,
1517 4715 1656 4769 ὥστε
1689 4733 1819 4783 κερ-

256 4808 472 4861 δαίνειν
506 4811 567 4861 ἐκ
608 4810 699 4862 τοῦ
733 4809 1081 4879 μισθώματος
1113 4809 1361 4872 ἐκείνων,
1395 4807 1489 4859 καὶ
1517 4807 1585 4858 τὰ
1617 4807 1780 4874 ὃμοια
1802 4821 1815 4835 ο

259 4900 468 4967 ἄτιμον
496 4900 542 4951 δ’
572 4902 689 4952 ἐστὶ
735 4901 792 4952 τὸ
848 4899 1208 4969 προΐστασθαι
1245 4897 1564 4966 καπηλείου,
1625 4897 1719 4949 καὶ
1753 4894 1820 4948 τά

260 4989 648 5058 παραπλήσια.
696 4990 788 5042 Ἐκ
816 4990 1072 5042 τοιούτων
1120 4989 1214 5043 οὖν
1258 4990 1462 5059 τροφὴν
1497 4988 1820 5058 πορίζεσθαι

257 5081 289 5130 6
318 5078 504 5131 κανὼν
526 5078 859 5149 ἀπαγορεύει
889 5082 998 5141 τοῖς
1029 5079 1380 5148 ἱερωμένοις·
1438 5079 1531 5131 καὶ
1564 5079 1665 5131 οὐκ
1693 5074 1813 5131 εἷπε

262 5169 482 5238 κέρδος,
513 5170 646 5222 ἀλλὰ
669 5168 896 5239 τρυφήν.
923 5169 1044 5222 Κᾶν
1072 5169 1177 5236 γάρ
1206 5171 1283 5230 εἰς
1305 5169 1460 5221 τοῦτο
1494 5169 1818 5238 περιιστῶσι

268 5258 486 5321 πενίας,
523 5259 662 5312 ὥστε
694 5259 828 5327 μηδὲ
859 5257 1065 5336 τροφῆς
1096 5258 1368 5326 εὐπορεῖν,
1403 5257 1514 5309 οὐδ’
1538 5257 1679 5310 οὕτω
1714 5258 1818 5328 χρὴ

268 5347 472 5408 αὐτοὺς
499 5347 562 5398 ἐκ
586 5348 906 5416 πράγματος
937 5343 1163 5414 αίσχροῦ
1189 5343 1220 5414 ἢ
1251 5344 1446 5411 ἀτίμου
1497 5345 1818 5413 πορίζεσθαι

263 5438 502 5507 τροφήν.
542 5436 844 5504 Ὀφείλουσι
871 5436 999 5505 γάρ,
1034 5435 1189 5505 φησὶ,
1243 5436 1303 5486 τὸ
1329 5435 1684 5486 ἀποστολικὸν
1733 5437 1822 5486 ὲν·-

260 5529 459 5596 νοῆσαι
489 5525 874 5596 παράγγελμα,
909 5526 966 5577 τὸ
1007 5525 1163 5592 λέγον
1186 5541 1199 5555 ⁸
1262 5523 1471 5588 Οὐδείς
1500 5524 1822 5591 στρατευό-

259 5636 450 5687 μενος
477 5617 841 5685 ἐμπλέκεται
870 5615 996 5680 ταῖς
1026 5615 1132 5669 τοῦ
1188 5616 1333 5679 ,βίου
1381 5616 1823 5684 amantum/am.

263 5713 371 5770 ira
408 5708 486 5772 τῷ
512 5707 1070 5778 στρατολογήσαντι
1096 5708 1304 5774 ἀρέσῃ.
1323 5708 1383 5760 Εἰ
1409 5706 1463 5759 δὲ
1499 5709 1605 5768 τοῖς
1631 5723 1824 5767 κοσμι-

1919 4530 2037 4582 dem
2073 4542 2139 4581 ex
2176 4526 2353 4595 aliquo
2392 4524 2530 4591 turpi
2567 4537 2630 4576 ac
2655 4521 2872 4576 sordido
2900 4518 3109 4584 negotio
3138 4517 3337 4570 victum
3368 4518 3467 4570 sibi

1918 4632 2109 4686 parare
2136 4616 2223 4669 hic
2269 4630 2436 4668 canon
2473 4622 2636 4666 vetat.
2690 4612 2766 4664 Ac
2811 4619 2962 4675 turpe
3013 4607 3227 4675 quidem
3285 4606 3469 4667 fuerit,

1918 4709 2145 4774 exempli
2178 4721 2360 4766 eausa.
2397 4706 2438 4758 si
2475 4706 2593 4773 quis
2622 4702 2885 4755 lenoniam
2913 4708 3184 4759 exerceat,
3215 4699 3313 4750 hoc
3351 4707 3429 4749 est
3453 4739 3468 4760 ,

1920 4799 2029 4852 alat
2064 4796 2395 4858 meretrices,
2421 4805 2479 4846 ut
2509 4809 2573 4846 ex
2604 4805 2787 4844 earum
2839 4788 3086 4841 mercede
3135 4787 3247 4850 ipse
3300 4787 3474 4838 lucre-

1923 4897 2030 4950 tur,
2085 4896 2246 4953 atque
2301 4885 2462 4954 hujus
2535 4882 2747 4952 generis
2809 4879 2933 4932 alia.
3001 4876 3283 4930 Sordidum
3346 4892 3474 4927 vero

1919 4980 2229 5046 cauponari,
2261 4988 2312 5030 et
2338 4976 2557 5030 similia.
2590 4971 2800 5025 Victum
2840 4970 2999 5037 igitur
3049 4969 3151 5022 sibi
3201 4968 3466 5035 ejusmodi

1922 5070 2125 5122 artibus
2157 5082 2402 5136 quaerere
2429 5066 2528 5119 hoc
2553 5076 2760 5117 (anOne
2788 5061 2960 5114 sacris
2994 5058 3188 5112 initiati
3220 5057 3469 5109 homines

1920 5155 2273 5226 prohibentur
2305 5172 2318 5208 :
2353 5167 2526 5218 neque
2558 5165 2680 5206 vero
2712 5151 2916 5203 lucrum
2942 5149 3095 5212 dixit,
3125 5147 3216 5199 sed
3243 5146 3468 5197 victum.

1924 5244 2178 5310 Quamvis
2215 5245 2356 5299 enim
2387 5258 2452 5296 eo
2485 5241 2674 5310 inopia:
2726 5239 3053 5306 redigantur,
3113 5244 3171 5287 ut
3220 5233 3471 5285 alimenta

1924 5351 2138 5406 quoque
2186 5336 2468 5400 deﬁciant;
2503 5347 2568 5387 ne
2608 5346 2732 5385 tunc
2775 5330 2988 5398 quidem
3045 5340 3139 5379 eos
3196 5325 3332 5390 turpi
3384 5330 3475 5375 aut

1930 5428 2148 5482 sordido
2177 5427 2393 5480 artiﬁcii
2451 5439 2645 5493 genere
2691 5423 2815 5476 vitae
2866 5417 3101 5474 subsidia
3157 5428 3470 5481 comparare

1926 5529 2157 5588 Oportet.
2191 5517 2298 5571 Eos
2324 5516 2490 5577 enim,
2516 5514 2710 5583 inquit,
2741 5513 2886 5564 illius
2916 5506 3189 5575 apostolici
3217 5503 3471 5573 prmeepti

1930 5624 2192 5664 memores
2243 5622 2360 5662 esse
2394 5608 2567 5671 decet,
2629 5602 2772 5673 quo“,
2832 5603 2905 5654 ait
2962 5598 3175 5651 :Nemo
3241 5595 3472 5646 mililam

1929 5703 2155 5769 implicat
2194 5714 2246 5752 se
2290 5698 2508 5766 negotiis
2556 5693 2919 5754 swrnlaribus,
2969 5700 3021 5743 ut
3069 5689 3117 5744 ei
3146 5686 3348 5756 placeat
3385 5682 3472 5744 qui
