4018 6306
654 362 720 422 95
1873 375 2134 435 THEOD.
2182 372 2570 432 BALSAMON
3737 362 3812 426 96

650 471 835 524 milites
863 469 1010 544 elegit
1037 478 1102 531 ³⁵.
1135 479 1278 543 Quod
1306 482 1347 532 si
1397 484 1460 533 dc
1502 485 1716 549 prolana
1762 484 1942 534 militia
1988 495 2166 532 verum

2281 480 2369 546 τὴν
2399 481 2842 549 στρατευομένοις
2879 477 3162 548 στρατείαν
3189 477 3342 530 τοῦτο
3373 477 3608 545 εἴρηται,
3631 472 3816 541 πολλῷ

647 569 762 620 est,
798 574 941 615 certe
973 566 1022 616 in
1061 583 1172 627 eos,
1219 570 1308 636 qui
1333 571 1523 623 divina:
1557 572 1758 624 militia:
1812 573 1861 622 in
1894 585 2047 623 sacro
2078 584 2167 620 or-

644 644 767 698 dine
801 651 1084 714 mancipati
1133 664 1274 717 sunt,
1332 658 1484 724 longe
1532 660 1984 710 accommodatius
2038 672 2167 723 qun-

644 732 839 788 drabit.
869 736 943 789 De
975 739 1258 794 lectoribus
1309 759 1431 797 vero
1466 749 1603 813 quod
1649 748 1906 813 sequitur,
1964 757 2021 797 ut
2065 763 2163 812 pu-

644 823 866 878 bertatis
923 837 1194 895 tempore,
1247 845 1436 899 qttarto
1497 837 1702 889 decimo
1765 839 1969 890 scilicet
2028 852 2166 889 anno

639 915 868 977 expleto,
903 918 978 968 vel
1007 922 1528 992 matrimoniojnngi,
1561 927 1637 978 vel
1662 927 1960 980 cmlibatnm
2004 928 2168 994 proli-

644 1002 740 1052 teri
768 1015 1026 1070 cogantur
1061 1024 1072 1058 :
1107 1024 1171 1059 an
1209 1025 1266 1063 ea
1297 1012 1346 1064 in
1383 1013 1631 1067 Africana
1667 1017 1900 1070 Ecclesia
1941 1031 2165 1068 consue-

637 1092 764 1142 tndo
798 1092 1077 1147 inoleveril
1111 1099 1246 1150 baud
1298 1099 1452 1154 facile
1483 1103 1731 1157 dixerim.
1778 1105 1835 1157 ln
1879 1106 1995 1158 aliis
2025 1116 2168 1157 certe

637 1174 890 1230 Eeclesiis
919 1182 1055 1232 haud
1081 1184 1247 1249 viget;
1285 1186 1388 1239 imo
1415 1204 1510 1242 nec
1540 1190 1646 1243 ullo
1670 1207 1898 1259 unquam
1933 1201 2167 1258 tempore

636 1263 868 1328 viguisse
897 1282 998 1334 ego
1045 1272 1256 1336 quidem
1303 1277 1923 1343 existimo;adversatur
1974 1284 2168 1349 quippe

635 1363 936 1406 sanctorum
1003 1360 1361 1423 apostolorum
1411 1365 1664 1419 vicesimo
1718 1379 1868 1420 sexto
1934 1370 2162 1430 canoui,

635 1441 724 1507 qui
751 1444 1040 1499 lectoribus
1084 1460 1136 1500 et
1171 1454 1497 1518 cantoribus,
1550 1467 1827 1523 postquam
1876 1458 1928 1509 in
1963 1457 2163 1509 clerum

633 1533 847 1600 ascripti
901 1535 1135 1602 fuerint,
1197 1556 1387 1597 uxores
1457 1545 1725 1598 ducendas
1775 1559 1894 1598 esse
1940 1545 2164 1607 statuit,

632 1634 805 1688 neque
836 1634 1036 1677 certum
1065 1627 1275 1696 aliquod
1299 1641 1503 1698 tempus
1528 1634 1828 1700 nuptiarum
1852 1632 2162 1700 praescribit,

632 1720 723 1762 ant
755 1712 934 1780 aliqua
965 1731 1056 1768 eos
1098 1721 1814 1790 continentiaprofessione
1855 1724 2166 1793 obligandos

2273 569 2468 634 μᾶλλον
2495 571 2720 637 ἁρμόσει
2750 571 2857 630 τοῖς
2887 569 2962 636 τῷ
2986 568 3103 635 Θεῷ
3129 567 3576 635 στρατευομένοις
3596 563 3684 615 διά
3708 565 3813 628 τῆς

2274 658 2589 726 ἱερωσύνης.
2624 661 2695 710 Τὸ
2747 660 2802 710 δὲ
2837 660 2960 720 τοὺς
2995 657 3343 721 ἀναγνώστας
3393 656 3450 706 ἐν
3503 653 3578 720 τῷ
3627 652 3809 718 καιρῷ

2268 747 2362 811 τῆς
2395 747 2550 815 ἧόης,
2573 750 2734 815 ἧγουν
2755 749 2889 812 μετά
2911 749 2999 798 τὸν
3031 749 3091 798 ιδ’
3124 745 3370 797 ἐνιαυτὸν
3401 741 3809 808 ἀναγκάζεσθαι

2269 835 2299 900 ἦ
2347 837 2504 903 γάμῳ
2533 837 2809 902 ὁμιλῆσαι,
2845 838 2875 904 ἦ
2908 837 3145 901 ἀγαμίαν
3181 834 3523 901 ὑποσχέσθαι,
3561 834 3657 883 οὑκ
3687 828 3809 883 οἶδα

2268 924 2314 972 εί
2345 926 2488 988 παρὰ
2521 929 2628 984 τοῖς
2679 926 2735 974 ἐν
2765 925 2996 990 Ἀφρικῇ
3055 923 3345 988 ἐκράτησε.
3393 919 3546 984 Παρὰ
3578 919 3631 970 δὲ
3680 921 3805 976 ταῖς

2268 1009 2448 1068 ἄλλαις
2491 1011 2828 1078 Ἐκκλησίαις
2882 1011 2938 1060 οὐ
2974 1013 3199 1072 κρατεί’
3260 1003 3409 1073 οἶμαι
3463 1007 3518 1056 δὲ
3574 1007 3650 1056 ὅτι
3683 1003 3807 1054 οὐδὲ

2269 1099 2483 1150 πώποτε
2534 1101 2852 1168 ἐκράτησεν,
2906 1097 3317 1160 ἐναντιούμενον
3347 1094 3424 1160 τῷ
3454 1093 3543 1155 κς⁹
3573 1095 3808 1143 ἀποστοο

2267 1186 2400 1253 λικῷ
2429 1187 2631 1247 κανόνι,
2663 1188 2893 1256 ὁρίζοντι
2921 1185 3267 1251 ἀναγνώστας
3299 1184 3392 1235 καὶ
3417 1183 3638 1248 ψάλτας,
3665 1182 3809 1246 μετὰ

2266 1273 2327 1322 τὸ
2382 1275 2461 1333 εἰς
2513 1273 2703 1341 κλῆρον
2741 1273 3062 1340 προελθεῖν,
3101 1274 3312 1338 γαμεῖν,
3349 1270 3441 1322 καὶ
3499 1270 3572 1336 μὴ
3603 1266 3804 1334 καιρὸν

2267 1363 2446 1422 αὐτοῖς
2477 1362 2568 1413 τοῦ
2614 1366 2790 1430 γάμου
2846 1363 3100 1432 ὁρίζοντι,
3138 1364 3274 1430 μήτε
3333 1359 3654 1426 ἐγκράτειαν
3704 1359 3807 1407 ἐπ-

2267 1453 2623 1518 αγγέλλεσθαι
2661 1455 2994 1505 ἀπαιτοῦντι.
3028 1454 3099 1503 To
3129 1453 3183 1503 δὲ
3212 1450 3473 1513 δανείζειν
3514 1450 3637 1508 τοὺς
3674 1447 3813 1512 κλη-

2270 1544 2448 1611 ρικοὺς
2501 1543 2592 1594 ἐπὶ
2649 1542 2823 1603 τόκοις
2875 1544 3085 1605 πολλοῖς
3145 1542 3512 1609 ἀπηγόρευται
3577 1537 3812 1589 κανόσι·

2266 1633 2358 1683 καὶ
2389 1625 2540 1694 οὗτος
2575 1632 2630 1684 δὲ
2659 1632 2718 1683 τὸ
2751 1633 2880 1684 αὐτὸ
2908 1631 3144 1683 κελεύει·
3200 1631 3290 1682 καί
3325 1646 3507 1698 φησιν,
3541 1626 3633 1680 ἐὰν
3675 1625 3820 1692 χρή-

2271 1738 2413 1787 ματα
2447 1722 2564 1789 ἦτοι
2600 1721 2907 1790 νομίσματα
2940 1720 3012 1787 δῷ
3040 1720 3297 1788 κληρικὸς
3326 1721 3382 1769 ἐν
3407 1718 3619 1786 χρήσει,
3644 1715 3818 1782 ἤγουν

630 1814 748 1856 esse
779 1807 1041 1859 decernit.
1085 1808 1156 1861 De
1184 1808 1364 1865 fenore
1401 1828 1561 1881 porro
1589 1829 1615 1865 a
1648 1815 1856 1868 clericis
1883 1830 1982 1868 non
2013 1830 2168 1866 exer-

2281 1785 2486 1878 5ανείση
2518 1812 2584 1861 τά
2613 1785 2714 1879 χρὴ
2728 1785 2889 1877 ματα,
2922 1785 3166 1862 τουτέστι
3195 1785 3426 1860 τοσαῦτα
3453 1807 3680 1873 λήψεται
3720 1804 3824 1854 καὶ

630 1893 799 1946 cendo
831 1896 981 1948 multi
1008 1912 1244 1952 canones
1263 1911 1474 1955 exstant
1504 1921 1517 1955 :
1563 1905 1808 1971 idemque
1835 1904 1932 1956 hoc
1957 1917 2169 1971 quoque

631 1995 839 2033 canone
869 1997 933 2035 ne
959 1983 1111 2037 liceat
1144 1989 1518 2053 constitutum;
1544 2005 1606 2042 ac
1636 1992 1680 2044 si
1711 1991 1944 2058 quidem,
1977 1991 2167 2058 inquit,

632 2071 909 2135 pecuniam
962 2085 1049 2125 aut
1104 2091 1350 2132 nummos
1399 2080 1622 2132 utendos
1667 2081 1894 2146 cuipiam
1943 2079 2167 2134 clericus

630 2159 977 2226 concesserit,
1025 2165 1122 2218 hoc
1151 2177 1250 2228 est,
1288 2178 1502 2220 mutuos
1525 2170 1753 2231 dederit,
1803 2171 2017 2223 totidem
2069 2171 2166 2222 sibi

632 2250 887 2312 vicissim,
920 2268 1014 2305 nec
1045 2254 1222 2318 plures
1258 2257 1362 2311 ullo
1412 2259 1590 2322 modo,
1641 2270 1791 2313 curet
1832 2260 2124 2313 reddendos
2156 2279 2169 2312 :

631 2338 675 2390 si
709 2353 835 2391 vero
867 2342 940 2393 rei
975 2343 1230 2408 Speciem,
1278 2345 1599 2400 frumentum
1641 2349 1832 2417 quippe
1856 2359 1948 2402 aut
1972 2350 2169 2411 vinum,

634 2436 726 2477 aut
757 2427 1017 2491 ejusmodi
1057 2434 1324 2499 quidpiam
1363 2436 1584 2499 dederit,
1621 2440 1972 2502 tantumdem,
2004 2455 2175 2506 quan-

635 2525 749 2568 tum
787 2518 950 2581 dedit,
990 2535 1087 2572 nec
1111 2523 1229 2588 plus
1255 2523 1453 2590 aliquid
1486 2526 1720 2578 vicissim
1752 2529 2001 2594 accipiat.
2040 2527 2170 2582 Illud

633 2623 864 2674 quoque,
921 2627 986 2663 ne
1054 2614 1283 2667 minores
1355 2617 1590 2684 quinque
1646 2626 1698 2668 et
1757 2618 1940 2683 viginti
2011 2617 2165 2670 annis

635 2694 844 2748 diaconi
880 2698 1164 2764 eligantur,
1203 2707 1506 2768 complures
1538 2705 1661 2756 item
1711 2718 1946 2757 canones
1986 2705 2170 2755 decre-

637 2800 782 2840 vere.
816 2788 1016 2842 Deinde
1044 2791 1356 2854 lectoribus,
1412 2810 1480 2847 ne
1521 2796 1731 2859 expleto
1776 2795 2076 2846 ministerio
2114 2808 2170 2846 se

636 2875 700 2925 ad
755 2879 1006 2944 populum
1062 2881 1324 2934 salutandi
1391 2886 1558 2951 gratia
1616 2893 1961 2948 convertant,
2007 2884 2173 2934 inter-

2274 1901 2332 1952 οὐ
2361 1900 2579 1952 πλείονα
2601 1917 2613 1930 ’
2655 1901 2748 1950 ἐὰν
2793 1901 2846 1951 δὲ
2875 1897 3014 1962 εἶδος
3041 1901 3138 1966 δῷ,
3170 1903 3314 1952 σῖτον
3341 1899 3500 1966 τυχὸν
3526 1897 3557 1966 ἢ
3586 1892 3749 1956 οἶνον,
3784 1897 3820 1962 ἢ

2273 1990 2457 2058 ἕτερόν
2488 2007 2540 2040 τι
2573 1990 2832 2051 τοιοῦτον,
2883 1992 3006 2042 ὅσον
3060 1990 3245 2054 ἔδωκε,
3301 1989 3552 2056 λήψεται,
3602 1987 3698 2040 καὶ¹
3757 1985 3824 2035 οὒ

2273 2079 2452 2130 πλέον.
2486 2081 2591 2130 Καὶ
2635 2080 2694 2130 τὸ
2729 2081 2832 2147 πρὸ
2867 2081 3312 2148 συμπληρώσεως
3341 2085 3416 2128 κε’
3446 2076 3706 2129 ἐνιαυτῶν
3739 2075 3822 2142 μὴ

2273 2167 2690 2236 χειροτονεῖσθαι
2723 2170 2987 2224 διάκονον,
3012 2170 3289 2234 διαφόροις
3318 2168 3534 2220 κανόσιν
3555 2166 3817 2234 ὦρισται.

2286 2259 2679 2325 Ἀπηγόρευται
2733 2259 2786 2310 δὲ
2817 2262 2925 2319 τοῖς
2976 2259 3349 2324 ἀναγνώσταις
3379 2260 3435 2308 ἐν
3467 2256 3542 2324 τῷ
3573 2254 3822 2322 πληροῦν

2275 2347 2369 2415 τὴν
2406 2347 2680 2401 διακονίαν
2721 2350 2897 2400 αὐτῶν
2934 2350 3258 2419 στρέφεσθαι
3296 2348 3430 2417 πρὸς
3478 2349 3568 2401 τὸν
3623 2349 3828 2416 δῆμον.

2274 2437 2368 2488 καὶ
2397 2442 2744 2503 προσκυνεῖν,
2794 2440 2992 2498 Μόνοις
3021 2440 3126 2507 γὰρ
3160 2444 3270 2499 τοῖς
3327 2439 3642 2506 ἀρχιερεῦσι
3699 2437 3830 2487 τότε

2277 2527 2367 2577 καὶ
2390 2529 2500 2588 τοῖς
2539 2527 2776 2596 ἱερεῦσιν
2805 2530 3072 2593 ὀφείλουσι
3100 2531 3441 2596 προσκυνεῖν,
3480 2531 3570 2579 καὶ
3593 2527 3712 2594 οὐχὶ
3746 2528 3834 2592 τῷ

2279 2617 2469 2684 πλήθει
2511 2619 2617 2668 τῶν
2649 2621 2705 2669 ἐν
2733 2623 2798 2686 τῇ
2844 2618 3137 2687 Ἐκκλησία
3198 2620 3709 2688 συναθροιζομένων.
3759 2621 3834 2669 Οἱ

2280 2707 2377 2773 μὲν
2402 2707 2509 2774 γάρ
2538 2708 2806 2775 ίέρωνται,
2835 2710 2883 2760 οἱ
2914 2711 2970 2760 δὲ
2994 2711 3086 2761 τοῦ
3119 2711 3286 2779 δήμου
3324 2711 3510 2779 πόρρω
3540 2712 3635 2778 τῆς
3666 2712 3834 2776 ίερω⁶

2284 2795 2447 2862 σύνης
2476 2797 2605 2859 είσὶ,
2643 2802 2734 2850 καὶ
2769 2800 2967 2866 μᾶλλον
2997 2800 3423 2868 τιμᾶσθαι-δέον,
3456 2798 3742 2852 καὶταῦτα
3768 2799 3835 2851 ἐν

2279 2885 2454 2954 καιρῷ
2479 2888 2576 2955 τῆς
2599 2886 2900 2955 ὑπουργίας
2927 2891 3123 2942 αὐτῶν.

637 2967 859 3020 dictum.
894 2971 1047 3025 Solos
1076 2990 1300 3042 namque
1327 2992 1390 3029 eo
1421 2988 1658 3045 tempore
1681 2981 1949 3031 antistites
1974 2983 2039 3040 et
2081 2975 2410 3042 sacerdotes,
2430 2995 2539 3034 non
2591 2998 2965 3054 congregatam
3029 2989 3078 3039 in
3137 2987 3357 3040 ecclesia
3411 2985 3833 3044 multitudinem.

637 3058 704 3108 ab
755 3058 820 3109 iis
873 3063 1092 3114 salutari
1137 3061 1216 3114 fas
1260 3073 1360 3116 est.
1413 3064 1513 3131 lpsi
1568 3067 1707 3118 enim
1759 3066 1954 3118 sacrati
2007 3072 2164 3122 sunt,
2207 3065 2488 3120 multitudo
2520 3085 2645 3124 vero
2677 3089 2704 3124 a
2738 3075 2911 3128 sacris
2964 3075 3241 3128 ordinibus
3319 3078 3475 3142 longo
3553 3077 3840 3131 intervallo

637 3146 898 3212 disjttncta
931 3167 943 3202 :
976 3159 1029 3202 ut
1060 3151 1279 3216 proinde
1307 3153 1370 3205 iis
1398 3155 1571 3220 potius
1607 3170 1633 3206 a
1681 3155 1870 3222 populo
1905 3155 2159 3206 bonoretn
2192 3149 2457 3217 exhiberi,
2495 3160 2788 3222 prresertim
2829 3162 2952 3214 dum
3013 3163 3064 3214 iu
3129 3162 3208 3215 sui
3274 3162 3552 3215 ministerii
3599 3161 3840 3216 functio-

639 3239 794 3291 nibus
827 3250 1120 3300 versantur.
1147 3253 1386 3308 oporteat

639 3328 862 3381 ARIST.
913 3348 930 3378 ι
964 3331 1276 3397 EpiscOpns,
1328 3333 1626 3400 presbyter,
1671 3346 1719 3385 et
1767 3335 2025 3388 diaconus
2080 3353 2174 3390 non

2288 3337 2508 3390 ΑΡΙΣΤ.
2550 3354 2568 3386 ι
2606 3334 2952 3396 Ἐπίσκοπος,
2996 3333 3381 3403 πρεσϐύτερος,
3442 3338 3532 3387 καὶ
3565 3336 3835 3397 διάκονος,

717 3435 733 3466 ι
774 3418 903 3468 liuut
939 3419 1309 3484 conductores,
1340 3439 1513 3488 neque
1565 3435 1959 3490 procuratores.
1991 3426 2183 3479 Lector

719 3528 736 3558 ι
779 3511 945 3573 pubes
992 3508 1164 3563 factus
1198 3513 1278 3563 vel
1335 3516 1734 3566 matrimonium
1788 3517 2072 3570 contrahat
2104 3519 2184 3570 vel

720 3617 736 3647 <
779 3600 1158 3654 continentiam
1191 3603 1522 3668 profiteatur.
1562 3623 1578 3654 ι

715 3688 1024 3753 Epist-opes,
1071 3700 1122 3741 et
1166 3691 1519 3759 presbyteros,
1572 3702 1623 3745 et
1671 3693 1925 3749 diaconos
1972 3696 2185 3751 fenera-

643 3787 806 3840 tores,
837 3777 997 3845 5&0
1023 3789 1112 3830 aut
1148 3781 1536 3845 possessionum
1566 3783 1861 3849 aliquarum
1894 3787 2186 3841 conducto-

649 3881 765 3926 res,
803 3872 882 3917 vel
919 3867 1076 3917 etiam
1115 3869 1422 3932 provisores
1451 3871 1584 3934 ﬁeri,
1634 3880 1686 3925 et
1731 3887 1970 3940 prtesens
2014 3890 2184 3930 canon

647 3955 891 4018 prohibet
921 3965 972 4006 et
1013 3957 1207 4008 diversi
1242 3959 1353 4010 alii.
1388 3959 1581 4013 Lector
1624 3970 1822 4024 autem,
1872 3966 1960 4031 qui
2011 3965 2186 4033 impu-

647 4041 826 4093 berem
858 4053 1066 4095 tetatem
1127 4047 1459 4112 transilierit,
1509 4061 1561 4102 et
1614 4052 1800 4118 viginti
1855 4052 1969 4105 fere
2018 4069 2188 4109 annos

651 4132 905 4198 attigerit,
939 4145 992 4185 ct
1029 4137 1432 4203 bypodiaconus
1468 4142 1578 4192 lieri
1615 4142 1756 4208 cupit
1802 4142 1946 4209 (nam
1999 4145 2186 4212 viginti

651 4222 804 4273 anuis
840 4223 1017 4286 junior
1044 4227 1444 4294 bypodiaconus
1479 4246 1581 4283 non
1633 4230 1934 4294 ordinatur,
1985 4243 2042 4285 ιιι
2092 4234 2189 4286 de-

649 4311 819 4363 cimus
841 4311 1057 4378 quintus
1081 4323 1239 4368 sexta:
1264 4317 1313 4368 in
1331 4317 1510 4370 Trnllo
1533 4320 1715 4386 synodi
1747 4335 1916 4373 canon
1950 4321 2183 4390 statuit),

653 4403 731 4453 vel
766 4419 981 4457 uxorem
1014 4417 1135 4459 ante
1161 4409 1550 4462 ordinationem
1602 4414 1798 4475 ducat,
1835 4413 1917 4463 vel
1952 4413 2186 4465 caelibem

650 4506 806 4557 agere
861 4494 1195 4559 profiteatur.
1263 4498 1396 4549 Nam
1467 4513 1580 4565 post
1638 4502 2029 4554 ordinationem
2094 4518 2190 4555 nec

651 4583 980 4648 presbytero,
1016 4599 1114 4636 nec
1150 4583 1396 4650 diacono,
1444 4603 1541 4640 nec
1581 4590 1950 4657 Itypodiacono
1999 4593 2187 4643 matri-

656 4671 883 4723 moniale
931 4672 1113 4739 jugnm
1173 4675 1223 4727 in
1273 4691 1331 4728 se
1385 4679 1655 4744 suscipere
1687 4679 1970 4733 licetzsed
2023 4683 2186 4736 lecto-

653 4759 798 4812 ribus
830 4761 959 4815 solis
994 4772 1047 4815 et
1096 4767 1554 4820 cantoribusillud
1601 4773 1940 4836 permittitur,
1999 4788 2188 4840 quem-

651 4848 933 4900 admodum
987 4861 1169 4906 sextus
1235 4866 1395 4908 sexue
1445 4857 1494 4908 in
1545 4855 1724 4911 Trullo
1775 4860 1961 4927 synodi
2019 4876 2186 4914 canon

651 4939 858 4989 Statuit.

1175 5121 1398 5175 CANON
1439 5123 1596 5184 XVII.

661 5224 676 5254 t
723 5206 943 5272 Placuit,
994 5219 1052 5264 ut
1097 5210 1410 5268 Mauritania
1463 5219 1818 5284 Sitipbensis,
1874 5231 1930 5273 ιιι
1983 5223 2192 5286 petivit,

759 5341 804 5371 ³⁵
835 5344 873 5394 ll
915 5342 1050 5397 Tim.
1098 5362 1156 5408 tt,
1213 5348 1263 5399 4.

2365 3447 2382 3477 ι
2419 3428 2748 3493 ἐκλήπτορες
2796 3425 2856 3474 οὐ
2912 3423 3175 3490 γίνονται,
3211 3425 3330 3476 οὐδὲ
3366 3426 3836 3494 προκουράτορες.

2362 3539 2379 3569 ι
2431 3518 2488 3566 'U
2522 3517 2717 3584 ἄνηϐος
2774 3513 3124 3582 ἀναγνώστης
3175 3514 3206 3580 ἦ
3266 3515 3439 3582 γάμον
3487 3517 3772 3583 αἱρείσθω,
3802 3519 3835 3587 ἢ

2361 3623 2379 3656 ι
2417 3606 2740 3670 ἐγκράτειαν
2772 3602 3116 3669 όμολογείτω.
3144 3619 3162 3652 ι

2357 3694 2429 3745 Τὸ
2459 3691 2893 3758 πακτωναρίους,
2924 3689 2958 3757 ἦ
3002 3689 3274 3756 μισθωτάς
3307 3692 3603 3760 κτημάτων
3645 3695 3836 3753 τινῶν,

2287 3785 2320 3854 ἢ
2351 3783 2446 3835 καὶ
2482 3779 2786 3850 προνοητάς
2814 3779 3055 3846 γίνεσθαι
3085 3781 3432 3844 ἐπισκόπους,
3468 3783 3562 3834 καὶ
3591 3784 3839 3850 πρεσὸυ-

2287 3875 2498 3942 τέρους,
2523 3873 2614 3923 καὶ
2639 3871 2944 3933 διακόνους,
2979 3869 3070 3921 καὶ
3097 3871 3124 3920 ό
3153 3871 3340 3938 παρὼν
3397 3872 3590 3923 κωλύει
3626 3873 3835 3936 κανὼν,

2289 3965 2383 4017 καὶ
2437 3963 2610 4030 ἕτεροι
2642 3961 2911 4028 διάφοροι.
2954 3959 3331 4028 ⁹Αναγνώστης
3379 3961 3434 4013 δὲ
3479 3963 3580 4031 τὴν
3635 3963 3842 4032 ἀνηϐυν

2289 4051 2638 4120 ὑπεραναϐἀς
2701 4049 2934 4116 ἡλικίαν,
2989 4049 3083 4100 καὶ
3137 4049 3300 4114 ἐγγύς
3352 4068 3452 4103 που
3498 4052 3601 4116 τῶν
3654 4053 3838 4105 είκοσι

2291 4145 2494 4212 χρόνων
2525 4139 2831 4206 γενόμενος,
2869 4138 2959 4190 καὶ
3011 4136 3290 4206 βουληθεὶς
3321 4140 3570 4206 γενέσθαι
3615 4142 3841 4195 ὑποδια-

2291 4248 2440 4291 κονος
2471 4228 2741 4295 (οὐδὲγὰρ
2772 4227 2947 4296 ἥττων
2988 4226 3095 4278 τῶν
3139 4228 3306 4278 εἰκοσι
3347 4229 3555 4296 χρόνων
3586 4247 3841 4298 χειροτο-

2292 4323 2460 4371 νεῖται
2484 4304 2854 4379 ὑποδιάκονος,
2887 4315 3064 4376 καθὼς
3087 4317 3114 4366 ὁ
3141 4318 3618 4380 πεντεκαιδέκατος
3650 4321 3836 4372 κανὼν

2292 4412 2390 4478 τῆς
2421 4411 2475 4460 ὲν
2509 4408 2585 4475 τῷ
2615 4405 2867 4474 Τρούλλῳ
2933 4405 3098 4472 ἕκτης
3135 4405 3350 4456 συνόδου
3395 4405 3772 4471 διαλαμϐάνει)
3806 4413 3838 4478 ἢ

2294 4503 2522 4568 γυναῖκα
2552 4500 2656 4566 πρὸ
2684 4500 2781 4564 τῆς
2821 4497 3155 4566 χειροτονίας
3185 4495 3528 4562 λαμϐανέτω,
3561 4498 3592 4566 ἢ
3631 4500 3840 4566 παρθε-

2294 4593 2468 4644 νεύειν
2494 4589 2844 4656 ὁμολογείτω.
2876 4587 3026 4639 Μετά
3062 4587 3169 4652 γὰρ
3199 4588 3295 4654 τὴν
3353 4593 3683 4655 χειροτονίαν
3709 4592 3838 4644 οὗτε

2295 4681 2684 4750 πρεσϐύτερος,
2717 4677 2838 4728 οὔτε
2875 4677 3140 4736 διάκονος,
3167 4674 3290 4727 οὔτε
3342 4676 3705 4741 ὑπώιάκονος,
3735 4697 3841 4746 γα-

2302 4775 2457 4839 μικὸν
2488 4771 2663 4838 ἐαυτῷ
2701 4769 2952 4836 συνιστᾷν
2989 4766 3322 4817 συνοικέσιον
3358 4765 3445 4816 ἐπ’
3471 4766 3653 4828 ἁδείας
3685 4767 3836 4836 ἔχει’

2298 4861 2431 4912 ἀλλά
2487 4858 2665 4923 μόνοις
2720 4857 2832 4916 τοῖς
2883 4852 3256 4918 ἀναγνώσταις
3281 4855 3373 4906 καὶ
3422 4853 3651 4920 ψάλταις
3681 4856 3843 4908 τοῦτο

2299 4951 2504 5014 ἐφεῖται
2527 4987 2540 5010 ,
2574 4944 2755 5004 καθὼς
2784 4946 2811 4995 ό
2843 4943 2994 5003 ἐκτος
3025 4942 3202 4994 κανὼν
3255 4945 3352 5010 τῆς
3382 4948 3439 4996 ἐν
3469 4946 3546 5011 τῷ
3587 4943 3842 5013 Τρούλλῳ

2299 5039 2462 5104 ἕκτης
2492 5033 2704 5086 συνόδου
2734 5031 3030 5099 παρίστησι

2891 5120 3122 5172 ΚΑΝΩΝ
3150 5119 3243 5172 ιΖ’.

2311 5235 2326 5266 ι
2373 5213 2726 5281 ’11ρεσεν,ἴνα
2769 5214 2801 5280 ἡ
2853 5210 3193 5278 Μαυριτανία
3237 5211 3549 5282 Σιτιφένσης
3588 5215 3696 5283 (16)
3723 5253 3735 5274 ,
3767 5215 3843 5275 ὡς

1815 5485 2006 5544 Guill.
2041 5484 2363 5560 Bevcregii
2409 5490 2588 5542 notua.

726 5579 835 5642 (16)
863 5579 993 5631 Ἵνα
1021 5582 1055 5643 ἡ
1099 5583 1456 5647 Μαυριτανία
1483 5581 1856 5648 Σιτιρένσης.
1901 5586 1994 5637 llic
2019 5601 2188 5638 canon

660 5652 718 5697 ut
761 5657 906 5700 recte
959 5649 1307 5716 intelligatur,
1344 5651 1516 5718 primo
1557 5655 1846 5704 tenendum
1907 5664 2007 5715 est,
2049 5654 2187 5707 Alri-

2300 5600 2416 5635 cam
2473 5585 2689 5652 proprie
2750 5585 2828 5638 sic
2860 5585 3078 5649 dictant,
3137 5590 3249 5640 sive
3309 5595 3537 5639 tractum
3596 5587 3757 5638 istum
3815 5600 3840 5634 a

2297 5656 2430 5707 l'reto
2475 5652 2741 5707 Gaditatto
2788 5656 2850 5706 ad
2901 5656 3258 5723 Cyrenaicam
3325 5658 3599 5722 regionem
3663 5670 3844 5721 porre-
