  <div class='ocr_page' id='page_1' title='image "/cluster/home/n/w/nwhite01/storage/ocr_20150623/138/pst.000005714544/073.png"; bbox 0 0 4018 6306; ppageno 0'>
   <div class='ocr_carea' id='block_1_1' title="bbox 608 321 2551 386">
    <p class='ocr_par' dir='ltr' id='par_1_1' title="bbox 608 321 2551 386">
     <span class='ocr_line' id='line_1_1' title="bbox 608 321 2551 386; baseline -0.002 0"><span class='ocrx_word' id='word_1_1' title='bbox 608 328 677 386; x_wconf 68' lang='lat'><strong>99</strong></span> <span class='ocrx_word' id='word_1_2' title='bbox 1847 323 2114 383; x_wconf 87' lang='lat' dir='ltr'><strong>TIIEOD.</strong></span> <span class='ocrx_word' id='word_1_3' title='bbox 2155 323 2243 381; x_wconf 82' lang='lat' dir='ltr'><strong>BA</strong></span> <span class='ocrx_word' id='word_1_4' title='bbox 2253 321 2551 383; x_wconf 66' lang='lat' dir='ltr'><strong>LSAMON</strong></span> 
     </span>
    </p>
   </div>
   <div class='ocr_carea' id='block_1_2' title="bbox 3711 326 3813 393">
    <p class='ocr_par' dir='ltr' id='par_1_2' title="bbox 3711 326 3813 393">
     <span class='ocr_line' id='line_1_2' title="bbox 3711 326 3813 393; baseline -0.029 0"><span class='ocrx_word' id='word_1_5' title='bbox 3711 326 3813 393; x_wconf 81' lang='lat'><strong>100</strong></span> 
     </span>
    </p>
   </div>
   <div class='ocr_carea' id='block_1_3' title="bbox 607 430 2155 504">
    <p class='ocr_par' dir='ltr' id='par_1_3' title="bbox 607 430 2155 502">
     <span class='ocr_line' id='line_1_3' title="bbox 607 430 2155 502; baseline -0.003 -15"><span class='ocrx_word' id='word_1_6' title='bbox 607 439 837 502; x_wconf 83' lang='lat' dir='ltr'><strong>plentes,</strong></span> <span class='ocrx_word' id='word_1_7' title='bbox 871 445 922 490; x_wconf 87' lang='lat' dir='ltr'><strong>et</strong></span> <span class='ocrx_word' id='word_1_8' title='bbox 956 437 1022 488; x_wconf 90' lang='lat' dir='ltr'><strong>ad</strong></span> <span class='ocrx_word' id='word_1_9' title='bbox 1051 450 1168 489; x_wconf 88' lang='lat' dir='ltr'><strong>eum</strong></span> <span class='ocrx_word' id='word_1_10' title='bbox 1206 448 1264 487; x_wconf 88' lang='lat' dir='ltr'><strong>se</strong></span> <span class='ocrx_word' id='word_1_11' title='bbox 1317 430 1537 486; x_wconf 83' lang='lat' dir='ltr'><strong>honoris</strong></span> <span class='ocrx_word' id='word_1_12' title='bbox 1587 447 1715 502; x_wconf 74' lang='lat' dir='ltr'><strong>ergo</strong></span> <span class='ocrx_word' id='word_1_13' title='bbox 1762 443 2155 493; x_wconf 74' lang='lat' dir='ltr'><strong>convertentes.</strong></span> 
     </span>
    </p>
   </div>
   <div class='ocr_carea' id='block_1_4' title="bbox 2263 430 3812 504">
    <p class='ocr_par' dir='ltr' id='par_1_4' title="bbox 2263 431 3812 504">
     <span class='ocr_line' id='line_1_4' title="bbox 2263 431 3812 504; baseline 0.001 -19"><span class='ocrx_word' id='word_1_14' title='bbox 2263 431 2532 496; x_wconf 82' lang='grc' dir='ltr'>ἐξουσίαν,</span> <span class='ocrx_word' id='word_1_15' title='bbox 2585 433 2653 485; x_wconf 83' lang='grc' dir='ltr'>τὰ</span> <span class='ocrx_word' id='word_1_16' title='bbox 2707 433 3108 501; x_wconf 70' lang='grc' dir='ltr'><strong>ἐπιτεταγμένα</strong></span> <span class='ocrx_word' id='word_1_17' title='bbox 3168 435 3524 504; x_wconf 80' lang='grc' dir='ltr'>πληροῦντες,</span> <span class='ocrx_word' id='word_1_18' title='bbox 3588 437 3676 488; x_wconf 65' lang='grc' dir='ltr'>καὶ</span> <span class='ocrx_word' id='word_1_19' title='bbox 3710 439 3812 502; x_wconf 85' lang='grc' dir='ltr'>τὴν</span> 
     </span>
    </p>
   </div>
   <div class='ocr_carea' id='block_1_5' title="bbox 610 521 2155 590">
    <p class='ocr_par' dir='ltr' id='par_1_5' title="bbox 610 521 2155 590">
     <span class='ocr_line' id='line_1_5' title="bbox 610 521 2155 590; baseline -0.002 -14"><span class='ocrx_word' id='word_1_20' title='bbox 610 524 722 577; x_wconf 80' lang='lat' dir='ltr'><strong>Non</strong></span> <span class='ocrx_word' id='word_1_21' title='bbox 755 526 859 578; x_wconf 90' lang='lat' dir='ltr'><strong>erit</strong></span> <span class='ocrx_word' id='word_1_22' title='bbox 889 525 988 578; x_wconf 87' lang='lat' dir='ltr'><strong>sub</strong></span> <span class='ocrx_word' id='word_1_23' title='bbox 1019 523 1311 577; x_wconf 71' lang='lat' dir='ltr'><strong>Numidica:</strong></span> <span class='ocrx_word' id='word_1_24' title='bbox 1343 521 1574 590; x_wconf 77' lang='lat' dir='ltr'><strong>regionis</strong></span> <span class='ocrx_word' id='word_1_25' title='bbox 1606 523 1832 590; x_wconf 89' lang='lat' dir='ltr'><strong>primate</strong></span> <span class='ocrx_word' id='word_1_26' title='bbox 1876 531 1928 575; x_wconf 91' lang='lat' dir='ltr'><strong>et</strong></span> <span class='ocrx_word' id='word_1_27' title='bbox 1960 522 2155 574; x_wconf 83' lang='lat' dir='ltr'><strong>Mauri-</strong></span> 
     </span>
    </p>
   </div>
   <div class='ocr_carea' id='block_1_6' title="bbox 607 611 2156 682">
    <p class='ocr_par' dir='ltr' id='par_1_6' title="bbox 607 611 2156 682">
     <span class='ocr_line' id='line_1_6' title="bbox 607 611 2156 682; baseline -0.002 -15"><span class='ocrx_word' id='word_1_28' title='bbox 607 615 750 667; x_wconf 86' lang='lat' dir='ltr'><strong>tania</strong></span> <span class='ocrx_word' id='word_1_29' title='bbox 788 614 1131 682; x_wconf 82' lang='lat' dir='ltr'><strong>Sitiphensis,</strong></span> <span class='ocrx_word' id='word_1_30' title='bbox 1167 614 1291 682; x_wconf 91' lang='lat' dir='ltr'><strong>quia</strong></span> <span class='ocrx_word' id='word_1_31' title='bbox 1326 613 1510 680; x_wconf 90' lang='lat' dir='ltr'><strong>procul</strong></span> <span class='ocrx_word' id='word_1_32' title='bbox 1559 615 1624 665; x_wconf 88' lang='lat' dir='ltr'><strong>ah</strong></span> <span class='ocrx_word' id='word_1_33' title='bbox 1655 628 1715 665; x_wconf 89' lang='lat' dir='ltr'><strong>ea</strong></span> <span class='ocrx_word' id='word_1_34' title='bbox 1759 613 1918 678; x_wconf 80' lang='lat' dir='ltr'><strong>jacet.</strong></span> <span class='ocrx_word' id='word_1_35' title='bbox 1961 611 2063 665; x_wconf 88' lang='lat' dir='ltr'><strong>Sed</strong></span> <span class='ocrx_word' id='word_1_36' title='bbox 2103 618 2156 664; x_wconf 87' lang='lat' dir='ltr'><strong>et</strong></span> 
     </span>
    </p>
   </div>
   <div class='ocr_carea' id='block_1_7' title="bbox 603 702 2152 773">
    <p class='ocr_par' dir='ltr' id='par_1_7' title="bbox 603 702 2152 773">
     <span class='ocr_line' id='line_1_7' title="bbox 603 702 2152 773; baseline -0.002 -16"><span class='ocrx_word' id='word_1_37' title='bbox 603 706 723 759; x_wconf 85' lang='lat' dir='ltr'><strong>huic</strong></span> <span class='ocrx_word' id='word_1_38' title='bbox 753 706 1037 773; x_wconf 67' lang='lat' dir='ltr'><strong>provinciae</strong></span> <span class='ocrx_word' id='word_1_39' title='bbox 1083 719 1237 759; x_wconf 86' lang='lat' dir='ltr'><strong>suum</strong></span> <span class='ocrx_word' id='word_1_40' title='bbox 1290 705 1572 771; x_wconf 75' lang='lat' dir='ltr'><strong>primatem</strong></span> <span class='ocrx_word' id='word_1_41' title='bbox 1622 702 1818 757; x_wconf 85' lang='lat' dir='ltr'><strong>habere</strong></span> <span class='ocrx_word' id='word_1_42' title='bbox 1865 703 2152 755; x_wconf 88' lang='lat' dir='ltr'><strong>antistitem</strong></span> 
     </span>
    </p>
   </div>
   <div class='ocr_carea' id='block_1_8' title="bbox 599 796 933 850">
    <p class='ocr_par' dir='ltr' id='par_1_8' title="bbox 599 796 933 850">
     <span class='ocr_line' id='line_1_8' title="bbox 599 796 933 850; baseline 0.003 -1"><span class='ocrx_word' id='word_1_43' title='bbox 599 796 933 850; x_wconf 92' lang='lat' dir='ltr'><strong>conceditur.</strong></span> 
     </span>
    </p>
   </div>
   <div class='ocr_carea' id='block_1_9' title="bbox 1155 969 1613 1026">
    <p class='ocr_par' dir='ltr' id='par_1_9' title="bbox 1155 969 1613 1026">
     <span class='ocr_line' id='line_1_9' title="bbox 1155 969 1613 1026; baseline -0.002 -2"><span class='ocrx_word' id='word_1_44' title='bbox 1155 970 1382 1026; x_wconf 71' lang='lat' dir='ltr'><strong>CANON</strong></span> <span class='ocrx_word' id='word_1_45' title='bbox 1424 969 1613 1023; x_wconf 77' lang='lat' dir='ltr'><strong>XVIII.</strong></span> 
     </span>
    </p>
   </div>
   <div class='ocr_carea' id='block_1_10' title="bbox 601 1044 2150 1130">
    <p class='ocr_par' dir='ltr' id='par_1_10' title="bbox 601 1044 2150 1130">
     <span class='ocr_line' id='line_1_10' title="bbox 601 1044 2150 1130; baseline -0.002 -15"><span class='ocrx_word' id='word_1_46' title='bbox 601 1079 617 1108; x_wconf 76' lang='grc' dir='ltr'><strong>ι</strong></span> <span class='ocrx_word' id='word_1_47' title='bbox 664 1063 717 1115; x_wconf 87' lang='lat' dir='ltr'><strong>Si</strong></span> <span class='ocrx_word' id='word_1_48' title='bbox 752 1066 874 1130; x_wconf 87' lang='lat' dir='ltr'><strong>quis</strong></span> <span class='ocrx_word' id='word_1_49' title='bbox 917 1044 1146 1116; x_wconf 62' lang='lat' dir='ltr'><strong>clericus</strong></span> <span class='ocrx_word' id='word_1_50' title='bbox 1194 1063 1494 1125; x_wconf 89' lang='lat' dir='ltr'><strong>ordinetur,</strong></span> <span class='ocrx_word' id='word_1_51' title='bbox 1539 1064 1698 1115; x_wconf 90' lang='lat' dir='ltr'><strong>debet</strong></span> <span class='ocrx_word' id='word_1_52' title='bbox 1744 1061 2044 1123; x_wconf 90' lang='lat' dir='ltr'><strong>admoneri,</strong></span> <span class='ocrx_word' id='word_1_53' title='bbox 2095 1068 2150 1112; x_wconf 85' lang='lat' dir='ltr'><strong>tit</strong></span> 
     </span>
    </p>
   </div>
   <div class='ocr_carea' id='block_1_11' title="bbox 674 1151 2149 1219">
    <p class='ocr_par' dir='ltr' id='par_1_11' title="bbox 674 1151 2149 1219">
     <span class='ocr_line' id='line_1_11' title="bbox 674 1151 2149 1219; baseline -0.001 -16"><span class='ocrx_word' id='word_1_54' title='bbox 674 1173 692 1203; x_wconf 81' lang='grc' dir='ltr'><strong>ε</strong></span> <span class='ocrx_word' id='word_1_55' title='bbox 731 1167 909 1206; x_wconf 76' lang='lat' dir='ltr'><strong>servet</strong></span> <span class='ocrx_word' id='word_1_56' title='bbox 942 1156 1190 1214; x_wconf 88' lang='lat' dir='ltr'><strong>decreta;</strong></span> <span class='ocrx_word' id='word_1_57' title='bbox 1233 1162 1284 1205; x_wconf 87' lang='lat' dir='ltr'><strong>et</strong></span> <span class='ocrx_word' id='word_1_58' title='bbox 1336 1161 1394 1204; x_wconf 89' lang='lat' dir='ltr'><strong>ut</strong></span> <span class='ocrx_word' id='word_1_59' title='bbox 1449 1163 1780 1204; x_wconf 90' lang='lat' dir='ltr'><strong>mortuorum</strong></span> <span class='ocrx_word' id='word_1_60' title='bbox 1835 1151 2149 1219; x_wconf 86' lang='lat' dir='ltr'><strong>corporibus</strong></span> 
     </span>
    </p>
   </div>
   <div class='ocr_carea' id='block_1_12' title="bbox 679 1241 2149 1310">
    <p class='ocr_par' dir='ltr' id='par_1_12' title="bbox 679 1241 2149 1310">
     <span class='ocr_line' id='line_1_12' title="bbox 679 1241 2149 1310; baseline 0 -16"><span class='ocrx_word' id='word_1_61' title='bbox 679 1263 696 1294; x_wconf 89' lang='grc' dir='ltr'>ι</span> <span class='ocrx_word' id='word_1_62' title='bbox 733 1246 1058 1298; x_wconf 87' lang='lat' dir='ltr'><strong>encharistia</strong></span> <span class='ocrx_word' id='word_1_63' title='bbox 1095 1260 1201 1296; x_wconf 91' lang='lat' dir='ltr'><strong>non</strong></span> <span class='ocrx_word' id='word_1_64' title='bbox 1263 1243 1440 1304; x_wconf 88' lang='lat' dir='ltr'><strong>detur,</strong></span> <span class='ocrx_word' id='word_1_65' title='bbox 1471 1257 1568 1295; x_wconf 87' lang='lat' dir='ltr'><strong>nec</strong></span> <span class='ocrx_word' id='word_1_66' title='bbox 1617 1241 1933 1310; x_wconf 89' lang='lat' dir='ltr'><strong>baptismns.</strong></span> <span class='ocrx_word' id='word_1_67' title='bbox 1984 1242 2049 1294; x_wconf 88' lang='lat' dir='ltr'><strong>Et</strong></span> <span class='ocrx_word' id='word_1_68' title='bbox 2093 1253 2149 1294; x_wconf 93' lang='lat' dir='ltr'><strong>ut</strong></span> 
     </span>
    </p>
   </div>
   <div class='ocr_carea' id='block_1_13' title="bbox 676 1331 2150 1401">
    <p class='ocr_par' dir='ltr' id='par_1_13' title="bbox 676 1331 2150 1401">
     <span class='ocr_line' id='line_1_13' title="bbox 676 1331 2150 1401; baseline 0.001 -18"><span class='ocrx_word' id='word_1_69' title='bbox 676 1352 692 1383; x_wconf 82' lang='grc' dir='ltr'>ι</span> <span class='ocrx_word' id='word_1_70' title='bbox 733 1335 960 1398; x_wconf 69' lang='lat' dir='ltr'><strong>singulis</strong></span> <span class='ocrx_word' id='word_1_71' title='bbox 984 1335 1141 1386; x_wconf 87' lang='lat' dir='ltr'><strong>annis</strong></span> <span class='ocrx_word' id='word_1_72' title='bbox 1175 1334 1224 1384; x_wconf 90' lang='lat' dir='ltr'><strong>in</strong></span> <span class='ocrx_word' id='word_1_73' title='bbox 1271 1332 1522 1386; x_wconf 87' lang='lat' dir='ltr'><strong>omnibus</strong></span> <span class='ocrx_word' id='word_1_74' title='bbox 1570 1331 1865 1399; x_wconf 81' lang='lat' dir='ltr'><strong>previnciis</strong></span> <span class='ocrx_word' id='word_1_75' title='bbox 1891 1332 1956 1383; x_wconf 89' lang='lat' dir='ltr'><strong>ad</strong></span> <span class='ocrx_word' id='word_1_76' title='bbox 1984 1346 2150 1401; x_wconf 88' lang='lat' dir='ltr'><strong>syno-</strong></span> 
     </span>
    </p>
   </div>
   <div class='ocr_carea' id='block_1_14' title="bbox 678 1421 1735 1490">
    <p class='ocr_par' dir='ltr' id='par_1_14' title="bbox 678 1421 1735 1490">
     <span class='ocr_line' id='line_1_14' title="bbox 678 1421 1735 1490; baseline -0.001 -18"><span class='ocrx_word' id='word_1_77' title='bbox 678 1441 694 1472; x_wconf 87' lang='grc' dir='ltr'>ι</span> <span class='ocrx_word' id='word_1_78' title='bbox 734 1424 860 1475; x_wconf 89' lang='lat' dir='ltr'><strong>dum</strong></span> <span class='ocrx_word' id='word_1_79' title='bbox 902 1423 1300 1490; x_wconf 82' lang='lat' dir='ltr'><strong>metropolitani</strong></span> <span class='ocrx_word' id='word_1_80' title='bbox 1329 1421 1678 1475; x_wconf 80' lang='lat' dir='ltr'><strong>conveniant.</strong></span> <span class='ocrx_word' id='word_1_81' title='bbox 1717 1438 1735 1470; x_wconf 76' lang='grc' dir='ltr'><strong>ι</strong></span> 
     </span>
    </p>
   </div>
   <div class='ocr_carea' id='block_1_15' title="bbox 665 1587 2152 1662">
    <p class='ocr_par' dir='ltr' id='par_1_15' title="bbox 665 1587 2152 1662">
     <span class='ocr_line' id='line_1_15' title="bbox 665 1587 2152 1662; baseline -0.001 -15"><span class='ocrx_word' id='word_1_82' title='bbox 665 1593 858 1647; x_wconf 81' lang='lat' dir='ltr'><strong>BALS.</strong></span> <span class='ocrx_word' id='word_1_83' title='bbox 892 1604 946 1647; x_wconf 88' lang='lat' dir='ltr'><strong>et</strong></span> <span class='ocrx_word' id='word_1_84' title='bbox 989 1590 1238 1648; x_wconf 80' lang='lat' dir='ltr'><strong>ZONAR.</strong></span> <span class='ocrx_word' id='word_1_85' title='bbox 1278 1587 1503 1658; x_wconf 83' lang='lat' dir='ltr'><strong>Quando</strong></span> <span class='ocrx_word' id='word_1_86' title='bbox 1553 1593 1830 1646; x_wconf 81' lang='lat' dir='ltr'><strong>ordinatur</strong></span> <span class='ocrx_word' id='word_1_87' title='bbox 1869 1595 2152 1662; x_wconf 87' lang='lat' dir='ltr'><strong>episcopus</strong></span> 
     </span>
    </p>
   </div>
   <div class='ocr_carea' id='block_1_16' title="bbox 599 1684 2151 1755">
    <p class='ocr_par' dir='ltr' id='par_1_16' title="bbox 599 1684 2151 1755">
     <span class='ocr_line' id='line_1_16' title="bbox 599 1684 2151 1755; baseline 0.001 -19"><span class='ocrx_word' id='word_1_88' title='bbox 599 1695 691 1737; x_wconf 84' lang='lat' dir='ltr'><strong>aut</strong></span> <span class='ocrx_word' id='word_1_89' title='bbox 731 1687 963 1739; x_wconf 78' lang='lat' dir='ltr'><strong>clericus</strong></span> <span class='ocrx_word' id='word_1_90' title='bbox 998 1687 1114 1753; x_wconf 89' lang='lat' dir='ltr'><strong>(per</strong></span> <span class='ocrx_word' id='word_1_91' title='bbox 1147 1687 1400 1738; x_wconf 86' lang='lat' dir='ltr'><strong>clericum</strong></span> <span class='ocrx_word' id='word_1_92' title='bbox 1430 1692 1606 1736; x_wconf 82' lang='lat' dir='ltr'><strong>autem</strong></span> <span class='ocrx_word' id='word_1_93' title='bbox 1643 1684 1731 1736; x_wconf 88' lang='lat' dir='ltr'><strong>bic</strong></span> <span class='ocrx_word' id='word_1_94' title='bbox 1781 1688 2062 1755; x_wconf 81' lang='lat' dir='ltr'><strong>presbyter</strong></span> <span class='ocrx_word' id='word_1_95' title='bbox 2100 1697 2151 1739; x_wconf 89' lang='lat' dir='ltr'><strong>et</strong></span> 
     </span>
    </p>
   </div>
   <div class='ocr_carea' id='block_1_17' title="bbox 2265 521 3814 592">
    <p class='ocr_par' dir='ltr' id='par_1_17' title="bbox 2265 521 3814 592">
     <span class='ocr_line' id='line_1_17' title="bbox 2265 521 3814 592; baseline 0.003 -18"><span class='ocrx_word' id='word_1_96' title='bbox 2265 525 2380 592; x_wconf 80' lang='grc' dir='ltr'>μετ’</span> <span class='ocrx_word' id='word_1_97' title='bbox 2414 521 2577 575; x_wconf 80' lang='grc' dir='ltr'>αὑτοῦ</span> <span class='ocrx_word' id='word_1_98' title='bbox 2607 522 2872 590; x_wconf 90' lang='grc' dir='ltr'>τιμῶντες</span> <span class='ocrx_word' id='word_1_99' title='bbox 2925 523 3290 592; x_wconf 78' lang='grc' dir='ltr'>ἀναστροφήν.</span> <span class='ocrx_word' id='word_1_100' title='bbox 3357 525 3470 577; x_wconf 84' lang='grc' dir='ltr'>Οὐκ</span> <span class='ocrx_word' id='word_1_101' title='bbox 3507 525 3657 578; x_wconf 81' lang='grc' dir='ltr'>ἐσται</span> <span class='ocrx_word' id='word_1_102' title='bbox 3704 526 3814 578; x_wconf 75' lang='grc' dir='ltr'><strong>ύπὺ</strong></span> 
     </span>
    </p>
   </div>
   <div class='ocr_carea' id='block_1_18' title="bbox 2259 613 3813 686">
    <p class='ocr_par' dir='ltr' id='par_1_18' title="bbox 2259 613 3813 686">
     <span class='ocr_line' id='line_1_18' title="bbox 2259 613 3813 686; baseline 0.001 -20"><span class='ocrx_word' id='word_1_103' title='bbox 2259 615 2349 666; x_wconf 80' lang='grc' dir='ltr'>τὸν</span> <span class='ocrx_word' id='word_1_104' title='bbox 2379 613 2734 683; x_wconf 79' lang='grc' dir='ltr'><strong>πρωτεύοντα</strong></span> <span class='ocrx_word' id='word_1_105' title='bbox 2764 613 2862 682; x_wconf 79' lang='grc' dir='ltr'>τῆς</span> <span class='ocrx_word' id='word_1_106' title='bbox 2898 615 3232 683; x_wconf 83' lang='grc' dir='ltr'>Νουμιδικῆς</span> <span class='ocrx_word' id='word_1_107' title='bbox 3261 615 3442 686; x_wconf 79' lang='grc' dir='ltr'>χώρας</span> <span class='ocrx_word' id='word_1_108' title='bbox 3469 617 3564 670; x_wconf 63' lang='grc' dir='ltr'><strong>κα)⁵</strong></span> <span class='ocrx_word' id='word_1_109' title='bbox 3596 618 3623 685; x_wconf 75' lang='grc' dir='ltr'>ἡ</span> <span class='ocrx_word' id='word_1_110' title='bbox 3653 619 3813 669; x_wconf 69' lang='lat' dir='ltr'><strong>Mati-</strong></span> 
     </span>
    </p>
   </div>
   <div class='ocr_carea' id='block_1_19' title="bbox 2263 704 3810 774">
    <p class='ocr_par' dir='ltr' id='par_1_19' title="bbox 2263 704 3810 774">
     <span class='ocr_line' id='line_1_19' title="bbox 2263 704 3810 774; baseline 0.001 -18"><span class='ocrx_word' id='word_1_111' title='bbox 2263 706 2480 774; x_wconf 87' lang='grc' dir='ltr'>ριτανία</span> <span class='ocrx_word' id='word_1_112' title='bbox 2515 704 2840 771; x_wconf 84' lang='grc' dir='ltr'>Σιτιφένσης</span> <span class='ocrx_word' id='word_1_113' title='bbox 2859 745 2872 767; x_wconf 94' lang='grc'><strong>,</strong></span> <span class='ocrx_word' id='word_1_114' title='bbox 2901 704 2989 756; x_wconf 82' lang='grc' dir='ltr'>διὰ</span> <span class='ocrx_word' id='word_1_115' title='bbox 3014 705 3071 756; x_wconf 82' lang='grc' dir='ltr'>τὸ</span> <span class='ocrx_word' id='word_1_116' title='bbox 3101 706 3288 773; x_wconf 78' lang='grc' dir='ltr'>πόρρω</span> <span class='ocrx_word' id='word_1_117' title='bbox 3319 705 3523 773; x_wconf 87' lang='grc' dir='ltr'>ταύτην</span> <span class='ocrx_word' id='word_1_118' title='bbox 3555 709 3768 758; x_wconf 68' lang='grc' dir='ltr'>κεῖσθαι</span> <span class='ocrx_word' id='word_1_119' title='bbox 3796 723 3810 736; x_wconf 74' lang='grc' dir='ltr'><strong>ο</strong></span> 
     </span>
    </p>
   </div>
   <div class='ocr_carea' id='block_1_20' title="bbox 2261 791 3807 864">
    <p class='ocr_par' dir='ltr' id='par_1_20' title="bbox 2261 791 3807 864">
     <span class='ocr_line' id='line_1_20' title="bbox 2261 791 3807 864; baseline 0.001 -19"><span class='ocrx_word' id='word_1_120' title='bbox 2261 792 2376 845; x_wconf 77' lang='grc' dir='ltr'>ἀλλ’</span> <span class='ocrx_word' id='word_1_121' title='bbox 2401 794 2663 862; x_wconf 80' lang='grc' dir='ltr'><strong>ἀρχιερέα</strong></span> <span class='ocrx_word' id='word_1_122' title='bbox 2691 791 2823 846; x_wconf 86' lang='grc' dir='ltr'>ῐδιον</span> <span class='ocrx_word' id='word_1_123' title='bbox 2845 793 3193 862; x_wconf 85' lang='grc' dir='ltr'>πρωτεύοντα</span> <span class='ocrx_word' id='word_1_124' title='bbox 3215 794 3311 846; x_wconf 77' lang='grc' dir='ltr'>καὶ</span> <span class='ocrx_word' id='word_1_125' title='bbox 3337 796 3370 864; x_wconf 77' lang='grc' dir='ltr'><strong>ἡ</strong></span> <span class='ocrx_word' id='word_1_126' title='bbox 3400 794 3636 862; x_wconf 70' lang='grc' dir='ltr'>ἐπαρχία</span> <span class='ocrx_word' id='word_1_127' title='bbox 3666 794 3807 856; x_wconf 76' lang='grc' dir='ltr'>αὕτη</span> 
     </span>
    </p>
   </div>
   <div class='ocr_carea' id='block_1_21' title="bbox 2260 884 2713 953">
    <p class='ocr_par' dir='ltr' id='par_1_21' title="bbox 2260 884 2713 953">
     <span class='ocr_line' id='line_1_21' title="bbox 2260 884 2713 953; baseline 0.002 -19"><span class='ocrx_word' id='word_1_128' title='bbox 2260 884 2402 952; x_wconf 80' lang='grc' dir='ltr'>ἔχειν</span> <span class='ocrx_word' id='word_1_129' title='bbox 2433 884 2713 953; x_wconf 74' lang='grc' dir='ltr'><strong>ἐπετράπη</strong></span> 
     </span>
    </p>
   </div>
   <div class='ocr_carea' id='block_1_22' title="bbox 2845 972 3197 1029">
    <p class='ocr_par' dir='ltr' id='par_1_22' title="bbox 2845 972 3197 1029">
     <span class='ocr_line' id='line_1_22' title="bbox 2845 972 3197 1029; baseline -0.009 0"><span class='ocrx_word' id='word_1_130' title='bbox 2845 974 3080 1029; x_wconf 73' lang='grc' dir='ltr'><strong>ΚᾹΝΩΝ</strong></span> <span class='ocrx_word' id='word_1_131' title='bbox 3113 972 3197 1027; x_wconf 85' lang='grc' dir='ltr'><strong>ΙΗ⁹</strong></span> 
     </span>
    </p>
   </div>
   <div class='ocr_carea' id='block_1_23' title="bbox 2267 1062 3819 1136">
    <p class='ocr_par' dir='ltr' id='par_1_23' title="bbox 2267 1062 3819 1136">
     <span class='ocr_line' id='line_1_23' title="bbox 2267 1062 3819 1136; baseline 0 -21"><span class='ocrx_word' id='word_1_132' title='bbox 2267 1081 2288 1115; x_wconf 83' lang='grc' dir='ltr'><strong>ε</strong></span> <span class='ocrx_word' id='word_1_133' title='bbox 2331 1064 2458 1120; x_wconf 85' lang='grc' dir='ltr'><strong>Ἐάν</strong></span> <span class='ocrx_word' id='word_1_134' title='bbox 2512 1082 2595 1127; x_wconf 86' lang='grc' dir='ltr'><strong>τις</strong></span> <span class='ocrx_word' id='word_1_135' title='bbox 2657 1065 2917 1136; x_wconf 81' lang='grc' dir='ltr'>κληρικδς</span> <span class='ocrx_word' id='word_1_136' title='bbox 2977 1063 3086 1132; x_wconf 78' lang='grc'><strong>(17)</strong></span> <span class='ocrx_word' id='word_1_137' title='bbox 3149 1062 3560 1132; x_wconf 76' lang='grc' dir='ltr'>χειροτονῆται,</span> <span class='ocrx_word' id='word_1_138' title='bbox 3609 1063 3819 1130; x_wconf 56' lang='lat' dir='ltr'><strong>agam</strong></span> 
     </span>
    </p>
   </div>
   <div class='ocr_carea' id='block_1_24' title="bbox 2334 1153 3820 1225">
    <p class='ocr_par' dir='ltr' id='par_1_24' title="bbox 2334 1153 3820 1225">
     <span class='ocr_line' id='line_1_24' title="bbox 2334 1153 3820 1225; baseline 0 -20"><span class='ocrx_word' id='word_1_139' title='bbox 2334 1173 2353 1205; x_wconf 80' lang='grc' dir='ltr'>ι</span> <span class='ocrx_word' id='word_1_140' title='bbox 2394 1154 2904 1225; x_wconf 82' lang='grc' dir='ltr'>προμιμνήσκεσθαι</span> <span class='ocrx_word' id='word_1_141' title='bbox 2933 1155 3056 1216; x_wconf 79' lang='grc' dir='ltr'>τοὺς</span> <span class='ocrx_word' id='word_1_142' title='bbox 3079 1156 3235 1221; x_wconf 82' lang='grc' dir='ltr'>ὅρους</span> <span class='ocrx_word' id='word_1_143' title='bbox 3275 1153 3560 1221; x_wconf 77' lang='grc' dir='ltr'><strong>φυλάττειν</strong></span> <span class='ocrx_word' id='word_1_144' title='bbox 3582 1170 3594 1182; x_wconf 88' lang='grc'><strong>·</strong></span> <span class='ocrx_word' id='word_1_145' title='bbox 3616 1156 3710 1206; x_wconf 73' lang='grc' dir='ltr'>καὶ</span> <span class='ocrx_word' id='word_1_146' title='bbox 3729 1155 3820 1206; x_wconf 78' lang='grc' dir='ltr'>ἵνα</span> 
     </span>
    </p>
   </div>
   <div class='ocr_carea' id='block_1_25' title="bbox 2335 1243 3822 1314">
    <p class='ocr_par' dir='ltr' id='par_1_25' title="bbox 2335 1243 3822 1314">
     <span class='ocr_line' id='line_1_25' title="bbox 2335 1243 3822 1314; baseline 0 -19"><span class='ocrx_word' id='word_1_147' title='bbox 2335 1263 2353 1295; x_wconf 80' lang='grc' dir='ltr'><strong>ι</strong></span> <span class='ocrx_word' id='word_1_148' title='bbox 2389 1250 2500 1309; x_wconf 85' lang='grc' dir='ltr'>τοῖς</span> <span class='ocrx_word' id='word_1_149' title='bbox 2553 1246 2767 1314; x_wconf 86' lang='grc' dir='ltr'>σώμασι</span> <span class='ocrx_word' id='word_1_150' title='bbox 2819 1245 2928 1298; x_wconf 89' lang='grc' dir='ltr'><strong>τῶν</strong></span> <span class='ocrx_word' id='word_1_151' title='bbox 2962 1243 3341 1297; x_wconf 80' lang='grc' dir='ltr'><strong>ἀποθανόντων</strong></span> <span class='ocrx_word' id='word_1_152' title='bbox 3395 1244 3708 1312; x_wconf 74' lang='grc' dir='ltr'>εὐχαριστία</span> <span class='ocrx_word' id='word_1_153' title='bbox 3741 1245 3822 1312; x_wconf 78' lang='grc' dir='ltr'>μὴ</span> 
     </span>
    </p>
   </div>
   <div class='ocr_carea' id='block_1_26' title="bbox 2335 1333 3820 1405">
    <p class='ocr_par' dir='ltr' id='par_1_26' title="bbox 2335 1333 3820 1405">
     <span class='ocr_line' id='line_1_26' title="bbox 2335 1333 3820 1405; baseline -0.001 -18"><span class='ocrx_word' id='word_1_154' title='bbox 2335 1354 2355 1387; x_wconf 80' lang='grc' dir='ltr'>ι</span> <span class='ocrx_word' id='word_1_155' title='bbox 2391 1336 2630 1399; x_wconf 82' lang='grc' dir='ltr'>δίδωται,</span> <span class='ocrx_word' id='word_1_156' title='bbox 2699 1335 2833 1405; x_wconf 67' lang='grc' dir='ltr'>μηδὲ</span> <span class='ocrx_word' id='word_1_157' title='bbox 2865 1335 3162 1403; x_wconf 82' lang='grc' dir='ltr'>βάπτισμα.</span> <span class='ocrx_word' id='word_1_158' title='bbox 3198 1336 3305 1387; x_wconf 74' lang='grc' dir='ltr'>Καὶ</span> <span class='ocrx_word' id='word_1_159' title='bbox 3329 1335 3414 1386; x_wconf 81' lang='grc' dir='ltr'>ἵνα</span> <span class='ocrx_word' id='word_1_160' title='bbox 3440 1333 3559 1386; x_wconf 83' lang='grc' dir='ltr'>καθ’</span> <span class='ocrx_word' id='word_1_161' title='bbox 3587 1333 3820 1386; x_wconf 73' lang='grc' dir='ltr'>ἕκαστον</span> 
     </span>
    </p>
   </div>
   <div class='ocr_carea' id='block_1_27' title="bbox 2337 1422 3823 1494">
    <p class='ocr_par' dir='ltr' id='par_1_27' title="bbox 2337 1422 3823 1494">
     <span class='ocr_line' id='line_1_27' title="bbox 2337 1422 3823 1494; baseline -0.001 -18"><span class='ocrx_word' id='word_1_162' title='bbox 2337 1445 2356 1476; x_wconf 82' lang='grc' dir='ltr'><strong>ι</strong></span> <span class='ocrx_word' id='word_1_163' title='bbox 2395 1427 2641 1480; x_wconf 77' lang='grc' dir='ltr'>ἐνιαυτὸν</span> <span class='ocrx_word' id='word_1_164' title='bbox 2669 1429 2749 1488; x_wconf 83' lang='grc' dir='ltr'><strong>είς</strong></span> <span class='ocrx_word' id='word_1_165' title='bbox 2774 1426 2954 1488; x_wconf 85' lang='grc' dir='ltr'>πάσας</span> <span class='ocrx_word' id='word_1_166' title='bbox 2979 1423 3077 1488; x_wconf 74' lang='grc' dir='ltr'><strong>τὰς</strong></span> <span class='ocrx_word' id='word_1_167' title='bbox 3124 1423 3392 1492; x_wconf 80' lang='grc' dir='ltr'>ἐπαρχίας</span> <span class='ocrx_word' id='word_1_168' title='bbox 3429 1423 3566 1494; x_wconf 79' lang='grc' dir='ltr'>πρὸς</span> <span class='ocrx_word' id='word_1_169' title='bbox 3599 1422 3823 1476; x_wconf 84' lang='grc' dir='ltr'><strong>σύνοδον</strong></span> 
     </span>
    </p>
   </div>
   <div class='ocr_carea' id='block_1_28' title="bbox 2337 1516 3344 1588">
    <p class='ocr_par' dir='ltr' id='par_1_28' title="bbox 2337 1516 3344 1588">
     <span class='ocr_line' id='line_1_28' title="bbox 2337 1516 3344 1588; baseline -0.002 -20"><span class='ocrx_word' id='word_1_170' title='bbox 2337 1536 2354 1568; x_wconf 88' lang='grc' dir='ltr'>ι</span> <span class='ocrx_word' id='word_1_171' title='bbox 2390 1519 2438 1569; x_wconf 87' lang='grc' dir='ltr'>οἱ</span> <span class='ocrx_word' id='word_1_172' title='bbox 2475 1519 2868 1588; x_wconf 81' lang='grc' dir='ltr'>μητροπολίται</span> <span class='ocrx_word' id='word_1_173' title='bbox 2899 1516 3288 1585; x_wconf 68' lang='grc' dir='ltr'>συνέρχωνται.</span> <span class='ocrx_word' id='word_1_174' title='bbox 3325 1533 3344 1566; x_wconf 78' lang='grc' dir='ltr'><strong>ι</strong></span> 
     </span>
    </p>
   </div>
   <div class='ocr_carea' id='block_1_29' title="bbox 2331 1603 3822 1674">
    <p class='ocr_par' dir='ltr' id='par_1_29' title="bbox 2331 1603 3822 1674">
     <span class='ocr_line' id='line_1_29' title="bbox 2331 1603 3822 1674; baseline -0.002 -17"><span class='ocrx_word' id='word_1_175' title='bbox 2331 1607 2524 1660; x_wconf 81' lang='grc' dir='ltr'><strong>ΒΛΛΣ.</strong></span> <span class='ocrx_word' id='word_1_176' title='bbox 2562 1611 2654 1662; x_wconf 73' lang='grc' dir='ltr'>καὶ</span> <span class='ocrx_word' id='word_1_177' title='bbox 2685 1609 2924 1661; x_wconf 81' lang='grc' dir='ltr'><strong>ΖΩΝΑΡ.</strong></span> <span class='ocrx_word' id='word_1_178' title='bbox 2950 1607 3077 1659; x_wconf 85' lang='grc' dir='ltr'><strong>Ὅτε</strong></span> <span class='ocrx_word' id='word_1_179' title='bbox 3099 1607 3480 1674; x_wconf 83' lang='grc' dir='ltr'>χειροτονεῖται</span> <span class='ocrx_word' id='word_1_180' title='bbox 3521 1603 3822 1665; x_wconf 82' lang='grc' dir='ltr'>ἐπίσκοπος</span> 
     </span>
    </p>
   </div>
   <div class='ocr_carea' id='block_1_30' title="bbox 2260 1694 3824 1767">
    <p class='ocr_par' dir='ltr' id='par_1_30' title="bbox 2260 1694 3824 1767">
     <span class='ocr_line' id='line_1_30' title="bbox 2260 1694 3824 1767; baseline -0.001 -19"><span class='ocrx_word' id='word_1_181' title='bbox 2260 1695 2291 1766; x_wconf 74' lang='grc' dir='ltr'>ἢ</span> <span class='ocrx_word' id='word_1_182' title='bbox 2318 1697 2580 1765; x_wconf 80' lang='grc' dir='ltr'>κληρικὸς</span> <span class='ocrx_word' id='word_1_183' title='bbox 2633 1699 2914 1767; x_wconf 75' lang='grc' dir='ltr'>(κληρικὺν</span> <span class='ocrx_word' id='word_1_184' title='bbox 2939 1698 2993 1750; x_wconf 75' lang='grc' dir='ltr'><strong>δέ</strong></span> <span class='ocrx_word' id='word_1_185' title='bbox 3020 1697 3253 1750; x_wconf 82' lang='grc' dir='ltr'>ἐνταῦθα</span> <span class='ocrx_word' id='word_1_186' title='bbox 3293 1694 3664 1764; x_wconf 88' lang='grc' dir='ltr'>πρεσϐύτερον</span> <span class='ocrx_word' id='word_1_187' title='bbox 3727 1695 3824 1746; x_wconf 79' lang='grc' dir='ltr'>καὶ</span> 
     </span>
    </p>
   </div>
   <div class='ocr_carea' id='block_1_31' title="bbox 594 1775 2155 1852">
    <p class='ocr_par' dir='ltr' id='par_1_31' title="bbox 594 1775 2153 1844">
     <span class='ocr_line' id='line_1_31' title="bbox 594 1775 2153 1844; baseline 0 -16"><span class='ocrx_word' id='word_1_188' title='bbox 594 1777 858 1830; x_wconf 88' lang='lat' dir='ltr'><strong>diaconus</strong></span> <span class='ocrx_word' id='word_1_189' title='bbox 890 1788 972 1830; x_wconf 83' lang='lat' dir='ltr'><strong>est</strong></span> <span class='ocrx_word' id='word_1_190' title='bbox 997 1777 1379 1844; x_wconf 81' lang='lat' dir='ltr'><strong>intelligendus</strong></span> <span class='ocrx_word' id='word_1_191' title='bbox 1415 1792 1428 1827; x_wconf 92' lang='lat'><strong>:</strong></span> <span class='ocrx_word' id='word_1_192' title='bbox 1484 1775 1517 1826; x_wconf 92' lang='lat' dir='ltr'><strong>ii</strong></span> <span class='ocrx_word' id='word_1_193' title='bbox 1551 1777 1694 1826; x_wconf 90' lang='lat' dir='ltr'><strong>enim</strong></span> <span class='ocrx_word' id='word_1_194' title='bbox 1744 1778 1962 1842; x_wconf 87' lang='lat' dir='ltr'><strong>proprie</strong></span> <span class='ocrx_word' id='word_1_195' title='bbox 2011 1778 2153 1828; x_wconf 91' lang='lat' dir='ltr'><strong>ordi-</strong></span> 
     </span>
    </p>
   </div>
   <div class='ocr_carea' id='block_1_32' title="bbox 2263 1775 3821 1852">
    <p class='ocr_par' dir='ltr' id='par_1_32' title="bbox 2263 1779 3821 1852">
     <span class='ocr_line' id='line_1_32' title="bbox 2263 1779 3821 1852; baseline -0.004 -16"><span class='ocrx_word' id='word_1_196' title='bbox 2263 1784 2507 1836; x_wconf 83' lang='grc' dir='ltr'>διάκονον</span> <span class='ocrx_word' id='word_1_197' title='bbox 2535 1787 2784 1852; x_wconf 82' lang='grc' dir='ltr'>νοητέον·</span> <span class='ocrx_word' id='word_1_198' title='bbox 2820 1779 2967 1837; x_wconf 74' lang='grc' dir='ltr'>οὗτοι</span> <span class='ocrx_word' id='word_1_199' title='bbox 2991 1783 3099 1850; x_wconf 80' lang='grc' dir='ltr'><strong>γὰρ</strong></span> <span class='ocrx_word' id='word_1_200' title='bbox 3129 1782 3334 1851; x_wconf 83' lang='grc' dir='ltr'><strong>κυρίως</strong></span> <span class='ocrx_word' id='word_1_201' title='bbox 3358 1779 3821 1850; x_wconf 69' lang='grc' dir='ltr'>χειροτονοῦνται,</span> 
     </span>
    </p>
   </div>
   <div class='ocr_carea' id='block_1_33' title="bbox 598 1866 2154 1934">
    <p class='ocr_par' dir='ltr' id='par_1_33' title="bbox 598 1866 2154 1934">
     <span class='ocr_line' id='line_1_33' title="bbox 598 1866 2154 1934; baseline -0.001 -15"><span class='ocrx_word' id='word_1_202' title='bbox 598 1878 812 1931; x_wconf 76' lang='lat' dir='ltr'><strong>nautur,</strong></span> <span class='ocrx_word' id='word_1_203' title='bbox 850 1877 902 1921; x_wconf 88' lang='lat' dir='ltr'><strong>et</strong></span> <span class='ocrx_word' id='word_1_204' title='bbox 931 1866 963 1920; x_wconf 90' lang='lat' dir='ltr'><strong>ii</strong></span> <span class='ocrx_word' id='word_1_205' title='bbox 996 1867 1098 1921; x_wconf 88' lang='lat' dir='ltr'><strong>soli</strong></span> <span class='ocrx_word' id='word_1_206' title='bbox 1134 1867 1470 1919; x_wconf 69' lang='lat' dir='ltr'><strong>eucharistiaa</strong></span> <span class='ocrx_word' id='word_1_207' title='bbox 1502 1867 1942 1934; x_wconf 87' lang='lat' dir='ltr'><strong>communicant),</strong></span> <span class='ocrx_word' id='word_1_208' title='bbox 1991 1881 2154 1932; x_wconf 90' lang='lat' dir='ltr'><strong>opor-</strong></span> 
     </span>
    </p>
   </div>
   <div class='ocr_carea' id='block_1_34' title="bbox 598 1957 2159 2028">
    <p class='ocr_par' dir='ltr' id='par_1_34' title="bbox 598 1957 2159 2028">
     <span class='ocr_line' id='line_1_34' title="bbox 598 1957 2159 2028; baseline 0.001 -19"><span class='ocrx_word' id='word_1_209' title='bbox 598 1970 691 2024; x_wconf 83' lang='lat' dir='ltr'><strong>tet,</strong></span> <span class='ocrx_word' id='word_1_210' title='bbox 729 1960 924 2028; x_wconf 82' lang='lat' dir='ltr'><strong>inquit,</strong></span> <span class='ocrx_word' id='word_1_211' title='bbox 959 1973 1053 2012; x_wconf 86' lang='lat' dir='ltr'><strong>eos</strong></span> <span class='ocrx_word' id='word_1_212' title='bbox 1083 1959 1381 2018; x_wconf 72' lang='lat' dir='ltr'><strong>admoueri,</strong></span> <span class='ocrx_word' id='word_1_213' title='bbox 1434 1968 1488 2008; x_wconf 93' lang='lat' dir='ltr'><strong>ut</strong></span> <span class='ocrx_word' id='word_1_214' title='bbox 1522 1957 1730 2011; x_wconf 87' lang='lat' dir='ltr'><strong>decreta</strong></span> <span class='ocrx_word' id='word_1_215' title='bbox 1783 1965 2015 2011; x_wconf 75' lang='lat' dir='ltr'><strong>servent.</strong></span> <span class='ocrx_word' id='word_1_216' title='bbox 2057 1957 2159 2011; x_wconf 80' lang='lat' dir='ltr'><strong>De—</strong></span> 
     </span>
    </p>
   </div>
   <div class='ocr_carea' id='block_1_35' title="bbox 597 2048 2158 2115">
    <p class='ocr_par' dir='ltr' id='par_1_35' title="bbox 597 2048 2158 2115">
     <span class='ocr_line' id='line_1_35' title="bbox 597 2048 2158 2115; baseline 0.001 -15"><span class='ocrx_word' id='word_1_217' title='bbox 597 2057 745 2101; x_wconf 90' lang='lat' dir='ltr'><strong>creta</strong></span> <span class='ocrx_word' id='word_1_218' title='bbox 795 2058 998 2110; x_wconf 84' lang='lat' dir='ltr'><strong>autem,</strong></span> <span class='ocrx_word' id='word_1_219' title='bbox 1059 2049 1141 2101; x_wconf 86' lang='lat' dir='ltr'><strong>vel</strong></span> <span class='ocrx_word' id='word_1_220' title='bbox 1206 2048 1324 2101; x_wconf 73' lang='lat' dir='ltr'><strong>fidei</strong></span> <span class='ocrx_word' id='word_1_221' title='bbox 1382 2048 1694 2100; x_wconf 78' lang='lat' dir='ltr'><strong>existimare</strong></span> <span class='ocrx_word' id='word_1_222' title='bbox 1747 2057 1988 2114; x_wconf 85' lang='lat' dir='ltr'><strong>Oportet,</strong></span> <span class='ocrx_word' id='word_1_223' title='bbox 2040 2062 2158 2115; x_wconf 66' lang='lat' dir='ltr'><strong>qua:</strong></span> 
     </span>
    </p>
   </div>
   <div class='ocr_carea' id='block_1_36' title="bbox 597 2137 2155 2206">
    <p class='ocr_par' dir='ltr' id='par_1_36' title="bbox 597 2137 2155 2206">
     <span class='ocr_line' id='line_1_36' title="bbox 597 2137 2155 2206; baseline -0.001 -14"><span class='ocrx_word' id='word_1_224' title='bbox 597 2139 807 2192; x_wconf 87' lang='lat' dir='ltr'><strong>scilicet</strong></span> <span class='ocrx_word' id='word_1_225' title='bbox 868 2154 894 2189; x_wconf 88' lang='lat' dir='ltr'><strong>a</strong></span> <span class='ocrx_word' id='word_1_226' title='bbox 967 2140 1172 2192; x_wconf 85' lang='lat' dir='ltr'><strong>sanctis</strong></span> <span class='ocrx_word' id='word_1_227' title='bbox 1225 2139 1482 2206; x_wconf 83' lang='lat' dir='ltr'><strong>aposwlis</strong></span> <span class='ocrx_word' id='word_1_228' title='bbox 1533 2141 1612 2190; x_wconf 88' lang='lat' dir='ltr'><strong>vel</strong></span> <span class='ocrx_word' id='word_1_229' title='bbox 1671 2137 1917 2192; x_wconf 81' lang='lat' dir='ltr'><strong>Patrihus</strong></span> <span class='ocrx_word' id='word_1_230' title='bbox 1960 2149 2155 2191; x_wconf 82' lang='lat' dir='ltr'><strong>statuta</strong></span> 
     </span>
    </p>
   </div>
   <div class='ocr_carea' id='block_1_37' title="bbox 597 2229 2160 2296">
    <p class='ocr_par' dir='ltr' id='par_1_37' title="bbox 597 2229 2160 2296">
     <span class='ocr_line' id='line_1_37' title="bbox 597 2229 2160 2296; baseline 0 -12"><span class='ocrx_word' id='word_1_231' title='bbox 597 2243 748 2290; x_wconf 85' lang='lat' dir='ltr'><strong>sunt,</strong></span> <span class='ocrx_word' id='word_1_232' title='bbox 799 2229 880 2281; x_wconf 85' lang='lat' dir='ltr'><strong>vel</strong></span> <span class='ocrx_word' id='word_1_233' title='bbox 936 2243 1194 2291; x_wconf 85' lang='lat' dir='ltr'><strong>canones,</strong></span> <span class='ocrx_word' id='word_1_234' title='bbox 1245 2230 1327 2281; x_wconf 87' lang='lat' dir='ltr'><strong>vel</strong></span> <span class='ocrx_word' id='word_1_235' title='bbox 1385 2230 1561 2296; x_wconf 87' lang='lat' dir='ltr'><strong>potius</strong></span> <span class='ocrx_word' id='word_1_236' title='bbox 1613 2239 1920 2296; x_wconf 87' lang='lat' dir='ltr'><strong>utrumque.</strong></span> <span class='ocrx_word' id='word_1_237' title='bbox 1977 2229 2042 2282; x_wconf 88' lang='lat' dir='ltr'><strong>Et</strong></span> <span class='ocrx_word' id='word_1_238' title='bbox 2093 2245 2160 2284; x_wconf 92' lang='lat' dir='ltr'><strong>ne</strong></span> 
     </span>
    </p>
   </div>
   <div class='ocr_carea' id='block_1_38' title="bbox 600 2320 2154 2388">
    <p class='ocr_par' dir='ltr' id='par_1_38' title="bbox 600 2320 2154 2388">
     <span class='ocr_line' id='line_1_38' title="bbox 600 2320 2154 2388; baseline -0.001 -14"><span class='ocrx_word' id='word_1_239' title='bbox 600 2322 826 2374; x_wconf 88' lang='lat' dir='ltr'><strong>mortuis</strong></span> <span class='ocrx_word' id='word_1_240' title='bbox 866 2321 1184 2388; x_wconf 79' lang='lat' dir='ltr'><strong>corporibus</strong></span> <span class='ocrx_word' id='word_1_241' title='bbox 1217 2321 1370 2372; x_wconf 90' lang='lat' dir='ltr'><strong>detur</strong></span> <span class='ocrx_word' id='word_1_242' title='bbox 1421 2320 1750 2370; x_wconf 76' lang='lat' dir='ltr'><strong>etnharistia</strong></span> <span class='ocrx_word' id='word_1_243' title='bbox 1810 2322 1923 2372; x_wconf 82' lang='lat' dir='ltr'><strong>sive</strong></span> <span class='ocrx_word' id='word_1_244' title='bbox 1968 2331 2154 2372; x_wconf 82' lang='lat' dir='ltr'><strong>sancta</strong></span> 
     </span>
    </p>
   </div>
   <div class='ocr_carea' id='block_1_39' title="bbox 599 2410 2160 2480">
    <p class='ocr_par' dir='ltr' id='par_1_39' title="bbox 599 2410 2160 2480">
     <span class='ocr_line' id='line_1_39' title="bbox 599 2410 2160 2480; baseline -0.004 -13"><span class='ocrx_word' id='word_1_245' title='bbox 599 2416 737 2468; x_wconf 84' lang='lat' dir='ltr'><strong>dOna</strong></span> <span class='ocrx_word' id='word_1_246' title='bbox 778 2433 790 2466; x_wconf 86' lang='lat'>:</span> <span class='ocrx_word' id='word_1_247' title='bbox 826 2415 928 2465; x_wconf 70' lang='lat' dir='ltr'><strong>hoc</strong></span> <span class='ocrx_word' id='word_1_248' title='bbox 964 2413 1105 2465; x_wconf 89' lang='lat' dir='ltr'><strong>enim</strong></span> <span class='ocrx_word' id='word_1_249' title='bbox 1135 2412 1313 2462; x_wconf 77' lang='lat' dir='ltr'><strong>fiebat.</strong></span> <span class='ocrx_word' id='word_1_250' title='bbox 1359 2410 1511 2474; x_wconf 87' lang='lat' dir='ltr'><strong>Quod</strong></span> <span class='ocrx_word' id='word_1_251' title='bbox 1540 2411 1696 2462; x_wconf 84' lang='lat' dir='ltr'><strong>etiam</strong></span> <span class='ocrx_word' id='word_1_252' title='bbox 1745 2424 1913 2462; x_wconf 89' lang='lat' dir='ltr'><strong>canon</strong></span> <span class='ocrx_word' id='word_1_253' title='bbox 1960 2410 2028 2465; x_wconf 76' lang='lat'><strong>85</strong></span> <span class='ocrx_word' id='word_1_254' title='bbox 2074 2427 2160 2480; x_wconf 78' lang='lat' dir='ltr'><strong>sy-</strong></span> 
     </span>
    </p>
   </div>
   <div class='ocr_carea' id='block_1_40' title="bbox 600 2499 2157 2570">
    <p class='ocr_par' dir='ltr' id='par_1_40' title="bbox 600 2499 2157 2570">
     <span class='ocr_line' id='line_1_40' title="bbox 600 2499 2157 2570; baseline -0.003 -15"><span class='ocrx_word' id='word_1_255' title='bbox 600 2504 723 2556; x_wconf 85' lang='lat' dir='ltr'><strong>nodi</strong></span> <span class='ocrx_word' id='word_1_256' title='bbox 777 2519 896 2570; x_wconf 75' lang='lat' dir='ltr'><strong>qua:</strong></span> <span class='ocrx_word' id='word_1_257' title='bbox 945 2503 1143 2554; x_wconf 89' lang='lat' dir='ltr'><strong>dicitur</strong></span> <span class='ocrx_word' id='word_1_258' title='bbox 1199 2511 1347 2553; x_wconf 77' lang='lat' dir='ltr'><strong>sexta</strong></span> <span class='ocrx_word' id='word_1_259' title='bbox 1406 2501 1455 2551; x_wconf 93' lang='lat' dir='ltr'><strong>in</strong></span> <span class='ocrx_word' id='word_1_260' title='bbox 1499 2499 1681 2552; x_wconf 85' lang='lat' dir='ltr'><strong>Trnllo</strong></span> <span class='ocrx_word' id='word_1_261' title='bbox 1725 2500 2019 2568; x_wconf 81' lang='lat' dir='ltr'><strong>prohibuit.</strong></span> <span class='ocrx_word' id='word_1_262' title='bbox 2053 2500 2157 2552; x_wconf 77' lang='lat' dir='ltr'><strong>Sed</strong></span> 
     </span>
    </p>
   </div>
   <div class='ocr_carea' id='block_1_41' title="bbox 599 2589 2156 2660">
    <p class='ocr_par' dir='ltr' id='par_1_41' title="bbox 599 2589 2156 2660">
     <span class='ocr_line' id='line_1_41' title="bbox 599 2589 2156 2660; baseline -0.001 -16"><span class='ocrx_word' id='word_1_263' title='bbox 599 2609 770 2660; x_wconf 89' lang='lat' dir='ltr'><strong>neque</strong></span> <span class='ocrx_word' id='word_1_264' title='bbox 807 2593 1150 2660; x_wconf 79' lang='lat' dir='ltr'><strong>baptizentur</strong></span> <span class='ocrx_word' id='word_1_265' title='bbox 1181 2592 1400 2643; x_wconf 87' lang='lat' dir='ltr'><strong>mortui.</strong></span> <span class='ocrx_word' id='word_1_266' title='bbox 1439 2589 1568 2641; x_wconf 86' lang='lat' dir='ltr'><strong>Nam</strong></span> <span class='ocrx_word' id='word_1_267' title='bbox 1613 2593 1712 2644; x_wconf 89' lang='lat' dir='ltr'><strong>hoc</strong></span> <span class='ocrx_word' id='word_1_268' title='bbox 1745 2591 1910 2642; x_wconf 84' lang='lat' dir='ltr'><strong>etiam</strong></span> <span class='ocrx_word' id='word_1_269' title='bbox 1960 2592 2156 2644; x_wconf 71' lang='lat' dir='ltr'><strong>facturn</strong></span> 
     </span>
    </p>
   </div>
   <div class='ocr_carea' id='block_1_42' title="bbox 598 2681 2156 2750">
    <p class='ocr_par' dir='ltr' id='par_1_42' title="bbox 598 2681 2156 2750">
     <span class='ocr_line' id='line_1_42' title="bbox 598 2681 2156 2750; baseline -0.001 -14"><span class='ocrx_word' id='word_1_270' title='bbox 598 2695 675 2738; x_wconf 84' lang='lat' dir='ltr'><strong>est</strong></span> <span class='ocrx_word' id='word_1_271' title='bbox 701 2724 714 2748; x_wconf 91' lang='lat'><strong>,</strong></span> <span class='ocrx_word' id='word_1_272' title='bbox 749 2684 1025 2736; x_wconf 87' lang='lat' dir='ltr'><strong>nonnullis</strong></span> <span class='ocrx_word' id='word_1_273' title='bbox 1053 2681 1262 2748; x_wconf 80' lang='lat' dir='ltr'><strong>quidem</strong></span> <span class='ocrx_word' id='word_1_274' title='bbox 1290 2697 1415 2734; x_wconf 89' lang='lat' dir='ltr'><strong>suos</strong></span> <span class='ocrx_word' id='word_1_275' title='bbox 1443 2693 1683 2734; x_wconf 84' lang='lat' dir='ltr'><strong>mortuos</strong></span> <span class='ocrx_word' id='word_1_276' title='bbox 1717 2682 2112 2750; x_wconf 85' lang='lat' dir='ltr'><strong>baptizantibus</strong></span> <span class='ocrx_word' id='word_1_277' title='bbox 2140 2722 2156 2746; x_wconf 92' lang='lat'><strong>,</strong></span> 
     </span>
    </p>
   </div>
   <div class='ocr_carea' id='block_1_43' title="bbox 595 2771 2157 2842">
    <p class='ocr_par' dir='ltr' id='par_1_43' title="bbox 595 2771 2157 2842">
     <span class='ocr_line' id='line_1_43' title="bbox 595 2771 2157 2842; baseline 0.001 -19"><span class='ocrx_word' id='word_1_278' title='bbox 595 2774 917 2842; x_wconf 79' lang='lat' dir='ltr'><strong>quihusdam</strong></span> <span class='ocrx_word' id='word_1_279' title='bbox 954 2787 1082 2826; x_wconf 79' lang='lat' dir='ltr'><strong>vero</strong></span> <span class='ocrx_word' id='word_1_280' title='bbox 1117 2771 1278 2825; x_wconf 87' lang='lat' dir='ltr'><strong>etiam</strong></span> <span class='ocrx_word' id='word_1_281' title='bbox 1306 2771 1442 2824; x_wconf 87' lang='lat' dir='ltr'><strong>alios</strong></span> <span class='ocrx_word' id='word_1_282' title='bbox 1493 2787 1591 2838; x_wconf 86' lang='lat' dir='ltr'><strong>pro</strong></span> <span class='ocrx_word' id='word_1_283' title='bbox 1642 2771 1894 2824; x_wconf 88' lang='lat' dir='ltr'><strong>mortuis.</strong></span> <span class='ocrx_word' id='word_1_284' title='bbox 1943 2773 2034 2836; x_wconf 88' lang='lat' dir='ltr'><strong>lis,</strong></span> <span class='ocrx_word' id='word_1_285' title='bbox 2065 2775 2157 2840; x_wconf 84' lang='lat' dir='ltr'><strong>qui</strong></span> 
     </span>
    </p>
   </div>
   <div class='ocr_carea' id='block_1_44' title="bbox 601 2861 2159 2933">
    <p class='ocr_par' dir='ltr' id='par_1_44' title="bbox 601 2861 2159 2933">
     <span class='ocr_line' id='line_1_44' title="bbox 601 2861 2159 2933; baseline -0.002 -15"><span class='ocrx_word' id='word_1_286' title='bbox 601 2867 713 2918; x_wconf 78' lang='lat' dir='ltr'><strong>ha-c</strong></span> <span class='ocrx_word' id='word_1_287' title='bbox 747 2865 996 2933; x_wconf 80' lang='lat' dir='ltr'><strong>agebant,</strong></span> <span class='ocrx_word' id='word_1_288' title='bbox 1028 2863 1188 2915; x_wconf 86' lang='lat' dir='ltr'><strong>verba</strong></span> <span class='ocrx_word' id='word_1_289' title='bbox 1230 2864 1409 2929; x_wconf 82' lang='lat' dir='ltr'><strong>magni</strong></span> <span class='ocrx_word' id='word_1_290' title='bbox 1465 2861 1614 2914; x_wconf 79' lang='lat' dir='ltr'><strong>Pauli</strong></span> <span class='ocrx_word' id='word_1_291' title='bbox 1665 2861 1914 2928; x_wconf 73' lang='lat' dir='ltr'><strong>Epistula:</strong></span> <span class='ocrx_word' id='word_1_292' title='bbox 1945 2863 2010 2914; x_wconf 88' lang='lat' dir='ltr'><strong>ad</strong></span> <span class='ocrx_word' id='word_1_293' title='bbox 2039 2862 2159 2915; x_wconf 84' lang='lat' dir='ltr'><strong>Co-</strong></span> 
     </span>
    </p>
   </div>
   <div class='ocr_carea' id='block_1_45' title="bbox 600 2949 2160 3018">
    <p class='ocr_par' dir='ltr' id='par_1_45' title="bbox 600 2949 2160 3018">
     <span class='ocr_line' id='line_1_45' title="bbox 600 2949 2160 3018; baseline -0.003 -12"><span class='ocrx_word' id='word_1_294' title='bbox 600 2956 825 3006; x_wconf 78' lang='lat' dir='ltr'><strong>rinthios</strong></span> <span class='ocrx_word' id='word_1_295' title='bbox 869 2953 1238 3016; x_wconf 76' lang='lat' dir='ltr'><strong>ail&#39;erentibus,</strong></span> <span class='ocrx_word' id='word_1_296' title='bbox 1296 2967 1411 3018; x_wconf 75' lang='lat' dir='ltr'><strong>quia:</strong></span> <span class='ocrx_word' id='word_1_297' title='bbox 1443 2953 1627 3004; x_wconf 84' lang='lat' dir='ltr'><strong>dicunt</strong></span> <span class='ocrx_word' id='word_1_298' title='bbox 1668 2969 1679 3002; x_wconf 91' lang='lat'><strong>:</strong></span> <span class='ocrx_word' id='word_1_299' title='bbox 1716 2949 1858 3003; x_wconf 76' lang='lat' dir='ltr'><strong>Nam</strong></span> <span class='ocrx_word' id='word_1_300' title='bbox 1901 2951 2027 3018; x_wconf 87' lang='lat' dir='ltr'><strong>quid</strong></span> <span class='ocrx_word' id='word_1_301' title='bbox 2075 2950 2160 3018; x_wconf 78' lang='lat' dir='ltr'><strong>fa-</strong></span> 
     </span>
    </p>
   </div>
   <div class='ocr_carea' id='block_1_46' title="bbox 596 3042 2156 3111">
    <p class='ocr_par' dir='ltr' id='par_1_46' title="bbox 596 3042 2156 3111">
     <span class='ocr_line' id='line_1_46' title="bbox 596 3042 2156 3111; baseline -0.001 -16"><span class='ocrx_word' id='word_1_302' title='bbox 596 3047 728 3096; x_wconf 80' lang='lat' dir='ltr'><strong>cient</strong></span> <span class='ocrx_word' id='word_1_303' title='bbox 765 3045 852 3111; x_wconf 85' lang='lat' dir='ltr'><strong>qui</strong></span> <span class='ocrx_word' id='word_1_304' title='bbox 881 3043 1329 3110; x_wconf 73' lang='lat' dir='ltr'><strong>baptizanturpro</strong></span> <span class='ocrx_word' id='word_1_305' title='bbox 1349 3044 1609 3095; x_wconf 78' lang='lat' dir='ltr'><strong>mortuis?</strong></span> <span class='ocrx_word' id='word_1_306' title='bbox 1638 3043 1697 3094; x_wconf 89' lang='lat' dir='ltr'><strong>Si</strong></span> <span class='ocrx_word' id='word_1_307' title='bbox 1728 3045 1939 3094; x_wconf 88' lang='lat' dir='ltr'><strong>omnino</strong></span> <span class='ocrx_word' id='word_1_308' title='bbox 1963 3042 2156 3095; x_wconf 80' lang='lat' dir='ltr'><strong>mortui</strong></span> 
     </span>
    </p>
   </div>
   <div class='ocr_carea' id='block_1_47' title="bbox 2260 1869 3822 1945">
    <p class='ocr_par' dir='ltr' id='par_1_47' title="bbox 2260 1869 3822 1945">
     <span class='ocr_line' id='line_1_47' title="bbox 2260 1869 3822 1945; baseline -0.004 -18"><span class='ocrx_word' id='word_1_309' title='bbox 2260 1878 2354 1929; x_wconf 71' lang='grc' dir='ltr'>καὶ</span> <span class='ocrx_word' id='word_1_310' title='bbox 2378 1869 2526 1928; x_wconf 72' lang='grc' dir='ltr'>οὗτοι</span> <span class='ocrx_word' id='word_1_311' title='bbox 2554 1878 2703 1945; x_wconf 80' lang='grc' dir='ltr'>μόνοι</span> <span class='ocrx_word' id='word_1_312' title='bbox 2736 1876 3082 1944; x_wconf 79' lang='grc' dir='ltr'>μεταδιδόασι</span> <span class='ocrx_word' id='word_1_313' title='bbox 3106 1875 3204 1942; x_wconf 84' lang='grc' dir='ltr'>τῆς</span> <span class='ocrx_word' id='word_1_314' title='bbox 3255 1870 3645 1941; x_wconf 80' lang='grc' dir='ltr'>εὐχαριστίας),</span> <span class='ocrx_word' id='word_1_315' title='bbox 3675 1870 3822 1931; x_wconf 83' lang='grc' dir='ltr'>δέον,</span> 
     </span>
    </p>
   </div>
   <div class='ocr_carea' id='block_1_48' title="bbox 2258 1962 3824 2037">
    <p class='ocr_par' dir='ltr' id='par_1_48' title="bbox 2258 1962 3824 2037">
     <span class='ocr_line' id='line_1_48' title="bbox 2258 1962 3824 2037; baseline -0.004 -17"><span class='ocrx_word' id='word_1_316' title='bbox 2258 1968 2445 2036; x_wconf 67' lang='grc' dir='ltr'>φησιν,</span> <span class='ocrx_word' id='word_1_317' title='bbox 2486 1968 3006 2037; x_wconf 80' lang='grc' dir='ltr'>ὑπομιμνήσκεσθαι</span> <span class='ocrx_word' id='word_1_318' title='bbox 3040 1965 3204 2019; x_wconf 78' lang='grc' dir='ltr'>αὑτὸν</span> <span class='ocrx_word' id='word_1_319' title='bbox 3235 1966 3360 2026; x_wconf 88' lang='grc' dir='ltr'>τοὺς</span> <span class='ocrx_word' id='word_1_320' title='bbox 3399 1965 3556 2032; x_wconf 81' lang='grc' dir='ltr'>ὄρους</span> <span class='ocrx_word' id='word_1_321' title='bbox 3604 1962 3824 2029; x_wconf 80' lang='grc' dir='ltr'>φυλάτ-</span> 
     </span>
    </p>
   </div>
   <div class='ocr_carea' id='block_1_49' title="bbox 2257 2053 3821 2126">
    <p class='ocr_par' dir='ltr' id='par_1_49' title="bbox 2257 2053 3821 2126">
     <span class='ocr_line' id='line_1_49' title="bbox 2257 2053 3821 2126; baseline -0.003 -18"><span class='ocrx_word' id='word_1_322' title='bbox 2257 2075 2396 2112; x_wconf 89' lang='grc' dir='ltr'>τειν.</span> <span class='ocrx_word' id='word_1_323' title='bbox 2433 2059 2634 2126; x_wconf 88' lang='grc' dir='ltr'>Ὅρους</span> <span class='ocrx_word' id='word_1_324' title='bbox 2683 2059 2740 2110; x_wconf 78' lang='grc' dir='ltr'>δὲ</span> <span class='ocrx_word' id='word_1_325' title='bbox 2799 2059 2831 2126; x_wconf 80' lang='grc' dir='ltr'>ἦ</span> <span class='ocrx_word' id='word_1_326' title='bbox 2883 2058 3008 2119; x_wconf 81' lang='grc' dir='ltr'>τοὺς</span> <span class='ocrx_word' id='word_1_327' title='bbox 3055 2057 3152 2125; x_wconf 84' lang='grc' dir='ltr'>τῆς</span> <span class='ocrx_word' id='word_1_328' title='bbox 3187 2057 3424 2118; x_wconf 88' lang='grc' dir='ltr'>πίστεως</span> <span class='ocrx_word' id='word_1_329' title='bbox 3451 2053 3821 2123; x_wconf 71' lang='grc' dir='ltr'>ὑποληπτέον,</span> 
     </span>
    </p>
   </div>
   <div class='ocr_carea' id='block_1_50' title="bbox 2257 2145 3825 2218">
    <p class='ocr_par' dir='ltr' id='par_1_50' title="bbox 2257 2145 3825 2218">
     <span class='ocr_line' id='line_1_50' title="bbox 2257 2145 3825 2218; baseline -0.003 -18"><span class='ocrx_word' id='word_1_330' title='bbox 2257 2150 2381 2212; x_wconf 82' lang='grc' dir='ltr'>τοὺς</span> <span class='ocrx_word' id='word_1_331' title='bbox 2418 2151 2568 2218; x_wconf 73' lang='grc' dir='ltr'>παρὰ</span> <span class='ocrx_word' id='word_1_332' title='bbox 2602 2149 2714 2202; x_wconf 87' lang='grc' dir='ltr'><strong>τῶν</strong></span> <span class='ocrx_word' id='word_1_333' title='bbox 2747 2149 2919 2216; x_wconf 77' lang='grc' dir='ltr'>ἁγίων</span> <span class='ocrx_word' id='word_1_334' title='bbox 2953 2147 3269 2201; x_wconf 80' lang='grc' dir='ltr'>ἀποστόλων</span> <span class='ocrx_word' id='word_1_335' title='bbox 3298 2147 3393 2199; x_wconf 74' lang='grc' dir='ltr'>καὶ</span> <span class='ocrx_word' id='word_1_336' title='bbox 3426 2146 3531 2198; x_wconf 89' lang='grc' dir='ltr'><strong>τῶν</strong></span> <span class='ocrx_word' id='word_1_337' title='bbox 3559 2145 3825 2214; x_wconf 83' lang='grc' dir='ltr'>Πατέρων</span> 
     </span>
    </p>
   </div>
   <div class='ocr_carea' id='block_1_51' title="bbox 2259 2235 3827 2308">
    <p class='ocr_par' dir='ltr' id='par_1_51' title="bbox 2259 2235 3827 2308">
     <span class='ocr_line' id='line_1_51' title="bbox 2259 2235 3827 2308; baseline -0.003 -17"><span class='ocrx_word' id='word_1_338' title='bbox 2259 2240 2602 2307; x_wconf 74' lang='grc' dir='ltr'>ὁρισθέντας,</span> <span class='ocrx_word' id='word_1_339' title='bbox 2628 2238 2662 2308; x_wconf 82' lang='grc' dir='ltr'>ἢ</span> <span class='ocrx_word' id='word_1_340' title='bbox 2693 2239 2820 2300; x_wconf 80' lang='grc' dir='ltr'>τοὺς</span> <span class='ocrx_word' id='word_1_341' title='bbox 2850 2238 3103 2298; x_wconf 87' lang='grc' dir='ltr'>κανόνας,</span> <span class='ocrx_word' id='word_1_342' title='bbox 3160 2236 3361 2304; x_wconf 80' lang='grc' dir='ltr'>μᾶλλον</span> <span class='ocrx_word' id='word_1_343' title='bbox 3411 2235 3467 2287; x_wconf 77' lang='grc' dir='ltr'><strong>δέ</strong></span> <span class='ocrx_word' id='word_1_344' title='bbox 3513 2237 3606 2288; x_wconf 74' lang='grc' dir='ltr'>καὶ</span> <span class='ocrx_word' id='word_1_345' title='bbox 3635 2236 3827 2303; x_wconf 79' lang='grc' dir='ltr'>ἀμφό-</span> 
     </span>
    </p>
   </div>
   <div class='ocr_carea' id='block_1_52' title="bbox 2259 2326 3823 2400">
    <p class='ocr_par' dir='ltr' id='par_1_52' title="bbox 2259 2326 3823 2400">
     <span class='ocr_line' id='line_1_52' title="bbox 2259 2326 3823 2400; baseline -0.002 -17"><span class='ocrx_word' id='word_1_346' title='bbox 2259 2349 2415 2399; x_wconf 86' lang='grc' dir='ltr'>τερα.</span> <span class='ocrx_word' id='word_1_347' title='bbox 2455 2333 2562 2383; x_wconf 71' lang='grc' dir='ltr'><strong>Καὶ</strong></span> <span class='ocrx_word' id='word_1_348' title='bbox 2604 2331 2691 2383; x_wconf 82' lang='grc' dir='ltr'>ἵνα</span> <span class='ocrx_word' id='word_1_349' title='bbox 2723 2331 2797 2400; x_wconf 82' lang='grc' dir='ltr'><strong>μὴ</strong></span> <span class='ocrx_word' id='word_1_350' title='bbox 2823 2331 3035 2398; x_wconf 80' lang='grc' dir='ltr'>νεκροῖς</span> <span class='ocrx_word' id='word_1_351' title='bbox 3084 2327 3298 2396; x_wconf 81' lang='grc' dir='ltr'>σώμασι</span> <span class='ocrx_word' id='word_1_352' title='bbox 3323 2326 3539 2379; x_wconf 86' lang='grc' dir='ltr'>διδῶται</span> <span class='ocrx_word' id='word_1_353' title='bbox 3575 2328 3823 2396; x_wconf 83' lang='grc' dir='ltr'>Εὑχαρι-</span> 
     </span>
    </p>
   </div>
   <div class='ocr_carea' id='block_1_53' title="bbox 2263 2421 3824 2494">
    <p class='ocr_par' dir='ltr' id='par_1_53' title="bbox 2263 2421 3824 2494">
     <span class='ocr_line' id='line_1_53' title="bbox 2263 2421 3824 2494; baseline -0.003 -15"><span class='ocrx_word' id='word_1_354' title='bbox 2263 2428 2384 2479; x_wconf 76' lang='grc' dir='ltr'>στξα</span> <span class='ocrx_word' id='word_1_355' title='bbox 2406 2465 2419 2488; x_wconf 93' lang='grc'><strong>,</strong></span> <span class='ocrx_word' id='word_1_356' title='bbox 2451 2428 2618 2494; x_wconf 68' lang='grc' dir='ltr'>ἦγςυν</span> <span class='ocrx_word' id='word_1_357' title='bbox 2651 2427 2782 2492; x_wconf 73' lang='grc' dir='ltr'>ἅγια</span> <span class='ocrx_word' id='word_1_358' title='bbox 2817 2423 2964 2493; x_wconf 87' lang='grc' dir='ltr'>δῶρα</span> <span class='ocrx_word' id='word_1_359' title='bbox 2985 2439 2999 2453; x_wconf 76' lang='grc' dir='ltr'><strong><em>ο</em></strong></span> <span class='ocrx_word' id='word_1_360' title='bbox 3051 2423 3352 2492; x_wconf 83' lang='grc' dir='ltr'>ἐπράττετο</span> <span class='ocrx_word' id='word_1_361' title='bbox 3408 2421 3516 2491; x_wconf 83' lang='grc' dir='ltr'><strong>γὰρ</strong></span> <span class='ocrx_word' id='word_1_362' title='bbox 3563 2423 3759 2475; x_wconf 75' lang='grc' dir='ltr'>τοῦτο’</span> <span class='ocrx_word' id='word_1_363' title='bbox 3793 2422 3824 2474; x_wconf 78' lang='grc' dir='ltr'><strong>ὃ</strong></span> 
     </span>
    </p>
   </div>
   <div class='ocr_carea' id='block_1_54' title="bbox 2260 2512 3829 2584">
    <p class='ocr_par' dir='ltr' id='par_1_54' title="bbox 2260 2512 3829 2584">
     <span class='ocr_line' id='line_1_54' title="bbox 2260 2512 3829 2584; baseline -0.004 -15"><span class='ocrx_word' id='word_1_364' title='bbox 2260 2519 2525 2584; x_wconf 75' lang='grc' dir='ltr'>καὶόπγ¹</span> <span class='ocrx_word' id='word_1_365' title='bbox 2592 2535 2716 2571; x_wconf 89' lang='grc' dir='ltr'>καν.</span> <span class='ocrx_word' id='word_1_366' title='bbox 2749 2516 2846 2582; x_wconf 85' lang='grc' dir='ltr'>τῆς</span> <span class='ocrx_word' id='word_1_367' title='bbox 2911 2515 3205 2583; x_wconf 79' lang='grc' dir='ltr'>λεγομένης</span> <span class='ocrx_word' id='word_1_368' title='bbox 3235 2512 3288 2576; x_wconf 81' lang='grc' dir='ltr'>ς’</span> <span class='ocrx_word' id='word_1_369' title='bbox 3339 2513 3554 2565; x_wconf 87' lang='grc' dir='ltr'>συνόδου</span> <span class='ocrx_word' id='word_1_370' title='bbox 3605 2513 3704 2580; x_wconf 78' lang='grc' dir='ltr'>τῆς</span> <span class='ocrx_word' id='word_1_371' title='bbox 3767 2513 3829 2563; x_wconf 78' lang='grc' dir='ltr'><strong>ἐν</strong></span> 
     </span>
    </p>
   </div>
   <div class='ocr_carea' id='block_1_55' title="bbox 2259 2602 3829 2676">
    <p class='ocr_par' dir='ltr' id='par_1_55' title="bbox 2259 2602 3829 2676">
     <span class='ocr_line' id='line_1_55' title="bbox 2259 2602 3829 2676; baseline -0.004 -17"><span class='ocrx_word' id='word_1_372' title='bbox 2259 2609 2337 2676; x_wconf 84' lang='grc' dir='ltr'>τῷ</span> <span class='ocrx_word' id='word_1_373' title='bbox 2374 2607 2628 2674; x_wconf 70' lang='grc' dir='ltr'>Τρούλὶῳ</span> <span class='ocrx_word' id='word_1_374' title='bbox 2654 2606 2944 2659; x_wconf 79' lang='grc' dir='ltr'>ἐκώλυσεν.</span> <span class='ocrx_word' id='word_1_375' title='bbox 2990 2604 3148 2656; x_wconf 80' lang='grc' dir='ltr'>Ἀλλὰ</span> <span class='ocrx_word' id='word_1_376' title='bbox 3177 2605 3309 2672; x_wconf 84' lang='grc' dir='ltr'>μηδέ</span> <span class='ocrx_word' id='word_1_377' title='bbox 3341 2602 3708 2672; x_wconf 76' lang='grc' dir='ltr'>βαπτίζωνται</span> <span class='ocrx_word' id='word_1_378' title='bbox 3737 2619 3829 2653; x_wconf 86' lang='grc' dir='ltr'>τε-</span> 
     </span>
    </p>
   </div>
   <div class='ocr_carea' id='block_1_56' title="bbox 2274 2690 3829 2764">
    <p class='ocr_par' dir='ltr' id='par_1_56' title="bbox 2274 2690 3829 2764">
     <span class='ocr_line' id='line_1_56' title="bbox 2274 2690 3829 2764; baseline -0.003 -18"><span class='ocrx_word' id='word_1_379' title='bbox 2274 2697 2656 2764; x_wconf 67' lang='grc' dir='ltr'>λευτήσαντες.</span> <span class='ocrx_word' id='word_1_380' title='bbox 2717 2696 2827 2747; x_wconf 76' lang='grc' dir='ltr'><strong>Καὶ</strong></span> <span class='ocrx_word' id='word_1_381' title='bbox 2875 2693 3031 2745; x_wconf 83' lang='grc' dir='ltr'>τοῦτο</span> <span class='ocrx_word' id='word_1_382' title='bbox 3063 2693 3170 2761; x_wconf 85' lang='grc' dir='ltr'><strong>γὰρ</strong></span> <span class='ocrx_word' id='word_1_383' title='bbox 3219 2692 3466 2757; x_wconf 81' lang='grc' dir='ltr'>ἐγίνετο·</span> <span class='ocrx_word' id='word_1_384' title='bbox 3503 2691 3662 2743; x_wconf 89' lang='grc' dir='ltr'>τινῶν</span> <span class='ocrx_word' id='word_1_385' title='bbox 3721 2690 3829 2760; x_wconf 79' lang='grc' dir='ltr'>μὲν</span> 
     </span>
    </p>
   </div>
   <div class='ocr_carea' id='block_1_57' title="bbox 2265 2778 3827 2848">
    <p class='ocr_par' dir='ltr' id='par_1_57' title="bbox 2265 2778 3827 2848">
     <span class='ocr_line' id='line_1_57' title="bbox 2265 2778 3827 2848; baseline -0.001 -17"><span class='ocrx_word' id='word_1_386' title='bbox 2265 2781 2462 2840; x_wconf 71' lang='grc' dir='ltr'>αὐτοὺς</span> <span class='ocrx_word' id='word_1_387' title='bbox 2491 2781 2715 2846; x_wconf 79' lang='grc' dir='ltr'>νεκροὺς</span> <span class='ocrx_word' id='word_1_388' title='bbox 2747 2779 3140 2848; x_wconf 73' lang='grc' dir='ltr'>βαπτιζόντων,</span> <span class='ocrx_word' id='word_1_389' title='bbox 3173 2778 3339 2829; x_wconf 90' lang='grc' dir='ltr'>τινῶν</span> <span class='ocrx_word' id='word_1_390' title='bbox 3369 2778 3424 2830; x_wconf 88' lang='grc' dir='ltr'><strong>δέ</strong></span> <span class='ocrx_word' id='word_1_391' title='bbox 3476 2779 3570 2830; x_wconf 71' lang='grc' dir='ltr'>καὶ</span> <span class='ocrx_word' id='word_1_392' title='bbox 3625 2778 3827 2841; x_wconf 76' lang='grc' dir='ltr'>ἄλλους</span> 
     </span>
    </p>
   </div>
   <div class='ocr_carea' id='block_1_58' title="bbox 2263 2868 3826 2939">
    <p class='ocr_par' dir='ltr' id='par_1_58' title="bbox 2263 2868 3826 2939">
     <span class='ocr_line' id='line_1_58' title="bbox 2263 2868 3826 2939; baseline 0.002 -18"><span class='ocrx_word' id='word_1_393' title='bbox 2263 2869 2406 2937; x_wconf 81' lang='grc' dir='ltr'>ὑπὲρ</span> <span class='ocrx_word' id='word_1_394' title='bbox 2439 2869 2545 2921; x_wconf 86' lang='grc' dir='ltr'><strong>τῶν</strong></span> <span class='ocrx_word' id='word_1_395' title='bbox 2575 2870 2784 2939; x_wconf 80' lang='grc' dir='ltr'>νεκρῶν</span> <span class='ocrx_word' id='word_1_396' title='bbox 2805 2886 2817 2900; x_wconf 78' lang='grc' dir='ltr'><strong>ο</strong></span> <span class='ocrx_word' id='word_1_397' title='bbox 2861 2869 2968 2921; x_wconf 81' lang='grc' dir='ltr'><strong>τῶν</strong></span> <span class='ocrx_word' id='word_1_398' title='bbox 2993 2868 3149 2921; x_wconf 82' lang='grc' dir='ltr'>τοῦτο</span> <span class='ocrx_word' id='word_1_399' title='bbox 3176 2869 3473 2922; x_wconf 83' lang='grc' dir='ltr'>ποιούντων</span> <span class='ocrx_word' id='word_1_400' title='bbox 3499 2868 3567 2920; x_wconf 74' lang='grc' dir='ltr'><strong>τὰ</strong></span> <span class='ocrx_word' id='word_1_401' title='bbox 3599 2870 3826 2938; x_wconf 74' lang='grc' dir='ltr'>ῥήματα</span> 
     </span>
    </p>
   </div>
   <div class='ocr_carea' id='block_1_59' title="bbox 2262 2959 3826 3030">
    <p class='ocr_par' dir='ltr' id='par_1_59' title="bbox 2262 2959 3826 3030">
     <span class='ocr_line' id='line_1_59' title="bbox 2262 2959 3826 3030; baseline -0.001 -18"><span class='ocrx_word' id='word_1_402' title='bbox 2262 2961 2716 3030; x_wconf 80' lang='grc' dir='ltr'>προϐαλλομένων</span> <span class='ocrx_word' id='word_1_403' title='bbox 2732 2962 2825 3027; x_wconf 81' lang='grc' dir='ltr'>τῆς</span> <span class='ocrx_word' id='word_1_404' title='bbox 2857 2959 2990 3028; x_wconf 72' lang='grc' dir='ltr'>πρὸς</span> <span class='ocrx_word' id='word_1_405' title='bbox 3016 2959 3337 3026; x_wconf 80' lang='grc' dir='ltr'>Κορινθίους</span> <span class='ocrx_word' id='word_1_406' title='bbox 3386 2959 3707 3024; x_wconf 71' lang='grc' dir='ltr'>Ἐπιστολῆς</span> <span class='ocrx_word' id='word_1_407' title='bbox 3725 2959 3826 3011; x_wconf 73' lang='grc' dir='ltr'><strong>τοῦ</strong></span> 
     </span>
    </p>
   </div>
   <div class='ocr_carea' id='block_1_60' title="bbox 2267 3043 3829 3123">
    <p class='ocr_par' dir='ltr' id='par_1_60' title="bbox 2267 3043 3829 3123">
     <span class='ocr_line' id='line_1_60' title="bbox 2267 3043 3829 3123; baseline -0.003 -17"><span class='ocrx_word' id='word_1_408' title='bbox 2267 3043 2501 3123; x_wconf 84' lang='grc' dir='ltr'>μεγάλου</span> <span class='ocrx_word' id='word_1_409' title='bbox 2531 3053 2764 3113; x_wconf 78' lang='grc' dir='ltr'>Παύλου,</span> <span class='ocrx_word' id='word_1_410' title='bbox 2798 3052 2864 3104; x_wconf 70' lang='grc' dir='ltr'><strong>τὰ</strong></span> <span class='ocrx_word' id='word_1_411' title='bbox 2897 3051 3153 3117; x_wconf 84' lang='grc' dir='ltr'>λέγοντα·</span> <span class='ocrx_word' id='word_1_412' title='bbox 3187 3051 3424 3104; x_wconf 80' lang='grc' dir='ltr'>Ἐπείτί</span> <span class='ocrx_word' id='word_1_413' title='bbox 3455 3049 3829 3114; x_wconf 73' lang='grc' dir='ltr'>ποιήσουσιν</span> 
     </span>
    </p>
   </div>
   <div class='ocr_carea' id='block_1_61' title="bbox 595 3112 2155 3208">
    <p class='ocr_par' dir='ltr' id='par_1_61' title="bbox 595 3133 2155 3203">
     <span class='ocr_line' id='line_1_61' title="bbox 595 3133 2155 3203; baseline -0.002 -17"><span class='ocrx_word' id='word_1_414' title='bbox 595 3151 695 3186; x_wconf 76' lang='lat' dir='ltr'><strong>non</strong></span> <span class='ocrx_word' id='word_1_415' title='bbox 723 3144 1022 3200; x_wconf 67' lang='lat' dir='ltr'><strong>resurgunt,</strong></span> <span class='ocrx_word' id='word_1_416' title='bbox 1045 3133 1200 3203; x_wconf 54' lang='grc' dir='ltr'><strong>εει</strong></span> <span class='ocrx_word' id='word_1_417' title='bbox 1221 3134 1343 3200; x_wconf 85' lang='lat' dir='ltr'><strong>quid</strong></span> <span class='ocrx_word' id='word_1_418' title='bbox 1367 3134 1523 3185; x_wconf 83' lang='lat' dir='ltr'><strong>etiam</strong></span> <span class='ocrx_word' id='word_1_419' title='bbox 1550 3133 1884 3200; x_wconf 76' lang='lat' dir='ltr'><strong>baptiznntur</strong></span> <span class='ocrx_word' id='word_1_420' title='bbox 1900 3150 1992 3198; x_wconf 81' lang='lat' dir='ltr'><strong>pro</strong></span> <span class='ocrx_word' id='word_1_421' title='bbox 2021 3150 2155 3185; x_wconf 80' lang='lat' dir='ltr'><strong>mor-</strong></span> 
     </span>
    </p>
   </div>
   <div class='ocr_carea' id='block_1_62' title="bbox 2263 3112 3825 3208">
    <p class='ocr_par' dir='ltr' id='par_1_62' title="bbox 2265 3112 3825 3208">
     <span class='ocr_line' id='line_1_62' title="bbox 2265 3112 3825 3208; baseline -0.002 -12"><span class='ocrx_word' id='word_1_422' title='bbox 2265 3112 2318 3196; x_wconf 53' lang='lat' dir='ltr'><strong>in</strong></span> <span class='ocrx_word' id='word_1_423' title='bbox 2343 3112 2767 3208; x_wconf 51' lang='grc' dir='ltr'>,βαπτιζόμενοι</span> <span class='ocrx_word' id='word_1_424' title='bbox 2797 3142 2948 3208; x_wconf 80' lang='grc' dir='ltr'>ὑπὲρ</span> <span class='ocrx_word' id='word_1_425' title='bbox 2971 3112 3096 3193; x_wconf 38' lang='grc' dir='ltr'>’τῶν</span> <span class='ocrx_word' id='word_1_426' title='bbox 3139 3139 3401 3207; x_wconf 62' lang='lat' dir='ltr'><strong>ruptor;</strong></span> <span class='ocrx_word' id='word_1_427' title='bbox 3443 3143 3496 3193; x_wconf 83' lang='grc' dir='ltr'><strong>εί</strong></span> <span class='ocrx_word' id='word_1_428' title='bbox 3545 3112 3695 3204; x_wconf 43' lang='grc' dir='ltr'>ὄιῖως</span> <span class='ocrx_word' id='word_1_429' title='bbox 3723 3158 3825 3193; x_wconf 79' lang='grc' dir='ltr'><strong>νε-</strong></span> 
     </span>
    </p>
   </div>
   <div class='ocr_carea' id='block_1_63' title="bbox 593 3223 2151 3293">
    <p class='ocr_par' dir='ltr' id='par_1_63' title="bbox 593 3223 2151 3293">
     <span class='ocr_line' id='line_1_63' title="bbox 593 3223 2151 3293; baseline 0.002 -18"><span class='ocrx_word' id='word_1_430' title='bbox 593 3225 742 3275; x_wconf 72' lang='grc' dir='ltr'><strong>ιιιὶι³⁶</strong></span> <span class='ocrx_word' id='word_1_431' title='bbox 760 3224 898 3288; x_wconf 69' lang='grc' dir='ltr'><strong>ἳςριιί</strong></span> <span class='ocrx_word' id='word_1_432' title='bbox 924 3235 1096 3274; x_wconf 83' lang='lat' dir='ltr'><strong>autem</strong></span> <span class='ocrx_word' id='word_1_433' title='bbox 1125 3226 1234 3275; x_wconf 62' lang='lat' dir='ltr'><strong>haec</strong></span> <span class='ocrx_word' id='word_1_434' title='bbox 1258 3223 1634 3284; x_wconf 80' lang='lat' dir='ltr'><strong>aﬂ&#39;erebaut,et</strong></span> <span class='ocrx_word' id='word_1_435' title='bbox 1653 3236 1892 3280; x_wconf 90' lang='lat' dir='ltr'><strong>mortuos</strong></span> <span class='ocrx_word' id='word_1_436' title='bbox 1912 3228 2151 3293; x_wconf 77' lang='lat' dir='ltr'><strong>baptiza-</strong></span> 
     </span>
    </p>
   </div>
   <div class='ocr_carea' id='block_1_64' title="bbox 601 3314 2156 3379">
    <p class='ocr_par' dir='ltr' id='par_1_64' title="bbox 601 3314 2156 3379">
     <span class='ocr_line' id='line_1_64' title="bbox 601 3314 2156 3379; baseline 0.003 -14"><span class='ocrx_word' id='word_1_437' title='bbox 601 3317 748 3376; x_wconf 83' lang='lat' dir='ltr'><strong>bant,</strong></span> <span class='ocrx_word' id='word_1_438' title='bbox 774 3315 1186 3379; x_wconf 71' lang='lat' dir='ltr'><strong>aposmlicornm</strong></span> <span class='ocrx_word' id='word_1_439' title='bbox 1227 3314 1508 3366; x_wconf 83' lang='lat' dir='ltr'><strong>verborum</strong></span> <span class='ocrx_word' id='word_1_440' title='bbox 1531 3317 1851 3368; x_wconf 88' lang='lat' dir='ltr'><strong>sententiam</strong></span> <span class='ocrx_word' id='word_1_441' title='bbox 1887 3333 1989 3368; x_wconf 90' lang='lat' dir='ltr'><strong>non</strong></span> <span class='ocrx_word' id='word_1_442' title='bbox 2012 3329 2156 3370; x_wconf 79' lang='lat' dir='ltr'><strong>recte</strong></span> 
     </span>
    </p>
   </div>
   <div class='ocr_carea' id='block_1_65' title="bbox 597 3403 2154 3474">
    <p class='ocr_par' dir='ltr' id='par_1_65' title="bbox 597 3403 2154 3474">
     <span class='ocr_line' id='line_1_65' title="bbox 597 3403 2154 3474; baseline 0.005 -22"><span class='ocrx_word' id='word_1_443' title='bbox 597 3403 1114 3473; x_wconf 74' lang='lat' dir='ltr'><strong>rapiebant.Neqne</strong></span> <span class='ocrx_word' id='word_1_444' title='bbox 1185 3405 1324 3458; x_wconf 84' lang='lat' dir='ltr'><strong>enim</strong></span> <span class='ocrx_word' id='word_1_445' title='bbox 1373 3406 1665 3473; x_wconf 85' lang='lat' dir='ltr'><strong>Apostolus</strong></span> <span class='ocrx_word' id='word_1_446' title='bbox 1719 3406 1845 3460; x_wconf 86' lang='lat' dir='ltr'><strong>dicit</strong></span> <span class='ocrx_word' id='word_1_447' title='bbox 1898 3410 2154 3474; x_wconf 64' lang='lat' dir='ltr'><strong>leapt=zari</strong></span> 
     </span>
    </p>
   </div>
   <div class='ocr_carea' id='block_1_66' title="bbox 599 3495 2153 3566">
    <p class='ocr_par' dir='ltr' id='par_1_66' title="bbox 599 3495 2153 3566">
     <span class='ocr_line' id='line_1_66' title="bbox 599 3495 2153 3566; baseline 0.004 -21"><span class='ocrx_word' id='word_1_448' title='bbox 599 3507 860 3558; x_wconf 73' lang='lat' dir='ltr'><strong>mortuos,</strong></span> <span class='ocrx_word' id='word_1_449' title='bbox 896 3496 976 3546; x_wconf 88' lang='lat' dir='ltr'><strong>vel</strong></span> <span class='ocrx_word' id='word_1_450' title='bbox 1014 3495 1148 3547; x_wconf 82' lang='lat' dir='ltr'><strong>alios</strong></span> <span class='ocrx_word' id='word_1_451' title='bbox 1184 3512 1276 3563; x_wconf 86' lang='lat' dir='ltr'><strong>pro</strong></span> <span class='ocrx_word' id='word_1_452' title='bbox 1314 3495 1416 3547; x_wconf 89' lang='lat' dir='ltr'><strong>illis</strong></span> <span class='ocrx_word' id='word_1_453' title='bbox 1449 3512 1462 3548; x_wconf 87' lang='lat'><strong>:</strong></span> <span class='ocrx_word' id='word_1_454' title='bbox 1493 3496 1585 3548; x_wconf 88' lang='lat' dir='ltr'><strong>sed</strong></span> <span class='ocrx_word' id='word_1_455' title='bbox 1641 3497 1786 3564; x_wconf 89' lang='lat' dir='ltr'><strong>quia,</strong></span> <span class='ocrx_word' id='word_1_456' title='bbox 1826 3498 1916 3565; x_wconf 88' lang='lat' dir='ltr'><strong>qui</strong></span> <span class='ocrx_word' id='word_1_457' title='bbox 1976 3499 2153 3566; x_wconf 69' lang='lat' dir='ltr'><strong>bapti-</strong></span> 
     </span>
    </p>
   </div>
   <div class='ocr_carea' id='block_1_67' title="bbox 594 3586 2153 3654">
    <p class='ocr_par' dir='ltr' id='par_1_67' title="bbox 594 3586 2153 3654">
     <span class='ocr_line' id='line_1_67' title="bbox 594 3586 2153 3654; baseline 0.003 -19"><span class='ocrx_word' id='word_1_458' title='bbox 594 3597 807 3648; x_wconf 74' lang='lat' dir='ltr'><strong>zantnr,</strong></span> <span class='ocrx_word' id='word_1_459' title='bbox 845 3589 948 3636; x_wconf 89' lang='lat' dir='ltr'><strong>vim</strong></span> <span class='ocrx_word' id='word_1_460' title='bbox 1006 3586 1176 3638; x_wconf 81' lang='lat' dir='ltr'><strong>nostri</strong></span> <span class='ocrx_word' id='word_1_461' title='bbox 1229 3586 1464 3654; x_wconf 79' lang='lat' dir='ltr'><strong>mysterii</strong></span> <span class='ocrx_word' id='word_1_462' title='bbox 1522 3587 1817 3652; x_wconf 89' lang='lat' dir='ltr'><strong>discentes,</strong></span> <span class='ocrx_word' id='word_1_463' title='bbox 1857 3602 1977 3640; x_wconf 86' lang='lat' dir='ltr'><strong>Cum</strong></span> <span class='ocrx_word' id='word_1_464' title='bbox 2032 3591 2153 3640; x_wconf 82' lang='lat' dir='ltr'><strong>aliis</strong></span> 
     </span>
    </p>
   </div>
   <div class='ocr_carea' id='block_1_68' title="bbox 596 3675 2155 3742">
    <p class='ocr_par' dir='ltr' id='par_1_68' title="bbox 596 3675 2155 3742">
     <span class='ocr_line' id='line_1_68' title="bbox 596 3675 2155 3742; baseline 0.003 -19"><span class='ocrx_word' id='word_1_465' title='bbox 596 3685 929 3725; x_wconf 88' lang='lat' dir='ltr'><strong>mortuorum</strong></span> <span class='ocrx_word' id='word_1_466' title='bbox 991 3687 1205 3741; x_wconf 84' lang='lat' dir='ltr'><strong>quoque</strong></span> <span class='ocrx_word' id='word_1_467' title='bbox 1258 3675 1709 3728; x_wconf 83' lang='lat' dir='ltr'><strong>resurrectionem</strong></span> <span class='ocrx_word' id='word_1_468' title='bbox 1776 3691 1995 3742; x_wconf 87' lang='lat' dir='ltr'><strong>sperare</strong></span> <span class='ocrx_word' id='word_1_469' title='bbox 2059 3681 2155 3728; x_wconf 89' lang='lat' dir='ltr'><strong>do-</strong></span> 
     </span>
    </p>
   </div>
   <div class='ocr_carea' id='block_1_69' title="bbox 592 3765 2154 3826">
    <p class='ocr_par' dir='ltr' id='par_1_69' title="bbox 592 3765 2154 3826">
     <span class='ocr_line' id='line_1_69' title="bbox 592 3765 2154 3826; baseline 0.003 -11"><span class='ocrx_word' id='word_1_470' title='bbox 592 3776 801 3826; x_wconf 90' lang='lat' dir='ltr'><strong>centur,</strong></span> <span class='ocrx_word' id='word_1_471' title='bbox 839 3775 890 3817; x_wconf 89' lang='lat' dir='ltr'><strong>et</strong></span> <span class='ocrx_word' id='word_1_472' title='bbox 935 3765 1329 3818; x_wconf 82' lang='lat' dir='ltr'><strong>dcmersiouem</strong></span> <span class='ocrx_word' id='word_1_473' title='bbox 1385 3767 1436 3817; x_wconf 93' lang='lat' dir='ltr'><strong>in</strong></span> <span class='ocrx_word' id='word_1_474' title='bbox 1479 3765 1748 3819; x_wconf 82' lang='lat' dir='ltr'><strong>lavacutm</strong></span> <span class='ocrx_word' id='word_1_475' title='bbox 1802 3779 2027 3821; x_wconf 86' lang='lat' dir='ltr'><strong>mortem</strong></span> <span class='ocrx_word' id='word_1_476' title='bbox 2081 3769 2154 3822; x_wconf 85' lang='lat' dir='ltr'><strong>si-</strong></span> 
     </span>
    </p>
   </div>
   <div class='ocr_carea' id='block_1_70' title="bbox 591 3855 2151 3925">
    <p class='ocr_par' dir='ltr' id='par_1_70' title="bbox 591 3855 2151 3925">
     <span class='ocr_line' id='line_1_70' title="bbox 591 3855 2151 3925; baseline 0.004 -19"><span class='ocrx_word' id='word_1_477' title='bbox 591 3855 869 3922; x_wconf 80' lang='lat' dir='ltr'><strong>gniticare,</strong></span> <span class='ocrx_word' id='word_1_478' title='bbox 919 3856 1367 3910; x_wconf 81' lang='lat' dir='ltr'><strong>resurrectionem</strong></span> <span class='ocrx_word' id='word_1_479' title='bbox 1415 3872 1607 3910; x_wconf 88' lang='lat' dir='ltr'><strong>rursus</strong></span> <span class='ocrx_word' id='word_1_480' title='bbox 1658 3873 1751 3925; x_wconf 90' lang='lat' dir='ltr'><strong>per</strong></span> <span class='ocrx_word' id='word_1_481' title='bbox 1799 3861 2151 3912; x_wconf 88' lang='lat' dir='ltr'><strong>emcrsioncm</strong></span> 
     </span>
    </p>
   </div>
   <div class='ocr_carea' id='block_1_71' title="bbox 594 3946 2157 4015">
    <p class='ocr_par' dir='ltr' id='par_1_71' title="bbox 594 3946 2157 4015">
     <span class='ocr_line' id='line_1_71' title="bbox 594 3946 2157 4015; baseline 0.007 -20"><span class='ocrx_word' id='word_1_482' title='bbox 594 3946 844 4009; x_wconf 83' lang='lat' dir='ltr'><strong>ostendi;</strong></span> <span class='ocrx_word' id='word_1_483' title='bbox 901 3946 1029 3999; x_wconf 75' lang='lat' dir='ltr'><strong>dicit</strong></span> <span class='ocrx_word' id='word_1_484' title='bbox 1072 3947 1363 4013; x_wconf 80' lang='lat' dir='ltr'><strong>Apostolus</strong></span> <span class='ocrx_word' id='word_1_485' title='bbox 1409 3948 1473 4001; x_wconf 88' lang='lat' dir='ltr'><strong>iis</strong></span> <span class='ocrx_word' id='word_1_486' title='bbox 1525 3949 1616 4015; x_wconf 85' lang='lat' dir='ltr'><strong>qui</strong></span> <span class='ocrx_word' id='word_1_487' title='bbox 1669 3949 1733 4003; x_wconf 85' lang='lat' dir='ltr'><strong>de</strong></span> <span class='ocrx_word' id='word_1_488' title='bbox 1766 3954 2157 4006; x_wconf 80' lang='lat' dir='ltr'><strong>resurrectione</strong></span> 
     </span>
    </p>
   </div>
   <div class='ocr_carea' id='block_1_72' title="bbox 619 4054 1178 4121">
    <p class='ocr_par' dir='ltr' id='par_1_72' title="bbox 619 4054 1178 4121">
     <span class='ocr_line' id='line_1_72' title="bbox 619 4054 1178 4121; baseline 0.011 -16"><span class='ocrx_word' id='word_1_489' title='bbox 619 4055 664 4088; x_wconf 83' lang='grc'><strong><em>³⁸</em></strong></span> <span class='ocrx_word' id='word_1_490' title='bbox 695 4054 714 4106; x_wconf 91' lang='grc' dir='ltr'>ι</span> <span class='ocrx_word' id='word_1_491' title='bbox 743 4056 869 4110; x_wconf 83' lang='lat' dir='ltr'><strong>Cor.</strong></span> <span class='ocrx_word' id='word_1_492' title='bbox 938 4073 1025 4121; x_wconf 81' lang='lat' dir='ltr'><strong>xv,</strong></span> <span class='ocrx_word' id='word_1_493' title='bbox 1085 4056 1178 4111; x_wconf 75' lang='lat'><strong>29.</strong></span> 
     </span>
    </p>
   </div>
   <div class='ocr_carea' id='block_1_73' title="bbox 2260 3230 3825 3303">
    <p class='ocr_par' dir='ltr' id='par_1_73' title="bbox 2260 3230 3825 3303">
     <span class='ocr_line' id='line_1_73' title="bbox 2260 3230 3825 3303; baseline -0.004 -16"><span class='ocrx_word' id='word_1_494' title='bbox 2260 3236 2386 3303; x_wconf 75' lang='grc' dir='ltr'>κροί</span> <span class='ocrx_word' id='word_1_495' title='bbox 2431 3238 2544 3288; x_wconf 76' lang='grc' dir='ltr'>οὐκ</span> <span class='ocrx_word' id='word_1_496' title='bbox 2591 3234 2938 3299; x_wconf 74' lang='grc' dir='ltr'>ἐγείρονται,</span> <span class='ocrx_word' id='word_1_497' title='bbox 2987 3233 3043 3281; x_wconf 77' lang='grc' dir='ltr'><strong>τί</strong></span> <span class='ocrx_word' id='word_1_498' title='bbox 3094 3232 3189 3282; x_wconf 77' lang='grc' dir='ltr'><strong>καί</strong></span> <span class='ocrx_word' id='word_1_499' title='bbox 3229 3232 3616 3294; x_wconf 74' lang='grc' dir='ltr'>,βαπτίζονται</span> <span class='ocrx_word' id='word_1_500' title='bbox 3666 3230 3825 3297; x_wconf 79' lang='grc' dir='ltr'>ὑπὲρ</span> 
     </span>
    </p>
   </div>
   <div class='ocr_carea' id='block_1_74' title="bbox 2259 3319 3823 3390">
    <p class='ocr_par' dir='ltr' id='par_1_74' title="bbox 2259 3319 3823 3390">
     <span class='ocr_line' id='line_1_74' title="bbox 2259 3319 3823 3390; baseline -0.004 -13"><span class='ocrx_word' id='word_1_501' title='bbox 2259 3324 2378 3377; x_wconf 81' lang='grc' dir='ltr'>τῶν</span> <span class='ocrx_word' id='word_1_502' title='bbox 2407 3321 2670 3390; x_wconf 70' lang='grc' dir='ltr'>νεκρῶνῖ</span> <span class='ocrx_word' id='word_1_503' title='bbox 2699 3321 2762 3374; x_wconf 90' lang='grc' dir='ltr'>Οί</span> <span class='ocrx_word' id='word_1_504' title='bbox 2799 3321 2855 3372; x_wconf 80' lang='grc' dir='ltr'>δὲ</span> <span class='ocrx_word' id='word_1_505' title='bbox 2885 3320 3057 3371; x_wconf 85' lang='grc' dir='ltr'>ταῦτα</span> <span class='ocrx_word' id='word_1_506' title='bbox 3108 3319 3559 3388; x_wconf 89' lang='grc' dir='ltr'>προϐαλλόμενοι,</span> <span class='ocrx_word' id='word_1_507' title='bbox 3592 3320 3682 3370; x_wconf 79' lang='grc' dir='ltr'>καὶ</span> <span class='ocrx_word' id='word_1_508' title='bbox 3717 3319 3823 3386; x_wconf 81' lang='grc' dir='ltr'><strong>βα-</strong></span> 
     </span>
    </p>
   </div>
   <div class='ocr_carea' id='block_1_75' title="bbox 2261 3405 3822 3476">
    <p class='ocr_par' dir='ltr' id='par_1_75' title="bbox 2261 3405 3822 3476">
     <span class='ocr_line' id='line_1_75' title="bbox 2261 3405 3822 3476; baseline -0.006 -10"><span class='ocrx_word' id='word_1_509' title='bbox 2261 3414 2545 3476; x_wconf 80' lang='grc' dir='ltr'>πτίζοντες</span> <span class='ocrx_word' id='word_1_510' title='bbox 2574 3412 2704 3469; x_wconf 72' lang='grc' dir='ltr'>τοὺς</span> <span class='ocrx_word' id='word_1_511' title='bbox 2751 3408 2997 3476; x_wconf 74' lang='grc' dir='ltr'>νεκροὺς.</span> <span class='ocrx_word' id='word_1_512' title='bbox 3049 3409 3110 3460; x_wconf 74' lang='grc' dir='ltr'>οὐ</span> <span class='ocrx_word' id='word_1_513' title='bbox 3158 3407 3336 3470; x_wconf 83' lang='grc' dir='ltr'>καλῶς</span> <span class='ocrx_word' id='word_1_514' title='bbox 3391 3405 3822 3474; x_wconf 76' lang='grc' dir='ltr'>ἐξελαμϐάνοντο</span> 
     </span>
    </p>
   </div>
   <div class='ocr_carea' id='block_1_76' title="bbox 2258 3498 3818 3568">
    <p class='ocr_par' dir='ltr' id='par_1_76' title="bbox 2258 3498 3818 3568">
     <span class='ocr_line' id='line_1_76' title="bbox 2258 3498 3818 3568; baseline -0.005 -12"><span class='ocrx_word' id='word_1_515' title='bbox 2258 3505 2364 3556; x_wconf 83' lang='grc' dir='ltr'><strong>τῶν</strong></span> <span class='ocrx_word' id='word_1_516' title='bbox 2421 3500 2795 3555; x_wconf 80' lang='grc' dir='ltr'>ἀποστολικῶν</span> <span class='ocrx_word' id='word_1_517' title='bbox 2845 3499 3108 3568; x_wconf 79' lang='grc' dir='ltr'>ῥημάτων</span> <span class='ocrx_word' id='word_1_518' title='bbox 3167 3499 3263 3566; x_wconf 81' lang='grc' dir='ltr'>τὴν</span> <span class='ocrx_word' id='word_1_519' title='bbox 3287 3498 3535 3550; x_wconf 53' lang='grc' dir='ltr'>’ἔννοιαιη</span> <span class='ocrx_word' id='word_1_520' title='bbox 3573 3498 3645 3548; x_wconf 86' lang='grc' dir='ltr'><strong>Οὺ</strong></span> <span class='ocrx_word' id='word_1_521' title='bbox 3701 3498 3818 3567; x_wconf 78' lang='grc' dir='ltr'><strong>γὰρ</strong></span> 
     </span>
    </p>
   </div>
   <div class='ocr_carea' id='block_1_77' title="bbox 2262 3586 3818 3662">
    <p class='ocr_par' dir='ltr' id='par_1_77' title="bbox 2262 3586 3818 3662">
     <span class='ocr_line' id='line_1_77' title="bbox 2262 3586 3818 3662; baseline -0.005 -16"><span class='ocrx_word' id='word_1_522' title='bbox 2262 3593 2615 3662; x_wconf 69' lang='grc' dir='ltr'>βαπτίζεσθαι</span> <span class='ocrx_word' id='word_1_523' title='bbox 2661 3592 2785 3653; x_wconf 82' lang='grc' dir='ltr'>τοὺς</span> <span class='ocrx_word' id='word_1_524' title='bbox 2822 3589 3188 3649; x_wconf 83' lang='grc' dir='ltr'>ἀποθανόντας</span> <span class='ocrx_word' id='word_1_525' title='bbox 3225 3590 3252 3639; x_wconf 87' lang='grc' dir='ltr'><strong>ό</strong></span> <span class='ocrx_word' id='word_1_526' title='bbox 3295 3587 3615 3646; x_wconf 81' lang='grc' dir='ltr'>’Δπόστολος</span> <span class='ocrx_word' id='word_1_527' title='bbox 3641 3586 3818 3652; x_wconf 82' lang='grc' dir='ltr'>λέγει,</span> 
     </span>
    </p>
   </div>
   <div class='ocr_carea' id='block_1_78' title="bbox 2257 3677 3825 3753">
    <p class='ocr_par' dir='ltr' id='par_1_78' title="bbox 2257 3677 3825 3753">
     <span class='ocr_line' id='line_1_78' title="bbox 2257 3677 3825 3753; baseline -0.007 -15"><span class='ocrx_word' id='word_1_528' title='bbox 2257 3687 2288 3753; x_wconf 80' lang='grc' dir='ltr'>ἢ</span> <span class='ocrx_word' id='word_1_529' title='bbox 2327 3686 2520 3746; x_wconf 81' lang='grc' dir='ltr'>ἄλλους</span> <span class='ocrx_word' id='word_1_530' title='bbox 2555 3685 2671 3736; x_wconf 80' lang='grc' dir='ltr'>ἀντ’</span> <span class='ocrx_word' id='word_1_531' title='bbox 2701 3681 2966 3733; x_wconf 60' lang='grc' dir='ltr'>ἐκείνων</span> <span class='ocrx_word' id='word_1_532' title='bbox 3002 3679 3116 3731; x_wconf 77' lang='grc' dir='ltr'>ἀλλ’</span> <span class='ocrx_word' id='word_1_533' title='bbox 3168 3679 3290 3730; x_wconf 73' lang='grc' dir='ltr'>ἐπεὶ</span> <span class='ocrx_word' id='word_1_534' title='bbox 3331 3681 3378 3730; x_wconf 91' lang='grc' dir='ltr'><strong>οί</strong></span> <span class='ocrx_word' id='word_1_535' title='bbox 3411 3677 3825 3746; x_wconf 79' lang='grc' dir='ltr'>βαπτιζόμενοι,</span> 
     </span>
    </p>
   </div>
   <div class='ocr_carea' id='block_1_79' title="bbox 2260 3766 3817 3845">
    <p class='ocr_par' dir='ltr' id='par_1_79' title="bbox 2260 3766 3817 3845">
     <span class='ocr_line' id='line_1_79' title="bbox 2260 3766 3817 3845; baseline -0.006 -17"><span class='ocrx_word' id='word_1_536' title='bbox 2260 3776 2624 3845; x_wconf 79' lang='grc' dir='ltr'>μανθάνοντες</span> <span class='ocrx_word' id='word_1_537' title='bbox 2651 3771 2742 3824; x_wconf 77' lang='grc' dir='ltr'>τοῦ</span> <span class='ocrx_word' id='word_1_538' title='bbox 2776 3769 2900 3822; x_wconf 83' lang='grc' dir='ltr'>καθ’</span> <span class='ocrx_word' id='word_1_539' title='bbox 2933 3771 3076 3839; x_wconf 78' lang='grc' dir='ltr'>ἡμᾶς</span> <span class='ocrx_word' id='word_1_540' title='bbox 3112 3770 3411 3837; x_wconf 79' lang='grc' dir='ltr'>μυστηρίου</span> <span class='ocrx_word' id='word_1_541' title='bbox 3435 3768 3532 3836; x_wconf 80' lang='grc' dir='ltr'>τὴν</span> <span class='ocrx_word' id='word_1_542' title='bbox 3557 3766 3817 3834; x_wconf 79' lang='grc' dir='ltr'>δύναμιν,</span> 
     </span>
    </p>
   </div>
   <div class='ocr_carea' id='block_1_80' title="bbox 2263 3856 3824 3932">
    <p class='ocr_par' dir='ltr' id='par_1_80' title="bbox 2263 3856 3824 3932">
     <span class='ocr_line' id='line_1_80' title="bbox 2263 3856 3824 3932; baseline -0.005 -17"><span class='ocrx_word' id='word_1_543' title='bbox 2263 3865 2400 3932; x_wconf 83' lang='grc' dir='ltr'>μετὰ</span> <span class='ocrx_word' id='word_1_544' title='bbox 2427 3864 2535 3916; x_wconf 88' lang='grc' dir='ltr'><strong>τῶν</strong></span> <span class='ocrx_word' id='word_1_545' title='bbox 2565 3862 2738 3915; x_wconf 79' lang='grc' dir='ltr'>ἄλλων</span> <span class='ocrx_word' id='word_1_546' title='bbox 2765 3859 2857 3912; x_wconf 76' lang='grc' dir='ltr'>καὶ</span> <span class='ocrx_word' id='word_1_547' title='bbox 2884 3860 3175 3912; x_wconf 68' lang='grc' dir='ltr'>ἀνάστασιν</span> <span class='ocrx_word' id='word_1_548' title='bbox 3207 3857 3417 3924; x_wconf 81' lang='grc' dir='ltr'>νεκρῶν</span> <span class='ocrx_word' id='word_1_549' title='bbox 3464 3856 3704 3919; x_wconf 74' lang='grc' dir='ltr'>ἐλπίζειν</span> <span class='ocrx_word' id='word_1_550' title='bbox 3739 3856 3824 3907; x_wconf 80' lang='grc' dir='ltr'>δι-</span> 
     </span>
    </p>
   </div>
   <div class='ocr_carea' id='block_1_81' title="bbox 2257 3948 3827 4020">
    <p class='ocr_par' dir='ltr' id='par_1_81' title="bbox 2257 3948 3827 4020">
     <span class='ocr_line' id='line_1_81' title="bbox 2257 3948 3827 4020; baseline -0.006 -15"><span class='ocrx_word' id='word_1_551' title='bbox 2257 3957 2570 4018; x_wconf 74' lang='grc' dir='ltr'>δάσκονται,</span> <span class='ocrx_word' id='word_1_552' title='bbox 2595 3953 2687 4004; x_wconf 73' lang='grc' dir='ltr'>καὶ</span> <span class='ocrx_word' id='word_1_553' title='bbox 2719 3951 2815 4019; x_wconf 81' lang='grc' dir='ltr'>τὴν</span> <span class='ocrx_word' id='word_1_554' title='bbox 2844 3951 2901 4001; x_wconf 87' lang='grc' dir='ltr'><strong>ἐν</strong></span> <span class='ocrx_word' id='word_1_555' title='bbox 2926 3952 2990 4020; x_wconf 76' lang='grc' dir='ltr'>τῇ</span> <span class='ocrx_word' id='word_1_556' title='bbox 3020 3949 3372 4018; x_wconf 76' lang='grc' dir='ltr'>κολυμϐήθρᾳ</span> <span class='ocrx_word' id='word_1_557' title='bbox 3407 3948 3698 4001; x_wconf 78' lang='grc' dir='ltr'>κατάδυσιν</span> <span class='ocrx_word' id='word_1_558' title='bbox 3724 3948 3827 3998; x_wconf 76' lang='grc' dir='ltr'><strong>τὸν</strong></span> 
     </span>
    </p>
   </div>
   <div class='ocr_carea' id='block_1_82' title="bbox 1796 4189 2562 4266">
    <p class='ocr_par' dir='ltr' id='par_1_82' title="bbox 1796 4189 2562 4266">
     <span class='ocr_line' id='line_1_82' title="bbox 1796 4189 2562 4266; baseline 0.005 -20"><span class='ocrx_word' id='word_1_559' title='bbox 1796 4189 1984 4248; x_wconf 86' lang='lat' dir='ltr'><strong>Guill.</strong></span> <span class='ocrx_word' id='word_1_560' title='bbox 2022 4191 2348 4266; x_wconf 63' lang='lat' dir='ltr'><strong>Beveregii</strong></span> <span class='ocrx_word' id='word_1_561' title='bbox 2380 4201 2562 4254; x_wconf 71' lang='lat' dir='ltr'><strong>notua.</strong></span> 
     </span>
    </p>
   </div>
   <div class='ocr_carea' id='block_1_83' title="bbox 664 4287 2155 4365">
    <p class='ocr_par' dir='ltr' id='par_1_83' title="bbox 664 4287 2150 4365">
     <span class='ocr_line' id='line_1_83' title="bbox 664 4287 2150 4365; baseline 0.001 -25"><span class='ocrx_word' id='word_1_562' title='bbox 664 4289 801 4365; x_wconf 37' lang='lat' dir='ltr'><strong>tW)“</strong></span> <span class='ocrx_word' id='word_1_563' title='bbox 821 4289 956 4365; x_wconf 77' lang='lat' dir='ltr'><strong>‘E_a’r</strong></span> <span class='ocrx_word' id='word_1_564' title='bbox 984 4306 1074 4353; x_wconf 82' lang='grc' dir='ltr'>τις</span> <span class='ocrx_word' id='word_1_565' title='bbox 1101 4290 1405 4365; x_wconf 73' lang='grc' dir='ltr'>κληρικός.</span> <span class='ocrx_word' id='word_1_566' title='bbox 1436 4287 1700 4365; x_wconf 78' lang='lat' dir='ltr'><strong>_Prtcse_ns</strong></span> <span class='ocrx_word' id='word_1_567' title='bbox 1741 4288 1827 4340; x_wconf 93' lang='lat' dir='ltr'><strong>hic</strong></span> <span class='ocrx_word' id='word_1_568' title='bbox 1857 4303 2050 4365; x_wconf 84' lang='lat' dir='ltr'><strong>canon_</strong></span> <span class='ocrx_word' id='word_1_569' title='bbox 2069 4291 2150 4342; x_wconf 91' lang='lat' dir='ltr'><strong>ui-</strong></span> 
     </span>
    </p>
   </div>
   <div class='ocr_carea' id='block_1_84' title="bbox 2263 4287 3824 4365">
    <p class='ocr_par' dir='ltr' id='par_1_84' title="bbox 2263 4292 3824 4365">
     <span class='ocr_line' id='line_1_84' title="bbox 2263 4292 3824 4365; baseline 0.006 -25"><span class='ocrx_word' id='word_1_570' title='bbox 2263 4309 2277 4340; x_wconf 90' lang='grc' dir='ltr'>ι</span> <span class='ocrx_word' id='word_1_571' title='bbox 2329 4292 2616 4365; x_wconf 84' lang='lat' dir='ltr'><strong>perniciem</strong></span> <span class='ocrx_word' id='word_1_572' title='bbox 2677 4295 2910 4365; x_wconf 76' lang='lat' dir='ltr'><strong>plebium</strong></span> <span class='ocrx_word' id='word_1_573' title='bbox 2977 4311 3120 4365; x_wconf 66' lang='grc' dir='ltr'>ειερο</span> <span class='ocrx_word' id='word_1_574' title='bbox 3177 4304 3535 4357; x_wconf 88' lang='lat' dir='ltr'><strong>veteraseunt,</strong></span> <span class='ocrx_word' id='word_1_575' title='bbox 3587 4295 3824 4364; x_wconf 78' lang='lat' dir='ltr'><strong>singulis</strong></span> 
     </span>
    </p>
   </div>
   <div class='ocr_carea' id='block_1_85' title="bbox 597 4359 2148 4426">
    <p class='ocr_par' dir='ltr' id='par_1_85' title="bbox 597 4359 2148 4426">
     <span class='ocr_line' id='line_1_85' title="bbox 597 4359 2148 4426; baseline -0.003 -14"><span class='ocrx_word' id='word_1_576' title='bbox 597 4361 671 4412; x_wconf 89' lang='lat' dir='ltr'><strong>hil</strong></span> <span class='ocrx_word' id='word_1_577' title='bbox 735 4359 881 4412; x_wconf 90' lang='lat' dir='ltr'><strong>aliud</strong></span> <span class='ocrx_word' id='word_1_578' title='bbox 937 4371 1043 4417; x_wconf 90' lang='lat' dir='ltr'><strong>est,</strong></span> <span class='ocrx_word' id='word_1_579' title='bbox 1106 4374 1266 4426; x_wconf 79' lang='lat' dir='ltr'><strong>quam</strong></span> <span class='ocrx_word' id='word_1_580' title='bbox 1327 4359 1519 4410; x_wconf 86' lang='lat' dir='ltr'><strong>titulus</strong></span> <span class='ocrx_word' id='word_1_581' title='bbox 1581 4359 1740 4410; x_wconf 87' lang='lat' dir='ltr'><strong>trium</strong></span> <span class='ocrx_word' id='word_1_582' title='bbox 1806 4359 2148 4424; x_wconf 82' lang='lat' dir='ltr'><strong>sequentium</strong></span> 
     </span>
    </p>
   </div>
   <div class='ocr_carea' id='block_1_86' title="bbox 594 4427 2154 4494">
    <p class='ocr_par' dir='ltr' id='par_1_86' title="bbox 594 4427 2154 4494">
     <span class='ocr_line' id='line_1_86' title="bbox 594 4427 2154 4494; baseline -0.002 -14"><span class='ocrx_word' id='word_1_583' title='bbox 594 4443 881 4480; x_wconf 87' lang='lat' dir='ltr'><strong>canonum.</strong></span> <span class='ocrx_word' id='word_1_584' title='bbox 943 4427 1233 4480; x_wconf 78' lang='lat' dir='ltr'><strong>Enimvero</strong></span> <span class='ocrx_word' id='word_1_585' title='bbox 1293 4429 1770 4480; x_wconf 80' lang='lat' dir='ltr'><strong>duodevicesimus</strong></span> <span class='ocrx_word' id='word_1_586' title='bbox 1817 4428 1976 4494; x_wconf 81' lang='lat' dir='ltr'><strong>hujus</strong></span> <span class='ocrx_word' id='word_1_587' title='bbox 2025 4443 2154 4479; x_wconf 80' lang='lat' dir='ltr'><strong>con-</strong></span> 
     </span>
    </p>
   </div>
   <div class='ocr_carea' id='block_1_87' title="bbox 596 4496 2154 4565">
    <p class='ocr_par' dir='ltr' id='par_1_87' title="bbox 596 4496 2154 4565">
     <span class='ocr_line' id='line_1_87' title="bbox 596 4496 2154 4565; baseline 0 -17"><span class='ocrx_word' id='word_1_588' title='bbox 596 4498 702 4548; x_wconf 89' lang='lat' dir='ltr'><strong>cilii</strong></span> <span class='ocrx_word' id='word_1_589' title='bbox 736 4513 907 4550; x_wconf 87' lang='lat' dir='ltr'><strong>canon</strong></span> <span class='ocrx_word' id='word_1_590' title='bbox 972 4497 1023 4548; x_wconf 92' lang='lat' dir='ltr'><strong>in</strong></span> <span class='ocrx_word' id='word_1_591' title='bbox 1085 4500 1401 4549; x_wconf 72' lang='lat' dir='ltr'><strong>t‘ollectmne</strong></span> <span class='ocrx_word' id='word_1_592' title='bbox 1460 4496 1782 4565; x_wconf 78' lang='lat' dir='ltr'><strong>Dionysium</strong></span> <span class='ocrx_word' id='word_1_593' title='bbox 1848 4498 1929 4548; x_wconf 87' lang='lat' dir='ltr'><strong>bis</strong></span> <span class='ocrx_word' id='word_1_594' title='bbox 1976 4497 2154 4548; x_wconf 80' lang='lat' dir='ltr'><strong>verbis</strong></span> 
     </span>
    </p>
   </div>
   <div class='ocr_carea' id='block_1_88' title="bbox 595 4577 932 4632">
    <p class='ocr_par' dir='ltr' id='par_1_88' title="bbox 595 4577 932 4632">
     <span class='ocr_line' id='line_1_88' title="bbox 595 4577 932 4632; baseline 0.003 -15"><span class='ocrx_word' id='word_1_595' title='bbox 595 4577 932 4632; x_wconf 68' lang='lat' dir='ltr'><strong>concipitur:</strong></span> 
     </span>
    </p>
   </div>
   <div class='ocr_carea' id='block_1_89' title="bbox 604 4633 2154 4701">
    <p class='ocr_par' dir='ltr' id='par_1_89' title="bbox 604 4633 2154 4701">
     <span class='ocr_line' id='line_1_89' title="bbox 604 4633 2154 4701; baseline -0.001 -14"><span class='ocrx_word' id='word_1_596' title='bbox 604 4633 658 4687; x_wconf 85' lang='lat' dir='ltr'><strong>Si</strong></span> <span class='ocrx_word' id='word_1_597' title='bbox 691 4639 806 4701; x_wconf 82' lang='lat' dir='ltr'><strong>quis</strong></span> <span class='ocrx_word' id='word_1_598' title='bbox 849 4637 1070 4687; x_wconf 76' lang='lat' dir='ltr'><strong>clericus</strong></span> <span class='ocrx_word' id='word_1_599' title='bbox 1102 4636 1402 4693; x_wconf 87' lang='lat' dir='ltr'><strong>ordinatur.</strong></span> <span class='ocrx_word' id='word_1_600' title='bbox 1442 4636 1640 4686; x_wconf 71' lang='lat' dir='ltr'><strong>moneri</strong></span> <span class='ocrx_word' id='word_1_601' title='bbox 1673 4636 1818 4686; x_wconf 77' lang='lat' dir='ltr'><strong>debet</strong></span> <span class='ocrx_word' id='word_1_602' title='bbox 1871 4637 2154 4686; x_wconf 83' lang='lat' dir='ltr'><strong>constituta</strong></span> 
     </span>
    </p>
   </div>
   <div class='ocr_carea' id='block_1_90' title="bbox 668 4704 2152 4770">
    <p class='ocr_par' dir='ltr' id='par_1_90' title="bbox 668 4704 2152 4770">
     <span class='ocr_line' id='line_1_90' title="bbox 668 4704 2152 4770; baseline 0 -16"><span class='ocrx_word' id='word_1_603' title='bbox 668 4721 912 4768; x_wconf 75' lang='lat' dir='ltr'><strong>servare;</strong></span> <span class='ocrx_word' id='word_1_604' title='bbox 972 4715 1018 4756; x_wconf 85' lang='lat' dir='ltr'><strong>et</strong></span> <span class='ocrx_word' id='word_1_605' title='bbox 1057 4715 1108 4755; x_wconf 89' lang='lat' dir='ltr'><strong>ut</strong></span> <span class='ocrx_word' id='word_1_606' title='bbox 1169 4705 1471 4770; x_wconf 76' lang='lat' dir='ltr'><strong>corporibus</strong></span> <span class='ocrx_word' id='word_1_607' title='bbox 1546 4704 1910 4770; x_wconf 72' lang='lat' dir='ltr'><strong>defunctorum</strong></span> <span class='ocrx_word' id='word_1_608' title='bbox 1965 4707 2152 4754; x_wconf 77' lang='lat' dir='ltr'><strong>eucha-</strong></span> 
     </span>
    </p>
   </div>
   <div class='ocr_carea' id='block_1_91' title="bbox 669 4771 2156 4837">
    <p class='ocr_par' dir='ltr' id='par_1_91' title="bbox 669 4771 2156 4837">
     <span class='ocr_line' id='line_1_91' title="bbox 669 4771 2156 4837; baseline -0.001 -14"><span class='ocrx_word' id='word_1_609' title='bbox 669 4776 820 4825; x_wconf 79' lang='lat' dir='ltr'><strong>ristia</strong></span> <span class='ocrx_word' id='word_1_610' title='bbox 857 4791 957 4826; x_wconf 81' lang='lat' dir='ltr'><strong>non</strong></span> <span class='ocrx_word' id='word_1_611' title='bbox 991 4776 1163 4834; x_wconf 82' lang='lat' dir='ltr'><strong>detur,</strong></span> <span class='ocrx_word' id='word_1_612' title='bbox 1224 4789 1312 4825; x_wconf 77' lang='lat' dir='ltr'><strong>nec</strong></span> <span class='ocrx_word' id='word_1_613' title='bbox 1371 4771 1658 4837; x_wconf 76' lang='lat' dir='ltr'><strong>baptisma;</strong></span> <span class='ocrx_word' id='word_1_614' title='bbox 1722 4781 1768 4824; x_wconf 89' lang='lat' dir='ltr'><strong>et</strong></span> <span class='ocrx_word' id='word_1_615' title='bbox 1823 4781 1876 4822; x_wconf 85' lang='lat' dir='ltr'><strong>ut</strong></span> <span class='ocrx_word' id='word_1_616' title='bbox 1907 4787 1997 4837; x_wconf 77' lang='lat' dir='ltr'><strong>per</strong></span> <span class='ocrx_word' id='word_1_617' title='bbox 2047 4774 2156 4824; x_wconf 84' lang='lat' dir='ltr'><strong>sin-</strong></span> 
     </span>
    </p>
   </div>
   <div class='ocr_carea' id='block_1_92' title="bbox 670 4840 2155 4908">
    <p class='ocr_par' dir='ltr' id='par_1_92' title="bbox 670 4840 2155 4908">
     <span class='ocr_line' id='line_1_92' title="bbox 670 4840 2155 4908; baseline -0.001 -15"><span class='ocrx_word' id='word_1_618' title='bbox 670 4844 816 4908; x_wconf 81' lang='lat' dir='ltr'><strong>gulos</strong></span> <span class='ocrx_word' id='word_1_619' title='bbox 847 4860 1008 4896; x_wconf 80' lang='lat' dir='ltr'><strong>annos</strong></span> <span class='ocrx_word' id='word_1_620' title='bbox 1064 4857 1152 4907; x_wconf 80' lang='lat' dir='ltr'><strong>per</strong></span> <span class='ocrx_word' id='word_1_621' title='bbox 1211 4859 1384 4894; x_wconf 81' lang='lat' dir='ltr'><strong>omnes</strong></span> <span class='ocrx_word' id='word_1_622' title='bbox 1441 4843 1734 4908; x_wconf 82' lang='lat' dir='ltr'><strong>provincias</strong></span> <span class='ocrx_word' id='word_1_623' title='bbox 1783 4840 1850 4891; x_wconf 81' lang='lat' dir='ltr'><strong>nd</strong></span> <span class='ocrx_word' id='word_1_624' title='bbox 1881 4843 2155 4894; x_wconf 86' lang='lat' dir='ltr'><strong>concilium</strong></span> 
     </span>
    </p>
   </div>
   <div class='ocr_carea' id='block_1_93' title="bbox 671 4916 1446 4978">
    <p class='ocr_par' dir='ltr' id='par_1_93' title="bbox 671 4916 1446 4978">
     <span class='ocr_line' id='line_1_93' title="bbox 671 4916 1446 4978; baseline 0.001 -16"><span class='ocrx_word' id='word_1_625' title='bbox 671 4916 1060 4978; x_wconf 78' lang='lat' dir='ltr'><strong>metropolitani</strong></span> <span class='ocrx_word' id='word_1_626' title='bbox 1089 4916 1446 4964; x_wconf 84' lang='lat' dir='ltr'><strong>conveniatur.</strong></span> 
     </span>
    </p>
   </div>
   <div class='ocr_carea' id='block_1_94' title="bbox 680 4980 2155 5048">
    <p class='ocr_par' dir='ltr' id='par_1_94' title="bbox 680 4980 2155 5048">
     <span class='ocr_line' id='line_1_94' title="bbox 680 4980 2155 5048; baseline 0.004 -20"><span class='ocrx_word' id='word_1_627' title='bbox 680 4999 697 5028; x_wconf 77' lang='grc' dir='ltr'>ι</span> <span class='ocrx_word' id='word_1_628' title='bbox 751 4983 876 5032; x_wconf 75' lang='lat' dir='ltr'><strong>Item</strong></span> <span class='ocrx_word' id='word_1_629' title='bbox 904 4983 1102 5047; x_wconf 82' lang='lat' dir='ltr'><strong>placuit</strong></span> <span class='ocrx_word' id='word_1_630' title='bbox 1129 4994 1184 5032; x_wconf 92' lang='lat' dir='ltr'><strong>ut</strong></span> <span class='ocrx_word' id='word_1_631' title='bbox 1220 4981 1485 5034; x_wconf 85' lang='lat' dir='ltr'><strong>ordinatis</strong></span> <span class='ocrx_word' id='word_1_632' title='bbox 1522 4981 1789 5048; x_wconf 79' lang='lat' dir='ltr'><strong>episcopis</strong></span> <span class='ocrx_word' id='word_1_633' title='bbox 1834 4980 1914 5032; x_wconf 87' lang='lat' dir='ltr'><strong>vel</strong></span> <span class='ocrx_word' id='word_1_634' title='bbox 1942 4980 2155 5035; x_wconf 83' lang='lat' dir='ltr'><strong>clericis</strong></span> 
     </span>
    </p>
   </div>
   <div class='ocr_carea' id='block_1_95' title="bbox 607 5050 2151 5115">
    <p class='ocr_par' dir='ltr' id='par_1_95' title="bbox 607 5050 2151 5115">
     <span class='ocr_line' id='line_1_95' title="bbox 607 5050 2151 5115; baseline 0.001 -16"><span class='ocrx_word' id='word_1_635' title='bbox 607 5069 624 5099; x_wconf 83' lang='grc' dir='ltr'>ι</span> <span class='ocrx_word' id='word_1_636' title='bbox 679 5052 826 5115; x_wconf 88' lang='lat' dir='ltr'><strong>prius</strong></span> <span class='ocrx_word' id='word_1_637' title='bbox 856 5055 918 5102; x_wconf 90' lang='lat' dir='ltr'><strong>ab</strong></span> <span class='ocrx_word' id='word_1_638' title='bbox 955 5050 1361 5102; x_wconf 83' lang='lat' dir='ltr'><strong>ordinatoribus</strong></span> <span class='ocrx_word' id='word_1_639' title='bbox 1390 5051 1502 5102; x_wconf 90' lang='lat' dir='ltr'><strong>suis</strong></span> <span class='ocrx_word' id='word_1_640' title='bbox 1551 5052 1744 5115; x_wconf 85' lang='lat' dir='ltr'><strong>placita</strong></span> <span class='ocrx_word' id='word_1_641' title='bbox 1797 5051 2151 5102; x_wconf 85' lang='lat' dir='ltr'><strong>conciliorum</strong></span> 
     </span>
    </p>
   </div>
   <div class='ocr_carea' id='block_1_96' title="bbox 609 5119 2152 5186">
    <p class='ocr_par' dir='ltr' id='par_1_96' title="bbox 609 5119 2152 5186">
     <span class='ocr_line' id='line_1_96' title="bbox 609 5119 2152 5186; baseline 0 -18"><span class='ocrx_word' id='word_1_642' title='bbox 609 5137 625 5164; x_wconf 79' lang='grc' dir='ltr'><strong><em>σ</em></strong></span> <span class='ocrx_word' id='word_1_643' title='bbox 673 5120 896 5172; x_wconf 76' lang='lat' dir='ltr'><strong>auribus</strong></span> <span class='ocrx_word' id='word_1_644' title='bbox 919 5136 1104 5172; x_wconf 88' lang='lat' dir='ltr'><strong>eorum</strong></span> <span class='ocrx_word' id='word_1_645' title='bbox 1133 5119 1508 5183; x_wconf 86' lang='lat' dir='ltr'><strong>inculcentur;</strong></span> <span class='ocrx_word' id='word_1_646' title='bbox 1542 5133 1607 5169; x_wconf 89' lang='lat' dir='ltr'><strong>ne</strong></span> <span class='ocrx_word' id='word_1_647' title='bbox 1639 5135 1695 5171; x_wconf 86' lang='lat' dir='ltr'><strong>se</strong></span> <span class='ocrx_word' id='word_1_648' title='bbox 1735 5119 1934 5186; x_wconf 86' lang='lat' dir='ltr'><strong>aliquid</strong></span> <span class='ocrx_word' id='word_1_649' title='bbox 1965 5129 2152 5172; x_wconf 77' lang='lat' dir='ltr'><strong>contra</strong></span> 
     </span>
    </p>
   </div>
   <div class='ocr_carea' id='block_1_97' title="bbox 610 5188 2156 5255">
    <p class='ocr_par' dir='ltr' id='par_1_97' title="bbox 610 5188 2156 5255">
     <span class='ocr_line' id='line_1_97' title="bbox 610 5188 2156 5255; baseline 0.003 -19"><span class='ocrx_word' id='word_1_650' title='bbox 610 5208 625 5236; x_wconf 78' lang='grc' dir='ltr'><strong>ι</strong></span> <span class='ocrx_word' id='word_1_651' title='bbox 675 5193 966 5240; x_wconf 84' lang='lat' dir='ltr'><strong>constituta</strong></span> <span class='ocrx_word' id='word_1_652' title='bbox 996 5188 1211 5242; x_wconf 86' lang='lat' dir='ltr'><strong>concilii</strong></span> <span class='ocrx_word' id='word_1_653' title='bbox 1238 5189 1429 5241; x_wconf 73' lang='lat' dir='ltr'><strong>fecisse</strong></span> <span class='ocrx_word' id='word_1_654' title='bbox 1461 5188 1780 5255; x_wconf 69' lang='lat' dir='ltr'><strong>pmniteant.</strong></span> <span class='ocrx_word' id='word_1_655' title='bbox 1803 5188 1929 5240; x_wconf 82' lang='lat' dir='ltr'><strong>item</strong></span> <span class='ocrx_word' id='word_1_656' title='bbox 1957 5190 2156 5254; x_wconf 90' lang='lat' dir='ltr'><strong>placuit</strong></span> 
     </span>
    </p>
   </div>
   <div class='ocr_carea' id='block_1_98' title="bbox 613 5257 2158 5325">
    <p class='ocr_par' dir='ltr' id='par_1_98' title="bbox 613 5257 2158 5325">
     <span class='ocr_line' id='line_1_98' title="bbox 613 5257 2158 5325; baseline 0.005 -22"><span class='ocrx_word' id='word_1_657' title='bbox 613 5277 626 5303; x_wconf 83' lang='grc' dir='ltr'>ι</span> <span class='ocrx_word' id='word_1_658' title='bbox 678 5265 733 5307; x_wconf 84' lang='grc' dir='ltr'><strong>ιιι</strong></span> <span class='ocrx_word' id='word_1_659' title='bbox 765 5259 1088 5325; x_wconf 85' lang='lat' dir='ltr'><strong>corpOribus</strong></span> <span class='ocrx_word' id='word_1_660' title='bbox 1117 5259 1496 5311; x_wconf 81' lang='lat' dir='ltr'><strong>defunctorum</strong></span> <span class='ocrx_word' id='word_1_661' title='bbox 1530 5257 1856 5311; x_wconf 85' lang='lat' dir='ltr'><strong>eticharistia</strong></span> <span class='ocrx_word' id='word_1_662' title='bbox 1903 5273 2008 5308; x_wconf 89' lang='lat' dir='ltr'><strong>non</strong></span> <span class='ocrx_word' id='word_1_663' title='bbox 2063 5260 2158 5310; x_wconf 89' lang='lat' dir='ltr'><strong>de-</strong></span> 
     </span>
    </p>
   </div>
   <div class='ocr_carea' id='block_1_99' title="bbox 612 5325 2159 5394">
    <p class='ocr_par' dir='ltr' id='par_1_99' title="bbox 612 5325 2159 5394">
     <span class='ocr_line' id='line_1_99' title="bbox 612 5325 2159 5394; baseline 0.005 -22"><span class='ocrx_word' id='word_1_664' title='bbox 612 5345 626 5371; x_wconf 81' lang='grc' dir='ltr'><strong>ε</strong></span> <span class='ocrx_word' id='word_1_665' title='bbox 679 5339 784 5376; x_wconf 83' lang='lat' dir='ltr'><strong>tur.</strong></span> <span class='ocrx_word' id='word_1_666' title='bbox 818 5325 1088 5394; x_wconf 85' lang='lat' dir='ltr'><strong>Scriptum</strong></span> <span class='ocrx_word' id='word_1_667' title='bbox 1119 5340 1201 5379; x_wconf 81' lang='lat' dir='ltr'><strong>est</strong></span> <span class='ocrx_word' id='word_1_668' title='bbox 1230 5329 1372 5378; x_wconf 83' lang='lat' dir='ltr'><strong>cnim</strong></span> <span class='ocrx_word' id='word_1_669' title='bbox 1401 5344 1412 5378; x_wconf 87' lang='lat'><strong>:</strong></span> <span class='ocrx_word' id='word_1_670' title='bbox 1445 5327 1684 5393; x_wconf 80' lang='lat' dir='ltr'><strong>Accipite</strong></span> <span class='ocrx_word' id='word_1_671' title='bbox 1710 5337 1762 5379; x_wconf 88' lang='lat' dir='ltr'><strong>et</strong></span> <span class='ocrx_word' id='word_1_672' title='bbox 1793 5328 1932 5378; x_wconf 86' lang='lat' dir='ltr'><strong>edite</strong></span> <span class='ocrx_word' id='word_1_673' title='bbox 1976 5326 2159 5391; x_wconf 86' lang='lat' dir='ltr'><strong>(cada-</strong></span> 
     </span>
    </p>
   </div>
   <div class='ocr_carea' id='block_1_100' title="bbox 613 5395 2152 5464">
    <p class='ocr_par' dir='ltr' id='par_1_100' title="bbox 613 5395 2152 5464">
     <span class='ocr_line' id='line_1_100' title="bbox 613 5395 2152 5464; baseline 0.004 -21"><span class='ocrx_word' id='word_1_674' title='bbox 613 5416 629 5443; x_wconf 77' lang='grc' dir='ltr'><strong>ι</strong></span> <span class='ocrx_word' id='word_1_675' title='bbox 682 5409 801 5464; x_wconf 61' lang='lat' dir='ltr'><strong>vera</strong></span> <span class='ocrx_word' id='word_1_676' title='bbox 858 5406 1034 5447; x_wconf 54' lang='lat' dir='ltr'><strong>autem</strong></span> <span class='ocrx_word' id='word_1_677' title='bbox 1095 5411 1192 5448; x_wconf 87' lang='lat' dir='ltr'><strong>nec</strong></span> <span class='ocrx_word' id='word_1_678' title='bbox 1235 5411 1476 5462; x_wconf 71' lang='lat' dir='ltr'><strong>accxpere</strong></span> <span class='ocrx_word' id='word_1_679' title='bbox 1519 5405 1762 5464; x_wconf 71' lang='lat' dir='ltr'><strong>possitnt,</strong></span> <span class='ocrx_word' id='word_1_680' title='bbox 1812 5411 1910 5448; x_wconf 92' lang='lat' dir='ltr'><strong>nec</strong></span> <span class='ocrx_word' id='word_1_681' title='bbox 1945 5395 2152 5449; x_wconf 85' lang='lat' dir='ltr'><strong>cderel.</strong></span> 
     </span>
    </p>
   </div>
   <div class='ocr_carea' id='block_1_101' title="bbox 611 5462 2156 5532">
    <p class='ocr_par' dir='ltr' id='par_1_101' title="bbox 611 5462 2156 5532">
     <span class='ocr_line' id='line_1_101' title="bbox 611 5462 2156 5532; baseline 0.004 -21"><span class='ocrx_word' id='word_1_682' title='bbox 611 5487 626 5511; x_wconf 69' lang='grc' dir='ltr'><strong>ν</strong></span> <span class='ocrx_word' id='word_1_683' title='bbox 681 5462 836 5515; x_wconf 66' lang='grc' dir='ltr'>Ιῦιιιο</span> <span class='ocrx_word' id='word_1_684' title='bbox 897 5467 1006 5531; x_wconf 88' lang='lat' dir='ltr'><strong>jam</strong></span> <span class='ocrx_word' id='word_1_685' title='bbox 1069 5472 1312 5518; x_wconf 74' lang='lat' dir='ltr'><strong>mortuos</strong></span> <span class='ocrx_word' id='word_1_686' title='bbox 1368 5462 1610 5517; x_wconf 84' lang='lat' dir='ltr'><strong>homines</strong></span> <span class='ocrx_word' id='word_1_687' title='bbox 1679 5464 1935 5532; x_wconf 86' lang='lat' dir='ltr'><strong>baptizari</strong></span> <span class='ocrx_word' id='word_1_688' title='bbox 1992 5464 2156 5517; x_wconf 78' lang='lat' dir='ltr'><strong>faciat</strong></span> 
     </span>
    </p>
   </div>
   <div class='ocr_carea' id='block_1_102' title="bbox 611 5532 2156 5604">
    <p class='ocr_par' dir='ltr' id='par_1_102' title="bbox 611 5532 2156 5604">
     <span class='ocr_line' id='line_1_102' title="bbox 611 5532 2156 5604; baseline -0.002 -21"><span class='ocrx_word' id='word_1_689' title='bbox 611 5556 627 5578; x_wconf 74' lang='grc' dir='ltr'><strong>ι</strong></span> <span class='ocrx_word' id='word_1_690' title='bbox 679 5534 1118 5604; x_wconf 67' lang='lat' dir='ltr'><strong>presbyterorum</strong></span> <span class='ocrx_word' id='word_1_691' title='bbox 1145 5535 1381 5602; x_wconf 71' lang='lat' dir='ltr'><strong>ignavia.</strong></span> <span class='ocrx_word' id='word_1_692' title='bbox 1417 5532 1518 5585; x_wconf 68' lang='lat' dir='ltr'><strong>Pro</strong></span> <span class='ocrx_word' id='word_1_693' title='bbox 1554 5549 1657 5602; x_wconf 88' lang='lat' dir='ltr'><strong>qua</strong></span> <span class='ocrx_word' id='word_1_694' title='bbox 1711 5551 1766 5588; x_wconf 85' lang='lat' dir='ltr'><strong>re</strong></span> <span class='ocrx_word' id='word_1_695' title='bbox 1826 5534 2156 5604; x_wconf 74' lang='lat' dir='ltr'><strong>coniirtnaa-</strong></span> 
     </span>
    </p>
   </div>
   <div class='ocr_carea' id='block_1_103' title="bbox 612 5601 2156 5673">
    <p class='ocr_par' dir='ltr' id='par_1_103' title="bbox 612 5601 2156 5673">
     <span class='ocr_line' id='line_1_103' title="bbox 612 5601 2156 5673; baseline 0.003 -23"><span class='ocrx_word' id='word_1_696' title='bbox 612 5623 628 5651; x_wconf 78' lang='grc' dir='ltr'>ι</span> <span class='ocrx_word' id='word_1_697' title='bbox 679 5605 803 5655; x_wconf 90' lang='lat' dir='ltr'><strong>dum</strong></span> <span class='ocrx_word' id='word_1_698' title='bbox 846 5601 927 5658; x_wconf 77' lang='lat' dir='ltr'><strong>est</strong></span> <span class='ocrx_word' id='word_1_699' title='bbox 986 5605 1036 5656; x_wconf 92' lang='lat' dir='ltr'><strong>in</strong></span> <span class='ocrx_word' id='word_1_700' title='bbox 1081 5608 1177 5655; x_wconf 87' lang='lat' dir='ltr'><strong>hac</strong></span> <span class='ocrx_word' id='word_1_701' title='bbox 1202 5605 1427 5673; x_wconf 82' lang='lat' dir='ltr'><strong>synodo,</strong></span> <span class='ocrx_word' id='word_1_702' title='bbox 1491 5614 1542 5654; x_wconf 93' lang='lat' dir='ltr'><strong>ut</strong></span> <span class='ocrx_word' id='word_1_703' title='bbox 1574 5601 1894 5656; x_wconf 73' lang='lat' dir='ltr'><strong>secandum</strong></span> <span class='ocrx_word' id='word_1_704' title='bbox 1944 5601 2156 5673; x_wconf 58' lang='lat' dir='ltr'><strong>Nicena</strong></span> 
     </span>
    </p>
   </div>
   <div class='ocr_carea' id='block_1_104' title="bbox 614 5670 2156 5739">
    <p class='ocr_par' dir='ltr' id='par_1_104' title="bbox 614 5670 2156 5739">
     <span class='ocr_line' id='line_1_104' title="bbox 614 5670 2156 5739; baseline 0 -16"><span class='ocrx_word' id='word_1_705' title='bbox 614 5695 630 5723; x_wconf 76' lang='grc' dir='ltr'><strong>ι</strong></span> <span class='ocrx_word' id='word_1_706' title='bbox 680 5680 903 5737; x_wconf 85' lang='lat' dir='ltr'><strong>statuta,</strong></span> <span class='ocrx_word' id='word_1_707' title='bbox 954 5686 1171 5738; x_wconf 82' lang='lat' dir='ltr'><strong>propter</strong></span> <span class='ocrx_word' id='word_1_708' title='bbox 1225 5670 1418 5726; x_wconf 82' lang='lat' dir='ltr'><strong>causas</strong></span> <span class='ocrx_word' id='word_1_709' title='bbox 1477 5674 2044 5739; x_wconf 65' lang='lat' dir='ltr'><strong>i-crl:rsia~tlic;is,qu.e</strong></span> <span class='ocrx_word' id='word_1_710' title='bbox 2092 5670 2156 5723; x_wconf 85' lang='lat' dir='ltr'><strong>ad</strong></span> 
     </span>
    </p>
   </div>
   <div class='ocr_carea' id='block_1_105' title="bbox 2266 4363 3824 4428">
    <p class='ocr_par' dir='ltr' id='par_1_105' title="bbox 2266 4363 3824 4428">
     <span class='ocr_line' id='line_1_105' title="bbox 2266 4363 3824 4428; baseline 0.003 -19"><span class='ocrx_word' id='word_1_711' title='bbox 2266 4379 2282 4409; x_wconf 88' lang='grc' dir='ltr'>ι</span> <span class='ocrx_word' id='word_1_712' title='bbox 2333 4364 2640 4428; x_wconf 78' lang='lat' dir='ltr'><strong>quibusque</strong></span> <span class='ocrx_word' id='word_1_713' title='bbox 2667 4363 2822 4414; x_wconf 79' lang='lat' dir='ltr'><strong>anuis</strong></span> <span class='ocrx_word' id='word_1_714' title='bbox 2854 4363 3146 4416; x_wconf 82' lang='lat' dir='ltr'><strong>concilium</strong></span> <span class='ocrx_word' id='word_1_715' title='bbox 3181 4374 3529 4426; x_wconf 76' lang='lat' dir='ltr'><strong>convocetur,</strong></span> <span class='ocrx_word' id='word_1_716' title='bbox 3563 4367 3625 4415; x_wconf 83' lang='lat' dir='ltr'><strong>ad</strong></span> <span class='ocrx_word' id='word_1_717' title='bbox 3675 4363 3824 4427; x_wconf 65' lang='grc' dir='ltr'>ιιιιυιι</span> 
     </span>
    </p>
   </div>
   <div class='ocr_carea' id='block_1_106' title="bbox 2269 4432 3824 4501">
    <p class='ocr_par' dir='ltr' id='par_1_106' title="bbox 2269 4432 3824 4501">
     <span class='ocr_line' id='line_1_106' title="bbox 2269 4432 3824 4501; baseline 0.004 -23"><span class='ocrx_word' id='word_1_718' title='bbox 2269 4450 2285 4478; x_wconf 76' lang='grc' dir='ltr'><strong>ι</strong></span> <span class='ocrx_word' id='word_1_719' title='bbox 2339 4445 2528 4481; x_wconf 85' lang='lat' dir='ltr'><strong>omm-s</strong></span> <span class='ocrx_word' id='word_1_720' title='bbox 2565 4432 2872 4498; x_wconf 63' lang='lat' dir='ltr'><strong>provinciae.</strong></span> <span class='ocrx_word' id='word_1_721' title='bbox 2913 4451 3033 4499; x_wconf 72' lang='lat' dir='ltr'><strong>qua:</strong></span> <span class='ocrx_word' id='word_1_722' title='bbox 3076 4434 3276 4501; x_wconf 88' lang='lat' dir='ltr'><strong>primas</strong></span> <span class='ocrx_word' id='word_1_723' title='bbox 3311 4433 3466 4485; x_wconf 79' lang='lat' dir='ltr'><strong>sedes</strong></span> <span class='ocrx_word' id='word_1_724' title='bbox 3503 4432 3716 4493; x_wconf 76' lang='lat' dir='ltr'><strong>habent,</strong></span> <span class='ocrx_word' id='word_1_725' title='bbox 3753 4435 3824 4484; x_wconf 76' lang='lat' dir='ltr'><strong>de</strong></span> 
     </span>
    </p>
   </div>
   <div class='ocr_carea' id='block_1_107' title="bbox 2269 4500 3820 4568">
    <p class='ocr_par' dir='ltr' id='par_1_107' title="bbox 2269 4500 3820 4568">
     <span class='ocr_line' id='line_1_107' title="bbox 2269 4500 3820 4568; baseline 0.003 -23"><span class='ocrx_word' id='word_1_726' title='bbox 2269 4517 2285 4545; x_wconf 79' lang='grc' dir='ltr'><strong>ε</strong></span> <span class='ocrx_word' id='word_1_727' title='bbox 2334 4500 2583 4552; x_wconf 76' lang='lat' dir='ltr'><strong>conciliis</strong></span> <span class='ocrx_word' id='word_1_728' title='bbox 2655 4502 2770 4553; x_wconf 91' lang='lat' dir='ltr'><strong>suis</strong></span> <span class='ocrx_word' id='word_1_729' title='bbox 2821 4502 2995 4562; x_wconf 89' lang='lat' dir='ltr'><strong>binos,</strong></span> <span class='ocrx_word' id='word_1_730' title='bbox 3064 4500 3155 4553; x_wconf 78' lang='lat' dir='ltr'><strong>aut</strong></span> <span class='ocrx_word' id='word_1_731' title='bbox 3215 4513 3445 4568; x_wconf 83' lang='lat' dir='ltr'><strong>quantos</strong></span> <span class='ocrx_word' id='word_1_732' title='bbox 3496 4503 3820 4566; x_wconf 48' lang='lat' dir='ltr'><strong>delegerit»,</strong></span> 
     </span>
    </p>
   </div>
   <div class='ocr_carea' id='block_1_108' title="bbox 2272 4569 3827 4636">
    <p class='ocr_par' dir='ltr' id='par_1_108' title="bbox 2272 4569 3827 4636">
     <span class='ocr_line' id='line_1_108' title="bbox 2272 4569 3827 4636; baseline 0.001 -20"><span class='ocrx_word' id='word_1_733' title='bbox 2272 4584 2287 4615; x_wconf 87' lang='grc' dir='ltr'><strong>ι</strong></span> <span class='ocrx_word' id='word_1_734' title='bbox 2336 4569 2625 4635; x_wconf 85' lang='lat' dir='ltr'><strong>episcopos</strong></span> <span class='ocrx_word' id='word_1_735' title='bbox 2664 4570 2870 4636; x_wconf 77' lang='lat' dir='ltr'><strong>legatos</strong></span> <span class='ocrx_word' id='word_1_736' title='bbox 2915 4573 3157 4627; x_wconf 86' lang='lat' dir='ltr'><strong>mittant,</strong></span> <span class='ocrx_word' id='word_1_737' title='bbox 3210 4581 3267 4621; x_wconf 88' lang='lat' dir='ltr'><strong>ut</strong></span> <span class='ocrx_word' id='word_1_738' title='bbox 3313 4581 3637 4635; x_wconf 71' lang='lat' dir='ltr'><strong>congregato</strong></span> <span class='ocrx_word' id='word_1_739' title='bbox 3690 4589 3827 4620; x_wconf 79' lang='lat' dir='ltr'><strong>C(m-</strong></span> 
     </span>
    </p>
   </div>
   <div class='ocr_carea' id='block_1_109' title="bbox 2269 4638 3468 4705">
    <p class='ocr_par' dir='ltr' id='par_1_109' title="bbox 2269 4638 3468 4705">
     <span class='ocr_line' id='line_1_109' title="bbox 2269 4638 3468 4705; baseline 0.003 -22"><span class='ocrx_word' id='word_1_740' title='bbox 2269 4654 2284 4683; x_wconf 82' lang='grc' dir='ltr'>ι</span> <span class='ocrx_word' id='word_1_741' title='bbox 2337 4638 2711 4705; x_wconf 38' lang='grc' dir='ltr'>ν-ειιιιινριθιιιι</span> <span class='ocrx_word' id='word_1_742' title='bbox 2735 4641 3043 4705; x_wconf 75' lang='lat' dir='ltr'><strong>possitesse</strong></span> <span class='ocrx_word' id='word_1_743' title='bbox 3075 4640 3396 4690; x_wconf 86' lang='lat' dir='ltr'><strong>auctoritas.</strong></span> <span class='ocrx_word' id='word_1_744' title='bbox 3451 4657 3468 4687; x_wconf 68' lang='grc' dir='ltr'><strong>ι</strong></span> 
     </span>
    </p>
   </div>
   <div class='ocr_carea' id='block_1_110' title="bbox 2337 4703 3828 4761">
    <p class='ocr_par' dir='ltr' id='par_1_110' title="bbox 2337 4703 3828 4761">
     <span class='ocr_line' id='line_1_110' title="bbox 2337 4703 3828 4761; baseline 0.001 -7"><span class='ocrx_word' id='word_1_745' title='bbox 2337 4703 2492 4757; x_wconf 76' lang='grc' dir='ltr'>Ηιιιιιε</span> <span class='ocrx_word' id='word_1_746' title='bbox 2522 4703 2692 4758; x_wconf 69' lang='lat' dir='ltr'><strong>Graeci</strong></span> <span class='ocrx_word' id='word_1_747' title='bbox 2723 4703 3050 4760; x_wconf 81' lang='lat' dir='ltr'><strong>scholiastes</strong></span> <span class='ocrx_word' id='word_1_748' title='bbox 3103 4708 3156 4759; x_wconf 92' lang='lat' dir='ltr'><strong>in</strong></span> <span class='ocrx_word' id='word_1_749' title='bbox 3185 4716 3295 4761; x_wconf 88' lang='lat' dir='ltr'><strong>tres</strong></span> <span class='ocrx_word' id='word_1_750' title='bbox 3327 4706 3670 4759; x_wconf 86' lang='lat' dir='ltr'><strong>distribuunt</strong></span> <span class='ocrx_word' id='word_1_751' title='bbox 3730 4721 3828 4758; x_wconf 83' lang='lat' dir='ltr'><strong>ca-</strong></span> 
     </span>
    </p>
   </div>
   <div class='ocr_carea' id='block_1_111' title="bbox 2266 4775 3826 4842">
    <p class='ocr_par' dir='ltr' id='par_1_111' title="bbox 2266 4775 3826 4842">
     <span class='ocr_line' id='line_1_111' title="bbox 2266 4775 3826 4842; baseline 0.002 -17"><span class='ocrx_word' id='word_1_752' title='bbox 2266 4788 2478 4834; x_wconf 84' lang='lat' dir='ltr'><strong>nones;</strong></span> <span class='ocrx_word' id='word_1_753' title='bbox 2510 4782 2565 4828; x_wconf 89' lang='lat' dir='ltr'><strong>et</strong></span> <span class='ocrx_word' id='word_1_754' title='bbox 2596 4775 2759 4825; x_wconf 82' lang='lat' dir='ltr'><strong>alium</strong></span> <span class='ocrx_word' id='word_1_755' title='bbox 2814 4791 3029 4842; x_wconf 83' lang='lat' dir='ltr'><strong>quoque</strong></span> <span class='ocrx_word' id='word_1_756' title='bbox 3063 4792 3126 4828; x_wconf 77' lang='lat' dir='ltr'><strong>ex</strong></span> <span class='ocrx_word' id='word_1_757' title='bbox 3175 4776 3292 4841; x_wconf 87' lang='lat' dir='ltr'><strong>ipso</strong></span> <span class='ocrx_word' id='word_1_758' title='bbox 3339 4777 3491 4827; x_wconf 84' lang='lat' dir='ltr'><strong>titulo</strong></span> <span class='ocrx_word' id='word_1_759' title='bbox 3542 4779 3826 4842; x_wconf 74' lang='lat' dir='ltr'><strong>pranuisso</strong></span> 
     </span>
    </p>
   </div>
   <div class='ocr_carea' id='block_1_112' title="bbox 2264 4843 3821 4911">
    <p class='ocr_par' dir='ltr' id='par_1_112' title="bbox 2264 4843 3821 4911">
     <span class='ocr_line' id='line_1_112' title="bbox 2264 4843 3821 4911; baseline 0.001 -17"><span class='ocrx_word' id='word_1_760' title='bbox 2264 4843 2622 4902; x_wconf 81' lang='lat' dir='ltr'><strong>constituunt,</strong></span> <span class='ocrx_word' id='word_1_761' title='bbox 2660 4858 2818 4911; x_wconf 82' lang='lat' dir='ltr'><strong>quem</strong></span> <span class='ocrx_word' id='word_1_762' title='bbox 2856 4846 3030 4897; x_wconf 90' lang='lat' dir='ltr'><strong>solum</strong></span> <span class='ocrx_word' id='word_1_763' title='bbox 3077 4845 3581 4898; x_wconf 71' lang='lat' dir='ltr'><strong>duodevicesimum</strong></span> <span class='ocrx_word' id='word_1_764' title='bbox 3634 4849 3821 4907; x_wconf 83' lang='lat' dir='ltr'><strong>appel-</strong></span> 
     </span>
    </p>
   </div>
   <div class='ocr_carea' id='block_1_113' title="bbox 2267 4912 3821 4980">
    <p class='ocr_par' dir='ltr' id='par_1_113' title="bbox 2267 4912 3821 4980">
     <span class='ocr_line' id='line_1_113' title="bbox 2267 4912 3821 4980; baseline -0.001 -17"><span class='ocrx_word' id='word_1_765' title='bbox 2267 4916 2397 4969; x_wconf 79' lang='lat' dir='ltr'><strong>lant,</strong></span> <span class='ocrx_word' id='word_1_766' title='bbox 2431 4914 2528 4963; x_wconf 90' lang='lat' dir='ltr'><strong>sub</strong></span> <span class='ocrx_word' id='word_1_767' title='bbox 2577 4929 2681 4979; x_wconf 86' lang='lat' dir='ltr'><strong>quo</strong></span> <span class='ocrx_word' id='word_1_768' title='bbox 2723 4915 2944 4965; x_wconf 88' lang='lat' dir='ltr'><strong>nomine</strong></span> <span class='ocrx_word' id='word_1_769' title='bbox 2997 4929 3022 4965; x_wconf 87' lang='lat' dir='ltr'><strong>a</strong></span> <span class='ocrx_word' id='word_1_770' title='bbox 3085 4912 3400 4965; x_wconf 83' lang='lat' dir='ltr'><strong>Balsamnne</strong></span> <span class='ocrx_word' id='word_1_771' title='bbox 3436 4919 3707 4980; x_wconf 79' lang='lat' dir='ltr'><strong>respo.:sis</strong></span> <span class='ocrx_word' id='word_1_772' title='bbox 3755 4914 3821 4963; x_wconf 88' lang='lat' dir='ltr'><strong>ad</strong></span> 
     </span>
    </p>
   </div>
   <div class='ocr_carea' id='block_1_114' title="bbox 2266 4981 3822 5046">
    <p class='ocr_par' dir='ltr' id='par_1_114' title="bbox 2266 4981 3822 5046">
     <span class='ocr_line' id='line_1_114' title="bbox 2266 4981 3822 5046; baseline -0.001 -14"><span class='ocrx_word' id='word_1_773' title='bbox 2266 4981 2504 5032; x_wconf 81' lang='lat' dir='ltr'><strong>Marcum</strong></span> <span class='ocrx_word' id='word_1_774' title='bbox 2535 4981 2963 5034; x_wconf 63' lang='lat' dir='ltr'><strong>Alexandrinum</strong></span> <span class='ocrx_word' id='word_1_775' title='bbox 3000 4983 3238 5033; x_wconf 79' lang='lat' dir='ltr'><strong>citatur:</strong></span> <span class='ocrx_word' id='word_1_776' title='bbox 3279 4983 3365 5033; x_wconf 90' lang='lat' dir='ltr'><strong>ubi</strong></span> <span class='ocrx_word' id='word_1_777' title='bbox 3398 4997 3460 5034; x_wconf 81' lang='lat' dir='ltr'><strong>ex</strong></span> <span class='ocrx_word' id='word_1_778' title='bbox 3497 4999 3559 5031; x_wconf 76' lang='lat' dir='ltr'><strong>eo</strong></span> <span class='ocrx_word' id='word_1_779' title='bbox 3593 4981 3822 5046; x_wconf 77' lang='lat' dir='ltr'><strong>coJigi&#39;,</strong></span> 
     </span>
    </p>
   </div>
   <div class='ocr_carea' id='block_1_115' title="bbox 2266 5050 3820 5118">
    <p class='ocr_par' dir='ltr' id='par_1_115' title="bbox 2266 5050 3820 5118">
     <span class='ocr_line' id='line_1_115' title="bbox 2266 5050 3820 5118; baseline -0.003 -16"><span class='ocrx_word' id='word_1_780' title='bbox 2266 5065 2454 5118; x_wconf 65' lang='lat' dir='ltr'><strong>pinnas</strong></span> <span class='ocrx_word' id='word_1_781' title='bbox 2508 5053 2576 5102; x_wconf 91' lang='lat' dir='ltr'><strong>ab</strong></span> <span class='ocrx_word' id='word_1_782' title='bbox 2632 5050 2700 5102; x_wconf 87' lang='lat' dir='ltr'><strong>iis</strong></span> <span class='ocrx_word' id='word_1_783' title='bbox 2751 5051 3046 5118; x_wconf 73' lang='lat' dir='ltr'><strong>exigendas</strong></span> <span class='ocrx_word' id='word_1_784' title='bbox 3089 5065 3230 5113; x_wconf 86' lang='lat' dir='ltr'><strong>esse,</strong></span> <span class='ocrx_word' id='word_1_785' title='bbox 3296 5050 3385 5118; x_wconf 89' lang='lat' dir='ltr'><strong>qui</strong></span> <span class='ocrx_word' id='word_1_786' title='bbox 3443 5063 3687 5102; x_wconf 82' lang='lat' dir='ltr'><strong>nortuos</strong></span> <span class='ocrx_word' id='word_1_787' title='bbox 3722 5065 3820 5100; x_wconf 60' lang='lat' dir='ltr'><strong>uu-</strong></span> 
     </span>
    </p>
   </div>
   <div class='ocr_carea' id='block_1_116' title="bbox 2265 5118 3826 5188">
    <p class='ocr_par' dir='ltr' id='par_1_116' title="bbox 2265 5118 3826 5188">
     <span class='ocr_line' id='line_1_116' title="bbox 2265 5118 3826 5188; baseline 0 -19"><span class='ocrx_word' id='word_1_788' title='bbox 2265 5128 2461 5188; x_wconf 64' lang='lat' dir='ltr'><strong>guento</strong></span> <span class='ocrx_word' id='word_1_789' title='bbox 2489 5119 2780 5173; x_wconf 88' lang='lat' dir='ltr'><strong>delininnt.</strong></span> <span class='ocrx_word' id='word_1_790' title='bbox 2816 5119 2940 5172; x_wconf 77' lang='lat' dir='ltr'><strong>Post</strong></span> <span class='ocrx_word' id='word_1_791' title='bbox 2969 5122 3130 5188; x_wconf 75' lang='lat' dir='ltr'><strong>verba</strong></span> <span class='ocrx_word' id='word_1_792' title='bbox 3186 5119 3328 5172; x_wconf 90' lang='lat' dir='ltr'><strong>enim</strong></span> <span class='ocrx_word' id='word_1_793' title='bbox 3385 5118 3545 5184; x_wconf 69' lang='lat' dir='ltr'><strong>hujus</strong></span> <span class='ocrx_word' id='word_1_794' title='bbox 3597 5133 3826 5188; x_wconf 69' lang='lat' dir='ltr'><strong>l‘alloll&#39;S</strong></span> 
     </span>
    </p>
   </div>
   <div class='ocr_carea' id='block_1_117' title="bbox 2263 5187 3822 5254">
    <p class='ocr_par' dir='ltr' id='par_1_117' title="bbox 2263 5187 3822 5254">
     <span class='ocr_line' id='line_1_117' title="bbox 2263 5187 3822 5254; baseline -0.003 -14"><span class='ocrx_word' id='word_1_795' title='bbox 2263 5187 2502 5249; x_wconf 83' lang='lat' dir='ltr'><strong>laudata,</strong></span> <span class='ocrx_word' id='word_1_796' title='bbox 2551 5189 2719 5240; x_wconf 82' lang='lat' dir='ltr'><strong>addit.</strong></span> <span class='ocrx_word' id='word_1_797' title='bbox 2781 5190 2842 5240; x_wconf 82' lang='lat' dir='ltr'><strong>Ol</strong></span> <span class='ocrx_word' id='word_1_798' title='bbox 2903 5187 3140 5253; x_wconf 70' lang='grc' dir='ltr'>γοῦνδιὰ</span> <span class='ocrx_word' id='word_1_799' title='bbox 3172 5188 3344 5254; x_wconf 86' lang='grc' dir='ltr'>μύρου</span> <span class='ocrx_word' id='word_1_800' title='bbox 3398 5189 3642 5254; x_wconf 52' lang='grc' dir='ltr'>χρίονιε,</span> <span class='ocrx_word' id='word_1_801' title='bbox 3694 5187 3822 5244; x_wconf 66' lang='grc' dir='ltr'>τοὺς</span> 
     </span>
    </p>
   </div>
   <div class='ocr_carea' id='block_1_118' title="bbox 2262 5255 3822 5324">
    <p class='ocr_par' dir='ltr' id='par_1_118' title="bbox 2262 5255 3822 5324">
     <span class='ocr_line' id='line_1_118' title="bbox 2262 5255 3822 5324; baseline -0.004 -17"><span class='ocrx_word' id='word_1_802' title='bbox 2262 5257 2626 5317; x_wconf 72' lang='grc' dir='ltr'>τελευτῶντας</span> <span class='ocrx_word' id='word_1_803' title='bbox 2654 5258 2815 5324; x_wconf 77' lang='grc' dir='ltr'>ἱερεῖς</span> <span class='ocrx_word' id='word_1_804' title='bbox 2849 5259 2942 5308; x_wconf 69' lang='grc' dir='ltr'>καὶ</span> <span class='ocrx_word' id='word_1_805' title='bbox 2983 5259 3278 5324; x_wconf 78' lang='grc' dir='ltr'>ἀρχιερεῖς,</span> <span class='ocrx_word' id='word_1_806' title='bbox 3308 5255 3339 5323; x_wconf 84' lang='grc' dir='ltr'>ἢ</span> <span class='ocrx_word' id='word_1_807' title='bbox 3389 5257 3625 5324; x_wconf 51' lang='grc' dir='ltr'>ἐτέρους</span> <span class='ocrx_word' id='word_1_808' title='bbox 3649 5260 3822 5314; x_wconf 67' lang='grc' dir='ltr'>τινας,</span> 
     </span>
    </p>
   </div>
   <div class='ocr_carea' id='block_1_119' title="bbox 2266 5321 3823 5392">
    <p class='ocr_par' dir='ltr' id='par_1_119' title="bbox 2266 5321 3823 5392">
     <span class='ocr_line' id='line_1_119' title="bbox 2266 5321 3823 5392; baseline -0.006 -15"><span class='ocrx_word' id='word_1_809' title='bbox 2266 5327 2358 5377; x_wconf 80' lang='grc' dir='ltr'>καὶ</span> <span class='ocrx_word' id='word_1_810' title='bbox 2409 5324 2576 5384; x_wconf 68' lang='grc' dir='ltr'>οὕτως</span> <span class='ocrx_word' id='word_1_811' title='bbox 2633 5321 3087 5391; x_wconf 46' lang='grc' dir='ltr'>ἐνταφιάζοντες,</span> <span class='ocrx_word' id='word_1_812' title='bbox 3131 5321 3371 5392; x_wconf 73' lang='grc' dir='ltr'>μεγάλὴς</span> <span class='ocrx_word' id='word_1_813' title='bbox 3395 5325 3500 5374; x_wconf 76' lang='grc' dir='ltr'>είσὶ</span> <span class='ocrx_word' id='word_1_814' title='bbox 3550 5321 3823 5392; x_wconf 41' lang='lat' dir='ltr'><strong>mlierem,-</strong></span> 
     </span>
    </p>
   </div>
   <div class='ocr_carea' id='block_1_120' title="bbox 2265 5389 3826 5461">
    <p class='ocr_par' dir='ltr' id='par_1_120' title="bbox 2265 5389 3826 5461">
     <span class='ocr_line' id='line_1_120' title="bbox 2265 5389 3826 5461; baseline -0.006 -15"><span class='ocrx_word' id='word_1_815' title='bbox 2265 5394 2478 5461; x_wconf 75' lang='grc' dir='ltr'>ἇξιοι,ἢ</span> <span class='ocrx_word' id='word_1_816' title='bbox 2507 5394 2580 5454; x_wconf 84' lang='grc' dir='ltr'>ὡς</span> <span class='ocrx_word' id='word_1_817' title='bbox 2615 5389 3250 5460; x_wconf 69' lang='grc' dir='ltr'>καταγινώσκοντεςτῶν</span> <span class='ocrx_word' id='word_1_818' title='bbox 3278 5389 3644 5461; x_wconf 73' lang='grc' dir='ltr'>βαπτιζόντων</span> <span class='ocrx_word' id='word_1_819' title='bbox 3668 5389 3826 5461; x_wconf 34' lang='grc' dir='ltr'>ὀρθί-</span> 
     </span>
    </p>
   </div>
   <div class='ocr_carea' id='block_1_121' title="bbox 2271 5458 3821 5531">
    <p class='ocr_par' dir='ltr' id='par_1_121' title="bbox 2271 5458 3821 5531">
     <span class='ocr_line' id='line_1_121' title="bbox 2271 5458 3821 5531; baseline -0.015 -2"><span class='ocrx_word' id='word_1_820' title='bbox 2271 5465 2434 5528; x_wconf 62' lang='grc' dir='ltr'>δάξωί</span> <span class='ocrx_word' id='word_1_821' title='bbox 2467 5458 2678 5524; x_wconf 67' lang='grc' dir='ltr'>ἀὺτοϋς.</span> <span class='ocrx_word' id='word_1_822' title='bbox 2713 5463 2742 5530; x_wconf 83' lang='grc' dir='ltr'>ἢ</span> <span class='ocrx_word' id='word_1_823' title='bbox 2768 5458 2846 5531; x_wconf 18' lang='lat' dir='ltr'><strong>itit»:</strong></span> <span class='ocrx_word' id='word_1_824' title='bbox 2868 5462 2940 5531; x_wconf 77' lang='grc' dir='ltr'>μὴ</span> <span class='ocrx_word' id='word_1_825' title='bbox 2967 5458 3338 5531; x_wconf 75' lang='grc' dir='ltr'>πληροφορίαν</span> <span class='ocrx_word' id='word_1_826' title='bbox 3356 5461 3567 5531; x_wconf 80' lang='grc' dir='ltr'>ἔχοντες</span> <span class='ocrx_word' id='word_1_827' title='bbox 3612 5458 3821 5531; x_wconf 63' lang='grc' dir='ltr'>ἐντελῆ,</span> 
     </span>
    </p>
   </div>
   <div class='ocr_carea' id='block_1_122' title="bbox 2267 5529 3824 5600">
    <p class='ocr_par' dir='ltr' id='par_1_122' title="bbox 2267 5529 3824 5600">
     <span class='ocr_line' id='line_1_122' title="bbox 2267 5529 3824 5600; baseline -0.005 -19"><span class='ocrx_word' id='word_1_828' title='bbox 2267 5537 2379 5592; x_wconf 75' lang='grc' dir='ltr'>τοῖς</span> <span class='ocrx_word' id='word_1_829' title='bbox 2410 5531 2709 5600; x_wconf 71' lang='grc' dir='ltr'>όρθοδόξοις</span> <span class='ocrx_word' id='word_1_830' title='bbox 2735 5529 2741 5530; x_wconf 24' lang='grc' dir='ltr'><strong>ί</strong></span> <span class='ocrx_word' id='word_1_831' title='bbox 2771 5529 2904 5582; x_wconf 71' lang='grc' dir='ltr'>εἶναι</span> <span class='ocrx_word' id='word_1_832' title='bbox 2959 5530 3200 5600; x_wconf 29' lang='grc' dir='ltr'>τούτους*</span> <span class='ocrx_word' id='word_1_833' title='bbox 3227 5530 3535 5589; x_wconf 79' lang='grc' dir='ltr'>κοινωνοὺς,</span> <span class='ocrx_word' id='word_1_834' title='bbox 3569 5529 3824 5600; x_wconf 36' lang='grc' dir='ltr'>καὶ-’προ</span> 
     </span>
    </p>
   </div>
   <div class='ocr_carea' id='block_1_123' title="bbox 2271 5595 3821 5669">
    <p class='ocr_par' dir='ltr' id='par_1_123' title="bbox 2271 5595 3821 5669">
     <span class='ocr_line' id='line_1_123' title="bbox 2271 5595 3821 5669; baseline -0.003 -18"><span class='ocrx_word' id='word_1_835' title='bbox 2271 5595 2644 5668; x_wconf 59' lang='grc' dir='ltr'>κατακρίσεως</span> <span class='ocrx_word' id='word_1_836' title='bbox 2703 5599 3137 5669; x_wconf 77' lang='grc' dir='ltr'>κατακρίνοντες.</span> <span class='ocrx_word' id='word_1_837' title='bbox 3169 5597 3309 5650; x_wconf 77' lang='lat' dir='ltr'><strong>Bais.</strong></span> <span class='ocrx_word' id='word_1_838' title='bbox 3339 5613 3481 5665; x_wconf 85' lang='lat' dir='ltr'><strong>resp.</strong></span> <span class='ocrx_word' id='word_1_839' title='bbox 3537 5596 3601 5648; x_wconf 86' lang='lat' dir='ltr'><strong>ad</strong></span> <span class='ocrx_word' id='word_1_840' title='bbox 3662 5595 3821 5646; x_wconf 72' lang='lat' dir='ltr'><strong>Marci</strong></span> 
     </span>
    </p>
   </div>
   <div class='ocr_carea' id='block_1_124' title="bbox 2271 5670 2681 5737">
    <p class='ocr_par' dir='ltr' id='par_1_124' title="bbox 2271 5670 2681 5737">
     <span class='ocr_line' id='line_1_124' title="bbox 2271 5670 2681 5737; baseline -0.007 -14"><span class='ocrx_word' id='word_1_841' title='bbox 2271 5673 2527 5737; x_wconf 80' lang='lat' dir='ltr'><strong>interrog.</strong></span> <span class='ocrx_word' id='word_1_842' title='bbox 2595 5670 2681 5722; x_wconf 65' lang='lat'><strong>22.</strong></span> 
     </span>
    </p>
   </div>
  </div>
