4018 6306
543 313 645 376 103

1779 314 2054 373 TllEOD.
2100 315 2491 376 BALSAMON

3629 310 3731 375 104

533 431 624 474 aut
653 421 834 475 clerici
876 419 1214 487 ordinantur,
1251 421 1317 475 ab
1362 421 1552 474 eodem
1586 419 1638 472 in
1677 419 1742 473 iis
1773 434 1892 488 quae
1920 433 2080 488 syno-

2192 436 2278 472 κον
2310 425 2407 486 δεῖ,
2443 423 2605 492 φησὶν
2650 427 2678 476 6
2720 423 2919 487 κανὼν,
2955 423 3131 491 λέγειν
3179 421 3292 485 τοῖς
3325 428 3734 492 χειροτονουμέ-

533 513 718 566 dorum
749 511 962 565 decreto
1000 512 1064 564 de
1097 511 1218 577 ﬁde,
1248 521 1300 564 et
1333 512 1454 564 vitae
1481 509 1820 563 instituenda:
1850 511 2082 574 ratione,

534 603 705 666 deque
747 603 1110 654 ecclesiastica
1160 602 1622 655 administratione
1675 603 1881 654 sancita
1932 610 2082 664 sunt,

535 692 734 743 erudiri
788 695 999 753 debent,
1049 703 1103 744 ut
1153 691 1374 760 proinde
1425 692 1496 743 illi
1534 692 1941 744 constitutiones
1988 689 2086 741 Pa-

535 788 673 828 trum
738 782 984 846 cognitas
1041 791 1281 844 servent,
1341 795 1439 834 nec
1487 795 1582 833 eos
1634 780 1825 832 iisdem
1873 779 2087 830 violatis

535 869 843 935 pmiiiteiitia
894 871 1017 922 facti
1075 872 1408 937 posnnodum
1459 878 1840 934 consequatur.
1891 870 2089 920 Conse-

533 971 728 1023 quetur
775 974 836 1012 ea
886 977 1138 1027 namque,
1176 977 1294 1013 cum
1353 961 1570 1012 admissi
1607 961 1868 1021 criminis,
1921 960 2002 1012 vel
2036 960 2116 1020 in_

531 1046 631 1096 liae
661 1063 870 1116 quoque
917 1049 1046 1112 vita,
1082 1050 1163 1101 vel
1195 1050 1247 1102 in
1294 1049 1472 1101 futura
1501 1059 1645 1102 certe
1678 1063 1861 1113 patrias
1886 1047 2088 1116 judicio

534 1134 848 1186 inexorabili
881 1139 1182 1201 expentlent

533 1222 757 1275 ARIS'I‘.
818 1243 834 1273 ι
878 1226 1212 1294 Synodnrum
1261 1226 1455 1294 placita
1513 1227 1729 1278 auribus
1797 1225 1937 1294 ejus,
1997 1224 2086 1293 qui

785 1332 801 1364 ι
835 1317 1160 1369 ordinandus
1204 1326 1304 1380 est,
1340 1317 1763 1370 inculcabtmtnr.
1817 1335 1835 1365 ι

611 1403 708 1468 Qui
766 1406 1046 1474 episcopus
1102 1408 1183 1460 vel
1245 1409 1469 1461 clericus
1529 1412 1827 1472 ordinatur,
1887 1425 2004 1478 quae
2060 1426 2086 1461 a

533 1495 750 1563 synodis
796 1498 1008 1548 decreta
1061 1498 1266 1552 suntin
1302 1513 1462 1550 anres
1506 1499 1640 1564 ejus,
1687 1501 1754 1552 ab
1792 1514 1854 1552 eo
1889 1501 1977 1567 qui
2014 1501 2090 1566 ip-

532 1597 651 1636 sum
699 1584 928 1646 ordinat,
984 1586 1178 1638 tradita
1217 1587 1366 1638 debet
1401 1588 1654 1654 recipere,
1692 1597 1762 1652 e’t,
1814 1589 2087 1642 admoneri

532 1686 592 1722 ea
625 1673 931 1725 observare.

1109 1762 1335 1817 CANON
1381 1763 1495 1816 ΧΧ.

541 1869 557 1900 ι
633 1842 896 1907 Similiter
968 1856 1186 1924 placuit,
1249 1870 1302 1910 ut
1366 1859 1712 1910 morientium
1772 1858 2088 1926 corporibus

608 1963 625 1995 ι
673 1948 996 2000 eucbaristia
1049 1964 1149 2001 non
1205 1950 1382 2001 detur.
1445 1952 1716 2019 Scriptum
1771 1961 1852 2005 est
1884 1953 2084 2022 gerrim,

611 2052 628 2082 ι
672 2035 933 2100 Accipite,
985 2038 1299 2099 manducate
1349 2037 1391 2066 ³⁷
1449 2055 1461 2090 :
1531 2038 1856 2089 Mortuorum
1908 2049 2085 2088 autem

611 2143 629 2174 ι
681 2141 907 2191 corpora
954 2122 1048 2178 nec
1086 2128 1330 2193 accipere
1376 2138 1616 2194 possunt,
1653 2142 1751 2180 nec
1782 2129 2084 2180 comedere.

608 2233 626 2264 ι
663 2216 724 2266 Ει
756 2231 822 2269 ne
850 2231 965 2278 eos,
993 2217 1080 2283 qui
1105 2217 1215 2283 jam
1247 2227 1371 2269 sunt
1402 2217 1618 2280 mortui,
1655 2217 1912 2284 baptizari
1947 2219 2088 2270 fece-

605 2324 622 2354 ι
664 2307 1176 2375 ritpresbyterorum
1217 2308 1537 2374 ignorantia.
1571 2325 1590 2356 ι

605 2393 801 2446 BALS.
854 2395 1062 2448 Rursus
1115 2397 1202 2450 hic
1249 2413 1420 2448 canon
1469 2397 1621 2464 jubet
1669 2411 1772 2449 non
1828 2399 2084 2464 baptizari

532 2494 798 2550 mortuos,
853 2500 951 2538 nec
997 2497 1456 2539 sacramentorum
1494 2490 1866 2541 communione
1897 2491 2088 2557 dignos

535 2580 746 2632 haberi.
810 2578 1106 2631 Moricntes
1166 2589 1342 2630 autem
1398 2579 1634 2645 appellat
1689 2594 1802 2644 eos,
1857 2585 1944 2647 qui
1975 2581 2087 2647 jam

533 2671 727 2722 mortui
777 2681 925 2733 sunt,
977 2685 1079 2722 non
1113 2672 1201 2738 qui
1258 2671 1581 2723 moribundi.
1620 2670 1681 2723 lli
1735 2672 1874 2724 enim
1919 2675 2089 2739 magis

537 2760 734 2813 debent
787 2773 1098 2814 sanctorum
1149 2762 1525 2831 mysteriorum
1571 2762 1820 2815 viaticum
1854 2777 2086 2829 sumere,

533 2861 585 2903 et
621 2866 832 2903 sacrum
865 2851 1188 2920 baptismum
1228 2855 1496 2922 accipere,
1547 2855 1592 2908 si
1627 2868 1730 2907 non
1766 2854 1871 2906 sint
1911 2856 2086 2923 bapti-

536 2951 662 2991 lall.

603 3030 849 3085 ZONAR.
909 3031 1138 3084 Rursum
1193 3033 1258 3085 de
1314 3035 1635 3088 eueliaristia
1696 3038 1920 3090 mortuis
1981 3048 2157 3103 nunc

537 3122 888 3190 impertienda
943 3123 1054 3177 ltaac
1093 3124 1331 3193 synodus
1359 3127 1486 3192 agit.
1535 3125 1789 3191 Quamvis
1819 3130 1959 3181 enim
1997 3131 2086 3182 illa

535 3215 717 3278 dictio,
772 3214 1134 3280 Morientium,
1189 3233 1291 3269 non
1337 3232 1428 3271 eos
1462 3220 1549 3285 qui
1586 3231 1690 3271 vtta
1728 3221 1896 3274 functi
1941 3230 2083 3283 sunt,

533 3305 578 3358 si
629 3306 900 3371 propriam
961 3306 1077 3374 ejus
1107 3307 1549 3375 signiﬁcationem
1601 3320 1831 3376 spectes,
1862 3312 1953 3364 sed
1995 3312 2086 3378 qui

529 3395 640 3460 jam
676 3396 1002 3456 moriuntur,
1040 3397 1342 3464 signiﬁcet;
1392 3408 1570 3449 tamen
1619 3416 1735 3465 qua:
1767 3413 2086 3467 sequuntur,

534 3485 599 3536 de
650 3484 874 3537 mortuis
926 3499 1227 3551 sermonem
1277 3501 1396 3539 esse
1433 3487 1566 3540 satis
1595 3499 1778 3554 aperte
1823 3489 2085 3552 indicant,

532 3575 658 3642 quia
688 3573 862 3641 inquit
883 3588 1213 3628 mortuorum
1238 3592 1459 3644 corpora
1485 3593 1580 3630 nec
1600 3579 1841 3647 accipere
1872 3592 2092 3646 possunt

536 3678 633 3716 nec
684 3666 986 3719 cemedere.
1039 3667 1138 3730 Qui
1169 3683 1294 3720 vero
1326 3670 1500 3723 adhuc
1532 3673 1670 3724 inter
1721 3675 1869 3723 vivos
1902 3682 2086 3739 agunt,

535 3756 780 3820 quamvis
833 3758 1171 3810 conclamata
1225 3760 1395 3815 salute
1446 3764 1670 3830 exiguus
1719 3763 2088 3818 deﬁcientibus

537 3847 762 3912 Spiritus
795 3846 1156 3912 relinquatur,
1195 3862 1503 3904 sanctorum
1536 3855 1909 3920 mysteriorum
1938 3870 2089 3906 cont-

537 3939 788 3990 munione
823 3954 928 3990 non
989 3949 1111 3993 sunt
1140 3942 1402 4008 privandi.
1434 3943 1571 4007 Quin
1603 3944 1919 4010 baptismum
1952 3960 2087 4011 quo-

534 4043 639 4095 que
699 4030 926 4081 mortuis
983 4045 1047 4082 ex
1095 4033 1431 4085 sacerdotum
1472 4034 1734 4100 imperitia
1787 4035 1871 4087 hic
1918 4050 2087 4088 canon

541 4121 767 4172 cunlerri
801 4131 962 4172 vetat.
992 4119 1088 4173 Ubi
1119 4123 1277 4174 etiam
1304 4123 1870 4186 verbum,Morientes,
1901 4125 2087 4178 eodem
2127 4181 2130 4184 ,

539 4210 717 4270 modo,
769 4225 876 4277 quo
916 4210 1185 4274 diximus,
1225 4211 1442 4279 intelligi
1496 4224 1723 4278 oportet.
1768 4213 1898 4264 Dum
1947 4215 2089 4265 enim

539 4300 708 4366 Spirat
759 4301 898 4368 quis,
952 4300 1162 4352 divinus
1202 4301 1497 4369 baptismus
1543 4301 1589 4354 ei
1634 4302 1868 4355 conferri
1910 4301 2086 4355 debet.

540 4389 763 4442 AltIST.
800 4409 817 4441 ι
874 4389 1094 4458 Corpori
1145 4392 1250 4442 vita
1319 4392 1557 4444 defuncti
1607 4393 1931 4445 eucbaristia
1986 4410 2090 4446 non

619 4499 638 4530 ι
696 4481 855 4532 datur
905 4498 921 4533 :
973 4499 1074 4534 non
1131 4484 1272 4535 enim
1319 4484 1428 4535 edit
1458 4485 1540 4536 vel
1583 4484 1738 4538 bibit.
1787 4485 2090 4550 Ignorantia

620 4589 636 4622 ι
671 4572 832 4623 etiam
865 4573 1160 4640 presbyteri
1201 4588 1305 4624 non
1337 4575 1624 4640 baptizabit
1653 4585 1936 4628 mortumn.
1973 4595 1990 4625 ι

613 4662 840 4715 Domino
887 4663 1118 4726 dicente,
1167 4664 1415 4730 Accipite,
1465 4667 1621 4723 edite.
1669 4668 1936 4734 quomodo
1977 4667 2096 4732 quis

543 4765 755 4807 mortuo
801 4755 867 4808 de
912 4769 1136 4823 corpore
1183 4756 1364 4809 divino
1415 4759 1628 4810 tradat?
1664 4767 1904 4810 mortuus
1952 4759 2092 4810 enim

542 4861 638 4898 nec
671 4846 911 4912 accipere
960 4855 1153 4912 potest,
1205 4862 1302 4899 nec
1347 4850 1526 4901 edere.
1583 4849 1684 4901 Sed
1736 4865 1832 4902 nec
1863 4850 2091 4916 baptizét

541 4937 805 5003 quispiam
838 4939 942 4989 vita
986 4937 1245 4991 functum.
1297 4939 1730 5008 Presbyterounm
1761 4941 1899 4991 enim
1933 4941 2095 5006 igno—

501 5025 720 5077 ,rantia
774 5027 998 5080 mortuis
1051 5042 1154 5080 non
1211 5031 1313 5079 erit
1359 5029 1687 5097 adjttmento,
1740 5036 1797 5080 ut
1844 5028 2094 5096 baptizati

545 5124 940 5182 reputarentur.

1115 5227 1340 5281 CANON
1381 5227 1519 5280 XXI.

543 5328 560 5359 ι
598 5310 661 5361 Ει
693 5311 811 5361 idco
847 5308 900 5359 in
937 5309 1040 5358 bac
1070 5319 1255 5359 s..ncta
1289 5306 1496 5375 synodo
1533 5304 1970 5359 conﬁrmandum
2009 5313 2111 5363 est.

620 5423 639 5454 ι
676 5412 733 5456 ut
757 5404 1056 5455 secundum
1115 5400 1315 5453 Nicucni
1343 5400 1556 5453 concilii
1611 5400 1850 5457 decreta.
1894 5408 2116 5467 propter

616 5515 633 5545 ι
667 5511 859 5549 causas
891 5496 1310 5556 ecclesiasticas,
1354 5509 1474 5560 qna‘
1505 5508 1643 5560 saepe
1675 5494 1737 5545 ad
1779 5494 1956 5559 populi
1995 5507 2115 5558 per-

613 5607 630 5637 ι
663 5589 854 5640 niciem
879 5590 1251 5654 autiquantnr,
1284 5588 1514 5655 singulis
1540 5573 1698 5640 annis
1736 5590 1823 5639 liat
1849 5589 2110 5653 synodus.

612 5699 652 5729 ”
677 5699 865 5752 Matth.
906 5717 1048 5766 xxw,
1084 5702 1170 5756 ‘26.

2184 524 2292 568 νοις
2336 509 2404 560 τὰ
2440 511 2664 572 δόξαντα
2693 513 2812 572 ταῖς
2842 511 3078 572 συνόδοις
3113 510 3239 579 περί
3267 525 3327 561 τε
3374 509 3608 569 πίστεως
3636 507 3734 558 καὶ

2188 601 2314 666 περὶ
2348 599 2438 650 τοῦ
2489 602 2603 663 πῶς
2636 601 2738 670 χρὴ
2775 601 2942 669 βιοῦν,
2973 600 3064 651 καὶ
3092 599 3160 651 τὰ
3183 598 3610 667 ὲκκλησιαστικᾰ.
3654 598 3734 648 ol-

2187 687 2452 755 κοδομεῖν,
2503 691 2585 742 ἵνα
2636 692 2833 753 ειδότες
2876 693 2970 752 τὰς
3018 690 3283 752 διατάξεις
3313 688 3420 740 τῶν
3470 687 3732 755 Πατέρων

2186 779 2304 828 κατ’
2337 781 2504 842 αὑτὰς
2535 782 2748 842 ποιῶσι,
2781 783 2872 834 καὶ
2904 781 2976 850 μὴ
3015 780 3430 849 μεταμεληθῶσι
3456 777 3732 845 παρ⁹έκεί-

2188 884 2282 928 νας
2317 868 2614 930 ποιοῦντες.
2649 871 3194 938 Μεταμεληθήσονται
3223 861 3283 920 δὲ’
3321 869 3661 934 εὐθυνόμενοι
3695 865 3729 932 ἢ

2190 959 2282 1008 καὶ
2310 961 2365 1008 ὲν
2395 963 2458 1028 τῇ
2491 960 2740 1034 παρούσῃ
2773 963 2904 1031 ζωῇ,
2937 963 2970 1030 ἢ
3004 961 3137 1022 τέως
3167 960 3551 1027 ἀπαραιτήτως
3591 955 3734 1007 κατὰ.

2188 1047 2282 1115 τὴν
2314 1049 2631 1115 μέλλουσαν.

2188 1221 2407 1272 ΑΡΙΣΤ.
2446 1239 2462 1270 ι
2503 1222 2583 1272 Τά
2626 1224 2744 1284 ταῖς
2788 1223 3021 1285 συνόδοις
3057 1223 3280 1285 δόξαντα
3309 1224 3335 1274 6
3365 1222 3738 1291 χειροτονηθη-

2545 1331 2562 1363 ι
2614 1315 2832 1380 σὸμενος
2896 1314 3328 1382 ὲνωτισθήσεται.
3367 1332 3385 1362 ›

2270 1407 2329 1458 Ὀ
2357 1405 2820 1474 χειροτονούμενος
2855 1405 3144 1465 ἐπίσκοπος
3173 1407 3205 1474 ἢ
3238 1403 3494 1472 κληρικδς
3530 1402 3737 1469 ὀφείλει

2188 1499 2256 1550 τὰ
2298 1498 2594 1566 δεδογμένα
2627 1501 2743 1559 ταῖς
2801 1498 3034 1558 συνόδοις
3064 1499 3140 1558 είς
3167 1496 3336 1557 ἀκοὰς
3366 1494 3529 1547 αὐτοῦ
3562 1510 3740 1562 παρα-

2189 1588 2435 1657 δέχεσθαι
2465 1590 2613 1656 παρά
2642 1588 2734 1641 τοῦ
2761 1589 3188 1657 χειροτονοῦντος
3214 1588 3396 1651 αὑτὸν,
3423 1589 3514 1639 καὶ
3542 1587 3742 1656 ὑπομι-

2195 1679 2529 1748 μνήσκεσθαι
2563 1675 2733 1732 ταῦτα
2765 1679 3068 1745 φυλάττειν.

2787 1773 3022 1824 ΚΑΝΩΝ
3049 1773 3110 1824 Κ¹

2197 1882 2214 1913 ι
2272 1862 2499 1930 Ὁμοίως
2527 1863 2747 1930 ἦρεσεν,
2779 1864 2864 1915 ἵνα
2895 1866 3003 1924 τοῖς
3040 1862 3253 1929 σώμασι
3283 1863 3389 1913 τῶν
3443 1858 3740 1914 τελευτών-

2264 1973 2281 2003 ι
2327 1970 2434 2004 των
2499 1953 2817 2022 εὐχαριστία
2907 1954 2981 2021 μὴ
3033 1952 3180 2020 δοθῇ.
3237 1951 3546 2018 Γέγραπται
3607 1948 3738 2016 γὰρ,

2263 2062 2282 2096 ι
2325 2043 2563 2106 Λάϐετε,
2617 2043 2870 2111 φάγετε·
2919 2041 2986 2094 τὰ
3028 2043 3082 2093 δὲ
3112 2042 3217 2094 τῶν
3267 2044 3470 2108 νεκρῶν
3513 2040 3740 2108 σώματα

2264 2155 2281 2186 ι
2329 2136 2448 2187 οὐδὲ
2492 2136 2676 2188 λαϐεῖν
2710 2135 2951 2196 δύναται,
2981 2134 3102 2185 οὐδὲ
3149 2135 3360 2198 φαγεῖν.
3397 2133 3501 2184 Καὶ
3538 2133 3620 2184 ἴνα
3660 2133 3735 2201 μὴ

2264 2247 2281 2278 ι
2327 2229 2449 2288 τοὺς
2485 2229 2585 2295 ἤδη
2626 2227 2992 2283 τελευτῶντας
3043 2223 3398 2291 βαπτισθῆναι
3449 2223 3650 2292 ποιήσῃ
3702 2225 3735 2292 ἡ

2263 2337 2283 2369 ι
2329 2319 2436 2369 τῶν
2471 2317 2855 2386 πρεσϐυτέρων
2889 2316 3102 2383 ἄγνοια.
3134 2332 3152 2364 ι

2260 2409 2452 2460 ΒΑΛΣ.
2507 2407 2614 2458 Καὶ
2659 2407 2811 2467 αὖθις
2863 2408 2890 2456 6
2938 2405 3115 2456 κανὼν
3145 2402 3572 2471 παρακελεύεται
3616 2401 3742 2462 τοὺς

2188 2502 2412 2568 νεκροὺς
2448 2500 2580 2567 μήτε
2610 2496 2988 2565 βαπτίζεσθαι,
3023 2499 3159 2563 μήτε
3197 2494 3294 2559 τῆς
3322 2494 3428 2544 τῶν
3462 2492 3737 2560 ἀγιασμά-

2187 2607 2295 2641 των
2340 2588 2690 2657 μεταλήψεως
2730 2584 3027 2650 ἀξιοῦσθαι.
3075 2582 3452 2642 Τελευτῶντας
3498 2582 3551 2632 δὲ
3588 2581 3748 2634 καλεῖ

2187 2679 2315 2740 τοὺς
2359 2679 2458 2745 ήδη
2494 2677 2940 2745 τελευτήσαντας,
2973 2673 3093 2741 οὐχὶ
3137 2674 3260 2732 τοὺς
3284 2671 3352 2720 τὰ
3384 2671 3584 2737 ἔσχατα
3616 2671 3744 2721 πνέ-

2190 2787 2366 2830 οντας.
2393 2762 2548 2820 Οὗτοι
2579 2769 2684 2834 γὰρ
2716 2767 2912 2832 μᾶλλον
2945 2763 3320 2829 ὲφοδιάζεσθαι
3351 2761 3622 2826 ὀφείλουσι
3654 2761 3741 2812 διὰ

2187 2859 2282 2926 τῆς
2313 2857 2418 2908 τῶν
2447 2857 2618 2922 ἀγίων
2651 2855 2966 2923 μυστηρίων
2997 2852 3372 2920 μεταλῆψεως,
3407 2852 3499 2901 καὶ
3528 2850 3618 2901 διὰ
3644 2851 3738 2902 τοῦ

2190 2949 2332 3000 θείου
2367 2948 2759 3016 βαπτίσματος,
2788 2947 2883 2998 ἐὰν
2912 2940 3044 2998 ὦσιν
3075 2945 3394 2997 ἀϐάπτιστοι

2261 3039 2505 3092 ΖΩΝΑΡ.
2543 3039 2653 3091 Kal.
2703 3038 2862 3089 πάλιν
2914 3036 3042 3104 περὶ
3091 3035 3187 3086 τοῦ
3233 3036 3305 3102 μὴ
3349 3035 3472 3092 τοὺς
3515 3032 3740 3100 νεκροὺς

2191 3131 2287 3196 τῆς
2334 3129 2440 3182 τῶν
2484 3130 2644 3180 θείων
2700 3127 3013 3196 μυστηρίων
3062 3125 3414 3192 μεταλήψεως
3458 3124 3639 3187 ἀεὶ-οῦν
3704 3125 3737 3192 ὴ

2194 3223 2409 3282 σύνοδος
2440 3220 2771 3286 διαλέγεται.
2803 3219 2864 3270 El
2899 3218 3005 3284 γὰρ
3035 3218 3127 3266 καὶ
3160 3218 3191 3284 ἠ
3226 3214 3366 3276 λέξις
3411 3215 3516 3266 τῶν
3551 3215 3739 3266 τελευο

2191 3314 2410 3365 τὼντων
2460 3313 2584 3374 τοὺς
2645 3313 2810 3379 μήπω
2873 3309 3130 3369 θανόντας
3185 3307 3437 3375 ἐμφαίνει
3493 3308 3632 3358 κατά
3681 3306 3743 3357 τὸ

2193 3404 2439 3473 ἀκριῆὲς,
2468 3404 2592 3464 τοὺς
2641 3404 2694 3454 δὲ
2723 3404 2803 3454 ἔτι
2836 3402 3188 3466 θνήσκοντας,
3219 3399 3352 3452 ἀλλά
3392 3397 3459 3448 τὰ
3493 3396 3616 3462 ἑξῆς
3652 3413 3748 3448 σα-

2193 3495 2307 3561 φῶς
2335 3494 2584 3560 δηλοῦσιν
2629 3495 2710 3544 ὅτι
2749 3492 2877 3559 περὶ
2905 3491 3172 3542 θανόντων
3200 3491 3301 3557 ήδη
3331 3491 3357 3539 6
3391 3488 3544 3553 λόγος
3599 3487 3744 3550 ἐστὶ,

2191 3586 2251 3638 τὸ
2280 3589 2452 3636 εἰπεῖν
2493 3585 2738 3651 δηλονότι
2762 3585 2841 3634 ὅτι
2867 3582 2933 3634 τὰ
2961 3582 3067 3633 τῶν
3108 3581 3313 3645 νεκρῶν
3343 3577 3567 3646 σώματα
3620 3575 3744 3628 οὔτε

2194 3675 2379 3727 λαϐεῖν
2432 3674 2652 3726 δύναται
2707 3672 2829 3725 οὕτε
2866 3675 3079 3738 φαγεῖν.
3122 3670 3259 3730 Τοὺς
3292 3669 3347 3719 δὲ
3383 3668 3461 3718 ἔτι
3517 3665 3746 3728 ζῶντας,

2191 3755 2691 3832 κᾶν’ἀπέγνωσται
2725 3763 2921 3824 αὐτοὺς
2964 3765 2996 3830 ἡ
3048 3760 3180 3830 ζωὴ,
3228 3759 3328 3811 κᾶν
3383 3757 3517 3825 μετά
3570 3754 3743 3823 βραχὺ

2196 3839 2461 3926 μέλλωσιν
2487 3857 2727 3917 ἐκπνεῖν,
2756 3855 2863 3905 τῶν
2892 3853 3064 3920 ἁγίων
3101 3849 3414 3919 μυστηρίων
3467 3845 3746 3910 ἀξιοῦσθαι

2193 3949 2391 4017 χρεών.
2437 3948 2598 3998 Ἀλλά
2647 3947 2778 4014 μηδὲ
2824 3943 3177 4012 βαπτίζεσθαι
3223 3941 3348 4001 τοὺς
3376 3940 3600 4007 νεκροὺς
3653 3936 3749 3988 καὶ

2191 4034 2345 4100 οὗτος
2376 4041 2402 4090 6
2431 4039 2609 4090 κανὼν
2660 4036 3002 4088 διατάττεται
3035 4033 3091 4098 ἐξ
3122 4032 3341 4098 ἀγνοίας
3371 4029 3478 4080 τῶν
3511 4027 3749 4096 πρεσϐυ-

2192 4130 2386 4198 τέρων.
2446 4127 2731 4181 Κάνταῦθα
2777 4127 2832 4177 δὲ
2889 4127 2986 4194 τὴν
3042 4125 3186 4187 λέξιν
3227 4122 3333 4172 τῶν
3375 4119 3745 4171 τελευτώντων

2195 4221 2366 4282 οὓτως
2404 4220 2641 4288 νοητέον,
2676 4218 2750 4280 ὡς
2782 4217 2879 4284 ἤδη
2929 4216 3164 4284 εἴρηται.
3205 4213 3344 4273 Ἕως
3395 4213 3500 4279 γὰρ
3547 4209 3610 4260 ἂν
3657 4212 3750 4275 ἐμ-

2198 4310 2336 4380 πνέῃ
2363 4327 2467 4373 τις,
2502 4310 2594 4360 τοῦ
2631 4308 2775 4359 θείου
2815 4305 3189 4373 βαπτίσματος
3220 4300 3601 4368 ἀξιωθήσεται.

2194 4401 2410 4454 ΛΡῙΣΤ.
2452 4417 2469 4449 ι
2499 4400 2587 4467 Τῷ
2609 4398 2699 4450 τοῦ
2722 4395 3165 4462 τετελευτηκότος
3193 4392 3402 4459 σώματι
3435 4391 3748 4458 εὐχαριστία

2274 4512 2291 4543 ι
2341 4491 2630 4559 οὐιδίδοται
2657 4505 2671 4519 ο
2710 4489 2768 4540 οὐ
2801 4487 2906 4554 γὰρ
2935 4485 3125 4546 ἐσθίει,
3159 4484 3188 4551 ἢ
3222 4483 3364 4533 πίνει
3393 4497 3406 4509 ⁸
3445 4481 3538 4532 καὶ
3562 4481 3752 4546 ἄγνοια

2273 4603 2289 4633 ι
2333 4579 2704 4652 πρεσϐυτέρου
2747 4579 2805 4629 οὺ
2857 4577 3105 4645 βαπτίσει
3137 4573 3229 4624 τὸν
3274 4571 3688 4637 τελευτήσαντα.
3727 4585 3746 4616 ι

2269 4674 2374 4724 Τοῦ
2431 4671 2635 4737 Κυρίου
2694 4667 2958 4726 εἰπόντος,
2997 4662 3237 4720 Λάϐετε,
3272 4658 3505 4726 φάγετε,
3542 4658 3656 4714 πῶς
3686 4656 3750 4706 ἄν

2196 4780 2279 4824 τις
2307 4759 2384 4827 τῷ
2424 4758 2806 4823 τελευτήσαντι
2832 4751 2926 4802 τοῦ
2961 4750 3102 4800 θείου
3137 4746 3383 4812 σώματος
3414 4743 3746 4813 μεταδώσεις

2200 4851 2323 4906 οὒτε
2378 4849 2485 4915 γὰρ
2543 4848 2727 4898 λαϐεῖν
2775 4843 2896 4895 οὔτε
2953 4842 3146 4908 φαγεῖν
3187 4841 3213 4889 6
3265 4838 3453 4906 νεκρὸς
3504 4834 3750 4887 δύναται.

2216 4942 2353 4994 Ἀλλ’
2382 4939 2501 4991 οὐδὲ
2537 4937 2789 5003 βαπτίσει
2822 4949 2903 4993 τις
2940 4931 3029 4982 τὸν
3082 4929 3500 4995 τελευτήσαντα.
3549 4924 3611 4974 Ἥ
3649 4923 3753 4990 γὰρ

2203 5031 2312 5083 τῶν
2340 5026 2726 5096 πρεσϐυτέρων
2756 5024 2943 5089 ἄγνοια
2971 5019 3070 5071 οὐκ
3099 5017 3369 5084 ὠφελήσει
3402 5014 3526 5074 τοὺς
3570 5012 3757 5063 τελευο

2204 5121 2499 5188 τήσαντας,
2531 5115 2670 5167 ὥστε
2706 5111 3174 5184 βεϐαπτισμένους
3205 5103 3530 5170 λογίζεσθαι.

2772 5197 3010 5254 ΚΑΝΩΝ
3054 5194 3186 5249 KA'.

2209 5326 2226 5358 ι
2273 5311 2361 5356 Διὸ
2396 5299 2717 5373 βεῆαιωτέον
2773 5293 2918 5346 ἐστὶν
2967 5292 3024 5340 ὲν
3074 5285 3242 5353 ταύτῃ
3273 5287 3338 5353 τῇ
3370 5282 3502 5352 ἁγίᾳ
3533 5280 3756 5349 συνόδῳ,

2279 5416 2297 5450 ι
2344 5368 2485 5446 ὥστε
2534 5368 2678 5442 ’κατὰ
2727 5387 2851 5445 τοὺς
2889 5383 2946 5433 ὲν
2997 5377 3202 5446 Νικαίᾳ
3233 5378 3388 5445 ὅρους
3425 5374 3513 5425 διὰ
3544 5373 3640 5432 τὰς
3671 5373 3764 5423 ικ-

2283 5508 2302 5540 ι
2348 5479 2739 5553 κλησιαστικάς
2800 5475 2999 5535 αἰτίας,
3058 5471 3259 5529 αἵτινες
3307 5466 3566 5526 πολλάκις
3624 5464 3761 5530 πρὸς

2286 5598 2304 5629 ι
2350 5578 2569 5632 ὄλεθρον
2615 5572 2708 5624 τοῦ
2761 5567 2886 5620 λαοῦ
2937 5563 3314 5623 παλαιοῦνται,
3365 5557 3487 5611 καθ’
3533 5558 3767 5610 ’ἑκαστον
