4018 6306
542 334 644 397 103

1779 337 2053 396 ΤΗΕΟΙ).
2098 337 2490 400 BALSAMON

3627 334 3729 400 104

533 453 624 494 aut
652 441 832 496 clerici
875 441 1213 509 ordinantur,
1249 443 1316 497 ab
1361 443 1551 496 eodem
1585 442 1637 494 in
1676 441 1741 495 iis
1773 457 1891 510 qua:
1919 456 2079 511 syno-

2188 459 2276 496 κον
2309 449 2406 510 δεῖ,
2442 446 2603 515 φησιν
2649 450 2676 501 6
2718 446 2917 511 κανὼν,
2952 447 3129 515 λέγειν
3177 445 3291 510 τοῖς
3324 451 3730 516 χιιιροτονουμέ⁶

533 533 718 586 dorum
748 533 961 586 decreto
999 533 1063 585 de
1096 533 1217 598 ﬁde,
1247 543 1300 586 et
1332 534 1452 586 vita:
1481 533 1818 586 instituenda:
1849 533 2080 598 ratione,

533 624 704 687 deque
746 624 1110 676 ecclesiastica
1159 623 1620 676 :ulministratione
1674 625 1881 677 sancita
1931 633 2081 687 sunt,

534 713 732 764 erudiri
787 716 998 774 debent,
1047 724 1102 765 ut
1151 713 1373 780 proinde
1424 714 1495 766 illi
1532 715 1940 766 constitutiones
1987 712 2085 764 Pa-

534 809 672 849 trum
737 802 982 867 COgnitas
1040 812 1279 866 servent,
1339 817 1437 856 nec
1486 816 1580 856 eos
1633 803 1824 854 iisdem
1872 801 2084 853 violatis

535 890 842 955 pmuilentiu
893 892 1015 944 lacti
1074 893 1407 958 postmodum
1458 901 1838 957 consequatur.
1890 892 2087 942 Conse-

531 991 726 1044 quetur
773 995 835 1033 ea
885 998 1136 1048 namque,
1175 999 1293 1035 cum
1351 984 1568 1035 admissi
1606 983 1867 1044 criminis,
1919 982 1999 1034 vel
2035 982 2115 1043 iu,

530 1067 630 1118 hac
660 1084 868 1136 quoque
916 1071 1044 1133 vita,
1079 1071 1161 1123 vel
1193 1071 1246 1123 in
1291 1071 1470 1123 futura
1499 1080 1644 1125 certe
1677 1085 1860 1135 pinnas
1884 1069 2086 1138 judicio

533 1154 846 1208 inexorabili
879 1159 1180 1222 expendent

531 1243 755 1296 Αιιιδί.
816 1265 832 1295 ‹
876 1246 1210 1314 Synodornm
1259 1248 1453 1316 placita
1511 1249 1728 1300 auribus
1796 1248 1935 1316 ejus,
1995 1247 2084 1315 qui

783 1353 799 1384 ι
834 1338 1158 1390 ordinandus
1202 1348 1303 1403 cst,
1339 1339 1761 1392 iuculcabuutur.
1815 1357 1833 1387 ι

610 1424 706 1489 Qui
765 1428 1044 1495 episcopus
1099 1429 1181 1481 vel
1243 1430 1467 1482 clericus
1527 1433 1825 1495 ordinatur,
1885 1447 2002 1500 qua:
2057 1449 2084 1484 a

531 1516 748 1583 synodis
794 1519 1004 1570 decreta
1059 1529 1183 1573 sunt
1213 1520 1265 1571 iu
1301 1535 1460 1572 anres
1503 1521 1637 1586 ejus,
1685 1523 1752 1574 ab
1789 1537 1852 1574 eo
1886 1524 1975 1589 qui
2011 1523 2086 1589 ip-

530 1617 649 1656 sum
697 1605 926 1666 ordinat,
982 1607 1176 1660 tradita
1215 1609 1365 1660 debet
1399 1610 1652 1676 recipere,
1689 1619 1760 1674 e‘t,
1811 1611 2084 1665 admoneri

530 1706 590 1742 ea
623 1693 929 1746 observare.

799 1863 809 1868 _
1107 1783 1333 1838 CANON
1378 1785 1493 1838 XX.

538 1889 555 1921 ι
630 1873 894 1927 Similiter
965 1877 1184 1944 placuit,
1246 1891 1300 1932 ut
1364 1881 1709 1932 morientium
1769 1881 2085 1948 corporibus

605 1984 623 2015 ι
670 1969 994 2021 eucliaristia
1046 1986 1147 2022 non
1203 1972 1379 2022 detur.
1442 1973 1713 2040 Scriptuut
1767 1975 2081 2045 estleuim,

608 2072 625 2103 ι
669 2055 930 2120 Accipite,
983 2059 1296 2120 manducate
1345 2058 1387 2088 ⁸⁷
1445 2076 1458 2111 :
1527 2049 1856 2111 Itlortuorum‘
1905 2071 2082 2110 autem

608 2163 626 2195 ι
678 2161 905 2212 corpora
951 2143 1046 2199 nec
1083 2149 1328 2214 accipere
1373 2160 1614 2216 possunt,
1650 2164 1747 2202 nec
1779 2151 2080 2202 comedere.

605 2254 624 2284 ι
661 2237 722 2286 Et
753 2252 819 2289 ne
847 2251 962 2300 eos,
990 2238 1077 2304 qui
1101 2238 1212 2305 jam
1243 2249 1369 2291 sunt
1399 2239 1614 2302 mortui,
1652 2238 1909 2306 baptizari
1944 2241 2084 2293 fece-

602 2344 620 2375 ι
660 2327 1173 2396 ritpresliyterornm
1213 2329 1533 2395 ignorantia.
1568 2346 1586 2378 ι

603 2414 798 2467 BALS.
851 2416 1059 2470 Rursus
1112 2419 1199 2472 bie
1246 2433 1417 2469 canon
1465 2419 1618 2485 jubet
1666 2433 1768 2471 non
1825 2421 2080 2486 baptizari

529 2515 795 2570 mortuos,
849 2521 948 2559 nec
995 2518 1452 2561 sacramentorum
1491 2512 1862 2564 communione
1894 2513 2084 2580 dignos

532 2601 743 2652 haberi.
807 2599 1103 2652 Moricutes
1163 2609 1339 2651 autem
1395 2601 1631 2667 appellat
1685 2616 1799 2667 eos,
1853 2607 1940 2669 qui
1971 2604 2083 2670 jam

529 2691 724 2743 mortui
774 2701 922 2754 sunt,
973 2707 1076 2744 non
1110 2693 1197 2760 qui
1254 2693 1577 2745 moribundi.
1616 2693 1678 2745 lli
1731 2694 1870 2747 enim
1915 2697 2085 2761 magis

533 2781 731 2834 debent
783 2795 1095 2835 sanctorum
1145 2784 1522 2852 mysteriorum
1567 2784 1816 2837 viaticum
1850 2800 2083 2851 sumere,

530 2882 582 2923 et
618 2887 828 2924 sacrum
861 2873 1185 2941 baptismum
1224 2877 1492 2944 accipere,
1543 2876 1588 2929 si
1623 2889 1726 2928 non
1762 2876 1866 2929 siut
1907 2878 2083 2945 bapti-

533 2972 658 3012 lall.

599 3051 845 3105 ZONAR.
904 3053 1134 3106 Rursum
1190 3055 1254 3107 de
1310 3056 1631 3110 eucliaristia
1692 3060 1916 3112 mortuis
1977 3070 2153 3126 uonc

533 3143 884 3210 impertienda
938 3145 1050 3199 haec
1089 3145 1327 3214 synodus
1354 3149 1482 3214 agit.
1531 3147 1784 3212 Quamvis
1815 3152 1955 3203 enim
1993 3153 2081 3204 illa

531 3235 713 3298 dictio,
768 3235 1129 3300 Morientium,
1184 3255 1287 3290 non
1333 3253 1424 3292 eos
1457 3241 1545 3307 qui
1582 3253 1685 3293 vtta
1724 3242 1892 3296 {uincti
1937 3252 2078 3305 sunt,

529 3326 575 3379 si
625 3327 896 3393 propriam
957 3327 1072 3394 ejus
1103 3328 1545 3397 signiﬁcationem
1596 3341 1826 3398 spectes,
1857 3334 1948 3386 sed
1991 3334 2081 3400 qui

525 3416 636 3480 jam
672 3417 998 3478 moriuntur,
1035 3419 1338 3485 signiﬁcet;
1387 3429 1566 3471 tamen
1613 3437 1731 3487 qua:
1762 3435 2081 3489 sequuntur,

530 3506 595 3557 de
645 3505 870 3557 mortuis
922 3519 1223 3573 sermonem
1273 3522 1391 3560 esse
1429 3509 1561 3561 satis
1591 3520 1773 3576 aperte
1819 3511 2080 3574 iudicant,

528 3595 653 3662 quia
683 3594 858 3662 inquit
879 3609 1209 3650 mortuorum
1233 3613 1454 3666 corpora
1481 3614 1576 3652 nec
1596 3601 1836 3669 accipere
1867 3613 2086 3668 possunt

531 3699 629 3736 nec
679 3687 982 3740 comedere.
1035 3687 1133 3751 Qui
1164 3704 1290 3741 vero
1321 3691 1495 3744 adhuc
1527 3694 1666 3746 inter
1715 3697 1864 3745 vivos
1897 3705 2081 3761 agunt,

530 3776 775 3841 quamvis
829 3779 1166 3832 conclamata
1220 3781 1390 3836 salute
1441 3785 1665 3851 exiguus
1715 3785 2082 3841 deﬁcientibus

532 3867 757 3932 spiritus
790 3867 1151 3933 relinquatur,
1190 3883 1498 3925 sanctorum
1531 3877 1904 3942 mysteriorum
1933 3892 2084 3928 com-

532 3959 782 4010 munione
818 3975 922 4011 non
985 3971 1107 4014 sunt
1135 3963 1397 4029 privandi.
1429 3963 1565 4028 Quin
1598 3966 1915 4032 baptismum
1946 3981 2082 4033 quo-

529 4063 634 4115 que
694 4051 920 4102 mortuis
977 4067 1042 4103 ex
1090 4054 1426 4106 sacerdotum
1467 4055 1729 4121 imperitia
1781 4057 1866 4108 hic
1912 4072 2081 4110 canon

536 4141 763 4192 conlerri
796 4151 957 4193 velat.
989 4141 1082 4194 Ubi
1114 4143 1272 4194 etiam
1298 4144 1864 4208 verbum,Morientes,
1896 4147 2081 4200 eodem
2119 4202 2124 4207 ,

534 4231 712 4291 modo,
765 4245 871 4298 quo
911 4231 1179 4294 diximus,
1219 4231 1436 4300 intelligi
1491 4245 1718 4300 oportet.
1763 4235 1894 4286 Dum
1941 4238 2082 4287 enim

534 4320 703 4385 spirat
754 4322 894 4389 quis,
947 4321 1157 4373 divinus
1196 4322 1492 4390 baptismus
1538 4324 1584 4375 ei
1629 4323 1863 4376 conferri
1904 4324 2080 4378 debet.

535 4409 758 4462 AllIST.
795 4430 812 4462 ι
869 4410 1088 4479 Corpori
1139 4413 1245 4464 vita
1313 4413 1551 4466 defuncti
1601 4415 1924 4467 eucharistia
1980 4432 2083 4469 non

614 4519 633 4550 ι
691 4501 850 4553 datur
901 4519 916 4554 :
967 4519 1068 4556 non
1125 4505 1266 4556 enim
1313 4505 1423 4557 edit
1452 4507 1534 4558 vel
1577 4506 1732 4560 bibit.
1781 4506 2084 4572 Ignorantia

615 4610 631 4641 ι
665 4593 827 4643 etiam
860 4594 1155 4660 presbyteri
1195 4609 1299 4645 nou
1331 4596 1619 4661 baptizabit
1647 4606 1930 4650 mortuum.
1966 4617 1984 4646 ›

609 4682 835 4736 Domino
882 4684 1112 4747 dicente,
1161 4685 1409 4752 Accipite,
1459 4687 1615 4746 edite,
1664 4690 1929 4755 quomodo
1971 4689 2089 4754 quis

538 4786 750 4828 mortuo
795 4775 861 4828 de
907 4790 1130 4844 corpore
1177 4778 1358 4830 divino
1408 4780 1622 4831 tradat?
1658 4788 1897 4832 mortuus
1946 4781 2085 4831 enim

536 4882 632 4918 uec
665 4866 906 4933 accipere
954 4876 1147 4933 potest,
1199 4883 1296 4920 nec
1341 4871 1520 4922 cdere.
1578 4870 1679 4923 Sed
1730 4887 1826 4924 nec
1857 4871 2084 4938 baptizét

535 4957 800 5023 quispiam
832 4959 936 5009 vita
980 4957 1239 5012 functum.
1291 4960 1724 5029 Presbyterorum
1755 4962 1892 5012 enim
1916 4963 2089 5027 igno—

495 5046 715 5098 .rantia
768 5048 992 5101 mortuis
1045 5063 1148 5101 non
1205 5051 1307 5101 erit
1353 5051 1680 5118 adiumento,
1734 5057 1790 5102 ut
1838 5050 2088 5118 baptizati

538 5147 719 5202 reputa
729 5144 934 5188 rentur.

1109 5248 1333 5302 CANON
1375 5249 1513 5301 XXI.

538 5349 554 5380 ι
592 5330 655 5382 Ει
687 5331 805 5381 ideo
841 5329 894 5380 in
931 5329 1034 5379 hac
1065 5339 1249 5380 Sancta
1282 5327 1490 5396 synodo
1527 5325 1964 5381 conﬁrmandum
2003 5334 2104 5384 est.

615 5443 633 5474 ι
669 5432 727 5476 ut
751 5425 1050 5476 secundum
1109 5421 1308 5475 Nicacni
1337 5421 1548 5474 concilii
1604 5421 1844 5479 decreta,
1887 5429 2110 5489 propter

609 5535 626 5565 ι
661 5531 853 5570 causas
885 5516 1303 5576 ecclesiasticas,
1348 5530 1467 5582 quae
1499 5530 1637 5581 ςαξρο
1667 5514 1732 5566 ad
1772 5515 1949 5580 populi
1989 5529 2108 5580 per-

607 5627 623 5658 ι
656 5609 848 5660 niciem
873 5610 1244 5675 autiquantur,
1278 5609 1507 5675 singulis
1533 5593 1692 5661 annis
1729 5611 1816 5661 liat
1843 5611 2103 5675 synodus.

605 5719 645 5749 ”
670 5720 858 5773 Matth.
899 5738 1042 5788 xxvr,
1078 5723 1165 5778 ‘26.

2183 547 2291 591 νοις
2335 533 2403 583 τὰ
2439 533 2662 596 δόξαντα
2691 537 2811 596 ταῖς
2840 535 3076 595 συνόδοις
3111 533 3237 603 περί
3265 550 3325 585 τε
3373 534 3606 594 πίστεως
3634 531 3730 583 καὶ

2187 625 2312 689 περὶ
2346 622 2436 673 τοῦ
2487 624 2601 686 πῶς
2634 625 2736 694 χρὴ
2773 624 2941 693 βιοῦν,
2971 625 3062 675 καὶ
3090 624 3157 675 τά
3181 622 3608 692 ἐκκλησιαστικά
3652 623 3730 672 oi-

2185 710 2450 778 κοδομείν,
2501 714 2583 765 ἵνα
2634 716 2832 776 εἰδότες
2874 717 2968 776 τὰς
3016 713 3281 776 διατάξεις
3311 713 3418 764 τῶν
3468 711 3729 780 Πατέρων

2185 801 2302 851 κατ’
2335 804 2501 865 αὑτὰς
2533 804 2746 867 ποιῶσι,
2780 807 2870 858 καὶ
2902 805 2973 874 μὴ
3013 804 3427 872 μεταμεληθῶσι
3454 801 3730 870 παρ’ἑκεί-

2185 907 2279 951 νας
2315 891 2612 954 ποιοῦντες.
2647 895 3193 962 Μεταμεληθήσονται
3221 885 3280 944 δὲ
3319 893 3658 959 εύθυνόμενοι
3691 890 3727 956 ἢ

2187 982 2279 1032 καὶ
2308 984 2363 1040 ὲν
2393 985 2456 1052 τῇ
2490 984 2737 1057 παρούσῃ
2770 986 2902 1055 ζωῇ,
2935 987 2968 1054 ἢ
3001 985 3136 1046 τέως
3165 985 3549 1051 ἀπαραιτήτως
3588 979 3732 1032 κατά

2185 1069 2280 1138 τὴν
2312 1072 2628 1138 μέλλουσαν.

2186 1244 2404 1295 ΑΡΙΣΤ.
2443 1262 2460 1294 ι
2500 1245 2580 1296 re
2624 1247 2742 1307 ταῖς
2786 1247 3018 1308 συνόδοις
3055 1247 3278 1309 δόξαντα
3306 1249 3332 1298 ὁ
3363 1246 3736 1315 χειροτονηθή-

2541 1355 2560 1386 ι
2611 1338 2829 1403 σόμενος
2893 1338 3324 1405 ὲνωτισθήσεται.
3365 1357 3382 1386 ι

2267 1430 2326 1481 Ὀ
2355 1429 2817 1497 χειροτονούμενος
2853 1429 3141 1489 ἐπίσκοπος
3171 1431 3202 1498 ἢ
3235 1428 3492 1496 κληρικὸς
3527 1426 3736 1493 ὀφείλει

2186 1521 2253 1573 τὰ
2295 1521 2590 1588 δεδογμένα
2623 1525 2740 1582 ταῖς
2798 1521 3031 1582 συνόδοις
3061 1522 3137 1582 είς
3165 1520 3333 1581 ἀκοὰς
3363 1518 3527 1571 αὑτοῦ
3559 1534 3738 1586 παρα-

2187 1611 2432 1680 δέχεσθαι
2462 1614 2610 1680 παρά
2639 1612 2730 1664 τοῦ
2759 1613 3185 1681 χειροτονοῦντος
3211 1612 3392 1675 αὐτὸν,
3420 1613 3511 1664 καὶ
3539 1612 3740 1680 ὑπομι-

2191 1702 2526 1770 μνήσκεσθαι
2560 1698 2731 1755 ταῦτα
2761 1703 3065 1769 φυλάττειν.

2783 1796 3018 1848 ΚΑΝΩΝ
3046 1796 3107 1848 ις’

2193 1905 2212 1936 ι
2269 1884 2496 1953 Ὁμοίως
2524 1887 2744 1954 ήρεσεν,
2776 1887 2861 1938 ἵνα
2892 1890 3000 1948 τοῖς
3036 1886 3250 1953 σώμασι
3279 1887 3385 1938 τῶν
3440 1883 3738 1939 τελευτών-

2261 1996 2278 2026 ι
2324 1993 2430 2027 των
2495 1976 2813 2046 εὐχαριστία
2903 1978 2977 2045 μὴ
3030 1976 3176 2043 δοθῇ.
3233 1976 3543 2042 Γέγραπται
3604 1972 3736 2040 γὰρ,

2259 2085 2279 2118 ι
2321 2067 2560 2129 Λάϐετε,
2613 2066 2830 2134 φάγετε
2855 2083 2866 2096 ·
2915 2065 2982 2117 τά
3025 2066 3079 2117 δὲ
3108 2066 3213 2118 τῶν
3263 2068 3467 2131 νεκρῶν
3509 2064 3738 2132 σώματα

2261 2177 2277 2209 ι
2325 2159 2444 2211 οὐδὲ
2487 2159 2672 2211 λαϐεῖν
2706 2160 2947 2220 δύναται,
2977 2158 3098 2210 οὐδὲ
3145 2159 3356 2223 φαγεῖν.
3394 2157 3498 2208 Kai
3535 2157 3617 2208 ἵνα
3656 2157 3734 2226 μὴ

2261 2270 2278 2300 ι
2324 2252 2445 2311 τοὺς
2482 2252 2580 2319 ἤδη
2623 2250 2988 2307 τελευτῶντας
3039 2247 3395 2316 βαπτισθῆναι
3445 2248 3646 2317 ποιήσῃ
3698 2249 3733 2316 ή

2261 2359 2279 2391 ι
2324 2341 2432 2391 τῶν
2467 2340 2851 2409 πρεσϐυτέρων
2885 2340 3098 2406 ἄγνοια.
3130 2356 3148 2388 ι

2256 2432 2448 2483 ΒᾹΛΣ.
2503 2431 2610 2481 Kal.
2656 2430 2807 2490 αὖθις
2859 2431 2886 2480 6
2934 2428 3110 2480 κανὼν
3141 2426 3568 2496 παρακελεύεται
3611 2425 3739 2486 τοὺς

2184 2524 2409 2591 νεκροὺς
2443 2523 2576 2590 μήτε
2605 2519 2985 2588 βαπτίζεσθαι,
3020 2523 3156 2586 μήτε
3192 2519 3290 2583 τῆς
3318 2519 3425 2568 τῶν
3458 2516 3734 2584 ἀγιασμά-

2183 2630 2291 2663 των
2336 2611 2686 2680 μεταλήψεως
2726 2608 3023 2673 ἀξιοῦσθαι.
3070 2606 3448 2666 Τελευτῶντας
3493 2606 3547 2656 δὲ
3584 2605 3744 2658 καλεῖ

2183 2701 2311 2762 τοὺς
2355 2702 2454 2768 ήδη
2489 2701 2936 2768 τελευτήσαντας,
2969 2696 3090 2765 οὐχὶ
3132 2697 3256 2756 τοὺς
3280 2695 3348 2745 τὰ
3380 2695 3580 2761 ἔσχατα
3612 2695 3741 2746 πνέ-

2185 2809 2362 2852 οντας.
2388 2785 2543 2843 Οὗτοι
2575 2792 2680 2858 γὰρ
2711 2790 2907 2856 μᾶλλον
2940 2787 3316 2853 ὲφοδιάζεσθαι
3347 2785 3617 2850 ὀφείλουσι
3649 2785 3738 2836 διὰ

2183 2882 2278 2949 τῆς
2309 2880 2414 2931 τῶν
2443 2880 2613 2946 ἁγίων
2647 2878 2962 2947 μυστηρίων
2992 2875 3369 2943 μεταλήψεως,
3402 2877 3496 2926 καὶ
3525 2874 3613 2926 διὰ
3639 2875 3735 2926 τοῦ

2186 2972 2328 3023 θείου
2363 2972 2754 3039 βαπτίσματος,
2782 2969 2878 3022 ἐὰν
2907 2964 3040 3021 ὦσιν
3070 2968 3390 3021 ἀϐἀπτιστοι

2257 3063 2501 3114 ΖΩΝΑΡ.
2537 3062 2648 3113 Καὶ
2697 3061 2857 3112 πάλιν
2909 3060 3037 3128 περὶ
3086 3058 3182 3110 τοῦ
3229 3059 3301 3125 μὴ
3344 3059 3468 3116 τοὺς
3511 3057 3737 3124 νεκροὺς

2187 3154 2283 3219 τῆς
2330 3153 2435 3205 τῶν
2479 3153 2639 3204 θείων
2695 3151 3008 3218 μυστηρίων
3057 3149 3409 3216 μεταλήψεως
3453 3147 3634 3211 ἀπε-οῦν
3699 3149 3733 3215 ή

2190 3245 2404 3304 σύνοδος
2435 3243 2766 3309 διαλέγεται.
2797 3243 2859 3292 El
2894 3241 3000 3308 γὰρ
3031 3241 3122 3290 καὶ
3155 3241 3186 3307 ή
3221 3238 3362 3300 λέξις
3406 3238 3511 3290 τῶν
3547 3239 3735 3290 τελευ-

2186 3335 2405 3388 τώντων
2455 3335 2579 3396 τοὺς
2639 3335 2805 3402 μήπω
2867 3333 3125 3393 θανόντας
3180 3331 3432 3399 ἐμφαίνει
3488 3332 3628 3382 κατὰ
3677 3330 3739 3381 τὸ

2187 3426 2434 3495 ἀκριϐὲς,
2463 3426 2587 3487 τοὺς
2635 3427 2689 3477 δὲ
2717 3426 2797 3476 ἐτι
2831 3425 3183 3488 θνήσκοντας,
3215 3423 3347 3476 ἀλλά
3387 3421 3454 3472 τὰ
3487 3420 3611 3486 ἑξῆς
3647 3437 3744 3471 σα·

2188 3517 2302 3584 φῶς
2330 3517 2579 3582 δηλοῦσιν
2623 3518 2704 3567 ὅτι
2743 3515 2871 3581 περὶ
2899 3514 3168 3565 θανόντων
3195 3514 3296 3581 ’ήδη
3325 3515 3352 3562 6
3386 3512 3538 3576 λόγος
3593 3511 3739 3574 ἐστὶ,

2186 3609 2246 3660 τὸ
2275 3611 2446 3658 εἰπεῖν
2488 3607 2732 3674 δηλονότι
2757 3607 2836 3657 ὅτι
2862 3605 2928 3657 τὰ
2955 3606 3062 3657 τῶν
3103 3605 3308 3668 νεκρῶν
3338 3601 3562 3670 σώματα
3616 3599 3740 3652 οὔτε

2188 3697 2374 3749 λαϐεῖν
2426 3697 2647 3748 δύναται
2701 3695 2824 3748 οὔτε
2860 3699 3074 3762 φαγεῖν.
3117 3694 3254 3754 Τοὺς
3287 3692 3341 3743 δὲ
3378 3693 3456 3742 ἐτι
3511 3689 3741 3752 ζῶντας,

2185 3778 2685 3855 κᾶν’ἀπέγνωσται
2719 3786 2916 3847 αὐτοὺς
2959 3788 2991 3854 ή
3042 3783 3175 3854 ζωή,
3223 3783 3322 3835 κᾶν
3378 3781 3512 3850 μετά
3565 3779 3738 3848 βραχὺ

2191 3861 2455 3949 μέλλωσιν
2481 3880 2722 3940 ἐκπνεῖν,
2750 3878 2858 3929 τῶν
2887 3877 3058 3944 ἁγίων
3095 3873 3408 3943 μυστηρίων
3462 3870 3742 3934 ἀξιοῦσθαι

2187 3971 2385 4039 χρεών.
2432 3971 2592 4021 Ἀλλά
2641 3970 2772 4038 μηδὲ
2818 3967 3172 4036 βαπτίζεσθαι
3217 3966 3342 4025 τοὺς
3371 3965 3595 4032 νεκροὺς
3647 3960 3743 4013 καὶ

2185 4057 2339 4123 οὗτος
2370 4064 2396 4113 6
2425 4062 2603 4112 κανὼν
2655 4059 2998 4111 διατάττεται
3029 4057 3086 4122 ἐξ
3117 4057 3336 4122 ἀγνοίας
3365 4053 3472 4104 τῶν
3505 4052 3744 4120 πρεσϐυ-

2186 4153 2380 4221 τέρων.
2440 4149 2725 4203 Κάνταῦθα
2771 4149 2827 4201 δὲ
2883 4151 2981 4216 τὴν
3036 4148 3181 4211 λέξιν
3221 4147 3328 4196 τῶν
3369 4143 3739 4196 τελευτώντων

2188 4244 2360 4304 οὕτως
2398 4243 2635 4311 νοητέον,
2671 4241 2744 4302 ὼς
2776 4240 2873 4308 ήδη
2923 4240 3158 4307 εἴρηται.
3199 4237 3338 4297 Ἕως
3389 4237 3495 4303 γὰρ
3541 4234 3604 4285 ἂν
3652 4237 3744 4300 ὲμ-

2191 4334 2330 4402 πνέῃ
2357 4350 2461 4395 τις,
2496 4333 2587 4383 τοῦ
2625 4331 2769 4381 θείου
2808 4328 3183 4396 βαπτίσματος
3215 4324 3595 4392 ἀξιωθήσεται.

2187 4424 2404 4476 ΛΡῙΣΤ.
2445 4440 2462 4472 ι
2492 4423 2580 4489 Τῷ
2602 4420 2693 4473 τοῦ
2716 4418 3159 4486 τετελευτηκότος
3187 4416 3396 4484 σώματι
3429 4416 3742 4482 εὐχαριστία

2268 4535 2284 4566 ι
2334 4513 2623 4582 οὐίδίδοται
2651 4527 2665 4542 ο
2703 4511 2762 4562 οὐ
2795 4510 2899 4577 γὰρ
2928 4508 3119 4568 ἐσθίει,
3152 4507 3181 4575 ἢ
3216 4507 3358 4558 πίνει
3387 4521 3399 4533 '
3439 4505 3532 4556 καὶ
3555 4505 3745 4570 ἄγνοια

2266 4625 2282 4655 ι
2327 4602 2698 4674 πρεσϐυτέρου
2740 4602 2799 4652 ού
2851 4599 3099 4668 βαπτίσει
3131 4597 3223 4647 τὸν
3268 4595 3682 4661 τελευτήσαντα.
3721 4609 3738 4640 ι

2262 4697 2367 4746 Τοῦ
2424 4693 2628 4760 Κυρίου
2687 4689 2951 4750 εἰπόντος,
2989 4685 3230 4744 Λάϐετε,
3265 4682 3498 4749 φάγετε,
3535 4681 3649 4737 πῶς
3680 4679 3744 4729 ἄν

2190 4802 2272 4846 τις
2301 4782 2377 4850 τῷ
2417 4780 2799 4844 τελευτήσαντι
2826 4773 2919 4825 τοῦ
2954 4773 3095 4823 θείου
3130 4769 3376 4836 σώματος
3406 4766 3740 4836 μεταδώσεις

2193 4874 2316 4928 οὔτε
2371 4871 2478 4937 γὰρ
2537 4870 2720 4920 λαϐεῖν
2767 4865 2890 4917 οὔτε
2946 4865 3139 4931 φαγεῖν
3180 4863 3206 4912 6
3257 4861 3446 4929 νεκρὸς
3497 4857 3743 4911 δύναται.

2209 4964 2346 5016 Ἀλλ’
2375 4961 2494 5013 οὐδὲ
2530 4959 2782 5025 βαπτίσει
2815 4973 2896 5016 τις
2933 4954 3022 5004 τὸν
3075 4950 3494 5019 τελευτήσαντα.
3543 4947 3604 4998 Ἥ
3641 4947 3747 5013 γὰρ

2196 5053 2305 5104 τῶν
2333 5048 2719 5118 πρεσϐυτέρων
2749 5047 2935 5112 ἄγνοια
2963 5043 3063 5094 οὐκ
3091 5039 3362 5108 ὠφελήσει
3397 5038 3520 5098 τοὺς
3563 5035 3751 5087 τελευ-

2197 5144 2492 5210 τήσαντας,
2523 5138 2663 5190 ὥστε
2699 5134 3166 5206 βεϐαπτισμένους
3198 5127 3524 5194 λογίζεσθαι.

2765 5221 3002 5277 KANQN
3047 5219 3179 5273 ΚΜ.

2202 5347 2219 5379 ι
2266 5334 2354 5378 Διὸ
2388 5322 2710 5395 βεϐαιωτέον
2765 5317 2911 5370 ἐστὶν
2959 5315 3017 5364 ὲν
3066 5309 3236 5378 ταύτῃ
3266 5311 3331 5377 τῇ
3364 5307 3495 5376 ἁγίᾳ
3527 5303 3748 5372 συνόδῳ,

2271 5438 2290 5471 ι
2337 5389 2475 5468 ὥστε
2527 5389 2671 5465 κατά
2719 5409 2843 5468 τοὺς
2881 5407 2938 5456 ὲν
2989 5401 3194 5470 Νικαίᾳ.
3225 5402 3381 5470 ὅρους
3418 5398 3506 5450 διὰ
3537 5396 3632 5456 τάς
3663 5397 3758 5446 ἑκ-

2277 5530 2294 5562 ι
2340 5501 2732 5576 κλησιαστικάς
2792 5498 2992 5558 αἰτίας,
3051 5494 3251 5553 αἵτινες
3299 5490 3558 5550 πολλάκις
3616 5487 3754 5554 πρὸς

2278 5620 2296 5651 ι
2343 5600 2562 5654 ὀλεθρον
2608 5594 2701 5646 τοῦ
2753 5590 2878 5643 λαοῦ
2929 5586 3306 5646 παλαιοῦνται,
3357 5581 3480 5634 καθ’
3525 5581 3758 5634 ἓκαστιν
