4018 6306
650 374 748 439 107

1870 368 2145 429 THEOD.
2194 369 2415 429 BALSA
2430 375 2582 433 ΜοΝ

3711 362 3815 423 108

647 486 835 536 vinciis
884 484 1058 535 Sedem
1108 482 1362 534 obtinent.
1412 479 1540 530 tinos
1585 478 1843 543 pluresve,
1895 491 2026 541 quos
2080 477 2174 541 ipsi

2279 484 2371 531 καὶ
2399 483 2610 543 πλείους
2638 484 3029 552 τοπλιτηρητάς,
3056 483 3138 533 ἵνα
3161 468 3335 532 τελεία
3370 480 3452 546 εῐη
3482 480 3512 546 ἡ
3542 477 3813 533 αύοεντία,

641 576 918 640 elegerint,
966 576 1239 641 episcotios
1291 572 1493 636 legatos
1548 567 1774 627 mittant,
1828 573 1882 616 ut
1942 566 2171 631 perfecta

641 665 930 715 auctoritas
952 678 1040 714 seu
1072 671 1301 729 potestas
1331 660 1381 711 in
1404 665 1663 709 conventu
1696 669 1797 705 non
1822 654 2169 718 desideretur,

642 755 739 802 hoc
767 760 867 813 est,
899 760 953 800 nt
996 753 1059 801 ad
1095 764 1163 801 ea
1197 762 1312 815 qnze
1370 745 1420 796 iu
1463 742 1665 812 synodo
1698 742 1906 792 decreta
1953 740 2172 803 fuerint,

594 854 599 857 ‘
639 840 829 906 quippe
887 840 1200 896 antistitum,
1247 850 1469 903 quorum
1520 834 1569 883 iu
1622 830 1839 895 singulis
1887 830 2174 895 provinciis

641 928 895 994 przrcipua
927 927 1155 991 dignitas
1201 935 1301 984 est,
1336 938 1426 989 per
1470 923 1668 987 legatos
1710 918 1993 970 accedente
2033 932 2131 969 con
2159 947 2174 958 -

639 1030 819 1073 sensu,
858 1013 1089 1078 perfecta
1122 1012 1407 1065 auctoritas
1440 1010 1768 1075 adiungatur.
1803 1002 1979 1070 Legati
2011 1018 2171 1066 porro

632 1104 994 1169 τοποτςρηταὶ
1044 1103 1115 1171 (id
1154 1110 1254 1163 est,
1298 1100 1397 1152 loci
1444 1093 1861 1158 conserVatores)
1904 1092 2169 1155 dicuntur,

636 1195 771 1256 quod
802 1206 982 1243 cormn
1018 1208 1042 1241 a
1077 1192 1266 1255 quibus
1299 1188 1443 1239 missi
1478 1195 1600 1238 sunt
1650 1185 1823 1236 locum
1853 1193 2086 1243 servent,
2122 1182 2171 1234 id

634 1289 735 1342 est,
767 1289 1049 1345 occupent,
1083 1276 1355 1339 impleant.

631 1367 850 1420 AltlST.
896 1386 913 1416 ι
950 1365 1105 1418 Juxta
1139 1364 1351 1416 Patrum
1383 1362 1713 1415 Niczenorum
1748 1362 1979 1423 decreta,
2013 1373 2171 1427 syno-

708 1475 724 1504 ‹
755 1457 850 1508 dus
878 1454 1162 1520 quatannis
1184 1461 1503 1505 convocetur
1531 1469 1542 1504 :
1569 1459 1623 1503 et
1644 1451 1766 1513 duo,
1800 1450 1878 1502 rel
1913 1456 2173 1515 quotquot

707 1562 725 1593 ι
780 1544 1054 1610 elegerint,
1103 1544 1311 1612 legatia
1365 1540 1677 1609 primatibus
1733 1539 1784 1591 in
1857 1550 2173 1603 unaquaque

719 1650 735 1682 ι
773 1632 1038 1698 provincia
1071 1633 1364 1683 mittantur.
1413 1649 1430 1680 ι

701 1718 764 1770 lli
808 1719 1010 1779 l‘alres,
1054 1717 1243 1771 Nicata:
1293 1720 1525 1770 habitam
1568 1725 1845 1784 sequentes
1888 1713 2167 1784 synodum,

2276 570 2439 638 ἤγουν
2477 573 2508 638 ἡ
2558 571 2771 635 ἐξουσία
2803 573 2858 621 ἐν
2893 574 2955 639 τῇ
3008 570 3332 628 συνελεύσει,
3392 570 3685 627 τουτέστιν,
3722 566 3815 615 ίνα

2274 660 2561 726 ὁριζόμενα
2608 662 2699 713 καὶ
2720 661 3027 728 τυπούμενα
3055 662 3111 710 ὲν
3138 661 3202 727 τῇ
3235 658 3431 723 συνόδῳ
3460 656 3592 723 μετὰ
3617 656 3816 707 αὐθενο

2272 749 2390 809 τίας
2410 750 2616 809 τελείας
2642 749 2949 818 ἐρρίζωνται,
2988 748 3059 809 ὡς
3084 748 3173 807 καὶ
3206 747 3310 797 τῶν
3345 746 3722 810 πρωτευόντων
3755 746 3815 792 ἐν

2273 841 2390 899 ταῖς
2422 840 2708 907 ἐπαρχίαις
2733 839 3031 907 ἀρχιερέων
3061 839 3362 905 συμψήφων
3414 835 3704 901 γινομένων
3725 832 3818 883 διὰ

2272 932 2376 977 τῶν
2409 930 2535 997 παρ’
2567 930 2745 981 αὐτῶν
2786 929 3144 995 στελλομένων
3194 923 3597 991 τοποτηρητῶν.
3635 923 3813 975 Torto-

2274 1018 2500 1083 τηρηταὶ
2525 1016 2578 1066 δὲ
2609 1015 2873 1081 λέγονται,
2907 1016 2992 1066 διὰ
3038 1016 3098 1065 τί)
3127 1015 3213 1066 τὸν
3236 1015 3396 1064 τόπον
3421 1013 3623 1079 τηρεῖν,
3651 1010 3817 1077 fnko
3902 1044 3905 1047 ν

2273 1104 2509 1172 ἐπέχειν,
2538 1105 2899 1172 ἀναπληροῦν,
2933 1105 3042 1156 τῶν
3072 1103 3395 1154 στειλὲντων
3419 1098 3633 1157 αὐτούς·

2270 1364 2491 1419 ΔΡΙΣΤ.
2527 1368 2731 1431 ‹,Κατὰ
2759 1367 2881 1429 τοὺς
2907 1369 3063 1437 ὅρους
3096 1368 3202 1419 τῶν
3246 1383 3301 1417 εν
3348 1364 3569 1430 Νικαίᾳ,
3604 1361 3819 1419 σύνοδος

2347 1472 2364 1504 ι
2400 1458 2515 1507 κατ’
2566 1457 2803 1508 ἐνιαυτὸν
2829 1456 3192 1523 συγκαλείσϐω
3215 1470 3228 1482 ⁶
3268 1456 3362 1506 καὶ
3414 1452 3816 1518 πεμπέσθωσαν

2347 1561 2364 1592 ι
2404 1544 2503 1593 om
2560 1543 2666 1593 τῶν
2714 1546 3095 1611 πρωτευόντων
3130 1545 3187 1595 ὲν
3237 1547 3303 1611 τῇ
3344 1542 3578 1609 ἐπαρχία
3634 1537 3745 1602 δύο,
3780 1537 3815 1605 ἢ

2341 1648 2365 1679 1
2406 1633 2499 1683 xui.
2524 1634 2633 1684 ὅσοι
2657 1632 2985 1700 ἐπιλεχοεῖεν
3014 1634 3396 1700 τοποτηρηταί.
3446 1650 3463 1680 ι

2340 1718 2401 1768 Οἱ
2427 1720 2664 1787 Πατέρες
2694 1714 2857 1782 οὗτοι,
2913 1724 2979 1787 τῇ
3014 1724 3069 1772 ἐν
3120 1722 3320 1791 Νικαίᾳ
3364 1719 3823 1774 κατακολουθοῦν-

632 1810 913 1877 quotannis
937 1808 1257 1877 Carthagine
1286 1808 1540 1862 celebrari
1596 1805 1854 1873 synoduzn
1904 1806 2175 1865 mandant,

2281 1824 2366 1866 τες
2406 1810 2624 1877 συνόδῳ,
2677 1812 2793 1861 κατ’
2823 1811 3061 1862 ἐνιαυτὸν
3096 1813 3153 1862 ὲν
3188 1809 3486 1879 Καρχηδόνι
3543 1812 3819 1879 προστάτ-

628 1898 963 1965 ctesingulis
1014 1898 1351 1965 provinciisa
1401 1898 1786 1965 provinciarum
1834 1892 2179 1960 metmpolitis

629 1986 761 2038 mitti
792 1986 938 2047 duos,
971 1986 1049 2036 vel
1078 1986 1234 2038 etiam
1270 1996 1607 2055 quotcunque
1632 1985 1887 2051 elegerint
1927 1981 2046 2049 ipsi,
2105 1980 2178 2032 le-

627 2084 792 2143 gatos.

1192 2166 1416 2222 CANON
1449 2166 1613 2218 XXll.

632 2281 650 2313 ι
718 2265 771 2319 Si
823 2266 941 2332 quis
986 2265 1261 2330 episcopus
1330 2268 1627 2318 accusetur,
1658 2257 1721 2307 ad
1774 2257 1889 2322 ejus
1945 2255 2173 2321 regionis

704 2374 721 2405 ‹
751 2356 1004 2423 primates
1034 2361 1312 2407 accusator
1346 2364 1452 2402 rem
1488 2347 1691 2401 deferat
1724 2364 1737 2398 :
1784 2360 1877 2399 nec
1924 2361 2172 2400 commu-

703 2464 719 2494 ι
750 2446 906 2498 nioue
933 2452 1179 2495 arceatur
1219 2441 1264 2493 is
1292 2440 1372 2491 cui
1409 2439 1607 2491 crimen
1641 2437 1954 2499 intenditur,
1982 2436 2081 2489 nisi
2106 2437 2171 2489 ad

717 2552 733 2583 ι
774 2548 832 2587 se
878 2533 927 2584 in
952 2530 1151 2599 judicio
1182 2528 1564 2582 defendendum
1612 2539 1818 2586 eorum,
1856 2525 1943 2590 qui
1978 2524 2040 2575 ad
2082 2508 2169 2590 juo

706 2643 720 2670 ι
752 2622 1031 2675 dicandum
1067 2618 1217 2670 electi
1262 2626 1404 2677 sunt,
1440 2613 1627 2666 litteris
1654 2622 1903 2664 evocatus
1935 2611 2017 2665 die
2046 2626 2171 2677 prac-

715 2731 731 2761 ι
768 2711 949 2763 stituto
974 2720 1300 2774 nequaquam
1333 2702 1547 2766 stiterit,
1579 2702 1626 2752 id
1649 2713 1749 2764 esr,
1782 2701 1914 2752 intra
1938 2700 2166 2766 spatium

711 2822 725 2851 ι
766 2799 978 2858 mensis,
1025 2812 1089 2850 ex
1140 2810 1244 2863 quo
1267 2810 1386 2848 eum
1435 2790 1960 2859 apparueritlitteras
2016 2803 2168 2841 acce-

714 2909 729 2939 ι
771 2890 929 2956 pisse.
964 2887 1017 2940 Si
1069 2893 1244 2938 autem
1289 2896 1445 2936 veras
1496 2882 1697 2948 aliquas
1737 2887 1790 2931 et
1838 2878 2169 2931 necessarias

714 3000 728 3026 ι
767 2990 954 3030 causas
1003 2973 1313 3034 ostenderit,
1362 2985 1479 3037 qnze
1529 2969 1904 3034 impedimento
1953 2967 2166 3029 fuerint,

709 3084 725 3115 ‹
762 3064 1039 3132 quominus
1079 3075 1135 3114 se
1164 3060 1367 3113 sisterit
1412 3058 1476 3109 ad
1503 3057 1918 3121 respondendum
1958 3054 2021 3104 iis
2051 3069 2169 3119 qua:

717 3176 730 3203 ‹
769 3154 1047 3207 adversum
1077 3166 1197 3203 eum
1241 3148 1510 3216 proposita
1545 3146 1714 3205 fuere,
1764 3145 1899 3195 intra
1943 3144 2164 3195 alterum
2197 3168 2237 3225 ο

721 3264 735 3291 ι
775 3254 1003 3294 mensem
1039 3239 1298 3306 integram
1332 3235 1525 3287 habeat
1554 3233 1859 3286 facultatem
1897 3232 2023 3284 :sed
2055 3240 2171 3297 post

714 3352 730 3382 ι
787 3331 1072 3384 secundum
1114 3341 1349 3380 mensem
1375 3340 1477 3377 non
1521 3323 1959 3383 communicabit,
2006 3323 2172 3375 donec

711 3444 726 3473 ι
766 3437 930 3490 purus
960 3428 1206 3473 ostensus
1234 3416 1410 3468 fuerit.
1443 3413 1496 3465 Si
1553 3423 1728 3464 autem
1788 3411 1837 3462 in
1887 3407 2169 3461 universali

715 3529 732 3560 ι
784 3506 985 3577 synodo
1021 3503 1384 3558 anniversaria
1424 3514 1481 3552 se
1510 3500 1696 3551 sistere
1736 3497 1982 3559 noluerit,
2014 3505 2068 3547 ut
2093 3494 2172 3547 vel

718 3619 734 3648 ι
772 3599 879 3651 illic
920 3610 1077 3650 causa
1117 3594 1229 3662 ejus
1267 3591 1600 3650 terminetur,
1656 3589 1768 3653 ipse
1821 3587 2071 3637 adversus
2116 3600 2174 3637 se

712 3708 729 3738 ε
765 3683 1220 3748 condemnationis
1250 3680 1566 3734 sententiam
1595 3677 1872 3745 protuli~se
1909 3674 2170 3741 judicahi-

719 3796 734 3826 ι
768 3788 871 3831 tur.
907 3775 1022 3838 Quo
1055 3788 1178 3825 vero
1205 3778 1437 3836 tempore
1468 3758 1973 3827 noncommunicat,
2015 3761 2174 3831 544,

724 3886 741 3915 ‹
782 3881 880 3918 nec
914 3865 963 3916 in
995 3878 1085 3915 sua
1116 3862 1360 3920 ecclesia,
1386 3874 1483 3910 nec
1513 3859 1570 3909 in
1602 3857 1846 3922 parochia
1878 3852 2172 3906 communi-

719 3978 734 4008 ι
770 3956 932 4011 cabit.
973 3954 1095 4021 Ejus
1138 3961 1311 4003 autem
1344 3959 1640 4008 accusator,
1678 3946 1720 3997 si
1768 3958 2033 4009 nunquam
2080 3942 2172 3993 ab-

713 4064 727 4095 ι
773 4045 949 4108 fuerit,
992 4043 1056 4094 iis
1110 4041 1315 4102 diebus,
1371 4038 1564 4104 quibus
1610 4035 1874 4102 negotium
1921 4033 2152 4097 agitatur

716 4151 731 4181 ι
771 4130 1142 4184 communione
1174 4140 1509 4193 nequaquam
1542 4132 1785 4173 arceatur
1813 4136 1827 4176 :
1858 4123 1901 4173 si
1931 4134 2052 4171 vero
2082 4119 2173 4169 ali-

712 4240 728 4268 ι
769 4220 976 4288 quando
1020 4214 1244 4268 abfuerit
1289 4213 1519 4280 seipsum
1563 4208 1885 4269 subducens,
1932 4209 2174 4258 restituto

717 4330 733 4361 ι
781 4304 1244 4363 communicationi
1296 4304 1563 4370 episcopo,
1625 4300 1736 4367 ipse
1789 4306 2067 4350 accusator
2110 4309 2172 4346 ex

725 4418 742 4447 ι
776 4396 1145 4450 communione
1191 4393 1475 4461 ejiciatur,
1525 4388 1595 4443 ita
1647 4399 1821 4441 tamen
1873 4397 1928 4439 ut
1975 4400 2070 4439 nec
2126 4385 2172 4436 ei

715 4504 731 4534 ι
780 4486 1134 4537 accusationis
1165 4481 1383 4533 facultas
1420 4478 1713 4539 auferatur,
1744 4480 1786 4528 si
1830 4477 2059 4544 potuerit
2089 4488 2173 4526 οε-
2204 4470 2249 4525 D

720 4592 737 4622 ι
783 4574 997 4625 tendere
1027 4571 1107 4622 die
1142 4570 1438 4636 prmstituto
1477 4581 1577 4617 non
1623 4566 1878 4625 noluisse,
1921 4565 2011 4616 sed
2070 4578 2172 4616 non

722 4684 737 4714 ι
797 4662 1031 4731 potuisse
1083 4660 1297 4721 sistere;
1330 4655 1420 4708 illo
1456 4655 1664 4722 quidem
1718 4653 1999 4708 manifesto
2035 4655 2176 4707 exsi-

719 4772 735 4801 ι
776 4759 965 4812 stente,
1005 4749 1143 4815 quod
1171 4748 1236 4809 si,
1268 4748 1388 4797 dum
1434 4760 1516 4798 res
1550 4752 1793 4796 moretur
1823 4744 1873 4795 in
1904 4743 2177 4810 episcopo-

719 4859 735 4887 ‹
776 4837 1158 4903 rum'judicio,
1215 4833 1501 4891 infametur
1553 4832 1879 4884 accusatoris
1928 4845 2174 4898 persona,

716 4946 731 4974 ι
784 4926 846 4977 ad
920 4925 1306 4977 accusationem
1374 4936 1475 4975 non
1548 4922 1892 4983 admittatur,
1956 4923 2054 4973 nisi
2114 4923 2177 4972 de

722 5036 738 5065 ι
782 5015 993 5084 proprio
1036 5014 1265 5081 nrgotio,
1301 5027 1402 5064 non
1452 5022 1621 5063 tamen
1645 5011 2021 5077 ecclesiastico,
2049 5012 2174 5063 velit

716 5132 731 5161 ι
768 5112 869 5179 agi.
899 5128 916 5159 ι

715 5494 906 5547 BALS.
957 5494 1087 5557 Qnia
1129 5494 1389 5561 episc-Opis
1420 5501 1500 5544 est
1532 5502 1837 5560 competens
1879 5494 2181 5560 metropoli-

642 5584 1055 5652 tanijudicium,
1096 5581 1223 5634 dicit
1268 5597 1434 5633 eanoa
1487 5583 1646 5649 quod,
1706 5584 1749 5634 si
1793 5584 2067 5650 episcopus
2115 5584 2181 5635 ab

644 5678 821 5745 aliquo
852 5686 1148 5739 accusetur,
1184 5674 1337 5728 debet
1364 5690 1392 5726 a
1424 5690 1518 5727 suo
1552 5675 1775 5741 primatc
1800 5688 1889 5727 seu
1916 5684 2179 5741 metropo'

2278 1915 2431 1949 τουσι
2457 1900 2667 1950 σύνοδον
2710 1902 2971 1967 γίνεσθαι,
3005 1904 3095 1954 καὶ
3123 1902 3433 1969 πέμπεσθαι
3474 1903 3819 1968 ἀφ’ὲκαστης

2277 1987 2544 2054 ἐπαρχίας
2592 1990 2695 2041 ὑπὸ
2742 1991 2849 2041 τῶν
2908 1992 3317 2060 μητροπολιτὼν
3371 1993 3475 2043 τῶν
3541 1991 3819 2059 ἐπαρχιῶν

2275 2077 2385 2144 δύο,
2416 2080 2448 2146 ἢ
2486 2082 2574 2131 καὶ
2607 2082 2759 2144 ὅσους
2802 2083 3131 2145 ἐπιλέξονται
3162 2079 3322 2142 οὗτοι,
3346 2082 3739 2150 τοποτηρητάς.

2844 2174 3076 2225 ΚΑΝΩΝ
3109 2176 3149 2225 Κ
3162 2173 3231 2225 ις’.
3611 2226 3614 2231 ,

2277 2275 2296 2308 ‹
2343 2259 2463 2315 Ἐάν
2492 2277 2573 2322 τις
2619 2263 2724 2314 τῶν
2748 2264 3058 2316 ἐπισκόπων
3106 2266 3494 2333 κατηγορῆται,
3525 2262 3673 2330 παρά
3701 2263 3818 2321 τοῖς

2341 2370 2358 2401 ι
2398 2353 2493 2418 τῆς
2513 2353 2673 2404 αὑτοῦ
2700 2353 2878 2421 χώρας
2908 2355 3275 2422 πρωτεύουσιν
3304 2357 3329 2405 ὁ
3356 2355 3654 2423 κατήγορος
3688 2353 3822 2403 ἁνα-

2350 2458 2365 2489 ι
2406 2442 2547 2509 γὰγῃ
2570 2444 2627 2493 τὸ
2658 2445 2885 2511 πρᾶγμα
2908 2460 2920 2473 ⁶
2976 2446 3068 2495 καὶ
3102 2445 3233 2511 μηδὲ
3266 2445 3370 2495 ἀπὸ
3403 2445 3498 2508 τῆς
3536 2440 3823 2499 κοινωνίας

2346 2549 2365 2582 ι
2404 2532 2617 2600 κωλυοῇ
2679 2533 2704 2582 ὁ
2752 2534 3240 2601 κατηγορούμενος,
3289 2535 3336 2582 εἰ
3397 2531 3517 2600 μηδ’
3570 2532 3636 2583 ἂν
3682 2532 3824 2599 πρὸς

2348 2642 2365 2672 ι
2398 2622 2684 2687 ἀπολογίαν
2733 2624 2788 2673 ὲν
2839 2623 2915 2690 τῷ
2944 2623 3272 2690 δικαστηρίῳ
3310 2622 3415 2673 τῶν
3463 2621 3821 2687 ὲττιλεγέντων

2342 2731 2358 2763 ι
2392 2714 2626 2774 δικάζειν
2657 2713 2972 2779 γράμμασιν
3029 2714 3405 2781 προσκληθεὶς,
3447 2716 3511 2782 τῇ
3539 2712 3822 2779 ὡρισμένῃ

2338 2821 2357 2853 ι
2394 2806 2575 2873 ἡμέρα
2626 2806 2872 2872 οὐδαμῶς
2903 2806 3209 2874 ἀπαντήσῃ,
3267 2804 3412 2855 τοῦτ’
3463 2805 3607 2855 ἔστιν
3663 2803 3821 2860 ἐντὸς

2346 2914 2361 2942 ι
2402 2895 2733 2962 προθεσμίας
2794 2908 2957 2963 μηνος
3014 2898 3104 2960 ἀφ’
3149 2891 3216 2963 ἦς
3255 2895 3463 2961 ἡμέρας
3509 2893 3700 2959 φανείη
3749 2893 3823 2943 τὰ

2347 3003 2364 3032 ‹
2401 2986 2697 3052 γράμματα
2723 2986 3028 3051 δεξάμενος,
3072 2986 3195 3036 Ἐὰν
3217 2986 3271 3036 δὲ
3302 2984 3517 3052 ἀληθεῖς
3551 3000 3697 3043 τινας
3723 2984 3824 3033 καὶ

2336 3093 2353 3123 ι
2392 3076 2789 3139 ἀναγκαστικὲις
2823 3078 3000 3137 αἰτίας
3046 3077 3319 3143 ἀποδείξῃ,
3378 3078 3474 3132 τὰς
3518 3076 3678 3126 αυτζν
3704 3090 3824 3123 κω-

2346 3181 2362 3212 ι
2400 3163 2627 3223 λυούσας
2690 3168 2996 3233 ἀπαντῆσαι
3035 3166 3165 3233 πρὸς
3195 3165 3486 3231 ἀπολογίαν
3543 3165 3649 3215 τῶν
3697 3164 3829 3214 κατ’

2352 3269 2369 3301 ι
2405 3253 2563 3305 αὐτοῦ
2600 3256 2985 3320 προτεθέντων,
3030 3256 3178 3316 ἐντὸς
3231 3256 3415 3323 ἑτέρου
3464 3255 3627 3323 μηνὸς
3690 3256 3828 3305 ἀκε-

2347 3360 2365 3392 ι
2404 3345 2558 3411 ραίαν
2613 3347 2776 3412 ἐχέτω
2807 3347 3083 3415 εὐχέρειαν
3109 3364 3122 3377 ο
3159 3347 3295 3414 μετά
3342 3348 3396 3398 δὲ
3448 3348 3536 3398 τὸν
3565 3346 3824 3413 δεύτερον

2346 3449 2364 3481 ‹
2406 3434 2544 3499 μῆνα
2597 3437 2669 3502 μὴ
2717 3438 3038 3504 κοινωνήσῃ,
3092 3436 3192 3496 ἓως
3242 3430 3303 3487 οὗ
3336 3436 3570 3503 καθαρὸς
3604 3437 3829 3487 ἀποδει-

2347 3539 2365 3570 ‹
2405 3524 2577 3591 χθῖίη.
2610 3526 2670 3576 Εἰ
2717 3527 2771 3575 δὲ
2803 3527 2933 3594 πρὸς
2966 3528 3255 3593 σύμπασαν
3284 3529 3380 3595 τὴν
3417 3528 3633 3594 ὲτησίαν
3665 3528 3830 3577 σύνο-

2351 3631 2367 3662 ι
2398 3614 2484 3663 δον
2519 3614 2823 3680 ἀπαντῆσαι
2866 3615 2939 3682 μὴ
2975 3615 3280 3684 βουληθείη,
3324 3616 3408 3667 ἵνα
3455 3616 3557 3666 κᾶν
3612 3617 3723 3665 ἐκεῖ
3760 3617 3829 3666 τὸ

2350 3723 2366 3754 ι
2408 3706 2635 3771 πρᾶγμα
2696 3704 2857 3755 αὑτοῦ
2900 3707 3198 3773 περαιωυῇ,
3254 3706 3412 3766 αὐτὸς
3474 3705 3591 3756 καθ’
3622 3704 3827 3755 ἑαυτοῦ

2350 3813 2366 3845 ι
2405 3795 2502 3861 τῆς
2548 3795 2838 3860 καταδίκης
2868 3796 2965 3860 τὴν
3016 3796 3192 3862 ψῆφον
3235 3797 3671 3863 ἐκπεφωνηκέναι
3700 3813 3828 3863 κρι-

2352 3903 2369 3933 ‹
2408 3884 2648 3952 Θήσεται.
2688 3884 2773 3935 Ἑν
2800 3886 2853 3935 δὲ
2889 3884 2964 3952 τῷ
3012 3886 3185 3952 καιρῷ
3217 3880 3256 3950 ᾧ
3287 3887 3343 3935 οὐ
3388 3888 3631 3936 κοινωνεῖ
3685 3886 3830 3951 μηδὲ

2349 3993 2364 4024 ι
2402 3975 2458 4024 ὲν
2498 3978 2561 4042 τῇ
2599 3974 2701 4041 ἰδία
2749 3976 3036 4043 ἐκκλησίᾳ,
3079 3975 3210 4042 μηδὲ
3244 3978 3299 4026 ἐν
3339 3976 3597 4044 παροικίᾳ
3628 3993 3827 4026 κοινω-

2348 4083 2365 4114 ι
2404 4068 2558 4135 νήσῃ.
2613 4066 2670 4116 '0
2722 4066 2776 4116 δὲ
2810 4067 2993 4118 τούτου
3041 4069 3360 4136 κατήγορος,
3412 4068 3505 4118 ἐὰν
3570 4068 3825 4135 μηδαμοῦ

2351 4171 2368 4203 ι
2408 4154 2773 4223 ἀπολειφθείη,
2808 4159 2863 4207 ἐν
2890 4152 2973 4215 αἷς
3004 4157 3236 4225 ἡμέραις
3278 4158 3609 4224 γυμνάζεται
3639 4159 3704 4209 τὰ
3725 4159 3825 4208 τοῦ

2352 4261 2368 4292 ι
2409 4245 2749 4311 πράγματος,
2799 4244 3057 4311 μηδαμῶς
3098 4245 3308 4311 κωλυθῇ
3361 4248 3466 4296 ἀπὸ
3495 4247 3588 4310 τῆς
3625 4261 3824 4295 κοινω-

2354 4352 2371 4385 ι
2407 4334 2520 4394 νίας
2550 4349 2564 4363 ο
2618 4334 2711 4384 ἐὰν
2763 4333 2818 4385 δέ
2865 4349 2991 4384 ποτε
3042 4334 3258 4403 ἐλλείψῃ
3277 4335 3464 4385 ἑαυτὸν
3518 4334 3817 4399 ύποσύρας,

2353 4423 2904 4490 σάποκαΟισταμένου
2986 4417 3047 4491 τῇ
3115 4427 3366 4492 διο-νωνία
3431 4424 3523 4477 τοῦ
3602 4427 3827 4475 ἐπισκό-

2352 4533 2369 4563 ι
2409 4530 2556 4574 που,
2615 4514 2771 4573 αὐτὸς
2850 4512 2955 4564 ἀπὸ
3017 4517 3112 4581 τῆς
3160 4516 3435 4576 κοινωνίας
3496 4516 3728 4584 ἐκϐληθῇ
3791 4521 3820 4568 ὁ

2345 4619 2361 4650 ι
2395 4602 2735 4667 κατήγορος·
2771 4600 2939 4661 οὕτως
2984 4602 3184 4667 μέντοι,
3220 4602 3293 4663 ὡς
3350 4602 3480 4670 μηδὲ
3515 4604 3610 4672 τὴν
3657 4604 3787 4671 εὺχέ
3812 4636 3824 4647 -

2352 4705 2367 4735 ι
2409 4703 2555 4751 ρειαν
2613 4685 2757 4753 αὐτῴ
2801 4689 3143 4755 ἀφαιρεῖσθαι
3188 4690 3283 4754 τῆς
3337 4691 3663 4760 κατηγορίας
3719 4695 3825 4745 τοῦ

2352 4793 2369 4825 ι
2410 4778 2745 4843 πράγματος,
2779 4777 2874 4827 ἐὰν
2902 4778 3097 4845 δυνηθῇ
3118 4779 3389 4843 ἀποδεῖξαι
3415 4784 3550 4834 κατά
3576 4786 3670 4848 τὴν
3690 4802 3829 4850 προ-

2352 4883 2369 4913 ι
2408 4864 2632 4931 Οεσμίαν
2655 4866 2770 4933 οὐχὶ
2812 4867 2884 4936 μὴ
2910 4869 3274 4937 τεθεληκέναι,
3309 4873 3441 4925 ἀλλά
3479 4874 3551 4942 μὴ
3597 4876 3823 4944 δεδυνῆ-

2352 4975 2369 5006 ι
2412 4956 2531 5007 σθαι
2567 4958 2905 5027 ἀπαντῆσαι·
2938 4960 3143 5011 ἐκείνου
3168 4962 3325 5028 δήλου
3352 4964 3523 5025 ὄντος,
3559 4965 3630 5024 ὡς
3661 4967 3715 5016 ὲν
3740 4968 3826 5036 τῷ

2351 5065 2366 5095 ι
2406 5047 2666 5097 κινεῖσθαι
2716 5048 2779 5097 τὰ
2818 5049 3113 5116 πράγματα
3164 5051 3220 5101 ἐν
3254 5051 3330 5119 τῷ
3366 5054 3471 5104 τῶν
3503 5055 3825 5109 ἐπισκόπων

2355 5155 2371 5185 ι
2404 5136 2748 5205 δικαστηρῗῳ,
2800 5138 2893 5189 ἐὰν
2924 5138 3270 5209 διαϐέϐληται
3302 5143 3360 5193 τὸ
3396 5145 3678 5211 πρόσωπον
3726 5150 3829 5200 τοῦ

2363 5246 2377 5277 ι
2417 5231 2735 5297 κατηγόρου,
2765 5231 2837 5297 μὴ
2866 5230 3020 5299 δεχοῇ
3051 5234 3125 5293 είς
3157 5236 3507 5302 κατηγορίαν,
3535 5240 3580 5288 εἰ
3609 5238 3729 5306 μηδ’
3756 5242 3831 5291 ἂν

2352 5335 2369 5366 ι
2409 5319 2542 5386 ὑπὲρ
2577 5318 2701 5368 ἰδίου
2731 5319 3072 5386 πράγματος,
3104 5321 3179 5391 μὴ
3223 5325 3403 5390 μέντοι
3449 5328 3577 5396 περὶ
3624 5328 3831 5400 ἔκκλη-

2356 5425 2373 5456 σ
2408 5406 2703 5468 σιαστικοῦ,
2742 5407 2939 5477 Θελήσῃ
2971 5412 3339 5465 ἐπιϐαλέσθαι.
3381 5432 3397 5463 ι

2353 5497 2543 5548 ΒΑΛΣ.
2602 5497 2750 5548 Ἐπεὶ
2801 5500 3102 5567 πρόσφορόν
3140 5503 3250 5553 ἐστι
3305 5504 3652 5573 δικαστήριον
3707 5514 3831 5574 τοῖς

2281 5587 2589 5646 ἐπισκόποις
2628 5585 2686 5637 τὸ
2706 5586 2795 5635 τοῦ
2864 5590 3282 5657 μητροπολίτου,
3338 5595 3499 5662 φησὶν
3554 5599 3580 5647 ό
3638 5600 3830 5653 κανὼν

2280 5674 2381 5739 ὃτι,
2409 5674 2499 5725 ἐὰν
2536 5675 2903 5745 κατηγορῆται
2944 5678 3237 5742 ἐπίσκοπος
3276 5684 3425 5751 παρὰ
3474 5700 3636 5745 τινος,
3672 5686 3835 5752 ὀηςεί-
