4018 6306
685 309 778 371 ill

1915 340 2180 400 TllEOD.
2213 342 2298 399 BA
2310 344 2438 400 LSA
2449 346 2601 405 ΜοΝ

3757 353 3860 418 11?.

682 420 892 484 quidem
923 425 986 477 ab
1016 440 1078 478 eo
1110 435 1346 495 tempore
1382 434 1642 502 tlesignari
1674 442 1960 506 oportebit,
2001 459 2104 513 quo
2130 448 2188 499 lit

2319 468 2408 502 του
2440 453 2505 502 τά
2526 454 2786 507 καλοῦντα
2837 456 2996 508 αὐτὸν
3053 459 3130 517 εἰς
3173 459 3231 510 τὸ
3266 461 3609 530 δικαστήριον
3641 464 3862 527 ἐδέξατο

683 518 818 562 teras
852 515 1042 578 quibus
1083 518 1146 568 ad
1175 519 1430 583 judicium
1468 537 1719 579 evocatur
1756 535 2040 599 acceperit.
2084 533 2212 587 Nam

681 606 802 649 tunc
837 602 1046 667 quidem
1090 608 1393 671 pertinacia‘
1421 612 1626 678 culpam
1665 622 2058 676 (omniunionis
2100 625 2211 692 pri-

678 689 903 751 vatione,
934 691 1030 745 boe
1056 703 1154 756 est,
1179 701 1543 765 segregatione
1575 704 1700 757 luet.
1739 707 1887 771 Quod
1919 711 1961 764 si
2014 713 2214 779 aliqua-

677 789 789 828 rum
839 792 1116 831 causarum
1160 789 1478 848 interventu,
1515 805 1648 855 quas
1703 809 1876 858 veras,
1919 813 2024 850 non
2073 813 2213 852 com-

673 866 936 918 mentitias
969 882 1085 920 esse
1119 883 1350 937 constet,
1385 881 1683 932 necessario
1728 883 1994 936 hominem
2044 886 2201 954 impe-

672 951 834 1005 ditum
875 953 1038 1010 fuisse
1076 973 1345 1026 appareat,
1379 968 1662 1032 quoaiinus
1695 970 1743 1021 in
1766 971 1971 1039 judicio
2006 951 2205 1030 stiterit

669 1049 722 1093 ct
776 1047 1120 1113 responderit,
1179 1052 1226 1102 in
1280 1054 1500 1107 alterum
1563 1073 1799 1112 mensem
1852 1078 2060 1115 rursum
2110 1066 2207 1133 ipsi

671 1132 977 1195 prmfinitam
1009 1139 1233 1192 adeundi
1275 1144 1460 1208 judicii
1510 1148 1643 1200 diem
1698 1155 1972 1220 prorogari
2014 1132 2204 1221 placet.

668 1218 735 1270 At
768 1220 832 1285 si,
861 1221 949 1274 illo
978 1240 1233 1292 nusquam
1273 1246 1582 1300 apparente,
1620 1238 1800 1292 irritus
1841 1218 1971 1294 alter
1998 1218 2208 1311 quoque

666 1311 864 1363 mensis
899 1314 1108 1378 abierit,
1137 1318 1202 1369 ab
1237 1334 1298 1372 co
1347 1331 1597 1388 tempore,
1632 1331 1979 1397 quoadusque
2022 1347 2102 1396 se,
2153 1335 2204 1388 in

663 1412 766 1464 quo
783 1413 1079 1467 accusatur,
1102 1409 1255 1474 culpa
1287 1425 1476 1465 vacare
1501 1418 1810 1484 ostenderit,
1834 1425 2205 1478 communione

663 1486 921 1552 privatum
968 1506 1086 1545 esse
1123 1510 1291 1549 canon
1337 1499 1595 1554 decernit.
1629 1502 1778 1568 Quod
1822 1508 1870 1561 si
1924 1525 2095 1577 neque
2137 1513 2201 1564 ad

662 1574 935 1638 primatem
976 1583 1282 1647 provinciae,
1338 1602 1508 1655 neque
1541 1591 1602 1642 ad
1639 1593 2010 1662 episcoporum
2041 1612 2202 1667 syno-

660 1665 782 1714 dum
816 1671 1094 1732 quotannis
1129 1671 1310 1726 haberi
1342 1676 1572 1739 solitam,
1613 1690 1667 1731 ut
1703 1682 1753 1732 in
1787 1696 1847 1735 ea
1871 1684 1934 1736 de
1963 1687 2200 1738 crimini-

660 1754 757 1805 bus
797 1756 892 1822 ipsi
949 1758 1166 1822 objectis
1199 1774 1484 1829 quaxratnr,
1520 1768 1840 1836 qumstioque
1877 1781 1982 1825 tota
2025 1775 2195 1828 absol-
2233 1758 2273 1810 Β

661 1852 833 1907 vatur,
861 1851 1163 1912 accesserit,
1197 1851 1303 1918 jam
1337 1855 1445 1921 ipse
1467 1866 1648 1910 contra
1677 1874 1733 1912 se
1760 1859 2066 1929 suffragium
2117 1874 2198 1916 ι..-

661 1930 805 1995 lisse,
850 1935 947 1986 lioc
997 1948 1097 1998 est,
1151 1941 1261 2006 ipse
1298 1957 1353 1994 se
1398 1945 1777 2000 condemnasse
1814 1951 2198 2006 existimandus

658 2029 758 2073 est.
813 2020 976 2075 Porro
1027 2026 1112 2077 illo
1164 2033 1541 2099 segregationis
1579 2045 1833 2105 tempore,
1899 2057 2068 2108 nqute
2141 2045 2192 2095 in

659 2109 824 2172 ipsius
856 2111 1098 2177 ecclesia,
1137 2132 1305 2182 neque
1346 2121 1488 2181 alibi,
1543 2126 1684 2177 Velut
1728 2127 1776 2178 in
1822 2130 2051 2194 subjecta
2097 2133 2192 2197 ipsi

658 2201 909 2263 paranda,
977 2217 1096 2254 cum
1160 2219 1224 2258 c0
1295 2214 1714 2267 cunnnunieandi
1787 2219 2006 2273 facultas
2072 2225 2192 2274 erit.

655 2289 944 2343 Accusator
976 2307 1118 2356 vero,
1153 2297 1195 2348 si
1224 2298 1433 2364 quidem
1473 2302 1743 2368 injndicio
1790 2320 1978 2373 pra-sto
2013 2311 2192 2375 fuerit,

655 2394 681 2428 a
713 2383 1081 2438 communione
1109 2403 1439 2455 nequaquam
1492 2397 1754 2449 arecbitur

653 2475 863 2524 deserto
886 2475 1216 2540 subduxerit,
1265 2480 1363 2534 hoc
1405 2494 1486 2536 est
1519 2495 1704 2551 sponte
1758 2503 1834 2552 se,
1875 2503 2043 2556 neque
2090 2493 2191 2544 ulla

652 2567 951 2614 necessaria
980 2581 1136 2619 causa
1165 2582 1402 2635 coactus,
1437 2577 1716 2642 proripuit,
1753 2593 1813 2629 ac
1845 2580 2091 2646 latebras,
2126 2599 2191 2635 ne

651 2651 992 2718 inveniretur,
1023 2661 1286 2725 quaesivit;
1322 2665 1626 2731 episcopum
1655 2670 1887 2734 quidem,
1931 2673 2014 2724 cui
2051 2673 2189 2725 dicta

648 2740 760 2793 dlcs
785 2741 972 2808 fuerat,
999 2763 1023 2795 a
1053 2747 1210 2798 multa
1243 2753 1593 2805 communioni
1628 2757 1944 2809 restitutum.
1968 2761 2188 2824 absolvi,

649 2843 1008 2888 accusatorem
1065 2852 1187 2892 vero
1227 2839 1396 2906 ipsum
1462 2843 1694 2896 vicissim
1753 2847 1991 2913 imposita
2035 2864 2189 2915 pinna

650 2921 821 2988 puniri
852 2922 998 2988 jubet
1069 2928 1245 2979 Actori
1281 2939 1451 2984 tamen
1507 2933 1893 2987 accusationem
1943 2939 2187 3005 persequi

647 3026 710 3063 ac
737 3012 940 3078 judicio
961 3018 1186 3083 experiri
1213 3019 1382 3072 adhuc
1404 3021 1614 3086 licebit,
1645 3024 1686 3076 si
1717 3025 1869 3077 modo
1896 3039 1997 3078 non
2026 3028 2189 3094 ipsius

646 3099 912 3153 voluntate
935 3119 1046 3156 rem
1077 3111 1477 3176 contempsisse,
1525 3114 1615 3166 sed
1641 3113 1799 3180 justa:
1851 3129 1912 3168 ac
1943 3131 2189 3172 necessa-

646 3191 737 3242 ria:
779 3206 950 3245 causa?
978 3194 1300 3260 interventu,
1334 3201 1619 3265 quominus
1653 3204 1717 3255 ad
1749 3207 2061 3272 prmlinitam
2096 3213 2191 3262 ad-

643 3289 802 3346 esset,
830 3281 1024 3335 factum
1051 3284 1214 3339 fuisse
1233 3288 1716 3354 ,ostenderitJtlud
1760 3304 1958 3359 autem,
1997 3297 2188 3364 inquit,

643 3383 826 3422 otnnes
858 3373 1051 3436 norint,
1079 3384 1203 3426 tunc
1227 3376 1454 3443 episcopi
1479 3379 1699 3431 delatori
1748 3381 1922 3434 locum
1972 3384 2082 3437 fore
2137 3387 2184 3437 in

637 3460 863 3527 judicio,
894 3462 936 3514 si
967 3464 1108 3515 nulla
1161 3465 1272 3532 ipse
1309 3467 1546 3520 criminis
1577 3468 1791 3522 infamia
1841 3482 2054 3526 uolatus
2097 3473 2184 3526 sit.

644 3549 803 3615 Cujus
843 3566 1069 3618 namque
1111 3555 1336 3605 delatum
1382 3571 1574 3608 nomen
1617 3560 1679 3610 ad
1718 3559 1941 3627 judices,
1985 3573 2076 3616 aut
2119 3567 2186 3618 de

644 3655 747 3706 quo
770 3641 928 3692 etiam
959 3643 1113 3693 dubia
1142 3644 1466 3697 existimatio
1506 3645 1682 3710 fuerit,
1735 3652 1833 3703 nisi
1881 3655 1944 3705 de
1991 3669 2085 3706 sua
2126 3671 2180 3708 re

642 3730 864 3796 privata,
927 3732 1229 3798 pecuniaria
1288 3735 1557 3798 nimirum,
1619 3738 1880 3791 actionem
1934 3744 2180 3812 cpisc0p0

641 3817 896 3881 intendat,
933 3819 1307 3871 ecclesiastica:
1343 3835 1467 3872 vero
1504 3826 1894 3886 controversae,
1934 3829 2030 3880 lioe
2078 3839 2181 3890 Cal,

639 3904 750 3969 ejus
780 3920 841 3958 ex
869 3920 970 3971 qua
996 3906 1243 3974 episcopo
1271 3908 1562 3973 perieulum
1592 3910 1890 3964 amittendae
1915 3913 2184 3980 dignitatis

641 4003 868 4055 creetur,
927 4006 1126 4061 partem
1187 3997 1380 4049 nullam
1446 3999 1694 4065 attingat,
1743 4003 1909 4054 audiri
1967 4007 2181 4058 omnino

643 4093 802 4135 vetat.
836 4085 907 4137 De
929 4088 1110 4137 eadem
1156 4101 1209 4138 re
1233 4096 1410 4140 sextus
1435 4103 1643 4153 quoque
1673 4091 1913 4142 secundae
1950 4105 2182 4145 osculu"-

638 4174 770 4226 nieac
799 4177 981 4243 synodi
1025 4192 1189 4229 canna
1247 4180 1501 4233 decernit.
1543 4178 1669 4242 Quae
1719 4181 1768 4231 in
1815 4195 1934 4233 eum
1987 4182 2181 4249 scripta

636 4272 757 4316 sunt
801 4266 936 4317 vide.
960 4264 1188 4328 Quartus
1215 4281 1336 4318 vero
1361 4275 1412 4318 ct
1438 4267 1850 4335 septuagesimns
1881 4279 2184 4324 sanctorum

1797 2401 2254 2456 :atsiseeo'

2315 542 2628 607 γράμματα.
2667 545 2795 595 Τότε
2832 545 2937 612 γὰρ
2968 547 3044 607 είς
3075 548 3373 616 ποινὴντῖπ
3405 551 3680 612 ἀπειθείας
3703 553 3864 604 ἀκοι-

2314 629 2546 697 νώνητος
2577 635 2799 699 γίνεται,
2832 637 3101 689 τουτέστιν
3152 641 3488 708 ἀφορίζεται.
3535 640 3656 693 Ἐὰν
3687 642 3743 692 δὲ
3795 641 3864 693 ἐκ

2313 739 2473 774 τινων
2527 728 2944 798 συμϐεϐηκυιῶν
2968 732 3172 793 αίτιῶν,
3206 735 3296 785 καὶ
3343 735 3402 785 ού
3435 735 3863 801 πεπλασμένων,

2312 813 2404 863 καὶ
2438 815 2502 891 ἐξ-
2526 817 2765 884 ἀνάγκης
2790 819 2950 870 αὐτὸν
2980 821 3292 872 κωλύουσῶν
3317 826 3458 891 φανῇ
3495 823 3755 884 κωλυθεὶς
3783 823 3867 891 μὴ

2310 889 2616 972 ἀπαντῆσαι
2657 908 2733 967 είς
2763 907 2822 958 τὸ
2851 909 3216 977 δικαστήριον,
3244 912 3336 962 καὶ
3389 889 3867 980 ἀπολογήσασθαι,

2310 997 2491 1062 ἕτερος
2518 993 2670 1059 αὖθις
2706 999 2852 1066 αύτῷ
2877 999 3074 1052 δίδοται
3133 1002 3237 1070 μὴν
3267 1005 3343 1062 είς
3373 1001 3706 1070 προθεσμίαν
3759 1000 3866 1052 τοῦ

2312 1086 2622 1152 προσελθεῖν
2646 1087 2722 1155 τῷ
2747 1087 3097 1159 δικαστηρίῳ.
3147 1092 3269 1143 Ἐὰν
3320 1093 3376 1144 δὲ
3411 1095 3502 1143 καὶ
3536 1094 3563 1143 6
3607 1091 3868 1160 δεύτερος

2311 1178 2414 1244 μὴν
2438 1178 2679 1249 παρέλθῃ
2723 1180 2814 1230 ἐπὶ
2848 1184 3039 1244 κενοῖς,
3074 1182 3280 1232 ἐκείνου
3309 1183 3383 1250 μή
3417 1181 3863 1250 ἀπαντήσαντος,

2305 1268 2486 1319 ἔκτοτε
2512 1270 2866 1337 ἀκοινώνητον
2893 1269 3030 1323 εἶναι
3063 1273 3223 1324 αὑτὸν
3249 1273 3276 1322 6
3295 1272 3471 1324 κανὼν
3490 1272 3861 1332 διατάττεται,

2304 1360 2406 1421 ἕως
2434 1361 2733 1430 διαγνωσθῇ
2766 1364 2847 1415 ὅτι
2868 1363 3102 1429 καθαρός
3143 1365 3256 1413 ἐστι
3285 1364 3382 1429 τῆς
3413 1362 3534 1414 κατ’
3559 1361 3724 1413 αὐτοῦ
3761 1378 3864 1426 γε-

2303 1453 2532 1518 νομένης
2559 1456 2910 1523 κατηγορίας.
2932 1455 3052 1505 Ἐὰν
3085 1455 3140 1505 δὲ
3173 1454 3295 1506 οὔτε
3329 1455 3461 1521 πρὸς
3490 1454 3578 1505 τὸν
3601 1453 3862 1520 πρωτεύς

2301 1561 2426 1595 οντα
2453 1545 2553 1612 τῆς
2581 1547 2847 1613 ἐπαρχίας
2870 1547 3266 1615 παραγένηται,
3297 1544 3421 1597 οὔτε
3451 1545 3585 1611 προς
3611 1545 3710 1612 τήν
3740 1544 3860 1595 τῶν

2301 1634 2611 1685 ἐπισκόπων
2643 1633 2857 1685 σύνοδον
2889 1634 2986 1702 τὴν
3017 1635 3243 1702 ἐτησίαις
3275 1633 3561 1700 γινομένην
3583 1669 3597 1695 ,
3629 1631 3714 1682 ἴνα
3739 1630 3863 1680 ἐκεῖ

2302 1724 2558 1791 ἐξετασθῇ
2583 1724 2648 1776 τά
2667 1726 2788 1774 κατ’
2813 1725 2975 1775 αὑτοῦ
3001 1723 3260 1790 λεγόμενα
3286 1724 3375 1775 καὶ
3400 1721 3572 1789 πέρας
3610 1720 3856 1788 δέξηται,

2304 1813 2463 1879 αὐτὸς
2496 1811 2615 1864 καθ’
2642 1809 2832 1862 ἐαυτοῦ
2892 1812 3210 1878 ἐψηφίσατο,
3263 1812 3428 1879 ῆγουν
3466 1809 3623 1870 αύτδς
3658 1809 3858 1860 ἐαυτὸν

2302 1901 2674 1952 κατεδίκασεν.
2744 1899 2829 1949 Ἐν
2879 1898 3041 1966 δὲτῴ
3074 1899 3248 1965 καιρῴ
3277 1897 3370 1947 τοῦ
3422 1898 3696 1965 ἐπιτιμίου
3749 1896 3856 1964 τῆς

2300 1991 2687 2058 ἀκοινωνησὲας
2711 1988 2832 2039 οὕτε
2865 1990 2917 2039 ἐν
2949 1991 3010 2056 τῇ
3040 1985 3300 2055 ἐκκλησίᾳ
3327 1985 3490 2039 αὐτοῦ
3519 1985 3724 2048 ἔξεστιν
3751 1984 3858 2072 αὑ·-

2300 2079 2373 2146 τῴ
2409 2080 2749 2145 κοινωνῆσαι,
2779 2077 2899 2128 οὔτε
2927 2075 3176 2144 ἀλλαχοῦ,
3202 2071 3311 2128 οἷον
3341 2073 3599 2144 παροικίᾳ
3622 2071 3848 2124 ὑποκει-

2303 2167 2642 2236 μένῃ-αύτῷ.
2681 2167 2738 2220 Ὀ
2787 2166 2841 2217 δὲ
2877 2167 3197 2234 κατήγορος,
3239 2165 3332 2216 ἐὰν
3385 2164 3725 2234 προσεδρεύῃ
3767 2163 3851 2233 τῷ

2299 2259 2645 2324 δικαστηρίῳ,
2682 2257 2740 2307 ού
2769 2255 3135 2322 κωλυθήσεται
3168 2255 3438 2306 κοινωνεῖν
3463 2271 3475 2283 ·
3506 2252 3673 2304 ἐὰνδὲ
3706 2254 3850 2304 ἀπο-

2298 2347 2484 2417 λειφθῇ
2537 2347 2724 2399 ἐαυτὸν
2762 2347 3053 2413 ὑποσύρας,
3103 2345 3265 2414 ἤγουν
3317 2345 3596 2409 ἐκουσῖως,
3654 2343 3753 2394 οὐκ
3785 2343 3853 2407 ἐξ

2299 2442 2542 2508 ἀνάγκης
2570 2438 2734 2502 τινὸς,
2764 2437 2953 2490 ἐαυτὸν
2988 2437 3314 2502 ὑποκλέψας,
3367 2439 3457 2486 καὶ
3492 2432 3845 2501 ἀποκρύψας,

2297 2529 2434 2580 ὥστε
2467 2530 2539 2598 μὴ
2571 2529 2936 2596 εὑρίσκεσθαι,
2957 2530 2982 2579 6
3014 2529 3110 2595 μὲν
3137 2527 3427 2587 ἐπίσκοπος
3449 2528 3475 2577 ό
3504 2522 3808 2592 κατηγορού
3826 2549 3850 2561 -

2300 2636 2458 2687 μενος
2485 2618 2877 2687 λυθήσεταιτοῦ
2905 2617 3199 2684 ἐπιτιμίου,
3224 2614 3726 2680 ἀποκαθιστάμενος
3753 2612 3844 2672 είς

2296 2712 2389 2780 τὴν
2421 2711 2730 2762 κοινωνίαν
2761 2711 2788 2760 6
2820 2709 2874 2760 δὲ
2912 2708 3209 2776 κατήγορος
3241 2703 3715 2772 ἐπιτιμηθήσεται.
3760 2700 3846 2750 Οὐ

2300 2801 2478 2868 μέντοι
2511 2799 2879 2868 κωλυθήσεται
2909 2797 3202 2865 γυμνάζειν
3227 2794 3324 2862 τὴν
3359 2789 3711 2860 κατηγορίαν,
3743 2790 3848 2839 καὶ

2294 2892 2604 2955 δικάζεσθαι
2635 2893 2728 2943 ἐὰν
2761 2893 2899 2959 φανῇ
2943 2891 3015 2958 μὴ
3054 2888 3111 2951 ἐξ
3155 2884 3354 2938 οἰκείου
3405 2882 3704 2949 θελήματος
3741 2895 3856 2928 κα-

2294 2985 2672 3052 ταφρονῆσαι,
2732 2979 2869 3032 ὥστε
2927 2979 3000 3046 μὴ
3055 2975 3452 3044 ἐμπροθέσμως
3510 2967 3852 3033 ἀπαντῆσαι,

2216 3080 2257 3137 C
2290 3074 2424 3126 ἀλλά
2460 3075 2534 3141 μὴ
2583 3072 2873 3139 δυνηθῆναι
2904 3068 2960 3132 ἐξ
2993 3067 3167 3127 αἰτίας
3197 3065 3414 3130 εὐλόγου
3448 3062 3540 3113 καὶ
3597 3063 3854 3126 ἀπαραι-

2286 3165 2466 3232 τήτου.
2508 3162 2684 3213 Ἔστω
2736 3160 2812 3222 δὲ,
2842 3159 2993 3227 φησὶ,
3034 3156 3186 3224 δῆλον
3218 3155 3299 3206 ὅτι
3347 3153 3465 3204 τότε
3518 3149 3850 3217 δεχθήσεται

2286 3255 2312 3304 ὁ
2349 3256 2648 3320 κατήγορος
2677 3251 2768 3302 τοῦ
2799 3250 3118 3309 ἐπισκόπου,
3142 3247 3235 3298 ἐὰν
3268 3245 3340 3313 μὴ
3371 3243 3736 3310 διαϐέϐληται.
3771 3240 3843 3289 Εἰ

2285 3347 2391 3412 γὰρ
2420 3343 2842 3408 διαϐεϐλημένος
2870 3339 2976 3406 εἴη,
3008 3339 3037 3406 ἢ
3065 3336 3360 3404 άμφίῢολός
3391 3337 3537 3385 ἐστιν
3571 3335 3602 3402 ή
3628 3331 3844 3397 ὑπόλη-

2287 3438 2377 3506 ψις
2401 3437 2582 3501 αὐτοῦ,
2633 3433 2990 3502 ἁπρόσδεκτος
3025 3431 3196 3492 ἔσται,
3229 3430 3274 3479 εί
3307 3428 3380 3496 μὴ
3413 3427 3616 3479 οἰκείαν
3644 3422 3845 3526 προτί-

2289 3530 2442 3597 θησιν
2477 3527 2728 3578 ὑπόθεσιν
2779 3522 2921 3574 κατὰ
2952 3520 3044 3572 τοῦ
3100 3518 3425 3580 ἐπισκόπου,
3483 3518 3845 3584 χρηματικήν

2286 3617 2521 3687 δηλαδή,
2576 3617 2635 3667 οὐ
2670 3615 2847 3682 μέντοι
2891 3607 3358 3677 ἐκκλησιαστικήν,
3419 3605 3692 3656 τουτέστιν
3753 3605 3844 3663 εἰς

2282 3710 2550 3760 ἔκπτωσιν
2575 3706 2670 3773 τῆς
2700 3703 2999 3768 ἐπισκοπῆς
3039 3697 3497 3758 καταδικάζουσαν
3552 3694 3639 3746 τὸν
3669 3709 3851 3760 κατη-

2279 3799 2628 3866 γορούμενον.
2675 3795 2806 3862 Περὶ
2867 3791 3057 3842 τούτου
3100 3790 3155 3840 δὲ
3211 3790 3301 3839 καὶ
3331 3788 3358 3838 6
3405 3782 3458 3848 ς’
3509 3783 3685 3836 κανὼν
3734 3782 3841 3850 τῆς

2276 3891 2528 3956 δευτέρας
2555 3885 2933 3952 οικουμενικῆς
2958 3879 3169 3931 συνόδου
3215 3878 3578 3937 διατάττεται,
3613 3871 3706 3924 καὶ
3727 3870 3794 3939 ζη
3812 3900 3834 3910 -

2279 3979 2468 4046 τητέον
2493 3978 2558 4027 τὰ
2589 3977 2701 4026 ἐκεῖ
2729 3971 3103 4040 γεγραμμένα.
3126 3968 3180 4019 Ὀ
3205 3967 3258 4019 δὲ
3289 3964 3355 4018 οό¹
3383 3965 3487 4017 τῶν
3520 3961 3839 4017 ἀποστόλων

2283 4067 2460 4120 κανὼν
2498 4067 2585 4116 τὸν
2620 4065 2909 4116 ἐπίσκοπον
2945 4059 3388 4128 κατηγορηθέντα
3419 4053 3700 4123 τρισσάκις
3733 4069 3838 4104 κα-

2284 4155 2490 4207 λεῖσθαι
2545 4151 2771 4214 κελεύει,
2816 4151 2906 4201 καὶ
2953 4152 2999 4200 εί
3050 4150 3122 4218 μὴ
3187 4146 3507 4215 ἀπαντήσει,
3558 4143 3676 4194 τότε
3703 4141 3836 4205 τοὺς

2289 4246 2612 4302 ἐπισκόπους
2649 4237 2976 4307 ψηφίζεσθαι
3016 4237 3130 4289 κατ’
3159 4234 3343 4289 αὑτοῦ.

637 4366 803 4422 opust.
851 4371 965 4409 can.
1018 4367 1323 4409 accusatum
1358 4358 1661 4426 episcopum
1709 4373 1785 4413 ter
1842 4363 2032 4426 citari;
2086 4380 2166 4428 ac,
2210 4364 2306 4416 nisi
2342 4361 2564 4427 denique
2595 4358 2644 4408 in
2669 4357 2754 4424 jus
2774 4367 2880 4417 eat,
2921 4354 3142 4405 aliorum
3208 4365 3573 4418 episcoporum
3634 4348 3830 4404 suffra-

637 4448 720 4514 gio
760 4446 1094 4500 condemnari
1118 4449 1286 4514 jubet.

634 4542 854 4597 Αιιιδτ.
890 4560 904 4590 ι
948 4540 1241 4608 Episco-pus
1284 4551 1561 4594 aCtusatus
1592 4549 1642 4594 et
1684 4543 1732 4593 in
1774 4542 2032 4610 judicium
2076 4544 2175 4597 du-

2293 4563 2308 4595 ι
2344 4542 2559 4596 ΑΡΙΣΤ.
2601 4542 3079 4608 Κατηγορούμενος
3120 4539 3414 4597 ἐπίσκοπος
3447 4541 3538 4590 καὶ
3568 4541 3834 4609 ἀγόμενος

709 4651 725 4681 ι
759 4643 893 4696 rtus,
922 4634 1140 4684 duorum
1176 4632 1435 4684 mensium
1468 4633 1692 4699 spatium
1727 4633 1916 4684 habeat
1949 4650 1961 4694 ;
1990 4635 2031 4685 si
2060 4636 2174 4701 qui-

708 4740 723 4769 ι
760 4724 874 4773 deni
910 4735 971 4772 ex
1015 4721 1177 4771 altera
1227 4733 1375 4786 parte
1411 4721 1609 4772 tardius
1651 4722 1826 4773 veniat
1875 4724 2127 4774 auxilium
2161 4740 2173 4775 :

710 4831 723 4859 ι
764 4820 941 4876 postea
974 4819 1148 4860 autem
1182 4808 1753 4874 excommunieabitur,
1781 4810 1821 4861 si
1851 4826 1953 4862 non
1989 4826 2177 4863 occur-

709 4920 724 4949 ι
769 4901 916 4954 reiit.
952 4901 1004 4966 Si
1049 4910 1247 4962 autem,
1284 4898 1554 4967 jprzesente
1589 4910 1854 4963 accusato,
1901 4912 2178 4955 accusator

708 5007 726 5040 ι
771 4990 1041 5057 aufugiat,
1089 4993 1458 5042 communione
1515 4991 1825 5056 privabitur.
1883 4991 2174 5045 Accusatur

714 5099 729 5127 ‹
771 5088 941 5132 autem
975 5078 1187 5130 infamia
1221 5079 1485 5141 laborans,
1533 5089 1745 5132 nonest
1798 5093 2094 5134 accusator.
2145 5101 2161 5131 ι

701 5169 987 5237 Episcopus
1034 5184 1062 5220 a
1098 5169 1345 5236 quopiam
1411 5181 1708 5231 accusatus,
1759 5184 1788 5221 a
1841 5171 2042 5237 synodo
2086 5175 2168 5224 cui

630 5260 889 5325 subjacet,
939 5272 1030 5321 per
1081 5258 1284 5309 litteras
1331 5258 1393 5310 ad
1445 5273 1504 5310 se
1553 5258 1936 5311 defendendum
1995 5262 2171 5313 venire

631 5357 895 5402 evocetur.
922 5348 974 5400 Si
1025 5357 1219 5409 autem,
1253 5359 1529 5415 postquam
1566 5348 1769 5402 litteras
1794 5351 2084 5417 acceperit,
2114 5365 2171 5402 se

627 5440 824 5506 judicio
868 5454 968 5489 non
1021 5437 1231 5500 stiterit,
1287 5453 1454 5502 usque
1530 5440 1595 5490 ad
1643 5455 1801 5491 unum
1851 5441 2167 5506 completum

635 5544 888 5590 mensem,
924 5544 949 5579 a
981 5529 1298 5581 nece-sariis
1323 5531 1638 5593 quibusdam
1668 5530 1948 5596 impeditus
1971 5532 2166 5594 causis,

634 5624 697 5672 ad
735 5620 1038 5671 dilationem
1073 5623 1260 5673 habeat
1292 5631 1342 5674 ct
1378 5621 1593 5674 alterius
1627 5623 1780 5673 unius
1812 5622 2007 5675 mensis
2046 5636 2171 5674 cono

2347 4653 2362 4682 ι
2403 4634 2570 4700 ἐχέτω
2595 4631 2706 4681 τδύο
2767 4631 2948 4696 μηνῶν
2981 4628 3198 4690 ἔνδοσιν,
3233 4628 3387 4694 εἴπερ
3420 4629 3680 4696 ἐτέρωθέν
3712 4633 3831 4684 ἐστι

2350 4741 2366 4771 ι
2405 4723 2500 4789 τῆς
2531 4722 2855 4789 βραδυτῆτος
2885 4717 3101 4785 βοήθεια
3127 4735 3139 4746 ·
3193 4719 3316 4785 ἑξῆς
3352 4718 3405 4768 δὲ
3440 4719 3497 4768 τὸ
3537 4719 3836 4790 ἀκοινώνη-

2349 4831 2364 4861 ι
2407 4830 2495 4863 τον
2527 4812 2657 4873 ἕξει,
2701 4812 2772 4878 μὴ
2804 4810 3134 4877 ὑπαντήσας.
3176 4809 3297 4859 Ἐὰν
3354 4809 3407 4859 δὲ
3437 4811 3834 4875 παρουσιάζον-

2351 4923 2366 4951 ι
2406 4921 2490 4963 τος
2523 4902 2614 4953 τοῦ
2651 4900 3145 4968 κατηγορουμένου,
3197 4903 3223 4951 6
3258 4901 3557 4969 κατήγορος
3589 4902 3836 4967 dno-peti-

2352 5012 2368 5041 ι
2402 5008 2491 5061 γῃ,
2527 4991 2632 5054 ἕξει
2662 4991 2720 5040 τὸ
2770 4989 3127 5056 ἀκοινώνητον
3147 5001 3161 5017 ⁸
3204 4989 3621 5057 διαϐαλλόμενος
3645 4990 3700 5042 δὲ
3728 5008 3834 5044 κα-

2353 5103 2368 5131 (
2406 5082 2630 5148 τήγορος
2659 5079 2718 5129 οὐ
2748 5080 3060 5145 κατήγορος.
3110 5096 3126 5126 ι

2359 5172 2677 5228 Ἐπίσκοπος
2706 5169 2808 5220 ὑπό
2840 5185 2980 5228 τινος
3023 5168 3510 5235 κατηγορούμενος,
3559 5169 3705 5237 παρὰ
3755 5178 3825 5243 τῇ

2278 5263 2495 5330 συνόδῳ,
2581 5262 2877 5324 ὑπόκειται,
2913 5260 2998 5311 διὰ
3047 5262 3386 5328 γραμμάτων
3413 5265 3829 5330 προσκαλείσθω

2278 5355 2410 5422 πρὸς
2460 5352 2749 5418 ἀπολογίαν
2800 5352 2968 5402 ἐλθεῖν
2994 5365 3007 5380 ·
3047 5353 3092 5401 εί
3117 5350 3192 5409 δὲ.
3233 5352 3365 5417 μεθὸ
3399 5352 3466 5402 τὰ
3522 5354 3828 5420 γράμματα

2275 5442 2504 5502 δέξεται,
2530 5441 2626 5490 οὐκ
2657 5441 2956 5506 ἀπαντήσει
2994 5441 3072 5499 είς
3125 5437 3183 5488 τὸ
3229 5439 3573 5508 δικαστήριον
3631 5444 3828 5509 μέχρις

2276 5532 2395 5582 ὅλου
2435 5531 2595 5598 μηνὸς
2631 5531 2765 5592 ἐνὸς,
2808 5530 3065 5591 κωλυθεὶς
3103 5532 3225 5590 ἴσως
3255 5532 3357 5582 ὑπό
3397 5548 3554 5582 τινων
3584 5533 3830 5599 ἁναγκα-

2279 5621 2476 5672 στικὼν
2524 5623 2729 5683 αἰτιῶν,
2775 5622 2940 5682 ἐχέτω
2969 5620 3044 5674 είς
3077 5621 3360 5682 ὑπέρθεσιν
3395 5624 3480 5674 καὶ
3510 5623 3692 5688 ἐτέρου
3719 5641 3826 5694 μη-
