4018 6306
128 368 213 433 113
1080 384 1160 442 1N
1200 382 1366 445 CAN.
1405 384 1608 445 XXIII
1647 383 1858 444 CONC.
1897 385 1978 446 IN
2013 383 2386 444 CARTHAG.

3234 378 3333 444 116

122 478 196 539 V54
227 478 348 543 ἐνὸς
369 480 709 553 προθεσμίαν
730 503 742 516 ’
770 487 817 539 εἰ
838 486 891 540 δέ
927 486 1017 541 καὶ
1047 492 1074 543 6
1102 490 1351 562 δεύτερος
1381 492 1487 563 μὴν
1533 509 1669 562 παρ-

1802 494 2123 547 titntionem.
2154 491 2208 546 Si
2253 500 2429 545 autem
2457 500 2510 544 et
2558 492 2827 544 secundus
2877 490 3073 543 frustra
3119 492 3335 560 elapsus

124 571 249 624 ἔλθοι
269 574 547 646 διακενῆς,
579 581 673 632 καὶ
701 582 779 642 είς
809 581 867 633 τὸ
892 582 1239 652 δικαστήριον
1280 585 1339 637 οὐ
1366 585 1667 652 παρουσιά-

124 680 212 724 σει,
234 667 618 737 ἀφωρισμένος
642 671 804 737 ἔστω,
841 674 1031 745 μέχρις
1070 675 1135 729 ἂν
1183 676 1473 738 ἀνεύθυνος
1502 682 1664 748 φανῇ·

135 755 249 808 Ἐὰν
266 757 325 809 δέ
350 760 665 814 τούναντίον
694 763 722 813 6
747 763 845 829 μὲν
882 766 1356 835 κατηγορούμενος
1373 768 1667 830 ἐπίσκοπος

127 845 369 915 πάρεστι,
402 850 499 902 καὶ
527 851 628 919 τὴν
648 852 990 916 ἐπεξέλευσιν
1019 856 1119 925 τῆς
1158 858 1278 911 κατ’
1309 858 1474 912 αὐτοῦ
1506 877 1672 926 κατη-

125 938 301 1005 γορῑας
341 940 599 1006 γενέσθαι
642 943 872 1016 ἐπιζητῇ
932 948 961 999 6
990 948 1046 999 δὲ
1093 949 1396 1020 κατήγορος
1438 950 1670 1018 οὐδαμοῦ

129 1027 375 1094 φαίνηται
400 1068 417 1091 ,
466 1031 601 1086 ἀλλὰ
628 1035 936 1107 άποφεύγῃ,
962 1037 1124 1100 αὐτὸς
1153 1039 1262 1104 ἔξει
1293 1040 1353 1092 τὸ
1381 1040 1678 1109 ἀκοινώνη-

127 1133 208 1169 τον
236 1121 263 1171 ό
292 1122 622 1190 κατήγορος.
649 1126 747 1177 Διὰ
767 1126 922 1180 τοῦτο
946 1130 1074 1196 γοῦν
1099 1124 1401 1198 ὀφείλουσιν
1427 1134 1475 1184 οί
1506 1148 1677 1197 κατη-

129 1210 410 1277 γοροῦντες
443 1213 819 1280 ἐξετάζεσθαι,
853 1220 945 1272 καὶ
979 1220 1079 1289 τὴν
1108 1221 1424 1291 ορησκείαν,
1461 1224 1552 1274 καὶ
1580 1224 1678 1289 τὴν

132 1300 392 1369 ὑπόληψιν
412 1317 429 1332 ⁸
468 1304 560 1356 καὶ
583 1306 677 1358 ἐὰν
704 1307 1113 1379 διαϐεϐλημένοι
1143 1312 1300 1375 εἰσὶν,
1338 1313 1418 1372 είς
1447 1328 1681 1378 κατηγο-

136 1389 243 1455 ρίαν
271 1391 727 1461 ἐκκλησιαστικοῦ
757 1399 1076 1467 πράγματος
1102 1402 1163 1455 οὗ
1197 1403 1603 1473 παραδέχονται,

720 1511 959 1567 ΚΔΝΩΝ
994 1514 1118 1567 Kl".

141 1631 155 1659 ι
200 1614 404 1670 Ὲάνδέ
460 1620 822 1691 πρεσϐύτεροι
864 1624 894 1693 ἤ
932 1625 1165 1682 διάκονοι
1213 1630 1682 1700 κατηγορηθῶσιν.

201 1724 218 1754 ι
251 1708 772 1778 προσζευγνυμένου
805 1714 897 1767 τοῦ
928 1716 1157 1785 νομίμου
1199 1717 1433 1786 ἀριθμοῦ
1463 1718 1572 1769 τῶν
1624 1720 1687 1770 ἐκ

198 1812 216 1841 ι
252 1795 350 1863 τῆς
390 1795 798 1870 πλησιαζούσης
852 1801 1171 1866 τοποθεσίας
1222 1806 1514 1874 αἱρετικῶν
1566 1808 1685 1858 ἐπι·
1717 1830 1762 1888 Β

204 1903 223 1934 ι
260 1888 483 1939 σκόπων
511 1929 526 1952 ,
588 1890 681 1952 οὓς
728 1890 777 1942 οἱ
841 1893 1301 1962 κατηγορούμενοι
1347 1898 1681 1963 αἰτήσονται,

204 1993 222 2022 ι
260 1974 409 2027 τοῦτ’
431 1976 580 2030 ἔστιν
601 1979 689 2031 ἐπ’
718 1981 939 2048 ὀνόματι
963 1983 1055 2035 τοῦ
1094 1986 1461 2053 πρεσϐυτέρου
1490 1986 1569 2050 ἐξ,
1595 1987 1689 2038 καὶ

206 2081 223 2106 ι
259 2064 352 2115 τοῦ
386 2063 638 2119 διακόνου
660 2069 861 2135 τριῶν’
916 2071 1011 2123 σὺν
1054 2071 1265 2135 τούτοις
1315 2073 1476 2134 αὐτὸς
1506 2075 1534 2125 6
1562 2073 1689 2135 ίδιος

207 2172 224 2203 ι
257 2156 367 2207 τῶν
406 2160 901 2227 κατηγορουμένων
935 2162 1233 2224 ἐπίσκοπος
1259 2162 1357 2221 τὰς
1387 2164 1567 2221 αίτίας
1592 2165 1691 2216 αύ-

211 2265 229 2294 σ
260 2247 371 2298 τῶν
405 2247 673 2312 ἐξετάσει,
698 2250 789 2302 τοῦ
821 2252 983 2305 αὐτοῦ
1009 2253 1116 2304 τῶν
1138 2253 1360 2323 ἡμερῶν
1409 2256 1502 2307 καὶ
1525 2254 1694 2322 ὑπερ-

212 2355 228 2383 ι
266 2338 473 2389 θέσεων
529 2339 626 2391 καὶ
680 2340 973 2404 ἐξετάσεων
1013 2344 1104 2395 καὶ
1136 2352 1443 2411 προσώπων
1493 2344 1692 2413 μεταξῦ

210 2445 228 2477 ι
263 2429 373 2481 τῶν
402 2432 855 2500 κατηγορούντων
910 2435 1003 2487 καὶ
1034 2435 1527 2502 κατηγορουμένων
1574 2435 1695 2505 τρό-

216 2538 234 2569 ι
272 2538 375 2574 που
420 2523 854 2590 φυλαττομένου.
916 2525 1035 2576 Τῶν
1083 2525 1138 2577 δὲ
1173 2525 1377 2577 λοιπῶν
1422 2526 1697 2596 κληρικῶν

215 2630 231 2661 ι
266 2612 364 2675 τὰς
394 2613 575 2675 αἰτίας
600 2614 693 2673 καὶ
725 2615 883 2681 μόνος
924 2617 951 2667 ό
976 2615 1216 2677 ἐντόπιος
1249 2617 1544 2679 ἐπίσκοπος
1579 2618 1696 2670 δια-

217 2720 235 2750 ι
270 2703 385 2770 γνῷ
413 2704 510 2755 καὶ
536 2703 866 2771 περατώσει.
893 2724 911 2757 ι

213 2813 411 2869 ΒΑΛΣ.
433 2818 542 2868 Καὶ
572 2815 726 2881 οὗτος
749 2821 775 2871 6
802 2820 1000 2882 κανὼν,
1025 2823 1335 2890 παρομοίως
1367 2825 1444 2893 τῷ
1477 2825 1580 2893 πρὸ
1605 2824 1701 2875 αὖ·

149 2904 451 2973 τοῦ,ῆγουν
507 2908 650 2960 κατὰ
695 2910 791 2970 τὰς
843 2910 1008 2973 αὐτας
1065 2912 1377 2975 διαστὲξεις,
1410 2914 1700 2981 διορίζεται

150 2994 460 3058 δικάζεσθαι
513 3000 607 3051 καὶ
638 3000 759 3060 τοὺς
786 3002 1184 3069 πμσὸυτέρους
1218 3004 1311 3056 καὶ
1352 3004 1477 3063 τοὺς
1526 3004 1703 3055 διακό-

152 3102 285 3148 νους.
312 3088 423 3140 Τοῦ
450 3088 505 3142 δὲ
542 3088 612 3142 ια’
663 3093 884 3155 κανόνος
913 3094 1278 3161 διοριζομένου
1338 3093 1485 3162 ⁸παρὰ
1517 3095 1701 3151 πόσοις

1776 581 1953 640 fuerit.
1973 592 2026 636 et
2042 582 2244 650 judicio
2267 599 2325 637 se
2345 598 2446 635 non
2482 582 2696 642 stiterit,
2720 592 3032 650 segregatus
3050 582 3141 643 sit,
3166 598 3337 651 usque

1777 675 1900 727 dum
1951 676 2205 729 innocens
2263 675 2590 743 apparuerit.
2651 675 2706 727 Si
2773 685 2949 727 autem
2991 689 3021 727 e
3066 677 3338 728 contrario

1776 765 2056 832 episcOpus
2075 778 2355 819 accusatus
2387 765 2639 829 adfuerit,
2662 775 2716 819 et
2746 765 3110 819 accusatioitis
3141 776 3331 819 contra

1780 870 1838 906 se
1866 854 1984 907 latae
2021 855 2218 908 exitum
2258 856 2584 924 qumsiverit,
2619 866 2898 911 accusator
2932 867 3108 910 autem
3140 871 3337 924 nequa-

1780 960 1940 1014 quam
1970 947 2352 1015 appareat,sed
2386 945 2643 1017 aufugiat,
2678 948 2789 1014 ipse
2816 958 3095 1002 accusator
3123 963 3341 1001 excom-

1787 1037 2130 1089 municationi
2170 1037 2505 1106 subjicietur.
2534 1038 2736 1093 Idcirco
2776 1040 2956 1107 itaque
3005 1047 3345 1091 accusatores

1785 1127 2076 1180 examinari
2119 1128 2312 1182 debent
2350 1138 2403 1181 et
2432 1128 2603 1195 quoad
2648 1130 2900 1196 pietatem
2935 1140 2988 1183 et
3023 1131 3199 1195 quoad
3230 1128 3348 1194 epi-

1788 1220 2030 1279 nionem;
2071 1230 2124 1273 et
2164 1221 2207 1273 si
2255 1222 2408 1290 ejecti
2464 1222 2592 1283 sint,
2625 1223 2689 1273 ad
2739 1222 3095 1276 ecclesiastici
3148 1220 3346 1289 ncgmii

1790 1313 2182 1363 accusationem
2225 1327 2325 1364 non
2357 1314 2710 1366 admittuntur

2245 1518 2405 1587 556
2432 1516 2657 1571 CANON
2686 1516 2871 1570 XXIII.

1799 1648 1817 1680 ι
1858 1631 1914 1683 Si
1952 1632 2245 1701 presbyteri
2286 1643 2461 1683 autem
2497 1632 2576 1682 vel
2617 1632 2825 1683 diaconi
2856 1630 3093 1683 accusati
3130 1629 3353 1683 fiterinl.

1867 1741 1884 1771 ι
1924 1723 2177 1789 adjuncto
2214 1722 2448 1790 legitimo
2489 1737 2711 1774 numero
2748 1721 3110 1774 electitiorutn
3140 1722 3352 1786 episco-

1868 1833 1885 1863 ι
1942 1828 2127 1880 porum
2166 1830 2228 1866 ex
2277 1813 2594 1881 propin-mis
2639 1812 2970 1879 regionibus,
3007 1825 3142 1877 quos
3176 1811 3231 1870 ii,
3264 1810 3352 1877 qui

1861 1926 1878 1954 ι
1913 1917 2253 1967 accusantur,
2284 1886 2588 1970 peiiverint,
2622 1905 2671 1954 id
2708 1914 2809 1964 est,
2852 1904 2902 1954 in
2948 1904 3203 1955 dilatione
3258 1916 3353 1954 no—

1862 2016 1878 2044 ι
1921 1996 2078 2049 minis
2129 1996 2423 2063 presbyteri
2479 2010 2596 2052 sex.
2635 2004 2688 2046 et
2719 1994 2927 2047 diaconi
2975 1993 3148 2045 tribus
3185 2009 3199 2043 :
3230 2005 3352 2044 eum

1866 2105 1882 2135 ε
1927 2086 2011 2140 his
2055 2089 2303 2155 proprius
2364 2095 2735 2138 accusatorum
2813 2083 3099 2149 episcOpus
3167 2094 3353 2131 eorum

1863 2198 1879 2229 ι
1912 2194 2099 2233 causas
2127 2178 2476 2237 examinabit,
2514 2176 2697 2228 eadem
2727 2173 2929 2225 dierum
2958 2182 3010 2224 et
3040 2171 3354 2223 dilationum

1881 2288 1898 2318 ι
1940 2277 1993 2323 et
2014 2268 2470 2323 examinationum
2503 2275 2553 2317 et
2584 2279 2960 2330 personarum,
3015 2272 3360 2316 accusatores

1868 2380 1885 2411 ι
1926 2362 2065 2413 inter
2097 2369 2151 2413 et
2216 2373 2308 2412 eos
2359 2360 2448 2425 qui
2507 2364 2851 2417 accusantur,
2896 2354 3066 2407 forma
3121 2364 3354 2405 servata.

1869 2474 1884 2502 ι
1923 2454 2272 2519 Reliquorum
2313 2461 2489 2503 autem
2524 2449 2840 2503 clericorum
2871 2462 3065 2500 causas
3096 2444 3177 2498 vel
3209 2443 3358 2498 solus

1869 2565 1885 2595 ι
1923 2545 2204 2614 episcopus
2241 2542 2338 2596 loci
2372 2551 2627 2610 agnoscat
2656 2548 2707 2590 et
2738 2537 2903 2591 ﬁniet.
2948 2562 2964 2584 ν

1862 2830 2051 2884 Βιιδ.
2094 2830 2190 2882 llic
2225 2842 2438 2895 quoque
2489 2840 2680 2885 canon,
2735 2822 2987 2877 similiter
3044 2836 3107 2873 ac
3160 2832 3358 2886 praece-

1799 2921 1952 2982 dens,
2011 2916 2262 2970 videlicet
2314 2913 2609 2968 secundum
2678 2912 2894 2964 easdem
2962 2909 3361 2965 distinctiones.

1802 3010 1986 3062 statuit
2017 3018 2070 3060 ut
2100 3008 2409 3075 judicentur
2456 3016 2509 3057 et
2554 3003 2849 3073 presbyteri
2886 3010 2938 3055 et
2963 3000 3197 3054 diaconi.
3231 2998 3365 3052 Cum

1803 3109 1977 3152 autem
2006 3098 2320 3150 undecimus
2362 3110 2533 3147 canon
2581 3094 2818 3154 definiat,
2858 3107 2887 3145 a
2917 3101 3047 3159 quot
3098 3088 3368 3155 episcopis

152 3176 467 3239 ἐπισκόποις
517 3179 788 3247 ὀφείλουσι
836 3183 1147 3246 δικάζεσθαι
1205 3184 1254 3235 oi
1303 3184 1607 3240 ἐπίσκοποι,
1649 3186 1697 3235 οί

1808 3190 2033 3243 debeant
2084 3187 2311 3255 judicari
2360 3186 2617 3251 episcopi,
2671 3182 2969 3251 presbyteri
3019 3188 3072 3232 et
3129 3179 3366 3239 diaconi,

153 3268 504 3337 πρεσϐύτεροι
556 3271 651 3322 καὶ
680 3273 730 3322 οἱ
773 3272 1028 3335 διάκονοι,
1062 3274 1185 3341 άρτι
1234 3274 1700 3342 παρακελεύονται

152 3358 193 3406 οἱ
232 3358 501 3425 Πατέρες.
536 3360 794 3412 ἐπέκεινα
829 3362 925 3429 τῆς
954 3364 1249 3425 δωδεκάδος
1276 3364 1375 3431 τῆς
1405 3364 1586 3426 ἐξάδος
1609 3364 1703 3414 καὶ

152 3447 242 3513 τῆς
272 3449 496 3515 τριάδος
528 3447 668 3514 εἶναι
699 3452 791 3504 τὸν
833 3454 1143 3523 πρόσφορον
1188 3454 1449 3525 ἐγχώριον
1481 3456 1702 3507 ἐπίσκο-

154 3556 243 3590 πον
264 3559 277 3571 ’
308 3544 441 3605 τοῦς
466 3544 522 3596 δὲ
552 3550 698 3611 παρὰ
732 3546 972 3609 τούτους,
1006 3548 1171 3615 ἤγουν
1201 3539 1324 3610 τοὺς
1357 3549 1708 3615 ἀναγνώστας

158 3630 238 3681 καὶ
269 3632 395 3693 τοὺς
418 3632 663 3694 λοιποὺς,
700 3633 850 3700 παρὰ
897 3635 1014 3697 ἐνὸς
1049 3639 1141 3687 καὶ
1175 3637 1337 3703 μόνου
1390 3636 1482 3686 τοῦ
1536 3653 1706 3703 προτ-

158 3722 308 3789 φόρου
332 3723 637 3775 ἐπισκόπου
667 3723 1003 3785 δικάζεσθαι.
1055 3727 1334 3793 Αίρετικοὶ
1368 3725 1425 3776 δὲ
1455 3726 1706 3790 λέγονται

158 3812 436 3866 ἐπίσκοποι
460 3814 581 3882 οὐχὶ
624 3816 670 3865 οί
712 3816 1087 3885 περιεχόμενοι
1138 3819 1195 3869 ἐν
1241 3817 1318 3883 τῷ
1354 3817 1397 3885 β’
1423 3815 1588 3884 τίτλῳ
1616 3814 1707 3866 τοῦ

160 3900 195 3963 ζ’
220 3900 427 3968 βιϐλίου
464 3905 573 3956 τῶν
594 3904 917 3964 Βασιλικῶν.
971 3907 1017 3959 οξ
1053 3908 1188 3972 μετὰ
1239 3907 1433 3968 δόσεως
1485 3905 1705 3971 προστί-

1800 3292 1944 3330 nanc
1972 3279 2159 3345 jnbent
2207 3275 2415 3336 Patres,
2443 3285 2502 3327 ut
2534 3274 2673 3326 ultra
2706 3273 2984 3325 duodecim
3016 3285 3108 3323 sex
3133 3278 3186 3323 et
3236 3280 3367 3328 tres,

1803 3370 1868 3419 sit
1886 3382 2094 3436 quoque
2112 3367 2209 3419 loci
2228 3366 2680 3434 episeOpusju-lex
2705 3373 3047 3430 competens;
3070 3361 3161 3430 qui
3189 3370 3366 3413 autem

1806 3468 1928 3513 sunt
1967 3468 2159 3528 przeter
2181 3473 2296 3517 eos.
2332 3458 2558 3511 lectores
2604 3456 2812 3509 scilicet
2839 3466 2891 3508 et
2924 3454 3138 3522 reliqui,
3170 3456 3235 3506 ab
3263 3470 3367 3504 uno

1808 3548 1924 3601 solo
1950 3546 2271 3614 competenti
2295 3546 2545 3613 episcopo
2565 3542 2896 3612 judicentur.
2931 3542 3157 3594 Electitii
3184 3552 3364 3593 autem

1806 3635 2058 3686 dicuntur
2092 3634 2353 3702 episc0pi,
2407 3647 2509 3684 non
2554 3632 2642 3699 qui
2680 3631 2729 3682 in
2767 3632 3004 3683 secundo
3039 3630 3119 3685 tit.
3148 3630 3238 3683 lib.
3296 3644 3371 3681 Vt!

1806 3723 2155 3776 Basilicorum
2183 3723 2544 3782 continentur,
2572 3720 2662 3789 qni
2687 3722 2894 3774 scilicet
2926 3734 3044 3773 cum
3074 3733 3245 3787 poenae
3278 3720 3372 3771 da-

1807 3817 1954 3870 tione
1981 3816 2255 3885 iudicant;
2287 3816 2377 3870 sed
2400 3829 2533 3883 quos
2564 3816 2721 3881 eliget
2752 3816 2795 3866 is
2830 3814 2922 3882 qui
2956 3821 3266 3870 accusatur.
3301 3826 3364 3862 ex

1812 3907 2155 3959 ﬁnitimarum
2198 3909 2474 3973 regionum
2500 3906 2787 3972 episcopis.

162 4015 248 4062 μου
276 3999 631 4065 δικάζοντες,
663 3999 798 4053 ἀλλὰ
871 4000 963 4065 οὓς
1020 4002 1377 4072 αίρετίσεται,
1435 4003 1603 4071 ἤγουν
1674 4001 2000 4066 ἐπιλέξεται,
2060 4003 2089 4053 6
2162 4001 2636 4071 κατηγορούμενος
2697 4002 2758 4052 ἐκ
2814 3999 2921 4051 τῶν
2973 3998 3365 4067 πλησιοχώρων

160 4091 480 4148 ἐπισκόπων.

218 4205 462 4256 ΖΩΝΛΡ.
519 4202 580 4255 '0
607 4204 706 4271 μὲν
744 4203 999 4273 ἀνωτέρω
1025 4202 1203 4256 κανὼν
1235 4204 1360 4271 περὶ
1389 4205 1706 4257 ἐπισκόπων

159 4292 427 4359 διετάξατο
462 4296 986 4367 κατηγορουμένων·
1020 4287 1175 4358 οὗτος
1220 4295 1276 4347 δὲ
1312 4296 1439 4363 περὶ
1470 4295 1706 4365 πρεσϐυ-

159 4386 313 4453 τέρων
342 4388 444 4441 xui.
476 4388 738 4440 διακόνων
784 4388 993 4455 ὁρίζει,
1044 4388 1137 4440 καί
1183 4404 1368 4455 φησιν,
1407 4387 1533 4440 Ἐὰν
1576 4403 1702 4456 πρε-

1885 4202 2130 4259 ZONAR.
2172 4203 2443 4272 Sttpcriori
2484 4205 2697 4271 quidem
2741 4204 2805 4258 de
2839 4206 3121 4273 episcopis,
3153 4221 3238 4273 qui
3284 4222 3373 4258 ac-

1816 4303 2108 4355 cusantur;
2155 4293 2255 4346 hoc
2280 4308 2407 4346 vero
2442 4309 2647 4347 canone
2692 4296 2756 4346 de
2799 4293 3123 4360 presbyteris
3166 4303 3220 4345 et
3256 4295 3372 4345 dia-

1813 4384 1964 4437 conis
1995 4383 2270 4436 definitum
2300 4403 2312 4436 :
2351 4384 2436 4447 Et,
2483 4384 2528 4436 si
2561 4384 2701 4450 quis,
2731 4384 2925 4447 inquit,
2975 4384 3250 4453 presbyter
3283 4396 3368 4437 aut

162 4476 402 4541 δεύτερος
435 4478 469 4545 ἦ
503 4478 747 4538 διάκονος
776 4478 1207 4547 κατηγορῶνται,
1241 4481 1268 4530 ό
1297 4476 1590 4539 ἐπίσκοπος
1612 4477 1698 4529 αὗ-

1815 4473 2071 4525 diaconus
2105 4473 2156 4525 iu
2196 4473 2455 4540 judicium
2487 4482 2704 4526 vocetur
2735 4472 2802 4525 ab
2860 4472 3100 4540 ipsorum
3162 4475 3367 4543 cpisco-

161 4568 273 4631 τῶν,
307 4567 722 4637 συνερχομένων
765 4567 911 4635 αύτῷ
939 4569 1029 4619 καὶ
1064 4569 1149 4620 ἐτέ
1161 4585 1267 4636 ρων
1294 4568 1606 4620 ἐπισκόπων
1645 4569 1708 4619 ἐκ

164 4655 246 4721 τῆς
279 4657 455 4725 αὐτῆς
476 4658 757 4727 ἐπαρχίας,
790 4657 849 4720 ἓξ
872 4656 968 4724 μὲν
996 4658 1088 4709 ἐπὶ
1117 4657 1520 4726 πρεσϐυτέρων,
1541 4658 1709 4726 τριῶν

164 4743 209 4796 δέ
242 4748 328 4799 ἐπὶ
357 4750 649 4809 διακόνων,
708 4747 949 4811 ἐξετάσει
995 4747 1094 4815 τὴν
1149 4747 1506 4817 κατηγορίαν.
1542 4749 1604 4799 Oi
1653 4747 1709 4799 δὲ

165 4835 438 4887 ἐπίσκοποι
483 4830 595 4887 εἶεν
619 4836 706 4895 ἂν,
760 4834 853 4898 οὓς
883 4836 1243 4903 αίρετίσονται
1278 4837 1327 4888 οἱ
1376 4836 1708 4906 κατηγορού-

168 4940 335 4991 μενον
376 4929 509 4987 τοὺς
541 4927 647 4993 γὰρ
692 4925 963 4986 τοιούτους
997 4925 1161 4991 φησὶν
1193 4927 1220 4977 6
1265 4925 1443 4978 κανὼν
1498 4927 1704 4997 αἱρετι-

168 5014 297 5076 κοὺς,
329 5014 579 5067 τουτέστι
627 5013 755 5072 τοὺς
789 5014 1058 5081 αἱρετούς.
1084 5014 1164 5066 Τὰ
1191 5017 1236 5066 δ’
1268 5015 1420 5073 ἄλλα,
1448 5016 1545 5077 τὰς
1579 5033 1709 5085 προ-

168 5099 376 5170 θεσμίας
424 5104 573 5171 φημὶ
624 5103 720 5155 καὶ
763 5103 863 5166 τὰς
907 5105 1252 5173 ἐπιτιμήσεις
1286 5108 1377 5157 καὶ
1426 5107 1523 5158 ὅσα
1554 5108 1613 5159 ἐν
1640 5109 1705 5175 τῇ

170 5196 289 5247 κατὰ
310 5194 404 5245 τοῦ
439 5193 742 5247 ἐπισκόπου
782 5194 1005 5263 ζητήσει
1049 5195 1285 5261 εἴρηται.
1337 5196 1707 5264 φυλαχθήσον·

168 5298 274 5345 ται,
311 5283 491 5345 metu;
546 5283 660 5334 ἐκεῖ
714 5282 1085 5335 διατέτακται.
1146 5283 1227 5335 Τὰ
1274 5283 1329 5335 δὲ
1362 5283 1469 5335 τῶν
1503 5286 1706 5336 λοιπῶν

170 5372 427 5441 κληρικῶν
456 5372 757 5441 αἰτιάματα
795 5373 885 5424 καὶ
919 5373 1082 5439 μόνος
1128 5375 1155 5423 6
1201 5373 1500 5437 ἐπίσκοπος
1529 5374 1707 5427 αὐτῶν

168 5462 349 5516 λοιπῶν
378 5464 659 5533 κληρικῶν
688 5463 986 5530 αἰτιάματα
1018 5464 1112 5517 καὶ
1138 5465 1296 5533 μόνος
1327 5465 1355 5515 6
1409 5466 1709 5533 ἐπίσκοπος

171 5553 327 5606 αὐτῶν
365 5556 605 5619 ἐξετάσει
636 5555 728 5607 καὶ
758 5554 1080 5621 περιπτώσει.

172 5644 368 5697 ΔΡΙΣΤ.
407 5665 425 5695 ι
447 5645 823 5715 Πρεσὸυτέρου
855 5655 1349 5718 κατηγορουμένου,
1386 5649 1444 5712 ἓξ
1476 5652 1580 5703 τῶν
1608 5652 1703 5710 ἐγ-

238 5752 254 5785 ι
287 5736 523 5807 γυτὲρων
554 5736 862 5790 ἐπισκόπων
892 5736 969 5806 τῷ
1004 5738 1252 5808 ἐγχωρίῳ
1283 5740 1702 5807 σννδιαγνώσον-

1813 4580 1900 4631 po,
1964 4564 2079 4618 aliis
2122 4580 2184 4618 ex
2236 4566 2421 4617 eadem
2483 4564 2749 4631 provincia
2801 4564 3065 4630 episcopis
3090 4566 3139 4617 in
3191 4565 3368 4617 consi-

1810 4656 1937 4708 lium
1995 4656 2290 4719 advocatis,
2345 4670 2439 4709 sex
2488 4657 2539 4709 in
2589 4656 2910 4719 sacerdotis,
2957 4658 3127 4709 tribus
3164 4658 3213 4708 in
3265 4657 3366 4709 dia-

1810 4745 1929 4798 coni
1972 4743 2195 4811 jndicio,
2236 4744 2512 4799 accusatio
2543 4745 2956 4799 examinabitur.
2996 4745 3242 4813 Episc0pi
3275 4761 3367 4797 au-

1811 4844 1915 4889 tem
1952 4836 2067 4903 ejus
2094 4836 2181 4902 qui
2210 4844 2493 4889 accusatur
2518 4836 2740 4889 arbitrio
2771 4836 3070 4902 eligentur;
3098 4850 3190 4889 eos
3223 4852 3371 4887 nam-

1807 4938 1909 4991 que
1946 4935 2219 4993 propterea
2274 4928 2606 4994 αίρετικοὺς.
2638 4926 2688 4978 id
2731 4936 2834 4991 est,
2876 4926 3135 4979 electitios
3195 4941 3369 4978 canon

1810 5014 2062 5083 appellat.
2110 5013 2331 5080 Reliqua
2366 5029 2512 5079 vero,
2545 5017 2610 5067 de
2640 5015 2985 5083 praefinienda
3019 5014 3226 5067 scilicet
3262 5017 3367 5079 die,

1810 5104 1875 5157 de
1916 5107 2086 5172 poenis
2121 5105 2413 5167 solvendis,
2447 5116 2501 5158 et
2525 5120 2856 5173 quaecunque
2896 5106 2959 5158 de
2991 5105 3362 5173 episcoporum

1810 5195 2104 5260 quaestione
2138 5193 2349 5247 decreta
2392 5203 2536 5257 sunt,
2578 5205 2877 5258 serventur,
2914 5203 2971 5246 ut
2994 5194 3064 5246 ibi
3102 5196 3369 5249 constitu—

1811 5293 1921 5336 tum
1957 5291 2058 5336 est.
2087 5281 2321 5335 Aliorum
2352 5298 2480 5339 vero
2507 5284 2826 5338 clericorum
2860 5298 3052 5337 causas
3093 5286 3173 5339 vel
3202 5286 3368 5338 solius

1806 5374 2041 5442 episcOpi
2076 5374 2276 5442 proprii
2319 5375 2621 5444 cognitione
2662 5374 2973 5442 indicioque
3004 5374 3208 5427 deliniri
3258 5374 3369 5442 pla—

1810 5477 1911 5520 θοι.

1809 5645 2029 5701 ARIST.
2063 5665 2079 5697 ι
2112 5645 2428 5715 Presbytero
2462 5654 2737 5710 accusato,
2764 5658 2853 5698 sex
2878 5659 2906 5698 ο
2932 5644 3121 5698 vicinis
3158 5643 3368 5711 cpisco-

1886 5759 1901 5788 ‹
1942 5738 2042 5807 pis,
2065 5752 2168 5791 una
2201 5753 2319 5792 cuzn
2340 5737 2509 5805 ipsius
2541 5737 2772 5806 regionis
2797 5736 3069 5805 episcopo,
3095 5750 3206 5790 rem
3232 5735 3369 5802 diju-
