4018 6306
673 391 774 458 115

1901 383 2178 444 ΤΗΕΟῙ).
2220 375 2614 442 BALSAMON

3766 364 3870 428 116

739 519 759 552 ε
800 501 1096 556 dicabunt:
1131 503 1356 558 diacono
1387 508 1583 561 atatem.
1623 508 1753 554 tres.
1785 499 1915 565 Quze
1964 498 2029 551 ad
2078 496 2207 550 reli-

2386 507 2404 540 c
2437 504 2558 540 ται·
2590 485 2835 538 διακόνου
2861 483 2938 546 δὶ,
2989 484 3153 552 τρεῖς.
3192 481 3273 535 Τὰ
3299 482 3356 536 δέ
3394 498 3456 550 γε
3500 481 3606 534 τῶν
3657 479 3866 532 λοιπῶν

734 607 754 642 s
788 605 922 659 quos
955 605 1080 645 vero
1106 601 1349 659 spectant
1371 591 1610 653 clericos,
1637 589 1718 643 vel
1748 603 1885 643 unus
1923 588 2210 656 episcopus

750 700 769 733 ι
807 683 1152 737 examinabit.
1182 700 1201 732 ι

747 771 854 826 lloc
888 782 941 826 et
969 773 1019 825 in
1061 771 1375 826 duodecimo
1420 786 1625 826 canone
1661 771 1876 832 dicitur,
1907 777 1965 823 nt
2002 765 2219 837 presby-

671 871 782 915 tero
830 873 1096 923 accusalo.
1121 877 1210 917 sex
1243 861 1474 931 episcopi
1502 877 1622 917 eum
1639 860 1974 928 iudicabunt,
2004 868 2057 910 et
2079 858 2220 909 inter

668 965 761 1003 eos
819 950 978 1002 etiam
1029 951 1278 1018 proprius
1346 950 1510 1017 ipsius
1552 949 1838 1016 episcopus
1895 959 2215 1001 consensum

670 1053 822 1091 suum
859 1038 1134 1102 pmbebit.
1187 1039 1417 1092 Diacono
1468 1047 1646 1092 autem
1696 1045 1967 1099 accusata,
2017 1043 2120 1085 tres
2167 1040 2219 1084 et

669 1143 820 1181 suits.
851 1130 914 1180 At
945 1130 1132 1195 reliqui
1175 1146 1360 1184 omnes
1390 1130 1593 1191 clerici,
1627 1129 1721 1197 qui
1756 1136 1879 1180 sunt
1922 1126 2059 1179 inira
2101 1120 2219 1175 dia-

673 1231 856 1279 conos.
886 1227 936 1271 et
966 1234 994 1271 α
1022 1219 1133 1272 solo
1166 1234 1263 1274 suo
1281 1221 1515 1286 ipsorum
1542 1218 1790 1286 episcopo
1813 1215 2212 1273 iudicabuntur,

673 1308 1076 1376 quibuscunque
1099 1293 1411 1363 criminibus
1440 1314 1782 1362 accusentur.

1220 1479 1446 1536 CANON
1481 1480 1664 1536 XXIV.

685 1587 705 1620 σ
741 1569 995 1625 Similiter
1018 1572 1237 1640 placuit,
1267 1583 1322 1626 ut
1365 1573 1456 1626 ﬁlii
1485 1573 1798 1626 clericorum
1831 1571 2116 1639 gentilibus
2141 1568 2220 1622 \‘t-l

743 1676 759 1710 I
791 1660 1056 1714 hmreticis
1083 1662 1420 1715 matrimonio
1451 1677 1554 1714 non
1590 1660 2000 1729 eonjungantur.
2047 1675 2060 1708 :

750 1745 942 1801 BALS.
969 1749 1204 1802 Gentiles
1230 1748 1314 1802 hic
1338 1759 1546 1818 oportet
1575 1751 1816 1804 inﬁdeles
1863 1749 2164 1817 intelligere
2201 1763 2216 1800 :

2392 597 2411 628 ι
2447 574 2719 645 κληρικῶν
2747 571 2841 626 καὶ
2881 573 3042 642 μόνος
3078 571 3317 635 ἐξετάσει
3342 574 3370 624 ό
3397 571 3713 632 ιπίσκοπος.
3752 586 3771 619 s

2388 755 2555 807 Τοῦτο
2585 753 2792 823 εἴρηται
2841 751 2934 805 καὶ
2981 756 3040 804 ιν
3087 749 3164 819 τῷ
3219 748 3502 819 δωδεκατῳ
3550 750 3754 812 κανόνι,
3791 750 3875 812 ὡς

2319 843 2683 914 πρεσϐυτέρου
2719 842 2817 911 μὶν
2845 841 3339 910 κατηγορουμένου,
3369 839 3428 904 ἓξ
3479 841 3766 892 ἐπίσκοποι
3796 841 3882 891 δι-

2319 938 2572 988 κάσουσιν
2601 933 2781 996 αὑτὸν,
2817 933 2908 985 καὶ
2939 933 3192 984 ἐπέκεινα
3218 930 3422 983 τούτων
3449 931 3540 983 καὶ
3566 932 3594 982 ό
3619 932 3753 993 ῐδιος
3775 933 3880 983 αὖο

2317 1025 2412 1077 τοῦ
2444 1025 2860 1091 συνδιαγνὼμων
2911 1023 3062 1074 ἕσται
3113 1024 3446 1083 επίσκοπος·
3505 1020 3749 1073 διακόνου
3793 1021 3878 1082 δὲ,

2319 1117 2467 1182 τρεῖς
2514 1116 2603 1165 καὶ
2641 1116 2668 1161 ὁ
2721 1113 2870 1174 ῖδιος.
2897 1112 2959 1164 0!
2988 1112 3044 1164 δὶ
3091 1111 3265 1162 λοιποὶ
3295 1111 3491 1172 πάντες
3521 1111 3773 1178 κληρικοὶ
3827 1111 3879 1161 oi

2321 1203 2563 1258 κάτωθεν
2609 1203 2760 1263 ὄντες
2811 1203 2916 1254 τῶν
2967 1201 3232 1254 διακόνων
3267 1203 3359 1254 καὶ
3384 1202 3534 1270 παρὰ
3580 1203 3744 1269 μόνου
3780 1202 3885 1254 τοῦ

2323 1293 2450 1345 ἰδίου
2479 1293 2654 1346 αὐτῶν
2686 1294 2981 1346 ἐπισκόπου
3033 1292 3404 1362 κριθήσονται,
3454 1293 3537 1360 ἐφ’
3572 1287 3653 1356 οἷς
3685 1293 3751 1346 ἂν
3783 1296 3878 1346 αἰ-

2319 1381 2535 1434 τιῶνται
2564 1382 2894 1452 ἐγκλήμασι.

2913 1473 3146 1526 ΚΑΝΩΝ
3177 1474 3303 1526 ΚΔ⁸.

2326 1583 2343 1614 t
2397 1563 2626 1631 Ὁμοίως
2658 1564 2872 1632 ἤρεσεν,
2902 1561 3039 1614 ὥστε
3072 1563 3235 1614 τέκνα
3263 1562 3370 1614 τῶν
3398 1561 3674 1631 κληρικῶν
3721 1563 3876 1615 ἐθνι-

2395 1676 2412 1708 t
2447 1660 2556 1718 κοῖς
2583 1657 2614 1726 ἢ
2643 1658 2938 1724 αίρετικοῖς
2966 1655 3216 1722 γαμικῶς
3250 1656 3324 1723 μὴ
3357 1655 3741 1708 συνάπτεσθαι.
3777 1674 3796 1706 s

2393 1746 2579 1798 ΒΛΛΣ.
2631 1744 2903 1806 Ἑθνικοὺς
2953 1743 3184 1795 ἐνταῦθα
3251 1743 3376 1804 τοὺς
3432 1741 3690 1804 ἀπίστους
3736 1746 3888 1795 νοεῖν

673 1835 717 1889 si
742 1838 860 1906 quis
913 1840 1052 1892 enim
1078 1841 1290 1909 gentilis
1333 1851 1416 1896 est
1461 1841 1650 1905 ﬁdelis,
1703 1856 1808 1895 non
1850 1839 2219 1909 prohibebitur

2325 1836 2414 1889 δεῖ.
2449 1836 2510 1887 El
2533 1835 2639 1905 γάρ
2672 1852 2752 1896 τις
2776 1834 2980 1894 ἰονικός
3014 1834 3126 1884 ἔστι
3155 1833 3362 1894 πιστὸς,
3391 1833 3451 1884 οὐ
3497 1832 3898 1899 κωλυθήσεται’

671 1940 793 1977 eum
825 1925 1002 1980 clerici
1033 1929 1136 1981 ﬁlia
1174 1931 1444 1998 conjungi.
1493 1930 1633 1997 Lege
1659 1930 1996 1984 'Laodicenm
2026 1928 2214 1996 synodi

671 2025 927 2066 canonem
959 2014 1046 2077 3|,
1083 2014 1529 2070 Chalcedonensis
1578 2030 1836 2069 canonem
1864 2014 1927 2068 Η
1958 2012 2218 2082 etsynodi

675 2098 728 2150 iu
761 2098 940 2154 Trulla
973 2115 1225 2156 canonem
1274 2103 1340 2156 72
1366 2111 1418 2158 et
1463 2118 1580 2172 qua:
1627 2105 1680 2157 in
1715 2103 1792 2157 eis
1837 2103 2034 2170 scripta
2075 2109 2218 2154 sunt.

735 2279 974 2334 ZONAli.
1028 2283 1235 2336 Ethnici
1268 2283 1370 2338 hoc
1416 2283 1795 2338 locoinﬁdeles
1822 2281 2217 2350 intelliguntur.

677 2371 933 2424 Ethnicns
970 2387 1195 2439 nauaque
1245 2373 1412 2427 ﬁdelis
1456 2373 1634 2427 clerici
1687 2372 1844 2426 ﬁliam
1885 2373 1986 2426 sibi
2035 2371 2219 2422 matri-

679 2463 853 2513 monio
908 2463 1128 2529 jungere
1182 2463 1318 2512 haud
1379 2463 1661 2514 vetabitur.
1717 2459 1847 2512 Vide
1906 2457 2220 2510 Laodicenis:

675 2549 859 2615 synodi
888 2564 1144 2601 canonem
1169 2550 1256 2611 3i,
1284 2549 1736 2603 Chalcedonensis
1767 2548 2030 2600 decimum
2055 2560 2216 2611 quar-

675 2650 807 2699 tum,
841 2647 890 2689 et
915 2640 1097 2707 synodi
1141 2639 1191 2690 in
1224 2639 1406 2691 Trullo
1440 2638 1892 2705 septuagesimum
1924 2635 2215 2689 secundum

672 2736 722 2779 et
754 2743 870 2794 qua:
895 2729 944 2779 in
986 2727 1334 2793 explicatimie
1371 2729 1674 2780 earumdem
1711 2727 2045 2792 scripsimus.

673 2817 828 2887 547
865 2815 1131 2870 AlilST.c
1177 2817 1452 2870 llzereticis
1503 2824 1556 2868 et
1611 2815 1840 2868 ethnicis
1901 2815 2216 2868 clericorum

746 2925 765 2956 ε
807 2909 958 2960 liberi
994 2908 1334 2961 matrimonio
1365 2923 1468 2959 non
1500 2906 1948 2975 conjunguntur.)

743 2998 847 3051 Sed
883 3012 980 3050 nec
1015 2999 1266 3049 laicornm
1316 2997 1471 3049 liberi
1519 2998 1780 3050 haereticis
1811 2997 1860 3049 in
1897 2996 2220 3050 matrimonii

675 3085 1100 3140 (smmuuionem
1138 3084 1548 3152 coniunguntur.

1236 3167 1462 3221 CANON
1495 3165 1656 3219 XXV.

684 3278 702 3311 t
788 3259 854 3312 Ut
884 3258 1116 3327 cpisc0pi
1164 3266 1216 3310 et
1250 3258 1426 3310 clerici
1461 3257 1510 3308 in
1562 3259 1664 3308 iton
1713 3255 2040 3308 orlitodoxos
2074 3254 2230 3308 Chri-

753 3369 771 3400 ι
812 3351 1018 3402 stianos
1067 3348 1197 3400 nihil
1248 3346 1571 3400 conferant:
1599 3355 1650 3398 et
1687 3345 1732 3398 si
1769 3348 1874 3398 sint
1915 3345 2090 3398 adhuc
2134 3360 2229 3396 co-

751 3459 770 3490 ι
799 3439 965 3506 gnati,
991 3438 1120 3491 nihil
1145 3452 1235 3506 per
1259 3453 1470 3490 suarum
1498 3451 1670 3490 rerum
1696 3437 2055 3501 donationem,
2077 3443 2132 3488 ut
2152 3435 2228 3488 di-

751 3549 770 3582 ι
805 3543 948 3584 ctum
979 3539 1081 3594 est,
1102 3528 1335 3598 episcopi
1370 3527 1450 3582 vel
1480 3527 1660 3581 clerici
1686 3527 1736 3578 in
1769 3540 1860 3579 eos
1875 3525 2154 3580 conferant
2203 3543 2220 3577 ι

746 3703 936 3758 BALS.
991 3701 1232 3757 ilaarctici
1277 3703 1488 3772 quidem
1521 3701 1790 3766 dicuntur,
1825 3701 1917 3768 qui
1963 3701 2029 3754 de
2063 3701 2220 3754 rebus

678 3799 1106 3853 Christianorum
1142 3811 1246 3848 non
1280 3804 1427 3848 recte
1459 3797 1693 3849 sentiunt
1720 3813 1733 3847 :
1763 3795 2002 3849 inﬁdeles
2028 3807 2224 3873 autem.

679 3889 767 3958 qui
799 3890 1130 3941 incarnatam
1159 3883 1319 3937 Verbi
1361 3883 1450 3937 Dei
1493 3888 1844 3937 (economiam
1875 3885 2092 3938 omnino
2120 3899 2222 3937 non

679 3977 923 4030 credunt.
971 3975 1105 4026 Dicit
1150 3987 1273 4043 ergo
1310 3989 1498 4037 canon,
1539 3973 1740 4025 nullum
1790 3974 2093 4042 episcopum
2144 3973 2224 4026 Vel

685 4068 960 4130 clericum,
1016 4061 1223 4117 ratione
1276 4063 1430 4130 legati
1480 4063 1564 4116 vel
1615 4063 1962 4127 haereditatis,
2015 4063 2081 4117 iis
2132 4066 2222 4132 qui

681 4167 804 4213 sunt
831 4155 1088 4224 ejusmodi
1117 4154 1308 4206 debere
1359 4153 1646 4220 quidquam
1679 4152 2002 4219 relinquere.
2031 4152 2225 4204 etiam-

681 4249 726 4302 si
777 4248 884 4299 sint
931 4246 1050 4315 ejus
1089 4243 1296 4311 cognati
1333 4260 1345 4295 :
1378 4243 1470 4295 sed
1507 4256 1676 4309 neque
1707 4243 1755 4293 in
1807 4243 1912 4293 vita
1961 4257 2072 4295 rem
2105 4256 2225 4309 pro-

682 4342 848 4408 priam
882 4338 985 4390 illis
1014 4339 1158 4389 dare.
1189 4334 1326 4404 Lege
1379 4347 1635 4387 canonem
1671 4333 1738 4387 83
1769 4335 2046 4400 prtesentis
2068 4349 2224 4402 synn-

679 4431 752 4492 di,
782 4440 834 4481 et
861 4429 952 4480 lib.
985 4426 1192 4478 Basilio.
1231 4422 1502 4489 xxxv,:tit.
1529 4424 1581 4488 8,
1610 4438 1728 4491 cap.
1757 4423 1846 4487 38,
1875 4425 2014 4492 quod
2044 4426 2219 4489 docet,

684 4533 785 4572 non
828 4517 1022 4570 debere
1068 4513 1204 4566 ﬁlios
1243 4514 1521 4566 haereticos
1563 4515 1866 4580 parentibus
1911 4517 2222 4578 succedere,

683 4609 761 4663 vel
803 4617 1008 4660 contra.
1051 4603 1113 4656 Et
1148 4603 1240 4656 lib.
1289 4602 1445 4670 primi
1481 4603 1560 4654 tit.
1593 4604 1784 4669 primo,
1813 4605 2020 4656 diversa
2055 4607 2224 4672 rapita

681 4698 929 4759 dicentia,
959 4711 1060 4748 non
1087 4694 1256 4747 solum
1289 4692 1532 4754 clericos.
1570 4695 1660 4744 sed
1688 4702 1741 4745 et
1766 4693 1930 4745 laicos
1963 4693 2224 4761 impediri,

677 4790 964 4855 quominus
1017 4790 1080 4840 ad
1132 4787 1412 4839 hmrcticos
1461 4786 1543 4839 vel
1596 4786 1834 4838 inﬁdeles
1887 4802 2003 4854 quae
2059 4789 2123 4839 ad
2172 4802 2228 4840 se

679 4879 948 4946 pertinent
972 4877 1446 4944 quomodocnnque
1473 4879 1858 4942 transmittant;
1886 4878 2223 4933 undecimum

678 4979 853 5021 autem
889 4981 1008 5034 cap.
1048 4966 1128 5019 tit.
1171 4966 1223 5020 5.
1257 4967 1343 5019 lib.
1394 4982 1425 5015 ν
1470 4966 1687 5020 Basilic.
1733 4970 1900 5021 dicit:
1951 4968 2133 5036 Neque
2161 4986 2227 5025 ex

679 5056 959 5109 locatione.
990 5070 1160 5123 neque
1185 5069 1249 5108 ex
1275 5055 1826 5130 emphyteusi,neque
1849 5073 1910 5110 ex
1936 5061 2224 5126 emptione,

679 5145 758 5198 vel
791 5145 892 5198 ulla
929 5145 1032 5198 alia
1087 5146 1315 5205 ratione.
1352 5146 1543 5198 debere
1585 5147 1865 5200 haereticos
1895 5147 1998 5200 ulla
2033 5150 2225 5201 immo-

681 5235 802 5288 bilia
835 5250 897 5289 ex
931 5235 1119 5303 quavis
1158 5233 1382 5288 ecclesia
1432 5235 1513 5288 vel
1542 5250 1603 5289 ex
1635 5235 1738 5290 alio
1772 5239 2061 5291 venerabili
2109 5239 2224 5291 loco

680 5327 942 5391 accipere.
981 5324 1043 5377 Et
1074 5326 1304 5392 ejusdem
1343 5325 1438 5380 iib.
1475 5334 1528 5378 et
1573 5329 1654 5381 tit.
1686 5342 1736 5380 et
1771 5343 1889 5396 cap.
1922 5329 2095 5382 thema
2147 5330 2179 5382 '5
2209 5345 2222 5382 :

679 5417 735 5470 Si
788 5416 1140 5477 orthodoxus,
1189 5415 1396 5469 habens
1443 5418 1832 5481 possessionem
1883 5419 1932 5471 in
1983 5434 2085 5487 qua
2144 5427 2225 5472 est

681 5518 865 5561 sancta
898 5508 1137 5569 ecclesia,
1175 5519 1293 5559 eam
1336 5508 1402 5560 ad
1466 5507 1734 5560 inﬁdelem
1781 5509 1863 5562 vel
1910 5512 2226 5578 simpliciter

684 5599 1013 5660 lnereticum.
1070 5597 1256 5664 quavis
1309 5598 1515 5652 ratione
1569 5600 1946 5662 transmiserit,
2002 5601 2224 5655 ecclesia

681 5688 920 5758 ejusdem
983 5686 1084 5740 vici
1143 5686 1381 5741 eamdem
1441 5689 1718 5742 ecclesiam
1777 5689 2025 5744 vindicet.
2091 5682 2220 5746 Cum

2251 3142 2300 3205 ο

2321 1924 2656 1991 συνοφθῆναι
2707 1920 2968 1990 κληρικοῦ
3025 1919 3273 1989 θυγατρί.
3338 1921 3632 1985 Ἀνάγνωθι
3685 1920 3786 1988 τῆς
3820 1922 3886 1972 ἐν

2321 2017 2608 2083 Λαοδικείᾳ
2633 2014 2854 2066 συνόδου
2891 2014 3092 2065 κανόνα
3118 2011 3198 2063 λα’
3221 2012 3318 2079 τῆς
3340 2013 3397 2065 ὲν
3437 2011 3740 2079 Χαλκηδόνι
3771 2031 3888 2065 κα-

2320 2107 2445 2157 νόνα
2483 2103 2562 2166 ιδ’,
2586 2105 2679 2156 καὶ
2707 2103 2806 2170 τῆς
2833 2105 2888 2154 ὲν
2919 2103 2995 2172 τῷ
3021 2102 3274 2173 Τρούλλῳ
3305 2102 3505 2155 κανόνα
3555 2099 3651 2171 οβ’,
3689 2103 3785 2157 καὶ
3812 2104 3890 2157 τὰ.

2320 2195 2375 2246 ὲν
2400 2193 2608 2252 τούτοις
2639 2193 2943 2259 γραφέντα.

2389 2282 2628 2337 ΖΩΝΑΡ.
2683 2282 2962 2340 Ἐθνικοὺς
3002 2280 3234 2335 ἐνταῦθα.
3279 2280 3404 2344 τοὺς
3433 2280 3698 2342 ἀπίστους
3731 2282 3888 2333 νοεῖν

2321 2373 2417 2426 δεῖ.
2465 2374 2525 2424 Ei
2556 2375 2660 2440 γὰρ
2693 2373 2900 2434 ὲθνικός
2947 2389 3027 2434 τις
3054 2373 3243 2436 πιστὸς
3300 2369 3354 2443 ᾖ,
3387 2375 3447 2425 οὑ
3499 2373 3891 2442 κωλυθήσεται

2323 2464 2660 2530 συναφοῆναι
2699 2461 2961 2532 κληρικοῦ
3017 2463 3264 2532 Θυγατρί.
3307 2451 3604 2529 Ἀνάγνωθι
3647 2463 3744 2514 καὶ
3778 2463 3888 2528 τῆς

2321 2554 2376 2604 ἑν
2405 2553 2688 2621 Λαοδικείᾳ
2713 2553 2909 2604 κανόνα
2958 2551 3059 2612 λα’.
3096 2555 3187 2604 καὶ
3213 2554 3310 2618 τῆς
3337 2555 3393 2604 ὲν
3426 2551 3727 2620 Χαλκηδόνι
3784 2551 3880 2610 ιδ’,

2321 2642 2413 2695 καὶ
2438 2642 2532 2709 τῆς
2564 2643 2620 2694 ὲν
2647 2641 2724 2709 τῷ
2746 2641 2994 2709 Τρούλ).ῳ
3024 2640 3128 2709 οβ’,
3161 2643 3253 2694 καὶ
3286 2641 3385 2693 ὅσα
3408 2642 3464 2692 ὲν
3493 2640 3674 2702 αὐτοῖς
3704 2639 3887 2706 ἐγρά-

2324 2749 2526 2799 φησαν.

2320 2821 2535 2875 ΔΡΙΣΤ.
2575 2839 2592 2871 t
2634 2823 2937 2887 Αἱρετικοῖς
2972 2823 3066 2875 καὶ
3112 2822 3342 2884 ὲθνικοῖς
3394 2822 3558 2874 τέκνα
3592 2820 3884 2890 κληρικῶν

2399 2929 2416 2960 ι
2465 2913 2522 2961 οὺ
2557 2912 2936 2964 συνάπτονται.
2976 2931 2992 2962 ι

2404 3001 2541 3052 Ἀλλ’
2589 3002 2705 3054 οὐδὲ
2747 3001 2952 3055 λαῖκῶν
3000 3003 3186 3066 παῖδες
3232 3004 3526 3072 αίρετικοῖς
3576 3002 3655 3064 είς
3699 3001 3889 3071 γάμου

2327 3091 2608 3144 κοινωνίαν
2642 3092 3022 3146 συνάπτονται.

2909 3183 3145 3235 ΚΑΝΩΝ
3176 3184 3302 3235 KE'.

2339 3288 2357 3322 ι
2407 3271 2566 3322 Ὥστε
2599 3273 2721 3333 τοὺς
2746 3273 3072 3334 ἐπισκόπους
3095 3275 3186 3326 καὶ
3213 3275 3336 3332 τοὺς
3362 3272 3649 3340 κληρικοῦς
3675 3273 3891 3342 μηδένα

2409 3379 2427 3410 ι
2475 3363 2810 3428 συνεισάγειν
2841 3365 2950 3424 τοῖς
2988 3363 3060 3431 μὴ
3093 3363 3392 3432 ὁρθοδόξοις
3422 3365 3796 3432 Χριστιανοῖς’
3834 3367 3891 3418 ει

2406 3470 2424 3502 ‹
2469 3453 2560 3503 καὶ
2607 3455 2885 3518 συγγενεῖς
2936 3453 3012 3505 ἐτι
3049 3454 3150 3522 μὴν
3177 3447 3328 3516 ὦσιν,
3367 3453 3528 3520 μηδὲν
3556 3454 3642 3505 διὰ
3671 3454 3891 3521 δωρεᾶς

2407 3560 2426 3592 ‹
2475 3543 2576 3594 τῶν
2601 3545 2815 3594 οἰκείων
2855 3543 3212 3610 πραγμάτων,
3241 3543 3314 3603 ὡς
3343 3540 3574 3611 εἴρηται,
3608 3544 3733 3605 τοὺς
3761 3545 3889 3596 ἐπι-

2408 3649 2425 3682 t
2469 3633 2702 3692 σκόπους
2736 3631 2766 3699 ἢ
2801 3631 3093 3699 κληρικοὺς
3120 3631 3325 3692 τούτοις
3357 3631 3708 3696 συνεισάγειν.
3750 3650 3768 3680 s

2398 3723 2594 3774 ΒΑΛΣ.
2626 3723 2899 3790 Αίρετικοὶ
2949 3722 3049 3790 μὲν
3091 3721 3336 3789 λέγονται
3370 3725 3418 3774 οί
3461 3732 3534 3790 μη
3565 3722 3890 3787 δοξάζοντες

2327 3809 2499 3878 ὀρθῶς
2531 3811 2596 3861 τὰ
2628 3811 2733 3861 τῶν
2763 3810 3100 3877 Χριστιανῶν
3126 3827 3138 3840 ·
3173 3812 3390 3864 ἄπιστοι
3418 3810 3472 3863 δὲ
3499 3811 3546 3862 οἱ
3577 3810 3712 3877 μηδὲ
3743 3811 3888 3873 ὅλως

2328 3899 2673 3960 πιστεύοντες
2712 3900 2809 3966 τὴν
2841 3898 3103 3966 Ενσαρκον
3152 3899 3464 3967 οἰκονομίαν
3488 3897 3582 3951 τοῦ
3612 3899 3744 3950 Θεοῦ
3777 3901 3890 3952 Λό-

2325 4005 2441 4056 γου.
2473 3989 2609 4056 Φησὶ
2639 3987 2770 4054 γοῦν
2798 3990 2824 4040 ὁ
2858 3985 3034 4039 κανὼν
3068 3989 3268 4055 μηδένα
3296 3988 3592 4039 ἐπίσκοπον
3622 3987 3652 4055 ἢ
3683 3987 3882 4056 κληρι-

2325 4077 2417 4128 κδν
2448 4077 2588 4130 κατὰ
2623 4078 2785 4142 νόμου
2815 4076 3041 4143 λεγάτου
3071 4077 3100 4145 ἢ
3141 4076 3503 4145 κληρονομίας
3531 4077 3884 4143 καταλιμπά-

2323 4183 2434 4218 νειν
2466 4169 2576 4226 τοῖς
2624 4166 2880 4235 τοιούτοις
2914 4166 2973 4217 τὸ
3003 4165 3201 4228 ὁτιοῦν,
3236 4165 3342 4218 κᾶν
3375 4167 3655 4233 συγγενεῖς
3710 4166 3882 4218 αὑτοῦ

2324 4249 2490 4306 ὦσιν*
2539 4256 2673 4308 ἀλλὰ
2726 4256 2856 4325 μηδὲ
2899 4255 3183 4324 δωρεῖσθαι
3217 4254 3398 4315 αὐτοῖς
3436 4257 3489 4306 ὲν
3523 4255 3632 4321 ζωῇ
3677 4255 3879 4306 οἰκεῖον

2326 4348 2578 4415 πρᾶγμα.
2621 4345 2955 4412 Ἀνάγνωσον
2985 4343 3074 4396 τὸν
3113 4349 3202 4407 πγ’
3244 4344 3441 4395 κανόνα
3468 4345 3566 4409 τῆς
3594 4345 3883 4411 παρούσης

2329 4436 2566 4497 συνόδου,
2619 4437 2710 4488 καὶ
2756 4435 2956 4504 βιὸλίον
3005 4433 3111 4484 τῶν
3166 4432 3471 4485 Βασιλικῶν
3508 4431 3577 4483 λε’
3611 4432 3790 4484 τίτλου
3828 4434 3884 4502 η’

2329 4544 2451 4593 κεφ.
2483 4523 2562 4594 λη’
2592 4525 2840 4577 διδάσκον
2875 4523 2948 4592 μὴ
2980 4522 3218 4590 ὀφείλειν
3249 4522 3701 4590 κληρονομεῖσθαι
3750 4521 3884 4582 τοὺς

2327 4619 2502 4682 γονεῖς
2537 4616 2686 4684 παρὰ
2713 4612 3001 4679 αίρετικῶν
3036 4610 3260 4670 παίδων,
3298 4609 3329 4678 ἢ
3391 4611 3697 4661 τούναντίον
3719 4625 3734 4638 ο
3783 4613 3882 4661 καὶ

2331 4700 2532 4774 βιϐλίου
2586 4705 2632 4758 α’
2673 4705 2852 4756 τίτλου
2883 4701 2929 4754 α’
2963 4702 3234 4769 κεφάλαια
3264 4701 3493 4770 διάφορα
3528 4699 3755 4766 λέγοντα
3799 4702 3878 4770 μὴ

2333 4794 2491 4862 μόνον
2537 4793 2848 4861 κληρικοὺς,
2899 4791 3033 4844 ἀλλὰ
3091 4792 3181 4844 καὶ
3222 4789 3440 4851 λαῖκοὺς
3489 4787 3876 4856 ἐμποδίζεσθαι

2331 4885 2466 4954 πρὸς
2495 4884 2798 4952 αἱρετικοὺς
2831 4882 2860 4951 ἦ
2892 4882 3152 4941 ἀπίστους
3201 4879 3550 4945 ὁπωσδήποτε
3585 4879 3877 4946 παραπέμ-

2329 4992 2452 5028 πειν
2503 4974 2570 5024 τὰ
2617 4973 2822 5034 τούτοις
2871 4973 3216 5039 διαφέροντα.
3259 4971 3330 5024 τὸ
3375 4970 3429 5022 δὲ
3485 4975 3552 5023 ια’
3581 4970 3876 5036 κεφάλαιον

2328 5065 2418 5117 τοῦ
2472 5071 2517 5130 γ’
2567 5064 2744 5116 τίτλου
2790 5061 2878 5114 τοῦ
2913 5059 2952 5113 ε’
2982 5061 3185 5130 βιϐλίου
3235 5061 3342 5113 τῶν
3385 5061 3687 5111 Βασιλικῶν
3725 5060 3875 5127 λέγει

2333 5155 2467 5223 μήτε
2519 5153 2656 5204 κατά
2706 5151 2970 5219 μίσθωσιν
3004 5153 3140 5220 μήτε
3193 5155 3333 5201 κατὰ
3367 5149 3697 5216 ὲμφύτευσιν
3735 5152 3874 5219 μήτε

2329 5245 2448 5296 κατ’
2520 5242 2781 5306 ὲξώνησιν
2830 5241 2861 5310 ἢ
2912 5241 3066 5294 ἄλλον
3148 5240 3344 5308 τρόπον
3401 5242 3520 5290 τινα
3580 5240 3876 5303 λαμϐάνειν

2328 5336 2450 5395 τοὺς
2497 5333 2798 5400 αἱρετικοὺς
2844 5332 3075 5398 ἀκίνητα
3132 5328 3406 5398 οίαδήτινα
3465 5329 3521 5393 εξ
3579 5329 3875 5396 ικκλησίας

2327 5423 2467 5483 τινὸς
2493 5421 2524 5490 ἢ
2551 5421 2707 5473 ἄλλου
2738 5419 3028 5486 σεόασμίου
3055 5419 3220 5470 οῖκου·
3250 5418 3341 5469 καὶ
3363 5416 3457 5468 τοῦ
3483 5416 3646 5474 αὑτοῦ
3671 5418 3874 5486 βιϐλίου

2329 5517 2422 5568 καὶ
2447 5513 2625 5565 τίτλου
2677 5513 2768 5564 καὶ
2813 5528 2935 5577 κεφ.
2971 5510 3109 5577 θέμα
3137 5514 3206 5574 γ’.
3251 5507 3374 5559 Ἐὰν
3407 5507 3706 5577 όρθόδοξος,
3737 5511 3876 5578 ἔχων

2330 5605 2516 5666 κτῆσιν
2543 5604 2598 5652 ἐν
2689 5603 2834 5653 iactv
2863 5599 2994 5667 ἁγίᾳ
3021 5597 3339 5667 Ἐκκλησία,
3367 5598 3720 5666 παραπέμψει
3749 5602 3876 5654 ταύ-

2330 5713 2424 5763 την
2457 5692 2575 5748 καθ’
2605 5692 2900 5761 οἰονδήτινα
2955 5691 3149 5758 τρόπον
3188 5688 3399 5757 ἀπίστῳ
3432 5687 3464 5752 ἢ
3498 5687 3680 5751 ἁπλῶς
3719 5693 3870 5762 ab“-
