  <div class='ocr_page' id='page_1' title='image "/cluster/home/n/w/nwhite01/storage/ocr_20150623/138/pst.000005714544/085.png"; bbox 0 0 4018 6306; ppageno 0'>
   <div class='ocr_carea' id='block_1_1' title="bbox 582 285 679 347">
    <p class='ocr_par' dir='ltr' id='par_1_1' title="bbox 582 285 679 347">
     <span class='ocr_line' id='line_1_1' title="bbox 582 285 679 347; baseline -0.01 -1"><span class='ocrx_word' id='word_1_1' title='bbox 582 285 679 347; x_wconf 75' lang='grc'><strong>119</strong></span> 
     </span>
    </p>
   </div>
   <div class='ocr_carea' id='block_1_2' title="bbox 1780 279 2532 344">
    <p class='ocr_par' dir='ltr' id='par_1_2' title="bbox 1780 279 2532 344">
     <span class='ocr_line' id='line_1_2' title="bbox 1780 279 2532 344; baseline -0.004 0"><span class='ocrx_word' id='word_1_2' title='bbox 1780 297 1794 308; x_wconf 90' lang='grc'><strong>⁹</strong></span> <span class='ocrx_word' id='word_1_3' title='bbox 1821 282 2092 344; x_wconf 85' lang='lat' dir='ltr'><strong>THEOD.</strong></span> <span class='ocrx_word' id='word_1_4' title='bbox 2136 279 2532 341; x_wconf 66' lang='lat' dir='ltr'><strong>BALSAMON</strong></span> 
     </span>
    </p>
   </div>
   <div class='ocr_carea' id='block_1_3' title="bbox 655 389 2179 469">
    <p class='ocr_par' dir='ltr' id='par_1_3' title="bbox 655 389 2179 469">
     <span class='ocr_line' id='line_1_3' title="bbox 655 389 2179 469; baseline -0.01 -11"><span class='ocrx_word' id='word_1_5' title='bbox 655 419 672 451; x_wconf 81' lang='grc' dir='ltr'><strong>ι</strong></span> <span class='ocrx_word' id='word_1_6' title='bbox 723 403 975 469; x_wconf 78' lang='lat' dir='ltr'><strong>Cujusqne</strong></span> <span class='ocrx_word' id='word_1_7' title='bbox 1022 405 1251 467; x_wconf 77' lang='lat' dir='ltr'><strong>regionis</strong></span> <span class='ocrx_word' id='word_1_8' title='bbox 1327 397 1595 466; x_wconf 84' lang='lat' dir='ltr'><strong>episcopi;</strong></span> <span class='ocrx_word' id='word_1_9' title='bbox 1627 396 1728 449; x_wconf 89' lang='lat' dir='ltr'><strong>hoc</strong></span> <span class='ocrx_word' id='word_1_10' title='bbox 1769 402 1871 456; x_wconf 83' lang='lat' dir='ltr'><strong>est,</strong></span> <span class='ocrx_word' id='word_1_11' title='bbox 1908 393 2005 446; x_wconf 79' lang='lat' dir='ltr'><strong>nisi</strong></span> <span class='ocrx_word' id='word_1_12' title='bbox 2041 389 2105 440; x_wconf 84' lang='lat' dir='ltr'><strong>ab</strong></span> <span class='ocrx_word' id='word_1_13' title='bbox 2142 392 2179 442; x_wconf 79' lang='grc' dir='ltr'><strong>Α</strong></span> 
     </span>
    </p>
   </div>
   <div class='ocr_carea' id='block_1_4' title="bbox 653 481 2112 555">
    <p class='ocr_par' dir='ltr' id='par_1_4' title="bbox 653 481 2112 555">
     <span class='ocr_line' id='line_1_4' title="bbox 653 481 2112 555; baseline -0.008 -16"><span class='ocrx_word' id='word_1_14' title='bbox 653 511 669 539; x_wconf 77' lang='grc' dir='ltr'><strong>ι</strong></span> <span class='ocrx_word' id='word_1_15' title='bbox 718 493 829 555; x_wconf 85' lang='lat' dir='ltr'><strong>ipso</strong></span> <span class='ocrx_word' id='word_1_16' title='bbox 843 488 1064 554; x_wconf 88' lang='lat' dir='ltr'><strong>primate</strong></span> <span class='ocrx_word' id='word_1_17' title='bbox 1082 504 1201 555; x_wconf 63' lang='lat' dir='ltr'><strong>priet</strong></span> <span class='ocrx_word' id='word_1_18' title='bbox 1221 487 1340 555; x_wconf 90' lang='lat' dir='ltr'><strong>ipue</strong></span> <span class='ocrx_word' id='word_1_19' title='bbox 1358 486 1770 553; x_wconf 84' lang='lat' dir='ltr'><strong>acceperit‘eam,</strong></span> <span class='ocrx_word' id='word_1_20' title='bbox 1787 481 2112 551; x_wconf 64' lang='lat' dir='ltr'><strong>qumdicitur</strong></span> 
     </span>
    </p>
   </div>
   <div class='ocr_carea' id='block_1_5' title="bbox 653 572 2109 639">
    <p class='ocr_par' dir='ltr' id='par_1_5' title="bbox 653 572 2109 639">
     <span class='ocr_line' id='line_1_5' title="bbox 653 572 2109 639; baseline -0.003 -12"><span class='ocrx_word' id='word_1_21' title='bbox 653 602 667 627; x_wconf 77' lang='grc' dir='ltr'><strong>ι</strong></span> <span class='ocrx_word' id='word_1_22' title='bbox 724 578 1047 639; x_wconf 89' lang='lat' dir='ltr'><strong>dimissoria,</strong></span> <span class='ocrx_word' id='word_1_23' title='bbox 1100 578 1385 631; x_wconf 88' lang='lat' dir='ltr'><strong>formatam</strong></span> <span class='ocrx_word' id='word_1_24' title='bbox 1460 572 2109 629; x_wconf 88' lang='lat' dir='ltr'><strong>velcommendationem.</strong></span> 
     </span>
    </p>
   </div>
   <div class='ocr_carea' id='block_1_6' title="bbox 649 746 2113 821">
    <p class='ocr_par' dir='ltr' id='par_1_6' title="bbox 649 746 2113 821">
     <span class='ocr_line' id='line_1_6' title="bbox 649 746 2113 821; baseline -0.005 -18"><span class='ocrx_word' id='word_1_25' title='bbox 649 752 837 805; x_wconf 85' lang='lat' dir='ltr'><strong>BALS.</strong></span> <span class='ocrx_word' id='word_1_26' title='bbox 872 752 1145 816; x_wconf 85' lang='lat' dir='ltr'><strong>Quomodo</strong></span> <span class='ocrx_word' id='word_1_27' title='bbox 1184 753 1414 821; x_wconf 76' lang='lat' dir='ltr'><strong>episcopi</strong></span> <span class='ocrx_word' id='word_1_28' title='bbox 1445 752 1669 805; x_wconf 75' lang='lat' dir='ltr'><strong>debeant</strong></span> <span class='ocrx_word' id='word_1_29' title='bbox 1700 763 1921 819; x_wconf 82' lang='lat' dir='ltr'><strong>peregre</strong></span> <span class='ocrx_word' id='word_1_30' title='bbox 1954 746 2113 813; x_wconf 89' lang='lat' dir='ltr'><strong>proti—</strong></span> 
     </span>
    </p>
   </div>
   <div class='ocr_carea' id='block_1_7' title="bbox 577 838 2113 909">
    <p class='ocr_par' dir='ltr' id='par_1_7' title="bbox 577 838 2113 909">
     <span class='ocr_line' id='line_1_7' title="bbox 577 838 2113 909; baseline -0.005 -12"><span class='ocrx_word' id='word_1_31' title='bbox 577 846 703 899; x_wconf 84' lang='lat' dir='ltr'><strong>eisci</strong></span> <span class='ocrx_word' id='word_1_32' title='bbox 737 846 800 897; x_wconf 85' lang='lat' dir='ltr'><strong>ab</strong></span> <span class='ocrx_word' id='word_1_33' title='bbox 833 845 932 906; x_wconf 87' lang='lat' dir='ltr'><strong>eis,</strong></span> <span class='ocrx_word' id='word_1_34' title='bbox 980 858 1097 909; x_wconf 75' lang='lat' dir='ltr'><strong>qua:</strong></span> <span class='ocrx_word' id='word_1_35' title='bbox 1143 843 1261 896; x_wconf 89' lang='lat' dir='ltr'><strong>illos</strong></span> <span class='ocrx_word' id='word_1_36' title='bbox 1302 842 1504 895; x_wconf 74' lang='lat' dir='ltr'><strong>sortita:</strong></span> <span class='ocrx_word' id='word_1_37' title='bbox 1536 852 1682 904; x_wconf 89' lang='lat' dir='ltr'><strong>sunt,</strong></span> <span class='ocrx_word' id='word_1_38' title='bbox 1732 838 1996 899; x_wconf 82' lang='lat' dir='ltr'><strong>ecclesiis,</strong></span> <span class='ocrx_word' id='word_1_39' title='bbox 2036 838 2113 889; x_wconf 90' lang='lat' dir='ltr'><strong>di-</strong></span> 
     </span>
    </p>
   </div>
   <div class='ocr_carea' id='block_1_8' title="bbox 574 927 2110 999">
    <p class='ocr_par' dir='ltr' id='par_1_8' title="bbox 574 927 2110 999">
     <span class='ocr_line' id='line_1_8' title="bbox 574 927 2110 999; baseline -0.007 -12"><span class='ocrx_word' id='word_1_40' title='bbox 574 946 712 987; x_wconf 88' lang='lat' dir='ltr'><strong>ctmn</strong></span> <span class='ocrx_word' id='word_1_41' title='bbox 765 944 846 987; x_wconf 89' lang='lat' dir='ltr'><strong>est</strong></span> <span class='ocrx_word' id='word_1_42' title='bbox 898 934 949 985; x_wconf 91' lang='lat' dir='ltr'><strong>in</strong></span> <span class='ocrx_word' id='word_1_43' title='bbox 1002 948 1205 985; x_wconf 87' lang='lat' dir='ltr'><strong>canone</strong></span> <span class='ocrx_word' id='word_1_44' title='bbox 1258 931 1573 999; x_wconf 85' lang='lat' dir='ltr'><strong>apostolico.</strong></span> <span class='ocrx_word' id='word_1_45' title='bbox 1623 930 1806 993; x_wconf 66' lang='lat'><strong>14,15</strong></span> <span class='ocrx_word' id='word_1_46' title='bbox 1842 927 2020 989; x_wconf 80' lang='lat' dir='ltr'><strong>et&#39;55;</strong></span> <span class='ocrx_word' id='word_1_47' title='bbox 2061 927 2110 977; x_wconf 93' lang='lat' dir='ltr'><strong>in</strong></span> 
     </span>
    </p>
   </div>
   <div class='ocr_carea' id='block_1_9' title="bbox 574 1018 2109 1091">
    <p class='ocr_par' dir='ltr' id='par_1_9' title="bbox 574 1018 2109 1091">
     <span class='ocr_line' id='line_1_9' title="bbox 574 1018 2109 1091; baseline -0.005 -16"><span class='ocrx_word' id='word_1_48' title='bbox 574 1025 883 1075; x_wconf 73' lang='lat' dir='ltr'><strong>Antiochen.</strong></span> <span class='ocrx_word' id='word_1_49' title='bbox 906 1026 1091 1091; x_wconf 77' lang='lat' dir='ltr'><strong>synod.</strong></span> <span class='ocrx_word' id='word_1_50' title='bbox 1115 1023 1236 1091; x_wconf 16' lang='lat'><strong>7,78,</strong></span> <span class='ocrx_word' id='word_1_51' title='bbox 1260 1033 1309 1076; x_wconf 90' lang='lat' dir='ltr'><strong>et</strong></span> <span class='ocrx_word' id='word_1_52' title='bbox 1334 1023 1384 1074; x_wconf 93' lang='lat' dir='ltr'><strong>ll</strong></span> <span class='ocrx_word' id='word_1_53' title='bbox 1416 1038 1428 1084; x_wconf 92' lang='lat'><strong>;</strong></span> <span class='ocrx_word' id='word_1_54' title='bbox 1452 1022 1501 1073; x_wconf 92' lang='lat' dir='ltr'><strong>in</strong></span> <span class='ocrx_word' id='word_1_55' title='bbox 1518 1037 1630 1090; x_wconf 88' lang='lat' dir='ltr'><strong>syn.</strong></span> <span class='ocrx_word' id='word_1_56' title='bbox 1656 1020 1817 1073; x_wconf 79' lang='lat' dir='ltr'><strong>Laud.</strong></span> <span class='ocrx_word' id='word_1_57' title='bbox 1848 1019 1905 1071; x_wconf 73' lang='grc'><strong>41</strong></span> <span class='ocrx_word' id='word_1_58' title='bbox 1938 1028 1986 1069; x_wconf 85' lang='lat' dir='ltr'><strong>et</strong></span> <span class='ocrx_word' id='word_1_59' title='bbox 2010 1018 2109 1078; x_wconf 56' lang='grc' dir='ltr'>δὶς</span> 
     </span>
    </p>
   </div>
   <div class='ocr_carea' id='block_1_10' title="bbox 574 1090 2115 1176">
    <p class='ocr_par' dir='ltr' id='par_1_10' title="bbox 574 1090 2115 1176">
     <span class='ocr_line' id='line_1_10' title="bbox 574 1090 2115 1176; baseline -0.006 -11"><span class='ocrx_word' id='word_1_60' title='bbox 574 1114 624 1166; x_wconf 92' lang='lat' dir='ltr'><strong>in</strong></span> <span class='ocrx_word' id='word_1_61' title='bbox 644 1090 969 1167; x_wconf 71' lang='lat' dir='ltr'><strong>Chalcedon.</strong></span> <span class='ocrx_word' id='word_1_62' title='bbox 995 1113 1086 1173; x_wconf 78' lang='lat' dir='ltr'><strong>f5;</strong></span> <span class='ocrx_word' id='word_1_63' title='bbox 1116 1090 1174 1164; x_wconf 76' lang='grc' dir='ltr'><strong>ίιῖ</strong></span> <span class='ocrx_word' id='word_1_64' title='bbox 1194 1112 1398 1165; x_wconf 85' lang='lat' dir='ltr'><strong>Sardic.</strong></span> <span class='ocrx_word' id='word_1_65' title='bbox 1430 1112 1483 1176; x_wconf 86' lang='lat'><strong>5,</strong></span> <span class='ocrx_word' id='word_1_66' title='bbox 1504 1111 1566 1164; x_wconf 81' lang='lat' dir='ltr'><strong>te</strong></span> <span class='ocrx_word' id='word_1_67' title='bbox 1586 1119 1636 1165; x_wconf 89' lang='lat' dir='ltr'><strong>et</strong></span> <span class='ocrx_word' id='word_1_68' title='bbox 1660 1110 1720 1163; x_wconf 70' lang='grc' dir='ltr'><strong>ι’]</strong></span> <span class='ocrx_word' id='word_1_69' title='bbox 1742 1128 1754 1175; x_wconf 89' lang='grc'><strong>;</strong></span> <span class='ocrx_word' id='word_1_70' title='bbox 1774 1118 1825 1161; x_wconf 77' lang='grc' dir='ltr'><strong>ιιι</strong></span> <span class='ocrx_word' id='word_1_71' title='bbox 1851 1107 2115 1160; x_wconf 71' lang='lat' dir='ltr'><strong>sumriunt</strong></span> 
     </span>
    </p>
   </div>
   <div class='ocr_carea' id='block_1_11' title="bbox 571 1201 2110 1271">
    <p class='ocr_par' dir='ltr' id='par_1_11' title="bbox 571 1201 2110 1271">
     <span class='ocr_line' id='line_1_11' title="bbox 571 1201 2110 1271; baseline -0.004 -19"><span class='ocrx_word' id='word_1_72' title='bbox 571 1219 687 1271; x_wconf 79' lang='lat' dir='ltr'><strong>qua:</strong></span> <span class='ocrx_word' id='word_1_73' title='bbox 719 1205 769 1255; x_wconf 92' lang='lat' dir='ltr'><strong>iu</strong></span> <span class='ocrx_word' id='word_1_74' title='bbox 795 1204 828 1255; x_wconf 87' lang='lat' dir='ltr'><strong>il</strong></span> <span class='ocrx_word' id='word_1_75' title='bbox 851 1202 894 1256; x_wconf 89' lang='lat' dir='ltr'><strong>is</strong></span> <span class='ocrx_word' id='word_1_76' title='bbox 911 1205 1102 1269; x_wconf 81' lang='lat' dir='ltr'><strong>scripta</strong></span> <span class='ocrx_word' id='word_1_77' title='bbox 1130 1202 1419 1255; x_wconf 86' lang='lat' dir='ltr'><strong>sunI.Cum</strong></span> <span class='ocrx_word' id='word_1_78' title='bbox 1455 1212 1629 1255; x_wconf 69' lang='lat' dir='ltr'><strong>autem</strong></span> <span class='ocrx_word' id='word_1_79' title='bbox 1669 1201 1817 1252; x_wconf 82' lang='lat' dir='ltr'><strong>audis</strong></span> <span class='ocrx_word' id='word_1_80' title='bbox 1854 1210 2110 1249; x_wconf 89' lang='lat' dir='ltr'><strong>canoncm</strong></span> 
     </span>
    </p>
   </div>
   <div class='ocr_carea' id='block_1_12' title="bbox 570 1286 2110 1359">
    <p class='ocr_par' dir='ltr' id='par_1_12' title="bbox 570 1286 2110 1359">
     <span class='ocr_line' id='line_1_12' title="bbox 570 1286 2110 1359; baseline -0.004 -17"><span class='ocrx_word' id='word_1_81' title='bbox 570 1293 855 1355; x_wconf 75' lang='lat' dir='ltr'><strong>dicentem,</strong></span> <span class='ocrx_word' id='word_1_82' title='bbox 890 1310 1008 1347; x_wconf 68' lang='lat' dir='ltr'><strong>enen</strong></span> <span class='ocrx_word' id='word_1_83' title='bbox 1043 1295 1258 1348; x_wconf 77' lang='lat' dir='ltr'><strong>decreto</strong></span> <span class='ocrx_word' id='word_1_84' title='bbox 1294 1309 1385 1346; x_wconf 84' lang='lat' dir='ltr'><strong>scu</strong></span> <span class='ocrx_word' id='word_1_85' title='bbox 1420 1292 1725 1359; x_wconf 71' lang='lat' dir='ltr'><strong>cognitione</strong></span> <span class='ocrx_word' id='word_1_86' title='bbox 1770 1288 1947 1357; x_wconf 87' lang='lat' dir='ltr'><strong>primi,</strong></span> <span class='ocrx_word' id='word_1_87' title='bbox 2001 1286 2110 1338; x_wconf 83' lang='lat' dir='ltr'><strong>sci-</strong></span> 
     </span>
    </p>
   </div>
   <div class='ocr_carea' id='block_1_13' title="bbox 571 1382 2113 1451">
    <p class='ocr_par' dir='ltr' id='par_1_13' title="bbox 571 1382 2113 1451">
     <span class='ocr_line' id='line_1_13' title="bbox 571 1382 2113 1451; baseline -0.002 -19"><span class='ocrx_word' id='word_1_88' title='bbox 571 1382 694 1435; x_wconf 89' lang='lat' dir='ltr'><strong>licet</strong></span> <span class='ocrx_word' id='word_1_89' title='bbox 724 1386 1134 1451; x_wconf 87' lang='lat' dir='ltr'><strong>metropolitani,</strong></span> <span class='ocrx_word' id='word_1_90' title='bbox 1167 1384 1361 1436; x_wconf 85' lang='lat' dir='ltr'><strong>debere</strong></span> <span class='ocrx_word' id='word_1_91' title='bbox 1391 1384 1691 1451; x_wconf 80' lang='lat' dir='ltr'><strong>episcopum</strong></span> <span class='ocrx_word' id='word_1_92' title='bbox 1743 1394 1964 1450; x_wconf 81' lang='lat' dir='ltr'><strong>peregre</strong></span> <span class='ocrx_word' id='word_1_93' title='bbox 1996 1392 2113 1445; x_wconf 86' lang='lat' dir='ltr'><strong>pro-</strong></span> 
     </span>
    </p>
   </div>
   <div class='ocr_carea' id='block_1_14' title="bbox 571 1469 2109 1541">
    <p class='ocr_par' dir='ltr' id='par_1_14' title="bbox 571 1469 2109 1541">
     <span class='ocr_line' id='line_1_14' title="bbox 571 1469 2109 1541; baseline -0.004 -16"><span class='ocrx_word' id='word_1_94' title='bbox 571 1473 730 1526; x_wconf 69' lang='lat' dir='ltr'><strong>ﬁl-isci</strong></span> <span class='ocrx_word' id='word_1_95' title='bbox 756 1512 771 1537; x_wconf 93' lang='lat'><strong>,</strong></span> <span class='ocrx_word' id='word_1_96' title='bbox 806 1490 869 1526; x_wconf 90' lang='lat' dir='ltr'><strong>ne</strong></span> <span class='ocrx_word' id='word_1_97' title='bbox 900 1475 1095 1527; x_wconf 79' lang='lat' dir='ltr'><strong>dixeris</strong></span> <span class='ocrx_word' id='word_1_98' title='bbox 1127 1475 1241 1537; x_wconf 89' lang='lat' dir='ltr'><strong>ejus</strong></span> <span class='ocrx_word' id='word_1_99' title='bbox 1270 1474 1436 1526; x_wconf 74' lang='lat' dir='ltr'><strong>solius</strong></span> <span class='ocrx_word' id='word_1_100' title='bbox 1462 1472 1818 1541; x_wconf 75' lang='lat' dir='ltr'><strong>cognitionem</strong></span> <span class='ocrx_word' id='word_1_101' title='bbox 1850 1469 2109 1530; x_wconf 73' lang='lat' dir='ltr'><strong>sufficere,</strong></span> 
     </span>
    </p>
   </div>
   <div class='ocr_carea' id='block_1_15' title="bbox 572 1563 2113 1633">
    <p class='ocr_par' dir='ltr' id='par_1_15' title="bbox 572 1563 2113 1633">
     <span class='ocr_line' id='line_1_15' title="bbox 572 1563 2113 1633; baseline -0.002 -19"><span class='ocrx_word' id='word_1_102' title='bbox 572 1564 661 1614; x_wconf 88' lang='lat' dir='ltr'><strong>sed</strong></span> <span class='ocrx_word' id='word_1_103' title='bbox 714 1574 766 1617; x_wconf 92' lang='lat' dir='ltr'><strong>et</strong></span> <span class='ocrx_word' id='word_1_104' title='bbox 813 1565 1072 1617; x_wconf 68' lang='lat' dir='ltr'><strong>universa:</strong></span> <span class='ocrx_word' id='word_1_105' title='bbox 1121 1565 1237 1633; x_wconf 84' lang='lat' dir='ltr'><strong>ejus</strong></span> <span class='ocrx_word' id='word_1_106' title='bbox 1269 1563 1451 1633; x_wconf 83' lang='lat' dir='ltr'><strong>synodi</strong></span> <span class='ocrx_word' id='word_1_107' title='bbox 1506 1577 1626 1617; x_wconf 89' lang='lat' dir='ltr'><strong>esse</strong></span> <span class='ocrx_word' id='word_1_108' title='bbox 1658 1563 1830 1616; x_wconf 88' lang='lat' dir='ltr'><strong>adlmc</strong></span> <span class='ocrx_word' id='word_1_109' title='bbox 1867 1575 2113 1614; x_wconf 84' lang='lat' dir='ltr'><strong>necessa-</strong></span> 
     </span>
    </p>
   </div>
   <div class='ocr_carea' id='block_1_16' title="bbox 570 1653 2109 1718">
    <p class='ocr_par' dir='ltr' id='par_1_16' title="bbox 570 1653 2109 1718">
     <span class='ocr_line' id='line_1_16' title="bbox 570 1653 2109 1718; baseline 0 -15"><span class='ocrx_word' id='word_1_110' title='bbox 570 1654 699 1704; x_wconf 86' lang='lat' dir='ltr'><strong>riam</strong></span> <span class='ocrx_word' id='word_1_111' title='bbox 754 1655 1103 1718; x_wconf 84' lang='lat' dir='ltr'><strong>sententiam;</strong></span> <span class='ocrx_word' id='word_1_112' title='bbox 1160 1666 1217 1707; x_wconf 92' lang='lat' dir='ltr'><strong>ut</strong></span> <span class='ocrx_word' id='word_1_113' title='bbox 1256 1655 1364 1707; x_wconf 70' lang='lat' dir='ltr'><strong>vult</strong></span> <span class='ocrx_word' id='word_1_114' title='bbox 1412 1669 1584 1706; x_wconf 90' lang='lat' dir='ltr'><strong>canon</strong></span> <span class='ocrx_word' id='word_1_115' title='bbox 1644 1653 1701 1706; x_wconf 82' lang='grc' dir='ltr'>Η</span> <span class='ocrx_word' id='word_1_116' title='bbox 1764 1653 2109 1705; x_wconf 69' lang='lat' dir='ltr'><strong>Antiochenaz</strong></span> 
     </span>
    </p>
   </div>
   <div class='ocr_carea' id='block_1_17' title="bbox 564 1741 2102 1810">
    <p class='ocr_par' dir='ltr' id='par_1_17' title="bbox 564 1741 2102 1810">
     <span class='ocr_line' id='line_1_17' title="bbox 564 1741 2102 1810; baseline 0.002 -19"><span class='ocrx_word' id='word_1_117' title='bbox 564 1742 769 1809; x_wconf 66' lang='lat' dir='ltr'><strong>synodi.</strong></span> <span class='ocrx_word' id='word_1_118' title='bbox 815 1741 1100 1809; x_wconf 76' lang='lat' dir='ltr'><strong>Propterea</strong></span> <span class='ocrx_word' id='word_1_119' title='bbox 1161 1746 1303 1797; x_wconf 92' lang='lat' dir='ltr'><strong>enim</strong></span> <span class='ocrx_word' id='word_1_120' title='bbox 1373 1746 1561 1798; x_wconf 88' lang='lat' dir='ltr'><strong>canoni</strong></span> <span class='ocrx_word' id='word_1_121' title='bbox 1631 1743 1879 1810; x_wconf 73' lang='lat' dir='ltr'><strong>adjicitur</strong></span> <span class='ocrx_word' id='word_1_122' title='bbox 1939 1742 2102 1794; x_wconf 87' lang='lat' dir='ltr'><strong>illud:</strong></span> 
     </span>
    </p>
   </div>
   <div class='ocr_carea' id='block_1_18' title="bbox 567 1828 2105 1899">
    <p class='ocr_par' dir='ltr' id='par_1_18' title="bbox 567 1828 2105 1899">
     <span class='ocr_line' id='line_1_18' title="bbox 567 1828 2105 1899; baseline -0.003 -17"><span class='ocrx_word' id='word_1_123' title='bbox 567 1831 924 1883; x_wconf 78' lang='lat' dir='ltr'><strong>necessariam</strong></span> <span class='ocrx_word' id='word_1_124' title='bbox 961 1831 1171 1896; x_wconf 83' lang='lat' dir='ltr'><strong>quidem</strong></span> <span class='ocrx_word' id='word_1_125' title='bbox 1220 1847 1338 1885; x_wconf 84' lang='lat' dir='ltr'><strong>esse</strong></span> <span class='ocrx_word' id='word_1_126' title='bbox 1380 1834 1704 1899; x_wconf 82' lang='lat' dir='ltr'><strong>reliquorum</strong></span> <span class='ocrx_word' id='word_1_127' title='bbox 1741 1844 1947 1898; x_wconf 83' lang='lat' dir='ltr'><strong>quoque</strong></span> <span class='ocrx_word' id='word_1_128' title='bbox 1996 1828 2105 1895; x_wconf 89' lang='lat' dir='ltr'><strong>epi-</strong></span> 
     </span>
    </p>
   </div>
   <div class='ocr_carea' id='block_1_19' title="bbox 562 1919 2104 1987">
    <p class='ocr_par' dir='ltr' id='par_1_19' title="bbox 562 1919 2104 1987">
     <span class='ocr_line' id='line_1_19' title="bbox 562 1919 2104 1987; baseline 0.001 -19"><span class='ocrx_word' id='word_1_129' title='bbox 562 1934 847 1986; x_wconf 70' lang='lat' dir='ltr'><strong>scoporum</strong></span> <span class='ocrx_word' id='word_1_130' title='bbox 917 1922 1277 1983; x_wconf 86' lang='lat' dir='ltr'><strong>sententiam,</strong></span> <span class='ocrx_word' id='word_1_131' title='bbox 1350 1922 1440 1972; x_wconf 84' lang='lat' dir='ltr'><strong>sed</strong></span> <span class='ocrx_word' id='word_1_132' title='bbox 1511 1920 1773 1987; x_wconf 71' lang='lat' dir='ltr'><strong>prarcipue</strong></span> <span class='ocrx_word' id='word_1_133' title='bbox 1841 1919 2104 1986; x_wconf 73' lang='lat' dir='ltr'><strong>primatis.</strong></span> 
     </span>
    </p>
   </div>
   <div class='ocr_carea' id='block_1_20' title="bbox 566 2004 2108 2077">
    <p class='ocr_par' dir='ltr' id='par_1_20' title="bbox 566 2004 2108 2077">
     <span class='ocr_line' id='line_1_20' title="bbox 566 2004 2108 2077; baseline 0.003 -21"><span class='ocrx_word' id='word_1_134' title='bbox 566 2004 812 2060; x_wconf 82' lang='lat' dir='ltr'><strong>Furmata</strong></span> <span class='ocrx_word' id='word_1_135' title='bbox 870 2017 1045 2061; x_wconf 87' lang='lat' dir='ltr'><strong>autem</strong></span> <span class='ocrx_word' id='word_1_136' title='bbox 1100 2010 1236 2063; x_wconf 89' lang='lat' dir='ltr'><strong>dicta</strong></span> <span class='ocrx_word' id='word_1_137' title='bbox 1286 2018 1366 2063; x_wconf 88' lang='lat' dir='ltr'><strong>est</strong></span> <span class='ocrx_word' id='word_1_138' title='bbox 1401 2010 1698 2063; x_wconf 87' lang='lat' dir='ltr'><strong>dimissoria</strong></span> <span class='ocrx_word' id='word_1_139' title='bbox 1748 2009 1992 2077; x_wconf 80' lang='lat' dir='ltr'><strong>epistola,</strong></span> <span class='ocrx_word' id='word_1_140' title='bbox 2028 2017 2108 2060; x_wconf 91' lang='lat' dir='ltr'><strong>ut-</strong></span> 
     </span>
    </p>
   </div>
   <div class='ocr_carea' id='block_1_21' title="bbox 561 2098 2104 2167">
    <p class='ocr_par' dir='ltr' id='par_1_21' title="bbox 561 2098 2104 2167">
     <span class='ocr_line' id='line_1_21' title="bbox 561 2098 2104 2167; baseline 0.006 -25"><span class='ocrx_word' id='word_1_141' title='bbox 561 2103 685 2159; x_wconf 91' lang='lat' dir='ltr'><strong>pote</strong></span> <span class='ocrx_word' id='word_1_142' title='bbox 713 2111 831 2163; x_wconf 79' lang='lat' dir='ltr'><strong>qtue</strong></span> <span class='ocrx_word' id='word_1_143' title='bbox 886 2098 965 2148; x_wconf 84' lang='lat' dir='ltr'><strong>vel</strong></span> <span class='ocrx_word' id='word_1_144' title='bbox 998 2099 1355 2151; x_wconf 86' lang='lat' dir='ltr'><strong>necessariam</strong></span> <span class='ocrx_word' id='word_1_145' title='bbox 1388 2101 1652 2167; x_wconf 82' lang='lat' dir='ltr'><strong>exprimat</strong></span> <span class='ocrx_word' id='word_1_146' title='bbox 1685 2099 1918 2166; x_wconf 83' lang='lat' dir='ltr'><strong>episcopi</strong></span> <span class='ocrx_word' id='word_1_147' title='bbox 1950 2112 2104 2165; x_wconf 87' lang='lat' dir='ltr'><strong>pere-</strong></span> 
     </span>
    </p>
   </div>
   <div class='ocr_carea' id='block_1_22' title="bbox 560 2183 2103 2252">
    <p class='ocr_par' dir='ltr' id='par_1_22' title="bbox 560 2183 2103 2252">
     <span class='ocr_line' id='line_1_22' title="bbox 560 2183 2103 2252; baseline 0.005 -20"><span class='ocrx_word' id='word_1_148' title='bbox 560 2198 588 2247; x_wconf 77' lang='lat' dir='ltr'><strong>g</strong></span> <span class='ocrx_word' id='word_1_149' title='bbox 623 2183 877 2235; x_wconf 87' lang='lat' dir='ltr'><strong>inationis</strong></span> <span class='ocrx_word' id='word_1_150' title='bbox 916 2199 1154 2247; x_wconf 87' lang='lat' dir='ltr'><strong>causam,</strong></span> <span class='ocrx_word' id='word_1_151' title='bbox 1210 2189 1288 2238; x_wconf 81' lang='lat' dir='ltr'><strong>vel</strong></span> <span class='ocrx_word' id='word_1_152' title='bbox 1329 2187 1747 2252; x_wconf 88' lang='lat' dir='ltr'><strong>obsignationem</strong></span> <span class='ocrx_word' id='word_1_153' title='bbox 1777 2196 1832 2240; x_wconf 89' lang='lat' dir='ltr'><strong>et</strong></span> <span class='ocrx_word' id='word_1_154' title='bbox 1872 2188 2103 2239; x_wconf 71' lang='lat' dir='ltr'><strong>subscri-</strong></span> 
     </span>
    </p>
   </div>
   <div class='ocr_carea' id='block_1_23' title="bbox 564 2269 2103 2341">
    <p class='ocr_par' dir='ltr' id='par_1_23' title="bbox 564 2269 2103 2341">
     <span class='ocr_line' id='line_1_23' title="bbox 564 2269 2103 2341; baseline 0.006 -23"><span class='ocrx_word' id='word_1_155' title='bbox 564 2269 793 2331; x_wconf 82' lang='lat' dir='ltr'><strong>ptionem</strong></span> <span class='ocrx_word' id='word_1_156' title='bbox 849 2271 1094 2336; x_wconf 80' lang='lat' dir='ltr'><strong>primatis</strong></span> <span class='ocrx_word' id='word_1_157' title='bbox 1149 2274 1333 2341; x_wconf 81' lang='lat' dir='ltr'><strong>synodi</strong></span> <span class='ocrx_word' id='word_1_158' title='bbox 1397 2275 1591 2326; x_wconf 86' lang='lat' dir='ltr'><strong>habere</strong></span> <span class='ocrx_word' id='word_1_159' title='bbox 1647 2276 1856 2328; x_wconf 87' lang='lat' dir='ltr'><strong>debeat.</strong></span> <span class='ocrx_word' id='word_1_160' title='bbox 1907 2277 2103 2329; x_wconf 90' lang='lat' dir='ltr'><strong>Eadem</strong></span> 
     </span>
    </p>
   </div>
   <div class='ocr_carea' id='block_1_24' title="bbox 559 2362 2105 2432">
    <p class='ocr_par' dir='ltr' id='par_1_24' title="bbox 559 2362 2105 2432">
     <span class='ocr_line' id='line_1_24' title="bbox 559 2362 2105 2432; baseline 0.006 -25"><span class='ocrx_word' id='word_1_161' title='bbox 559 2369 734 2410; x_wconf 74' lang='lat' dir='ltr'><strong>autem</strong></span> <span class='ocrx_word' id='word_1_162' title='bbox 796 2362 1184 2414; x_wconf 83' lang='lat' dir='ltr'><strong>commendatio</strong></span> <span class='ocrx_word' id='word_1_163' title='bbox 1260 2363 1397 2416; x_wconf 86' lang='lat' dir='ltr'><strong>dicta</strong></span> <span class='ocrx_word' id='word_1_164' title='bbox 1486 2373 1588 2425; x_wconf 87' lang='lat' dir='ltr'><strong>est,</strong></span> <span class='ocrx_word' id='word_1_165' title='bbox 1663 2375 1864 2432; x_wconf 76' lang='lat' dir='ltr'><strong>utqnze</strong></span> <span class='ocrx_word' id='word_1_166' title='bbox 1907 2366 1993 2429; x_wconf 90' lang='lat' dir='ltr'><strong>iis,</strong></span> <span class='ocrx_word' id='word_1_167' title='bbox 2040 2369 2105 2417; x_wconf 90' lang='lat' dir='ltr'><strong>ad</strong></span> 
     </span>
    </p>
   </div>
   <div class='ocr_carea' id='block_1_25' title="bbox 558 2450 2102 2520">
    <p class='ocr_par' dir='ltr' id='par_1_25' title="bbox 558 2450 2102 2520">
     <span class='ocr_line' id='line_1_25' title="bbox 558 2450 2102 2520; baseline 0.006 -24"><span class='ocrx_word' id='word_1_168' title='bbox 558 2463 693 2513; x_wconf 82' lang='lat' dir='ltr'><strong>quos</strong></span> <span class='ocrx_word' id='word_1_169' title='bbox 739 2450 901 2512; x_wconf 74' lang='lat' dir='ltr'><strong>Vadit,</strong></span> <span class='ocrx_word' id='word_1_170' title='bbox 936 2452 1364 2517; x_wconf 82' lang='lat' dir='ltr'><strong>peregrinantem</strong></span> <span class='ocrx_word' id='word_1_171' title='bbox 1396 2455 1701 2520; x_wconf 87' lang='lat' dir='ltr'><strong>episcopum</strong></span> <span class='ocrx_word' id='word_1_172' title='bbox 1746 2456 2102 2519; x_wconf 77' lang='lat' dir='ltr'><strong>commendet,</strong></span> 
     </span>
    </p>
   </div>
   <div class='ocr_carea' id='block_1_26' title="bbox 557 2537 1892 2610">
    <p class='ocr_par' dir='ltr' id='par_1_26' title="bbox 557 2537 1892 2610">
     <span class='ocr_line' id='line_1_26' title="bbox 557 2537 1892 2610; baseline 0.001 -21"><span class='ocrx_word' id='word_1_173' title='bbox 557 2537 667 2591; x_wconf 77' lang='lat' dir='ltr'><strong>sive</strong></span> <span class='ocrx_word' id='word_1_174' title='bbox 707 2537 774 2590; x_wconf 88' lang='lat' dir='ltr'><strong>ad</strong></span> <span class='ocrx_word' id='word_1_175' title='bbox 813 2551 934 2591; x_wconf 84' lang='lat' dir='ltr'><strong>eum</strong></span> <span class='ocrx_word' id='word_1_176' title='bbox 976 2539 1300 2605; x_wconf 86' lang='lat' dir='ltr'><strong>pertinentia</strong></span> <span class='ocrx_word' id='word_1_177' title='bbox 1340 2539 1576 2594; x_wconf 85' lang='lat' dir='ltr'><strong>declaret</strong></span> <span class='ocrx_word' id='word_1_178' title='bbox 1607 2552 1659 2595; x_wconf 84' lang='lat' dir='ltr'><strong>et</strong></span> <span class='ocrx_word' id='word_1_179' title='bbox 1686 2543 1892 2610; x_wconf 88' lang='lat' dir='ltr'><strong>probet.</strong></span> 
     </span>
    </p>
   </div>
   <div class='ocr_carea' id='block_1_27' title="bbox 624 2806 2105 2878">
    <p class='ocr_par' dir='ltr' id='par_1_27' title="bbox 624 2806 2105 2878">
     <span class='ocr_line' id='line_1_27' title="bbox 624 2806 2105 2878; baseline 0.003 -17"><span class='ocrx_word' id='word_1_180' title='bbox 624 2806 873 2861; x_wconf 73' lang='lat' dir='ltr'><strong>ZONAR.</strong></span> <span class='ocrx_word' id='word_1_181' title='bbox 903 2808 1193 2877; x_wconf 84' lang='lat' dir='ltr'><strong>Episcopos</strong></span> <span class='ocrx_word' id='word_1_182' title='bbox 1225 2820 1293 2876; x_wconf 52' lang='lat' dir='ltr'><strong>et.</strong></span> <span class='ocrx_word' id='word_1_183' title='bbox 1314 2824 1501 2863; x_wconf 76' lang='lat' dir='ltr'><strong>omnes</strong></span> <span class='ocrx_word' id='word_1_184' title='bbox 1526 2810 1735 2863; x_wconf 88' lang='lat' dir='ltr'><strong>demum</strong></span> <span class='ocrx_word' id='word_1_185' title='bbox 1776 2810 1865 2878; x_wconf 85' lang='lat' dir='ltr'><strong>qui</strong></span> <span class='ocrx_word' id='word_1_186' title='bbox 1899 2812 2105 2865; x_wconf 84' lang='lat' dir='ltr'><strong>ratione</strong></span> 
     </span>
    </p>
   </div>
   <div class='ocr_carea' id='block_1_28' title="bbox 558 2899 2103 2968">
    <p class='ocr_par' dir='ltr' id='par_1_28' title="bbox 558 2899 2103 2968">
     <span class='ocr_line' id='line_1_28' title="bbox 558 2899 2103 2968; baseline 0.003 -19"><span class='ocrx_word' id='word_1_187' title='bbox 558 2900 731 2952; x_wconf 88' lang='lat' dir='ltr'><strong>utenti</strong></span> <span class='ocrx_word' id='word_1_188' title='bbox 766 2900 911 2967; x_wconf 90' lang='lat' dir='ltr'><strong>gregi</strong></span> <span class='ocrx_word' id='word_1_189' title='bbox 948 2899 1182 2968; x_wconf 68' lang='lat' dir='ltr'><strong>praefecti</strong></span> <span class='ocrx_word' id='word_1_190' title='bbox 1230 2910 1374 2965; x_wconf 83' lang='lat' dir='ltr'><strong>sunt,</strong></span> <span class='ocrx_word' id='word_1_191' title='bbox 1426 2912 1736 2967; x_wconf 84' lang='lat' dir='ltr'><strong>perpetuam</strong></span> <span class='ocrx_word' id='word_1_192' title='bbox 1782 2900 1832 2951; x_wconf 91' lang='lat' dir='ltr'><strong>in</strong></span> <span class='ocrx_word' id='word_1_193' title='bbox 1867 2900 1977 2953; x_wconf 84' lang='lat' dir='ltr'><strong>suis</strong></span> <span class='ocrx_word' id='word_1_194' title='bbox 2016 2913 2103 2954; x_wconf 90' lang='lat' dir='ltr'><strong>ec-</strong></span> 
     </span>
    </p>
   </div>
   <div class='ocr_carea' id='block_1_29' title="bbox 3657 270 3776 335">
    <p class='ocr_par' dir='ltr' id='par_1_29' title="bbox 3657 270 3776 335">
     <span class='ocr_line' id='line_1_29' title="bbox 3657 270 3776 335; baseline -0.067 0"><span class='ocrx_word' id='word_1_195' title='bbox 3657 270 3776 335; x_wconf 76' lang='lat'><strong>120</strong></span> 
     </span>
    </p>
   </div>
   <div class='ocr_carea' id='block_1_30' title="bbox 2285 383 3773 459">
    <p class='ocr_par' dir='ltr' id='par_1_30' title="bbox 2285 383 3773 459">
     <span class='ocr_line' id='line_1_30' title="bbox 2285 383 3773 459; baseline -0.006 -18"><span class='ocrx_word' id='word_1_196' title='bbox 2285 413 2301 441; x_wconf 80' lang='grc' dir='ltr'><strong>ι</strong></span> <span class='ocrx_word' id='word_1_197' title='bbox 2349 393 2610 459; x_wconf 74' lang='grc' dir='ltr'>καθέδρας</span> <span class='ocrx_word' id='word_1_198' title='bbox 2644 391 2731 443; x_wconf 70' lang='grc' dir='ltr'>τοῦ</span> <span class='ocrx_word' id='word_1_199' title='bbox 2781 390 2908 442; x_wconf 88' lang='grc' dir='ltr'>ίδίου</span> <span class='ocrx_word' id='word_1_200' title='bbox 2945 390 3175 456; x_wconf 75' lang='grc' dir='ltr'>ἑκάστης</span> <span class='ocrx_word' id='word_1_201' title='bbox 3208 387 3385 457; x_wconf 80' lang='grc' dir='ltr'>χώρας</span> <span class='ocrx_word' id='word_1_202' title='bbox 3414 383 3711 437; x_wconf 70' lang='grc' dir='ltr'><strong>ἐπισκόπου</strong></span> <span class='ocrx_word' id='word_1_203' title='bbox 3752 396 3773 411; x_wconf 78' lang='grc' dir='ltr'><strong><em>ο</em></strong></span> 
     </span>
    </p>
   </div>
   <div class='ocr_carea' id='block_1_31' title="bbox 2290 473 3782 549">
    <p class='ocr_par' dir='ltr' id='par_1_31' title="bbox 2290 473 3782 549">
     <span class='ocr_line' id='line_1_31' title="bbox 2290 473 3782 549; baseline -0.007 -18"><span class='ocrx_word' id='word_1_204' title='bbox 2290 500 2305 531; x_wconf 86' lang='grc' dir='ltr'><strong>ι</strong></span> <span class='ocrx_word' id='word_1_205' title='bbox 2352 483 2491 535; x_wconf 83' lang='grc' dir='ltr'>τοῦτ’</span> <span class='ocrx_word' id='word_1_206' title='bbox 2522 482 2665 533; x_wconf 80' lang='grc' dir='ltr'>ἐστιν</span> <span class='ocrx_word' id='word_1_207' title='bbox 2712 483 2759 533; x_wconf 85' lang='grc' dir='ltr'>εἱ</span> <span class='ocrx_word' id='word_1_208' title='bbox 2816 481 2889 549; x_wconf 81' lang='grc' dir='ltr'>μὴ</span> <span class='ocrx_word' id='word_1_209' title='bbox 2934 478 3212 531; x_wconf 78' lang='grc' dir='ltr'>ἀπἀὐτοῦ</span> <span class='ocrx_word' id='word_1_210' title='bbox 3253 477 3343 530; x_wconf 76' lang='grc' dir='ltr'>τοῦ</span> <span class='ocrx_word' id='word_1_211' title='bbox 3390 473 3782 543; x_wconf 83' lang='grc' dir='ltr'><strong>πρωτεύοντος</strong></span> 
     </span>
    </p>
   </div>
   <div class='ocr_carea' id='block_1_32' title="bbox 2290 562 3783 639">
    <p class='ocr_par' dir='ltr' id='par_1_32' title="bbox 2290 562 3783 639">
     <span class='ocr_line' id='line_1_32' title="bbox 2290 562 3783 639; baseline -0.007 -16"><span class='ocrx_word' id='word_1_212' title='bbox 2290 592 2308 623; x_wconf 73' lang='grc' dir='ltr'><strong><em>ο</em></strong></span> <span class='ocrx_word' id='word_1_213' title='bbox 2356 572 2475 623; x_wconf 80' lang='grc' dir='ltr'>κατ’</span> <span class='ocrx_word' id='word_1_214' title='bbox 2504 571 2774 639; x_wconf 80' lang='grc' dir='ltr'>ἐξαίρετον</span> <span class='ocrx_word' id='word_1_215' title='bbox 2824 570 2959 639; x_wconf 78' lang='grc' dir='ltr'>λάὁῃ</span> <span class='ocrx_word' id='word_1_216' title='bbox 2992 569 3110 639; x_wconf 78' lang='grc' dir='ltr'>τὴν,</span> <span class='ocrx_word' id='word_1_217' title='bbox 3138 569 3258 638; x_wconf 78' lang='grc' dir='ltr'>ἥτις</span> <span class='ocrx_word' id='word_1_218' title='bbox 3311 567 3525 632; x_wconf 88' lang='grc' dir='ltr'>λέγεται</span> <span class='ocrx_word' id='word_1_219' title='bbox 3557 562 3783 616; x_wconf 79' lang='grc' dir='ltr'>ἀπολυ-</span> 
     </span>
    </p>
   </div>
   <div class='ocr_carea' id='block_1_33' title="bbox 2289 658 3481 729">
    <p class='ocr_par' dir='ltr' id='par_1_33' title="bbox 2289 658 3481 729">
     <span class='ocr_line' id='line_1_33' title="bbox 2289 658 3481 729; baseline -0.004 -18"><span class='ocrx_word' id='word_1_220' title='bbox 2289 682 2306 711; x_wconf 75' lang='grc' dir='ltr'><strong>ι</strong></span> <span class='ocrx_word' id='word_1_221' title='bbox 2354 662 2497 729; x_wconf 60' lang='lat' dir='ltr'><strong>taxi},</strong></span> <span class='ocrx_word' id='word_1_222' title='bbox 2532 661 2936 729; x_wconf 81' lang='grc' dir='ltr'>τετυπωμένην,</span> <span class='ocrx_word' id='word_1_223' title='bbox 2962 660 3079 729; x_wconf 79' lang='grc' dir='ltr'>ήτοι</span> <span class='ocrx_word' id='word_1_224' title='bbox 3109 658 3428 727; x_wconf 85' lang='grc' dir='ltr'>παράθεσιν.</span> <span class='ocrx_word' id='word_1_225' title='bbox 3464 674 3481 706; x_wconf 75' lang='grc' dir='ltr'><strong>ι</strong></span> 
     </span>
    </p>
   </div>
   <div class='ocr_carea' id='block_1_34' title="bbox 2284 740 3777 823">
    <p class='ocr_par' dir='ltr' id='par_1_34' title="bbox 2284 740 3777 823">
     <span class='ocr_line' id='line_1_34' title="bbox 2284 740 3777 823; baseline -0.007 -20"><span class='ocrx_word' id='word_1_226' title='bbox 2284 752 2475 803; x_wconf 71' lang='grc' dir='ltr'><strong>ΒΔΛΣ.</strong></span> <span class='ocrx_word' id='word_1_227' title='bbox 2528 752 2657 821; x_wconf 68' lang='grc' dir='ltr'>Περὶ</span> <span class='ocrx_word' id='word_1_228' title='bbox 2711 750 2803 802; x_wconf 85' lang='grc' dir='ltr'>τοῦ</span> <span class='ocrx_word' id='word_1_229' title='bbox 2834 750 2963 823; x_wconf 62' lang='grc' dir='ltr'><strong>⁴πῶς</strong></span> <span class='ocrx_word' id='word_1_230' title='bbox 3011 750 3312 817; x_wconf 84' lang='grc' dir='ltr'><strong>ὀφείλουσιν</strong></span> <span class='ocrx_word' id='word_1_231' title='bbox 3362 744 3660 811; x_wconf 73' lang='grc' dir='ltr'><strong>ἀποδημεῖν</strong></span> <span class='ocrx_word' id='word_1_232' title='bbox 3711 740 3777 793; x_wconf 73' lang='grc' dir='ltr'>οε</span> 
     </span>
    </p>
   </div>
   <div class='ocr_carea' id='block_1_35' title="bbox 2213 832 3783 908">
    <p class='ocr_par' dir='ltr' id='par_1_35' title="bbox 2213 832 3783 908">
     <span class='ocr_line' id='line_1_35' title="bbox 2213 832 3783 908; baseline -0.006 -15"><span class='ocrx_word' id='word_1_233' title='bbox 2213 841 2501 893; x_wconf 83' lang='grc' dir='ltr'>ἐπίσκοποι</span> <span class='ocrx_word' id='word_1_234' title='bbox 2551 842 2613 893; x_wconf 79' lang='grc' dir='ltr'><strong>ἐκ</strong></span> <span class='ocrx_word' id='word_1_235' title='bbox 2656 840 2763 892; x_wconf 87' lang='grc' dir='ltr'><strong>τῶν</strong></span> <span class='ocrx_word' id='word_1_236' title='bbox 2808 840 3082 908; x_wconf 85' lang='grc' dir='ltr'>λαχουσῶν</span> <span class='ocrx_word' id='word_1_237' title='bbox 3117 839 3311 899; x_wconf 75' lang='grc' dir='ltr'>αὐτοὺς</span> <span class='ocrx_word' id='word_1_238' title='bbox 3345 834 3649 903; x_wconf 77' lang='grc' dir='ltr'>ἐκκλησιῶν</span> <span class='ocrx_word' id='word_1_239' title='bbox 3686 832 3783 884; x_wconf 75' lang='grc' dir='ltr'><strong>ετ-</strong></span> 
     </span>
    </p>
   </div>
   <div class='ocr_carea' id='block_1_36' title="bbox 2217 924 3781 1001">
    <p class='ocr_par' dir='ltr' id='par_1_36' title="bbox 2217 924 3781 1001">
     <span class='ocr_line' id='line_1_36' title="bbox 2217 924 3781 1001; baseline -0.008 -16"><span class='ocrx_word' id='word_1_240' title='bbox 2217 950 2376 1001; x_wconf 90' lang='grc' dir='ltr'>ρηται</span> <span class='ocrx_word' id='word_1_241' title='bbox 2408 936 2464 984; x_wconf 88' lang='grc' dir='ltr'><strong>ἐν</strong></span> <span class='ocrx_word' id='word_1_242' title='bbox 2499 930 2572 1000; x_wconf 86' lang='grc' dir='ltr'>τῷ</span> <span class='ocrx_word' id='word_1_243' title='bbox 2626 930 2707 992; x_wconf 86' lang='grc' dir='ltr'>ιδ’,</span> <span class='ocrx_word' id='word_1_244' title='bbox 2744 938 2801 981; x_wconf 87' lang='grc' dir='ltr'>ιε’</span> <span class='ocrx_word' id='word_1_245' title='bbox 2836 931 2927 981; x_wconf 78' lang='grc' dir='ltr'>καὶ</span> <span class='ocrx_word' id='word_1_246' title='bbox 2959 929 3037 995; x_wconf 62' lang='grc' dir='ltr'><strong>λγ</strong></span> <span class='ocrx_word' id='word_1_247' title='bbox 3068 925 3401 994; x_wconf 83' lang='grc' dir='ltr'>ἀποστολικῷ</span> <span class='ocrx_word' id='word_1_248' title='bbox 3448 924 3654 984; x_wconf 86' lang='grc' dir='ltr'>κανόνι,</span> <span class='ocrx_word' id='word_1_249' title='bbox 3704 924 3781 974; x_wconf 85' lang='grc' dir='ltr'><strong>ἐν</strong></span> 
     </span>
    </p>
   </div>
   <div class='ocr_carea' id='block_1_37' title="bbox 2214 1011 3781 1089">
    <p class='ocr_par' dir='ltr' id='par_1_37' title="bbox 2214 1011 3781 1089">
     <span class='ocr_line' id='line_1_37' title="bbox 2214 1011 3781 1089; baseline -0.006 -16"><span class='ocrx_word' id='word_1_250' title='bbox 2214 1022 2279 1085; x_wconf 75' lang='grc' dir='ltr'><strong>ζ’,</strong></span> <span class='ocrx_word' id='word_1_251' title='bbox 2316 1029 2364 1089; x_wconf 89' lang='grc' dir='ltr'>η’</span> <span class='ocrx_word' id='word_1_252' title='bbox 2397 1021 2491 1072; x_wconf 75' lang='grc' dir='ltr'>καὶ</span> <span class='ocrx_word' id='word_1_253' title='bbox 2521 1018 2588 1072; x_wconf 84' lang='grc' dir='ltr'>ια’</span> <span class='ocrx_word' id='word_1_254' title='bbox 2616 1018 2711 1086; x_wconf 78' lang='grc' dir='ltr'>τῆς</span> <span class='ocrx_word' id='word_1_255' title='bbox 2741 1022 2798 1070; x_wconf 90' lang='grc' dir='ltr'><strong>ἐν</strong></span> <span class='ocrx_word' id='word_1_256' title='bbox 2841 1017 3153 1086; x_wconf 76' lang='grc' dir='ltr'>Ἀντιοχείᾳ,</span> <span class='ocrx_word' id='word_1_257' title='bbox 3187 1018 3241 1068; x_wconf 91' lang='grc' dir='ltr'><strong>ἐν</strong></span> <span class='ocrx_word' id='word_1_258' title='bbox 3279 1020 3368 1085; x_wconf 85' lang='grc' dir='ltr'>μα’</span> <span class='ocrx_word' id='word_1_259' title='bbox 3418 1013 3511 1066; x_wconf 75' lang='grc' dir='ltr'>καὶ</span> <span class='ocrx_word' id='word_1_260' title='bbox 3542 1013 3628 1082; x_wconf 84' lang='grc' dir='ltr'><strong>μβ¹</strong></span> <span class='ocrx_word' id='word_1_261' title='bbox 3661 1011 3781 1079; x_wconf 74' lang='grc' dir='ltr'>τῆς</span> 
     </span>
    </p>
   </div>
   <div class='ocr_carea' id='block_1_38' title="bbox 2212 1102 3780 1182">
    <p class='ocr_par' dir='ltr' id='par_1_38' title="bbox 2212 1102 3780 1182">
     <span class='ocr_line' id='line_1_38' title="bbox 2212 1102 3780 1182; baseline -0.005 -19"><span class='ocrx_word' id='word_1_262' title='bbox 2212 1114 2268 1164; x_wconf 87' lang='grc' dir='ltr'><strong>ἐν</strong></span> <span class='ocrx_word' id='word_1_263' title='bbox 2298 1112 2602 1182; x_wconf 79' lang='grc' dir='ltr'>Λαοδικείᾳ,</span> <span class='ocrx_word' id='word_1_264' title='bbox 2638 1113 2727 1164; x_wconf 70' lang='grc' dir='ltr'><strong>καὶ</strong></span> <span class='ocrx_word' id='word_1_265' title='bbox 2757 1114 2813 1163; x_wconf 92' lang='grc' dir='ltr'><strong>ἐν</strong></span> <span class='ocrx_word' id='word_1_266' title='bbox 2846 1110 2911 1177; x_wconf 88' lang='grc' dir='ltr'>ιγ’</span> <span class='ocrx_word' id='word_1_267' title='bbox 2940 1111 3037 1180; x_wconf 81' lang='grc' dir='ltr'>τῆς</span> <span class='ocrx_word' id='word_1_268' title='bbox 3065 1112 3122 1161; x_wconf 87' lang='grc' dir='ltr'><strong>ἐν</strong></span> <span class='ocrx_word' id='word_1_269' title='bbox 3151 1108 3465 1176; x_wconf 75' lang='grc' dir='ltr'><strong>Χαλκηδόνι·</strong></span> <span class='ocrx_word' id='word_1_270' title='bbox 3502 1108 3558 1157; x_wconf 89' lang='grc' dir='ltr'><strong>ἐν</strong></span> <span class='ocrx_word' id='word_1_271' title='bbox 3588 1103 3650 1166; x_wconf 89' lang='grc' dir='ltr'>ε’,</span> <span class='ocrx_word' id='word_1_272' title='bbox 3685 1102 3780 1168; x_wconf 79' lang='grc' dir='ltr'>ις’</span> 
     </span>
    </p>
   </div>
   <div class='ocr_carea' id='block_1_39' title="bbox 2212 1197 3783 1270">
    <p class='ocr_par' dir='ltr' id='par_1_39' title="bbox 2212 1197 3783 1270">
     <span class='ocr_line' id='line_1_39' title="bbox 2212 1197 3783 1270; baseline -0.004 -16"><span class='ocrx_word' id='word_1_273' title='bbox 2212 1202 2305 1254; x_wconf 74' lang='grc' dir='ltr'>καὶ</span> <span class='ocrx_word' id='word_1_274' title='bbox 2342 1202 2403 1265; x_wconf 78' lang='grc' dir='ltr'><strong>ιζ’</strong></span> <span class='ocrx_word' id='word_1_275' title='bbox 2429 1202 2525 1270; x_wconf 81' lang='grc' dir='ltr'>τῆς</span> <span class='ocrx_word' id='word_1_276' title='bbox 2557 1204 2613 1254; x_wconf 89' lang='grc' dir='ltr'><strong>ἐν</strong></span> <span class='ocrx_word' id='word_1_277' title='bbox 2642 1201 2875 1269; x_wconf 78' lang='grc' dir='ltr'>Σαρδικῇ</span> <span class='ocrx_word' id='word_1_278' title='bbox 2895 1238 2909 1262; x_wconf 95' lang='grc'><strong>,</strong></span> <span class='ocrx_word' id='word_1_279' title='bbox 2953 1201 3048 1252; x_wconf 84' lang='grc' dir='ltr'>καὶ</span> <span class='ocrx_word' id='word_1_280' title='bbox 3079 1198 3307 1268; x_wconf 83' lang='grc' dir='ltr'>ἀρκοῦσι</span> <span class='ocrx_word' id='word_1_281' title='bbox 3346 1199 3410 1249; x_wconf 77' lang='grc' dir='ltr'><strong>τὰ</strong></span> <span class='ocrx_word' id='word_1_282' title='bbox 3444 1200 3501 1249; x_wconf 87' lang='grc' dir='ltr'><strong>ἐν</strong></span> <span class='ocrx_word' id='word_1_283' title='bbox 3532 1197 3783 1257; x_wconf 76' lang='grc' dir='ltr'>ἐκείνοις</span> 
     </span>
    </p>
   </div>
   <div class='ocr_carea' id='block_1_40' title="bbox 2212 1286 3779 1361">
    <p class='ocr_par' dir='ltr' id='par_1_40' title="bbox 2212 1286 3779 1361">
     <span class='ocr_line' id='line_1_40' title="bbox 2212 1286 3779 1361; baseline -0.007 -15"><span class='ocrx_word' id='word_1_284' title='bbox 2212 1294 2506 1361; x_wconf 71' lang='grc' dir='ltr'>γραφέντα.</span> <span class='ocrx_word' id='word_1_285' title='bbox 2550 1293 2786 1345; x_wconf 81' lang='grc' dir='ltr'>Ἀκούων</span> <span class='ocrx_word' id='word_1_286' title='bbox 2839 1292 2895 1343; x_wconf 82' lang='grc' dir='ltr'>δὲ</span> <span class='ocrx_word' id='word_1_287' title='bbox 2943 1290 3033 1343; x_wconf 71' lang='grc' dir='ltr'>τοῦ</span> <span class='ocrx_word' id='word_1_288' title='bbox 3084 1290 3304 1350; x_wconf 89' lang='grc' dir='ltr'>κανόνος</span> <span class='ocrx_word' id='word_1_289' title='bbox 3336 1288 3581 1355; x_wconf 85' lang='grc' dir='ltr'>λέγοντος</span> <span class='ocrx_word' id='word_1_290' title='bbox 3622 1286 3779 1354; x_wconf 72' lang='grc' dir='ltr'>μετὰ</span> 
     </span>
    </p>
   </div>
   <div class='ocr_carea' id='block_1_41' title="bbox 2213 1376 3777 1452">
    <p class='ocr_par' dir='ltr' id='par_1_41' title="bbox 2213 1376 3777 1452">
     <span class='ocr_line' id='line_1_41' title="bbox 2213 1376 3777 1452; baseline -0.004 -18"><span class='ocrx_word' id='word_1_291' title='bbox 2213 1382 2557 1451; x_wconf 69' lang='grc' dir='ltr'><strong>ψηφίσματος</strong></span> <span class='ocrx_word' id='word_1_292' title='bbox 2590 1384 2708 1452; x_wconf 85' lang='grc' dir='ltr'>ήτοι</span> <span class='ocrx_word' id='word_1_293' title='bbox 2739 1380 3075 1447; x_wconf 73' lang='grc' dir='ltr'><strong>διαγνώσεως</strong></span> <span class='ocrx_word' id='word_1_294' title='bbox 3104 1381 3194 1433; x_wconf 87' lang='grc' dir='ltr'>τοῦ</span> <span class='ocrx_word' id='word_1_295' title='bbox 3238 1380 3471 1447; x_wconf 81' lang='grc' dir='ltr'>πρώτου,</span> <span class='ocrx_word' id='word_1_296' title='bbox 3521 1376 3777 1447; x_wconf 77' lang='grc' dir='ltr'>δηλονότι</span> 
     </span>
    </p>
   </div>
   <div class='ocr_carea' id='block_1_42' title="bbox 2211 1461 3780 1544">
    <p class='ocr_par' dir='ltr' id='par_1_42' title="bbox 2211 1461 3780 1544">
     <span class='ocr_line' id='line_1_42' title="bbox 2211 1461 3780 1544; baseline -0.006 -18"><span class='ocrx_word' id='word_1_297' title='bbox 2211 1473 2305 1526; x_wconf 82' lang='grc' dir='ltr'><strong>τοῦ</strong></span> <span class='ocrx_word' id='word_1_298' title='bbox 2358 1474 2774 1544; x_wconf 75' lang='grc' dir='ltr'>μητροπολίτου,</span> <span class='ocrx_word' id='word_1_299' title='bbox 2805 1474 3045 1542; x_wconf 76' lang='grc' dir='ltr'>ὀφείλειν</span> <span class='ocrx_word' id='word_1_300' title='bbox 3074 1470 3370 1539; x_wconf 74' lang='grc' dir='ltr'>ἀποδημεῖν</span> <span class='ocrx_word' id='word_1_301' title='bbox 3417 1461 3506 1520; x_wconf 53' lang='lat' dir='ltr'><strong>tbi;</strong></span> <span class='ocrx_word' id='word_1_302' title='bbox 3540 1468 3780 1519; x_wconf 82' lang='grc' dir='ltr'>ἐπίσκο-</span> 
     </span>
    </p>
   </div>
   <div class='ocr_carea' id='block_1_43' title="bbox 2212 1554 3777 1639">
    <p class='ocr_par' dir='ltr' id='par_1_43' title="bbox 2212 1554 3777 1639">
     <span class='ocr_line' id='line_1_43' title="bbox 2212 1554 3777 1639; baseline -0.007 -23"><span class='ocrx_word' id='word_1_303' title='bbox 2212 1581 2331 1627; x_wconf 89' lang='grc' dir='ltr'>πον,</span> <span class='ocrx_word' id='word_1_304' title='bbox 2368 1564 2440 1633; x_wconf 80' lang='grc' dir='ltr'><strong>μή</strong></span> <span class='ocrx_word' id='word_1_305' title='bbox 2469 1565 2625 1633; x_wconf 80' lang='grc' dir='ltr'>είπῃς</span> <span class='ocrx_word' id='word_1_306' title='bbox 2656 1564 2846 1631; x_wconf 78' lang='grc' dir='ltr'>ἀρκεῖν</span> <span class='ocrx_word' id='word_1_307' title='bbox 2879 1563 2975 1631; x_wconf 83' lang='grc' dir='ltr'>τὴν</span> <span class='ocrx_word' id='word_1_308' title='bbox 3001 1561 3291 1628; x_wconf 85' lang='grc' dir='ltr'>διάγνωσιν</span> <span class='ocrx_word' id='word_1_309' title='bbox 3320 1558 3509 1639; x_wconf 74' lang='grc' dir='ltr'>τούτου</span> <span class='ocrx_word' id='word_1_310' title='bbox 3535 1554 3631 1608; x_wconf 72' lang='grc' dir='ltr'>καὶ</span> <span class='ocrx_word' id='word_1_311' title='bbox 3662 1555 3777 1621; x_wconf 89' lang='grc' dir='ltr'>μό-</span> 
     </span>
    </p>
   </div>
   <div class='ocr_carea' id='block_1_44' title="bbox 2212 1644 3773 1721">
    <p class='ocr_par' dir='ltr' id='par_1_44' title="bbox 2212 1644 3773 1721">
     <span class='ocr_line' id='line_1_44' title="bbox 2212 1644 3773 1721; baseline -0.008 -15"><span class='ocrx_word' id='word_1_312' title='bbox 2212 1672 2327 1717; x_wconf 88' lang='grc' dir='ltr'>νου,</span> <span class='ocrx_word' id='word_1_313' title='bbox 2350 1655 2464 1708; x_wconf 85' lang='grc' dir='ltr'>ἀλλ’</span> <span class='ocrx_word' id='word_1_314' title='bbox 2477 1654 2779 1721; x_wconf 86' lang='grc' dir='ltr'>ἀναγκαίαν</span> <span class='ocrx_word' id='word_1_315' title='bbox 2809 1657 2908 1721; x_wconf 84' lang='grc' dir='ltr'>μὲν</span> <span class='ocrx_word' id='word_1_316' title='bbox 2940 1652 3075 1705; x_wconf 72' lang='grc' dir='ltr'>εἶναι</span> <span class='ocrx_word' id='word_1_317' title='bbox 3112 1654 3210 1719; x_wconf 76' lang='grc' dir='ltr'>τὴν</span> <span class='ocrx_word' id='word_1_318' title='bbox 3244 1651 3468 1717; x_wconf 78' lang='grc' dir='ltr'>γνώμην</span> <span class='ocrx_word' id='word_1_319' title='bbox 3498 1648 3578 1708; x_wconf 86' lang='grc' dir='ltr'><strong>είς</strong></span> <span class='ocrx_word' id='word_1_320' title='bbox 3602 1644 3773 1696; x_wconf 84' lang='grc' dir='ltr'>τοῦτο</span> 
     </span>
    </p>
   </div>
   <div class='ocr_carea' id='block_1_45' title="bbox 2211 1736 3770 1813">
    <p class='ocr_par' dir='ltr' id='par_1_45' title="bbox 2211 1736 3770 1813">
     <span class='ocr_line' id='line_1_45' title="bbox 2211 1736 3770 1813; baseline -0.007 -15"><span class='ocrx_word' id='word_1_321' title='bbox 2211 1746 2303 1798; x_wconf 74' lang='grc' dir='ltr'>καὶ</span> <span class='ocrx_word' id='word_1_322' title='bbox 2356 1747 2532 1813; x_wconf 81' lang='grc' dir='ltr'>πάσης</span> <span class='ocrx_word' id='word_1_323' title='bbox 2585 1744 2680 1811; x_wconf 85' lang='grc' dir='ltr'>τῆς</span> <span class='ocrx_word' id='word_1_324' title='bbox 2735 1744 2857 1795; x_wconf 88' lang='grc' dir='ltr'>κατ’</span> <span class='ocrx_word' id='word_1_325' title='bbox 2887 1742 3044 1795; x_wconf 76' lang='grc' dir='ltr'>αὐτὸν</span> <span class='ocrx_word' id='word_1_326' title='bbox 3093 1741 3334 1801; x_wconf 85' lang='grc' dir='ltr'>συνόδου,</span> <span class='ocrx_word' id='word_1_327' title='bbox 3386 1736 3525 1789; x_wconf 85' lang='grc' dir='ltr'><strong>κατά</strong></span> <span class='ocrx_word' id='word_1_328' title='bbox 3557 1736 3644 1786; x_wconf 79' lang='grc' dir='ltr'>τὸν</span> <span class='ocrx_word' id='word_1_329' title='bbox 3687 1737 3770 1787; x_wconf 82' lang='grc' dir='ltr'>ια’</span> 
     </span>
    </p>
   </div>
   <div class='ocr_carea' id='block_1_46' title="bbox 2210 1824 3771 1903">
    <p class='ocr_par' dir='ltr' id='par_1_46' title="bbox 2210 1824 3771 1903">
     <span class='ocr_line' id='line_1_46' title="bbox 2210 1824 3771 1903; baseline -0.005 -18"><span class='ocrx_word' id='word_1_330' title='bbox 2210 1836 2407 1887; x_wconf 92' lang='grc' dir='ltr'>κανόνα</span> <span class='ocrx_word' id='word_1_331' title='bbox 2449 1836 2543 1903; x_wconf 81' lang='grc' dir='ltr'>τῆς</span> <span class='ocrx_word' id='word_1_332' title='bbox 2596 1835 2654 1884; x_wconf 88' lang='grc' dir='ltr'><strong>ἐν</strong></span> <span class='ocrx_word' id='word_1_333' title='bbox 2692 1832 2989 1900; x_wconf 78' lang='grc' dir='ltr'>Ἀντιοχείᾳ</span> <span class='ocrx_word' id='word_1_334' title='bbox 3036 1829 3276 1881; x_wconf 85' lang='grc' dir='ltr'>συνόδου.</span> <span class='ocrx_word' id='word_1_335' title='bbox 3322 1828 3419 1879; x_wconf 78' lang='grc' dir='ltr'>Διά</span> <span class='ocrx_word' id='word_1_336' title='bbox 3467 1825 3583 1895; x_wconf 79' lang='grc' dir='ltr'>γὰρ</span> <span class='ocrx_word' id='word_1_337' title='bbox 3600 1824 3771 1878; x_wconf 83' lang='grc' dir='ltr'>τοῦτο</span> 
     </span>
    </p>
   </div>
   <div class='ocr_carea' id='block_1_47' title="bbox 2209 1911 3773 1990">
    <p class='ocr_par' dir='ltr' id='par_1_47' title="bbox 2209 1911 3773 1990">
     <span class='ocr_line' id='line_1_47' title="bbox 2209 1911 3773 1990; baseline -0.005 -16"><span class='ocrx_word' id='word_1_338' title='bbox 2209 1924 2526 1987; x_wconf 82' lang='grc' dir='ltr'>πρόσκειται</span> <span class='ocrx_word' id='word_1_339' title='bbox 2574 1922 2652 1990; x_wconf 86' lang='grc' dir='ltr'>τῷ</span> <span class='ocrx_word' id='word_1_340' title='bbox 2692 1921 2871 1973; x_wconf 77' lang='grc' dir='ltr'>κανόνι</span> <span class='ocrx_word' id='word_1_341' title='bbox 2903 1920 2961 1971; x_wconf 89' lang='grc' dir='ltr'>τὸ</span> <span class='ocrx_word' id='word_1_342' title='bbox 2989 1918 3293 1985; x_wconf 75' lang='grc' dir='ltr'><strong>ἀναγκαίαν</strong></span> <span class='ocrx_word' id='word_1_343' title='bbox 3343 1917 3439 1985; x_wconf 81' lang='grc' dir='ltr'><strong>μέν</strong></span> <span class='ocrx_word' id='word_1_344' title='bbox 3469 1911 3607 1967; x_wconf 75' lang='grc' dir='ltr'>εἶναι</span> <span class='ocrx_word' id='word_1_345' title='bbox 3666 1915 3773 1966; x_wconf 69' lang='grc' dir='ltr'>καὶ</span> 
     </span>
    </p>
   </div>
   <div class='ocr_carea' id='block_1_48' title="bbox 2207 2006 3769 2082">
    <p class='ocr_par' dir='ltr' id='par_1_48' title="bbox 2207 2006 3769 2082">
     <span class='ocr_line' id='line_1_48' title="bbox 2207 2006 3769 2082; baseline -0.006 -17"><span class='ocrx_word' id='word_1_346' title='bbox 2207 2014 2303 2082; x_wconf 80' lang='grc' dir='ltr'>τὴν</span> <span class='ocrx_word' id='word_1_347' title='bbox 2335 2012 2439 2065; x_wconf 85' lang='grc' dir='ltr'><strong>τῶν</strong></span> <span class='ocrx_word' id='word_1_348' title='bbox 2472 2012 2670 2064; x_wconf 82' lang='grc' dir='ltr'>λοιπῶν</span> <span class='ocrx_word' id='word_1_349' title='bbox 2697 2012 3011 2065; x_wconf 85' lang='grc' dir='ltr'>ἐπισκόπων</span> <span class='ocrx_word' id='word_1_350' title='bbox 3064 2010 3242 2078; x_wconf 76' lang='grc' dir='ltr'>ψῆφον</span> <span class='ocrx_word' id='word_1_351' title='bbox 3268 2026 3282 2040; x_wconf 90' lang='grc'><strong>·</strong></span> <span class='ocrx_word' id='word_1_352' title='bbox 3330 2008 3449 2061; x_wconf 81' lang='grc' dir='ltr'>κατ’</span> <span class='ocrx_word' id='word_1_353' title='bbox 3482 2006 3769 2073; x_wconf 79' lang='grc' dir='ltr'>ἐξαίρετον</span> 
     </span>
    </p>
   </div>
   <div class='ocr_carea' id='block_1_49' title="bbox 2205 2097 3765 2172">
    <p class='ocr_par' dir='ltr' id='par_1_49' title="bbox 2205 2097 3765 2172">
     <span class='ocr_line' id='line_1_49' title="bbox 2205 2097 3765 2172; baseline -0.004 -16"><span class='ocrx_word' id='word_1_354' title='bbox 2205 2105 2260 2156; x_wconf 82' lang='grc' dir='ltr'>δὲ</span> <span class='ocrx_word' id='word_1_355' title='bbox 2286 2104 2377 2156; x_wconf 82' lang='grc' dir='ltr'><strong>τοῦ</strong></span> <span class='ocrx_word' id='word_1_356' title='bbox 2407 2101 2797 2172; x_wconf 84' lang='grc' dir='ltr'>πρωτεύοντος.</span> <span class='ocrx_word' id='word_1_357' title='bbox 2832 2102 3201 2170; x_wconf 85' lang='grc' dir='ltr'>Τετυπωμένη</span> <span class='ocrx_word' id='word_1_358' title='bbox 3234 2101 3291 2154; x_wconf 83' lang='grc' dir='ltr'>δὲ</span> <span class='ocrx_word' id='word_1_359' title='bbox 3327 2099 3528 2169; x_wconf 77' lang='grc' dir='ltr'>ἐκλήθη</span> <span class='ocrx_word' id='word_1_360' title='bbox 3560 2099 3590 2168; x_wconf 85' lang='grc' dir='ltr'><strong>ή</strong></span> <span class='ocrx_word' id='word_1_361' title='bbox 3619 2097 3765 2149; x_wconf 78' lang='grc' dir='ltr'>ἀπο·-</span> 
     </span>
    </p>
   </div>
   <div class='ocr_carea' id='block_1_50' title="bbox 2206 2187 3766 2263">
    <p class='ocr_par' dir='ltr' id='par_1_50' title="bbox 2206 2187 3766 2263">
     <span class='ocr_line' id='line_1_50' title="bbox 2206 2187 3766 2263; baseline -0.004 -19"><span class='ocrx_word' id='word_1_362' title='bbox 2206 2193 2398 2263; x_wconf 79' lang='grc' dir='ltr'>λυτικὴ</span> <span class='ocrx_word' id='word_1_363' title='bbox 2440 2192 2703 2261; x_wconf 72' lang='grc' dir='ltr'>ἐπιστολὴ</span> <span class='ocrx_word' id='word_1_364' title='bbox 2739 2192 2770 2261; x_wconf 77' lang='grc' dir='ltr'>ἢ</span> <span class='ocrx_word' id='word_1_365' title='bbox 2820 2192 2893 2254; x_wconf 92' lang='grc' dir='ltr'><strong>ώς</strong></span> <span class='ocrx_word' id='word_1_366' title='bbox 2927 2191 3277 2243; x_wconf 83' lang='grc' dir='ltr'>ὐποτυποῦσα</span> <span class='ocrx_word' id='word_1_367' title='bbox 3322 2189 3420 2258; x_wconf 80' lang='grc' dir='ltr'>τὴν</span> <span class='ocrx_word' id='word_1_368' title='bbox 3456 2187 3766 2254; x_wconf 72' lang='grc' dir='ltr'>ἀναγκαίαν</span> 
     </span>
    </p>
   </div>
   <div class='ocr_carea' id='block_1_51' title="bbox 2206 2277 3764 2351">
    <p class='ocr_par' dir='ltr' id='par_1_51' title="bbox 2206 2277 3764 2351">
     <span class='ocr_line' id='line_1_51' title="bbox 2206 2277 3764 2351; baseline -0.004 -16"><span class='ocrx_word' id='word_1_369' title='bbox 2206 2284 2385 2336; x_wconf 81' lang='grc' dir='ltr'>αἰτίαν</span> <span class='ocrx_word' id='word_1_370' title='bbox 2410 2284 2505 2351; x_wconf 81' lang='grc' dir='ltr'>τῆς</span> <span class='ocrx_word' id='word_1_371' title='bbox 2536 2283 2843 2351; x_wconf 85' lang='grc' dir='ltr'>ἀποδημίας</span> <span class='ocrx_word' id='word_1_372' title='bbox 2869 2282 2959 2333; x_wconf 79' lang='grc' dir='ltr'>τοῦ</span> <span class='ocrx_word' id='word_1_373' title='bbox 2989 2280 3357 2348; x_wconf 76' lang='grc' dir='ltr'>ἐπισκόπου,·ἢ</span> <span class='ocrx_word' id='word_1_374' title='bbox 3376 2279 3451 2340; x_wconf 87' lang='grc' dir='ltr'><strong>ὡς</strong></span> <span class='ocrx_word' id='word_1_375' title='bbox 3471 2277 3764 2345; x_wconf 80' lang='grc' dir='ltr'>ὀφείλουσα</span> 
     </span>
    </p>
   </div>
   <div class='ocr_carea' id='block_1_52' title="bbox 2206 2368 3763 2443">
    <p class='ocr_par' dir='ltr' id='par_1_52' title="bbox 2206 2368 3763 2443">
     <span class='ocr_line' id='line_1_52' title="bbox 2206 2368 3763 2443; baseline -0.004 -19"><span class='ocrx_word' id='word_1_376' title='bbox 2206 2375 2351 2442; x_wconf 73' lang='grc' dir='ltr'>ἔχειν</span> <span class='ocrx_word' id='word_1_377' title='bbox 2402 2374 2673 2443; x_wconf 86' lang='grc' dir='ltr'>σημασίαν</span> <span class='ocrx_word' id='word_1_378' title='bbox 2719 2375 2816 2426; x_wconf 77' lang='grc' dir='ltr'>καὶ</span> <span class='ocrx_word' id='word_1_379' title='bbox 2862 2371 3184 2441; x_wconf 79' lang='grc' dir='ltr'>ὑπογραφὴν</span> <span class='ocrx_word' id='word_1_380' title='bbox 3237 2370 3329 2421; x_wconf 86' lang='grc' dir='ltr'>τοῦ</span> <span class='ocrx_word' id='word_1_381' title='bbox 3384 2368 3763 2438; x_wconf 78' lang='grc' dir='ltr'>πρωτεύοντος</span> 
     </span>
    </p>
   </div>
   <div class='ocr_carea' id='block_1_53' title="bbox 2205 2457 3758 2533">
    <p class='ocr_par' dir='ltr' id='par_1_53' title="bbox 2205 2457 3758 2533">
     <span class='ocr_line' id='line_1_53' title="bbox 2205 2457 3758 2533; baseline -0.006 -16"><span class='ocrx_word' id='word_1_382' title='bbox 2205 2465 2301 2533; x_wconf 80' lang='grc' dir='ltr'>τῆς</span> <span class='ocrx_word' id='word_1_383' title='bbox 2329 2463 2566 2515; x_wconf 85' lang='grc' dir='ltr'>συνόδου.</span> <span class='ocrx_word' id='word_1_384' title='bbox 2612 2464 2673 2514; x_wconf 85' lang='grc' dir='ltr'><strong><em>Ἠ</em></strong></span> <span class='ocrx_word' id='word_1_385' title='bbox 2702 2464 2839 2531; x_wconf 76' lang='grc' dir='ltr'>αὑτὴ</span> <span class='ocrx_word' id='word_1_386' title='bbox 2872 2462 2927 2516; x_wconf 83' lang='grc' dir='ltr'>δὲ</span> <span class='ocrx_word' id='word_1_387' title='bbox 2960 2460 3249 2529; x_wconf 83' lang='grc' dir='ltr'>ὠνομάσθη</span> <span class='ocrx_word' id='word_1_388' title='bbox 3280 2460 3375 2512; x_wconf 79' lang='grc' dir='ltr'>καὶ</span> <span class='ocrx_word' id='word_1_389' title='bbox 3431 2457 3758 2525; x_wconf 78' lang='grc' dir='ltr'>παράθεσις,</span> 
     </span>
    </p>
   </div>
   <div class='ocr_carea' id='block_1_54' title="bbox 2204 2550 3758 2624">
    <p class='ocr_par' dir='ltr' id='par_1_54' title="bbox 2204 2550 3758 2624">
     <span class='ocr_line' id='line_1_54' title="bbox 2204 2550 3758 2624; baseline -0.005 -18"><span class='ocrx_word' id='word_1_390' title='bbox 2204 2555 2277 2616; x_wconf 86' lang='grc' dir='ltr'>ὡς</span> <span class='ocrx_word' id='word_1_391' title='bbox 2311 2552 2666 2624; x_wconf 84' lang='grc' dir='ltr'>παρατιθεῖσα</span> <span class='ocrx_word' id='word_1_392' title='bbox 2713 2554 2805 2605; x_wconf 80' lang='grc' dir='ltr'>τὸν</span> <span class='ocrx_word' id='word_1_393' title='bbox 2836 2552 3262 2619; x_wconf 84' lang='grc' dir='ltr'>ἀποδημήσαντα</span> <span class='ocrx_word' id='word_1_394' title='bbox 3306 2551 3600 2602; x_wconf 87' lang='grc' dir='ltr'>ἐπίσκοπον</span> <span class='ocrx_word' id='word_1_395' title='bbox 3642 2550 3758 2609; x_wconf 85' lang='grc' dir='ltr'>τοῖς</span> 
     </span>
    </p>
   </div>
   <div class='ocr_carea' id='block_1_55' title="bbox 2205 2635 3758 2711">
    <p class='ocr_par' dir='ltr' id='par_1_55' title="bbox 2205 2635 3758 2711">
     <span class='ocr_line' id='line_1_55' title="bbox 2205 2635 3758 2711; baseline -0.004 -16"><span class='ocrx_word' id='word_1_396' title='bbox 2205 2642 2339 2711; x_wconf 81' lang='grc' dir='ltr'>πρὸς</span> <span class='ocrx_word' id='word_1_397' title='bbox 2367 2643 2459 2704; x_wconf 80' lang='grc' dir='ltr'>οὓς</span> <span class='ocrx_word' id='word_1_398' title='bbox 2488 2642 2723 2706; x_wconf 77' lang='grc' dir='ltr'>ἄπεισιν,</span> <span class='ocrx_word' id='word_1_399' title='bbox 2746 2642 2910 2711; x_wconf 82' lang='grc' dir='ltr'>ήγουν</span> <span class='ocrx_word' id='word_1_400' title='bbox 2933 2639 3271 2710; x_wconf 80' lang='grc' dir='ltr'>γνωρίζουσα</span> <span class='ocrx_word' id='word_1_401' title='bbox 3299 2639 3368 2692; x_wconf 88' lang='grc' dir='ltr'><strong>τά</strong></span> <span class='ocrx_word' id='word_1_402' title='bbox 3393 2640 3534 2691; x_wconf 88' lang='grc' dir='ltr'><strong>κατά</strong></span> <span class='ocrx_word' id='word_1_403' title='bbox 3565 2635 3758 2690; x_wconf 82' lang='grc' dir='ltr'>τοῦτον</span> 
     </span>
    </p>
   </div>
   <div class='ocr_carea' id='block_1_56' title="bbox 2204 2734 2659 2803">
    <p class='ocr_par' dir='ltr' id='par_1_56' title="bbox 2204 2734 2659 2803">
     <span class='ocr_line' id='line_1_56' title="bbox 2204 2734 2659 2803; baseline -0.002 -15"><span class='ocrx_word' id='word_1_404' title='bbox 2204 2734 2298 2789; x_wconf 77' lang='grc' dir='ltr'>καὶ</span> <span class='ocrx_word' id='word_1_405' title='bbox 2322 2734 2659 2803; x_wconf 78' lang='grc' dir='ltr'>παριστῶσα.</span> 
     </span>
    </p>
   </div>
   <div class='ocr_carea' id='block_1_57' title="bbox 2274 2817 3758 2889">
    <p class='ocr_par' dir='ltr' id='par_1_57' title="bbox 2274 2817 3758 2889">
     <span class='ocr_line' id='line_1_57' title="bbox 2274 2817 3758 2889; baseline -0.004 -12"><span class='ocrx_word' id='word_1_406' title='bbox 2274 2826 2511 2880; x_wconf 81' lang='grc' dir='ltr'><strong>ΖΩΝΔΡ.</strong></span> <span class='ocrx_word' id='word_1_407' title='bbox 2545 2826 2680 2886; x_wconf 81' lang='grc' dir='ltr'>Τοὺς</span> <span class='ocrx_word' id='word_1_408' title='bbox 2725 2828 3051 2886; x_wconf 80' lang='grc' dir='ltr'>ἐπισκόπους</span> <span class='ocrx_word' id='word_1_409' title='bbox 3101 2826 3190 2876; x_wconf 71' lang='grc' dir='ltr'>καὶ</span> <span class='ocrx_word' id='word_1_410' title='bbox 3235 2822 3359 2884; x_wconf 81' lang='grc' dir='ltr'>τοὺς</span> <span class='ocrx_word' id='word_1_411' title='bbox 3404 2817 3758 2889; x_wconf 84' lang='grc' dir='ltr'>προεστῶτας</span> 
     </span>
    </p>
   </div>
   <div class='ocr_carea' id='block_1_58' title="bbox 2203 2911 3756 2985">
    <p class='ocr_par' dir='ltr' id='par_1_58' title="bbox 2203 2911 3756 2985">
     <span class='ocr_line' id='line_1_58' title="bbox 2203 2911 3756 2985; baseline -0.003 -17"><span class='ocrx_word' id='word_1_412' title='bbox 2203 2917 2419 2985; x_wconf 78' lang='grc' dir='ltr'>λογικοῦ</span> <span class='ocrx_word' id='word_1_413' title='bbox 2452 2918 2704 2984; x_wconf 85' lang='grc' dir='ltr'>ποιμνίου</span> <span class='ocrx_word' id='word_1_414' title='bbox 2737 2920 2943 2979; x_wconf 76' lang='grc' dir='ltr'>πάντας</span> <span class='ocrx_word' id='word_1_415' title='bbox 2971 2916 3175 2981; x_wconf 81' lang='grc' dir='ltr'>ἁπλῶς,</span> <span class='ocrx_word' id='word_1_416' title='bbox 3197 2916 3287 2967; x_wconf 78' lang='grc' dir='ltr'>καὶ</span> <span class='ocrx_word' id='word_1_417' title='bbox 3319 2914 3445 2967; x_wconf 68' lang='grc' dir='ltr'>αὐτὸ</span> <span class='ocrx_word' id='word_1_418' title='bbox 3471 2913 3526 2964; x_wconf 84' lang='grc' dir='ltr'>τὸ</span> <span class='ocrx_word' id='word_1_419' title='bbox 3545 2911 3756 2964; x_wconf 87' lang='grc' dir='ltr'>δίκαιον</span> 
     </span>
    </p>
   </div>
   <div class='ocr_carea' id='block_1_59' title="bbox 558 2987 2101 3076">
    <p class='ocr_par' dir='ltr' id='par_1_59' title="bbox 558 2987 2097 3055">
     <span class='ocr_line' id='line_1_59' title="bbox 558 2987 2097 3055; baseline 0 -17"><span class='ocrx_word' id='word_1_420' title='bbox 558 2987 736 3042; x_wconf 70' lang='grc' dir='ltr'><strong>(Ιεεὶἱε</strong></span> <span class='ocrx_word' id='word_1_421' title='bbox 772 2988 1055 3040; x_wconf 82' lang='lat' dir='ltr'><strong>stationem</strong></span> <span class='ocrx_word' id='word_1_422' title='bbox 1106 2988 1323 3047; x_wconf 82' lang='lat' dir='ltr'><strong>habere,</strong></span> <span class='ocrx_word' id='word_1_423' title='bbox 1359 2989 1694 3055; x_wconf 88' lang='lat' dir='ltr'><strong>populisque,</strong></span> <span class='ocrx_word' id='word_1_424' title='bbox 1738 2989 1826 3054; x_wconf 89' lang='lat' dir='ltr'><strong>qui</strong></span> <span class='ocrx_word' id='word_1_425' title='bbox 1863 2989 2097 3054; x_wconf 89' lang='lat' dir='ltr'><strong>ipsorum</strong></span> 
     </span>
    </p>
   </div>
   <div class='ocr_carea' id='block_1_60' title="bbox 2205 2987 3755 3076">
    <p class='ocr_par' dir='ltr' id='par_1_60' title="bbox 2205 3002 3755 3076">
     <span class='ocr_line' id='line_1_60' title="bbox 2205 3002 3755 3076; baseline -0.006 -15"><span class='ocrx_word' id='word_1_426' title='bbox 2205 3009 2297 3061; x_wconf 78' lang='grc' dir='ltr'>καὶ</span> <span class='ocrx_word' id='word_1_427' title='bbox 2324 3011 2372 3061; x_wconf 79' lang='grc' dir='ltr'>οἱ</span> <span class='ocrx_word' id='word_1_428' title='bbox 2400 3009 2618 3070; x_wconf 89' lang='grc' dir='ltr'>κανόνες</span> <span class='ocrx_word' id='word_1_429' title='bbox 2648 3009 2722 3076; x_wconf 82' lang='grc' dir='ltr'>τῷ</span> <span class='ocrx_word' id='word_1_430' title='bbox 2756 3009 2947 3076; x_wconf 79' lang='grc' dir='ltr'>δικαίῳ</span> <span class='ocrx_word' id='word_1_431' title='bbox 2975 3008 3225 3075; x_wconf 78' lang='grc' dir='ltr'>ἑπόμενοι</span> <span class='ocrx_word' id='word_1_432' title='bbox 3259 3002 3547 3056; x_wconf 76' lang='grc' dir='ltr'>ἀπαιτοῦσι</span> <span class='ocrx_word' id='word_1_433' title='bbox 3580 3018 3755 3070; x_wconf 87' lang='grc' dir='ltr'>προσ-</span> 
     </span>
    </p>
   </div>
   <div class='ocr_carea' id='block_1_61' title="bbox 558 3077 2103 3146">
    <p class='ocr_par' dir='ltr' id='par_1_61' title="bbox 558 3077 2103 3146">
     <span class='ocr_line' id='line_1_61' title="bbox 558 3077 2103 3146; baseline 0.001 -16"><span class='ocrx_word' id='word_1_434' title='bbox 558 3092 699 3130; x_wconf 73' lang='lat' dir='ltr'><strong>cura:</strong></span> <span class='ocrx_word' id='word_1_435' title='bbox 766 3078 1038 3131; x_wconf 84' lang='lat' dir='ltr'><strong>commissi</strong></span> <span class='ocrx_word' id='word_1_436' title='bbox 1106 3085 1251 3141; x_wconf 89' lang='lat' dir='ltr'><strong>sunt,</strong></span> <span class='ocrx_word' id='word_1_437' title='bbox 1318 3078 1592 3145; x_wconf 87' lang='lat' dir='ltr'><strong>pascendis</strong></span> <span class='ocrx_word' id='word_1_438' title='bbox 1655 3077 2103 3146; x_wconf 84' lang='lat' dir='ltr'><strong>instituendisque</strong></span> 
     </span>
    </p>
   </div>
   <div class='ocr_carea' id='block_1_62' title="bbox 554 3163 2099 3234">
    <p class='ocr_par' dir='ltr' id='par_1_62' title="bbox 554 3163 2099 3234">
     <span class='ocr_line' id='line_1_62' title="bbox 554 3163 2099 3234; baseline 0.005 -21"><span class='ocrx_word' id='word_1_439' title='bbox 554 3176 773 3230; x_wconf 88' lang='lat' dir='ltr'><strong>operam</strong></span> <span class='ocrx_word' id='word_1_440' title='bbox 804 3163 950 3224; x_wconf 89' lang='lat' dir='ltr'><strong>dare,</strong></span> <span class='ocrx_word' id='word_1_441' title='bbox 986 3178 1105 3215; x_wconf 92' lang='lat' dir='ltr'><strong>cum</strong></span> <span class='ocrx_word' id='word_1_442' title='bbox 1149 3163 1259 3230; x_wconf 86' lang='lat' dir='ltr'><strong>ipsa</strong></span> <span class='ocrx_word' id='word_1_443' title='bbox 1292 3165 1529 3230; x_wconf 77' lang='lat' dir='ltr'><strong>:equitas,</strong></span> <span class='ocrx_word' id='word_1_444' title='bbox 1569 3175 1676 3217; x_wconf 92' lang='lat' dir='ltr'><strong>tum</strong></span> <span class='ocrx_word' id='word_1_445' title='bbox 1720 3182 1837 3234; x_wconf 74' lang='lat' dir='ltr'><strong>qua:</strong></span> <span class='ocrx_word' id='word_1_446' title='bbox 1865 3168 2099 3234; x_wconf 69' lang='lat' dir='ltr'><strong>aequitati</strong></span> 
     </span>
    </p>
   </div>
   <div class='ocr_carea' id='block_1_63' title="bbox 558 3252 2101 3324">
    <p class='ocr_par' dir='ltr' id='par_1_63' title="bbox 558 3252 2101 3324">
     <span class='ocr_line' id='line_1_63' title="bbox 558 3252 2101 3324; baseline 0.004 -19"><span class='ocrx_word' id='word_1_447' title='bbox 558 3254 788 3307; x_wconf 79' lang='lat' dir='ltr'><strong>maxime</strong></span> <span class='ocrx_word' id='word_1_448' title='bbox 816 3252 1058 3307; x_wconf 88' lang='lat' dir='ltr'><strong>innititur</strong></span> <span class='ocrx_word' id='word_1_449' title='bbox 1090 3269 1353 3309; x_wconf 89' lang='lat' dir='ltr'><strong>canonmn</strong></span> <span class='ocrx_word' id='word_1_450' title='bbox 1388 3256 1675 3308; x_wconf 84' lang='lat' dir='ltr'><strong>auctoritas</strong></span> <span class='ocrx_word' id='word_1_451' title='bbox 1700 3258 2101 3324; x_wconf 80' lang='lat' dir='ltr'><strong>jubeLProinde</strong></span> 
     </span>
    </p>
   </div>
   <div class='ocr_carea' id='block_1_64' title="bbox 554 3345 2102 3416">
    <p class='ocr_par' dir='ltr' id='par_1_64' title="bbox 554 3345 2102 3416">
     <span class='ocr_line' id='line_1_64' title="bbox 554 3345 2102 3416; baseline 0.004 -19"><span class='ocrx_word' id='word_1_452' title='bbox 554 3360 621 3399; x_wconf 66' lang='lat' dir='ltr'><strong>ne</strong></span> <span class='ocrx_word' id='word_1_453' title='bbox 661 3354 812 3397; x_wconf 88' lang='lat' dir='ltr'><strong>trans</strong></span> <span class='ocrx_word' id='word_1_454' title='bbox 848 3360 993 3398; x_wconf 86' lang='lat' dir='ltr'><strong>mare</strong></span> <span class='ocrx_word' id='word_1_455' title='bbox 1023 3345 1192 3408; x_wconf 88' lang='lat' dir='ltr'><strong>abire,</strong></span> <span class='ocrx_word' id='word_1_456' title='bbox 1230 3348 1327 3398; x_wconf 83' lang='lat' dir='ltr'><strong>hoc</strong></span> <span class='ocrx_word' id='word_1_457' title='bbox 1356 3355 1459 3408; x_wconf 84' lang='lat' dir='ltr'><strong>est,</strong></span> <span class='ocrx_word' id='word_1_458' title='bbox 1494 3362 1561 3399; x_wconf 90' lang='lat' dir='ltr'><strong>ne</strong></span> <span class='ocrx_word' id='word_1_459' title='bbox 1606 3348 1815 3416; x_wconf 79' lang='lat' dir='ltr'><strong>longum</strong></span> <span class='ocrx_word' id='word_1_460' title='bbox 1848 3348 1948 3400; x_wconf 86' lang='lat' dir='ltr'><strong>iter</strong></span> <span class='ocrx_word' id='word_1_461' title='bbox 1982 3364 2102 3403; x_wconf 83' lang='lat' dir='ltr'><strong>sus-</strong></span> 
     </span>
    </p>
   </div>
   <div class='ocr_carea' id='block_1_65' title="bbox 554 3435 2098 3507">
    <p class='ocr_par' dir='ltr' id='par_1_65' title="bbox 554 3435 2098 3507">
     <span class='ocr_line' id='line_1_65' title="bbox 554 3435 2098 3507; baseline 0.006 -25"><span class='ocrx_word' id='word_1_462' title='bbox 554 3435 732 3503; x_wconf 70' lang='lat' dir='ltr'><strong>«ipere</strong></span> <span class='ocrx_word' id='word_1_463' title='bbox 791 3436 1041 3503; x_wconf 91' lang='lat' dir='ltr'><strong>episcopo</strong></span> <span class='ocrx_word' id='word_1_464' title='bbox 1074 3437 1251 3502; x_wconf 85' lang='lat' dir='ltr'><strong>liceat,</strong></span> <span class='ocrx_word' id='word_1_465' title='bbox 1297 3437 1381 3491; x_wconf 88' lang='lat' dir='ltr'><strong>hic</strong></span> <span class='ocrx_word' id='word_1_466' title='bbox 1425 3453 1595 3491; x_wconf 86' lang='lat' dir='ltr'><strong>canon</strong></span> <span class='ocrx_word' id='word_1_467' title='bbox 1640 3440 1801 3492; x_wconf 82' lang='lat' dir='ltr'><strong>edicit</strong></span> <span class='ocrx_word' id='word_1_468' title='bbox 1852 3439 2014 3507; x_wconf 85' lang='lat' dir='ltr'><strong>quod,</strong></span> <span class='ocrx_word' id='word_1_469' title='bbox 2054 3440 2098 3492; x_wconf 92' lang='lat' dir='ltr'><strong>si</strong></span> 
     </span>
    </p>
   </div>
   <div class='ocr_carea' id='block_1_66' title="bbox 553 3526 2097 3595">
    <p class='ocr_par' dir='ltr' id='par_1_66' title="bbox 553 3526 2097 3595">
     <span class='ocr_line' id='line_1_66' title="bbox 553 3526 2097 3595; baseline 0.005 -22"><span class='ocrx_word' id='word_1_470' title='bbox 553 3526 667 3589; x_wconf 73' lang='lat' dir='ltr'><strong>ejus</strong></span> <span class='ocrx_word' id='word_1_471' title='bbox 709 3526 783 3578; x_wconf 91' lang='lat' dir='ltr'><strong>rei</strong></span> <span class='ocrx_word' id='word_1_472' title='bbox 818 3526 1107 3579; x_wconf 88' lang='lat' dir='ltr'><strong>necessitas</strong></span> <span class='ocrx_word' id='word_1_473' title='bbox 1156 3527 1438 3595; x_wconf 90' lang='lat' dir='ltr'><strong>aliquando</strong></span> <span class='ocrx_word' id='word_1_474' title='bbox 1487 3530 1729 3582; x_wconf 89' lang='lat' dir='ltr'><strong>inciderit</strong></span> <span class='ocrx_word' id='word_1_475' title='bbox 1775 3544 1876 3581; x_wconf 90' lang='lat' dir='ltr'><strong>non</strong></span> <span class='ocrx_word' id='word_1_476' title='bbox 1922 3531 2097 3592; x_wconf 84' lang='lat' dir='ltr'><strong>aliter,</strong></span> 
     </span>
    </p>
   </div>
   <div class='ocr_carea' id='block_1_67' title="bbox 553 3618 2101 3686">
    <p class='ocr_par' dir='ltr' id='par_1_67' title="bbox 553 3618 2101 3686">
     <span class='ocr_line' id='line_1_67' title="bbox 553 3618 2101 3686; baseline 0.003 -19"><span class='ocrx_word' id='word_1_477' title='bbox 553 3632 711 3683; x_wconf 85' lang='lat' dir='ltr'><strong>quam</strong></span> <span class='ocrx_word' id='word_1_478' title='bbox 760 3630 882 3668; x_wconf 90' lang='lat' dir='ltr'><strong>cum</strong></span> <span class='ocrx_word' id='word_1_479' title='bbox 920 3618 1134 3671; x_wconf 85' lang='lat' dir='ltr'><strong>decreto</strong></span> <span class='ocrx_word' id='word_1_480' title='bbox 1190 3620 1375 3686; x_wconf 68' lang='lat' dir='ltr'><strong>prima:</strong></span> <span class='ocrx_word' id='word_1_481' title='bbox 1408 3620 1673 3672; x_wconf 65' lang='lat' dir='ltr'><strong>cathedrm</strong></span> <span class='ocrx_word' id='word_1_482' title='bbox 1723 3622 2008 3685; x_wconf 74' lang='lat' dir='ltr'><strong>provincia:</strong></span> <span class='ocrx_word' id='word_1_483' title='bbox 2041 3620 2101 3672; x_wconf 84' lang='lat' dir='ltr'><strong>il—</strong></span> 
     </span>
    </p>
   </div>
   <div class='ocr_carea' id='block_1_68' title="bbox 554 3708 2099 3775">
    <p class='ocr_par' dir='ltr' id='par_1_68' title="bbox 554 3708 2099 3775">
     <span class='ocr_line' id='line_1_68' title="bbox 554 3708 2099 3775; baseline 0.004 -17"><span class='ocrx_word' id='word_1_484' title='bbox 554 3711 655 3760; x_wconf 88' lang='lat' dir='ltr'><strong>lius</strong></span> <span class='ocrx_word' id='word_1_485' title='bbox 715 3709 971 3774; x_wconf 80' lang='lat' dir='ltr'><strong>episc0pi,</strong></span> <span class='ocrx_word' id='word_1_486' title='bbox 1032 3708 1400 3775; x_wconf 83' lang='lat' dir='ltr'><strong>proﬁciscendi</strong></span> <span class='ocrx_word' id='word_1_487' title='bbox 1459 3710 1759 3763; x_wconf 78' lang='lat' dir='ltr'><strong>facultatem</strong></span> <span class='ocrx_word' id='word_1_488' title='bbox 1824 3713 1919 3775; x_wconf 87' lang='lat' dir='ltr'><strong>ipsi</strong></span> <span class='ocrx_word' id='word_1_489' title='bbox 1981 3725 2099 3764; x_wconf 86' lang='lat' dir='ltr'><strong>esse</strong></span> 
     </span>
    </p>
   </div>
   <div class='ocr_carea' id='block_1_69' title="bbox 553 3798 2097 3869">
    <p class='ocr_par' dir='ltr' id='par_1_69' title="bbox 553 3798 2097 3869">
     <span class='ocr_line' id='line_1_69' title="bbox 553 3798 2097 3869; baseline 0.003 -18"><span class='ocrx_word' id='word_1_490' title='bbox 553 3800 809 3853; x_wconf 81' lang='lat' dir='ltr'><strong>decernit.</strong></span> <span class='ocrx_word' id='word_1_491' title='bbox 848 3798 1051 3852; x_wconf 87' lang='lat' dir='ltr'><strong>Decreti</strong></span> <span class='ocrx_word' id='word_1_492' title='bbox 1085 3808 1265 3852; x_wconf 85' lang='lat' dir='ltr'><strong>autem</strong></span> <span class='ocrx_word' id='word_1_493' title='bbox 1313 3810 1589 3869; x_wconf 81' lang='lat' dir='ltr'><strong>propterea</strong></span> <span class='ocrx_word' id='word_1_494' title='bbox 1619 3802 1882 3865; x_wconf 80' lang='lat' dir='ltr'><strong>meminit,</strong></span> <span class='ocrx_word' id='word_1_495' title='bbox 1915 3812 1969 3856; x_wconf 91' lang='lat' dir='ltr'><strong>ut</strong></span> <span class='ocrx_word' id='word_1_496' title='bbox 1999 3803 2097 3856; x_wconf 81' lang='lat' dir='ltr'><strong>nisi</strong></span> 
     </span>
    </p>
   </div>
   <div class='ocr_carea' id='block_1_70' title="bbox 554 3888 2099 3961">
    <p class='ocr_par' dir='ltr' id='par_1_70' title="bbox 554 3888 2099 3961">
     <span class='ocr_line' id='line_1_70' title="bbox 554 3888 2099 3961; baseline 0.004 -22"><span class='ocrx_word' id='word_1_497' title='bbox 554 3890 786 3957; x_wconf 72' lang='lat' dir='ltr'><strong>regionis</strong></span> <span class='ocrx_word' id='word_1_498' title='bbox 833 3888 970 3941; x_wconf 74' lang='lat' dir='ltr'><strong>illius</strong></span> <span class='ocrx_word' id='word_1_499' title='bbox 1021 3888 1319 3955; x_wconf 87' lang='lat' dir='ltr'><strong>patriarcha</strong></span> <span class='ocrx_word' id='word_1_500' title='bbox 1378 3899 1470 3943; x_wconf 88' lang='lat' dir='ltr'><strong>aut</strong></span> <span class='ocrx_word' id='word_1_501' title='bbox 1508 3892 1938 3959; x_wconf 88' lang='lat' dir='ltr'><strong>metropolitanus</strong></span> <span class='ocrx_word' id='word_1_502' title='bbox 1978 3907 2099 3961; x_wconf 88' lang='lat' dir='ltr'><strong>pro-</strong></span> 
     </span>
    </p>
   </div>
   <div class='ocr_carea' id='block_1_71' title="bbox 552 3976 2098 4043">
    <p class='ocr_par' dir='ltr' id='par_1_71' title="bbox 552 3976 2098 4043">
     <span class='ocr_line' id='line_1_71' title="bbox 552 3976 2098 4043; baseline 0.003 -14"><span class='ocrx_word' id='word_1_503' title='bbox 552 3978 794 4030; x_wconf 76' lang='lat' dir='ltr'><strong>fectionis</strong></span> <span class='ocrx_word' id='word_1_504' title='bbox 829 3976 1066 4043; x_wconf 90' lang='lat' dir='ltr'><strong>episcopi</strong></span> <span class='ocrx_word' id='word_1_505' title='bbox 1102 3991 1317 4031; x_wconf 88' lang='lat' dir='ltr'><strong>causam</strong></span> <span class='ocrx_word' id='word_1_506' title='bbox 1358 3980 1765 4041; x_wconf 79' lang='lat' dir='ltr'><strong>examinaverit,</strong></span> <span class='ocrx_word' id='word_1_507' title='bbox 1802 3995 1864 4034; x_wconf 88' lang='lat' dir='ltr'><strong>ac</strong></span> <span class='ocrx_word' id='word_1_508' title='bbox 1912 3996 2098 4034; x_wconf 85' lang='lat' dir='ltr'><strong>neces-</strong></span> 
     </span>
    </p>
   </div>
   <div class='ocr_carea' id='block_1_72' title="bbox 554 4067 2098 4137">
    <p class='ocr_par' dir='ltr' id='par_1_72' title="bbox 554 4067 2098 4137">
     <span class='ocr_line' id='line_1_72' title="bbox 554 4067 2098 4137; baseline 0.003 -19"><span class='ocrx_word' id='word_1_509' title='bbox 554 4068 748 4120; x_wconf 70' lang='lat' dir='ltr'><strong>:ariam</strong></span> <span class='ocrx_word' id='word_1_510' title='bbox 796 4082 913 4121; x_wconf 89' lang='lat' dir='ltr'><strong>esse</strong></span> <span class='ocrx_word' id='word_1_511' title='bbox 956 4067 1299 4136; x_wconf 74' lang='lat' dir='ltr'><strong>judicaverit,</strong></span> <span class='ocrx_word' id='word_1_512' title='bbox 1335 4069 1739 4134; x_wconf 80' lang='lat' dir='ltr'><strong>epistulamque,</strong></span> <span class='ocrx_word' id='word_1_513' title='bbox 1771 4085 1886 4137; x_wconf 82' lang='lat' dir='ltr'><strong>quae</strong></span> <span class='ocrx_word' id='word_1_514' title='bbox 1915 4072 2098 4123; x_wconf 89' lang='lat' dir='ltr'><strong>dimis-</strong></span> 
     </span>
    </p>
   </div>
   <div class='ocr_carea' id='block_1_73' title="bbox 553 4156 2098 4228">
    <p class='ocr_par' dir='ltr' id='par_1_73' title="bbox 553 4156 2098 4228">
     <span class='ocr_line' id='line_1_73' title="bbox 553 4156 2098 4228; baseline 0.003 -19"><span class='ocrx_word' id='word_1_515' title='bbox 553 4157 695 4209; x_wconf 82' lang='lat' dir='ltr'><strong>suria</strong></span> <span class='ocrx_word' id='word_1_516' title='bbox 732 4156 943 4222; x_wconf 84' lang='lat' dir='ltr'><strong>dicitur,</strong></span> <span class='ocrx_word' id='word_1_517' title='bbox 991 4157 1037 4209; x_wconf 89' lang='lat' dir='ltr'><strong>ci</strong></span> <span class='ocrx_word' id='word_1_518' title='bbox 1068 4158 1294 4221; x_wconf 87' lang='lat' dir='ltr'><strong>dederit,</strong></span> <span class='ocrx_word' id='word_1_519' title='bbox 1345 4175 1677 4228; x_wconf 89' lang='lat' dir='ltr'><strong>nequaquam</strong></span> <span class='ocrx_word' id='word_1_520' title='bbox 1716 4162 1809 4227; x_wconf 90' lang='lat' dir='ltr'><strong>ipsi</strong></span> <span class='ocrx_word' id='word_1_521' title='bbox 1842 4176 1905 4213; x_wconf 80' lang='lat' dir='ltr'><strong>ex</strong></span> <span class='ocrx_word' id='word_1_522' title='bbox 1940 4177 2098 4214; x_wconf 89' lang='lat' dir='ltr'><strong>cano-</strong></span> 
     </span>
    </p>
   </div>
   <div class='ocr_carea' id='block_1_74' title="bbox 556 4250 2096 4318">
    <p class='ocr_par' dir='ltr' id='par_1_74' title="bbox 556 4250 2096 4318">
     <span class='ocr_line' id='line_1_74' title="bbox 556 4250 2096 4318; baseline 0.005 -19"><span class='ocrx_word' id='word_1_523' title='bbox 556 4264 678 4303; x_wconf 87' lang='lat' dir='ltr'><strong>num</strong></span> <span class='ocrx_word' id='word_1_524' title='bbox 710 4250 1021 4317; x_wconf 73' lang='lat' dir='ltr'><strong>przescripto</strong></span> <span class='ocrx_word' id='word_1_525' title='bbox 1047 4250 1313 4318; x_wconf 75' lang='lat' dir='ltr'><strong>proficisci</strong></span> <span class='ocrx_word' id='word_1_526' title='bbox 1343 4252 1499 4305; x_wconf 87' lang='lat' dir='ltr'><strong>licere</strong></span> <span class='ocrx_word' id='word_1_527' title='bbox 1526 4253 2096 4307; x_wconf 86' lang='lat' dir='ltr'><strong>demonstret.Decreti</strong></span> 
     </span>
    </p>
   </div>
   <div class='ocr_carea' id='block_1_75' title="bbox 554 4340 2091 4411">
    <p class='ocr_par' dir='ltr' id='par_1_75' title="bbox 554 4340 2091 4411">
     <span class='ocr_line' id='line_1_75' title="bbox 554 4340 2091 4411; baseline 0.005 -23"><span class='ocrx_word' id='word_1_528' title='bbox 554 4354 709 4405; x_wconf 87' lang='lat' dir='ltr'><strong>porro</strong></span> <span class='ocrx_word' id='word_1_529' title='bbox 773 4340 987 4394; x_wconf 90' lang='lat' dir='ltr'><strong>nomine</strong></span> <span class='ocrx_word' id='word_1_530' title='bbox 1061 4342 1417 4405; x_wconf 80' lang='lat' dir='ltr'><strong>cognitionem</strong></span> <span class='ocrx_word' id='word_1_531' title='bbox 1482 4342 1593 4395; x_wconf 76' lang='lat' dir='ltr'><strong>sive</strong></span> <span class='ocrx_word' id='word_1_532' title='bbox 1662 4344 2091 4411; x_wconf 88' lang='lat' dir='ltr'><strong>approbationem</strong></span> 
     </span>
    </p>
   </div>
   <div class='ocr_carea' id='block_1_76' title="bbox 552 4427 2091 4499">
    <p class='ocr_par' dir='ltr' id='par_1_76' title="bbox 552 4427 2091 4499">
     <span class='ocr_line' id='line_1_76' title="bbox 552 4427 2091 4499; baseline 0.003 -20"><span class='ocrx_word' id='word_1_533' title='bbox 552 4427 822 4495; x_wconf 76' lang='lat' dir='ltr'><strong>intelligit.</strong></span> <span class='ocrx_word' id='word_1_534' title='bbox 892 4431 937 4479; x_wconf 85' lang='lat' dir='ltr'><strong>A</strong></span> <span class='ocrx_word' id='word_1_535' title='bbox 1001 4431 1229 4496; x_wconf 87' lang='lat' dir='ltr'><strong>primate</strong></span> <span class='ocrx_word' id='word_1_536' title='bbox 1288 4445 1414 4483; x_wconf 74' lang='lat' dir='ltr'><strong>vero</strong></span> <span class='ocrx_word' id='word_1_537' title='bbox 1487 4432 1750 4499; x_wconf 72' lang='lat' dir='ltr'><strong>prmcipue</strong></span> <span class='ocrx_word' id='word_1_538' title='bbox 1809 4433 2091 4498; x_wconf 89' lang='lat' dir='ltr'><strong>epistolam</strong></span> 
     </span>
    </p>
   </div>
   <div class='ocr_carea' id='block_1_77' title="bbox 546 4518 2091 4588">
    <p class='ocr_par' dir='ltr' id='par_1_77' title="bbox 546 4518 2091 4588">
     <span class='ocr_line' id='line_1_77' title="bbox 546 4518 2091 4588; baseline 0.003 -19"><span class='ocrx_word' id='word_1_539' title='bbox 546 4518 722 4571; x_wconf 77' lang='lat' dir='ltr'><strong>afferri</strong></span> <span class='ocrx_word' id='word_1_540' title='bbox 741 4518 910 4585; x_wconf 85' lang='lat' dir='ltr'><strong>jubet,</strong></span> <span class='ocrx_word' id='word_1_541' title='bbox 940 4519 1191 4588; x_wconf 89' lang='lat' dir='ltr'><strong>quoniam</strong></span> <span class='ocrx_word' id='word_1_542' title='bbox 1217 4520 1432 4573; x_wconf 89' lang='lat' dir='ltr'><strong>alterius</strong></span> <span class='ocrx_word' id='word_1_543' title='bbox 1457 4522 1673 4574; x_wconf 90' lang='lat' dir='ltr'><strong>canonis</strong></span> <span class='ocrx_word' id='word_1_544' title='bbox 1691 4524 2091 4583; x_wconf 88' lang='lat' dir='ltr'><strong>constitutione,</strong></span> 
     </span>
    </p>
   </div>
   <div class='ocr_carea' id='block_1_78' title="bbox 547 4608 2092 4683">
    <p class='ocr_par' dir='ltr' id='par_1_78' title="bbox 547 4608 2092 4683">
     <span class='ocr_line' id='line_1_78' title="bbox 547 4608 2092 4683; baseline 0.006 -25"><span class='ocrx_word' id='word_1_545' title='bbox 547 4610 615 4659; x_wconf 86' lang='lat' dir='ltr'><strong>ab</strong></span> <span class='ocrx_word' id='word_1_546' title='bbox 646 4608 906 4677; x_wconf 88' lang='lat' dir='ltr'><strong>episcopis</strong></span> <span class='ocrx_word' id='word_1_547' title='bbox 938 4625 1148 4678; x_wconf 87' lang='lat' dir='ltr'><strong>quoque</strong></span> <span class='ocrx_word' id='word_1_548' title='bbox 1179 4611 1317 4663; x_wconf 89' lang='lat' dir='ltr'><strong>illius</strong></span> <span class='ocrx_word' id='word_1_549' title='bbox 1348 4612 1652 4677; x_wconf 67' lang='lat' dir='ltr'><strong>provinciae,</strong></span> <span class='ocrx_word' id='word_1_550' title='bbox 1686 4614 1728 4664; x_wconf 89' lang='lat' dir='ltr'><strong>is</strong></span> <span class='ocrx_word' id='word_1_551' title='bbox 1757 4614 1843 4679; x_wconf 93' lang='lat' dir='ltr'><strong>qui</strong></span> <span class='ocrx_word' id='word_1_552' title='bbox 1873 4628 2092 4683; x_wconf 85' lang='lat' dir='ltr'><strong>peregre</strong></span> 
     </span>
    </p>
   </div>
   <div class='ocr_carea' id='block_1_79' title="bbox 550 4697 2091 4770">
    <p class='ocr_par' dir='ltr' id='par_1_79' title="bbox 550 4697 2091 4770">
     <span class='ocr_line' id='line_1_79' title="bbox 550 4697 2091 4770; baseline 0.006 -24"><span class='ocrx_word' id='word_1_553' title='bbox 550 4697 908 4763; x_wconf 81' lang='lat' dir='ltr'><strong>proficiscitur</strong></span> <span class='ocrx_word' id='word_1_554' title='bbox 952 4698 1157 4751; x_wconf 85' lang='lat' dir='ltr'><strong>litteras</strong></span> <span class='ocrx_word' id='word_1_555' title='bbox 1181 4698 1396 4765; x_wconf 86' lang='lat' dir='ltr'><strong>jubetur</strong></span> <span class='ocrx_word' id='word_1_556' title='bbox 1424 4698 1614 4752; x_wconf 74' lang='lat' dir='ltr'><strong>afferre</strong></span> <span class='ocrx_word' id='word_1_557' title='bbox 1647 4718 1658 4753; x_wconf 92' lang='lat'>:</span> <span class='ocrx_word' id='word_1_558' title='bbox 1695 4703 1892 4753; x_wconf 83' lang='lat' dir='ltr'><strong>ideirco</strong></span> <span class='ocrx_word' id='word_1_559' title='bbox 1923 4716 1952 4753; x_wconf 89' lang='lat' dir='ltr'><strong>a</strong></span> <span class='ocrx_word' id='word_1_560' title='bbox 1986 4703 2091 4770; x_wconf 85' lang='lat' dir='ltr'><strong>pri—</strong></span> 
     </span>
    </p>
   </div>
   <div class='ocr_carea' id='block_1_80' title="bbox 548 4786 2092 4856">
    <p class='ocr_par' dir='ltr' id='par_1_80' title="bbox 548 4786 2092 4856">
     <span class='ocr_line' id='line_1_80' title="bbox 548 4786 2092 4856; baseline 0.005 -18"><span class='ocrx_word' id='word_1_561' title='bbox 548 4796 691 4838; x_wconf 88' lang='lat' dir='ltr'><strong>mate</strong></span> <span class='ocrx_word' id='word_1_562' title='bbox 722 4786 1009 4852; x_wconf 71' lang='lat' dir='ltr'><strong>provinciae</strong></span> <span class='ocrx_word' id='word_1_563' title='bbox 1040 4787 1373 4856; x_wconf 89' lang='lat' dir='ltr'><strong>potissimum</strong></span> <span class='ocrx_word' id='word_1_564' title='bbox 1419 4790 1733 4844; x_wconf 82' lang='lat' dir='ltr'><strong>obtinendas</strong></span> <span class='ocrx_word' id='word_1_565' title='bbox 1765 4807 1880 4844; x_wconf 91' lang='lat' dir='ltr'><strong>esse</strong></span> <span class='ocrx_word' id='word_1_566' title='bbox 1906 4793 2092 4846; x_wconf 84' lang='lat' dir='ltr'><strong>decer—</strong></span> 
     </span>
    </p>
   </div>
   <div class='ocr_carea' id='block_1_81' title="bbox 546 4877 2090 4954">
    <p class='ocr_par' dir='ltr' id='par_1_81' title="bbox 546 4877 2090 4954">
     <span class='ocr_line' id='line_1_81' title="bbox 546 4877 2090 4954; baseline 0.005 -25"><span class='ocrx_word' id='word_1_567' title='bbox 546 4882 641 4939; x_wconf 86' lang='lat' dir='ltr'><strong>nit,</strong></span> <span class='ocrx_word' id='word_1_568' title='bbox 692 4877 844 4944; x_wconf 89' lang='lat' dir='ltr'><strong>quasi</strong></span> <span class='ocrx_word' id='word_1_569' title='bbox 878 4878 1057 4932; x_wconf 88' lang='lat' dir='ltr'><strong>dicere</strong></span> <span class='ocrx_word' id='word_1_570' title='bbox 1088 4879 1231 4941; x_wconf 87' lang='lat' dir='ltr'><strong>velit,</strong></span> <span class='ocrx_word' id='word_1_571' title='bbox 1279 4882 1516 4934; x_wconf 90' lang='lat' dir='ltr'><strong>omnium</strong></span> <span class='ocrx_word' id='word_1_572' title='bbox 1554 4883 1765 4950; x_wconf 80' lang='lat' dir='ltr'><strong>quidem</strong></span> <span class='ocrx_word' id='word_1_573' title='bbox 1813 4886 2090 4954; x_wconf 84' lang='lat' dir='ltr'><strong>episcopo-</strong></span> 
     </span>
    </p>
   </div>
   <div class='ocr_carea' id='block_1_82' title="bbox 546 4968 2089 5040">
    <p class='ocr_par' dir='ltr' id='par_1_82' title="bbox 546 4968 2089 5040">
     <span class='ocr_line' id='line_1_82' title="bbox 546 4968 2089 5040; baseline 0.008 -24"><span class='ocrx_word' id='word_1_574' title='bbox 546 4980 661 5017; x_wconf 85' lang='lat' dir='ltr'><strong>rum</strong></span> <span class='ocrx_word' id='word_1_575' title='bbox 709 4968 939 5036; x_wconf 88' lang='lat' dir='ltr'><strong>regionis</strong></span> <span class='ocrx_word' id='word_1_576' title='bbox 984 4969 1232 5035; x_wconf 83' lang='lat' dir='ltr'><strong>epistolas</strong></span> <span class='ocrx_word' id='word_1_577' title='bbox 1277 4970 1472 5025; x_wconf 80' lang='lat' dir='ltr'><strong>liabcre</strong></span> <span class='ocrx_word' id='word_1_578' title='bbox 1501 4972 1764 5026; x_wconf 81' lang='lat' dir='ltr'><strong>laudabile</strong></span> <span class='ocrx_word' id='word_1_579' title='bbox 1798 4989 1953 5040; x_wconf 87' lang='lat' dir='ltr'><strong>esse;</strong></span> <span class='ocrx_word' id='word_1_580' title='bbox 2001 4978 2089 5029; x_wconf 88' lang='lat' dir='ltr'><strong>sed</strong></span> 
     </span>
    </p>
   </div>
   <div class='ocr_carea' id='block_1_83' title="bbox 548 5057 2090 5128">
    <p class='ocr_par' dir='ltr' id='par_1_83' title="bbox 548 5057 2090 5128">
     <span class='ocr_line' id='line_1_83' title="bbox 548 5057 2090 5128; baseline 0.007 -22"><span class='ocrx_word' id='word_1_581' title='bbox 548 5074 574 5106; x_wconf 87' lang='lat' dir='ltr'><strong>a</strong></span> <span class='ocrx_word' id='word_1_582' title='bbox 605 5057 829 5123; x_wconf 88' lang='lat' dir='ltr'><strong>primate</strong></span> <span class='ocrx_word' id='word_1_583' title='bbox 855 5060 1115 5126; x_wconf 69' lang='lat' dir='ltr'><strong>praecipue</strong></span> <span class='ocrx_word' id='word_1_584' title='bbox 1142 5075 1232 5112; x_wconf 92' lang='lat' dir='ltr'><strong>seu</strong></span> <span class='ocrx_word' id='word_1_585' title='bbox 1260 5061 1470 5128; x_wconf 85' lang='lat' dir='ltr'><strong>proprie</strong></span> <span class='ocrx_word' id='word_1_586' title='bbox 1493 5063 1869 5122; x_wconf 76' lang='lat' dir='ltr'><strong>dimissoriazn,</strong></span> <span class='ocrx_word' id='word_1_587' title='bbox 1901 5065 2090 5118; x_wconf 87' lang='lat' dir='ltr'><strong>forma-</strong></span> 
     </span>
    </p>
   </div>
   <div class='ocr_carea' id='block_1_84' title="bbox 551 5146 2089 5221">
    <p class='ocr_par' dir='ltr' id='par_1_84' title="bbox 551 5146 2089 5221">
     <span class='ocr_line' id='line_1_84' title="bbox 551 5146 2089 5221; baseline 0.008 -26"><span class='ocrx_word' id='word_1_588' title='bbox 551 5156 678 5207; x_wconf 87' lang='lat' dir='ltr'><strong>tam,</strong></span> <span class='ocrx_word' id='word_1_589' title='bbox 710 5146 822 5199; x_wconf 82' lang='lat' dir='ltr'><strong>sive</strong></span> <span class='ocrx_word' id='word_1_590' title='bbox 852 5150 1362 5202; x_wconf 89' lang='lat' dir='ltr'><strong>commendationem</strong></span> <span class='ocrx_word' id='word_1_591' title='bbox 1394 5149 1717 5203; x_wconf 72' lang='lat' dir='ltr'><strong>afferendum</strong></span> <span class='ocrx_word' id='word_1_592' title='bbox 1746 5171 1759 5216; x_wconf 91' lang='lat'><strong>;</strong></span> <span class='ocrx_word' id='word_1_593' title='bbox 1793 5169 1911 5221; x_wconf 87' lang='lat' dir='ltr'><strong>qna.-</strong></span> <span class='ocrx_word' id='word_1_594' title='bbox 1942 5156 2089 5208; x_wconf 75' lang='lat' dir='ltr'><strong>Vide-</strong></span> 
     </span>
    </p>
   </div>
   <div class='ocr_carea' id='block_1_85' title="bbox 546 5236 2088 5312">
    <p class='ocr_par' dir='ltr' id='par_1_85' title="bbox 546 5236 2088 5312">
     <span class='ocr_line' id='line_1_85' title="bbox 546 5236 2088 5312; baseline 0.004 -23"><span class='ocrx_word' id='word_1_595' title='bbox 546 5236 670 5289; x_wconf 85' lang='lat' dir='ltr'><strong>licet</strong></span> <span class='ocrx_word' id='word_1_596' title='bbox 721 5238 1073 5289; x_wconf 86' lang='lat' dir='ltr'><strong>necessariam</strong></span> <span class='ocrx_word' id='word_1_597' title='bbox 1118 5254 1237 5292; x_wconf 85' lang='lat' dir='ltr'><strong>esse</strong></span> <span class='ocrx_word' id='word_1_598' title='bbox 1270 5240 1610 5306; x_wconf 88' lang='lat' dir='ltr'><strong>profectionis</strong></span> <span class='ocrx_word' id='word_1_599' title='bbox 1642 5256 1857 5295; x_wconf 90' lang='lat' dir='ltr'><strong>causam</strong></span> <span class='ocrx_word' id='word_1_600' title='bbox 1908 5260 2088 5312; x_wconf 82' lang='lat' dir='ltr'><strong>expri-</strong></span> 
     </span>
    </p>
   </div>
   <div class='ocr_carea' id='block_1_86' title="bbox 546 5324 2089 5399">
    <p class='ocr_par' dir='ltr' id='par_1_86' title="bbox 546 5324 2089 5399">
     <span class='ocr_line' id='line_1_86' title="bbox 546 5324 2089 5399; baseline 0.007 -24"><span class='ocrx_word' id='word_1_601' title='bbox 546 5335 691 5388; x_wconf 80' lang='lat' dir='ltr'><strong>mat;</strong></span> <span class='ocrx_word' id='word_1_602' title='bbox 729 5324 810 5378; x_wconf 75' lang='lat' dir='ltr'><strong>vel</strong></span> <span class='ocrx_word' id='word_1_603' title='bbox 839 5324 1140 5390; x_wconf 82' lang='lat' dir='ltr'><strong>formatam,</strong></span> <span class='ocrx_word' id='word_1_604' title='bbox 1164 5329 1262 5381; x_wconf 83' lang='lat' dir='ltr'><strong>hoc</strong></span> <span class='ocrx_word' id='word_1_605' title='bbox 1291 5341 1392 5394; x_wconf 85' lang='lat' dir='ltr'><strong>est,</strong></span> <span class='ocrx_word' id='word_1_606' title='bbox 1425 5332 1575 5397; x_wconf 90' lang='lat' dir='ltr'><strong>signo</strong></span> <span class='ocrx_word' id='word_1_607' title='bbox 1593 5333 2089 5399; x_wconf 87' lang='lat' dir='ltr'><strong>subscriptioneque</strong></span> 
     </span>
    </p>
   </div>
   <div class='ocr_carea' id='block_1_87' title="bbox 547 5414 2085 5486">
    <p class='ocr_par' dir='ltr' id='par_1_87' title="bbox 547 5414 2085 5486">
     <span class='ocr_line' id='line_1_87' title="bbox 547 5414 2085 5486; baseline 0.008 -21"><span class='ocrx_word' id='word_1_608' title='bbox 547 5415 822 5469; x_wconf 83' lang='lat' dir='ltr'><strong>munitam.</strong></span> <span class='ocrx_word' id='word_1_609' title='bbox 870 5414 1002 5470; x_wconf 89' lang='lat' dir='ltr'><strong>Illud</strong></span> <span class='ocrx_word' id='word_1_610' title='bbox 1050 5433 1191 5481; x_wconf 73' lang='lat' dir='ltr'><strong>vero,</strong></span> <span class='ocrx_word' id='word_1_611' title='bbox 1245 5419 1356 5472; x_wconf 63' lang='lat' dir='ltr'><strong>sive</strong></span> <span class='ocrx_word' id='word_1_612' title='bbox 1405 5425 1939 5486; x_wconf 78' lang='lat' dir='ltr'><strong>commendationem,</strong></span> <span class='ocrx_word' id='word_1_613' title='bbox 1990 5428 2085 5478; x_wconf 83' lang='lat' dir='ltr'><strong>hoe</strong></span> 
     </span>
    </p>
   </div>
   <div class='ocr_carea' id='block_1_88' title="bbox 544 5507 2085 5579">
    <p class='ocr_par' dir='ltr' id='par_1_88' title="bbox 544 5507 2085 5579">
     <span class='ocr_line' id='line_1_88' title="bbox 544 5507 2085 5579; baseline 0.006 -22"><span class='ocrx_word' id='word_1_614' title='bbox 544 5514 624 5557; x_wconf 83' lang='lat' dir='ltr'><strong>est</strong></span> <span class='ocrx_word' id='word_1_615' title='bbox 680 5521 797 5571; x_wconf 77' lang='lat' dir='ltr'><strong>qua:</strong></span> <span class='ocrx_word' id='word_1_616' title='bbox 828 5507 975 5560; x_wconf 91' lang='lat' dir='ltr'><strong>illum</strong></span> <span class='ocrx_word' id='word_1_617' title='bbox 1009 5509 1073 5561; x_wconf 89' lang='lat' dir='ltr'><strong>iis</strong></span> <span class='ocrx_word' id='word_1_618' title='bbox 1098 5511 1160 5561; x_wconf 92' lang='lat' dir='ltr'><strong>ad</strong></span> <span class='ocrx_word' id='word_1_619' title='bbox 1189 5527 1320 5576; x_wconf 87' lang='lat' dir='ltr'><strong>quos</strong></span> <span class='ocrx_word' id='word_1_620' title='bbox 1352 5514 1704 5579; x_wconf 79' lang='lat' dir='ltr'><strong>proficiscitur</strong></span> <span class='ocrx_word' id='word_1_621' title='bbox 1730 5518 2085 5579; x_wconf 85' lang='lat' dir='ltr'><strong>commendet,</strong></span> 
     </span>
    </p>
   </div>
   <div class='ocr_carea' id='block_1_89' title="bbox 545 5598 2083 5675">
    <p class='ocr_par' dir='ltr' id='par_1_89' title="bbox 545 5598 2083 5675">
     <span class='ocr_line' id='line_1_89' title="bbox 545 5598 2083 5675; baseline 0.008 -29"><span class='ocrx_word' id='word_1_622' title='bbox 545 5610 635 5646; x_wconf 73' lang='lat' dir='ltr'><strong>seu</strong></span> <span class='ocrx_word' id='word_1_623' title='bbox 679 5608 867 5649; x_wconf 78' lang='lat' dir='ltr'><strong>notum</strong></span> <span class='ocrx_word' id='word_1_624' title='bbox 920 5598 1099 5660; x_wconf 79' lang='lat' dir='ltr'><strong>faciat,</strong></span> <span class='ocrx_word' id='word_1_625' title='bbox 1148 5616 1235 5666; x_wconf 88' lang='lat' dir='ltr'><strong>pro</strong></span> <span class='ocrx_word' id='word_1_626' title='bbox 1267 5603 1448 5655; x_wconf 78' lang='lat' dir='ltr'><strong>eodem</strong></span> <span class='ocrx_word' id='word_1_627' title='bbox 1500 5607 1741 5672; x_wconf 76' lang='lat' dir='ltr'><strong>precibus</strong></span> <span class='ocrx_word' id='word_1_628' title='bbox 1775 5607 2083 5675; x_wconf 72' lang='lat' dir='ltr'><strong>interpellet,</strong></span> 
     </span>
    </p>
   </div>
   <div class='ocr_carea' id='block_1_90' title="bbox 549 5686 1356 5745">
    <p class='ocr_par' dir='ltr' id='par_1_90' title="bbox 549 5686 1356 5745">
     <span class='ocr_line' id='line_1_90' title="bbox 549 5686 1356 5745; baseline 0.007 -6"><span class='ocrx_word' id='word_1_629' title='bbox 549 5686 699 5741; x_wconf 81' lang='lat' dir='ltr'><strong>illum</strong></span> <span class='ocrx_word' id='word_1_630' title='bbox 730 5702 804 5740; x_wconf 69' lang='lat' dir='ltr'><strong>eis</strong></span> <span class='ocrx_word' id='word_1_631' title='bbox 829 5690 983 5743; x_wconf 83' lang='lat' dir='ltr'><strong>sistat</strong></span> <span class='ocrx_word' id='word_1_632' title='bbox 1014 5701 1061 5743; x_wconf 87' lang='lat' dir='ltr'><strong>et</strong></span> <span class='ocrx_word' id='word_1_633' title='bbox 1094 5691 1356 5745; x_wconf 80' lang='lat' dir='ltr'><strong>exhibeat.</strong></span> 
     </span>
    </p>
   </div>
   <div class='ocr_carea' id='block_1_91' title="bbox 2208 3095 3759 3172">
    <p class='ocr_par' dir='ltr' id='par_1_91' title="bbox 2208 3095 3759 3172">
     <span class='ocr_line' id='line_1_91' title="bbox 2208 3095 3759 3172; baseline -0.005 -18"><span class='ocrx_word' id='word_1_634' title='bbox 2208 3104 2384 3172; x_wconf 81' lang='grc' dir='ltr'>μένειν</span> <span class='ocrx_word' id='word_1_635' title='bbox 2413 3102 2530 3162; x_wconf 85' lang='grc' dir='ltr'>ταῖς</span> <span class='ocrx_word' id='word_1_636' title='bbox 2565 3100 2877 3169; x_wconf 73' lang='grc' dir='ltr'>ἐκκλησίαις</span> <span class='ocrx_word' id='word_1_637' title='bbox 2913 3098 3108 3161; x_wconf 84' lang='grc' dir='ltr'>αὐτῶν,</span> <span class='ocrx_word' id='word_1_638' title='bbox 3164 3096 3259 3148; x_wconf 80' lang='grc' dir='ltr'>καὶ</span> <span class='ocrx_word' id='word_1_639' title='bbox 3307 3095 3615 3163; x_wconf 84' lang='grc' dir='ltr'>ποιμαίνειν</span> <span class='ocrx_word' id='word_1_640' title='bbox 3658 3097 3759 3147; x_wconf 80' lang='grc' dir='ltr'>καὶ</span> 
     </span>
    </p>
   </div>
   <div class='ocr_carea' id='block_1_92' title="bbox 2205 3186 3751 3262">
    <p class='ocr_par' dir='ltr' id='par_1_92' title="bbox 2205 3186 3751 3262">
     <span class='ocr_line' id='line_1_92' title="bbox 2205 3186 3751 3262; baseline -0.006 -14"><span class='ocrx_word' id='word_1_641' title='bbox 2205 3194 2550 3262; x_wconf 80' lang='grc' dir='ltr'>καταρτίζειν</span> <span class='ocrx_word' id='word_1_642' title='bbox 2600 3192 2723 3253; x_wconf 70' lang='grc' dir='ltr'>τοὺς</span> <span class='ocrx_word' id='word_1_643' title='bbox 2775 3190 3271 3259; x_wconf 84' lang='grc' dir='ltr'>ἐμπιστευομένους</span> <span class='ocrx_word' id='word_1_644' title='bbox 3325 3188 3505 3246; x_wconf 82' lang='grc' dir='ltr'>αὐτοῖς</span> <span class='ocrx_word' id='word_1_645' title='bbox 3564 3186 3751 3247; x_wconf 81' lang='grc' dir='ltr'>λαούς.</span> 
     </span>
    </p>
   </div>
   <div class='ocr_carea' id='block_1_93' title="bbox 2203 3276 3752 3346">
    <p class='ocr_par' dir='ltr' id='par_1_93' title="bbox 2203 3276 3752 3346">
     <span class='ocr_line' id='line_1_93' title="bbox 2203 3276 3752 3346; baseline -0.007 -11"><span class='ocrx_word' id='word_1_646' title='bbox 2203 3285 2294 3335; x_wconf 84' lang='grc' dir='ltr'><strong>Διὸ</strong></span> <span class='ocrx_word' id='word_1_647' title='bbox 2341 3282 2435 3335; x_wconf 65' lang='grc' dir='ltr'><strong>καλ⁵</strong></span> <span class='ocrx_word' id='word_1_648' title='bbox 2462 3284 2489 3333; x_wconf 83' lang='grc' dir='ltr'><strong>ό</strong></span> <span class='ocrx_word' id='word_1_649' title='bbox 2515 3280 2691 3333; x_wconf 85' lang='grc' dir='ltr'>κανὼν</span> <span class='ocrx_word' id='word_1_650' title='bbox 2720 3276 2872 3340; x_wconf 71' lang='grc' dir='ltr'>οὗτος</span> <span class='ocrx_word' id='word_1_651' title='bbox 2923 3279 3096 3346; x_wconf 83' lang='grc' dir='ltr'>πέραν</span> <span class='ocrx_word' id='word_1_652' title='bbox 3128 3277 3421 3344; x_wconf 77' lang='grc' dir='ltr'>θαλάσσης,</span> <span class='ocrx_word' id='word_1_653' title='bbox 3447 3276 3613 3343; x_wconf 75' lang='grc' dir='ltr'>ἤγουν</span> <span class='ocrx_word' id='word_1_654' title='bbox 3642 3290 3752 3341; x_wconf 85' lang='grc' dir='ltr'>μα-</span> 
     </span>
    </p>
   </div>
   <div class='ocr_carea' id='block_1_94' title="bbox 2203 3365 3753 3443">
    <p class='ocr_par' dir='ltr' id='par_1_94' title="bbox 2203 3365 3753 3443">
     <span class='ocr_line' id='line_1_94' title="bbox 2203 3365 3753 3443; baseline -0.007 -17"><span class='ocrx_word' id='word_1_655' title='bbox 2203 3374 2341 3443; x_wconf 74' lang='grc' dir='ltr'>κρὰν</span> <span class='ocrx_word' id='word_1_656' title='bbox 2393 3373 2529 3433; x_wconf 69' lang='grc' dir='ltr'>όδδν,</span> <span class='ocrx_word' id='word_1_657' title='bbox 2578 3372 2651 3439; x_wconf 82' lang='grc' dir='ltr'>μὴ</span> <span class='ocrx_word' id='word_1_658' title='bbox 2701 3371 2999 3438; x_wconf 77' lang='grc' dir='ltr'>ἀποδημεῖν</span> <span class='ocrx_word' id='word_1_659' title='bbox 3035 3368 3331 3420; x_wconf 89' lang='grc' dir='ltr'>ἐπίσκοπον</span> <span class='ocrx_word' id='word_1_660' title='bbox 3360 3365 3701 3418; x_wconf 85' lang='grc' dir='ltr'>ἐκκελεύεται</span> <span class='ocrx_word' id='word_1_661' title='bbox 3736 3382 3753 3397; x_wconf 81' lang='grc' dir='ltr'><strong><em>ο</em></strong></span> 
     </span>
    </p>
   </div>
   <div class='ocr_carea' id='block_1_95' title="bbox 2204 3455 3758 3528">
    <p class='ocr_par' dir='ltr' id='par_1_95' title="bbox 2204 3455 3758 3528">
     <span class='ocr_line' id='line_1_95' title="bbox 2204 3455 3758 3528; baseline -0.004 -13"><span class='ocrx_word' id='word_1_662' title='bbox 2204 3466 2251 3515; x_wconf 87' lang='grc' dir='ltr'>εἰ</span> <span class='ocrx_word' id='word_1_663' title='bbox 2281 3464 2337 3515; x_wconf 83' lang='grc' dir='ltr'><strong>δέ</strong></span> <span class='ocrx_word' id='word_1_664' title='bbox 2365 3479 2489 3514; x_wconf 86' lang='grc' dir='ltr'>ποτε</span> <span class='ocrx_word' id='word_1_665' title='bbox 2517 3463 2725 3528; x_wconf 80' lang='grc' dir='ltr'>ἀνάγκη</span> <span class='ocrx_word' id='word_1_666' title='bbox 2755 3461 2960 3527; x_wconf 77' lang='grc' dir='ltr'>ἐπείγει</span> <span class='ocrx_word' id='word_1_667' title='bbox 2990 3458 3146 3512; x_wconf 82' lang='grc' dir='ltr'>τοῦτο</span> <span class='ocrx_word' id='word_1_668' title='bbox 3173 3457 3444 3525; x_wconf 82' lang='grc' dir='ltr'>γενέσθαι,</span> <span class='ocrx_word' id='word_1_669' title='bbox 3476 3456 3546 3525; x_wconf 80' lang='grc' dir='ltr'>μὴ</span> <span class='ocrx_word' id='word_1_670' title='bbox 3579 3455 3758 3520; x_wconf 77' lang='grc' dir='ltr'>ἄλλως</span> 
     </span>
    </p>
   </div>
   <div class='ocr_carea' id='block_1_96' title="bbox 2201 3544 3760 3622">
    <p class='ocr_par' dir='ltr' id='par_1_96' title="bbox 2201 3544 3760 3622">
     <span class='ocr_line' id='line_1_96' title="bbox 2201 3544 3760 3622; baseline -0.005 -17"><span class='ocrx_word' id='word_1_671' title='bbox 2201 3554 2420 3605; x_wconf 85' lang='grc' dir='ltr'>ἀπιέναι</span> <span class='ocrx_word' id='word_1_672' title='bbox 2444 3553 2603 3605; x_wconf 69' lang='grc' dir='ltr'>αὑτὸν</span> <span class='ocrx_word' id='word_1_673' title='bbox 2634 3553 2681 3604; x_wconf 87' lang='grc' dir='ltr'><strong>εί</strong></span> <span class='ocrx_word' id='word_1_674' title='bbox 2716 3551 2789 3622; x_wconf 80' lang='grc' dir='ltr'>μὴ</span> <span class='ocrx_word' id='word_1_675' title='bbox 2819 3551 2957 3603; x_wconf 86' lang='grc' dir='ltr'><strong>κατά</strong></span> <span class='ocrx_word' id='word_1_676' title='bbox 2982 3550 3332 3620; x_wconf 74' lang='grc' dir='ltr'>ψηφίσματος</span> <span class='ocrx_word' id='word_1_677' title='bbox 3355 3547 3446 3599; x_wconf 78' lang='grc' dir='ltr'><strong>τοῦ</strong></span> <span class='ocrx_word' id='word_1_678' title='bbox 3475 3548 3568 3615; x_wconf 83' lang='grc' dir='ltr'>τῆς</span> <span class='ocrx_word' id='word_1_679' title='bbox 3604 3544 3760 3615; x_wconf 63' lang='grc' dir='ltr'>πρώη</span> 
     </span>
    </p>
   </div>
   <div class='ocr_carea' id='block_1_97' title="bbox 2200 3637 3755 3709">
    <p class='ocr_par' dir='ltr' id='par_1_97' title="bbox 2200 3637 3755 3709">
     <span class='ocr_line' id='line_1_97' title="bbox 2200 3637 3755 3709; baseline 0 -18"><span class='ocrx_word' id='word_1_680' title='bbox 2200 3658 2299 3709; x_wconf 89' lang='grc' dir='ltr'><strong>της</strong></span> <span class='ocrx_word' id='word_1_681' title='bbox 2354 3640 2621 3709; x_wconf 85' lang='grc' dir='ltr'>καθέδρας</span> <span class='ocrx_word' id='word_1_682' title='bbox 2670 3644 2765 3709; x_wconf 79' lang='grc' dir='ltr'>τῆς</span> <span class='ocrx_word' id='word_1_683' title='bbox 2820 3642 3086 3709; x_wconf 73' lang='grc' dir='ltr'>ἐπαρχίας</span> <span class='ocrx_word' id='word_1_684' title='bbox 3147 3640 3362 3707; x_wconf 76' lang='grc' dir='ltr'>ἐκείνης</span> <span class='ocrx_word' id='word_1_685' title='bbox 3428 3637 3755 3691; x_wconf 86' lang='grc' dir='ltr'>ἐπισκόπου.</span> 
     </span>
    </p>
   </div>
   <div class='ocr_carea' id='block_1_98' title="bbox 2200 3727 3757 3800">
    <p class='ocr_par' dir='ltr' id='par_1_98' title="bbox 2200 3727 3757 3800">
     <span class='ocr_line' id='line_1_98' title="bbox 2200 3727 3757 3800; baseline -0.004 -16"><span class='ocrx_word' id='word_1_686' title='bbox 2200 3731 2563 3800; x_wconf 81' lang='grc' dir='ltr'>Ψηφίσματος</span> <span class='ocrx_word' id='word_1_687' title='bbox 2588 3730 2631 3783; x_wconf 78' lang='grc' dir='ltr'>δ’</span> <span class='ocrx_word' id='word_1_688' title='bbox 2659 3730 2924 3799; x_wconf 85' lang='grc' dir='ltr'>ἐμνήσθη,</span> <span class='ocrx_word' id='word_1_689' title='bbox 2959 3730 3041 3783; x_wconf 73' lang='grc' dir='ltr'>ἵνα</span> <span class='ocrx_word' id='word_1_690' title='bbox 3070 3730 3217 3799; x_wconf 82' lang='grc' dir='ltr'>δείξῃ</span> <span class='ocrx_word' id='word_1_691' title='bbox 3244 3730 3351 3793; x_wconf 81' lang='grc' dir='ltr'>ὅτε,</span> <span class='ocrx_word' id='word_1_692' title='bbox 3387 3730 3434 3780; x_wconf 88' lang='grc' dir='ltr'><strong>εί</strong></span> <span class='ocrx_word' id='word_1_693' title='bbox 3479 3728 3553 3797; x_wconf 82' lang='grc' dir='ltr'>μὴ</span> <span class='ocrx_word' id='word_1_694' title='bbox 3582 3728 3607 3777; x_wconf 84' lang='grc' dir='ltr'><strong>ό</strong></span> <span class='ocrx_word' id='word_1_695' title='bbox 3653 3727 3757 3793; x_wconf 82' lang='grc' dir='ltr'>τῆς</span> 
     </span>
    </p>
   </div>
   <div class='ocr_carea' id='block_1_99' title="bbox 2199 3813 3759 3892">
    <p class='ocr_par' dir='ltr' id='par_1_99' title="bbox 2199 3813 3759 3892">
     <span class='ocr_line' id='line_1_99' title="bbox 2199 3813 3759 3892; baseline -0.002 -19"><span class='ocrx_word' id='word_1_696' title='bbox 2199 3824 2379 3892; x_wconf 81' lang='grc' dir='ltr'>χώρας</span> <span class='ocrx_word' id='word_1_697' title='bbox 2416 3821 2628 3890; x_wconf 81' lang='grc' dir='ltr'>ἐκείνης</span> <span class='ocrx_word' id='word_1_698' title='bbox 2662 3822 3005 3891; x_wconf 83' lang='grc' dir='ltr'>πατριάρχης</span> <span class='ocrx_word' id='word_1_699' title='bbox 3050 3813 3079 3889; x_wconf 79' lang='grc' dir='ltr'>ἧ</span> <span class='ocrx_word' id='word_1_700' title='bbox 3118 3820 3519 3890; x_wconf 66' lang='grc' dir='ltr'>μητροποΚίτης</span> <span class='ocrx_word' id='word_1_701' title='bbox 3565 3818 3759 3882; x_wconf 80' lang='grc' dir='ltr'>ἐξετά-</span> 
     </span>
    </p>
   </div>
   <div class='ocr_carea' id='block_1_100' title="bbox 2202 3910 3755 3981">
    <p class='ocr_par' dir='ltr' id='par_1_100' title="bbox 2202 3910 3755 3981">
     <span class='ocr_line' id='line_1_100' title="bbox 2202 3910 3755 3981; baseline -0.003 -16"><span class='ocrx_word' id='word_1_702' title='bbox 2202 3930 2283 3965; x_wconf 88' lang='grc' dir='ltr'><strong>σει</strong></span> <span class='ocrx_word' id='word_1_703' title='bbox 2312 3914 2409 3981; x_wconf 76' lang='grc' dir='ltr'>τὴν</span> <span class='ocrx_word' id='word_1_704' title='bbox 2439 3913 2635 3974; x_wconf 76' lang='grc' dir='ltr'>αἰτίαν,</span> <span class='ocrx_word' id='word_1_705' title='bbox 2670 3912 2735 3964; x_wconf 76' lang='grc' dir='ltr'>δι’</span> <span class='ocrx_word' id='word_1_706' title='bbox 2772 3912 2838 3980; x_wconf 83' lang='grc' dir='ltr'>ἢν</span> <span class='ocrx_word' id='word_1_707' title='bbox 2868 3912 3215 3980; x_wconf 81' lang='grc' dir='ltr'>ἀποδημῆσαι</span> <span class='ocrx_word' id='word_1_708' title='bbox 3252 3910 3433 3980; x_wconf 76' lang='grc' dir='ltr'>μέλλει</span> <span class='ocrx_word' id='word_1_709' title='bbox 3463 3912 3488 3961; x_wconf 81' lang='grc' dir='ltr'><strong>ό</strong></span> <span class='ocrx_word' id='word_1_710' title='bbox 3526 3910 3755 3962; x_wconf 82' lang='grc' dir='ltr'>ἐπίσκο-</span> 
     </span>
    </p>
   </div>
   <div class='ocr_carea' id='block_1_101' title="bbox 2200 3994 3756 4069">
    <p class='ocr_par' dir='ltr' id='par_1_101' title="bbox 2200 3994 3756 4069">
     <span class='ocr_line' id='line_1_101' title="bbox 2200 3994 3756 4069; baseline -0.003 -14"><span class='ocrx_word' id='word_1_711' title='bbox 2200 4020 2319 4065; x_wconf 86' lang='grc' dir='ltr'>πος,</span> <span class='ocrx_word' id='word_1_712' title='bbox 2371 4004 2462 4054; x_wconf 75' lang='grc' dir='ltr'>καὶ</span> <span class='ocrx_word' id='word_1_713' title='bbox 2509 4002 2710 4069; x_wconf 86' lang='grc' dir='ltr'>διαγνῷ</span> <span class='ocrx_word' id='word_1_714' title='bbox 2747 4002 3049 4067; x_wconf 85' lang='grc' dir='ltr'>ἀναγκαίαν</span> <span class='ocrx_word' id='word_1_715' title='bbox 3104 3994 3266 4066; x_wconf 75' lang='grc' dir='ltr'>εἶναι,</span> <span class='ocrx_word' id='word_1_716' title='bbox 3302 4002 3392 4053; x_wconf 75' lang='grc' dir='ltr'>καὶ</span> <span class='ocrx_word' id='word_1_717' title='bbox 3426 4000 3569 4069; x_wconf 84' lang='grc' dir='ltr'>δώσῃ</span> <span class='ocrx_word' id='word_1_718' title='bbox 3603 3999 3756 4066; x_wconf 83' lang='grc' dir='ltr'>αὐτῷ</span> 
     </span>
    </p>
   </div>
   <div class='ocr_carea' id='block_1_102' title="bbox 2198 4090 3755 4164">
    <p class='ocr_par' dir='ltr' id='par_1_102' title="bbox 2198 4090 3755 4164">
     <span class='ocr_line' id='line_1_102' title="bbox 2198 4090 3755 4164; baseline -0.001 -20"><span class='ocrx_word' id='word_1_719' title='bbox 2198 4093 2295 4164; x_wconf 81' lang='grc' dir='ltr'>τὴν</span> <span class='ocrx_word' id='word_1_720' title='bbox 2340 4092 2637 4161; x_wconf 86' lang='grc' dir='ltr'>λεγομένην</span> <span class='ocrx_word' id='word_1_721' title='bbox 2682 4092 3013 4158; x_wconf 78' lang='grc' dir='ltr'>ἀπολυτικὴν</span> <span class='ocrx_word' id='word_1_722' title='bbox 3064 4091 3372 4158; x_wconf 75' lang='grc' dir='ltr'>ἐπιστολήν,</span> <span class='ocrx_word' id='word_1_723' title='bbox 3422 4091 3482 4142; x_wconf 81' lang='grc' dir='ltr'>οὐ</span> <span class='ocrx_word' id='word_1_724' title='bbox 3528 4090 3755 4143; x_wconf 77' lang='grc' dir='ltr'>δύναται</span> 
     </span>
    </p>
   </div>
   <div class='ocr_carea' id='block_1_103' title="bbox 2201 4182 3752 4251">
    <p class='ocr_par' dir='ltr' id='par_1_103' title="bbox 2201 4182 3752 4251">
     <span class='ocr_line' id='line_1_103' title="bbox 2201 4182 3752 4251; baseline -0.002 -15"><span class='ocrx_word' id='word_1_725' title='bbox 2201 4182 2501 4243; x_wconf 88' lang='grc' dir='ltr'>κανονικῶς</span> <span class='ocrx_word' id='word_1_726' title='bbox 2547 4182 2915 4250; x_wconf 82' lang='grc' dir='ltr'>ἀποδημῆσαι.</span> <span class='ocrx_word' id='word_1_727' title='bbox 2965 4182 3237 4251; x_wconf 70' lang='grc' dir='ltr'>Ψήφισμα</span> <span class='ocrx_word' id='word_1_728' title='bbox 3286 4184 3341 4235; x_wconf 82' lang='grc' dir='ltr'><strong>δέ</strong></span> <span class='ocrx_word' id='word_1_729' title='bbox 3385 4184 3417 4250; x_wconf 88' lang='grc' dir='ltr'><strong>ή</strong></span> <span class='ocrx_word' id='word_1_730' title='bbox 3460 4183 3752 4247; x_wconf 82' lang='grc' dir='ltr'>διάγνωσις</span> 
     </span>
    </p>
   </div>
   <div class='ocr_carea' id='block_1_104' title="bbox 2200 4273 3751 4345">
    <p class='ocr_par' dir='ltr' id='par_1_104' title="bbox 2200 4273 3751 4345">
     <span class='ocr_line' id='line_1_104' title="bbox 2200 4273 3751 4345; baseline 0 -18"><span class='ocrx_word' id='word_1_731' title='bbox 2200 4276 2295 4327; x_wconf 65' lang='grc' dir='ltr'><strong>καὶ¹</strong></span> <span class='ocrx_word' id='word_1_732' title='bbox 2347 4276 2378 4345; x_wconf 83' lang='grc' dir='ltr'><strong>ή</strong></span> <span class='ocrx_word' id='word_1_733' title='bbox 2432 4274 2704 4341; x_wconf 85' lang='grc' dir='ltr'>ἀπόφασις</span> <span class='ocrx_word' id='word_1_734' title='bbox 2762 4273 2994 4341; x_wconf 86' lang='grc' dir='ltr'>λέγεται.</span> <span class='ocrx_word' id='word_1_735' title='bbox 3057 4276 3187 4326; x_wconf 82' lang='grc' dir='ltr'>Κατ’</span> <span class='ocrx_word' id='word_1_736' title='bbox 3221 4276 3494 4342; x_wconf 81' lang='grc' dir='ltr'>ἐξαίρετον</span> <span class='ocrx_word' id='word_1_737' title='bbox 3544 4275 3601 4327; x_wconf 84' lang='grc' dir='ltr'><strong>δέ</strong></span> <span class='ocrx_word' id='word_1_738' title='bbox 3656 4280 3751 4327; x_wconf 84' lang='grc' dir='ltr'><strong>τοῦ</strong></span> 
     </span>
    </p>
   </div>
   <div class='ocr_carea' id='block_1_105' title="bbox 2204 4362 3753 4434">
    <p class='ocr_par' dir='ltr' id='par_1_105' title="bbox 2204 4362 3753 4434">
     <span class='ocr_line' id='line_1_105' title="bbox 2204 4362 3753 4434; baseline 0.002 -18"><span class='ocrx_word' id='word_1_739' title='bbox 2204 4364 2592 4434; x_wconf 84' lang='grc' dir='ltr'>πρωτεύοντος,</span> <span class='ocrx_word' id='word_1_740' title='bbox 2627 4365 2813 4431; x_wconf 63' lang='grc' dir='ltr'>φησιν,</span> <span class='ocrx_word' id='word_1_741' title='bbox 2859 4362 2979 4415; x_wconf 79' lang='grc' dir='ltr'>ἐπεὶ</span> <span class='ocrx_word' id='word_1_742' title='bbox 3029 4364 3085 4414; x_wconf 87' lang='grc' dir='ltr'><strong>ἐν</strong></span> <span class='ocrx_word' id='word_1_743' title='bbox 3126 4363 3293 4432; x_wconf 82' lang='grc' dir='ltr'>ἑτέρῳ</span> <span class='ocrx_word' id='word_1_744' title='bbox 3326 4366 3507 4418; x_wconf 85' lang='grc' dir='ltr'>κανόνι</span> <span class='ocrx_word' id='word_1_745' title='bbox 3537 4368 3753 4434; x_wconf 77' lang='grc' dir='ltr'>εἴρηται</span> 
     </span>
    </p>
   </div>
   <div class='ocr_carea' id='block_1_106' title="bbox 2204 4453 3755 4524">
    <p class='ocr_par' dir='ltr' id='par_1_106' title="bbox 2204 4453 3755 4524">
     <span class='ocr_line' id='line_1_106' title="bbox 2204 4453 3755 4524; baseline 0.002 -17"><span class='ocrx_word' id='word_1_746' title='bbox 2204 4457 2281 4508; x_wconf 83' lang='grc' dir='ltr'>ὅτι</span> <span class='ocrx_word' id='word_1_747' title='bbox 2334 4454 2428 4506; x_wconf 74' lang='grc' dir='ltr'>καὶ</span> <span class='ocrx_word' id='word_1_748' title='bbox 2480 4453 2585 4505; x_wconf 86' lang='grc' dir='ltr'><strong>τῶν</strong></span> <span class='ocrx_word' id='word_1_749' title='bbox 2631 4454 2938 4505; x_wconf 70' lang='grc' dir='ltr'>ἐπισκόπων</span> <span class='ocrx_word' id='word_1_750' title='bbox 2970 4454 3065 4521; x_wconf 77' lang='grc' dir='ltr'><strong>τῆς</strong></span> <span class='ocrx_word' id='word_1_751' title='bbox 3121 4455 3388 4523; x_wconf 75' lang='grc' dir='ltr'>ἐπαρχίας</span> <span class='ocrx_word' id='word_1_752' title='bbox 3424 4457 3637 4524; x_wconf 82' lang='grc' dir='ltr'>ἐκείνης</span> <span class='ocrx_word' id='word_1_753' title='bbox 3671 4458 3755 4510; x_wconf 76' lang='grc' dir='ltr'><strong>δεῖ</strong></span> 
     </span>
    </p>
   </div>
   <div class='ocr_carea' id='block_1_107' title="bbox 2204 4543 3753 4611">
    <p class='ocr_par' dir='ltr' id='par_1_107' title="bbox 2204 4543 3753 4611">
     <span class='ocr_line' id='line_1_107' title="bbox 2204 4543 3753 4611; baseline 0.003 -16"><span class='ocrx_word' id='word_1_754' title='bbox 2204 4544 2523 4609; x_wconf 77' lang='grc' dir='ltr'>κομίζεσθαι</span> <span class='ocrx_word' id='word_1_755' title='bbox 2574 4545 2662 4595; x_wconf 68' lang='grc' dir='ltr'>τὸν</span> <span class='ocrx_word' id='word_1_756' title='bbox 2691 4543 3072 4611; x_wconf 81' lang='grc' dir='ltr'>ἀποδημοῦντα</span> <span class='ocrx_word' id='word_1_757' title='bbox 3105 4545 3409 4607; x_wconf 86' lang='grc' dir='ltr'>ἐπιστολάς.</span> <span class='ocrx_word' id='word_1_758' title='bbox 3448 4546 3543 4598; x_wconf 80' lang='grc' dir='ltr'>Διά</span> <span class='ocrx_word' id='word_1_759' title='bbox 3594 4547 3753 4599; x_wconf 78' lang='grc' dir='ltr'>τοῦτο</span> 
     </span>
    </p>
   </div>
   <div class='ocr_carea' id='block_1_108' title="bbox 2203 4631 3743 4704">
    <p class='ocr_par' dir='ltr' id='par_1_108' title="bbox 2203 4631 3743 4704">
     <span class='ocr_line' id='line_1_108' title="bbox 2203 4631 3743 4704; baseline 0 -17"><span class='ocrx_word' id='word_1_760' title='bbox 2203 4631 2294 4687; x_wconf 67' lang='grc' dir='ltr'>οὖν</span> <span class='ocrx_word' id='word_1_761' title='bbox 2323 4635 2412 4686; x_wconf 63' lang='grc' dir='ltr'><strong>τὸν</strong></span> <span class='ocrx_word' id='word_1_762' title='bbox 2442 4633 2597 4699; x_wconf 84' lang='grc' dir='ltr'>λόγον</span> <span class='ocrx_word' id='word_1_763' title='bbox 2624 4631 2775 4684; x_wconf 76' lang='grc' dir='ltr'>εἶπεν</span> <span class='ocrx_word' id='word_1_764' title='bbox 2806 4633 2895 4683; x_wconf 82' lang='grc' dir='ltr'>ἐπὶ</span> <span class='ocrx_word' id='word_1_765' title='bbox 2922 4632 3009 4683; x_wconf 83' lang='grc' dir='ltr'>τοῦ</span> <span class='ocrx_word' id='word_1_766' title='bbox 3044 4632 3410 4698; x_wconf 80' lang='grc' dir='ltr'>πρωτεύοντο;</span> <span class='ocrx_word' id='word_1_767' title='bbox 3442 4633 3743 4704; x_wconf 78' lang='grc' dir='ltr'>τῆςέπαρ-</span> 
     </span>
    </p>
   </div>
   <div class='ocr_carea' id='block_1_109' title="bbox 2204 4723 3749 4795">
    <p class='ocr_par' dir='ltr' id='par_1_109' title="bbox 2204 4723 3749 4795">
     <span class='ocr_line' id='line_1_109' title="bbox 2204 4723 3749 4795; baseline -0.004 -18"><span class='ocrx_word' id='word_1_768' title='bbox 2204 4730 2323 4795; x_wconf 87' lang='grc' dir='ltr'>χίας</span> <span class='ocrx_word' id='word_1_769' title='bbox 2372 4725 2432 4777; x_wconf 79' lang='grc' dir='ltr'>τὸ</span> <span class='ocrx_word' id='word_1_770' title='bbox 2477 4726 2592 4777; x_wconf 80' lang='grc' dir='ltr'>κατ’</span> <span class='ocrx_word' id='word_1_771' title='bbox 2625 4724 2920 4791; x_wconf 76' lang='grc' dir='ltr'>ἐξαίρετον,</span> <span class='ocrx_word' id='word_1_772' title='bbox 2976 4723 3237 4781; x_wconf 74' lang='grc' dir='ltr'>τουτέστι,</span> <span class='ocrx_word' id='word_1_773' title='bbox 3292 4723 3453 4773; x_wconf 59' lang='lat' dir='ltr'><strong>ira)?»</strong></span> <span class='ocrx_word' id='word_1_774' title='bbox 3505 4724 3604 4791; x_wconf 73' lang='grc' dir='ltr'>μὶν</span> <span class='ocrx_word' id='word_1_775' title='bbox 3656 4725 3749 4776; x_wconf 76' lang='grc' dir='ltr'>καὶ</span> 
     </span>
    </p>
   </div>
   <div class='ocr_carea' id='block_1_110' title="bbox 2202 4812 3743 4880">
    <p class='ocr_par' dir='ltr' id='par_1_110' title="bbox 2202 4812 3743 4880">
     <span class='ocr_line' id='line_1_110' title="bbox 2202 4812 3743 4880; baseline -0.003 -12"><span class='ocrx_word' id='word_1_776' title='bbox 2202 4819 2418 4869; x_wconf 82' lang='grc' dir='ltr'>πάντων</span> <span class='ocrx_word' id='word_1_777' title='bbox 2456 4817 2555 4867; x_wconf 88' lang='grc' dir='ltr'><strong>τῶν</strong></span> <span class='ocrx_word' id='word_1_778' title='bbox 2585 4815 2895 4866; x_wconf 83' lang='grc' dir='ltr'>ἐπισκόπων</span> <span class='ocrx_word' id='word_1_779' title='bbox 2930 4813 3027 4880; x_wconf 79' lang='grc' dir='ltr'>τῆς</span> <span class='ocrx_word' id='word_1_780' title='bbox 3055 4814 3232 4879; x_wconf 84' lang='grc' dir='ltr'>χώρας</span> <span class='ocrx_word' id='word_1_781' title='bbox 3262 4812 3402 4879; x_wconf 83' lang='grc' dir='ltr'>ἔχειν</span> <span class='ocrx_word' id='word_1_782' title='bbox 3435 4814 3743 4875; x_wconf 72' lang='grc' dir='ltr'>ἐπιστολὰς,</span> 
     </span>
    </p>
   </div>
   <div class='ocr_carea' id='block_1_111' title="bbox 2203 4902 3751 4973">
    <p class='ocr_par' dir='ltr' id='par_1_111' title="bbox 2203 4902 3751 4973">
     <span class='ocr_line' id='line_1_111' title="bbox 2203 4902 3751 4973; baseline -0.008 -13"><span class='ocrx_word' id='word_1_783' title='bbox 2203 4910 2320 4960; x_wconf 85' lang='grc' dir='ltr'>κατ’</span> <span class='ocrx_word' id='word_1_784' title='bbox 2351 4906 2625 4973; x_wconf 80' lang='grc' dir='ltr'>ἐξαίρετον</span> <span class='ocrx_word' id='word_1_785' title='bbox 2657 4904 2733 4961; x_wconf 86' lang='grc' dir='ltr'>δὲ,</span> <span class='ocrx_word' id='word_1_786' title='bbox 2770 4903 2882 4953; x_wconf 68' lang='grc' dir='ltr'>ἀντὶ</span> <span class='ocrx_word' id='word_1_787' title='bbox 2916 4903 3007 4953; x_wconf 77' lang='grc' dir='ltr'>τοῦ</span> <span class='ocrx_word' id='word_1_788' title='bbox 3037 4902 3235 4969; x_wconf 60' lang='grc' dir='ltr'>κυρίω,</span> <span class='ocrx_word' id='word_1_789' title='bbox 3269 4904 3344 4965; x_wconf 83' lang='grc' dir='ltr'>δὲ,</span> <span class='ocrx_word' id='word_1_790' title='bbox 3376 4903 3469 4953; x_wconf 81' lang='grc' dir='ltr'>τοῦ</span> <span class='ocrx_word' id='word_1_791' title='bbox 3510 4906 3751 4973; x_wconf 76' lang='grc' dir='ltr'>πρωτεύ..</span> 
     </span>
    </p>
   </div>
   <div class='ocr_carea' id='block_1_112' title="bbox 2202 4990 3749 5063">
    <p class='ocr_par' dir='ltr' id='par_1_112' title="bbox 2202 4990 3749 5063">
     <span class='ocr_line' id='line_1_112' title="bbox 2202 4990 3749 5063; baseline -0.003 -14"><span class='ocrx_word' id='word_1_792' title='bbox 2202 5014 2350 5058; x_wconf 79' lang='grc' dir='ltr'>οντος</span> <span class='ocrx_word' id='word_1_793' title='bbox 2395 4996 2537 5063; x_wconf 85' lang='grc' dir='ltr'>ἐχειν</span> <span class='ocrx_word' id='word_1_794' title='bbox 2582 4990 2932 5057; x_wconf 79' lang='grc' dir='ltr'>ἀπολυτικὴν,</span> <span class='ocrx_word' id='word_1_795' title='bbox 2980 4997 3386 5058; x_wconf 79' lang='grc' dir='ltr'>τετυπωμένην,</span> <span class='ocrx_word' id='word_1_796' title='bbox 3415 4993 3535 5059; x_wconf 80' lang='grc' dir='ltr'>ήτοι</span> <span class='ocrx_word' id='word_1_797' title='bbox 3578 4995 3749 5062; x_wconf 75' lang='grc' dir='ltr'>παρά-</span> 
     </span>
    </p>
   </div>
   <div class='ocr_carea' id='block_1_113' title="bbox 2202 5078 3751 5151">
    <p class='ocr_par' dir='ltr' id='par_1_113' title="bbox 2202 5078 3751 5151">
     <span class='ocr_line' id='line_1_113' title="bbox 2202 5078 3751 5151; baseline -0.003 -12"><span class='ocrx_word' id='word_1_798' title='bbox 2202 5087 2373 5142; x_wconf 72' lang='lat' dir='ltr'><strong>050w,</strong></span> <span class='ocrx_word' id='word_1_799' title='bbox 2405 5084 2679 5135; x_wconf 81' lang='grc' dir='ltr'>τυποῦσαν</span> <span class='ocrx_word' id='word_1_800' title='bbox 2709 5080 2948 5151; x_wconf 88' lang='grc' dir='ltr'>δηλονότι</span> <span class='ocrx_word' id='word_1_801' title='bbox 2977 5082 3277 5146; x_wconf 85' lang='grc' dir='ltr'>ἀναγκαίαν</span> <span class='ocrx_word' id='word_1_802' title='bbox 3307 5078 3444 5133; x_wconf 74' lang='grc' dir='ltr'>εἶναι</span> <span class='ocrx_word' id='word_1_803' title='bbox 3493 5084 3588 5150; x_wconf 78' lang='grc' dir='ltr'>τὴν</span> <span class='ocrx_word' id='word_1_804' title='bbox 3618 5085 3751 5135; x_wconf 77' lang='grc' dir='ltr'>ἀπο-</span> 
     </span>
    </p>
   </div>
   <div class='ocr_carea' id='block_1_114' title="bbox 2202 5173 3747 5243">
    <p class='ocr_par' dir='ltr' id='par_1_114' title="bbox 2202 5173 3747 5243">
     <span class='ocr_line' id='line_1_114' title="bbox 2202 5173 3747 5243; baseline 0.003 -20"><span class='ocrx_word' id='word_1_805' title='bbox 2202 5177 2398 5243; x_wconf 80' lang='grc' dir='ltr'>δημίαν</span> <span class='ocrx_word' id='word_1_806' title='bbox 2432 5173 2615 5235; x_wconf 73' lang='grc' dir='ltr'>αὑτοῦ,</span> <span class='ocrx_word' id='word_1_807' title='bbox 2654 5174 2683 5241; x_wconf 82' lang='grc' dir='ltr'>ἦ</span> <span class='ocrx_word' id='word_1_808' title='bbox 2716 5176 3123 5241; x_wconf 68' lang='grc' dir='ltr'>τετυπωμένην,</span> <span class='ocrx_word' id='word_1_809' title='bbox 3172 5174 3290 5223; x_wconf 69' lang='grc' dir='ltr'>ἀντὶ</span> <span class='ocrx_word' id='word_1_810' title='bbox 3320 5173 3411 5224; x_wconf 84' lang='grc' dir='ltr'>τοῦ</span> <span class='ocrx_word' id='word_1_811' title='bbox 3443 5175 3747 5241; x_wconf 83' lang='grc' dir='ltr'>ἐνσεσημα-</span> 
     </span>
    </p>
   </div>
   <div class='ocr_carea' id='block_1_115' title="bbox 2205 5262 3744 5333">
    <p class='ocr_par' dir='ltr' id='par_1_115' title="bbox 2205 5262 3744 5333">
     <span class='ocr_line' id='line_1_115' title="bbox 2205 5262 3744 5333; baseline -0.001 -17"><span class='ocrx_word' id='word_1_812' title='bbox 2205 5266 2427 5333; x_wconf 64' lang='grc' dir='ltr'>σμένην,</span> <span class='ocrx_word' id='word_1_813' title='bbox 2477 5264 2991 5332; x_wconf 67' lang='grc' dir='ltr'>ὑπογεγραμμένην,</span> <span class='ocrx_word' id='word_1_814' title='bbox 3030 5264 3101 5314; x_wconf 86' lang='grc' dir='ltr'>Τὸ</span> <span class='ocrx_word' id='word_1_815' title='bbox 3156 5262 3229 5323; x_wconf 78' lang='grc' dir='ltr'>δὲ,</span> <span class='ocrx_word' id='word_1_816' title='bbox 3264 5263 3380 5332; x_wconf 71' lang='grc' dir='ltr'>ήτοι</span> <span class='ocrx_word' id='word_1_817' title='bbox 3424 5265 3744 5328; x_wconf 73' lang='grc' dir='ltr'>παράθεσιν,</span> 
     </span>
    </p>
   </div>
   <div class='ocr_carea' id='block_1_116' title="bbox 2202 5353 3741 5419">
    <p class='ocr_par' dir='ltr' id='par_1_116' title="bbox 2202 5353 3741 5419">
     <span class='ocr_line' id='line_1_116' title="bbox 2202 5353 3741 5419; baseline -0.002 -12"><span class='ocrx_word' id='word_1_818' title='bbox 2202 5356 2319 5407; x_wconf 82' lang='grc' dir='ltr'>αντὶ</span> <span class='ocrx_word' id='word_1_819' title='bbox 2351 5353 2440 5404; x_wconf 77' lang='grc' dir='ltr'>τοῦ</span> <span class='ocrx_word' id='word_1_820' title='bbox 2470 5354 2853 5419; x_wconf 81' lang='grc' dir='ltr'>παρατιθείσαν</span> <span class='ocrx_word' id='word_1_821' title='bbox 2882 5355 3041 5405; x_wconf 67' lang='grc' dir='ltr'>αὑτὸν</span> <span class='ocrx_word' id='word_1_822' title='bbox 3074 5356 3183 5415; x_wconf 77' lang='grc' dir='ltr'>τοῖς</span> <span class='ocrx_word' id='word_1_823' title='bbox 3216 5354 3352 5419; x_wconf 55' lang='grc' dir='ltr'>πρὸς</span> <span class='ocrx_word' id='word_1_824' title='bbox 3379 5355 3471 5416; x_wconf 83' lang='grc' dir='ltr'>οὓς</span> <span class='ocrx_word' id='word_1_825' title='bbox 3506 5355 3741 5413; x_wconf 81' lang='grc' dir='ltr'>ἄπεισιν,</span> 
     </span>
    </p>
   </div>
   <div class='ocr_carea' id='block_1_117' title="bbox 2204 5443 3744 5516">
    <p class='ocr_par' dir='ltr' id='par_1_117' title="bbox 2204 5443 3744 5516">
     <span class='ocr_line' id='line_1_117' title="bbox 2204 5443 3744 5516; baseline 0.002 -23"><span class='ocrx_word' id='word_1_826' title='bbox 2204 5446 2368 5512; x_wconf 70' lang='grc' dir='ltr'>ἤγουν</span> <span class='ocrx_word' id='word_1_827' title='bbox 2398 5445 2788 5513; x_wconf 75' lang='grc' dir='ltr'>γνωρίζουσαν,</span> <span class='ocrx_word' id='word_1_828' title='bbox 2828 5443 3082 5506; x_wconf 78' lang='grc' dir='ltr'>ἀξιοῦσαν</span> <span class='ocrx_word' id='word_1_829' title='bbox 3113 5445 3237 5513; x_wconf 72' lang='grc' dir='ltr'>περὶ</span> <span class='ocrx_word' id='word_1_830' title='bbox 3269 5445 3449 5507; x_wconf 70' lang='grc' dir='ltr'>αὑτοῦ,</span> <span class='ocrx_word' id='word_1_831' title='bbox 3475 5448 3744 5516; x_wconf 82' lang='grc' dir='ltr'>παριστῶ-</span> 
     </span>
    </p>
   </div>
   <div class='ocr_carea' id='block_1_118' title="bbox 2200 5553 2507 5588">
    <p class='ocr_par' dir='ltr' id='par_1_118' title="bbox 2200 5553 2507 5588">
     <span class='ocr_line' id='line_1_118' title="bbox 2200 5553 2507 5588; baseline -0.01 -2"><span class='ocrx_word' id='word_1_832' title='bbox 2200 5553 2292 5588; x_wconf 63' lang='grc' dir='ltr'>σα»</span> <span class='ocrx_word' id='word_1_833' title='bbox 2334 5553 2507 5587; x_wconf 67' lang='grc' dir='ltr'>αυτιν.</span> 
     </span>
    </p>
   </div>
  </div>
