4018 6306
483 325 582 388 ῙΞἹ

1702 321 1981 382 ΤΗΕΟΙ).
2012 318 2413 379 BALSAMON

3589 315 3694 382 123

471 440 827 493 clesiasticam
871 440 1225 502 immobilem,
1277 453 1395 508 qure
1446 438 1638 491 nullius
1685 448 1764 490 est
1812 438 2030 488 omnino

2160 437 2291 489 ὀὖτο
2335 438 2503 507 δεήσῃ
2539 435 2900 505 ἐκποιηθῆναι
2949 437 3205 503 ἀκίνητον
3237 433 3697 503 ἐκκλησιαστικὸν

479 529 681 579 reditus
731 528 869 595 (qua:
917 527 1057 580 enim
1099 525 1251 578 atl'crt
1306 525 1534 578 reditum
1613 523 1754 576 nulla
1812 524 2026 575 ratione

475 616 799 676 alienatur),
856 625 1058 683 eporIeI
1119 616 1217 666 hoc
1280 615 1346 667 ad
1407 615 1687 682 primatem
1775 613 2028 667 Ecclesiae

481 721 566 758 seu
628 707 1094 772 metropolitanum
1172 705 1408 768 referre,
1469 715 1523 756 ct
1585 720 1704 757 cum
1765 705 2030 773 praeﬁnito

477 796 848 860 episc0porum
916 810 1180 857 numero,
1235 796 1512 848 duodecim
1553 796 1754 847 scilicet
1817 794 2029 847 antisti-

479 892 610 947 tum,
653 898 786 950 quos
834 887 1210 937 convenientes
1251 887 1508 938 adversus
1576 888 1879 954 cp‘scopum
1920 887 2031 936 cri-

482 973 801 1025 minationes
851 975 1054 1034 audire,
1104 985 1160 1026 ut
1216 990 1357 1042 szepe
1395 975 1593 1026 dictum
1633 987 1713 1028 ρει
1748 1013 1761 1033 .
1822 975 2032 1026 ροιιδιιι-

482 1072 594 1114 tare
644 1062 836 1116 debere
890 1065 1076 1115 statuit
1123 1066 1244 1129 quid
1289 1065 1355 1116 sit
1397 1065 1679 1131 agendum.
1726 1063 1818 1115 Sin
1855 1075 2031 1116 autem

485 1166 670 1208 magna
717 1164 864 1219 urget
910 1155 1188 1206 ecclesiam
1226 1154 1517 1207 necessitas
1565 1155 1629 1206 ad
1672 1154 2032 1218 alienandum,

484 1248 536 1289 et
567 1254 671 1290 non
709 1249 882 1305 potest
910 1242 1194 1308 episcopus
1221 1246 1282 1293 ad
1318 1244 1778 1307 metropolitanum
1812 1253 1865 1296 et
1891 1259 2035 1296 com-

487 1339 727 1395 petentes
761 1331 1036 1396 episcopos
1063 1331 1128 1383 de
1166 1345 1224 1384 ea
1257 1346 1309 1383 re
1352 1332 1551 1383 referre
1580 1350 1592 1383 :
1642 1334 1804 1385 debet
1828 1333 2034 1385 vicinos

489 1419 766 1484 episcopos
810 1434 1088 1474 accersere
1115 1421 1177 1472 ad
1222 1424 1605 1474 testiiicandam
1640 1437 1817 1474 acrem
1854 1433 1906 1476 et
1950 1437 2037 1473 nr-

490 1518 699 1573 gentem
748 1512 1120 1562 necessitatem
1159 1511 1452 1563 alienand-Je
1494 1512 1591 1564 rei.
1641 1511 1693 1564 Si
1724 1521 1900 1564 autem
1940 1513 2038 1564 hoc

493 1611 596 1646 non
637 1596 841 1659 fecerit,
876 1608 930 1650 et
981 1598 1085 1651 Deo
1115 1600 1214 1650 erit
1247 1596 1511 1653 obno‘xius
1542 1610 1593 1652 et
1627 1602 1938 1667 deponetur.
1979 1602 2040 1652 Et

493 1685 544 1736 in
571 1686 652 1738 his
680 1687 890 1752 quidem
926 1689 1168 1741 consistit
1196 1705 1388 1742 canon.
1415 1689 1491 1742 Tu
1520 1700 1694 1743 autem
1723 1693 1836 1760 lege
1867 1702 2036 1746 totum

2136 528 2351 586 πάντως
2394 527 2688 594 άπρόσοδον
2743 527 2821 596 (τὸ
2848 526 2954 594 γάρ
2998 525 3120 594 ἔχον
3161 525 3414 593 πρόσοδον
3445 525 3701 592 ὁπωσδήο

2135 634 2265 668 ποτε
2297 617 2393 668 οὐκ
2424 619 2765 678 ὲκποιεῖται),
2795 617 2899 685 χρὴ
2937 617 3004 667 τά
3033 617 3161 684 περὶ
3182 615 3373 668 τούτου
3405 616 3700 683 ἀναφέρειν

2134 704 2212 772 τῷ
2251 703 2581 772 πρωτεύοντι
2640 705 2737 771 τῆς
2771 703 3058 772 ἐπαρχίας,
3095 704 3260 771 ἦγουν
3307 703 3386 770 τῷ
3420 718 3702 771 μητροπο-

2136 795 2276 863 λίτῃ.
2318 795 2409 844 καὶ
2446 794 2581 861 μετά
2613 793 2706 844 τοῦ
2748 794 3048 860 ὡρισμένου
3079 793 3309 861 ἀριθμοῦ
3346 793 3453 844 τῶν
3475 792 3704 844 ἐπισκό-

2139 900 2275 944 πων,
2303 883 2468 950 ἤγουν
2495 883 2602 932 τῶν
2623 882 2826 932 δώδεκα
2852 881 3171 949 ἀρχιερέων,
3196 880 3288 941 οὓς
3311 879 3545 947 ὡρίσατο
3571 896 3702 932 συν·

2141 973 2314 1033 ιόνιας
2363 972 2664 1037 ἀκροᾶσθαι
2703 969 2809 1022 τῶν
2845 972 2982 1022 κατά
3031 971 3123 1021 τοῦ
3177 969 3472 1022 ἐπισκόπου
3520 971 3704 1023 uitta-

2145 1064 2347 1130 μάτων,
2384 1062 2564 1124 καθὼς
2588 1063 2844 1124 πολλάκις
2874 1063 3107 1130 εῖρηατι,
3155 1059 3499 1129 βουλεύεσθαι
3529 1060 3584 1111 τι
3616 1061 3704 1112 δεῖ

2141 1153 2362 1219 πρᾶξαι.
2395 1155 2455 1204 Εἰ
2479 1153 2535 1206 δὲ
2566 1155 2775 1221 μεγάλη
2808 1154 3016 1218 ἀνάγκη
3055 1153 3230 1220 βιάζει
3273 1152 3369 1217 τὴν
3400 1149 3701 1217 ἐκκλησίαν

2142 1244 2219 1302 εἰς
2245 1241 2342 1310 τὴν
2389 1243 2692 1309 ἐκποίησιν,
2738 1244 2831 1293 καὶ
2880 1243 2937 1293 υῦ
2970 1242 3189 1292 δύναται
3238 1235 3266 1291 ό
3309 1239 3605 1300 ἐπίσκοπος
3631 1241 3706 1291 τά

2145 1335 2248 1400 πρὸ
2306 1334 2493 1384 τούτου
2544 1334 2835 1400 ἀναφέρειν
2887 1332 2964 1400 τῷ
3023 1332 3392 1400 μητροπολέτῃ
3449 1331 3542 1382 καὶ
3588 1331 3704 1390 τοῖς

2145 1425 2474 1490 προσφόροις
2505 1425 2845 1484 ἐπισκόποις,
2883 1422 3084 1489 ὀφείλει
3121 1419 3543 1487 μετακαλεῖσθαι
3572 1421 3706 1482 τοὺς

2145 1513 2547 1578 γειτνιάζοντας
2574 1514 2906 1574 ἐπισκόπους
2937 1515 3013 1570 εἰς
3041 1513 3341 1581 μαρτυρίαν
3370 1513 3467 1580 τῆς
3496 1529 3552 1563 τε
3581 1510 3707 1574 ὀξύ-

2144 1621 2300 1671 τητος
2327 1606 2422 1670 τῆς
2455 1605 2697 1672 ἀνάγκης
2731 1605 2822 1655 καὶ
2880 1604 2973 1670 τῆς
3031 1602 3426 1668 περιστατικῆς
3475 1600 3706 1666 ἐκποιή-

2148 1709 2282 1751 σεω;
2305 1691 2396 1742 τοῦ
2423 1693 2765 1760 πράγματος.
2789 1691 2847 1740 Εἰ
2882 1690 2944 1758 δὴ
2981 1691 3052 1758 μὴ
3080 1689 3219 1742 οὕτω
3244 1690 3477 1757 ποιήσει,
3511 1687 3600 1738 καὶ
3628 1684 3709 1750 τῷ

495 1775 784 1824 secundum
833 1774 1040 1826 titulum
1075 1776 1240 1841 quinti
1275 1776 1390 1828 libri
1423 1777 1634 1830 Basilio.
1672 1794 1788 1844 qua:
1825 1787 1906 1831 est
1939 1794 2037 1832 no-

2160 1780 2259 1847 ὖεῴ
2283 1779 2575 1837 ὑπεύθυνος
2615 1779 2786 1839 ἔσται,
2835 1780 2928 1830 καὶ
2975 1779 3460 1847 καθαιρεθήσεται.
3498 1776 3606 1828 Καὶ
3635 1775 3710 1827 τὶ

495 1865 626 1916 vella
645 1864 924 1917 Justiniani
959 1867 1079 1929 190,
1097 1883 1211 1934 qua:
1237 1869 1445 1933 quidem
1467 1871 1619 1922 docet
1638 1871 1699 1923 de
1721 1871 2040 1937 empyteusi,

495 1956 805 2008 venditione
858 1966 910 2007 et
937 1957 1003 2009 de
1037 1959 1202 2021 omni,
1229 1969 1284 2012 ut
1305 1963 1465 2013 semel
1494 1961 1686 2020 dicam,
1719 1961 2044 2013 alienatione

501 2057 677 2095 rerum
716 2059 817 2096 non
857 2047 1032 2098 solum
1065 2049 1440 2116 episcopalium
1463 2091 1477 2112 ,
1507 2051 1618 2102 sive
1646 2051 2045 2103 ecclesiastica-

502 2148 640 2193 rum,
663 2133 752 2184 sed
780 2135 936 2186 etiam
970 2140 1419 2199 monasterialium
1445 2178 1458 2202 ,
1481 2149 1533 2192 et
1569 2142 1632 2193 ad
1672 2151 2044 2195 sacrosanctus

502 2223 641 2275 redes
678 2224 1052 2289 pertinentium
1092 2244 1104 2277 :
1137 2229 1378 2280 similiter
1420 2231 1565 2283 etde
1596 2230 1913 2284 alienatione
1960 2247 2047 2283 sa-

503 2327 715 2366 crorum
749 2330 1011 2367 vasorum.
1048 2317 1111 2369 Et
1133 2320 1420 2372 secundum
1452 2322 1660 2386 quidem
1694 2324 1831 2374 hanc
1864 2323 2046 2375 novel-

506 2403 632 2462 lam,
678 2417 796 2470 quae
834 2415 915 2456 est
963 2409 1209 2468 praesenti
1258 2423 1466 2462 canone
1535 2411 1698 2461 nmlto
1742 2414 2050 2473 recentior;

506 2493 631 2558 quin
664 2502 716 2545 et
765 2500 1055 2550 secundum
1135 2502 1570 2555 constitutionem
1642 2501 2003 2557 Nomocanoni
2034 2542 2050 2566 ,

507 2598 626 2648 quae
657 2584 707 2636 in
759 2584 974 2640 Basilic.
1041 2588 1272 2643 admissa
1328 2601 1380 2644 et
1419 2593 1612 2645 ibidem
1666 2594 1764 2644 sita
1813 2603 1916 2652 est,
1969 2596 2054 2648 die

506 2673 789 2740 aliquando
836 2679 1048 2743 quidem
1093 2694 1196 2731 non
1240 2681 1505 2747 prohiberi
1562 2683 1911 2736 alienationes
1963 2697 2052 2747 ec-

506 2765 933 2819 clesiasticorum
977 2769 1054 2820 vcl
1087 2771 1244 2822 etiam
1283 2772 1740 2825 monasterialium
1779 2774 2052 2826 mobilium

508 2864 560 2906 et
599 2857 948 2910 immobilium
976 2860 1257 2917 bonorum.
1295 2860 1577 2927 aliquando
1612 2875 1736 2914 VPI‘O
1763 2863 2052 2927 prohiberi.

512 2944 649 3012 Lege
696 2954 750 2998 et
791 2951 1080 3000 secundum
1113 2959 1265 3013 caput
1309 2952 1545 3015 cpistola:
1575 2952 1743 3002 sancti
1778 2950 1958 3020 Cyrilli
1988 2954 2054 3007 ad

514 3034 794 3089 lion-mum.
852 3037 986 3088 Nota
1036 3049 1210 3091 autem
1251 3056 1312 3092 ex
1363 3047 1608 3107 prmsenti
1667 3061 1871 3100 canone
1913 3048 2052 3114 quod

509 3139 625 3190 qua:
650 3127 974 3192 synodaliter
1009 3128 1138 3180 {lunt
1164 3131 1229 3183 de
1253 3133 1428 3186 causis
1459 3138 1768 3199 quibusdam
1802 3138 2055 3192 ecclesia-

510 3215 660 3267 sticis
684 3225 905 3273 statuta.
935 3226 986 3269 et
1021 3222 1221 3272 decreti
1256 3222 1424 3273 locum
1454 3225 1714 3288 obtinent,
1736 3228 1930 3280 debent
1960 3243 2048 3281 ne-

509 3305 744 3356 (ιι-δεινῇ)
782 3306 893 3359 ﬁeri
929 3323 956 3358 a
1001 3311 1224 3374 primate
1244 3314 1524 3376 provinciae
1558 3327 1610 3366 et
1643 3318 1920 3370 duodecim
1957 3335 2054 3370 au-

512 3394 797 3457 tistitibus;
829 3405 882 3447 et
909 3411 1025 3462 quae
1058 3399 1233 3465 aliquo
1273 3401 1378 3453 alio
1407 3403 1565 3472 modo
1603 3405 1752 3465 fiunt,
1776 3407 1878 3459 vim
1905 3424 2055 3460 suam

516 3499 615 3536 non
651 3486 983 3548 obtinebunt,
1023 3499 1078 3539 ut
1118 3491 1245 3540 mihi
1281 3491 1508 3555 videtur,
1561 3505 1741 3561 utpote
1771 3513 1885 3559 ane
1927 3513 2059 3550 con-

513 3576 700 3628 sistere
747 3585 1034 3643 nequeant.
1096 3576 1359 3630 Prteterea
1415 3590 1558 3644 nota,
1599 3585 1735 3647 quod
1780 3587 2062 3652 deponitur

507 3667 814 3733 episcopus,
868 3669 956 3735 qtti
1016 3683 1118 3720 non
1162 3672 1454 3723 secundum
1502 3673 1695 3726 dictam
1760 3675 2050 3730 Justianini

516 3755 773 3808 novellam
802 3758 1218 3810 ecclesiasticum
1262 3775 1470 3813 sacrum
1501 3763 1582 3813 vel
1621 3765 1890 3817 immobile
1929 3767 2059 3819 alie-

520 3856 628 3909 nat,
658 3848 865 3901 etiamsi
909 3849 1195 3913 hoczdicta:
1239 3851 1458 3903 novella;
1503 3867 1607 3902 non
1659 3853 1727 3905 sit
1776 3854 2062 3921 adjectum.

520 3937 608 3990 list
638 3940 776 3992 enim
804 3940 1081 3991 manifeste
1110 3939 1467 4008 sacrilegium,
1500 3957 1618 4009 qu:e
1647 3957 1751 3997 non
1780 3946 1844 3997 sit
1872 3961 2063 4000 secun-

517 4027 640 4078 dum
677 4029 942 4081 novellam
976 4030 1244 4083 alienatio.

591 4293 842 4347 ZONAll.
923 4296 1321 4350 Ecclesiasticas
1394 4303 1759 4366 possessiones
1833 4305 2069 4358 alienare

2148 1873 2242 1936 μὲν
2268 1870 2360 1921 τοῦ
2408 1872 2626 1927 κανόνος
2677 1870 2734 1922 ὲν
2764 1871 2998 1930 τούτοις’
3056 1869 3120 1921 σὺ
3175 1869 3231 1920 δὲ
3276 1868 3587 1933 ἀνάγνωσον
3614 1867 3710 1919 τδν

2144 1962 2261 2011 ὅλον
2297 1959 2343 2027 β’
2367 1960 2545 2010 τίτλον
2572 1959 2664 2011 τοῦ
2695 1964 2732 2009 ε’
2769 1959 2973 2026 βιόλῖου
3001 1961 3107 2010 τῶν
3153 1959 3479 2022 Βασιλικῶν,
3505 1958 3706 2026 νεαρὰν

2144 2051 2271 2103 ὄντα
2306 2051 2728 2102 ’ῐουστινιάνειον
2761 2055 2864 2119 ρκ’.
2905 2051 2998 2101 καὶ
3022 2051 3340 2103 διδάσκοντα
3373 2051 3499 2118 περὶ
3525 2051 3706 2117 ἐμφυ-

2146 2141 2400 2202 τεύσεως,
2452 2139 2729 2208 πράσεως,
2763 2140 2855 2190 καὶ
2884 2139 3072 2202 ἁπλῶς
3102 2140 3230 2206 περὶ
3261 2141 3439 2204 πάσης
3480 2141 3711 2208 ἐκποιή-

2149 2252 2304 2296 σεως,
2346 2235 2407 2284 οὐ
2453 2234 2613 2302 μόνον
2647 2233 3022 2284 ἐπισκοπικῶν
3059 2232 3168 2301 (ἓξ)
3195 2233 3309 2300 ἦτοι
3335 2232 3713 2298 ἐκκλησιαστιο

2150 2325 2258 2376 κετιν
2290 2324 2652 2390 πραγμάτων.
2681 2323 2814 2374 ἀλλά
2845 2325 2940 2373 καὶ
2975 2323 3443 2389 μοναστηριακῶν,
3483 2323 3575 2373 καὶ
3599 2322 3713 2372 τῶν

2151 2415 2458 2481 ἀνηκόντων
2499 2414 2751 2480 εύαγέσιν
2797 2414 2984 2474 οἴκοις,
3018 2413 3278 2471 ὡσαύτως
3325 2414 3420 2464 καὶ
3461 2413 3583 2479 περὶ
3615 2413 3714 2462 ὲκ-

2151 2508 2419 2573 ποιήσεως
2471 2505 2632 2573 ἱερῶν
2683 2502 2915 2555 σκευῶν.
2979 2504 3085 2554 Καὶ
3120 2502 3261 2555 κατὰ
3311 2501 3407 2569 τὴν
3459 2501 3718 2568 τοιαύτην

2159 2593 2357 2657 νεαρὰν
2401 2590 2862 2659 μεταγενεστέραν
2916 2585 3078 2642 οὖσαν
3125 2591 3264 2642 κατὰ
3309 2589 3441 2642 πολὺ
3492 2590 3580 2641 τοῦ
3613 2607 3720 2641 πα-

2155 2683 2337 2751 ρόντος
2360 2681 2602 2741 κανόνος,
2649 2680 2784 2731 ἀλλά
2827 2679 2920 2730 καὶ
2954 2681 3092 2747 μετά
3118 2681 3212 2748 τὴν
3239 2680 3487 2731 σύνθεσιν
3513 2678 3604 2731 τοῦ
3627 2696 3718 2729 νο-

2156 2769 2450 2834 μοκανόνου
2493 2767 2773 2834 δεχθεῖσαν
2832 2768 2924 2817 καὶ
2979 2767 3458 2819 καταστοωθεῖσαν
3507 2770 3586 2828 εἰς
3641 2766 3718 2818 τὰ

2153 2858 2433 2919 Βασιλικὲι,
2471 2859 2616 2921 λέγε,
2648 2858 2773 2908 ποτὲ
2810 2859 2906 2924 μὲν
2941 2857 3014 2926 μὴ
3056 2858 3354 2909 κωλύεσθαι
3403 2859 3500 2919 τὰς
3532 2861 3720 2909 ἐκποι-

2155 2946 2305 3014 ήσεις
2329 2946 2433 2996 τῶν
2453 2947 2923 3016 ἐκκλησιαπικῶν
2954 2952 3045 2998 καὶ
3075 2947 3525 3015 μοναστηριακῶν
3563 2963 3722 3012 κινη-

2167 3040 2261 3090 τῶν
2298 3045 2390 3090 καὶ
2425 3041 2697 3105 ἀκινήτων
2735 3039 3097 3107 πραγμάτων,
3159 3039 3288 3090 ποτὲ
3333 3039 3388 3089 δὲ
3435 3039 3721 3104 ἐμποδίζε-

2164 3131 2306 3182 σθαι.
2336 3132 2444 3182 Καὶ
2468 3126 2737 3196 ἀὶάγνωοι
2768 3131 2861 3179 καὶ
2885 3130 2941 3179 τδ
2964 3130 3006 3197 β’
3027 3129 3218 3195 κεφάλ.
3243 3130 3338 3193 τῆς
3365 3128 3498 3194 πρὸς
3517 3128 3724 3194 Δόμνον

2166 3221 2450 3288 ἐπιστολῆς
2482 3221 2576 3272 τοῦ
2638 3221 2791 3286 ἁγίου
2843 3220 3130 3287 Κυριλλου.
3175 3220 3488 3286 Σημεῐωσαι
3518 3218 3570 3268 δὲ
3614 3219 3725 3268 ἀπὸ

2167 3310 2256 3362 τοῦ
2286 3312 2548 3377 παρόντος
2598 3310 2821 3370 κανόνος
2876 3312 2956 3361 ὅτι
3005 3311 3069 3360 τὰ
3118 3309 3409 3369 συνοδικῶς
3460 3308 3724 3375 γινόμενα

2169 3417 2230 3467 ση
2242 3402 2520 3466 μειώματα
2540 3400 2699 3468 χάριν
2721 3399 3185 3467 ὲκκλησιαστικῶν
3208 3414 3366 3450 τινων
3389 3399 3417 3450 ὑ
3429 3399 3721 3457 ποθέτεων,

2153 3493 2258 3542 ’καὶ
2281 3491 2534 3558 δεκρέτου
2561 3490 2721 3541 τόπον
2750 3491 3032 3556 ἐπέχοντα,
3082 3489 3139 3552 ἐξ
3173 3489 3412 3555 ἀνάγκης
3440 3486 3721 3552 ὀφείλουσι

2168 3580 2412 3646 γίνεσθαι
2477 3580 2624 3648 παρά
2665 3578 2757 3630 τοῦ
2807 3580 2941 3644 μετά
3003 3580 3184 3647 χώραν
3229 3580 3441 3647 πρώτου
3506 3577 3598 3627 καὶ
3650 3573 3728 3642 ιβ’

2169 3671 2488 3738 ἀρχιερέων,
2518 3671 2608 3722 καὶ
2639 3670 2703 3721 τά
2743 3669 2915 3731 ἄλλως
2955 3687 3070 3727 πως
3123 3669 3380 3734 γινόμενα
3411 3668 3485 3726 ὡς
3519 3665 3717 3716 ἀνυπό-

2173 3779 2338 3814 στατα
2390 3763 2485 3830 οὐχ
2531 3762 2713 3824 ἕξουσι
2754 3761 2815 3812 τὸ
2849 3760 3088 3826 ἐνεργὸν,
3119 3760 3191 3820 ὼς
3242 3758 3362 3825 ἐμοὶ
3390 3758 3547 3808 δοκεῖ.
3591 3756 3715 3812 Ἔτι

2174 3852 2472 3918 σημεξωσαι
2517 3852 2595 3903 ὅτι
2647 3849 3077 3917 καθαιρεῖσθαιὸ
3125 3847 3438 3906 ἐπίσκοπος,
3481 3845 3552 3914 μὴ
3587 3847 3730 3896 κατά

2172 3939 2268 4006 τὴν
2307 3939 2560 4006 ῥηθεῖσαν
2611 3939 3036 3990 Ἱουστινιάνειον
3089 3937 3287 4003 νεαρὰν
3340 3935 3730 4000 ἐκποιούμενος

2178 4029 2620 4094 ἐκκλησιαστικὸν
2651 4030 2790 4097 ἱερὸν
2814 4029 2843 4096 ἢ
2873 4028 3145 4097 ἀκίνητον,
3169 4027 3271 4078 κᾶν
3293 4026 3446 4077 τοῦτο
3470 4026 3528 4075 οὺ
3561 4025 3730 4090 πρόσ-

2179 4135 2350 4168 κειται
2396 4119 2461 4182 τῇ
2509 4117 2738 4185 ῥηθείσῃ
2776 4116 2964 4181 νεαρᾷ.
3007 4113 3299 4181 ἰεροσυλία
3335 4111 3441 4178 γὰρ
3471 4107 3730 4174 ἄντικρύς

2177 4207 2318 4257 ἐστιν
2351 4205 2382 4271 ὴ
2429 4205 2501 4271 μὴ
2540 4204 2676 4254 κατά
2707 4205 2802 4268 τὴν
2843 4202 3042 4268 νεαρὰν
3078 4199 3337 4266 γινομένη
3371 4196 3676 4262 ὲκποξησις.

2247 4293 2483 4348 ΖΩΝΑΡ.
2516 4295 2595 4343 Ti
2625 4292 3047 4355 ἐκκλησιαστικά
3082 4291 3374 4356 πράγματα
3403 4286 3734 4354 άνεκποίητα

523 4384 742 4436 omnino
786 4385 924 4437 haud
964 4386 1104 4438 licet.
1136 4387 1290 4451 Quod
1330 4390 1371 4440 si
1409 4390 1520 4454 ejus
1561 4393 1632 4443 rei
1671 4394 1850 4460 gravis
1894 4396 2052 4461 aliqu:

2179 4386 2314 4441 εἶναι
2341 4389 2439 4441 δεῖ.
2478 4389 2602 4440 Ἐὰν
2631 4388 2685 4437 δὲ
2711 4387 2876 4454 πολλή
2913 4403 2995 4438 τις
3027 4385 3238 4449 ἀνάγκη
3285 4381 3608 4447 κατεπείγῃ,
3642 4381 3735 4430 καὶ

526 4474 814 4529 necessitas
874 4477 1179 4543 contingat,
1229 4479 1406 4547 sitque
1454 4481 1728 4534 alienanda
1800 4486 2070 4550 possessio

530 4563 724 4617 sterilis
763 4575 815 4615 et
856 4565 1214 4630 infructuosa;
1272 4578 1380 4621 tum
1417 4585 1564 4631 vero,
1620 4583 1674 4624 et
1708 4572 2072 4640 iulrugiferam

524 4668 640 4704 eam
674 4668 782 4707 rem
821 4670 957 4718 esse,
1007 4665 1058 4708 et
1112 4672 1322 4722 gravem
1355 4659 1469 4725 ejus
1505 4659 1797 4714 alienanda:
1839 4667 2077 4721 necessi-

529 4755 685 4796 tatem
718 4745 931 4805 insmre,
967 4748 1250 4812 provincia:
1281 4749 1514 4814 primati,
1553 4753 1962 4818 metropolitano
1993 4756 2072 4805 vi-

525 4833 718 4885 delicet
747 4832 998 4892 indicare,
1033 4849 1095 4886 ac
1129 4836 1194 4887 de
1235 4851 1289 4887 re
1323 4847 1429 4887 tota
1457 4836 1614 4905 552
1645 4854 1763 4891 cum
1808 4843 2074 4908 prmliuilo

526 4924 893 4990 episcOpnrnm
945 4940 1168 4977 numero
1221 4927 1518 4980 deliberare
1561 4937 1794 4995 oportet.
1842 4930 2080 4984 Prwlini-

530 5025 636 5064 tum
689 5026 817 5066 vero
856 5030 1168 5075 numerum,
1209 5017 1508 5077 duodecim,
1541 5033 1673 5085 quos
1704 5020 1751 5070 in
1798 5021 2076 5087 episceno-

534 5118 646 5153 rum
677 5102 990 5157 criminibus
1025 5106 1327 5171 Cognitores
1355 5122 1471 5160 esse
1495 5109 1635 5169 vult,
1681 5110 1898 5177 intelligi
1934 5112 2080 5163 arbi-

533 5202 666 5246 lrur.
707 5192 761 5243 Si
796 5207 922 5245 vero
959 5196 1300 5247 necessitatis
1346 5196 1458 5260 ejus
1503 5213 1690 5262 magna
1725 5201 1801 5252 vis
1834 5203 2083 5269 episcopo

535 5284 996 5354 inctropolitarnun
1045 5287 1294 5348 adeundi,
1324 5300 1376 5339 et
1424 5305 1540 5340 cum
1590 5291 1855 5358 episcopis
1887 5294 2088 5347 delibe-

2171 4481 2244 4538 τὸ,
2265 4478 2449 4544 μέλλον
2476 4476 2540 4526 δι’
2568 4477 2783 4541 ἐκείνην
2829 4472 3166 4524 ὲκποιεῐσθαι
3221 4469 3517 4537 άπρόαοδον
3626 4467 3732 4533 χρὴ

2174 4567 2348 4630 τοῦτο,
2411 4568 2467 4617 τῦ
2498 4562 2637 4619 εἷναί
2681 4583 2738 4616 τε
2795 4563 3091 4630 ἀπρόσοδον
3123 4561 3182 4611 τδ
3234 4562 3487 4627 πρᾶγμα.
3539 4559 3631 4609 καὶ
3675 4557 3736 4607 τὺ

2178 4656 2594 4722 κατεπείγεσθαι
2629 4654 3005 4721 ὑπδξάνάγκης
3042 4650 3262 4717 πολλῆς,
3312 4645 3632 4716 ἐμφανίζειν
3658 4646 3733 4713 τῷ

2177 4746 2508 4814 πρωτεύοντι
2538 4747 2634 4812 τῆς
2666 4743 2950 4810 ἐπαρχίας,
2978 4739 3175 4807 δηλαδὴ
3208 4739 3284 4806 τῷ
3334 4737 3732 4805 μητροπολίτῃ,

2184 4838 2278 4888 καὶ
2327 4837 2460 4903 μετά
2505 4836 2594 4886 τοῦ
2628 4833 2928 4901 ὡρισμένου
2986 4831 3216 4899 ἀριθμοῦ
3274 4830 3382 4880 τῶν
3422 4827 3737 4878 ἐπισκόπων

2187 4926 2550 4995 βουλεύεσθαι,
2581 4925 2630 4974 τί
2670 4925 2748 4974 δεῖ
2785 4923 3005 4990 πρᾶξαι.
3047 4920 3363 4988 Ὠρισμένον
3395 4919 3448 4968 δὲ
3484 4916 3733 4984 ἀριθμὸν,

2184 5016 2355 5085 οἶμαι,
2385 5017 2529 5081 λέγει
2561 5016 2687 5072 τοὺς
2730 5011 2814 5079 ιβ’,
2843 5010 2933 5070 οὓς
2965 5011 3197 5076 ὡρίσατο
3225 5010 3502 5067 συνιόντας
3544 5006 3742 5072 ἀκροᾶ-

2191 5114 2310 5164 σθαι
2348 5112 2453 5160 τῶν
2484 5109 2625 5158 κατά
2655 5105 2964 5157 ἐπισκόπων
3014 5101 3369 5166 αἱτιαμάτων.
3424 5099 3485 5149 Εἰ
3521 5097 3575 5148 δὲ
3609 5112 3737 5158 σιρο-

2191 5205 2291 5269 δρά
2320 5219 2398 5253 τις
2425 5200 2506 5266 εἴη
2548 5197 2779 5262 ἀνάγκη,
2814 5196 2885 5254 ὡς
2947 5194 3020 5261 μὴ
3057 5194 3276 5251 δυνατὶν
3328 5185 3464 5241 εἶναι
3510 5184 3736 5254 προσελ-

2194 5293 2304 5343 Οεῖν
2342 5290 2430 5339 τὸν
2464 5289 2758 5338 ἐπίσκοπον
2813 5284 2890 5350 τῷ
2929 5282 3316 5350 μητροπολίτῃ,
3376 5281 3486 5340 τοῖς
3523 5274 3742 5327 ἐπισκό-

1721 5447 1919 5505 Guill.
1965 5445 2290 5522 Bevercgii
2324 5451 2507 5503 nota).

630 5601 719 5660 9:2)
753 5603 833 5652 Οὐ
894 5599 1082 5665 μόνον
1143 5597 1566 5650 ἐπισκοπικὼν.
1624 5599 1743 5648 llarc
1795 5610 1962 5658 usque
2019 5595 2080 5644 ad

544 5665 662 5726 moi
704 5669 1026 5736 ἑκποιῄσεως
1062 5677 1169 5720 tam
1221 5669 1272 5719 in
1311 5683 1414 5719 ms.
1447 5665 1898 5726 Antctbachiano,
1927 5679 2084 5725 quam

2194 5590 2484 5641 Parisiensi
2520 5584 2850 5640 Balsautmtis
2904 5585 3142 5636 editione
3179 5581 3508 5638 desiderata,
3548 5592 3643 5626 nos
3676 5590 3736 5628 cr.

2199 5661 2379 5714 codice
2433 5657 2715 5712 [Bodleiano
2746 5656 3102 5709 restituimus.
