4018 6306
269 337 391 400 129

1317 340 1396 400 IN
1439 340 1600 415 CAN.
1643 344 1800 397 ua
1831 342 2033 396 coxo.
2073 339 2443 395 CAllTHAG.
3377 342 3476 406 130

259 467 409 511 ποις
467 451 870 519 βουλεύσασθαι,
929 449 1046 502 τότε
1105 450 1208 519 χρὴ
1259 450 1349 501 τὸν
1381 451 1676 500 ἐπίσκοπον
1729 444 1825 498 κᾶν

1935 445 2107 508 randi,
2162 446 2465 499 facultatem
2542 447 2773 512 adimat;
2831 458 2952 501 tunc
3026 452 3209 504 S.’tll(:ll‘l
3274 454 3476 509 vicinos

259 539 416 600 τοὺς
460 542 698 607 γείτονας
757 541 1084 602 ἐπισκόπους
1135 541 1214 600 είς
1269 539 1572 607 μαρτυρίαν
1614 537 1833 589 καλέσαι

259 629 380 693 τῆς
411 647 467 680 τε
507 630 755 698 ὀξύτητος
784 631 883 699 τῆς
916 632 1174 697 ἀνάγκης,
1205 630 1294 680 καὶ
1331 629 1720 697 περιστάσεως,
1741 626 1835 678 καὶ

257 717 622 797 ἐκποιήσεως
650 721 738 774 τοῦ
775 721 1114 788 πράγματος.
1144 721 1200 770 El
1234 720 1290 772 δὲ
1323 719 1397 788 μὴ
1430 719 1569 770 οὕτω
1598 720 1831 785 ποιήσει,

259 807 584 872 ὑπεύθυνος
609 812 760 862 ἔσται
787 812 860 878 τῷ
886 811 1019 878 Θεῷ,
1068 812 1309 862 τουτέστι
1341 810 1432 861 καὶ
1458 808 1534 876 τῷ
1555 807 1672 873 Θεῷ
1706 805 1832 872 ὑφέ-

259 899 358 962 ξει
403 899 606 964 λόγους,
662 901 756 952 καὶ
789 900 891 951 ὑπὸ
943 903 1041 967 τῆς
1094 899 1310 950 συνόδου
1344 895 1832 963 ἀλλοτριωϐήσεται

255 985 386 1053 τῆς
415 988 616 1048 οἶκείας
666 989 848 1056 τιμῆς,
900 989 1017 1056 ἦτοι
1067 990 1162 1056 τῆς
1210 985 1618 1055 ἀρχιερατικῆς.
1669 983 1832 1033 Καὶὸ

260 1078 460 1143 μέγας
489 1077 544 1128 δὲ
588 1077 843 1146 Κύριλλος
874 1079 929 1129 ἐν
958 1081 1022 1146 τῇ
1057 1077 1188 1145 πρὸς
1218 1078 1420 1143 Δόμνον
1450 1073 1702 1141 ἐπιστολῇ
1734 1071 1830 1123 αὖ-

255 1168 373 1219 τοῦ
406 1185 564 1235 φησι·
597 1169 869 1236 Κειμήλια
891 1172 981 1220 καὶ
1002 1170 1222 1237 κτήσεις
1241 1168 1526 1233 ἀκινήτους
1544 1166 1834 1232 ἀνεκποίη·

259 1273 340 1306 τα
383 1260 506 1317 ταῖς
541 1257 853 1325 ἐκκλησίαις
893 1257 1158 1320 σώζεσθαι
1207 1257 1332 1325 χρή.
1379 1255 1678 1320 Ἀνάγνωθι
1738 1256 1830 1306 καὶ

255 1343 369 1394 τὸν
412 1347 475 1412 ιβ’
521 1347 712 1397 κανόνα
746 1348 840 1414 τῆς
872 1345 1249 1414 οίκουμενικῆς
1277 1346 1318 1409 ζ’
1352 1344 1588 1397 συνόδου.

254 1521 504 1574 ΑΡΙΣΤ.
541 1523 825 1590 ιἈπρατα
855 1527 920 1574 τὰ
942 1521 1365 1592 ἐκκλησιαστικά
1407 1520 1726 1589 πράγματα.
1768 1521 1828 1571 El

362 1631 383 1662 ι
419 1614 477 1663 δὲ
513 1613 583 1680 μὴ
635 1614 893 1680 πρόσοδον
929 1615 1040 1682 ἔχει
1065 1652 1080 1677 ,
1121 1613 1310 1682 γνώμῃ
1349 1611 1454 1664 τών
1519 1610 1828 1661 ἐπισκόπων

350 1720 373 1751 ι
405 1704 797 1772 πιπράσκεται.
853 1704 914 1755 El
963 1704 1018 1755 δέ
1084 1705 1116 1771 ή
1154 1704 1364 1768 ἀνάγκη
1417 1701 1516 1766 οὐχ
1565 1697 1827 1765 ὑπομένει

347 1812 369 1843 ι
412 1793 835 1860 βουλεύσασθαι,
903 1793 1028 1852 τοὺς
1108 1792 1348 1858 γείτονας
1409 1791 1436 1840 ὁ
1499 1787 1827 1854 πιπράσκων

345 1900 370 1932 ι
411 1883 727 1950 συγκαλέσει
749 1899 762 1912 ’
815 1885 862 1934 εἱ
895 1882 938 1933 δ’
965 1883 1060 1950 οὐχ
1112 1881 1273 1944 οὕτω,
1323 1880 1439 1947 Θεῴ
1472 1877 1568 1929 καὶ
1600 1880 1666 1946 τῇ
1701 1892 1826 1926 συν-

344 1990 370 2022 (
406 1972 514 2041 όδῳ
545 1972 857 2034 ὑπεύθυνος.
902 1991 920 2023 ι

335 2061 458 2111 Οὐκ
507 2061 809 2128 ὀφείλουσιν
837 2064 883 2113 ol
918 2059 1303 2113 ἐπίσκοποιτά
1359 2059 1468 2110 τῶν
1523 2058 1827 2127 ἐκκλησιῶν

252 2150 606 2202 ἐκποιεῖσθαι
630 2153 929 2218 πράγματα
950 2167 963 2180 ·
997 2151 1141 2202 θείου
1163 2152 1268 2221 γάρ
1285 2151 1387 2201 είσι
1412 2148 1581 2200 ταῦτα
1597 2149 1824 2210 δικαίου,

249 2240 365 2290 καὶ
391 2239 480 2290 διά
511 2239 662 2292 τοῦτο
683 2241 922 2308 ἄπρατα.
949 2241 1009 2291 El
1031 2240 1086 2292 δέ
1112 2257 1192 2301 τις
1241 2239 1422 2306 κτῆμα
1461 2238 1597 2306 ἔχων
1626 2238 1828 2305 ἀπρόσ-

254 2330 416 2392 οδον,
449 2333 541 2380 καὶ
569 2330 663 2398 τὴν
698 2327 992 2396 ἐκκλησίαν
1020 2330 1179 2382 αὐτοῦ
1201 2330 1571 2399 βαρυνομένην
1591 2330 1822 2397 χρέεσιν,

249 2420 290 2485 ἢ
327 2421 716 2485 περιστάσεσιν
737 2421 920 2481 ἀλλαις
949 2420 1298 2487 πιεζομένην,
1327 2419 1417 2470 καὶ
1447 2418 1678 2488 βουληθῇ
1705 2417 1824 2469 τοῦ·

250 2528 322 2563 το
349 2511 669 2580 διαπράσαι,
701 2511 840 2564 ὥστε
869 2513 966 2580 τὴν
995 2511 1160 2580 τιμὴν
1191 2511 1354 2562 αὑτοῦ
1387 2509 1712 2563 καταϐαλεῖν
1746 2511 1823 2570 εἰς

253 2601 582 2670 ἀπόφλησιν
627 2601 737 2653 τῶν
765 2603 960 2670 χρεῶν,
1009 2602 1040 2669 ἢ
1077 2604 1153 2662 είς
1181 2600 1344 2659 ἀλλας
1395 2599 1544 2660 τινάς
1577 2615 1828 2652 κατεπει-

254 2692 478 2758 γούσας
502 2692 737 2757 ἀνάγκας
762 2707 776 2723 ο
814 2692 887 2760 μὴ
910 2691 1068 2743 τοῦτο
1101 2691 1398 2742 πωλείσθω
1422 2689 1548 2741 ἄνευ
1604 2688 1827 2757 γνώμης

250 2779 366 2833 τοῦ
397 2780 787 2846 μητροπολίτω
814 2781 911 2845 τῆς
965 2779 1132 2847 αὐτῆς
1165 2779 1427 2849 ἐπαρχίας
1459 2779 1552 2830 καὶ
1579 2780 1682 2830 τῶν
1708 2797 1826 2830 συν-

254 2870 587 2920 επισκόπων
614 2869 800 2922 αὑτοῦ.
834 2870 893 2920 Εἰ
914 2870 958 2922 δ’
983 2871 1084 2921 οὐκ
1109 2871 1220 2939 ἔχει
1253 2870 1442 2938 καιρόν
1473 2870 1559 2921 διά
1588 2870 1681 2938 τὴν
1711 2871 1821 2919 ἐπι-

253 2961 534 3028 κειμένην
566 2960 711 3028 αὐτῷ
753 2961 1016 3028 ἀνάγκην,
1048 2960 1255 3022 τούτοις
1288 2960 1413 3028 περὶ
1463 2959 1553 3011 τοῦ
1596 2959 1828 3026 ἀπροσό-

1937 535 2212 602 episcopos
2252 545 2306 586 et
2344 550 2543 602 magna:
2578 538 2928 601 necessitatis,
2976 550 3028 591 et
3056 541 3246 607 negotii
3290 545 3473 608 totius,

1935 634 1988 676 et
2014 624 2085 675 rei
2111 623 2443 676 alienationis
2478 625 2543 676 ab
2572 627 2818 692 episcopo
2842 636 3003 682 testes
3041 631 3280 684 adhiberi
3311 647 3470 698 Opera

1938 721 2026 764 tet.
2081 710 2227 775 Quod
2295 714 2338 763 si
2394 712 2569 765 facere
2611 715 2938 780 neglexerit,
3001 726 3054 769 et
3095 719 3201 773 Deo
3251 721 3474 774 eritob-

1935 803 2144 866 noxius,
2200 806 2296 855 hoc
2337 811 2448 866 οδι,
2485 813 2538 855 et
2565 805 2684 856 facti
2726 807 2981 858 rationem
3029 808 3135 861 Deo
3163 824 3473 877 reposcente

1937 888 2140 949 reddet,
2174 897 2223 940 et
2253 904 2280 938 ιι
2309 892 2524 958 synodo,
2556 893 2772 960 proprio
2799 895 2997 947 honore
3022 935 3036 959 ,
3083 898 3180 950 hoc
3219 910 3296 951 est
3325 917 3471 956 sam-

1935 978 2002 1027 mi
2059 979 2341 1030 sacerdotii
2396 981 2649 1045 dignitate
2699 985 3012 1048 privabitur.
3067 988 3289 1054 Magnus
3347 1007 3472 1043 vero

1931 1065 2159 1134 Cyrillus
2210 1069 2258 1119 in
2291 1069 2512 1134 epistola
2562 1071 2625 1122 ad
2670 1071 2926 1125 Domnum
2977 1077 3088 1130 haec
3119 1079 3305 1130 habet:
3337 1080 3469 1133 Vasa

1933 1158 2186 1224 pretiosa,
2215 1159 2403 1226 inquit,
2453 1176 2514 1214 ac
2557 1166 2922 1228 possessiones
2954 1167 3252 1222 immobiles
3297 1170 3472 1222 Salvas

1934 1256 2092 1312 atque
2132 1247 2418 1300 incolumes
2447 1251 2688 1308 ecclesiis
2738 1257 3044 1306 conserVari
3076 1269 3303 1323 Oportet.
3334 1259 3470 1328 Lege

1932 1344 2185 1400 przete'rea
2259 1341 2601 1393 meumenicce
2665 1343 2902 1410 septima:
2953 1348 3138 1414 synodi
3213 1364 3468 1404 canonem

1931 1423 2317 1479 duodecimum.

1931 1501 2153 1566 ARIST.
2198 1535 2214 1566 ι
2247 1517 2388 1570 Bona
2441 1520 2796 1575 ecclesiastica
2847 1540 2949 1576 non
2995 1537 3118 1580 sunt
3170 1530 3466 1584 vendenda.

2009 1621 2027 1653 ι
2069 1603 2121 1655 Si
2153 1619 2276 1657 vero
2308 1607 2506 1660 reditus
2537 1625 2638 1661 non
2671 1611 2927 1675 habeant,
2975 1616 3234 1667 sententia
3259 1618 3466 1684 episco-

2013 1710 2030 1740 ι
2070 1708 2253 1760 porum
2294 1700 2606 1749 ven-duntur.
2646 1700 2700 1752 Si
2755 1717 2880 1753 vero
2915 1707 3204 1759 necessitas
3235 1722 3338 1757 non
3390 1706 3468 1759 fe-

2007 1799 2021 1830 ι
2066 1793 2145 1834 ret
2188 1793 2244 1837 ut
2288 1787 2617 1848 consulatur,
2657 1789 2744 1853 qui
2776 1793 2980 1856 _vendit
3013 1794 3213 1846 vicinos
3242 1795 3468 1848 vocabit.

2005 1889 2021 1921 ι
2062 1873 2154 1924 Sin
2206 1877 2274 1926 ita
2325 1891 2428 1928 non
2460 1877 2662 1942 fecerit,
2709 1881 2813 1933 Deo
2856 1892 2908 1934 et
2959 1885 3160 1951 synodo
3219 1901 3343 1938 reus
3396 1895 3472 1938 tc-

2007 1979 2026 2010 ι
2064 1972 2238 2014 netur.
2266 1983 2282 2014 ι

2001 2049 2244 2119 Episcopi
2279 2069 2382 2106 non
2411 2056 2601 2108 debent
2646 2057 3010 2113 ecclesrastica
3041 2060 3175 2115 bona
3211 2063 3469 2128 alienare,

1930 2139 2014 2190 illa
2043 2141 2182 2192 enim
2211 2141 2376 2193 divini
2420 2151 2541 2194 sunt
2567 2143 2724 2210 juris,
2760 2155 2920 2212 atque
2953 2147 3072 2201 ideo
3103 2165 3206 2202 non
3241 2151 3467 2206 venalia.

1930 2225 1983 2277 Si
2015 2228 2132 2292 quis
2173 2240 2344 2282 autem
2397 2233 2786 2298 possessionem
2852 2236 3044 2289 habeat
3103 2238 3303 2292 reditus
3360 2255 3464 2293 non

1927 2317 2304 2386 proferentem,
2338 2333 2390 2374 et
2416 2325 2694 2378 ecclesiam
2723 2342 2870 2379 suam
2899 2329 3089 2381 debitis
3109 2341 3378 2398 gravatam
3413 2343 3468 2385 et

1928 2409 2046 2461 aliis
2093 2425 2330 2476 pressam
2378 2413 2894 2469 incommoditatibus
2929 2429 2982 2470 et
3009 2435 3125 2472 eam
3182 2421 3469 2476 divendere

1927 2499 2122 2562 vellet,
2165 2513 2220 2553 ut
2264 2503 2491 2570 pretium
2542 2505 2684 2559 illius
2743 2508 3098 2562 indebitorum
3149 2511 3467 2567 solutionem

1927 2591 2235 2654 conjiceret,
2267 2603 2357 2646 aut
2386 2597 2448 2646 ad
2476 2596 2608 2649 alias
2649 2601 2904 2665 quasdam
2955 2612 3206 2668 urgentes
3233 2607 3470 2658 necessi-

1929 2687 2096 2743 tates;
2151 2681 2292 2732 illam
2331 2699 2435 2736 non
2472 2687 2661 2738 vendat
2692 2688 2811 2739 sine
2847 2691 3132 2756 provincia:
3177 2694 3325 2746 istius
3357 2710 3468 2746 me-

1930 2770 2230 2836 lrupolitani
2275 2784 2329 2824 et
2397 2777 2839 2842 euepiscoporum.
2881 2781 3046 2847 ipsius
3078 2787 3361 2836 sententia.
3412 2786 3469 2837 Si

1927 2868 2103 2912 autem
2165 2871 2371 2928 tempus
2419 2881 2518 2917 non
2569 2867 2786 2932 habeat,
2836 2882 3054 2937 prepter
3103 2876 3468 2927 imminentem

1929 2949 2024 3015 ipsi
2059 2953 2452 3016 necessitatem,
2489 2969 2607 3008 cum
2639 2959 2704 3011 iis
2746 2962 2812 3012 de
2842 2963 3104 3015 immobili
3135 2967 3333 3019 reditus
3366 2984 3470 3021 non

251 3049 361 3100 δου
394 3049 643 3118 ἀκινήτου
694 3048 1106 3117 βουλεύσασθαι,
1139 3050 1214 3112 ὡς
1246 3049 1426 3117 μέλλει
1457 3048 1615 3100 τοῦτο
1640 3049 1823 3115 πωλῆ-

1930 3042 2155 3096 habente
2199 3048 2504 3099 consultare
2528 3086 2541 3109 ,
2567 3052 2833 3116 quomodo
2877 3052 3002 3106 illud
3036 3057 3346 3110 venditurus
3377 3061 3467 3120 sit,

255 3154 367 3189 σαι
391 3152 405 3166 ο
436 3138 533 3188 κᾶν
562 3139 690 3199 τοὺς
715 3138 957 3209 γείτονας
999 3139 1337 3204 συγκαλείτω
1388 3141 1464 3198 είς
1500 3138 1826 3205 μαρτυρίαν,

255 3229 357 3278 ἵνα
384 3229 476 3288 τὰς
495 3228 870 3294 ἐπισυμϐάσας
890 3231 953 3296 τῇ
981 3229 1245 3298 ἐκκλησίᾳ
1267 3227 1428 3279 αὐτοῦ
1458 3228 1824 3295 περιστάσεις,

256 3317 336 3368 δι’
375 3316 439 3377 ἀς
463 3317 522 3367 τὸ
563 3318 797 3370 τοιοῦτον
843 3318 1012 3370 πωλεί
1068 3318 1344 3386 ἀκίνητον,
1403 3315 1824 3382 ἐπιγινώσκωσι,

259 3406 372 3457 καὶ
402 3409 464 3473 τῇ
495 3407 693 3475 συνόδῳ
718 3408 888 3459 ταῦτα
941 3409 1035 3458 καὶ
1074 3408 1365 3475 μετέπειτα
1410 3408 1821 3476 παραστήσωσι.

259 3498 329 3549 Εἰ
372 3496 423 3545 δὲ
454 3497 513 3546 οὐ
541 3497 713 3548 ταῦτα
742 3496 985 3563 φυλάξει,
1018 3497 1133 3549 ἀλλ’
1170 3497 1503 3558 αὐτοὸούλως
1548 3499 1824 3565 ποιήσεται

255 3587 371 3650 τὴν
400 3586 686 3650 διάπρασιν
713 3603 725 3614 ·
785 3587 880 3639 καὶ
923 3586 998 3654 τῷ
1058 3588 1176 3655 θεῷ
1211 3593 1299 3638 καὶ
1321 3589 1385 3656 τῇ
1449 3586 1647 3655 συνόδῳ
1678 3586 1824 3639 ἔσται

259 3674 590 3738 ὑπεύθυνος,
622 3677 714 3727 καὶ
744 3676 1022 3744 ἀλλότριος
1055 3677 1151 3744 τῆς
1185 3678 1368 3744 τιμῆς,

879 3765 1114 3818 ΚΑΝΩΝ
1143 3765 1221 3817 Λ¹.

264 3873 285 3903 ι
339 3851 573 3922 Ὀμοίως
603 3853 924 3920 ἐϐεϐαιώθη,
968 3856 1070 3918 ἴνα,
1106 3853 1197 3905 ἐάν
1247 3871 1374 3904 ποτε
1415 3854 1822 3924 πρεσϐύτεροιῆ

346 3964 366 3993 ι
403 3945 638 3995 διάκονοι
661 3945 752 3996 ἐπί
770 3961 873 3995 τινι
905 3944 1188 4012 βαρυτέρῳ
1208 3942 1509 4011 ἐγκλήματι
1531 3932 1822 4011 ἐλεγχθῶσι

344 4052 364 4081 ι
404 4033 485 4100 τῷ
512 4034 824 4100 ἀναγκαίως
853 4034 1046 4094 αὐτοὺς
1099 4034 1196 4100 τῆς
1248 4033 1584 4102 λειτουργίας
1633 4036 1824 4086 ἀποκι-

345 4139 369 4172 e
397 4122 599 4184 νοῦντι,
630 4122 704 4189 μὴ
737 4121 1076 4173 ἐπιτίθεσθαι
1131 4123 1313 4184 αὐτοῖς
1345 4125 1533 4190 χεῖρας
1565 4123 1637 4184 ὡς
1663 4140 1820 4189 μετ-ι-

351 4230 370 4262 ι
405 4212 638 4274 νοοῦσιν,
674 4213 706 4280 ἢ
740 4212 814 4272 ὼς
860 4215 1066 4271 πιστοῖς
1102 4211 1303 4272 λαῖκοίς
1355 4211 1488 4277 μηδὲ
1540 4212 1822 4277 ἐπιτρέπε-

341 4320 362 4347 ι
397 4301 522 4353 σθαι
553 4304 753 4362 αὐτοῖς,
803 4299 941 4350 ὥστε
983 4297 1522 4366 ἀναὸαπτιζομένοις,
1570 4299 1700 4367 πρὸς
1729 4301 1821 4350 τζν

343 4411 363 4444 ι
396 4392 490 4444 τοῦ
524 4393 722 4460 κλήρου
755 4389 853 4458 βαθ
868 4390 961 4456 μὸν
991 4390 1333 4458 προκόπτειν.
1377 4406 1395 4438 ι

338 4483 534 4534 ΒΑΛΣ.
573 4483 727 4542 Τινὲς
762 4480 867 4532 τῶν
922 4478 1015 4530 τοῦ
1081 4478 1342 4547 βήματος,
1405 4479 1821 4546 καθαιρεθέντες

265 4574 355 4624 ειά
384 4588 503 4622 τινα
530 4568 908 4636 ἐγκληματικά
934 4571 1253 4636 αἰτιάματα,
1285 4567 1494 4636 ήθελον,
1523 4569 1596 4629 di;
1627 4569 1819 4631 ἔοικεν,

268 4661 622 4725 ἀναγνώστας
672 4657 933 4726 ταχθῆναι
986 4657 1019 4727 ἢ
1059 4659 1137 4716 εἰς
1187 4657 1410 4724 ἐτέρους
1443 4655 1684 4724 βαθμοὺς
1720 4657 1822 4720 ἔξω

266 4751 364 4801 cui}
395 4750 636 4818 βήματος
674 4747 832 4808 ὄντας
851 4761 866 4774 ο
899 4748 990 4797 καὶ
1010 4745 1212 4812 ἔλεγον,
1232 4746 1324 4807 ώς,
1351 4745 1504 4796 Ἐπεὶ
1540 4745 1825 4812 μετανοοῦ-

271 4858 375 4908 μεν
407 4843 500 4891 καὶ
529 4841 608 4892 εἰς
632 4839 795 4890 τόπον
829 4837 1242 4904 κατηντήσαμεν
1288 4835 1507 4898 λαῖκών,
1541 4836 1824 4902 ὀφείλομεν

272 4933 373 4982 κάν
398 4931 478 4989 είς
501 4927 741 4994 βαθμοὺς
767 4926 1036 4986 τοιούτους
1057 4926 1408 4993 προκόπτειν,
1460 4926 1538 4986 εἰς
1567 4925 1711 4986 οἴους
1734 4927 1824 4976 καὶ

267 5020 317 5068 el
349 5018 527 5069 λαῖκοὶ
587 5015 974 5084 προκόπτουσι.
1007 5014 1178 5066 Τοῦτο
1208 5013 1298 5066 οὖν
1331 5016 1404 5082 μὴ
1446 5011 1726 5082 δεξάμενοι
1775 5015 1822 5064 οί

267 5109 531 5176 Πατέρες,
591 5106 795 5176 ὧρισαν
843 5107 954 5165 τοῖς
982 5105 1346 5172 καθαιρεθεῖσι
1380 5104 1454 5173 μή
1489 5105 1823 5155 ἐπιτίθεσθαι

268 5199 423 5263 παρά
451 5198 558 5247 τῶν
589 5195 885 5264 ἀρχιερέων
928 5197 1112 5260 χεῖρας
1135 5194 1292 5260 χάριν
1335 5191 1666 5258 οἱασδήτινος
1699 5191 1753 5240 γ)
1769 5208 1826 5258 ή-

271 5289 485 5356 ρώσεως
507 5303 522 5316 ο
558 5285 658 5337 κᾶν
685 5283 1002 5353 μετανοῶσι,
1023 5284 1113 5333 καὶ
1134 5283 1206 5342 ὡς
1235 5281 1412 5332 πιστοὶ⁵
1437 5281 1614 5331 λαῖκοὶ
1635 5280 1825 5347 δέχων-

266 5395 378 5430 ται.
421 5377 573 5427 Ἐπεὶ
607 5375 663 5426 δὲ
713 5374 893 5437 ἔλεγόν
921 5389 1062 5431 τινες
1109 5371 1181 5430 ώς
1214 5370 1273 5421 τὸ
1325 5369 1606 5436 βάπτισμα
1657 5371 1821 5436 ῥύπον

267 5471 446 5520 πάντα
478 5465 757 5526 ἐκπλύνει,
793 5465 884 5514 καὶ
923 5462 1147 5529 ἐζήτουν
1171 5463 1232 5512 ἐκ
1255 5460 1504 5528 δευτέρου
1530 5459 1821 5526 βαπτισθῆ-

266 5577 377 5624 ναι,
412 5559 552 5609 ὥστε
607 5555 1012 5622 ἀποπλυνοῆνιαι
1065 5553 1202 5620 τάχα
1256 5553 1353 5619 τήν
1419 5553 1824 5618 ἐγκληματιγῆν

269 5651 628 5709 ἀκαθαρσίαν,
662 5647 726 5697 δι’
760 5647 825 5708 ἣν
875 5645 1274 5709 καθηρίθησαν,
1323 5645 1410 5694 καὶ
1445 5642 1582 5694 οὕτω
1616 5642 1820 5710 κλῆροι-

1929 3136 2116 3188 saltem
2172 3139 2376 3207 vicinos
2416 3142 2464 3192 in
2521 3143 2883 3196 testimonimn
2931 3159 3209 3211 convocet,
3266 3160 3323 3203 ut
3352 3166 3469 3218 qua:

1928 3227 2166 3278 ecclesia:
2217 3228 2355 3282 illius
2397 3231 2712 3284 acciderunt
2779 3234 3286 3300 incommoditates,
3333 3254 3470 3306 pro-

1929 3323 2042 3380 pter
2084 3331 2217 3382 quas
2255 3319 2523 3372 immobile
2556 3321 2682 3373 illud
2717 3324 2917 3384 vendit,
2941 3338 3290 3391 cognoscant,
3323 3339 3375 3378 et
3405 3343 3466 3380 ea

1928 3406 2126 3471 synodo
2159 3408 2315 3459 etiam
2338 3421 2517 3475 postea
2563 3409 2866 3462 exhibeant.
2909 3412 2963 3465 Si
3013 3422 3187 3467 autem
3225 3417 3336 3468 haec
3367 3432 3467 3469 non

1928 3493 2307 3555 observaverit,
2355 3498 2447 3548 sed
2489 3512 2582 3548 sua
2633 3509 2822 3565 sponte
2850 3503 3210 3555 vemlitioncm
3248 3504 3467 3570 fecerit;

1927 3589 1979 3633 et
2016 3581 2123 3632 Dco
2169 3593 2221 3635 et
2259 3586 2460 3651 synodo
2495 3586 2774 3639 reddenda
2810 3588 3000 3642 rationi
3036 3591 3301 3644 obnoxius
3344 3594 3463 3654 erit,

1927 3679 1980 3722 et
2007 3671 2073 3723 ab
2096 3670 2297 3725 honore
2316 3673 2544 3729 alienus.

2461 3765 2684 3820 CANON
2740 3766 2902 3819 XXX.

1930 3872 1948 3902 ι
1989 3852 2246 3906 Similiter
2273 3856 2642 3907 confirmatum
2677 3866 2777 3918 est,
2803 3868 2892 3922 ut,
2927 3859 2970 3911 si
3012 3861 3223 3926 quando
3250 3863 3469 3931 presby-

2001 3961 2019 3991 ι
2057 3952 2136 3996 ter
2192 3946 2274 3995 vel
2322 3945 2578 3998 diaconus
2642 3946 2866 4013 alicujus
2917 3953 3176 4013 gravioris
3229 3955 3470 4007 criminis

1999 4052 2016 4083 ι
2051 4035 2276 4086 convicti
2308 4034 2520 4098 fuerint,
2545 4040 2682 4103 quod
2705 4053 2795 4090 eos
2819 4054 2846 4090 a
2871 4055 3023 4092 sacro
3050 4043 3345 4094 ministerio
3373 4059 3467 4096 ne-

1999 4141 2016 4173 ι
2053 4123 2286 4176 cessario
2321 4135 2515 4188 ιιιονρι,
2565 4141 2668 4178 non
2709 4143 2830 4180 esse
2864 4132 2940 4180 eis
2975 4145 3160 4182 manus
3197 4132 3470 4196 imponen-

1999 4226 2016 4258 ι
2056 4212 2168 4271 das,
2206 4221 2261 4263 ut
2291 4213 2656 4278 pceuitentiam
2686 4215 2981 4280 agentibus,
3019 4215 3096 4266 vel
3129 4227 3183 4268 ut
3217 4216 3460 4270 fidelibus

2005 4315 2022 4347 ι
2058 4298 2237 4361 Iaieis;
2279 4313 2446 4365 neque
2483 4301 2715 4365 permitti
2751 4301 2849 4363 eis,
2888 4311 3137 4368 tanquam
3164 4301 3464 4369 rebaptiza-

2012 4407 2028 4438 ι
2064 4391 2145 4450 tis,
2177 4391 2240 4442 ad
2275 4391 2401 4442 eleri
2425 4393 2644 4454 gradum
2675 4394 2993 4457 promereri.
3030 4410 3048 4441 ι

1999 4479 2189 4532 BALS.
2236 4480 2460 4544 Quidam
2497 4496 2703 4544 eorum,
2740 4483 2828 4550 qui
2877 4485 3047 4534 locum
3101 4485 3372 4537 habebant
3416 4486 3466 4535 in

1924 4571 2146 4639 pulpito,
2187 4571 2410 4638 depositi
2442 4581 2656 4638 pmpter
2700 4573 3006 4624 criminales
3045 4589 3265 4640 causas,
3326 4575 3467 4626 vole-

1926 4662 2074 4726 bant,
2121 4672 2174 4714 ut
2198 4673 2278 4714 est
2325 4663 2632 4724 verisimile,
2686 4663 2911 4717 lectores
2950 4665 3209 4728 ordinari,
3273 4664 3353 4716 vel
3415 4666 3466 4717 in

1927 4753 2060 4804 alios
2091 4751 2285 4820 gradus
2324 4753 2413 4820 qui
2441 4763 2564 4804 sunt
2587 4765 2734 4806 extra
2769 4755 3020 4821 pulpitum
3055 4771 3068 4806 :
3099 4763 3152 4807 et
3184 4757 3424 4807 dicebant
3451 4771 3464 4806 :

1926 4843 2182 4908 Quoniam
2209 4846 2570 4909 pmniteutiam
2605 4846 2814 4910 agimus
2843 4854 2894 4896 et
2927 4846 2976 4894 in
3009 4845 3260 4897 laicorum
3297 4846 3466 4896 locum

1928 4932 2124 4983 redacti
2151 4946 2352 4991 sumus,
2383 4931 2638 4984 debemus
2683 4935 2870 4984 saltem
2906 4934 2970 4984 ad
3005 4949 3095 4985 eos
3128 4935 3323 5001 gradus
3347 4948 3469 4999 ιιι-ος

1929 5020 2069 5081 vehi,
2097 5020 2160 5070 ad
2196 5037 2326 5086 quos
2353 5021 2473 5072 laici
2513 5025 2894 5088 provehuntur.
2939 5021 3044 5074 Iloc
3079 5038 3205 5090 ergo
3239 5040 3340 5074 non
3372 5025 3466 5075 atl-

1926 5111 2197 5162 niittentes
2231 5110 2417 5163 Patres
2442 5120 2761 5174 statuerunt,
2793 5122 2848 5162 ut
2876 5113 3128 5180 depasitis
3161 5129 3263 5164 nun
3298 5115 3470 5179 ἱιιιμι-

1929 5208 2124 5251 nantur
2156 5213 2377 5263 manus,
2415 5201 2482 5252 ob
2513 5201 2936 5267 qualemcunque
2982 5203 3032 5252 in
3069 5201 3266 5253 elermn
3317 5216 3462 5252 rece-

1926 5293 2182 5358 ptionem,
2225 5291 2432 5344 etiamsi
2469 5290 2830 5357 pmuitentiam
2878 5301 3057 5358 agant,
3094 5301 3147 5344 et
3185 5300 3241 5342 ut
3286 5291 3468 5343 fideles

1928 5382 2044 5433 laici
2111 5382 2453 5448 recipiantur.
2502 5381 2633 5446 Quia
2683 5392 2858 5434 autem
2923 5382 3166 5434 dicebant
3230 5381 3465 5433 nonnulli

1928 5472 2244 5537 baptismum
2297 5470 2482 5522 sordes
2519 5485 2705 5522 omnes
2733 5472 2968 5531 abluere,
3010 5478 3062 5522 et
3100 5472 3344 5534 petebant
3388 5485 3471 5522 se~

1927 5561 2097 5612 eundo
2140 5559 2434 5625 baptizari,
2472 5570 2526 5610 ut
2556 5560 2827 5612 elueretur
2867 5560 3044 5612 forsan
3085 5561 3324 5612 criminis
3357 5576 3468 5611 ma-

1928 5647 2067 5708 cula,
2104 5659 2319 5708 propter
2348 5661 2504 5708 quam
2551 5657 2672 5700 sunt
2708 5647 2952 5708 depositi,
2992 5658 3043 5703 et
3073 5649 3149 5703 sic
3181 5650 3232 5702 in
3269 5649 3469 5703 clerum
