4018 6306
603 304 698 364 l'iS

1824 294 2092 354 TIlEtQD.
2139 291 2529 352 BALSAMON

3670 267 3766 328 136

598 420 699 461 est.
733 408 788 461 Si
819 408 958 460 enim
991 407 1056 458 al)
1089 403 1349 456 Africanis
1399 403 1636 455 ecclesiis
1663 415 1766 453 non
1821 405 1974 454 datur
2028 404 2129 465 (est

2253 400 2470 467 ’Δφρικῇ
2511 399 2572 449 ού
2627 393 3026 464 συγχωροῦνται
3088 387 3305 454 τηρεῖν
3371 383 3461 434 καὶ
3511 383 3542 444 ἡ
3586 380 3768 446 Ῥώμη

601 499 811 564 quidem
864 505 1010 548 certe
1060 494 1222 545 Roma
1277 500 1422 543 trans
1458 506 1632 550 mare,
1682 492 1725 542 si
1781 493 1844 541 ad
1897 490 2126 539 Al'ricam

602 585 980 653 comparetur),
1013 583 1174 633 multo
1196 582 1363 632 minus
1387 581 1436 630 in
1464 580 1590 630 alias
1619 577 1959 645 regioncsjus
1989 579 2130 643 ejus-

601 677 737 728 modi
770 674 1045 726 obtinebit.

600 759 819 812 AlllS’l‘.
872 779 889 808 ‹
931 753 1117 810 Clerici
1149 758 1510 817 condemnati,
1539 756 1581 808 si
1611 755 1839 821 judicem
1860 761 2130 812 accusem,

675 866 692 897 ι
730 859 875 900 trans
925 862 1067 899 mare
1117 863 1220 898 non
1268 847 1564 912 appellent;
1605 845 1693 896 sed
1742 843 1805 894 ad
1856 843 2133 908 episcopos

677 960 693 990 ‹
738 941 960 1000 vicinos,
1010 947 1064 989 et
1101 939 1163 989 ad
1199 937 1471 1004 proprium
1517 953 1528 986 :
1572 935 1804 1000 aliojuin
1848 934 1899 984 in
1955 933 2130 983 Al‘rica

680 1048 696 1078 τ
736 1027 1276 1080 excommunicenlur.
1306 1041 1324 1074 ι

672 1201 853 1255 Patres
890 1201 938 1251 in
973 1201 1215 1251 omnibus
1245 1198 1499 1250 decorum
1532 1197 1857 1255 observant;
1902 1194 2137 1256 adeoqiie

603 1289 1040 1357 utepiscopi,uti
1085 1287 1297 1349 accidit,
1343 1287 1581 1338 molestia
1630 1300 1729 1336 non
1782 1283 2134 1345 adicerentur,

601 1378 840 1430 decrevit
885 1378 994 1428 luee
1039 1376 1089 1427 in
1139 1375 1316 1428 Africa
1365 1375 1599 1442 synodus
1645 1374 1892 1434 clericos,
1944 1373 2030 1438 qni
2072 1372 2139 1423 ob

602 1467 785 1532 culpas
820 1465 1023 1529 aliquas
1059 1479 1084 1513 a
1131 1463 1359 1531 propriis
1400 1463 1662 1528 episcopis
1695 1463 2138 1521 condemnamur,

602 1568 764 1620 seque
796 1554 983 1620 injuria
1014 1552 1230 1604 all‘eetos
1263 1563 1466 1617 putant,
1502 1551 1638 1601 ultra
1673 1565 1817 1601 mare
1856 1551 1920 1600 ad
1957 1547 2136 1599 Romae

604 1643 782 1695 forsan
813 1642 1117 1709 episcOpum
1162 1652 1252 1692 aut
1289 1640 1520 1707 reliquos
1554 1655 1657 1690 non
1688 1653 1998 1706 provocare,
2049 1638 2140 1690 sed

2229 488 2337 555 γάρ,
2367 488 2537 553 πέραν
2563 485 2831 547 θαλάσσης
2871 481 3136 532 διάκειται
3171 475 3300 542 πρὸς
3331 471 3424 541 τὴν
3475 468 3769 536 Ἀφρικὴν·

2230 577 2409 643 πολλῷ
2437 576 2634 643 μᾶλλον
2666 572 2786 625 καθ’
2813 572 3011 639 ἐτέρων
3036 564 3225 634 χωρῶν
3266 564 3360 630 οὐχ
3399 559 3576 624 ἕξουσι
3604 557 3777 610 τοιοῦ-

2231 684 2318 717 τον
2355 667 2556 718 δίκαιον
2591 664 2723 732 (25).

2235 755 2450 805 ΛΡΙΣΤ.
2492 772 2509 803 ι
2543 751 2816 820 Κληριγαὶ.
2848 746 3350 815 καταγνωσθέντῖς,
3394 743 3456 796 ἂν
3501 740 3781 793 αἰτιῶνται

2309 861 2326 891 ‹
2355 842 2444 892 τὸν
2469 842 2771 905 διαγνόντα,
2812 836 2884 906 μὴ
2907 837 3002 888 καὶ
3023 836 3191 902 πέραν
3228 831 3496 898 θαλάσσης
3524 824 3747 879 ἐκκαλεί

2312 947 2329 978 ε
2362 933 2594 990 σθωσαν,
2620 929 2749 980 ἀλλὰ
2775 929 2902 994 πρὸς
2921 928 3043 986 τοὺς
3066 923 3310 990 γείτονας
3335 919 3662 977 ἐπισκόπους
3684 916 3785 967 καὶ

2311 1037 2326 1067 ι
2359 1020 2445 1069 τὸν
2498 1019 2662 1070 ἴδιον·
2731 1019 2779 1068 εἰ
2823 1017 2879 1066 δὲ
2929 1015 3002 1084 μὴ
3060 1017 3114 1065 ἐν
3153 1013 3377 1081 ’Δφρικῇ
3430 1006 3788 1075 ἀκοινώνητον.

2316 1129 2330 1160 ι
2371 1111 2601 1161 ἔσονται.
2633 1128 2648 1158 ι
3142 1131 3145 1144 ί

2310 1200 2382 1252 Τὸ
2411 1199 2680 1265 εὐπρεπὲς
2709 1199 2762 1249 ἐν
2799 1199 2963 1248 πᾶσιν
3008 1197 3052 1246 οἰ
3095 1193 3330 1260 Πατέρες
3366 1187 3786 1255 συντηροῦντες.

2241 1289 2334 1340 καὶ
2359 1288 2416 1339 τὸ
2440 1287 2512 1355 μὴ
2543 1286 2860 1338 σκύλλεσθαι
2911 1286 3033 1345 τοὺς
3064 1281 3413 1345 ἐπισκόπους,
3463 1279 3536 1341 ὡς
3565 1279 3786 1348 ἔτυχεν,

2241 1379 2435 1447 ὥρισεν
2475 1379 2507 1444 ἡ
2542 1379 2595 1428 ἐν
2640 1378 2865 1443 ’Λςρρικῇ
2898 1375 3030 1443 αὕτη
3068 1372 3302 1432 σύνοδος,
3355 1373 3480 1431 τοὺς
3524 1368 3614 1420 ἐπί
3638 1386 3788 1420 τισιν

2241 1469 2439 1528 αἰτίαις
2464 1467 2610 1534 παρὰ
2634 1467 2740 1517 τῶν
2781 1465 2926 1526 ἰδίων,
2946 1464 3255 1515 ἐπισκόπων
3284 1460 3785 1519 καταδικασθέντας

2243 1553 2553 1622 κληρικοὺς,
2581 1552 2674 1604 καὶ
2713 1553 2988 1618 οἰομένους
3020 1549 3339 1610 ἀδικεῖσθαι,
3376 1549 3447 1617 μὴ
3495 1547 3664 1616 πέραν
3695 1546 3799 1597 Θα-

2242 1643 2445 1714 λάσσης
2493 1643 2628 1711 πρὸς
2661 1643 2750 1693 τὸν
2789 1640 3004 1710 Ῥώμης
3048 1642 3207 1707 τυχὸν
3241 1641 3538 1691 ἐπίσκοπον
3587 1637 3619 1706 ἢ
3659 1639 3795 1697 τοὺς

603 1735 666 1785 ad
701 1735 900 1786 vicinos
941 1735 1236 1799 episcopos,
1285 1741 1481 1782 etcum
1521 1729 1715 1796 proprii
1756 1730 1988 1795 episcopi
2021 1742 2142 1780 sen-

2253 1709 2460 1794 λοιποίδς
2498 1709 2862 1795 ἐκκαλεῖσθαι,
2902 1709 3036 1782 αλλὰ
3074 1731 3205 1798 πρὸς
3232 1731 3355 1789 τοὺς
3386 1728 3628 1794 γείτονας
3666 1728 3794 1778 ἐπι-

604 1824 764 1875 teatia
795 1836 911 1887 qua:
949 1824 1085 1873 inter
1124 1837 1212 1873 eos
1258 1829 1382 1872 sunt
1411 1820 1701 1871 examinari
1744 1827 1795 1869 et
1842 1819 1965 1869 dilui
2001 1834 2013 1868 :
2062 1820 2141 1868 sin

606 1910 780 1962 minus
809 1911 856 1960 in
893 1919 994 1961 tota
1027 1909 1200 1962 Africa
1238 1909 1301 1960 ad
1333 1907 1766 1961 communionem
1805 1921 1910 1958 non
1950 1907 2142 1958 admit-

605 1999 790 2050 tendus
818 2013 954 2051 esse.

1134 2178 1358 2233 CANON
1394 2178 1604 2232 XXX”.

612 2288 629 2318 ι
667 2272 921 2326 Similiter
953 2275 1148 2339 placuit
1177 2277 1436 2325 universa:
1467 2273 1692 2341 synodo,
1730 2271 1898 2339 utqui
1934 2278 2148 2340 propter

685 2380 702 2410 ι
744 2377 890 2412 suam
924 2364 1218 2414 sm'ordiam
1248 2362 1621 2413 communione
1660 2372 1832 2413 motus
1879 2373 1980 2424 est,
2037 2362 2147 2415 sive

683 2471 700 2503 ‹
744 2453 1020 2521 episcopus
1054 2453 1162 2505 sive
1196 2451 1417 2518 quilibet
1451 2452 1677 2504 clericus
1704 2489 1717 2512 ,
1754 2453 1795 2504 si
1830 2453 1877 2502 in
1915 2461 2148 2517 tempore

685 2557 705 2590 ‹
749 2555 856 2592 sum
880 2539 1460 2602 cxcommunicationis,
1496 2550 1774 2603 antequam
1799 2541 2008 2592 auditus
2033 2540 2146 2591 fue-

681 2650 698 2683 ι
744 2634 828 2694 rit,
871 2633 933 2684 ad
967 2632 1392 2683 communionem
1427 2645 1483 2681 se
1513 2632 1749 2696 ingerere
1782 2644 1942 2681 ausus
1969 2628 2146 2691 fuerit,

683 2741 700 2773 ι
742 2725 849 2788 ipse
871 2723 1121 2775 adversus
1149 2736 1204 2773 se
1233 2719 1690 2773 condemnationis
1722 2719 2033 2772 sententiam
2064 2727 2146 2771 tu-

685 2831 700 2862 c
745 2813 868 2864 lisse
891 2811 1175 2876 judicetnr.
1207 2828 1225 2859 ι

682 2901 874 2955 BALS.
926 2900 998 2951 Ex
1052 2902 1252 2953 decimo
1291 2910 1479 2967 quarto
1523 2913 1722 2952 canone
1752 2899 1934 2966 synodi
1969 2899 2149 2951 Sardi-

2247 1825 2498 1887 σκόπους,
2532 1825 2624 1876 καὶ
2659 1825 2796 1890 μετὰ
2826 1822 3046 1890 γνώμης
3081 1822 3173 1872 τοῦ
3218 1821 3346 1871 ἰδίου
3379 1819 3675 1871 ἐπισκῦπου
3717 1819 3795 1870 τὰ

2250 1914 2452 1978 μεταξὺ
2483 1914 2661 1964 αὐτῶν
2692 1913 2972 1981 τηρεῖσθαι
3003 1912 3096 1964 καὶ
3142 1910 3450 1963 διαλύεσθαι
3476 1924 3489 1939 ·
3522 1912 3569 1961 εἰ
3594 1910 3648 1962 δὲ
3688 1909 3791 1977 μὴ,

2245 2002 2642 2068 ἀπροσδέκτους
2702 2000 2843 2052 εἰναι
2909 2003 2990 2063 εἰς
3056 2000 3342 2053 κοινωνίαν
3408 1998 3463 2048 ὲν
3521 2000 3667 2068 πάσῃ
3722 2002 3796 2069 τῇ

2257 2092 2509 2161 ’Δφρικῇ.

2815 2184 3050 2237 ΚΛΝΩΝ
3080 2184 3202 2238 AB'.

2252 2293 2268 2324 ι
2309 2275 2534 2342 Ὁμοίως
2567 2276 2730 2343 ἤρεσε
2770 2276 3026 2344 συμπάσῃ
3055 2278 3118 2342 τῇ
3154 2275 3370 2342 συνόδῳ,
3402 2275 3487 2326 ἵνα
3513 2276 3540 2327 ὁ
3580 2273 3664 2326 διὰ
3693 2275 3801 2343 ρκ-

2323 2382 2341 2413 c
2380 2363 2577 2431 θυμίαν
2607 2362 2767 2415 αὐτοῦ
2795 2365 2894 2415 om
2924 2365 3200 2423 κοινωνίας
3229 2366 3509 2432 γενόμενος
3540 2365 3646 2416 εῐτε
3672 2365 3800 2414 ἐπί-

2320 2471 2339 2502 (
2384 2471 2601 2518 σκοπος,
2648 2455 2753 2505 εἴτε
2811 2453 3124 2520 οἱοσδὴποτε
3151 2455 3426 2521 κληρικὸς,
3482 2455 3574 2504 ἐὰν
3608 2457 3663 2506 ἐν
3719 2452 3804 2521 τῷ

2317 2562 2335 2594 ‹
2370 2544 2545 2611 καιρῷ
2569 2545 2664 2612 τῆς
2714 2544 3104 2612 ἀκοινωνησίας
3151 2544 3334 2607 αὐτοῦ,
3364 2545 3468 2613 πρὸ
3497 2542 3589 2595 τοῦ⁹
3629 2544 3800 2595 ἀκου-

2321 2649 2338 2681 ‹
2377 2632 2583 2699 σθῆναι,
2626 2635 2701 2694 εἰς
2736 2635 3019 2684 κοινωνίαν
3047 2633 3324 2701 τολμήσοι,
3348 2634 3506 2695 αὐτὸς
3529 2634 3647 2686 καθ’
3670 2635 3803 2686 ἑαυ-

2322 2739 2337 2770 ‹
2376 2720 2468 2772 τοῦ
2528 2722 2624 2781 τῆς
2684 2722 2979 2789 καταδίκης
3037 2722 3132 2791 τὴν
3188 2721 3367 2790 ψῆφον
3419 2723 3796 2792 ἐξενηνοχέναι

2326 2829 2343 2859 ί
2382 2810 2564 2879 κριθῇ.
2608 2830 2625 2861 ι

2320 2902 2511 2954 ΒΑΛΣ.
2552 2903 2684 2952 ’Λπδ
2708 2902 2798 2954 τοῦ
2831 2903 2896 2955 ιδ’
2931 2905 3150 2965 κανόνος
3172 2908 3267 2972 τῆς
3299 2906 3355 2956 ἐν
3383 2906 3612 2975 Σαρδικῇ
3647 2908 3806 2958 συνό-

610 2995 804 3052 (elisis,
833 3001 882 3042 et
913 3006 974 3041 ex
1007 2989 1254 3055 pra‘senti
1291 3003 1495 3038 canone
1521 2989 1704 3038 dicunt
1737 2987 1923 3052 aliqui,
1951 2987 2146 3038 debere

2253 2993 2362 3053 δου,
2395 2992 2488 3041 καὶ
2520 2990 2626 3043 ἀπὸ
2687 2992 2780 3043 τοῦ
2836 2996 3095 3061 παρόντος
3127 2994 3347 3055 κανόνος
3405 2995 3622 3061 λέγουσί
3653 3012 3804 3057 τινες

609 3096 818 3143 omnes,
844 3078 931 3145 qui
958 3079 1430 3144 quomodoi-uuque
1465 3077 1528 3125 al)
1558 3077 1842 3141 epismpis,
1865 3090 2148 3143 segregan-

613 3182 718 3229 tur,
769 3170 1185 3237 segregationeut
1237 3166 1546 3217 obedienter
1595 3166 1886 3231 suscipere,
1931 3176 1979 3217 et
2029 3179 2147 3217 eam

611 3273 826 3312 servare
874 3259 1041 3308 donec
1081 3257 1351 3306 decretum
1400 3254 1558 3304 fuerit
1613 3269 1676 3304 an
1717 3262 1863 3306 recte
1905 3269 1970 3305 an
2015 3255 2150 3306 male

612 3345 806 3398 inﬂicta
861 3346 950 3396 sil.
1003 3345 1139 3395 Dicit
1197 3345 1336 3395 enim
1390 3341 1475 3394 hic
1500 3356 1688 3404 (anon,
1748 3342 2000 3395 clericum
2060 3344 2148 3410 qui

553 3481 555 3483 ,
612 3445 826 3502 propter
875 3434 1172 3485 socordiam
1220 3446 1310 3484 seu
1353 3442 1565 3498 peccata
1599 3431 1868 3496 depositus
1907 3441 2006 3492 est,
2045 3447 2149 3484 non

613 3538 764 3590 pesse
795 3522 893 3574 sibi
919 3521 1004 3585 jus
1039 3523 1241 3584 dicere,
1274 3531 1326 3572 ct
1361 3521 1777 3585 segregatiouem
1809 3531 2152 3572 contemnere

614 3623 736 3665 ante
771 3613 1219 3665 exanimationem
1257 3626 1270 3672 ;
1332 3610 1374 3663 si
1428 3621 1604 3661 autent
1639 3611 1735 3662 hoc
1768 3609 1972 3672 fecerit,
2009 3625 2151 3660 con—

613 3703 937 3754 detnnationi
993 3698 1202 3767 subjici.
1236 3703 1309 3750 Ac
1355 3697 1500 3749 multi
1533 3698 1745 3764 quidem
1790 3700 1887 3750 hoc
1915 3713 2150 3751 canones

613 3790 689 3841 sic
743 3791 1028 3856 accipiunt.
1082 3789 1183 3840 Alii
1224 3798 1397 3840 autem
1447 3789 1781 3838 undecimum
1825 3797 1983 3854 caput
2027 3788 2151 3839 noni

616 3877 751 3928 tituli
802 3879 1076 3942 praesentis
1116 3877 1294 3944 operis
1339 3876 1684 3942 reperientes,
1737 3877 1875 3942 quod
1925 3891 1988 3927 ex
2032 3878 2152 3942 qui-

617 3967 837 4019 busnam
866 3969 1044 4018 causis
1072 3969 1355 4033 episcopus
1389 3967 1472 4018 vel
1507 3967 1734 4019 clericus
1763 3967 1839 4018 vel
1870 3966 2036 4018 laicus
2072 3981 2154 4018 se-

616 4069 887 4123 gregatur,
952 4057 1228 4123 expoSttit;
1284 4066 1336 4108 et
1387 4056 1648 4108 decimum
1702 4057 1940 4122 quintum
1997 4067 2156 4124 caput

615 4146 853 4212 ejusdem
893 4147 1023 4197 tituli
1052 4183 1067 4209 ,
1102 4146 1239 4212 quod
1271 4146 1395 4198 dicit
1423 4160 1484 4196 ex
1531 4147 1849 4213 quibusoam
1878 4151 2052 4200 causis
2087 4152 2157 4200 si-

617 4237 719 4286 tnnl
772 4237 1055 4303 deponitur
1106 4248 1156 4287 et
1199 4246 1546 4303 segregatur;
1592 4245 1641 4287 et
1673 4252 1790 4303 cap.
1827 4238 1888 4288 l6
1920 4240 2152 4306 ejusdem

618 4325 699 4375 tit.
745 4330 882 4390 quod
917 4328 1043 4377 dicit
1083 4341 1142 4378 ex
1176 4329 1490 4393 quibusnam
1523 4327 1702 4379 caUsis
1747 4329 1970 4381 clericus
2001 4328 2156 4398 555
2189 4327 2232 4381 D

619 4415 696 4464 vel
732 4416 897 4467 laicus
919 4416 1416 4476 anathematizatur,
1449 4416 1632 4466 dicunt
1655 4417 1814 4481 quod,
1839 4418 1879 4469 si
1899 4433 1961 4469 ex
1982 4423 2156 4472 causis

616 4505 827 4566 quidem
865 4505 916 4555 in
956 4505 1112 4556 dictis
1145 4504 1410 4570 Capitibus
1439 4504 1720 4556 declaratis
1750 4518 2059 4573 segregatus
2089 4509 2159 4561 sit

621 4599 684 4647 ab
700 4600 943 4663 episcOpo
962 4595 1183 4649 clericus
1200 4597 1279 4648 vel
1299 4597 1483 4661 laicus,
1504 4597 1666 4650 debet
1679 4613 1892 4652 servare
1909 4615 2158 4667 segrega-

623 4684 841 4745 tiouem,
878 4684 1349 4752 quomodocunque
1371 4686 1569 4749 prolata
1602 4686 1756 4747 sit,et
1774 4700 1887 4737 eam
1913 4700 2157 4738 noncon-

624 4784 880 4838 temuere,
898 4777 1062 4827 donec
1079 4775 1192 4843 ejus
1210 4789 1363 4824 causa
1388 4773 1543 4826 fuerit
1561 4775 1881 4826 exatninata.
1900 4774 1954 4829 Si
1979 4787 2154 4828 autem

619 4871 832 4928 propter
847 4862 1072 4928 aliquam
1096 4863 1248 4914 aliam
1268 4877 1479 4914 causam
1501 4864 1776 4929 episeopus
1797 4863 2158 4916 inconsidera-

619 4966 669 5007 te
700 4954 888 5007 laicnm
915 4956 992 5007 vel
1016 4956 1264 5008 clericum
1287 4957 1624 5022 segregavit,
1667 4953 1802 5006 forte
1819 4956 1955 5020 quod
1973 4956 2158 5008 sediti-

615 5060 744 5097 ones
764 5061 863 5097 non
880 5046 1075 5099 excitat
1092 5057 1274 5098 contra
1293 5045 1561 5112 proprium
1579 5054 1902 5109 exactorem,
1921 5049 2002 5098 vel
2021 5046 2157 5113 quod

619 5152 719 5189 non
765 5137 956 5204 iniqua:
1004 5149 1055 5189 et
1099 5139 1388 5189 temeraria:
1428 5137 1541 5204 ejus
1570 5136 1822 5187 voluntati
1848 5139 2158 5201 assentitur,

2251 3080 2483 3148 ὀφείλειν
2516 3081 2724 3144 πάντας
2763 3083 2887 3142 τοὺς
2935 3083 3285 3150 ὁπωσδήποτε
3332 3085 3482 3152 παρὰ
3535 3086 3643 3137 τῶν
3674 3086 3801 3137 ἐπι-

2252 3172 2464 3222 σκόπων
2490 3173 2911 3240 ἀφοριζομένους
2966 3173 3213 3240 δέχεσθαι
3242 3173 3510 3236 εὐπειθῶς
3554 3175 3643 3226 τὸν
3667 3176 3804 3237 ἀφο-

2255 3262 2466 3331 ρισμὸν,
2498 3262 2588 3314 καὶ
2623 3262 2908 3328 φυλάττειν
2940 3261 3119 3326 αὐτὸν,
3163 3262 3353 3331 μέχρις
3397 3263 3461 3315 ἂν
3502 3263 3802 3332 διαγνωσθῇ

2251 3354 2298 3402 εἰ
2329 3352 2434 3420 ἄρα
2462 3353 2766 3413 καλῶςείτε
2800 3350 2982 3412 κακῶς
3017 3353 3306 3422 ἐπηνὲχθη.
3335 3355 3469 3422 Φησὶ
3508 3355 3614 3421 γὰρ
3643 3346 3804 3414 οὗτος

2250 3446 2277 3494 ὁ
2307 3445 2482 3494 κανὼν
2504 3443 2592 3493 τὸν
2618 3443 2977 3510 ἀφορισθέντα
3003 3441 3259 3510 κληρικὸν
3280 3442 3363 3494 διὰ
3388 3443 3655 3512 ρᾳθυμίαν
3677 3443 3802 3511 ἦτοι

2253 3533 2552 3600 ἁμάρτημα
2589 3533 2664 3599 μὴ
2705 3532 3085 3600 αύτεκδίκητον
3119 3531 3360 3597 γίνεσθαι
3401 3532 3494 3583 καὶ
3526 3548 3804 3600 καταφρο-

2253 3623 2362 3672 νεῖν
2377 3622 2466 3672 τοῦ
2492 3622 2796 3691 ἀφορισμοῦ
2829 3623 2932 3690 πρὸ
2963 3622 3256 3685 ἐξετάσεως
3277 3639 3289 3653 ·
3323 3624 3368 3674 εἰ
3391 3623 3446 3675 δὲ
3469 3621 3624 3674 τοῦ-ιο
3649 3623 3810 3688 ποιή-

2255 3727 2372 3776 σει,
2426 3713 2689 3782 καταδίκῃ
2737 3712 3268 3765 καθυποσάλλεσθαι.
3320 3715 3427 3766 Καὶ
3479 3712 3666 3765 πολλοὶ
3704 3712 3807 3781 μὲν

2254 3801 2395 3854 οὕτω
2423 3803 2640 3863 τούτους
2677 3803 2803 3862 τοὺς
2836 3802 3064 3862 κανόνας
3114 3802 3578 3870 ἐκλαμϐάνονται·
3613 3802 3797 3869 ἕτεροι

2255 3895 2310 3945 δὲ
2331 3895 2670 3962 εὑρίσκοντες
2699 3894 2759 3944 τὸ
2789 3900 2854 3944 ια’
2883 3894 3073 3959 κεφάλ.
3111 3892 3203 3943 τοῦ
3237 3890 3276 3944 θ’
3313 3894 3490 3944 τίτλου
3535 3891 3628 3944 τοῦ
3660 3907 3809 3958 παρ-

2255 3984 2401 4045 όντος
2425 3985 2817 4050 συντάγματος,
2874 3983 3028 4048 λέγον
3059 3983 3121 4033 ἐκ
3152 3983 3316 4034 ποίων
3338 3983 3525 4035 αἰτιῶν
3551 3981 3812 4049 ἀφορίζε-

2256 4088 2343 4123 ται
2375 4074 2670 4132 ἐπίσκοπος
2703 4072 2733 4139 ἢ
2768 4071 3044 4139 κληρικδς,
3078 4069 3109 4138 ἢ
3143 4070 3361 4132 λαῖκόςο
3395 4070 3488 4122 καὶ
3528 4071 3589 4122 τὺ
3618 4066 3678 4120 ιε’
3713 4085 3812 4121 κε-

2259 4161 2477 4229 φάλαιον
2505 4160 2593 4211 τοῦ
2629 4159 2789 4212 αὐτοῦ
2822 4160 3019 4223 τίτλου,
3048 4160 3202 4226 λέγον
3228 4163 3290 4212 ὲκ
3318 4162 3483 4212 ποίων
3504 4176 3586 4221 τις
3617 4159 3809 4211 αἰτιῶν

2261 4253 2318 4300 ἐν
2361 4251 2437 4318 τῷ
2470 4249 2615 4318 αὐτῷ
2646 4249 2962 4318 ἀφορίζεται
3001 4252 3094 4302 καὶ
3121 4250 3457 4318 καθαιρεῖται
3479 4266 3491 4279 ·
3529 4250 3621 4302 καί
3648 4249 3705 4300 τὸ
3730 4257 3810 4313 ις’

2262 4341 2551 4405 κεφάλαιον
2584 4341 2675 4392 τοῦ
2704 4340 2866 4391 αὑτοῦ
2907 4340 3084 4392 τίτλου
3133 4341 3288 4407 λέγον
3330 4343 3394 4393 ἐκ
3423 4341 3590 4392 ποίων
3621 4342 3810 4393 αἰτιῶν

2262 4429 2514 4497 κληρικὺς
2542 4431 2572 4498 ἢ
2607 4432 2788 4496 λαῖκδς
2816 4430 3268 4498 άναθεματίζεται
3293 4430 3542 4497 λέγουσιν
3574 4431 3674 4493 ὃτι,
3707 4432 3806 4483 ἐὰν

2263 4519 2360 4586 μὲν
2389 4518 2446 4581 ἐξ
2478 4519 2666 4572 αἰτιῶν
2707 4520 3049 4587 δηλουμένων
3079 4523 3138 4572 ὲν
3197 4522 3304 4581 τοῖς
3353 4520 3685 4588 διαληφθεϊσι
3721 4538 3812 4572 κεσ-

2262 4607 2507 4672 φαλαίοις
2528 4608 2792 4676 ἀφορισθῇ
2822 4610 2970 4678 παρὰ
3002 4611 3300 4662 ἐπισκόπου
3328 4609 3584 4677 κληρικὸς
3633 4611 3664 4677 ἢ
3692 4610 3811 4660 λαῖ-

2265 4696 2375 4757 κὸς,
2407 4695 2607 4763 ὀφείλει
2657 4697 2944 4764 φυλάττειν
2993 4698 3082 4749 τὸν
3118 4699 3454 4766 άςρορισμὺν,
3503 4699 3606 4752 κᾶν
3663 4700 3811 4759 ὅπως

2263 4785 2327 4837 ἂν
2355 4786 2443 4837 καὶ
2477 4788 2773 4854 άπηνεχθῇ,
2809 4786 2902 4837 καὶ
2932 4786 3003 4854 μὴ
3032 4790 3392 4855 καταφρονεῖν
3413 4789 3578 4840 αὑτοῦ
3612 4790 3808 4858 μέχρις

2264 4873 2328 4924 ἂν
2352 4874 2651 4943 δοκιμασθῇ
2680 4877 2710 4942 ἡ
2740 4875 2924 4928 τούτου
2956 4876 3103 4927 αἰτία
3127 4893 3138 4906 ·
3167 4878 3214 4928 εί
3239 4877 3294 4928 δὲ
3323 4877 3412 4929 διά
3437 4895 3488 4930 τι
3516 4879 3697 4948 ἕτερον
3723 4884 3810 4931 αἵ-

2263 4980 2375 5016 τιον
2405 4963 2682 5031 ἀμετόχως
2727 4963 2897 5026 οὕτως
2943 4965 3174 5035 ἀφορίσῃ
3229 4966 3524 5030 ἐπίσκοπος
3554 4969 3738 5021 λαῖκὺν
3775 4973 3807 5040 ἢ

2265 5052 2540 5119 κληρικὸν,
2564 5053 2721 5121 τυχὸν
2766 5054 2845 5105 ὃτι
2884 5055 2943 5106 ού
2979 5057 3256 5118 στασιάζει
3306 5057 3447 5111 κατὰ
3487 5059 3578 5111 τοῦ
3605 5063 3808 5114 οἰκείου

2267 5143 2592 5211 πράκτορος,
2623 5145 2703 5194 ὅτι
2751 5144 2807 5194 ού
2839 5143 3048 5196 δίδωσιν
3075 5146 3222 5213 αὐτῷ
3258 5149 3485 5217 πρᾶγμά
3507 5167 3557 5201 τι
3589 5152 3810 5218 οἰκεῖον,

1809 5273 2004 5333 (ἶυίιί.
2042 5276 2366 5352 Beveregii
2407 5283 2594 5336 noue.

691 5397 799 5466 (23)
837 5398 1108 5450 Τοιοῦτον
1159 5398 1407 5449 δίκαιον.
1454 5395 1579 5449 Post
1627 5397 1737 5448 haec
1786 5395 1972 5466 ultima
2035 5396 2151 5466 Zo-

620 5464 842 5517 ηδτ-κη.
876 5469 1012 5518 hunc
1038 5482 1294 5517 cauoncm
1322 5467 1479 5517 verba
1514 5467 1563 5516 iu
1595 5482 1692 5517 uas.
1749 5464 1970 5529 Auguszi
2027 5465 2151 5516 Gal-

621 5536 759 5584 l.indi
792 5535 837 5585 J.
871 5535 929 5586 (Σ.
960 5535 1140 5587 (τούκ-υ
1176 5535 1410 5594 additur,
1450 5534 1785 5600 Σημειιιττέον
1826 5533 1900 5600 δέ,
1932 5533 2010 5582 ὅτι
2067 5534 2156 5582 καὶ

620 5603 839 5671 δευτέρα
873 5604 1125 5670 ἔκκλητος
1156 5607 1261 5664 τοῖς
1293 5598 1569 5671 κῗιηρικοίς
1602 5602 1815 5666 δίδοται,
1855 5598 2155 5653 Notandum

2257 5407 2327 5450 est
2363 5408 2557 5456 autem,
2584 5398 2718 5471 quod
2753 5401 2913 5471 etiam
2964 5402 3189 5453 secunda
3234 5408 3529 5470 provocatio
3601 5409 3809 5463 clericis

2260 5471 2575 5518 conceditur.
2609 5467 2709 5519 Sed
2752 5470 2860 5518 luci:
2885 5471 3192 5532 margiimlis
3227 5467 3429 5524 tantum
3481 5485 3606 5527 uota
3661 5480 3811 5528 vide.-

2263 5546 2359 5613 tue
2390 5551 2554 5614 aqua:
2586 5535 2808 5602 proinde
2843 5539 2894 5588 in
2921 5539 3103 5592 codice
3137 5542 3564 5596 Amerliacliiauo
3605 5547 3810 5600 rectius

2259 5614 2543 5656 οιιιιιιιιυι·.
