4018 6310
657 344 755 407 139
1885 336 2157 396 ἸἮΕΟΙ).

2301 336 2600 396 LSAMON
3744 325 3848 394 140

652 458 791 512 enim
818 455 997 525 procul
1027 455 1160 510 situs
1183 456 1270 517 sit,
1293 469 1397 508 non
1417 463 1631 522 cogetur
1650 453 1808 516 iudex
1831 463 1922 506 ant
1951 456 2190 506 adversa-

2307 452 2533 520 ἔγγιστα
2561 454 2898 520 διακείμενον
2929 451 3109 513 τόπον,
3147 449 3192 500 εί
3215 447 3318 516 γὰρ
3347 445 3531 515 πόρρω
3558 443 3850 501 διάκειται.

654 549 764 600 tius
787 547 926 599 hanc
954 546 1261 608 electionem
1295 547 1463 613 sequi.
1487 543 1740 597 Existimo
1779 553 1952 596 autem
1979 542 2087 594 lucc
2121 543 2190 593 lo-

2301 547 2400 596 ούκ
2437 545 2908 614 ἀναγκασθήσεται
2945 546 2970 595 6
3003 541 3258 604 δικαστὴς
3291 541 3322 602 ἢ
3359 541 3386 589 6
3414 536 3683 594 ἀντίδικος
3717 534 3858 584 ἀκοο

651 652 771 689 eum
797 651 902 687 non
923 635 1116 688 habere
1134 637 1184 686 in
1205 632 1881 702 patriarchalibusjndiciis;
1899 631 2058 700 556
2070 631 2190 699 quia

2301 635 2555 702 λουθῆσαι
2587 637 2650 704 τῇ
2682 635 2902 703 ἑπιλογῇ
2932 633 3122 700 ταύτῃ.
3154 627 3319 699 Οἶμαι
3353 628 3406 678 δὲ
3439 628 3517 679 ὃτι
3545 624 3714 677 ταῦτα
3742 620 3840 690 χώ-

654 738 809 776 nemo
849 733 1022 791 potest
1051 733 1245 775 metum
1275 722 1488 776 causari
1509 762 1524 787 ,
1553 723 1640 774 uhi
1678 722 2047 788 patriarchalis
2075 737 2158 772 ma
2183 750 2190 759 ι

2301 738 2402 791 ραν
2429 724 2528 776 οὐκ
2559 724 2768 792 ἔχουσιν
2798 727 2874 785 εἰς
2899 724 2962 776 τὰ
2988 719 3352 788 πατριαρχιιά
3374 717 3698 784 δικαστήρια
3723 731 3736 743 ·
3762 714 3853 764 ὅτι

651 813 945 881 gnitudinis
974 822 1207 878 potestas
1249 826 1461 864 omnem
1490 819 1704 876 superat
1729 810 2016 877 potentiam
2051 825 2064 860 ε
2098 811 2189 862 sed

2295 813 2466 876 οὐδεὶς
2516 814 2739 866 δύναται
2779 814 2938 882 φόϐον
2965 810 3331 882 προϐαλέσθαι
3369 807 3495 860 ἔνθα
3542 809 3574 875 ή
3625 804 3853 870 ἐξουσία

653 905 719 953 de
745 902 1134 968 episcopalibus
1169 901 1510 955 inferioribus
1529 900 1746 968 judiciis
1771 900 1881 953 haec
1905 908 2027 952 sunt
2049 900 2196 954 acci-

654 993 868 1060 pienda,
927 991 1013 1044 ubi
1051 1001 1099 1046 et
1151 992 1346 1060 judicis
1377 1002 1428 1046 ct
1457 992 1782 1059 litigatorum
1816 990 1991 1046 facilis
2043 1000 2123 1046 est
2161 1006 2191 1043 a

663 1084 780 1136 loco
815 1082 865 1136 in
892 1083 1066 1136 locum
1097 1084 1392 1138 translatio.

722 1350 970 1404 ZONAR.
1003 1350 1056 1404 Si
1090 1367 1228 1420 qum,
1265 1351 1457 1420 inquit,
1500 1354 1722 1406 exsistat
1756 1352 1892 1406 inter
1924 1352 2057 1406 duos
2087 1352 2195 1406 cle-

651 1437 792 1489 l‘lCOS
845 1440 1230 1503 controversia,
1277 1454 1570 1506 eorumque
1621 1440 1774 1503 alter,
1833 1455 1938 1509 quo
1995 1441 2046 1492 in
2080 1440 2196 1492 loco

653 1527 887 1581 tribunal
928 1527 1173 1594 erigitur,
1215 1531 1316 1581 vim
1380 1531 1746 1598 pertimescat,
1783 1532 1936 1599 quasi
1986 1530 2194 1586 scilicet

649 1617 874 1683 populus
903 1632 1166 1686 propenso
1207 1620 1258 1670 in
1309 1618 1673 1671 adversarium
1722 1620 1837 1687 ejus
1865 1620 2044 1674 animo
2091 1619 2193 1672 im-

650 1714 829 1772 petum
867 1704 1006 1758 forte
1054 1707 1104 1758 in
1156 1706 1300 1759 illum
1336 1707 1571 1760 facturus
1625 1708 1714 1772 sit,
1749 1707 1830 1761 vel
1874 1709 2099 1762 testibus
2127 1709 2193 1762 ab

2298 903 2398 971 τῆς
2425 905 2833 974 πατρισρχικῆς
2868 903 3281 972 μεγαλειότητος
3314 899 3629 967 ὑπερϐαίνει
3658 897 3850 949 πᾶσαν

2295 993 2605 1047 δυναστείαν
2631 1012 2644 1025 ·
2673 995 2785 1048 ἀλλ’
2819 996 2896 1059 είς
2929 993 3257 1047 ἑπισκοπικά
3286 992 3470 1058 εὐτελῆ
3521 989 3852 1057 δικαστήρια

2297 1083 2364 1136 τὰ
2399 1083 2490 1137 τοῦ
2522 1086 2738 1149 κανόνος
2779 1086 3192 1156 ἑκληφθήσεται.
3224 1084 3355 1136 ὅπου
3384 1083 3477 1136 καὶ
3506 1083 3536 1151 ή
3569 1081 3660 1134 τοῦ
3683 1080 3846 1132 δικα-

2303 1174 2426 1226 στοῦ
2452 1176 2546 1229 καὶ
2569 1178 2601 1245 ή
2628 1177 2734 1229 τῶν
2761 1176 3042 1230 ἀντιδίκων
3103 1177 3168 1228 lx
3192 1175 3356 1227 τόπου
3413 1174 3492 1237 είς
3547 1173 3706 1225 τόπον
3747 1186 3852 1238 με·

2301 1263 2556 1326 τάστασίς
2593 1267 2739 1320 ἑστιν
2767 1267 3013 1336 εὐχερής.

2367 1357 2608 1413 ΖΩΝΑΡ.
2656 1358 2773 1413 Κᾶν
2805 1359 3076 1430 κληρικοὶ,
3117 1357 3270 1428 φησι,
3298 1357 3390 1411 δύο
3430 1357 3554 1412 κατ’
3594 1352 3846 1426 ἀλλήλων

2293 1447 2480 1516 ἔχωσι,
2517 1448 2611 1502 καὶ
2643 1451 2671 1502 6
2703 1445 2782 1512 είς
2829 1451 3059 1519 φοϐῆται
3099 1448 3221 1519 βίαν
3250 1451 3308 1502 ἂν
3421 1449 3732 1501 συνίσταται
3777 1447 3847 1498 τὸ

2292 1539 2662 1610 δικαστήριον,
2706 1540 2778 1604 ῶς
2826 1541 2952 1605 ῐσως
3029 1539 3505 1611 παναστήσομένου
3558 1536 3703 1606 αὑτῷ
3745 1535 3843 1589 τοῦ

2295 1630 2426 1684 λαοῦ
2458 1633 2854 1702 προσκειμένου
2883 1629 2960 1700 τῷ
2986 1631 3234 1701 ἀντιδίκῳ
3262 1630 3444 1694 αὐτοῦ,
3471 1629 3504 1700 ἢ
3526 1629 3627 1682 οὐκ
3652 1629 3847 1682 ἐάσον-

2297 1740 2387 1786 τος
2431 1722 2592 1776 αὐτὸν
2643 1727 2984 1792 παραγαγεῖν
3025 1724 3326 1794 μάρτυρας,
3372 1720 3651 1774 ινδιδόσθω
3689 1718 3846 1786 αύτῷ

652 1808 717 1848 eo
779 1797 1136 1863 pI'OdIICl‘lldiS
1193 1797 1566 1864 impedimento
1619 1796 1858 1863 futurus;
1910 1798 1981 1851 illi
2029 1799 2190 1853 alium

2295 1813 2485 1879 ἓτερον
2520 1811 2871 1876 ἐπιλέξασθαι
2910 1813 3093 1878 τόπον,
3129 1811 3211 1865 ῖνα
3255 1812 3368 1863 ἐκεῖ
3407 1811 3466 1863 τὸ
3492 1810 3844 1878 δικαστήριον

652 1883 1008 1950 persequendi
1041 1882 1225 1949 iudicii
1260 1884 1433 1938 locum
1482 1885 1704 1954 eligendi
1747 1884 1971 1939 facultas
2023 1886 2188 1939 libera

652 1974 1017 2042 relinquatur:
1047 1973 1217 2026 locum
1263 1989 1390 2028 vero
1428 1976 1668 2041 proxime
1711 1976 1894 2037 situm.
1929 1990 2034 2030 non
2075 1975 2190 2029 lon-

649 2076 715 2131 go
752 2062 1028 2115 intervallo
1090 2061 1442 2130 disjunctum,
1477 2079 1544 2117 ne
1589 2065 1896 2119 adversario
1923 2064 2187 2134 etjudici-

653 2153 750 2207 bus
784 2154 909 2206 illuc
959 2153 1244 2207 convenire
1299 2153 1516 2207 difficile
1563 2155 1654 2219 sit,
1703 2163 1865 2222 utque
1898 2155 2008 2208 illic
2039 2154 2192 2209 facile

651 2254 813 2298 testes
851 2245 1102 2297 exhibere
1137 2243 1666 2311 controversiamque
1711 2244 1964 2297 dirimere
2010 2243 2190 2296 liceat.

647 2333 780 2389 Nam
821 2335 864 2389 si
902 2334 1054 2403 longe
1091 2332 1276 2399 judieii
1311 2335 1595 2392 exercendi
1647 2334 1801 2390 sedes
1829 2334 1989 2398 absit,
2027 2344 2189 2390 testes

653 2441 865 2493 quoque
909 2425 1207 2492 producere
1238 2425 1450 2478 difficile
1476 2426 1594 2479 erit.
1625 2425 1802 2494 Neque
1823 2425 1964 2478 enim
1997 2425 2190 2478 utlon-

649 2519 762 2582 gius
811 2517 1224 2584 peregrinentur
1275 2524 1443 2569 testes
1472 2515 1664 2569 adduci
1723 2523 1996 2584 poterunt.
2056 2513 2188 2569 Nam

647 2606 917 2674 proprium
949 2606 1182 2659 officium
1213 2606 1408 2660 nemini
1462 2605 1782 2659 detrimento
1825 2619 1943 2659 esse
1974 2605 2188 2669 debere,

648 2702 764 2768 lege
791 2697 1117 2750 decernitur.
1147 2694 1390 2750 Ofﬁcium
1413 2710 1536 2749 vero
1560 2695 1802 2749 Latinum
1826 2707 1907 2749 est
1935 2696 2177 2762 verbum,

649 2789 1166 2843 administrationem
1214 2786 1535 2855 minimeque
1567 2789 1781 2842 dubiam
1810 2789 1966 2842 fidem
1991 2788 2192 2856 signifi-

648 2891 797 2928 cans.

651 2964 875 3018 ARIST.
931 2984 946 3014 ι
979 2966 1075 3030 Qui
1138 2975 1370 3028 accusat,
1423 2965 1503 3018 vel
1555 2975 1853 3031 accusatur,
1887 2965 2191 3020 violentiam

722 3068 739 3099 ι
786 3053 993 3114 timens,
1021 3050 1190 3101 locum
1216 3051 1313 3102 sibi
1340 3061 1511 3103 tutum
1541 3050 1751 3119 scligat.
1786 3069 1803 3101 ι

727 3136 826 3201 Qui
878 3137 1108 3204 aliquem
1146 3146 1396 3202 accusat,
1444 3146 1497 3191 et
1550 3139 1848 3206 suspicatur
1897 3152 1952 3192 se
1985 3139 2090 3191 vim
2123 3137 2190 3193 ab
2216 3121 2259 3180 c-

649 3227 880 3281 acensati
899 3237 1046 3295 parte
1073 3242 1378 3296 passurum,
1403 3229 1482 3282 vel
1507 3229 1620 3283 vice
1644 3244 1794 3283 versa
1815 3239 2098 3283 accusatus
2123 3229 2192 3283 ab

655 3327 1007 3381 accusatore;
1044 3332 1414 3387 quemcunque
1454 3318 1632 3372 volunt
1694 3319 1866 3373 locum
1924 3321 1989 3374 ad
2037 3333 2192 3374 secu-

647 3410 861 3464 riaatem
911 3423 1060 3461 suam
1118 3409 1332 3476 eligant,
1386 3409 1473 3462 ubi
1524 3409 1676 3463 facile
1720 3410 1924 3477 possint
1963 3419 2016 3464 et
2069 3425 2187 3464 cum

649 3503 801 3568 ipsis,
849 3517 980 3570 quos
1014 3501 1149 3555 forte
1179 3502 1372 3555 habent
1420 3502 1640 3553 testibus
1667 3502 1990 3565 conversari,
2019 3509 2072 3555 et
2105 3501 2190 3570 ju-

648 3595 790 3646 dicio
838 3593 957 3648 sine
1001 3592 1233 3661 periculo
1259 3597 1448 3645 sistere
1480 3609 1493 3644 :
1528 3606 1592 3644 ne
1631 3602 1844 3659 propter
1893 3593 2187 3646 istiusmodi

647 3685 892 3738 timorem
931 3695 1216 3738 accusator
1244 3684 1311 3736 ab
1339 3683 1677 3736 accusatione
1711 3683 1953 3745 desistat,
1983 3681 2064 3736 vel
2095 3695 2191 3735 ac-

644 3785 866 3830 cusatus
920 3791 948 3828 a
998 3775 1200 3842 judicio
1260 3773 1563 3828 clanculum
1613 3774 1848 3836 recedat,
1903 3782 1954 3828 et
1994 3774 2186 3829 absens

647 3868 1054 3922 condemnetur.

1163 4038 1388 4094 CANON
1420 4037 1657 4094 XXXIV.

652 4150 669 4182 ι
719 4132 774 4184 Si
810 4131 898 4200 qui
951 4130 1130 4184 clerici
1182 4145 1211 4182 a
1263 4132 1490 4198 propriis
1526 4131 1789 4200 episcopis
1820 4141 2048 4199 promoti
2094 4144 2186 4183 cos

721 4243 738 4274 ι
771 4231 1136 4284 contemnant,
1174 4236 1241 4274 ne
1283 4221 1391 4274 illic
1418 4222 1629 4289 quidem
1667 4229 1914 4274 maneant
1936 4221 2073 4274 unde
2103 4234 2187 4272 se-

729 4334 746 4365 ι
787 4316 976 4368 cedere
1027 4314 1330 4366 noluerunt.
1369 4310 1626 4365 Similiter
1660 4313 1888 4379 placuit,
1922 4320 1976 4362 ut
2007 4312 2185 4376 cujus-

728 4423 745 4455 ι
787 4403 1140 4469 modieunqne
1168 4399 1346 4452 cleriii
1378 4406 1430 4450 ct
1453 4396 1683 4458 diaconi,
1720 4395 1760 4449 si
1786 4396 1897 4449 suis
1926 4393 2185 4461 episcopis

725 4513 744 4547 ι
787 4504 1005 4561 prepter
1056 4500 1306 4560 urgentes
1340 4489 1543 4556 aliquas
1580 4502 1796 4540 suarum
1834 4485 2184 4540 ecclesiarum

721 4604 738 4634 ι
777 4598 965 4636 causas
1007 4599 1098 4635 eos
1140 4582 1205 4633 ad
1241 4580 1465 4646 majores
1489 4579 1538 4631 in
1564 4577 1789 4632 ecclesia
1829 4591 1920 4629 sua
1959 4576 2186 4628 honores

721 4694 735 4725 ι
780 4675 1074 4742 provehere
1121 4669 1459 4729 volentibus,
1518 4684 1619 4720 non
1679 4666 1983 4735 paruerint,
2035 4679 2098 4716 ne
2132 4663 2184 4716 in

730 4785 748 4819 ι
791 4766 877 4818 illo
904 4765 1116 4832 quidem
1153 4763 1314 4830 gradu
1350 4760 1672 4822 ministrent,
1705 4773 1767 4810 ex
1806 4771 1910 4825 quo
1936 4755 2187 4811 recedere

721 4876 735 4908 ι
781 4856 1082 4909 uoluerunt.
1117 4870 1134 4902 ι

711 4966 902 5021 B.\LS.
939 4965 1161 5029 Quidam
1191 4963 1396 5027 clerici,
1435 4970 1491 5015 ut
1519 4971 1602 5016 est
1648 4959 1960 5020 verisimile,
2001 4973 2027 5010 a
2072 4958 2185 5011 suis

642 5057 910 5125 episcopis
936 5057 1000 5107 ad
1052 5055 1279 5122 majores
1332 5054 1527 5121 gradus
1573 5049 1800 5112 evocati,
1857 5060 2074 5116 propter
2100 5065 2188 5101 ec-

640 5147 923 5200 clesiarum
964 5143 1269 5205 utilitatem,
1307 5158 1410 5196 non
1465 5139 1921 5210 persuadebantur
1966 5137 2065 5190 hoc
2105 5137 2186 5189 fa-

642 5229 784 5297 cere,
817 5248 881 5285 eo
911 5233 1052 5301 quod
1097 5231 1495 5298 acquiescerent
1527 5231 1592 5282 iis
1621 5243 1755 5297 quos
1780 5229 1888 5297 jam
1915 5227 2186 5280 habebant

643 5325 915 5391 gradibus,
938 5325 1088 5378 lucro
1121 5322 1347 5375 fortasse
1365 5320 1445 5374 vel
1466 5321 1726 5388 corporali
1744 5322 1919 5388 quiete
1945 5318 2180 5371 aildneti.

647 5417 955 5466 Statuerunt
988 5428 1114 5480 ergo
1147 5411 1356 5475 Patres,
1387 5420 1442 5462 ut
1473 5411 1515 5463 si
1543 5410 1631 5478 qui
1667 5410 1873 5470 clerici,
1909 5410 2183 5477 cuiusmo-

645 5505 910 5572 dicumque
943 5504 1270 5559 sacerdotale
1322 5502 1673 5554 ministerium
1705 5512 2017 5556 exercentes
2068 5504 2184 5570 (nc-

643 5609 746 5660 que
791 5594 928 5646 cnim
980 5595 1063 5648 hic
1098 5593 1432 5661 accipiuntur
1476 5591 1680 5644 diaconi
1731 5607 1825 5658 pro
1870 5591 1954 5654 iis,
2005 5591 2097 5658 qui
2132 5591 2180 5642 in

642 5694 828 5739 saneto
858 5684 1104 5738 tribunali
1134 5683 1468 5748 ministrant;
1512 5681 1603 5736 sed
1643 5695 1739 5750 pro
1771 5681 1860 5746 iis,
1883 5681 1972 5750 qui
2003 5682 2174 5746 quod-

2291 1902 2556 1972 γένηται’
2617 1901 2842 1970 ἔγγιστα
2901 1902 2957 1954 δὲ
3010 1902 3342 1970 διακείμενον
3394 1901 3555 1952 τόπον
3609 1900 3701 1953 καὶ
3757 1899 3840 1969 μὴ

2291 1993 2432 2046 πάνυ
2482 1994 2668 2064 πόρρω
2717 1993 3072 2063 τυγχάνοντα,
3110 1993 3247 2046 ὥστε
3294 1993 3429 2061 μήτε
3467 1990 3544 2060 τῷ
3586 1991 3840 2059 ἀντιδίκῳ

2289 2081 2474 2147 αὑτοῦ,
2528 2085 2662 2153 μήτε
2694 2085 2803 2145 τοῖς
2827 2081 3134 2146 δικάζουσιν
3175 2077 3312 2135 εἶναι
3345 2080 3579 2151 δυσχερῆ
3611 2080 3709 2150 τὴν
3747 2082 3834 2142 είς

2292 2175 2495 2227 ἐκεῖνον
2535 2173 2624 2226 τὸν
2657 2173 2821 2227 τόπον
2852 2173 3162 2239 ἀπέλευσιν,
3188 2173 3279 2236 ’ὡς
3322 2173 3388 2226 ἀν
3439 2172 3674 2242 εὐχερῶς
3714 2173 3838 2224 εκεῖ

2293 2261 2564 2331 μάρτυρες
2588 2261 2926 2330 παραστῶσι,
2957 2261 3051 2314 καὶ
3082 2263 3114 2332 ή
3145 2262 3396 2326 ὑπόθεσις
3423 2261 3731 2332 περατωθῇ.
3765 2261 3834 2314 El

2290 2351 2397 2424 γὰρ
2417 2353 2606 2421 πόρρω
2630 2352 2897 2407 διάκειται
2921 2352 2950 2403 6
2969 2352 3127 2409 τόπος
3147 2353 3204 2404 ιν
3219 2347 3262 2420 ᾧ
3285 2352 3463 2421 μέλλει
3485 2349 3839 2405 συνίστασθαι

2290 2439 2348 2491 τὸ
2399 2439 2768 2508 δικαστήριον,
2819 2439 2910 2491 καὶ
2957 2439 2990 2509 ή
3039 2437 3144 2492 τῶν
3190 2439 3478 2510 μαρτύρων
3527 2437 3842 2509 παραγωγὴ

2289 2527 2554 2598 δυσχερὴς
2583 2528 2754 2586 ἕσται.
2789 2529 2862 2581 Οὐ
2911 2529 3016 2598 γὰρ
3056 2529 3435 2599 πεισθήσονται
3469 2531 3518 2581 οί
3561 2531 3843 2599 μάρτυρες

2292 2617 2589 2686 ὐπερορίως
2619 2618 2988 2689 ἀποδημῆσαι.
3024 2618 3213 2673 Ούδενὶ
3245 2619 3353 2688 γὰρ
3383 2620 3583 2689 ὀφείλει
3609 2619 3670 2672 τὸ
3699 2619 3842 2673 ἴδιον

2289 2707 2538 2776 όφφίκιον
2584 2707 2872 2777 ιπιζήμιον
2921 2708 3186 2777 γίνεσθαι,
3218 2711 3246 2762 6
3287 2709 3445 2778 νόμος
3479 2708 3631 2778 φησί.
3669 2709 3742 2762 Τὸ
3777 2709 3844 2762 δὲ

2289 2799 2457 2868 ὄνομα
2483 2800 2574 2853 τοῦ
2603 2799 2855 2865 ὀφφικίου
2894 2800 3196 2870 Ῥωμαϊκόν
3229 2802 3365 2865 ἐστι,
3405 2802 3667 2870 σημαῖνον
3699 2800 3844 2854 διοί-

2290 2908 2449 2960 κησιν
2487 2892 2581 2945 καὶ
2606 2893 2965 2956 ἀξιοπιστίαν.

2291 2981 2507 3036 ΔΡΙΣΤ.
2549 3001 2567 3032 ι
2601 2982 2956 3052 Κατηγορῶν,
2993 2982 3025 3052 ἢ
3057 2983 3545 3051 κατηγορούμενος,
3591 2983 3710 3053 βίαν
3738 3001 3845 3054 φο-

2507 3088 2526 3120 ι
2557 3070 2650 3123 ϐού
2661 3088 2838 3141 μενος,
2861 3071 3160 3140 ὲπιλεγέτω
3175 3071 3333 3126 τόπον
3350 3073 3565 3126 ἄσυλον.
3597 3093 3614 3125 ι

2373 3161 2432 3212 '0
2480 3161 2799 3232 κατηγορῶν
2825 3178 2987 3228 τινος,
3037 3163 3128 3216 ὲάν
3161 3162 3282 3230 βίαν
3319 3162 3594 3235 ὑποπτεύῃ
3641 3165 3843 3218 παθεῖν

2291 3249 2441 3319 παρὰ
2468 3248 2561 3303 τοῦ
2594 3251 2795 3322 μέρους
2825 3251 2917 3305 τοῦ
2954 3252 3445 3322 κατηγορουμένου,
3473 3255 3502 3323 ἢ
3535 3256 3596 3307 τδ
3625 3256 3845 3308 ἀνάπα-

2289 3337 2372 3390 λιν
2420 3341 2448 3393 6
2494 3341 2962 3412 κατηγορούμενος
3012 3343 3161 3413 παρά
3205 3343 3300 3395 τοῦ
3341 3347 3676 3416 κατηγόρουν
3719 3341 3844 3399 οἷον

2288 3430 2530 3484 ἐθέλουσι
2555 3433 2715 3484 τόπον
2745 3435 2824 3496 είς
2852 3435 3152 3503 ἀσφάλειαν
3174 3437 3352 3490 αὐτῶν
3379 3437 3839 3504 ἑπιλεγέσθωσαν,

2289 3517 2428 3572 ὥστε
2471 3522 2713 3590 εὐχερῶς
2756 3523 2922 3592 ἔχειν,
2956 3526 3044 3576 καὶ
3085 3527 3196 3586 τοῖς
3229 3525 3356 3588 ἴσως
3393 3525 3615 3579 ὑποῦσιν
3647 3527 3843 3592 αὐτοῖς

2293 3611 2556 3680 μάρτυσιν
2593 3611 2800 3681 ὁμιλεῖν
2827 3614 2923 3665 καὶ
2951 3615 3030 3677 είς
3057 3615 3118 3667 τδ
3161 3613 3502 3686 δικαστήριον
3537 3616 3844 3680 ἀκινδύνως

2289 3702 2531 3773 ἀπαντᾷν
2550 3719 2564 3734 ο
2598 3703 2680 3756 ῖνα
2710 3703 2784 3774 μή
2809 3704 2894 3756 διὰ
2918 3704 3007 3758 τὸν
3026 3707 3262 3759 τοιοῦτον
3297 3707 3457 3776 φόϐον
3481 3707 3513 3778 ἢ
3542 3711 3570 3762 ό
3596 3709 3842 3777 κατήγο-

2292 3809 2381 3862 ρος
2430 3793 2526 3862 τῆς
2578 3795 2864 3857 αἰτιάσεως
2919 3795 3144 3865 ἀποστῇ,
3197 3796 3228 3864 ἦ
3287 3799 3316 3849 6
3365 3800 3842 3867 κατηγορούμενος

2288 3883 2459 3953 λάθρα
2513 3884 2607 3936 τοῦ
2663 3884 3007 3955 δικαστηρίου
3065 3887 3490 3960 ὑπαναχωρήσῃ,
3535 3891 3629 3942 καὶ
3677 3888 3840 3945 ἀπὼν

2289 3971 2678 4042 καταδικασθῇ.

2867 4061 3101 4116 ΚΛΝΩΝ
3140 4066 3256 4120 ΛΔ’.

2292 4170 2310 4203 ι
2363 4152 2488 4205 Ἐάν
2520 4169 2663 4215 τινες
2688 4151 2938 4222 κληρικοὶ
2963 4154 3025 4205 ἐκ
3051 4153 3154 4207 τῶν
3181 4155 3323 4207 ἰδίων
3355 4157 3665 4210 ἐπισκόπων
3697 4175 3835 4228 προο

2363 4261 2381 4292 ι
2420 4241 2762 4308 ϐιϐαζόμενοι
2791 4245 3214 4312 καταφρονῶσιν,
3249 4245 3384 4314 μηδὲ
3411 4247 3526 4299 ἐκεῖ
3551 4249 3830 4317 μείνωσιν,

2361 4347 2379 4380 ι
2416 4330 2535 4383 ὅθεν
2556 4329 2904 4398 ἀναχωρῆσαι
2925 4331 3023 4383 οὐκ
3040 4331 3326 4400 ἠθέλησαν.
3361 4333 3589 4404 Ὁμοίως
3611 4338 3831 4406 ἤρεσεν,

2363 4438 2381 4470 ι
2425 4421 2508 4472 ἵνα
2551 4419 2849 4488 οίοιδήποτε
2891 4421 3134 4490 κληρικοὶ
3171 4424 3261 4474 καὶ
3301 4424 3554 4488 διάκονοι,
3607 4428 3698 4480 Liv
3749 4430 3829 4500 μή

2365 4526 2383 4559 ι
2425 4506 2755 4577 πειθαρχῶσι
2787 4511 2896 4570 τοῖς
2919 4513 3232 4575 ἐπισκόποις
3258 4515 3455 4577 αὐτῶν,
3489 4515 3827 4584 βουλομένοις

2363 4620 2382 4652 ι
2421 4601 2508 4654 διά
2549 4619 2700 4665 τινας
2733 4604 3133 4670 ἀναγκαστικάς
3178 4605 3352 4664 αἰτίας
3393 4605 3500 4657 τῶν
3527 4607 3828 4674 ἠκκλησιῶν

2364 4709 2381 4742 ι
2419 4690 2594 4743 αὐτῶν
2623 4690 2840 4753 τούτους
2871 4691 3004 4760 πρὸς
3026 4690 3272 4758 μείζονας
3301 4691 3642 4756 ἀναϐιϐάζειν
3663 4695 3829 4763 τιμὰς

2363 4801 2380 4833 ι
2417 4785 2477 4852 ᾼὲν
2506 4784 2569 4849 τῇ
2600 4782 2860 4850 ἐκκλησίᾳ
2881 4781 3076 4842 αὐτῶν,
3100 4780 3230 4849 μηδὲ
3248 4781 3304 4832 ὲν
3327 4781 3515 4850 ἐκείνῳ
3537 4781 3611 4851 τῷ
3637 4782 3829 4852 βαθμῷ

2362 4890 2379 4923 ι
2416 4850 2827 4939 διακονήσωσιν,
2847 4871 2904 4934 ἐξ
2921 4864 2979 4923 οὗ
3009 4870 3350 4938 ἀναχωρῆσαι
3381 4872 3477 4922 οὐκ
3500 4850 3820 4939 ἠθέλησαν.ε

2359 4961 2553 5012 ΒΛΛΣ.
2584 4958 2756 5020 Τινὲς,
2790 4958 2862 5021 ὡς
2894 4957 3057 5018 ἔοικε,
3094 4959 3339 5027 κληρικοὶ
3370 4959 3824 5025 μετακαλούμενοι

2287 5051 2438 5119 παρὰ
2463 5049 2567 5100 τῶν
2598 5048 2906 5100 ἐπισκόπων
2938 5039 3114 5100 αὐτῶν
3148 5049 3281 5117 πρὸς
3313 5047 3560 5114 μείζοιας
3589 5047 3828 5117 βαθμοὶς

2287 5140 2373 5191 διὰ
2391 5139 2763 5207 χρησιμότήτα
2787 5139 2891 5190 τῶν
2917 5137 3241 5208 ἐκκλησιῶν,
3260 5138 3358 5188 οὐκ
3379 5135 3651 5189 ἐπείθοντο
3675 5139 3830 5192 τοῦτο

2288 5232 2524 5298 ποιῆσαι,
2555 5231 2639 5282 διὰ
2686 5230 2744 5281 τὸ
2773 5229 3142 5282 ἀναπαύεσθαι
3175 5231 3263 5279 ἐπὶ
3300 5230 3412 5291 τοῖς
3447 5229 3831 5297 κατεχομένοις

2288 5321 2432 5389 παρᾶ
2465 5319 2665 5372 τούτων
2699 5319 2945 5389 βαθμοῖς,
2979 5319 3085 5371 ἀπὸ
3119 5319 3340 5389 κέρδους
3374 5320 3499 5382 ἴσως
3534 5321 3566 5389 ἢ
3603 5323 3696 5374 καὶ
3728 5341 3833 5376 σω-

2289 5411 2514 5480 ματικῆς
2547 5411 2920 5470 ἀναπαύσεως,
2966 5409 3188 5478 Ὠρισαν
3218 5407 3308 5464 οὖν
3339 5413 3386 5463 οί
3438 5412 3698 5482 Πατέρες,
3747 5415 3832 5468 ἵνα

2288 5503 2382 5554 ἐᾶν
2427 5519 2564 5562 τινες
2612 5502 2858 5570 κληρικοὶ
2891 5502 3197 5570 οῖαυδήτινα
3235 5504 3506 5555 διακονίαν
3555 5507 3829 5574 ἱερατικὴν

2286 5592 2632 5660 ἐνεργοῦντες
2682 5593 2822 5661 (οὐδὲ
2875 5593 2982 5660 γὰρ
3027 5593 3460 5661 ἐκλαμϐάνονται
3511 5595 3739 5647 ἐνταῦθα
3782 5595 3828 5644 οί

2287 5683 2519 5738 διάκονοι
2549 5684 2629 5746 είς
2660 5685 2781 5742 τοὺς
2823 5686 2878 5736 ἐν
2910 5684 2986 5749 τῷ
3014 5684 3155 5753 ἁγίῳ
3185 5684 3388 5755 βήματι
3417 5685 3826 5748 διακονοῦντας,
