4018 6310
223 376 321 439 141

1206 363 1290 425 ΙΝ
1327 363 1489 425 CAN.
1536 362 1777 424 XXXIV
1817 362 2020 424 CONC.
2063 361 2440 424 CARTHAG.

3339 353 3442 416 ιιε

219 489 346 541 ἀλλ’
411 487 489 549 είς
543 484 669 548 τοὺς
732 477 1087 553 ἐνεργοῦντας
1149 478 1456 548 οίανδήτινα
1514 477 1787 531 διακονίαν

1905 490 2104 544 :uuqne
2143 475 2569 530 ecclesiasticum
2603 472 2964 526 ministerium
2996 469 3292 538 exercent),
3331 484 3432 522 non

230 576 723 648 ἐκκλησιαστικὴν)
759 575 820 627 οὐ
861 571 1151 626 πείθωνται
1177 573 1290 634 τοῖς
1319 571 1633 630 ιπισκόποις
1663 568 1789 621 τού-

221 689 368 737 των,
400 670 739 740 βουλομένοις
783 663 1242 738 προανασιδάζειν
1271 661 1465 722 αὐτοὺς
1493 661 1574 721 εἰς
1605 656 1788 727 μείζοο

1902 567 2267 633 pareantsuis
2300 565 2588 633 episcopis,
2626 562 2692 616 ad
2717 563 2946 630 majores
2993 564 3186 628 gradus
3230 567 3444 627 propter

1903 664 2184 720 urgentem
2234 655 2464 721 aliquam
2514 654 2864 708 ecclesiarum
2915 651 3313 712 necessitatem,
3355 663 3449 703 eos

225 781 330 826 νας
384 762 619 832 βαθμοὺς
646 757 734 812 διὰ
783 756 1192 824 ἀναγκαστικὴν
1233 753 1411 805 αἰτίαν
1438 749 1547 803 τῶν
1589 749 1790 818 ἐκκλη-

1905 745 2204 812 proveher:
2264 745 2590 807 volentibus;
2651 742 2745 797 sed
2799 742 3034 796 haareant
3097 743 3161 794 iis
3193 742 3447 810 gradibus

227 858 393 920 σιῶν,
423 855 537 910 ἀλλ’
557 853 848 923 ἐξίκωνται
872 845 947 905 ὧν
969 849 1258 917 κατέχουσι
1287 841 1507 915 βαθμῶν
1527 843 1563 910 ἢ
1590 839 1792 902 τόπων,

229 945 383 1014 μηδὶ
407 943 496 996 ἐπ’
531 943 726 1011 ἐκείνῳ
756 941 837 1010 τῷ
867 938 1060 1009 βαθμῷ
1088 933 1226 989 εἶναι
1258 935 1452 996 αὐτοὺς
1490 931 1582 984 καὶ
1615 931 1793 982 διακο-

228 1049 378 1101 νεῖν,
419 1042 478 1099 ιξ
511 1039 570 1089 οὗ
607 1034 961 1104 ἀναχωρῆσαι
1001 1031 1102 1083 οὐκ
1139 1027 1430 1098 ἠθέλησαν.
1470 1022 1654 1078 Ταῦτα
1702 1023 1794 1073 τοῦ

225 1129 465 1189 κανόνος
490 1126 878 1196 διοριζομένου,
907 1119 1126 1190 λέγουσί
1170 1135 1314 1180 τινες
1361 1117 1434 1180 ὡς
1487 1117 1553 1168 ἑκ
1602 1113 1793 1166 τούτου

220 1221 442 1274 δίδοται
495 1218 645 1272 ἀδεια
685 1219 800 1280 τοῖς
854 1215 1219 1284 πατριάρχαις
1272 1209 1368 1264 καὶ
1428 1209 1540 1270 τοῖς
1592 1205 1796 1264 λοιποῖς

227 1312 564 1371 επισκόποις
609 1307 866 1379 μιθιστᾷν
904 1305 1031 1366 τοὺς
1059 1302 1151 1356 ὑπ’
1190 1301 1386 1363 αὐτοὺς
1415 1299 1679 1369 ἄρχοντας
1705 1294 1798 1348 καὶ

223 1401 372 1462 τοὺς
417 1398 607 1462 ἄλλους
643 1395 955 1467 ίερατικοὺς
995 1391 1103 1445 ἀπὺ
1133 1390 1246 1444 τῶν
1289 1388 1558 1456 όφφικίων
1597 1384 1796 1450 αὐτῶν,

231 1489 482 1556 μάλιστα
498 1488 542 1541 δ’
564 1490 737 1541 εἰπεῖν
763 1484 1045 1553 καθαιρεῖν
1060 1481 1282 1543 τούτους
1295 1476 1703 1548 ψηφιζομένους
1724 1475 1800 1536 είς

233 1579 536 1649 ἐκκλησίας
577 1579 920 1646 οἱασδήτινας
953 1575 1048 1628 καὶ
1092 1571 1168 1642 μὴ
1204 1566 1664 1639 καταδεχομόνους
1701 1565 1801 1635 τὴν

231 1673 445 1742 ψῆφον.
501 1672 653 1741 Ἐμοὶ
686 1670 741 1723 δὲ
774 1669 920 1722 δοκεῖ
955 1666 1028 1728 ὡς
1072 1662 1180 1718 ἀπὸ
1212 1661 1308 1716 τοῦ
1350 1659 1573 1719 κανόνος
1612 1656 1799 1710 τούτου

233 1765 346 1823 οὐκ
403 1761 811 1829 ἀναγκάζονται
851 1756 903 1810 οί
947 1755 1057 1807 τῶν
1106 1751 1410 1823 ἐκκλησιῶν
1449 1749 1705 1818 ἄρχοντες
1765 1744 1799 1812 ἢ

1904 847 1999 886 seu
2041 834 2173 887 locis
2205 848 2337 901 quos
2365 841 2547 887 tenent
2579 850 2593 886 :
2623 847 2687 886 ne
2716 832 2766 885 in
2792 832 2882 886 illo
2912 833 3122 900 quidem
3147 832 3309 898 gradu
3339 832 3447 883 sint

1902 931 1957 977 et
1995 923 2331 987 ministrent,
2371 937 2434 977 ex
2479 939 2586 992 quo
2635 923 2913 978 discedere
2956 923 3258 976 noluerunt.
3312 921 3445 976 Cum

1903 1029 2074 1069 canon
2128 1029 2239 1068 nazc
2277 1014 2549 1079 decernat,
2602 1014 2816 1084 qui-lam
2874 1015 3078 1074 dicunt,
3129 1028 3190 1066 ex
3232 1015 3329 1067 hoc
3358 1031 3450 1082 pa-

1907 1104 2158 1158 triarchis
2180 1114 2233 1158 et
2261 1103 2482 1173 reliquis
2502 1105 2768 1172 episcopis
2794 1104 2973 1157 datam
3007 1118 3124 1157 esse
3145 1103 3450 1156 facultatem

1907 1211 2024 1262 eos,
2053 1198 2142 1264 qui
2188 1197 2286 1250 sibi
2334 1197 2580 1260 subsunt,
2634 1195 2996 1264 magistratus,
3037 1204 3090 1250 et
3125 1197 3258 1249 alios
3313 1195 3452 1248 sacri

1905 1287 2134 1350 ordinis,
2162 1287 2228 1339 ab
2263 1285 2456 1341 olliciis
2477 1287 2588 1340 suis
2609 1302 2824 1340 movere
2850 1303 2863 1338 :
2891 1286 3119 1340 maxime
3141 1295 3314 1341 autem
3341 1302 3454 1350 cos,

1906 1378 1999 1447 qui
2037 1377 2102 1429 ad
2158 1376 2426 1444 quaslibet
2458 1376 2715 1430 ecclesias
2749 1376 3018 1445 eliguntur
3057 1387 3112 1430 et
3139 1378 3454 1432 electionem

1906 1484 2012 1522 non
2041 1469 2346 1534 admittunt,
2374 1469 2656 1537 deponere.
2686 1468 2810 1521 Mihi
2841 1477 3017 1521 autem
3046 1469 3268 1532 videtur,
3316 1471 3457 1537 quod

1907 1575 1970 1613 ex
2028 1560 2125 1613 hoc
2170 1573 2371 1613 canone
2416 1575 2517 1613 non
2576 1569 2840 1628 coguntur
2885 1559 3230 1612 ecclesiarum
3287 1561 3458 1628 magi-

1909 1665 2133 1715 stratus.
2157 1663 2248 1706 aut
2287 1652 2372 1706 alii
2399 1651 2600 1716 clerici,
2632 1653 2711 1706 vel
2731 1651 2879 1706 inviti
2901 1651 3190 1719 suscipere,
3222 1666 3337 1718 qua;
3367 1667 3460 1719 per

1911 1743 2267 1813 cpisc0palem
2312 1743 2631 1798 electionem
2676 1743 2757 1796 eis
2785 1743 2998 1807 dantur,
3037 1742 3330 1796 ecdesias:
3364 1742 3458 1796 scd

230 1855 422 1922 lupos
468 1822 726 1922 κληρικοὶ
765 1847 1154 1917 καταδέχεσθαι
1193 1822 1285 1898 καὶ
1327 1843 1552 1903 ἄκοντες
1587 1843 1684 1898 τὰς
1721 1836 1795 1887 διό

1915 1836 1979 1886 de
2028 1835 2093 1887 iis
2128 1833 2293 1902 accipi
2343 1848 2623 1896 canonem,
2670 1834 2759 1902 qui
2786 1833 3036 1902 quaelibet
3096 1833 3456 1887 ecclesiastica

233 1947 423 2014 ψήφου
478 1941 838 2008 ἑπισκοπικῆς
893 1936 1168 2006 διδομένας
1218 1933 1428 1993 τούτοις
1477 1927 1795 1996 ἐκκλησίαςλ

1916 1925 2217 1978 ministeria
2245 1934 2514 1990 exercent,
2550 1933 2602 1978 et
2632 1925 2696 1979 ad
2725 1925 2957 1994 majores
2982 1925 3190 1993 aliquos
3228 1927 3458 1978 honores

233 2035 382 2089 ἀλλὰ
414 2029 856 2102 ἐπιλαμϐάνεσθαι
889 2026 978 2079 τδν
1012 2025 1213 2078 κανόνα
1251 2023 1331 2085 εις
1365 2023 1490 2081 τοὺς
1523 2015 1795 2086 ινεργοῦν-

1919 2016 2004 2069 vel
2022 2017 2226 2082 gradus
2258 2026 2510 2070 vocantur
2539 2027 2594 2071 et
2629 2017 2913 2085 episcopali
2946 2016 3206 2070 voeationi
3245 2030 3346 2067 non
3370 2030 3466 2081 pa-

238 2140 342 2186 τας
374 2118 840 2190 ικκλησιαστικὰς
877 2116 1216 2186 οίασδήτινας
1254 2111 1530 2171 διακονίας
1551 2147 1566 2173 ,
1603 2108 1695 2158 καὶ
1728 2105 1795 2166 είς

1919 2118 2066 2170 rent;
2095 2115 2147 2160 et
2178 2109 2432 2171 maxime,
2466 2109 2679 2176 quando
2707 2122 2767 2161 ea
2794 2107 2949 2177 557
2973 2115 3186 2176 propter
3221 2106 3465 2160 θοριεεμίειι

241 2211 501 2281 μείζονας
522 2210 684 2280 τιμὰς
705 2210 740 2277 ἢ
773 2205 1010 2277 βαθμοὺς
1048 2201 1576 2275 μετακαλούμενουῆ
1607 2197 1700 2251 καὶ
1735 2195 1795 2266 μὶ

1919 2195 2201 2249 utilitatem
2239 2195 2347 2249 flat.
2370 2196 2424 2249 Si
2456 2196 2594 2249 enim
2617 2196 2813 2250 invitus
2836 2197 3099 2264 quispiam
3151 2196 3412 2265 episcopal
3440 2212 3465 2249 s

233 2304 602 2372 πειθομένους
627 2304 693 2371 τῇ
725 2299 1058 2368 ἑπισκοπικῇ
1089 2294 1445 2366 μετακλήσει.
1472 2293 1580 2345 Καὶ
1611 2289 1795 2358 μᾶλλοι

1924 2286 2204 2357 dignitatis
2257 2287 2649 2342 ordinationem
2692 2304 2798 2341 non
2853 2289 3132 2359 suscipiat,
3176 2297 3258 2342 est
3313 2289 3465 2342 venia

238 2394 375 2448 ὅταν
407 2394 495 2445 διὰ
531 2391 909 2462 χρησιμότητα
941 2387 1040 2456 τῆς
1071 2386 1366 2456 ἐκκλησίας
1391 2380 1530 2449 αὕτη
1572 2380 1787 2448 γίνηται

1920 2378 2148 2448 dignus;
2180 2380 2302 2433 dum
2340 2378 2408 2433 ob
2449 2377 2763 2434 laudabilem
2791 2394 3164 2448 quamcunque
3203 2382 3463 2434 rationem

241 2485 320 2538 τὸ
359 2485 459 2553 μὲν
506 2484 617 2552 γὰρ
667 2480 876 2534 ἄκοντά
917 2494 1036 2538 τινα
1069 2476 1144 2547 μὴ
1193 2472 1447 2543 δέχεσθαι
1481 2467 1795 2540 χειροτονίαι

1921 2483 2232 2537 moremque
2288 2469 2677 2524 ordinationem
2732 2469 2960 2524 fortasse
3018 2471 3260 2524 modeste
3317 2471 3466 2528 vitat.

243 2571 615 2629 ἐπισκοπικοῦ
671 2569 976 2638 ἀξιώματος
1030 2563 1401 2632 συγγνωστέον
1459 2562 1628 2625 ἐστὶν,
1685 2559 1795 2617 law;

1920 2558 2161 2614 Clericos
2183 2567 2361 2612 autem
2394 2559 2478 2614 vel
2506 2561 2850 2627 magistratus
2879 2575 2980 2614 non
3014 2561 3230 2616 obedire
3260 2565 3469 2630 episco-

247 2665 353 2734 τὴν
381 2662 718 2734 χειροτονίαν
745 2657 1139 2726 εὐλαϐούμενον
1168 2655 1251 2708 διὰ
1285 2654 1582 2723 οίονδήτινα
1615 2650 1795 2721 τρόποι

1923 2650 2005 2719 pis
2047 2662 2140 2702 eos
2194 2649 2258 2702 ad
2300 2647 2504 2715 majora
2549 2648 2724 2705 olﬁcia
2759 2652 3088 2739 vocantibus,
3140 2667 3245 2707 non
3299 2654 3471 2706 solum

245 2755 562 2817 ὶπαινετὸν,
600 2753 661 2804 τὸ
691 2751 750 2804 δὲ
788 2751 864 2820 μὴ
904 2749 1201 2802 ὑπακούειν
1231 2746 1323 2800 τοῦ
1353 2743 1652 2797 ἀπισκόπου
1689 2743 1795 2794 τοὺς

1924 2753 2027 2791 non
2085 2746 2168 2792 est
2227 2737 2624 2805 ignoscendum,
2693 2741 2784 2795 sed
2838 2737 2995 2794 etiam
3057 2743 3475 2797 animadversio-

238 2844 546 2915 κληρικοῦς
606 2841 638 2912 ἢ
693 2841 785 2894 καὶ
835 2840 961 2902 τοὺς
1012 2839 1278 2908 ἄρχοντας
1331 2831 1795 2905 μετακαλουμένου

1925 2843 1992 2884 ne
2016 2828 2253 2899 dignum.
2281 2829 2336 2882 Si
2365 2831 2485 2899 quis
2508 2831 2672 2895 enim,
2695 2847 2812 2885 cum
2835 2834 2905 2888 sit
2928 2831 3064 2888 forte
3093 2837 3145 2888 in
3171 2835 3474 2898 diacOnatn,

242 2934 473 2997 satisan;
524 2935 605 2996 είς
668 2931 888 3003 μείζονα
944 2930 1174 2996 όφφίκια
1229 2927 1290 2980 οὐ
1344 2927 1502 2993 μόνον
1552 2923 1648 2976 ούκ
1698 2921 1793 2974 εστ

1926 2932 2032 2971 non
2066 2933 2268 2973 rnorem
2297 2927 2466 2988 gerat,
2501 2929 2560 2974 ut
2595 2921 2942 2976 rel'erendarii
2989 2924 3350 2978 characterem
3388 2941 3476 2978 ae-

249 3023 652 3092 συγγνωστέον,
683 3023 819 3075 ἀλλά
842 3021 935 3075 καί⁸
958 3019 1238 3081 κολάσεως
1268 3016 1437 3081 ἀξιον.
1477 3014 1543 3068 Εἰ
1576 3013 1685 3080 γάρ
1713 3030 1794 3074 τις

1927 3007 2091 3075 cipiat
2119 3009 2204 3062 vel
2237 3008 2499 3074 doctoris,
2535 3021 2752 3080 propter
2793 3011 3051 3075 laborem,
3075 3023 3128 3066 et
3156 3021 3216 3068 ut
3242 3015 3476 3069 ecclesias

244 3115 414 3185 τυχὸν
435 3116 496 3167 ὲν
513 3113 781 3174 διακόνοις
796 3110 891 3176 ὣν,
915 3111 974 3163 οὐ
999 3108 1245 3162 πείθεται
1271 3106 1673 3176 σφραγισθῆναι
1701 3107 1790 3175 ραι

1929 3094 2147 3157 serviat,
2189 3096 2442 3163 punietur
2465 3117 2477 3152 :
2502 3108 2554 3152 et
2582 3099 2626 3153 si
2658 3099 2797 3168 quis,
2831 3101 2919 3169 qui
2947 3103 3153 3168 primus
3175 3112 3255 3160 est
3287 3106 3474 3160 defen-

252 3204 614 3276 φιρενδάριον
673 3201 707 3272 ἢ
767 3199 1087 3256 διδάσκαλον
1155 3197 1242 3250 διὰ
1306 3199 1398 3249 τὸν
1464 3196 1632 3248 κόπον
1658 3232 1677 3260 ,
1734 3212 1795 3249 κσ

1933 3198 2042 3249 sor,
2097 3199 2202 3239 non
2239 3186 2350 3240 vult
2381 3187 2445 3241 ad
2479 3187 2707 3242 olliciutn
2745 3189 2921 3243 aeditui
2954 3194 3192 3259 provehi,
3222 3197 3360 3264 quod
3401 3198 3478 3248 ni-

253 3271 552 3350 δοθλεῦσαι
586 3294 651 3364 τῇ
688 3271 953 3360 ίκκλησίᾳ
975 3330 988 3355 ,
1020 3285 1452 3356 κολασθήσεται’
1494 3283 1591 3337 καὶ
1627 3284 1681 3338 εί
1705 3300 1790 3347 τις

1932 3271 2005 3326 hil
2033 3273 2154 3328 inde
2187 3274 2317 3329 lucri
2358 3276 2703 3345 percipiatur,
2729 3279 2894 3332 etiam
2929 3295 2956 3332 a
3004 3281 3156 3349 primi
3185 3283 3479 3339 defensoris

257 3387 641 3459 πρωσίκδικος
691 3381 786 3446 ὢν,
831 3380 894 3433 ού
951 3378 1092 3432 θέλει
1143 3375 1575 3447 προδιδασθῆναι
1627 3377 1705 3437 είς
1759 3375 1795 3425 ίε

1929 3364 2105 3419 olllcio
2137 3366 2411 3436 ejicietur;
2444 3376 2497 3421 et
2545 3368 2588 3422 si
2640 3370 2779 3436 quis,
2826 3384 2948 3422 cum
3002 3372 3070 3425 sit
3131 3371 3318 3437 lector,
3376 3391 3477 3430 nntt

257 3456 578 3549 ρόμνήμονα
591 3476 678 3528 διὰ
698 3474 760 3526 τὸ
777 3470 1001 3542 ἀκερδὲς
1021 3469 1110 3524 τοῦ
1136 3469 1408 3536 όφφικίου,
1435 3465 1795 3537 ἐκϐληθήσετα

1930 3457 2041 3511 vult
2067 3456 2131 3510 ad
2155 3459 2345 3528 majus,
2384 3460 2474 3513 sed
2510 3459 2824 3515 laboriosius
2845 3501 2860 3526 ,
2889 3461 3122 3515 officium
3159 3470 3479 3532 promovi-ri,

254 3547 361 3628 sui
539 3568 632 3621 τοῦ
674 3565 1080 3638 πρωτεκδίκου’
1121 3567 1210 3616 καὶ
1251 3561 1304 3614 εί
1347 3579 1452 3625 τις,
1481 3562 1795 3630 ἀναγνώστῃ

1934 3547 2249 3614 deponetur.
2281 3548 2457 3616 Atque
2490 3548 2588 3602 hoc
2615 3563 2679 3600 es
2714 3564 2778 3604 eo
2814 3551 3151 3606 manifestum
3194 3562 3294 3618 est,
3339 3561 3480 3624 quod

259 3661 364 3723 ῶν,
399 3658 462 3711 ού
493 3657 637 3710 θέλει
671 3651 1202 3726 προαναΰιόασθῆναι
1240 3651 1317 3714 είς
1351 3651 1532 3717 μεῖζον
1560 3650 1795 3717 όφφίκιοι

1935 3651 2095 3726 nona
2126 3639 2318 3705 quovis
2373 3640 2622 3708 episcopo
2673 3640 2738 3693 ad
2788 3641 3479 3716 dignitaternepiscopale-tt

254 3749 336 3812 ὡς
375 3747 642 3817 κοπηρὸν,
672 3725 1149 3814 καθαιρεθήσεται.
1185 3741 1295 3794 Καὶ
1331 3740 1489 3808 δῆλον
1519 3738 1678 3792 τοῦτο
1712 3740 1795 3791 ἀπέ

1934 3725 2149 3795 eligitur
2175 3727 2432 3792 clericus;
2463 3730 2555 3782 sed
2580 3730 2645 3781 ab
2678 3731 2747 3784 iis
2779 3730 2902 3785 solis
2935 3732 3023 3800 qui
3049 3734 3245 3788 habent
3273 3732 3476 3802 e'pism-

258 3839 361 3894 τοῦ
395 3838 472 3908 μὴ
493 3833 830 3906 ψηφίζεσθαι
854 3833 1000 3903 παρά
1026 3829 1228 3889 παντὸς
1247 3829 1546 3882 ἐπισκόπου
1572 3826 1795 3898 κληρικδ

1935 3827 2088 3884 palus
2123 3833 2134 3868 :
2171 3817 2566 3885 metropolitani
2599 3819 2766 3881 enim,
2797 3820 2885 3886 qui
2912 3835 3023 3873 non
3056 3822 3252 3877 habent
3273 3828 3484 3893 episeo-

263 3932 352 3991 είς
398 3906 762 3981 ὶπισκοπικδν
808 3921 1048 3992 ἀξίωμα,
1102 3920 1238 3974 ἀλλά
1295 3919 1444 3988 παρά
1499 3919 1673 3988 μόνων
1724 3917 1795 3970 τῶ

1935 3916 2112 3976 palus,
2158 3906 2408 3961 similiter
2445 3918 2497 3960 et
2537 3907 2767 3978 episcopi
2803 3912 2889 3978 qui
2953 3912 3182 3967 subsunt
3219 3925 3487 3986 metrOpo-

264 4020 504 4088 ἑχόντων
557 4013 896 4076 επισκοπάς·
952 4013 1001 4064 oi
1050 4013 1158 4080 γὰρ
1214 4010 1619 4080 μητροπολίται,
1654 4009 1702 4060 οἱ
1758 4026 1794 4077 μ

1936 3995 2142 4059 litanis,
2170 4012 2269 4050 nec
2320 4007 2546 4066 possunt
2578 4013 2706 4053 suos
2757 3999 2985 4054 clericos
3017 4003 3232 4071 eligere.
3265 4022 3362 4060 nec
3393 4025 3487 4062 eos

264 4086 486 4182 ἕξοντες
532 4097 858 4168 ἐπισκοπάς,
901 4101 1159 4165 ὡσαύτως
1205 4102 1296 4153 καὶ
1333 4101 1381 4153 oi
1433 4101 1739 4163 ἐπίσκοποι,
1782 4114 1795 4149 ι

1937 4101 1999 4138 ex
2029 4086 2325 4140 eanonibus
2361 4087 2606 4154 puniunt,
2641 4089 2729 4158 qui
2780 4090 2880 4143 sibi
2912 4106 3020 4143 non
3075 4094 3344 4150 obedinut.
3376 4098 3461 4150 Plu

264 4175 375 4255 sua
407 4195 817 4269 μητροπολιτῶν
841 4193 1012 4255 ὄντες,
1036 4191 1158 4244 οὔτε
1186 4189 1514 4259 ψηφίζεσθαι
1540 4186 1795 4257 κληρικοίλ

1938 4175 2050 4229 cuit
2082 4189 2232 4242 ergo,
2266 4190 2527 4231 canonem
2558 4179 2620 4231 de
2651 4179 2713 4231 iis
2742 4180 2933 4248 accipi,
2959 4181 3046 4248 qui
3075 4181 3137 4233 ad
3164 4185 3490 4239 ecclesiasti-

263 4292 451 4347 αὐτῶν
481 4291 753 4350 δύνανται,
786 4284 907 4338 οὗτε
951 4283 1092 4336 κατά
1123 4281 1354 4344 κανόνας
1393 4279 1710 4342 κολάζουσιν
1739 4278 1795 4330 αἰ

1937 4282 1999 4321 ca
2025 4267 2203 4321 officia
2225 4267 2442 4334 provehi
2469 4282 2576 4320 non
2600 4269 3015 4335 persuadeatur:
3040 4282 3091 4323 et
3114 4272 3197 4324 hic
3225 4273 3274 4326 in
3307 4287 3491 4327 omnes

264 4383 396 4442 τοὺς
439 4376 822 4438 ἀπειθοῦντας.
855 4372 976 4442 ’Ἆρ’
1004 4371 1095 4424 οὖν
1134 4370 1222 4423 τὸν
1263 4370 1459 4422 κανόνα
1501 4367 1795 4434 ὲκληφθῆνι

1939 4357 2218 4427 episcopos
2274 4355 2605 4425 elericosqne
2658 4358 2852 4411 valere.
2913 4359 3047 4413 Cum
3108 4374 3286 4416 autem
3339 4366 3491 4417 antiis

265 4474 352 4534 είς
385 4471 513 4530 τοὺς
556 4467 630 4536 μὴ
683 4464 1037 4531 πειθομένους
1068 4456 1603 4529 προαναὸιδασθῆναι
1637 4456 1712 4515 εἰς
1742 4457 1795 4507 ἐκ

1905 4463 2198 4525 ,canonem
2236 4448 2521 4511 dicentem,
2578 4449 2802 4503 clericos
2849 4452 2958 4503 suis
2987 4452 3238 4518 gradibus
3268 4459 3489 4520 moveri,

269 4557 641 4628 κλησιαστικά
699 4553 945 4623 όφφίκια,
996 4551 1088 4603 καὶ
1129 4550 1298 4610 οὕτως
1343 4547 1484 4616 ἔχειν
1530 4548 1712 4616 χώραν
1759 4547 1795 4596 εἰ

1943 4539 2033 4606 qui
2071 4551 2179 4591 non
2203 4549 2393 4607 parcnt
2425 4538 2716 4607 episcopis,
2749 4553 2841 4592 eos
2867 4541 2932 4592 ad
2979 4541 3208 4609 majores
3244 4544 3493 4610 honores,

268 4653 482 4712 σκ-ἀντας
513 4650 639 4709 τοὺς
682 4645 1007 4704 ἐπισκόπους
1058 4642 1151 4695 καὶ
1179 4641 1258 4704 είς
1306 4639 1514 4700 πάντας
1543 4638 1666 4699 τοὺς
1707 4635 1795 4688 κλτ

1944 4641 2164 4701 propter
2217 4647 2433 4685 suarum
2471 4630 2816 4684 ecclesiarum
2861 4642 3110 4697 urgentes
3145 4648 3359 4699 causas,
3401 4651 3496 4687 vo-

273 4745 490 4814 ρικούς.
553 4735 792 4792 Ἀκούων
834 4733 903 4786 ’δὲ
954 4730 1046 4784 τοῦ
1103 4731 1323 4793 κανόνος
1375 4729 1620 4796 λέγοντος
1681 4742 1795 4795 μετι

1945 4722 2214 4782 cantibus.
2251 4737 2316 4776 ne
2347 4723 2511 4787 dicas,
2534 4722 2674 4790 quod
2700 4722 2799 4775 nisi
2821 4721 2958 4776 adsit
2983 4737 3140 4776 causa
3167 4727 3496 4788 necessaria.

269 4811 547 4885 κινεῖσθαι
574 4827 681 4880 ἀπὸ
710 4824 818 4877 τῶν
849 4823 990 4874 ἰδίων
1027 4819 1246 4890 βαθμῶν
1273 4821 1397 4880 τοὺς
1423 4816 1734 4888 κληρικοὺς,
1768 4834 1795 4885 p

1945 4829 2050 4868 non
2119 4823 2342 4883 possunt
2405 4813 2638 4881 episcopi
2695 4827 2823 4866 suos
2886 4811 3112 4867 clericos
3163 4829 3494 4882 promovere.

277 4919 638 4989 πειθομένους
657 4918 765 4978 τοῖς
782 4912 1097 4973 ἐπισκόποις
1119 4909 1425 4980 προσκαλου
1434 4908 1613 4985 μένοις
1629 4905 1795 4959 τούτοι

1949 4902 2108 4966 Nam,
2141 4904 2241 4957 etsi
2280 4917 2380 4957 non
2419 4917 2476 4956 se
2505 4903 2736 4971 praebeat
2765 4903 3024 4970 ejusmodi
3055 4918 3235 4966 causa,
3279 4906 3376 4958 rite
3409 4923 3499 4973 po.

279 5013 361 5072 εἰς
407 5008 658 5079 μείζονας
687 5004 854 5074 τιμὰς
893 5004 982 5055 διά
1019 5016 1165 5062 τινας
1211 4997 1619 5065 ἀναγκαστικάς
1670 4995 1795 5049 αίτίι

1951 5003 2054 5049 test
2079 4993 2362 5062 episcopus
2389 4993 2615 5047 clericos
2666 5007 2791 5046 suos
2830 4994 2895 5045 ab
2927 4993 3028 5046 hc;
3054 4995 3221 5060 gradu
3247 4996 3298 5048 in
3332 4997 3501 5066 majo-

279 5103 392 5154 τῶν
434 5099 736 5169 ἐκκλησιῶν
763 5095 963 5157 αὐτῶν,
999 5094 1073 5163 μὴ
1106 5093 1262 5164 εἴπῃς
1289 5092 1364 5153 ὡς
1397 5089 1576 5152 αἰτίας
1608 5089 1795 5155 ἀναγκι

1951 5098 2064 5138 rem
2111 5083 2194 5136 vel
2243 5082 2439 5136 invitos
2471 5083 2760 5151 provehere
2803 5083 3095 5134 secundum
3143 5085 3382 5139 ordinem
3414 5103 3501 5141 ec-

286 5191 484 5259 στικῆς
531 5168 603 5258 μὴ
640 5187 805 5255 cum;
853 5187 950 5236 οὐκ
990 5184 1203 5252 ἔχουσιν
1246 5181 1428 5236 ἄδειαν
1475 5182 1523 5231 oi.
1565 5179 1795 5232 ὲπίσκοπ

1953 5174 2334 5230 clesiasticum.
2381 5171 2445 5225 Et
2484 5181 2628 5233 nota,
2676 5168 2820 5239 qubd
2883 5172 3150 5240 episcopis
3199 5173 3378 5227 datum
3421 5187 3506 5234 est

285 5279 751 5354 aposva6r6d£stv
798 5277 922 5337 τοὺς
951 5274 1246 5345 κληρικοῦς
1284 5271 1481 5325 αὐτῶν.
1529 5269 1640 5324 Καὶ
1665 5268 1795 5337 1αίι;ί‹

1955 5265 2180 5321 clericos
2231 5278 2358 5318 suos
2409 5262 2471 5315 ad
2515 5261 2743 5329 majores
2778 5264 2974 5330 gradus
3019 5265 3340 5330 provehere,
3400 5284 3504 5323 non

286 5351 398 5444 γάρ
433 5370 688 5438 τοιαύτης
727 5366 803 5439 μὴ
839 5367 1203 5438 προκειμένης
1236 5362 1545 5430 ὲνδυνάμως
1575 5363 1603 5413 ό
1631 5361 1795 5414 ἐπίσκ

1957 5366 2134 5410 autem
2166 5355 2230 5407 ad
2263 5356 2499 5406 minores
2549 5351 2849 5419 deprimere
2878 5369 2891 5404 :
2925 5351 3371 5418 quemadmodum
3409 5374 3507 5410 nec,

443 5465 567 5525 τοὺς
621 5459 915 5529 κληρικοὺς
967 5455 1132 5509 αὑτοῦ
1183 5455 1289 5508 ἀπὸ
1328 5451 1477 5507 τοῦδε
1517 5451 1610 5505 τοῦ
1645 5451 1792 5522 βαθμ

1959 5448 2100 5513 ipsos
2153 5445 2349 5514 injuria
2398 5451 2448 5496 et
2509 5442 2796 5510 ignominia
2851 5442 3067 5496 afﬁcere
3120 5445 3171 5498 in
3229 5461 3505 5499 sacrorum

291 5558 373 5614 sl;
408 5553 632 5620 μείζονα
668 5552 831 5604 τόπον
862 5546 1288 5618 προανασιὸᾁσει
1333 5546 1427 5598 καὶ
1456 5545 1686 5605 ἄκοντας
1721 5560 1795 5594 καη

1960 5535 2220 5604 graduum
2249 5532 2642 5587 confundendis
2680 5531 3000 5600 ordinibus;
3050 5543 3098 5587 ct
3131 5549 3248 5588 eum
3284 5537 3370 5602 qui
3412 5537 3512 5592 fuit

290 5645 395 5714 τὴν
443 5638 903 5712 ἐκκλησιαστικὴν
948 5636 1121 5700 τάξιν.
1148 5637 1258 5690 Καὶ
1289 5635 1594 5704 σημείωσαι
1621 5634 1700 5686 ὅτι
1725 5650 1795 5702 πρ

1963 5626 2078 5681 lteri
2117 5627 2343 5678 fortasse
2383 5623 2743 5692 magistratus,
2776 5639 2933 5691 supra
2970 5637 3156 5678 omnes
3186 5627 3514 5692 antiquiores

300 5713 556 5804 μείζονας
585 5734 781 5791 τόπους
826 5729 1134 5794 μετακινεῖν
1162 5727 1287 5791 τοὺς
1321 5724 1612 5797 κληρικοὺς
1643 5723 1795 5777 ἑνεδὰ

1967 5719 2311 5788 magistratus
2348 5714 2658 5773 collocando
2679 5756 2692 5778 ,
2716 5713 2799 5770 vel
2827 5729 2948 5770 eum
2973 5715 3059 5781 qui
3088 5731 3151 5770 nc
3183 5715 3281 5770 fuit
3302 5720 3514 5786 quidem

1847 3152 1896 3215 C
