4018 6310
571 354 669 421 147

1803 363 2075 428 ἸἩΕΟΙ).
2113 365 2503 426 BALSAMON

3665 361 3773 426 “8

569 464 947 520 donationibus
1001 472 1055 520 et
1103 463 1309 533 legatis.
1370 465 1445 518 Ac
1507 467 1836 538 episcopaliu
1903 471 2121 539 quidem

2237 489 2311 526 rat
2339 473 2658 544 πράγματα,
2691 472 2803 526 ἀλλ’
2836 471 2866 541 ἢ
2902 472 3057 542 μόνος
3089 470 3116 522 ό
3145 471 3249 526 ene
3267 469 3375 522 τῶν
3401 471 3778 524 ἐπισκοπικῶν

569 558 900 629 episcopatui
935 557 1212 612 tradentur
1249 578 1261 613 :
1299 559 1502 628 reliqua
1528 571 1708 615 autem
1729 573 1887 616 erunt
1931 577 2117 617 eorum

572 649 814 713 dominii,
866 649 1314 716 quemadmodum
1366 648 1454 705 hic
1517 665 1734 720 quoque
1784 667 1958 708 canon
2020 656 2122 709 hoc

572 752 780 800 tractat.
829 741 1024 797 Clerici
1086 754 1259 797 autem
1311 744 1400 809 si,
1461 754 1743 816 postquam
1785 747 1846 801 in
1919 748 2118 804 clerum

574 834 769 902 recepti
823 843 970 898 sunt,
1029 835 1144 889 aliis
1195 837 1368 892 modis
1405 845 1459 891 et
1508 851 1611 890 non
1653 853 1718 892 ex
1759 838 1984 894 ecclesia
2036 855 2120 896 res

569 926 816 990 emerint,
872 942 976 980 non
1032 936 1288 994 cogentur
1330 941 1392 981 ea
1445 927 1687 983 ecclesiae
1737 929 2038 986 addicere:
2074 931 2119 986 si

569 1017 690 1084 quis
719 1017 860 1071 enim
891 1015 1272 1081 l'ortefclericus
1295 1017 1386 1071 ﬂat
1413 1033 1697 1086 puerorum
1726 1019 2119 1090 ludimagister,

570 1108 650 1162 vel
684 1108 930 1176 scriptor,
989 1108 1069 1161 vel
1107 1109 1291 1176 magni
1340 1107 1570 1178 alicujus
1615 1109 1718 1164 viri
1775 1113 2122 1166 amanuensis

569 1212 660 1255 aut
689 1217 720 1256 a
749 1201 991 1266 secretis,
1017 1209 1068 1255 et
1091 1213 1312 1268 magnas
1338 1213 1404 1253 ex
1424 1214 1488 1254 eo
1508 1197 1790 1256 facultates
1812 1201 2119 1271 paraverit;

568 1307 735 1360 quare
789 1300 1010 1361 cogetur
1056 1305 1142 1372 ea,
1199 1305 1316 1358 qua:
1365 1290 1448 1344 bis
1501 1291 1801 1347 rationibus
1856 1292 2120 1362 acquisita

569 1395 714 1448 sum,
741 1383 984 1438 ecclesia!
1023 1382 1308 1437 addicere?
1349 1381 1591 1437 Praesens
1623 1393 1801 1438 autem
1854 1384 2121 1454 interpre-

569 1473 700 1527 tatio
728 1489 755 1526 a
791 1472 967 1526 verbis
991 1473 1214 1527 canonis
1242 1475 1524 1543 dependet,
1560 1475 1847 1529 statuentis
1892 1491 2012 1543 qua:
2055 1489 2120 1528 ex

567 1563 894 1616 liberalitate
923 1561 1004 1615 vel
1047 1561 1449 1616 haereditatibus
1480 1572 1864 1631 provenerunt,
1905 1578 2000 1618 eos
2028 1565 2126 1618 ba-

571 1657 697 1710 bere
720 1656 771 1710 in
817 1663 1100 1724 potestate.
1143 1665 1499 1724 prazterqnam
1536 1655 1678 1725 quod
1712 1669 1838 1724 pars
1879 1657 2120 1724 quadam

569 1747 809 1802 ecclesiae
838 1747 951 1801 dari
980 1746 1157 1801 debet.
1184 1745 1343 1816 559
1362 1747 1496 1800 Cum
1526 1755 1703 1800 autem
1732 1761 1904 1800 canon
1930 1755 2121 1802 tractet

2227 567 2450 618 δικαίων
2474 565 2568 618 καὶ
2591 567 2618 618 ό
2649 564 2754 618 sua
2781 565 2890 616 τῶν
2921 563 3119 630 ἔξωθεν
3140 563 3355 633 δωρεῶν
3385 562 3479 616 καὶ
3498 562 3775 631 ληγάτων.

2228 659 2336 710 Kal
2366 658 2432 711 τὰ
2464 659 2582 729 μὲν,
2617 657 2785 728 ἧγουν
2849 655 2918 710 τά
2975 654 3326 716 ἐπισκοπικά,
3379 657 3447 724 τῇ
3505 653 3782 722 ἐπισκοπῇ

2229 747 2747 817 προσκυρωθήοεται
2769 761 2785 776 ⁸
2821 749 2888 800 τὰ
2923 745 2981 799 δέ
3011 744 3175 811 λοιπά
3202 749 3300 817 τῆς
3341 745 3586 810 ἐξουσίας
3612 743 3783 798 αὐτοῦ

2229 838 2464 901 ἔσονται,
2498 838 2681 902 καθὼς
2709 839 2865 892 τοῦτο
2903 835 2997 892 καλ⁵
3027 839 3054 892 ό
3091 837 3269 890 κανὼν
3309 836 3682 906 διαλαμϐάνει.
3712 836 3784 889 0t

2227 932 2284 986 δέ
2314 930 2585 1001 κληρικοὶ.
2636 930 2730 983 ἐὰν
2783 928 2920 1000 μετά
2970 929 3068 998 τὴν
3121 927 3393 999 κλήρωσιν
3437 927 3544 980 ἀπὸ
3580 925 3788 995 ἐτέρων

2228 1023 2463 1092 τρόπων,
2498 1020 2616 1089 οὐχὶ
2649 1021 2755 1074 ἀπὸ
2783 1021 2892 1074 τῶν
2931 1020 3026 1090 τῆς
3093 1018 3410 1086 ἐκκλησίας,
3465 1016 3785 1086 ἀγοράσωσι

2231 1112 2551 1182 πράγματα,
2581 1113 2682 1164 οὐκ
2719 1110 3224 1179 ἀναγκασθήσονται
3247 1107 3420 1160 ταῦτα
3451 1104 3785 1174 προσκυρῶ-

2231 1219 2322 1256 σαι
2343 1205 2409 1273 τῇ
2452 1200 2877 1270 ἐκκλησία.Ἐάν
2927 1200 3034 1269 γὰρ
3085 1198 3249 1269 τυχδν
3304 1195 3793 1255 παιδοδιδάσκαλος

2229 1293 2454 1364 γίνηταί
2482 1311 2569 1357 τις
2599 1293 2858 1363 κληρικδς
2965 1292 3332 1362 καλλιγράφος
3363 1291 3394 1360 ἢ
3431 1287 3789 1357 ὑπογραφεὺς

2233 1386 2556 1454 μεγιοτᾶνός
2588 1402 2748 1448 τινος,
2781 1385 2875 1438 καὶ
2922 1382 3173 1436 ἐντεῦθεν
3218 1383 3580 1450 πολυκτήμων
3613 1395 3792 1431 κατα-

2232 1480 2348 1547 στῇ.
2384 1476 2472 1530 ίνα
2517 1477 2569 1529 τί
2618 1475 3203 1543 καταναγκασθήσεται
3251 1473 3318 1526 τά
3365 1473 3470 1525 ἀπὸ
3529 1469 3794 1522 τοιούτων

2229 1569 2444 1638 τρόπων
2478 1565 2837 1636 ἐπικτηθέντα
2869 1565 3017 1635 αὐτῷ
3045 1567 3112 1636 τῇ
3159 1563 3424 1633 ἐκκλησίᾳ
3459 1560 3794 1632 προσκυρῶ-

2235 1676 2321 1714 σαι
2347 1677 2363 1724 ;
2407 1659 2470 1712 Ἦ
2503 1657 2753 1728 παροῦσα
2785 1658 2842 1711 δέ
2867 1657 3130 1728 ἕρμηνεία
3157 1655 3397 1725 ἐξέχεται
3428 1656 3519 1708 καὶ
3546 1654 3654 1706 τῶν
3686 1654 3792 1721 ρη-

2236 1751 2418 1819 μάτων
2446 1749 2538 1803 τοῦ
2575 1748 2818 1813 κανόνος,
2843 1747 3299 1816 διαλαμϐάνοντος
3330 1746 3397 1798 τά
3433 1744 3539 1799 ἀπὸ
3585 1743 3799 1812 φιλοτι-’

571 1839 635 1892 de
667 1838 1051 1901 immobilibus,
1077 1837 1345 1907 rogaverit
1379 1837 1666 1906 quispiam,
1702 1852 1769 1891 an
1816 1837 1956 1891 idern
2009 1851 2123 1892 ser-

2237 1841 2368 1910 μιῶν
2403 1841 2434 1910 ἢ
2461 1839 2835 1910 κληρονομιῶν
2867 1840 3012 1909 ἔχειν
3048 1839 3136 1892 ἐπ’
3172 1837 3415 1901 ἐξουσίας
3441 1835 3636 1895 αὐτοὺς
3659 1834 3792 1888 ἄνευ

569 1929 683 1981 vari
714 1929 904 1983 debeat
936 1930 1097 1983 etiarn
1125 1929 1176 1981 in
1219 1928 1525 1983 mobilibus.
1576 1926 1640 1980 Et
1688 1927 1938 1981 exlsﬁmo
1981 1928 2122 1996 quod

573 2021 899 2074 idemetiam
950 2020 1000 2073 in
1055 2021 1139 2075 bis
1189 2020 1313 2085 ﬂet;
1367 2029 1641 2089 propterea
1694 2020 1833 2086 quod
1867 2018 2009 2070 nulla
2046 2028 2128 2070 est

571 2108 876 2162 dit'l'ercntiu
925 2108 1199 2162 mobilium
1233 2118 1282 2162 et
1323 2107 1697 2172 immobilium,
1749 2106 1892 2175 quod
1932 2105 1997 2159 ad
2035 2121 2126 2159 ae-

571 2196 913 2263 quisitioneut
948 2196 1156 2249 attinet.
1209 2195 1429 2262 Proprie
1481 2205 1658 2250 autem
1699 2195 1853 2256 dixit,
1894 2209 2012 2262 pro,
2083 2195 2125 2247 si

571 2287 774 2340 directo
807 2285 857 2337 ei
888 2285 1069 2338 relicta
1133 2283 1262 2350 sint,
1317 2287 1568 2351 quoniam
1613 2285 1772 2337 multa
1809 2285 2125 2353 quibusdam

573 2377 969 2445 relinquuntur,
996 2386 1054 2427 ιιι
1103 2389 1165 2429 ea
1202 2374 1320 2428 aliis
1363 2377 1848 2444 q-uomodocunque
1906 2375 2131 2429 reddant

574 2483 637 2520 ac
671 2468 973 2521 restituant.
1014 2467 1086 2519 Ex
1120 2463 1428 2533 huiusmodi
1457 2478 1588 2534 ergo
1635 2479 1741 2518 non
1785 2464 2038 2532 postulat,
2073 2473 2130 2518 ut

571 2561 860 2627 quidquam
911 2557 1149 2612 ecclesiae
1213 2568 1531 2622 consecret;
1597 2559 1688 2611 sed
1740 2571 1803 2610 ex
1859 2558 1940 2610 eis
2011 2571 2130 2626 quae

574 2649 787 2714 proprie
815 2662 908 2701 seu
939 2646 1184 2715 privatim
1215 2647 1262 2700 ei
1303 2647 1485 2700 relicta
1509 2656 1653 2711 sunt,
1689 2657 1744 2702 et
1786 2663 2012 2716 quorum
2045 2647 2130 2701 ille

571 2747 648 2786 est
683 2736 951 2789 dominus.
984 2735 1117 2790 Nota
1144 2737 1308 2804 igitur
1343 2751 1627 2803 canonern,
1675 2739 1764 2808 qui
1807 2739 1963 2801 dicit,
1989 2737 2130 2806 quod

571 2828 804 2897 episcopi
834 2836 886 2882 et
911 2827 1090 2882 eleriei
1129 2829 1327 2882 debent
1380 2829 1695 2883 necessario
1732 2829 1845 2883 suis
1888 2829 2132 2884 ecclesiis

572 2926 776 2982 partem
832 2916 1088 2986 aliquam,
1150 2932 1268 2986 qua:
1317 2917 1421 2972 illis
1479 2917 1748 2972 videbitur
1795 2933 1860 2972 ex
1917 2917 1981 2970 iis
2015 2931 2131 2986 qua:

573 3009 787 3077 proprie
856 3009 920 3062 ad
973 3023 1065 3063 eos
1145 3009 1439 3078 pertinent,
1507 3008 1846 3078 relinquere;
1914 3009 2132 3064 omnino

571 3112 748 3154 autem
778 3112 1020 3157 extremo
1067 3102 1256 3170 Spiritu
1295 3119 1309 3155 :
1369 3112 1423 3156 et
1472 3102 1525 3156 in
1578 3103 1698 3168 hoc,
1746 3103 2041 3172 cujusmodi
2080 3111 2132 3156 et

571 3192 1100 3261 quantulumcunque
1123 3205 1225 3254 est.
1254 3210 1359 3248 non
1397 3195 1781 3264 repudiabitur.

2231 1933 2430 2002 μέρους
2457 1933 2599 1992 τινος
2628 1930 2936 2000 ὀφείλοντος
2962 1929 3182 1996 δοθῆναι
3208 1929 3270 1996 τῇ
3299 1925 3582 1994 ἐκκλησία.
3604 1922 3708 1976 Τοῦ
3730 1923 3794 1975 δὶ

2227 2024 2454 2084 κανόνος
2493 2021 2620 2092 περὶ
2659 2022 2934 2090 ἀκινήτων
2986 2018 3463 2086 διαλαμϐάνοντος,
3520 2016 3794 2085 ἐρωτήσει

2227 2130 2331 2175 τις.
2363 2112 2456 2165 ἐὰν
2484 2111 2543 2164 τὸ
2572 2111 2703 2164 αὖτδ
2724 2111 2930 2179 ὀφείλει
2952 2112 3178 2180 κρατεῖν
3211 2109 3306 2162 καὶ
3351 2108 3444 2160 ἐπὶ
3490 2107 3599 2158 τῶν
3632 2121 3794 2173 κινη-

2227 2205 2332 2258 τῶν
2352 2221 2369 2271 ;
2393 2203 2500 2258 Kal
2517 2199 2667 2272 οἶμαι
2695 2202 2775 2255 ὅτι
2799 2203 2860 2254 τδ
2880 2200 3011 2255 αὐτὸ
3032 2200 3126 2253 καὶ
3155 2199 3247 2253 ἐπὶ
3273 2199 3479 2260 τούτοις
3504 2195 3794 2266 γενήσεται

2228 2297 2313 2350 διὰ
2343 2296 2402 2349 τὸ
2435 2295 2703 2366 μηδεμίαν
2727 2288 2866 2347 εἶναι
2900 2290 3164 2362 διαφορὰν
3210 2290 3448 2359 κινητῶν
3479 2287 3572 2341 xal
3597 2286 3793 2355 ἀκινή-

2235 2405 2345 2440 των
2369 2387 2491 2438 ὅσον
2517 2386 2596 2446 εἰς
2621 2383 2716 2453 τὴν
2750 2382 3058 2446 ἐπίκτησιν.
3093 2380 3310 2450 κυρίως
3353 2379 3411 2433 δέ
3441 2375 3616 2441 εἶπεν,
3669 2377 3794 2430 ἀντὶ

2231 2475 2322 2529 τοῦ
2353 2477 2401 2529 εί
2432 2475 2490 2542 ἐξ
2513 2473 2671 2545 ὀρθοῦ
2709 2471 2856 2542 αὐτῷ
2876 2471 3232 2541 καταλειφθῇ’
3263 2471 3384 2523 ἐπεὶ
3411 2467 3581 2522 πολλὰ
3624 2484 3795 2521 κατα-

2229 2568 2582 2638 λιμττάνονταί
2599 2582 2762 2631 τισιν,
2786 2564 2926 2618 ὥστε
2950 2563 3088 2617 αὑτά
3111 2563 3314 2632 ἑτέροις
3339 2559 3794 2629 ἀποκαταστῆσαι

2229 2661 2263 2732 ἢ
2292 2658 2564 2712 ἀναλῶσαι
2594 2655 2948 2725 ὁπουδήποτε.
2995 2654 3094 2707 Ἕκ
3133 2653 3240 2706 τῶν
3271 2651 3527 2705 τοιούτων
3557 2649 3646 2702 οὖν
3690 2649 3802 2701 οὐκ

2231 2749 2544 2803 ἀπαιτεῖται
2574 2746 2880 2816 ἀφιερῶσαί
2903 2763 2961 2799 τι.
2986 2748 3053 2814 τῇ
3089 2743 3378 2811 ἐκκλησίᾳ,
3404 2741 3518 2795 ἀλλ’
3561 2743 3627 2794 ἐκ
3684 2738 3797 2792 τῶν

2232 2839 2455 2908 κυρίως,
2491 2839 2610 2908 ἦτοι
2657 2837 2863 2899 ιδικῶς,
2899 2834 3046 2903 αὑτῷ
3101 2831 3644 2901 καταλελειμμένων,
3693 2828 3796 2882 καὶ

2231 2925 2304 2983 ὦν
2335 2928 2521 2997 κύριός
2551 2930 2700 2980 ἐστιν
2730 2928 2956 2988 ἐκεῖνος.
2999 2923 3315 2994 Σημείωσαι
3346 2917 3441 2975 οὖν
3473 2921 3564 2972 τὸν
3590 2919 3792 2973 κανόνα

2232 3019 2328 3072 τὸν
2343 3019 2567 3087 λέγοντα
2598 3018 2678 3072 ὃτι
2724 3016 2789 3082 ἐξΔ
2809 3018 3054 3085 ἀνάγκης
3111 3015 3420 3084 ὀφείλουσιν
3454 3013 3503 3065 οἱ
3538 3010 3796 3078 κληρικοὶ

2234 3108 2326 3161 καλ⁸
2348 3110 2398 3161 οί
2431 3109 2719 3161 ἐπίσκοποι
2752 3105 3187 3175 καταλιμπάνειν
3250 3106 3368 3166 ταῖς
3420 3100 3541 3155 κατ’
3593 3099 3801 3170 αὐτοὺς

2231 3199 2548 3270 ἐκκλησίαις
2585 3201 2746 3270 μέρος
2770 3215 2849 3262 τι,
2871 3199 2932 3251 τὸ
2959 3197 3147 3250 δοκοῦν
3183 3198 3388 3258 αὐτοῖς,
3427 3194 3534 3249 ἀπὸ
3569 3193 3676 3246 τῶν
3699 3211 3803 3245 κυο

575 3281 706 3349 ρίως
733 3283 1091 3352 διαφερόντων
1114 3283 1344 3350 τούτοις,
1379 3287 1592 3349 πάντως
1657 3287 1713 3341 δέ
1736 3288 1794 3341 ἐν
1864 3290 1985 3351 ταῖς
2041 3287 2378 3354 τελευταίαις
2435 3292 2770 3354 άνατιτνοαῐς⁸
2818 3289 2914 3342 καὶ
2952 3287 3132 3352 τοῦτο,
3184 3283 3320 3340 οἷοιν
3366 3285 3434 3340 ἂν
3495 3286 3594 3339 καὶ
3671 3285 3804 3336 ὅσον

573 3376 738 3436 ἐστὶν,
773 3376 873 3430 οὐκ
905 3377 1417 3448 ἀποπεμφθήσεται.

643 3466 890 3524 ZONAR.
963 3468 1020 3524 Si
1075 3474 1163 3540 qui
1224 3474 1512 3543 homines,
1556 3490 1676 3530 cum
1734 3477 1808 3531 ι·ρί
1855 3474 2133 3534 familiaris

577 3561 756 3628 inopia
815 3561 1140 3629 laborarent,
1191 3565 1255 3617 ad
1301 3566 1667 3637 episcopatum
1720 3571 1891 3623 evecti
1941 3579 2033 3624 aut
2080 3571 2132 3625 in

577 3652 779 3706 elerum
820 3652 1052 3720 cooptati
1098 3663 1242 3720 sunt,
1282 3657 1473 3712 deinde
1505 3673 1629 3712 vero
1655 3658 1853 3714 divitiis
1897 3659 2134 3724 afﬂuant,

577 3760 842 3816 agrosque
882 3756 973 3800 aut
1010 3747 1229 3816 praedia,
1258 3758 1536 3816 postquam
1567 3751 1801 3818 episcopi
1835 3760 1926 3805 aut
1954 3751 2134 3806 clerici

580 3846 735 3902 sunt,
772 3838 984 3906 proprio
1021 3839 1234 3892 nomine
1266 3839 1522 3894 emercati
1562 3841 1870 3909 possideant
1895 3843 2033 3912 ;_illa
2068 3859 2131 3898 ex

579 3929 730 3982 bnnis
766 3928 1003 3983 ecclesire
1028 3930 1303 3998 quaesiisse
1337 3939 1641 3995 censentur,
1674 3945 1735 3984 ac
1767 3932 1868 3986 nisi
1898 3933 2135 3989 ecclesia:

579 4021 1035 4084 consecraverint,
1093 4021 1415 4085 Dominicas,
1463 4021 1563 4075 hoc
1612 4029 1714 4084 est,
1771 4021 1879 4076 Deo
1929 4024 2132 4079 dicatas

583 4112 975 4176 possessiones,
1023 4111 1306 4180 diripuisse
1358 4112 1759 4180 iudicabuntur.
1812 4115 1868 4168 Id
1912 4130 2142 4187 namque

585 4201 670 4253 illa
703 4202 1040 4270 signiﬁcant:
1078 4213 1325 4269 tanquam
1364 4203 1450 4269 qui
1495 4203 1767 4257 Dorniniea
1806 4205 1942 4258 bona
1988 4207 2141 4258 inva-

584 4293 771 4346 serint.
804 4293 1032 4347 Proinde
1065 4294 1308 4347 civilibus
1333 4309 1543 4362 quoque
1571 4295 1772 4361 legibus
1801 4308 2013 4349 cautum
2036 4306 2139 4359 est,

583 4395 638 4436 nt
662 4385 917 4452 episcopi,
946 4399 1061 4437 cum
1094 4385 1319 4453 eligendi
1350 4397 1490 4447 sunt,
1523 4387 1648 4454 quid
1682 4387 1731 4438 in
1761 4387 1992 4454 ipsorum
2020 4401 2144 4457 pos-

2307 3474 2550 3531 ΖΩΝΑΡ.
2594 3473 2719 3528 Ἐὰν
2748 3472 2946 3543 ἄποροί
2971 3487 3114 3532 τινες
3142 3468 3406 3537 γένωνται
3440 3464 3733 3518 ἐπίσκοποι
3759 3461 3794 3531 ἦ

2241 3567 2514 3636 κληρικοὶ,
2553 3562 2672 3619 εἶτα
2694 3565 3057 3634 εὐπορήσωσι,
3109 3564 3201 3615 καὶ
3257 3562 3584 3630 κτήσωνται,
3619 3558 3675 3609 ἐν
3717 3554 3801 3625 τῷ

2241 3655 2381 3712 εἶναι
2407 3657 2694 3709 ἐπίσκοποι
2741 3655 2772 3723 ἦ
2806 3654 3080 3722 κληρικοὶ,
3110 3652 3310 3722 ἀγροὺς
3337 3650 3369 3716 ἢ
3427 3648 3623 3719 χωρία,
3655 3645 3800 3713 ὠνηο

2244 3749 2466 3818 σάμενοι
2507 3746 2646 3801 αὑτά
2682 3747 2761 3808 εἰς
2799 3745 2972 3809 ὄνομα
2996 3745 3216 3802 οἰκεῖον,
3250 3740 3496 3794 δοκοῦσιν
3524 3742 3587 3791 ἐκ
3618 3753 3800 3808 πραγ-

2246 3841 2430 3909 μάτων
2459 3841 2555 3907 τῆς
2587 3835 2879 3906 ἐκκλησίας
2900 3834 3074 3888 ταῦτα
3115 3831 3450 3902 κτήσασθαι,
3488 3830 3582 3883 καὶ
3625 3827 3802 3897 ἐνοχοὶ

2243 3933 2404 3993 εἰσιν,
2440 3928 2627 3996 ῶσπερ
2690 3928 2736 3978 εί
2787 3923 3088 3979 δεσποτικὰ
3123 3923 3447 3993 πράγματα,
3503 3921 3672 3990 ῆγουν
3703 3936 3801 3971 κυο

2246 4022 2431 4091 ριακά,
2460 4021 2792 4090 διηρπάκασι
2813 4017 2990 4088 (τοῦτο
3003 4019 3110 4085 γὰρ
3133 4015 3354 4082 ἐνέφηνε
3374 4012 3458 4065 διὰ
3479 4011 3571 4064 τοῦ
3603 4011 3800 4075 εἰπεῖν,

2241 4109 2318 4171 ὡς
2364 4109 2552 4174 ἔφοδον
2578 4105 2986 4172 πεποιηκότες),
3024 4105 3072 4154 ει
3123 4103 3196 4172 μὴ
3236 4104 3300 4171 τῇ
3331 4099 3596 4168 ἐκκλησία
3627 4096 3803 4150 ταῦτα

2244 4198 2664 4268 ἀφιερώσουσιν.
2705 4196 2795 4249 Διὸ
2822 4177 2916 4249 καῖ⁸
2943 4199 2992 4248 οἱ
3019 4195 3173 4264 νόμοι
3192 4195 3289 4262 τῆς
3321 4191 3599 4253 πολιτείας
3630 4192 3801 4242 ἀπαι-

2242 4293 2394 4345 τοῡσι
2425 4297 2550 4353 τοὺς
2582 4289 2935 4352 ἐπισκόπους,
2956 4288 3044 4340 ὅτε
3075 4285 3327 4356 μέλλουσι
3354 4282 3799 4352 χειροτονεῖσθαι,

2244 4383 2456 4452 φανερά
2484 4385 2657 4436 ποιεῖν
2686 4381 2720 4434 ἃ
2761 4380 3073 4448 κέκτηνται,
3120 4378 3204 4429 ἵνα
3259 4376 3454 4446 ἔχωσιν
3484 4375 3688 4432 ἄδειαν,
3720 4367 3802 4434 οἷς

585 4473 910 4527 scssionibus
930 4475 999 4526 sit
1028 4481 1273 4526 lCSlnlttllt
1307 4472 1533 4537 faciant;
1564 4483 1621 4526 ut
1650 4474 1788 4534 illas.
1814 4475 2131 4542 quibuscnn-

2250 4475 2549 4545 βούλονται,
2583 4473 2833 4542 νομίμως
2853 4471 3031 4524 ταῦτα
3062 4468 3518 4537 καταλιμπάνειν.
3552 4467 3661 4520 Kal
3698 4469 3727 4519 ὁ
3749 4463 3801 4534 μ’

583 4580 686 4632 quc
717 4563 1006 4617 collibitum
1051 4563 1230 4624 luerit,
1271 4577 1334 4616 ex
1384 4564 1558 4632 legum
1613 4567 1927 4633 prmsrripto
1975 4566 2138 4618 relin-

587 4673 750 4721 quere
800 4657 975 4710 liceat.
1017 4655 1471 4723 Quadragesimus
1507 4670 1634 4710 vero
1667 4665 1973 4710 sanctorum
2011 4673 2141 4724 apo-

586 4747 836 4801 stolornm
864 4760 1056 4810 canan,
1085 4745 1218 4800 Nota
1251 4747 1376 4810 sint,
1424 4744 1616 4814 inquit.
1655 4746 1868 4815 propria
1907 4747 2140 4817 episc0pi

588 4844 751 4902 lona,
794 4840 837 4894 si
885 4839 1098 4906 quidem
1147 4837 1357 4905 propria
1413 4851 1623 4904 quoque
1667 4838 1861 4900 habet;
1910 4851 2142 4909 notaque

588 4935 713 4985 item
751 4931 1023 4984 Doxninica
1070 4929 1176 4982 sint
1225 4939 1278 4983 et
1311 4944 1429 4996 quae
1471 4940 1785 4998 sequuntur.
1820 4931 1961 4986 idem
1998 4934 2144 4987 vice-

589 5025 725 5076 simo
770 5035 982 5090 quarto,
1040 5035 1246 5087 quoque
1297 5020 1641 5076 Antiochense
1696 5026 1882 5090 synodi
1939 5038 2146 5077 canone

590 5125 806 5168 cautum
837 5125 939 5167 est.
977 5113 1126 5178 Quod
1163 5114 1204 5167 si
1240 5114 1491 5182 episcopo
1538 5113 1789 5182 cuiquam
1824 5124 1912 5167 aut
1947 5115 2146 5170 clerico

593 5207 794 5274 aliquid
824 5207 1050 5274 alicujus
1089 5206 1402 5259 liberalitate
1450 5204 1548 5269 ipsi
1591 5206 1806 5274 preprie
1849 5208 2143 5272 addictum,

593 5299 823 5366 legatum
853 5297 1048 5365 quippe
1090 5307 1181 5348 aut
1219 5296 1432 5349 donatio
1466 5305 1556 5348 aut
1586 5305 1808 5364 cognata
1837 5298 2142 5361 barreditas,

593 5389 888 5451 obveneril,
924 5403 984 5440 ex
1035 5402 1098 5440 eo
1142 5402 1354 5456 quoque
1411 5387 1647 5441 ecclesia:
1681 5396 1884 5457 partem
1925 5405 2022 5457 pro
2049 5405 2147 5444 suo

595 5480 815 5533 arbitrio
850 5478 1208 5531 consecrabit.
1247 5478 1467 5546 PrOprie
1505 5493 1631 5531 vero
1673 5480 1804 5531 dixit
1849 5479 2144 5542 addictum,

598 5569 698 5623 boc
744 5578 846 5633 est,
891 5569 1031 5638 quod
1064 5568 1264 5622 homini
1315 5585 1380 5623 ex
1416 5570 1617 5622 directo
1657 5569 1818 5623 fuerit
1861 5571 2145 5632 relictum;

595 5661 848 5726 quoniam
885 5659 1048 5712 multa
1082 5658 1349 5727 aliquibus
1380 5661 1766 5729 relinquuntur,
1795 5671 1852 5712 ut
1888 5661 2005 5714 aliis
2039 5672 2146 5713 tra-

595 5753 758 5814 dant,
822 5762 910 5804 ant
965 5751 1017 5804 in
1073 5750 1403 5821 captivorum
1465 5754 1903 5822 re-Tezvptiuncni,
1957 5763 2044 5806 aut
2098 5755 2145 5806 iu

2243 4568 2298 4622 δὲ
2336 4567 2515 4621 κανὼν
2531 4565 2639 4618 τῶν
2671 4565 2840 4630 ἁγίων
2888 4563 3220 4623 ἀποστόλων,
3262 4561 3465 4622 Ἔστω,
3499 4558 3654 4628 φησὶ,
3699 4574 3805 4625 φα-

2245 4660 2377 4729 νερά
2422 4658 2490 4711 τά
2555 4658 2659 4709 ῐδια
2690 4656 2781 4710 τοῦ
2822 4655 3122 4707 ἐπισκόπου
3171 4653 3489 4721 πράγματα,
3549 4651 3662 4716 είγε
3711 4649 3804 4700 καὶ

2251 4752 2360 4803 ἴδια
2389 4750 2526 4819 ἔχει,
2558 4749 2651 4801 καὶ
2672 4748 2883 4817 φανερά
2913 4745 2980 4798 τά
3006 4743 3266 4813 κυριακά,
3300 4743 3392 4795 καὶ
3421 4742 3486 4794 τά
3518 4741 3660 4808 ἑξῆς.
3695 4739 3800 4792 Kal

2245 4847 2271 4896 ὁ
2303 4845 2398 4910 τῆς
2429 4843 2486 4894 ἐν
2531 4838 2832 4910 Ἀντιοχείᾳ
2866 4834 2942 4889 κδ’
2972 4835 3150 4890 κανὼν
3202 4835 3329 4900 περὶ
3367 4833 3556 4885 τούτου
3607 4833 3802 4896 θεσμο-

2249 4933 2413 4986 θετεί.
2465 4933 2590 4985 Ἐἀν
2636 4931 2690 4982 δὲ
2740 4931 2832 4982 καὶ
2863 4928 3147 4993 ἐπισκόπῳ
3177 4925 3289 4978 δντι
3323 4923 3429 4974 τινὶ
3463 4922 3495 4992 ἦ
3554 4918 3801 4988 κληρικῷ

2249 5021 2507 5094 περιέλθῃ
2541 5020 2744 5086 κυρίως
2783 5017 3064 5086 φιλοτιμία
3111 5017 3274 5078 τινὸς,
3325 5009 3438 5065 οἷον
3483 5011 3716 5080 ληγᾶτον
3769 5009 3799 5077 ἢ

2247 5117 2426 5186 δωρεὰ
2459 5115 2490 5184 ἢ
2523 5111 2858 5180 κληρονομία
2905 5109 3227 5176 συγγενικὴ,
3282 5105 3385 5166 δεῖ,
3429 5105 3582 5172 φησι,
3611 5103 3704 5154 καὶ
3747 5099 3803 5165 ἐξ

2248 5207 2411 5261 αὐτοῦ
2441 5203 2746 5275 ἀφιερῶσαι
2788 5205 2853 5270 τῇ
2882 5200 3148 5270 ἐκκλησίᾳ
3201 5199 3366 5266 μέρος
3403 5195 3542 5249 κατά
3601 5195 3697 5263 τὴν
3730 5196 3804 5245 οἰ-

2250 5297 2402 5348 κείαν
2434 5294 2775 5362 προαίρεσιν.
2842 5291 3062 5358 κυρίως
3111 5289 3167 5341 δὲ
3226 5283 3399 5350 εἶπεν,
3445 5287 3567 5340 ἀντὶ
3597 5285 3689 5339 τοῦ
3747 5285 3802 5350 ἐξ

2247 5387 2410 5458 ὀρθοῦ
2453 5386 2601 5454 αὐτῷ
2630 5381 2992 5451 καταλειφθῇ,
3027 5382 3145 5432 ἐπεὶ
3209 5379 3379 5432 πολλά
3430 5378 3802 5445 καταλιμπάνο

2253 5477 2402 5528 ονταί
2436 5490 2594 5536 τισιν,
2633 5471 2773 5524 ὥστε
2822 5472 2962 5526 αὐτά
3019 5471 3226 5538 ἐτίροις
3257 5471 3724 5536 ἀποκαταστῆναι,
3771 5467 3801 5536 ἢ

2253 5565 2524 5621 ἀναλῶσαι
2564 5563 2705 5615 αὐτὰ.
2739 5565 2818 5624 εἰς
2859 5561 3223 5630 αίχμαλώτων
3273 5559 3626 5629 ἀναρρύσεις,
3661 5557 3692 5628 ἢ
3724 5559 3800 5620 είς

2250 5657 2537 5722 οἰκοδομὰς
2570 5655 2732 5707 οἴκων
2753 5654 2939 5724 ἱερῶν,
2972 5653 3066 5706 καὶ
3089 5651 3168 5714 εἰς
3198 5650 3362 5711 ἄλλας
3389 5649 3566 5710 αἰτίας
3591 5647 3799 5716 ὁμοίας.

2267 5750 2359 5804 Ἐκ
2401 5749 2502 5803 τῶν
2531 5750 2786 5801 τοιούτων
2835 5741 2925 5800 οὖν
2956 5746 3051 5799 οὐκ
3104 5744 3416 5798 ἀπαιτεῖται
3450 5740 3709 5809 ἀφιεροῦν
3751 5756 3801 5793 τι
