4018 6310
188 356 291 420 149

1206 353 1285 412 IN
1323 351 1484 411 CAN.
1521 345 1753 407 XXXVI
1794 345 2000 410 CONC.
2041 347 2417 410 CARTHAG.

3280 331 3380 396 150

183 474 251 534 τῇ
285 467 572 538 ἐκκλησίᾳ,
631 469 762 521 ἀλλὰ
811 469 872 520 ἔκ
924 469 1030 519 τῶν
1083 463 1306 533 κυρίως,
1366 467 1481 534 ἦτοι
1535 462 1734 523 ἰδικῶς,

1843 479 2118 520 sacrarum
2166 468 2356 520 mdium
2394 463 2823 525 adificationem,
2868 467 2960 513 aut
2992 457 3042 510 in
3086 456 3218 508 alios
3249 454 3389 518 ejus-

188 558 345 625 αὑτῷ
399 559 928 626 καταλελειμμένων,
994 559 1088 609 καὶ
1152 553 1226 610 ὢν
1292 557 1477 624 κύριος
1537 553 1740 614 ἐκεῖνός

187 652 366 703 ἐστιν.
408 651 468 702 Εἰ
500 651 555 701 δὲ
599 650 890 716 προέθεντο
926 651 1018 700 καὶ
1068 650 1364 718 ὑπέσχοντο
1395 645 1557 714 μέρος
1588 646 1740 711 ἀφιε-

195 741 376 808 ρῶσαι
411 743 473 809 τῇ
504 739 790 812 ἐκκλησία,
832 737 948 792 εἶτα
997 740 1436 810 μετετράπησαν,
1469 734 1587 786 ἀντὶ
1645 734 1738 786 τοῦ

189 832 629 900 μετεϐλήθησαν,
661 832 870 896 ἀνάξιοι
904 831 1258 901 κριθήσονται
1294 822 1439 881 οὗτοι
1469 825 1566 894 τῆς
1596 827 1742 894 ίερα-

183 927 350 994 τικῆς
379 927 560 995 τιμῆς.

186 1195 416 1248 ΑΡΙΣΤ.
455 1214 474 1246 ε
526 1195 586 1248 '0
629 1196 766 1264 μετὰ
798 1197 858 1248 τὸ
908 1195 1177 1264 προκόψαι
1218 1194 1385 1263 ἀγρὸν
1444 1189 1741 1257 ἐξωνούμε-

260 1305 275 1333 ε
320 1303 433 1349 νος,
480 1287 632 1339 οὐδὲν
694 1287 852 1353 ἔχων,
918 1289 1049 1340 ῐστω
1101 1289 1166 1356 τῇ
1236 1283 1500 1352 ἐκκλησίᾳ
1559 1280 1742 1332 τοῦτον

259 1397 278 1426 ε
329 1380 654 1447 προσάγειν,
713 1380 761 1431 εί
818 1379 890 1448 μὴ
947 1381 1010 1432 ὲκ
1060 1378 1305 1446 διαδοχῆς
1359 1369 1740 1441 συγγενείαςῆ

258 1491 275 1521 ε
328 1471 576 1538 καθαρᾶς
612 1472 919 1542 φιλοτιμίας
943 1472 1113 1539 τούτῳ
1133 1468 1501 1540 περιελήλυθε.
1541 1488 1558 1519 ι

258 1564 324 1614 Ol
363 1563 469 1629 πρὸ
501 1564 601 1629 τῆς
626 1564 927 1631 ἐπισκοπῆς
962 1562 1034 1631 μὴ
1060 1561 1270 1628 ἔχοντες
1287 1560 1392 1613 [δια
1422 1559 1739 1628 πράγματα,

185 1651 218 1716 ἦ
251 1655 351 1702 καὶ
389 1652 438 1703 οί
483 1652 756 1721 κληρικοὶ,
792 1653 838 1704 oi
887 1652 992 1720 πρὸ
1050 1650 1142 1701 τοῦ
1196 1649 1547 1719 κληρωθῆναι
1594 1651 1743 1712 ὄντες

185 1744 540 1804 πενέστατοι,
583 1744 673 1795 έάν
709 1744 846 1811 μετά
901 1742 962 1794 τδ
1027 1743 1300 1812 προκόψαι
1343 1743 1572 1810 ἀκίνητά
1620 1757 1740 1792 τινα

189 1835 594 1898 ἐξωνὴσωνται,
627 1835 693 1902 τῇ
725 1833 989 1904 ἐκκλησίᾳ
1025 1834 1197 1886 ταῦτα
1234 1833 1617 1901 προσάξουσιν,
1665 1830 1740 1892 ώς

185 1926 248 1975 ἐκ
277 1924 390 1975 τῶν
415 1925 692 1991 προσόδων
739 1924 906 1990 αὐτῆς
968 1925 1143 1977 ταῦτα
1202 1922 1650 1990 ἐπικτησάμενοι·
1694 1921 1742 1972 εί

190 2015 260 2078 μή
299 2029 403 2062 που
437 2011 545 2064 ἀπὸ
597 2012 956 2082 κληρονομίας
1005 2011 1034 2080 ἦ
1069 2010 1174 2062 ἀπό
1206 2025 1349 2071 τινος
1400 2007 1627 2075 δωρεᾶς,
1676 2007 1741 2074 τῇ

185 2103 422 2171 ἀληθείᾳ
461 2103 596 2169 πρδς
617 2105 815 2166 αὐτοὺς
875 2103 1195 2171 γενομένης.
1251 2099 1533 2153 φαίνονται
1577 2096 1744 2149 ταῦτα

191 2192 500 2258 περιελθεῖν
523 2194 600 2255 είς
621 2194 837 2256 αὐτούς.

749 2285 985 2340 ΚΑΝΩΝ
1019 2284 1155 2351 AG”.

195 2391 210 2422 |
255 2375 418 2426 Ὥστε
458 2375 857 2444 πρεσϐυτέρους
916 2378 1144 2444 πρᾶγμα
1176 2375 1275 2444 τῆς
1325 2375 1639 2440 ικκλησίας,
1689 2374 1746 2426 ὲν

269 2485 286 2514 ε
402 2466 805 2534 καθιεροῦνται.
840 2467 914 2535 μὴ
945 2468 1296 2536 πιπράσκειν,
1339 2465 1435 2518 καὶ
1464 2463 1602 2516 ὥστε
1639 2480 1745 2531 μηο

261 2575 279 2605 ε
318 2557 430 2608 δενὶ
455 2560 736 2629 ὲπισκόπῳ
758 2559 952 2623 ἐξεῖναι
980 2557 1268 2628 πράγματι
1295 2556 1744 2626 καταχρήσασθαι

260 2668 277 2696 ε
325 2650 387 2700 ὲκ
419 2647 512 2700 τοῦ
570 2650 747 2702 τίτλου
783 2651 878 2717 τῆς
930 2647 1394 2718 ἑκκλησιαστικῆς
1458 2649 1738 2716 μάτρικος.

263 2757 281 2787 ι
337 2739 572 2809 Ὁμοίως
592 2741 808 2809 ἤρεσεν,
840 2740 978 2794 ὥστε
1011 2741 1133 2803 τοὺς
1165 2739 1569 2808 πρεσϐυτέρους
1593 2738 1743 2806 παρά

255 2847 275 2878 ε
319 2829 548 2899 γνώμην
573 2830 680 2882 τῶν
733 2832 874 2884 ίδίων
921 2831 1100 2884 αὐτῶν
1157 2831 1470 2884 ἐπισκόπων
1516 2830 1743 2898 πρᾶγμα

263 2937 283 2968 ε
328 2919 401 2986 μὴ
437 2919 772 2990 π;πράσκειν
795 2922 893 2990 τῆς
925 2921 1240 2989 ἐκκλησίας,
1283 2922 1340 2973 έν
1432 2919 1745 2989 καθιεροῦν-

263 3027 282 3059 (
321 3027 431 3063 ταν
477 3011 538 3063 ὃν
572 3013 773 3080 τρόπον
802 3014 894 3064 καὶ⁵
925 3016 1034 3075 τοῖς
1056 3013 1377 3074 ἐπισκόποις
1417 3013 1517 3065 οὐκ
1565 3011 1742 3077 ἔξεστι

250 3121 281 3153 4
326 3104 661 3173 πιπράσκειν
721 3105 895 3175 χωρία
933 3105 1030 3171 τῆς
1075 3104 1390 3174 ἐκκλησίας,
1441 3104 1741 3170 ἀγνοούσης
1769 3124 1810 3180 c

261 3212 278 3240 ι
319 3194 418 3262 τῆς
459 3195 703 3257 συνόδου,
751 3195 782 3263 ἢ
832 3196 938 3248 τῶν
999 3194 1143 3248 ίδίων
1192 3194 1595 3264 πρεσϐυτέρων.
1652 3194 1741 3263 Μὴ

260 3305 279 3334 ε
319 3285 488 3354 οὔσης
517 3287 701 3339 τοίνυν
727 3289 995 3357 ἀνάγκης,
1037 3287 1171 3355 μηδὲ
1205 3287 1489 3353 έπισκόπῳ
1544 3287 1742 3349 ἐξεῖναι

269 3399 286 3426 ε
330 3378 780 3446 καταχρήσασθαι
834 3378 1119 3448 πράγματι
1151 3377 1212 3431 έκ
1273 3378 1366 3432 τοῦ
1425 3378 1603 3431 τίτλου
1645 3380 1743 3448 τῆς

262 3487 281 3517 ε
326 3467 790 3535 έκκλησιαστικῆς
819 3468 1103 3536 μάτρικος.
1135 3487 1152 3520 ι

265 3557 462 3608 ΒΑΛΣ.
523 3557 610 3618 Ὠς
661 3556 854 3622 ἔοικεν,
899 3558 1063 3626 ἱερεῖς
1099 3575 1239 3620 τινες
1273 3558 1515 3612 ἐπώλουν
1545 3560 1741 3628 ἐκκλη-

194 3644 451 3697 σιαστικά
504 3645 808 3714 πράγματα
863 3647 1016 3716 παρὰ
1073 3647 1297 3715 γνώμην
1357 3647 1462 3700 τῶν
1527 3647 1740 3700 οἰκείων

190 3736 526 3787 ἐπισκόπων.
593 3736 750 3788 Ἀλλά
785 3735 890 3804 μὴν
923 3738 1015 3788 καὶ
1065 3736 1352 3789 ἐπίσκοποι
1403 3736 1742 3806 ἐπίπρασκον

191 3825 365 3893 χωρία
391 3825 499 3877 τῶν
532 3825 838 3895 ἐκκλησιῶν
875 3826 1052 3878 αὐτῶν
1074 3827 1220 3893 παρὰ
1251 3827 1475 3896 γνώμην
1505 3828 1600 3897 τῆς
1621 3827 1740 3880 κατ’

189 3915 386 3975 αὖτοὺς
439 3917 680 3973 συνόδου.
746 3916 776 3986 ἦ
835 3917 1072 3970 καὶτῶν
1133 3917 1277 3970 ἰδίων
1337 3917 1739 3986 πρεσϐυτέρων.

189 4006 357 4073 φησιν
390 4005 481 4057 οὖν
504 4007 532 4056 ὁ
565 4005 745 4057 κανὼν
772 4006 968 4075 μηκέτι
1016 4005 1169 4058 τοῦτο
1199 4004 1463 4071 γίνεσθαι,
1493 4006 1624 4059 ἀλλά
1648 4007 1743 4060 καὶ

188 4101 273 4148 ὅτε
302 4099 818 4166 πρόκειταιάνάγκη
835 4097 1059 4164 ποιῆσαι
1086 4097 1324 4151 τοιοῦτόν
1349 4115 1398 4150 τι
1425 4097 1740 4165 ἐπίσκοπον,

196 4192 331 4254 μετά
360 4192 720 4252 συναινέσεως
747 4192 846 4260 τῆς
877 4190 995 4242 κατ’
1025 4190 1185 4242 αὑτὸν
1215 4192 1430 4244 συνόδου
1489 4193 1582 4245 καὶ⁹
1634 4193 1742 4244 τῶν

192 4283 340 4332 ίὶίων
375 4281 761 4348 πρεσϐυτέρων
791 4280 946 4332 τοῦτο
982 4283 1174 4332 ποιεῖν·
1208 4281 1380 4341 ἄλλως
1432 4281 1486 4334 δέ
1527 4299 1639 4340 πως
1669 4283 1742 4352 μὴ

185 4377 332 4441 ἔχειν
393 4371 479 4424 ἐπ’
519 4371 702 4434 ἀδείας
753 4372 914 4424 αὑτὸν
959 4373 1404 4442 καταχρήσασθαι
1459 4374 1739 4441 πράγματι

1843 562 1984 615 modi
2023 578 2146 616 usus
2183 563 2470 617 insumunt.
2503 557 2643 612 Nihil
2690 571 2815 623 ergo
2849 570 2912 608 ex
2955 547 3255 620 lmjusmodi
3300 562 3385 597 re.-

1843 654 1958 717 bus,
1995 656 2087 707 sed
2120 667 2181 706 ex
2228 653 2292 705 iis
2324 659 2548 711 tantum,
2593 663 2712 717 qua:
2757 647 2853 716 ipsi
2887 641 3102 715 proprie
3134 654 3193 693 ac
3225 653 3384 707 pecu-

1841 744 2043 799 liariter
2075 755 2200 800 sunt
2241 745 2460 805 relictm,
2504 753 2837 808 quarumque
2871 739 2982 804 ipse
3014 733 3254 788 dominus
3280 737 3384 788 est,

1841 835 2081 890 ecclesiae
2133 847 2448 890 consecrare
2496 830 2803 884 necessario
2858 836 3092 894 cogetur.
3146 822 3292 888 Quod
3341 818 3384 870 si

1843 927 1949 993 (Ιυίι
2004 936 2150 995 parle
2201 925 2376 992 aliqua
2430 924 2538 992 jam
2587 921 2824 976 ecclesia:
2868 919 3154 978 destinata,
3204 920 3382 980 postea

1845 1028 1987 1072 retro
2021 1016 2261 1072 conversi
2290 1027 2436 1074 sunt,
2472 1013 2572 1067 hoc
2598 1023 2700 1076 est,
2733 1010 3050 1063 sententiam
3095 1010 3384 1064 nmtarunt,

1843 1108 2120 1163 sacerdotii
2151 1111 2351 1160 honore
2378 1103 2576 1173 indigni
2599 1116 2719 1156 esse
2751 1098 3141 1168 iudicabuntur.

1842 1199 2063 1253 ARIST.
2113 1217 2131 1249 ι
2188 1197 2284 1263 Qui
2350 1207 2468 1265 post
2517 1193 2931 1263 promotionem,
2982 1187 3108 1241 nihil
3165 1185 3384 1246 habens,

1924 1311 1942 1344 ι
1981 1305 2164 1360 agrum
2190 1291 2399 1351 emerit,
2427 1288 2479 1340 in
2515 1285 2794 1340 ecclesiam
2829 1299 2949 1336 eum
2995 1279 3256 1340 conferat,
3288 1277 3385 1328 nisi

1920 1407 1938 1438 ‹
1977 1385 2316 1440 successione
2346 1379 2678 1449 cognationis
2708 1387 2797 1430 aut
2828 1389 2954 1444 pura
2987 1360 3307 1427 liberalitate
3337 1366 3385 1421 ei

1919 1490 1937 1522 ε
1972 1473 2267 1526 obvenerit.
2309 1489 2327 1522 ι

1913 1564 2012 1629 Qui
2056 1571 2178 1616 ante
2204 1562 2565 1632 episcopatum
2605 1558 2815 1628 propria
2855 1570 2956 1609 non
2989 1554 3183 1608 habent
3228 1553 3386 1612 bona,

1844 1652 1925 1706 vel
1959 1653 2118 1705 etiam
2162 1650 2364 1713 clerici,
2396 1650 2483 1716 qui
2528 1657 2806 1715 antequam
2840 1645 2891 1697 in
2923 1642 3120 1696 clerum
3153 1639 3382 1704 cooptati

1847 1744 2061 1805 fuerint,
2113 1742 2429 1808 pauperrimi
2483 1748 2674 1802 erant;
2731 1737 2772 1788 si
2829 1742 3104 1802 postquam
3159 1728 3382 1797 promoti

1845 1843 1987 1896 sunt,
2021 1832 2310 1885 immobilia
2356 1830 2530 1892 aliqua
2572 1827 2858 1882 redimant.
2894 1836 2953 1876 ea
3004 1823 3068 1875 ad
3110 1819 3384 1875 ecclesiam

1845 1925 2086 1985 aﬂerent,
2121 1932 2177 1976 ut
2215 1923 2301 1990 qui
2348 1935 2410 1973 ex
2459 1919 2598 1971 illius
2643 1917 2900 1971 reditibus
2936 1915 3120 1968 eadem
3159 1911 3387 1978 acquisi-

1847 2015 2045 2067 visseut
2083 2030 2097 2066 :
2131 2014 2232 2068 nisi
2281 2013 2416 2066 forte
2463 2013 2528 2064 ab
2576 2009 2904 2069 haereditate,
2942 2014 3037 2059 aut
3071 2005 3137 2057 ab
3168 2002 3388 2070 alicujus

1846 2108 2151 2166 donatione,
2205 2121 2326 2159 vere
2379 2105 2444 2158 ad
2493 2104 2633 2171 ipsos
2677 2101 2836 2163 facta,
2886 2105 3174 2167 appareant
3214 2110 3276 2150 ea
3325 2094 3388 2146 ad

1847 2197 1986 2264 ipsos
2023 2197 2299 2251 obvenire.

2260 2286 2419 2357 560
2469 2283 2691 2340 CANON
2739 2282 2973 2337 χχχιιι.

1851 2398 1866 2430 ι
1912 2377 1980 2432 Ut
2014 2379 2306 2448 presbyteri
2344 2392 2429 2431 res
2462 2377 2717 2439 ecclesia},
2749 2377 2799 2427 in
2840 2389 2942 2438 qua
2981 2377 3388 2431 consecrantur,

1922 2489 1939 2520 ι
1980 2486 2082 2523 non
2138 2469 2369 2524 vendant
2419 2476 2516 2520 εει
2557 2475 2615 2519 ut
2662 2465 2787 2517 nulli
2835 2465 2992 2516 liceat
3035 2465 3284 2531 episcopo
3334 2477 3390 2512 re

1921 2579 1940 2612 ε
1979 2561 2146 2624 abuti,
2173 2575 2289 2627 quae
2311 2567 2391 2612 est
2419 2573 2481 2612 ex
2509 2557 2661 2610 titulo
2680 2555 3056 2610 ecclesiastica:
3078 2552 3388 2607 matriculat.

1919 2671 1936 2704 ι
1977 2653 2233 2707 Similiter
2256 2652 2474 2720 placuit,
2507 2658 2563 2704 ut
2590 2647 2910 2718 presbyteri,
2939 2655 3133 2714 praeter
3162 2655 3386 2698 mentem

1919 2762 1936 2794 (
1975 2757 2188 2796 suorum
2219 2742 2590 2812 episcoporum
2628 2753 2712 2794 res
2740 2737 2998 2799 ccclesiai,
3035 2737 3088 2790 in
3122 2751 3222 2803 qua
3258 2749 3388 2788 con-

1920 2851 1938 2883 ε
1978 2843 2271 2894 secrantur,
2321 2848 2427 2887 non
2475 2832 2705 2885 vendant
2738 2846 2753 2883 :
2791 2827 3235 2897 quemadmodum
3279 2825 3389 2891 cpi-

1922 2944 1939 2976 ε
1981 2923 2159 2991 scopis
2205 2938 2418 2991 quoque
2463 2923 2657 2990 praedia
2693 2918 2954 2983 ecclesiae,
2998 2917 3271 2983 ignorante
3297 2929 3386 2981 sy-

1919 3036 1936 3068 ε
1977 3018 2135 3081 nodo,
2184 3016 2263 3070 vel
2315 3016 2425 3069 suis
2466 3013 2792 3084 presbyteris
2828 3011 3054 3064 vendere
3094 3023 3196 3061 non
3242 3007 3386 3060 licet.

1921 3123 1937 3154 ι
1977 3103 2090 3158 Νοιι
2145 3105 2441 3159 exsistente
2495 3117 2624 3172 ergo
2673 3100 3027 3163 necessitate',
3081 3097 3390 3180 uendit-eat

1919 3215 1936 3248 ι
1976 3197 2226 3265 episcopo
2259 3212 2316 3251 re
2361 3197 2532 3262 abuti,
2580 3212 2696 3266 quae
2727 3205 2810 3251 est
2847 3211 2910 3250 ex
2947 3193 3100 3250 titulo
3133 3190 3389 3247 ecclesia-

1923 3306 1943 3340 ε
1978 3291 2124 3344 ειίεω
2155 3289 2465 3344 maniculae.
2507 3306 2525 3340 ι

1914 3556 2103 3611 BALS.
2143 3558 2206 3614 Ut
2249 3567 2330 3613 est
2361 3559 2576 3614 verisim
2601 3560 2671 3623 le,
2712 3560 2922 3628 quidam
2969 3560 3270 3612 sacerdotes
3307 3574 3390 3612 res

1842 3645 2254 3707 ecclesiaSticas,
2288 3656 2478 3712 praeter
2512 3660 2731 3699 suorum
2766 3647 3139 3715 episcoporum
3174 3655 3388 3700 senten-

1847 3739 1993 3802 tiam,
2029 3739 2347 3791 vendebant.
2383 3737 2519 3802 Quin
2566 3740 2726 3790 etiam
2767 3739 3002 3807 episcopi
3049 3753 3264 3792 suarum
3301 3753 3390 3789 ee-

1844 3828 2119 3883 clesiarum
2152 3829 2347 3896 prredia
2380 3829 2809 3896 emancipabant,
2844 3838 3037 3896 praeter
3058 3830 3269 3898 synodi,
3308 3829 3386 3881 vel

1843 3919 2002 3972 etiam
2051 3933 2265 3972 suorum
2319 3921 2651 3973 sacerdotum
2699 3921 3040 3975 sententiam.
3083 3920 3219 3974 Dicit
3261 3936 3386 3989 ergo

1843 4024 2034 4072 canon,
2083 4024 2151 4062 ne
2190 4008 2293 4063 hoc
2337 4008 2425 4062 liat
2455 4010 2677 4077 amplius
2704 4026 2722 4076 ;
2747 4011 2838 4064 sed
2878 4013 3087 4077 quando
3129 4011 3231 4064 tale
3261 4012 3386 4079 quid

1845 4099 2066 4155 faciendi
2099 4101 2390 4154 necessitas
2416 4102 2606 4167 premit
2627 4101 2953 4167 episc0pnm,
2983 4101 3032 4154 id
3055 4117 3172 4155 cum
3203 4102 3386 4171 synodi

1843 4207 1951 4244 sua:
1983 4205 2248 4244 consensu
2290 4201 2342 4244 et
2374 4207 2592 4244 suorum
2641 4191 3072 4260 presbyterorum
3109 4192 3285 4245 faciat.
3332 4191 3385 4242 Ei

1845 4291 2018 4335 autem
2068 4282 2221 4335 aliter
2265 4295 2321 4333 re
2369 4281 2444 4333 uti
2505 4297 2604 4332 non
2658 4282 2833 4346 liceat,
2887 4297 3001 4349 quae
3047 4283 3095 4333 in
3143 4281 3389 4336 brevibus

1845 4369 2224 4423 ecclesiasticis
2253 4385 2345 4423 seu
2382 4371 2434 4423 in
2475 4373 2750 4423 tuatricula
2786 4372 2980 4434 scripta
3017 4382 3116 4434 est,
3157 4374 3254 4426 hoc
3283 4384 3385 4432 est,

187 4435 713 4532 καταγεγραμμένη)
738 4465 794 4514 έν
826 4465 938 4523 τοῖς
978 4435 1446 4532 έκκῖι-η-σίαστικοῖς
1478 4435 1734 4530 β’ρεϐίοις,

1846 4463 1894 4511 iu
1942 4459 2235 4527 repertorio
2273 4459 2619 4514 ecclesiastici
2673 4460 2812 4514 tituli
2863 4475 2955 4514 seu
3005 4461 3143 4514 libri.
3181 4460 3388 4515 Titulus

187 4557 358 4622 ῆγουν
386 4556 442 4605 έν
472 4556 539 4624 τῇ
575 4558 823 4624 μάτρικι,
862 4555 1134 4606 τουτέστιν
1165 4555 1219 4604 έν
1245 4557 1311 4622 τῇ
1343 4556 1630 4624 ἀπογραφῇ
1645 4555 1737 4606 τοῦ

189 4646 653 4714 ἐκκλησιαστικοῦ
704 4646 904 4702 τίτλου.
945 4646 1062 4714 ἦτοι
1100 4644 1325 4714 βιϐλίου.
1386 4646 1575 4706 Τίτλος
1634 4646 1740 4714 γὰρ

188 4738 408 4804 λέγεται
443 4736 574 4789 ποτὲ
603 4737 702 4804 μὲν
729 4738 761 4804 ἡ
789 4735 1084 4804 ἐπιγραφὴ,
1120 4736 1246 4787 ποτὲ
1267 4735 1322 4786 δὲ
1357 4737 1388 4804 ἡ
1420 4737 1585 4797 αίτία,
1613 4736 1739 4788 ποτὲ

187 4828 240 4878 δὲ
278 4829 373 4878 καί
401 4827 461 4878 τὸ
496 4825 721 4894 βιϐλίον.
765 4824 999 4876 ’Δκούων
1025 4824 1081 4876 δὲ
1105 4825 1196 4876 τοῦ
1239 4826 1460 4886 κανόνος
1493 4825 1739 4889 λέγοντος

196 4918 334 4985 μήτε
377 4919 676 4969 ἐπίσκοπον
707 4917 853 4986 παρὰ
882 4917 1108 4985 γνώμην
1143 4917 1240 4985 τῆς
1271 4915 1483 4967 συνόδου
1512 4916 1606 4968 καὶ
1633 4916 1739 4967 τῶν

189 5008 334 5059 ἰδίων
354 5008 740 5075 πρεσϐυτέρων
757 5007 1087 5078 πιπράσκειν
1110 5006 1286 5076 χωρία
1301 5006 1398 5074 τῆς
1420 5007 1736 5075 ἐκκλησίας,

191 5101 325 5165 μήτε
363 5102 490 5160 τοὺς
536 5099 934 5166 πρεσϐυτέρους
998 5097 1146 5166 παρά
1183 5098 1407 5166 γνώμην
1439 5097 1546 5150 τῶν
1597 5098 1740 5150 ίδίων

185 5189 504 5240 ἐπισκόπων
566 5187 764 5238 πωλεῖν
814 5186 1114 5255 πράγματα
1172 5186 1615 5254 έκκλησιαστικὰ,
1664 5187 1738 5255 μὴ

187 5280 350 5347 εἴπης
385 5278 697 5341 ἐξισοῦσθαι
728 5277 871 5331 κατὰ
898 5277 1055 5330 τοῦτο
1089 5278 1150 5328 τὸ
1183 5277 1345 5345 μέρος
1383 5280 1493 5340 τοῖς
1520 5279 1738 5330 ἐπισκό-

185 5383 306 5428 ποις
347 5367 474 5428 τοὺς
510 5369 915 5435 πρεσϐυτέρους
942 5385 954 5398 ·
990 5367 1103 5419 ἀλλ’
1132 5370 1252 5421 εἰπὲ
1291 5370 1373 5421 ὅτι
1401 5368 1448 5419 οί
1477 5369 1574 5436 μὲν
1600 5386 1736 5438 πρε·

185 5460 436 5527 σϐύτεροι
467 5460 616 5528 παρὰ
650 5459 875 5529 γνώμην
899 5460 1004 5512 τῶν
1021 5460 1333 5512 ἐπισκόπων
1362 5460 1736 5528 οίονδηποτοῦν

181 5551 416 5618 πρᾶγμα
475 5551 692 5620 κινητὸν
740 5553 771 5620 ἢ
824 5553 915 5604 καὶ
951 5551 1271 5621 εὔφθαρτον,
1304 5548 1444 5604 οἶνον
1495 5553 1652 5622 τυχὸν
1703 5552 1735 5621 ἢ

181 5643 346 5703 σῖτον,
383 5643 580 5694 πωλεῖν
610 5643 669 5694 οὐ
730 5642 1019 5695 δύνανταιο
1050 5643 1077 5694 δ
1105 5642 1160 5694 δὲ
1216 5642 1512 5705 ἐπίσκοπος
1540 5645 1604 5695 τὰ
1640 5645 1735 5710 μὲν

183 5730 467 5802 εὖψθαρτα
491 5734 682 5807 κινητὰ
717 5734 805 5788 καὶ
849 5736 912 5790 τέ(
950 5733 1276 5807 αὐτοκίνηια
1303 5736 1397 5786 καὶ
1421 5733 1723 5804 παρὰ-γνώ-

1840 4552 1981 4604 cnim
2028 4551 2225 4606 dicitur
2255 4551 2540 4620 aliquando
2587 4553 2885 4622 inscriptio,
2934 4554 3217 4621 aliquando
3261 4569 3386 4606 vero

1839 4655 2022 4703 causa,
2052 4643 2336 4710 aliquando
2365 4653 2542 4697 autem
2584 4651 2638 4697 et
2664 4643 2817 4698 liber.
2853 4642 2984 4696 Cum
3022 4655 3201 4698 autem
3237 4646 3386 4698 audis

1839 4748 2096 4786 canonem
2139 4733 2423 4796 dicentem,
2472 4749 2569 4788 nec
2615 4735 2919 4803 epiScopnm
2966 4745 3157 4802 praeter
3188 4736 3383 4804 fsyuodi

1839 4826 2157 4879 sententiam
2191 4837 2243 4880 et
2273 4841 2492 4879 suorum
2526 4827 2957 4896 presbyterorum
2987 4827 3223 4881 eccles’as
3254 4842 3386 4891 prte-

1838 4917 1924 4970 dia
1977 4917 2246 4982 vendere;
2283 4932 2382 4971 nec
2449 4919 2788 4988 presbyteros
2839 4928 3027 4984 praeter
3073 4919 3383 4971 sententiam

1841 5023 2055 5061 suorum
2088 5009 2460 5078 episcoporum
2492 5011 2722 5063 vendere
2746 5023 2830 5064 res
2856 5009 3285 5073 ecclesiasticas;
3321 5023 3386 5061 ne

1839 5100 2050 5163 dixeris,
2103 5102 2242 5169 quod
2288 5101 2352 5154 ad
2402 5101 2501 5155 hoc
2544 5101 2752 5163 attinet,
2811 5102 3150 5170 presbyteros
3187 5103 3382 5170 arquati

1837 5193 2100 5262 episcopis
2140 5213 2152 5247 :
2184 5193 2274 5246 sed
2303 5193 2389 5247 dic
2417 5193 2556 5261 quod
2599 5193 2896 5263 presbyteri
2928 5192 3164 5261 quidem,
3195 5204 3386 5260 prater

1837 5285 2204 5351 episconorum
2235 5285 2577 5348 sententiam,
2597 5298 2971 5353 quamcunque
3000 5300 3105 5337 rem
3139 5285 3385 5337 mobilem

1839 5376 1917 5428 vel
1947 5375 2269 5428 immobilem
2294 5376 2376 5429 vel
2401 5378 2559 5428 etiam
2584 5391 2700 5444 quae
2724 5375 2877 5428 facile
2900 5375 3167 5442 corrumpi
3193 5383 3384 5438 potest,

1837 5464 2017 5515 vinum
2055 5460 2193 5514 forte
2223 5461 2302 5515 vel
2333 5461 2680 5526 frumentum,
2716 5463 2944 5513 vendere
2987 5476 3086 5543 uolt
3119 5471 3339 5528 possunt
3370 5477 3384 5524 ;

1838 5558 2122 5622 episcOpns
2170 5563 2346 5606 autem
2393 5567 2455 5607 ea
2493 5553 2730 5620 quidem,
2766 5567 2883 5620 qum
2919 5551 3074 5605 facile
3115 5553 3383 5621 corrumpi

1840 5653 2086 5712 possunt,
2136 5642 2372 5704 mobilia,
2417 5654 2470 5695 et
2515 5658 2633 5710 quze
2683 5658 2775 5708 per
2825 5657 2884 5695 sc
2932 5641 3171 5701 mobilia,
3224 5641 3384 5694 etiam

1841 5743 2033 5806 praeter
2068 5748 2284 5789 suorum
2325 5731 2639 5788 clericorum
2673 5731 3015 5798 sententiam,
3050 5739 3221 5800 potest
3253 5729 3387 5785 alica
