4018 6310
593 315 686 380 ibi

1830 321 2103 380 THEOD.
2145 322 2377 378 Bisi-.SA
2390 321 2540 379 ΜοΝ

3704 314 3822 376 152

573 446 761 495 .nare;
805 434 895 486 sed
933 447 1034 486 non
1079 433 1256 486 itidem
1299 432 1617 488 immobilia.
1665 436 1953 500 Propterea
1999 436 2138 486 enim

2260 450 2357 499 μην
2407 433 2509 484 τῶν
2551 434 2764 487 οἰκείων
2825 435 3098 502 κληρικῶν
3150 435 3391 487 ἐκποιεῖν
3440 433 3681 493 δύναται,
3737 430 3814 480 οὐ

593 535 826 589 praesens
861 536 1069 588 quoque
1108 537 1276 575 canon
1314 523 1465 590 jubet
1501 525 1836 592 presbyteros
1873 540 1974 578 non
2014 541 2140 576 ven-

592 615 718 664 dere
754 612 886 663 bona
936 613 1298 674 ecclesiastica
1350 614 1463 668 sine
1507 614 1768 682 episcopis
1821 631 1835 667 :
1883 618 2144 681 cpi-copis

594 708 765 756 autem
804 702 1073 768 prohibuit
1112 703 1422 767 immobilia,
1454 704 1567 757 sine
1600 707 1915 757 necessitate
1949 715 2000 757 et
2029 705 2144 757 sine

593 795 828 863 synodali
857 806 909 847 et
941 795 1370 864 presbyterorum
1404 797 1684 860 sententia,
1715 796 1944 849 vendere
1990 797 2143 860 Quod

592 894 768 936 autem
813 885 971 937 habet
1016 884 1297 951 episeottus
1347 893 1682 951 potestatem,
1737 885 1896 937 etiam
1951 892 2146 952 praeter

590 989 806 1025 suorum
841 973 1271 1040 presbyterorum
1299 985 1531 1027 mentem
1565 985 1618 1027 et
1648 976 1858 1041 synodi,
1887 974 2141 1026 vendendi

592 1080 684 1129 per
719 1079 776 1116 s-e
825 1064 1111 1118 immobilia
1144 1074 1198 1115 et
1241 1064 1475 1128 mobilia,
1507 1080 1623 1130 qua:
1672 1065 1828 1117 facile
1873 1064 2144 1133 corrumpi

592 1165 832 1221 possunt,
872 1162 1017 1223 patet
1060 1173 1122 1208 ex
1158 1155 1224 1208 58
1275 1166 1326 1208 et
1374 1158 1432 1210 4|
1492 1172 1609 1210 can.
1657 1157 1982 1226 apostolicis,
2015 1171 2148 1226 quos

590 1243 748 1292 etiam
787 1240 902 1306 lege
944 1259 957 1292 :
995 1250 1153 1309 atque
1188 1243 1349 1294 etiam
1387 1259 1450 1296 ex
1492 1247 1744 1313 presenti
1788 1261 2012 1308 canone,
2057 1245 2144 1312 qui

593 1332 837 1393 prohihct
879 1333 1368 1386 ccclesiasticornm
1417 1335 1731 1401 praediorum
1765 1343 1816 1386 et
1866 1335 2145 1388 fundorum

593 1421 964 1473 alienationem
995 1422 1110 1474 sine
1133 1425 1436 1491 cognitione
1459 1435 1511 1478 et
1534 1427 1926 1479 examinatione
1947 1426 2148 1478 facien-

593 1515 734 1564 dam.
777 1510 852 1563 Ne
897 1513 1019 1564 huic
1065 1524 1240 1566 autem
1287 1515 1713 1582 interpretationi
1746 1530 2039 1584 repugnare
2072 1515 2149 1569 vi-

595 1598 818 1656 dcantur
837 1617 1090 1666 canones,
1113 1605 1202 1672 qui
1229 1620 1380 1657 sacra
1405 1605 1772 1660 ecclesiastica
1799 1606 1864 1660 ab
1887 1606 2148 1675 episcopis

599 1689 752 1741 vendi
790 1689 1091 1755 prohibent.
1135 1692 1246 1745 Etsi
1297 1693 1437 1747 enim
1477 1694 1585 1747 sint
1617 1695 1851 1755 mobilia,
1901 1695 2146 1749 immobi-

2233 523 2360 590 ’μὴν
2393 523 2486 575 καὶ
2525 525 2590 576 τὰ
2619 525 2872 592 ἀκίνητα.
2925 526 3020 576 Διά
3069 527 3176 594 γὰρ
3216 526 3369 576 τοῦτο
3402 524 3492 576 καὶ
3528 523 3556 573 6
3618 519 3814 574 κανὼν

2250 615 2375 674 τοὺς
2405 614 2501 681 μὲν
2553 615 2959 683 πρεσϐυτέρους
2991 616 3428 685 παρεκελεύσατο
3463 613 3536 680 μὴ
3601 612 3815 662 πωλεῖν

2242 705 2550 772 ηπράγματα
2610 707 3040 774 ἐκκλησιαστικὰ
3087 707 3213 761 ἄνευ
3281 704 3387 754 τῶν
3446 699 3808 754 ἐπισκόπων·

2246 794 2370 857 τοὺς
2401 795 2454 846 δέ
2511 795 2840 856 ἐπισκόπους
2892 794 3128 846 ἐκώλυσε
3180 792 3515 856 πιπράσκειν
3564 787 3811 855 ἀκίνητα

2249 885 2377 936 ἄνευ
2408 885 2652 953 ἀνάγκης
2689 887 2782 937 καὶ
2811 885 3092 952 συνοδικῆς
3138 884 3362 951 γνώμης
3395 883 3487 934 καὶ
3524 879 3630 932 τῶν
3665 893 3808 947 πρε-

2252 973 2549 1041 σϐυτέρων.
2585 976 2709 1026 Ὅτι
2743 974 2799 1025 δὲ
2847 975 3094 1041 ἐξουσίαν
3140 974 3252 1042 ἔχει
3286 975 3313 1026 6
3353 973 3644 1030 ἐπίσκοπος
3703 967 3810 1020 καῖ

2252 1066 2402 1134 παρὰ
2426 1066 2651 1134 γνώμην
2679 1068 2784 1120 τῶν
2815 1067 3203 1137 πρεσϐυτέρων
3237 1063 3400 1116 αὐτοῦ
3436 1065 3527 1115 καὶ
3554 1062 3651 1127 τῆς
3674 1059 3808 1111 κατ’

2249 1156 2412 1208 αὐτὸν
2467 1157 2684 1209 συνόδου
2722 1159 3054 1223 πιπράσκειν
3112 1151 3536 1222 ἐκκλησιαστικὰ
3568 1150 3810 1212 ἀκίνητα

2251 1249 2344 1300 καὶ
2376 1247 2650 1319 εὐφθαρτα
2679 1250 2902 1320 κινητά,
2937 1250 3092 1316 δῆλόν
3122 1252 3268 1301 ἐστιν
3298 1246 3406 1298 ἀπὸ
3434 1245 3525 1297 τοῦ
3551 1240 3635 1312 λη’
3667 1243 3814 1293 ἀπο-

2253 1338 2497 1391 στολικοῦ
2539 1341 2756 1402 κανόνος
2789 1339 3004 1392 καὶτοῦ
3044 1346 3151 1408 μα’,
3204 1338 3296 1400 οὓς
3347 1337 3441 1390 καὶ
3492 1330 3806 1400 ἀνάγνωοιο

2252 1426 2386 1478 ἀλλὰ
2421 1427 2529 1496 μὴν
2557 1429 2648 1478 καὶ
2679 1429 2788 1480 ἀπὸ
2828 1429 2920 1480 τοῦ
2951 1428 3215 1497 παρόντος
3253 1427 3475 1486 κανόνος
3503 1422 3815 1479 κωλύοντος

2249 1517 2347 1586 τὴν
2395 1518 2758 1584 ἀδιάγνωστον
2807 1520 3093 1588 ἐκποίησιν
3169 1518 3278 1570 τῶν
3337 1511 3816 1581 ἐκκλησιαστικῶν

2251 1611 2466 1680 χωρίων
2533 1613 2624 1663 καὶ
2657 1612 2851 1680 μονῶν.
2910 1613 3001 1680 Μὴ
3039 1610 3403 1663 ἐναντιωίὶῶσι
3439 1608 3494 1658 δέ
3530 1621 3610 1659 σοι
3668 1602 3815 1670 πρὲις

2253 1705 2350 1770 τὴν
2379 1705 2662 1773 παροῦσαν
2691 1704 2986 1773 ἑρμηνείαν
3017 1705 3066 1756 oi
3113 1705 3358 1764 κανόνες,
3415 1702 3463 1753 οἱ
3509 1697 3818 1753 κωλύοντες

591 1778 719 1830 lium
755 1787 929 1832 tamen
976 1781 1152 1833 locum
1201 1782 1458 1847 obtinent,
1503 1785 1640 1838 sicut
1682 1795 1736 1839 et
1781 1787 1877 1839 hoc
1926 1802 2065 1855 saepe
2098 1787 2148 1839 in

2260 1764 2408 1862 παρὰ
2444 1764 3185 1863 ἐπισκόπων-πίπράσκεσθαι
3214 1795 3334 1862 ἱερὰ
3353 1786 3816 1858 ἐκκλησιαστικά.

593 1866 800 1931 legibus
828 1868 1115 1924 invenitur.
1153 1871 1320 1925 Porro
1359 1873 1574 1940 quando
1605 1874 2025 1929 ecclesiasticum
2052 1878 2151 1929 im-

597 1959 792 2014 mobile
822 1962 888 2013 oh
913 1977 1006 2026 pre
1065 1976 1239 2018 cutem
1274 1968 1649 2022 necessitatem
1679 1971 2008 2024 vendendum
2049 1982 2150 2036 est,

596 2064 699 2101 non
744 2051 897 2104 debet
948 2053 1228 2121 episcopus
1276 2071 1387 2109 rem
1433 2059 1660 2112 reditum
1698 2060 1981 2116 habentem
2026 2077 2151 2114 vcn-

594 2138 719 2191 dcre
747 2155 760 2202 ;
789 2141 880 2192 sed
912 2145 1120 2210 qualem
1158 2159 1359 2198 canone
1393 2145 1460 2198 26
1494 2151 1771 2215 praesentis
1807 2151 1998 2218 synodi
2031 2167 2146 2205 eam

594 2243 716 2283 esse
760 2231 893 2291 Vult.
939 2242 992 2286 et
1037 2238 1326 2293 secundum
1381 2236 1553 2296 dictas
1607 2239 1712 2296 illic
1753 2240 2147 2296 distinctiones.

595 2323 804 2378 Abusus
847 2337 1024 2378 autem
1065 2344 1231 2381 canon
1274 2330 1534 2394 meminit,
1583 2348 1647 2385 ne
1691 2333 1836 2387 dicas
1879 2335 2149 2401 prohiberi

596 2415 763 2467 solum
800 2418 1153 2476 venditionem
1206 2421 1572 2485 immobilium,
1618 2438 1722 2474 non
1761 2435 1936 2476 autem
1986 2427 2145 2478 etiam

596 2506 726 2558 alias
773 2507 1138 2561 alienationes.
1193 2509 1373 2579 Neque
1424 2514 1564 2565 enim
1619 2529 1710 2582 per
1760 2516 2146 2585 emphylensiu,

596 2609 770 2663 neque
809 2612 903 2665 per
935 2593 1295 2662 donationem,
1339 2615 1508 2670 neque
1545 2618 1637 2671 per
1685 2607 2147 2672 permutationem,

598 2699 771 2753 neque
821 2689 886 2740 ad
939 2690 1161 2742 multum
1217 2700 1422 2760 tempus
1474 2702 1647 2761 potest
1703 2695 1984 2763 cpiscopus
2041 2712 2149 2749 rem

599 2775 1016 2831 ecclesiasticam
1049 2781 1305 2844 alienare.
1337 2785 1438 2838 nisi
1477 2796 1664 2854 urgeat
1696 2789 2007 2840 necessitas.

2259 1885 2377 1937 Κᾶν
2409 1890 2517 1954 γὰρ
2556 1886 2752 1954 κινητὰ
2806 1886 2979 1938 ταῦτα
3011 1885 3164 1946 ὦσιν,
3208 1885 3343 1936 ἀλλά
3375 1883 3643 1947 ἀκινήτων
3681 1875 3821 1930 ἐπέ·-

2257 1991 2411 2043 χουσι
2443 1977 2606 2027 τόπον
2627 1991 2638 2002 ·
2672 1974 2850 2036 καθὼς
2897 1977 2989 2027 καὶ
3026 1978 3080 2027 ἐν
3111 1976 3222 2037 τοῖς
3257 1976 3440 2041 νόμοις
3470 1969 3627 2022 τοῦτο
3664 1965 3817 2018 πολ-

2257 2065 2421 2133 λαχοῦ
2454 2067 2791 2135 εὑρίσκεται.
2828 2066 2935 2118 Καὶ
2967 2067 3093 2117 ὅταν
3129 2065 3184 2116 δὲ
3235 2064 3402 2132 μέλλῃ
3439 2057 3820 2128 διαπραθῆνσιι

2255 2157 2716 2227 ἐκκλησιαστικὸν
2749 2157 3004 2226 ἀκίνητον
3027 2157 3116 2210 διὰ
3140 2155 3512 2225 προκειμένην
3543 2151 3827 2217 ἀνάγκην,

2253 2249 2353 2300 οὐκ
2382 2249 2590 2311 ὀφείλει
2617 2248 2814 2300 πωλεῖν
2834 2250 2860 2298 6
2890 2247 3184 2308 ἐπίσκοπος
3206 2247 3433 2315 πρᾶγμα
3463 2242 3582 2310 ἔχον
3605 2237 3819 2305 πρόσο-

2256 2338 2365 2398 δον,
2397 2338 2513 2390 ἀλλ’
2547 2335 2658 2391 οἷον
2708 2343 2735 2392 6
2767 2346 2857 2403 κς¹
2907 2341 3084 2392 κανὼν
3127 2339 3223 2401 τῆς
3270 2333 3542 2404 παρούσης
3596 2326 3824 2381 συνόδου

2261 2431 2414 2499 φησὶ,
2447 2431 2541 2482 καὶ
2586 2429 2727 2482 κατά
2779 2431 2876 2492 τὰς
2935 2431 3111 2482 ἐκεῖσε
3160 2426 3455 2495 εἰρημένας
3501 2417 3820 2480 διαστίξεις.

2261 2522 2670 2592 Καταχρήσεως
2697 2521 2753 2573 δὲ
2804 2523 2830 2572 ὁ
2865 2521 3039 2573 κανὼν
3095 2517 3374 2586 ἐμνήσθη,
3411 2515 3497 2567 ῖνα
3539 2513 3610 2579 μὴ
3650 2509 3832 2578 εἴπῃς

2270 2613 2438 2680 μόνην
2485 2611 2792 2663 κωλύεσθαι
2823 2612 2922 2679 τὴν
2965 2610 3261 2678 διάπρασιν
3282 2607 3387 2658 τῶν
3428 2603 3722 2672 ἀκινήτων,
3751 2597 3820 2650 οὐ

2264 2703 2367 2771 μὴν
2396 2705 2490 2754 καὶ
2520 2703 2619 2763 τὰς
2651 2703 2819 2766 ἄλλας
2875 2701 3210 2769 ἐκποιήσεις.
3263 2697 3399 2751 Οὔτε
3423 2697 3530 2763 γὰρ
3570 2691 3687 2747 κατ’
3717 2692 3822 2754 ἐμ-

2262 2792 2541 2860 φύτευσιν,
2563 2793 2686 2846 οὗτε
2715 2795 2854 2846 κατά
2884 2793 3114 2862 δωρεὰν,
3149 2789 3272 2843 οὔτε
3294 2787 3434 2842 κατὰ
3451 2779 3818 2848 ἀπαλλαγὴν,

595 2866 831 2920 οὓτεέπὶ
855 2871 1066 2940 χρόνοις
1093 2874 1308 2939 πολλοῖς
1328 2876 1667 2929 ὲκποιεῖσθαι
1700 2879 2150 2947 ἐκκλησιαστικὸν
2196 2882 2447 2955 ἀκίνητον
2515 2885 2809 2950 ἐπίσκοπος
2873 2886 3094 2936 δύναται
3174 2882 3415 2952 ἀνάγκης
3473 2879 3546 2948 μὴ
3594 2889 3823 2946 προκε⁸’

600 2963 787 3032 μένης.

667 3063 914 3119 ΖΟΝΑΠ.
957 3065 1277 3119 Sanc‘orttm
1317 3066 1679 3135 apostolorum
1713 3082 1967 3132 canones,
2004 3069 2163 3121 trice-
2189 3079 2228 3135 α

597 3158 767 3211 simus
796 3165 1016 3210 octavus
1050 3166 1101 3208 et
1133 3156 1576 3224 quadragesimus
1613 3158 1836 3223 primus,
1868 3157 1955 3223 jus
1984 3159 2155 3209 admi-

597 3244 1077 3312 nistrationemque
1115 3258 1290 3296 rerum
1328 3244 1814 3303 ecclesiasticarum
1849 3259 2011 3311 penes
2044 3244 2155 3308 epi-

598 3349 790 3403 scopus
824 3349 942 3389 esse
984 3334 1216 3387 voluere.
1269 3334 1499 3388 Proinde
1540 3352 1606 3388 ne
1649 3335 2020 3388 sacerdotibus
2073 3349 2157 3387 res

601 3426 863 3488 ecclesia-,
903 3425 1057 3493 561
1112 3426 1194 3477 cui
1255 3426 1508 3492 adscripti
1559 3434 1702 3490 sunt,
1749 3427 1866 3479 sine
1921 3427 2154 3493 episcopi

603 3515 853 3568 facultate
890 3515 1118 3568 vendere
1165 3515 1340 3575 liceat,
1384 3516 1468 3568 hic
1515 3531 1684 3568 canon
1732 3517 1988 3570 decernit.
2022 3515 2154 3571 Tum

605 3619 672 3658 ne
707 3618 962 3658 concessa
1009 3604 1139 3672 ipsis
1171 3619 1265 3671 per
1301 3604 1527 3670 apostol.
1561 3619 1796 3658 canones
1839 3605 2158 3657 auctoritate

606 3695 840 3765 episcnpi
893 3695 1198 3756 abutentes,
1251 3694 1581 3749 dominatum
1626 3695 1727 3749 sibi
1763 3695 2160 3763 quodammodo

607 3788 891 3848 vindicent,
950 3789 1125 3853 itaque
1172 3786 1563 3841 ecclesiasticas
1610 3787 1976 3854 possessiones
2011 3785 2162 3839 abdi-

607 3890 782 3934 catum
818 3891 960 3941 eant,
1006 3893 1069 3931 ne
1107 3878 1204 3945 ipsi
1244 3879 1455 3945 quidem
1487 3878 1758 3946 episcopo,
1793 3878 1896 3931 nisi
1950 3893 2006 3930 re
2038 3892 2156 3928 cum

608 3969 812 4040 synodo
847 3984 937 4028 sua
987 3969 1308 4034 snhjectisve
1339 3969 1437 4022 sibi
1486 3968 1811 4038 presbyteris
1857 3968 2162 4021 communi-

609 4070 748 4123 cata,
783 4060 980 4128 pmdia
1005 4060 1368 4113 ecclesiastica
1407 4059 1666 4112 vendendi
1703 4059 2010 4112 facultatem
2041 4071 2162 4111 esse

607 4150 816 4204 Statuit.
860 4147 1040 4216 Neque
1067 4149 1207 4200 enim
1257 4163 1430 4201 rerum
1472 4148 1963 4203 ecclesiasticarum
1995 4148 2166 4200 admi-

613 4235 979 4289 nistrationem
1012 4233 1077 4287 ab
1107 4233 1238 4302 ipsis
1277 4234 1511 4300 ignorari
1557 4243 1802 4302 oportet;
1844 4249 1926 4294 ne,
1962 4234 2004 4286 si
2050 4233 2164 4285 sine

614 4335 746 4380 teste
781 4325 868 4387 sit,
901 4323 1224 4377 offensiones
1263 4325 1313 4376 in
1354 4323 1632 4392 episcopos
1655 4325 1985 4377 exoriuntur.
2014 4323 2161 4375 Nulla

2337 3065 2575 3119 ΖΩΝᾹΡ.
2606 3065 2667 3117 Οί
2703 3063 2810 3114 τῶν
2846 3063 3060 3114 σεπτῶν
3087 3059 3401 3114 ἀποστόλων
3425 3059 3666 3120 κανόνες,
3693 3058 3721 3110 ὅ
3753 3075 3818 3108 τε

2258 3157 2341 3224 λη’
2371 3163 2460 3208 καὶ
2489 3156 2515 3206 6
2542 3161 2625 3222 μα’
2654 3153 2750 3222 τὴν
2783 3153 3030 3218 ἐξουσίαν
3065 3149 3444 3233 καῖ-φροντίδα
3491 3148 3599 3199 τῶν
3621 3149 3823 3215 ἐκκλη-

2264 3245 2561 3299 σιαστικῶν
2625 3242 2966 3310 πραγμάτιον
3020 3245 3130 3302 τοῖς
3170 3239 3488 3295 ἐπισκόποις
3539 3237 3824 3288 ἀνατιθέα-

2262 3354 2365 3391 σιν.
2408 3334 2741 3394 Ἀκολούοως
2790 3331 2879 3383 οὖν
2906 3334 2932 3382 ὁ
2961 3330 3140 3382 κανὼν
3165 3321 3318 3391 οὗτος
3361 3327 3697 3395 ἀπαγορεύει
3723 3342 3817 3377 πι-

2260 3428 2526 3494 πράσκειν
2545 3427 2670 3484 τοὺς
2694 3422 3093 3493 πρεσϐυτέρους
3135 3423 3236 3489 τῆς
3261 3418 3558 3486 ἐκκλησίας
3584 3418 3820 3485 πρᾶγμα

2259 3513 2370 3588 ἐνῇ
2406 3513 2842 3582 καθιερώθησαν,
2885 3519 2932 3564 εἰ
2971 3513 3040 3579 μὴ
3068 3512 3160 3562 καὶ
3191 3512 3217 3561 6
3271 3508 3568 3570 ἐπίσκοπος
3630 3525 3824 3559 συνευ-

2260 3608 2428 3658 δοκεῖ.
2467 3605 2578 3660 Ἵνα
2613 3604 2666 3656 δὲ
2707 3604 2778 3672 μὴ
2809 3605 2874 3671 τῇ
2903 3601 3116 3669 δοθείσῃ
3155 3599 3336 3660 αὐτοῖς
3370 3598 3582 3667 ἐξουσίᾳ
3620 3599 3682 3648 ἐκ
3711 3599 3822 3648 τῶν

2267 3695 2639 3748 ἀποστολικῶν
2687 3693 2922 3745 κανόνων
2973 3689 3383 3759 καταχρώμενοι
3441 3689 3490 3740 οῖ
3530 3688 3820 3740 ἐπίσκοποι

2264 3788 2624 3842 ἐναυθεντῶσι
2661 3788 2754 3838 καὶ
2791 3783 3113 3836 ἐκποιῶνται
3147 3783 3212 3833 τὰ
3238 3780 3680 3849 ἐκκλησιαστικὰ,
3724 3779 3816 3831 καὶ

2265 3878 2544 3945 ἐπήγαγεν
2571 3876 2651 3926 ὅτι
2681 3871 2909 3945 οὑδὲ-τῷ
2955 3871 3236 3937 ἐπισκόπῳ
3276 3868 3486 3931 ἐξέσται
3522 3867 3694 3936 χωρία
3726 3884 3816 3919 πι-

2265 3943 2530 4036 πράσκειν
2572 3965 2671 4032 τ’ἠς
2724 3943 3045 4028 ἐκκλησίας,
3090 3959 3391 4028 ἀγνοούσης
3436 3959 3530 4025 τῆς
3574 3958 3811 4022 συνόδου,

2268 4057 2359 4123 ὑφ’
2391 4053 2457 4126 ἦς
2489 4055 2582 4107 καὶ
2614 4054 2773 4114 αὑτός
2805 4054 2970 4113 ἐστιν,
3021 4051 3052 4119 ἦ
3084 4048 3190 4102 τῶν
3231 4050 3376 4100 ίδίων
3409 4048 3810 4118 πρεσῦυτέρων.

2266 4150 2355 4198 Δεῖ
2389 4145 2494 4214 γὰρ
2529 4145 2635 4197 τῶν
2659 4145 2982 4212 διοικήσεων
2999 4141 3104 4193 τῶν
3140 4140 3612 4208 ἐκκλησιαστικῶν
3645 4156 3818 4208 πραγ-

2270 4239 2456 4305 μάτων
2492 4237 2698 4305 εἴδησιν
2733 4234 2875 4302 ἐχειν
2899 4232 3116 4294 αὐτούς’
3144 4232 3229 4282 ἵνα
3260 4229 3351 4297 μὴ,
3377 4230 3691 4297 ἀμαρτύρου
3722 4231 3817 4297 τῆς

2267 4328 2578 4395 οἰκονομίας
2623 4327 2808 4394 οὔσης,
2859 4323 3122 4375 σκάνδαλα
3177 4325 3318 4374 κατὰ
3369 4323 3460 4373 τοῦ
3521 4321 3814 4371 ἐπισκόπου

613 4433 742 4483 ergo
779 4417 1095 4470 necessitate
1126 4425 1364 4484 cogente,
1402 4429 1458 4468 re
1487 4416 1536 4468 in
1574 4416 1937 4469 ecclesiastica
1982 4413 2156 4467 matri-

2271 4421 2528 4485 φύωνται.
2573 4420 2753 4486 Χωρὶς
2782 4417 2959 4467 τοίνυν
2994 4416 3238 4481 ἀνάγκης
3274 4415 3408 4483 μηδὲ
3437 4413 3511 4482 τῷ
3538 4413 3817 4479 ἐπισκόπῳ

613 4505 730 4556 cuia
770 4505 846 4556 vel
873 4505 1166 4570 repertorio
1201 4504 1463 4571 descripta
1496 4504 1748 4571 episcopo
1783 4518 1992 4570 quoque
2019 4488 2165 4554 abuti

616 4611 680 4647 ne
715 4594 889 4648 liceat.
915 4594 1076 4646 Tituii
1116 4608 1240 4646 vero
1272 4592 1488 4646 nemine
1529 4602 1582 4645 et
1612 4593 1887 4659 inscriptio
1925 4601 1977 4644 et
2007 4608 2162 4644 causa

615 4684 852 4750 ipiinimo
879 4694 929 4736 et
959 4684 1112 4748 liber,
1145 4693 1200 4736 ut
1232 4684 1282 4735 in
1314 4682 1519 4750 legibus
1551 4684 1811 4750 seriptum
1849 4682 2044 4735 alicubi
2079 4697 2165 4734 re-

618 4774 817 4838 perias.
862 4775 1210 4841 significatur.
1258 4771 1319 4824 Et
1353 4787 1499 4832 vero,
1537 4787 1658 4823 cum
1702 4774 1937 4826 alienare
1969 4771 2167 4840 aliquid

615 4863 888 4916 immobile
923 4865 1203 4931 episcopus
1236 4863 1397 4926 volet,
1441 4863 1559 4929 ejus
1602 4864 1814 4930 generis
1844 4864 1891 4916 id
1926 4879 2044 4917 esse
2071 4867 2165 4917 de-

621 4957 728 5017 het,
771 4955 926 5020 quale
970 4953 1121 5018 hujus
1159 4955 1340 5022 synodi
1385 4969 1592 5006 cat'uuc
1632 4969 1784 5006 δι’ὶίυ
1817 4964 1865 5006 et
1915 4956 2170 5008 vicesimo

620 5046 937 5112 Nplicaltlt‘,
971 5059 1030 5097 ac
1066 5045 1254 5097 ibidem
1288 5044 1527 5098 indicate
1564 5045 1839 5097 cautiones
1871 5045 1921 5096 in
1953 5060 2016 5096 eo
2049 5046 2172 5098 alie-

624 5135 795 5185 nautln
825 5143 1120 5187 serventur.

624 5223 843 5277 MllS'i.
883 5244 899 5274 ι
942 5224 1226 5292 Presbyter
1273 5242 1380 5277 rem
1419 5228 1718 5293 quampiam
1752 5225 2172 5279 ecclesiasticam

703 5335 717 5361 σ
761 5317 871 5367 ετιιο
901 5315 1150 5382 episcopo
1173 5330 1272 5366 non
1299 5318 1505 5381 vendit;
1535 5333 1705 5384 neque
1735 5319 2016 5383 episcopus
2041 5329 2174 5385 prae-

704 5425 718 5452 ι
762 5405 926 5466 dium,
953 5406 1155 5473 synodo
1189 5419 1287 5456 non
1321 5409 1665 5471 approbante.
1708 5426 1724 5458 ι

698 5495 842 5548 Bona
890 5496 1248 5551 cerlesiastica
1305 5512 1408 5550 non
1453 5499 1679 5552 alienata
1718 5515 1930 5554 manere
1962 5503 2172 5555 debent.

630 5588 684 5638 Si
733 5594 906 5638 autem
945 5590 1230 5641 netcssitas
1277 5589 1533 5656 requirat,
1579 5600 1632 5641 ut
1680 5592 1948 5644 immobile
1982 5592 2174 5660 aliquid

631 5677 911 5742 alienatur,
943 5676 1228 5746 episcopus
1261 5682 1370 5732 sine
1403 5681 1585 5749 synodi
1621 5683 1880 5735 sententia
1914 5683 2038 5736 illud
2074 5700 2174 5736 non

2272 4503 2475 4566 ἐξέστω
2502 4505 2951 4573 καταχρήσασθαι
3008 4502 3292 4570 πράγματι
3347 4502 3822 4569 ἀπογεγραμμένῳ

2273 4598 2326 4647 ἐν
2352 4598 2414 4662 τῇ
2447 4597 2873 4664 ἐκκλησιαστικῇ
2926 4595 3170 4662 μάτρικι,
3226 4594 3338 4662 ητοι
3387 4595 3452 4660 τῇ
3509 4593 3818 4657 ἀπογραφῇ.

2273 4685 2459 4746 Τίτλος
2501 4685 2612 4753 δὲή
2667 4685 2948 4752 ἐπιγραφὴ
2990 4683 3207 4747 λέγεται
3250 4681 3345 4733 καὶ
3399 4682 3429 4747 ἡ
3469 4679 3638 4742 αἰτία,
3695 4679 3820 4730 ἀλλὰ

2277 4776 2380 4842 μὴν
2425 4777 2518 4826 καὶ
2537 4775 2596 4826 τὸ
2613 4774 2835 4841 βιϐλίον,
2853 4773 2925 4834 ὡς
2955 4773 3012 4822 ἐν
3034 4775 3143 4832 τοῖς
3170 4771 3354 4838 νόμοις
3373 4788 3472 4821 που
3495 4770 3819 4836 γέγραπται.

2273 4867 2381 4916 Καὶ
2444 4867 2530 4916 ὅτε
2583 4865 2658 4916 δὲ’
2700 4863 3087 4930 ἐκποιήσασθαι
3149 4863 3400 4928 ἀκίνητον
3455 4864 3481 4912 6
3531 4860 3819 4920 ἐπίσκοπος

2278 4951 2478 5019 μέλλει,
2542 4949 2780 5002 τοιοῦτον
2839 4952 3208 5017 ἐκποιήσεται,
3265 4945 3375 5000 οἷον
3425 4952 3452 5000 6
3503 4946 3592 5011 κς¹
3646 4948 3818 4999 κανὼν

2277 5041 2375 5108 τῆς
2405 5040 2682 5109 παρούσης
2728 5040 2944 5092 συνόδου
2985 5043 3142 5107 φησὲ,
3201 5041 3294 5092 καὶ
3351 5040 3490 5091 κατὰ
3535 5039 3819 5108 είρημένας

2277 5135 2390 5183 ἐκεῖ
2414 5130 2723 5193 διαστίξεις.

2347 5222 2566 5273 ΑΡΙΣΤ.
2609 5239 2624 5270 ι
2676 5220 3046 5288 Πρεσϐύτερος
3106 5221 3553 5289 ἐκκλησιαστικὸν
3601 5223 3817 5289 πρᾶγμα

2356 5332 2370 5362 ι
2407 5311 2498 5363 τοῦ
2523 5312 2827 5362 ἐπισκόπου
2863 5313 3031 5380 χωρὶς
3063 5313 3120 5362 οὑ
3175 5314 3498 5379 πιπράσκει’
3541 5313 3659 5364 οὐδὲ
3705 5314 3814 5364 ἐπί-

2357 5425 2372 5456 ι
2419 5422 2616 5466 σκοπος
2651 5403 2868 5471 χωρίον,
2907 5404 3122 5455 συνόδου
3152 5405 3225 5470 μὴ
3280 5404 3762 5473 ἐπιγινωσκούσης.
3801 5424 3815 5455 ι

2349 5497 2426 5549 Τὰ
2458 5497 2563 5548 τῶν
2611 5495 2909 5563 ἐκκλησιῶν
2937 5496 3271 5561 ἀνεκποίητα
3306 5498 3482 5562 μένειν
3505 5495 3816 5560 ὀφείλουσιν.

2281 5591 2339 5642 Ei
2373 5591 2427 5642 δὲ
2456 5591 2663 5655 ἀνάγκη
2693 5588 2916 5654 γένηται
2956 5589 3306 5656 ἐκποιηίιῆναί
3338 5605 3387 5638 τι
3431 5588 3702 5653 ἀκίνητον,
3727 5589 3818 5638 οὐκ

2282 5682 2409 5734 ἄνευ
2445 5679 2663 5740 γνώμης
2701 5680 2792 5738 τξς
2829 5679 3042 5729 συνόδου
3091 5678 3420 5747 διππωλὴσει
3457 5679 3612 5730 τοῦτο
3656 5680 3679 5728 6
3714 5679 3820 5728 ἐπί-
