4018 6310
534 307 633 368 155

1730 297 2006 356 ΤΗΕΟΙ).
2036 293 2266 353 BALSA
2278 292 2437 351 ΜοΝ

3624 279 3735 345 156

529 436 549 467 ο
585 419 759 470 litanze
788 414 1021 483 regionis
1053 416 1258 468 litteras
1298 430 1426 467 mea:
1456 415 1809 468 medioeritati
1840 412 2073 469 ostendit

2244 405 2483 480 σ’ἧμερον
2532 408 2631 478 τῆς
2688 406 2904 460 συνόδου
2965 404 3321 475 μετεχόντων,
3356 400 3738 469 τοποτηρησία

529 528 547 558 ι
589 524 615 559 a
644 506 1030 560 Crescentiano
1055 516 1105 558 et
1132 506 1349 558 Aurelio
1375 506 1705 574 coepiscopis
1735 504 1938 559 nostris
1965 502 2076 571 pri-

532 616 552 646 ‹
590 613 687 650 inte
732 597 873 649 sedis
909 596 1134 649 duarum
1176 596 1542 649 Numidiarnm
1575 614 1587 649 :
1630 599 1678 649 iu
1718 597 1911 664 quibus
1954 596 2081 662 qui-

531 705 550 734 ο
590 686 709 738 dem
740 685 933 740 litteris
974 685 1215 739 meminit
1243 695 1418 739 vestra
1457 700 1662 739 mecum
1702 701 1803 737 una
1846 684 2079 748 dilectio,

534 795 553 825 ι
591 792 682 828 eos
726 776 1080 843 significasse.
1115 776 1257 841 quod
1291 776 1370 829 vel
1404 777 1503 844 ipsi
1547 776 1610 828 ad
1653 776 1789 829 hanc
1820 777 2079 844 synodum

533 888 549 916 ι
594 868 775 920 venire
816 868 1186 933 dignarentur,
1228 872 1307 918 vel
1353 882 1447 934 pro
1489 881 1632 919 more
1665 866 1870 932 legatos
1901 866 2084 916 mille-

533 976 551 1009 ι
595 966 731 1010 rent.
760 957 1018 1020 Quoniam
1052 966 1226 1009 autem
1262 958 1361 1009 hoc
1398 957 1541 1008 nullo
1571 958 1726 1008 modo
1760 955 1953 1008 factum
1983 962 2081 1016 est,

536 1067 552 1095 ι
597 1044 968 1103 tes'iﬂcatttttr.
1006 1046 1093 1114 qui
1131 1061 1156 1096 a
1202 1056 1307 1097 tam
1362 1054 1565 1099 remota
1601 1043 1916 1098 Mauritania
1961 1042 2086 1096 Siti-

533 1154 550 1184 ι
594 1135 756 1188 tensis
797 1137 1010 1203 regione
1054 1147 1311 1190 venerunt
1353 1136 1510 1204 legati
1549 1152 1653 1188 non
1689 1150 1845 1203 posse
1891 1150 1948 1187 se
1977 1150 2088 1187 am-

534 1245 552 1273 ι
592 1227 729 1293 ptius
774 1243 975 1279 moram
1021 1231 1252 1281 trahere.
1290 1227 1573 1292 Propterea
1607 1241 1754 1293 ergo,
1790 1226 1999 1288 fratres,
2042 1225 2084 1277 si

533 1332 551 1363 ι
594 1322 783 1367 vestrae
813 1314 1055 1367 videatur
1079 1314 1375 1376 dilectioni,
1404 1315 1593 1368 litterze
1624 1315 1846 1367 fratrum
1876 1326 2087 1367 nostro-

531 1422 547 1449 ε
590 1420 704 1455 mm
742 1414 807 1455 ex
846 1403 1087 1473 Bysaeio,
1138 1413 1189 1456 et
1242 1405 1584 1465 breviarium,
1648 1405 1787 1473 quod
1835 1404 1930 1472 ipsi
1978 1404 2091 1469 epi-

533 1512 555 1541 ο
596 1494 744 1546 s'olac
776 1494 1084 1562 alligarunt,
1119 1494 1170 1547 in
1216 1495 1314 1547 hac
1345 1505 1632 1548 convocata
1677 1495 2090 1562 congregatione

536 1603 553 1633 ι
598 1586 839 1651 legantur
871 1600 884 1636 :
915 1590 971 1635 ut
1004 1586 1046 1636 si
1081 1600 1200 1651 qua:
1234 1583 1370 1637 forte
1403 1600 1465 1637 ex
1503 1585 1565 1637 iis
1596 1595 1786 1638 vestrm
1817 1582 2088 1636 dilectioni

535 1693 552 1721 ι
596 1675 774 1728 minus
828 1673 1091 1741 placeant,
1149 1691 1479 1742 quascunque
1528 1690 1653 1726 cura
1708 1690 1767 1727 ac
1815 1674 2087 1742 diligentia

538 1784 555 1814 ι
595 1765 787 1832 corrigi
823 1766 1109 1831 potuerint,
1145 1767 1194 1817 in
1241 1769 1432 1819 melius
1473 1766 1939 1820 transformentur.
1977 1763 2085 1818 Hoc
2118 1747 2159 1799 Β

540 1871 558 1903 ι
596 1854 737 1905 enim
776 1853 939 1906 frater
973 1863 1025 1906 et
1067 1856 1413 1922 coepiscopus
1459 1856 1735 1917 Mizonius.
1781 1859 1863 1908 vir
1903 1857 2087 1925 prima:

538 1961 557 1991 ς
594 1943 735 1995 sezlis
760 1944 1111 2005 clarissimus,
1148 1962 1242 2011 pro
1279 1961 1387 1999 sua:
1414 1946 1747 1999 auctoritatis
1770 1957 1823 2000 et
1855 1947 2089 2013 pruden-

538 2050 558 2081 ε
598 2033 683 2085 tias
725 2034 977 2099 dignitate
1010 2034 1251 2086 scribens
1285 2035 1348 2086 ad
1398 2051 1565 2087 meam
1616 2036 1963 2089 humilitatem
2002 2050 2090 2101 pe-

538 2141 557 2173 σ
597 2123 732 2175 tivit.
759 2122 811 2176 Si
835 2138 962 2191 ergo
983 2123 1172 2189 placet,
1196 2140 1315 2191 quae
1334 2135 1458 2177 sunt
1484 2126 1797 2195 coitquisita,
1823 2127 2087 2195 lcgantur,

539 2231 558 2261 ι
598 2220 649 2265 et
677 2212 883 2280 singula
924 2229 951 2267 ιι
977 2222 1151 2268 vestra
1184 2215 1469 2270 dilectione
1499 2217 1927 2271 considereutur.
1973 2239 1990 2269 ι

606 2840 802 2897 BALS.
836 2851 888 2895 et
922 2843 1169 2898 ZONAR.
1214 2844 1354 2911 Dies,
1394 2862 1498 2912 quo
1533 2848 1904 2912 convenirent,
1940 2847 2097 2915 hujus

541 2933 725 3002 synodi
753 2932 996 2987 Patribns
1018 2935 1272 2999 pra-finita
1306 2945 1387 2987 cst
1412 2954 1425 2999 ;
1456 2938 1546 3003 qui
1575 2938 1785 3002 quidem
1814 2940 2098 3003 sperahant

2188 522 2206 554 ι
2244 502 2609 556 ἀποσταλεῖσα
2649 503 2747 570 τῆς
2772 498 3087 566 Σιτιφένσης
3111 496 3317 567 χώρας.
3348 494 3515 547 Πάλιν
3555 492 3610 545 δέ
3634 492 3739 543 καὶ

2187 616 2204 647 ‹
2240 600 2266 649 ὁ
2308 597 2533 664 ἀδελφὸς
2588 596 2836 665 Ῥηγῖνος
2902 595 2999 663 τῆς
3037 589 3485 659 Βεγετσελιτάνης
3545 586 3741 656 χώρας

2190 704 2208 734 ί
2248 685 2552 755 γράμματα
2604 688 2667 755 τῇ
2724 687 2831 755 ἐμῇ
2892 682 3205 754 μετριότητι
3269 678 3577 744 ἐνεφάνισεν
3619 673 3747 727 ἀπὸ

2191 794 2208 825 ι
2252 776 2676 845 Κρισκεντιανοῦ
2716 776 2810 828 καὶ
2842 771 3112 843 Αὑρηλῐου
3145 772 3253 824 τῶν
3286 765 3732 835 συΑΑειτουργῶν

2189 887 2206 917 ι
2246 869 2401 936 ἡμῶν
2455 869 2562 919 τῶν
2606 868 2703 937 τῆς
2732 867 2954 936 πρώτης
3010 863 3273 934 καθέδρας
3330 860 3437 913 τῶν
3464 858 3554 912 δύο
3587 858 3735 909 Noo-

2193 977 2210 1008 ι
2249 958 2463 1025 μιδιῶν,
2492 961 2549 1009 ἐν
2576 952 2655 1021 οἷς
2706 957 2995 1027 γράμμασι
3032 955 3258 1014 τούτους
3305 947 3739 1016 ἐπαγγείλασθαι.

2192 1068 2209 1099 ι
2250 1050 2524 1117 μέμνηται
2581 1050 2698 1117 ἅμα
2751 1048 2873 1115 ἐμοὶ
2929 1048 2961 1117 ἡ
3014 1046 3257 1116 ὑμετέρα
3315 1045 3520 1111 ἀγάπη.
3574 1041 3656 1094 ὅτι
3697 1042 3737 1108 ἢ

2193 1156 2210 1187 ι
2254 1137 2404 1189 αὑτοὶ
2438 1137 2729 1206 κατηξίουν
2773 1137 2950 1189 ἐλθεῖν
2998 1138 3133 1199 πρὸς
3189 1135 3395 1202 ταύτην
3433 1133 3528 1203 τὴν
3573 1132 3740 1185 σύνο-

2195 1246 2211 1277 ι
2246 1229 2354 1292 δον,
2386 1229 2418 1296 ἦ
2450 1228 2588 1281 κατά
2610 1229 2671 1281 τὺ
2694 1227 2811 1290 ἔθος
2839 1226 3156 1281 ἀποστεῖλαι
3182 1223 3325 1293 εἶχον
3341 1222 3744 1294 τοποτηρητάς.

2195 1339 2211 1369 ι
2264 1318 2482 1387 Ἐπειδὴ
2513 1319 2565 1371 δὲ
2598 1319 2751 1371 τοῦτο
2771 1318 3020 1388 οὐδαμῶς
3035 1318 3248 1385 γέγονε,
3276 1314 3744 1385 διαμαρτύρονται

2197 1425 2213 1456 ι
2249 1406 2356 1458 ἀπὸ
2413 1406 2666 1458 τοσούτου
2724 1408 2931 1476 μήκους
2960 1406 3056 1475 τῆς
3079 1404 3456 1475 Μαυριτανίας
3494 1402 3745 1468 Σιτιφὲν-

2197 1518 2213 1550 ι
2263 1516 2365 1565 σης
2398 1497 2647 1558 ἐλθόντες
2674 1514 2736 1548 το
2753 1496 3055 1566 ποτηρηταὶ
3093 1497 3183 1548 ἐπὶ
3214 1494 3346 1548 πολὺ
3385 1493 3749 1564 μὴδύνασθαι

2196 1608 2213 1640 ι
2254 1587 2636 1659 ἐμϐραδύνειν.
2677 1586 2776 1639 Διά
2809 1582 2901 1640 οὖν
2951 1586 3129 1650 τοῦτο,
3184 1585 3423 1654 ἀδελφοὶ,
3475 1582 3569 1637 ἐὰν
3601 1584 3737 1652 δοκῇ

2197 1701 2215 1731 ι
2243 1685 2308 1750 τῇ
2338 1680 2579 1750 ὑμετέρᾳ
2612 1679 2821 1749 ἀγάπῃ,
2866 1677 2934 1731 τά
2982 1678 3287 1747 γράμματα
3334 1677 3439 1729 τῶν
3484 1674 3590 1727 ἀπδ
3637 1672 3743 1726 τοῦ

2197 1793 2212 1822 ι
2247 1771 2516 1834 Βυζακίου
2549 1769 2792 1837 ἀδελφῶν
2821 1768 2995 1839 ἡμῶν,
3029 1768 3123 1819 καὶ
3151 1768 3211 1819 τὸ
3237 1767 3474 1836 βρέσιον,
3508 1768 3644 1833 ὅπερ
3668 1766 3745 1834 τῇ

2196 1883 2212 1913 ι
2252 1864 2387 1932 αὐτῇ
2428 1863 2682 1931 ἐπιστολῇ
2727 1862 3087 1931 προσέδησαν,
3117 1861 3172 1913 ἐν
3226 1858 3398 1930 ταύτῃ
3437 1861 3502 1927 τῇ
3556 1875 3747 1927 παρα»

2195 1971 2212 2002 ι
2256 1954 2441 2023 κλητῳ
2478 1952 2787 2005 συνελεύσει
2837 1951 3282 2018 ἀναγνωσθῶσιν,
3336 1950 3442 2010 ἵνα,
3478 1948 3571 2001 ἐάν
3617 1965 3745 2001 τινα

2197 2066 2212 2095 ‹
2256 2044 2414 2114 τυχὸν
2458 2044 2515 2109 ἐξ
2564 2044 2742 2095 αὑτῶν
2802 2042 3059 2093 ἐνστῶσιν
3111 2043 3175 2110 τῇ
3231 2040 3471 2108 ὑμετέρα
3528 2038 3746 2107 ἀγάπῃ,

2198 2157 2213 2186 ι
2249 2139 2347 2188 ὃσα
2366 2136 2434 2188 δι’
2471 2134 2785 2203 ἐπιμελείας
2809 2132 3076 2201 δυνηθῶσι
3095 2130 3446 2203 διορθωθῆναι
3470 2131 3546 2192 είς
3564 2132 3749 2197 κρεῖτ-

2201 2245 2217 2274 ε
2255 2243 2344 2277 τον
2371 2223 2816 2294 μετατυπωθῶσι.
2842 2221 3014 2275 Τοῦτο
3039 2221 3145 2291 γὰρ
3175 2222 3203 2274 ὁ
3241 2221 3465 2288 ἀδελφὸς
3498 2222 3592 2274 καὶ
3618 2238 3743 2273 συνο

2200 2336 2216 2367 ι
2252 2316 2544 2376 επίσκοπος
2594 2311 2910 2378 Μειζώνιος,
2953 2314 2981 2365 ό
3037 2314 3137 2381 τῆς
3206 2312 3427 2381 πρώτης
3478 2310 3749 2382 καθέδρας

2200 2427 2218 2458 ι
2260 2407 2713 2475 περιφανέστατος
2749 2405 2906 2475 ἀνὴρ,
2962 2403 3127 2468 ἀξίως
3154 2402 3249 2456 τοῦ
3300 2404 3466 2470 δγκου
3505 2404 3596 2456 καὶ
3646 2405 3751 2473 τῆς

2202 2517 2220 2549 ι
2253 2498 2516 2557 συνέσεως
2547 2495 2707 2549 αὑτοῦ
2742 2496 2967 2565 γράφων
3004 2494 3137 2565 πρὸς
3167 2494 3265 2564 τὴν
3300 2493 3436 2563 ἐμὴν
3462 2492 3741 2547 εὐτέλειαν

2203 2607 2218 2637 ι
2258 2590 2477 2657 ᾔτησεν.
2532 2587 2655 2638 Ἐὰν
2696 2582 2788 2639 οὖν
2819 2586 3051 2656 ἀρέσκῃ,
3090 2585 3155 2637 τά
3212 2582 3575 2652 συζητηθέντα
3616 2586 3751 2638 ἀνακ-

2206 2698 2222 2729 ι
2261 2677 2567 2746 γνωσθῶσι,
2592 2678 2684 2729 καὶ
2707 2677 2910 2729 ἐκαστα
2944 2678 3006 2729 ἐκ
3038 2675 3136 2744 τῆς
3186 2675 3453 2745 ὑμετέρας
3483 2692 3750 2742 κατανοη-

2205 2786 2221 2814 u
2259 2764 2421 2816 θῶσιν
2449 2763 2684 2832 ἀγάπης.
2731 2782 2750 2814 ι

2270 2855 2471 2908 ΒΑΛΣ.
2495 2856 2588 2907 καὶ
2619 2855 2865 2907 ΖΩΝΑΡ.
2908 2853 3115 2923 Ἦμέρα
3150 2853 3358 2923 ὡρίσθη
3389 2852 3753 2911 συνελεύσεως

2199 2947 2309 3005 τοῖς
2339 2944 2436 3012 τῆς
2469 2944 2685 2997 συνόδου
2711 2945 2911 3013 ταύτης
2944 2946 3243 3009 Πατράσιν,
3275 2945 3473 3002 οἵτινες
3528 2944 3756 3013 ἧλπιζον

541 3038 605 3075 cx
641 3024 888 3075 nuutihus
912 3024 1120 3081 Africa:
1157 3026 1445 3090 provinciis
1498 3027 1697 3094 legatos
1733 3028 1797 3077 ad
1838 3028 2095 3096 synodum

2205 3031 2265 3083 ἐκ
2284 3032 2387 3083 τῶν
2412 3030 2693 3099 ἐπαρχιῶν
2709 3031 2922 3097 ἀπάσης
2952 3032 3050 3097 τῆς
3091 3030 3352 3100 Ἀφρικῆς
3380 3030 3757 3098 τοποτηρητάς

543 3122 792 3166 venturos
828 3129 843 3176 ;
878 3129 1110 3180 quormn
1144 3116 1309 3183 aliqui
1348 3116 1563 3183 quidem
1611 3126 1887 3178 venerunt,
1940 3116 2102 3185 aliqui

545 3218 673 3253 vero
708 3218 809 3255 non
857 3206 1146 3269 stiternnt,
1194 3205 1491 3274 aliquorum
1540 3215 1717 3258 autem
1765 3206 1937 3260 aliaue
1983 3215 2104 3259 sunt

549 3294 757 3346 littt-rre.
793 3295 889 3359 Qui
924 3312 1049 3363 ergo
1080 3312 1299 3365 peregre
1343 3299 1676 3351 advenerunt
1711 3314 1768 3352 sc
1809 3316 1912 3351 non
1954 3312 2104 3365 pos-'e

549 3384 752 3436 diutius
806 3399 1149 3451 perseverare
1196 3389 1435 3441 dicentes
1464 3428 1477 3449 ,
1530 3388 1779 3442 Aurelius
1826 3389 2105 3456 cpiscopus

548 3473 676 3524 dixit
712 3476 937 3543 synodo,
995 3476 1132 3542 quod
1167 3479 1420 3544 quoniam
1454 3478 1635 3545 legati,
1668 3479 1755 3544 qtti
1791 3478 1853 3529 ad
1888 3494 1981 3530 nos
2016 3494 2106 3530 vc-

549 3574 767 3626 nerunt,
810 3566 1011 3619 diutius
1056 3583 1273 3622 manere
1315 3584 1419 3621 non
1459 3578 1703 3636 possunt,
1747 3569 1988 3637 legantur
2024 3569 2111 3621 lit-

552 3665 675 3706 ιρι-πε
708 3656 928 3709 fratrum
964 3667 1272 3711 nostrorum
1317 3674 1381 3711 ex
1415 3660 1657 3723 Bvsaeio,
1683 3668 1735 3711 et
1764 3661 1923 3712 hrcve
1950 3660 2109 3713 emis-

552 3760 668 3796 snm
703 3762 821 3799 cum
868 3748 1084 3803 litteris.
1136 3750 1415 3819 Bysacium
1452 3763 1627 3802 autem
1664 3761 1717 3803 et
1761 3750 2031 3804 Sitifenais
2058 3760 2110 3803 et

552 3832 582 3883 tl
609 3849 668 3887 rte
700 3834 851 3887 Nnmi
878 3839 957 3890 lia:
982 3849 1032 3891 et
1066 3837 1318 3892 Sellitaua
1352 3849 1471 3892 sunt
1504 3851 1685 3906 partes
1716 3841 1905 3895 Africzn
1933 3841 2109 3907 regio-

557 3926 661 3979 Iis.
696 3924 987 3994 Legautur‘
1026 3940 1221 3994 autem,
1274 3930 1466 3997 inquit,
1516 3942 1571 3982 ut
1615 3931 1658 3984 si
1708 3932 1881 3997 aliqua
1926 3946 2110 3984 eorum

554 4028 750 4072 vestrm
785 4019 1053 4073 dilectioni
1097 4032 1405 4091 repugnent,
1452 4029 1551 4076 hoc
1582 4034 1684 4088 εει,
1717 4023 1757 4075 si
1797 4022 1984 4075 hormn
2013 4022 2113 4074 ali-

556 4125 658 4173 qua
704 4110 854 4162 vobis
904 4111 1270 4173 adversentur,
1324 4127 1404 4173 ac,
1444 4124 1500 4164 nt
1541 4128 1641 4165 non
1694 4124 1837 4166 recte
1889 4121 2110 4175 statuta,

557 4214 651 4251 vos
676 4198 974 4262 offendant;
1002 4217 1060 4253 ea
1091 4202 1362 4269 diligentia
1385 4204 1740 4271 corrigantur,
1763 4214 1815 4255 et
1846 4203 1897 4255 in
1926 4202 2113 4255 melius

562 4288 1028 4343 transfonnentur.
1066 4290 1172 4344 lloc
1203 4292 1367 4355 enim,
1396 4293 1587 4361 inquit.
1617 4292 1877 4345 Milonius
1906 4306 2115 4360 quoque

2206 3120 2379 3172 ἐλθεῖν
2406 3120 2486 3181 εἰς
2515 3119 2611 3189 τὴν
2649 3121 2862 3171 σύνοδον
2895 3113 2969 3172 ὧν
2999 3136 3141 3180 τινες
3189 3120 3287 3188 μέν
3326 3114 3509 3189 ἦλθον.
3538 3120 3678 3182 τινὲς
3698 3120 3755 3172 δὲ

2203 3213 2301 3265 οὐκ
2328 3211 2693 3279 ἀπηντήκασι,
2739 3211 2899 3263 τινῶν
2925 3211 2979 3262 δέ
3028 3211 3539 3279 προσεκομίσθησαν
3572 3213 3753 3278 γράμ-

2207 3316 2371 3367 ματα.
2405 3300 2522 3351 Τῶν
2560 3298 2651 3350 οὑν
2709 3299 3180 3367 ἐπιδημησάντων,
3240 3299 3315 3368 μὴ
3371 3297 3629 3350 δύνασθαι
3664 3299 3753 3348 λε-

2206 3389 2410 3454 γόντων
2446 3387 2701 3440 ἐπιπλέον
2756 3389 3205 3455 προσκαρτερεῖν,
3246 3387 3274 3438 ὁ
3303 3385 3600 3447 ἐπίσκοπος
3649 3386 3758 3436 Αὑ-

2208 3480 2387 3546 ρήλιος
2418 3479 2584 3546 ἔφησε
2610 3478 2743 3545 πρὸς
2774 3477 2870 3545 τὴν
2893 3477 3109 3528 σύνοδον
3139 3478 3242 3540 ὅτι,
3281 3477 3401 3528 ἐπεὶ
3428 3479 3475 3527 oi
3512 3476 3761 3540 ἐλθόντες

2209 3568 2343 3636 πρὲις
2372 3569 2516 3635 ἡμᾶς
2564 3567 2937 3634 τοποτηρηταὶ
2971 3566 3304 3635 προσμένειν
3337 3566 3430 3617 καὶ
3463 3564 3543 3617 ἔτι
3577 3566 3636 3617 οὑ
3663 3567 3758 3618 δύ⁸

2210 3675 2413 3719 νανται,
2467 3656 2975 3725 ἀναγνωσθήτωσαν
3027 3656 3094 3707 τὰ
3140 3655 3439 3725 γράμματα
3494 3657 3599 3709 τῶν
3648 3656 3759 3708 ἀπο

2211 3749 2473 3811 Βυζακίου
2502 3747 2746 3813 ἀδελφῶν
2784 3748 2961 3815 ἡμῶν,
3001 3746 3095 3798 καὶ
3126 3746 3185 3798 τὸ
3225 3747 3320 3798 σὺν
3354 3749 3463 3807 τοῖς
3494 3746 3759 3816 γράμμα-

2213 3857 2294 3891 σιν
2321 3839 2619 3890 ἀποσταλέν
2649 3837 2888 3903 βρέὸιον.
2924 3836 2995 3887 Τὸ
3036 3835 3090 3887 δέ
3123 3835 3386 3897 Βυζάκιον
3436 3836 3582 3905 καὶὴ
3615 3837 3758 3887 Σιτι-

2215 3927 2383 3993 φένση
2416 3928 2508 3978 καὶ
2559 3928 2611 3977 αί
2640 3927 2732 3979 δύο
2783 3925 3091 3993 Νουμιδίαι,
3130 3912 3221 3975 καὶ
3251 3926 3281 3993 ἡ
3319 3923 3629 3993 Σελλιτανὴ,
3664 3925 3761 3992 τῆς

2224 4022 2484 4089 Ἀφρικῆς
2505 4020 2684 4089 χώρας
2713 4019 2825 4070 εἰσὶ
2874 4020 3080 4088 μοῖραι.
3124 4017 3655 4085 Ἀναγνωσθήτωσαν
3680 4020 3761 4082 δέ,

2216 4110 2397 4179 φησὶν,
2434 4110 2543 4171 ἴνα,
2574 4110 2669 4163 ἐάν
2723 4125 2845 4161 τινα
2874 4108 2932 4172 ἐξ
2964 4108 3139 4162 αὑτῶν
3165 4108 3393 4161 ἐνστῶσι
3422 4111 3489 4177 τῇ
3522 4110 3763 4179 ὑμετέρᾳ

2214 4202 2421 4269 ἀγάπῃ,
2462 4201 2583 4251 ἀντὶ
2640 4198 2756 4262 τοῦ,
2795 4198 2891 4251 ἐάν
2937 4215 3057 4251 τινα
3108 4197 3311 4250 τούτων
3372 4199 3762 4251 ἐναντιωθῶσιν

2219 4293 2348 4359 ὑμῖν
2385 4291 2729 4359 προσκόψασι
2754 4290 2983 4352 τούτοις,
3016 4288 3091 4349 ὡς
3127 4290 3201 4357 μὴ
3240 4288 3414 4349 καλῶς
3448 4288 3759 4351 τυπωοεῖσι,

562 4380 777 4445 petivit,
808 4390 863 4431 ut
894 4383 1242 4447 corrigantur
1289 4398 1407 4449 qua:
1458 4384 1793 4434 correctione
1850 4382 2099 4445 indigent.

2214 4380 2550 4449 5wpr')ibct.
2578 4397 2751 4431 ταυτα
2784 4379 2850 4430 δι’
2877 4378 3218 4447 ἐπιμελείας,
3265 4380 3355 4428 καὶ
3404 4378 3480 4435 είς
3517 4381 3762 4446 κρεῖττον

557 4470 913 4522 Convocatam
954 4481 1129 4523 autem
1167 4472 1633 4538 congregationem
1679 4472 1808 4524 dicit
1839 4472 1920 4522 vel
1963 4481 2017 4521 ut
2043 4484 2108 4523 ex

559 4559 640 4612 sui
684 4569 865 4611 mutua
903 4561 1284 4613 convocatione
1327 4572 1723 4628 congregatam,
1767 4560 1848 4612 vel
1894 4562 1956 4612 ad
1990 4576 2111 4613 cor-

561 4650 851 4702 rectionem
894 4650 1285 4712 adhortantem,
1329 4666 1421 4717 per
1461 4665 1521 4703 ea
1569 4666 1685 4717 qua:
1732 4652 1797 4703 ab
1840 4651 1948 4717 ipsa
1986 4651 2115 4702 defi-

560 4736 672 4786 nita
699 4744 840 4797 sunt,
873 4750 963 4790 eos
992 4737 1079 4805 qui
1115 4751 1218 4790 non
1249 4748 1389 4790 recte
1418 4741 1623 4804 vivunt,
1655 4738 1736 4793 vel
1775 4740 1839 4792 dc
1879 4738 1981 4793 fide
2010 4756 2111 4792 non

564 4831 709 4877 recte
729 4824 983 4877 sentiunt.

1084 5107 1306 5164 CANON
1349 5109 1603 5164 XXXVII.

587 5221 601 5251 ι
642 5203 790 5266 Quod
818 5203 945 5257 nihil
973 5216 1180 5265 eorum,
1208 5216 1324 5269 quae
1354 5203 1403 5253 in
1434 5201 1755 5269 llipponensi
1780 5203 1985 5270 synodo
2008 5212 2121 5255 acta

648 5307 665 5337 ι
705 5301 871 5351 sunt,
920 5290 988 5343 sit
1044 5288 1444 5358 corrigendum.
1496 5289 1784 5357 Epigonius
1835 5290 2126 5358 episcomts

651 5398 667 5429 ι
707 5379 861 5443 dixit,
909 5379 965 5433 ln
1019 5382 1116 5435 hoc
1163 5380 1449 5442 breviario,
1503 5382 1639 5447 quod
1685 5396 1746 5433 ex
1806 5380 2129 5450 llipponensi

652 5492 670 5523 ι
710 5473 910 5543 synodo
950 5474 1259 5543 decerptum
1292 5484 1394 5537 est,
1430 5473 1557 5524 uih‘.l
1590 5487 1707 5525 esse
1752 5472 2127 5541 corrigendum

655 5581 671 5612 ι
714 5565 790 5615 vel
847 5563 1145 5619 addendum
1198 5574 1445 5630 putamus
1489 5580 1501 5615 :

656 5671 674 5704 ι
712 5651 982 5708 Paschalis
1010 5656 1059 5709 in
1091 5664 1323 5723 tempore
1351 5653 1534 5721 synodi
1562 5653 1906 5723 signiﬁcetur.
1948 5672 1964 5703 ι

1553 5564 1651 5617 nisi
1705 5574 1760 5615 ut
1803 5563 1915 5615 thes
1962 5562 2131 5617 sancti

2223 4468 2681 4536 μετατυπωθῶσι.
2747 4467 2919 4519 Τοῦτο
2942 4468 3068 4533 γὰρ,
3114 4465 3268 4532 φησι,
3296 4465 3387 4515 καὶ
3413 4467 3438 4515 ὁ
3469 4463 3763 4525 Μειζώνιος

2222 4561 2412 4629 ᾔτησε,
2441 4562 2498 4610 τὸ
2520 4559 2872 4626 διορθωθῆναι
2910 4558 2975 4609 τὰ
2998 4556 3231 4624 δεόμενα
3262 4554 3621 4622 διορθώσεως.
3654 4555 3764 4605 lla.-

2226 4651 2487 4719 ράκλγ,τον
2513 4648 2680 4716 δὲτὴν
2719 4647 3024 4699 συνέλευσιν
3056 4646 3273 4714 εἴρηκεν
3317 4644 3347 4713 ἢ
3374 4643 3445 4705 ὡς
3480 4645 3543 4695 ἐκ
3591 4660 3763 4712 παρα-

2222 4742 2464 4810 κλήσεως
2538 4739 2783 4807 ἀλλήλων
2854 4734 3247 4805 ἀθροιζομένην
3298 4734 3331 4801 ἢ
3378 4734 3451 4795 ῶς
3498 4735 3577 4796 εἰς
3627 4734 3766 4803 διόρ.

2226 4832 2389 4883 θωσιν
2414 4828 2860 4897 παρακαλοῦσαν,
2896 4828 2983 4880 διὰ
3034 4826 3140 4878 τῶν
3171 4825 3298 4895 παρ’
3327 4826 3496 4893 αὐτῆς
3522 4823 3768 4895 ὁριζομέ-

2227 4937 2353 4979 νων,
2379 4920 2501 4981 τοὺς
2534 4920 2605 4986 μὴ
2636 4917 2877 4987 βιοῦντας
2911 4918 3088 4979 καλῶς
3110 4917 3234 4986 ἡμὴ
3258 4915 3581 4984 φρονοῦντας
3600 4914 3767 4981 ὀρθῶς

2231 5016 2355 5079 περὶ
2391 5011 2642 5073 πίστεως.

2823 5100 3056 5152 ΚΑΝΩΝ
3104 5099 3221 5151 ΛΖ¹.

2239 5211 2255 5242 ι
2297 5192 2419 5244 Ὀτι
2439 5193 2587 5243 οὐδὲν
2625 5194 2685 5259 ἐκ
2711 5194 2805 5261 τῆς
2838 5193 2895 5241 ἐν
2934 5191 3158 5241 Ίππῶνι
3190 5189 3403 5240 συνόῖου
3447 5188 3530 5255 εἴη
3559 5185 3770 5253 διορθω-

2312 5302 2331 5334 ι
2377 5283 2516 5335 τέον.
2583 5283 2881 5349 Ἐπιγὸνιος
2939 5281 3229 5341 ἐπίσκοπος
3277 5275 3459 5331 εἶπεν·
3494 5279 3550 5329 ἐν
3609 5275 3773 5343 τούτῳ

2317 5393 2332 5424 ι
2380 5376 2457 5441 τῷ
2495 5372 2715 5442 βρεείῳ,
2777 5371 2853 5440 τῷ
2900 5367 3292 5437 ἀποδρεφθέντί
3325 5370 3387 5419 ἐκ
3428 5369 3523 5434 τῆς
3555 5367 3610 5416 ἐν
3672 5366 3773 5418 Ἰπ-

2315 5483 2332 5513 ι
2381 5481 2519 5515 πωνι
2560 5464 2794 5525 συνόδου,
2841 5461 2992 5511 οὐδὲν
3039 5459 3326 5528 νομίζομεν
3387 5452 3528 5510 εἶναι
3565 5458 3772 5526 διορθω-

2320 5572 2336 5603 ι
2384 5556 2503 5607 τέον
2529 5554 2559 5620 ἦ
2594 5553 2937 5622 προσθετέον·
2972 5553 3018 5601 εἰ
3050 5551 3124 5618 μὴ
3154 5550 3236 5600 ἴνα
3257 5552 3285 5616 ἠ
3310 5550 3489 5619 ἡμέρα
3516 5547 3607 5599 τοὺ
3632 5548 3772 5611 ἁγίου

2319 5664 2334 5695 ι
2384 5646 2567 5711 Πάσχα
2600 5649 2654 5695 ἐν
2694 5646 2768 5713 τῷ
2809 5642 2980 5712 καιρῷ
3009 5642 3109 5710 τῆς
3140 5640 3354 5693 συνόδου
3383 5638 3723 5707 γνωρισθείη.
3755 5652 3772 5682 ι
