4018 6310
171 358 271 424 I57

1196 363 1276 426 IN
1315 363 1476 426 CAN.
1516 357 1820 423 XXXVIII
1860 358 2062 420 CONC.
2098 361 2474 422 CARTIIAG.

3317 360 3414 426 158

247 479 448 534 ΒΛΛΣ.
499 478 566 531 'II
603 480 807 533 Ἱππὼν
858 479 1011 543 πόλις
1063 479 1180 532 ἐστὶ
1228 479 1326 547 τῆς
1369 477 1739 546 Καρχηδόνος,

1919 474 2109 530 ιιιιιε.
2157 477 2323 546 llippo
2355 479 2482 532 urbs
2517 486 2597 530 est
2625 470 3062 544 Cartlraginensis
3088 477 3329 534 ditionis.
3359 484 3416 528 in

179 571 236 621 tv
340 571 558 623 συνόδου
597 570 979 641 ἀθροισθείσης
1004 569 1174 623 πολλὰ
1217 570 1555 640 ὡρίσθησαν,
1589 562 1744 633 ὲξῶν

182 676 306 711 τινα
363 661 519 727 ὀλίγα
580 660 834 730 (βρέϐους
881 661 990 728 γὰρ
1041 661 1188 730 παρὰ
1237 662 1345 722 τοῖς
1395 659 1643 720 Λατίνοις
1685 657 1745 709 τὸ

185 750 394 820 Βραχὺ)
417 751 824 820 ἀποδρεφθέντα
861 750 1394 820 προσεκομίσθησαν,
1434 752 1525 801 καὶ
1559 748 1746 811 ἔδοξαν

188 841 371 902 καλῶς
409 841 572 908 ἔχειν.
615 840 786 894 Τοῦτο
834 841 889 894 δὲ
939 842 1098 911 μόνον
1155 841 1366 910 ἔφησαν
1401 842 1448 893 οί
1509 840 1747 908 Πατέρες

189 930 330 983 εἶναι
361 933 676 998 ἀναγκαῖον,
702 933 761 985 τὸ
799 933 899 1001 τὴν
944 932 1158 1003 ήμέφαν
1204 931 1298 984 τοῦ
1349 932 1506 999 ἁγίου
1556 931 1746 1000 Πάσχα

187 1023 356 1089 δήλην
391 1023 512 1087 γενέ
522 1023 666 1076 σθαι.

260 1112 508 1165 ΖΩΝΑΡ.
553 1114 1030 1180 ’Δναγνωσθέντων
1074 1114 1184 1168 τῶν
1212 1113 1576 1183 γραμμάτων,
1605 1111 1743 1166 ἀλλὰ

193 1205 376 1272 μέντοι
411 1207 500 1257 καὶ
530 1206 620 1258 τοῦ
653 1206 889 1276 βρεϐίου,
923 1209 1064 1262 κατὰ
1106 1209 1202 1278 τὴν
1238 1210 1526 1276 εξσήγησιν
1566 1207 1750 1276 Αὐρη-

188 1296 325 1359 λῖου,
356 1299 382 1349 ό
412 1298 682 1363 ἔπιγόνιος
708 1300 809 1367 ἔφη
837 1317 850 1330 ·
887 1299 1051 1352 Οὐδὲν
1075 1299 1221 1352 δοκεῖ
1250 1301 1382 1368 ἡμῖν
1407 1297 1746 1368 διορθώσεως

189 1386 342 1450 ἄξιον
375 1389 436 1440 ὲν
455 1388 532 1456 τῷ
561 1387 764 1458 βρεδίῳ
791 1389 868 1458 τῷ
895 1390 1264 1460 ἁποτμηθέντι
1291 1394 1356 1442 ἐκ
1399 1393 1496 1458 τῆς
1538 1390 1594 1441 εν
1644 1387 1756 1440 Ἱπ-

191 1479 332 1530 πῶνι
367 1471 608 1532 συνόδου.
671 1480 875 1532 Ἱππὼν
905 1481 959 1532 δὲ
991 1481 1145 1544 πόλις
1175 1484 1292 1534 ἐστὶ
1341 1483 1439 1551 τῆς
1475 1481 1757 1550 Καρχηδό-

191 1585 298 1627 νος.
338 1570 394 1619 ὲν
427 1563 482 1638 ᾖ,
516 1569 734 1622 συνόδου
763 1571 1184 1642 ’ἅθροισθείσης,
1221 1573 1390 1626 πολλὰ
1421 1570 1756 1642 ὡρίσθησαν,

192 1657 249 1718 ἐξ
281 1650 355 1708 ὧν
388 1674 508 1710 τινα
543 1659 696 1725 ὀλίγα
729 1661 1207 1732 προτκομίσθησαν
1257 1665 1337 1725 εἰς
1391 1661 1490 1731 τὴν
1543 1661 1760 1714 σύνοδον

194 1748 417 1815 ταύτην.
457 1749 692 1818 Βρέὸους
715 1753 821 1818 γὰρ
867 1750 1163 1819 Ῥωμαϊστὶ
1196 1752 1254 1804 τὺ
1298 1752 1493 1820 βραχὺ,
1536 1752 1595 1804 τ’)
1641 1749 1757 1804 ὀλί-

1847 584 1948 636 q-;a
1976 568 2200 622 collecta
2237 571 2440 638 synodo
2473 568 2636 622 multa
2671 567 2960 621 constituta
2994 577 3119 619 sunt
3152 585 3164 620 :
3193 581 3256 620 ex
3290 569 3416 633 qui-

1851 663 1946 714 bus
1997 675 2163 728 pauca
2199 661 2440 726 quaedam
2492 661 2566 727 (id
2607 660 2748 713 enim
2791 659 2953 712 breve
2999 661 3138 725 apud
3189 657 3416 727 Latinog

1848 751 2134 819 signiﬁeal)
2158 752 2408 818 decerpta
2441 752 2598 804 allata
2630 759 2780 812 sunt,
2823 758 2876 802 et
2905 759 3048 802 recte
3077 749 3272 801 habere
3302 749 3413 800 visa

1850 854 1995 896 sunt.
2032 842 2142 898 Iloc
2169 854 2345 896 autem
2373 845 2543 898 solum
2576 843 2829 898 dixerunt
2866 841 3055 894 Patres
3083 855 3204 894 esse
3239 856 3416 893 neces-

1850 937 2078 998 sarium,
2115 943 2173 988 ut
2201 935 2374 988 sancti
2403 933 2684 988 I‘ascbatis
2711 934 2823 986 dies
2853 930 3169 985 manifestus
3203 930 3416 986 evadat.

1925 1116 2082 1189 563
2115 1112 2365 1170 ZONAB.
2402 1113 2581 1166 Lectis
2625 1112 2815 1165 litteris
2855 1118 2907 1162 et
2946 1108 3118 1172 brevi,
3165 1108 3419 1176 quemad-

1858 1212 2072 1263 modum
2126 1208 2189 1258 ab
2241 1205 2462 1258 Aurelio
2508 1203 2835 1271 propositum
2875 1199 3072 1263 fuerat,
3129 1196 3422 1266 Epigonius

1856 1300 2021 1352 dixit:
2057 1295 2194 1350 Nihil
2231 1294 2614 1346 videturuohis
2655 1293 2704 1342 iu
2740 1291 2908 1349 brevi,
2953 1290 3093 1358 quod
3123 1305 3187 1340 ex
3219 1286 3424 1355 synodo

1859 1388 2188 1458 Hipponensi
2250 1389 2559 1452 decerptum
2628 1383 2746 1445 fuit,
2815 1383 3149 1434 correctione
3202 1380 3422 1444 dignum

1861 1479 2106 1545 reperiri.
2143 1478 2350 1547 Ilippon
2384 1486 2562 1529 autem
2598 1475 2728 1527 urbs
2763 1482 2844 1526 est
2895 1468 3423 1538 Carthaginiensium

1863 1571 2101 1628 ditionis.
2132 1571 2184 1624 in
2228 1585 2329 1635 qua
2379 1569 2604 1620 collecta
2663 1566 2868 1633 synodo
2922 1563 3086 1616 multa
3135 1561 3424 1613 constituta

1864 1671 2008 1725 sunt,
2046 1675 2114 1713 rx
2146 1659 2343 1729 quibus
2379 1671 2550 1726 pauca
2587 1656 2829 1723 quaedam
2866 1653 2929 1704 ad
2980 1652 3116 1704 hanc
3161 1648 3423 1718 synodum

1867 1757 1992 1800 sunt
2025 1747 2208 1801 allata.
2240 1746 2406 1798 Breve
2440 1759 2669 1808 namque
2700 1741 2903 1796 Latinis
2926 1741 3066 1794 idem
3122 1737 3263 1806 quod
3308 1750 3428 1803 par-

196 1855 292 1904 γνιν
325 1813 560 1904 λέγεται.
601 1813 770 1892 Τοῦτο
793 1813 850 1893 δὲ
881 1813 1063 1908 μόνον,
1110 1813 1641 1910 φησὶνξανσγιιαῐον,
1695 1842 1758 1894 τὸ

1866 1856 2008 1898 vum.
2033 1838 2282 1905 exiguum
2308 1837 2529 1888 dicitur.
2565 1833 2677 1888 IIoc
2708 1849 2831 1886 vero
2858 1833 3027 1886 solum
3060 1829 3425 1883 necessarium

197 1927 297 1992 τὴν
330 1928 547 1996 ἡμέραν
581 1927 674 1980 τοῦ
707 1929 864 1994 ἁγίου
916 1929 1106 1997 Πάσχα
1158 1930 1524 1998 γνωρισθῆναι
1585 1932 1642 1983 ὲν
1681 1929 1757 1998 τῷ

1866 1943 1981 1982 esse
2009 1929 2104 1987 ait.
2137 1936 2191 1978 ut
2242 1926 2420 1978 sancti
2471 1924 2752 1978 Paschalis
2797 1925 2909 1975 dies
2956 1921 3143 1990 synodi
3191 1929 3430 1988 tempore

198 2016 374 2084 καιρῷ
403 2017 500 2085 τῆς
537 2019 774 2080 συνόδου,
826 2019 945 2072 ἀντὶ
989 2018 1083 2071 τοῦ
1147 2019 1314 2092 δήλην
1357 2020 1631 2089 γενέσθαι,
1671 2023 1759 2074 ὅτι

1866 2021 2218 2082 significetur,
2241 2017 2344 2072 hoc
2367 2027 2467 2079 ρει,
2495 2029 2601 2086 quo
2631 2025 2870 2083 tempore
2901 2014 3128 2067 habetur
3165 2011 3431 2081 synodus,

201 2107 418 2170 σύνοδος
446 2112 688 2178 γένηται.

1866 2111 2232 2162 denuntietur.

204 2199 430 2253 ΑΡΙΣΤ.
483 2217 502 2249 ι
540 2200 704 2253 Οὐδὲν
735 2201 832 2265 τῆς
862 2201 920 2252 ἐν
974 2199 1200 2254 Ἰππῶνι
1263 2203 1480 2255 συνόδου
1535 2203 1761 2274 διορθω-

1867 2202 2090 2256 ARIST.
2139 2221 2156 2252 ι
2193 2201 2336 2254 Nihil
2363 2201 2413 2252 in
2443 2197 2648 2268 synodo
2671 2194 2996 2263 Hipponensi
3025 2191 3432 2257 corrigendum,

277 2309 295 2339 ι
331 2290 453 2341 τὲον
487 2290 916 2359 ἧπροσθετέον·
963 2293 1010 2343 εἱ
1071 2291 1148 2361 μὴ
1200 2293 1286 2345 ἵνα
1347 2294 1379 2362 ἡ
1434 2294 1618 2362 ἡμέρα
1671 2294 1763 2346 τοῦ

281 2398 297 2426 ι
335 2378 528 2447 Πάσχα
562 2378 621 2429 ὲν
649 2378 724 2444 τῷ
757 2379 936 2450 καιρῷ
963 2379 1063 2446 τῆς
1095 2381 1310 2433 συνόδου
1342 2381 1700 2451 γνωρίζηται.
1740 2403 1757 2434 ι

273 2467 529 2537 Διάοροροι
565 2467 770 2519 σύνοδοι
798 2469 857 2519 ὲν
895 2469 1044 2540 πάσῃ
1091 2473 1155 2537 τῇ
1191 2469 1298 2520 τῶν
1338 2471 1564 2538 Ἄφρων
1612 2469 1766 2539 χώρᾳ

205 2561 486 2626 γεγόνασιν
519 2559 575 2611 ιν
598 2560 710 2620 τοῖς
743 2559 1076 2629 προλαϐοῦσι
1130 2561 1364 2628 χρόνοις,
1408 2563 1503 2615 καὶ
1531 2561 1768 2628 ἀνεγνώ-

206 2649 409 2714 σθησαν
424 2647 481 2698 ὲν
511 2645 680 2716 ταύτῃ
700 2650 767 2715 τῇ
799 2647 1024 2717 συνόδῳ.
1059 2649 1150 2700 καὶ
1175 2648 1353 2714 ἔδοξεν
1383 2651 1414 2717 ὴ
1444 2651 1501 2702 ὲν
1542 2650 1766 2702 Ἰππιῖινι

218 2737 427 2805 Ῥηγίῳ
453 2736 720 2807 γενομένη
749 2737 962 2801 σύνοδος
991 2737 1173 2801 καλῶς
1219 2739 1364 2808 εχειν
1386 2754 1400 2768 ·
1435 2739 1529 2792 καὶ
1561 2738 1767 2809 ὥρισαν

204 2827 517 2894 οιΠατέρες
553 2828 690 2896 μήτε
752 2827 1040 2896 διόρθωσιν
1099 2831 1235 2899 μήτε
1293 2827 1612 2900 προσθήκην
1672 2829 1770 2902 τὴν

203 2917 462 2986 τοιαύτην
500 2917 756 2983 δέξασθαι
784 2918 1024 2983 σύνοδον,
1068 2919 1240 2988 ἀλλ’ἢ
1279 2921 1439 2988 μόνον
1474 2921 1534 2973 τδ
1569 2921 1769 2990 γνωρίο

208 3009 392 3072 ζεσθαι
421 3009 518 3078 τὴν
543 3011 759 3080 ἡμέραν
795 3011 890 3064 τοῦ
931 3013 1119 3082 Πάσχα
1177 3013 1236 3066 ἐν
1297 3012 1375 3082 τῷ
1432 3013 1610 3082 καιρῷ
1673 3013 1768 3081 τῆς

1947 2313 1965 2345 ι
2007 2295 2087 2347 vel
2119 2295 2166 2348 ei
2202 2291 2504 2346 addendum
2543 2309 2555 2343 :
2591 2290 2692 2342 nisi
2724 2297 2780 2340 ut
2809 2287 2924 2340 dies
2970 2285 3247 2340 Paschatts
3287 2283 3430 2338 cele-

1945 2405 1964 2435 ι
2009 2385 2201 2438 braudi
2234 2394 2476 2449 tempere
2500 2380 2690 2449 synodi
2732 2378 3083 2446 significetur.
3127 2394 3144 2427 ι

1941 2476 2117 2528 Varia!
2142 2473 2330 2543 synodi
2365 2474 2416 2526 in
2467 2481 2574 2523 tota
2628 2469 2880 2543 A_Irorum
2943 2468 3158 2536 regione
3215 2477 3437 2533 prmer-

1870 2564 2034 2632 lapsis
2067 2535 2391 2630 temporibus
2421 2561 2616 2614 habita:
2652 2535 2820 2616 fuere.
2879 2566 2931 2610 et
2965 2535 3023 2609 in
3081 2555 3181 2608 hac
3233 2555 3436 2624 synodo

1870 2659 2050 2718 lectm,
2076 2665 2125 2708 et
2153 2655 2266 2707 visa
2301 2664 2378 2706 est
2413 2653 2463 2704 in
2514 2649 2848 2720 llippouensi
2893 2648 3112 2714 regione
3168 2645 3434 2698 celebrata

1871 2747 2108 2817 synodus
2159 2747 2293 2799 bene
2343 2758 2402 2797 se
2454 2742 2653 2796 habere
2683 2759 2694 2795 :
2726 2750 2780 2792 et
2842 2738 3203 2792 decreverunt
3251 2733 3438 2788 Patres

1874 2838 2030 2892 istam
2077 2835 2378 2907 synodum,
2423 2847 2520 2890 nec
2571 2829 2960 2888 correctionem
3009 2828 3240 2896 aliquam
3297 2825 3436 2880 acci-

1875 2946 2024 2998 pere,
2059 2944 2156 2982 nec
2186 2929 2514 2980 additionem
2539 2970 2552 2990 ,
2587 2927 2679 2980 sed
2716 2933 2942 2986 tantum,
2978 2933 3025 2974 ut
3055 2924 3169 2975 dies
3217 2921 3437 2975 Pascha:

1877 3021 1930 3074 in
1962 3029 2203 3088 tempore
2233 3019 2420 3088 synodi
2442 3017 2769 3087 Carthagine
2795 3015 2987 3068 habita!
3017 3013 3436 3082 signiﬁcaretur,

208 3101 425 3153 συνόδου
455 3101 554 3170 τῆς
603 3104 661 3154 ὲν
698 3103 1002 3172 Καρχηδόνι
1023 3105 1340 3175 γινομένης,
1382 3105 1466 3158 ἵνα
1521 3105 1594 3175 μή
1628 3122 1761 3164 τινες

1874 3129 1940 3167 ne
1966 3112 2128 3181 aliqui
2155 3109 2384 3185 fortasse
2411 3111 2476 3163 de
2505 3124 2570 3164 eo
2602 3108 3016 3163 ballurinentur.

209 3193 339 3255 ίσως
370 3192 713 3261 σφάλλωνται
743 3196 870 3263 περὶ
896 3195 1085 3265 αὐτήν.

793 3286 1032 3338 ΚΑΝΩΝ
1073 3284 1177 3355 λη’.

215 3393 232 3427 ι
273 3376 410 3446 Περὶ
443 3375 534 3430 τοῦ
558 3376 683 3437 τοὺς
710 3375 1043 3438 ἐπισκόπους
1069 3377 1162 3430 καὶ
1189 3377 1314 3440 τοὺς
1364 3378 1660 3448 κληρικοῦς
1697 3377 1771 3446 μὴ

282 3486 300 3517 ι
335 3466 572 3535 εὐχερῶς
622 3465 689 3517 τὰ
736 3466 901 3517 τέκνα
944 3465 1127 3518 αὐτῶν
1177 3469 1350 3518 ποιεῖν
1390 3468 1767 3537 ὲμαγκίπατα.

280 3575 300 3607 ι
339 3557 500 3608 Ὥστε
524 3558 648 3618 τοὺς
679 3557 1012 3619 ἐπισκόπους
1042 3559 1136 3610 καὶ
1181 3559 1308 3619 τοὺς
1360 3558 1653 3628 κληρικοὺς
1706 3558 1772 3610 τὰ

283 3667 298 3698 ι
335 3647 501 3701 τέκνα
524 3647 706 3700 αὐτῶν
746 3649 820 3717 μὴ
847 3650 942 3718 ὲᾷν
987 3649 1353 3715 αὐτεξουσίως
1403 3651 1625 3704 ἀπιέναι
1682 3652 1772 3704 διὰ

277 3757 294 3789 ι
333 3739 831 3807 ἱμαγκιπατίωνος,
872 3740 930 3790 ὲν
957 3741 1125 3808 μηδὲν
1154 3742 1233 3804 είς
1259 3741 1385 3803 τοὺς
1415 3742 1648 3810 τρόπους
1679 3743 1771 3796 καὶ

280 3844 298 3876 ι
333 3825 414 3888 είς
451 3827 551 3896 τὴν
600 3826 814 3895 ἡλικίαν
874 3827 1060 3881 αὐτῶν
1125 3829 1651 3901 πληροφορηοῶσιν·
1697 3833 1772 3894 ὡς

281 3935 299 3968 ι
335 3916 526 3970 λοιπὸν
574 3918 641 3969 τὰ
665 3919 1044 3990 ἁμαρτήματα
1072 3920 1252 3975 αὐτῶν
1287 3923 1368 3984 είς
1399 3922 1599 3986 αὐτοὺς
1643 3939 1771 3975 συν-

277 4022 296 4053 ι
332 4006 546 4059 τείνειν.
576 4023 594 4056 ι

275 4093 473 4146 ΒΛΛΣ.
521 4092 967 4160 Ἐμαγκιπατίων
1009 4095 1227 4162 λέγεται
1294 4095 1444 4164 παρὰ
1481 4095 1772 4166 Ῥωμαίοις

207 4188 238 4250 ἡ
270 4185 422 4252 παρὰ
442 4183 548 4237 τῶν
585 4184 842 4254 πατέρων
855 4185 1104 4254 διδομένη
1133 4189 1244 4248 τοῖς
1270 4182 1609 4252 ὁπεξουσίοις
1643 4204 1769 4239 παι-

209 4279 292 4328 σἰν
329 4275 768 4344 αὖτεξουσιότης.
804 4276 972 4344 Φησὶν
1002 4275 1095 4328 οὖν
1128 4277 1154 4328 ὁ
1181 4275 1362 4328 κανὼν
1397 4276 1470 4346 μὴ
1525 4277 1770 4343 γίνεσθαι

205 4364 584 4428 αὐτεξουσίως
611 4365 734 4424 τοὺς
765 4366 963 4428 παῖδας
994 4366 1101 4417 τῶν
1150 4365 1468 4418 ἔπισκόπων
1523 4368 1615 4416 καὶ
1661 4367 1770 4418 τῶν

2365 3285 2592 3340 CANON
2649 3282 2934 3341 XXXVIII.

1880 3397 1899 3430 ι
1945 3378 2013 3433 Ut
2041 3379 2281 3448 episcopi
2343 3385 2392 3431 et
2429 3377 2610 3429 clerici
2672 3391 2798 3429 suos
2856 3376 3055 3430 liberos
3109 3388 3212 3425 non
3273 3371 3432 3430 facile

1957 3487 1974 3518 ι
2019 3467 2382 3534 entaucipent.
2420 3464 2488 3519 Ut
2517 3464 2752 3533 episcopi
2781 3472 2834 3517 ct
2861 3463 3038 3515 clerici
3070 3477 3197 3516 suos
3239 3462 3438 3515 liberos

1951 3577 1967 3608 ι
2017 3573 2118 3613 non
2155 3559 2333 3611 sinaut
2364 3573 2458 3624 per
2488 3555 2970 3621 eruaucipatlonem
3001 3555 3080 3607 sui
3108 3553 3245 3620 juris
3269 3552 3380 3606 ﬁeri
3407 3589 3421 3612 .

1950 3670 1967 3700 ι
2013 3649 2114 3704 nisi
2139 3649 2207 3704 de
2239 3663 2422 3702 eorum
2453 3646 2692 3700 moribus
2723 3653 2775 3697 et
2801 3653 2960 3697 :etate
2993 3644 3165 3697 securi
3191 3641 3391 3695 fuerint
3419 3657 3434 3694 :

1949 3762 1966 3792 ι
2010 3752 2068 3795 ιιι
2115 3757 2300 3796 eorum
2358 3749 2577 3808 peccata
2626 3737 2877 3806 deinceps
2935 3737 2986 3790 in
3046 3735 3194 3804 ipsos
3251 3733 3435 3789 confe-

1951 3854 1969 3886 t
2015 3843 2225 3889 rantur.
2270 3852 2286 3884 ι

1943 4096 2139 4151 BALS.
2174 4095 2546 4163 Emaneipatio
2610 4094 2746 4163 apud
2804 4094 3073 4147 llomauos
3125 4092 3321 4146 dicitur
3379 4092 3432 4142 li-

1873 4188 2051 4242 bertas
2079 4203 2197 4255 qum
2233 4203 2262 4240 a
2297 4187 2540 4256 patrihus
2566 4185 2708 4246 ﬁliis.
2737 4187 2825 4254 qui
2864 4201 2986 4239 sunt
3037 4186 3090 4238 in
3122 4201 3305 4239 eorum
3336 4200 3432 4252 po-

1870 4287 2086 4340 testate.
2131 4279 2310 4332 datur.
2349 4277 2486 4330 Dicit
2539 4293 2666 4344 ergo
2710 4291 2905 4337 canon,
2941 4293 3042 4328 non
3095 4278 3290 4330 debere
3350 4275 3431 4327 sui

1865 4371 2003 4440 juris
2039 4373 2151 4425 fieri
2186 4373 2566 4441 episcoporum
2604 4381 2657 4423 et
2694 4371 3018 4424 clericorurn
3077 4368 3215 4421 ﬁlios
3264 4385 3290 4417 τι
3342 4384 3434 4434 pa-

204 4454 483 4523 κληρικῶν
519 4455 668 4523 παρὰ
696 4454 805 4506 τῶν
842 4457 1090 4526 πατέριον
1121 4455 1322 4520 αὐτῶν,
1352 4457 1401 4508 εί
1433 4457 1506 4525 μὴ
1530 4456 1636 4508 ἀπὸ
1667 4456 1761 4524 τῆς

1875 4467 2047 4517 tribus
2078 4463 2214 4526 suis,
2258 4463 2358 4516 nisi
2391 4476 2453 4516 ex
2487 4471 2643 4516 aetate
2668 4471 2721 4514 et
2770 4460 2924 4514 bonis
2962 4458 3198 4511 moribus
3230 4468 3435 4510 certam

204 4545 419 4612 ἡλικίας
444 4545 537 4596 καὶ
572 4545 678 4597 τῶν
703 4545 923 4611 ἀγαθῶν
978 4547 1196 4616 τρόπων
1243 4546 1621 4616 πληροφορίαν
1664 4544 1767 4598 δὼ-

205 4651 412 4697 σουσιν,
437 4635 519 4686 ὅτι
550 4633 804 4687 δύνανται
838 4635 1066 4698 δεόντως
1117 4636 1210 4688 καὶ
1263 4635 1507 4698 εὐλαϐῶς
1546 4637 1614 4690 τὰ
1651 4640 1767 4691 κατ’

203 4724 400 4785 αὐτοὺς
435 4727 756 4794 οἰκονομεῖν.
794 4724 997 4778 Τούτου
1055 4725 1111 4778 δὲ
1155 4725 1299 4778 οὓτω
1327 4728 1402 4797 μὴ
1450 4729 1764 4798 γινομένου,

203 4818 337 4882 φασὶ
363 4816 486 4876 τοὺς
511 4817 753 4885 πατέρας
789 4817 944 4885 λόγον
969 4816 1166 4871 διδόναι
1199 4820 1339 4890 ὑπὲρ
1357 4819 1465 4873 τῶν
1488 4823 1598 4892 ἁμα
1610 4823 1769 4893 ρτᾳῶν

206 4906 311 4958 τῶν
351 4907 581 4960 παίδων.
637 4907 747 4959 Καὶ
789 4909 816 4960 ὁ
877 4909 973 4976 μὲν
1020 4899 1205 4962 κανὼν
1261 4911 1551 4965 ἐθέσπισεν
1597 4913 1768 4966 ταῦτα

205 4997 370 5065 χάριν
398 4997 508 5048 τῶν
536 4997 746 5050 τέκνων
777 4998 884 5049 τῶν
922 5000 1236 5053 ἐπισκόπων
1269 5001 1364 5053 καὶ
1418 5003 1527 5054 τῶν
1586 5005 1770 5074 κληρι-

207 5090 316 5141 κῶν
338 5103 352 5117 ·
386 5090 435 5140 οἱ
467 5088 523 5140 δὲ
555 5088 709 5157 νόμοι
738 5089 1208 5158 παρακελεύονται
1238 5092 1325 5144 διὰ
1360 5093 1592 5162 νομίμου
1624 5097 1768 5162 πρά-

207 5179 363 5240 ξεως,
392 5179 560 5247 ἤγουν
588 5178 728 5260 μετὰ
750 5178 1076 5246 δικαστικῆς
1118 5179 1486 5248 διαγνώσεως,
1522 5183 1619 5252 τὴν
1667 5185 1768 5236 αὑ-

203 5269 588 5336 τεξουσιότητα
638 5269 904 5336 γίνεσθαι,
944 5270 1020 5338 μὴ
1049 5271 1448 5335 διαστείλαντες
1491 5274 1769 5345 κληρικῶν

205 5364 296 5411 καὶ
319 5357 526 5412 λαῖκῶν
569 5360 782 5422 παῖδας.
843 5361 954 5414 Καὶ
998 5362 1085 5414 διὰ
1133 5361 1295 5415 τοῦτο
1345 5364 1463 5415 οὐδὲ
1517 5366 1769 5436 κληρικοὶ

203 5449 326 5501 οὐδὲ
351 5449 638 5502 ἐπίσκοποι
669 5451 836 5520 χωρὶς
870 5451 1133 5520 δεκρέτου
1163 5453 1514 5520 δικαστικοῦ,
1541 5457 1615 5519 ὼς
1644 5460 1766 5527 ἐμοὶ

202 5541 368 5598 δοκεῖ,
407 5541 826 5610 ἶναοποιήσωσιν
877 5542 1258 5606 αὑτεξουσῖους
1315 5547 1508 5608 παῖδας
1563 5550 1762 5606 αὐτῶν,

218 5631 280 5683 Ἦ
323 5631 428 5701 γὰρ
451 5633 746 5700 boat-praeit:
770 5633 862 5686 τοῦ
898 5636 1012 5705 βίου
1034 5635 1240 5688 τούτων
1276 5638 1371 5689 καὶ
1413 5638 1511 5705 τῆς
1551 5641 1765 5706 ἡλικίας

205 5721 344 5774 aura
377 5725 462 5774 τὸν
493 5725 693 5777 κανόνα
728 5726 875 5795 παρὰ
924 5725 1179 5779 δικαστοῦ
1231 5728 1437 5781 όυείλει
1496 5730 1756 5796 γίνεσθαι,

1872 4555 2152 4609 scientiam
2185 4553 2455 4615 dederint,
2490 4569 2548 4606 se
2575 4567 2733 4620 posse
2782 4566 2875 4605 sua
2918 4551 3231 4619 prudenter,
3278 4556 3333 4601 et
3381 4555 3434 4598 ut

1875 4656 2106 4714 oportet,
2136 4644 2536 4699 administrare.
2578 4642 2691 4697 Hoc
2730 4651 2910 4695 autem
2963 4639 3064 4693 nisi
3105 4641 3171 4691 ita
3209 4639 3316 4700 ﬁat,
3351 4638 3433 4689 di-

1874 4747 2003 4791 cunt
2073 4747 2254 4806 patres
2316 4735 2621 4789 reddituros
2696 4734 2958 4788 rationem
3033 4746 3130 4798 pro
3199 4730 3434 4796 peccatis

1872 4829 2124 4882 filiorum.
2157 4827 2219 4880 Et
2255 4829 2367 4880 luce
2393 4826 2608 4895 quidem
2644 4841 2816 4879 canon
2853 4824 2918 4877 de
2971 4824 3350 4892 episcoporum
3381 4828 3433 4873 et

1869 4918 2192 4972 clericorum
2227 4918 2349 4970 liliis
2390 4915 2656 4970 decernit.
2689 4915 2856 4982 Leges
2910 4923 3086 4965 autem
3129 4911 3339 4978 jnbeut.
3376 4918 3433 4962 ut

1871 5024 1966 5074 per
1994 5019 2168 5062 actum
2202 5008 2518 5077 legitimum,
2555 5007 2667 5060 sive
2698 5019 2818 5057 cum
2875 5003 3109 5074 legitima
3148 5002 3432 5056 examina-

1873 5102 2018 5154 tione
2055 5100 2145 5154 fiat
2180 5099 2572 5166 emancipatio;
2633 5113 2734 5149 non
2780 5096 3176 5165 distinguentes
3223 5111 3287 5146 an
3325 5094 3433 5146 sint

1869 5195 2188 5248 clericorurn
2255 5192 2335 5244 vel
2401 5192 2655 5244 Iaieorum
2708 5190 2820 5242 lilii.
2873 5189 2936 5242 Et
3001 5197 3276 5259 propterea
3331 5201 3428 5239 nec

1869 5286 2050 5341 clerici
2083 5299 2178 5338 uec
2213 5281 2472 5352 episcopi,
2503 5283 2615 5336 sine
2645 5281 2884 5348 jndieiali
2929 5283 3165 5340 decreto.
3198 5287 3253 5330 ut
3297 5277 3425 5329 mihi

1871 5379 2102 5436 videtur.
2128 5377 2262 5430 lilios
2287 5391 2411 5430 suos
2441 5377 2519 5428 sui
2545 5375 2686 5443 juris
2735 5374 2984 5428 eﬂicient.
3037 5369 3234 5424 Eorum
3285 5371 3425 5423 enim

1871 5467 1991 5520 vita!
2014 5476 2067 5520 et
2095 5463 2270 5519 :etatis
2302 5467 2594 5518 secundum
2625 5476 2884 5517 canonem
2914 5459 3241 5513 examinatio
3271 5459 3430 5510 debet

1869 5574 1896 5610 a
1927 5557 2104 5627 judice
2128 5556 2266 5620 ﬁeri,
2299 5571 2400 5610 non
2433 5565 2612 5608 autem
2660 5569 2687 5604 a
2716 5551 2831 5606 solo
2867 5560 3038 5620 patre.
3074 5551 3136 5602 Et
3171 5549 3284 5615 lege
3316 5558 3428 5602 ter-

1870 5654 2000 5702 tium
2036 5655 2196 5716 caput
2229 5646 2362 5699 tituli
2392 5647 2424 5700 3
2452 5646 2572 5698 libri
2602 5661 2748 5705 xui,
2781 5644 2919 5712 quod
2952 5643 3084 5697 dicit
3115 5661 3127 5695 :
3169 5641 3282 5694 Non
3317 5657 3416 5694 nu-

1871 5742 1968 5794 dus
1995 5753 2287 5795 consensus
2337 5738 2504 5806 patris
2548 5737 2739 5792 liberat
2789 5735 2952 5790 lilium
2993 5750 3020 5787 a
3058 5733 3230 5804 patria
3281 5740 3430 5801 pote-
