4018 6310
233 351 344 416 165

1321 358 1395 415 i.\'
1438 355 1602 415 CAN.
1644 354 1766 412 XLI
1812 355 2018 412 CONC.
2046 354 2417 414 CARTIIAG.

3355 352 3455 418 166

232 467 578 534 παρίσταται
606 469 764 521 τοῦτο
800 471 910 524 ἀπὸ
940 471 1031 524 τοῦ
1067 475 1131 525 ιΟ⁹
1171 475 1388 532 κανόνος
1421 470 1512 522 τοῦ
1565 471 1783 538 μεγάλω

1906 481 2114 520 canone
2144 467 2210 519 l9
2243 469 2417 532 magni
2445 468 2625 522 Basilii
2650 471 2968 522 ostenditur.
3005 469 3136 522 Dicit
3165 484 3290 536 ergo
3318 486 3446 536 pia--

234 557 548 610 Βεισιλείου.
583 561 719 628 Φησὶ
775 561 903 627 γοῦν
937 563 964 612 ό
993 563 1182 631 παρὼν
1213 561 1390 614 κανὼν
1425 563 1498 629 μὴ
1530 559 1795 624 ἐντυγχά-

237 663 356 697 νειν
386 647 684 716 κληρικοὺς
712 650 743 718 ἢ
775 653 1037 718 μοναχοὺς
1069 654 1267 720 χήραις
1303 650 1334 719 ἦ
1371 650 1668 718 παρθένοις
1698 665 1798 696 κα·

240 736 612 805 Θιερωμέναις
645 740 862 801 πάντως
887 740 1094 805 οὔσαις,
1125 744 1172 794 εί
1207 742 1280 810 μὴ
1315 741 1464 810 παρὰ
1520 738 1624 790 τῶν
1674 739 1798 787 ἐπι-

242 828 465 878 σκόπων
503 829 535 894 ἢ
561 827 670 881 τῶν
720 830 1129 901 πρεσϐυτέρων,
1166 833 1363 900 δηλαδὴ
1399 830 1471 900 μὴ
1520 827 1800 895 παρόντων

239 917 590 982 ἐπισκόπων,
641 903 1013 987 ἐπιτραπείεν.
1070 922 1179 974 Καὶ
1225 923 1341 973 τότε
1392 923 1448 972 δὲ
1520 919 1593 988 μὴ
1651 918 1799 984 μόνοι

239 1006 564 1073 είσίτωσαν,
600 1010 740 1062 ἀλλὰ
767 1015 905 1077 μετὰ
931 1012 1334 1081 συγκληρικῶν,
1371 1013 1401 1080 ἢ
1439 1012 1554 1078 μετ’
1575 1011 1796 1060 ἐκείνων

240 1097 368 1165 μεθ’
399 1091 475 1151 ὧν
501 1098 597 1150 καὶ
640 1100 667 1150 ό
700 1101 995 1162 ἐπίσκοπος
1018 1102 1109 1154 καὶ
1130 1104 1177 1154 οί
1209 1101 1566 1169 πρεσϐύτεροι
1599 1097 1796 1149 εἰσίασι

241 1187 384 1258 πρὸς
425 1189 625 1251 αὐτάς·
660 1189 691 1257 ἢ
747 1190 862 1242 ἐκεί
897 1191 1371 1258 ἐντυγχανέτωσαν
1423 1189 1634 1248 αύταίς,
1662 1186 1793 1236 ὅπου

237 1278 354 1330 είσὶ
381 1278 634 1348 κληρικοὶ
672 1278 704 1346 ἢ
766 1279 974 1347 ἔντιμοί
1012 1297 1157 1342 τινες
1188 1278 1525 1348 Χριστιανοί.
1558 1279 1630 1329 Τὸ
1677 1278 1795 1328 κατ’

236 1368 551 1435 ἐπιτροπὴν
583 1367 641 1418 δὲ
673 1368 702 1431 ἢ
747 1369 1055 1420 συναίνεσιν
1091 1372 1324 1438 είρηται.
1361 1370 1494 1420 διότι
1542 1369 1572 1436 ἢ
1612 1367 1698 1418 δια
1745 1383 1796 1416 τι

238 1459 516 1527 χρήσιμον
566 1459 644 1526 τῷ
676 1460 956 1529 ἐπισκόπῳ
1001 1463 1091 1512 καὶ
1139 1463 1205 1530 τῇ
1259 1461 1526 1529 ἐκκλησίᾳ
1590 1460 1795 1524 γίνεται

245 1548 400 1618 παρὰ
424 1548 627 1602 τούτων
655 1550 686 1618 ἡ
720 1550 960 1618 ἐντυχὶα,
1009 1552 1100 1602 καὶ
1145 1551 1493 1616 ἐπιτρέπουσι
1528 1549 1726 1615 ταύτην
1749 1551 1795 1599 οί

240 1641 555 1703 ἐπίσκοποι,
600 1641 633 1709 ἢ
674 1640 759 1692 διὰ
785 1643 992 1693 οἰκείαν
1031 1642 1408 1710 χρησιμότητα
1436 1641 1525 1692 καὶ
1559 1643 1792 1707 αἴτησιν,

239 1729 336 1779 καὶ
359 1728 636 1796 ὀφείλουσι
667 1733 934 1782 συναινείν
964 1731 1012 1781 οί
1039 1733 1344 1782 ἐπίσκοποι.
1391 1730 1681 1796 Ἀνάγνωθι
1701 1728 1793 1780 τοῦ

237 1820 509 1886 παρόντος
544 1821 920 1888 συντάγματος
951 1820 1129 1872 τίτλον
1167 1827 1236 1871 ια’
1267 1838 1390 1888 κεφ.
1411 1827 1472 1885 ε’,
1501 1821 1715 1873 συνόδου
1741 1828 1792 1884 ς’

238 1911 440 1961 κανόνα
480 1909 586 1977 μζν,
637 1912 731 1962 καὶ
780 1912 878 1979 τῆς
940 1911 1053 1981 ρλγ⁹
1135 1913 1559 1965 Ἰουστινιανείου
1598 1916 1792 1982 νεαρᾶς

233 2016 362 2066 amp.
393 2000 460 2059 δ’,
491 2001 608 2069 ἦτοι
643 2018 762 2068 κεφ.
797 2003 858 2053 ιε’
909 2002 1000 2054 τοῦ
1033 2005 1072 2054 δ’
1101 2003 1302 2072 βιϐλίου
1331 2004 1436 2054 τῶν
1471 2003 1788 2066 Βασιλικῶν,

233 2091 370 2159 ὅπερ
403 2090 756 2159 κατεστρώθη
790 2093 846 2143 ἐν
886 2093 962 2159 τῷ
995 2090 1081 2161 μί’
1131 2094 1317 2146 κανόνι
1346 2094 1443 2164 τῆς
1476 2094 1642 2161 ’ἐκτης
1665 2110 1791 2145 συν-

233 2183 376 2235 ὁδου.

307 2274 551 2325 ΖΩΝΛΡ.
590 2273 816 2339 Φεύγειν
861 2274 958 2336 τὰς
1001 2276 1294 2345 ὑπολήψεις
1323 2275 1789 2346 παρηγγέλθημευ

234 2365 284 2414 οί
326 2363 528 2424 πιστοὶ,
575 2362 673 2414 κᾶν
702 2359 799 2415 ὦσι
827 2364 1061 2432 ψευδεῖς,
1101 2367 1194 2417 καὶ
1232 2365 1306 2434 τῷ
1338 2365 1608 2431 θεσπεσίῳ
1632 2368 1782 2434 εῐρη-

236 2470 324 2506 ται
360 2453 558 2520 Παύλῳ
619 2455 1010 2520 Ἀπρόσκοποι
1041 2455 1297 2523 γίνεσθε,
1324 2456 1420 2507 καί
1451 2456 1785 2518 Ἰουδαίοις,

231 2546 328 2596 καί
360 2547 647 2608 Ἕλλησι,
673 2545 771 2596 καί
805 2545 872 2612 τῇ
919 2547 1244 2612 Ἐκκλησία
1289 2546 1394 2599 τοῦ
1445 2546 1612 2599 Θεοῦ.
1647 2547 1786 2598 Ἱάύς

230 2650 350 2695 ταις
375 2634 468 2686 οὖν
495 2636 617 2695 ταῖς
670 2634 1086 2703 παραγγελίαις,
1121 2635 1254 2687 ἀλλὰ
1299 2635 1403 2702 μὴν
1440 2635 1531 2686 καὶ
1575 2635 1786 2702 ἑτέραις

233 2727 324 2777 καὶ
352 2727 402 2777 οἰ
433 2727 676 2794 Πατέρες
707 2721 853 2778 οὗτοι
883 2727 1165 2795 ἑπόμενοι,
1201 2729 1334 2794 φασὶ
1365 2729 1499 2796 πρὸς
1530 2729 1702 2797 χήρας
1750 2729 1782 2797 ἢ

231 2818 567 2884 παρθένους,
605 2817 808 2886 δηλαδὴ
838 2818 1268 2887 καθιερωμένας,
1293 2818 1367 2887 μὴ
1398 2819 1623 2871 εἰσιέναι
1658 2821 1786 2887 κλη-

236 2910 426 2976 ρικοὺς
458 2909 491 2978 ἢ
519 2909 1043 2977 ἐγκρατευομένους.
1072 2911 1207 2971 Τοὺς
1237 2911 1507 2979 μοναχοὺς
1543 2908 1599 2960 δέ
1647 2909 1781 2962 ὠνό-

231 3017 414 3067 μασαν
443 3002 945 3071 ἐγκρατευομένους
980 3001 1117 3054 κατὰ
1147 3001 1236 3054 τὸν
1267 3001 1440 3069 μέγαν
1472 3004 1778 3068 Βασίλειον,

1905 571 2026 608 setis
2058 570 2250 617 canon,
2287 571 2382 608 nec
2412 556 2592 609 clerici
2623 555 2702 609 vel
2737 560 2980 609 monachi
3014 573 3135 611 cum
3173 560 3342 612 viduis
3369 562 3450 612 \‘cl

1904 647 2216 715 virginibus,
2237 662 2354 713 qute
2380 657 2504 702 sunt
2529 649 2746 702 omnino
2769 660 3111 713 consecratae,
3136 651 3416 719 colloquan
3438 679 3451 690 -

1905 753 2008 796 tur.
2044 737 2143 790 nisi
2191 736 2239 788 id
2287 738 2360 789 eis
2397 741 2462 791 ab
2505 739 2789 806 episcopis,
2823 740 2901 791 vel
2947 740 3295 807 presbyteris,
3350 756 3451 793 non

1902 827 2256 893 prmsentihus
2299 826 2504 878 scilicet
2544 827 2831 894 episcopis,
2878 827 3241 894 permittatur.
3288 829 3452 882 Porro

1903 931 1966 968 ne
2002 926 2124 967 tunc
2154 929 2368 982 quoque
2399 917 2495 969 soli
2537 918 2924 981 ingrediantur,
2966 918 3059 970 sed
3091 933 3210 970 cum
3240 921 3450 971 concle-

1906 1007 2054 1070 ricis,
2087 1007 2168 1058 vel
2201 1022 2320 1058 cum
2354 1006 2478 1067 illis,
2513 1022 2630 1058 cum
2667 1007 2859 1074 quibus
2891 1007 3050 1059 etiam
3087 1008 3367 1076 cpiscopus
3396 1021 3450 1059 et

1901 1096 2199 1166 presbyteri
2230 1097 2292 1149 ad
2324 1112 2416 1149 cas
2459 1098 2829 1166 ingrediuntur
2867 1115 2881 1152 :
2916 1099 2996 1150 vel
3027 1111 3119 1152 eas
3165 1101 3269 1154 illic
3312 1099 3449 1151 allo-

1899 1201 2154 1258 quuntur,
2185 1190 2272 1244 ubi
2301 1200 2424 1244 sunt
2457 1191 2637 1249 clerici
2660 1234 2673 1256 ,
2709 1191 2789 1244 vel
2818 1191 2978 1258 aliqui
3005 1191 3156 1245 bona:
3177 1192 3454 1245 existima.

1903 1281 2062 1333 liOniS
2108 1279 2424 1333 Christiani.
2472 1282 2604 1334 lllud
2635 1291 2836 1346 autem,
2871 1298 2935 1334 ex
2984 1283 3336 1348 perniissione
3374 1283 3453 1334 \cl

1901 1385 2186 1431 tensensu,
2216 1370 2413 1421 dictum
2447 1379 2549 1434 est,
2585 1385 2648 1423 eo
2675 1372 2814 1438 quod
2852 1373 2930 1425 vel
2968 1381 3188 1440 propter
3224 1373 3448 1439 aliquid,

1898 1461 2036 1525 quod
2085 1469 2168 1512 est
2222 1459 2474 1526 epiSt‘npo
2524 1460 2749 1528 ejusque
2795 1459 3050 1513 Ecclesia:
3092 1462 3449 1524 εοηιὶιιείιιιιιι,

1898 1565 2015 1601 cum
2049 1550 2126 1603 eis
2156 1549 2479 1617 colloquimn
2523 1550 2767 1611 habetur,
2801 1551 2961 1618 idque
2990 1551 3304 1620 permittunt
3333 1557 3444 1618 epi-

1897 1641 2075 1707 scopi;
2113 1639 2190 1693 vel
2214 1649 2434 1709 propter
2457 1654 2607 1692 suam
2634 1641 2914 1695 utilitatem
2948 1650 3000 1693 et
3037 1642 3365 1709 petitionem,
3397 1654 3450 1694 et

1899 1731 2092 1783 debent
2131 1730 2439 1783 consentire
2470 1731 2725 1798 episcopi.
2767 1730 2906 1800 Lege
2947 1733 3226 1800 prasentis
3267 1736 3448 1800 operis

1897 1823 1979 1874 tit.
2015 1823 2073 1874 ll
2113 1836 2230 1889 cap.
2263 1819 2320 1883 5,
2361 1822 2548 1890 synodi
2584 1832 2747 1876 sextae
2788 1837 3046 1876 canonem
3077 1824 3144 1875 47
3191 1834 3239 1876 et
3284 1823 3448 1876 Justi-

1894 1912 2038 1965 nimii
2069 1913 2288 1965 novella:
2328 1912 2430 1966 135
2462 1927 2582 1981 cap.
2611 1913 2666 1974 2,
2697 1915 2810 1966 sive
2840 1928 2962 1978 cap.
3000 1914 3066 1967 l5
3106 1915 3224 1967 libri
3268 1932 3317 1967 tv
3347 1913 3450 1965 lla-

1893 2005 2032 2058 silic.
2061 2004 2200 2071 quod
2231 2005 2390 2057 situm
2423 2013 2501 2058 est
2535 2006 2585 2056 in
2615 2019 2818 2058 canone
2841 2005 2906 2057 47
2934 2014 3098 2059 sexta:
3130 2006 3336 2075 synodi.

1960 2273 2205 2329 ZONAR.
2266 2274 2381 2330 Non
2433 2278 2874 2330 committendum
2928 2286 2984 2330 ut
3048 2277 3442 2330 incommodius

1890 2365 2088 2433 aliquid
2128 2368 2190 2419 de
2228 2367 2457 2420 fidelium
2495 2368 2750 2432 moribus,
2791 2369 3032 2436 quamvis
3065 2367 3198 2420 falso
3230 2367 3448 2435 evulge-

1891 2466 1996 2518 tur,
2035 2457 2140 2509 divi
2188 2472 2402 2526 quoque
2452 2455 2601 2511 Pauli
2647 2461 2861 2512 oraculo
2905 2460 3292 2513 admonemur:
3327 2458 3447 2511 Sine

1889 2549 2191 2615 offensione,
2229 2549 2436 2614 inquit,
2469 2559 2630 2600 estote
2664 2548 2887 2610 Judcis,
2919 2559 2964 2600 et
2998 2548 3214 2608 Graecis,
3257 2561 3303 2600 et
3345 2548 3447 2601 Ec-

1886 2637 2058 2690 clesia:
2099 2638 2193 2691 Dei
2238 2639 2303 2691 δ’.
2338 2638 2479 2703 Quas
2523 2639 2735 2705 quidem
2781 2640 3184 2706 prteceptiones,
3232 2649 3285 2690 et
3322 2656 3447 2692 vero

1885 2730 2017 2781 alias
2067 2743 2281 2797 quoque
2322 2730 2487 2782 setuti
2537 2728 2692 2794 hujus
2724 2728 2911 2798 synodi
2940 2727 3144 2792 Patres,
3177 2731 3239 2781 ad
3267 2730 3446 2783 viduas

1885 2828 1974 2870 aut
2021 2819 2086 2872 ad
2132 2821 2368 2888 virgines
2395 2858 2408 2881 ,
2445 2834 2538 2872 eas
2587 2818 2827 2872 videlicet
2871 2832 2986 2886 qua:
3031 2830 3252 2872 sacrata:
3296 2831 3443 2883 sunt,

1884 2909 2114 2962 clericos
2152 2919 2241 2962 aut
2276 2909 2656 2962 continentiam
2705 2907 2975 2975 professos
3021 2910 3228 2977 ingredi
3265 2912 3438 2963 haud-

1881 3014 2148 3067 quaquam
2199 2998 2361 3050 licere
2408 3000 2718 3052 decernunt.
2766 2998 2959 3051 Eorum
3009 3015 3170 3068 porro
3203 3002 3440 3066 nomine,

226 3089 282 3151 δς
320 3091 454 3160 περὶ
493 3091 787 3159 ὁμολογίας
833 3092 926 3144 τοῦ
971 3091 1330 3161 παρθενεύειν
1361 3094 1783 3164 διαταττόμενος

1887 3089 1975 3157 qui
2009 3088 2391 3141 continentiam
2421 3086 2652 3154 professi
2687 3096 2834 3151 sunt,
2868 3091 3158 3144 monachos
3191 3090 3439 3159 designe-

229 3183 284 3231 ἐν
314 3179 380 3232 ιθ¹
409 3182 572 3233 αὐτοῦ
611 3183 797 3235 κανόνι
848 3183 1015 3251 φησίν
1043 3199 1056 3214 ·
1124 3184 1355 3253 Ἀνδρῶν
1390 3185 1445 3237 δέ
1495 3187 1784 3254 ὁμολογίαν

228 3271 324 3322 οὐκ
365 3269 634 3338 ἔγνωμεν,
675 3272 816 3342 πλὴν
836 3274 885 3324 εί
921 3275 994 3341 μή
1024 3291 1165 3335 τινες
1198 3275 1421 3335 ἑαυτοὺς
1444 3276 1521 3344 τῷ
1544 3278 1781 3344 τάγματι

229 3360 334 3411 τῶν
361 3361 697 3427 μοναζόπων
736 3362 1244 3432 ἐγκατηρίθμησαν,
1290 3365 1338 3416 οἳ
1389 3367 1526 3417 κατὰ
1560 3367 1618 3418 τὸ
1660 3384 1784 3417 σω-

225 3447 478 3516 πώμενον
505 3449 722 3502 δοκοῦσι
754 3452 1157 3518 παραδέχεσθαι
1193 3453 1290 3523 τὴν
1344 3455 1606 3524 ἀγαμίαν.
1642 3457 1778 3519 Τοὺς

225 3532 320 3589 οὖν
379 3538 679 3608 κληρικοίδς
743 3541 836 3593 καὶ
891 3540 1016 3602 τοὺς
1063 3541 1582 3613 ἐγκρατευομένους,
1628 3549 1675 3598 εί
1707 3549 1778 3615 μὴ

228 3629 378 3696 παρὰ
406 3628 501 3680 τοῦ
529 3632 829 3683 ἐπισκόπου
870 3632 901 3701 ἢ
950 3633 1058 3685 τῶν
1119 3635 1524 3704 πρεσϐυτέρων,
1581 3639 1778 3708 δηλαδὴ

229 3718 301 3786 μὴ
351 3720 618 3789 παρόντος
652 3723 976 3785 ἐπισκόπου,
1006 3723 1380 3792 ἐπιτραπείεν,
1438 3730 1513 3795 μὴ
1555 3729 1778 3781 είσιέναι

223 3809 542 3861 κελεύουσιν
592 3813 670 3873 είς
720 3812 815 3874 τὰς
848 3813 1146 3880 είρημένας
1179 3817 1467 3882 γυναῖκας’
1513 3818 1605 3870 καὶ
1658 3820 1776 3871 τότε

221 3897 275 3949 δὲ
315 3899 393 3966 μὴ
425 3900 579 3967 μόνοι
608 3901 924 3967 είσίτωσαν,
979 3902 1114 3956 ἀλλὰ
1149 3904 1286 3972 μετὰ
1320 3907 1701 3974 συγκ).ηριγ.ὦν
1741 3908 1773 3975 ἢ

226 3991 338 4056 μετ’
363 3989 610 4053 ἐκείνων,
644 3992 763 4059 μεθ’
791 3985 887 4056 ὧν,
919 3994 1012 4047 καὶ
1033 3997 1060 4047 ό
1093 3995 1384 4058 ἐπίσκοπος
1425 3998 1519 4049 καὶ
1561 4000 1607 4050 oi
1638 4017 1767 4068 πρε-

225 4077 472 4144 σϐύτεροι
503 4079 703 4131 είσίασι
731 4081 865 4150 πρὸς
886 4083 1073 4146 αὑτάς*
1107 4085 1139 4153 ἢ
1167 4085 1281 4136 ἐκεῖ
1304 4088 1772 4156 ἐντυγχανέτωσαν

225 4170 432 4232 αὑταῖς,
466 4169 598 4221 ὅπου
623 4170 729 4222 εἰσὶ
779 4170 1048 4241 κληρικοὶ,
1100 4175 1132 4243 ἢ
1183 4176 1320 4228 ὅπου
1386 4180 1526 4230 είσὶν
1569 4179 1774 4248 ἔντιμοί

218 4276 359 4322 τινες
386 4261 724 4328 Χριστιανοὶ,
752 4260 894 4316 ὥστε
951 4265 1132 4318 πᾶσαι⁵
1172 4266 1406 4335 ὑποψίαν
1475 4272 1774 4339 περιαιρετ-

221 4348 362 4402 σθαι.
401 4351 537 4402 Κατ’
573 4353 876 4423 ἐπιτροπὴν
902 4354 979 4420 δέ,
1009 4360 1227 4424 φησίνό
1270 4358 1468 4425 κανὼν,
1522 4362 1554 4429 ἢ
1583 4361 1773 4414 συναί-

1889 3186 2031 3240 runt,
2061 3190 2123 3230 ex
2163 3189 2353 3243 magno
2387 3174 2606 3238 Basilio,
2646 3176 2735 3242 qui
2769 3177 2833 3229 de
2859 3177 3197 3245 professione
3226 3181 3442 3248 virgini-

1886 3269 2010 3319 tntis
2051 3266 2404 3334 praecipiens,
2439 3266 2841 3320 undevicesimo
2877 3281 3084 3320 canone
3115 3284 3127 3319 :
3169 3266 3437 3331 Virorum,

1885 3357 2081 3425 inquit,
2120 3355 2318 3408 nullam
2353 3358 2598 3411 novimus
2633 3357 3040 3424 professionem,
3083 3372 3436 3425 praeterquam

1882 3449 1925 3502 si
1977 3450 2069 3518 qui
2122 3448 2328 3517 seipsos
2378 3449 2761 3502 monachorum
2814 3450 2990 3502 ordini
3036 3453 3430 3519 manciparunt,

1879 3542 1970 3609 qni
2011 3538 2226 3606 quidem
2267 3538 2484 3593 silentio
2511 3538 2820 3592 cmlihatum
2854 3539 3100 3592 videntur
3127 3540 3432 3593 admittere.

1879 3627 2068 3681 Clerici
2116 3627 2296 3695 igitur,
2339 3637 2392 3678 et
2439 3627 2528 3693 qui
2587 3627 2973 3680 continentiam
3021 3629 3248 3695 professi
3291 3641 3434 3690 sunt,

1881 3717 1979 3769 nisi
2025 3715 2090 3768 ab
2133 3715 2410 3782 episcopo,
2445 3715 2527 3767 vel
2597 3730 2625 3768 a
2656 3715 3010 3784 presbyteris,
3062 3717 3151 3771 illo
3190 3718 3436 3770 videlicet

1877 3807 2118 3870 absente,
2164 3805 2466 3859 facultatem
2515 3805 2944 3874 impetraverint,
2989 3815 3435 3858 commemoratae

1878 3896 2130 3948 mulieres
2179 3893 2326 3947 adire
2400 3894 2749 3961 prohibentur
2793 3905 2892 3946 :et
2933 3909 3062 3948 vero
3094 3909 3266 3962 neque
3309 3905 3433 3948 tunc

1877 3997 2088 4051 quoque
2117 3981 2240 4042 soli.
2270 3983 2362 4036 sed
2399 3981 2481 4035 vel
2515 3983 2809 4036 consociati
2852 3983 3087 4047 clericis,
3115 3985 3193 4038 vel
3223 3998 3431 4048 eorum,

1875 4088 2010 4141 quos
2053 4087 2233 4127 secum
2288 4072 2577 4142 episc0pus
2621 4083 2672 4127 et
2723 4077 3016 4144 presbyteri
3075 4077 3139 4128 ad
3184 4075 3300 4129 illas
3339 4077 3432 4127 atl-

1873 4173 2060 4216 euntes
2082 4161 2336 4215 adhibere
2360 4163 2552 4226 solent,
2579 4165 2832 4217 comitatu
2864 4165 2997 4232 septi
3029 4165 3428 4234 ingrediantur;

1874 4263 1964 4307 aut
2002 4254 2090 4307 ubi
2138 4254 2319 4309 clerici
2352 4255 2548 4323 aliique
2591 4256 2797 4308 honesti
2848 4255 3096 4308 homines
3135 4256 3426 4308 Christiani

1874 4343 2158 4405 intersint,
2210 4351 2268 4396 ut
2316 4345 2509 4397 nullius
2555 4346 2844 4412 suspicioni
2881 4346 3212 4414 relinquatur
3257 4348 3426 4410 locus,

218 4455 360 4492 νεσιν
384 4439 477 4492 τοῦ
507 4441 639 4493 ίδίου
670 4444 996 4498 ἐπισκόπου.
1026 4446 1096 4497 Ἦ
1117 4446 1224 4515 γὰρ
1254 4448 1463 4508 ἐκεῖνος
1485 4428 1765 4519 ἐπιτρέψει

1887 4449 1966 4490 :as
2014 4435 2374 4504 alloquantur.
2419 4435 2488 4488 Ex
2524 4436 2877 4502 permissione
2905 4447 3105 4501 autem,
3137 4439 3308 4507 inquit
3337 4455 3429 4494 cu-

219 4530 293 4599 τῷ
313 4529 562 4600 κληρικῷ
582 4530 674 4600 ἀφ’
703 4533 902 4585 ἑαυτοῦ
939 4535 1180 4602 κινηθεὶς
1211 4536 1298 4587 διά
1327 4553 1448 4588 τινα
1473 4539 1684 4607 χρείαν,
1730 4540 1763 4608 ἡ

222 4638 361 4683 τινος
417 4623 525 4675 τῶν
583 4625 888 4694 εἰρημένων
943 4627 1268 4696 αίτήσαντος
1319 4633 1601 4696 συντυχεῖν
1647 4632 1766 4691 ταῖς

221 4711 536 4780 εἰρημέναις
567 4715 812 4782 γυναιξὶν
832 4715 1011 4780 αἰτίας
1045 4717 1386 4788 ἀπαιτούσης
1416 4720 1442 4770 ό
1467 4719 1763 4782 ἐπίσκοπος

223 4821 427 4856 συναινε
435 4807 473 4858 ί.

221 4978 430 5034 ΑΡΙΣΤ.
473 5002 489 5032 ι
529 4982 793 5052 Κληρικοί
828 4984 922 5035 καὶ
979 4984 1440 5054 ἐγκρατευόμενοι
1487 4987 1684 5056 χήραις
1729 4986 1760 5054 ἢ

289 5087 304 5117 ι
343 5069 632 5137 παρθένοις
663 5072 738 5140 μὴ
768 5074 1141 5141 προσιέτωσαν
1165 5075 1214 5126 εί
1247 5075 1634 5145 μὴέπισκόπου
1666 5077 1759 5128 καὶ

285 5175 302 5208 ι
339 5160 710 5229 πρεσϐυτέρου
739 5166 973 5234 ἐπιταγῇ
997 5179 1015 5196 ’
1044 5165 1136 5217 καὶ
1157 5165 1299 5218 οὓτω
1321 5165 1394 5235 μὴ
1423 5168 1592 5235 μόνοι,
1620 5168 1756 5220 ἀλλὰ

284 5266 300 5297 ι
343 5249 463 5317 μεθ’
504 5245 580 5303 ὦν
632 5255 992 5322 πρεσϐύτεροι
1041 5257 1134 5308 καὶ
1191 5257 1431 5309 διάκονοι
1487 5258 1618 5324 πρὸς
1665 5261 1758 5322 τὰς

283 5355 300 5385 ι
340 5339 594 5402 τοιαύτας
626 5342 882 5396 εἰσίασιν.
923 5362 942 5395 ι

278 5429 364 5477 Δεί
397 5430 576 5482 πᾶσαν
597 5427 737 5483 εἶναι
765 5435 1065 5500 ἀσφάλειαν
1096 5437 1204 5488 τῶν
1223 5439 1501 5506 παρθένων
1535 5439 1625 5490 καί
1648 5441 1751 5490 τῶν

214 5517 406 5586 χηρῶν,
440 5521 549 5572 τῶν
592 5524 944 5593 τεταγμένων
971 5531 1034 5598 τῇ
1077 5528 1388 5599 Ἐκκλησία,
1417 5531 1510 5583 καὶ
1531 5529 1621 5582 ὑπ’
1649 5531 1746 5584 αὖε

280 5693 362 5750 "l
395 5698 519 5755 Cor.
557 5717 611 5768 ι,
649 5702 737 5756 52.

1872 4543 2001 4591 noxi,
2062 4527 2262 4595 proprii
2318 4527 2579 4595 episcopi,
2627 4528 2706 4579 vel
2753 4543 3033 4582 consensu.
3070 4528 3202 4582 Nam
3252 4533 3329 4585 vel
3383 4534 3425 4586 is

1872 4633 1969 4672 sua
2035 4626 2225 4686 sponte
2270 4616 2468 4671 clerico
2506 4619 2573 4672 ob
2618 4618 2897 4672 utilitatem
2951 4620 3179 4688 aliquam
3215 4622 3263 4672 id
3307 4638 3423 4691 per-

1872 4709 2069 4772 mittet,
2096 4707 2178 4762 vel
2219 4708 2286 4762 ab
2330 4706 2509 4775 aliquo
2541 4723 2725 4762 eorum
2762 4723 2896 4775 quos
2928 4709 3161 4764 diximus
3191 4724 3421 4779 togatus,

1875 4799 1966 4866 qui
1989 4807 2329 4852 enumeratas
2365 4799 2635 4863 mulieres,
2671 4799 2811 4866 justa
2849 4812 3006 4851 causa
3039 4799 3420 4865 intercedente,

1873 4889 2158 4942 convenire
2184 4889 2329 4953 velit,
2365 4890 2646 4956 episcopus
2673 4897 2893 4943 annuet.

1870 4977 2092 5031 ARIST.
2133 4996 2150 5028 ι
2192 4980 2382 5033 Clerici
2419 4988 2466 5032 et
2504 4982 2840 5035 continentes
2869 4985 2933 5037 ad
2968 4985 3155 5037 viduas
3191 4981 3268 5033 vel
3310 4979 3418 5031 vir-

1948 5089 1964 5120 ι
2004 5073 2154 5139 gines
2197 5087 2264 5123 ne
2299 5070 2592 5136 accedant;
2631 5071 2904 5140 nisijussu
2945 5073 3177 5142 episcopi
3207 5081 3259 5124 et
3298 5084 3420 5136 pre-

1940 5174 1957 5206 ι
1999 5157 2195 5225 shyteri
2227 5172 2240 5207 :
2269 5165 2322 5209 et
2343 5156 2419 5210 sic
2449 5170 2551 5208 non
2573 5157 2692 5222 soli,
2725 5157 2813 5209 sed
2841 5173 2957 5210 cum
2991 5160 3076 5221 iis,
3099 5157 3415 5226 quibuscum

1929 5266 1947 5298 ι
1986 5245 2282 5316 presbyteri
2311 5256 2362 5299 et
2392 5247 2599 5301 diaconi
2631 5249 2695 5301 ad
2729 5262 2819 5300 eas
2854 5250 3136 5302 accedunt.
3182 5264 3200 5297 ι

1931 5440 2154 5494 Omnem
2175 5451 2382 5507 oportet
2407 5441 2644 5493 adhiberi
2673 5456 2850 5492 curam
2878 5440 3137 5508 virginum
3161 5450 3211 5493 et
3237 5441 3419 5493 vidua-

1869 5547 1983 5584 rum
2030 5532 2082 5585 in
2125 5530 2360 5585 Ecclesia
2408 5532 2839 5595 constitutarum,
2883 5539 2934 5583 et
2976 5530 3042 5583 ab
3074 5545 3132 5585 ea
3167 5532 3417 5588 altarum.
