4018 6310
583 262 683 324 175

647 488 665 519 r
702 468 951 523 cessitate
978 468 1305 538 impellente,
1335 466 1701 535 paenitentiam
1735 476 1977 537 agentem
2001 482 2105 520 non

646 578 663 609 ι
706 558 1096 613 reconciliabit.
1135 578 1152 609 ι

643 650 742 716 Qui
778 667 807 704 a
848 650 957 704 Deo
986 652 1185 719 ligandi
1218 660 1270 705 et
1318 650 1561 704 solvendi
1612 659 1930 716 potestatem
1956 663 2109 702 acce-

570 752 785 811 perunt,
832 746 1126 797 secundum
1180 742 1496 795 delictormn
1526 740 1834 808 qualitatem
1864 750 1917 793 et
1943 740 2110 793 delin-

572 834 859 898 quentibus
948 834 1376 893 conversionem,
1459 830 1718 898 supplicia
1796 833 2106 882 decernent.

570 921 858 989 Presbyter
915 930 1112 983 autem,
1168 931 1363 987 prreter
1413 918 1648 985 episcopi
1707 919 2022 971 sententiam
2046 932 2107 970 ea

571 1028 668 1066 nec
708 1024 902 1077 augere
958 1021 1137 1077 petest
1187 1022 1283 1061 nec
1317 1009 1574 1067 minuere,
1617 1022 1713 1058 nec
1740 1006 2106 1074 pmnitentiam

575 1114 790 1169 agentes
819 1101 883 1152 ad
922 1101 1146 1167 gratiam
1182 1098 1442 1164 recipere,
1480 1107 1530 1147 et
1558 1097 1752 1147 divinis
1788 1110 1880 1148 eos
1904 1095 2108 1162 dignari

568 1189 940 1250 sacramentis,
971 1186 1213 1255 quamvis
1281 1200 1503 1253 peregre
1556 1185 1832 1253 profectus
1865 1184 1936 1237 sit
1992 1184 2105 1252 epi-

570 1294 787 1345 seopus.

1020 1367 1177 1435 570
1196 1362 1417 1417 CANON
1454 1360 1657 1415 XLVII.

577 1461 703 1514 «De
759 1458 1074 1528 virginibus.
1132 1455 1198 1509 Ut
1257 1470 1425 1507 sacrae
1478 1454 1749 1520 virgines,
1800 1452 2015 1519 quando
2064 1466 2104 1502 ca

644 1570 661 1600 ι
705 1552 944 1619 patribus
986 1562 1213 1614 quorum
1249 1545 1419 1596 ornlis
1463 1543 1605 1595 domi
1655 1543 2105 1603 observabantur,

640 1661 657 1693 r
694 1649 955 1708 separata:
1000 1638 1221 1699 fuerint,
1253 1634 1516 1702 episcopi,
1564 1633 1644 1685 vel
1697 1634 1807 1699 ipso
1863 1632 2107 1694 absente,

654 1751 671 1782 r
715 1730 1014 1800 presbyteri
1077 1729 1413 1797 pr0videntia
1447 1724 1927 1779 venerabilioribus
1957 1723 2110 1775 femi—
2141 1720 2181 1771 Β

646 1841 663 1870 r
714 1823 792 1873 nis
826 1820 1292 1879 commendentur,
1330 1816 1409 1868 vel
1444 1826 1499 1867 ut
1537 1814 1694 1866 simul
1726 1814 2023 1865 habitantes
2053 1826 2111 1862 se

646 1931 663 1962 ι
708 1914 932 1964 invicem
956 1911 1288 1972 custodiant;
1315 1922 1382 1960 ne
1418 1908 1615 1974 passim
1651 1906 1893 1973 vagando
1923 1904 2112 1956 existi-

647 2024 663 2051 ι
701 2003 985 2054 matiouem
1018 1999 1269 2052 Ecclesia:
1306 1998 1519 2049 laedant.
1560 2014 1580 2047 ι

638 2090 825 2144 BALS.
882 2090 1184 2143 Centesima
1276 2087 1526 2139 vicesima
1591 2086 1743 2137 tertia
1820 2082 2106 2137 Justiniani

566 2183 796 2243 novella,
847 2196 940 2234 seu
1002 2193 1117 2246 cap.
1166 2178 1218 2243 4,
1278 2178 1434 2245 primi
1492 2177 1570 2227 tit.
1606 2176 1699 2227 lib.
1731 2191 1806 2236 tv,
1840 2177 1949 2227 haec
1981 2174 2108 2227 dicit

568 2283 749 2341 aperte
817 2288 830 2323 :
889 2270 947 2323 In
999 2271 1244 2321 omnibus
1301 2279 1480 2320 autem
1556 2266 1917 2329 monasteriis,
1992 2281 2111 2333 qua:

566 2363 809 2417 etnuobia
839 2372 1119 2423 \‘0L‘8lllUI‘,
1148 2358 1414 2426 iubemus,
1446 2368 1522 2419 nt,
1554 2362 1847 2409 scentulum
1874 2369 2110 2407 canones

569 2452 914 2513 tuonasticos,
958 2454 1011 2501 in
1049 2464 1150 2501 uua
1192 2447 1349 2500 domo
1377 2460 1564 2498 omnes
1594 2445 1836 2497 habitent
1876 2454 1927 2496 et
1962 2457 2108 2496 coin-

565 2542 797 2595 muniter
846 2541 1080 2604 alantur,
1129 2547 1181 2590 et
1222 2537 1471 2590 similiter
1500 2537 1552 2587 in
1586 2551 1688 2587 ttna
1737 2536 1892 2587 domo
1920 2549 2109 2586 omnes

565 2633 851 2701 separatim
897 2631 1200 2692 dormiant;
1254 2639 1311 2680 ut
1362 2628 1461 2679 sibi
1528 2627 1755 2680 invicem
1824 2627 2110 2679 moderatae

566 2724 1019 2790 temperantisque
1090 2722 1208 2773 vitae
1279 2719 1506 2771 rationis
1571 2717 1937 2771 testimonium
1975 2732 2110 2783 prce-

566 2817 769 2867 beant:
824 2813 1010 2863 iisdem
1053 2808 1299 2862 omnibus
1334 2810 1493 2861 etiam
1546 2809 1596 2859 in
1635 2808 1955 2861 feminarum
1989 2823 2107 2861 mo-

568 2904 816 2958 nasteriis
864 2901 1255 2966 asceteriisque
1305 2898 1549 2952 servatis.
1612 2897 1854 2950 i’tmsens
1930 2908 2106 2949 autem

1806 261 2079 323 THEQD.
2113 261 2200 319 BA
2209 261 2505 328 LSAMON

652 397 670 429 r
704 377 990 449 Presbyter
1028 386 1203 431 autem
1255 384 1447 446 praeter
1491 376 1607 445 ejus
1638 378 1980 441 sententiam,
2017 392 2109 430 ne.
2141 386 2185 439 Α

3664 262 3769 327 178

2294 398 2313 432 r
2350 381 2405 434 δὲ
2439 384 2587 452 παρά
2616 382 2841 454 γνώμην
2871 390 3057 437 τούτου
3079 383 3183 436 οὐδ’
3224 382 3469 453 ἀνάγκης
3500 382 3769 434 συνωθου-

2293 490 2311 522 ‹
2350 490 2448 544 σης
2479 476 2799 539 καταλλάξει
2833 475 3210 545 μετανοοῦντα.
3238 494 3257 526 ι

2286 647 2347 699 ΟΞ
2372 648 2523 716 παρὰ
2547 648 2679 701 Θεοῦ
2703 650 2958 712 λαϐόντες
2982 650 3227 713 ἐξουσίαν
3250 650 3469 719 δεσμεῖν
3496 656 3591 702 καὶ
3611 648 3768 701 λύειν

2214 737 2343 806 πρὸς
2378 737 2475 807 τὴν
2506 738 2763 803 ποιότητα
2786 740 2890 793 τῶν
2915 740 3327 809 ἁμαρτημάτων
3372 744 3465 791 καὶ
3510 740 3609 806 τὴν
3637 740 3765 789 ἐπι-

2214 828 2448 895 στροφὴν
2501 828 2594 879 τοῦ
2636 830 3010 898 ἡμαρτηκότος
3065 830 3131 881 τά
3177 830 3430 896 ἐπιτίμια
3486 830 3762 897 όρίσουσι.

2217 918 2590 985 Πρεσϐύτερος
2623 919 2677 970 δὲ
2714 921 2864 987 παρὰ
2896 921 3118 989 γνώμην
3165 920 3261 973 τοῦ
3293 922 3594 973 ἐπισκόπου
3631 918 3762 971 οὕτε

2212 1006 2393 1068 αῦξειν
2424 1009 2455 1073 ἢ
2488 1009 2671 1077 μειοῦν
2698 1010 2835 1062 αύτά
2858 1011 3101 1074 δύναται,
3130 1010 3253 1062 οὔτε
3281 1021 3409 1072 τους
3442 1009 3769 1079 μετανοοῦν-

2212 1114 2310 1159 τας
2344 1100 2752 1161 καταλλάσσειν,
2783 1100 2880 1152 κᾶν
2914 1104 3167 1169 ἀποδημῇ
3221 1102 3250 1152 ό
3293 1102 3607 1164 ἐπίσκοπος,
3666 1103 3767 1153 καὶ

2213 1189 2323 1241 τῶν
2346 1190 2504 1244 θείων
2524 1193 2719 1255 αὐτοὺς
2748 1193 2933 1258 ἀξιοῦν
2960 1196 3338 1263 ἀγιασμάτων.

2806 1369 3043 1421 ΚΑΝΩΝ
3076 1371 3187 1423 MZ'

2216 1472 2232 1503 ι
2278 1455 2407 1522 Περὶ
2444 1456 2747 1524 παρθένων.
2782 1458 2940 1511 Ὥστε
2989 1462 3085 1521 τὰς
3121 1461 3270 1529 ιεράς
3293 1461 3614 1532 παρῦένους,
3666 1463 3761 1514 ὅτι

2293 1562 2311 1593 r
2349 1545 2456 1596 τῶν
2484 1548 2734 1616 πατέρων
2762 1549 3121 1618 χωρίσωνται,
3163 1549 3221 1612 ἐξ
3253 1543 3328 1603 ὧν
3373 1549 3758 1617 ἐφυλάττοντο,

2288 1650 2307 1682 r
2346 1636 2411 1701 τῇ
2462 1634 2555 1685 τοῦ
2604 1637 2919 1699 ἐπισκόπου,
2976 1638 3007 1704 ἢ
3063 1638 3228 1691 αὑτοῦ
3280 1641 3507 1701 ἀπόντος
3566 1643 3632 1710 τῇ
3659 1640 3765 1692 τοῦ

2284 1740 2302 1771 r
2342 1724 2708 1793 πρεσϐυτέρου
2739 1728 2965 1794 προνοίᾳ
3011 1730 3131 1789 ταῖς
3155 1731 3506 1798 τιμιωτέραις
3530 1730 3747 1797 γυναιξὶ

2288 1830 2304 1861 r
2343 1814 2756 1880 παρατίθεσθαι,
2792 1816 2824 1883 ἢ
2852 1818 2967 1883 ἀμα
3000 1818 3358 1880 κατοικούσας
3402 1821 3633 1888 ἀλλήλας
3663 1838 3764 1887 φυ-

2289 1921 2307 1952 r
2347 1903 2579 1965 λάττειν,
2614 1906 2698 1956 ἵνα
2724 1906 2795 1973 μὴ
2823 1907 3098 1975 πανταχοῦ
3127 1908 3461 1978 πλαζόμεναι
3504 1910 3601 1975 τὴν
3626 1910 3763 1961 ὑπό-

2287 2015 2304 2042 r
2347 1995 2503 2063 ληψιν
2543 1994 2783 2062 βλάψωσι
2815 1999 2913 2063 τῆς
2957 1998 3302 2065 Ἐκκλησίας.
3340 2018 3357 2047 ι

2282 2085 2471 2136 ΒΑΛΣ.
2518 2084 2578 2135 Ἠ
2614 2086 2712 2153 μὲν
2743 2092 2862 2155 ρκγ¹
2909 2088 3338 2148 Ἰουστινιάνειος
3367 2091 3554 2157 νεαρὰ,
3592 2092 3767 2159 ἤγουν

2209 2175 2269 2225 τὸ
2297 2176 2337 2227 δ’
2368 2193 2494 2242 κεφ.
2531 2175 2622 2229 τοῦ
2676 2175 2724 2228 α’
2756 2177 2935 2230 τίτλου
2975 2178 3071 2231 τοῦ
3105 2178 3145 2230 δ’
3186 2181 3393 2248 βιὸλίου
3427 2183 3562 2247 ’ρησὶ
3591 2184 3764 2234 ταῦτα

2213 2266 2391 2334 ῥητῶς
2416 2282 2429 2295 '
2466 2267 2553 2317 Ἐν
2584 2268 2753 2320 ἅπασι
2787 2268 2843 2319 δὲ
2874 2272 2984 2329 τοῖς
3040 2272 3443 2340 μοναστηρίοις,
3473 2273 3613 2340 ἆπερ
3651 2292 3763 2325 κοι-

2213 2355 2359 2407 νόϐια
2394 2355 2704 2419 καλοῦνται,
2736 2359 3031 2428 κελεύομεν
3083 2364 3223 2413 κατά
3263 2364 3389 2423 τοὺς
3440 2366 3763 2431 μοναχικοὺς

2211 2448 2438 2508 κανόνας
2471 2452 2527 2499 ἐν
2555 2450 2635 2499 ἐν).
2668 2448 2799 2518 οἴκῳ
2827 2452 3033 2514 πάντας
3064 2456 3253 2515 οἰκεῖν,
3284 2457 3376 2506 καὶ¹
3412 2456 3605 2517 κοινῶς
3632 2459 3762 2522 τρι-Ξ-

2211 2538 2422 2603 φεσθαι,
2460 2541 2598 2591 κατά
2655 2541 2744 2591 τὸν
2788 2544 2975 2610 ὅμοιον
3030 2544 3247 2612 τρόπον,
3284 2545 3376 2596 καὶ
3428 2547 3483 2595 ἐν
3521 2546 3598 2595 ἐνὶ
3625 2546 3767 2611 οἴκῳ

2211 2627 2416 2688 πάντας
2471 2630 2890 2696 κεχωρισμένως
2940 2631 3245 2698 καθεύδειν,
3300 2633 3437 2685 ὥστε
3469 2635 3765 2701 ἀμοιϐαδὸν

2210 2716 2458 2785 ἀλλήλοις
2489 2718 2793 2786 μαρτυρίαν
2844 2719 2939 2787 τῆς
2973 2719 3246 2788 σώφρονος
3281 2722 3556 2789 διαγωγῆς
3606 2739 3762 2789 παρ-

2211 2807 2352 2873 έχειν
2381 2808 2607 2869 αὐτούς·
2643 2802 2847 2860 τούτων
2876 2811 3129 2862 ἁπάντων
3161 2813 3253 2863 καὶ
3313 2815 3442 2879 περὶ
3474 2812 3542 2863 τὰ
3593 2830 3763 2881 μονα-

2212 2898 2405 2966 στήρια
2434 2898 2526 2950 καὶ
2551 2898 2855 2966 ἀσκητήρια
2881 2900 2987 2951 τῶν
3018 2901 3292 2965 γυναικῶν
3346 2903 3765 2970 παραφυλαττο-

563 3011 732 3045 canon
772 2992 977 3052 statuit,
1018 2998 1074 3041 ut
1112 2988 1343 3056 virgines
1373 2985 1476 3038 Deo
1509 2986 1786 3051 dedicatur,
1818 3003 1846 3037 a
1880 2986 2108 3053 praptiis

2217 2987 2389 3051 μένων
2412 3001 2425 3013 ·
2454 2988 2482 3038 ό
2516 2988 2570 3038 δὲ
2596 2988 2782 3054 παρὼν
2808 2988 2984 3039 κανὼν
3018 2989 3308 3058 διορίζεται
3358 2994 3455 3052 τὰς
3483 2991 3764 3044 ἀνατεθει-

567 3085 808 3153 patribus
872 3090 1153 3149 separatre,
1186 3094 1284 3132 non
1320 3094 1413 3146 per
1444 3094 1500 3131 se
1528 3080 1719 3145 degant
1749 3095 1761 3130 :
1796 3077 1886 3130 sed
1917 3080 2039 3143 quia
2079 3092 2106 3127 a

567 3180 807 3246 patribus
834 3175 1212 3234 servabantur,
1254 3180 1373 3240 post
1404 3186 1584 3223 earum
1630 3181 1803 3222 autem
1842 3170 1895 3220 in
1930 3169 2107 3222 eccle-

564 3271 639 3320 sia
674 3265 1091 3326 dedicationem,
1120 3276 1179 3314 ea
1213 3274 1419 3329 patrum
1448 3260 1686 3313 custodia
1714 3268 1765 3312 et
1797 3259 2108 3311 observatio

565 3359 833 3420 cessavit;
861 3352 1323 3420 deheutepiseOpi,
1355 3351 1435 3403 vel
1464 3351 1526 3402 iis
1553 3350 1863 3402 absentibus
1888 3349 2110 3416 presby-

572 3447 699 3509 teri,
724 3461 813 3497 cas
846 3442 1163 3495 venerandis
1202 3438 1511 3492 mulieribus
1558 3437 1788 3499 tradere,
1841 3447 1896 3487 ut
1942 3438 2008 3489 ab
2048 3436 2113 3487 iis

568 3554 664 3604 per
727 3548 1067 3589 communem
1114 3533 1234 3584 vita:
1290 3530 1603 3583 80cictatcm
1662 3533 1962 3580 scrvctntttr.
2018 3526 2111 3579 Siti

565 3629 766 3687 minus,
826 3638 1013 3676 omnes
1057 3636 1226 3675 sacra:
1281 3620 1512 3686 virgines
1564 3618 1721 3671 simul
1779 3617 2114 3679 habitent,ut

567 3717 725 3772 simul
787 3716 1024 3765 viventes
1080 3712 1282 3777 seipsas
1351 3711 1575 3760 invicem
1629 3716 1843 3760 servent
1881 3723 1893 3757 :
1929 3716 1979 3759 et
2007 3720 2112 3758 non

566 3817 809 3861 errantes
837 3843 851 3870 ,
916 3819 1009 3856 seu
1043 3802 1129 3855 hic
1178 3810 1228 3853 et
1265 3800 1369 3851 illic
1417 3796 2111 3866 agentes,‘ecclesiasticam

564 3903 685 3951 vitae
706 3902 1038 3951 honestatem
1062 3902 1114 3944 et
1142 3889 1560 3944 moderationem
1588 3888 1845 3955 polluant,
1864 3886 2112 3953 quoniam

569 4006 670 4042 non
702 3991 893 4041 benam
940 3985 1019 4036 sui
1080 3980 1528 4035 existimationem
1578 3979 1864 4044 pra-beant.
1898 3977 1959 4029 Et
2007 3976 2117 4028 haec

568 4080 781 4145 (pridem
814 4076 955 4142 leges
978 4080 1031 4124 et
1081 4085 1337 4122 eanoncs.
1380 4067 1546 4121 llodie
1576 4078 1749 4118 autem
1778 4081 1961 4133 parum
1993 4064 2116 4133 quid

567 4183 748 4221 eorum
784 4167 863 4219 vel
904 4160 1285 4232 propemodum
1333 4159 1463 4211 nihil
1504 4160 1579 4210 ﬁt.
1635 4156 1766 4209 Nam
1800 4169 1969 4222 neque
2005 4170 2122 4207 mo-

568 4260 723 4312 nachi
803 4254 1253 4309 monasteriolum
1318 4249 1551 4301 virorum
1610 4247 1771 4299 simul
1854 4246 2113 4305 habitant,

2217 3077 2378 3143 μένας
2434 3077 2512 3145 τῷ
2546 3076 2662 3145 Θεῷ
2701 3078 3019 3147 παρθένους,
3081 3081 3451 3150 χωριζομένας
3505 3083 3613 3135 ἀπὸ
3653 3083 3769 3135 τῶν

2211 3168 2423 3218 οἰκηίων
2450 3170 2720 3236 πατέρων,
2756 3168 2830 3236 μὴ
2850 3168 2972 3219 καθ’
2998 3170 3195 3233 ἑαυτὰς
3222 3172 3427 3238 διάγειν
3448 3213 3463 3237 ,
3496 3174 3611 3226 ἀλλ’
3640 3175 3771 3225 ἐπεὶ·

2213 3258 2361 3323 παρά
2390 3257 2498 3306 τῶν
2530 3258 2781 3324 πατέρων
2812 3259 3189 3324 ἐφυλάττοντο,
3223 3263 3255 3329 ἡ
3288 3261 3342 3313 δέ
3394 3263 3614 3330 τοιαύτη
3664 3280 3767 3331 φυ-

2211 3346 2351 3414 λακὴ
2381 3347 2516 3413 μετά
2547 3347 2645 3414 τὴν
2671 3349 2748 3403 είς
2778 3347 2873 3415 τὴν
2912 3348 3233 3415 Ἐκκλησίαν
3278 3351 3531 3403 ἀνάθεσιν
3581 3351 3766 3403 αὐτῶν

2214 3435 2524 3500 ἀπέλειψεν,
2560 3436 2863 3499 ὀφείλουσιν
2894 3439 2942 3487 οἱ
2975 3438 3260 3490 ἐπίσκοποι
3288 3439 3318 3506 ἢ
3366 3438 3574 3492 τούτων
3595 3441 3767 3492 ἀπόν-

2213 3540 2318 3573 των
2336 3523 2385 3573 οἱ
2410 3522 2764 3591 πρεσϐύτεροι
2798 3524 3146 3591 παραδιδόναι
3192 3525 3388 3588 ταύτας
3422 3530 3645 3596 σεμναῖς
3668 3545 3768 3595 γυ-

2217 3611 2407 3675 ναιξὶν,
2447 3612 2529 3677 ἐφ’
2563 3609 2604 3675 ᾧ
2635 3613 2739 3663 ὑπὸ
2768 3613 2971 3664 τούτων
3002 3614 3089 3665 διὰ
3137 3614 3235 3696 ξῆς
3259 3617 3527 3684 όμοζωϊας
3565 3618 3767 3683 φυλάτ-

2220 3702 2429 3755 τεσθαι.
2470 3704 2544 3754 Ἢ
2571 3704 2618 3754 εί
2653 3703 2726 3771 μὴ
2784 3702 2961 3765 τοῦτο,
2999 3704 3178 3763 πάσας
3230 3706 3325 3765 τὰς
3366 3707 3515 3773 ἱερὰς
3565 3706 3771 3769 ταύτας

2217 3794 2512 3861 παρθένους
2538 3793 2669 3860 ὁμοῦ
2703 3796 2996 3857 κατοικεῖν,
3032 3796 3116 3845 ἵνα
3146 3794 3383 3857 συζῶσαι
3414 3796 3773 3861 φυλάττωσιν

2215 3884 2468 3953 ἀλλήλας,
2503 3884 2595 3935 καὶ
2626 3884 2698 3952 μὴ
2725 3884 3077 3951 πλαζόμεναι,
3135 3887 3302 3954 ἡγουν
3357 3886 3482 3954 τῇδε
3536 3887 3767 3937 κάκεῖσε

2214 3975 2585 4044 διατρίϐουσαι
2642 3974 2738 4043 τὴν
2770 3976 3228 4044 ἐκκλησιαστικὴν
3278 3977 3575 4045 εὐκοσμίαν
3606 3978 3770 4047 μολύ-

2220 4083 2350 4119 νωσι
2381 4066 2467 4117 διὰ
2525 4066 2618 4116 τοῦ
2664 4066 2864 4118 διδόναι
2904 4068 3004 4118 οὐκ
3055 4067 3261 4134 ἀγαθὰς
3306 4068 3594 4135 ὑπολήψεις
3648 4068 3767 4119 κατ’

2215 4158 2414 4210 αὐτῶν.
2443 4142 2553 4209 Ral
2584 4162 2609 4210 ὁ
2643 4159 2740 4225 μὲν
2770 4159 2930 4226 νόμος
2960 4161 3050 4210 καὶ
3074 4161 3123 4209 οι
3168 4162 3393 4221 κανόνες
3446 4161 3503 4211 ἐν
3537 4159 3764 4217 τούτοις

2218 4251 2454 4316 σήμερον
2503 4248 2561 4298 δὲ
2610 4247 2714 4299 ἀπὸ
2744 4248 2947 4299 τούτων
2998 4248 3138 4309 τέως
3189 4250 3265 4309 είς
3302 4248 3447 4316 ἡμᾶς
3508 4247 3765 4317 μικρὸνῆ

567 4366 739 4416 neque
775 4346 1017 4399 ascetria:
1050 4361 1062 4395 :
1102 4343 1151 4395 in
1182 4343 1310 4395 solis
1339 4349 1513 4391 autem
1545 4338 1824 4390 mulierum
1857 4336 2115 4390 cmttobiis

2221 4339 2369 4390 οὐδὲν
2403 4338 2585 4405 σχεδὸν
2617 4338 2860 4403 γίνεται·
2891 4336 3013 4389 οὗτε
3046 4339 3153 4407 γάρ
3206 4339 3253 4388 οἱ
3292 4338 3517 4405 μοναχοὶ
3550 4338 3656 4389 τῶν
3682 4338 3769 4388 ἀν-

569 4438 911 4492 monasteriis
938 4446 1185 4488 servatur
1214 4434 1327 4485 haec
1381 4429 1680 4482 communis
1712 4428 1870 4480 simul
1909 4428 2117 4480 vivendi

568 4532 705 4582 ratio
740 4537 791 4581 et
860 4526 1140 4579 habitatio.
1193 4524 1342 4589 Apud
1372 4520 1593 4573 Latinos
1620 4530 1798 4573 autem
1842 4521 2121 4587 hucusque

568 4630 809 4673 servatur
838 4632 900 4670 ea
930 4616 1048 4667 vita:
1080 4615 1235 4666 ratio.
1266 4612 1465 4666 Omnes
1511 4612 1653 4663 enitn
1685 4610 1933 4664 monachi
1962 4610 2119 4663 simul

565 4716 851 4765 comedunt
877 4721 930 4764 et
970 4708 1262 4762 dormiunt.
1334 4704 1471 4772 Lege
1516 4714 1565 4756 et
1608 4719 1865 4757 eanonem
1912 4705 1942 4755 6
1984 4718 2121 4770 prte-

570 4804 737 4856 sentis
771 4800 957 4869 synodi
1003 4812 1055 4850 et
1087 4813 1203 4865 qua:
1240 4798 1289 4848 in
1343 4810 1406 4848 eo
1455 4804 1576 4846 sunt
1620 4793 1808 4863 (fusius
1838 4794 1979 4844 enim
2010 4793 2115 4844 illic

571 4901 857 4945 tractatum
915 4899 1015 4948 est,
1083 4887 1347 4954 quomodo
1401 4894 1788 4935 consecrantur
1841 4882 2113 4947 virgines,

567 4991 728 5037 etiam
757 4986 871 5035 sine
898 4980 1193 5033 monachali
1222 4977 1448 5046 habitu),
1477 4986 1527 5028 et
1561 4990 1814 5028 canonem
1849 4975 1913 5027 18
1947 4976 2118 5028 sancti

570 5076 771 5129 Basilii.

639 5337 884 5392 ZONAR.
920 5336 1080 5388 SCXIO
1106 5334 1266 5402 hujus
1297 5332 1483 5401 synodi
1509 5346 1709 5384 canone
1739 5332 1802 5384 de
1824 5330 2119 5396 puellarum

575 5432 983 5485 consecratione
1022 5436 1104 5478 est
1137 5436 1333 5477 artum.
1378 5423 1521 5485 Quas
1571 5424 1729 5490 igitur
1777 5422 1846 5473 ibi
1885 5428 2123 5473 sacratas

570 5524 794 5591 puellas,
860 5519 959 5571 hoc
994 5518 1109 5567 loco
1146 5530 1329 5567 sacras
1364 5513 1598 5579 virgines
1647 5513 1958 5563 nominavit.
1987 5510 2115 5562 Nam

574 5630 666 5681 pro
700 5609 991 5677 virginibus
1015 5607 1306 5675 puellarum
1343 5620 1534 5655 nomen
1586 5618 1841 5669 usurpare
1879 5619 1989 5655 mos
2014 5610 2113 5655 est.

2219 4428 2404 4498 δρῲων
2430 4428 2804 4496 μοναστηρίων
2822 4426 2956 4495 ὁμοῦ
2983 4426 3350 4489 κατοικοῦσιν,
3370 4426 3490 4479 οὔτε
3513 4428 3569 4479 αἱ
3595 4429 3768 4495 ἀσκή-

2216 4536 2365 4586 τριαι
2387 4532 2399 4544 °
2432 4519 2517 4579 είς
2546 4518 2681 4584 μόνα
2713 4518 2767 4569 δὲ
2800 4520 2867 4569 τὰ
2900 4519 3183 4583 γυναικεῖα
3214 4517 3453 4568 κοινόϐια
3504 4528 3773 4585 μοναστῄ-

2225 4624 2315 4675 ρια
2347 4607 2688 4674 συντηρεῖται
2719 4609 2749 4674 ἡ
2783 4606 2934 4674 κοινὴ
2964 4606 3139 4657 δίαιτα
3168 4607 3262 4657 καὶ
3297 4606 3565 4657 κατοικία.
3599 4608 3686 4667 Εἰς
3712 4607 3768 4658 δὲ

2219 4695 2340 4756 τοὺς
2362 4695 2616 4758 Λατίνους
2642 4698 2773 4756 τέως
2805 4697 2832 4763 ίι
2864 4696 3274 4763 τοιουτότροπος
3297 4695 3540 4763 διαγωγὴ
3574 4712 3774 4763 συντη-

2227 4789 2417 4856 ρεῖται.
2456 4788 2659 4847 Πάντες
2685 4789 2791 4855 γὰρ
2825 4787 2873 4836 oi
2914 4790 3133 4855 μοναχοὶ
3191 4787 3326 4855 ὁμοῦ
3381 4788 3473 4838 καὶ
3532 4787 3772 4837 ἐσθίουσι

2226 4879 2315 4928 καὶ
2339 4876 2729 4928 ὑπνώττουσιν.
2775 4877 3071 4943 Ἀνάγνωθι
3105 4878 3197 4927 καὶ
3227 4879 3313 4928 τὸν
3345 4877 3399 4938 ς’
3454 4878 3649 4928 κανόνα
3676 4877 3775 4942 τῆς

2227 4967 2501 5035 παρούσης
2527 4969 2763 5030 συνόδου,
2792 4969 2884 5019 καὶ
2913 4969 2979 5019 τά
3005 4970 3060 5018 ὲν
3092 4968 3241 5036 αὐτῷ
3276 4968 3641 5035 (πλατύτερον
3666 4969 3774 5035 γάρ

2227 5059 2401 5108 ἐκεῖσε
2437 5058 2694 5126 διελήςρθη
2736 5058 2850 5120 πῶς
2911 5059 3169 5127 παρθένοι
3228 5058 3622 5127 καθιεροῦνται,
3678 5062 3775 5109 καὶ

2226 5148 2344 5214 δίχα
2377 5148 2467 5199 τοῦ
2500 5149 2824 5215 μοναστικοῦ
2884 5151 3194 5219 σχήματος)
3229 5150 3438 5201 καὶτὸν
3473 5157 3540 5219 ιη’
3575 5151 3778 5201 κανόνα.

2224 5238 2317 5289 τοῦ
2353 5241 2506 5303 ἁγίου
2537 5240 2837 5293 Βασιλεὶου.

2298 5330 2539 5382 ΖΩΝΑΡ.
2584 5332 2668 5381 ‘Ev
2701 5332 2843 5400 ἕκτῳ
2872 5334 3050 5383 κανόνι
3084 5336 3181 5401 τῆς
3227 5333 3503 5401 παρούσης
3560 5334 3776 5385 συνόδου

2229 5423 2444 5489 εἴρηται
2484 5422 2603 5487 περὶ
2636 5424 2807 5491 κορῶν
2836 5422 3240 5490 καθιερώσεω;.
3304 5428 3399 5486 “Ac
3428 5425 3557 5491 γοῦν
3586 5426 3775 5475 ἐκάλε-

2229 5530 2317 5563 σεν
2353 5516 2463 5562 ἐκεῖ
2491 5515 2654 5581 κόρας
2687 5514 3132 5581 καθιερουμένας,
3174 5515 3409 5567 ἐνταῦθα
3459 5516 3607 5583 ἱερὰς
3633 5514 3773 5581 παρ-

2229 5606 2409 5655 Οένουε
2443 5604 2711 5670 ὠνόμασε.
2778 5605 2958 5671 Κόρας
3014 5606 3119 5673 γὰρ
3176 5607 3267 5667 τὰς
3324 5606 3785 5673 παρ⁶1ἐνου;ξο0-;ο
