4018 6310
220 472 320 535 177

1236 461 1315 519 IN
1343 458 1506 520 CAN.
1546 413 1788 517 mm
1825 456 2030 517 coxo.
2061 453 2434 514 caurum.

3326 437 3423 497 178

220 586 423 637 καλεῖν.
506 579 941 649 Ἀνατιθεμένων
1004 574 1098 628 οὖν
1173 573 1252 641 τῷ
1315 570 1433 639 Θεῷ
1496 569 1777 639 παρθένων

1893 568 2006 633 Quin
2035 582 2092 621 se
2117 581 2247 636 ergo
2285 565 2522 632 virgines
2559 561 2668 612 Deo
2701 557 2970 614 dicabant,
3011 551 3420 602 continentiam-

221 677 474 745 ἁγνεύειν
505 669 881 742 ὀμολογουσῶν
904 670 933 722 ὁ
958 668 1255 726 ἐπίσκοπος
1283 663 1450 723 αύτάς
1474 661 1774 728 ἀνεδέχετο.

223 771 388 832 Λέγει
419 761 514 818 οὖν
560 765 590 816 ὁ
635 761 816 814 κανὼν
845 760 926 813 δτι
957 759 1041 812 δεῖ
1082 757 1174 809 τὸν
1209 754 1505 808 ἐπίσκοπον
1535 753 1780 820 προνοεῖν

223 856 428 918 αὐτῶν,
453 854 487 924 ἢ
524 855 616 908 ὅτε
663 853 880 912 ἄπεστι,
911 849 1040 910 τοὺς
1072 844 1497 916 πρεσϐυτέρους,
1533 841 1625 894 καὶ
1660 839 1775 891 ἐπεὶ

223 947 528 999 διίστανται
559 943 670 997 τῶν
693 942 942 1009 πατέρων
971 937 1152 990 αὐτῶν
1187 936 1278 1004 ὑφ’
1305 929 1380 988 ὧν
1401 931 1781 1000 ἐφυλάττοντο,

225 1033 619 1106 παραδίδοσθαι
649 1032 818 1093 αύτάς
850 1030 1078 1098 σεμναῖς
1120 1026 1392 1095 γυναιξὶν,
1422 1023 1564 1077 ὥστε
1605 1037 1785 1073 συνοιο

227 1130 343 1180 κεῖν
383 1127 596 1186 αὐταῖς,
627 1126 721 1176 καὶ
749 1117 1171 1189 καταρτίζεσθαι
1198 1119 1277 1178 είς
1299 1115 1515 1185 ἀρετὴν,
1548 1114 1581 1182 ἢ
1607 1113 1785 1172 πάσας

225 1219 326 1279 τὰς
359 1216 513 1286 ίεράς
540 1213 742 1273 ταύτας
769 1210 1072 1280 παρθένους
1092 1206 1225 1275 όμοῦ
1262 1207 1548 1268 συνοικεῖν,
1579 1205 1664 1255 ἶνα
1690 1217 1784 1252 συ-

227 1311 402 1374 ζῶσαι
433 1307 608 1375 ὁρῷεν
649 1304 903 1373 ἀλλήλας,
927 1303 1020 1354 καὶ
1048 1300 1389 1368 φυλάττοιεν,
1422 1297 1516 1350 καὶ
1552 1295 1627 1364 μὴ
1651 1295 1784 1348 πλα-

229 1400 480 1464 ζόμεναι,
508 1396 674 1464 ἤγουν
707 1393 836 1462 τῇδε
870 1392 1096 1444 κάκεῖσε
1143 1384 1455 1453 περιιοῦσαι
1478 1424 1494 1448 ,
1528 1387 1623 1439 καὶ
1656 1383 1790 1436 πλα-

229 1487 473 1556 νώμεναι
512 1482 756 1553 βλάψωσι
812 1480 908 1550 τὴν
964 1477 1232 1546 ὑπόληψιν
1290 1477 1390 1544 τῆς
1444 1473 1787 1542 Ἐκκλησίας,

229 1579 511 1631 τουτέστιν
545 1573 956 1641 ὑπολαμόάνειν
979 1571 1081 1623 οὐκ
1108 1569 1318 1635 ἀγαθὰς
1352 1568 1653 1634 ὑπολήψεις
1683 1582 1788 1619 πα-

238 1664 623 1736 ρασκευάσωσί
650 1681 808 1726 τινας
840 1663 967 1731 περὶ
988 1662 1084 1729 τῆς
1101 1657 1452 1727 Ἐκκλησίας.
1499 1655 1790 1725 Ἐκκλησία

229 1760 286 1811 δέ
315 1761 466 1811 ἐστιν
496 1759 526 1810 ὁ
565 1756 673 1810 τῶν
705 1754 912 1808 πιστῶν
945 1750 1268 1820 ἀθροισμός.

231 1936 458 1990 ΑΡΙΣΤ.
497 1955 516 1987 ι
559 1936 627 1989 Ἦ
656 1935 742 1988 διά
775 1935 1068 2002 παρθενίαν
1096 1933 1189 1986 τοῦ
1221 1932 1427 2002 πατρὸς
1455 1931 1793 2000 ἀφισταμένη

273 2046 291 2076 ι
334 2029 457 2088 ταῖς
488 2027 849 2096 τιμιωτάταις
878 2025 984 2076 τῶν
1010 2023 1290 2092 γυναικῶν
1319 2021 1703 2093 παρατίθεται.
1733 2042 1751 2076 ι

304 2208 397 2259 Δεῖ
430 2208 522 2259 τὸν
542 2207 838 2261 ἐπίσκοπον
867 2207 977 2259 τῶν
1021 2207 1181 2277 ἱερῶν
1216 2208 1503 2276 παρθένων
1550 2208 1795 2260 τίθεσθαι

232 2297 493 2363 πρόνοιαν
523 2312 537 2327 ⁸
571 2297 662 2350 καὶ
693 2298 743 2348 εί
774 2297 881 2349 τῶν
910 2297 1130 2349 οἰκείων
1164 2297 1417 2367 πατέρων
1443 2290 1607 2350 αζται
1634 2315 1796 2366 χωρι-

232 2384 429 2449 σθῶσι,
458 2386 590 2454 παρ’
620 2381 696 2439 ὧν
723 2386 1100 2452 ἐφυλάττοντο,
1149 2389 1271 2449 ταῖς
1303 2388 1661 2455 τιμιωτάταις
1693 2405 1793 2454 γυ·-

232 2477 411 2541 ναιξὶν
442 2478 524 2538 είς
579 2478 909 2546 ἐπιτήρησιν
940 2477 1446 2548 παραδιδόσθωσαν,
1504 2481 1643 2534 ὥστε
1677 2481 1794 2548 ἅμα

232 2566 470 2636 ἀλλήλας
501 2569 804 2620 κατοικεῖν.

807 2656 1042 2710 ΚΔΝΩΝ
1081 2658 1221 2711 MH'.

236 2764 258 2796 ι
310 2745 449 2814 Περὶ
472 2745 582 2798 τῶν
609 2745 980 2800 ἀσθενούντων
1017 2747 1110 2800 καὶ
1148 2749 1288 2816 ὑπὲρ
1331 2748 1509 2801 αὐτῶν
1560 2750 1791 2818 ἀποκρί-

313 2850 331 2882 ι
368 2831 558 2883 νεσθαι
592 2831 667 2900 μὴ
706 2833 1037 2901 δυναμένων.
1066 2835 1228 2887 Ὥστε
1260 2837 1383 2898 τοὺς
1415 2837 1790 2901 ἀσθενοῦντας,

308 2941 326 2972 ι
363 2922 562 2984 οἵτινες
593 2923 736 2989 ὑπὲρ
771 2923 978 2976 ἐαυτῶν
1032 2926 1424 2994 ἀποκρίνεσθαι
1487 2930 1546 2980 οὐ
1607 2929 1796 2982 δύναν-

308 3031 326 3061 c
367 3031 478 3077 ται,
545 3013 665 3066 τότε
701 3013 1074 3082 βαπτίζεσθαι,
1117 3017 1204 3069 ὅτε
1251 3021 1313 3085 τῇ
1370 3019 1549 3070 αὐτῶν
1605 3038 1793 3089 προαι-

312 3125 329 3156 σ
372 3108 520 3172 ρέσει
569 3105 671 3172 τὴν
701 3105 830 3174 περὶ
860 3105 1037 3158 αὐτῶν
1071 3109 1375 3177 μαρτυρίαν
1409 3110 1636 3179 κινδύνῳ
1681 3110 1792 3179 ἰδίῳ

308 3216 324 3243 ε
371 3214 391 3247 ε
403 3197 615 3248 ῖπωσιν.
655 3214 673 3247 ι

301 3287 501 3339 ΒΑΛΣ.
523 3287 678 3350 Τινὲς
711 3287 939 3356 ἐζήτουν
964 3287 1224 3350 ἀπίστους
1255 3289 1404 3352 τινὰς
1426 3290 1789 3359 βαπτισθῆναι

231 3376 381 3429 κατά
412 3377 507 3438 τὰς
535 3376 856 3438 τελευταίας
881 3377 1058 3430 αὐτῶν
1077 3379 1370 3438 άναπνοάς·
1400 3397 1431 3430 κ
1448 3381 1503 3431 αὶ
1527 3380 1625 3431 οὐκ
1647 3382 1795 3448 εἰση-

237 3464 484 3530 κούοντο,
512 3465 598 3518 διὰ
637 3465 700 3516 τὸ
749 3465 879 3528 τοὺς
925 3465 1280 3529 ἀσθενοῦντας
1320 3474 1393 3536 μὴ
1441 3469 1698 3521 δύνασθαι
1726 3471 1792 3522 δι’

242 3552 457 3604 ἑαυτῶν
495 3552 777 3620 ὁμολογεῖν
812 3553 911 3616 τάς
946 3554 1038 3606 τοῦ
1073 3556 1228 3621 ἀγίου
1263 3554 1636 3623 βαπτίσματος
1673 3574 1794 3609 συν·

238 3641 431 3704 θήκας.
457 3642 735 3708 Φασὶγοῦν
769 3645 814 3695 οί
841 3644 1080 3714 Πατέρες
1118 3647 1216 3707 ὅτι,
1253 3645 1346 3697 ἐάν
1367 3646 1414 3697 οί
1446 3647 1793 3710 ἀσθενο”ντες

236 3729 450 3794 δείξωσι
475 3733 798 3802 προαίρεσιν
829 3735 960 3802 περὶ
991 3735 1083 3787 τοῦ
1114 3735 1318 3788 ἐθέλειν
1348 3736 1544 3798 αὐτοὺς
1597 3737 1789 3805 βαπτι-

239 3821 454 3890 σθῆναι,
494 3825 588 3875 καὶ
648 3826 842 3877 εἴπωσι
875 3826 1106 3896 κινδύνῳ
1151 3827 1264 3894 ῖδίῳ
1301 3827 1480 3897 ζητεῖν
1507 3829 1567 3879 τὸ
1606 3829 1798 3896 βάπτι-

239 3929 375 3979 σμα,
428 3915 920 3983 ἀπαρεμποδίττως
974 3916 1453 3986 βαπτισθήσονται,
1483 3920 1550 3971 δι’
1590 3921 1793 3989 ἐτέρων

236 4006 332 4067 τὰς
363 4005 657 4073 ὁμολογίας
695 4006 1027 4074 ποιούμενοι.
1060 4008 1169 4060 Καὶ
1192 4008 1347 4060 τοῦτο
1373 4009 1492 4076 μὲν,
1516 4011 1603 4062 ὅτε
1637 4011 1796 4079 τυχὸν

238 4095 295 4145 ἐν
331 4097 410 4162 τῷ
444 4095 748 4165 τελευτᾷνὴ
781 4097 999 4167 τοιαύτη
1042 4099 1246 4151 τούτων
1283 4101 1598 4168 προαίρεσις
1631 4102 1799 4153 κατά-

235 4186 393 4251 δηλος
418 4187 665 4254 γένηται.
705 4188 766 4239 Εἰ
795 4188 848 4239 δὲ
881 4189 1002 4240 τότε
1044 4191 1143 4256 μὲν
1173 4191 1327 4242 οὐδέν
1367 4208 1418 4242 τι
1449 4192 1688 4243 τοιοῦτον
1719 4193 1795 4243 εί-

240 4277 360 4324 πεῖν
390 4275 666 4338 δύνανται,
701 4275 788 4326 διά
839 4275 939 4342 τὴν
965 4276 1210 4344 ἀνάγκην
1239 4278 1336 4344 τῆς
1377 4279 1552 4340 νόσου,
1593 4296 1799 4346 μαρτυ-

239 4367 414 4432 ρεῖται
453 4366 512 4416 δὲ
546 4365 700 4429 παρά
753 4381 914 4416 τινων
945 4364 1019 4426 ὡς
1056 4366 1105 4417 οί
1147 4365 1376 4420 τοιοῦτοι
1425 4368 1517 4418 καὶ
1567 4365 1668 4438 πρὸ
1698 4369 1798 4436 τῆς

241 4455 439 4521 μανίας
461 4454 685 4523 τυχὸνῆ
724 4455 822 4522 τῆς
861 4455 1028 4523 ἄλλης
1077 4457 1434 4519 κινδυνώδους
1467 4459 1626 4510 νόσου
1678 4461 1797 4512 ὀλο-

1879 674 1982 728 que
2008 657 2421 727 proﬁtebantur,
2452 668 2545 706 eas
2601 650 2886 718 episcopus
2941 642 3259 711 excipiebat.
3297 639 3419 703 Epi-

1879 750 2026 817 scopi
2080 748 2243 816 igitur
2288 745 2368 798 vel
2415 742 2872 812 presbyterorum,
2909 745 2949 788 si
2996 736 3037 787 is
3093 734 3264 794 abest,
3296 744 3424 782 cura

1883 839 2322 906 providentiaque
2367 849 2459 888 eas
2494 831 2751 900 regendas
2801 843 2916 880 esse
2959 845 2972 880 :

3017 835 3072 877 et
3117 823 3367 888 quoniam
3399 838 3426 873 τι

1884 931 2197 998 parentibus
2282 928 2468 982 divisre
2547 934 2691 985 sunt,
2755 935 2980 988 quorum
3066 916 3233 967 oculis
3287 915 3426 964 domi

1884 1022 2330 1080 observabantur,
2386 1015 2624 1070 honestis
2677 1011 3012 1067 mulieribus.
3064 1023 3181 1060 cum
3236 1007 3430 1072 quibus

1887 1123 1992 1160 una
2033 1108 2282 1172 degentes
2337 1107 2401 1158 ad
2441 1105 2693 1156 virtutem
2740 1100 3113 1157 infortneutur,
3148 1110 3237 1148 eas
3273 1109 3434 1146 eoin-

1887 1198 2126 1253 mentiari
2155 1215 2216 1251 ac
2237 1197 2394 1258 tradi,
2414 1209 2582 1248 canon
2611 1193 2795 1258 jubet;
2821 1191 2902 1242 vel
2930 1190 2979 1240 in
3013 1201 3116 1239 uno
3143 1186 3434 1249 eodemque

1888 1290 2238 1344 centuliernlo
2272 1287 2428 1340 simul
2463 1301 2650 1338 omnes
2681 1282 2941 1351 ejusmodi
2990 1294 3172 1332 sacras
3203 1277 3432 1338 virgines

1890 1379 2103 1444 degere,
2137 1387 2195 1430 ut
2225 1384 2407 1428 mutuo
2437 1390 2556 1427 sese
2592 1381 2808 1439 aspectu
2840 1369 3075 1422 vicissim
3108 1365 3432 1423 cuslntliatil,

1891 1484 2064 1540 neque
2084 1484 2212 1522 vero
2245 1469 2347 1520 hnc
2381 1467 2507 1519 illud
2531 1474 2776 1518 errantes
2802 1477 2863 1516 ac
2905 1475 3048 1526 vagae
3081 1456 3433 1511 existimatio—

1894 1577 2011 1615 nem
2042 1560 2292 1615 Ecclesiae
2352 1559 2578 1623 laedant;
2631 1555 2733 1608 hoc
2781 1562 2882 1617 est,
2937 1547 3329 1617 suspicionibus
3374 1546 3440 1595 de

1895 1652 2131 1706 Ecclesia
2175 1666 2361 1720 parum
2411 1646 2711 1703 commodis
2771 1643 3113 1698 occasionem
3170 1637 3446 1690 nonnullis

1894 1744 2188 1810 praebeant.
2239 1741 2333 1794 Est
2389 1754 2517 1794 vero
2574 1737 2813 1792 Ecclesia
2856 1734 3086 1789 ﬁdelium
3162 1729 3441 1782 multitudo

1894 1835 2006 1885 sive
2029 1840 2345 1884 conventus.

1826 1891 1865 1944 Β
1898 1923 2121 1978 ARIST.
2169 1940 2187 1976 ι
2235 1923 2365 1988 Qua:
2403 1935 2432 1973 a
2463 1928 2616 1990 patre
2670 1917 2998 1989 virginitatis
3045 1914 3216 1983 gratia
3256 1924 3438 1965 seces-

2255 2011 2736 2067 venerabiliorihus
2831 2007 3045 2063 feminis
3107 2000 3448 2058 commendes

1972 2034 1990 2066 ι
2030 2013 2187 2075 serit,

1971 2124 1990 2155 ι
2029 2116 2134 2159 tur.
2170 2124 2188 2156 ι

1963 2194 2186 2264 Oportet
2238 2196 2545 2263 episc0pum
2595 2207 2866 2248 sacrarunt
2927 2188 3193 2258 virginum
3254 2198 3437 2238 curam

1897 2287 2114 2352 habere,
2146 2296 2197 2340 et
2227 2288 2270 2340 si
2302 2287 2403 2340 illa:
2438 2302 2466 2340 a
2496 2285 2609 2338 suis
2633 2283 2896 2349 patribus,
2927 2281 3122 2349 quibus
3159 2277 3440 2331 custodita:

1896 2377 2065 2440 fuere,
2123 2387 2465 2445 separentur,
2515 2372 2990 2427 veneranilissitnis
3037 2368 3353 2423 mulieribus
3390 2365 3439 2415 in

1894 2467 2324 2521 observationem
2364 2466 2666 2527 tradantur,
2703 2473 2760 2516 ut
2796 2478 2978 2517 secum
3016 2461 3244 2515 invicem
3274 2458 3442 2511 coha-

1896 2556 2092 2610 bitcnt.

2335 2646 2490 2715 57],
2517 2643 2741 2700 CANON
2781 2641 3004 2697 XLVI".

1900 2756 1918 2790 ι
1960 2737 2030 2792 De
2066 2738 2130 2791 iis
2156 2738 2242 2806 qui
2291 2750 2417 2792 sunt
2449 2737 2642 2790 inilrmi
2674 2745 2726 2790 et
2767 2750 2861 2804 pro
2902 2750 2960 2790 se
2990 2733 3312 2803 respondere
3349 2745 3444 2782 ne.-

1973 2848 1991 2880 ι
2029 2839 2248 2896 queunt.
2279 2826 2347 2881 Ut
2384 2829 2472 2897 qui
2502 2839 2625 2881 sunt
2657 2826 2873 2889 infirmi,
2905 2826 2992 2893 qui
3023 2823 3235 2890 quidem
3261 2835 3356 2888 pro
3388 2835 3446 2872 se

1975 2935 1993 2967 ι
2032 2919 2355 2985 respondere
2410 2933 2513 2970 non
2580 2923 2838 2982 possunt,
2911 2923 3033 2966 tunc
3083 2911 3444 2976 baptizeniur.

1971 3025 1990 3058 σ
2027 3011 2244 3075 quando
2268 3010 2538 3061 voluntate
2559 3023 2649 3060 sua
2675 3008 2739 3061 de
2759 3019 2816 3060 se
2843 3004 3204 3060 testimonium
3235 2999 3449 3070 prolirio

1970 3117 1989 3151 ι
2026 3100 2260 3168 periculo
2293 3101 2546 3154 dixerint.
2589 3118 2606 3149 ι

1965 3275 2155 3332 BALS.
2196 3275 2421 3341 Quidam
2450 3276 2722 3343 petebant,
2753 3283 2810 3328 ut
2842 3273 3084 3328 inﬁdeles
3113 3271 3347 3326 nonnulli
3383 3271 3447 3323 ad

1895 3378 2190 3422 extremum
2245 3367 2494 3432 spiritum
2562 3365 2969 3432 baptizarentur
3018 3379 3030 3416 :
3082 3377 3181 3415 uec
3233 3363 3449 3414 l'uemttt

1894 3457 2149 3516 exauditi.
2187 3470 2253 3509 eo
2281 3456 2418 3520 quod
2457 3469 2562 3508 non
2599 3457 2801 3522 possint
2832 3452 3031 3507 infirmi
3063 3468 3156 3523 per
3187 3467 3243 3505 se
3275 3450 3446 3504 sancti

1893 3546 2232 3614 baptismatis
2261 3556 2411 3612 pacta
2441 3555 2493 3596 et
2517 3555 2777 3598 conventa
2815 3544 3072 3610 proﬁteri.
3108 3544 3296 3596 Dicunt
3319 3557 3446 3609 ergo

1895 3638 2100 3698 Patres,
2142 3637 2278 3704 quod
2322 3636 2365 3689 si
2407 3636 2463 3698 ii,
2510 3637 2599 3704 qui
2651 3646 2776 3689 sunt
2814 3635 3033 3699 infirmi,
3085 3650 3141 3689 se
3184 3635 3447 3700 baptizari

1896 3728 2029 3782 velle
2059 3727 2412 3791 ostenderint,
2436 3741 2599 3793 seque
2623 3727 2834 3795 proprio
2861 3726 3095 3794 periculo
3124 3726 3442 3791 baptismum

1896 3833 2138 3884 quzerere
2164 3819 2428 3882 dixerint;
2461 3819 2576 3871 sine
2606 3818 2987 3884 impedimento
3013 3816 3444 3885 baptizabnntur,

1897 3926 1992 3980 per
2021 3912 2153 3962 alios
2188 3918 2338 3976 pacta
2369 3909 2633 3976 promissa
2667 3906 2948 3961 facientes.
2985 3908 3162 3974 Atque
3199 3908 3298 3960 hoc
3330 3907 3448 3974 qni-

1896 4001 2014 4054 detu
2043 4001 2254 4070 quando
2282 4000 2422 4054 forte
2457 4000 2600 4053 inter
2624 4001 2956 4053 moriendum
2985 4001 3104 4052 talis
3137 4015 3319 4051 eorum
3353 4015 3450 4047 vo-

1897 4090 2076 4143 luntas
2121 4100 2300 4158 aperta
2345 4088 2522 4142 fuerit.
2571 4088 2624 4142 Si
2671 4099 2848 4144 autem
2884 4101 3008 4144 tunc
3040 4091 3262 4157 quidem
3313 4090 3443 4140 nihil

1899 4188 2120 4248 possunt
2159 4180 2423 4246 ejusmodi
2458 4182 2659 4243 dicere,
2695 4191 2912 4247 propter
2953 4180 3120 4232 morbi
3159 4180 3452 4230 necessum

1902 4279 2046 4334 tem;
2082 4271 2438 4323 testiﬁcantur
2467 4280 2642 4323 autem
2675 4270 2862 4337 aliqui,
2892 4270 3032 4335 quod
3062 4279 3184 4321 ante
3217 4266 3447 4319 furorem

1901 4362 2133 4414 fortasse
2180 4362 2262 4412 vel
2295 4361 2525 4425 aliquem
2558 4359 2717 4412 alium
2759 4359 3117 4428 periculosum
3146 4357 3385 4408 morbum
3418 4356 3448 4406 ii

1901 4467 1965 4505 ex
1999 4459 2108 4504 toto
2139 4451 2339 4504 vellent
2373 4466 2552 4504 animo
2589 4450 2872 4516 baptizari,
2894 4438 3059 4515 'rngo,
3107 4447 3449 4510 hapt‘zabun-

235 4542 428 4611 ψύχως
458 4541 801 4611 προῃροῦντο
835 4541 1220 4619 βαπτισθῆναι,
1251 4543 1462 4613 ἐρωτῶ,
1497 4544 1791 4619 βαπτισθής

1904 4549 1990 4594 tur
2043 4543 2260 4605 annon?
2300 4541 2527 4596 Salutio.
2562 4541 2687 4594 Mihi
2723 4541 2950 4602 videtur,
2983 4539 3123 4607 quod
3155 4539 3266 4589 sine
3307 4540 3446 4602 peri-

237 4647 418 4683 σονται
450 4633 482 4700 ἢ
529 4631 624 4695 οὖ;
672 4634 880 4694 Λύσις.
922 4618 1091 4698 "Emi
1126 4635 1272 4685 δοκεῖ
1308 4633 1383 4694 ὡς
1419 4618 1795 4702 ἀπαρεμποδίέ

239 4738 380 4782 στως
407 4721 876 4790 βαπτισθήσονται
903 4719 994 4772 διὰ
1022 4717 1117 4790 τὴν
1148 4725 1204 4774 ἐν
1238 4723 1396 4793 ὑγεία
1429 4723 1638 4790 ἀγαθὴν
1668 4725 1795 4791 πρό-

235 4812 386 4863 θεσιν
421 4813 623 4865 αὐτῶν.
676 4813 896 4865 Τούτων
927 4814 982 4866 δέ
1023 4813 1197 4870 οὕτως
1230 4815 1483 4883 ἐχόντων,
1519 4817 1592 4886 μὴ
1637 4819 1796 4888 εἴπῃς

231 4904 326 4965 ὡς,
373 4905 497 4956 ἐπεὶ
521 4907 548 4956 ό
573 4903 761 4973 παρὼν
797 4905 980 4957 κανὼν
1008 4905 1577 4972 διορίζεται’ὲκείνους
1605 4906 1797 4975 βαπτί-

234 4994 422 5058 ζεσθαι
453 4997 581 5057 τοὺς
606 4996 1020 5063 ἐνδειξαμένους
1043 4997 1362 5066 προαίρεσιν
1415 4997 1628 5066 ἀγαθὴν
1692 4999 1795 5068 πρὸ

231 5087 334 5155 τῆς
364 5085 542 5149 νόσου,
598 5085 630 5156 ἦ
672 5086 792 5138 κατ’
847 5088 1019 5155 αὐτὴν
1071 5088 1172 5156 τὴν
1225 5089 1402 5150 νόσον,
1446 5089 1503 5152 ἐξ
1551 5091 1794 5161 ἀνάγκης

232 5179 434 5230 ἐκεῖνοι
461 5177 556 5228 καὶ
587 5177 944 5246 ἀποκάρσεως
975 5178 1394 5248 ἀξιωθήσονται,
1429 5180 1478 5229 οί
1537 5183 1678 5234 κατά
1704 5183 1795 5235 τὸν

232 5266 426 5333 καιρὸν
458 5268 717 5336 τελευτῆς
756 5267 862 5337 πρὸ
895 5268 994 5336 τῆς
1027 5268 1340 5331 τελευταίας
1392 5270 1667 5339 ἀναπνοῆς
1707 5277 1794 5326 ἐνο

229 5359 541 5427 δειξάμενοι
598 5359 859 5428 πρόθεσιν
921 5362 1298 5428 ἀποκάρσεως.
1355 5355 1514 5414 Οὗτοι
1561 5366 1667 5433 γάρ
1700 5366 1793 5417 τοῦ

233 5449 600 5501 ἐπιτελευτίου
625 5449 836 5516 ἐφοδίου
877 5449 972 5502 τοῦ
1003 5450 1293 5518 ἀγγελικοῦ
1331 5455 1608 5520 σχήματος
1652 5455 1799 5506 ἀδιαθ

233 5540 465 5598 στίκτως
490 5537 906 5607 ἀξιωθήσονται,
943 5540 1038 5590 ὲάν
1068 5540 1204 5602 τέως
1232 5540 1487 5610 αἴσθησιν
1518 5541 1609 5592 τοῦ
1646 5560 1793 5608 γινο-

237 5631 398 5696 μένου
433 5630 618 5696 ἔχωσι.
643 5631 766 5691 Τοῖς
796 5631 892 5696 μὲν
914 5632 1022 5700 γὰρ
1055 5631 1378 5699 ὁρθοδόξοις,
1418 5631 1491 5693 ὡς
1519 5631 1794 5696 ἐλπίζουσι

231 5720 331 5788 τὴν
365 5718 667 5788 μέλλουσαν
696 5720 878 5783 κρίσιν
909 5719 1001 5772 τοῦ
1030 5721 1243 5791 Θεοῦ,ὴ
1271 5723 1529 5791 μετάνοια
1549 5725 1793 5787 σύνοικός

237 5814 373 5870 ἐστι.
408 5813 503 5863 καὶ
557 5813 664 5874 πᾶς
711 5813 1037 5881 Χριστιανὺς
1099 5815 1240 5867 κατά
1293 5815 1559 5886 πρόληψιν
1611 5817 1793 5878 ἔφεσιν

1898 4628 2017 4682 culo
2034 4628 2462 4696 baptizabuntur,
2489 4639 2706 4696 propter
2727 4629 2918 4682 bonam
2945 4642 3125 4679 eorum
3152 4625 3200 4677 in
3220 4628 3452 4676 Sanitate

1899 4720 2274 4776 intentionem.
2317 4721 2450 4772 Cum
2501 4720 2612 4772 haec
2665 4729 2840 4772 autem
2891 4719 2957 4770 ita
3003 4732 3060 4769 se
3105 4717 3353 4773 habeant,
3387 4734 3453 4767 ne

1899 4810 2120 4874 dixeris,
2154 4810 2292 4877 quod
2324 4810 2577 4880 quoniam
2626 4825 2860 4877 praesens
2899 4824 3066 4861 t-auon
3113 4811 3300 4861 statuit
3331 4809 3450 4860 illos

1897 4899 2283 4967 baptizandos,
2337 4901 2427 4967 qui
2489 4903 2681 4955 bonam
2743 4900 3068 4951 voluntatem
3119 4900 3450 4953 ostenderint

1898 5004 2021 5045 ante
2059 4992 2326 5057 morbum,
2362 4992 2441 5046 vel
2480 4993 2533 5046 in
2569 4993 2683 5058 ipso
2723 4991 2947 5054 morbo;
2998 4990 3070 5043 illi
3102 5006 3312 5059 quoque
3359 5007 3451 5043 ne-

1896 5085 2135 5139 cessario
2181 5094 2457 5138 tonsuram
2505 5092 2885 5150 assequentur,
2935 5084 3023 5148 qui
3079 5091 3202 5135 ante
3245 5095 3451 5148 tempus

1898 5177 2086 5230 mortis
2109 5183 2163 5229 et
2193 5174 2419 5229 extremi
2443 5175 2685 5242 spiritus.
2719 5183 2774 5226 ut
2805 5173 3174 5236 touderentur,
3205 5174 3447 5226 volunta-

1897 5279 2001 5320 tem
2039 5268 2396 5322 ostenderinl.
2438 5266 2499 5319 Hi
2530 5265 2672 5319 enim
2702 5274 3001 5320 extremum
3047 5266 3269 5332 angelici
3310 5265 3446 5316 ami-

1896 5368 2013 5412 t-tus
2056 5358 2303 5412 viaticum
2334 5357 2640 5410 indiStincte
2684 5368 3062 5422 assequentur,
3092 5358 3133 5409 si
3165 5354 3280 5424 ejus
3311 5357 3449 5421 quod

1899 5452 1954 5501 tit
1991 5465 2206 5504 sensum
2238 5451 2484 5504 habeant.
2519 5447 2848 5502 Orthodoxis
2882 5449 3050 5512 enim,
3083 5456 3138 5499 ut
3174 5447 3264 5514 qui
3302 5445 3448 5500 futu-

1899 5557 2011 5594 rum
2057 5543 2145 5595 Dei
2176 5542 2431 5610 judicium
2459 5551 2694 5608 sperent,
2729 5541 3040 5608 ptenitentia
3071 5540 3368 5601 cobabitat,
3395 5553 3449 5594 et

1896 5629 2121 5701 quilibet
2177 5619 2455 5702 proposito
2508 5633 2846 5686 Christianus
2897 5631 3186 5692 desiderat,
3243 5641 3305 5684 ut
3359 5644 3458 5699 per

1897 5735 2171 5779 tonsuram
2213 5728 2260 5781 ei
2309 5741 2402 5781 sua
2455 5738 2673 5796 peccata
2729 5725 3089 5780 remittantur.
3142 5724 3451 5777 lutitlelihus

1897 5828 2071 5872 autem
2108 5832 2211 5871 non
2257 5825 2336 5871 est
2374 5815 2682 5873 necessario
2719 5829 3056 5884 consequens
3088 5813 3335 5880 baptismi
3365 5814 3454 5863 de-
