4018 6310
574 462 673 524 iii)

1814 457 2090 521 'I'HEOD.
2132 445 2530 521 BAISAMUN

3678 463 3789 525 180

564 578 816 632 siderinm
850 594 864 631 :
907 576 1074 645 magis
1111 588 1237 643 ergo
1272 573 1500 627 dicimus
1527 587 1711 625 eorum
1746 586 1865 626 esse
1899 572 2109 625 insutu-

2225 572 2337 640 ἔχει
2395 573 2487 625 τού
2530 573 2951 642 συγχωρηθῆναι
2985 574 3070 625 διὰ
3122 573 3220 641 τῆς
3279 573 3637 642 ἀποκάρσεως
3682 581 3791 635 τας

566 679 695 733 tum,
749 678 805 718 ut
838 683 957 720 cum
1012 665 1225 734 propria
1270 663 1647 731 Superstitione
1697 661 2016 720 moriantur,
2062 670 2116 712 et

566 771 812 814 sanetum
872 762 1032 812 etiam
1084 755 1407 825 baptismum
1470 755 1749 807 irrideant.
1812 752 1924 805 Nisi
1985 767 2113 820 ergo

566 856 883 907 ostendatur
909 866 1001 903 eos
1048 851 1171 902 dum
1198 858 1380 903 essent
1411 849 1549 909 sani,
1579 846 1836 913 baptizari
1867 843 2119 904 voluisse,

564 942 647 993 vel
674 943 861 994 saltem
888 942 1013 993 dum
1040 950 1317 1003 merutant,
1342 940 1479 992 inter
1502 938 1831 990 moriendum
1859 935 2122 999 baptismo

564 1032 705 1095 digni
741 1050 843 1085 non
880 1033 1237 1083 habebuntur.

2219 665 2497 733 ἁμαρτίας
2531 664 2696 717 αὐτοῦ
2718 680 2753 695 ·’
2775 668 2886 727 τοῖς
2910 665 2965 717 δὲ
2990 666 3238 727 ἀπίστοις
3264 667 3363 717 οὐκ
3427 663 3486 729 ἐξ
3535 665 3792 733 ἀνάγκης

2219 757 2460 826 ἑπομένη
2485 755 2632 807 ἐστὶν
2666 757 2699 824 ἡ
2734 755 2919 822 ἔφεσις
2974 756 3070 807 τοῦ
3129 754 3540 823 βαπτίσματος·
3581 754 3790 821 μᾶλλον

2228 848 2327 916 μὲν
2355 847 2447 900 οὖν
2475 848 2612 900 κατὰ
2650 847 2918 917 πρόληψιν
2941 847 3173 916 λέγομεν
3194 847 3338 915 ἔχειν
3368 846 3563 906 αὐτοὺς
3594 848 3792 913 ἔφεσιν

2230 943 2370 1007 μετὰ
2405 942 2500 1009 τῆς
2534 941 2743 1002 οίκείας
2768 942 3065 1010 θρησκείας
3092 941 3399 1001 ἀποθανεῖν,
3431 939 3526 991 καὶ
3548 954 3793 1003 καταγε-

2228 1026 2325 1100 λᾷν
2357 1032 2412 1083 δὲ
2445 1036 2536 1085 καὶ
2567 1032 2660 1086 τοῦ
2699 1034 2841 1085 θείου
2875 1033 3266 1100 βαπτίσματος.
3293 1033 3353 1084 Εἰ
3386 1030 3516 1097 γοῦν
3549 1032 3608 1083 οὐ
3676 1029 3793 1081 δεῖ·

568 1141 755 1175 κνυται
792 1126 852 1175 τὸ
882 1125 1058 1177 θέλειν
1076 1124 1293 1184 τούτους
1313 1125 1369 1174 ἐν
1406 1122 1562 1189 ὑγεία
1585 1120 1741 1181 ὄντας
1764 1120 2143 1189 βαπτισθῆναι,
2186 1121 2218 1190 ἢ
2272 1124 2374 1175 κᾶν
2417 1128 2472 1178 ἐν
2500 1126 2576 1195 τῷ
2620 1126 3019 1195 νοσηλεύεσθαι,
3077 1127 3175 1180 οὐκ
3226 1123 3618 1194 ἀξιωθήσονται
3686 1120 3789 1174 τοῦ

565 1216 937 1284 βαπτίσματος
978 1217 1063 1266 ὅτε
1094 1215 1434 1268 τελευτῶσιν.

635 1306 885 1359 ΖΟΧΑΠ.
932 1306 1029 1369 Qui
1080 1321 1143 1358 ex
1202 1305 1388 1358 mutbo
1439 1304 1961 1359 alim'e‘discrimine
2013 1316 2117 1360 tam

572 1401 705 1451 n‘ale
732 1399 905 1451 ali'ecti
937 1410 1076 1453 sunt.
1118 1411 1173 1449 ut
1209 1413 1384 1462 neque
1416 1414 1693 1451 sermones
1720 1400 1989 1456 conferre,
2023 1413 2121 1449 ne—

567 1506 705 1555 que,
763 1507 827 1540 an
880 1490 1139 1558 baptizari
1199 1492 1453 1556 cupiant,
1514 1492 1718 1557 roganti
1791 1491 2117 1555 respondere

559 1594 775 1648 queant,
814 1584 892 1633 \‘t'i
924 1582 1082 1636 etiam
1125 1583 1195 1635 ita
1231 1583 1327 1633 sibi
1376 1583 1556 1633 animo
1598 1597 1702 1633 non
1749 1590 2015 1641 constent,
2059 1588 2117 1631 ut

560 1689 623 1725 ne
671 1688 730 1727 ea
761 1674 996 1738 quidem,
1032 1689 1149 1738 qua:
1185 1682 1461 1739 rogantur,
1504 1672 1837 1738 intelligant;
1875 1681 1984 1723 tum
2018 1670 2112 1724 de-

555 1779 699 1816 mum
738 1765 996 1830 baptizari
1042 1774 1273 1830 oportet,
1324 1766 1365 1817 si
1419 1779 1474 1817 se
1522 1763 1779 1830 baptizari
1829 1762 1961 1815 velle
2006 1776 2107 1813 non

554 1855 796 1907 obscuris
840 1866 995 1907 antea
1038 1856 1247 1907 indiciis
1278 1854 1645 1921 prnhaverint,
1681 1866 1846 1917 seque
1892 1853 2109 1919 proprio

554 1947 789 2013 periculo
822 1947 1143 2013 baptismum
1172 1962 1409 2013 quzerere
1446 1947 1697 2006 dixerint,
1730 1945 1800 1995 ita
1835 1943 2108 2005 nimirum,

555 2043 613 2085 ut
648 2034 747 2085 nisi
796 2033 913 2086 lidei
949 2033 1245 2099 depositum
1279 2032 1690 2090 eustodiverint,
1735 2031 1833 2096 ipsi
1879 2029 1929 2082 in
1962 2028 2109 2096 peri-

553 2125 729 2177 eulum
755 2126 986 2177 veniant.
1008 2124 1159 2189 Quod
1186 2126 1229 2177 si
1252 2124 1317 2175 ah
1347 2123 1546 2190 aliquo,
1582 2124 1889 2190 priusquam
1916 2123 2105 2173 morbo

555 2227 905 2283 premeretur,
946 2216 1266 2283 baptismum
1312 2214 1656 2278 postulatum,
1709 2211 1978 2279 aliquibus
2023 2220 2109 2262 ta-

2302 1308 2544 1367 ΖΩΝΑΡ,
2581 1308 2718 1368 Τοὺς
2760 1308 2823 1361 ἐκ
2873 1308 3045 1361 νόσων
3080 1309 3112 1379 ἦ
3144 1324 3305 1360 τινων
3353 1305 3790 1371 συμπτωμάτων

2226 1400 2410 1459 κακῶς
2434 1400 2673 1468 ἔχοντας,
2701 1400 2840 1451 ὥστε
2867 1400 2940 1469 μὴ
2968 1398 3467 1466 δύνασθαιομιλεῖν,
3500 1397 3619 1464 μηδ’
3644 1398 3789 1447 d110-

2223 1492 2500 1558 κρίνεσθαι
2532 1492 2932 1559 ἐρωτωμένους,
2967 1494 3013 1544 εί
3058 1492 3329 1559 βούλοιντο
3392 1488 3785 1557 βαπτισθῆναι,

2220 1583 2252 1649 ἢ
2288 1586 2495 1635 καὶτὸν
2521 1584 2644 1636 νοῦν
2682 1586 2811 1647 ἴσως
2863 1584 3291 1653 βεϐλαμμένους,
3341 1584 3416 1645 ὼς
3448 1580 3585 1649 μηδὲ
3640 1582 3788 1631 νοεῖν

2218 1676 2252 1729 δι
2287 1677 2624 1745 ὲρωτῶνται,
2650 1679 2770 1730 τότε
2810 1678 2913 1747 χρὴ
2966 1678 3268 1746 βαπτίζειν,
3323 1676 3411 1728 ὅτε
3460 1670 3788 1741 προαίρεσιν

2217 1765 2486 1827 δείξουσιν
2541 1768 2589 1819 εί
2643 1766 2913 1835 βούλοιντο
2966 1766 3369 1835 βαπτισθῆναι’
3431 1762 3527 1815 καὶ
3581 1760 3791 1812 ιῐπωσι

2216 1856 2442 1924 κινδύνῳ
2476 1857 2589 1925 ίδίῳ
2617 1856 2799 1926 ζητεῖν
2850 1858 2910 1910 τὸ
2953 1857 3250 1926 βάπτισμα,
3284 1855 3443 1918 ὥστε,
3472 1853 3521 1904 εἰ
3557 1849 3630 1919 μὴ
3680 1846 3791 1915 τὴν

2214 1946 2393 1999 πίστιν
2444 1947 2786 2012 φυλάξουσιν,
2824 1948 3018 2011 αὐτοὺς
3070 1945 3419 1999 κινδυνεύειν.
3454 1944 3512 1997 Et
3539 1942 3595 1993 δὲ
3630 1954 3790 2007 μαρ-

2214 2038 2458 2103 τυρεῖται
2488 2037 2568 2088 ὄτι
2618 2039 2711 2089 καὶ
2760 2039 2865 2106 πρὸ
2898 2038 2992 2104 τῆς
3017 2036 3300 2097 ἀσθενείας
3360 2034 3539 2100 ἐζήτει
3591 2029 3652 2082 τδ
3681 2026 3788 2094 βά·’

2214 2141 2446 2194 πτισμα,
2510 2128 2862 2196 ὑπερετίθετο
2890 2129 2943 2181 δὲ
2975 2128 3043 2181 δι’
3074 2128 3255 2187 αἰτίας
3306 2124 3479 2185 τινάς,
3510 2122 3603 2173 καὶ
3635 2122 3783 2180 τότε,

2217 2214 2322 2266 κᾶν
2362 2216 2435 2284 μὴ
2460 2214 2685 2286 δύνηται
2712 2216 3125 2287 ἀποκρίνεσθαι,
3160 2214 3609 2283 βαπτισθήσεται.

557 2323 675 2361 men
702 2323 767 2361 ex
804 2308 980 2361 causis
1006 2308 1227 2359 dilatum
1285 2306 1470 2367 fuisse,
1534 2313 1783 2357 testatum
1824 2304 1927 2361 sit;
1976 2303 2269 2369 hominem,
2310 2309 2560 2375 quamvis
2629 2311 2956 2377 respondere
2990 2310 3196 2376 nequit,
3252 2302 3600 2359 nihilominus
3679 2297 3786 2350 ha-

555 2402 745 2469 ptizari
778 2402 970 2469 placet.

555 2495 778 2548 ARIST.
824 2515 842 2545 ι
898 2494 995 2559 Qui
1054 2504 1271 2562 propter
1326 2493 1690 2547 infirmitatem
1750 2506 1847 2560 pro
1902 2506 1961 2546 se
2010 2506 2113 2544 non

634 2603 651 2633 ι
694 2587 1000 2649 respondet,
1044 2595 1168 2638 tunc
1216 2584 1559 2651 baptizetur,
1608 2598 1727 2636 cum
1779 2598 1873 2636 sua
1920 2596 2115 2651 sponte

630 2694 647 2724 ι
690 2674 1050 2728 testimonium
1086 2675 1309 2727 dederit.
1353 2693 1366 2703 ·

626 2767 849 2832 Oportet
884 2782 1001 2819 eum
1050 2766 1137 2834 qui
1190 2765 1490 2832 baptizatur
1537 2766 1759 2833 gratiam
1807 2764 2111 2833 percipere,

553 2869 602 2908 et
642 2857 863 2925 mystice
895 2858 1222 2924 interrogata
1254 2856 1574 2924 intelligere,
1605 2864 1658 2906 et
1689 2854 1753 2905 ad
1783 2868 1844 2905 ea
1880 2868 2101 2921 respon-

550 2950 698 3001 dere.
749 2948 803 3001 Si
840 2949 960 3015 quis
1006 2956 1181 2999 autem
1213 2962 1355 3009 eum,
1392 2947 1480 3013 qui
1531 2947 1857 3014 respondere
1902 2944 2105 3011 nequit,

554 3051 734 3105 utpote
763 3037 1054 3096 inﬁrmum,
1098 3036 1362 3104 baptizari
1412 3038 1581 3102 cupit,
1616 3046 1745 3088 tunc
1780 3035 2103 3101 baptizetur,

550 3130 766 3198 quando
814 3130 922 3191 ille,
962 3130 1049 3193 qui
1079 3130 1179 3179 hoc
1230 3128 1396 3192 cupit,
1444 3142 1542 3180 suo
1593 3127 1829 3191 periculo
1874 3136 2104 3178 testatus

550 3216 730 3280 fuerit,
754 3232 813 3271 se
839 3230 1025 3271 exacte
1056 3217 1252 3270 inﬁrmi
1292 3218 1432 3270 seire
1466 3216 1815 3277 voluntatem,
1847 3216 1986 3282 quod
2016 3214 2110 3264 ba-

546 3312 802 3378 ptismum
838 3310 889 3362 itt
923 3309 1202 3363 desideriis
1231 3307 1444 3371 habeat,
1484 3316 1536 3360 et
1579 3305 1751 3358 adhuc
1794 3305 2111 3358 desiderans

549 3382 781 3453 inaneat.

969 3492 1129 3560 572
1162 3490 1389 3545 canon
1435 3489 1617 3543 κως.

555 3603 575 3634 ι
616 3583 689 3636 De
729 3582 956 3636 scenicis
992 3583 1359 3650 penitentiam
1405 3581 1685 3647 agentibus
1719 3588 1773 3633 et
1822 3578 1885 3631 ad
1931 3579 2109 3631 Domi-

623 3693 641 3723 ι
678 3690 803 3726 num
837 3672 1129 3727 conversis.
1170 3669 1237 3724 Ut
1263 3671 1495 3725 scenicis
1521 3682 1574 3722 et
1607 3670 1783 3721 mimis
1807 3677 1858 3721 et
1891 3668 2110 3736 reliquis

620 3784 637 3814 ι
673 3764 933 3830 ejusmodi
984 3761 1244 3829 personis,
1281 3762 1365 3813 vel
1417 3760 1696 3829 apostatis,
1733 3759 2107 3825 paenitentiam

622 3873 640 3905 ι
680 3852 977 3921 agentibus,
1003 3860 1056 3903 et
1077 3865 1135 3903 se
1166 3850 1230 3902 ad
1260 3847 1423 3901 Deum
1451 3847 1911 3913 converteutibus,
1938 3845 2109 3914 gratia

624 3964 641 3999 ι
681 3942 762 3996 Vel
795 3941 1157 3996 reconciliatio
1186 3954 1292 3993 non
1326 3951 1566 3993 novetur.
1610 3957 1629 3990 ι

626 4121 818 4176 BALS.
870 4120 1079 4175 Scenici
1108 4129 1162 4174 et
1195 4120 1339 4173 mimi
1368 4129 1515 4185 sunt,
1548 4134 1651 4173 non
1683 4118 1977 4189 thymelici,
2016 4118 2105 4188 qui

547 4226 737 4268 cantus
763 4214 1138 4281 epithalamios
1163 4228 1281 4264 cum
1303 4213 1519 4265 musicis
1544 4222 1747 4264 canunt
1780 4212 2110 4265 instrumen-

549 4310 639 4369 tis,
672 4306 705 4359 ii
738 4306 876 4358 enim
905 4303 1264 4371 suntintegrze
1296 4303 1743 4355 existimationis:
1771 4304 1863 4355 sed
1895 4302 2109 4355 histrio-

547 4414 641 4457 nes
672 4412 733 4449 ae
761 4397 1019 4457 ludiones,
1053 4395 1143 4460 qui
1179 4408 1364 4447 servos
1394 4406 1445 4446 et
1475 4394 1671 4447 milites
1700 4404 1751 4447 et
1781 4393 2031 4447 mulieres
2056 4402 2110 4446 et

2217 2492 2439 2546 ΑΡΙΣΤ.
2478 2510 2496 2542 ι
2551 2492 2609 2543 'O
2648 2493 2715 2543 δι’
2742 2492 3024 2544 ἀσθένειαν
3061 2489 3133 2558 μὴ
3162 2484 3593 2555 ἀποκρινόμενος
3633 2479 3783 2551 ὑπὲρ

2295 2603 2313 2636 ι
2354 2584 2547 2637 ἑαυτοῦ
2578 2584 2695 2635 τότε
2720 2582 3085 2650 βαπτιζεσθω,
3114 2581 3240 2631 ὅταν
3278 2581 3341 2646 τῇ
3374 2574 3536 2627 αὐτοῦ
3575 2590 3781 2644 προαι-

2298 2696 2316 2727 ι
2354 2677 2502 2743 ρέσει
2533 2675 2606 2743 δῷ
2632 2676 2732 2743 τὴν
2759 2672 3089 2743 μαρτυρίαν.
3125 2688 3142 2721 ι

2290 2771 2380 2820 Δεῖ
2400 2768 2489 2821 τὸν
2517 2765 2914 2836 βαπτιζόμενον
2942 2766 3037 2829 τῆς
3064 2762 3283 2830 χάριτος
3324 2756 3782 2820 ὲπαισθάνεσθαι,

2218 2860 2314 2913 καὶ
2341 2860 2408 2912 τὰ
2447 2856 2728 2927 μυστικῶς
2770 2853 3101 2924 ἐρωτώμενα
3137 2851 3393 2907 συνιέναι,
3418 2851 3514 2902 καὶ
3544 2848 3787 2917 ἀποκρίο

2214 2949 2401 3002 νεσθαι
2443 2948 2581 3017 πρὸς
2626 2946 2792 2999 αὐτά.
2845 2944 2905 2996 Et
2958 2944 3013 2996 δέ
3058 2959 3141 3004 τις
3187 2940 3279 2994 τὸν
3354 2941 3429 3010 μὴ
3482 2940 3785 3004 δυνάμενον

2219 3040 2611 3108 ἀποκριθῆναι,
2647 3037 2721 3099 ὡς
2765 3034 3115 3094 ἀσθενοῦντα,
3157 3033 3378 3086 ἀπαιτεῖ
3399 3030 3781 3100 βαπτισθῆναι,

2213 3133 2333 3185 τότε
2368 3129 2731 3197 βαπτιζέσθω,
2792 3130 2921 3179 ὅταν
2965 3126 3147 3186 αὐτὸς,
3198 3127 3225 3175 ὁ
3289 3123 3448 3174 τοῦτο
3504 3120 3781 3178 ἀπαιτῶν,

2140 3188 2181 3238 C
2217 3188 2448 3287 κινδύνῳ
2482 3188 2595 3287 ἰδίῳ
2626 3188 3069 3287 διαμαρτύρηται
3107 3214 3206 3282 τὴν
3251 3212 3415 3264 αὐτοῦ
3446 3210 3671 3277 γνώμην
3698 3211 3783 3261 εί-

2213 3314 2360 3367 δέναι
2410 3310 2650 3381 ἀκριϐῶς
2712 3307 2805 3359 τοῦ
2857 3305 3232 3369 ἀσθενοῦντος,
3290 3302 3365 3365 ὡς
3418 3302 3487 3354 ὲπ
3512 3300 3664 3370 ζητεῖ
3720 3299 3784 3360 τὸ

2212 3403 2517 3472 βάπτισμα,
2560 3398 2655 3452 καὶ
2674 3398 2920 3465 ἐπιμένει
2948 3394 3145 3449 ποθῶν.

2774 3486 3008 3540 ΚΑΝΩΝ
3038 3482 3171 3541 ΜΘ’.

2222 3606 2238 3636 ι
2285 3588 2420 3653 Περὶ
2471 3580 2745 3650 σκηνικῶν
2807 3577 3213 3646 μετανοούντων
3270 3574 3364 3627 καὶ
3420 3570 3780 3640 ἐπιστρεφόν-

2288 3698 2305 3728 ι
2342 3694 2448 3727 των
2491 3674 2628 3743 πρὸς
2659 3674 2745 3725 τὶν
2803 3671 3027 3739 Κύριον.
3086 3668 3251 3720 Ὠστε
3316 3668 3426 3725 τοῖς
3496 3662 3775 3729 σκηνικοῖς

2290 3788 2307 3820 ι
2346 3770 2436 3820 καὶ
2491 3768 2674 3835 μίμοις
2736 3764 2831 3817 καὶ
2895 3763 3006 3823 τοῖς
3066 3760 3269 3818 λοιποῖς
3346 3755 3778 3819 τοιουτοτρόποις

2288 3875 2306 3907 ι
2351 3855 2688 3926 προσώποις,
2719 3853 2749 3919 ἢ
2782 3851 3139 3911 ἀποστάταις,
3180 3846 3503 3916 μετανοοῦσι
3542 3846 3633 3895 καὶ
3657 3846 3781 3894 ὲπι-

2288 3966 2308 3998 ι
2347 3946 2639 4016 στρέφουσι
2664 3946 2801 4013 πρὸς
2831 3944 2918 3996 τὸν
2950 3942 3103 4002 Θεὸν,
3166 3940 3324 4008 χάριν
3364 3940 3397 4005 ἢ
3431 3935 3779 4002 καταλλαγὴν

2288 4056 2306 4088 ι
2346 4042 2421 4107 μὴ
2451 4034 2757 4105 ἀρνεῖσθαι.
2801 4052 2817 4082 ι

2283 4129 2476 4182 ΒΑΛΣ.
2511 4125 2765 4192 Σκηνικοὶ
2784 4123 2878 4177 καὶ
2903 4124 3053 4191 μῖμοί
3081 4126 3220 4173 εἰσιν
3246 4122 3366 4189 οὐχὶ
3393 4122 3440 4171 οί
3466 4118 3777 4185 θυμελικοὶ,

2212 4222 2260 4274 οἱ
2291 4222 2389 4282 τὰς
2427 4218 2818 4284 ὲπιθαλαμίους
2845 4215 2984 4284 ᾠδὰς
3025 4214 3159 4281 μετὰ
3214 4211 3490 4279 μουσικῶν
3524 4211 3777 4278 ὀργάνων

2214 4314 2451 4381 ᾅδοντες·
2484 4303 2630 4361 οὗτοι
2664 4309 2773 4375 γάρ
2809 4306 3016 4373 ἔντιμοί
3049 4308 3188 4356 εἰσιν
3214 4320 3228 4335 ’
3267 4303 3403 4355 ἀλλὰ
3425 4303 3473 4353 ot
3506 4301 3778 4367 παιγνιῶο

2212 4420 2321 4465 ται,
2358 4402 2405 4452 οἱ
2436 4400 2656 4460 δούλους
2698 4400 2788 4449 καὶ
2837 4394 3173 4461 στρατιώτας
3227 4395 3318 4445 καὶ
3361 4395 3626 4459 γυναῖκας
3680 4392 3776 4443 καὶ

547 4490 683 4540 alias
714 4489 973 4554 quasdam
1009 4500 1267 4552 personas
1298 4484 1594 4546 imitantur,
1631 4494 1684 4536 et
1720 4484 1769 4535 in
1807 4484 1997 4537 faciem
2029 4483 2104 4535 fe-

2215 4495 2374 4562 ἒτερα
2448 4491 2715 4561 πρόσωπα
2786 4488 3130 4556 μιμούμενοι,
3211 4488 3305 4537 καὶ
3368 4485 3507 4537 κατά
3570 4485 3776 4554 κόρρης

548 4583 713 4634 rinnt.
749 4577 901 4629 Sicut
939 4577 1038 4629 hoc
1072 4590 1134 4627 ex
1176 4576 1347 4640 primo
1391 4587 1444 4626 et
1477 4585 1669 4641 quarto
1704 4576 1901 4643 capite,
1951 4577 2032 4629 tit.
2070 4575 2105 4627 2

547 4669 640 4721 lib.
696 4682 784 4719 xxi
840 4664 1053 4718 Basilic.
1105 4662 1424 4717 osmnditnr.
1481 4662 1675 4715 Dicunt
1726 4679 1853 4730 ergo
1896 4663 2104 4725 Patres,

546 4773 734 4811 omnes
758 4758 845 4822 qui
880 4756 956 4809 sic
984 4762 1227 4823 peccant,
1263 4761 1316 4807 et
1352 4764 1553 4806 temere
1582 4766 1643 4805 ac
1678 4754 1812 4805 citra
1842 4754 2105 4807 delectmn

548 4849 710 4900 \itam
762 4847 1086 4910 instituunt;
1124 4844 1251 4912 quin
1300 4854 1354 4896 et
1389 4852 1685 4913 apostatas,
1740 4844 1839 4897 hoc
1882 4855 1982 4907 est,
2016 4861 2107 4899 eos

546 4938 636 5005 qui
659 4934 1126 4990 Christianismum
1152 4934 1576 5002 abnegavernnt,
1610 4934 1673 4986 ad
1710 4934 1872 4987 Deum
1901 4950 1961 4989 se
1987 4949 2110 4988 con-

548 5040 840 5089 vertrntes,
871 5042 961 5079 seu
991 5025 1358 5093 pmnitentiam
1385 5034 1625 5091 agentes,
1654 5041 1756 5077 non
1782 5042 1901 5079 esse
1923 5042 2111 5079 aman-

550 5123 773 5178 dandm,
809 5116 901 5170 sed
936 5117 1015 5169 eis
1048 5117 1278 5168 dandam
1313 5131 1433 5169 esse
1462 5117 1691 5184 gratiam
1729 5132 1820 5170 seu
1862 5129 2110 5185 peccato-

550 5227 664 5263 rum
693 5208 1080 5267 remissionem,
1101 5219 1152 5259 et
1172 5208 1667 5262 reconciliationem
1694 5209 1805 5262 sive
1830 5225 2106 5276 ruinarum

549 5302 891 5359 solutionem.

618 5393 867 5447 ZONAR.
922 5392 1089 5446 Scena
1144 5394 1373 5446 imitatio
1422 5394 1635 5448 dicitur.
1682 5392 1780 5458 Qui
1813 5409 1939 5461 ergo
1973 5410 2111 5444 nunc

556 5489 737 5548 duces,
768 5500 908 5539 nunc
954 5499 1160 5548 servos,
1204 5500 1347 5537 nunc
1396 5484 1495 5537 alia
1532 5501 1876 5551 personarum
1915 5500 2109 5553 genera

556 5576 853 5637 imitantur,
884 5576 1081 5629 scenici
1119 5576 1484 5627 nominantur.
1521 5574 1591 5627 Ex
1619 5575 1717 5627 hoc
1746 5590 1989 5634 numero,
2022 5575 2109 5641 qui

556 5680 735 5720 coram
766 5665 1177 5729 imperatoribus
1208 5674 1374 5717 artem
1404 5665 1731 5724 factitarent,
1760 5666 1903 5732 leges
1929 5665 2113 5717 civiles

558 5758 607 5817 in
642 5757 839 5813 honore
873 5755 1106 5809 habuere
1145 5773 1157 5807 ε
1190 5759 1278 5824 qui
1317 5772 1443 5809 vero
1488 5756 1538 5806 in
1587 5756 1799 5823 publico
1833 5766 1969 5808 tmtn
2007 5758 2113 5823 plcc

560 5848 863 5926 poeula-quc
937 5849 1283 5902 conventibus
1346 5848 1679 5902 histrioniam
1752 5858 2107 5909 exercerent,

2211 4582 2556 4651 τυπτόμενοι·
2590 4580 2774 4639 καθὼς
2804 4577 2962 4630 τοῦτο
2984 4578 3317 4642 παρίσταται
3349 4576 3456 4627 άπὸ
3484 4574 3576 4626 τοῦ
3611 4580 3658 4626 α’
3682 4576 3777 4627 καὶ

2211 4673 2251 4729 δ’
2289 4692 2411 4739 κεφ.
2440 4674 2533 4724 τοῦ
2568 4670 2612 4741 β’
2635 4672 2813 4723 τίτλου
2840 4669 2931 4720 τοῦ
2961 4666 3046 4719 κα⁹
3066 4668 3272 4736 βιϐλίου
3306 4667 3415 4717 τῶν
3439 4663 3773 4717 Βασιλικῶν.

2208 4767 2346 4817 Φασὶ
2372 4762 2504 4829 γοῦν
2534 4764 2583 4811 οί
2618 4760 2859 4828 Πατέρες
2882 4759 3089 4819 πάντας
3120 4758 3246 4818 τοὺς
3268 4758 3335 4806 τά
3352 4754 3575 4807 τοιαῦτα
3596 4757 3767 4823 ἀμαρ-

2211 4858 2497 4915 τάνοντας,
2525 4850 2962 4917 καὶλάὃιαφὸρως
3002 4848 3233 4909 ζῶντας,
3265 4846 3400 4897 ἀλλά
3421 4846 3523 4914 μὴν
3539 4847 3631 4897 καὶ
3653 4847 3778 4906 τοὺς

2212 4950 2547 5007 ἀποστάτας,
2583 4940 2979 5001 τουτέστιτοὺς
3014 4938 3432 5007 ἀρνησαμένους
3481 4938 3571 4988 τὸν
3646 4937 3780 5003 Χρι-

2217 5038 2570 5103 στιανισμὸν,
2612 5033 3041 5101 ἐπιστρέφοντας
3092 5029 3225 5097 πρὸς
3274 5030 3406 5081 Θεὸν
3439 5030 3559 5095 ἦτοι
3614 5044 3771 5094 μετα-

2216 5126 2489 5186 νοοῦντας,
2547 5123 2618 5192 μὴ
2661 5119 3114 5189 ἀποπέμπεσθαι,
3157 5118 3290 5170 ἀλλὰ
3344 5119 3541 5170 διδόναι
3598 5119 3779 5176 αὐτοῖς

2218 5220 2396 5285 χάριν,
2423 5217 2591 5283 ἡγουν
2613 5214 2806 5279 ἄφεσιν
2829 5209 2936 5261 τῶν
2962 5207 3267 5277 ἁμαρτιῶν,
3298 5208 3389 5257 καὶ
3412 5206 3776 5275 καταλλαγὴν,

2217 5306 2334 5373 ἢτοι
2368 5302 2520 5354 λύσιν
2546 5302 2654 5351 τῶν
2692 5301 3007 5367 ἐπιτιμίων.

2286 5393 2529 5446 ΖΩΝΑΡ.
2582 5391 2761 5457 Σκηνὴ
2820 5392 3039 5457 λέγεται
3089 5390 3469 5460 ἠύπόκρισις.
3528 5390 3589 5441 Ol
3651 5388 3768 5455 705‘.

2218 5485 2639 5555 ὑποκρινόμενοι
2696 5482 2825 5533 ποτὲ
2888 5488 3253 5552 στρατηγοὺς,
3343 5482 3473 5533 ποτὲ
3533 5480 3775 5541 δούλους,

2220 5577 2347 5628 ποτὲ
2395 5576 2439 5626 δ’
2501 5575 2664 5643 ’ἐτερα
2729 5574 3021 5641 πρόσωπα,
3089 5574 3446 5640 ὀνομάζονται
3509 5571 3778 5638 σκηνικοί.

2219 5669 2435 5719 Τούτων
2460 5666 2516 5717 δὲ
2544 5666 2669 5725 τοὺς
2705 5664 2804 5731 μὲν
2847 5664 3078 5715 ἐνώπιον
3116 5662 3385 5732 βασιλέων
3432 5661 3609 5712 ταῦτα
3648 5662 3779 5711 ὑπο-

2220 5757 2573 5826 κρινομένους
2622 5754 2869 5823 ἐντίμους
2925 5755 3139 5824 εχουσιν
3173 5756 3221 5804 οἱ
3273 5754 3430 5819 νόμοι
3487 5751 3588 5819 τῆς
3628 5751 3780 5802 πολι·

2224 5850 2391 5909 τείας·
2430 5848 2549 5905 τοὺς
2588 5846 2641 5899 δὲ
2694 5850 2750 5899 ἐν
2814 5844 3153 5914 πανηγὶρεσι
3211 5847 3301 5895 καὶ
3355 5843 3537 5910 δήμων
3596 5840 3777 5904 ἄλλας
