4018 6310
558 391 655 460 191

633 613 653 644 ε
691 593 940 647 rloritate
983 589 1263 657 judiciaria
1306 589 1672 655 prohibeatur.
1714 604 1730 636 ι

629 684 728 748 Qui
762 683 828 735 ab
859 679 1170 734 ortlzndoxis
1211 679 1531 744 baptizatur,
1563 686 1650 728 aut
1677 676 1974 738 ordinatur,
2018 688 2103 729 se-

560 775 788 828 rundum
831 773 1142 838 baptismum
1224 779 1314 818 aut
1369 768 1652 820 secundum
1702 767 2095 820 ordinationem

563 882 662 917 non
704 865 905 929 recipit.
938 862 1038 914 Sed
1064 872 1116 914 et
1149 861 1301 920 illud,
1327 861 1391 910 ab
1442 873 1542 910 uua
1571 858 1790 913 civitate
1817 861 1881 911 ad
1915 859 2106 910 civita-

562 966 664 1006 tem
699 955 850 1004 aliam
883 952 1156 1004 trullsfet'ri
1190 954 1531 1019 episcopum,
1563 964 1614 1007 et
1645 966 1876 1020 praesens
1903 964 2100 1011 canon,

558 1051 613 1094 et
636 1041 721 1094 alii
756 1057 860 1093 non
887 1042 1038 1108 pauci
1070 1042 1401 1095 diversarum
1435 1045 1758 1112 synodorunt
1788 1040 2094 1109 prohibent.

563 1131 661 1184 llic
703 1134 881 1196 itaque
906 1131 1226 1182 Cresconius
1261 1131 1542 1200 cpiscopus
1567 1173 1581 1196 ,
1615 1147 1762 1186 suam
1797 1131 2104 1198 relinquens

562 1221 853 1276 Ecclesium
886 1230 977 1272 aut
1013 1223 1297 1286 paroeciam
1325 1263 1338 1284 ,
1380 1233 1430 1276 et
1478 1225 1542 1276 ad
1591 1226 1912 1275 (Jenernsem
1961 1231 2106 1273 trau-

563 1311 743 1362 siliens
773 1309 1064 1363 Ecclesiam
1094 1349 1108 1372 ,
1141 1321 1194 1363 et
1242 1312 1435 1378 swpius
1480 1313 1709 1364 fraterne
1743 1312 2043 1363 admonitus
2076 1326 2104 1362 a

562 1402 919 1455 mnfratribUs
953 1410 1005 1454 et
1058 1403 1434 1456 comministris
1478 1403 1588 1455 suis
1633 1417 1747 1454 eam
1804 1403 2108 1468 relinquere

563 1492 874 1552 Ecclesium,
909 1499 959 1543 et
992 1506 1090 1544 non
1127 1506 1433 1556 persuasus,
1466 1491 1639 1545 elTecit
1669 1501 1725 1543 ut
1755 1500 1807 1544 et
1833 1491 1980 1543 inviti
2017 1506 2104 1542 rc-

563 1581 734 1640 cionis
780 1581 1143 1647 magistratum
1200 1582 1429 1646 adirent,
1477 1583 1542 1634 ab
1569 1596 1735 1649 eoque
1783 1581 2098 1634 aucturitate

560 1667 840 1734 judiciaria
877 1668 1181 1734 pelleretur.

1124 1841 1352 1895 CANON
1414 1841 1543 1897 Llll.

569 1950 589 1980 α
627 1931 764 1996 Quot
822 1932 1052 2000 episcopi
1113 1935 1414 2001 episcopum
1450 1935 1700 1988 ordinare
1755 1934 1965 1986 debent.
1996 1934 2105 1996 Ilo-

641 2039 658 2068 ι
705 2030 922 2073 noratus
974 2031 1026 2073 et
1079 2021 1325 2074 Urbanus
1369 2023 1600 2088 episcOpi
1639 2023 1914 2086 dixerunt;
1973 2023 2107 2075 Illud

647 2128 664 2157 ι
699 2123 910 2175 quoque
956 2111 1109 2162 nobis
1161 2110 1466 2162 mandatum
1493 2117 1594 2161 est.
1636 2109 1768 2174 Quia
1810 2127 1870 2164 ex
1923 2110 2111 2165 vicinis

639 2215 659 2246 σ
700 2201 801 2252 duo
834 2199 1027 2250 fratres
1063 2199 1229 2251 nostri
1273 2198 1529 2250 Numidia!
1562 2200 1797 2267 episcopi
1850 2201 2103 2254 sacerdo-

644 2305 660 2334 ι
705 2298 808 2338 lem
841 2287 1089 2339 ordinare
1144 2287 1255 2340 ausi
1291 2296 1454 2345 sunt.
1497 2286 1705 2339 nonnisi
1759 2300 1786 2338 a
1823 2288 2099 2341 duodecim

641 2394 658 2424 ι
704 2374 812 2427 fieri
864 2376 1060 2428 debere
1103 2376 1493 2428 ordinationem
1529 2376 1810 2430 censeatis.
1863 2378 2111 2432 Aurelius

641 2483 660 2516 ι
700 2467 978 2533 episcOpus
1015 2466 1178 2526 dixit;
1227 2466 1462 2531 Antiqua
1495 2465 1661 2518 forma
1688 2468 2009 2529 servabitur,
2055 2478 2112 2521 ut

644 2574 660 2601 ι
701 2569 804 2606 non
840 2556 1115 2622 pauciores
1139 2570 1294 2619 quam
1344 2565 1447 2608 tres
1475 2557 1751 2608 constituti
1785 2560 1848 2609 ad
1883 2560 2108 2626 episcopi

641 2666 662 2697 ι
696 2645 1089 2700 ordinationem
1139 2647 1398 2701 solliciaut
1427 2665 1440 2709 ;
1477 2663 1540 2701 eo
1572 2650 1710 2715 quod
1746 2651 1940 2717 Tripoli
1975 2651 2111 2704 forte

652 2755 667 2784 ι
709 2745 764 2789 et
804 2738 992 2790 Arma:
1039 2737 1281 2789 barbarae
1335 2736 1538 2788 scilicet
1576 2749 1756 2804 gentes
1803 2755 1966 2808 pmpe
1998 2741 2113 2796 sitm

647 2845 662 2874 ι
700 2836 842 2878 sunt.
876 2825 1073 2893 Tripoli
1110 2834 1284 2877 autem
1315 2825 1568 2892 quinque,
1618 2827 1757 2895 iique
1789 2830 1889 2882 soli
1941 2841 2066 2882 sunt
2095 2873 2109 2896 ,

642 2933 660 2964 ο
699 2925 754 2966 ιιι
787 2914 957 2976 scitis,
1002 2913 1239 2981 episcopi
1280 2930 1292 2964 :
1337 2926 1390 2965 et
1421 2915 1532 2966 fieri
1567 2925 1735 2981 potest
1779 2927 1834 2969 ut
1884 2934 2019 2983 same
2047 2935 2110 2973 ex

650 3021 667 3051 ι
702 3019 766 3054 eo
797 3018 1017 3056 numero
1059 3005 1160 3053 duo
1207 3003 1378 3070 aliqua
1415 3007 1727 3056 necessitate
1757 3007 2111 3062 detineantur.

651 3111 667 3141 ι
713 3091 801 3146 Est
842 3094 978 3144 enim
1008 3090 1239 3151 dillirilc,
1275 3103 1328 3144 ut
1358 3109 1420 3146 ex
1450 3095 1636 3161 quovis
1669 3109 1886 3147 munero
1917 3098 2114 3161 possint
2141 3098 2185 3159 C

650 3201 669 3232 ι
711 3198 894 3235 onmes
925 3181 1148 3240 adesse;
1191 3197 1244 3235 et
1288 3187 1384 3238 boc
1421 3202 1520 3236 non
1555 3186 1711 3239 debet
1743 3185 2116 3251 impedimento

649 3294 665 3321 ι
704 3290 820 3327 csse
848 3276 1062 3327 utilitati
1103 3276 1368 3328 Ερυιοςὶτιι.
1401 3274 1530 3326 Nam
1566 3284 1616 3328 et
1649 3277 1700 3327 in
1729 3275 1826 3328 hac
1855 3275 2112 3343 Ecclesia,

661 3383 676 3411 ι
719 3363 782 3414 ad
816 3379 971 3430 quam
1027 3374 1200 3416 vestra
1264 3365 1520 3418 sanctitas
1571 3366 1854 3418 convenire
1904 3367 2114 3432 dignata

657 3469 676 3499 ι
718 3463 816 3511 est,
859 3451 1205 3518 frequentius,
1232 3465 1283 3506 et
1318 3454 1428 3506 fere
1463 3455 1548 3507 die
1583 3454 1869 3510 dominico.
1905 3455 1993 3519 qui
2028 3469 2116 3505 or-

659 3561 676 3592 ι
722 3543 986 3603 dinantur,
1042 3543 1321 3597 habemus.
1354 3543 1596 3608 Nunquid
1644 3558 1768 3611 ergo
1821 3542 2121 3610 frequenter

658 3651 677 3680 ι
723 3645 998 3697 possumus
1034 3631 1311 3684 duodecim
1349 3631 1432 3683 vel
1467 3631 1674 3693 (leCem,
1704 3632 1784 3683 vel
1819 3647 1918 3682 non
1954 3632 2120 3684 inulto

658 3741 674 3769 ο
715 3722 990 3785 pauciores
1017 3726 1310 3775 conrocare
1339 3721 1654 3788 episcopos?
1686 3721 1787 3772 Sed
1831 3721 1966 3774 d‘lOS
2004 3737 2122 3789 pro-

657 3831 672 3860 ι
713 3813 937 3878 pinqnos
979 3809 1304 3880 conjungere
1350 3821 1428 3864 est
1463 3826 1592 3863 mete
1637 3813 1883 3878 parvitati
1939 3811 2114 3865 facile.

658 3923 675 3952 ι
713 3903 1062 3966 Quamobrem
1114 3912 1287 3958 vestra
1335 3917 1540 3957 mecum
1585 3903 1728 3956 videt
1762 3904 1991 3958 charitas
2024 3905 2124 3959 boc

653 4013 672 4049 ι
717 4009 820 4048 non
853 4009 1008 4062 posse
1031 3995 1251 4049 servari.
1284 4013 1301 4043 ι

653 4255 842 4310 BALS.
879 4255 989 4308 Duo
1022 4255 1251 4322 episcopi
1297 4255 1348 4308 iu
1380 4254 1634 4308 Numidia
1677 4257 1981 4324 epismpum
2032 4275 2122 4312 or-

584 4350 849 4404 dinarunt.
887 4345 1227 4406 Sacerdotem
1257 4345 1396 4397 enim
1452 4360 1543 4410 pro
1576 4346 1822 4412 episcopo
1853 4348 1937 4400 bie
1970 4349 2126 4402 debe-

587 4453 702 4492 mus
743 4437 1053 4504 intelligere.
1083 4434 1340 4500 Quoaiam
1378 4435 1626 4487 sacerdos
1650 4435 1726 4484 vel
1772 4437 1835 4486 ab
1868 4453 1970 4487 uno
2010 4440 2124 4490 solo

585 4530 832 4595 i‘piscopo
866 4528 1175 4590 ordinatur;
1213 4535 1269 4578 ut
1298 4526 1406 4576 vult
1455 4525 1489 4576 2
1520 4540 1638 4577 can.
1672 4525 1726 4577 S.
1757 4527 1938 4588 Apost.
1974 4527 2116 4580 Peti-

589 4627 775 4669 rerunt
810 4633 934 4680 ergo
967 4615 1265 4667 Honoratus
1303 4625 1351 4667 el
1389 4613 1633 4668 Urbanus
1685 4615 1938 4681 episcopi,
1987 4617 2127 4669 sicut

589 4703 692 4756 illis
719 4705 1022 4756 niaudatum
1073 4703 1267 4765 fuerat,
1314 4713 1371 4755 ut
1421 4719 1523 4754 non
1567 4702 1791 4767 amplius
1840 4719 1868 4756 a
1919 4706 2125 4758 duobus

586 4793 851 4858 ιιμίεοοιιίε
885 4793 1161 4846 ordinetur
1184 4793 1486 4860 episcopus,
1521 4794 1610 4845 sed
1643 4808 1670 4844 a
1716 4795 1992 4847 duodecim
2029 4810 2042 4847 :
2075 4805 2128 4848 et

591 4886 861 4953 rrspondit
905 4885 1173 4946 Aurelius,
1203 4885 1395 4941 debere
1431 4887 1629 4938 scrtari
1664 4885 1821 4954 5'77
1853 4889 2124 4953 antiquam

590 4976 810 5026 formam
850 4975 960 5026 sive
1002 4989 1277 5038 canonenv,
1314 4984 1364 5025 et
1393 4973 1634 5027 snﬂieerc
1668 4979 1730 5027 ad
1770 4977 2006 5043 episeopi
2037 4992 2128 5027 or-

589 5064 910 5115 dinationem
941 5072 1046 5116 tres
1077 5065 1370 5131 episcopos,
1405 5064 1530 5128 quia
1579 5080 1714 5130 serpe
1763 5065 1961 5118 multos
2003 5080 2130 5117 con-

593 5155 770 5202 venire
799 5151 1006 5204 difﬁcile
1037 5163 1148 5216 est;
1180 5165 1231 5205 ct
1268 5168 1332 5205 ue
1362 5152 1461 5204 lioc
1490 5153 1557 5204 sit
1587 5153 1959 5217 impedimento
1985 5153 2129 5204 utili-

593 5240 684 5293 tuti
716 5240 983 5304 Ecclesize,
1013 5243 1380 5307 episcoporum
1417 5240 1618 5293 scilicet
1643 5241 1990 5304 ordinationi,
2016 5243 2129 5306 epi-

593 5345 784 5394 scopus
816 5331 971 5383 debet
995 5331 1076 5381 vel
1128 5345 1155 5379 a
1205 5331 1372 5383 tribus
1423 5330 1549 5383 solis
1585 5330 1816 5383 ordinari
1850 5331 2132 5398 episcopis,

593 5422 793 5475 scilicet
817 5438 842 5474 a
871 5420 1272 5487 metropolitano
1300 5430 1353 5473 et
1380 5422 1443 5472 ab
1472 5421 1587 5472 aliis
1622 5421 1847 5472 duobus.
1878 5421 1967 5473 Sic
1991 5421 2130 5471 cnim

593 5513 696 5564 erit
752 5511 921 5565 facilis
961 5512 1328 5579 episc0porum
1378 5511 1658 5563 ordinatio.
1704 5508 1833 5562 Nota
1891 5524 2019 5576 ergo
2069 5526 2132 5562 ex

599 5602 839 5668 pzarscnti
892 5615 1130 5662 canone,
1192 5600 1332 5668 quod
1386 5616 1486 5652 non
1545 5601 1845 5652 necessm'io
1894 5614 1920 5649 a
1969 5599 2136 5651 trilms

600 5689 1014 5755 provincialibus
1043 5692 1303 5760 episcopis
1338 5691 1614 5742 ordinatur
1643 5691 1944 5757 episeopus;
1982 5693 2072 5742 sed
2103 5708 2130 5743 a

1801 387 2058 446 IIIEUD.
2099 384 2186 439 BA
2199 384 2491 444 LSAMON

634 525 653 557 ι
689 501 1047 558 ecclesiastico
1096 501 1398 551 admonitus
1433 513 1533 549 non
1584 504 1818 549 mutatus
1841 507 1942 559 est,
1993 509 2087 546 au-
2120 493 2170 550 Α

3650 376 3780 438 192

2269 514 2287 543 ι
2335 494 2831 562 καταγγελλόμενος
2884 493 2944 545 οὐ
3005 492 3362 561 μεθίσταται,
3418 490 3775 559 αρχοντικῶς

2282 604 2299 636 ι
2352 586 2693 639 κεκωλύσθω.
2739 605 2757 635 ι

2283 677 2339 728 '0
2373 675 2520 743 παρὰ
2563 675 2857 745 ὀρθοδόξων
2905 675 3221 743 βαπτισθεὶς
3269 674 3301 744 ἢ
3361 672 3779 743 χειροτονηθεὶς

2202 763 2448 833 δεύτερον
2469 766 2747 832 βάπτισμα
2766 765 2797 831 ἦ
2820 764 3073 832 δευτέραν
3092 764 3420 833 χειροτονίαν
3443 759 3739 831 οὑόἐχεται
3757 801 3778 815 .

2214 854 2372 905 Ἀλλὰ
2399 855 2491 905 καὶ
2533 857 2592 905 τὸ
2619 854 2726 905 ἀπὸ
2756 854 2963 916 πόλεως
2987 855 3282 906 ἐπίσκοπον
3303 855 3382 916 είς
3427 854 3618 922 ἑτέραν
3660 852 3780 904 πό-

2204 945 2285 995 λιν
2310 944 2662 1012 μεθίστασθαι
2685 946 2776 996 καὶ
2815 948 2842 997 ὀ
2868 944 3056 1015 παρὼν
3093 945 3293 1009 κανὼν,
3327 946 3421 997 καὶ
3452 944 3626 1027 ἕτεροι
3659 945 3779 996 οὐκ

2202 1033 2367 1099 ὀλίγοι
2393 1034 2657 1101 διαφόρων
2680 1035 2911 1087 συνόδων
2949 1034 3267 1088 κωλύουσιν.
3312 1035 3371 1086 ’0
3429 1031 3555 1100 γοῦν
3613 1036 3770 1102 Κρε-

2205 1123 2430 1185 σκώνιος
2508 1121 2661 1187 οὗτος
2718 1125 3042 1186 ἐπίσκοπος.
3087 1125 3186 1192 τὴν
3261 1123 3392 1175 ίδίαν
3442 1124 3773 1176 καταλιπὼν

2205 1214 2494 1282 ἐκκλησίαν
2544 1215 2576 1283 ἢ
2634 1213 2941 1284 παροικίαν,
2998 1215 3089 1266 καὶ
3149 1215 3245 1281 τῆς
3304 1214 3506 1266 Κενεοῦ
3560 1213 3772 1274 ἐπιϐὰς

2206 1303 2525 1371 ἐκκλησίας,
2583 1305 2676 1356 καὶ
2723 1306 2978 1366 πολλάκις
3037 1304 3336 1371 ἀδελφικῶς
3394 1306 3773 1370 ὑπομνησθεὶς

2207 1395 2352 1462 παρὰ
2379 1391 2486 1442 τῶν
2516 1392 2853 1459 συναδέλφων
2887 1393 2979 1443 καὶ
3011 1389 3434 1458 συλλειτουργῶν
3465 1388 3628 1440 αὐτοῦ
3658 1388 3768 1456 τὴν

2206 1481 2454 1535 τοιαύτην
2488 1482 2809 1534 καταλιπεῖν
2837 1482 3146 1548 ἐκκλησίαν,
3202 1480 3296 1532 καὶ
3359 1481 3430 1546 μὴ
3495 1481 3766 1542 πεισθεὶς,

2209 1569 2586 1634 παρεσκεύασε
2617 1570 2713 1621 καὶ
2763 1570 2992 1629 ἄκοντας
3023 1568 3219 1628 αὐτοὺς
3257 1568 3332 1637 τῷ
3377 1568 3516 1619 κατὰ
3578 1567 3770 1636 χώραν

2209 1659 2426 1728 ἄρχοντι
2462 1659 2795 1726 προσελθεῖν,
2822 1660 2913 1709 καὶ
2942 1659 3030 1710 ὑπ’
3081 1659 3286 1710 ἐκείνου
3340 1656 3770 1721 ἐξουσιαστικῶς

2213 1750 2541 1817 κωλυθῆναι.

2799 1839 3030 1893 ΚΔΝΩΝ
3074 1840 3196 1893 ΝΡ.

2217 1947 2234 1978 ι
2282 1929 2441 1984 Πόσοι
2466 1931 3067 1982 ἐπίσκοποιὲπίσκοπον
3087 1935 3411 2000 χειροτονεῖν
3433 1931 3760 1995 ὀφείλουσιν,

2286 2040 2304 2072 ε
2359 2019 2660 2093 Ὀνωρᾶτος
2706 2023 2800 2074 καὶ
2877 2021 3153 2090 Οὐρσανὸς
3213 2023 3496 2074 ἐπίσκοποι
3567 2016 3764 2073 εἷπον*

2285 2130 2302 2162 r
2348 2112 2580 2163 Κάκεῖνο
2610 2113 2740 2180 ἡμῖν
2768 2112 3024 2180 ὲνετάλθη
3051 2128 3068 2144 ο
3091 2113 3274 2181 ἐπειδὴ
3313 2115 3376 2164 ἐκ
3403 2110 3494 2163 τοῦ
3538 2111 3769 2178 πλησίον

2287 2217 2306 2250 ι
2371 2200 2587 2267 ἀδελφοὶ
2651 2199 2805 2268 ἡμῶν
2848 2199 2940 2251 δύο
2996 2200 3282 2252 ἐπίσκοποι
3328 2198 3424 2267 τῆς
3451 2197 3766 2266 Νουμηδίας

2287 2308 2304 2338 ι
2353 2290 2728 2359 χειροτονῆσαι
2785 2289 3087 2358 ἐτόλμησαν
3162 2288 3350 2355 ίερὲα,
3428 2287 3649 2354 κρίνατε
3686 2287 3767 2356 μὴ

2284 2399 2303 2430 ‹
2343 2382 2591 2446 γενέσθαι
2649 2381 2976 2450 χειροτονίας
3024 2383 3335 2434 ἐπισκόπων
3410 2382 3456 2431 εἰ
3513 2380 3586 2447 μὴ
3657 2378 3769 2430 ὑπὸ

2288 2489 2306 2522 ι
2350 2472 2574 2525 δώδεκα.
2599 2473 2864 2540 Αὐρήλιος
2893 2471 3188 2532 ἐπίσκοπος
3220 2468 3373 2522 εἶπεν
3403 2488 3415 2501 ·
3449 2470 3507 2522 Ὅ
3543 2471 3772 2537 ἀρχαῖος

2286 2583 2304 2614 ι
2349 2565 2514 2625 τύπος
2541 2563 2962 2632 φυλαχθήσεται,
3004 2561 3089 2613 ίνα
3120 2560 3194 2629 μὴ
3217 2561 3432 2629 ἥττονες
3456 2559 3619 2628 τριῶν
3655 2558 3770 2611 τῶν

2288 2673 2304 2703 ι
2350 2654 2669 2721 ὀρισθέντων
2699 2655 2776 2713 είς
2800 2653 3125 2722 χειροτονίαν
3153 2651 3462 2703 ἐπισκόπων
3509 2649 3771 2717 ἀρκέσω-

2288 2761 2305 2794 ι
2353 2759 2470 2794 σιν·
2505 2742 2636 2793 διότι
2687 2741 2743 2793 ὲν
2793 2741 3044 2806 Τριπόλει
3093 2739 3250 2809 ⁸τυχδν
3296 2738 3391 2790 καὶ
3435 2739 3492 2789 ὲν
3549 2737 3770 2805 Ἀρζοῖῃ

2290 2852 2307 2883 ι
2351 2832 2508 2898 δῆλον
2537 2830 2924 2898 παρέγκεινται
2959 2828 3202 2899 βάρϐαρα
3247 2827 3390 2895 ἔθνη.
3435 2827 3521 2878 Ἐν
3568 2825 3771 2893 Τριπό-

2290 2940 2307 2969 ι
2353 2920 2431 2970 λει
2465 2920 2519 2970 δὲ
2545 2920 2722 2978 πέντε,
2778 2917 2868 2969 καὶ
2908 2917 3055 2983 μόνοι
3102 2919 3254 2980 εἰσὶν,
3317 2915 3390 2975 ὡς
3447 2915 3767 2982 γινώσκετε,

2290 3028 2307 3059 ι
2355 3011 2676 3060 ἐπίσκοποι·
2713 3011 2804 3063 καὶ
2825 3008 3044 3061 δυνατὸν
3077 3009 3132 3074 ἐξ
3177 3007 3337 3059 αὐτοῦ
3370 3007 3622 3067 πολλάκις
3672 3005 3772 3057 τοῦ

2292 3115 2315 3144 ι-
2356 3097 2583 3163 ἀρ;θμοῦ
2619 3099 2741 3158 τοὺς
2763 3097 2853 3149 δύο
2884 3097 3088 3165 ἀνάγκη
3121 3099 3222 3147 τινὶ
3253 3095 3590 3160 κατέχεσθαι.
3625 3096 3772 3142 Δυσ-

2291 3205 2310 3235 ι
2354 3188 2506 3254 χερὲς
2534 3187 2639 3254 γάρ
2673 3189 2815 3238 ἐστιν
2858 3187 2916 3251 ἐξ
2964 3187 3269 3251 οίουδήποτε
3300 3183 3532 3250 ἀριθμοῦ
3563 3183 3773 3243 πάντας

2293 3294 2309 3326 ι
2357 3277 2613 3328 δύνασθαι
2658 3276 2983 3344 ἀπαντῆσαι,
3048 3276 3140 3327 καὶ
3213 3276 3289 3342 μὴ
3349 3274 3546 3339 ὀφείλει
3611 3273 3773 3324 τοῦτο

2295 3383 2313 3413 ι
2361 3364 2490 3416 αὐτὸ
2513 3362 2870 3432 παρεμποδὼν
2908 3359 3044 3415 εἶναι
3071 3361 3144 3430 τῷ
3173 3362 3422 3431 χρησίμῳ
3444 3362 3541 3428 τῆς
3570 3362 3772 3428 ἐκκλη-

2296 3472 2312 3502 ι
2362 3454 2498 3513 σίας.
2538 3455 2643 3504 Καὶ
2666 3455 2770 3521 γὰρ
2802 3455 2879 3514 είς
2923 3451 3126 3520 ταύτην
3182 3453 3277 3518 τὴν
3325 3449 3634 3519 ἐκκλησίαν,
3690 3453 3775 3514 είς

2296 3561 2312 3592 ι
2357 3544 2420 3611 ἣν
2446 3545 2775 3611 κατηξίωσεν
2806 3545 2838 3610 ἡ
2873 3541 3107 3611 ὑμετέρα
3158 3540 3425 3593 συνελθεῖν
3472 3541 3772 3608 ἁγιωσύνη,

2297 3649 2314 3680 ι
2364 3631 2570 3699 συχνῶς
2600 3633 2692 3683 καὶ
2723 3633 2904 3699 σχεδὸν
2937 3631 3076 3682 κατὰ
3123 3632 3402 3699 Κυριακὴν
3440 3647 3776 3699 χειροτονου-

2296 3737 2313 3770 ι
2364 3722 2553 3786 μένους
2583 3720 2794 3788 ἔχομεν.
2813 3721 2902 3787 Μὴ
2928 3720 3035 3788 ἄρα
3061 3719 3287 3783 δύναμαι
3313 3719 3543 3787 συνεχῶς
3566 3718 3773 3772 δώδεκα

2299 3826 2315 3858 ι
2361 3809 2392 3875 ἤ
2423 3809 2550 3860 δέκα
2575 3810 2605 3876 ἢ
2631 3810 2747 3877 οὐχὶ
2772 3811 2902 3861 πολὺ
2931 3809 3178 3868 ἐλάττους
3227 3809 3510 3875 συγκαλεῖν
3554 3809 3777 3860 ἐπισκό-

2298 3916 2315 3948 ι
2363 3915 2514 3959 πους.
2541 3900 2642 3952 Δύο
2666 3901 2720 3952 δὲ
2751 3900 2992 3965 γείτονας
3025 3900 3346 3968 προσζεῦξαι
3383 3900 3604 3967 εὐχερὲς
3653 3901 3771 3949 ἐστι

2299 4006 2315 4038 ι
2363 3991 2424 4056 τῇ
2460 3990 2560 4056 ἐμῆ
2603 3989 2921 4058 βραχύτητι.
2952 3989 3041 4040 Διὸ
3070 3990 3168 4059 ὀρᾷ
3197 3992 3290 4041 σὺν
3320 3989 3438 4057 ἐμοὶ
3466 3990 3497 4058 ἡ
3532 3989 3773 4058 ὑμετέρα

2302 4098 2319 4128 (
2365 4081 2546 4148 ἀγάπη
2593 4080 2746 4132 τοῦτο
2809 4079 2940 4132 αὐτὸ
3003 4080 3077 4150 μὴ
3150 4079 3402 4134 δύνασθαι
3453 4079 3769 4148 παραφυλας-

2300 4188 2318 4220 ι
2362 4170 2574 4237 χθῆναι.
2617 4189 2634 4220 ι

2297 4261 2488 4312 ΒΑΛΣ.
2516 4259 2617 4310 Δύο
2647 4258 2924 4312 ἐπίσκοποι
2968 4260 3373 4328 εχειροτόνησαν
3414 4262 3492 4319 είς
3549 4261 3775 4328 Νουμη-

2226 4354 2340 4405 δίαν
2371 4354 2659 4403 ἐπίσκοπον
2688 4365 2700 4376 ·
2730 4348 2817 4399 τὸν
2851 4351 2957 4417 γὰρ
2992 4351 3135 4420 ίερέα
3165 4349 3390 4401 ἐνταῦθα
3435 4352 3512 4410 εἰς
3557 4350 3772 4400 ἐπίσκο-

2228 4457 2325 4492 πον
2364 4438 2714 4504 ὑποληπτέον.
2752 4436 2892 4486 Διότι
2925 4437 3100 4506 ἱερεὺς
3123 4438 3216 4487 καὶ
3248 4436 3395 4505 παρὰ
3449 4437 3606 4503 μόνου
3659 4439 3778 4499 gub;

2225 4531 2601 4597 χειροτονεῖται
2651 4526 2967 4589 ἐπισκόπου,
3033 4528 3169 4579 κατὰ
3213 4527 3302 4578 τὸν
3357 4526 3400 4590 β’
3443 4527 3636 4579 κανόνα
3667 4528 3778 4579 τῶν

2227 4620 2393 4683 ἁγίων
2450 4614 2778 4668 ἀποστόλων.
2839 4615 3132 4682 Ἐζήτησαν
3185 4612 3274 4677 οὖν
3324 4615 3621 4684 Ὀνωρᾶτος
3684 4619 3778 4669 καὶ

2228 4706 2496 4774 Οὐρϐανὸς
2527 4707 2572 4756 oi
2599 4704 2900 4763 ἐπίσκοποι,
2935 4701 3112 4763 καθὼς
3147 4701 3523 4770 ὲνεταλθησαν,
3584 4706 3777 4772 μηκέτι

2227 4796 2328 4847 ὑπὸ
2356 4795 2443 4845 δύο
2473 4794 2778 4842 ἐπισκόπων
2803 4791 3215 4857 χειροτονεῖσθαι
3273 4790 3586 4852 ἐπίσκοπον,
3645 4791 3780 4842 ἀλλὰ

2230 4886 2333 4938 ὑπὸ
2366 4881 2571 4934 δώδεκα
2601 4897 2616 4911 ·
2650 4881 2740 4932 καὶ
2764 4880 3132 4946 ἀπελογήσατο
3179 4882 3206 4931 ὀ
3245 4879 3511 4950 Αὐρήλιος
3547 4881 3782 4948 ὀφείλειν

2231 4973 2587 5041 φυλάττεσθαι
2608 4971 2698 5022 τὸν
2726 4971 2947 5037 ἀρχαῖον
2981 4968 3145 5020 τύπον
3173 4969 3290 5037 ἦτοι
3318 4970 3409 5020 τὸν
3443 4972 3656 5034 κανόνα,
3688 4972 3781 5024 καὶ

2230 5067 2417 5132 ἀρκεῖν
2444 5066 2519 5123 εἰς
2551 5060 2846 5113 ἐπισκόπου
2873 5058 3196 5128 χειροτονίαν
3230 5062 3560 5121 ἐπισκόπους
3614 5065 3780 5132 τρεῖς,

2230 5155 2308 5205 ὅτι
2336 5150 2588 5210 πολλάκις
2614 5149 2867 5216 δυσχερές
2896 5151 3010 5199 ἐστι
3057 5148 3279 5209 πολλοὺς
3327 5149 3596 5202 συνελθεῖν
3629 5169 3642 5180 ·
3691 5153 3782 5202 καὶ

2233 5243 2317 5294 ἵνα
2355 5242 2428 5310 μὴ
2485 5242 2705 5306 γένηται
2755 5237 2910 5289 τοῦτο
2971 5237 3215 5304 ἐμποδὼν
3256 5239 3333 5305 τῷ
3388 5241 3781 5313 χρησίμῳ,ττῆς

2233 5329 2544 5397 ἐκκλησίας,
2601 5330 2764 5395 ήγουν
2815 5327 2879 5393 τῇ
2943 5325 3238 5394 χειροτονία
3285 5327 3392 5377 τῶν
3454 5330 3780 5396 ἐπισκόπων,

2234 5421 2434 5487 ὀφείλει
2470 5419 2615 5485 παρὰ
2643 5419 2806 5486 τριῶν
2838 5417 2928 5467 καὶ
2959 5416 3131 5482 μόνων
3184 5417 3492 5468 ἐπισκόπων
3546 5436 3781 5488 χειροτο-

2237 5511 2435 5561 νεῖσθαι
2485 5508 2795 5567 ὲπίσκοπος,
2825 5506 2988 5575 ήγουν
3034 5504 3179 5573 παρὰ
3241 5509 3633 5576 μητροπολίτου
3691 5515 3783 5565 καί

2917 5594 3069 5646 Οὕτω
3117 5595 3223 5662 γὰρ
3277 5597 3495 5664 εὐχερὲς
3552 5598 3701 5654 ἔσται
3751 5608 3779 5671 ἡ

2242 5692 2344 5744 τῶν
2383 5690 2690 5743 ἐπισκόπων
2724 5685 3034 5755 χειροτονία.
3064 5685 3368 5754 Σημείωσαι
3398 5686 3488 5739 οὖν
3533 5689 3636 5740 ἀπὸ
3692 5692 3781 5744 τοῦ

2240 5602 2385 5668 παρὰ
2461 5598 2656 5666 ἑτέρων
2711 5595 2820 5649 δύο.
