4018 6310
179 268 280 330 193

1243 275 1323 334 IN
1364 265 1529 333 CAN-
1571 274 1694 332 LW
1735 273 1935 334 CONC.
1971 275 2347 336 CARTHAG.

3289 264 3386 330 194

189 381 462 450 παρόντος
487 385 704 448 κανόνος
739 387 819 439 ὅτι
845 387 942 439 οὐκ
972 386 1030 450 ἐξ
1085 386 1325 455 ἀνάγκης
1391 387 1536 454 παρὰ
1584 385 1748 452 τριῶν

1851 387 2254 452 metropolitano
2284 395 2336 436 et
2362 384 2568 436 duobus
2597 382 2736 444 aliis.
2761 379 2969 434 etiamsi
3001 395 3106 432 non
3143 379 3249 433 sint
3286 380 3386 446 ipsi

184 473 502 526 ἐπισκόπων
573 477 924 545 ἐπαρχιωτύν
988 479 1364 547 χειροτονεῖται
1431 477 1744 534 ἐπίσκοπος,

194 561 331 614 ἀλλὰ
362 563 512 632 παρὰ
537 563 631 615 τοῦ
665 566 1053 635 μητροπολίτου
1082 568 1172 620 καί
1215 567 1415 635 ἐτέρων
1473 565 1586 625 δύο,
1642 562 1747 614 κᾶν

188 651 264 720 μὴ
325 646 456 704 ὦσιν
507 648 649 705 οὗτοι
705 655 1056 722 ἐπαρχιῶται.
1123 658 1181 708 '0
1231 657 1287 708 δὲ
1354 651 1748 724 μητροπολίτης

199 741 424 798 Ἑφέσου
493 742 694 804 ἐκεῖνος
762 748 924 812 κυρὸς
993 744 1381 814 Χριστοφόρος,
1424 742 1747 809 Είσκαλόνην

191 829 574 896 χειροτονήσας
603 829 895 881 ἐπίσκοπον
927 830 1067 882 κατὰ
1108 830 1309 897 ταύτην
1361 827 1746 896 βασιλεύουσαν

183 915 290 965 τῶν
326 915 532 966 πόλεων
564 915 730 983 χωρὶς
783 917 1079 984 παρουσίας
1117 917 1438 984 οίουδήτινος
1475 914 1746 982 ἐπαρχιῶ-

186 1023 307 1069 του,
342 1007 538 1076 ᾐτιάθη
565 1008 902 1075 παραλόγως,
937 1007 1009 1069 ὡς
1044 1008 1164 1076 ἐμοὶ
1190 1008 1356 1059 δοκεῖ.
1419 1001 1581 1057 Εἶπον
1643 1005 1747 1072 γάρ

186 1114 324 1158 τινες
379 1098 613 1164 ὀφείλειν
668 1098 757 1150 τδν
795 1099 1203 1167 ’μητροπολίτην
1265 1096 1402 1166 μετὰ
1477 1099 1748 1164 ἐπαρχιω-

189 1186 296 1236 τῶν
357 1187 421 1238 τὸ
467 1187 745 1253 ἐλάχιστον
786 1185 877 1236 δύο
929 1185 1024 1247 τὰς
1073 1185 1396 1254 χειροτονίας
1436 1185 1605 1234 ποιεῖν
1640 1181 1746 1234 τῶν

201 1277 532 1338 ἐπισκόπων,
568 1275 753 1346 ὥσπερ
783 1277 876 1329 καὶ
905 1276 998 1337 τὰς
1030 1276 1258 1343 ψήφους.

264 1367 506 1418 ΖΩΝΑΡ.
534 1366 636 1416 Δύο
663 1367 986 1426 ἐπισκόπους
1017 1369 1147 1431 φασὶ⁵
1177 1364 1545 1433 χειροτονῆσαι
1565 1361 1709 1431 ἱερέα
1727 1375 1741 1389 ’

193 1457 340 1523 ίερέα
369 1455 424 1507 δὲ
452 1455 544 1506 τὸν
568 1454 864 1506 ἐπίσκοπον
891 1455 1070 1521 λέγει·
1109 1453 1474 1525 πρεσϐύτερον
1516 1456 1623 1521 γὰρ
1652 1451 1746 1503 καὶ

193 1540 268 1607 εἷς
298 1546 595 1604 ἐπίσκοπος
625 1546 936 1614 χειροτονεῖ,
970 1543 1108 1596 κατὰ
1135 1546 1226 1595 τὸν
1273 1543 1523 1612 δεύτερον
1547 1541 1745 1594 κανόνα

193 1636 296 1688 τῶν
325 1637 495 1700 ἁγίων
525 1635 832 1687 ἀποστόλων
855 1649 868 1664 °
902 1635 996 1688 καὶ
1037 1633 1277 1700 ἀξιοῦσιν
1327 1633 1606 1704 ὁρισθῆναι
1641 1631 1744 1685 ὑπὸ

1848 475 2218 540 provinciales.
2251 474 2340 527 Ille
2370 483 2546 526 autem
2584 471 2778 540 Ephesi
2811 471 3254 537 metropolitanus
3286 471 3386 524 do-

1847 563 2024 615 minus
2053 562 2488 628 Claristopltorus,
2520 561 2607 625 qui
2644 558 2932 612 lscalonem
2958 559 3262 624 episcOpum
3298 572 3390 613 or-

1847 651 2048 704 dinavit
2091 651 2144 703 in
2191 649 2292 702 hac
2336 649 2516 714 regina
2565 648 2800 711 urbium,
2862 648 3060 716 absque
3105 647 3387 716 praesentia

1845 741 2080 807 Cujusvis
2137 740 2497 807 provincialis,
2555 749 2748 806 praeter
2804 738 3102 802 rationem,
3153 748 3209 788 ut
3259 736 3386 789 milii

1847 833 2073 896 videtur,
2124 841 2404 884 accusatus
2440 831 2556 883 fuit.
2611 829 2864 882 Dicebant
2913 828 3053 880 enim
3107 827 3387 890 nonnulli,

1845 923 2040 976 debere
2068 921 2530 983 metropolitanum
2551 957 2566 980 ,
2598 935 2717 972 cum
2751 916 3164 984 provincialibus
3193 919 3256 968 ad
3288 917 3389 968 titi-

1843 1024 1944 1062 nus
1975 1008 2204 1072 duobus,
2236 1009 2610 1076 episcoporum
2639 1007 3004 1061 ordinationes
3027 1005 3227 1071 facere,
3253 1007 3392 1060 sicut

1847 1109 1902 1152 ct
1938 1098 2256 1153 electiones.

1910 1370 2157 1425 ZONAR.
2222 1371 2333 1424 Duo
2391 1371 2658 1440 episcOpi,
2723 1375 3003 1440 inquiunt,
3057 1375 3386 1428 sacerdotem

1841 1463 2126 1528 quemdam
2163 1477 2414 1515 creavere
2455 1463 2770 1530 (sacerdotis
2795 1477 2923 1516 vero
2951 1464 3167 1516 nomine
3191 1465 3396 1531 episco-

1843 1566 1938 1616 pus
1965 1550 2297 1618 intelligitur;
2316 1566 2434 1603 nam
2460 1553 2830 1620 presbyterum
2860 1552 2939 1604 vel
2963 1568 3095 1606 unus
3113 1553 3396 1619 episc0pus

1847 1649 2013 1702 creat,
2047 1654 2110 1691 ex
2142 1650 2443 1693 sanctorum
2477 1641 2838 1706 apostolorum
2871 1656 3072 1694 canone
3112 1645 3169 1709 2)
3208 1652 3387 1709 atque.

194 1727 398 1779 δώδεκα
424 1725 844 1795 χειροτονεῖσθαι
882 1726 1194 1778 ἐπίσκοπον.
1241 1724 1505 1793 Αὐρήλιος
1554 1723 1610 1774 δὲ
1657 1721 1747 1774 τὸν

1850 1739 1906 1782 ιιι
1931 1729 2208 1782 duodecim
2245 1729 2296 1781 in
2337 1732 2584 1798 episcopo
2619 1733 2986 1784 consecrando
3013 1732 3392 1790 adhibeantur.

200 1819 415 1885 ἀρχαῖον
444 1817 616 1867 τύπον
637 1815 746 1867 δεῖν
777 1816 1135 1883 φυλάττεσθαι
1153 1815 1442 1884 ἀπεκρίθη,
1477 1811 1642 1864 τύπον
1657 1811 1747 1863 τὸν

200 1909 390 1958 κανόνα
418 1907 615 1972 λέγων,
649 1905 743 1956 καὶ
771 1908 917 1972 τρεῖς
966 1905 1296 1966 ἐπισκόπους
1325 1906 1402 1960 είς
1449 1904 1745 1955 ἐπισκόπου

197 1993 522 2062 χειροτονίαν
549 1994 737 2060 ἀρκεῖν
765 1993 1097 2060 ἀπεφήνατο.
1135 1991 1408 2061 Ἐπήγαγε
1435 1992 1488 2043 δὲ
1521 1991 1614 2044 καὶ
1662 1993 1744 2043 αι-

197 2087 332 2147 τίας,
368 2084 455 2135 Ἑν
498 2083 752 2153 Ἀρζουῖῃ
775 2081 1058 2150 ’φάμενος,
1122 2084 1449 2152 παράκειται
1500 2081 1747 2151 βάρϐαρα

199 2176 341 2245 ξθνη,
381 2176 522 2229 ὥστε
547 2174 633 2226 διὰ
670 2174 824 2226 τοῦτο
849 2173 1166 2243 δυσχέρειαν
1195 2169 1333 2225 εἶναι
1393 2173 1746 2241 συνέρχεσθαι

199 2264 317 2323 τους
345 2263 674 2323 ἐπισκόπους
713 2277 728 2292 ⁶
774 2264 834 2314 ἐν
858 2261 1110 2329 Τριπόλει
1162 2261 1217 2312 δὲ
1252 2261 1411 2312 πέντε
1450 2262 1586 2311 εἰσὶν
1633 2260 1748 2312 ἐπί-

205 2369 415 2406 σκοποι·
448 2353 724 2421 Τρίπολιν,
759 2353 858 2420 τὴν
888 2353 1190 2420 ὲνἎφρικῇ
1219 2351 1416 2417 λέγων,
1466 2351 1558 2402 καὶ
1611 2367 1746 2417 συμ-

201 2443 366 2494 ϐαίνει
386 2443 538 2504 τινὰς
567 2441 674 2494 τῶν
700 2440 859 2492 πέντε
890 2441 990 2492 ὑπό
1007 2457 1146 2501 τινος
1173 2440 1414 2508 ἀνάγκης
1452 2439 1749 2491 κωλύεσθαι

203 2531 696 2584 συνελθεῖν.¹Τοῦτο
721 2527 835 2593 οὖν,
891 2533 1072 2599 φησιν,
1119 2529 1218 2581 οὐκ
1260 2531 1462 2595 ὀφείλει
1503 2529 1751 2597 ἐμπόδιον

204 2618 332 2675 εἶναι
360 2620 436 2690 τῷ
464 2623 713 2691 χρησίμῳ
734 2621 830 2690 τῆς
860 2621 1199 2689 Ἐκκλησίας,
1247 2621 1488 2672 τουτέστι
1517 2622 1583 2688 τῇ
1643 2619 1750 2670 τῶν

203 2714 508 2764 ἐπισκόπων
541 2711 862 2782 χειροτονίᾳ.
886 2712 1164 2782 Χρήσιμον
1192 2712 1299 2780 γὰρ
1328 2713 1395 2780 τῇ
1435 2710 1747 2780 Ἐκκλησία,

203 2802 315 2870 ἦτοι
370 2807 481 2864 τοῖς
541 2805 770 2866 πιστοῖς,
831 2803 866 2869 ἡ
913 2801 1020 2854 τῶν
1070 2803 1376 2854 ἐπισκόπων
1431 2800 1748 2869 χειροτονία,

205 2895 318 2944 ἀντὶ
341 2892 434 2944 τοῦ
468 2891 727 2961 χρειώδης
756 2893 1046 2958 ἀναγκαία.
1075 2892 1243 2944 Τοῦτο
1268 2891 1361 2944 οὖν
1409 2893 1468 2942 τὸ
1495 2891 1598 2942 ὑπὸ
1626 2891 1750 2942 πολε

1848 1821 2061 1873 decerni
2090 1821 2376 1886 postulant.
2409 1821 2655 1874 Aurelius
2687 1836 2814 1875 vero
2844 1822 3116 1888 antiquam
3145 1820 3392 1883 formam,

1847 1926 2102 1964 canonem
2155 1911 2398 1965 videlicet
2451 1913 2729 1980 antiquum
2781 1916 3097 1967 servandum
3144 1929 3260 1966 esse
3309 1929 3395 1966 re-

1849 2002 2079 2067 spondit,
2110 2018 2169 2056 ac
2204 2011 2311 2054 tres
2343 2004 2618 2070 episcopos
2645 2004 2730 2055 uni
2761 2007 3120 2057 consecrando
3152 2004 3394 2057 sulliccre

1849 2092 2228 2154 pronuntiavit.
2253 2090 2587 2158 Causatnqtte
2621 2094 2809 2146 deinde
2836 2095 3113 2161 subjunxit
3134 2133 3149 2157 ,
3184 2095 3392 2153 Amne,

1848 2180 2050 2241 dicens,
2089 2180 2323 2232 barbarae
2366 2191 2551 2246 gentes
2584 2181 2845 2246 adjacent,
2880 2193 2935 2233 ut
2970 2192 3244 2250 propterea
3277 2187 3395 2247 epi-

1851 2283 2039 2332 scopos
2068 2271 2357 2322 convenire
2392 2269 2604 2323 dtliicile
2629 2271 2697 2323 sit
2731 2289 2742 2323 :
2775 2271 2972 2338 Tripoli
3002 2281 3202 2335 autem,
3240 2275 3395 2337 quiu-

1849 2375 1950 2427 que
1983 2361 2076 2410 soli
2113 2370 2236 2412 sunt
2266 2360 2498 2426 episcopi
2522 2359 2813 2426 (Tiipolim.
2837 2375 2954 2414 eam
2984 2377 3104 2428 qua:
3137 2365 3186 2414 in
3223 2363 3396 2416 Africa

1850 2460 1952 2514 est,
1986 2450 2273 2517 intelligit),
2300 2465 2362 2502 ac
2391 2465 2455 2502 ex
2486 2451 2718 2517 quinque
2743 2450 2845 2503 illis
2873 2463 3140 2506 unumaut
3172 2454 3395 2506 alterum

1852 2542 2152 2594 necessario
2209 2542 2586 2608 impedimento
2642 2542 2867 2595 detineri
2925 2543 3079 2597 facile
3129 2554 3231 2598 est.
3284 2543 3393 2596 Hm:

1853 2620 2035 2699 igitur,
2113 2633 2329 2700 inquit,
2395 2634 2763 2686 ecclesiastica:
2827 2633 3085 2697 utilitati,
3141 2635 3399 2686 creationi

1853 2737 2042 2790 nempe
2078 2725 2467 2790 episcoporum,
2503 2729 2718 2777 obstare
2745 2739 2846 2776 non
2882 2724 3057 2776 debet.
3092 2721 3228 2776 Utile
3258 2727 3397 2777 enim

1851 2824 1935 2870 est
1968 2813 2235 2874 Ecclesiae,
2268 2816 2367 2868 hoc
2396 2824 2499 2877 est,
2532 2815 2794 2874 ﬁdelibus,
2827 2817 3101 2881 episcopos
3125 2817 3355 2868 constitn
3383 2855 3400 2880 ,

1853 2906 1904 2957 id
1956 2913 2060 2966 est,
2090 2903 2428 2956 commodum
2486 2903 2844 2955 necessarium
2893 2913 2993 2956 est.
3046 2903 3401 2968 Quamobrem

204 2985 306 3035 ὶῶν
334 2986 750 3052 χειροτονεῖσθαι
781 2984 1097 3048 ἐπίσκοπον,
1131 2983 1315 3052 ὁρᾶτε,
1365 2983 1546 3050 φησιν,
1582 2981 1662 3032 ὅτι
1691 2981 1748 3031 οὺ

1855 2993 1974 3053 hoc,
2004 2991 2198 3058 inquit,
2230 2999 2286 3042 ut
2315 2992 2363 3042 in
2389 2990 2622 3058 episc0pi
2658 2991 3058 3043 consecratione
3090 2992 3267 3058 plures
3291 2991 3404 3058 epi-

204 3071 419 3125 δύναται
451 3071 804 3142 φυλαχθῆναι.

200 3247 414 3300 ΔΡΙΣΤ.
459 3265 478 3297 ι
525 3246 617 3316 Μὴ
660 3246 911 3308 ἐλάττους
939 3245 1104 3316 τριῶν
1125 3246 1438 3298 ἐπισκόπων
1467 3246 1547 3306 εἰς
1575 3261 1751 3313 χειρο-

271 3358 289 3388 ‹
335 3339 512 3390 τονίαν
541 3338 840 3390 ἐπισκόπου
873 3338 1230 3406 ἀρκείτωσαν.
1270 3354 1288 3388 t

267 3431 471 3489 Πάντες
502 3429 624 3496 μὲν,
656 3430 703 3480 εί
731 3429 972 3492 δυνατὸν,
1020 3429 1068 3480 οἱ
1101 3429 1198 3496 τῆς
1226 3430 1488 3496 ἐπαρχίας
1541 3429 1756 3480 ἐπίσκο-

201 3537 290 3572 ποι
310 3519 582 3585 ὀφείλουσι
613 3520 749 3587 μετὰ
783 3519 1004 3586 γνώμης
1031 3518 1123 3570 τοῦ
1180 3520 1570 3586 μητροπολίτου
1633 3535 1756 3569 συν·

199 3609 591 3676 ἐρχεσθαι,καὶ
620 3611 743 3670 τοὺς
791 3609 1121 3670 ἐπισκόπους
1181 3608 1550 3676 ψηφίζεσθαι·
1606 3611 1653 3660 εί
1700 3609 1754 3659 δὲ

199 3701 272 3764 μὴ
301 3698 523 3751 δυνατὸν
551 3700 758 3760 πάντας
781 3698 1046 3750 συνελθεῖν
1070 3699 1155 3751 διά
1185 3716 1304 3750 τινα
1327 3700 1588 3766 ἀνάγκην,
1649 3699 1752 3749 κᾶν

200 3791 342 3856 τρεῖς
370 3788 432 3840 τὸ
470 3788 746 3856 ἐλάχιστον
775 3788 853 3839 δεῖ
881 3790 1151 3856 παρεῖναι,
1196 3787 1500 3854 συμψήφων
1538 3787 1756 3853 γινομέ-

201 3893 304 3928 νων
337 3878 430 3928 καὶ
467 3875 575 3928 τῶν
603 3876 848 3928 ἀπόντων
871 3874 958 3926 διὰ
982 3875 1338 3942 γραμμάτων.

786 3985 1021 4038 ΚΑΝΩΝ
1059 3983 1178 4036 ΝΔ’.

205 4095 225 4126 c
270 4079 430 4130 Πόσοι
466 4077 749 4128 ἐπίσκοποι
801 4073 1154 4140 προστεθῆναι
1201 4072 1504 4137 ὀφείλουσιν
1527 4072 1601 4139 τῷ
1641 4073 1758 4140 ἀρι-

271 4185 291 4217 ‹
339 4167 461 4235 θμῷ
489 4167 596 4216 τῶν
626 4162 1086 4233 χειροτονούντων,
1125 4162 1217 4212 ἐὰν
1251 4163 1375 4229 περὶ
1407 4162 1498 4212 τοῦ
1533 4163 1758 4228 μέλλον-

269 4278 289 4308 ‹
335 4275 425 4317 τος
445 4254 864 4325 χειροτονεῖσθαι
894 4253 1192 4304 ἐπισκόπου
1219 4252 1492 4317 ἀντιλογία
1514 4253 1754 4319 γένηται.

270 4363 291 4394 r
350 4345 558 4396 Ἐκεῖνο
585 4344 640 4395 δὲ
664 4343 840 4412 ὁρίσαι
873 4343 972 4404 δεῖ,
1007 4341 1165 4404 ὥστε,
1194 4343 1289 4395 ἐάν
1318 4359 1445 4393 ποτε
1470 4344 1600 4409 πρδς
1629 4346 1745 4394 ἐπι-
1779 4340 1823 4392 D

272 4452 288 4482 t
337 4433 503 4500 λογὴν
523 4431 820 4483 ἐπισκόπου
853 4431 1206 4498 συνέλθωμεν,
1228 4432 1318 4483 καὶ
1348 4433 1552 4499 ἀναφυῇ
1575 4447 1653 4492 τις
1671 4433 1761 4481 dv-

273 4542 288 4570 ι
331 4520 563 4585 τιλογία,
582 4517 766 4586 ἐπειδὴ
777 4518 844 4570 τὰ
856 4518 1073 4570 τοιαῦτα
1091 4519 1219 4587 παρ’
1238 4521 1364 4587 ἡμῖν
1377 4519 1763 4590 ἐτρακταῖσθη-

272 4632 287 4662 ι
338 4629 462 4671 σαν,
485 4610 752 4677 τολμηρὸν
776 4605 912 4660 εἶναι
942 4611 1124 4660 λοιπὸν
1143 4612 1288 4677 τρεῖς
1317 4609 1510 4677 μόνους
1539 4612 1668 4679 πρὸς
1703 4614 1760 4663 τὸ

271 4722 287 4751 ι
337 4702 578 4768 καθᾶραι
629 4699 721 4750 τὸν
779 4698 1354 4768 χειροτονηθησόμενον
1431 4701 1710 4768 εὑρεθῆναι
1743 4718 1758 4732 ο

272 4814 289 4844 ι
335 4794 475 4844 ἀλλὰ
535 4790 611 4859 τῷ
670 4789 1015 4858 προλεχθέντι
1069 4789 1285 4857 ἀριθμῴ
1354 4791 1617 4859 προστεθῇ
1684 4789 1762 4853 εἷς

269 4902 285 4932 ι
337 4884 434 4933 καὶ
464 4879 555 4930 δύο
587 4880 677 4931 ἐπὶ
708 4877 870 4929 αὑτοῦ
895 4878 983 4929 τοῦ
1011 4878 1163 4940 λαοῦ,
1199 4878 1258 4930 οὗ
1293 4879 1475 4946 μέλλει
1500 4883 1759 4949 ζχειροτο-

271 4991 288 5020 ι
337 4970 569 5029 νεῖσθαι,
608 4966 934 5030 ἐξετασθῶσι
974 4967 1187 5034 πρῶτον
1230 4968 1300 5018 τὰ
1357 4967 1617 5033 πρόσωπα
1658 4970 1760 5019 τῶν

271 5083 287 5110 α
334 5058 728 5123 ἀντιλεγόντων
751 5071 764 5084 ·
805 5057 882 5118 εἰς
914 5055 1138 5123 ὕστερον
1163 5057 1270 5125 γὰρ
1307 5057 1395 5108 καὶ
1449 5057 1516 5106 τὰ
1567 5074 1760 5125 προτε-

272 5170 290 5202 ι
337 5149 566 5215 θειμὲνα
599 5145 949 5214 συξευχθῶσι,
987 5147 1080 5197 καὶ
1130 5146 1216 5197 ὅτε
1277 5145 1511 5214 καθαρὸς
1569 5147 1758 5211 φανείη

277 5263 291 5293 ι
338 5241 438 5293 ἐπὶ
463 5240 725 5307 δημοσίας
761 5235 1099 5305 προσόψεως,
1131 5233 1227 5286 εἷθ’
1263 5236 1403 5288 οὕτω
1455 5252 1760 5304 χειροτονη-

274 5352 292 5383 ι
343 5333 488 5398 θείη.
531 5330 654 5381 Ἐὰν
682 5325 776 5381 οὖν
803 5329 956 5380 τοῦτο
978 5327 1443 5395 ἀποκαταδέχηιαι
1473 5329 1504 5393 ὴ
1524 5327 1759 5394 ὑμετέρα

276 5442 294 5474 ι
342 5421 643 5488 ἁγιωσύνη,
677 5424 743 5487 τῇ
775 5421 1094 5487 ὁμονοητικῇ
1125 5416 1414 5482 ἀποκρίσει
1449 5416 1538 5467 τοῦ
1560 5416 1753 5482 ὑμετέ-

274 5533 293 5565 ι
344 5529 439 5583 pou
472 5510 773 5577 ἀξιώματος
823 5507 1162 5577 βεϐαιωθείη.
1205 5508 1336 5558 Ἀπὸ
1382 5507 1594 5559 πάντων
1652 5505 1755 5559 τῖλν

273 5626 290 5656 ι
335 5603 649 5654 ἐπισκόπων
683 5599 897 5668 ἐλέχθηο
935 5603 1074 5652 Πάνυ
1106 5599 1343 5666 ἀρέσκει,
1379 5616 1396 5647 t

1854 3083 1997 3150 scopi
2038 3082 2407 3143 adhibeantur,
2441 3082 2640 3134 set-vari
2681 3096 2784 3134 non
2818 3095 2998 3148 posse,
3029 3096 3122 3135 vos
3167 3082 3268 3149 ipsi
3315 3081 3403 3134 fa-

1855 3174 1956 3226 cile
1990 3173 2431 3224 animadvertitis.

1854 3260 2080 3314 ARIST.
2120 3279 2136 3310 ι
2175 3260 2368 3313 Tribus
2416 3259 2696 3327 pauciores
2735 3260 3000 3326 episcopis
3047 3261 3113 3314 ad
3159 3263 3404 3330 episcopi

1933 3370 1951 3401 ι
1987 3352 2377 3404 ordinationem
2411 3350 2552 3401 lzaud
2585 3349 2873 3402 sttﬂiciunt.
2915 3369 2934 3400 ι

1917 3437 2116 3491 Omnes
2147 3438 2385 3504 quidem,
2420 3437 2462 3488 si
2501 3435 2612 3487 ﬁeri
2649 3447 2842 3503 potest,
2866 3439 3152 3504 provincia:
3173 3440 3405 3506 episcopl

1857 3529 2279 3594 metropolitanze
2311 3528 2574 3579 sententia
2614 3529 2900 3580 convenire
2932 3529 3145 3592 debent,
3196 3538 3250 3582 et
3293 3534 3407 3597 epi-

1858 3635 2046 3686 scOpos
2076 3619 2348 3671 ordinare.
2383 3618 2438 3669 Si
2473 3619 2796 3685 impossibile
2831 3628 3004 3671 autem
3033 3621 3186 3673 fuerit
3217 3636 3406 3674 omnes

1857 3710 2166 3767 convenire,
2223 3718 2440 3774 propter
2473 3709 2704 3774 aliquam
2755 3709 3152 3772 necessitatem,
3208 3711 3400 3764 saltem

1860 3813 1968 3853 tres
2004 3799 2279 3851 minimum
2316 3801 2502 3851 adesse
2527 3809 2755 3866 Oportet.
2788 3802 2948 3853 etiam
2983 3802 3292 3856 absentibus
3318 3817 3412 3870 per

1858 3890 2066 3942 litteras
2098 3903 2418 3942 consensum
2449 3905 2600 3939 suum
2645 3890 3024 3954 przebentibus.

2431 3977 2655 4032 CANON
2693 3978 2826 4030 LIV.

1867 4087 1884 4121 ι
1927 4075 2063 4134 Quot
2094 4068 2328 4135 episcopi
2368 4068 2524 4133 adjici
2564 4068 2790 4120 debeant
2835 4084 3058 4124 numero
3104 4086 3289 4126 eorum
3319 4075 3411 4141 qui

1937 4178 1954 4208 ι
2000 4161 2266 4215 ordinant.
2305 4159 2348 4210 si
2385 4159 2451 4211 de
2486 4159 2784 4212 ordinando
2819 4161 3066 4229 episc0po
3100 4163 3259 4216 fuerit
3287 4179 3413 4217 con-

1938 4266 1956 4298 ‹
1994 4248 2266 4301 tradictio.’
2293 4248 2417 4300 Illud
2455 4259 2633 4300 autem
2697 4250 2916 4302 definire
2964 4263 3196 4318 oportet.
3268 4264 3322 4306 ut
3366 4257 3410 4306 si

1934 4359 1951 4390 ‹
1995 4341 2060 4392 ad
2104 4341 2338 4408 epiSt'Opi
2371 4341 2688 4393 electionem
2736 4341 3054 4409 quandoque
3094 4345 3415 4396 conveneri.

1940 4447 1956 4479 ι
1995 4445 2130 4488 mtts.
2160 4442 2210 4482 ct
2238 4432 2421 4484 oborta
2454 4428 2613 4481 fuerit
2645 4429 2818 4496 aliqua
2853 4432 3176 4484 contradicti
3198 4449 3234 4494 ι,
3266 4446 3424 4500 ρουι-“

1941 4538 1957 4568 ι
1996 4534 2154 4585 quam
2197 4534 2257 4570 ea
2295 4534 2320 4568 a
2359 4519 2513 4572 nobis
2543 4527 2766 4572 tractata
2803 4519 2996 4571 fuerint
3021 4535 3139 4574 esse
3159 4523 3412 4588 deinceps

1940 4627 1956 4658 ι
2006 4610 2164 4661 nimis
2201 4613 2368 4661 audax
2413 4609 2702 4675 inceptum,
2739 4620 2844 4662 tros
2879 4610 3019 4662 solos
3057 4611 3121 4662 ad
3163 4626 3282 4664 eum
3319 4613 3413 4664 de-

1935 4716 1952 4747 I
1998 4701 2318 4765 ponendum,
2350 4698 2438 4764 qui
2488 4699 2818 4752 ordinandus
2859 4709 2957 4763 est,
3009 4699 3278 4753 inveniri:
3316 4703 3410 4755 sed

1937 4807 1954 4837 ι
1997 4787 2243 4853 praedicto
2271 4803 2490 4839 numero
2523 4788 2842 4854 adjiciantur
2871 4805 3026 4851 unus,
3062 4790 3142 4841 vel
3186 4790 3309 4851 duo,
3360 4803 3413 4843 et

1937 4895 1959 4927 σ
1993 4878 2042 4928 ίιι
2077 4879 2260 4928 eodem
2298 4877 2510 4943 populo,
2543 4877 2690 4943 cujus
2725 4888 2806 4931 est
2833 4881 3179 4944 ordinandus,
3210 4883 3414 4932 exami-

1938 4985 1955 5016 ι
1999 4975 2193 5018 nentur
2223 4968 2453 5030 primum
2494 4980 2734 5033 persona:
2781 4983 2967 5020 eorum
3016 4967 3106 5036 qui
3140 4972 3404 5021 contradi-

1940 5075 1956 5106 l
1994 5066 2153 5121 Clllll;
2180 5065 2361 5122 postea
2393 5067 2568 5108 autem
2599 5065 2651 5109 et
2671 5072 2787 5125 quae
2815 5070 2937 5110 SUlll
2973 5070 3242 5126 υτοροειιτι
3273 5074 3405 5110 (⁵01)·-

1942 5168 1957 5198 ι
1996 5149 2320 5216 jungantur;
2356 5157 2408 5199 et
2440 5147 2653 5213 quando
2686 5149 2736 5199 in
2773 5159 2992 5212 aspectu
3026 5149 3201 5216 populi
3248 5165 3414 5216 purus

1939 5257 1955 5288 ι
1999 5250 2052 5290 οι
2083 5239 2331 5290 innocens
2360 5235 2683 5302 apparuerit,
2704 5236 2894 5290 deinde
2923 5239 3000 5291 sic
3023 5239 3323 5291 ordinetur.
3357 5237 3413 5289 Si

1933 5347 1954 5379 ι
1995 5329 2093 5382 ltoc
2127 5341 2252 5395 ergo
2284 5326 2531 5378 admittat
2579 5340 2758 5378 vestra
2812 5331 3072 5380 sanetitas
3099 5365 3114 5390 ,
3159 5332 3411 5380 concor-li

1936 5438 1953 5469 ι
1994 5429 2178 5471 vestrm
2227 5419 2497 5484 tligttTtath
2548 5418 2895 5485 responsione
2948 5420 3271 5472 stabiliatur.
3333 5419 3414 5470 Ab

1936 5533 1952 5561 ι
1992 5511 2234 5564 omnibus
2260 5511 2523 5577 episcopis
2557 5509 2754 5562 dictum
2790 5519 2868 5562 cst
2905 5526 2915 5560 :
2945 5509 3105 5561 Valde
3136 5510 3327 5576 placet.
