4018 6310
513 276 620 338 Ξῦ3

519 500 538 532 1
580 481 646 538 Ut
677 484 956 552 dimcescs,
987 488 1085 541 nisi
1119 491 1316 557 proprii
1346 491 1578 560 episcom
1612 507 1897 559 consensu,
1930 494 2066 550 alius

592 592 608 622 1
658 577 938 644 episcolius
971 593 1076 632 non
1127 583 1406 650 suscipiat.
1462 582 1747 652 EpigOnius
1783 585 2068 654 episcopus

589 681 606 712 1
651 665 814 718 dixit:
847 668 902 719 In
941 669 1122 723 multis
1150 671 1367 739 synodis
1388 682 1732 726 constitutum
1765 685 1850 727 est
1883 689 2064 727 sacer-

587 769 603 801 1
653 754 815 808 dotali
848 773 1127 822 consessu,
1161 769 1218 811 ut
1251 762 1448 827 pepuli,
1484 762 1576 829 qui
1610 763 1660 814 in
1711 764 1964 831 parceciis
1997 765 2066 817 ab

582 858 599 890 1
643 845 909 912 episcopis
937 849 1305 914 ccutineutur,
1336 852 1423 918 qui
1479 867 1751 920 nunquam
1789 857 2062 922 proprium

579 953 595 982 1
638 941 944 1004 (‘pisCopum
999 943 1316 1006 habuerunt,
1375 945 1473 997 nisi
1533 960 1598 998 ex
1655 962 1914 1000 1-on~.ensu
1947 950 2060 1015 epi-

583 1045 599 1074 1
646 1030 815 1096 scopi,
867 1049 892 1082 a
933 1047 1037 1098 quo
1088 1048 1114 1085 a
1170 1035 1435 1102 principio
1484 1045 1754 1098 tenentur,
1811 1039 2060 1107 prOprios

578 1135 595 1168 1
644 1119 962 1184 dilectores,
1021 1124 1178 1175 idest
1236 1127 1536 1193 episcopos,
1591 1142 1694 1179 non
1746 1130 2056 1196 accipiant:

575 1226 593 1256 1
641 1211 894 1276 quoniam
951 1215 1158 1267 scilicet
1212 1217 1448 1282 quidam,
1497 1220 1833 1287 tyrannidem
1870 1235 2058 1288 quam-

573 1317 590 1348 1
635 1301 754 1352 dam
821 1309 1075 1369 assecuti,
1135 1305 1361 1359 fratrum
1414 1311 1850 1362 communionem
1902 1327 2056 1364 aver-

577 1413 594 1443 1
646 1404 863 1458 santur;
897 1410 1058 1462 porro
1085 1406 1135 1449 et
1164 1398 1377 1464 quando
1422 1398 1553 1452 viles
1598 1399 1894 1467 abjectique
1927 1415 2055 1452 eva-

570 1505 586 1535 1
635 1487 826 1550 serint,
869 1502 1052 1538 rursus
1086 1491 1320 1554 quadam
1350 1487 1494 1539 velut
1520 1492 1737 1556 antiqua
1772 1492 2055 1558 tyrannide

573 1599 592 1630 1
640 1580 740 1633 sibi
769 1580 1003 1632 dominia
1042 1578 1350 1632 vendiCnnt.
1387 1577 1535 1632 Mulli
1571 1590 1747 1630 autem
1795 1581 1956 1632 etiam
1989 1596 2053 1632 ex

567 1690 584 1721 1
631 1671 979 1738 presbyteris,
1011 1668 1097 1722 inn
1123 1671 1176 1720 ιιι
1208 1678 1259 1723 et
1297 1669 1469 1732 stulti,
1507 1669 1751 1722 cervices
1795 1669 2055 1722 adversus

567 1782 584 1812 1
632 1764 914 1830 episcopos
947 1763 1183 1829 erigunt,
1247 1760 1644 1813 multitudinem
1697 1760 1961 1814 conviviis
1999 1769 2052 1814 et

568 1871 584 1902 1
633 1853 886 1921 malignis
935 1854 1177 1906 consiliis
1226 1853 1574 1919 instigantes,
1635 1860 1692 1903 ut
1747 1851 2050 1904 inordinata

568 1963 586 1994 1
636 1945 1007 1997 benevolentia
1045 1959 1137 1998 eos
1188 1945 1288 1997 sibi
1343 1943 1642 1996 directorcs
1697 1943 2049 1995 constituant.

567 2055 584 2084 1
637 2033 746 2086 Hoc
780 2043 954 2087 autem
1007 2036 1288 2103 insigniter
1318 2036 1609 2100 optandum
1665 2048 1693 2084 a
1740 2044 1912 2086 vestra
1959 2034 2052 2086 be-

563 2144 580 2174 1
628 2123 931 2177 nevolentia
965 2123 1296 2187 obtinemus,
1347 2123 1660 2178 ﬁdelissime
1721 2123 1885 2177 frater
1937 2125 2050 2177 Au-

562 2239 580 2269 1
627 2219 745 2281 reli,
798 2219 938 2285 quod
975 2231 1114 2286 sape
1155 2217 1417 2285 ejusmodi
1460 2234 1646 2271 eorum
1700 2217 2052 2286 appetitiOnes

561 2328 579 2360 1
630 2327 733 2361 non
784 2311 1077 2363 admittens
1124 2309 1468 2378 prohibuisti.
1520 2307 1746 2376 PI'Opler
1790 2309 2050 2377 malignas

561 2422 579 2467 1
620 2414 794 2456 autem
815 2418 995 2456 eorum
1014 2404 1365 2471 cngitationcs
1385 2415 1435 2453 et
1455 2403 1692 2467 improbe
1715 2403 2050 2454 consentien-

569 2516 584 2544 1
632 2501 703 2549 tia
727 2496 944 2548 consilia
969 2497 1066 2547 hoc
1095 2495 1234 2556 dico,
1296 2510 1399 2545 non
1431 2494 1623 2547 debere
1679 2494 2050 2562 propiiumiu-

563 2607 579 2638 1
625 2587 929 2639 stitutorem
984 2582 1230 2648 p0puluin
1270 2583 1539 2650 accipere,
1581 2583 1671 2651 qui
1721 2582 1776 2635 in
1825 2597 1886 2634 ea
1928 2596 2046 2648 qua:

561 2698 580 2730 1
629 2679 825 2731 dicitur
875 2675 1130 2741 parcet-ia,
1186 2673 1410 2740 antiquo
1463 2674 1720 2741 episcopo
1774 2671 2047 2740 subjectus

560 2791 576 2822 1
629 2782 966 2835 nequaquam
1015 2766 1291 2832 prOprium
1344 2764 1656 2831 episc0punt
1717 2764 1922 2816 habuit.
1981 2763 2046 2816 Et

560 2880 579 2914 1
629 2862 748 2914 ideo
783 2857 825 2910 si
859 2858 994 2925 quod
1027 2857 1145 2908 dico
1177 2855 1438 2906 universae.
1467 2854 1819 2909 sanctissimae
1843 2856 2044 2924 synodo

560 2973 578 3004 1
627 2951 818 3020 placet,
857 2947 1228 2999 conﬁrmetur.
1265 2945 1515 2998 Aurelius
1544 2945 1830 3013 cpiscopus
1863 2945 1997 2998 dixit
2029 2962 2042 2997 :

554 3061 571 3091 1
625 3041 828 3093 Fratris
865 3049 917 3091 et
943 3038 1240 3106 coepiscopi
1292 3038 1460 3090 nostri
1517 3037 1876 3104 prosecutioni
1937 3051 2116 3134 nonC

559 3151 576 3182 1
625 3131 818 3185 resisto
854 3146 867 3193 ;
902 3129 993 3182 sed
1031 3130 1130 3180 hoc
1189 3142 1274 3180 nte
1337 3137 1391 3180 el
1435 3127 1630 3181 fecisse
1670 3137 1724 3180 et
1775 3127 2041 3180 facturum

557 3239 575 3271 1
623 3220 895 3286 proﬁteor,
943 3216 1149 3270 scilicet
1200 3217 1340 3284 apud
1391 3233 1484 3270 eos
1532 3219 1624 3284 qui
1673 3217 2041 3281 consentiunt,

560 3330 577 3361 1
629 3323 732 3361 non
769 3309 936 3360 solum
963 3308 1379 3375 Carthaginensi
1415 3307 1690 3372 Ecciesizr,
1737 3312 1829 3362 sed
1877 3309 2041 3361 etiam

555 3419 572 3450 1
623 3404 872 3452 universo
934 3399 1259 3452 sacerdotali
1321 3400 1619 3451 COIiSOI'liO.
1685 3401 1820 3452 Sunt
1899 3399 2040 3452 enim

553 3510 572 3544 1
620 3492 858 3562 plurimi,
893 3492 986 3560 qui
1015 3506 1134 3545 cum
1165 3491 1399 3557 propriis
1435 3492 1646 3559 populis
1683 3493 2038 3558 conspirant;

555 3602 572 3631 1
616 3597 751 3649 quos
779 3581 1019 3648 quidem,
1055 3590 1113 3631 ιιι
1145 3578 1345 3632 dictum
1399 3591 1504 3643 est,
1552 3581 1835 3643 εεᾱιιοιιηι,
1885 3593 2042 3632 aures

545 3692 562 3723 1
609 3687 794 3724 eorum
838 3671 1136 3732 tilillanles,
1185 3679 1236 3721 et
1283 3670 1526 3722 homines
1575 3671 1694 3722 vita!
1743 3671 2043 3736 desperatae

552 3782 569 3814 1
617 3763 998 3829 damnatmquc
1037 3759 1443 3812 adulationibus
1491 3761 1556 3810 ad
1593 3774 1651 3812 se
1698 3760 2036 3826 allicientes;

551 3874 570 3906 1
619 3854 796 3922 potius
826 3863 1003 3906 autem
1059 3849 1250 3916 inﬂati,
1287 3861 1341 3903 et
1381 3850 1448 3902 ab
1495 3851 1595 3903 hoc
1638 3851 1910 3904 consortio
1955 3865 2039 3906 se-

549 3963 566 3995 1
613 3947 757 4015 ipsos
789 3957 1100 4012 scparantes
1139 3959 1150 3993 :
1191 3943 1277 4009 qui
1309 3942 1525 4010 quidem
1578 3943 1802 4010 proprio
1838 3943 2038 4012 pOpulo

554 4057 572 4088 1
623 4038 936 4099 innitentes,
975 4050 1116 4102 sazpe
1146 4035 1375 4098 evocati,
1420 4045 1477 4086 ιιι
1528 4035 1744 4087 veniant
1777 4035 1842 4088 ad
1875 4051 2040 4103 syno—

552 4146 571 4176 1
621 4129 773 4189 dum,
819 4134 1090 4187 recusant,
1146 4135 1204 4176 ut
1262 4126 1351 4193 qui
1408 4128 1631 4179 timeant
1686 4142 1752 4179 ne
1804 4129 2035 4181 absurda

550 4238 566 4268 1
617 4233 802 4272 eorum
837 4216 975 4268 facta
1030 4217 1467 4269 manifestentur.
1521 4217 1646 4270 Dico
1683 4233 1834 4287 ergo,
1870 4219 1915 4272 si
1955 4221 2035 4271 vi-

547 4332 564 4361 1
612 4311 792 4373 detur,
848 4311 1103 4363 omnibus
1157 4309 1334 4363 modis
1391 4325 1513 4362 cum
1565 4311 1642 4364 cis
1710 4313 2036 4365 contendere

545 4426 560 4455 1
607 4407 904 4465 debemus,
962 4413 1018 4454 nt
1079 4419 1182 4456 non
1235 4404 1410 4455 solum
1470 4405 1537 4458 iis
1594 4421 1700 4458 non
1749 4391 2090 4459 serventurl

551 4514 564 4546 1
610 4495 872 4564 ejusmodi
901 4493 1190 4558 dimceses,
1227 4496 1320 4546 sed
1366 4508 1463 4547 nec
1509 4498 1738 4563 proprize
1782 4497 2038 4550 Ecclesiae

557 4606 567 4637 ι
615 4601 729 4651 quae
755 4585 892 4638 male
923 4585 988 4637 ad
1021 4585 1164 4652 ipsos
1186 4600 1580 4653 pervenerunt;
1617 4601 1670 4642 et
1723 4599 1780 4641 ut
1809 4591 2037 4644 authen-

549 4696 567 4727 1
616 4677 720 4728 tice
753 4674 964 4743 publice
1011 4673 1322 4743 Pjiciunlur,
1371 4687 1423 4730 et
1471 4679 1538 4731 ab
1583 4680 1696 4746 ipsa
1745 4681 2033 4745 primatum

548 4789 563 4815 1
613 4765 869 4817 cathedaa
921 4777 1257 4819 moveantur.
1319 4765 1545 4836 Oportet
1593 4770 1737 4822 enim
1793 4785 1907 4834 eos,
1944 4769 2032 4836 qui

541 4875 558 4906 1
602 4855 867 4908 universis
907 4853 1160 4908 fratribus
1189 4865 1242 4910 et
1291 4859 1387 4909 ιοιὶ
1440 4845 1645 4927 sfnodo
1695 4859 2035 4926 agglutinan—

545 4968 561 4996 1
612 4957 717 5008 tur,
753 4959 859 4997 non
897 4944 1068 4996 solum
1102 4947 1374 5014 propriam
1404 4948 1716 5000 cathedram
1757 4950 1901 5016 juste
1941 4948 2034 5000 ob-

545 5057 561 5086 1
608 5037 799 5099 tiuere,
832 5037 924 5088 sed
949 5036 1109 5088 etiam
1135 5037 1396 5104 ejusmodi
1424 5038 1688 5092 dium-ses
1717 5040 2033 5106 possidere:

545 5147 561 5178 1
604 5144 696 5182 eos
729 5141 931 5194 autem,
965 5131 1056 5198 qui
1087 5132 1336 5183 videntur
1376 5147 1470 5183 sua
1523 5147 1645 5186 esse
1696 5132 2034 5185 multitudine

550 5237 568 5268 1
619 5220 884 5284 contenti,
941 5231 996 5275 et
1049 5220 1339 5275 fraternam
1404 5222 1748 5276 dilectionem
1785 5231 2033 5277 contem-

545 5323 779 5375 1nunt,
843 5325 945 5364 non
1021 5314 1193 5366 solum
1254 5315 1516 5368 dioeceses
1593 5301 1880 5379 amittere;
1941 5315 2033 5368 sed

549 5421 567 5448 1
616 5403 800 5465 ριίςιιη,
831 5409 887 5453 ιιι
919 5403 1052 5466 dixi,
1081 5405 1313 5470 propriis
1343 5405 1475 5457 locis
1498 5407 1738 5459 saeculari
1768 5416 2035 5473 potestate

543 5509 564 5541 1
613 5494 838 5559 privari,
899 5504 956 5546 ut
1006 5496 1259 5549 rebelles.
1314 5495 1620 5550 Honoratus
1678 5509 1729 5551 ct
1780 5497 2035 5553 Urbanus

540 5601 558 5632 1
608 5586 842 5654 episcopi
873 5589 1161 5641 dixerunt:
1204 5587 1432 5642 Maxima
1471 5592 1806 5658 providentia
1840 5600 2034 5646 vestra:

550 5690 568 5723 ι
612 5679 915 5731 s.inctita.tis
942 5681 1176 5752 omnium
1215 5683 1481 5737 mentibus
1515 5683 1743 5750 insedit;
1773 5694 1824 5736 et
1849 5686 2036 5738 existi-

2087 1732 2129 1786 Β

1765 295 1861 352 ΤΗ
1875 295 2037 357 EOD.
2083 299 2312 359 BALSA
2323 304 2477 362 ΜοΝ

1076 399 1299 464 canon
1355 403 1511 457 Lvn.
2098 419 2142 470 Α

3623 303 3736 368 ἳσέ

2746 421 2983 474 ΚᾸΝΩἾ
3033 422 3154 475 NZ‘.

2181 520 2199 552 1
2246 503 2410 558 Ὥστε
2440 508 2536 570 τὰς
2566 508 2884 578 διοικήσεις,
2917 515 2964 564 εἰ
2997 514 3072 582 μὴ
3101 513 3240 567 κατὰ
3293 511 3600 565 συναίειεσιν
3633 512 3734 562 τοῦ

2248 614 2268 647 1
2317 598 2448 650 ίδίου
2476 601 2793 665 ἐπισκόπου,
2819 603 3112 657 ἐπίσκοπον
3141 605 3326 672 ἕτερον
3351 604 3426 674 μὴ
3453 602 3731 672 δέχεσθαι.

2243 703 2262 735 1
2310 686 2616 754 Ἐπιγόνιος
2653 692 2950 752 ἐπίσκοπος
2983 689 3137 746 εἶπεν
3163 710 3178 725 ο
3218 694 3306 746 Ἐν
3342 693 3561 754 πολλαῖς
3602 707 3732 744 συν·

2247 795 2265 825 1
2313 777 2450 840 όδοις
2521 779 2752 847 ὥρισται
2826 785 3083 852 συνεδρίῳ
3153 784 3444 852 ίερατικῷ,
3507 785 3598 836 ἵνα
3657 783 3730 834 τὰ

2242 888 2260 916 1
2310 868 2489 939 πλήθη
2519 871 2584 922 τὰ
2617 875 2673 922 ὲν
2704 876 2823 935 ταῖς
2869 875 3183 944 παροικίαις
3227 876 3337 928 ἀπδ
3366 873 3473 928 τῶν
3504 872 3729 926 ίπισκό-

2241 976 2260 1007 1
2313 976 2426 1010 πων
2461 962 2819 1032 κατεχόμενα,
2851 965 2918 1016 τὰ
2961 966 3090 1018 ἴδιον
3120 965 3418 1018 ἐπίσκοπον
3453 965 3724 1034 μηδέποτε

2241 1066 2258 1098 1
2305 1050 2573 1120 ἐσχηκότα
2597 1055 2642 1103 εί
2667 1052 2740 1121 μὴ
2771 1055 2912 1106 κατά
2941 1055 3248 1106 σνναίνεσιν
3273 1053 3366 1108 τοῦ
3396 1055 3724 1110 ὲπιτκόπ-ιυ.

2243 1159 2259 1189 1
2307 1142 2434 1208 παρ’
2478 1135 2537 1194 οὗ
2587 1141 2822 1213 ἑξαρχῆς
2870 1145 3225 1211 κατέχονται,
3268 1144 3343 1214 μὴ
3392 1142 3727 1211 λαμϐάνοιεν

2240 1250 2258 1281 1
2310 1231 2522 1295 ίουντὰς
2554 1233 2734 1296 ἰδίους,
2765 1233 2908 1286 τοῦτ’
2939 1237 3087 1287 ἔστιν
3135 1235 3496 1288 ἐπισκόπουςο
3530 1233 3724 1302 ἐπειδή

2235 1341 2254 1371 1
2301 1340 2445 1383 τινες
2466 1324 2686 1394 δηλαδὴ,
2721 1325 3033 1394 τυραννίδος
3060 1327 3204 1389 τινὸς
3238 1326 3724 1394 ὲπιτετυχηκότες,

2236 1431 2254 1463 1
2301 1413 2400 1482 τὴν
2453 1415 2559 1468 τῶν
2607 1416 2852 1483 ἀδελφῶν
2903 1418 3192 1469 κοινωνίαν
3248 1418 3720 1485 ἀποστρέφονται·

2235 1521 2252 1552 1
2297 1503 2390 1556 καὶ
2430 1504 2559 1556 ὅταν
2613 1505 2669 1556 δὲ
2717 1504 3228 1573 ἀποφαυλισοῶσιν,
3273 1506 3348 1566 ὠς
3394 1505 3461 1557 ἂν
3517 1504 3573 1557 εἴ
3611 1521 3725 1556 τινι

2233 1610 2249 1640 1
2297 1593 2501 1662 παλαιᾷ
2523 1595 2797 1662 τυραννῐδι
2818 1596 3130 1656 δεσποτείας
3151 1597 3363 1656 ἑαυτοῖς
3387 1593 3716 1648 ἑκδικοῦσιν.

2236 1702 2252 1732 ι
2301 1683 2492 1736 Πολλοὶ
2519 1684 2575 1737 δὲ
2601 1686 2694 1737 καὶ
2731 1687 2793 1737 ὲκ
2824 1685 2932 1738 τῶν
2965 1685 3351 1755 πρεσϐυτέρων
3375 1728 3389 1751 ,
3424 1685 3724 1754 φυσιούμε-

2236 1793 2253 1826 ι
2301 1793 2378 1828 νοι
2410 1779 2506 1828 καὶ
2542 1777 2740 1848 μωροὶ,
2771 1781 2896 1841 τοὺς
2927 1781 3160 1848 αὐχένας
3200 1779 3531 1831 ἐπανιστῶσι
3578 1777 3726 1830 κατά

2237 1887 2252 1919 ι
2302 1869 2408 1921 τῶν
2433 1870 2651 1922 οἰκείων
2681 1873 3020 1935 ἐπισκόπων,
3060 1872 3120 1923 τι
3149 1871 3354 1940 πλῆθος
3395 1868 3722 1937 συμποσίοις

2234 1977 2250 2008 1
2295 1959 2387 2010 καὶ
2429 1961 2747 2013 κακοοελέσι
2803 1962 3160 2030 συμϐουλίαις
3202 1963 3592 2031 διεγείροντες,
3642 1961 3724 2021 ὡς

2233 2067 2250 2097 1
2296 2050 2518 2101 ἄτακτοι
2564 2051 2747 2120 εὐνοίᾳ
2799 2051 3023 2114 τούτους
3052 2052 3276 2114 ἑαυτοὺς
3329 2054 3543 2116 ίουντάς
3588 2053 3726 2105 καθ-

2233 2159 2250 2191 1
2298 2142 2554 2194 ιστάνειν.
2594 2140 2770 2194 Τοῦτο
2824 2142 2881 2195 δὲ
2929 2143 3214 2212 ἐπισήμως
3263 2145 3513 2198 εὐκταῖον
3567 2143 3718 2210 παρά

2231 2249 2250 2282 1
2299 2233 2394 2298 τῆς
2449 2230 2724 2300 ὑμετέρας
2766 2232 3070 2303 κατέχομεν
3127 2234 3392 2297 διανοίας,
3425 2235 3720 2286 πιστότατα

2229 2342 2248 2373 1
2298 2322 2491 2390 ἀδελφὲ
2538 2324 2796 2393 Δύρήλιε,
2827 2325 2910 2378 ὅτι
2975 2326 3234 2390 πολλάκις
3303 2326 3398 2389 τὰς
3455 2325 3721 2387 τοιαύτας

2232 2431 2249 2462 1
2296 2414 2468 2480 ὁρμὰς
2509 2413 2584 2482 μὴ
2618 2415 3046 2485 προσδεχόμενος
3081 2416 3380 2480 ἑκώλυσας.
3408 2417 3508 2471 Διά
3530 2418 3586 2471 δὲ
3617 2416 3721 2479 τὰς

2231 2522 2247 2553 ι
2293 2504 2400 2556 τῶν
2422 2504 2680 2558 τοιούτων
2716 2507 3033 2570 κακοθελεὶς
3064 2509 3296 2572 ἑννοίας,
3324 2511 3418 2562 καὶ
3447 2513 3514 2562 τὰ
3568 2510 3716 2576 φαύ-

2231 2615 2248 2645 ‹
2294 2595 2400 2658 λως
2446 2597 2883 2666 συμφωνούμενα
2931 2599 3296 2667 βουλεύματα,
3345 2599 3504 2653 τοῦτο
3548 2601 3714 2668 λέγω,

2230 2705 2246 2736 ι
2298 2687 2371 2754 μή
2438 2686 2674 2753 ὀφείλειν
2738 2686 3056 2757 καθηγητὴν
3129 2689 3257 2741 ἴδιον
3331 2688 3586 2754 δέξασθαι
3649 2691 3720 2744 τὸ

2228 2795 2245 2825 1
2296 2776 2516 2844 πλῆθος,
2551 2777 2610 2828 τὸ
2640 2778 2698 2829 ὲν
2727 2781 2791 2847 τῇ
2819 2780 3087 2851 λεγομένῃ
3113 2783 3376 2853 παροικίᾳ
3419 2783 3722 2853 ὑποκείμε-

2226 2885 2242 2913 1
2293 2882 2381 2917 vov
2433 2867 2645 2935 ἀρχαίῳ
2707 2867 3027 2938 ἑπισκόπῳ,
3081 2872 3175 2922 καὶ
3231 2873 3501 2941 μηδέποτε
3575 2875 3715 2926 ι’διον

2226 2977 2242 3006 1
2292 2959 2585 3010 ἐπίσκοπον
2609 2961 2862 3029 ὲσχηκός.“
2885 2963 2994 3025 Διὸ,
3026 2963 3118 3014 ὲάν
3149 2965 3406 3036 συμπάσῃ
3433 2968 3506 3034 τῇ
3543 2967 3718 3033 ἀγιω-

2226 3067 2244 3097 ‹
2291 3048 2426 3120 τάτῃ
2462 3049 2662 3114 συνόδῳ
2693 3049 2903 3123 ἀρέσκῃ
2933 3050 2994 3103 τὸ
3034 3053 3166 3120 παρ’
3202 3053 3358 3121 ἐμοῦ,
3403 3054 3678 3126 βεσαιωθή
3705 3085 3718 3097 -

2222 3155 2240 3188 1
2287 3155 2382 3191 τω.
2413 3139 2680 3208 Αὐρήλιος
2705 3139 3003 3203 ἐπίσκοπος
3028 3137 3150 3194 sint
3171 3160 3184 3174 ’
3219 3142 3324 3196 Τοῦ
3349 3145 3581 3213 ἀδελφοῦ
3615 3148 3716 3200 καὶ

2222 3247 2239 3279 1
2289 3231 2688 3282 συνεπισκόπου
2747 3233 2906 3301 ήμῶν
2977 3235 3041 3302 τῇ
3118 3233 3533 3304 ὲξακολουθήσει
3609 3240 3716 3293 ούκ

2221 3338 2238 3370 ι
2285 3319 2615 3389 ἁνθίσταμαι
2643 3339 2656 3354 ·
2697 3322 2834 3376 ἀλλά
2864 3324 3024 3378 τοῦτο
3073 3326 3174 3396 ἐμὲ
3230 3328 3323 3382 καί
3367 3332 3716 3399 πεποιηκότα

2221 3430 2238 3462 1
2289 3413 2379 3464 καὶ
2437 3414 2742 3482 ποιήσαντα
2793 3415 3086 3483 ὁμολογῶ,
3135 3417 3340 3490 δηλαδή
3400 3425 3528 3490 περὶ
3581 3425 3717 3486 τοὺς

2219 3521 2238 3552 1
2286 3503 2665 3572 ὁμονοοῦντας,
2695 3506 2756 3558 ού
2797 3507 2958 3574 μόνον
3009 3512 3076 3580 τῇ
3132 3513 3189 3563 ὲν
3233 3514 3538 3583 Καρχηδόνι
3579 3515 3714 3570 Ἐκ-

2220 3613 2238 3644 1
2286 3596 2506 3665 κλησίᾳ,
2539 3597 2674 3648 ἀλλὰ
2714 3599 2809 3650 καὶ
2857 3602 3003 3671 πάσῃ
3059 3606 3126 3673 τῇ
3180 3605 3428 3677 ίερατικῇ
3469 3611 3714 3679 συγκλη-

2220 3704 2237 3735 1
2288 3685 2472 3755 ρώσει.
2511 3687 2628 3740 Εἰσὶ
2679 3689 2788 3757 γὰρ
2846 3691 3086 3744 πλεῖστοι
3146 3697 3519 3764 συμπνέοντες
3591 3703 3716 3766 τοῖς

2219 3795 2237 3827 1
2284 3779 2507 3834 οίκείοις
2565 3779 2862 3849 πλήθεσιν
2898 3783 3079 3846 ἅτινα,
3131 3786 3207 3848 ὡς
3256 3787 3529 3852 λέλεκται,
3560 3793 3712 3845 ἀπι-

2216 3884 2233 3916 ι
2278 3869 2434 3934 τῶσι,
2463 3870 2757 3938 κνήθοντες
2806 3873 2907 3935 τὰς
2945 3875 3116 3937 ἀκοὰς
3151 3877 3364 3944 αὐτῶν,⁸
3391 3882 3486 3931 καὶ
3538 3882 3713 3934 κολα-

2217 3973 2234 4006 1
2279 3957 2532 4020 κεύοντες
2586 3961 2722 4028 πρὸς
2779 3963 3008 4024 ἑαυτοὺς
3058 3964 3380 4034 ἀνθρώπους
3423 3986 3708 4038 κατεγνω-

2216 4066 2234 4097 1
2284 4049 2481 4116 σμένου
2525 4049 2682 4118 βίου·
2731 4054 2936 4119 μᾶλλον
2987 4055 3042 4107 δὲ
3095 4059 3452 4128 φυσιούμενοι
3498 4065 3590 4115 καὶ
3637 4064 3710 4116 ἐκ

2216 4157 2234 4189 1
2283 4137 2381 4205 τῆς
2433 4137 2870 4209 συγκληρώσεως
2907 4143 3111 4213 ταύτης
3158 4147 3391 4209 ἑαυτοὺς
3442 4152 3706 4220 χωρίζον-

2217 4247 2236 4279 ι
2285 4246 2412 4290 τες*
2455 4229 2649 4293 οἵτινες
2712 4231 2791 4301 τῷ
2861 4233 2974 4304 ἰδίῳ
3027 4235 3224 4304 πλήθει
3270 4239 3703 4308 ὲπερειδόμενοι⁹

2218 4336 2236 4369 1
2283 4317 2544 4381 πολλάκις
2579 4320 2975 4392 συγκληθέντες
3002 4325 3174 4378 ἐλθεῖν
3209 4329 3286 4389 είς
3307 4328 3525 4382 σύνοδον
3559 4347 3706 4400 παρ-

2215 4428 2233 4460 1
2280 4409 2558 4462 αιτοῦνται
2587 4451 2601 4472 .
2651 4412 2727 4475 ὡς
2768 4413 3092 4484 φοϐούμενοι
3134 4421 3330 4486 μήπως
3375 4421 3445 4472 τὰ
3495 4422 3705 4476 τούτων

2215 4518 2233 4550 1
2277 4501 2609 4568 ἀτοπήματα
2637 4504 3056 4573 φανερωθῶσιν.
3085 4507 3242 4574 Δέγω
3272 4505 3384 4574 οὖν,
3413 4513 3506 4564 ἐὰν
3541 4512 3701 4582 δοκῇ.

2213 4609 2230 4638 1
2278 4587 2570 4658 ὀφείλομεν
2606 4594 2767 4644 παντὶ
2824 4593 3009 4664 τρόπῳ
3041 4597 3412 4662 ἀγωνίσασθαι
3461 4601 3700 4668 τούτοις,

2213 4701 2231 4732 1
2283 4681 2551 4750 μὴμόνον
2583 4685 2679 4744 τὰς
2730 4685 2982 4748 τοιαύτας
3026 4687 3324 4758 διοικήσεις
3380 4692 3454 4761 μὴ
3502 4694 3701 4761 φυλάτ-

2213 4790 2231 4821 1
2280 4771 2491 4836 τεσθαι,
2540 4771 2674 4824 ἀλλὰ
2722 4774 2857 4842 μηδὲ
2901 4776 2997 4836 τὰς
3049 4777 3182 4838 ίδίας
3229 4776 3554 4849 Ἐκκλησίας
3597 4785 3699 4845 τὰς

2214 4882 2232 4912 1
2280 4864 2466 4925 κακῶς
2508 4864 2588 4925 είς
2631 4865 2828 4927 αὐτοὺς
2878 4867 3294 4933 περιελθούσας,
3332 4872 3428 4923 καὶ
3474 4872 3560 4924 ἵνα
3600 4874 3702 4926 αύ-

2211 4974 2228 5006 1
2275 4955 2533 5016 θεντικῶς
2559 4956 2797 5026 δημοσίᾳ.
2841 4959 3237 5026 ὲκδάλλωνται,
3269 4966 3362 5015 καὶ
3401 4965 3537 5033 αὐτῇ
3588 4967 3702 5018 τῶν

2215 5066 2232 5096 1
2284 5045 2674 5114 πρωτευόντων
2704 5046 2944 5118 καθέδρᾳ
3001 5052 3391 5106 ἀποκινῶνται.
3422 5055 3540 5124 Χρὴ
3589 5057 3698 5124 γὰρ

2211 5156 2229 5188 1
2277 5139 2401 5199 τοὺς
2430 5137 2677 5208 σύμπασι
2701 5143 2814 5203 τοῖς
2842 5142 3095 5211 ἀδελφοῖς
3129 5146 3220 5195 καὶ
3247 5147 3342 5216 ὅλῃ
3372 5150 3436 5217 τῇ
3491 5151 3700 5218 συνόδῳ

2211 5249 2228 5281 1
2277 5229 2798 5301 προσκολλωμένους
2830 5233 2906 5302 μή
2958 5237 3118 5302 μόνον
3171 5238 3268 5304 τὴν
3311 5240 3518 5293 οίκείαν
3567 5258 3700 5293 κατ-

2212 5340 2230 5372 1
2281 5322 2426 5391 ἐχειν
2485 5325 2712 5387 δικαίως
2768 5325 3064 5394 καθέδραν,
3121 5326 3236 5379 ἀλλ’
3299 5328 3378 5380 ἔτι
3439 5329 3544 5398 μὴν
3601 5333 3698 5392 τὰς

2212 5431 2230 5462 1
2278 5414 2534 5477 τοιαύτας
2591 5416 2886 5485 διοικήσεις
2942 5418 3274 5486 κεκτῆσθαι·
3322 5422 3446 5482 τοὺς
3500 5422 3556 5473 δὲ
3611 5423 3698 5474 δο-

2212 5525 2228 5556 1
2278 5506 2507 5568 κοῦντας
2535 5509 2649 5569 τοῖς
2697 5509 2847 5572 ἰδίοις
2894 5509 3072 5578 ὄχλοις
3121 5510 3429 5579 ἀρκεῖσθαι,
3470 5514 3698 5584 καὶτῆς

2212 5617 2229 5647 1
2278 5596 2568 5667 ἀδελφικῆς
2613 5599 2833 5668 ἀγάπης
2881 5602 3379 5670 καταφρονοῦντας,
3416 5607 3492 5674 μὴ
3528 5607 3689 5674 μόνον

2215 5707 2231 5737 1
2277 5688 2370 5748 τὰς
2422 5689 2716 5760 διοικήσεις
2768 5692 3075 5757 ἀπολλύειν,
3141 5693 3256 5747 ἀλλ’
3315 5697 3393 5747 ἔτι
3446 5697 3572 5766 μὴν,
3619 5698 3712 5768 ὡκ
