4018 6310
596 339 689 402 ΞΗ

1804 337 2077 396 TllEUD.
2122 335 2510 395 ΒΑιςΑιιοΝ

3679 321 3796 384 212

601 453 688 520 qui
742 462 989 508 Statuunt
1033 466 1136 505 non
1178 451 1453 518 suscipere
1482 449 1681 503 debere
1707 448 1989 516 episcopos
2017 447 2144 499 alia-

2248 451 2296 504 δὲ
2329 451 2451 511 τοὺς
2491 449 2712 509 κανόνας
2757 447 2852 516 τῆς
2899 446 2955 499 ἐν
2989 444 3238 514 Τρούλλῳ
3277 441 3514 493 συνόδου,
3546 438 3796 488 Γίνωσκσ

605 559 723 598 rum
774 545 1052 613 regionum
1110 541 1358 604 clericos,
1426 539 1780 594 exaudiantur
1853 539 2013 592 etiam
2084 537 2138 590 in

602 635 766 688 iaicos
793 651 806 687 :
834 644 888 687 et
937 633 1282 700 prohibeatur
1313 630 1544 684 fortasse
1588 628 1805 698 Athyras
1846 631 2136 697 episcopus

605 723 830 788 aliquem
859 721 1108 774 ordinare
1137 718 1351 782 laicmn,
1373 718 1463 786 qui
1490 717 1558 771 sit
1593 731 1658 771 ex
1684 716 1900 785 regione
1927 716 2137 785 Sylem-

607 810 736 862 bris:
763 809 1021 877 episcopi,
1051 819 1105 862 et
1143 809 1256 878 ejus
1284 809 1475 862 canoni
1535 810 1815 876 pcenisque
1868 806 2140 871 subjectus

606 897 701 961 sit,
754 906 808 951 et
866 913 964 967 pro
991 913 1096 952 uno
1121 914 1183 953 ex
1217 899 1328 965 ejus
1357 898 1484 952 ovili
1543 898 1820 953 habeatur.
1879 897 2140 951 Dicebant

607 988 746 1039 enim
802 987 1061 1049 nonnulli,
1127 988 1264 1054 quod
1321 1002 1383 1041 ex
1440 988 1686 1055 praesenti
1761 1001 1990 1047 canone,
2049 985 2138 1052 qui

608 1083 810 1135 dixisse
843 1082 1152 1150 Epigonium
1182 1098 1240 1136 se
1272 1097 1297 1136 a
1341 1081 1553 1136 Juliano
1583 1084 1801 1134 missum
1835 1081 2141 1146 suscepisse

605 1174 820 1236 laicum,
850 1174 963 1242 ejus
984 1173 1174 1235 civem,
1197 1183 1248 1227 et
1277 1188 1396 1226 eum
1434 1174 1484 1224 in
1515 1189 1608 1226 sua
1632 1171 1850 1224 dioecesi
1886 1170 2138 1223 clericum

603 1262 877 1316 ordinasse
927 1263 1173 1327 disserit,
1229 1271 1280 1316 et
1313 1276 1377 1316 ex
1425 1277 1488 1314 eo
1545 1262 1684 1328 quod
1733 1261 1832 1312 hoc
1877 1265 2136 1329 prmlcxtu

609 1361 848 1404 uteretur
889 1350 1154 1414 Julianus,
1181 1366 1301 1404 eum
1333 1366 1360 1402 a
1393 1351 1590 1418 sejure
1631 1350 1797 1403 fuisse
1830 1350 2138 1402 ordinatum

603 1441 910 1503 diaconum,
972 1449 1028 1493 ut
1083 1442 1171 1507 qui
1225 1455 1252 1493 a
1299 1455 1392 1492 sua
1453 1439 1895 1491 Bazaritanorum
1927 1437 2140 1504 regione

607 1530 921 1590 excesserit,
951 1528 1288 1590 ostenditur;
1319 1528 1459 1594 quod
1493 1542 1592 1580 nec
1646 1526 1864 1580 alterius
1909 1526 2142 1592 regionis

609 1617 800 1671 laieum
833 1626 1007 1685 potest
1048 1617 1333 1684 episcopus
1357 1615 1610 1668 ordinare
1643 1623 1839 1682 prater
1880 1612 2138 1681 episcopi.

605 1709 694 1776 qui
727 1722 845 1760 eum
886 1707 1112 1772 obtinet,
1152 1706 1492 1758 sententiam.
1530 1704 1804 1769 Tanquam
1841 1703 1983 1756 enim
2017 1716 2141 1771 pro-

606 1799 770 1852 hibita
796 1806 959 1859 esset,
1010 1801 1076 1851 ab
1119 1795 1380 1865 Epigonio
1405 1795 1543 1849 facta
1587 1795 1854 1848 ordinatio
1881 1795 2018 1863 ejus,
2047 1794 2138 1862 qui

606 1889 673 1942 ab
708 1888 797 1942 illo
845 1888 1096 1942 educatus
1153 1887 1320 1940 {iterat
1348 1925 1363 1949 ,
1413 1886 1553 1955 quod
1587 1895 1726 1940 esset
1775 1886 1888 1951 ipse
1921 1885 2142 1939 alterius

606 1977 859 2044 regionis,
913 1977 1107 2044 adjecit
1152 1977 1477 2045 Epigonius,
1518 1992 1574 2030 se
1630 1975 1826 2030 Juliani
1871 1975 2144 2029 voluntate

605 2083 724 2121 eum
757 2069 1051 2135 accepisse,
1081 2068 1145 2119 de
1177 2081 1282 2134 quo
1319 2066 1595 2133 agebatur,
1633 2074 1684 2118 et
1714 2077 1995 2134 propterea
2042 2079 2141 2118 uec

606 2159 901 2212 existimari
938 2157 1134 2211 debere
1204 2170 1322 2208 eum
1395 2167 1512 2208 esse
1567 2154 1708 2208 illius
1762 2157 2051 2209 dimeesis:
2091 2163 2143 2208 et

605 2247 974 2315 disceptabant
1008 2260 1127 2299 eum
1165 2251 1307 2300 recte
1345 2258 1374 2297 a
1407 2242 1615 2295 Juliano
1640 2240 1807 2294 fuisse
1834 2245 2139 2296 ordinatum

606 2340 912 2400 diaconum,
965 2345 1021 2386 ut
1062 2336 1148 2401 qui
1191 2349 1253 2387 ex
1316 2332 1434 2400 ejus
1461 2330 1680 2385 dioecesi
1722 2339 1888 2394 esset,
1919 2331 2143 2398 ejusque

606 2426 739 2480 civis
792 2435 1152 2492 rcpntaretur,
1204 2435 1256 2477 et
1315 2438 1412 2476 nec
1445 2423 1507 2474 ad
1544 2422 1856 2490 Epigoniuut
1894 2435 2141 2474 reversus

605 2524 768 2577 esset,
832 2513 931 2567 nisi
997 2511 1240 2564 Julianus
1304 2524 1422 2563 eum
1482 2511 1632 2578 prius
1694 2525 1721 2562 a
1782 2523 1876 2563 sua
1930 2508 2145 2577 regione

606 2603 982 2661 abalienasset,
1053 2609 1438 2667 externumque
1481 2599 1713 2662 fecisset,
1765 2609 1817 2653 et
1866 2600 1930 2653 ad
1957 2599 2145 2666 Epigo-

609 2689 753 2739 uinm
790 2687 1038 2741 misisset.
1066 2687 1128 2740 Et
1163 2687 1276 2740 hare
1308 2687 1522 2754 quidem
1562 2688 1612 2739 bi
1647 2697 1816 2750 recte,
1836 2697 1892 2740 ut
1931 2698 1983 2740 et
2012 2689 2139 2742 mihi

608 2778 841 2839 videtur,
879 2779 1150 2833 dicebant.
1186 2776 1264 2831 Tu
1326 2788 1507 2832 autem
1540 2780 1795 2831 memoria
1826 2795 1948 2834 reue
1982 2795 2143 2850 syno-

605 2869 780 2922 dalem
811 2869 1224 2924 declarationem
1253 2869 1572 2923 sanctissimi
1605 2869 1922 2937 patriarchae
1945 2871 2142 2923 domini

609 2957 912 3022 Michaelis,
968 2958 1402 3026 philosophorum
1468 2958 1682 3020 summi,
1735 2973 1853 3026 qua:
1904 2960 2015 3014 haec
2077 2960 2141 3012 ad

2239 541 2294 593 δὲ
2317 542 2396 593 ὃτι
2426 541 2577 606 λόγος
2607 540 2821 605 ἐγένετο
2847 537 3095 596 πολλάκις
3119 536 3284 596 πολὺς
3313 531 3458 600 παρὰ
3487 533 3551 599 τῇ
3585 529 3795 594 συνόδῳ

2238 631 2340 698 τῆς
2371 629 2476 683 τῶν
2499 623 3486 689 ΚωνσταντινουπολιτῶνἘκκλησίας,
3518 620 3562 671 εί
3583 620 3651 671 τὰ
3677 619 3797 669 τῶν

2241 721 2399 774 θείων
2429 720 2686 780 κανόνων,
2720 719 2824 772 τῶν
2851 716 3228 785 διοριζομένων
3258 713 3330 782 μὴ
3358 709 3602 780 δέχεσθαί
3630 723 3796 768 τινας

2239 813 2565 875 ἑπισκόπους
2595 811 2881 879 ἀλλοτρίων
2910 807 3127 875 ὲνοριῶν
3155 805 3462 873 κληρικοὺς.
3494 799 3794 863 ἐξακούον-

2239 921 2328 957 ται
2362 905 2457 956 καὶ
2491 903 2571 965 είς
2602 901 2816 962 λαῖκούς
2837 918 2852 932 ο
2884 900 2976 952 καὶ
3013 897 3273 949 κωλύεται
3298 893 3458 962 τυχὸν
3494 893 3520 942 ό
3545 889 3798 944 ἐπίσκο-

2240 1011 2339 1056 πος
2375 993 2573 1060 ’Δθύρα
2598 993 2968 1062 χειροτονῆσαι
2985 990 3172 1043 λαῖκόν
3200 1003 3316 1040 τινα
3337 985 3440 1037 ἀπὸ
3459 985 3551 1051 τῆς
3575 980 3802 1050 ἔνορίας

2239 1085 2364 1137 δντα
2386 1087 2476 1137 τοῦ
2500 1083 2864 1153 Σηλυμϐρίας,
2894 1083 2988 1135 καλ¹
3012 1080 3366 1146 ὑποκείμενον
3391 1074 3465 1143 τῷ
3491 1071 3671 1126 κανόνί
3691 1072 3799 1124 καὶ

2239 1174 2352 1231 τοῖς
2385 1170 2677 1238 ἐπιτιμίοις
2712 1169 2897 1230 αὐτοῦ,
2929 1171 3022 1221 καὶ
3051 1167 3390 1233 λογιζόμενον
3428 1163 3521 1215 ἕνα
3552 1161 3656 1212 τῶν
3690 1157 3796 1210 τοῦ

2241 1261 2488 1331 ποιμνίου
2522 1262 2703 1313 αὐτοῦ.
2736 1255 2900 1310 Εἶπον
2933 1260 3039 1326 γάρ
3073 1273 3209 1317 τινες
3244 1256 3318 1314 ὡς
3343 1254 3444 1305 ἀπο
3466 1251 3558 1303 τοῦ
3588 1249 3798 1318 παρόν-

2239 1369 2326 1412 τος
2351 1353 2589 1412 κανόνος,
2611 1349 3056 1417 διαλαμϐάνοντος
3081 1347 3250 1398 sit:er
3276 1344 3364 1395 τὸν
3402 1340 3699 1405 Ἐπιγόνων
3727 1339 3795 1399 ἐξ

2241 1441 2537 1510 ἀποστολῆς
2561 1441 2652 1493 τοῦ
2693 1436 2974 1491 Ἰουλιανοῦ
3006 1435 3336 1503 παραλαϐεῖν
3365 1431 3455 1483 τὸν
3481 1429 3665 1482 λαῖκδν
3691 1443 3801 1479 πο-

2239 1532 2388 1598 λίτην
2409 1533 2537 1584 ὄντα
2557 1530 2768 1593 τούτου,
2787 1529 2877 1582 καὶ
2899 1525 3267 1596 χειροτονῆσαι
3294 1521 3452 1575 αὑτὸν
3477 1521 3556 1582 είς
3579 1516 3799 1570 οίκείαν

2240 1626 2449 1692 ὲνορίαν
2468 1624 2741 1692 κληρικὺν,
2762 1623 2851 1674 καὶ
2868 1620 2973 1672 ἀπὸ
2989 1619 3080 1672 τοῦ
3107 1613 3536 1685 προφασίζεσθαι
3550 1611 3638 1662 τὸν
3656 1611 3802 1661 ’1ου-

2242 1715 2422 1767 λιανον
2446 1714 2675 1786 εὐλόγως
2703 1712 2794 1764 ὑπ’
2814 1709 2976 1764 αὑτοῦ
3004 1710 3188 1762 τοῦτον
3217 1702 3652 1775 χειροτονηθῆναι
3676 1701 3800 1752 διά-

2245 1821 2417 1861 κονον.
2440 1803 2512 1864 ὡς
2536 1802 2858 1870 ὡρμημένον
2883 1799 2988 1852 άπὸ
3009 1800 3106 1866 τῆς
3137 1797 3349 1864 ὲνορίας
3373 1792 3533 1847 αὐτοῦ
3558 1793 3655 1858 τῆς
3677 1789 3798 1842 τῶν

2245 1892 2620 1962 Βαζαριτανῶν
2663 1891 3019 1961 παρίσταταιο
3066 1894 3148 1941 ὅτι
3201 1887 3318 1938 οὐδὲ
3359 1883 3540 1936 λαῖκδν
3597 1879 3798 1948 ἑτέρας

2245 1988 2455 2056 ένορίας
2487 1985 2705 2036 δύναται
2735 1983 3027 2042 ἐπίσκοπος
3057 1979 3430 2047 χειροτονῆσαι
3467 1973 3612 2042 παρά
3643 1971 3798 2036 γνὼ-

2248 2093 2354 2148 μην
2391 2075 2484 2128 τοῦ
2533 2074 2738 2142 ἔχοντος
2778 2071 2962 2123 τοῦτον
2996 2070 3308 2122 ἐπισκόπου.
3349 2067 3440 2127 Ὦς
3471 2066 3576 2130 γάρ
3619 2062 3800 2123 οὔσης

2245 2167 2623 2233 κεκωλυμένης
2661 2163 2760 2229 τῆς
2808 2159 2956 2228 παρά
2999 2159 3091 2211 τοῦ
3149 2156 3452 2222 Ἐπιγονίου
3493 2151 3798 2219 γενομένης

2244 2257 2570 2328 χειροτονίας
2599 2256 2678 2316 είς
2728 2253 2821 2304 τὸν
2842 2253 2930 2303 ὑπ’
2953 2250 3164 2302 ἐκείνου
3193 2245 3584 2314 ἀνατραφέντα,
3615 2242 3700 2293 διὰ
3732 2241 3800 2292 τὸ

2245 2344 2379 2399 εἶναι
2411 2347 2568 2398 αὐτὸν
2592 2342 2872 2412 ἀλλοτρίας
2901 2341 3132 2407 ὲνορίας,
3159 2336 3414 2406 προέθετο
3439 2338 3464 2384 ὁ
3485 2334 3798 2397 Ἐπιγόνιος

2245 2436 2383 2489 κατά
2431 2435 2652 2501 γνώμην
2693 2432 2784 2484 τοῦ
2842 2428 3123 2484 Ἰουλιανοῦ
3167 2425 3497 2496 παραλασείν
3530 2425 3617 2475 τὸν
3662 2427 3798 2489 περὶ

2244 2522 2303 2580 οὗ
2324 2530 2350 2578 δ
2374 2525 2551 2592 λόγος,
2571 2524 2661 2574 καὶ
2684 2521 2767 2574 διά
2785 2520 2940 2573 τοῦτο
2967 2520 3099 2590 μηδὲ
3135 2518 3440 2585 λογίζεσθαι
3461 2517 3556 2583 τῆς
3577 2514 3797 2581 metu;

2245 2615 2455 2669 ἐκείνου
2497 2610 2635 2665 εἶναι.
2689 2611 2900 2664 τοῦτον.
2950 2611 3056 2661 Καὶ
3108 2607 3560 2674 ὲδικαιολογοῦντο
3605 2604 3795 2665 καλῶς

2245 2705 2392 2775 παρά
2437 2704 2532 2757 τοῦ
2587 2698 2872 2756 Ἰουλιανὸὓ
2931 2699 3365 2767 χειροτονηθῆναι
3410 2696 3500 2748 τὸν
3547 2694 3794 2746 τοιοῦτον

2243 2799 2506 2859 διάκονον,
2541 2794 2614 2854 ὡς
2647 2792 2754 2844 ἀπὸ
2779 2791 2878 2858 τῆς
2905 2789 3118 2855 ἑνορίας
3148 2789 3272 2841 δντα
3297 2786 3482 2850 αὐτοῦ,
3512 2785 3604 2837 καὶ
3637 2785 3796 2835 πολί-

2243 2902 2347 2953 την
2380 2883 2567 2936 τούτου
2600 2881 2974 2948 λογιζόμενον,
3010 2880 3102 2930 καὶ
3131 2878 3248 2929 οὐδὲ
3281 2876 3413 2944 πρὸς
3444 2875 3533 2926 τὸν
3575 2873 3798 2938 Ἐπιγό-

2242 2992 2354 3030 νιον
2386 2974 2752 3041 άντεστράφη,
2778 2971 2823 3022 εί
2853 2969 2924 3039 μὴ
2955 2965 3290 3037 προέφθασεν
3315 2966 3420 3017 ἀπο
3449 2963 3548 3030 τῆς
3571 2961 3794 3028 ινορίας

607 3049 823 3101 verbum
873 3048 1110 3099 continet
1143 3063 1159 3100 :
1191 3047 1367 3102 Mense
1431 3049 1727 3108 novembri,
1798 3048 1886 3103 die
1945 3051 2138 3117 primo,

2248 3064 2405 3118 αὐτοῦ
2439 3063 2624 3117 τοῦτον
2652 3060 3021 3126 ἀποξενῶσαι,
3057 3058 3148 3108 καὶ
3173 3054 3486 3108 ἀποστεῖλαι
3517 3053 3650 3121 πρὸς
3693 3051 3792 3104 τὸν

607 3137 900 3189 indictione
943 3145 1156 3204 quarta,
1197 3136 1518 3201 praesidente
1554 3138 1894 3191 sanctissimo
1927 3140 2143 3192 domino

611 3226 862 3280 iiii-bacis
909 3226 960 3277 in
1012 3224 1276 3278 Alexiaris
1304 3227 1747 3291 catechumaniis,
1796 3241 1917 3280 eum
1949 3241 2142 3295 magna

604 3315 720 3383 ejus
800 3315 1087 3368 sanctitate
1162 3329 1265 3366 una
1356 3315 1719 3368 assidentibus
1796 3316 2148 3369 sanctissimis

608 3405 964 3465 antistitibus,
1023 3403 1292 3471 Stephano
1342 3404 1624 3466 Caesareae,
1681 3403 1902 3459 Nicolao
1934 3405 2145 3473 Ephesi,

604 3493 860 3548 Michaele
889 3492 1180 3559 Heracleae,
1209 3494 1412 3549 Joanne
1436 3495 1640 3565 Cyzici,
1663 3494 1844 3550 Leone
1882 3496 2144 3559 Ainaseze,

609 3583 794 3638 Nicets
829 3583 1136 3650 Melitenes,
1163 3586 1362 3639 Basilio
1383 3587 1767 3649 Neocaesare'e,
1797 3586 1936 3640 Luca
1971 3586 2148 3639 Moce-

607 3691 811 3737 sorum,
835 3675 1041 3728 Joanne
1059 3675 1250 3738 Cretae,
1278 3675 1451 3729 Leone
1474 3676 1863 3743 Adrianopolis,
1885 3677 2148 3731 Constan-

608 3767 720 3819 tiuo
776 3765 1179 3826 Euchaitorum.
1254 3765 1485 3834 Georgio
1565 3768 1790 3833 Alaniae,
1864 3768 2149 3821 Theodoro

607 3857 957 3925 Methymnes,
1012 3855 1215 3909 Joanne
1238 3855 1424 3926 Bizyes
1453 3865 1504 3910 et
1538 3859 1778 3911 Ruinano
1816 3860 1978 3924 Apro,
2013 3874 2149 3927 prae-

607 3948 849 4000 sentibus
896 3947 1058 3998 etiam
1104 3945 1193 4000 Dei
1236 3947 1618 3999 amantissimis
1661 3949 1945 4001 dominicis
1981 3948 2150 4016 magi-

605 4038 867 4089 stratibus
902 4054 914 4088 :
952 4034 1171 4088 Patrum
1199 4036 1462 4088 terminos
1511 4051 1616 4088 non
1663 4039 1981 4103 transgredi,
2017 4052 2152 4105 quos

607 4127 642 4177 ii
671 4125 888 4194 pulchre
939 4134 992 4178 et
1026 4140 1143 4177 cum
1175 4138 1234 4177 ea
1277 4139 1378 4191 qua
1413 4140 1507 4191 per
1553 4136 1636 4179 est
1683 4126 2056 4194 disquisitione
2086 4127 2152 4180 ab

606 4215 759 4267 initio
793 4225 1115 4280 posuerunt;
1160 4217 1252 4269 sed
1285 4230 1382 4268 nec
1437 4216 1611 4268 fossas
1649 4231 1744 4270 nec
1771 4218 1966 4270 vallum
2009 4227 2153 4270 tran-

605 4302 772 4365 silire,
815 4304 902 4371 qui
929 4313 1150 4355 externa
1178 4319 1203 4353 a
1240 4304 1350 4356 suis
1384 4304 1598 4372 juribus
1639 4305 1848 4368 dividit,
1875 4309 2149 4359 decretum

604 4402 685 4446 est
705 4394 1124 4448 ecclesiasticum
1148 4405 1200 4447 et
1231 4395 1314 4447 lex
1363 4395 1539 4448 divina
1572 4396 1751 4448 multis
1785 4403 1912 4448 ante
1935 4396 2146 4450 saeculis
2181 4376 2220 4428 θ

607 4491 826 4536 statuta.
854 4484 1144 4550 Oportebat
1171 4499 1297 4553 ergo
1336 4485 1439 4539 hoc
1467 4502 1571 4539 non
1626 4489 1873 4554 ignorare
1898 4501 1990 4541 eos
2014 4528 2029 4551 ,
2060 4488 2148 4555 qui

607 4573 883 4637 Ecelesiis,
911 4589 1028 4641 quae
1054 4574 1168 4627 sitae
1189 4585 1331 4637 sunt,
1384 4577 1578 4641 ubique
1601 4587 1833 4644 praesunt
1863 4619 1878 4642 ,
1913 4588 1965 4631 el
1993 4592 2154 4646 syno-

607 4665 742 4716 dalia
769 4665 983 4718 decreta
1009 4664 1295 4734 legumque
1315 4665 1731 4720 constitutiones
1759 4682 1816 4720 se
1844 4677 2152 4722 servaturos

607 4753 947 4820 proﬁtentur,
980 4765 1030 4808 et
1063 4755 1259 4809 debent
1290 4755 1340 4808 in
1378 4755 1457 4808 eis
1488 4771 1820 4820 permanere,
1854 4768 1906 4810 et
1937 4759 2151 4826 prepria

607 4844 823 4908 quidem
853 4845 970 4915 jura
1018 4846 1271 4912 retinere,
1307 4847 1372 4898 ab
1403 4846 1594 4900 alienis
1643 4858 1820 4901 autem
1854 4847 2147 4900 abstinere.

610 4931 714 4986 Sed
773 4935 954 4988 nescio
998 4950 1228 5002 quanam
1299 4937 1508 4989 ratione
1563 4937 1779 5003 quidam
1820 4937 2148 4990 sanctissimi

609 5024 898 5087 antistites,
952 5025 1110 5095 585
1156 5029 1245 5095 qui
1300 5028 1460 5082 etiam
1513 5029 1752 5090 proxime
1781 5029 1920 5080 hanc
1962 5030 2150 5080 urbem

607 5113 935 5181 imperialem
965 5118 1120 5169 sedes
1144 5117 1472 5185 episcopales
1514 5117 1688 5170 sortiti
1715 5125 1863 5177 sunt,
1891 5117 2151 5169 diacono-

608 5219 722 5255 rum
744 5214 797 5258 et
822 5205 1164 5258 sacerdotum
1189 5207 1302 5260 suis
1325 5205 1647 5260 dimcesibus
1669 5222 1773 5259 non
1800 5206 2154 5271 subjectorum

609 5293 972 5347 ordinationes
1032 5296 1168 5347 citra
1235 5297 1394 5349 ullam
1469 5297 1912 5351 observationem
1975 5296 2156 5350 facere

612 5383 931 5452 deprehensi
977 5396 1102 5440 sunt
1134 5404 1147 5440 :
1180 5389 1268 5457 qui
1325 5388 1484 5441 etiam
1529 5388 1595 5443 de
1627 5392 1729 5442 hoc
1759 5404 1785 5440 a
1815 5388 2157 5442 sanctissimo

610 5475 909 5539 patriarcha
962 5478 1178 5530 domino
1235 5461 1372 5531 Luca
1422 5479 1704 5532 decessore
1736 5488 1922 5532 nostro
1968 5478 2156 5530 admo-

612 5565 732 5628 utti,
764 5576 818 5618 et
847 5566 896 5619 in
933 5568 1202 5622 mandatis
1229 5569 1508 5632 habentes,
1539 5579 1594 5622 ut
1627 5569 1738 5622 haec
1768 5578 1954 5622 contra
1987 5583 2156 5622 cano-

615 5665 710 5707 Ms
733 5653 910 5710 facere
929 5656 1256 5724 desinerent,
1291 5672 1466 5720 cura,
1514 5660 1749 5725 inquam,
1784 5672 1888 5710 sua
1921 5657 2154 5724 regionis

2256 3156 2573 3222 Ἐπιγόνων.
2593 3155 2701 3207 Καὶ
2723 3151 2872 3203 αὐτοί⁵
2898 3150 2994 3219 μὶν
3014 3143 3162 3200 εἷπον
3188 3145 3356 3197 ταῦτα
3379 3144 3576 3204 καλῶς,
3599 3143 3672 3204 ὡς
3693 3143 3795 3195 κα“ι⁵

2246 3246 2367 3312 ἐμοὶ
2394 3243 2558 3295 δοκεῖ.
2596 3243 2666 3294 Σὺ
2699 3241 2754 3293 δὲ
2781 3240 2866 3306 ἔχε
2893 3238 2980 3290 ἐπὶ
3017 3238 3233 3306 μνήμης
3263 3235 3359 3304 τὴν
3386 3231 3664 3300 συνοδικὴν
3694 3248 3790 3297 ση-

2250 3335 2472 3402 μείωσιν
2515 3332 2606 3383 τοῦ
2653 3329 2948 3396 ἀγιωτάτου
2995 3327 3332 3395 πατριάρχου
3373 3325 3536 3393 κυροῦ
3571 3321 3795 3391 Μιχαὴλ

2246 3426 2339 3478 τοῦ
2388 3423 2666 3490 γεγονότος
2711 3423 2914 3473 ὑπάτου
2967 3420 3074 3471 τῶν
3117 3418 3435 3486 φιλοσόφων,
3480 3415 3604 3467 τάδε
3654 3412 3796 3479 προς

2248 3515 2374 3576 ἔπος
2395 3512 2879 3580 διαλαμϐάνουσαν·
2899 3509 3044 3576 Μηνὶ
3067 3507 3354 3577 Νοεμϐρίῳ
3377 3507 3555 3575 ἡμέρα
3579 3502 3774 3572 πρώτῃ

2252 3606 2576 3664 ίνδικτιῶνος
2610 3602 2671 3665 δ’,
2713 3600 3127 3670 προκαθημένου
3169 3600 3263 3652 τοῦ
3297 3600 3597 3666 άγιωτάτου
3636 3596 3799 3663 ἡμῶν

2247 3694 2504 3748 δεσπότου
2527 3692 2619 3744 καὶ
2643 3689 3014 3758 οίκουμενικοῦ
3039 3690 3370 3758 πατριάρχου
3393 3687 3560 3756 κυροῖ)
3579 3685 3800 3753 Μιχαὴλ

2249 3786 2305 3838 ὲν
2330 3787 2440 3844 τοῖς
2465 3781 2792 3844 ’Λλςξιακοῖς
2827 3781 3318 3848 κατηχουμενείοις,
3347 3777 3802 3846 συνεδριαζόντων

2259 3879 2325 3943 τῇ
2363 3875 2574 3943 μεγάλῃ
2593 3872 2869 3942 ἁγιωσύνῃ
2915 3871 3075 3923 αὑτοῦ
3119 3871 3424 3939 ίερωτάτων
3460 3868 3797 3935 ἀρχιερέων,

2252 3964 2520 4029 Στεφάνου
2559 3961 2926 4026 Καισαρείας,
2971 3959 3234 4011 Νικολάου
3275 3958 3536 4024 Ἐφέσου,
3582 3955 3802 4022 Μιχαὴλ

2264 4051 2607 4120 Ἡρακλείας,
2649 4051 2895 4103 Ἰωάννου
2921 4049 3180 4112 Κυζίκου,
3211 4049 3440 4108 Λέοντος
3483 4046 3800 4114 Ἀμασείας,

2254 4144 2463 4211 Νικήτα
2489 4140 2810 4208 Μελιτηνῆς,
2837 4137 3114 4191 Βασιλείου
3143 4139 3587 4208 Νεοκαισαρείας,
3616 4140 3803 4190 Λουκᾶ

2253 4231 2576 4301 Μουκησῶν,
2619 4230 2861 4283 Ἰωάννου
2892 4231 3129 4298 Κρήτης,
3165 4231 3388 4292 Λέοντος
3424 4231 3802 4298 Ἀδριανουπό-

2254 4325 2411 4389 λεως,
2443 4323 2844 4375 Κωνσταντίνου
2872 4321 3171 4388 Εὑχαῖτων,
3203 4319 3468 4388 Γεωργίου
3504 4322 3801 4386 ’Λλανείας,

2253 4413 2525 4483 Θεοδώρου
2565 4413 2872 4480 Μεθόμνης,
2913 4411 3157 4463 Ἰωάννου
3191 4411 3408 4479 Βιζύης,
3444 4412 3536 4463 καὶ
3583 4412 3805 4476 Ῥωμα..

2255 4505 2346 4557 νοῦ
2371 4505 2582 4573 Ἀπρω,
2611 4501 3029 4570 παρισταμένων
3051 4502 3142 4553 καὶ
3166 4502 3588 4566 θεο·,;ιλεστάτων
3612 4502 3806 4553 δεσπο-

2253 4595 2420 4647 τικῶν
2449 4593 2723 4661 ἀρχόντων
2747 4609 2761 4623 ο
2792 4593 2915 4661 ὅρια
2965 4592 3219 4659 Πατέρων
3255 4595 3325 4659 μὴ
3365 4591 3730 4660 ὑπερϐαίνειν,
3769 4591 3805 4644 ἃ

2256 4685 2437 4745 καλῶς
2466 4679 2606 4738 οὗτοι
2644 4685 2736 4736 καὶ
2771 4683 2907 4752 μετά
2946 4682 3170 4748 δεούσης
3204 4683 3521 4748 δοκιμασίας
3563 4681 3807 4749 ἀρχῆθεν

2255 4773 2528 4839 ἐξέθεντοο
2570 4774 2705 4825 ἀλλὰ
2759 4772 2890 4840 μηδὲ
2936 4771 3074 4837 ὑπὲρ
3121 4771 3191 4822 τά
3243 4771 3558 4835 ἐσκαμμένα
3605 4772 3806 4822 καθάλ-

2255 4866 2458 4925 λεσθαι,
2487 4865 2582 4916 καὶ
2611 4862 2855 4930 θριγγίον
2877 4861 3212 4929 ὑπερπηδᾷν.
3245 4861 3563 4928 διαιρετικόν
3583 4861 3803 4912 ὀθνείων

2255 4971 2312 5006 τε
2345 4955 2438 5006 καὶ
2483 4955 2695 5005 οίκείων
2742 4951 2983 5012 δικαίων,
3029 4950 3473 5019 ἐκκλησιαστικὸν
3497 4951 3670 5018 δόγμα
3709 4953 3804 5003 καὶ

2256 5041 2417 5110 νόμος
2446 5039 2585 5101 θεῖος
2616 5040 2877 5091 ἀνέκαθεν
2915 5037 3181 5105 κείμενος.
3220 5038 3363 5089 Ἔδει
3397 5038 3493 5105 μὲν
3521 5037 3613 5091 οὖν
3646 5041 3803 5091 τοῦτο

2261 5131 2334 5199 μὴ
2372 5130 2582 5194 ἀγνοεῖν
2629 5130 2754 5188 τοὺς
2786 5127 2893 5178 τῶν
2924 5126 3233 5195 ἁπανταχοῦ
3271 5127 3626 5194 διακειμένων
3665 5147 3804 5196 προσ

2256 5219 2577 5288 ῖσταμένους
2617 5217 2938 5285 ἐκκλησιῶν,
2974 5217 3067 5269 καὶ
3119 5218 3176 5268 τὸ
3211 5217 3530 5283 ἐπάγγελμα
3584 5218 3802 5286 ἔχοντας

2259 5307 2588 5375 συντήρησιν
2636 5306 3021 5374 θεσπισμάτων
3064 5307 3362 5357 κανονικῶν
3419 5307 3509 5358 καὶ
3567 5310 3803 5375 νομικῶν

2256 5395 2633 5464 διαταγμάτων
2657 5412 2666 5423 ·
2701 5396 2791 5447 xxi
2820 5394 2997 5461 μέντοι
3028 5395 3120 5445 καὶ
3147 5395 3403 5460 ἐμμένειν
3431 5395 3636 5458 τούτοις
3663 5399 3805 5462 dipsi-

2259 5487 2467 5547 λοντας,
2516 5485 2607 5538 καὶ
2652 5485 2759 5538 τῶν
2801 5487 3014 5536 οἰκείων
3067 5486 3162 5550 μὶν
3199 5485 3419 5536 δικαίων
3469 5487 3800 5554 ἀντέχεσθαι,

2259 5574 2368 5625 τῶν
2393 5573 2450 5626 δὲ
2484 5572 2775 5641 ἀλλοτρίων
2810 5569 3124 5638 ἀπέχεσθαι.
3169 5569 3307 5620 Ἀλλ’
3340 5570 3436 5621 οὐκ
3465 5565 3560 5622 οἷδ’
3589 5573 3667 5623 ὅτι
3704 5591 3803 5625 πει.

2262 5664 2440 5725 θόντος
2501 5663 2637 5723 τινὶς
2693 5662 2798 5713 τῶν
2861 5658 3162 5732 ίερωτάτων
3209 5659 3536 5731 ’ἀί-χιερέων,
3604 5662 3650 5712 οἳ
3713 5666 3802 5716 καὶ
