4018 6310
293 319 399 382 933

1393 319 1473 378 ΙΝ
1512 318 1673 378 CAN.
1710 319 1808 378 LX
1834 317 2036 378 CONC.
2077 318 2439 378 CARTHAG.

3394 304 3498 372 93L

294 424 495 491 ζητεῖν,
528 425 603 485 ὡς
638 423 944 493 άνηκούσας
983 425 1183 486 αὐτοῖς.
1227 426 1292 476 Ἥ
1332 423 1438 493 γὰρ
1479 423 1677 491 Ἀρζύα
1722 424 1856 492 μετὰ

1958 433 2165 478 ctautes
2193 425 2422 478 invadat.
2472 424 2645 476 Arzua
2684 424 2844 486 enim,
2893 437 3011 490 qum
3042 438 3104 475 ex
3143 420 3374 489 episcOpi
3418 421 3488 471 fa-

295 515 690 583 παραχώρησιν
715 516 806 568 τοῦ
825 517 1124 569 ἐπισκόπου
1151 515 1438 581 ἀξιωθεῖσα
1455 515 1618 582 τιμῆς
1639 516 1852 566 ἐπισκο-

293 605 480 672 πικῆς,
516 605 697 674 ἐκείνη
732 609 866 674 μόνη
915 607 1112 675 ταύτην
1157 606 1360 673 ὀφείλει
1408 605 1568 673 ἔχειν,
1603 604 1763 674 ἐτέρα
1796 603 1851 654 δὲ

298 692 683 763 ἀποδρεφθείη,
703 695 870 764 ἤγουν
894 696 969 764 μὴ
991 694 1389 762 άποσπασθείη.
1411 695 1484 762 μὴ
1508 693 1849 763 άποτμηθείη

291 783 373 842 είς
411 783 472 833 τὸ
510 783 639 835 ἴδιον
671 784 972 852 κτήσασθαι
1001 785 1316 849 ἐπίσκοπον,
1355 785 1400 837 εί
1440 783 1512 853 μὴ
1550 783 1850 834 συναινέσει

301 872 384 924 τοῦ
409 873 812 938 ἐξουσιάζοντος
830 874 997 944 αὐτῆς
1016 875 1328 944 ἐπισκόπου.
1356 875 1495 945 Πρὸς
1523 872 1689 927 ταῦτα
1707 874 1733 924 ὁ
1749 873 1852 923 Αὐ-

295 963 446 1030 ρήλιο
486 1003 500 1025 ,
543 964 976 1033 παρασκευάζων
1005 965 1308 1017 συναινέσαι
1352 966 1554 1026 πάντας
1599 962 1722 1024 τοὺς
1758 961 1853 1029 τῆς

295 1052 543 1113 συνόδου,
568 1054 842 1123 ἐπήγαγεν
871 1055 950 1107 ὅτι
991 1057 1102 1107 Οὐκ
1151 1055 1472 1122 ἀμφιϐάλλω
1503 1056 1665 1107 πᾶσιν
1693 1053 1854 1122 ἀρέσο

294 1156 411 1193 κειν
432 1139 626 1194 ταῦτα.
654 1143 762 1194 Καὶ
792 1143 979 1211 ἐπειδὴ
1018 1144 1193 1197 πάντα
1221 1143 1427 1211 νομίζω
1475 1138 1613 1197 εἶναι
1663 1158 1855 1210 τετρα-

290 1232 630 1298 κταῐσμίγα,
665 1232 783 1286 ἀντὶ
841 1233 934 1285 τοῦ
982 1235 1351 1302 ἐσκοπημένα,
1401 1233 1850 1301 δεδοκιμασμένα,

292 1322 656 1392 ἐξητασμένα,
707 1323 919 1387 πάντως
968 1321 1296 1392 βεϐαιώσατε
1320 1322 1488 1376 ταῦτα
1520 1325 1586 1391 τῇ
1614 1321 1853 1390 ὑμετέρα

290 1415 622 1483 ἐκφωνήσει.
655 1415 855 1477 Πάντες
879 1411 1048 1467 εἷπον·
1089 1415 1320 1482 Ἥρεσεν
1363 1415 1490 1482 ημῖν
1519 1415 1650 1464 πᾶσι
1683 1412 1854 1464 ταῦτα

288 1507 387 1558 καὶ
411 1510 480 1575 τῇ
502 1505 741 1575 ἡμετέρᾳ
769 1506 1057 1575 ὑπογραφῇ
1086 1503 1226 1558 αὐτὰ
1265 1503 1608 1573 βεϐαιοῦμεν.

291 1596 516 1649 ΔΡΙΣΤ.
583 1614 600 1646 ι
639 1595 916 1664 Διοίκησις
973 1597 1066 1647 ἐὰν
1124 1595 1262 1648 κατά
1329 1593 1551 1663 γνώμην
1609 1593 1702 1646 τοῦ
1756 1596 1854 1663 τὴν

374 1703 392 1735 ι
431 1685 678 1748 ἐξουσίαν
695 1686 906 1753 ἔχοντος
926 1685 1200 1753 ἐπιτραπῇ
1228 1683 1356 1736 ῐδιον
1387 1683 1532 1752 σχεῖν
1561 1682 1855 1734 ἐπίσκοπον

369 1791 388 1823 ι
427 1775 506 1836 είς
537 1774 632 1834 τὰς
661 1773 851 1834 λοιπὰς
879 1773 1173 1840 διοικήσεις
1213 1771 1240 1821 ὁ
1272 1769 1510 1833 τοιοῦτος
1541 1770 1614 1839 μὴ
1669 1770 1854 1822 ἐπιδα-

371 1882 388 1913 t
427 1864 620 1917 λὲσθω.
635 1882 653 1912 ι

367 1956 616 2023 Ὦρισται
643 1955 789 2025 παρὰ
812 1953 1038 2024 γνώμην
1056 1955 1148 2008 τοῦ
1182 1957 1550 2026 πρωτεύοντος
1572 1958 1628 2008 ἐν
1653 1958 1853 2026 ἑκάστῃ

292 2046 555 2117 ἐπαρχία,
615 2047 689 2115 μή
728 2063 847 2098 τινα
909 2046 1014 2099 τῶν
1054 2049 1365 2099 ἐπισκόπων
1412 2047 1686 2114 γίνεσθαι·
1721 2047 1854 2098 ἀλλὰ

295 2138 432 2204 μηδὲ
465 2139 521 2187 ἐν
547 2137 706 2207 κώμῃ
745 2137 869 2201 τινὶ,
898 2136 930 2206 ἢ
963 2139 1055 2188 καὶ
1105 2135 1331 2205 βραχείᾳ
1372 2137 1544 2194 πόλει.
1580 2139 1639 2187 ἐν
1763 2137 1853 2187 καὶ

292 2221 374 2288 εἷς
407 2226 772 2296 πρεσϐύτερος
799 2228 1030 2295 ἐπαρκεῖ
1058 2227 1352 2278 ἐπίσκοπον
1385 2227 1761 2288 καθίστασθαι,
1800 2228 1847 2277 εί

298 2317 376 2387 μὴ
406 2316 790 2386 πληθυνθεῑσαι
828 2317 957 2378 ἴσως
986 2311 1144 2369 αὗται
1176 2315 1320 2378 ἄξιαι
1355 2316 1616 2384 κριθῶσιν
1649 2317 1852 2384 ὀνομα-

297 2408 492 2473 σθῆναι
518 2406 829 2459 ἐπισκοπαί.
876 2407 936 2458 El
968 2405 1096 2472 γοῦν
1133 2407 1210 2467 είς
1242 2406 1536 2474 παροικίαν
1593 2407 1734 2464 τινὰ,
1795 2409 1851 2456 ἐν

294 2494 329 2569 ᾖ
361 2499 419 2549 τὸ
451 2496 587 2566 πρὶν
619 2497 719 2549 οὐκ
757 2492 825 2566 ἦν
859 2495 1176 2561 ἐπίσκοπος,
1213 2502 1350 2547 κατα
1380 2495 1602 2564 γνώμην
1631 2495 1725 2548 τοῦ
1750 2496 1846 2564 τὴν

295 2585 551 2650 ἐξουσίαν
613 2586 671 2637 ἐν
730 2587 866 2655 αὐτῇ
924 2585 1138 2652 ἔχοντος
1204 2585 1500 2636 ἐπισκόπου
1559 2586 1853 2636 ἐπίσκοπον

293 2676 551 2742 γενέσθαι
578 2677 875 2745 ἐπιτραπῇ,
910 2674 999 2726 τὸν
1037 2674 1161 2725 λαὸν
1199 2675 1376 2742 μόνον,
1405 2675 1485 2732 εἰς
1535 2672 1593 2724 δν
1649 2676 1852 2741 ἐχειρο-

291 2764 520 2835 τονήθη,
555 2766 805 2833 κατέχειν
854 2766 1081 2831 ὀφείλει,
1112 2764 1187 2832 μὴ
1216 2762 1397 2833 μέντοι
1433 2779 1494 2829 γε
1535 2763 1627 2814 καὶ
1661 2763 1851 2832 ἑτέραν

294 2854 591 2908 διεκδικεῐν
621 2855 940 2924 παροικίαν.

298 2965 319 2996 ι
374 2946 464 2999 Ἐν
492 2944 662 3015 ταύτῃ
688 2948 751 3014 τῇ
785 2944 983 3012 συνόδῳ
1009 2945 1236 3015 ὡρίσθη,
1260 2945 1346 2998 ἵνα
1359 2943 1661 3005 ἐπίσκοπος
1685 2941 1848 3012 χωρὶς

375 3061 392 3092 ι
431 3040 791 3108 ἀπολυτικῆς.
824 3038 898 3108 μὴ
954 3036 1179 3104 πλεύσῃ.
1235 3036 1354 3086 Ἐπὶ
1405 3033 1708 3102 Καισαρίου
1759 3032 1921 3110 καις

373 3151 388 3182 ι
443 3129 711 3193 ’Δττικοῢ,
743 3128 853 3180 τῶν
895 3125 1291 3196 λαμπροτάτων
1325 3123 1568 3185 ὑπάτων,
1625 3124 1690 3191 τῇ
1747 3121 1850 3190 πρὸ

370 3240 388 3272 ι
429 3220 489 3286 ἓξ
516 3218 791 3272 καλανδῶν
836 3215 1066 3268 Ἰουλίων
1096 3217 1154 3266 ἐν
1184 3211 1481 3281 Καρχηδόνι
1509 3213 1670 3280 ἧρεσε
1741 3228 1847 3278 μη-

375 3330 393 3361 t
430 3310 555 3362 δένα
584 3307 693 3360 τῶν
726 3304 1041 3358 ἐπισκόπων
1081 3303 1265 3354 πλέειν
1293 3301 1458 3370 χωρὶς
1516 3299 1847 3366 άπολυτικῆς

371 3423 388 3453 t
435 3401 526 3453 τοῦ
566 3398 954 3469 πρωτεύοντος.
986 3396 1065 3447 Τά
1093 3393 1458 3463 πεπραγμένα
1484 3393 1511 3443 ὁ
1564 3389 1742 3458 ζητῶν
1792 3392 1848 3442 ἐν

369 3513 386 3545 ι
425 3495 538 3554 τοῖς
562 3491 898 3551 αὑθεντικοῖς
924 3488 1169 3558 εὑρήσει.
1209 3504 1226 3536 ι

364 3580 611 3634 ΖΩΝΔΡ.
658 3579 1016 3645 Ἀπολυτικὴν
1065 3575 1208 3641 λέγει
1258 3574 1356 3644 τὴν
1405 3569 1684 3644 εἰρηνικὴν
1732 3572 1849 3622 ἐπι-

293 3671 526 3737 στολήν·
584 3667 934 3737 πρωτεύοντα
1001 3664 1056 3716 δέ
1119 3666 1207 3716 τὸν
1274 3666 1618 3732 πατριάρχην
1675 3662 1708 3730 ἢ
1762 3662 1850 3713 τὸν

293 3739 702 3832 μητροπολίτην
725 3757 826 3826 τῆς
853 3756 1163 3825 διοικήσεως
1185 3769 1198 3783 ο
1231 3755 1407 3806 πλέειν
1435 3753 1490 3805 δὲ
1524 3753 1586 3804 τὸ
1627 3752 1847 3804 διαπον-

289 3855 425 3916 τίως
458 3855 776 3924 ἀποδημεῖν.
802 3873 820 3904 ι

300 3963 320 3996 ι
371 3946 471 3998 Ἐκ
509 3946 604 4014 τῆς
635 3945 854 3998 συνόδου
886 3941 1087 4008 ταύτης
1135 3941 1496 4009 τοποτηρηταὶ
1527 3939 1660 4007 πρὸς
1697 3938 1849 4006 βασι-

373 4055 392 4085 t
431 4037 560 4097 λέας
586 4035 1070 4103 ύπογεγραμμένοι
1095 4032 1382 4082 ἐπίσκοποι
1409 4028 1844 4080 ἀποστέλλονται.

373 4144 392 4175 ι
439 4125 593 4178 Μετὰ
619 4124 717 4192 τὴν
749 4123 1013 4174 ὑπατείαν
1043 4121 1151 4172 τῶν
1189 4117 1541 4182 ἐνδοξοτάτων
1586 4117 1850 4186 βασιλέων

373 4216 686 4282 ιὈνωρίου
724 4214 1034 4278 Αὐγούστου
1089 4210 1165 4279 τῷ
1219 4210 1481 4278 τετάρτῳ,
1532 4212 1624 4258 καὶ
1680 4208 1852 4260 Εὐτυ-

372 4325 390 4355 ι
433 4303 637 4374 χιανοῦ.
670 4302 763 4354 τοῦ
804 4302 1188 4370 λαμπροτάτου
1211 4302 1276 4368 τῇ
1310 4299 1414 4365 πρὸ
1455 4296 1615 4349 πέντε
1657 4295 1852 4348 καλαν-

372 4419 393 4450 ο
430 4396 534 4449 δῶν
572 4395 751 4448 Μαΐου
775 4395 831 4446 ἐν
863 4391 1168 4462 Καρχηδόνι
1201 4391 1277 4444 είς
1324 4389 1386 4441 τὸ
1435 4391 1705 4458 σήκρητον
1754 4387 1852 4455 τῆς
1889 4374 1930 4427 D

375 4509 392 4540 ι
452 4485 830 4552 Ῥεστιτοὺτης
860 4482 1177 4552 ἐκκλησίας.
1202 4499 1222 4531 ο

862 4570 1084 4640 Πρᾶξις
1112 4571 1297 4638 τρίτη.

299 4688 317 4718 t
373 4668 466 4719 Ἐν
493 4666 670 4738 ταύτῃ
705 4666 772 4734 τῇ
832 4663 1037 4730 συνόδῳ
1087 4660 1488 4738 τοποτηρησίαν
1542 4656 1856 4722 ἀνεδέξαντο

373 4780 391 4810 ι
451 4759 751 4823 Ἐπιγόνιος
779 4758 870 4808 καὶ
897 4751 1236 4810 Βικεντιανὺς
1284 4751 1334 4803 οί
1390 4750 1720 4801 ἐπίσκοποι·
1768 4752 1851 4800 ἴνα

372 4868 388 4898 t
433 4849 599 4916 νόμον
633 4845 936 4910 ἀξιωθῶσιν
971 4843 1121 4910 παρὰ
1154 4841 1262 4904 τῶν
1302 4837 1656 4900 ἐνδοξοτάτων
1707 4837 1857 4906 βασιο

374 4959 392 4990 ι
433 4938 569 4990 λ-ων
599 4936 728 5005 περὶ
779 4935 879 4986 τῶν
911 4931 1362 4999 καταφευγόντων
1404 4931 1484 4988 είς
1539 4925 1853 4995 ἐκκλησίαν,

372 5049 388 5079 ι
430 5030 524 5080 καὶ
611 5025 960 5093 οίαισδήποτε
1042 5018 1515 5088 ἐγκεκυλισμένων
1579 5016 1852 5076 εὐθύναις,

372 5140 390 5170 ι
429 5117 570 5168 ὥστε
597 5114 797 5184 μηδένα
825 5111 1027 5179 τολμᾷν
1056 5108 1250 5168 αὐτοὺς
1276 5101 1552 5175 ἀποσπᾷν.
1570 5103 1657 5154 Ἐν
1686 5101 1856 5169 ταύτῃ

372 5227 391 5257 ε
432 5208 500 5276 τῇ
530 5205 733 5272 συνόδῳ
789 5199 1050 5270 πρεσὸεία
1103 5196 1496 5250 ἀποστέλλεται
1549 5194 1684 5264 πρδς
1731 5193 1855 5252 τοὺς

373 5315 388 5347 ι
448 5294 668 5362 Ῥώμης
704 5291 794 5344 καὶ
822 5288 1148 5343 Μεδιολὰνου
1198 5285 1524 5346 ἐπισκόπους
1570 5284 1695 5350 περὶ
1747 5284 1854 5332 τῶν

374 5407 392 5438 ι
437 5387 646 5454 νηπίων
683 5382 789 5434 τῶν
840 5380 990 5450 παρὰ
1027 5383 1136 5440 τοῖς
1177 5377 1472 5447 αίρετικοῖς
1533 5370 1857 5442 βαπτισθέν-

368 5499 389 5531 t
434 5491 577 5531 των·
612 5477 705 5528 καὶ
755 5473 888 5542 πρὸς
945 5473 1036 5523 τὸν
1089 5470 1312 5538 βασιλέα
1357 5467 1412 5518 δὲ
1471 5465 1598 5532 περὶ
1643 5463 1738 5514 τοῦ
1789 5466 1856 5513 τα

370 5590 390 5622 t
434 5566 921 5636 ἐγκαταλείμματα
947 5561 1051 5612 τῶν
1082 5558 1315 5611 εἰδώλων
1349 5553 1731 5622 ἀφαιρεθῆναι,
1760 5551 1848 5604 καὶ

368 5677 388 5710 ι
433 5658 562 5726 περὶ
590 5655 763 5708 ἀλλων
798 5654 852 5705 δὲ
893 5652 1157 5702 πλείστων
1205 5650 1593 5716 πραγμάτων.»

538 5757 805 5816 Ριτιιοι.
847 5749 959 5809 Gtt.
1005 5743 1386 5809 CXXKVlll.

1957 518 2157 574 cultate
2201 516 2356 584 digna
2391 515 2727 582 episcopatus
2772 515 2972 567 honore
3015 512 3196 567 habita
3245 522 3346 575 est,
3390 512 3498 564 sola

1956 619 2076 657 eum
2111 606 2353 658 oblinere
2386 606 2580 667 debet,
2625 619 2730 658 non
2761 603 2862 657 alia
2902 617 3111 671 quoque
3137 602 3371 669 decerpi,
3404 615 3498 655 seu

1955 695 2177 749 distrahi
2220 710 2284 749 ac
2315 696 2510 760 divelli,
2550 705 2604 748 ut
2632 676 3131 762 proprium'habcat
3163 696 3493 761 episcopum,

1957 784 2056 836 nisi
2089 798 2152 836 eo
2177 784 2270 852 qui
2303 783 2409 836 illic
2435 783 2681 852 praesidet
2712 783 2959 850 episcopo
2984 780 3385 849 comprobante.
3414 779 3494 834 Ad

1955 873 2063 925 haec
2086 872 2356 939 Aurelius,
2399 883 2454 925 ιιι
2481 887 2666 927 eorum
2703 875 2906 926 animos
2936 873 3025 939 qui
3067 872 3118 923 in
3148 873 3346 940 synodo
3374 873 3495 923 adc-

1955 968 2095 1020 raut,
2150 957 2215 1010 ad
2266 959 2658 1012 assentiendum
2710 961 2900 1012 idonee
2969 970 3336 1027 compararet,
3380 960 3495 1012 Νοιι

1953 1047 2158 1110 dubito,
2195 1049 2288 1113 ait,
2322 1049 2450 1116 quin
2482 1049 2596 1102 hac
2641 1049 2888 1104 omnibus
2920 1052 3242 1116 probentur,
3266 1059 3319 1102 et
3371 1051 3495 1117 quia

1955 1144 2276 1202 pertractata
2325 1139 2474 1198 satis.
2525 1138 2626 1192 hoc
2683 1147 2787 1203 est,
2840 1139 3114 1202 meditata,
3165 1139 3491 1199 examinata,

1953 1225 2193 1292 probata,
2220 1228 2394 1279 omnia
2426 1241 2545 1282 esse
2574 1228 2820 1293 arbitror,
2848 1243 2906 1281 ea
2944 1243 3036 1282 vos
3064 1242 3275 1295 quoque
3318 1239 3494 1281 vestra

1954 1316 2215 1368 sententia
2266 1317 2596 1372 conlirtnate.
2641 1317 2774 1370 Tum
2821 1318 3032 1386 reliqui,
3084 1317 3148 1370 Et
3193 1318 3342 1371 nobis
3384 1319 3495 1372 haec

1954 1405 2183 1472 placent,
2229 1417 2284 1461 et
2329 1417 2506 1462 nostra
2553 1411 2788 1463 omnium
2835 1409 3222 1476 subscriptione
3259 1411 3494 1462 ﬁrmabi-

1955 1510 2090 1549 ιιιυε.

1953 1583 2170 1638 ARIST.
2203 1605 2219 1637 ι
2252 1587 2503 1644 ῡίωοεείε
2522 1590 2564 1643 si
2594 1589 2707 1658 ejus
2732 1591 2819 1658 qui
2850 1600 3158 1659 potestatem
3186 1592 3339 1644 habet
3361 1607 3496 1645 sen-

2032 1695 2049 1726 ι
2085 1679 2245 1730 tentia
2267 1682 2535 1747 proprium
2559 1681 2757 1735 habere
2785 1682 3090 1749 episcopum
3131 1679 3492 1749 permittatur,

2033 1784 2050 1815 ι
2087 1766 2319 1834 reliquas
2345 1769 2432 1822 ille
2467 1769 2720 1825 dimceses
2749 1784 2816 1823 ne
2845 1751 3074 1822 invadat.
3107 1785 3126 1818 ι

2028 1942 2303 1997 Decretum
2322 1954 2424 2007 cst,
2453 1954 2641 2013 pra-ter
2670 1945 2911 2013 primatis
2927 1946 3248 1998 sententiam
3287 1945 3338 1996 in
3366 1959 3495 1996 una-

1954 2043 2160 2097 quaque
2199 2034 2486 2098 provincia,
2520 2034 2784 2088 neminem
2810 2035 3184 2104 episcoporum
3213 2036 3349 2088 lieri.
3391 2034 3495 2087 Sed

1954 2119 2110 2190 593
2148 2137 2244 2175 nec
2287 2122 2340 2174 in
2373 2125 2486 2178 vico
2518 2123 2694 2190 aliquo
2726 2135 2816 2176 aut
2844 2139 3004 2196 parva
3043 2125 3275 2189 civitate,
3308 2126 3359 2178 iu
3393 2140 3496 2193 qua

1953 2221 2004 2262 et
2056 2226 2189 2265 unus
2230 2214 2506 2282 presbyter
2547 2213 2793 2275 suiﬂciat,
2845 2216 3099 2269 constitui
3152 2217 3494 2284 episcopum;

1953 2301 2054 2354 nisi
2091 2301 2227 2356 forte
2254 2303 2356 2356 tua:
2382 2304 2578 2372 populo,
2597 2306 2924 2359 abundantes
2967 2291 3136 2376 digna;
3169 2305 3496 2372 judiceutur,

1953 2408 2067 2460 qua:
2094 2394 2434 2448 nominentur
2473 2394 2823 2463 episcOpatus.
2861 2392 2917 2447 Si
2965 2395 3142 2462 itaque
3177 2394 3230 2447 in
3267 2394 3498 2463 partecia

1952 2484 2150 2552 aliqua,
2185 2483 2237 2537 in
2272 2498 2373 2552 qua
2420 2495 2574 2538 antea
2610 2499 2718 2538 non
2764 2483 3190 2552 lnitepiscopus.
3246 2498 3340 2552 per
3390 2484 3498 2549 epi-

1952 2576 2095 2643 scopi
2125 2577 2175 2628 in
2204 2589 2270 2630 eo
2300 2584 2613 2644 potestatem
2648 2574 2892 2627 habentis
2929 2575 3244 2627 sententiam
3290 2575 3500 2643 episco-

1952 2682 2050 2734 pus
2075 2667 2187 2722 ﬁeri
2210 2667 2566 2734 permittatur,
2593 2665 2843 2736 pepulqu
2870 2665 3069 2730 solum,~
3089 2665 3146 2717 in
3169 2678 3320 2732 quem
3350 2663 3497 2717 ordi-

1955 2770 2108 2812 natus
2137 2757 2256 2820 luit,
2287 2758 2518 2812 retinere
2559 2757 2732 2820 debet,
2766 2772 2870 2811 non
2902 2768 3084 2811 autem
3125 2766 3178 2811 et
3202 2756 3359 2809 aliam
3387 2755 3501 2808 vin-

1954 2849 2130 2902 dicare
2159 2848 2464 2915 parteciam.

1960 2957 1977 2989 ι
2010 2939 2067 2992 in
2105 2938 2201 2991 hac
2219 2938 2423 3007 synodo
2452 2937 2837 2991 constitutuma
2871 2950 2970 2999 est,
2998 2944 3054 2990 ut
3091 2937 3369 3006 episcopus
3388 2936 3500 2989 sine

2029 3047 2046 3079 ι
2085 3029 2402 3082 dimissoriis
2457 3028 2645 3082 litteris
2695 3042 2798 3080 nou
2850 3027 3080 3094 naviget.
3160 3026 3271 3080 Snb
3318 3027 3500 3080 Casa-

2034 3139 2052 3169 t
2093 3119 2173 3172 rio
2219 3125 2272 3170 et
2316 3117 2510 3180 Attico,
2556 3115 2924 3170 illustrissimis
2963 3113 3290 3177 consulibus,
3349 3124 3500 3169 sexto

2031 3230 2048 3261 ι
2093 3207 2342 3264 calendas
2385 3207 2576 3272 Iulias,
2607 3205 2914 3272 Carthagini
2956 3205 3176 3272 placuit,
3225 3213 3282 3256 ut
3325 3203 3501 3255 nullus

2031 3322 2047 3353 ‹
2086 3301 2369 3370 episcopus
2397 3298 2510 3352 sine
2543 3294 2786 3364 primatis
2808 3293 3122 3349 dimissoriis
3143 3293 3379 3358 epistolis
3409 3305 3502 3341 tta-

2031 3413 2049 3443 t
2090 3395 2245 3460 viget.
2291 3389 2391 3454 Qui
2450 3396 2569 3441 acta
2596 3386 2803 3455 quaerit,
2874 3384 2924 3435 iu
2977 3380 3302 3434 authenticis
3352 3381 3501 3433 inre-

2030 3503 2048 3534 ‹
2099 3483 2228 3536 niet.
2277 3499 2296 3532 ι

2036 3572 2284 3626 ZONAR.
2317 3569 2643 3624 Dimissorite
2672 3569 2885 3623 nomine
2908 3568 3180 3635 paciﬁcam
3201 3565 3498 3632 epistolam,

1958 3663 2200 3734 primatis
2233 3675 2358 3716 vero
2388 3659 2739 3728 appellatione
2779 3657 3134 3725 patriarcham
3165 3664 3256 3706 aut
3298 3662 3498 3705 mctro-

1956 3753 2248 3821 politanum
2289 3749 2550 3815 intelligit.
2592 3745 2848 3813 Navigare
2891 3757 3052 3813 porro
3102 3753 3184 3796 est
3211 3744 3498 3810 ,utaritituo

1955 3847 2148 3899 itinere
2178 3845 2232 3896 iu
2266 3841 2395 3894 alias
2427 3853 2549 3894 oras
2579 3835 2922 3908 peregrinari.

1966 3958 1982 3990 t
2020 3939 2093 3992 Ex
2130 3936 2232 3990 hac
2272 3934 2473 4003 synodo
2527 3931 2681 3998 legati
2717 3932 2779 3982 ad
2823 3930 3190 3997 imperatores,
3223 3925 3503 3991 subscripti

2033 4045 2051 4078 ι
2093 4026 2324 4094 episcopi
2371 4023 2671 4076 mittuntur.
2714 4019 2841 4072 Post
2871 4018 3201 4070 consulatum
3236 4012 3507 4082 gloriosis-

2035 4139 2052 4170 ‹
2090 4119 2344 4172 simorum
2380 4116 2776 4181 imperatorum,
2826 4108 3042 4162 llonorii
3072 4107 3295 4174 Augusti
3331 4105 3506 4173 quarti

2038 4229 2054 4259 ι
2091 4219 2146 4263 et
2179 4203 2494 4274 Eutychiaui
2522 4199 2585 4255 γ.
2609 4201 2669 4256 C.
2695 4201 2879 4268 quinto
2900 4199 3148 4252 calendas
3193 4196 3357 4250 Maias
3381 4196 3510 4249 Car-

2040 4317 2057 4350 ι
2099 4298 2309 4368 thagine
2339 4298 2391 4349 in
2418 4301 2628 4349 secreto
2661 4290 2938 4348 Restitute
2966 4288 3221 4345 ecclesia.
3264 4305 3279 4335 ›

2562 4543 2711 4597 Actio
2739 4542 2912 4596 tertia.
2981 4602 2985 4604 _

1961 4679 1977 4711 ι
2017 4661 2072 4713 tu
2113 4661 2213 4714 bae
2239 4657 2439 4727 synodo
2475 4654 2791 4723 legationem
2841 4659 3192 4720 susceperunt
3224 4649 3513 4719 Epigouius

2035 4772 2049 4800 ι
2089 4762 2142 4806 et
2197 4747 2583 4804 Vincentiauus
2636 4743 2868 4813 episc0pi
2933 4753 2990 4796 ut
3035 4742 3205 4809 legem
3255 4742 3392 4794 l'erre
3435 4739 3515 4792 di-

2035 4863 2052 4895 t
2089 4850 2313 4912 gnentur
2360 4837 2728 4906 gloriosissinti
2784 4837 3136 4904 imperatores
3169 4833 3235 4888 de
3292 4833 3379 4897 iis,
3422 4837 3513 4901 qui

2035 4956 2051 4984 ι
2091 4936 2155 4988 ad
2177 4932 2461 4986 ecclesiam
2488 4929 2858 4996 cmd'ugerunt,
2886 4935 2939 4981 et
2966 4925 3372 4994 quibuscunque
3404 4925 3512 4975 cri-

2033 5043 2051 5074 t
2104 5020 2582 5086 minibusjnvoluti
2617 5026 2885 5078 tenentur.
2928 5026 2984 5072 ιιι
3032 5030 3186 5069 nemo
3228 5015 3397 5081 possit
3424 5027 3514 5064 eos

2037 5134 2051 5164 ι
2091 5113 2338 5166 avellere.
2370 5110 2425 5164 lu
2473 5111 2570 5162 bac
2595 5109 2798 5177 synodo
2840 5106 3032 5174 legatio
3059 5107 3286 5159 mittitur
3318 5105 3383 5157 ad
3405 5102 3512 5154 llo-

2035 5226 2049 5254 ι
2091 5218 2302 5255 manum
2327 5211 2378 5256 et
2414 5199 2860 5254 Hediolauensetn
2887 5197 3166 5265 episcOpos
3209 5196 3275 5247 de
3308 5195 3360 5246 in
3397 5192 3514 5246 latt-

2033 5313 2050 5343 t
2092 5294 2232 5346 tibus
2275 5292 2364 5359 qui
2408 5291 2476 5344 ab
2530 5287 2793 5343 haereticis
2841 5286 3094 5354 baptizati
3149 5292 3273 5336 sunt
3314 5298 3327 5337 :
3385 5281 3514 5347 quin

2034 5405 2051 5436 ι
2092 5387 2251 5440 etiam
2297 5386 2362 5438 ad
2423 5383 2822 5452 imperatorem,
2876 5389 2936 5432 ut
2968 5377 3228 5432 idolorum
3281 5374 3517 5440 reliquiae

2033 5497 2049 5527 ι
2094 5479 2399 5533 uurerantnr
2416 5486 2468 5531 et
2496 5475 2559 5528 dc
2578 5470 2819 5543 plurimis
2839 5471 2958 5525 aliis
2992 5468 3174 5523 rebus.
3211 5483 3232 5517 ι

3165 5715 3198 5773 8
