4018 6310
486 220 588 278 935

576 444 595 478 ι
634 425 839 479 decimo
883 428 1032 473 sexto
1072 417 1317 471 calendas
1345 414 1513 470 Julias
1540 412 1861 482 Carthagine
1883 410 1936 465 in
1968 425 2052 463 se-

574 534 593 565 ‹
633 524 778 568 creto
810 509 1087 563 ltestitutae
1109 506 1369 571 ecclesiae,
1402 503 1693 573 praesidens
1722 500 1882 556 simul
1931 515 2050 553 cum

575 625 591 655 ‹
631 602 746 657 suis
765 600 1116 668 coepiscopis,
1148 595 1524 651 assistentibus
1575 591 1837 656 diaconis,
1886 592 2054 644 Aure-

575 716 591 745 ι
637 696 742 749 lius
770 694 1057 761 episcopus
1081 690 1214 744 dixit
1245 707 1255 740 :
1287 685 1652 741 Ecclesiarum
1700 683 1815 747 Dei,
1847 696 1966 750 quae
1998 680 2051 733 in

576 803 591 834 ι
628 795 737 837 tota
760 783 1011 837 Afrorqu
1039 779 1257 847 regione
1277 778 1391 831 sitae
1411 782 1556 836 sunt,
1577 773 1929 827 necessitates
1950 783 2052 821 una

576 896 591 925 ι
626 889 831 929 mecum
864 871 1097 940 perfecte
1129 869 1230 922 scit
1254 878 1425 922 vestra
1451 864 1687 928 dilectio,
1719 859 2052 916 sanctissimi

574 986 592 1017 τ
630 967 822 1019 fratres
850 982 863 1017 :
895 973 947 1017 et
970 964 1093 1031 quia
1121 961 1375 1014 Dominus
1399 956 1662 1027 praestitit,
1686 965 1742 1009 ut
1769 955 1954 1008 saltem
1990 966 2055 1004 ex

574 1073 591 1105 ι
634 1063 785 1122 parte
808 1059 1123 1121 congregata
1147 1049 1216 1103 sit
1241 1046 1520 1116 praesentia
1544 1044 1710 1099 sancti
1749 1043 1910 1097 vestri
1934 1054 2056 1093 con-

574 1162 591 1194 ι
636 1152 846 1205 ventus,
868 1140 995 1194 mihi
1013 1146 1370 1207 opportunum
1405 1134 1622 1189 videtur
1644 1132 1879 1195 easdem,
1905 1139 1961 1182 ut
1979 1127 2055 1181 di-

576 1255 591 1283 ι
630 1244 771 1287 ctum
801 1242 905 1294 est,
940 1230 1283 1283 necessitates
1315 1230 1365 1280 in
1413 1226 1644 1280 medium
1690 1222 1901 1285 atl'erre,
1926 1232 2056 1286 quas

572 1339 592 1373 ι
634 1324 848 1390 propria
876 1320 1235 1374 sollicitudine
1255 1318 1582 1384 investigare
1600 1314 1744 1383 potui
1766 1325 1925 1381 ;quas
1943 1310 2059 1378 qui-

574 1432 591 1463 ι
637 1413 756 1466 dem
784 1411 999 1479 quando
1036 1417 1209 1462 vestra
1236 1408 1573 1462 confirmabit
1600 1405 1900 1465 sinceritas,
1929 1414 2055 1454 con-

575 1524 591 1554 (
628 1518 853 1571 sequens
881 1501 1005 1566 erit,
1050 1509 1109 1552 ut
1152 1513 1316 1552 unum
1364 1498 1701 1552 sacerdotum
1751 1509 1815 1548 ex
1873 1500 2058 1545 nostro

576 1580 591 1646 ι
633 1609 853 1649 numero
889 1592 1240 1655 declaremus,
1264 1589 1354 1660 qui
1393 1588 1485 1642 Dei
1517 1586 1715 1641 auxilio
1735 1584 1892 1639 debet
1936 1597 2059 1653 pro-

585 1706 602 1736 ι
641 1699 755 1753 pter
789 1694 992 1737 vestras
1034 1696 1217 1751 preces
1256 1679 1468 1734 easdem
1496 1676 1841 1730 necessitates
1889 1672 2060 1726 susci-
2087 1647 2133 1706 Β

575 1798 591 1829 ι
632 1792 778 1848 pere,
810 1787 862 1830 et
893 1775 1105 1830 fortiter
1131 1771 1435 1842 peragendo
1463 1768 1670 1824 deferre
1705 1767 1757 1819 in
1796 1776 2060 1818 transma-

576 1891 591 1921 ι
640 1870 788 1924 rinas
836 1868 1000 1923 Italiae
1043 1874 1259 1936 partes;
1301 1864 1389 1931 qui
1447 1861 1584 1915 hanc
1637 1858 2055 1918 necessitatem,

578 1982 594 2012 ι
631 1963 866 2017 laborem
888 1972 941 2015 et
969 1960 1203 2027 inopiam
1236 1956 1403 2026 possit
1428 1953 1785 2009 sanctissimis
1804 1962 1858 2006 et
1879 1966 2061 2007 sacro—

576 2072 591 2102 ι
630 2067 743 2106 rum
783 2050 1169 2105 comministris
1197 2048 1456 2101 fratribus
1490 2046 1689 2099 nostris
1740 2042 2057 2105 ostendere;

579 2163 595 2194 ι
634 2142 828 2213 partim
879 2140 1094 2210 quidem
1136 2138 1443 2193 venerando
1502 2146 1691 2191 sancto
1757 2134 2062 2203 apostolica:

579 2253 596 2285 ι
643 2234 911 2289 cathedrae
935 2232 1185 2300 episcopo
1223 2229 1539 2291 Anastasio;
1576 2229 1770 2295 partim
1804 2235 1981 2279 autem
2007 2232 2063 2279 et

581 2347 597 2376 ι
647 2324 991 2380 sanctissimo
1043 2321 1195 2376 lratri
1229 2319 1453 2374 Venerio
1498 2317 1762 2372 sacerdOti
1820 2314 2063 2369 ecclesia:

577 2438 596 2468 1
634 2414 1068 2472 Mediolanensis.
1101 2412 1181 2467 Ab
1215 2412 1279 2465 iis
1302 2412 1446 2465 enim
1495 2408 1703 2463 thronis
1733 2406 2060 2477 prohibitum

581 2529 599 2560 ι
645 2509 839 2571 fuerat,
902 2514 1045 2576 quod
1114 2502 1387 2557 communi
1456 2499 1695 2569 periculo
1739 2509 2064 2567 magnopere

585 2619 600 2649 ι
644 2596 1057 2666 providendum,
1079 2591 1201 2661 quia
1230 2598 1376 2643 tanta
1405 2596 1487 2657 est
1514 2588 1830 2642 clericorum
1860 2586 2061 2655 inopia,

583 2704 601 2736 ι
636 2694 691 2739 et
719 2685 897 2739 multa:
925 2682 1164 2738 ecclesia
1198 2679 1330 2732 adeo
1366 2685 1491 2730 sunt
1518 2677 1767 2741 desertae,
1799 2684 1856 2729 ut
1888 2674 2064 2728 nullus

586 2799 602 2829 ι
635 2776 806 2846 possit
834 2776 1093 2831 diaconus
1116 2773 1198 2827 vel
1229 2772 1534 2826 illitteratus
1563 2768 1809 2824 inveniri.
1845 2768 1920 2821 De
1941 2766 2065 2820 reli-

596 2888 611 2916 ι
650 2867 770 2936 quis
801 2875 977 2920 autem
1010 2862 1377 2933 superioribus
1415 2860 1695 2915 ordinibus
1723 2867 1777 2913 et
1810 2858 2065 2928 gradibus

582 2980 600 3010 ‹
639 2959 921 3013 tacendum
971 2968 1089 3009 esse
1125 2953 1395 3008 existimo.
1438 2949 1573 3005 Nam
1618 2964 1763 3015 cum,
1820 2958 1879 3004 ut
1934 2950 2062 3015 dixi,
2093 2969 2135 3029 ε

570 3068 599 3099 ς(
641 3048 850 3103 diaconi
888 3044 1246 3100 ministerium
1288 3058 1392 3096 non
1437 3040 1595 3096 facile
1643 3040 1971 3106 inveniatur,
2001 3038 2071 3093 de

599 3160 614 3189 ι
653 3137 1022 3209 superioribus
1066 3133 1362 3189 honoribus
1397 3132 1564 3187 multo
1597 3142 1680 3186 est
1704 3133 1961 3200 apertius.
2007 3132 2071 3185 Et

599 3251 614 3280 ι
649 3230 986 3299 quatidianas
1048 3226 1379 3280 diversorum
1432 3209 1501 3277 et.
1541 3222 1652 3277 fere
1695 3223 2067 3277 emorientium

612 3342 627 3370 ι
668 3320 981 3389 populorum
1017 3316 1425 3370 lamentationes
1459 3315 1705 3382 deinceps
1729 3328 1837 3368 non
1864 3312 2071 3367 sufferi-

589 3432 606 3461 ι
666 3424 784 3464 mus
837 3427 850 3462 :
912 3407 1105 3475 quibus
1166 3405 1268 3459 nisi
1321 3405 1577 3458 auxilium
1627 3404 1768 3459 ferre
1824 3403 2069 3468 velimus,

592 3523 608 3551 ι
646 3499 809 3571 594
834 3498 1210 3569 gravissimum
1238 3505 1293 3551 et
1314 3496 1676 3550 inexcusabile
1700 3506 1919 3564 propter
1949 3510 2071 3565 perc

596 3612 616 3643 ι
656 3594 795 3647 ditas
822 3590 1030 3645 animas
1057 3587 1307 3644 delictum
1329 3601 1427 3643 nos
1454 3589 1592 3656 apud
1632 3585 1799 3641 Deum
1823 3588 2067 3655 excipit.»

582 4218 785 4273 BALS.
816 4178 1072 4273 Praesenti
1118 4218 1319 4286 scripto
1355 4218 1466 4272 vult
1497 4219 1744 4274 Aurelius
1788 4219 2071 4275 certiorem

1736 208 1990 268 THEOD
2050 209 2450 270 BMSAMO‘I

504 359 520 389 ι
562 337 688 391 Post
738 336 1067 385 consulatum
1118 327 1282 381 Flavii
1327 324 1638 379 Stilit-honis
1684 323 2050 387 illustrissimi,

2218 319 2369 374 Μετά
2421 323 2518 388 τὴν
2577 318 2842 371 ὑπατείαν
2912 316 3143 370 Φλαϐίου

3596 221 3706 287 236

3227 317 3549 387 Στελίχωνος
3611 318 3712 371 τοῦ

2230 432 2248 463 ι
2284 413 2775 482 λαμπροτάτου,τῇ
2805 410 2908 481 πρὸ
2941 409 3137 474 δεκαέξ
3169 410 3447 464 καλανδῶν
3482 410 3715 465 Ἰουλίων

2228 522 2245 554 ι
2287 506 2345 557 ἐν
2374 502 2685 572 Καρχηδόνι
2716 504 2795 564 είς
2824 501 2883 554 τὸ
2906 503 3181 572 σήκρητον
3207 502 3306 570 τῆς
3340 502 3714 573 Ῥεστιτούτης

2228 614 2244 646 ι
2285 595 2579 664 ἐκκλησίας
2606 595 2945 664 προκαθίσας
2988 594 3106 663 ἀμα
3138 596 3252 657 τοῖς
3288 593 3717 657 συνεπισκόποις

2232 706 2249 738 ι
2292 688 2481 751 αὑτοῦ,
2540 684 2908 757 παρεστώτων
2947 685 3053 740 τῶν
3108 686 3399 751 διακόνων,
3437 685 3720 756 Αὐρήλιος

2230 798 2247 829 ι
2286 780 2583 840 ἐπίσκοπος
2624 774 2804 831 εἶπενο
2864 777 2986 830 Τῶν
3042 775 3351 847 ἐκκλησιῶν
3406 776 3501 829 τοῦ
3550 777 3718 842 Θεοῦ,

2230 890 2247 920 ι
2283 869 2391 923 τῶν
2412 868 2518 923 ἀνά
2547 869 2728 923 πᾶσαν
2754 868 2850 940 τὴν
2878 868 2986 921 τῶν
3008 869 3231 937 ’Δφρων
3262 866 3443 939 χώραν
3462 868 3705 938 καθιδρυ-

2230 975 2250 1007 ‹
2289 957 2486 1025 μένων,
2516 956 2615 1019 τὰς
2650 958 2897 1023 ἀνάγκας
2928 956 3171 1026 ἀκριϐῶς
3199 957 3312 1025 ἆμα
3341 957 3465 1027 ἐμοὶ
3493 957 3724 1011 ἐπίστα-

2233 1064 2251 1098 ι
2288 1064 2374 1099 ται
2400 1048 2430 1114 ή
2461 1046 2704 1116 ὑμετέρα
2734 1047 2945 1118 ἀγάπη,
2973 1047 3267 1115 ἁγιώτατοι
3317 1047 3534 1117 ἀδελφοί
3570 1064 3583 1078 ’
3623 1049 3720 1102 κιτ-ὶ

2241 1156 2258 1188 ι
2294 1137 2482 1207 ἐπειδὴ
2529 1137 2623 1190 τοῦ
2652 1140 2857 1208 Κυρίου
2911 1140 3241 1209 παρέχοντος
3292 1140 3396 1192 κᾶν
3449 1141 3505 1191 ἐν
3561 1138 3721 1209 μέρε·
3804 1168 3808 1171 -

2236 1246 2253 1277 ι
2302 1227 2539 1297 συνήχθη
2577 1230 2607 1295 ἡ
2641 1229 2913 1297 παρουσία
2933 1230 3031 1300 τῆς
3066 1230 3220 1292 ὁσίας
3261 1229 3415 1299 ὑμῶν
3463 1227 3726 1281 συνελεύ-

2238 1335 2257 1369 ι
2298 1335 2455 1382 σεως,
2490 1319 2635 1371 δοκεί
2666 1336 2752 1388 μοι
2782 1322 2861 1383 είς
2899 1320 3061 1389 μέσον
3096 1322 3475 1388 παρακομίσαι
3498 1320 3595 1382 τάς
3626 1319 3726 1371 αὐ-

2239 1425 2255 1457 ι
2294 1408 2413 1470 τὰς,
2444 1407 2518 1471 ὡς
2542 1407 2777 1477 εἴρηται,
2805 1410 3072 1477 ἀνάγκας,
3111 1409 3290 1479 ἇσπερ
3325 1410 3503 1479 οἰκείᾳ
3562 1425 3723 1479 φρον-

2237 1517 2255 1550 ι
2295 1498 2399 1550 τίδι
2438 1500 2700 1570 ἠδυνήθην
2726 1501 3061 1571 ἀνιχνεῦσαι·
3096 1503 3317 1565 ἅστινας
3347 1502 3507 1572 ἡνίκα
3530 1503 3726 1554 ἐπικυ-

2238 1610 2255 1644 ι
2298 1589 2449 1663 ρώσῃ
2478 1594 2509 1663 ἡ
2546 1593 2789 1664 ὑμετέρα
2819 1594 3205 1663 είλικρινότης,
3241 1594 3530 1647 ἀκόλουθον
3568 1592 3730 1645 ἔσται

2236 1702 2252 1733 ι
2289 1682 2676 1747 ἀποδείξασθαι
2707 1684 2803 1739 ἕνα
2836 1686 2984 1756 ίερέα
3017 1685 3188 1737 ὲκτοῦ
3238 1685 3505 1755 ἡμετέρου
3568 1684 3733 1753 ἀριθ-

2239 1791 2255 1823 ι
2296 1772 2421 1843 μοῦ,
2447 1774 2536 1826 τὸν
2570 1774 2852 1842 ὀφείλοντα
2886 1779 2953 1847 τῇ
2978 1775 3070 1829 τοῦ
3104 1778 3310 1846 Κυρίου
3374 1776 3594 1846 βοηθείᾳ
3623 1775 3717 1828 διὰ

2239 1882 2255 1914 ι
2292 1863 2400 1916 τῶν
2433 1864 2609 1933 εὐχῶν
2633 1865 2785 1933 ὑμῶν
2810 1866 3013 1929 ταύτας
3039 1867 3212 1930 αὑτὰς
3255 1868 3501 1935 ἀνάγκας
3532 1864 3730 1918 ἀναδέ-

2238 1972 2254 2005 ι
2302 1951 2518 2018 ξασθαι,
2555 1956 2651 2006 καὶ
2699 1955 2962 2024 ἀνδρείως
3012 1956 3341 2021 ἐξανυστέας
3390 1952 3730 2022 ἀποκομίσαι

2239 2062 2255 2094 ι
2294 2044 2430 2113 πρὸς
2466 2046 2533 2096 τά
2560 2045 2924 2114 πραγματικά
2952 2047 3051 2114 τῆς
3096 2046 3326 2108 Ἰταλίας
3379 2047 3518 2116 μέρη
3578 2045 3729 2105 ὅστις

2241 2155 2257 2185 ι
2296 2137 2498 2206 δυνηθῇ
2527 2137 2702 2206 αὐτήν
2734 2154 2793 2190 τε
2829 2136 2925 2208 τὴν
2982 2138 3229 2206 ἀνάγκην
3270 2138 3365 2191 καὶ
3420 2137 3511 2190 τὸν
3562 2138 3729 2189 πόνον

2239 2246 2256 2278 ι
2294 2228 2390 2280 καὶ
2415 2227 2513 2299 τὴν
2542 2226 2751 2281 ἔνδειαν
2783 2228 2939 2298 ὑμῶν
2968 2229 3316 2299 παραστῆσαι
3341 2232 3452 2291 τοῖς
3487 2225 3729 2296 ἁγιωτά-

2237 2336 2254 2369 ι
2293 2334 2405 2381 τοις
2438 2318 2684 2388 ἀδελφοῖς
2718 2323 2812 2372 καὶ
2869 2320 3307 2390 συλλειτουργοῖς
3332 2320 3489 2390 ήμῶν
3513 2336 3527 2349 ο
3570 2319 3729 2373 τοῦτο

2238 2426 2256 2460 ι
2295 2410 2395 2479 μὲν
2447 2409 2784 2481 Ἀναστασίῳ
2857 2409 2935 2481 τῷ
2987 2409 3351 2481 προσκυνητῷ
3421 2409 3564 2479 ἁγίῳ
3628 2408 3729 2476 τῆς

2242 2518 2259 2551 ι
2302 2502 2675 2572 ἀποστολικῆς
2720 2502 2991 2574 καθέδρας
3050 2503 3380 2572 ἐπισκόπῳ·
3437 2502 3595 2553 τοῦτο
3668 2500 3728 2551 δέ

2240 2584 2258 2643 ἑ
2295 2592 2376 2646 ἔτι
2411 2594 2517 2662 μὴν
2550 2595 2643 2645 καὶ
2674 2593 2753 2663 τῷ
2796 2592 3088 2662 ἁγιωτάτῳ
3140 2592 3354 2662 ἀδελφῷ
3382 2590 3618 2661 Βενερίῳ
3646 2589 3726 2656 τῷ

2243 2701 2261 2733 ι
2304 2684 2441 2752 lapsi
2464 2684 2560 2752 τῆς
2583 2684 2929 2736 Μεδιολάνων
2986 2683 3300 2753 ἐκκλησίας.
3374 2681 3469 2734 Ἐκ
3522 2680 3729 2735 τούτων

2241 2789 2259 2821 ι
2296 2773 2405 2841 γάρ
2433 2772 2541 2824 τῶν
2572 2773 2775 2843 θρόνων
2808 2772 3080 2843 ἐκωλύθη,
3133 2774 3269 2842 ὅπερ
3331 2774 3605 2840 ἐπιγνοίεν
3669 2772 3728 2823 ἐν

2241 2880 2259 2915 ι
2301 2862 2464 2934 κοινῷ
2504 2862 2733 2934 κινδύνῳ
2766 2865 3019 2933 μεγάλως
3047 2865 3286 2933 ὀφείλειν
3337 2863 3724 2934 προνοηθῆναι·

2248 2971 2265 3004 ι
2298 2953 2379 3007 δτι
2408 2953 2643 3022 τοσαύτη
2670 2956 2786 3007 ἐστὶ
2819 2953 3099 3026 κληρικῶν
3126 2955 3325 3019 ἔνδεια,
3384 2953 3479 3006 καὶ⁵
3535 2952 3732 3007 πολλαὶ

2247 3060 2265 3094 ι
2300 3043 2585 3113 ἐκκλησίαι
2616 3043 2786 3108 οὕτως
2810 3044 3148 3117 ὑπάρχουσιν
3174 3044 3391 3116 ἔρημοι,
3426 3044 3501 3106 ῶς
3527 3042 3733 3113 μηδένα

2245 3151 2262 3184 ι
2301 3133 2547 3187 διάκονον
2586 3135 2690 3187 κᾶν
2742 3136 3106 3205 ἀγράμματον
3156 3136 3301 3204 ἔχειν
3360 3134 3730 3204 εὑρίσκεσθαι.

2246 3239 2265 3272 ι
2305 3223 2437 3290 Περὶ
2465 3222 2522 3275 δέ
2544 3222 2652 3275 τῶν
2674 3222 2874 3274 λοιπῶν
2898 3224 3182 3293 ἀνωτέρων
3217 3223 3441 3293 βαθμῶν
3487 3224 3582 3275 καὶ
3631 3222 3733 3275 τά-

2248 3329 2264 3361 ι
2301 3310 2437 3375 εεων
2514 3311 2819 3379 σιωπητέον
2886 3312 3278 3381 ὑπολαμϐάνω.
3355 3310 3597 3381 Ἐπειδὴ,
3657 3309 3735 3372 ὡς

2246 3418 2263 3449 ι
2304 3395 2479 3463 εἶπον,
2511 3402 2605 3454 ἐὰν
2635 3404 2665 3471 η
2695 3400 2789 3454 τοῦ
2820 3402 3068 3455 διακόνου
3126 3402 3399 3473 ὑπουργία
3445 3403 3545 3454 οὐκ
3574 3403 3735 3471 εὐχε-

2257 3510 2274 3542 ι
2315 3492 2421 3561 ρῶς
2453 3492 2799 3561 εὑρίσκηται,
2831 3492 3012 3561 πολλῷ
3044 3492 3205 3546 πλέον
3246 3494 3375 3562 περὶ
3426 3492 3535 3545 τῶν
3592 3492 3733 3544 ἀνω-

2249 3603 2267 3636 ι
2304 3584 2482 3652 τέρων
2543 3583 2721 3652 τιμῶν
2776 3583 3078 3652 κατάδηλον
3141 3584 3397 3654 ὑπάρχει.
3455 3585 3564 3637 Καὶ
3608 3584 3733 3645 τοὺς

2250 3693 2269 3724 ι
2310 3674 2712 3742 καθημερινοὺς
2746 3674 2977 3744 θρήνους
3005 3673 3113 3727 τῶν
3166 3674 3438 3745 διαφόρων
3490 3676 3583 3727 καὶ
3614 3683 3736 3743 cxt-

2255 3780 2273 3813 ι
2307 3762 2394 3814 δὺν
2426 3762 2882 3832 ἀποθνησκόντων
2914 3764 3059 3817 λαῶν
3100 3764 3193 3817 τοῦ
3244 3765 3431 3817 λοιποῦ
3470 3765 3570 3835 οὐχ
3603 3766 3735 3817 ὑπο-

2252 3872 2270 3903 (
2312 3854 2556 3923 φέρομεν
2577 3868 2592 3884 ·
2623 3849 2707 3916 οἷς
2733 3857 2780 3906 εί
2808 3855 3077 3925 μηδέποτε
3110 3855 3424 3925 θελήσωμεν
3446 3854 3733 3927 βοηθῆσαι,

2250 3962 2268 3995 ι
2317 3942 2590 4013 βαρυτάτη
2630 3943 2725 3994 καὶ⁵
2776 3944 3180 4013 ἀναπολόγητος
3228 3944 3377 3997 αίτία
3420 3946 3528 3997 τῶν
3566 3945 3738 3999 ἀπολ-

2250 4054 2268 4085 ‹
2309 4036 2559 4104 λυμένων
2622 4034 2809 4105 ψυχῶν
2888 4034 3167 4105 ἐκδέχεται
3229 4038 3378 4107 ἡμᾶς
3447 4038 3598 4109 παρὰ
3656 4038 3737 4107 τῷ

2249 4144 2266 4175 ι
2311 4125 2446 4194 Θεῷ.
2475 4144 2500 4177 ἰ

2246 4215 2439 4272 ΒΑΛΣ.
2472 4216 2570 4268 Διά
2600 4217 2701 4285 τῆς
2744 4217 3025 4288 παρούσης
3055 4220 3273 4289 γραφῆς
3331 4220 3474 4285 ἀξιοῖ
3499 4222 3527 4274 ὁ
3549 4220 3737 4291 Αὑρήο

518 4308 629 4363 fieri
653 4323 841 4379 papam
863 4315 914 4361 et
937 4284 1380 4360 Mediolanensem
1405 4307 1737 4376 episcOpum,
1756 4311 1894 4378 quod
1913 4311 2072 4363 Afro-

2186 4306 2289 4369 λιος
2316 4305 2533 4376 δοθῆναι
2559 4284 2763 4377 είδησιν
2794 4284 2872 4378 τῶ
2904 4284 3107 4381 πάππα
3129 4284 3330 4378 καὶντῷ
3364 4284 3735 4375 Μεδιολάνων,

517 4415 633 4453 rum
684 4399 929 4467 regiones
970 4412 1094 4451 sunt
1126 4396 1180 4449 in
1224 4411 1444 4466 magnas
1490 4399 1765 4466 angustias
1808 4401 2067 4467 adducta),

517 4506 625 4545 non
657 4491 826 4545 solum
868 4488 1208 4544 sacerdotum
1242 4496 1296 4541 et
1334 4490 1729 4559 episcoporum,
1773 4495 1864 4545 sed
1909 4494 2068 4546 etiam

516 4583 749 4648 ipsorum
792 4580 1175 4643 diaconorum;
1228 4584 1283 4632 et
1331 4588 1386 4630 ut
1433 4588 1622 4634 curent
1666 4582 1897 4649 aliquam
1956 4583 2070 4636 fieri

516 4673 965 4740 dispensationem
1011 4684 1105 4723 seu
1151 4670 1507 4738 provisionem
1563 4672 1615 4724 in
1648 4672 2069 4727 Christianorum

517 4762 799 4814 auxilium.

585 4851 833 4905 ZONAll.
862 4849 992 4915 Quae
1039 4850 1310 4917 superiore
1355 4845 1684 4903 oratiuncula
1731 4850 2072 4904 continentur

520 4942 634 4993 haec
667 4951 793 4993 sunt
822 4956 835 4993 :
869 4937 1069 5001 Nostis,
1095 4939 1306 5003 fratres,
1342 4936 1538 5008 [inquit
1577 4939 1852 5008 Aurelius]
1879 4943 2072 5007 quibus

518 5032 779 5085 malorum
835 5031 1215 5099 asperitatibus
1276 5046 1462 5085 onmes
1512 5031 1775 5086 Africanae
1834 5034 2073 5087 ecclesiae

517 5120 907 5175 conflictentur.
943 5122 1004 5174 Et
1038 5121 1291 5188 quoniam
1313 5122 1357 5174 si
1390 5122 1565 5174 :ninus
1598 5124 1856 5187 universi,
1896 5125 2073 5191 plures

519 5222 662 5264 certe
703 5210 767 5263 ad
809 5212 1077 5278 synodum
1112 5212 1497 5277 convenimus],
1533 5229 1666 5281 quas
1712 5230 1809 5283 ego
1860 5218 2071 5283 quidem

519 5301 851 5354 dillicultates
904 5302 1163 5354 sollicitus
1220 5302 1553 5371 investigavi,
1601 5305 1704 5357 hoc
1751 5316 1852 5369 est,
1911 5310 2073 5360 nnilta

518 5406 647 5443 cura
678 5407 740 5445 ac
767 5391 1043 5460 diligentia
1072 5392 1312 5445 adhibita
1340 5396 1663 5463 conquisivi,
1696 5411 1785 5451 eas
1820 5400 1917 5452 hoc
1944 5412 2074 5454 tem-

524 5496 648 5549 pore
682 5485 733 5533 in
768 5482 994 5534 medium
1031 5482 1273 5550 proferre
1315 5485 1593 5541 constitui.
1646 5486 1930 5557 Reliquum
1976 5492 2075 5543 erit

520 5564 732 5635 deinde,
785 5580 841 5624 ut
878 5571 1105 5645 aliquem
1142 5587 1205 5627 ex
1242 5582 1425 5630 nostro
1468 5592 1689 5633 numero
1718 5580 1996 5647 delegatis,
2042 5600 2068 5635 a

2178 4399 2259 4452 δτι
2312 4403 2680 4470 στενοχωρίαν
2738 4401 2982 4471 μεγάλην
3037 4401 3253 4472 ἔχουσιν
3304 4404 3360 4456 αί
3417 4404 3590 4474 χῶραι
3629 4405 3740 4457 τῶν

2183 4492 2406 4560 ’Ἄφρων
2442 4493 2515 4559 μὴ
2561 4492 2721 4560 μόνον
2764 4492 2955 4562 ἱερέων
2983 4496 3077 4546 καὶ
3111 4495 3451 4557 ἐπισκόπων,
3485 4496 3622 4550 ἀλλὰ
3645 4498 3735 4549 καὶ

2180 4580 2359 4631 αὐτῶν
2385 4579 2493 4632 τῶν
2523 4580 2807 4645 διακόνων,
2838 4582 2933 4633 καὶ
2970 4584 3256 4652 φροντίσαι
3296 4587 3548 4652 γενέσθαι
3599 4590 3733 4642 obto-

2180 4672 2374 4739 νομίαν
2401 4675 2477 4733 εἰς
2509 4670 2765 4741 βοήθειαν
2808 4672 2916 4726 τῶν
2947 4673 3314 4743 Χριστιανῶν.

2250 4852 2492 4905 ΖΩΝΑΡ.
2527 4852 2694 4906 Τοῦτο
2722 4856 2753 4923 ή
2782 4857 3029 4924 παροῦσα
3054 4856 3197 4925 λέγει
3224 4860 3440 4930 γραφή’
3468 4862 3548 4914 ὅτι
3592 4862 3741 4915 Ἐπί-

2184 4945 2402 5003 στασθε,
2429 4943 2670 5011 ἀδελφοὶ,
2698 4946 2797 5006 τὰς
2828 4946 3094 5014 ἀνάγκας,
3126 4947 3192 5011 ἀς
3219 4948 3402 5018 ἔχουσι
3458 4952 3629 5005 πᾶσαι
3680 4958 3737 5006 αἱ

2181 5035 2322 5085 κατά
2355 5035 2449 5102 τὴν
2491 5034 2759 5106 Ἀφρικὴν
2786 5038 3092 5107 ἐκκλησίαι.
3124 5041 3231 5092 Καὶ
3255 5043 3379 5093 ἐπεὶ
3426 5045 3661 5113 συνήχθη
3690 5048 3739 5098 εί

2180 5128 2273 5180 καὶ
2304 5128 2375 5197 μὴ
2411 5131 2558 5181 πᾶσα
2605 5132 2636 5195 ή
2690 5132 2927 5198 σύνοδος,
2972 5133 3109 5186 ἀλλά
3161 5151 3224 5201 γε
3273 5135 3376 5188 κάν
3438 5139 3496 5189 ἐν
3558 5138 3739 5208 μέρει,

2180 5220 2324 5271 δοκεῖ
2352 5238 2439 5289 μοι
2470 5222 2747 5291 προθεῖναι
2769 5225 2849 5286 είς
2884 5225 3046 5293 μέσον
3070 5228 3165 5288 τὰς
3189 5230 3444 5292 τοιαύτας
3472 5232 3740 5297 ἀνάγκας,

2180 5310 2244 5372 ἃς
2292 5314 2584 5379 ἐφρόντισα
2614 5316 2707 5365 καὶ
2738 5315 3050 5384 ἀνίχνευσα,
3083 5320 3254 5387 ἡγουν
3294 5322 3566 5389 ἐπιμελῶς
3614 5322 3742 5389 ἐζή-

2181 5421 2339 5473 τησα.
2382 5406 2697 5458 ’Δκόλουθον
2754 5407 2809 5458 δὲ
2872 5407 3048 5473 ἔσται,
3113 5412 3467 5475 ἐπιλέξασθαι
3542 5413 3635 5465 ἕνα
3686 5414 3746 5478 ἐξ

2183 5497 2367 5566 ἡμῶν,
2416 5496 2565 5557 ὅστις
2618 5498 2820 5557 ταύτας
2868 5501 3198 5570 ἀποκομίσει
3256 5502 3392 5571 πρὸς
3449 5504 3517 5557 τά
3566 5505 3743 5574 πέραν

2190 5591 2329 5660 μέρη
2367 5593 2463 5660 τῆς
2518 5589 2765 5659 Ἰταλίας,
2805 5592 2972 5661 ἦγουν
2999 5595 3299 5662 ἀπαγγελεῖ
3320 5594 3396 5665 τῷ
3420 5596 3618 5667 πάππα
3651 5598 3741 5651 καὶ
