4018 6310
209 370 317 432 237
1269 371 1351 431 ΙΝ
1390 370 1552 432 CAN.
1599 370 1728 430 LXI
1769 370 1974 432 CONC.
2008 367 2380 430 CARTHAG.
3337 359 3441 421 2'33

206 481 286 548 τῷ
331 482 676 537 Μεδιολάνων
701 484 800 554 τὴν
823 484 1067 553 ἀνάγκην
1101 485 1194 537 καὶ
1224 486 1318 536 τὸν
1355 485 1515 537 πόνον
1546 484 1642 536 καὶ
1671 484 1768 550 τὴν

1873 495 1978 549 quo
2019 485 2127 536 haec
2151 483 2200 535 in
2230 481 2436 534 ltaliam
2475 480 2805 540 deferantur,
2839 493 2929 532 seu
2976 493 3008 546 p
3046 491 3126 545 pa:
3152 483 3204 528 et
3231 471 3435 525 Medo-

202 571 418 626 ἔνδειαν
451 573 630 642 ήμῶν,
665 575 748 626 ὅτι
779 579 1019 644 τοσαύτη
1076 575 1195 626 ἐστὶ
1262 575 1544 645 κληρικῶν
1575 574 1770 633 ἔνδεια,

1877 571 2174 626 lanensium
2202 571 2452 639 episcotio
2497 580 2691 623 nostra:
2735 566 3094 632 difﬁcultates,
3141 565 3292 618 labor
3323 563 3439 616 inn-

200 662 349 715 ὥστε
435 665 626 716 πολλαὶ
704 664 990 735 ἐκκλησίαι
1043 664 1151 715 οὐδ’
1205 663 1300 716 ἓνα
1367 663 1631 727 διάκονον,
1669 661 1772 713 κᾶν

1874 664 2072 730 piaque
2104 661 2495 731 signiﬁcentur.
2528 661 2728 728 Nempe
2761 669 2958 713 tantam
3007 659 3148 726 apud
3183 670 3279 709 nos
3323 669 3438 709 esse

201 755 590 824 ἀγράμματον,
620 755 856 825 ἔχουσιν.
910 756 1035 808 Ἐἀν
1069 755 1126 806 δὲ
1154 754 1415 818 διάκονοι,
1452 753 1639 823 φησὶν,
1675 751 1771 803 οὐκ

1880 752 2197 806 clericorum
2251 752 2599 821 paucitatem,
2643 759 2700 803 ut
2736 750 2918 804 multae
2955 748 3195 802 ecclesia:
3224 761 3288 799 ne
3326 747 3441 799 dia-

203 846 450 913 εὒχερῶς
490 845 876 914 εὐρίσκωνται,
941 844 1266 914 σκοπητέον,
1312 845 1362 897 εί
1407 845 1455 895 οἱ
1509 841 1772 910 ἀνώτεροι

1872 856 2069 895 conum
2111 842 2347 909 quidem,
2399 845 2478 894 vel
2527 837 2882 903 illitteratum,
2934 840 3186 892 habeant.
3217 835 3366 902 Quod
3393 839 3434 887 si

205 928 431 997 βαθμοὶ,
491 930 660 1000 ἧγουν
719 931 1079 1002 πρεσϐύτεροι
1141 933 1235 984 καὶ
1309 931 1618 993 ἐπίσκοποι,
1682 930 1771 981 εὐ-

1882 930 2145 992 diaconis,
2182 930 2377 997 inquit,
2400 928 2736 981 inveniendis
2779 941 2948 994 usque
2983 929 3114 978 adeo
3143 923 3437 980 laboratur,

207 1017 566 1087 ρεθήσονται’
603 1022 686 1074 ὅτι
755 1025 880 1084 τοὺς
925 1023 1160 1094 θρήνους
1197 1023 1319 1084 τοὺς
1375 1019 1773 1089 καθημερινοὺς

1887 1017 2014 1087 quid
2045 1019 2109 1070 de
2150 1017 2516 1085 superioribus
2545 1016 2844 1075 ordinibus,
2886 1014 3253 1068 sacerdotibus
3287 1013 3439 1064 nimi-

202 1107 312 1157 τῶν
335 1107 500 1172 λαῶν,
535 1109 647 1162 τῶν
681 1111 865 1180 σχεδὸν
911 1113 973 1163 ὲκ
1021 1113 1121 1180 τῆς
1175 1112 1352 1180 λύπης
1400 1110 1765 1181 θνησκόντων,

1878 1123 1994 1161 rum
2015 1117 2067 1161 et
2093 1109 2359 1176 episcopis
2379 1107 2612 1160 futurum
2639 1106 2727 1166 sit,
2753 1104 3092 1173 cogitandum
3116 1120 3130 1166 ;
3161 1118 3333 1170 neque
3356 1117 3444 1153 Y0-

200 1198 259 1249 ού
295 1200 556 1268 φέρομεν.
596 1200 664 1252 Ἦ
705 1202 762 1253 δὲ
798 1200 940 1272 λύπη
987 1202 1216 1264 ἐκείνοις
1269 1197 1337 1271 ἦν
1397 1199 1480 1254 ὅτι
1538 1198 1762 1252 ἐπισκό-

1877 1213 1938 1252 ro
1969 1199 2310 1266 quotidianas
2332 1198 2645 1267 p0pulorum
2674 1195 3058 1267 querimonias,
3081 1195 3267 1246 'dolore
3309 1206 3443 1259 pene

201 1306 338 1351 πους
367 1291 465 1342 καὶ
510 1292 917 1362 πρεσϐυτέρους
977 1294 1076 1345 οὐκ
1115 1289 1282 1362 εἶχον,
1342 1289 1443 1358 οἷς,
1495 1292 1680 1362 φησὶν,
1728 1292 1775 1342 εἰ

1879 1291 2305 1353 tabescentium,
2368 1291 2506 1356 quod
2561 1289 2934 1354 episcoporum
2990 1294 3044 1338 et
3100 1284 3439 1337 sacerdotum

202 1381 279 1446 μὴ
318 1378 683 1450 βοηθήσομεν,
720 1382 1001 1453 βαρυτάτη
1039 1383 1263 1445 κόλασις
1294 1385 1572 1453 ἐκδέχεται
1623 1385 1771 1454 ἡμᾶς

1879 1382 2192 1436 ministeriis
2233 1379 2472 1434 destituti
2516 1379 2644 1441 sint,
2705 1378 2904 1432 diutius
2953 1392 2981 1428 a
3035 1375 3186 1428 nobis
3216 1373 3439 1442 perferri

198 1471 352 1537 παρά
386 1471 464 1540 τῷ
488 1471 604 1541 Θεῷ
637 1473 776 1542 ὑπὲρ
799 1473 906 1525 τῶν
930 1474 1316 1544 ἀπολλυμένων
1342 1474 1527 1545 ψυχῶν

1879 1487 2054 1541 posse.
2081 1473 2226 1538 Quos
2258 1472 2495 1541 quldem,
2529 1469 2724 1539 inquit,
2761 1469 2862 1522 nisi
2900 1468 3156 1535 adjuvare
3188 1469 3439 1526 nitamur.

1880 1561 2230 1615 acerbissima
2294 1560 2578 1628 supplicia,
2626 1562 2694 1613 ob
2743 1559 3042 1615 animarum
3105 1558 3441 1626 pereuntium

1879 1651 2166 1720 jacturam,
2200 1666 2296 1704 nos
2327 1665 2354 1703 a
2390 1650 2499 1704 Deo
2540 1664 2759 1702 manere
2784 1648 3073 1716 putandum
3108 1657 3208 1701 est.

790 1739 1027 1793 ΚΑΝΩΝ
1093 1739 1214 1794 ΞΑἎ

2462 1739 2688 1794 CANON
2724 1737 2852 1792 LXI.

203 1848 220 1879 ι
264 1829 432 1881 Ὥστε
459 1831 586 1892 τοὺς
622 1833 853 1902 μικροὺς
911 1834 1062 1902 παρά
1128 1835 1240 1896 τοῖς
1280 1838 1626 1898 Δονατιστατς
1670 1836 1766 1905 βα-

1888 1853 1902 1884 ι
1940 1833 2007 1888 Ut
2029 1834 2261 1901 parvuli,
2283 1834 2426 1902 quia
2467 1831 2760 1886 Donatistis
2784 1831 3146 1900 baptizantur,
3179 1833 3229 1883 in
3261 1831 3444 1884 catbo-

274 1937 292 1966 ι
337 1919 721 1985 πτιζομένους,
758 1922 817 1971 ὲν
842 1923 907 1990 τῇ
940 1921 1200 1992 καθολικῇ
1245 1924 1540 1995 Ἐκκλησία
1586 1925 1776 1995 κληρι-

1957 1945 1973 1974 ι
2009 1925 2108 1979 lica
2125 1923 2364 1978 Ecclesia
2380 1923 2560 1978 clerici
2580 1923 2916 1975 ordinentur.
2941 1921 3171 1974 Proinde
3190 1921 3445 1987 quoniam

273 2026 292 2058 ι
335 2009 467 2069 κοὺς
489 2012 946 2078 χειροτονεῖσθαι.
979 2011 1089 2078 Διδ,
1137 2013 1323 2084 ἐπειδὴ
1350 2017 1407 2066 ὲν
1435 2017 1501 2086 τῇ
1526 2016 1772 2086 ἀνωτέρα

1956 2032 1974 2065 ι
2012 2016 2064 2068 in
2091 2017 2368 2083 superiore
2401 2013 2604 2084 synodo
2641 2014 2913 2067 decretum
2944 2029 3062 2067 esse
3095 2027 3200 2065 una
3233 2027 3442 2065 mecum

271 2117 291 2148 ι
329 2099 530 2168 συνόδῳ
553 2101 616 2153 τὸ
646 2099 860 2169 ὁρισθὲν
891 2103 1164 2172 μέμνηται
1190 2103 1306 2174 ἅμα
1327 2107 1448 2174 ἐμοὶ
1474 2107 1506 2173 ἡ
1535 2106 1774 2176 ὑμετέρα

1958 2126 1974 2156 ι
2008 2115 2182 2161 vestra
2214 2105 2458 2158 meminit
2485 2104 2793 2159 concordia.
2821 2113 2878 2157 ut
2907 2105 3136 2173 parvuli,
3167 2104 3308 2173 quia
3339 2103 3443 2157 Do-

269 2208 287 2239 ι
327 2188 622 2260 ὁμοψυχία,
680 2190 822 2243 ὥστε
887 2194 1012 2255 τοὺς
1073 2195 1222 2262 παρά
1276 2197 1386 2256 τοῖς
1443 2196 1776 2259 δονατισταῖς

1958 2215 1974 2247 ι
2019 2196 2228 2250 natistis
2257 2196 2615 2264 baptizantur.
2646 2195 2854 2249 erroris
2884 2197 2965 2248 sui
3015 2195 3308 2263 perniciem
3350 2209 3443 2248 co-

271 2297 289 2330 ι
333 2283 563 2350 μικροὺς
633 2280 1068 2351 βαπτιζομένους
1150 2285 1375 2353 μηδέπω
1451 2284 1774 2356 δυναμένους

1956 2304 1973 2336 ι
2014 2299 2275 2356 gnoscere
2326 2299 2433 2337 non
2481 2285 2739 2347 valentes,
2774 2295 3057 2354 postquam
3109 2287 3175 2340 ad
3225 2293 3439 2340 aetatem

269 2387 287 2419 ι
329 2370 628 2438 γινώσκειν
657 2371 755 2440 τῆς
789 2372 1002 2443 πλάνης
1032 2374 1210 2428 αὐτῶν
1237 2375 1329 2428 τὸν
1354 2376 1598 2447 ὄλεθρον,
1635 2381 1774 2446 μετά

1956 2394 1972 2426 ι
2013 2375 2241 2429 rationis
2281 2388 2532 2443 capacem
2575 2375 2937 2444 pervenerint,
2985 2375 3166 2444 agnita
3196 2377 3440 2440 veritate,

271 2479 289 2511 ι
325 2462 387 2511 τὸ
445 2462 636 2530 κεῖραν
685 2462 951 2531 λογισμοῦ
1021 2464 1280 2534 δεκτικὴν
1347 2467 1772 2536 παραγενέσθαι,

1963 2487 1979 2519 ι
2010 2468 2223 2520 illorum
2265 2464 2666 2536 improbitatem
2705 2465 3058 2520 abhorrentes
3087 2466 3138 2519 in
3173 2465 3446 2521 universa-

274 2571 291 2600 ι
331 2552 766 2620 ἐπιγνωσθείσης
820 2553 918 2621 τῆς
970 2553 1263 2624 ἀληθείας,
1303 2557 1402 2626 τὴν
1461 2558 1773 2628 φαυλότητα

1955 2577 1969 2604 ι
2012 2555 2113 2608 lem
2153 2552 2247 2608 Dei
2291 2553 2607 2616 Ecclesnam,
2651 2569 2769 2622 qua:
2795 2569 2889 2623 per
2930 2556 3241 2609 universum
3288 2572 3443 2609 mun-

273 2659 292 2690 ι
334 2643 562 2694 ἐκείνων
613 2643 1068 2714 βδελυττομένους
1116 2650 1254 2716 προς
1318 2649 1418 2715 τὴν
1480 2649 1771 2720 καθολικὴν

1953 2660 1970 2693 ι
2018 2644 2142 2696 dum
2180 2642 2377 2696 diﬂ'usa
2417 2654 2517 2709 est,
2553 2646 2774 2712 antiquo
2803 2644 3011 2706 ordine,
3052 2659 3148 2712 per
3191 2660 3441 2698 manuum

274 2752 294 2784 ι
330 2734 428 2786 τοῦ
458 2733 594 2786 Θεοῦ
611 2733 961 2803 Ἐκκλησίαν,
989 2739 1088 2806 τὴν
1121 2739 1224 2788 ἀνά
1262 2741 1436 2792 πάντα
1461 2742 1550 2792 τὸν
1571 2741 1773 2809 κόσμον

1952 2752 1968 2782 ι
2003 2733 2397 2802 impositionem
2433 2733 2779 2802 recipiantur,
2807 2733 3091 2802 quominus
3134 2734 3440 2802 hujusmodi

281 2842 302 2874 ε
339 2824 772 2896 διακεχυμένην,
805 2825 954 2887 τάξει
984 2826 1188 2895 ἀρχαία
1239 2827 1324 2880 διὰ
1358 2827 1453 2896 τῆς
1479 2830 1772 2894 ἐπιθέσεως

1951 2843 1967 2873 ι
2017 2825 2068 2877 in
2093 2823 2383 2877 clericatus
2405 2822 2649 2876 ordinem
2701 2823 3066 2893 provehantur
3117 2822 3318 2876 erroris
3345 2837 3440 2875 no-

275 2936 293 2964 ι
331 2914 446 2966 τῶν
475 2914 679 2983 χειρῶν
702 2915 1086 2984 ἀναδεχθῆναι,
1112 2918 1236 2980 τοὺς
1284 2919 1557 2982 τοιούτους
1587 2921 1649 2974 ὲκ
1676 2921 1769 2974 τοῦ

1953 2932 1969 2964 ι
2012 2915 2153 2967 mine
2180 2912 2428 2982 impediri
2458 2927 2566 2967 non
2599 2912 2797 2967 debent
2825 2929 2839 2967 :
2871 2913 3088 2981 quando
3119 2927 3297 2966 veram
3341 2911 3441 2968 Ec-

269 3024 288 3054 ι
328 3005 429 3074 τῆς
455 3006 666 3074 πλάνης
718 3006 982 3073 ὀνόματος
1007 3008 1083 3078 μὴ
1117 3007 1352 3076 ὀφείλειν
1383 3011 1770 3080 ἐμποδίζεσθαι

1950 3027 1968 3059 ι
2004 3010 2224 3063 clesiam
2271 3022 2423 3062 suam
2458 3007 2728 3077 propriam
2763 3007 3148 3062 existimarunt
3182 3009 3246 3061 ad
3285 3005 3440 3061 ﬁdem

273 3114 290 3144 ι
329 3095 408 3156 είς
435 3095 589 3158 τάξιν
618 3095 972 3165 κληρώσεως,
1008 3097 1209 3149 ὁπόταν
1236 3097 1330 3169 τὴν
1355 3099 1613 3171 ἀληθινὴν
1649 3103 1770 3154 Ἐκ·
1800 3138 1846 3195 C

1955 3118 1971 3148 ι
2016 3101 2352 3162 accedentes,
2382 3107 2437 3152 et
2469 3099 2521 3152 in
2551 3097 2664 3166 ipsa
2696 3097 2916 3153 Christo
2949 3098 3236 3152 credentes
3263 3096 3443 3149 Trini-

275 3204 294 3236 ι
335 3186 570 3256 κλησίαν
644 3187 780 3240 ίδίαν
832 3186 1012 3240 αὐτῶν
1075 3189 1386 3256 ἑλογίσαντο
1456 3193 1522 3262 τῇ
1593 3192 1770 3245 πίστει
1801 3179 1843 3195 υ

1951 3209 1968 3239 ‹
2005 3191 2128 3244 tatis
2157 3198 2496 3243 sacramenta
2541 3197 2915 3256 susceperunt.
2938 3187 3066 3252 Quae
3090 3187 3304 3256 quidem
3326 3203 3441 3240 om-

276 3293 291 3325 ι
335 3276 798 3344 προσερχόμενοι,
829 3276 925 3327 καὶ
945 3277 1004 3328 ἐν
1029 3277 1164 3346 αὐτῇ
1204 3277 1279 3347 τῷ
1305 3279 1525 3349 Χριστῷ
1553 3281 1772 3332 πιστεύ-

1959 3300 1975 3331 ι
2017 3282 2103 3333 nia
2132 3294 2258 3334 vera
2288 3288 2341 3333 et
2375 3289 2566 3332 sancta
2594 3286 2647 3332 et
2673 3279 2851 3332 divina
2878 3292 2998 3332 esse
3027 3277 3230 3332 clarum
3257 3286 3361 3343 est,
3385 3291 3438 3332 et

272 3384 288 3416 ι
331 3383 526 3428 σαντες
562 3367 661 3436 τῆς
699 3366 929 3438 Τριάδος
969 3369 1038 3420 τά
1076 3369 1394 3437 ἀγιάσματα
1422 3371 1767 3434 ὑπεδέξαντο.

1967 3389 1984 3421 ι
2032 3371 2084 3424 in
2135 3371 2202 3424 iis
2242 3383 2457 3424 omnem
2508 3383 2658 3437 spem
2699 3367 2890 3422 anima:
2927 3383 3048 3424 esse
3093 3369 3275 3423 sitam.
3312 3368 3438 3423 Etsi

267 3475 288 3508 ι
329 3440 530 3511 ’Δτινα
564 3457 747 3511 πάντα
792 3458 966 3527 ἀληθῇ
999 3459 1091 3511 καὶ
1131 3459 1262 3526 ἆγια
1319 3460 1412 3512 καὶ
1473 3460 1591 3513 θεῖα
1628 3458 1766 3515 εἶναι

1951 3480 1968 3512 ι
2009 3463 2242 3516 maxime
2270 3476 2398 3532 ergo
2429 3462 2592 3515 etiam
2619 3460 2990 3514 haereticorum
3014 3461 3324 3528 praeedens
3348 3475 3437 3513 au-

273 3565 292 3599 ι
331 3548 494 3616 δῆλόν
526 3551 668 3611 ἐστι,
725 3551 821 3601 καὶ
847 3552 903 3601 ὲν
927 3548 1136 3612 τούτοις
1166 3551 1344 3602 πᾶσαν
1379 3552 1478 3620 τὴν
1520 3553 1618 3622 τῆς
1666 3552 1768 3621 ψυ·

1951 3572 1968 3603 ‹
2007 3552 2158 3608 dacia
2191 3551 2257 3607 ad
2286 3553 2529 3620 quaedam
2561 3553 2836 3605 contraria
2874 3555 2971 3607 sub
3003 3553 3221 3606 nomine
3246 3552 3440 3607 verita-

271 3657 290 3686 σ
331 3638 438 3706 ﬁt;
467 3637 658 3691 ἐλπίδα
689 3638 980 3710 ὑπάρχειν.
1009 3641 1130 3693 Κᾶν
1156 3641 1204 3692 εί
1257 3640 1326 3693 τὰ
1385 3642 1619 3710 μάλιστα
1676 3639 1770 3697 οὖν

1949 3662 1965 3694 ι
2011 3644 2078 3697 tis
2122 3642 2379 3697 tradenda
2428 3649 2676 3712 prompta
2726 3642 2833 3706 sit;
2893 3656 2957 3695 ea
3005 3642 3262 3709 quoniam
3315 3654 3439 3695 sunt

272 3746 292 3778 ι
328 3728 426 3778 καὶ
467 3730 500 3793 ἡ
538 3727 651 3779 τῶν
701 3728 995 3798 αἱρετικῶν
1047 3728 1423 3798 προληφθεῖσα
1473 3732 1646 3802 τόλμα
1693 3735 1769 3801 τῷ

1950 3755 1967 3786 ι
2007 3734 2293 3803 simplicia,
2330 3742 2389 3786 ut
2428 3733 2589 3787 docet
2627 3742 2848 3787 sanctus
2893 3731 3181 3801 Apostolus
3211 3734 3436 3788 dicens:

272 3837 289 3869 ι
328 3817 558 3886 ὀνόματι
604 3819 705 3887 τῆς
741 3818 998 3889 ἀληθείας
1028 3820 1415 3893 ὲναντιούμενά
1440 3840 1562 3876 τινα
1591 3840 1769 3893 παρα-

1951 3845 1966 3875 ι
2007 3824 2159 3880 Unus
2195 3823 2355 3889 Deus,
2401 3838 2509 3878 una
2559 3821 2710 3889 lides,
2752 3838 2914 3877 unum
2954 3824 3219 3893 baptisma
3257 3841 3271 3890 ;
3327 3843 3346 3875 ι
3388 3836 3440 3877 ει

272 3926 292 3960 ι
335 3910 536 3962 διδόναι
574 3912 994 3981 προπετεύεται,
1015 3913 1187 3967 ταῦτα
1218 3915 1404 3986 ἐπειδὴ
1428 3915 1575 3969 ἀπλᾶ
1599 3919 1765 3980 ἐστιν,

1951 3937 1968 3969 ι
2003 3917 2144 3986 quod
2176 3916 2334 3970 debet
2362 3915 2525 3970 semel
2557 3916 2692 3978 dari,
2722 3930 2828 3970 non
2868 3915 2994 3970 licet
3029 3925 3217 3969 rursus
3240 3917 3435 3984 recipi;

273 4019 292 4052 ι
329 4000 660 4063 ὡςδιδάσκει
681 4004 707 4054 ό
725 4001 879 4069 ἅγιος
894 4003 1236 4068 ’Δπόστολος,
1256 4005 1448 4074 λέγων,
1475 4027 1492 4059 ι
1507 4005 1598 4071 Εἷς
1615 4008 1766 4072 Θεὸς,

1949 4027 1965 4057 ι
2009 4005 2462 4060 anathematizato
2501 4006 2703 4058 erroris
2736 4002 2972 4070 nomine,
3005 4020 3101 4072 per
3124 4020 3312 4081 manus
3339 4009 3439 4058 im-

274 4111 290 4141 ι
346 4091 446 4160 μία
473 4091 680 4155 πίστις,
743 4091 802 4143 ἓν
860 4093 1212 4165 βάπτισμα.»
1275 4098 1382 4149 Καὶ
1434 4097 1492 4149 τὺ
1554 4100 1768 4166 ὀφεῖλον

1954 4118 1969 4148 ι
2003 4096 2327 4168 positionem
2352 4100 2402 4150 in
2433 4111 2591 4149 unam
2626 4095 2767 4148 illam
2803 4095 3095 4150 Eeclesiam
3131 4097 3437 4164 suscipian-

274 4199 292 4230 ι
338 4181 633 4252 προσάπαξ
661 4182 918 4248 δίδοσθαι,
949 4185 1510 4256 ὲπαναληφθῆναιούκ
1537 4187 1767 4250 ἔξεστιν,

1949 4209 1964 4239 ι
2002 4202 2265 4257 umqum,
2312 4189 2590 4241 utdictum
2619 4197 2724 4250 est,
2756 4185 3002 4241 columba
3038 4198 3091 4241 et
3115 4188 3226 4241 sola
3273 4199 3439 4240 mater

273 4289 290 4322 ι
334 4271 880 4341 ἀναθεματιζομένου
943 4273 1034 4324 τοῦ
1088 4277 1188 4346 τῆς
1248 4277 1453 4346 πλάνης
1507 4277 1779 4345 ὀνόματος-

1949 4301 1965 4331 (
2007 4281 2459 4342 Christianorum,
2494 4282 2543 4331 in
2565 4294 2687 4357 qua.
2710 4279 2889 4331 omnia
2933 4287 3273 4331 sacramenta
3298 4280 3440 4330 salu-

269 4381 286 4411 ι
322 4363 412 4414 διὰ
471 4362 574 4429 τῆς
633 4363 932 4426 ἐπιθέσεως
984 4365 1092 4418 τῶν
1148 4368 1347 4437 χειρῶν
1402 4368 1767 4438 ἀναδεχθῶσιν

1953 4389 1969 4421 ι
2006 4372 2192 4424 tariter
2220 4381 2420 4423 aeterna
2443 4378 2496 4421 et
2525 4369 2734 4421 vivitica
2765 4367 3137 4436 accipiuntur,
3179 4381 3296 4434 quae
3319 4368 3438 4432 qui-

274 4473 291 4502 ι
332 4457 409 4514 είς
429 4453 528 4522 τὴν
559 4453 687 4523 μίαν
737 4454 1084 4524 Ἐκκλησίαν,
1116 4459 1253 4528 sti-1v;
1274 4458 1348 4520 ὡς
1377 4459 1615 4527 εἴρηται,
1668 4478 1766 4512 πε·
1802 4465 1843 4520 D

1950 4481 1967 4512 ι
2012 4464 2130 4516 dem
2161 4462 2246 4524 iis,
2277 4461 2370 4528 qui
2413 4469 2628 4514 manent
2652 4459 2705 4512 in
2753 4460 2968 4525 lmresi,
2998 4473 3242 4527 magnam
3291 4472 3398 4528 prae
3421 4487 3437 4498 -

281 4564 292 4593 t
334 4546 594 4615 ριστεράν
627 4547 720 4598 καὶ
752 4547 918 4615 μόνην
944 4549 1155 4617 μητέρα
1183 4549 1290 4600 τῶν
1319 4551 1683 4619 Χριστιανῶν,
1713 4553 1769 4603 ὲν

1950 4571 1965 4602 ι
2003 4554 2133 4605 bent
2204 4551 2668 4604 condemnationis
2720 4565 2970 4619 poenam,
3025 4558 3084 4602 ut
3124 4549 3264 4617 quod
3321 4558 3435 4600 erat

273 4657 289 4685 ι
400 4638 578 4688 πάντα
605 4636 673 4689 τὰ
704 4636 1024 4706 ἀγιάσματα
1077 4639 1433 4709 σωτηριωδῶς
1454 4640 1647 4693 αἰώνια
1677 4643 1770 4695 καὶ

1947 4662 1964 4694 ι
2006 4643 2138 4711 ipsis
2176 4643 2228 4695 in
2278 4643 2500 4696 veritate
2545 4641 2609 4694 ad
2637 4643 2796 4693 vitam
2835 4650 3091 4695 aeternam
3128 4640 3323 4693 clarius
3349 4655 3436 4694 se-

272 4744 290 4773 ι
334 4725 545 4785 ζωτικά
576 4725 1118 4793 παραλαμβάνονται,
1153 4731 1310 4780 ἀτινα
1339 4732 1450 4792 τοῖς
1485 4731 1772 4799 ἐπιμένου-

1945 4755 1961 4784 ‹
2005 4734 2300 4803 quendum,
2330 4735 2432 4787 hoc
2467 4735 2637 4787 sitcis
2671 4735 2721 4785 in
2754 4748 2940 4788 errore
2968 4733 3357 4786 tenebricosius
3386 4742 3440 4784 et

271 4835 288 4865 ι
330 4833 416 4866 σιν
465 4817 522 4866 ὲν
553 4818 617 4886 τῇ
655 4817 865 4884 αἱρέσει
901 4819 1146 4886 μεγάλην
1198 4818 1296 4887 τῆς
1328 4821 1626 4890 καταδίκης
1678 4822 1773 4892 τὴν

1948 4843 1964 4874 ι
2007 4824 2176 4890 magis
2211 4823 2647 4875 condemnatum.
2677 4821 2806 4885 Quae
2836 4823 3052 4889 quidem
3096 4822 3329 4875 nonnulli
3366 4828 3439 4874 vi-

273 4923 288 4954 t
323 4906 598 4975 τιμωρίαν
635 4908 971 4976 πορίζουσιν,
994 4909 1078 4961 Eva
1106 4909 1245 4978 ὅπερ
1276 4905 1343 4980 ἦν
1389 4912 1575 4971 αὐτοῖς
1607 4913 1663 4964 ὲν
1703 4917 1767 4982 τῇ

1955 4935 1971 4965 ι
2020 4921 2222 4978 larunt,
2246 4924 2301 4967 et
2327 4910 2580 4968 Ecclesiae.
2603 4913 2883 4966 catholica:
2911 4915 3099 4969 matris
3125 4917 3305 4983 agnita
3349 4927 3440 4964 ve-

275 5015 289 5047 ι
331 4997 564 5069 ἀληθείᾳ
594 4997 733 5068 πρὸς
769 4997 870 5069 τὴν
913 4998 1132 5052 αἰώνιον
1177 5001 1320 5070 ζωὴν
1376 5002 1768 5073 ἀκολουθητέον

1952 5025 1968 5056 ι
2010 5007 2187 5069 ritate,
2226 5005 2404 5058 omnia
2453 5003 2543 5056 illa
2589 5013 2771 5057 sancta
2830 5005 3085 5074 mysteria
3137 5019 3164 5055 a
3218 5003 3439 5057 veritate

270 5104 288 5134 ι
329 5087 765 5158 φωτεινοτέρως,
830 5087 993 5146 τοῦτο
1045 5087 1272 5156 γίνηται
1334 5091 1529 5153 αὐταῖς
1578 5095 1637 5144 ὲν
1695 5095 1761 5162 τῇ

1951 5115 1967 5145 ι
2007 5093 2167 5151 illecti
2211 5095 2558 5150 crediderunt
2599 5103 2652 5147 et
2697 5105 3075 5163 susceperunt.
3129 5095 3198 5149 lis
3233 5097 3440 5162 quanJu

275 5197 292 5226 ι
335 5177 515 5247 πλάνῃ
553 5177 958 5248 σκοτεινότερον
998 5181 1088 5233 καὶ
1116 5182 1277 5233 πλέον
1304 5181 1770 5253 καταδεδικασμέ-

1952 5206 1969 5237 ‹
2025 5188 2176 5241 bona:
2223 5189 2345 5242 vita:
2383 5186 2629 5256 probatio
2676 5186 2988 5246 accesserit,
3033 5200 3138 5237 non
3185 5185 3341 5237 dubie
3390 5193 3439 5234 et

278 5287 291 5317 ι
329 5285 444 5320 νον.
471 5268 652 5336 Ὅπερ
680 5268 824 5330 τινὲς
886 5269 1106 5336 ἔφυγον,
1159 5271 1254 5323 καὶ
1301 5273 1400 5341 τῆς
1443 5273 1765 5342 Ἐκκλησίας

1955 5296 1970 5326 ι
2015 5279 2222 5348 integre
2265 5281 2329 5333 ad
2356 5284 2815 5332 sacramentorum
2852 5276 3202 5328 ministerium
3256 5273 3442 5327 conﬁr-

275 5377 291 5406 ι
337 5359 438 5425 τῆς
454 5357 746 5427 καθολικνῖκ
771 5360 975 5429 μητρὸς
989 5361 1056 5412 τὰ
1082 5360 1348 5416 εὐθύτατα
1365 5367 1390 5416 ὲ
1402 5366 1764 5432 πεγνωκότες,

1953 5387 1969 5419 ι
2003 5376 2326 5423 tuebuntur:
2350 5380 2403 5423 et
2434 5368 2740 5422 masimein
2769 5377 2914 5419 tanta
2940 5381 3116 5419 rerum
3150 5363 3441 5418 necessita-

275 5468 291 5497 ι
327 5449 505 5502 πάντα
535 5451 722 5501 ἐκεῖνα
755 5450 824 5501 τὰ
873 5448 1003 5516 ἆγια
1055 5452 1332 5520 μυστήρια
1400 5455 1607 5526 φίλτρῳ
1669 5456 1766 5525 τῆς

1955 5479 1970 5510 ι
2020 5471 2070 5514 ιε
2097 5476 2252 5514 nemo
2276 5471 2354 5515 est
2383 5461 2473 5529 qui
2506 5461 2607 5513 hoc
2635 5475 2740 5512 non
2769 5458 3046 5511 concedat.
3081 5455 3240 5526 595
3266 5455 3325 5508 Si
3353 5458 3439 5521 qni

270 5558 286 5589 ι
329 5536 586 5598 ἀληθείας
641 5537 969 5591 ἐπίστευσαν
1047 5537 1146 5590 καὶ
1225 5539 1570 5605 ὑπεδέξαντο.
1641 5540 1766 5604 Τοῖς

1957 5570 1972 5601 ι
2016 5563 2191 5606 autem
2221 5553 2376 5621 hujus
2420 5551 2685 5621 dogmatis
2717 5550 2896 5604 clerici
2934 5562 3056 5604 cum
3107 5545 3443 5599 multitudine

305 5729 352 5758 ⁸³
385 5726 585 5797 Eplies.
623 5743 696 5782 tv.
733 5728 788 5781 5.
