4018 6310
580 376 684 438 239

657 601 673 631 ι
714 581 801 648 qui
831 577 1042 647 quidem
1085 584 1300 643 propter
1326 574 1546 628 honoris
1591 587 1826 625 amorem
1865 573 1929 626 ad
1968 574 2132 626 vitam

656 690 673 722 ι
704 670 950 733 suadent,
994 677 1048 721 et
1097 668 1162 718 ad
1212 664 1439 718 salutem
1488 663 1721 718 retinent
1762 664 1905 717 :hoc
1950 665 2136 731 utique

656 785 673 816 ι
732 761 931 829 majore
988 760 1365 829 Praedictorum
1418 754 1641 809 fratrum
1690 754 2012 809 sententiam
2060 752 2137 806 fe-

658 875 675 905 ι
726 853 956 907 rentium
1009 846 1362 914 intelligentia
1408 842 1971 913 comprehendendum
2017 858 2139 897 esse

658 964 674 994 ι
713 942 984 1003 existimo,
1040 950 1096 992 ut
1143 937 1467 1006 sapientiore
1518 947 1616 987 suo
1664 931 1891 985 consilio
1941 937 2140 983 nostrae

660 1054 675 1085 ι
713 1034 984 1087 relationis
1025 1031 1286 1084 rationem
1331 1025 1666 1087 discernant,
1698 1032 1752 1077 et
1792 1035 1890 1075 nos
1940 1018 2136 1073 confir-

662 1143 680 1176 ι
715 1138 860 1179 mare
902 1123 1185 1191 dignentur
1210 1118 1275 1171 ad
1310 1118 1360 1171 id
1384 1114 1525 1185 quod
1565 1129 1595 1168 a
1646 1114 1799 1166 nobis
1852 1110 1917 1165 de
1969 1124 2031 1164 ea
2085 1123 2142 1162 re

660 1235 678 1268 ‹
717 1214 1053 1271 statuendum
1089 1216 1191 1265 est.
1239 1208 1423 1263 Solum
1459 1214 1635 1259 autem
1694 1206 1756 1258 de
1803 1203 1889 1267 iis,
1936 1202 2026 1271 qui
2086 1200 2141 1253 in

664 1325 680 1358 ι
714 1304 935 1359 infantia
966 1300 1222 1369 baptizati
1260 1306 1406 1360 sunt,
1461 1296 1592 1350 satis
1650 1294 1929 1356 habemus,
1976 1300 2058 1355 ut,
2096 1289 2143 1343 si

664 1416 681 1448 ι
718 1396 847 1465 ipsis
884 1394 1079 1462 placet,
1130 1388 1409 1445 sententiae
1439 1395 1635 1439 nostra
1677 1382 2019 1437 consentiant
2079 1380 2144 1433 de

663 1508 681 1539 ι
721 1487 787 1541 iis
824 1480 1158 1540 ordinandis.
1183 1477 1375 1533 Omnia
1399 1491 1546 1546 ergo,
1581 1490 1699 1544 quae
1726 1474 1973 1542 superius
2000 1469 2141 1538 apud

665 1599 683 1628 ι
725 1576 1091 1631 sanctissimos
1152 1569 1428 1639 episcopos
1484 1566 1832 1635 collegimus,
1898 1560 2145 1617 facienda

665 1688 684 1722 ι
720 1682 838 1722 esse
850 1679 1060 1733 aequum
1080 1671 1260 1719 censet
1286 1673 1389 1715 una
1416 1672 1623 1713 mecum
1647 1665 1821 1712 vestra
1844 1652 2143 1711 veneranda

666 1778 685 1811 ι
723 1757 1047 1813 fraternitas.
1085 1772 1105 1806 ι

673 2410 861 2466 BALS.
889 2418 941 2464 et
982 2404 1231 2463 ZONAR.
1277 2404 1514 2458 Donatus
1544 2401 1763 2470 quidam
1810 2397 2023 2453 nomine
2051 2396 2151 2453 fuit

604 2513 785 2557 auctor
816 2501 1052 2560 haeresis,
1082 2496 1173 2565 qui
1202 2510 1303 2549 non
1344 2494 1476 2548 alias
1509 2493 1808 2546 divinorum
1842 2502 1964 2544 esse
2036 2503 2148 2557 my-

601 2590 883 2648 steriorum
929 2587 1237 2657 participem
1282 2583 1527 2646 docebat,
1581 2581 1683 2634 nisi
1740 2593 1799 2633 os
1832 2581 1884 2632 in
1934 2590 2150 2631 manum

604 2696 787 2740 tenens
816 2682 914 2735 hoc
942 2678 1089 2749 prius
1120 2674 1415 2737 salutaret,
1468 2681 1519 2726 et
1573 2672 1653 2726 sic
1704 2667 2149 2724 communicaret.

602 2775 750 2828 illius
801 2786 928 2841 ergo
959 2766 1204 2823 haeresim
1248 2773 1529 2830 sequentes
1584 2760 1997 2814 nominabantur
2048 2755 2152 2810 Do-

605 2843 829 2916 natistae.
864 2859 936 2911 De
969 2856 1036 2911 iis
1058 2868 1206 2924 ergo,
1241 2861 1297 2905 ut
1324 2853 1374 2905 in
1408 2864 1613 2905 canone
1638 2849 1704 2902 Π
1760 2848 1920 2917 hujus
1967 2847 2155 2917 synodi

604 2949 803 3005 dictum
838 2955 941 3009 est,
970 2946 1141 2998 visum
1172 2950 1257 2995 est
1286 2940 1533 2994 Patribus
1566 2940 1893 3006 interrogare
1917 2976 1932 3002 ,
1969 2950 2035 2989 an
2076 2938 2158 2990 ln-

610 3039 781 3095 fantes
801 3051 1011 3098 eorum,
1039 3035 1130 3103 qui
1174 3030 1428 3098 baptizati
1471 3030 1684 3083 fuerant
1727 3042 1757 3080 a
1808 3027 2153 3095 parentibus,

609 3129 697 3196 qui
722 3136 872 3182 erant
900 3125 998 3193 ipsi
1047 3122 1358 3183 Donatistae,
1395 3120 1585 3172 deinde
1619 3132 1646 3170 a
1673 3115 1932 3171 catholiéa
1970 3117 2156 3169 Eccle-

609 3219 687 3271 sia
722 3213 951 3281 suscepti
986 3217 1129 3273 sunt,
1164 3208 1228 3263 ad
1259 3206 1652 3261 ordinationem
1687 3221 1898 3274 quoque
1928 3206 1978 3257 in
2013 3204 2156 3257 clero

604 3294 931 3376 suscipiendi
961 3306 1071 3358 sint
1098 3340 1112 3366 ,
1148 3315 1215 3353 an
1246 3298 1393 3352 non?
1424 3296 1537 3350 Hoc
1561 3310 1689 3366 ergo
1733 3310 1919 3349 rursus
1948 3310 2156 3363 quoque

611 3396 896 3450 introducit
927 3390 1190 3460 synodus,
1218 3400 1268 3442 et
1291 3388 1392 3441 fert
1421 3388 1742 3441 sententiam
1766 3423 1783 3449 ,
1816 3386 1959 3453 quod
1988 3400 2018 3439 a
2056 3383 2156 3439 Do-

607 3484 826 3538 natistis
898 3482 950 3533 in
1000 3479 1225 3532 infantia
1277 3477 1569 3545 baptizati,
1626 3484 1683 3529 ut
1729 3475 1818 3543 qui
1875 3486 2000 3528 tunc
2053 3489 2156 3529 non

613 3572 882 3642 potuerint
914 3571 1111 3624 erroris
1142 3569 1433 3636 perniciem
1461 3579 1749 3634 agnoscere
1776 3581 1791 3630 ;
1844 3565 2053 3632 quando
2094 3564 2159 3616 ad

614 3674 819 3716 atatem
848 3658 1091 3719 rationis,
1130 3660 1231 3711 hoc
1253 3666 1352 3710 est.
1390 3656 1686 3723 prudentiae
1737 3667 1982 3723 capacem
2038 3669 2159 3721 per-

612 3753 876 3814 venerint,
906 3758 960 3802 ut
991 3748 1198 3817 possint
1230 3746 1505 3801 veritatem
1537 3745 1837 3813 intelligere
1860 3755 1911 3798 et
1950 3743 2160 3796 illorum

617 3842 1004 3911 improbitatem
1034 3837 1209 3892 odisse
1247 3852 1260 3887 :
1291 3837 1331 3887 si
1362 3834 1428 3887 ad
1467 3833 1745 3888 ecclesiam
1794 3834 2116 3888 accesserint
2144 3872 2159 3897 ,

618 3934 652 3986 ii
678 3946 769 4001 per
814 3942 1064 3982 manuum
1115 3925 1506 3994 impositionem
1559 3922 1920 3992 suscipiantur
1978 3923 2163 3976 ordine

618 4021 844 4089 quodam
871 4028 923 4072 et
956 4032 1020 4071 ex
1047 4014 1217 4068 forma
1247 4020 1501 4080 antiqua;
1553 4020 1606 4090 et
1657 4027 1760 4063 non
1808 4012 2165 4079 impediantur

618 4107 901 4178 quominus
936 4106 988 4158 in
1022 4105 1221 4178 clerum
1255 4103 1625 4164 admittantur,
1656 4102 1868 4155 Christo
1892 4116 2022 4169 pure
2051 4116 2164 4156 cre-

618 4201 821 4259 dentes,
845 4204 896 4248 et
925 4204 1122 4246 sancta
1155 4192 1437 4246 Trinitatis
1489 4198 1823 4246 sacramenta
1876 4206 1970 4244 seu
2027 4191 2163 4244 tlona

621 4286 797 4339 divina
831 4284 1203 4351 suscipientes,
1237 4295 1355 4348 quae
1408 4290 1534 4334 sunt
1597 4294 1793 4347 corpus
1849 4288 1902 4332 et
1949 4281 2166 4347 sanguis

620 4377 779 4429 unius
804 4384 998 4427 sanctae
1028 4370 1328 4431 Trinitatis,
1363 4377 1414 4423 et
1442 4382 1567 4422 vera
1609 4379 1661 4421 et
1706 4378 1890 4422 saneta
1946 4369 2102 4421 nobis
2136 4382 2164 4420 a

624 4466 905 4520 Servatore
941 4459 1454 4528 tradita,quietiam
1517 4473 1546 4511 a
1593 4456 1753 4511 Patre
1806 4459 1872 4510 ad
1928 4468 2165 4511 nostram

622 4556 843 4609 salutem
908 4552 1105 4604 missus
1150 4559 1268 4610 est,
1322 4546 1654 4600 sanctiﬁcata
1709 4557 1884 4599 autem
1937 4548 2166 4601 adventu

624 4644 791 4697 sancti
824 4640 1076 4708 Spiritus.
1116 4637 1205 4690 Sic
1236 4635 1379 4689 enim
1422 4643 1713 4689 censentur
1758 4633 2035 4689 Trinitatis
2086 4651 2168 4689 sa-

624 4739 910 4785 cramenta.
947 4727 1167 4795 Quando
1195 4742 1322 4796 ergo
1345 4766 1359 4791 ,
1395 4726 1674 4795 inquiunt,
1719 4726 2083 4791 crediderint,
2116 4737 2167 4781 et

620 4830 948 4875 sacramenta
981 4819 1321 4887 susceperint
1364 4855 1379 4879 ,
1412 4817 1458 4871 si
1516 4818 1627 4869 vita
1678 4832 1889 4886 quoque
1935 4818 2166 4885 ipsorum

620 4911 919 4962 examinata
945 4909 1082 4961 bona
1120 4906 1335 4959 iuventa
1367 4906 1551 4969 fuerit,
1579 4908 1759 4961 clerici
1806 4908 1965 4962 etiam
2019 4909 2164 4962 fient.

626 5000 697 5052 De
722 5000 819 5051 hac
849 5011 975 5065 ergo
1008 4995 1291 5049 infantium
1328 5010 1488 5050 causa
1514 5005 1567 5049 et
1600 5011 1629 5049 a
1674 5009 1806 5063 papa
1836 5007 1889 5049 et
1910 5013 1937 5049 a
1969 4997 2167 5053 Medio-

622 5079 917 5140 lanen'sium
952 5085 1200 5151 episcopo
1225 5084 1564 5152 petiverunt,
1592 5100 1657 5138 an
1690 5084 1768 5139 eis
1801 5087 1875 5140 ita
1904 5087 2163 5141 videatur.

621 5176 675 5229 Si
704 5175 1027 5244 qui,autcm,
1054 5174 1324 5241 inquiunt,
1355 5175 1755 5231 Donatistarum
1805 5178 2007 5241 clerici,
2043 5196 2163 5232 cum

619 5264 808 5332 populo
838 5263 925 5331 qui
953 5272 1037 5316 est
1061 5264 1197 5333 apud
1228 5264 1371 5331 ipsos
1392 5304 1407 5329 ,
1433 5276 1487 5320 et
1518 5266 1707 5321 iisdem
1755 5268 2047 5321 honoribus
2073 5283 2162 5323 seu

620 5353 888 5419 grauibus,
948 5352 1113 5407 velint
1162 5356 1228 5405 ad
1283 5355 1440 5407 tidem
1479 5354 1833 5409 orthodoxam
1866 5359 2163 5422 accedere;

617 5442 706 5510 qui
741 5443 950 5507 quidem
978 5444 1155 5498 clerici
1191 5443 1431 5498 volentes
1468 5447 1628 5498 etiam
1668 5448 1803 5515 apud
1834 5448 2163 5503 orthodoxos

617 5535 668 5587 in
704 5547 800 5588 suo
830 5534 1030 5589 honore
1055 5549 1393 5603 permanere,
1418 5537 1701 5591 consulunt
1732 5540 1940 5607 populo,
1964 5541 2054 5609 qui
2089 5541 2165 5594 eis

617 5624 817 5687 subest,
851 5637 912 5677 ea
947 5640 1065 5691 quae
1119 5627 1184 5677 ad
1245 5627 1408 5678 vitam
1456 5634 1511 5678 et
1570 5627 1791 5681 salutem
1839 5630 2159 5696 pertinent:

616 5712 745 5781 quid
776 5712 855 5767 eis
888 5711 1184 5769 faciendum
1210 5726 1288 5770 est
1313 5716 1335 5767 'I
1365 5714 1469 5770 Sed
1498 5715 1625 5784 hoc,
1661 5720 1926 5787 inquiunt,
1954 5736 1982 5772 a
2009 5722 2163 5776 dictis

1829 368 2107 429 THEOD.
2145 365 2545 427 BALSAMON

654 506 673 537 ‹
703 493 757 542 et
781 485 981 552 eisdem
1014 482 1307 537 honoribus
1349 483 1415 536 ad
1445 495 1542 536 nos
1582 482 1767 535 venire
1806 482 2136 545 desiderant,
2165 494 2213 551 Α

2322 499 2338 531 ι
2377 480 2658 542 τοιούτοις,
2702 476 2825 531 ὅταν
2848 477 3042 547 δοκιμὴ
3064 479 3300 548 χρηστοῦ
3339 477 3453 547 βίου
3487 477 3800 546 προσέλθοι,

2316 590 2331 620 ι
2366 568 2749 639 ἀναμφιϐόλως
2774 570 2866 620 καὶ
2886 570 3192 639 ὁλοκλήρως
3217 569 3349 639 πρὸς
3367 567 3665 636 ὑπουργίαν
3686 564 3807 617 τῶν

2317 680 2335 711 ι
2374 661 2545 728 ἁγίων
2573 660 3130 729 προσκυρωθήσεται·
3177 660 3271 711 καὶ
3327 658 3563 728 μάλισῖα
3622 660 3678 709 ὲν
3729 658 3806 723 τῇ

2316 770 2333 801 ι
2374 749 2609 819 τοσαύτῃ
2630 749 2738 801 τῶν
2764 750 3102 818 πραγμάτων
3134 750 3349 820 ἀνάγκῃ
3377 750 3549 812 οὐδείς
3592 750 3747 801 ἐστιν
3776 745 3808 797 ὁ

2315 859 2332 889 ί
2371 839 2446 910 μὴ
2473 839 2630 891 τοῦτο
2660 840 3021 909 παραχωρῶν.
3084 841 3144 893 El
3188 840 3243 892 δέ
3284 858 3427 903 τινες
3481 839 3575 893 τοῦ
3630 836 3804 890 αὐτοῦ

2316 948 2333 980 ι
2376 929 2639 998 δόγματος
2677 930 2931 1000 κληρικοὶ
2965 931 3104 1000 μετὰ
3125 930 3219 984 τοῦ
3256 931 3498 1000 πλήθους
3550 933 3640 983 καὶ
3688 929 3803 981 τῶν

2319 1038 2337 1070 ι
2371 1020 2547 1089 τιμῶν
2578 1021 2753 1074 αὐτῶν
2819 1022 2956 1090 πρὸς
2998 1023 3143 1090 ήμᾶς
3204 1022 3377 1074 ἐλθεῖν
3449 1021 3805 1089 ποθήσουσιν¹

2320 1131 2337 1163 ι
2377 1111 2568 1173 οἵτινες
2624 1111 2701 1181 τῷ
2760 1110 2924 1180 ἔρωτι
2970 1111 3070 1178 τῆς
3132 1115 3295 1180 τιμῆς
3372 1110 3813 1179 συμϐουλεύουσι

2321 1222 2337 1252 ι
2372 1203 2506 1271 πρὸς
2534 1190 2678 1270 ζωὴν
2708 1202 2802 1255 καὶ
2836 1200 3127 1269 κατέχουσι
3164 1201 3295 1269 πρὸς
3336 1200 3635 1267 σωτηρίαν,
3668 1199 3813 1251 ἀλλά

2324 1311 2340 1343 ι
2378 1294 2533 1345 τοῦτο
2569 1292 2946 1360 καταληπτέον
2978 1292 3145 1360 κρίνω
3178 1294 3241 1361 τῇ
3294 1291 3501 1359 μείζονι
3540 1291 3815 1359 κατανοή-

2322 1402 2337 1433 ι
2380 1400 2461 1435 σει
2486 1382 2959 1453 ψηφισθησόμενον
2988 1383 3093 1433 τῶν
3109 1383 3509 1453 προλεχθέντων
3532 1382 3814 1449 ἀδελφῶν,

2320 1494 2337 1525 ι
2376 1475 2462 1527 ἵνα
2486 1474 2922 1547 τῇησυνετωτέρᾳ
2952 1472 3130 1526 αὐτῶν
3180 1473 3342 1540 βουλῇ
3377 1473 3479 1539 τῆς
3528 1473 3813 1541 ἡμετέρας

2322 1582 2341 1614 ι
2377 1564 2759 1632 ἀναφορᾶςτδν
2788 1563 2945 1628 λόγον
2974 1563 3251 1630 διαγνῶσι,
3277 1564 3370 1616 καὶ
3403 1565 3548 1632 ἡμᾶς
3578 1559 3818 1631 βεϐαιῶ-

2324 1674 2341 1704 (
2382 1671 2471 1706 σαι
2505 1653 2936 1718 καταξιώσωσιν,
2981 1656 3059 1715 είς
3089 1655 3149 1705 τὸ
3189 1654 3399 1721 ὀφεῖλον
3446 1654 3573 1722 περὶ
3617 1653 3817 1714 τούτου

2326 1762 2343 1794 ι
2378 1744 2469 1796 τοῦ
2498 1746 2819 1812 πράγματος
2848 1743 2974 1809 παρ’
3004 1741 3161 1811 ήμῶν
3191 1742 3525 1808 τυπωθῆναι.
3552 1742 3722 1795 Μόνον
3754 1741 3819 1792 δὲ

2331 1853 2348 1884 ι
2384 1833 2510 1901 περὶ
2537 1831 2643 1883 τῶν
2668 1832 2724 1884 ὲν
2748 1831 3030 1900 νηπιότητι
3047 1831 3449 1898 βαπτισθέντων
3469 1830 3815 1900 ἀρκούμεθα,

2326 1945 2343 1975 ι
2383 1924 2492 1988 ἵνα,
2524 1924 2569 1975 εί
2602 1923 2826 1991 ἀρέσκει
2852 1921 3057 1985 αὐτοῖς,
3088 1926 3153 1991 τῇ
3176 1925 3420 1993 ἡμετέρα
3457 1921 3820 1993 συναινέσωσι

2325 2035 2342 2065 ι
2375 2014 2692 2085 προαιρέσει
2754 2013 2884 2083 περὶ
2939 2011 3032 2064 τοῦ
3088 2014 3508 2083 χειροτονεῖσθαι
3546 2012 3819 2072 τούτους.

2324 2127 2342 2159 ‹
2381 2108 2566 2160 Πάντα
2591 2106 2795 2170 τοίνυν,
2848 2105 2884 2159 ἃ.
2914 2105 3173 2176 ἀνωτέρω
3229 2106 3608 2175 συνηγάγομεν
3658 2104 3820 2173 παρὰ

2324 2219 2342 2251 ι
2378 2201 2489 2261 τοῖς
2554 2197 2875 2266 ἁγιωτάτοις
2932 2198 3274 2261 ἐπισκόποις,
3342 2199 3589 2264 πρακτέα
3672 2192 3821 2247 εἶναι

2328 2312 2344 2340 ι
2379 2289 2575 2342 δικαιοῖ
2619 2291 2733 2359 ἃμα
2754 2288 2877 2357 ἐμοὶ
2919 2289 3187 2356 ήέντιμος
3228 2288 3378 2356 ὑμῶν
3427 2287 3738 2355 ἀδελφότης.
3790 2306 3812 2337 ›

2323 2379 2520 2432 ΒΑΛΣ.
2569 2380 2662 2430 καὶ
2686 2378 2932 2433 ΖΩΝΑΡ.
2969 2380 3199 2440 Δονᾶτός
3251 2395 3337 2441 τις
3389 2378 3448 2430 τὸ
3495 2378 3665 2447 ὄνομα
3722 2379 3820 2428 αἱ-

2255 2470 2458 2540 ρέσεως
2489 2468 2710 2536 γέγονεν
2753 2470 2992 2537 ἀρχηγὸς
3026 2469 3099 2539 μὴ
3132 2469 3305 2532 ἄλλως
3333 2470 3439 2521 τῶν
3493 2470 3651 2521 θείων
3714 2486 3824 2538 μυ-

2256 2562 2491 2632 στηρίων
2544 2560 2984 2631 μεταλαμόάνειν
3016 2561 3230 2624 διδάξας
3274 2564 3321 2613 εί
3354 2563 3428 2630 μὴ
3462 2562 3654 2615 ὀστοῦν
3684 2578 3824 2614 κατ-

2254 2654 2393 2723 έχων
2421 2656 2476 2707 ὲν
2501 2656 2564 2723 τῇ
2592 2652 2761 2723 χειρὶ,
2803 2652 2962 2705 τοῦτο
3013 2655 3273 2722 πρότερον
3338 2654 3655 2719 ἀσπάζοιτο,
3717 2655 3822 2705 καὶ

2264 2744 2406 2797 οὕτω
2462 2743 2922 2815 μεταλαμσάνειν.
2975 2745 3037 2797 οι
3094 2740 3187 2797 οὖν
3233 2746 3440 2796 ἐκείνου
3500 2744 3821 2814 αἱρεσιῶται

2255 2838 2570 2891 Δονατισταὶ
2599 2837 2976 2904 ὀνομάζονται.
3010 2837 3142 2905 Περὶ
3194 2836 3402 2887 τούτων
3462 2832 3576 2899 οὖν,
3628 2835 3699 2897 ὡς
3752 2836 3821 2886 ἐν

2255 2929 2333 2999 τῷ
2357 2928 2442 2999 με
2468 2930 2654 2983 κανόνι
2694 2930 2790 2998 τῆς
2829 2930 3045 2981 συνόδου
3097 2929 3299 2997 ταύτης
3367 2929 3603 2999 εἴρηται,
3668 2928 3821 2992 εδοξε

2262 3023 2374 3082 τοῖς
2404 3021 2687 3089 Πατράσιν
2715 3020 3008 3089 ἐρωτῆσαι,
3041 3022 3087 3070 εἰ
3118 3020 3188 3071 τὰ
3214 3023 3379 3089 νήπια
3423 3021 3598 3072 αὐτῶν
3624 3019 3823 3087 βαπτι-

2265 3111 2468 3178 ζόμενα
2503 3112 2653 3178 παρὰ
2698 3101 3036 3176 τῶνγονέων
3069 3112 3269 3173 αὐτῶν,
3335 3110 3671 3163 Δονατιστῶν
3726 3110 3823 3162 δν-

2263 3215 2390 3265 των,
2424 3196 2541 3251 εἶτα
2575 3199 2986 3268 προσερχόμενα
3026 3203 3088 3267 τῇ
3144 3199 3402 3266 καθολικῇ
3498 3198 3820 3268 Ἐκκλησία,

2258 3292 2337 3343 δεῖ
2364 3289 2752 3360 προσδέχεσθαι
2783 3292 2872 3341 καὶ
2902 3294 2957 3342 ὲν
2989 3291 3170 3358 κλήρῳ
3201 3291 3437 3353 τάττειν,
3460 3292 3578 3361 ἣμή
3603 3308 3616 3354 ;
3648 3293 3823 3345 Τοῦτ)

2258 3372 2349 3427 οὗν
2384 3378 2475 3427 καὶ
2512 3376 2730 3445 πάλινή
2765 3376 2983 3438 σύνοδος
3021 3378 3250 3444 εἰσάγει,
3305 3386 3397 3430 καὶ
3448 3380 3629 3432 δίδωσι
3677 3382 3823 3445 γνώ-

2261 3483 2389 3536 μην,
2428 3467 2565 3518 ῶστε
2589 3467 2711 3529 τοὺς
2745 3467 2893 3536 παρά
2923 3471 3035 3529 τοῖς
3109 3470 3454 3531 Δονατισταῖς
3521 3472 3577 3522 ὲν
3629 3470 3827 3538 νηπιό-

2260 3574 2384 3624 τητι
2418 3557 2881 3624 βαπτιζομένους,
2919 3558 2991 3617 ὡς
3041 3559 3115 3625 μὴ
3150 3558 3410 3611 δύνατθαι
3467 3562 3584 3612 τότε
3662 3565 3828 3624 γινὼ-

2263 3662 2415 3698 σκειν
2449 3648 2547 3715 τῆς
2612 3647 2817 3715 πλάνης
2876 3647 2967 3698 τὸν
3042 3646 3283 3717 ὄλεθρον,
3342 3650 3427 3701 ὅτε
3478 3650 3553 3708 είς
3605 3652 3824 3719 ἡλικίαν

2260 3736 2455 3789 ἔλθωσι
2512 3738 2763 3807 δεκτικὴν
2826 3738 3114 3806 λογισμοῦ,
3146 3739 3407 3802 ,τουτέστι
3483 3743 3823 3809 φρονήσεως,

2262 3826 2401 3878 ὥστε
2468 3826 2729 3879 δύνασθαι
2761 3826 2952 3894 νοῆσαι
2985 3829 3080 3895 τὴν
3112 3828 3390 3896 ἀλήθειαν,
3444 3833 3535 3880 καὶ
3594 3834 3827 3899 μισῆσαι

2262 3918 2361 3985 τὴν
2393 3917 2620 3970 ἐκείνων
2646 3917 2962 3983 φαυλότητα
2982 3933 2995 3946 ⁸
3026 3918 3121 3969 ἐὰν
3154 3921 3217 3987 τῇ
3265 3918 3564 3988 Ἐκκλησία
3594 3922 3829 3989 προσέλ-

2266 4007 2457 4071 θωσιν,
2494 4007 2848 4075 ἀναδέχεσθαι
2880 4007 3104 4069 τούτους
3130 4008 3219 4059 διὰ
3253 4009 3342 4077 si);
3399 4009 3692 4071 ἐπιθέσεως
3716 4014 3828 4064 τῶν

2265 4098 2463 4166 χειρῶν
2493 4100 2636 4150 κατά
2683 4114 2805 4149 τινα
2842 4098 2992 4162 τάξιν
3044 4101 3138 4149 καὶ
3186 4098 3357 4150 τύπον
3416 4102 3663 4168 ἀρχαῖον,
3731 4106 3829 4156 καὶ

2270 4190 2343 4257 μὴ
2378 4186 2766 4256 ἐμποδίζεσθαι
2796 4190 2877 4249 είς
2916 4189 2975 4240 τὸ
3030 4187 3375 4256 κληρωθῆναι
3428 4192 3825 4256 πιστεύσαντας

2267 4277 2523 4353 καθαρῶς
2554 4277 2630 4346 τῷ
2660 4277 2901 4345 Χριστῷ,
2936 4278 3026 4329 καὶ
3054 4277 3486 4346 ὑποδεξαμένους
3534 4282 3631 4348 τῆς
3661 4283 3729 4348 ἀγ
3743 4286 3829 4346 ia;

2269 4366 2496 4435 Τριάδος
2536 4368 2601 4418 τά
2671 4368 3010 4435 ἀγιάσματα,
3069 4369 3185 4436 ἦτοι
3237 4370 3305 4421 τὰ
3362 4370 3508 4439 δῶρα
3571 4373 3638 4423 τὰ
3682 4374 3827 4438 θεία,

2202 4493 2243 4546 D
2274 4456 2435 4508 ἆτινα
2470 4457 2528 4506 τὸ
2555 4456 2713 4523 σῶμα
2748 4459 2841 4509 καὶ
2872 4451 3009 4525 αἷμά
3042 4458 3149 4508 εισι
3195 4458 3286 4510 τοῦ
3333 4459 3451 4522 ἐνὸς
3507 4461 3605 4530 τῆς
3662 4465 3828 4529 ἁγίας

2274 4546 2520 4614 Τριάδος,
2586 4547 2679 4597 καὶ
2749 4546 2925 4616 ἁληθῆ
3021 4548 3114 4599 καὶ
3191 4550 3323 4616 ἆγιά
3395 4553 3500 4605 εισι
3584 4558 3829 4622 παραδοο

2271 4635 2427 4688 θέντα
2504 4638 2632 4705 ἡμῖν
2688 4637 2838 4705 παρὰ
2915 4636 3010 4689 τοῦ
3068 4639 3339 4708 Σωτῆρος,
3391 4640 3448 4703 ὃς
3506 4644 3597 4695 καὶ
3675 4649 3831 4715 παρὰ

2268 4728 2358 4778 τοῦ
2392 4727 2601 4795 Harpe;
2629 4727 2907 4794 ἀπεστάλη
2940 4715 3021 4789 είς
3054 4732 3328 4797 σωτηρίαν
3389 4732 3565 4800 ήμῶν,
3604 4735 3833 4802 ἀγιαςο⁴

2272 4834 2404 4886 μενα
2424 4819 2479 4869 δὲ
2502 4821 2565 4887 τῇ
2602 4819 2944 4888 ἐπιφοιτήσει
2994 4818 3085 4870 τοῦ
3121 4820 3279 4887 ἁγίου
3309 4822 3641 4891 Πνεύματος.
3672 4828 3832 4880 Οὕτω

2268 4908 2376 4976 γὰρ
2399 4909 2500 4977 τῆς
2540 4908 2765 4977 Τριάδος
2790 4907 3100 4974 λογίζονται
3129 4911 3468 4980 ἁγιάσματα.
3502 4913 3672 4967 Ὀταν
3711 4918 3828 4984 οὖν,

2270 4997 2421 5062 φασὶ,
2455 4997 2785 5048 πιστεύσωσί
2824 4998 2917 5048 καὶ
2949 4998 3015 5048 τὰ
3049 4998 3178 5064 am
3210 4998 3488 5062 δέξωνται,
3531 5003 3626 5053 ἐὰν
3676 5009 3771 5056 καὶ
3805 5012 3832 5059 ό

2270 5087 2381 5155 βίος
2413 5085 2593 5138 αὐτῶν
2622 5086 2973 5154 δοκιμασθεὶς
3012 5090 3246 5158 χρηστὸς
3278 5090 3497 5160 εὑρεθῇ,
3529 5095 3622 5144 καὶ
3679 5096 3817 5163 κλη-

2270 5177 2628 5246 ρωθήσονται.
2663 5179 2796 5247 Περὶ
2832 5178 3035 5247 ταύτης
3072 5177 3165 5233 οὖν
3227 5182 3537 5246 ὑποθέσεως
3584 5186 3693 5237 τῶν
3733 5205 3830 5255 νηα

2267 5266 2405 5320 πίων
2440 5267 2710 5337 ἐζήτησαν
2742 5270 2833 5319 καὶ
2853 5269 3004 5337 παρὰ
3035 5269 3129 5322 τοῦ
3160 5273 3363 5325 πάππα
3392 5274 3484 5325 καὶ
3530 5276 3679 5343 παρά
3731 5278 3828 5328 τοῦ

2269 5358 2610 5410 Μεδιολάνων
2640 5360 2852 5427 μαθεῖν,
2886 5363 2932 5410 εί
2958 5359 3280 5429 ἀρέσκονται
3307 5365 3374 5432 τῇ
3396 5363 3594 5435 γνώμῃ
3623 5366 3825 5420 αὐτῶν.

2270 5449 2332 5500 El
2357 5448 2411 5499 δέ
2443 5465 2613 5511 τινες,
2645 5449 2798 5517 φασὶ,
2846 5450 3099 5519 κληρικοὶ
3132 5451 3241 5503 τῶν
3304 5455 3658 5519 Δονατιστῶν,
3686 5459 3829 5525 μετά

2263 5540 2355 5593 τοῦ
2390 5540 2521 5610 παρ’
2553 5544 2736 5603 αὐτοῖς
2768 5542 2896 5595 λαοῦ
2929 5547 3023 5597 καὶ
3063 5545 3171 5598 τῶν
3200 5546 3377 5613 τιμῶν
3422 5548 3621 5613 αὐτῶν,
3655 5549 3826 5617 ήγουν

2263 5632 2368 5683 τῶν
2400 5633 2624 5701 βαθμῶν
2648 5633 2844 5697 αὐτῶν,
2891 5635 3172 5704 θελήσουσι
3227 5638 3502 5704 μετελθεῖν
3554 5641 3690 5701 πρὸς
3727 5642 3829 5709 τήν

2263 5722 2536 5790 ὀρθόδοξον
2566 5723 2763 5791 πίστιν,
2833 5724 3027 5788 οἵτινες
3096 5727 3343 5798 κληρικοὶ
3423 5728 3668 5793 θέλοντες
3739 5731 3833 5783 καὶ
