4018 6310
598 338 704 403 243

1837 343 2112 403 ΤΗΕΟΙ).
2147 343 2544 406 BALSAMON

3693 348 3806 413 εει

601 453 828 509 ARIST.
864 472 882 506 ι
919 452 1182 508 ldolormu
1217 453 1451 524 reliquiae
1500 455 1705 524 penitus
1754 455 2084 511 aboleantur.
2121 473 2136 506 ι

2247 456 2464 511 ΑΡΙΣΤ.
2525 474 2543 506 ι
2579 455 2658 509 Τά
2698 457 3186 529 ἐγκαταλεῖμματα
3209 461 3318 516 τῶν
3344 461 3578 517 είδὼλων
3619 463 3800 518 τέλεον

667 644 870 699 Pietate
899 647 1234 714 prmvaleute,
1261 664 1289 701 e
1325 647 1683 702 fundamentis
1701 647 1810 701 suis
1828 647 2145 702 eradicanda

600 740 720 785 sunt
753 732 1013 787 idolorum
1045 734 1190 798 fana,
1216 745 1268 788 et
1303 737 1456 790 nulla:
1501 739 1718 790 omnino
1770 737 1968 790 erroris
2021 738 2150 791 isto-

599 838 716 874 rum
751 823 993 891 reliquis:
1018 835 1422 880 conserventur.

1148 916 1374 970 CANON
1418 916 1574 972 LXII.

606 1023 622 1053 (
664 1003 728 1056 L‘t
755 1007 932 1060 clerici
961 1023 1055 1073 pro
1085 1008 1301 1076 proprio
1331 1011 1565 1076 ipsorum
1594 1009 1793 1074 judicio
1819 1025 1922 1062 non
1953 1023 2149 1077 cogan-

669 1114 684 1142 ι
724 1105 809 1146 tur
841 1095 1048 1164 publice
1087 1097 1448 1149 testimonium
1497 1097 1694 1151 dicere.
1743 1095 2006 1150 Prmterea
2057 1113 2150 1164 pe-

677 1201 693 1231 ι
736 1183 946 1236 temlum
984 1193 1082 1245 est,
1121 1193 1178 1236 ut
1221 1194 1459 1238 statuere
1509 1185 1832 1251 dignentur,
1873 1195 1927 1238 ut
1974 1187 2018 1239 si
2059 1187 2149 1252 qui

674 1293 690 1322 ι
736 1273 784 1326 in
819 1274 1056 1328 Ecclesia
1089 1276 1331 1342 quamvis
1364 1289 1579 1328 causam
1607 1317 1618 1334 .
1653 1273 1774 1338 iure
1821 1277 2110 1342 apostolico
2134 1316 2146 1339 ,

680 1385 696 1412 ι
733 1365 871 1431 quod
905 1365 956 1416 in
991 1364 1231 1419 ecclesiis
1263 1366 1421 1417 situm
1464 1375 1564 1429 est,
1603 1366 1803 1434 agitare
1843 1365 2107 1417 vulncrint
2132 1401 2148 1424 ,

674 1473 690 1502 ι
724 1467 775 1506 cl
804 1455 1115 1508 clericorum
1174 1454 1372 1508 decisio
1399 1455 1486 1506 uni
1515 1454 1649 1508 torte
1695 1457 1830 1523 parti
1864 1454 2150 1523 displicue-

671 1562 687 1593 ι
729 1545 817 1605 rit,
846 1559 950 1596 non
981 1543 1138 1596 licere
1169 1542 1220 1595 in
1243 1543 1500 1608 judicium
1556 1543 1623 1594 ad
1679 1543 2034 1596 testimonium
2066 1543 2114 1596 di
2135 1572 2148 1582 -

673 1650 690 1681 ι
732 1632 955 1685 cendum
987 1646 1185 1684 vocare
1214 1632 1469 1684 clericum
1514 1631 1660 1684 illum
1686 1670 1700 1692 ,
1729 1631 1819 1697 qui
1853 1631 1998 1697 prius
2037 1647 2146 1685 rem

669 1740 688 1771 ε
729 1723 893 1788 ipsam
920 1722 1238 1774 examinavit
1263 1762 1277 1784 ,
1318 1721 1398 1774 vel
1427 1720 1802 1774 examinationi
1849 1720 2095 1774 interfuit
2132 1738 2144 1772 :

2740 568 2758 600 ι
2793 549 3258 616 ἀφανιζέσθωσαν.
3291 572 3309 605 ›

2331 636 2441 706 Τῆς
2473 638 2752 702 εὺσεσείας
2780 639 3200 711 ἐπικρατούσης,
3230 644 3293 696 ἐκ
3332 643 3597 713 θεμελίων
3620 644 3802 696 αὐτῶν

2250 729 2571 799 ἐκριζωτέον
2609 731 2676 784 τὰ
2708 733 2813 785 τῶν
2851 733 3081 787 είδὼλων
3106 735 3308 806 τεμένη
3336 751 3351 766 ⁸
3386 735 3478 789 καὶ
3533 737 3700 806 μηδέν
3746 753 3803 788 τι

2249 823 2345 890 τῆς
2371 821 2576 892 πλάνης
2601 821 2778 875 αὐτῶν
2804 823 3215 892 ἐγκατάλειμμα
3248 824 3655 893 περισωζέσθω.

2812 912 3048 966 ΚΑΝΩΝ
3089 910 3208 968 EB’.

2257 1023 2273 1051 ι
2315 1002 2446 1072 Περὶ
2480 1001 2571 1054 τοῦ
2615 1003 2741 1065 τοὺς
2794 1002 3088 1073 κληρικοὺς
3114 1005 3274 1074 χάριν
3311 1004 3650 1068 διαγνώσεως
3700 1007 3804 1076 τῆς

2328 1109 2344 1139 ι
2381 1092 2580 1154 οἰκείας
2612 1092 2788 1145 αὐτῶν
2820 1092 3052 1160 κρίσεως
3078 1093 3153 1162 μὴ
3204 1093 3606 1161 ἀναγκάζεσθαι
3635 1095 3804 1163 δημο-

2327 1200 2344 1231 s
2386 1182 2512 1243 σίως
2556 1183 2873 1250 μαρτυρεῖν.
2907 1184 3001 1234 Δεῖ
3027 1185 3245 1253 αἰτῆσαι
3275 1183 3355 1236 ἔτι
3384 1185 3510 1254 μὴν,
3548 1185 3632 1236 ἵνα
3685 1186 3804 1253 ὀρί-

2329 1292 2344 1320 ι
2389 1289 2474 1325 σαι
2493 1273 2918 1337 καταξιὼσωσιν,
2947 1272 3106 1337 ὥστε,
3135 1277 3228 1328 ὲάν
3257 1291 3398 1336 τινες
3426 1265 3804 1344 ἐνἘκκλησία

2329 1379 2345 1410 ι
2384 1363 2700 1430 οἱανδήποτε
2731 1363 2904 1418 αἰτίαν
2938 1365 3277 1434 ἀποστολικῷ
3329 1366 3539 1434 δικαίῳ.
3572 1363 3648 1432 τῷ
3681 1366 3805 1426 ταῖς

2327 1451 2700 1520 «ἐκκλησίαις
2754 1453 3102 1524 ἐπικειμένῳ,
3171 1453 3445 1522 γυμνάσαι
3509 1453 3806 1521 θελήσωσι,

2329 1562 2344 1592 ι
2387 1542 2478 1595 καὶ
2520 1543 2648 1605 ῖσως
2677 1545 2709 1611 ἡ
2734 1544 2871 1614 τομὴ
2898 1545 3005 1598 τῶν
3043 1544 3316 1614 κληρικῶν
3374 1543 3454 1609 τῷ
3507 1543 3585 1595 ἐνὶ
3641 1545 3804 1611 μέρει

2329 1654 2344 1684 ι
2387 1634 2675 1703 ἀπαρέσοι,
2737 1635 2809 1703 μὴ
2871 1634 3069 1700 ἐξεῖναι
3117 1635 3252 1703 πρὸς
3320 1634 3666 1703 δικαστήριον
3716 1634 3804 1695 είς

2331 1743 2347 1774 ι
2397 1725 2702 1792 μαρτυρίαν
2728 1724 3147 1794 προσκαλεῖσθαι
3175 1725 3268 1779 τὸν
3295 1725 3551 1794 κληρικὸν
3571 1725 3800 1786 ἐκεῖνον,

669 1827 686 1859 ι
729 1819 787 1862 ιιι
817 1822 911 1861 nec
938 1813 1054 1876 quls
1072 1809 1135 1862 ad
1164 1824 1440 1875 personam
1468 1809 1881 1876 ecclesiasticam
1910 1810 2136 1865 attinens

2320 1833 2336 1862 ι
2376 1813 2465 1864 τὸν
2498 1813 2756 1881 πρότερον
2783 1812 2843 1865 τὸ
2887 1812 3018 1865 αὐτὸ
3078 1813 3309 1882 πρᾶγμα
3361 1815 3708 1882 σκοπήσαντα
3767 1812 3802 1880 ἢ

671 1917 689 1950 ι
733 1898 893 1968 injus
931 1909 1163 1954 vocetur.
1201 1909 1256 1953 ut
1300 1898 1432 1952 ferat
1464 1899 1846 1954 testimonium.
1879 1919 1895 1950 ›

670 2183 859 2244 BALS,
889 2184 1112 2247 Quidam
1144 2185 1343 2248 clerici,
1394 2200 1511 2237 cum
1554 2199 1766 2238 causam
1814 2182 2137 2237 ecclesiastio

599 2289 714 2326 cum
743 2275 863 2338 jure
889 2273 1180 2341 apostolico
1203 2276 1453 2342 egissent,
1488 2275 1588 2326 hoc
1613 2281 1713 2334 est,
1747 2272 1888 2326 dicto
1934 2280 2142 2338 aposto-

598 2364 699 2414 lico
731 2373 1137 2429 cunseqnenter,
1171 2365 1310 2432 quod
1335 2364 1460 2418 dicit
1494 2383 1506 2417 :
1540 2363 1704 2417 Audet
1740 2364 1852 2431 quis
1896 2370 2139 2426 vestrum,

597 2451 786 2504 habens
850 2455 1128 2519 negotium,
1191 2455 1282 2505 sub
1331 2455 1522 2522 iniquis
1559 2455 1762 2521 judicio
1819 2454 2137 2517 contendere,

595 2550 644 2592 et
670 2559 768 2594 non
809 2543 900 2594 sub
926 2543 1118 2594 sanctis
1141 2543 1164 2593 ?
1185 2542 1261 2595 vel
1291 2542 1472 2605 etiam,
1499 2556 1617 2596 cum
1647 2544 1697 2596 in
1727 2542 2139 2597 ecclesiasticum

593 2630 853 2697 judicium
887 2630 1218 2692 incidissent,
1252 2644 1279 2681 a
1314 2639 1464 2697 parte
1493 2630 1575 2682 cui
1613 2619 1942 2697 displicebat,
1978 2643 2043 2700 ex
2074 2629 2139 2682 iis

593 2720 682 2784 qui
706 2721 1092 2786 judicaverant,
1114 2722 1177 2773 ad
1204 2721 1436 2787 judiccm
1463 2721 1830 2788 appellationis
1851 2719 2138 2774 testimonii

595 2807 795 2858 ferendi
820 2808 987 2871 gratia
1010 2808 1377 2860 trahebantur.
1406 2805 1582 2860 Visum
1613 2819 1690 2860 est
1716 2823 1841 2876 ergo
1869 2807 2136 2871 Patribus,

595 2895 658 2944 de
685 2894 746 2944 iis
781 2896 843 2945 ad
873 2895 1216 2961 imperatores
1255 2894 1454 2949 referre
1479 2937 1493 2959 ,
1544 2908 1596 2946 ut
1652 2897 1748 2963 ipsi
1805 2905 2136 2960 statuerent,

595 2981 725 3036 nihil
752 2998 866 3036 esse
888 2984 1149 3050 ejusmodi
1183 2988 1232 3036 in
1269 2993 1534 3050 posterum
1568 2985 1887 3048 faciendum,
1915 2987 2005 3039 sed
2041 3000 2136 3040 ncc

593 3090 712 3125 cum
743 3113 756 3135 ,
790 3074 876 3139 qui
925 3087 1120 3140 genere
1150 3075 1229 3127 vel
1255 3074 1428 3141 aliquo
1480 3074 1582 3127 alio
1615 3075 1769 3127 modo
1794 3077 1858 3128 ad
1903 3076 2135 3142 aliquem

2321 1925 2336 1955 ι
2376 1904 2467 1958 καὶ
2498 1904 2854 1972 σκοπουμένῳ
2895 1903 3273 1972 παρατυχόντα
3295 1919 3309 1933 ’
3343 1902 3429 1956 ῖνα
3462 1902 3594 1971 μηδὲ
3631 1918 3806 1970 προσ-

2321 2017 2336 2047 ι
2375 1996 2508 2066 ὡπῳ
2547 2012 2628 2057 τις
2654 1992 3091 2064 ἐκκλησιαστικῷ
3122 1992 3415 2062 προσήκων
3440 1991 3638 2061 ἐναχθῇ
3670 2008 3733 2044 πε
3745 1992 3804 2060 ρὶ

2317 2106 2334 2137 ι
2372 2086 2464 2139 τοῦ
2494 2085 2732 2153 ὀφείλειν
2755 2086 3072 2154 μαρτυρεῖν.
3104 2101 3123 2136 s

2311 2174 2504 2231 ΒΑΛΣ.
2535 2171 2690 2236 Τινές
2715 2173 2967 2242 κληρικοὶ
2985 2172 3302 2233 δικάσαντες
3330 2170 3803 2240 ύπόθεσινῗέκκλη-

2245 2263 2524 2332 σιαστικὴν
2561 2261 2902 2332 ἀποστολικῷ
2929 2261 3142 2330 δικαίῳ,
3192 2262 3468 2315 τουτέστιν
3515 2260 3801 2328 ἀκολούθῳ

2241 2356 2316 2425 τῷ
2351 2353 2686 2424 ἀποστολικῷ
2739 2355 2906 2425 ῥητῷ,
2975 2353 3053 2422 τῷ
3118 2354 3400 2422 φάσκοντιο
3444 2351 3635 2420 Τολμᾷ
3702 2367 3800 2416 τις

2240 2446 2404 2513 ὑμῶν
2433 2443 2666 2512 πρᾶγμα
2693 2445 2847 2510 ἔχων
2887 2445 3188 2509 κρίνεσθαι
3241 2442 3338 2494 ἐπὶ
3383 2441 3502 2494 τῶν
3549 2440 3798 2504 ἀδίκων,

2241 2538 2335 2589 καί
2368 2537 2499 2603 οὐχὶ
2553 2536 2649 2588 ἐπὶ
2706 2533 2824 2586 τῶν
2889 2535 3113 2602 ἀγίων;
3165 2535 3198 2602 ἢ
3245 2533 3335 2584 καὶ
3393 2531 3802 2600 παρατυχόντες

2241 2626 2332 2678 ἐπὶ
2358 2625 2534 2694 κρίσει
2559 2625 3008 2694 ἐκκλησιαπικῇ,
3063 2622 3301 2673 εἴλκοντο
3343 2622 3493 2689 παρά
3531 2618 3624 2671 τοῦ
3684 2619 3799 2670 ἀπ-

2241 2716 2608 2783 αρεσκομένου
2639 2714 2834 2783 μέρους
2871 2714 2934 2764 ἐκ
2994 2711 3102 2765 τῶν
3147 2711 3521 2779 δικασαμένων
3572 2710 3650 2771 είς
3699 2707 3798 2760 τδν

2241 2804 2594 2872 ἐκκλητάριον
2623 2803 2882 2873 δικαστὴν
2909 2803 3065 2871 χάριν
3098 2801 3422 2871 μαρτυρίας.
3454 2799 3668 2862 Ἐδοξεν
3698 2793 3798 2851 οὖν

2240 2895 2346 2952 τοῖς
2373 2893 2668 2961 Πατράσιν,
2697 2892 2783 2944 ἴνα
2815 2891 2882 2943 τὰ
2918 2891 3046 2961 περὶ
3077 2890 3266 2942 τούτου
3297 2889 3625 2954 ἀνενέγκωσι
3681 2889 3800 2949 τοῖς

2242 2980 2571 3048 βασιλεῦσιν,
2611 2979 2694 3047 ἐφ’
2721 2973 2967 3049 ᾧὸρίσαι
3008 2980 3202 3041 αὐτοὺς
3230 2979 3396 3048 μηδέν
3450 2995 3502 3030 τι
3553 2975 3798 3028 τοιοῦτον

2242 3071 2492 3136 γενέσθαι
2515 3071 2644 3122 ποτέ
2673 3089 2685 3101 ·
2721 3070 2853 3122 ἀλλά
2888 3069 3020 3138 μηδέ
3073 3086 3194 3122 τινα
3255 3068 3603 3137 προσήκοντα
3650 3067 3797 3119 κατὰ

595 3161 1012 3215 ecclesiasticum
1049 3164 1263 3224 attinet,
1300 3163 1349 3215 in
1385 3165 1743 3218 testimonium
1776 3179 1893 3218 esse
1921 3166 2134 3218 trahen-

2240 3161 2390 3229 γένος
2433 3161 2464 3230 ἢ
2491 3163 2662 3224 ἄλλως
2688 3178 2801 3222 πως
2825 3159 3267 3230 ἐκκλησιαστικῷ
3296 3175 3402 3211 τινι
3429 3157 3677 3210 ἕλκεσθαι
3711 3157 3795 3218 είς

594 3254 737 3306 dum.
766 3253 839 3304 Ac
868 3252 918 3304 in
952 3252 1033 3306 his
1059 3253 1267 3321 quidem
1303 3255 1549 3308 consistit
1581 3270 1774 3308 canon.
1811 3255 1918 3310 Nos
1958 3264 2134 3309 autem

595 3339 755 3406 aliqui
791 3341 1040 3408 scripturi
1072 3357 1283 3396 eramus
1311 3346 1374 3396 de
1409 3343 1472 3397 iis
1501 3345 1591 3411 qui
1621 3343 1895 3409 litigarunt
1926 3387 1939 3409 ,
1969 3355 2020 3399 et
2075 3347 2138 3398 de

595 3428 659 3479 iis
681 3427 767 3495 qui
786 3438 911 3481 sunt
939 3430 1147 3483 clericis
1175 3433 1565 3485 necessitudine
1597 3434 1893 3500 conjuncti,
1920 3434 2132 3502 quando

597 3517 735 3570 tralti
765 3517 976 3582 debent,
1013 3527 1065 3571 et
1091 3521 1302 3586 quando
1332 3535 1454 3574 non.
1484 3521 1615 3586 Quia
1644 3534 1818 3574 autem
1852 3523 1936 3575 hic
1969 3538 2135 3576 canon

598 3623 701 3660 non
728 3618 804 3662 est
834 3610 1101 3662 decretum
1131 3649 1145 3672 ,
1177 3610 1269 3663 sed
1313 3612 1590 3664 consilium
1627 3651 1640 3674 ,
1688 3621 1742 3665 ut
1790 3613 2137 3681 imperatores

591 3698 707 3765 ejus
742 3699 1150 3761 admoneantur,
1178 3716 1278 3752 nun
1311 3709 1392 3754 est
1421 3711 1597 3754 autem
1625 3703 1824 3772 prolata
1880 3703 2134 3766 definitio,

595 3788 754 3839 multa
781 3789 1236 3853 prsetcrmisimus.
1263 3788 1370 3844 Hoc
1399 3801 1576 3843 autem
1605 3791 1770 3843 solum
1795 3807 1858 3844 ex
1888 3795 2134 3860 presenti

592 3891 794 3931 canone
825 3878 1158 3942 notavimus;
1205 3880 1345 3946 quod
1387 3880 1668 3946 judiciaria
1725 3881 1900 3934 officia
1965 3883 2136 3934 eccle-

596 3967 930 4020 siaslicorum
959 3969 1362 4034 magistratuum
1399 3984 1630 4036 praesens
1655 3984 1863 4038 quoque
1897 3970 2133 4039 synodus

593 4057 827 4124 agnovit,
865 4070 930 4110 eo
968 4057 1105 4122 quod
1132 4057 1274 4110 dicat
1303 4057 1526 4112 clericos
1556 4059 1780 4124 alicujus
1811 4073 1929 4114 esse
1962 4075 2136 4114 causa:

586 4147 813 4212 jndices.

662 4235 819 4303 597
849 4234 1092 4289 ΖΟΝΑΒ.
1127 4235 1384 4290 Przctcrca
1421 4238 1485 4290 ad
1535 4238 1881 4306 imperatores
1938 4221 2136 4292 rcferre

591 4324 939 4385 constituunt,
963 4333 1017 4375 ut
1042 4326 1191 4391 siqui
1223 4327 1271 4377 in
1310 4325 1564 4387 Ecclesia,
1590 4325 1688 4380 hoc
1715 4337 1814 4390 est,
1847 4328 1899 4380 in
1936 4329 2131 4381 clerum

591 4413 826 4480 ascripti,
857 4414 999 4465 litem
1049 4416 1359 4482 quamlibet,
1400 4425 1491 4468 aut
1542 4419 1983 4480 controversiam,
2015 4419 2133 4486 jure

590 4503 876 4566 aposwlico
928 4503 1175 4556 Ecclesils
1230 4500 1510 4567 imposito,
1558 4507 1657 4558 hoc
1721 4516 1842 4566 est,
1913 4508 2132 4561 definito

591 4601 748 4656 atque
781 4592 1074 4657 descripto,
1107 4592 1170 4642 dc
1197 4592 1412 4659 judiciis
1473 4595 1724 4648 nimirum
1780 4596 1918 4662 apud
1956 4593 2133 4647 Eccle-

591 4680 720 4729 sium
764 4679 1098 4743 exercendis,
1139 4681 1385 4747 persequi
1415 4681 1595 4742 velint-,
1651 4682 1882 4748 (divinus
1909 4695 2134 4747 namque

589 4768 859 4833 :ipUStolus
880 4766 1075 4820 Paulus
1133 4773 1196 4819 ad
1248 4768 1557 4821 Corinthios
1595 4770 1874 4823 scribens:
1944 4769 2132 4834 Audet,

591 4855 777 4923 inquit,
810 4859 1000 4923 ntiquis
1029 4869 1270 4920 vestrum,
1315 4860 1575 4927 negotium
1627 4862 1841 4922 habens,
1906 4861 1997 4912 sub
2053 4863 2135 4912 in-

583 4948 725 5014 juste
747 4947 950 5014 judicio
991 4949 1211 5013 experiri
1253 4959 1297 5000 et
1327 4965 1424 5000 non
1453 4949 1544 4999 sub
1571 4949 1764 5001 sanctis
1787 4949 1873 5000 δεῖ
1911 4949 2134 5003 Proinde

592 5043 690 5091 hoc
721 5037 1156 5105 apostolicnjure
1187 5039 1426 5091 ecclesiae
1461 5039 1666 5103 deberi,
1723 5048 1970 5106 tanquam
1996 5039 2137 5106 Apo-

590 5123 951 5186 stolidecreto
985 5124 1052 5176 ita
1117 5126 1462 5178 constitutum
1515 5127 1804 5190 asserunt).
1867 5125 1921 5177 Si
1973 5127 2137 5194 igitur

589 5214 792 5277 clerici,
845 5214 1112 5279 inquiunt,
1165 5215 1299 5282 apud
1349 5217 1629 5269 ecclesiam
1691 5215 2013 5281 disceptent,
2073 5230 2133 5268 ac

590 5305 787 5355 decisin
809 5318 1005 5367 causa),
1032 5305 1128 5357 hoc
1179 5314 1279 5367 est,
1318 5307 1607 5369 sententia,
1648 5322 1743 5373 per
1799 5319 1957 5373 quam
2015 5320 2137 5359 con-

590 5395 844 5445 troversiu
871 5395 1149 5460 deciditur,
1186 5397 1274 5449 uni
1302 5413 1363 5449 ex
1402 5395 1639 5465 partibus
1672 5397 1886 5449 minime
1916 5394 2135 5460 probata

591 5484 767 5546 fuerit,
797 5501 858 5537 ne
888 5496 1061 5539 tamen
1088 5487 1239 5540 alteri
1275 5491 1408 5558 parti
1450 5490 1606 5542 liceat
1662 5503 1804 5552 eum,
1853 5502 1947 5555 per
1971 5500 2129 5554 quem

664 5663 700 5692 δ’·
737 5662 900 5715 ιυυτ.
938 5679 1009 5731 τι,
1050 5667 1091 5721 t.

2243 3251 2567 3318 μαρτυρίαν.
2611 3252 2719 3302 Καὶ
2749 3252 2775 3300 ὁ
2802 3250 2897 3318 μὲν
2929 3248 3104 3301 κανὼν
3141 3248 3202 3300 ἐν
3253 3247 3483 3308 τούτοις.
3524 3245 3711 3314 Ἦμεῖς
3735 3246 3795 3297 δέ

2241 3342 2532 3410 ἐμέλλομεν
2556 3340 2759 3408 γράψαι
2788 3341 2908 3393 τινὰ
2965 3342 3090 3409 περὶ
3141 3339 3249 3391 τῶν
3298 3339 3634 3391 δικασάντων
3696 3339 3795 3390 καὶ

2243 3431 2367 3498 περὶ
2426 3433 2530 3482 τῶν
2585 3431 3079 3498 προσῳκειωμένων
3133 3433 3242 3492 τοῖς
3300 3431 3602 3497 κληρικοῖς,
3660 3428 3793 3479 πότε

2239 3522 2542 3588 ὀφείλουσιν
2567 3519 2835 3582 ἕλκεσθαι,
2878 3520 2972 3572 καὶ
3004 3519 3128 3571 πότε
3168 3520 3264 3587 μή.
3307 3519 3427 3570 Ὀτι
3457 3518 3509 3569 δέ
3554 3518 3651 3569 οὐκ
3673 3518 3793 3570 ἔστι

2240 3612 2512 3679 θέσπισμα
2545 3612 2572 3661 ὁ
2602 3609 2795 3674 κανὼν,
2823 3611 2958 3663 ἀλλά
3015 3609 3287 3679 συμϐουλὴ
3332 3609 3487 3678 χάριν
3533 3607 3626 3659 τοῦ
3660 3607 3796 3658 ὑπο-

2242 3701 2543 3770 μνησθῆναι
2576 3701 2702 3769 περὶ
2740 3702 2944 3753 τούτων
2972 3701 3097 3762 τοὺς
3149 3698 3407 3769 βασιλεῖς,
3456 3696 3680 3765 ὁρισμὸς
3735 3698 3794 3750 δὲ

2238 3792 2333 3842 οὐκ
2377 3789 2658 3858 ἐξηνέχθη,
2687 3791 3012 3859 παρήκαμεν
3039 3789 3104 3842 τὰ
3159 3787 3346 3841 πολλά.
3413 3787 3790 3854 Ἐσημειωσάς

2243 3879 2378 3947 μεθα
2405 3881 2460 3931 δέ
2489 3879 2595 3932 ἀπὸ
2617 3879 2710 3931 τοῦ
2741 3881 3008 3950 παρόντος
3038 3878 3255 3939 κανόνος
3281 3876 3435 3930 τοῦτο
3482 3877 3658 3945 μόνον,
3706 3878 3793 3929 ὅτι

2237 3969 2301 4017 τὰ
2329 3967 2617 4020 δικαστικὰ
2646 3967 2872 4036 ὀφιρίκια
2895 3969 2999 4021 τῶν
3019 3967 3488 4036 ἐκκλησιαστικῶν
3514 3967 3793 4034 ἀρχόντων

2240 4057 2333 4109 καὶ
2362 4059 2393 4124 ἠ
2429 4057 2678 4126 παροῦσα
2709 4058 2920 4120 σύνοδος
2953 4059 3314 4125 ἐπιγινωσκεν
3358 4057 3462 4109 ἀπὸ
3489 4057 3580 4110 τοῦ
3609 4055 3795 4123 λέγειν

2239 4149 2531 4214 κληρικοὺς
2563 4148 2833 4216 διαιτῆσαι
2868 4149 3116 4201 ὑποθέσει
3147 4149 3272 4202 τινί.

2308 4237 2549 4289 ΖΩΝΑΡ.
2588 4239 2706 4288 Ἐτι
2737 4238 3015 4306 ἀναφορὰν
3057 4238 3791 4308 βουλεύονταιποιῆσαιπρὸς

2238 4327 2358 4386 τοὺς
2401 4325 2660 4393 βασιλεῖς,
2691 4327 2828 4378 ὥστε
2868 4327 2962 4384 ἐάν
2992 4343 3134 4389 τινες
3163 4330 3220 4378 ἐν
3251 4328 3561 4396 Ἐκκλησία,
3619 4329 3792 4394 ἤγουν

2240 4415 2296 4465 ἐν
2350 4415 2534 4482 κλήρῳ
2593 4415 3030 4482 ἐκκλησιαστικῷ
3073 4419 3417 4484 τεταγμένοι,
3467 4417 3792 4481 οἱανδήποτε

2237 4501 2438 4562 αἰτίαν,
2466 4502 2584 4570 ῆτοι
2609 4502 2787 4570 δίκην,
2814 4501 3071 4554 ὑπόθεσιν
3091 4505 3410 4570 γυμνάσωσι
3441 4504 3792 4572 ἀποστολικῷ

2234 4589 2421 4657 δικαίῳ
2455 4590 2531 4658 τῷ
2563 4594 2680 4653 ταῖς
2734 4590 3078 4659 Ἐκκλησίαις
3109 4592 3456 4660 ἐπικειμένῳ,
3510 4593 3626 4660 ἦτοι
3660 4591 3794 4662 ὡρι-

2238 4682 2440 4751 σμένῖρ,
2469 4681 2896 4750 διατεταγμένῳ,
2932 4684 3175 4734 τουτέστι
3199 4683 3350 4750 παρά
3372 4685 3437 4752 τῇ
3492 4682 3792 4754 Ἐκκλησία

2235 4772 2583 4823 δικάσωνται.
2625 4771 2682 4820 '0
2726 4769 2832 4836 γὰρ
2893 4770 3172 4830 θεσπέσιος
3222 4768 3512 4831 ἀπόστολος
3553 4769 3789 4832 Παῦλος,

2239 4859 2542 4926 Κορινθίοις
2567 4858 2811 4926 γράφων,
2838 4859 2968 4926 φησί
2991 4875 3003 4887 '
3043 4857 3234 4925 Τολμᾷ
3255 4875 3343 4922 τις
3363 4857 3528 4926 ὑμῶν
3549 4857 3792 4926 πρᾶγμα

2237 4951 2391 5015 ἔχων
2424 4951 2728 5016 κρίνεσθαι
2777 4947 2875 5000 ἐπὶ
2923 4949 3041 5000 τῶν
3070 4949 3312 5011 ἀδίκων,
3357 4949 3455 5000 και
3512 4947 3646 5015 οὐχὶ
3687 4949 3791 5001 ἐπι

2235 5039 2350 5090 τῶν
2407 5039 2632 5105 ἁγίωνς
2667 5036 2838 5090 Τοῦτο
2888 5037 2978 5090 οὖν
3032 5037 3374 5105 ἀποστολικῷ
3416 5037 3610 5105 δικαίῳ
3653 5039 3792 5106 φησὶ

2238 5128 2530 5195 προσήκειν
2558 5129 2675 5187 ταῖς
2701 5126 3032 5192 ἐκκλησίαις,
3062 5126 3135 5187 ὼς
3148 5125 3241 5177 τοῦ
3276 5125 3595 5178 Ἀποστόλου
3620 5125 3783 5180 τοῦτο

2237 5216 2648 5284 διαταξαμένου.
2696 5216 2822 5266 Ἐὰν
2852 5215 2943 5267 οὖν
2987 5215 3256 5284 κληρικοὶ,
3291 5216 3449 5283 φησι,
3488 5215 3790 5268 δικασθῶσι

2238 5307 2388 5375 παρὰ
2435 5308 2498 5372 τῇ
2569 5304 2880 5374 Ἐκκλησία,
2915 5306 3007 5356 καὶ
3076 5305 3353 5372 Ἀπαρέσῃ
3401 5305 3479 5354 ἐνὶ
3529 5304 3704 5372 μέρει,
3755 5307 3789 5372 ἡ

2239 5395 2378 5464 τομὴ
2403 5394 2510 5447 τῶν
2551 5393 2940 5460 δικαζομένων,
2969 5395 3088 5462 ἦτοι
3123 5394 3457 5462 ὴτέμνουσα
3493 5393 3589 5460 τὴν
3629 5393 3790 5460 δίκην

2241 5487 2534 5551 ἀπόφασις,
2572 5484 2657 5535 ἵνα
2701 5482 2773 5548 μὴ
2803 5482 2893 5551 ἐξῇ
2947 5500 3052 5535 τινι
3089 5483 3194 5534 τῶν
3251 5482 3428 5552 μερῶν
3471 5481 3652 5534 ἐλκειν
3705 5486 3793 5546 είς
