4018 6310
291 401 402 466 245

1295 401 1380 464 ΙΝ
1413 400 1575 464 CAN.
1636 398 1831 460 LXIII
1869 398 2075 460 CONC.
2116 395 2484 461 CARTHAG.

3394 384 3498 449 246

287 515 360 567 τδ
409 512 510 583 τῆς
543 513 807 584 δκκλήτου
841 514 1188 585 δικαστήριον
1221 517 1356 584 πρὸς
1392 515 1696 586 μαρτυρίαν
1756 514 1833 567 soi

1948 527 2110 568 causa
2129 511 2278 581 prius
2305 510 2607 570 examinata
2635 514 2738 572 est,
2775 505 2859 560 vel
2905 506 2993 575 qui
3043 519 3099 559 re
3128 504 3366 573 iudicata
3401 503 3493 556 ad-

288 602 669 672 δοκιμάσαντα
696 605 958 676 πρότερον
991 605 1091 674 τὴν
1123 605 1397 672 ὑπόθεσιν,
1449 607 1481 676 ἢ
1515 607 1608 660 καὶ
1663 623 1843 675 κρινο-

293 691 470 762 μένης
497 695 898 763 παρατυχόντα,
924 696 1017 749 καὶ
1067 697 1153 749 ῐνα
1209 696 1344 766 μηδέ
1393 713 1476 758 τις
1533 698 1838 764 προσήκων,

289 779 597 846 τουτέστιν,
633 784 976 854 ᾠκειωμένος
1000 787 1065 837 ἐκ
1093 787 1416 853 συγγενείας
1466 785 1499 854 ἦ
1539 785 1714 847 ἄλλως
1751 786 1844 836 ὲκ-

295 868 672 939 χλησιαστικῷ
724 889 854 938 τινι,
906 873 1132 942 Ξλκηται
1163 876 1244 936 είς
1303 873 1629 944 μαρτυρίαν.
1688 874 1842 936 Τινὲς

294 957 406 1028 γὰρ
483 959 899 1030 ἀπηρίθμηνται
956 964 1052 1016 καὶ
1119 966 1232 1025 τοῖς
1307 965 1601 1026 πολιτικοῖς
1657 964 1842 1032 νόμοις

293 1045 802 1118 ἑξκουσσευόμενοι,
839 1050 975 1104 ὥστε
1028 1054 1104 1122 μὴ
1155 1055 1378 1116 ἄκοντες
1421 1056 1731 1123 μαρτυρεῖν,
1767 1053 1842 1116 ὡς

289 1135 355 1188 ὲν
389 1135 581 1208 βιϐλίῳ
624 1138 852 1210 εὓρηται
901 1149 1005 1207 κα¹,
1040 1145 1143 1197 τίτ.
1200 1145 1268 1211 α’,
1301 1145 1616 1213 κεφαλαίοις
1657 1143 1840 1212 διαφό-

292 1243 434 1293 ροις.

288 1317 513 1370 ΑΡΙΣΤ.
573 1337 592 1370 ι
627 1321 920 1390 Κληρικδς,
972 1323 1203 1390 πρᾶγμα
1259 1323 1504 1387 δικάσας,
1535 1323 1582 1375 εί
1629 1323 1840 1392 ἀπαρε-

375 1425 394 1457 ι
435 1424 538 1471 σοι,
605 1411 688 1479 μὴ·
735 1412 1005 1465 καλείσθω
1059 1414 1186 1477 περὶ
1242 1413 1406 1465 αὐτοῦ
1458 1413 1596 1482 πρὸς
1636 1429 1838 1482 μαρτυο

360 1514 378 1547 ι
419 1498 542 1566 ρίαν
585 1502 664 1561 είς
693 1501 1062 1572 δικαστήριονα
1087 1503 1182 1556 καὶ
1228 1503 1366 1566 ὅλως
1387 1502 1840 1572 ἐκκλησιαστικὸν

369 1605 389 1635 ι
430 1587 719 1654 πρόσωπον
784 1590 858 1659 μὴ
922 1591 1196 1660 ἑναγὲσθω
1255 1595 1380 1663 περὶ
1433 1591 1527 1645 τοῦ
1605 1591 1841 1659 ὀφείλειν

368 1692 388 1725 ι
427 1679 743 1746 μαρτυρεῖν.
775 1699 794 1730 ι

369 1764 496 1818 Ἐάν
538 1782 680 1828 τινες
704 1771 854 1839 παρά
894 1788 1002 1825 τινι
1051 1771 1158 1824 τῶν
1202 1771 1476 1840 κληρικῶν
1520 1771 1837 1841 δικασθῆναι

1947 603 2069 666 fuit,
2093 603 2160 656 ad
2224 600 2620 670 provocationis
2684 599 2862 653 forum
2921 595 3208 652 testimonii
3283 594 3496 648 dicendi

1948 706 2107 747 causa
2133 675 2377 756 trahere;
2420 705 2590 758 neque
2642 697 2898 759 praeterea
2934 684 3217 755 quisquam
3274 699 3339 737 ex
3400 698 3494 736 co-

1948 781 2143 849 gnatis,
2177 779 2276 832 hoc
2304 788 2407 840 est,
2431 777 2796 832 ecclesiastico
2849 774 3055 830 homini
3092 771 3494 843 pr0pinquitate

1947 881 2036 925 aut
2061 872 2164 924 alia
2187 871 2390 924 ratione
2416 869 2754 937 coniunctus,
2786 869 2849 920 ad
2871 866 3104 920 dandum
3128 863 3494 917 testimonium

1945 971 2185 1031 cogatur.
2241 959 2371 1016 Nam
2425 968 2479 1015 et
2535 961 2705 1029 legum
2737 960 2982 1013 civilium
3024 958 3242 1011 decreto
3281 953 3496 1023 quidam

1945 1062 2348 1117 enumerantur,
2380 1068 2513 1121 quos
2542 1052 2734 1105 invitos
2764 1050 2827 1105 ad
2882 1047 3246 1104 testimonium
3304 1045 3495 1098 dicen—

1944 1145 2069 1198 dum
2091 1144 2333 1213 compelli
2385 1158 2490 1197 non
2530 1144 2733 1204 sinunt,
2767 1150 2826 1195 ut
2882 1141 2933 1194 in
2993 1140 3086 1194 lib.
3154 1150 3267 1199 ut,
3325 1136 3409 1188 tit.
3443 1135 3492 1198 l,

1944 1235 2169 1288 diversis
2192 1234 2243 1287 iu
2276 1235 2537 1300 capitibus
2573 1233 2895 1286 inveniatur.

1942 1323 2168 1378 ARIST.
2214 1342 2232 1375 ι
2265 1323 2523 1387 Clericus,
2547 1323 2636 1391 qui
2668 1336 2884 1376 causam
2913 1320 3193 1388 judicavit,
3227 1319 3272 1372 si
3306 1317 3488 1385 displi-

2019 1430 2037 1464 ι
2069 1422 2170 1477 cet,
2214 1415 2279 1467 ad
2312 1413 2542 1466 dandum
2575 1411 2640 1465 de
2669 1426 2730 1466 ea
2764 1410 3126 1464 testimonium
3163 1408 3228 1461 ad
3259 1406 3490 1460 tribunal

2019 1520 2036 1553 ι
2075 1516 2140 1556 ηε
2171 1510 2422 1556 vocetur:
2460 1509 2513 1555 et
2569 1499 2934 1554 ecclesiastica
2987 1497 3206 1550 omnino
3264 1508 3490 1562 persona

2018 1609 2035 1641 ι
2070 1592 2132 1646 ad
2160 1591 2522 1646 testimonium
2573 1589 2902 1645 reddendum
2943 1602 3008 1641 ne
3066 1585 3435 1654 compellatur.
3466 1601 3482 1632 ›

2015 1781 2070 1836 Si
2103 1781 2596 1851 quiaclericorum
2671 1780 2854 1850 aliquo
2907 1778 3134 1846 iudicari
3189 1777 3487 1846 elegerunt,

287 1854 632 1922 ᾑρετίσαντο,
665 1861 756 1912 καὶ
774 1860 843 1913 τὰ
865 1861 963 1929 τῆς
986 1861 1294 1925 ὑποθὲσεως
1331 1863 1696 1930 ἀνεκάλυψαν,
1719 1859 1833 1915 εἶτα

1945 1883 1996 1928 et
2021 1886 2241 1926 causam
2277 1885 2433 1925 suam
2467 1870 2792 1932 indicarunt,
2829 1877 3010 1937 postea
3048 1869 3100 1921 in
3135 1867 3333 1938 judicio
3377 1865 3491 1932 eius

283 1943 384 1995 ἐπὶ
412 1947 479 2012 τῇ
509 1946 796 2013 διαγνώσει
821 1949 986 2003 αὐτοῦ
1020 1950 1433 2021 ἀπηρέσθησαν,
1468 1953 1560 2004 καὶ
1599 1951 1838 2020 ἀπῆλθον

284 2034 371 2094 εις
395 2032 457 2086 τὸ
486 2037 798 2106 πρόσφορον
824 2040 1006 2102 αὐτοῖς
1032 2039 1400 2109 δικαστήριονο
1429 2041 1486 2093 οὗ
1521 2041 1838 2094 καλέσουσιν

283 2122 370 2182 εις
395 2127 704 2194 μαρτυρίαν
732 2128 823 2181 τὸν
853 2130 1151 2182 δικάσαντα
1192 2129 1474 2198 κληρικδν,
1531 2129 1589 2182 τὸ
1623 2130 1722 2198 μιν
1763 2129 1835 2192 ὡς

284 2210 853 2285 ιξκουσσατευόμενον
889 2218 998 2270 ἀπὸ
1037 2217 1130 2270 τοῦ
1169 2219 1358 2287 νόμου,
1409 2219 1503 2272 καὶ
1548 2217 1624 2287 μὴ
1671 2218 1839 2284 ἀναγ-

286 2298 593 2369 καζόμενον
637 2305 906 2370 ἀκουσίως
955 2311 1273 2377 μαρτυρεῖνο
1319 2311 1365 2360 oi
1414 2309 1520 2378 γὰρ
1568 2309 1644 2370 είς
1687 2308 1836 2376 ίερὰν

282 2390 634 2460 λειτουργίαν
668 2395 1105 2466 ἀπησχολημένοι
1136 2399 1360 2461 ἄκοντες
1383 2399 1442 2451 οὐ
1477 2398 1832 2467 μαρτυροῦσι·

280 2479 345 2529 τὸ
381 2480 462 2545 δὲ,
498 2483 591 2535 καὶ
639 2483 714 2547 ὡς
744 2486 1100 2556 κωλυόμενον,
1153 2491 1210 2541 ἐν
1234 2481 1277 2555 ᾧ
1312 2486 1656 2558 προσελήφθη
1697 2491 1836 2557 πρᾶο

278 2582 456 2634 γματι
488 2573 635 2640 παρὰ
669 2575 773 2626 τῶν
804 2575 984 2644 μερῶν
1015 2577 1291 2647 δικαστὴς,
1329 2579 1639 2647 μαρτυρεῖν.

876 2666 1111 2719 ΚΑΝΩΝ
1128 2666 1242 2720 EI".

285 2767 305 2798 ι
347 2751 483 2819 Περὶ
518 2752 615 2805 τοῦ
656 2754 953 2821 ἀφελέσθαι
983 2758 1049 2810 τὰ
1080 2758 1189 2811 τῶν
1231 2759 1499 2828 Ἑλλήνων
1537 2766 1832 2831 συμπόσια.

358 2860 378 2892 ι
411 2841 649 2897 κακεῖνο
672 2844 750 2897 ἔτι
773 2848 881 2915 μὴν
909 2847 991 2898 δεῖ
1013 2848 1232 2916 αἰτῆσαι
1257 2851 1405 2919 παρὰ
1436 2852 1540 2904 τῶν
1571 2854 1835 2918 Χριστιαο

355 2950 374 2982 ι
417 2932 523 2984 νῶν
549 2934 844 3002 βασιλέων·
870 2937 1057 3007 ἐπειδὴ
1086 2938 1237 3008 παρὰ
1275 2941 1342 2993 τὰ
1372 2941 1488 2994 θεῖα
1521 2944 1834 3010 παραγγέλ⁹

351 3039 373 3071 ι
416 3038 564 3091 ματα
617 3026 676 3077 ὲν
710 3027 925 3089 πολλοῖς
961 3028 1146 3093 τόποις
1187 3029 1462 3099 συμπόσια
1510 3031 1682 3094 οὕτως
1743 3037 1836 3088 ικ-

353 3132 371 3163 ε
408 3113 713 3180 τελοῦνται,
744 3118 808 3170 ix
857 3119 952 3188 τῆς
1003 3119 1225 3188 ἑθνικῆς
1265 3121 1473 3190 πλάνης
1536 3138 1832 3193 προσενεχ-

349 3222 370 3254 ι
411 3205 597 3269 θέντα,
622 3207 700 3270 ὡς
734 3210 828 3260 καὶ
869 3182 1228 3279 ,ξριστιανους
1251 3213 1362 3273 τοῖς
1389 3182 1615 3278 Ἕλλησι
1656 3182 1830 3282 λάθρξι
1859 3182 1900 3236 C

356 3312 376 3342 ε
421 3296 796 3364 προσάγεσθαι
825 3297 919 3351 ἐπὶ
948 3302 1014 3372 τῇ
1048 3299 1253 3350 τούτων
1285 3301 1472 3369 τελετῇ
1501 3317 1514 3330 ·
1550 3303 1635 3353 ἵνα
1653 3302 1834 3355 κελεύ-

351 3401 370 3433 ι
413 3397 548 3435 σωσι
564 3386 631 3436 τὰ
643 3401 866 3438 τοιαυτα
885 3386 1188 3455 κωλυθῆναι
1204 3389 1296 3440 καὶ
1309 3391 1372 3440 ὲκ
1385 3389 1495 3442 τῶν
1512 3390 1722 3444 πόλεων
1740 3393 1833 3443 καὶ

351 3490 370 3522 ι
412 3473 477 3525 ἐκ
505 3474 614 3526 τῶν
636 3477 912 3542 κτήσεωνο
946 3477 1177 3545 μάλιστα
1204 3479 1285 3530 ὅτι
1314 3477 1406 3531 καὶ
1429 3480 1485 3532 ὲν
1513 3479 1695 3541 αὐτοῖς
1723 3484 1831 3542 τοῖς

351 3580 371 3612 ι
404 3561 669 3628 γενεσίοις
685 3565 794 3616 τῶν
823 3566 1104 3634 μακαρίων
1138 3567 1429 3637 μαρτύρων
1451 3567 1552 3620 ἀνά
1565 3584 1712 3630 τινας
1737 3568 1830 3619 πό-

346 3669 363 3698 ι
401 3651 516 3713 λεις
532 3651 626 3703 καὶ
644 3653 721 3711 εἰς
736 3654 931 3715 αὐτοὺς
942 3654 1066 3716 τοὺς
1091 3656 1135 3706 is
1146 3657 1269 3724 pob;
1294 3649 1490 3715 τόπους
1509 3655 1573 3708 τὰ
1594 3655 1816 3708 τοιαῦτα

349 3758 369 3789 ι
409 3737 748 3808 πλημμελεῖν
817 3742 916 3811 οὐχ
945 3743 1289 3814 ὑφορῶνται·
1343 3747 1402 3811 εν
1432 3743 1518 3810 αἶς
1573 3747 1826 3816 ἡμέραις,

349 3852 370 3882 ι
408 3832 546 3901 ὅπερ
566 3831 662 3884 καὶ
684 3831 863 3898 λέγειν
877 3833 1102 3903 αἰσχύνη
1135 3835 1562 3905 ὲστὶν,ὀρχήσεις
1587 3836 1830 3905 μυσαρὰς

355 3937 376 3969 ι
411 3920 491 3979 είς
515 3920 642 3980 τοὺς
665 3921 871 3989 ἀγροὺς
891 3923 984 3973 καὶ
999 3925 1078 3985 είς
1097 3923 1196 3993 τὰς
1220 3925 1473 3987 πλατείας
1503 3925 1826 3985 ἐκτελοῦσιν,

349 4027 368 4058 ι
412 4008 558 4061 ὥστε
601 4011 668 4078 τῇ
707 4011 816 4062 τῶν
858 4011 1273 4066 οῖκοδεσποινῶν
1327 4017 1482 4083 τιμῇ,
1529 4018 1621 4068 καὶ
1654 4016 1825 4069 ἄλλων

354 4119 374 4148 ι
417 4098 808 4169 ἀναριθμήτων
855 4103 1128 4168 γυναικῶν
1195 4105 1259 4172 τῇ
1332 4105 1470 4156 αἰδοῖ
1521 4105 1629 4158 τῶν
1677 4106 1823 4158 εὐλα-

351 4208 370 4239 ι
412 4188 526 4241 ϐῶν
579 4193 660 4252 είς
715 4191 812 4258 τὴν
879 4191 1038 4257 ἁγίαν
1080 4192 1291 4263 ἡμέραν
1349 4198 1822 4264 παραγενομένων,

353 4297 373 4328 ι
416 4278 645 4346 λάγναις
683 4278 907 4349 ὕϐρεσιν
940 4280 1185 4350 ὶφορμᾷν
1212 4298 1227 4313 ο
1284 4282 1360 4345 ὡς
1407 4283 1501 4337 καὶ
1533 4285 1699 4352 αὐτῆς
1730 4286 1825 4352 τῆς

348 4389 366 4418 ι
414 4368 577 4436 ἁγίας
645 4353 881 4434 πίστεως
927 4370 1110 4440 σχεδὸν
1180 4371 1474 4440 φεύγεσθαι
1530 4373 1624 4444 τὴν
1664 4392 1800 4442 προσ

347 4481 367 4512 ι
407 4462 640 4515 ἐλευσιν.
680 4480 699 4516 ι

343 4550 547 4607 ΒΔΛΣ.
589 4552 797 4623 Ὠσπερ
852 4552 1090 4622 σήμερον
1145 4554 1202 4607 ιν
1262 4557 1500 4624 μνήμαις
1553 4557 1720 4622 ἁγίων
1765 4559 1829 4608 οὐ

275 4643 443 4709 μόνον
469 4640 615 4692 κατὰ
639 4641 734 4700 τὰς
766 4641 970 4705 πόλεις,
1002 4644 1140 4698 ἀλλὰ
1171 4643 1233 4715 δὴ
1267 4647 1360 4698 καὶ
1399 4646 1540 4698 κατὰ
1570 4647 1668 4707 τὰς
1723 4646 1826 4712 ἔξω

268 4729 485 4801 χώρας,
517 4729 760 4794 γίνονται
786 4733 1124 4802 πανηγύρεις
1157 4736 1252 4786 καὶ
1304 4734 1673 4804 χοροστασίαι,
1731 4736 1827 4788 καὶ

270 4817 408 4870 ἀλλα
441 4819 562 4871 τινὰ
587 4820 833 4886 παίγνια,
865 4820 1060 4884 οὕτως,
1086 4821 1158 4884 ὡς
1189 4821 1389 4888 Ιοικεν,
1435 4822 1710 4876 ἐτελοῦντο
1735 4823 1828 4876 καὶ

271 4906 515 4959 ἔκπαλαι
543 4923 558 4936 ο
592 4908 730 4977 πλὴν
760 4909 944 4961 ικεῖνα
976 4911 1196 4980 μυσαρᾶ
1227 4907 1390 4980 ἦσαν.
1433 4913 1521 4966 Διό
1562 4929 1727 4982 φασιν
1776 4916 1825 4966 oi

271 4995 522 5064 Πατέρες
551 4995 648 5059 ὡς.
679 4997 802 5049 ἐπεὶ
838 4999 895 5051 ὲν
935 4998 1153 5062 πολλοῖς
1179 5000 1368 5061 τόποις
1390 5002 1664 5066 συμπόσια
1704 5004 1824 5054 επι-

268 5083 581 5147 τελοῦνται,
607 5086 781 5156 ἀρχὴν
806 5088 1072 5158 ἐσχηκότα
1104 5091 1170 5140 ὲκ
1200 5088 1301 5158 τῆς
1337 5088 1656 5159 Ἑλληνικῆς
1686 5091 1822 5144 πλά-

271 5189 391 5241 νης,
424 5168 563 5224 ὥστε
596 5175 654 5225 ὲν
702 5174 883 5237 αὐτοῖς
927 5176 1253 5244 συνάγεσθαι
1307 5179 1398 5230 καὶ
1445 5174 1820 5248 Χρὶστιανοῦς,

267 5262 365 5314 καὶ
396 5261 668 5315 συντελεῖν
696 5264 871 5317 ταῦτα
917 5268 1029 5326 τοῖς
1064 5265 1316 5334 Ἕλλησι,
1357 5269 1474 5320 δέον
1506 5269 1650 5320 ἐστὶν
1676 5269 1816 5321 ὑπο-

271 5348 578 5417 μνησθῆναι
616 5350 743 5413 τοὺς
788 5351 1041 5419 βασιλεῖς,
1083 5353 1168 5406 ίνα
1204 5353 1489 5407 κωλύσωσι
1532 5355 1701 5407 ταῦτα
1730 5357 1824 5408 καὶ

272 5437 477 5504 μᾶλλον
508 5439 592 5490 ὅτι
625 5440 1067 5509 πλημμελοῦνται
1105 5443 1200 5496 καὶ
1249 5445 1328 5506 είς
1377 5445 1557 5513 ίεροὺς
1604 5445 1820 5509 τόπους.

268 5525 568 5594 Συμόαἰνει
594 5527 704 5597 γὰρ
727 5528 849 5582 οὐδὲ
884 5529 963 5591 είς
999 5531 1298 5600 ἑκκλησίαν
1341 5532 1669 5600 συνάγεσθαι
1721 5536 1821 5596 τὰς

267 5612 665 5683 εὐλαϐεστιρας
717 5616 825 5668 τῶν
879 5619 1154 5684 γυναικῶν
1186 5619 1272 5672 διὰ
1325 5621 1391 5673 τὰ
1443 5621 1690 5683 ἀτάκτως
1726 5625 1818 5674 καὶ

270 5702 599 5772 ἀσχημόνως
661 5705 958 5768 τηνικαῦτα
1011 5708 1292 5772 γινόμενα,
1351 5709 1420 5770 ὡς
1495 5710 1598 5760 τῶν
1649 5709 1815 5762 ταῦτα

1942 1977 2045 2016 non
2067 1962 2436 2044 acquiescunt‘Y
2471 1961 2564 2015 sed
2591 1959 2655 2014 ad
2699 1958 2931 2013 tribunal
2983 1957 3050 2012 iis
3097 1967 3278 2025 aptum
3330 1971 3486 2010 acce-

1941 2051 2110 2104 dunt:
2141 2064 2247 2103 non
2285 2050 2617 2103 vocabuntin
2649 2048 3006 2102 testimonium
3039 2047 3293 2100 clericum
3331 2046 3490 2098 istum

1941 2136 2034 2206 qui
2076 2136 2372 2202 judicavit,
2419 2144 2472 2190 et
2523 2143 2582 2189 ut
2639 2146 2954 2190 excusatum
3018 2150 3047 2187 a
3103 2131 3237 2201 lege,
3281 2139 3335 2186 et
3386 2147 3488 2186 nou

1939 2234 2182 2280 coactum
2211 2227 2374 2280 invite
2399 2227 2762 2281 testimonium
2807 2226 2937 2278 dare
2995 2224 3109 2292 (qui
3141 2225 3282 2277 enim
3335 2238 3491 2277 sacro

1940 2321 2134 2365 vacant
2157 2312 2478 2375 ministerio,
2504 2311 2656 2364 inviti
2688 2325 2792 2364 non
2826 2308 3130 2377 testantur);
3174 2315 3228 2360 et
3281 2316 3338 2359 ut
3367 2321 3487 2373 pro—

1941 2404 2169 2458 hibitum
2197 2403 2248 2456 in
2282 2403 2514 2471 negotio,
2547 2402 2599 2454 in
2633 2416 2739 2470 quo
2766 2415 2794 2453 a
2825 2398 3064 2470 partibus
3090 2406 3341 2467 acceptus
3374 2405 3490 2451 erat

1931 2495 2116 2563 judex,
2158 2491 2751 2549 testimonium-dicere.

2477 2670 2705 2727 CANON
2763 2668 2942 2725 LXIII.

1945 2776 1962 2808 ι
1993 2755 2061 2810 Ut
2097 2755 2410 2812 auferantur
2441 2756 2746 2811 Graecorum
2779 2757 3044 2810 convivia.
3090 2755 3224 2814 Illud
3269 2761 3484 2823 praetcr-

2025 2860 2134 2900 cea
2211 2859 2240 2896 a
2307 2843 2629 2900 Christianis
2699 2843 3110 2912 imperatoribus
3189 2841 3474 2910 petendum

2015 2954 2033 2986 ι
2076 2945 2190 2990 est:
2225 2936 2480 3005 quoniam
2512 2944 2704 3004 prater
2737 2936 2912 2987 divina
2944 2934 3195 2986 mandata
3223 2933 3272 2985 iu
3300 2931 3484 2985 multis

2018 3046 2034 3077 ι
2073 3027 2203 3081 locis
2225 3027 2464 3082 convivia
2500 3027 2581 3079 sic
2611 3036 2963 3094 peraguntur,
2988 3039 3050 3079 ex
3079 3023 3260 3094 gentili
3297 3037 3486 3076 errure

2013 3135 2028 3167 ι
2074 3117 2309 3179 inducta,
2340 3125 2397 3170 ut
2422 3118 2583 3170 etiam
2615 3116 2911 3171 Christiani
2940 3115 3003 3168 ad
3051 3129 3285 3183 paganos
3335 3113 3486 3167 clan-

2022 3225 2038 3255 ι
2081 3204 2261 3258 culum
2309 3205 2362 3257 in
2416 3219 2603 3258 eorum
2651 3202 3017 3257 celebratione
3071 3202 3368 3255 accedant:
3431 3211 3488 3252 ut

2024 3313 2040 3343 ι
2073 3294 2184 3346 ιιωο
2210 3291 2430 3361 jubeant
2458 3301 2512 3346 et
2540 3307 2605 3346 ex
2655 3292 2880 3346 urbibus
2938 3302 2991 3345 et
3028 3307 3091 3346 ex
3123 3291 3485 3360 possessioni-

2010 3406 2026 3431 ‹
2064 3383 2162 3437 bus
2214 3381 2427 3446 arceri;
2481 3383 2732 3444 maxime,
2771 3382 2892 3449 quia
2936 3392 2985 3434 et
3028 3382 3078 3434 in
3131 3383 3258 3449 ipsis
3299 3382 3486 3435 beato-

2011 3492 2027 3520 ε
2059 3485 2173 3526 rum
2203 3481 2495 3542 martyrum
2523 3471 2813 3531 natalibus,
2839 3472 2890 3524 in
2916 3471 3234 3539 quibusdam
3263 3470 3483 3525 urbibus

2019 3580 2036 3611 ι
2069 3561 2306 3616 etiamin
2343 3562 2470 3631 ipsis
2528 3563 2698 3617 sacris
2752 3561 2907 3624 locis,
2959 3559 3221 3627 ejusmodi
3271 3570 3484 3628 peccatu

2019 3670 2037 3699 ι
2077 3653 2413 3710 committere
2443 3666 2546 3706 non
2603 3651 2990 3715 reiormizlant;
3040 3651 3092 3703 in
3143 3650 3337 3718 quibus
3371 3651 3488 3701 die.

2007 3759 2024 3788 ι
2056 3740 2175 3801 bus,
2211 3740 2290 3791 vel
2315 3741 2484 3807 pudor
2511 3748 2595 3794 est
2618 3740 2824 3802 dicere,
2868 3740 3228 3793 exsecrandas
3247 3739 3486 3792 saltatio-

2007 3851 2022 3880 ι
2058 3844 2152 3883 nes
2208 3831 2260 3883 in
2288 3832 2432 3898 agris
2468 3841 2518 3882 et
2572 3831 2761 3897 plateis
2814 3838 3088 3897 peragunt,
3140 3839 3197 3883 ut
3252 3836 3481 3882 matrum

2013 3936 2030 3967 ι
2059 3918 2288 3971 familias
2323 3921 2601 3981 honorem,
2629 3930 2682 3973 et
2726 3920 2954 3972 aliarum
3010 3918 3481 3974 innumerabilium

2012 4027 2028 4056 ι
2063 4007 2268 4074 piarum
2291 4009 2595 4071 mulierum,
2617 4023 2737 4075 qua:
2759 4017 2948 4062 sancto
2975 4007 3061 4061 die
3084 4008 3298 4068 adsunt,
3327 4021 3482 4060 vere.

2008 4098 2309 4151 «cundiam
2368 4098 2579 4152 lascivis
2655 4096 2998 4152 contumeliis
3059 4099 3478 4164 aggrediantur:

2008 4205 2025 4234 ι
2067 4187 2200 4240 adeo
2229 4193 2287 4238 ut
2321 4187 2481 4238 etiam
2520 4185 2686 4253 ipsius
2713 4194 2911 4241 sancta
2939 4185 3059 4240 lidei
3079 4184 3467 4255 prapetnodum

2019 4292 2036 4324 ι
2071 4274 2344 4343 aufugiam
2377 4289 2674 4330 accessum.
2696 4293 2714 4326 ι

2001 4549 2193 4605 BALS.
2231 4551 2382 4607 Sicut
2444 4554 2601 4607 hodie
2657 4554 2712 4608 in
2760 4557 3068 4610 sanctorum
3097 4558 3481 4614 anniversariis

1930 4641 2351 4706 celebritatibus,
2377 4657 2480 4695 non
2515 4645 2686 4697 solum
2714 4645 2766 4698 in
2797 4645 3042 4710 urbibus,
3109 4647 3200 4701 sed
3233 4646 3394 4700 etiam
3427 4647 3477 4699 in

1927 4731 2059 4784 vicis
2086 4739 2138 4782 et
2169 4729 2340 4797 pagis,
2372 4731 2498 4784 fiunt
2539 4732 2814 4785 bominmn
2834 4744 3130 4787 conventus
3161 4737 3476 4800 cborecque

1927 4819 2218 4882 ducuntur,
2247 4829 2299 4874 et
2331 4821 2433 4874 alia
2471 4823 2713 4893 quadam
2747 4824 2952 4877 ludicra
2980 4842 2993 4877 :
3029 4825 3129 4887 sic,
3155 4833 3314 4878 utest
3338 4827 3478 4878 veri-

1926 4909 2119 4974 simile,
2163 4911 2286 4964 olim
2316 4926 2539 4981 quoque.
2578 4915 3010 4982 peragebantur;
3056 4916 3148 4969 sed
3205 4931 3264 4969 ea
3323 4927 3479 4969 erant

1924 5000 2272 5062 exsecranda.
2309 4999 2370 5054 Et
2397 5003 2516 5056 ideo
2539 5003 2722 5058 dicunt
2761 5003 2969 5071 Patres,
3017 5006 3154 5074 quod
3219 5002 3471 5075 quoniam

1927 5091 2109 5144 multis
2137 5092 2189 5142 iu
2225 5093 2359 5146 locis
2394 5095 2640 5147 convivia
2676 5104 3024 5164 peraguntur,
3050 5110 3165 5163 quae
3198 5111 3225 5148 a
3285 5095 3471 5148 Greco

1925 5194 2109 5235 errore
2139 5181 2443 5236 habuerunt
2475 5183 2796 5251 principium
2820 5191 2877 5237 ut
2909 5183 2961 5236 in
2995 5184 3074 5237 eis
3134 5184 3294 5236 etiam
3351 5197 3477 5238 con-

1923 5270 2172 5323 venirent
2197 5269 2508 5332 Christiani,
2545 5279 2596 5324 et
2623 5273 2810 5325 eadem
2869 5288 2988 5325 cum
3019 5271 3220 5325 Gracis
3249 5287 3472 5343 perage-

1923 5365 2075 5413 rent:
2119 5357 2444 5411 admonendi
2508 5366 2634 5412 sunt
2685 5360 3035 5427 imperatores
3085 5368 3142 5412 ut
3186 5373 3247 5412 ea
3292 5361 3469 5428 prohi-

1921 5445 2121 5509 beant;
2146 5453 2200 5496 et
2229 5459 2292 5498 eo
2323 5446 2514 5514 magis.
2552 5447 2692 5513 quod
2723 5449 2882 5500 etiam
2919 5447 2970 5500 in
2996 5461 3148 5500 sacra
3202 5447 3314 5502 loca
3347 5461 3470 5516 pec-

1919 5541 2061 5586 cant.
2099 5531 2285 5588 Evenit
2314 5535 2478 5600 enim,
2512 5547 2683 5592 utnec
2714 5537 3076 5606 religiosiores
3117 5539 3365 5593 mulieres
3416 5541 3470 5593 in

1918 5622 2198 5676 ecclesiam
2250 5626 2838 5696 conveniant,pr0pter
2883 5643 2945 5682 ea
2969 5643 3085 5697 quae
3144 5631 3367 5698 turpiter
3415 5640 3468 5683 et

1919 5712 2171 5768 indecore
2203 5713 2367 5769 limit:
2393 5731 2586 5787 nempe
2614 5733 2734 5774 cum
2761 5721 2819 5788 ii,
2850 5723 3082 5790 quiluec
3110 5721 3327 5784 audent,
3363 5719 3464 5771 im-
