4018 6310
225 396 348 460 249

1374 388 1455 448 1N
1487 386 1652 448 CAN.
1697 387 1841 446 LXV
1878 384 2079 448 δοκε.
2114 385 2471 446 ΟΛΙὶΤΠΑῦ

3375 374 3479 439 ἳὸῧ

224 512 310 581 τῷ
348 508 601 581 Τρούλλῳ
637 506 855 561 συνόδου
892 507 1069 561 κανὼν
1101 505 1198 574 τὴν
1225 504 1355 575 ὅλην
1390 504 1665 571 ἑϐδομάδα
1689 503 1785 555 τοῦ

1928 520 1956 554 ιι
1993 501 2179 555 Trullo
2201 502 2411 555 canone
2463 496 2554 562 (i6,
2611 509 2920 551 universam
2954 490 3236 548 Pascbatis
3276 488 3479 543 hebdo-

228 603 436 671 Πάσχα
470 602 528 653 ἐν
560 601 681 662 ταῖς
706 598 1024 665 ἐκκλησίαις
1052 594 1347 667 σχολάζειν
1399 597 1624 648 ἀπαιτεῖ
1681 596 1804 655 τοὺς

230 696 474 757 πιστοὺς
494 695 553 746 ἐν
570 692 806 762 ψαλμοῖς
845 690 940 743 καὶ
962 690 1174 760 ὕμνοις,
1209 688 1415 751 καὶτὰς
1438 686 1808 755 ἱπποδρομίας

227 786 462 839 κωλύει.

228 875 468 930 ΔΡῙΣΤ.
530 894 551 927 ι
587 873 812 945 θέατρα
836 873 1148 943 Κυριακαῖς
1181 870 1279 924 καὶ
1308 871 1524 940 ἑορταῖς
1579 870 1641 921 ού
1683 886 1802 922 συν-

844 986 863 1018 ι
896 967 1141 1032 ἀγονται.
1181 982 1198 1014 ι

324 1061 414 1113 Ἦν
479 1058 590 1128 γὰρ
646 1060 767 1122 ταῖς
823 1058 1076 1127 φαιδραῖς
1142 1055 1367 1115 ταύταις
1437 1055 1673 1123 ἡμέραις
1732 1056 1809 1115 εἰς

225 1152 341 1221 τὴν
395 1150 705 1217 ἐκκλησίαν
750 1150 962 1218 πρέπον
997 1149 1113 1199 ἐστὶ
1137 1146 1465 1210 συνάγεσθαι
1516 1148 1643 1208 τοὺς
1670 1146 1809 1214 Χρι-

228 1245 535 1309 στιανούς·
595 1247 690 1299 καὶ
737 1245 796 1298 οὐ
850 1244 929 1297 δεῖ
973 1239 1245 1294 τελεῖσθαι
1294 1240 1351 1290 ἐν
1414 1238 1607 1298 αὑταῖς
1653 1238 1813 1288 immo

224 1338 463 1409 δρόμια.

838 1475 1078 1530 ΚΛΝΩΝ
1108 1472 1229 1531 ΞΕ’.

231 1607 254 1637 ι
314 1591 455 1658 Περὶ
496 1588 607 1642 τῶν
638 1587 1157 1656 καταδικαζομένων
1198 1585 1510 1653 -κληρικῶν,
1573 1583 1813 1635 Κάκετνο

313 1698 334 1729 α
379 1681 466 1734 δεῖ
501 1680 748 1750 αίτῆσαι,
806 1680 895 1732 ἵνα
934 1679 1119 1748 ὁρίσαι
1168 1675 1607 1739 καταξιώσωσιν,
1674 1674 1815 1727 ὥστε

312 1790 332 1820 ο
382 1772 651 1841 κληρικδν
714 1772 1038 1840 οίασδήποτε
1093 1768 1261 1837 τιμῆς
1306 1767 1668 1837 τυγχάνοντα,
1727 1765 1814 1816 ἐπ’

314 1882 333 1914 ι
378 1864 687 1931 οῑῃδήποτε
717 1863 1022 1932 ἐγκλήματι
1047 1865 1113 1931 τῇ
1147 1862 1254 1914 τῶν
1289 1860 1606 1913 ἐπισκόπων
1636 1858 1815 1927 κρίσει

313 1974 331 2005 ι
384 1953 883 2016 καταδικασθέντα,
951 1952 1026 2022 μὴ
1086 1951 1287 2017 ἐξεῖναι
1352 1951 1444 2002 τὸν
1494 1950 1655 2002 αὑτὸν
1708 1949 1817 2001 εἴτε

303 2062 330 2096 ι
376 2044 533 2114 παρὰ
595 2043 694 2113 τῆς
751 2042 1046 2113 ἐκκλησίας
1093 2037 1162 2110 ἦς
1222 2041 1483 2109 ὑπῆρχεν,
1534 2038 1644 2090 εἴτε
1711 2038 1818 2090 ἀπὸ

311 2155 332 2184 ο
375 2135 701 2205 οίουδήποτε
770 2134 1059 2203 ἀνθρώπου
1113 2130 1499 2185 διεκδικεῖσθαι
1540 2130 1749 2198 ποινῆς.
1783 2129 1814 2197 ῆ

308 2247 328 2279 ι
380 2229 480 2281 ἐπὶ
541 2227 717 2297 τούτῳ
765 2222 1188 2295 παρεντεθείσης
1254 2219 1457 2288 ζημίας
1520 2219 1818 2287 χρημάτων

308 2340 327 2369 ι
378 2318 478 2372 καὶ
501 2319 685 2388 τιμῆς.
716 2319 865 2379 ὅπως
901 2315 1035 2385 μηδέ
1057 2316 1246 2384 κεῖραν
1277 2310 1410 2381 μηδέ
1434 2309 1593 2375 φύσιν
1626 2306 1793 2361 ἀπολο

311 2430 330 2461 ι
380 2412 593 2479 γητέαν
629 2406 768 2462 εἶναι
794 2408 1146 2466 κελεύσωσιν.
1184 2424 1202 2456 ι

305 2500 510 2553 ΒᾹΛΣ.
593 2500 862 2568 Κληρικοί
937 2514 1084 2559 τινες
1159 2495 1655 2557 καταδικασθέντες
1719 2492 1813 2544 ἐπὶ

231 2590 677 2658 ἐγκληματικαῖς
708 2588 1000 2650 αίτιάσεσι,
1027 2586 1120 2640 καὶ
1156 2586 1289 2655 μηδὲ
1327 2586 1576 2654 βοήθειαν
1604 2583 1818 2652 ἔχοντες

232 2680 513 2748 ἐκκλήτου
556 2678 721 2749 (οὕτω
755 2678 864 2746 γὰρ
897 2678 1196 2747 ἐκληπτέον
1224 2678 1293 2729 τὰ
1323 2676 1418 2730 τοῦ
1444 2675 1686 2744 κανόνος)
1716 2674 1820 2727 πή-

230 2772 322 2824 λιν
377 2770 591 2840 ὤχλουν
648 2770 1122 2838 ἀποκαταστῆναι.
1216 2768 1421 2838 Ἠρεσε
1501 2764 1631 2832 γοῦν
1706 2765 1819 2828 τοῖς

236 2863 526 2931 Πατρασιν
552 2860 967 2930 ὑπομνησθῆναι
1000 2861 1126 2921 τοὺς
1158 2857 1417 2928 βασιλεῖς,
1453 2856 1539 2909 ἵνα
1561 2855 1817 2924 ὁρίσωσιν

234 2953 564 3007 ὑποκεῖσθαι
598 2954 755 3020 ποινῇ
786 2953 1099 3020 χρηματικῇ
1151 2950 1243 3002 καὶ
1302 2947 1594 3015 ἀφαιρέσει
1651 2945 1815 3013 τιμῆς

237 3046 369 3107 τοὺς
432 3042 781 3104 ἐκδικοῦντας
833 3042 1080 3103 τούτους,
1143 3035 1691 3105 ἐκκλησιαστικοὺςῆ
1721 3035 1816 3087 καὶ

1911 589 2120 643 madam
2143 590 2195 642 in
2226 587 2473 642 ecclesiis
2509 598 2687 656 agere,
2725 593 3044 652 tempusque
3068 579 3290 646 psalmis
3315 584 3479 643 atque

1910 680 2126 749 hymnis
2183 675 2531 733 concinendis
2584 675 2905 739 traducere,
2963 670 3148 725 tideles
3198 669 3479 738 iubentur,

1909 766 2614 838 equorumquecertamina
2639 764 3017 834 prohibemur.

1910 860 2131 917 ARiST‘.
2175 879 2193 913 ι
2225 862 2456 914 Theatra
2516 856 2808 911 Dominicis
2862 865 2917 909 et
2968 855 3119 908 festis
3146 849 3339 907 diebus
3369 862 3479 903 non

2471 968 2489 1001 ι
2528 950 2886 1003 celebrantur.
2918 964 2937 996 ι

1984 1046 2041 1100 1η
2074 1045 2335 1098 hilaribns
2357 1044 2499 1098 enim
2559 1042 2745 1096 diebus
2800 1039 2917 1092 istis
2948 1038 2999 1089 in
3038 1032 3271 1090 ecclesia
3320 1030 3447 1085 Chri

1912 1139 2118 1191 stianos
2151 1136 2443 1191 convenire
2478 1134 2633 1190 decet
2667 1151 2681 1186 :
2709 1142 2763 1186 et
2797 1145 2901 1184 non
2941 1138 3153 1196 oportet
3181 1125 3390 1195 equiria
3417 1122 3470 1175 in

1913 1229 1981 1282 iis
2010 1227 2295 1281 celebrari.

2365 1484 2530 1556 599
2588 1479 2819 1538 CANON
2866 1477 3025 1533 va.

1925 1606 2046 1656 «De
2110 1600 2347 1663 clericis,
2403 1600 2493 1667 qui
2562 1596 3016 1651 condemnamur.
3091 1589 3225 1645 Illud
3266 1602 3482 1656 quoque

2006 1718 2023 1749 ι
2058 1695 2343 1764 petendum
2369 1700 2473 1755 est,
2501 1701 2557 1743 ut
2596 1697 2838 1744 statuere
2862 1686 3177 1751 dignentur,
3210 1696 3281 1733 ne
3304 1680 3483 1741 liccat,

1997 1811 2022 1837 ιι
2057 1788 2318 1841 clericum
2384 1794 2763 1853 quemcunque
2808 1779 3066 1830 honorem
3121 1768 3481 1833 obtinentem,

2009 1902 2024 1930 ε
2058 1881 2111 1933 in
2145 1890 2470 1948 quocunque
2486 1872 2714 1926 crimine
2738 1862 3484 1937 episeOporumjudicioeon-

2002 1990 2018 2021 ι
2060 1964 2498 2027 demnatum.vel
2524 1964 2590 2016 ab
2638 1961 2863 2017 ecclesia
2912 1958 3064 2025 cujus
3098 1955 3220 2018 fuit,
3273 1952 3358 2006 vel
3412 1950 3479 2004 ab

2013 2082 2029 2111 ι
2068 2062 2178 2114 ullo
2206 2059 2424 2114 homine
2450 2055 2667 2109 liberari
2698 2069 2724 2105 a
2753 2065 2941 2121 paena;
2967 2045 3166 2113 alioqui
3212 2046 3356 2096 hunc
3390 2055 3483 2096 Dc-

2005 2173 2023 2204 ι
2054 2152 2210 2204 cunia
2239 2149 2577 2217 et.dignitate
2610 2142 2848 2203 multari,
2886 2154 2987 2193 nec
3017 2145 3227 2191 aetatem
3262 2147 3360 2187 nec
3391 2145 3485 2185 na-

2014 2262 2031 2294 ι
2070 2254 2246 2296 turam
2273 2237 2636 2294 excusandam
2664 2248 2785 2289 esse
2816 2231 3095 2299 jubeant.)

1997 2504 2194 2559 BALS.
2255 2500 2447 2556 Clerici
2503 2497 2721 2565 quidam
2776 2495 2827 2546 in
2875 2490 3058 2546 causis
3116 2484 3489 2542 criminalibus

1923 2592 2290 2653 condemnati,
2314 2601 2367 2645 et
2390 2604 2487 2643 nec
2516 2584 2896 2655 appellationis
2926 2580 3187 2636 auxilium
3213 2577 3480 2632 habentes

1920 2691 2019 2759 (ita
2062 2697 2149 2741 est
2207 2683 2349 2737 enim
2400 2678 2778 2747 intelligendus
2828 2673 3024 2741 canon)
3084 2670 3289 2726 restitui
3341 2678 3488 2723 sata-

1920 2782 2137 2849 gebant.
2175 2775 2384 2829 Placuit
2441 2787 2569 2837 ergo
2634 2768 2912 2829 Patribns,
2970 2766 3323 2833 imperatores
3386 2760 3483 2812 ad-

1920 2871 2148 2931 moneri,
2198 2876 2255 2920 ut
2287 2871 2524 2919 statuant
2552 2876 2723 2928 paena:
2755 2857 3081 2925 pecuniariae
3108 2864 3163 2908 ct
3198 2850 3485 2919 privationi

1920 2961 2139 3015 honoris
2170 2972 2265 3013 eos
2294 2956 2506 3024 subjici,
2539 2953 2629 3018 qui
2672 2950 2791 3003 illos
2825 2947 3123 2999 defendunt
3148 2960 3209 2998 ac
3236 2943 3489 3003 liberant,

1921 3053 2034 3106 sive
2064 3052 2175 3103 sint
2201 3042 2581 3102 ecclesiastici,
2610 3040 2724 3093 sive
2752 3038 2916 3091 etiam
2953 3035 3067 3097 alii,
3126 3035 3492 3099 cujuscunque

235 3135 484 3204 ἐτέρους,
510 3133 614 3186 κᾶν
654 3132 771 3195 οἵας
818 3125 920 3184 ὦσι
950 3131 1159 3200 κείρας,
1197 3131 1362 3201 ἤγουν
1395 3127 1633 3197 ἡλικίας,
1662 3124 1694 3193 ἢ
1720 3124 1816 3177 καὶ

1924 3146 2027 3199 sint
2056 3140 2234 3195 aetatis
2266 3139 2348 3191 vel
2374 3144 2600 3188 naturre.

234 3245 478 3300 φύσεως.

316 3320 564 3374 ΖΩΝΔΡ.
607 3319 856 3388 ’ῌτησαν
904 3316 951 3366 οἱ
988 3313 1230 3379 Πατέρες
1296 3310 1583 3381 ὁρισθῆναι
1640 3306 1817 3359 καὶτὸ

241 3413 456 3483 μηδένα
484 3409 746 3479 κληρικδν
775 3403 1238 3475 καταδικασθέντα
1288 3403 1439 3471 παρὰ
1465 3399 1558 3453 τοῦ
1590 3397 1819 3450 ἐπισκό-

237 3521 345 3555 που
377 3500 545 3554 αὑτοῦ
577 3500 671 3551 ἐπί
692 3515 798 3549 τινι
830 3494 1141 3563 ἐγκλήματι
1169 3489 1559 3545 διεκδικεῖσθαι
1605 3488 1637 3556 ἢ
1670 3486 1818 3554 παρὰ

236 3597 338 3664 τῆς
368 3591 668 3660 ἐκκλησίας
721 3584 789 3659 ἦς
819 3588 1034 3654 ὑπῆρχε
1098 3584 1378 3651 κληρικὸς,
1410 3583 1441 3651 ἢ
1478 3579 1631 3648 παρά
1674 3592 1818 3636 τινος

241 3658 543 3754 ἀνθρώπου
595 3658 854 3733 δυνάστου
915 3677 1094 3744 τυχόν·
1156 3674 1251 3727 καὶ
1320 3670 1522 3740 ζημίαν
1580 3658 1821 3732 ἠξίωσαν

241 3773 385 3827 κατὰ
416 3771 512 3824 τοῦ
544 3767 890 3828 ἐκδικοῦντος
923 3764 1085 3817 αὐτον
1135 3760 1418 3831 ὁρισθῆναι
1447 3759 1540 3810 καὶ
1571 3759 1649 3818 εἰς
1683 3757 1821 3825 χρή-

245 3881 393 3933 ματα
429 3864 527 3915 καὶ
558 3860 636 3922 εὶς
668 3859 855 3928 τιμήν·
882 3855 1023 3907 ὥστε
1082 3854 1175 3905 καὶ
1223 3855 1480 3922 γρήματα
1527 3850 1618 3901 τὸν
1664 3847 1822 3899 τοῦτο

244 3957 422 4008 ποιεῖν
463 3949 854 4021 ἐπιχειροῦντα
883 3946 1140 4016 ζημιοῦν,
1173 3946 1266 3997 καὶ
1318 3946 1395 4005 εἰς
1446 3941 1612 4010 τιμὴν
1656 3937 1820 3992 αὑτοῦ

242 4042 584 4115 κινδυνεύειν
638 4040 1022 4108 ἀτιμούμενον.
1077 4036 1186 4088 Καὶ
1246 4028 1382 4105 μήτε
1446 4031 1662 4101 ἡλικίαν
1703 4028 1821 4081 τινα

245 4132 650 4205 προϐάλλεσθαι
704 4133 780 4192 είς
837 4128 1127 4195 ὠφέλειαν,
1200 4125 1363 4193 τυχὸν
1416 4125 1498 4175 ὅτι
1556 4122 1671 4181 νέος
1699 4114 1820 4188 ἦνὸ

245 4226 478 4296 ποιήσας
506 4223 690 4285 τοῦτο,
714 4223 747 4291 ἦ
776 4222 951 4291 γέρων
999 4217 1164 4280 πάνυ,
1202 4217 1292 4268 καὶ
1340 4215 1457 4267 δέον
1490 4211 1654 4264 αὑτὸν
1687 4224 1820 4273 συγ-

246 4315 564 4381 γνωσθῆναι
620 4312 707 4365 διὰ
772 4311 869 4379 τὴν
933 4308 1150 4375 ἡλικίαν
1198 4307 1395 4374 (κεῖρα
1464 4305 1571 4370 γὰρ
1636 4300 1820 4368 ἡλικία

247 4410 419 4471 ἐστὶν,
456 4407 537 4468 ὡς
565 4402 834 4469 πολλαχοῦ
882 4396 1118 4465 εἴρηται)
1156 4398 1291 4463 μήτε
1342 4394 1429 4445 διὰ
1466 4392 1563 4458 τὴν
1620 4389 1780 4455 φύσιν
1804 4425 1818 4449 ,

1997 3314 2253 3371 ZONAB.
2288 3313 2551 3365 Praeterea
2586 3323 2651 3361 ne
2672 3321 2830 3376 quem
2874 3303 3128 3359 clericum
3162 3315 3192 3353 a
3229 3314 3327 3353 suo
3376 3299 3493 3363 coi-

1923 3422 2087 3475 scopo
2112 3406 2182 3459 ob
2240 3403 2445 3457 crimen
2498 3398 2715 3463 aliquod
2776 3394 3219 3453 condemnatum;
3280 3400 3369 3441 aut
3425 3392 3491 3444 ab

1923 3499 2176 3559 ecclesia,
2209 3489 2633 3563 cujus.clericus
2689 3488 2887 3545 fuerat,
2927 3491 3020 3535 aut
3074 3481 3141 3531 ah
3199 3478 3305 3530 alio
3353 3476 3492 3536 viro,

1922 3593 2150 3662 dynasta
2183 3587 2342 3648 forte,
2374 3578 2578 3635 absolvi
2621 3576 2802 3638 liceat,
2832 3571 3021 3625 Patres
3046 3567 3264 3623 decerni
3298 3565 3490 3619 volue-

1924 3688 2049 3734 runt
2099 3679 2177 3730 Ac
2230 3677 2275 3730 si
2309 3674 2432 3741 quis
2464 3667 2739 3723 hominem
2772 3662 3087 3722 absolverit,
3134 3673 3256 3713 eum
3310 3664 3363 3710 et
3396 3670 3492 3723 pe-

1925 3768 2080 3822 Cunia
2110 3764 2269 3821 simul
2299 3771 2354 3817 et
2386 3760 2643 3828 dignitate
2680 3755 2931 3819 multari;
2979 3753 3050 3804 ita
3085 3761 3142 3803 ut
3183 3750 3491 3818 quicunque

1927 3859 1975 3908 id
2015 3869 2299 3923 aggressus
2332 3850 2518 3912 fuerit,
2550 3857 2606 3900 et
2632 3844 2858 3915 pecunia
2896 3842 3175 3901 multetur,
3198 3852 3245 3890 et
3283 3839 3491 3889 honore

1927 3947 2189 4015 spoliatus
2221 3944 2534 4010 dignitatem
2564 3939 2803 3990 amittat.
2830 3934 3015 4000 Neque
3040 3945 3185 3995 vero,
3219 3937 3313 3981 aut
3360 3936 3490 3980 πια-

1928 4041 1995 4092 tis
2045 4034 2448 4091 excusationem
2477 4028 2728 4084 admitti:
2773 4024 2923 4094 (uita,
2983 4023 3123 4091 quod
3178 4019 3494 4073 adolescens

1927 4132 2236 4191 admodum,
2286 4127 2376 4194 qui
2416 4126 2467 4178 id
2520 4122 2667 4185 fecit,
2720 4120 2803 4173 vel
2853 4117 3044 4171 aﬂ'rcta
3100 4122 3258 4168 actate
3305 4113 3395 4169 sit,
3435 4125 3498 4164 ac

1925 4228 2209 4290 propterea
2247 4216 2453 4270 crimen
2489 4214 2630 4265 aetati
2658 4207 2953 4264 condonari
3009 4214 3258 4273 oporteat
3315 4204 3495 4269 (κεῖραι

1926 4323 2159 4377 namque
2213 4314 2425 4359 aetatem
2474 4301 2746 4370 signiﬁcat
2810 4308 2867 4351 ut
2917 4312 3059 4365 smpe
3112 4292 3368 4359 diximus)
3406 4302 3499 4342 aut

1927 4414 2114 4461 sexus,
2150 4398 2314 4452 veluti
2342 4395 2483 4463 quod
2506 4409 2536 4446 a
2600 4392 2824 4445 tttttliere
2877 4389 2926 4441 id
2960 4387 3169 4440 facinus
3217 4393 3488 4453 patratum

246 4495 357 4553 οἷον
390 4498 475 4551 ὅτι
506 4494 643 4563 γυνὴ
694 4488 761 4563 ἦν
792 4494 825 4558 ἡ
872 4489 1029 4541 τοῦτο
1076 4486 1375 4554 ποιήσασα.
1434 4482 1507 4532 Τὸ
1540 4480 1596 4531 δὲ
1627 4478 1818 4530 διεκδι-

1928 4493 2017 4546 sit.
2049 4489 2177 4543 Illud
2210 4497 2393 4540 autem
2453 4484 2678 4537 verbum
2730 4478 3143 4537 διεκδικεῖσοαι,
3187 4475 3290 4527 hoc
3346 4473 3497 4533 loeti,

248 4590 466 4642 κεῖσθαι
498 4582 733 4639 ἐνταῦθα
753 4582 872 4651 οὐχὶ
914 4580 972 4632 τὸ
1001 4571 1504 4645 ἀντιλαμϐάνεσθαι
1537 4569 1633 4622 τοῦ
1658 4586 1823 4621 κατα-

249 4670 599 4738 δικασθέντος
629 4676 767 4736 ἐστὶ,
793 4674 1042 4738 λέγοντος
1071 4666 1380 4722 ἀδικεῖσθαι
1411 4662 1504 4714 καὶ
1536 4658 1822 4728 ζητοῦντος

250 4771 520 4838 ἔκκλητον
546 4766 697 4827 ἴσως·
738 4766 786 4817 εί
812 4762 917 4831 γὰρ
950 4760 1105 4813 τοῦτο
1141 4757 1290 4810 εἴποι
1342 4770 1445 4815 τις,
1484 4750 1696 4811 πολλοῖς
1725 4764 1824 4800 κα-

253 4863 399 4914 νόσιν
445 4854 927 4923 ἐναντιωθήσεται,
975 4852 1087 4911 τοῖς
1139 4846 1338 4899 διδοῦσι
1397 4844 1511 4903 τοῖς
1545 4839 1823 4908 κληρικοῖς

253 4954 518 5019 ἔκκλητον
550 4946 897 5017 αἰτιωμένοις
953 4944 1049 5001 τᾶς
1085 4940 1297 5009 ψήφους
1345 4935 1455 4987 τῶν
1503 4930 1821 4984 ἐπισκόπων

254 5044 461 5098 αύτῶνο
494 5041 631 5094 ἀλλὰ
674 5039 758 5101 τὸ,
813 5034 1037 5095 δικαίως
1068 5031 1161 5085 τοῦ
1209 5026 1472 5098 κληρικοῦ
1534 5022 1827 5076 καταδικα-

257 5135 502 5195 σθέντος,
532 5130 760 5183 κωλύειν
789 5128 909 5179 τινα
938 5112 1327 5191 ἐκϐιϐασθῆναι
1358 5118 1453 5189 τήν
1500 5116 1678 5185 ψῆφον
1727 5111 1822 5165 τοῦ

254 5224 554 5279 ἐπισκόπου
583 5219 726 5291 χειρὶ
751 5216 1052 5288 χρώμενον.

256 5332 485 5389 ΔΡΙΣΤ.
528 5349 548 5382 ι
592 5326 889 5399 Κληρικὸς,
939 5324 1241 5379 ἐπισκόπου
1302 5321 1481 5391 κρίσει
1531 5319 1826 5371 καταδικα⁴

474 5440 495 5473 ι
542 5420 712 5484 σθεὶς,
742 5419 893 5487 παρὰ
943 5416 1171 5487 μηδενὸς
1200 5412 1542 5467 ἐκδικείσθω.
1592 5429 1610 5461 ι

334 5516 398 5567 ’0
458 5507 883 5569 καταδικασθεὶς
937 5505 1023 5559 ἐπ’
1053 5502 1361 5573 ἐγκλήμασι
1421 5501 1553 5569 παρ’
1606 5498 1825 5551 ἐπισκό-

254 5624 357 5659 που
387 5600 669 5671 κληρικὸς,
713 5600 763 5652 εί
809 5597 908 5668 μὲν
949 5597 1122 5648 οἴεται
1182 5590 1510 5657 ἀδικεῖσθαι,
1574 5588 1823 5642 ἐκκαλεί-

259 5696 393 5756 σθω,
442 5691 771 5754 αύθεντῑκῶς
830 5688 883 5742 δὲ
941 5686 1055 5756 μετ’
1105 5684 1353 5751 ἐξουσίας
1386 5683 1458 5753 μὴ
1508 5680 1657 5751 παρά
1681 5696 1823 5742 τινος

261 5783 463 5839 ltuitst
476 5782 597 5836 30m.

1932 4597 2033 4635 non
2066 4595 2160 4650 pro
2189 4594 2254 4633 eo
2285 4577 2535 4637 sumitur,
2563 4572 2707 4641 quod
2751 4581 2835 4625 est
2868 4567 3120 4634 alicujus,
3181 4565 3271 4633 qui
3328 4578 3385 4616 se
3418 4563 3499 4613 in-

1921 4675 2067 4744 juste
2094 4672 2412 4725 damnatqu
2453 4674 2731 4734 queratur,
2794 4661 3006 4725 sibique
3060 4654 3493 4726 provocationem

1931 4762 2045 4817 dari
2078 4760 2330 4832 postulet,
2358 4756 2718 4827 patrocinium
2763 4751 3084 4819 suscipere;
3123 4746 3176 4799 id
3235 4746 3376 4799 enim
3407 4743 3498 4810 qui

1930 4854 2148 4914 dixerit,
2186 4851 2368 4905 multis
2399 4847 2699 4902 cauonihus
2729 4839 3123 4901 adversabitur,
3188 4836 3401 4902 quibus,
3456 4833 3498 4884 si

1932 4945 2110 4996 minus
2144 4942 2521 5009 episcoporum
2554 4934 2833 4987 sententia:
2888 4930 3073 4983 clerici
3121 4925 3496 4993 acquiescant,

1929 5034 2133 5083 eisdem
2163 5026 2476 5097 provocatio
2511 5022 2863 5077 conceditur:
2904 5019 2996 5073 sed
3037 5026 3141 5079 est,
3174 5016 3319 5083 juste
3372 5026 3498 5063 con-

1931 5119 2182 5171 demnato
2213 5115 2433 5176 clerico,
2470 5112 2703 5180 epiSt'opi
2741 5108 3023 5162 sententia:
3086 5101 3491 5157 exsecutionem

1932 5209 1980 5260 vi
2011 5221 2337 5274 quemquam
2359 5217 2412 5259 et
2461 5204 2626 5256 armis
2671 5201 2953 5271 impedire.

1931 5319 2159 5375 ARIST.
2202 5338 2219 5370 ἰ
2249 5319 2495 5378 Clericus
2523 5315 2759 5385 episcopi
2780 5311 2984 5382 judicio
3024 5307 3426 5367 condemnatus,
3458 5319 3484 5356 a

2381 5426 2400 5457 ι
2440 5405 2657 5460 nemine
2680 5402 2949 5455 liberetur.
2978 5414 2997 5449 ι

2004 5499 2264 5563 Clericus,
2295 5498 2384 5566 qui
2414 5497 2483 5549 ob
2516 5494 2723 5563 [delicta
2774 5494 2840 5545 ab
2890 5490 3141 5557 episcopo
3170 5483 3496 5538 condemna-

1937 5599 2042 5650 tur,
2070 5589 2110 5641 si
2143 5588 2242 5640 sibi
2277 5584 2710 5652 \‘idcturinjuria
2765 5578 3009 5641 allectus,
3067 5574 3319 5646 appellet,
3372 5583 3494 5621 cum

1935 5678 2255 5732 auctoritate
2298 5686 2473 5730 autem
2524 5684 2574 5731 et
2609 5683 2870 5742 potestate
2925 5688 2952 5725 at
3010 5668 3261 5737 quopiam
3322 5677 3386 5716 nc
3429 5661 3494 5715 li-

1936 5772 2172 5825 l‘t',‘|'t'|€tl‘.
