4018 6310
223 385 342 449 257

1185 374 1266 434 IN
1303 373 1472 430 CAN.
1519 367 1762 428 LXVIII
1800 366 2007 425 CONC-
2043 365 2421 423 CAIITIIAG.

3363 366 3470 428 258

221 498 457 552 ΑΡΙΣΤ.
499 514 518 548 t
560 496 818 567 Αίτητὲον
853 496 914 546 ἐκ
944 492 1202 562 βασιλέως
1231 496 1354 558 περὶ
1380 488 1487 540 τῶν
1518 489 1573 538 ἐν
1608 485 1802 552 ἐκκλη-

1924 479 2139 536 ιιιιδτ.
2176 500 2193 532 ι
2231 481 2309 533 Ab
2343 483 2665 547 imperatore
2695 481 2979 549 petendum
3033 489 3114 535 est
3163 480 3228 535 de
3284 497 3473 536 manu-

527 605 546 639 ι
596 589 731 649 aiat;
766 589 1060 653 γινομένων
1109 581 1453 650 ἐλευθεριῶν.
1503 597 1520 628 ι

298 680 496 748 Νόμου
565 679 686 748 τοτε
758 675 1080 747 κρατοῦντος
1158 674 1282 735 τοὺς
1325 671 1809 739 ἐλευθερουμένους

227 768 462 830 δούλους
498 767 575 838 μὴ
605 767 835 836 ἀλλαχοῦ
882 767 976 828 τὰς
1007 764 1318 833 ὲλευθερίας
1342 761 1661 831 λαμϐάνειν,
1695 760 1808 812 ἀλλ’

228 861 264 930 ἧ
301 862 363 912 ἐν
405 862 524 921 ταῖς
585 858 805 926 στήλαις
839 857 946 908 τῶν
991 855 1274 925 βασιλέων,
1309 854 1566 921 δεηθῆναι
1618 853 1652 916 ἡ
1685 854 1808 904 σῦν·

230 950 361 1012 «eo;
428 949 567 1015 αῦτη
600 947 694 998 τοῦ
727 947 990 1016 βασιλέως
1037 950 1147 1008 τοῖς
1201 945 1329 1015 παρ’
1362 945 1527 1012 αὐτῆς
1569 944 1808 995 σταλεῖσι

235 1039 617 1108 πρεσϐευταῖς
640 1037 1035 1107 προετρέψατο,
1082 1036 1158 1098 ὡς
1190 1038 1256 1090 ἂν
1299 1035 1373 1104 μὴ
1417 1037 1471 1086 αἱ
1529 1035 1809 1102 γινῦμεναι

233 1131 296 1182 ιν
320 1131 445 1191 ταῖς
480 1129 805 1197 ἐκκλησίαις
836 1127 1148 1198 ἑλευθερίιιι
1176 1127 1260 1179 διὰ
1302 1126 1392 1178 τδν
1430 1126 1590 1192 νόμον
1619 1123 1809 1175 τοῦτον

235 1219 684 1289 ἀνατρέπωνται,
733 1218 845 1270 ἀλλ’
891 1219 1074 1272 ἄδειαν
1106 1217 1352 1286 φανερῶς
1386 1215 1612 1276 ταύταις
1659 1213 1811 1276 δοθῆ-

235 1330 332 1364 ναι
355 1310 514 1365 τοῦτο
541 1311 829 1381 πράττειν.

830 1400 1071 1454 ΚΔΝΩΝ
1112 1399 1238 1452 EII'.

248 1507 269 1540 ι
320 1489 460 1560 Περὶ⁵
489 1490 744 1542 Δίκυτίου
801 1489 1099 1543 ἑπισκὸπου
1150 1488 1244 1541 τοῦ
1303 1487 1809 1548 καταδικασθέντος.

325 1602 344 1634 ι
397 1584 664 1650 Αὐρήλιος
723 1583 1018 1643 ἐπίσκοπος
1072 1578 1247 1632 εἷπεν·
1283 1579 1390 1632 Τοῦ
1422 1579 1674 1631 Αίκυτίου
1733 1579 1814 1630 ἔτι

321 1690 341 1721 ι
395 1673 521 1739 μὴν,
559 1671 654 1723 τοῦ
680 1671 918 1724 ἔκπαλαι
951 1670 1091 1723 κατὰ
1118 1672 1216 1738 τὴν
1260 1669 1394 1720 ἰδίαν
1424 1668 1582 1732 ἀξίαν
1611 1671 1673 1737 τῇ
1707 1669 1813 1720 τῶν

319 1779 338 1812 ι
389 1762 704 1816 ὶπισκόπων
727 1761 918 1834 γνώμῃ
940 1761 1448 1823 καταδικασθέντος,
1481 1760 1543 1810 τὸ
1580 1760 1814 1828 πρᾶγμα

321 1867 341 1899 ι
388 1852 489 1902 οὐκ
555 1847 704 1919 οἶμαι
774 1851 1077 1919 παρεατέον
1111 1851 1178 1918 τῇ
1219 1848 1506 1919 πρεσϐεία·
1557 1849 1664 1912 ἴνα,
1720 1849 1815 1899 ἐὰν

323 1958 342 1990 ι
392 1941 557 2008 τυχὸν
607 1940 795 1993 τοῦτον
854 1940 1002 2011 εὕροι
1039 1942 1096 1992 ὲν
1128 1940 1361 2000 ἐκείνοις
1416 1941 1527 2001 τοῖς
1568 1940 1812 2008 μέρεσιν,

321 2049 340 2079 ι
390 2029 533 2084 ἔστω
592 2034 725 2102 πρὶς
783 2031 1057 2099 φροντίδος
1102 2029 1177 2099 τῷ
1221 2029 1369 2098 αὐτῷ
1404 2030 1618 2098 ἁδελφῷ
1663 2029 1817 2096 ἡμῶν

322 2140 342 2171 ι
395 2122 536 2192 ὑπὲρ
562 2125 658 2192 τῆς
687 2121 1152 2193 ὲκκλησιαστικῆς
1178 2122 1582 2186 καταστάσεως,
1611 2124 1685 2183 ὼς
1715 2125 1817 2191 χρὴ

323 2230 342 2262 ι
391 2214 488 2264 καὶ
509 2215 639 2264 ὅπου
672 2213 789 2279 ἐξὸν
826 2216 933 2283 εἴη,
963 2213 1083 2266 κατ’
1129 2215 1340 2265 ἐκείνου
1394 2213 1815 2282 διαπράξασθαι.

324 2321 343 2352 ι
405 2303 541 2356 ’Δπδ
598 2304 813 2358 πάντων
876 2304 985 2356 τῶν
1041 2306 1356 2358 ἐπισκόπων
1408 2304 1620 2374 ἐλέχθη·
1664 2305 1816 2356 ’Πολὺ

325 2411 343 2443 ι
393 2394 616 2462 ἀρέσκει
669 2393 761 2447 καὶ
815 2393 953 2460 αὕτη
1007 2396 1039 2462 ὴ
1094 2394 1534 2463 ἑξακολούθησις·
1586 2396 1816 2462 μάλιστα

326 2501 344 2529 ι
393 2480 475 2531 δτι
537 2481 768 2532 ἔκπαλαι
801 2481 1254 2534 καταδεδίκασται
1282 2485 1308 2535 ὁ
1338 2483 1498 2544 αὐτὸς
1547 2483 1818 2547 Αίκύτιος,

323 2590 342 2620 ι
394 2572 760 2636 καὶὴτούτου
811 2573 1162 2643 ἀναίσχυντος
1219 2572 1488 2641 ἀνησυχία
1541 2574 1681 2641 ὑπὲρ
1722 2574 1818 2641 τῆς

329 2680 346 2709 ι
396 2661 791 2724 καταστάσεως
849 2663 942 2713 καὶ
1004 2662 1279 2730 σωτηρίας
1337 2662 1437 2730 τῆς
1501 2663 1820 2730 Ἐκκλησίας

323 2771 345 2800 ε
397 2752 599 2820 μᾶλλον
651 2754 744 2805 καὶ
805 2751 1003 2822 μᾶλλον
1078 2753 1349 2822 πανταχοῦ
1429 2754 1820 2822 καταμαχητέα

328 2858 345 2889 ι
397 2841 567 2892 ἐστίν.
627 2841 737 2895 Καὶ
793 2841 1133 2910 ὑπέγραψαν·
1191 2843 1460 2910 Αὐρήλιος
1523 2845 1819 2905 ἐπίσκοπος

328 2949 345 2979 ι
396 2931 491 2999 τῆς
544 2934 603 2982 ὲν
661 2930 967 3000 Καρχηδόνι
1001 2933 1287 3003 ἐκκλησίας
1323 2934 1398 3003 τῷ
1447 2935 1674 3004 παρόντι
1719 2936 1822 3002 ψη-

328 3041 346 3071 ι
400 3022 636 3092 φίσματι
692 3023 1006 3092 συνῄνεσα,
1074 3027 1170 3077 καὶ
1236 3026 1636 3091 ἁναγνωσθὲντι
1685 3027 1820 3076 ὑπὲ-

322 3131 340 3160 ι
393 3114 604 3183 τραψα.
693 3113 925 3183 Ὁμοίως
1000 3115 1092 3166 καὶ
1168 3116 1218 3166 oi
1291 3114 1468 3166 λοιποὶ
1532 3119 1818 3168 ἐπίσκοποι

323 3221 345 3252 ί
389 3201 732 3272 ὑπέγραψαν.
773 3221 791 3254 ›

319 3293 519 3346 ΒΛΛΣ.
568 3295 631 3346 '0
681 3295 937 3357 Λίκύτιος
989 3296 1266 3365 καθῃρέθη
1325 3297 1416 3348 καὶ
1441 3297 1536 3364 οὐχ
1563 3296 1821 3364 ἡσύχαζε.

245 3384 424 3452 Φησὶν
448 3379 540 3436 οῦν
568 3387 596 3434 ὁ
628 3385 915 3454 Αὐρήλιος,
946 3385 1033 3438 ίνα
1076 3387 1172 3437 ἐὰν
1212 3387 1506 3455 εὑρήσουσι
1559 3404 1748 3438 τουτον
1777 3387 1824 3437 οἱ

245 3475 653 3545 τοποτηρηταὶ,
677 3477 1059 3546 φροντίσωσιν,
1108 3479 1184 3539 ὡς
1229 3479 1476 3544 δύναμις,
1515 3476 1743 3544 ποιῆσαί
1772 3493 1824 3527 τι

250 3568 331 3628 είς
361 3567 529 3636 τιμὴν
586 3567 684 3635 τῆς
741 3567 1204 3638 ὲκκλησιαστικῆς
1272 3572 1680 3630 καταστάσεως,
1739 3566 1826 3619 διὰ

245 3653 350 3706 τοῦ
393 3653 666 3722 παυθῆναι
699 3655 883 3710 αὐτόν.
929 3653 1098 3709 Εἶπον
1123 3658 1178 3710 δὲ
1209 3658 1296 3709 καὶ
1355 3659 1554 3719 πάντες
1597 3657 1670 3718 ὡς
1702 3655 1828 3723 ἀρέ-

250 3761 381 3797 σκει
415 3741 596 3798 τοῦτο.
642 3744 703 3798 Ἠ
732 3749 841 3814 γὰρ
875 3747 1047 3814 πολλὴ
1099 3748 1454 3816 ἀναισχυντία
1487 3750 1579 3800 καὶ
1608 3747 1828 3814 δχὶησις

246 3836 347 3888 τοῦ
370 3835 634 3886 Αίκυτίου
671 3837 1036 3904 ἀντιμάχεται
1071 3837 1242 3900 αὐτῷ,
1277 3838 1524 3889 τουτέστι
1559 3837 1704 3888 ποιεῖ
1737 3837 1825 3888 καὶ

247 3928 450 3985 αὐτοὺς
485 3925 847 3994 ἀσυμπαθεῖς.

320 4009 568 4064 ΖΩΝΑΡ.
637 4010 696 4062 ’0
767 4013 1017 4075 Αίκύτιος
1091 4015 1457 4083 κατεδικάσθη
1518 4017 1669 4085 παρὰ
1721 4016 1826 4069 τῶν

252 4105 578 4156 ἐπισκόπων
611 4107 702 4155 καὶ
731 4105 1019 4173 ἐγυμνώθη
1046 4107 1143 4172 τῆς
1183 4107 1316 4166 ἰδίας
1352 4108 1526 4169 ἀξίας,
1559 4108 1677 4174 ἦτοι
1699 4109 1827 4158 καθ-

250 4194 431 4264 ῃρέθη
471 4209 484 4223 ο
519 4194 628 4245 ὁδὲ
660 4195 756 4262 οὐχ
807 4195 1101 4262 ἡσύχασεν,
1157 4192 1271 4244 ἀλλ’
1329 4194 1604 4262 ἐθορύϐει.
1662 4193 1826 4246 Φασὶν

249 4284 346 4339 οῦν
390 4286 471 4335 ὅτι
509 4284 745 4335 ἔκπαλαι
789 4283 1156 4351 κατεδικάσθη
1198 4286 1336 4336 κατὰ
1365 4284 1462 4350 τὴν
1495 4285 1630 4336 ίδίαν
1651 4284 1824 4348 ἀξίαν,

249 4377 426 4447 ἤγουν
461 4375 536 4436 ὡς
567 4370 637 4443 ἦν
673 4373 843 4438 ἄξιος,
887 4374 981 4425 καὶ
1015 4373 1076 4426 οὐ
1125 4372 1230 4442 χρὴ
1291 4374 1537 4440 παριδεῖν
1590 4373 1649 4425 τὸ
1700 4375 1829 4441 περὶ

2151 590 2168 621 ι
2200 571 2542 625 missionibus
2575 586 2691 638 qua:
2717 572 2767 624 in
2795 572 3037 626 ccclesiis
3079 571 3232 628 linnl.
3271 591 3290 624 ι

1983 660 2124 730 Lege
2153 669 2278 713 tunc
2317 660 2616 723 obtinente,
2655 671 2710 712 ιιι
2737 661 2877 715 servi
2910 663 3224 714 manumissi
3273 660 3468 716 nullibi

1913 751 2216 806 libertatem
2249 752 2576 818 acciperent,
2605 751 2704 802 nisi
2736 751 2787 803 itt
2846 751 3229 819 imperatorum
3265 752 3468 820 cippisj:

1912 843 2146 911 synodus
2221 842 2336 895 haec
2397 840 2603 909 legatos
2660 856 2686 893 a
2720 857 2776 894 se
2831 841 3026 894 missos
3093 842 3468 910 imperatorem

1913 947 2074 986 orare
2130 931 2420 996 hortatur,
2487 941 2542 982 ut
2602 932 3053 983 ntannmissioncs
3125 931 3176 983 in
3231 931 3473 984 ecclesiis

1911 1022 2065 1074 facta:
2099 1037 2193 1089 per
2232 1022 2389 1073 istam
2452 1020 2620 1085 legem
2675 1035 2776 1072 non
2838 1028 3243 1083 cvertercntur;
3282 1022 3374 1073 sed
3419 1031 3474 1071 ιιι

1913 1113 1979 1166 iis
2011 1112 2223 1165 licentia
2284 1111 2412 1163 illud
2464 1108 2692 1163 faciendi
2729 1108 3013 1161 manifesto
3063 1092 3470 1162 concederetur.

2438 1365 2661 1421 (ZANON
2721 1366 2950 1423 LXVIII.

1921 1476 1938 1508 ι
1975 1460 2045 1512 De
2083 1457 2297 1525 Equitio
2353 1457 2607 1524 episcopo
2657 1459 3028 1512 condemnato.
3061 1457 3308 1513 Aurelius
3358 1461 3473 1527 epi-

1997 1564 2236 1617 «scopus
2294 1547 2470 1601 dixit:
2530 1548 2728 1615 Equitii
2765 1559 3047 1617 prmterea,
3111 1565 3205 1617 pro
3259 1551 3468 1603 meritis

2008 1638 2378 1707 «jampridem
2431 1638 2723 1706 episcopali
2790 1638 3059 1694 sententia
3133 1639 3471 1692 condemnati

1999 1748 2016 1778 ι
2049 1730 2320 1797 negotium
2347 1744 2450 1780 non
2483 1730 2736 1782 existimo
2785 1744 2904 1783 esse
2965 1730 3216 1797 legationi
3251 1739 3473 1796 pra-ter-

2003 1837 2020 1868 ι
2051 1819 2370 1869 mittendum
2405 1835 2419 1874 :
2450 1819 2566 1870 utsi
2623 1834 2746 1870 etim
2794 1819 2934 1871 forte
2982 1821 3033 1870 in
3085 1819 3190 1871 illis
3226 1820 3470 1887 partibus

2011 1927 2027 1956 ι
2067 1909 2352 1970 invenerit,
2379 1923 2519 1960 cura:
2543 1908 2614 1960 sit
2645 1908 2742 1973 ipsi
2783 1909 2935 1961 fratri
2963 1918 3167 1971 nostro,
3208 1924 3304 1975 pro
3334 1918 3474 1960 statu

2004 2019 2020 2049 ι
2051 1999 2441 2062 ecclesiastico,
2481 2009 2533 2050 ιιι
2561 2010 2796 2068 oportet,
2822 2009 2874 2052 et
2906 1999 2991 2053 ubi
3028 1999 3258 2065 licuerit,
3292 1999 3481 2052 adver-

2000 2109 2019 2142 ι
2054 2105 2145 2145 sus
2196 2091 2342 2142 illum
2423 2104 2705 2159 peragere.
2765 2091 2846 2145 Ab
2895 2091 3146 2145 omnibus
3206 2091 3478 2159 episcOpis

2005 2199 2022 2230 ι
2054 2182 2254 2234 dictum
2291 2191 2392 2244 est,
2444 2182 2663 2236 Multum
2716 2182 2890 2251 placet
2937 2183 3050 2235 haec
3094 2197 3306 2249 quoque
3354 2195 3482 2234 con-

2010 2289 2027 2322 ι
2058 2275 2334 2340 sequentia
2360 2291 2373 2328 :
2404 2276 2636 2326 maxime
2662 2274 2787 2340 quia
2814 2273 2925 2342 jam
2951 2273 3076 2326 olim
3098 2273 3486 2326 condemnatus

2015 2383 2032 2413 ι
2061 2375 2144 2417 est
2180 2366 2266 2417 hic
2289 2362 2557 2432 Equitius,
2589 2377 2642 2417 et
2679 2365 2960 2432 impudens
2987 2365 3106 2432 ejus
3137 2363 3471 2431 inquietndo,

2021 2474 2038 2503 ι
2079 2470 2175 2523 pro
2201 2464 2342 2507 statu
2375 2465 2424 2507 et
2475 2456 2646 2508 salute
2689 2455 2964 2519 Ecclesia,
2999 2456 3167 2522 magis
3206 2463 3260 2506 et
3311 2453 3486 2520 magis

2007 2568 2023 2599 ι
2064 2552 2261 2616 ubique
2309 2559 2389 2601 est
2440 2549 2820 2617 oppugnanda.
2882 2547 2947 2601 Et
3001 2548 3483 2616 subscripserunt:

2016 2657 2031 2687 ι
2071 2639 2322 2691 Aurelius
2382 2639 2669 2706 cpiscopus
2730 2637 3180 2706 Cartltaginensis
3247 2635 3489 2686 ecclesia:

2018 2747 2035 2778 ι
2070 2727 2566 2796 prmsenti‘decreto
2596 2729 2866 2793 consensi,
2902 2739 2957 2780 et
2992 2727 3127 2779 lecto
3164 2725 3482 2793 subscripsi.

2014 2840 2031 2870 ι
2063 2819 2324 2874 Similiter
2349 2829 2401 2873 ct
2439 2819 2632 2888 reliqui
2679 2819 2916 2888 episcopi
2969 2819 3418 2886 subscripserunt.
3463 2834 3484 2870 ι

1998 3303 2190 3356 BALS.
2236 3302 2482 3371 Etjnilius
2529 3302 2628 3355 fuit
2666 3302 2963 3370 (“positum
3025 3311 3076 3356 et
3122 3317 3226 3355 non
3263 3303 3487 3370 quierit.

1928 3391 2068 3447 Dicit
2093 3409 2220 3461 ergo
2255 3394 2526 3456 Aurelius,
2561 3393 2701 3460 quod
2745 3393 2790 3445 si
2819 3407 2940 3445 eum
2971 3391 3130 3461 legati
3169 3394 3491 3453 invenerint,

1928 3491 2140 3544 curent,
2168 3493 2223 3534 ut
2256 3491 2502 3548 possunt,
2530 3482 2729 3550 aliquid
2765 3496 2924 3549 agerc
2953 3481 3002 3534 in
3041 3483 3302 3535 honorem
3322 3492 3493 3535 status

1926 3571 2300 3635 ecclesiastici,
2333 3587 2453 3624 eum
2487 3586 2702 3626 cessare
2732 3572 3003 3626 faciendo.
3030 3571 3291 3625 Dixerunt
3315 3584 3489 3623 autem

1928 3678 2115 3716 omnes
2144 3665 2241 3716 hoc
2275 3664 2353 3717 eis
2374 3663 2606 3730 placere.
2662 3662 2820 3716 Multa
2872 3665 3016 3717 enim
3070 3665 3396 3732 imprudentia
3433 3674 3489 3713 et

1929 3756 2080 3804 turba
2108 3753 2373 3820 Equitiiei
2407 3754 2744 3815 adversatur,
2795 3753 2894 3805 hoc
2952 3763 3053 3818 est,
3102 3752 3235 3806 facit
3283 3766 3339 3804 ιιι
3380 3752 3488 3820 ipsi.

1930 3845 2069 3897 nulla
2098 3845 2214 3911 ejus
2255 3843 2623 3898 misericordia
2661 3853 2993 3896 moveantur.

2001 4020 2248 4074 ZONAR.
2279 4021 2527 4087 Equitius
2554 4022 2619 4072 ab
2658 4021 2927 4088 episcopis
2983 4023 3394 4090 condemnatus,
3427 4039 3489 4075 ac.

1929 4111 2190 4178 dignitate
2223 4127 2314 4163 sna
2346 4111 2630 4179 spoliatus,
2685 4113 2786 4164 hoc
2819 4122 2926 4175 est,
2972 4113 3308 4179 depositione
3353 4118 3493 4167 mul-

1931 4210 2073 4256 tatus
2100 4202 2215 4254 fuit.
2238 4202 2329 4254 Ille
2362 4217 2487 4255 vero
2513 4201 2780 4269 inquietus
2813 4211 3001 4253 cuncta
3035 4204 3262 4256 tumultu
3298 4206 3492 4258 miser--

1928 4292 2037 4344 bat.
2073 4289 2205 4342 Eum
2248 4292 2409 4356 igitur
2437 4291 2547 4357 jam
2579 4291 2731 4353 olim,
2768 4300 2825 4341 ttt
2877 4293 3221 4346 commeritus
3280 4294 3479 4357 fuerat,

1929 4380 2246 4431 damnatum
2270 4379 2437 4431 fuisse
2463 4391 2730 4446 asserunt,
2757 4395 2928 4447 neque
2962 4395 3085 4433 vero
3110 4381 3278 4448 ipsius
3326 4399 3490 4450 uego-

250 4466 424 4519 αὐτοῦ
464 4466 717 4534 πρᾶγμα,
749 4465 919 4533 ἤγουν
976 4465 1102 4532 περὶ
1155 4461 1321 4515 αὑτοῦ
1354 4463 1551 4530 πρᾶξιν
1598 4464 1692 4515 καὶ
1722 4463 1819 4530 τὴν

1932 4469 2024 4531 tia,
2062 4470 2162 4522 hoc
2187 4479 2288 4531 est,
2314 4471 2578 4521 actionem
2620 4481 2672 4521 et
2699 4483 2912 4521 causam
2947 4469 3116 4535 ipsius
3168 4485 3285 4523 esse
3323 4477 3489 4540 negli-

250 4555 535 4620 ὑπόθεσιν,
565 4554 681 4607 ἀλλ’
711 4553 1056 4606 ἐντείλασθαι
1106 4551 1184 4620 τῷ
1233 4551 1572 4620 στελλομένῳ
1604 4553 1720 4602 ἐκεῖ
1744 4553 1822 4613 είς

251 4644 580 4715 πρεσϐείαν,
603 4644 696 4695 ἐὰν
731 4641 867 4711 εὕρῃ
922 4642 1082 4694 αὐτὸν
1115 4645 1172 4693 ἐν
1207 4641 1434 4703 ἐκείνοις
1474 4645 1582 4703 τοῖς
1611 4642 1823 4710 μέρεσι,

252 4737 346 4790 διὰ
385 4735 668 4805 φροντίδος
713 4734 966 4802 ποιῆσαι,
1023 4734 1096 4796 ὡς
1149 4733 1394 4798 δύναται,
1460 4732 1579 4785 κατ’
1615 4733 1822 4785 ἐκείνου

253 4829 510 4900 χωρῆσαι
568 4827 711 4893 ὑπὲρ
755 4824 857 4893 τῆς
909 4824 1371 4892 ὲκκλησιαστικῆς
1412 4824 1820 4888 καταστάσεως,

253 4921 346 4972 ἴνα
377 4919 453 4988 μή
481 4934 564 4980 τις
586 4903 799 4986 ταραχὴ
825 4913 886 4979 ἐξ
913 4915 1120 4968 ἐκείνου
1142 4917 1208 4984 τῇ
1251 4914 1544 4983 Ἐκκλησία
1578 4916 1820 4984 γένηται.

261 5009 330 5063 Ἦ
361 5011 474 5076 γὰρ
499 5007 690 5060 τούτου
713 5006 1089 5075 ἀναίσχυντος,
1126 5007 1307 5073 φασὶν,
1343 5007 1634 5077 ἁνησυχία,
1662 5023 1825 5059 τουτ-

251 5100 374 5153 έστι
429 5099 490 5150 τὸ
539 5098 613 5168 μὴ
653 5097 827 5150 θέλειν
895 5098 1056 5150 αὐτὸν
1110 5097 1341 5166 ἡσυχίαν
1401 5097 1556 5164 ἄγειν
1586 5096 1642 5159 ἐξ
1673 5100 1827 5148 ἀναι-

253 5187 536 5258 σχυντίας,
599 5187 800 5255 μᾶλλον
849 5187 1202 5255 καὶμᾶλλον,
1238 5187 1356 5238 ἀντὶ
1408 5185 1502 5237 τοῦ
1542 5186 1824 5249 πλειόνως,

252 5278 676 5348 καταμαχητὲα,
723 5278 889 5347 ἤγουν
943 5277 1296 5329 ἀνθίστασθαι
1350 5277 1498 5345 αὐτῷ
1558 5279 1824 5330 καὶάντι-

249 5372 521 5439 πρᾶττειν
551 5367 720 5431 ἄξιον.

248 5460 482 5515 ΔΡΙΣΤ.
555 5477 575 5510 ι
660 5460 915 5522 Δίκύτιος
995 5459 1224 5512 ἔκπαλαι
1283 5459 1702 5524 καταδικασθεὶς
1755 5466 1818 5531 τῇ

327 5570 346 5603 ι
396 5549 508 5604 τῶν
564 5552 880 5604 ἐπισκόπων
925 5551 1142 5624 γνώμῃ,
1194 5555 1288 5606 καὶ
1345 5556 1821 5622 καταναισχυντὼν

327 5660 348 5693 ι
399 5641 543 5709 ὑπὲρ
571 5642 669 5707 τῆς
728 5643 1191 5714 ἑκκλησιαστικῆς
1250 5645 1662 5710 καταστάσεως,
1721 5666 1821 5716 μα-

325 5750 348 5784 ι
394 5733 587 5803 prtio;
621 5731 779 5787 ἔστω.
815 5753 836 5785 ι

1928 4562 2176 4629 gendum,
2214 4558 2310 4613 sed
2345 4560 2414 4624 ei,
2450 4558 2542 4625 qui
2601 4558 2807 4625 legatus
2844 4559 2895 4610 in
2945 4558 3063 4612 illas
3119 4574 3244 4613 oras
3308 4564 3485 4628 profc-

1926 4661 2116 4704 cturus
2156 4659 2258 4713 est,
2293 4649 2730 4718 praecipiendum,
2763 4660 2834 4717 pit
2882 4651 2924 4702 si
2983 4651 3254 4704 hominem
3307 4654 3358 4704 in
3424 4654 3490 4708 iis

1927 4744 2234 4810 regionibus
2267 4742 2555 4804 invenerit,
2585 4742 2731 4795 onmi
2776 4741 2951 4794 διυιιίο
2985 4753 3036 4796 et
3069 4739 3264 4797 contitn
3298 4757 3486 4798 contra

1929 4833 2073 4886 illum
2105 4848 2200 4900 pro
2230 4832 2599 4886 ecclesiastica
2643 4833 3031 4898 tranquillitate
3059 4844 3276 4903 pugnet,
3327 4836 3489 4904 602

1929 4937 1993 4974 ne
2023 4921 2145 4988 quis
2177 4922 2243 4974 ab
2278 4935 2342 4974 co
2379 4920 2429 4972 in
2466 4920 2708 4975 Ecclesia
2742 4912 3004 4975 iumultus
3067 4925 3313 4978 exsistat.
3353 4925 3484 4978 Cum

1927 5011 2070 5063 enim
2121 5010 2286 5074 illius,
2354 5011 2620 5076 inquiunt,
2677 5012 2971 5081 irrequieta
3007 5014 3079 5065 sit
3132 5013 3488 5082 impudentia,

1926 5099 2028 5153 hoc
2051 5111 2155 5165 est,
2173 5115 2294 5154 cum
2315 5110 2532 5167 propter
2552 5101 3191 5169 impudentiaturqnietem
3211 5118 3367 5171 agere
3384 5121 3487 5156 no-

1933 5193 2030 5258 lit;
2068 5200 2218 5244 tanto
2249 5191 2418 5258 magis
2442 5190 2599 5243 nobis
2647 5189 2954 5243 faciendum
3025 5202 3128 5254 cst,
3177 5201 3233 5244 ut
3297 5202 3484 5245 contra

1925 5299 2049 5336 cum
2081 5296 2396 5351 pugnemus,
2432 5281 2531 5334 hoc
2590 5291 2672 5335 est
2719 5281 2792 5334 illi
2852 5283 3198 5344 oltsislattms,
3266 5283 3486 5352 ejusque

1923 5374 2207 5426 conatibus
2250 5370 2613 5441 refragemur.

1923 5461 2149 5517 ARIST.
2189 5482 2206 5515 ι
2238 5463 2485 5531 Ειμιὶιίιιε
2511 5463 2832 5534 jampridem
2868 5464 3244 5532 episcoporum
3276 5462 3490 5533 judicio

2008 5573 2026 5605 ι
2074 5557 2488 5622 condemnatus,
2527 5565 2581 5610 et
2630 5556 2969 5626 impudenter
3028 5570 3086 5609 se
3119 5567 3307 5624 gerens
3349 5571 3478 5607 cnn-

2014 5667 2032 5699 ι
2073 5658 2152 5700 tra
2177 5648 2599 5704 ecclesiasticam
2648 5647 3119 5704 constitutionem.
3169 5659 3486 5717 oppugnan-

2007 5766 2025 5800 ι
2058 5748 2154 5803 dus
2177 5755 2278 5802 est.
2306 5765 2323 5796 ι
