4018 6310
145 351 254 416 261

1208 339 1287 398 ΙΝ
1316 335 1482 397 CAN.
1527 331 1681 394 LXX
1713 327 1920 389 CONC.
1956 320 2334 385 CARTHAG.

3300 314 3408 375 *262

228 462 428 515 ΒΔΛΣ.
476 459 648 513 Οὐδέν
711 475 764 510 τι
800 459 986 526 ἕτερον
1032 459 1059 508 ὁ
1099 453 1296 523 παρὼν
1357 446 1540 502 κανὼν
1587 446 1735 509 λέγει

1917 433 2115 487 BALS.
2157 432 2407 485 Przesens
2459 443 2631 481 canon
2667 426 2799 479 nihil
2867 425 3011 480 aliud
3063 425 3212 489 dicit,
3246 441 3408 490 quam

150 553 276 606 ἀλλ’
327 553 361 622 ἢ
415 552 479 604 τὸ
523 552 704 618 ἠπίως
761 549 854 601 καὶ
901 544 1194 616 εἰρηνικῶς
1249 539 1561 612 χρήσασθαι
1605 537 1730 595 τοὺς

153 644 416 712 Πατέρας
470 643 582 702 τοῖς
637 640 1006 699 Δονατισταῖς,
1037 635 1142 687 κᾶν
1170 633 1324 687 αὐτοὶ
1363 626 1734 696 ἀποσχίζωσιν

152 731 220 782 εκ
238 731 340 796 τῆς
373 728 470 780 τοῦ
506 725 786 796 Κυριακοῦ
827 726 1078 794 σώματος
1122 723 1389 784 ὲνὼσεως,
1453 714 1734 786 κυριακὸν

149 821 212 873 δε
245 820 410 890 σῶμα
449 820 552 888 τὴν
591 819 917 887 Ἐκκλησίαν
950 817 1188 886 νοητέον,
1211 811 1278 885 ἦς
1301 810 1508 880 κεφαλὴ
1539 810 1568 860 ὁ
1597 808 1734 874 Χρι-

151 913 291 976 στός
319 915 497 965 εστιν·
542 911 575 980 ἢ
610 912 681 964 τὰ
721 912 839 963 Θεῖα
898 912 1192 980 μυστήρια,
1233 905 1308 967 ὡς
1370 905 1500 972 περὶ
1559 899 1732 952 ταῦτα

147 1007 385 1058 εκείνων
413 1003 833 1072 διαφερομένων
861 1004 974 1063 τοῖς
1021 1001 1257 1060 πιστοῖς,
1315 994 1497 1054 καθὼς
1537 988 1728 1060 προεί-

150 1113 347 1166 ρηται.

230 1190 486 1243 ΖΩΝΑΡ.
536 1187 627 1252 Ὠς
650 1189 908 1255 ἀνωτέρω
936 1185 1176 1256 εἴρηται,
1231 1180 1513 1251 ἀναφορὰν
1547 1177 1736 1245 ἐποιή-

151 1297 293 1333 σατο
325 1283 358 1348 ἡ
397 1279 618 1342 σύνοδος
648 1278 788 1348 αὓτη
825 1279 965 1348 πρὸς
1002 1277 1095 1328 τὸν
1147 1274 1368 1343 Ῥώμης
1403 1271 1729 1330 ἐπίσκοπον,

153 1372 257 1423 καὶ
296 1370 567 1439 δεξαμένη
608 1370 916 1440 γράμματα
985 1367 1198 1420 ἐκείνου
1258 1363 1513 1418 συνέθετο
1552 1361 1733 1429 ἠπίως

151 1463 256 1515 καὶ
292 1462 587 1531 εἰρηνικῶς
621 1461 934 1531 χρησασθαι
972 1462 1085 1522 τοῖς
1127 1458 1496 1517 Δονατισταῖς,
1532 1453 1635 1507 κᾶν
1666 1454 1734 1504 τὰ

157 1554 403 1622 μάλιστα
439 1553 805 1622 ἁποσχίζωσι,
847 1553 1033 1619 φασιν,
1070 1551 1134 1602 εκ
1167 1551 1267 1618 τῆς
1317 1545 1412 1600 τοῦ
1457 1543 1734 1613 Κυριακοῡ

156 1646 417 1711 σώματος
440 1641 706 1706 ἑνὼσεως.
740 1643 1020 1711 κυριακὸν
1040 1641 1097 1691 δὲ
1121 1638 1298 1708 σῶμα,
1321 1639 1470 1710 ἢτὴν
1503 1636 1736 1705 Ἐκκλη-

161 1733 289 1786 σίαν
315 1735 565 1802 νοητὲον,
597 1735 717 1801 ῆτοι
753 1732 815 1785 τὸ
839 1733 948 1784 τῶν
1003 1729 1300 1800 ὀρθοδόξων
1331 1728 1632 1796 ἄθροισμα,
1671 1719 1733 1778 οὗ

156 1828 376 1896 κεφαλὴ
435 1827 640 1895 ἥγηται
670 1826 698 1876 ὁ
728 1825 988 1896 Χριστὸς,
1039 1823 1071 1892 ἢ
1116 1823 1394 1890 Κυριακδν
1454 1820 1613 1884 σῶμα
1668 1821 1738 1871 τὰ

160 1921 283 1973 θεῖα
330 1922 636 1991 μυστήρια,
678 1921 806 1986 περὶ
845 1917 1018 1971 ταῦτα
1053 1915 1282 1970 ἐκείνων
1327 1915 1735 1985 διαφερομένων

161 2017 279 2076 τοῖς
321 2016 558 2075 πιστοῖς,
605 2015 701 2064 καὶ
739 2011 812 2081 μὴ
865 2011 1010 2064 οὕτω
1044 2011 1385 2078 μετεχόντων
1415 2009 1614 2069 αὐτῶν,
1663 2008 1738 2069 ὡς

161 2104 195 2171 ἡ
227 2103 550 2172 Ἐκκλησία,
575 2104 690 2156 ἀλλ’
710 2103 900 2173 ἔτερόν
925 2120 1045 2154 τινα
1071 2103 1293 2171 τρόπον,
1327 2101 1402 2162 ὡς
1427 2100 1527 2170 ήδη
1552 2101 1739 2170 προεί-

163 2211 328 2263 ρηται
357 2211 371 2224 ο
416 2195 505 2247 ῖνα
551 2195 678 2247 ὅσον
699 2195 761 2247 τὸ
789 2196 848 2246 ὲν
882 2195 1037 2264 ἡμῖν,
1095 2194 1218 2246 ἀντὶ
1253 2193 1374 2256 τοῦ,
1431 2194 1556 2246 ὅσον
1602 2195 1737 2259 πρὸς

158 2285 401 2353 δύναμιν
451 2286 730 2358 ἡμετέραν
780 2286 920 2350 εστὶ,
973 2285 1131 2355 δῆλον
1183 2286 1410 2353 γένηται
1458 2285 1592 2336 πᾶσι
1626 2286 1738 2346 τοῖς

158 2375 629 2443 συναιρεσιώταις
662 2375 913 2440 ἐκείνων,
939 2374 1058 2438 πῶς
1101 2375 1317 2443 ὲλεεινῇ
1369 2374 1544 2444 πλάνῃ
1600 2391 1736 2426 κατ·

162 2465 577 2536 εδεσμήθησαν,
605 2470 700 2519 καὶ
727 2468 944 2534 γνόντες
973 2466 1071 2536 τὴν
1123 2467 1382 2538 ἀλήθειαν
1439 2466 1569 2527 ἴσως
1616 2468 1740 2518 επισ-

163 2559 474 2627 στρέφωσι.
505 2559 817 2628 Κίχρηνται
867 2558 923 2610 δὲ
966 2558 1061 2610 καὶ
1089 2558 1460 2621 επιστολικαῖς
1506 2558 1738 2620 ἐννοίαις

162 2653 259 2704 καὶ
283 2654 516 2722 ρήμασιλ

161 2743 388 2798 ΑΡΙΣΤ.
411 2760 430 2792 ι
448 2743 667 2807 Ἕδοξεν
686 2745 866 2815 ηπίως
889 2743 982 2796 καὶ
998 2743 1288 2815 εἰρηνικῶς
1315 2742 1740 2814 προσενεχθῆναι

237 2851 258 2883 ε
291 2835 414 2894 τοῖς
433 2834 808 2894 Δονατισταῖς,
846 2832 1052 2902 καίπερ
1080 2832 1476 2901 ἀποσχίζουσιν
1509 2833 1739 2891 ἑαυτοὺς

240 2939 260 2971 ‹
297 2921 404 2989 τῆς
449 2919 778 2991 ἐκκλησίας
808 2936 824 2952 ο
859 2921 912 2972 εῖ
938 2938 1077 2984 πως,
1124 2921 1470 2983 αἰδεσθέντες
1496 2919 1593 2991 τὴν
1612 2921 1742 2972 πολ-

236 3030 258 3062 ι
296 3013 399 3082 λὴν
423 3012 578 3081 ἡμῶν
600 3013 940 3083 ἡμερότητα,
966 3013 1064 3081 τῆς
1089 3011 1466 3083 αἰχμαλωσίας
1493 3013 1739 3081 ἀνασφή-

235 3123 256 3156 σ
297 3105 455 3159 λωσι.
490 3122 510 3157 a

232 3198 330 3251 Δεῖ
355 3199 483 3259 τοὺς
514 3196 608 3250 τοῦ
641 3196 816 3265 πράου
849 3196 942 3250 καὶ
979 3195 1255 3266 εἰρηνικοῦ
1277 3194 1516 3266 Χριστοῦ
1559 3195 1734 3264 μαθη-

161 3290 263 3352 τὰς
291 3289 384 3341 διὰ
416 3288 697 3357 φροντίδος
725 3287 968 3341 τίθεσθαι
995 3289 1124 3350 τοὺς
1150 3289 1556 3356 ἀποσχίζοντας
1609 3289 1737 3340 ἐαυ-

161 3381 290 3442 τοὺς
323 3380 424 3448 τῆς
459 3378 759 3446 καθολικῆς
800 3378 1127 3447 Ἐκκλησίας
1182 3377 1456 3442 παντοίως
1483 3379 1736 3431 σπεύδειν

163 3469 522 3533 επισυνάγειν
549 3468 688 3536 μετὰ
713 3467 1020 3536 πραότητός
1049 3484 1108 3520 τε
1135 3469 1232 3521 καὶ
1263 3469 1624 3538 ἡμερότητος,
1642 3470 1737 3521 καὶ

166 3557 467 3627 προσενοῦν
492 3559 695 3620 αὐτοὺς
741 3557 898 3620 αὖθις
923 3562 989 3628 τῇ
1048 3559 1346 3628 Ἐκκλησία
1369 3575 1382 3588 ·
1416 3560 1490 3628 μὴ
1552 3561 1738 3628 μέντοι

166 3667 228 3715 γε
254 3649 310 3702 δι
347 3649 513 3718 μόνον
545 3649 604 3702 τὸ
639 3651 841 3701 οἰκεῖον
895 3650 1198 3716 ἐπιζητεῖν,
1244 3650 1339 3702 καὶ
1364 3650 1462 3718 τῆς
1494 3650 1602 3702 τῶν
1650 3651 1742 3702 ἆλ-

164 3739 272 3790 λων
307 3738 590 3808 σωτηρίας
616 3742 1004 3808 καταφρονεῖν.
1032 3741 1132 3792 Διά
1156 3738 1315 3792 τοῦτο
1346 3740 1479 3808 γοῦν
1499 3742 1594 3794 καὶ
1617 3744 1742 3805 τοὺς

164 3833 499 3891 Δονατιστὰς
543 3829 640 3882 τοῦ
698 3829 979 3899 Κυριακοῦ
1033 3830 1284 3898 σώματος
1337 3832 1742 3901 ἀποσχίσαντας

167 3920 418 3982 ἑαυτοὺς,
445 3918 542 3971 καὶ
562 3921 632 3988 τῇ
663 3919 845 3989 πλάνῃ
899 3920 1335 3983 καταδεθέντας,
1375 3922 1503 3990 μηδ’
1535 3923 1740 3991 ἡμερό-

165 4029 324 4078 τητος
359 4013 395 4080 ἠ
424 4009 647 4072 σύνοδος
685 4009 856 4078 ὥρισε
887 4011 1206 4081 προσελθεῖν
1244 4013 1456 4075 αὐτοῖς,
1494 4015 1589 4066 καὶ
1641 4032 1738 4065 πα-

170 4101 473 4172 ρακαλέσαι
502 4100 825 4154 καταλιπεῖν
844 4101 940 4172 τὴν
958 4101 1192 4171 πλάνην,
1226 4103 1322 4155 καὶ
1350 4102 1448 4172 τὴν
1481 4103 1742 4172 ἀλήθειαν

1837 529 2026 582 Patres
2093 525 2290 578 leniter
2347 532 2401 574 et
2465 521 2674 589 placide
2735 519 2936 572 debere
2991 518 3044 570 in
3100 516 3410 569 Donatista:

1837 633 2018 686 agere,
2046 616 2260 670 etiamsi
2307 615 2341 667 ii
2375 629 2404 666 a
2471 611 2736 666 Dominici
2797 610 3037 676 corporis
3101 607 3301 662 unione
3352 622 3410 660 se

1843 708 2185 762 abscindant.
2217 703 2423 758 Domini
2459 713 2638 755 autem
2670 715 2866 768 corpus
2882 702 2964 754 vel
2995 699 3293 754 Ecciesiam
3329 698 3409 750 in-

1849 800 2090 869 telligere
2117 807 2350 866 oportet,
2387 794 2539 861 cujus
2568 792 2728 862 603
2761 801 2923 860 caput
2989 801 3070 843 est
3113 789 3402 844 Christus:

1837 889 1917 941 vel
1947 888 2123 940 divina
2175 886 2451 954 mysteria,
2503 894 2690 949 utpote
2731 882 2838 934 illis
2887 896 2917 932 a
2969 879 3212 932 ﬁdelibus
3251 879 3303 929 in
3340 877 3408 928 iis

1837 979 2308 1040 dissentientibus,
2346 986 2400 1027 ut
2429 987 2588 1028 antea
2621 975 2819 1026 dictum
2860 984 2944 1026 est

1906 1151 2157 1207 ZUNAR.
2183 1150 2642 1216 Quemadmodum
2672 1164 2835 1218 supra
2881 1148 3140 1212 diximus,
3161 1149 3404 1216 quaedam

1837 1246 1902 1298 ab
1945 1245 2045 1297 hac
2073 1244 2278 1312 synodo
2306 1244 2370 1295 ad
2393 1242 2700 1295 Romanum
2734 1241 3045 1309 episcopum
3079 1241 3245 1292 relata
3267 1251 3412 1300 sunt,

1837 1351 2001 1404 aquo
2045 1347 2229 1404 postea
2284 1334 2476 1386 litteris
2537 1333 2801 1400 acceptis,
2849 1331 3144 1383 clementer
3200 1339 3256 1382 et
3316 1331 3412 1381 lm-

1838 1438 1992 1476 mzute
2026 1421 2477 1476 ειιιιι.,ι)οηαιίειὶε
2510 1421 2777 1487 agendum
2803 1434 2921 1472 esse
2938 1419 3165 1482 statuit;
3207 1433 3406 1486 quam-

1838 1515 1919 1566 vis
1957 1528 2016 1566 se
2044 1513 2302 1574 maxime,
2343 1511 2617 1579 inquiunt,
2653 1527 2678 1562 a
2724 1509 2983 1563 Dominici
3013 1511 3257 1577 corporis
3293 1510 3412 1561 uui-

1842 1611 1948 1656 tate
1974 1603 2282 1672 sejungant.
2319 1601 2679 1655 Dominicum.
2714 1616 2843 1655 vero
2897 1616 3114 1668 corpus,
3177 1610 3267 1653 aut
3321 1601 3419 1654 Ec-

1841 1692 2062 1746 clesiam
2124 1691 2358 1755 intellige
2415 1705 2508 1744 seu
2573 1692 3003 1744 orthodoxorum
3050 1699 3413 1753 conventum,

1774 1771 1814 1825 Β
1843 1783 1996 1849 Cujus
2028 1793 2190 1849 caput
2221 1781 2467 1835 Christus
2515 1796 2637 1836 esse
2683 1789 2954 1838 censetur.
3006 1789 3097 1832 aut
3153 1781 3413 1833 Dominici

1845 1874 2090 1939 corporis
2125 1883 2338 1926 sacrata
2387 1875 2668 1940 mysteria,
2732 1872 2873 1940 quod
2938 1873 2988 1925 in
3050 1872 3116 1924 iis
3171 1872 3418 1925 videlicet

1844 1963 2079 2018 maxime
2108 1965 2182 2015 illi
2221 1978 2250 2015 a
2294 1962 2544 2016 ﬁdelibus
2606 1963 2977 2024 dissentirent,
3033 1977 3094 2015 ac
3134 1963 3212 2014 eis
3260 1963 3413 2032 longe

1841 2053 2057 2108 diversa
2090 2056 2300 2108 ratione
2324 2054 2389 2108 ab
2415 2069 2475 2108 ea
2509 2069 2669 2122 quam
2704 2052 2944 2107 Ecclesia
3000 2053 3328 2120 pnescribit,
3359 2064 3415 2104 ut

1837 2143 1949 2212 jam
1981 2155 2135 2198 antea
2164 2145 2426 2206 diximus,
2473 2145 2961 2197 communicarent.
3003 2140 3090 2203 Ut,
3151 2154 3412 2211 quantum

1844 2236 1897 2288 in
1931 2235 2087 2289 nobis
2110 2243 2222 2298 est,
2249 2236 2521 2294 omnibus.
2554 2236 2641 2302 qui
2668 2235 2755 2286 illa
2784 2235 2973 2287 haeresi
3011 2242 3283 2297 tenentur,
3341 2237 3412 2286 sit

1845 2334 2051 2389 notum,
2107 2341 2266 2393 quam
2305 2325 2599 2380 miserabili
2628 2335 2916 2380 versentur
2946 2327 2996 2378 in
3025 2341 3233 2387 errore,
3282 2342 3408 2394 per-

1843 2427 2134 2486 spectaque
2159 2417 2389 2471 veritate
2424 2415 2656 2470 fortasse
2689 2416 2756 2470 ad
2819 2417 3106 2471 sanitatem
3170 2419 3411 2472 redeant.

1843 2507 2016 2574 Atque
2053 2510 2165 2560 haec
2193 2508 2408 2576 quidem
2445 2507 2759 2574 apostolicis
2803 2517 2858 2560 et
2880 2509 3164 2562 sententiis
3190 2517 3246 2562 et
3287 2525 3405 2560 vcr-

1845 2597 1929 2651 bis
1964 2598 2331 2665 explicavere.

1841 2771 2066 2826 ARIST.
2115 2794 2131 2826 ι
2160 2772 2346 2829 Visum
2381 2773 2584 2837 est."ut
2615 2775 2811 2829 leniter
2830 2782 2884 2829 et
2910 2774 3133 2842 paciﬁce
3155 2791 3277 2829 cum
3309 2773 3407 2828 Do-

1916 2883 1932 2914 ι
1969 2866 2182 2918 natistis
2215 2875 2429 2934 agatur,
2454 2866 2667 2920 etiamsi
2695 2880 2754 2920 se
2785 2867 2852 2920 ab
2890 2865 3130 2922 Ecclesia
3190 2881 3411 2936 separa-

1922 2973 1940 3005 ι
1977 2965 2143 3008 runt:
2179 2958 2222 3011 si
2256 2955 2398 3010 forte
2421 2958 2674 3010 eximiam
2709 2966 2946 3010 nostram
2977 2967 3284 3010 reverentes
3344 2957 3419 3008 le-

1923 3063 1941 3095 ι
1979 3047 2199 3101 nitatem
2225 3061 2254 3101 a
2289 3047 2605 3115 captivitate
2640 3047 2965 3103 liberentur.
3010 3068 3029 3100 ι

1910 3218 2137 3286 Oportet
2169 3221 2320 3275 mitis
2353 3232 2406 3275 et
2432 3222 2641 3291 paciﬁci
2686 3221 2887 3276 Christi
2915 3222 3206 3290 discipulos
3236 3237 3419 3276 curam

1841 3312 2039 3364 habere
2073 3327 2258 3365 eorum
2297 3315 2386 3380 qui
2431 3329 2488 3367 se
2527 3314 2594 3367 ab
2623 3314 2864 3368 Ecclesia
2898 3315 3159 3368 catholica
3192 3329 3411 3383 separa-

1841 3410 1984 3465 runt,
2020 3412 2073 3457 et
2100 3403 2320 3456 omnino
2343 3406 2566 3458 studere
2603 3420 2724 3457 cum
2775 3405 3002 3458 lenitate
3051 3414 3106 3458 et
3159 3421 3417 3458 mansue‘

1841 3493 2024 3547 tudine
2047 3494 2327 3558 reducere,
2359 3509 2557 3562 eosque
2582 3495 2832 3548 Ecclesiae
2861 3496 3054 3546 iterum
3082 3495 3239 3549 unire
3265 3513 3278 3547 :
3315 3511 3418 3548 non

1841 3585 2054 3650 quidem
2089 3601 2246 3638 suum
2288 3595 2496 3639 tantum
2536 3599 2799 3653 quaerere,
2837 3595 2896 3636 et
2930 3585 3159 3638 aliorum
3192 3589 3418 3641 salutem

1844 3673 2112 3742 neglectui
2142 3675 2360 3729 habere.
2423 3676 2604 3728 dcirco
2663 3676 2845 3742 itaque
2890 3674 3214 3738 Donatistas,
3268 3678 3358 3743 qui
3391 3696 3417 3726 ει

1847 3762 2121 3817 Dominico
2153 3777 2385 3832 corpore
2421 3777 2480 3817 se
2519 3763 2886 3826 absciderunt,
2919 3776 2971 3816 et
2995 3778 3178 3817 errore
3218 3764 3417 3817 detenti

1844 3851 2080 3914 fuerunt,
2109 3856 2346 3920 synodus
2373 3853 2612 3908 decrevit
2643 3867 2764 3905 cum
2793 3855 3212 3909 mansuetudine
3236 3856 3411 3914 adire.

1843 3950 1898 3993 et
1937 3942 2216 3995 adhortari
2249 3955 2497 3995 errorem
2533 3942 2811 4001 deserere.
2841 3951 2896 3994 et
2935 3956 3232 4010 agnoscere
3273 3943 3416 3996 veri-

1845 4039 2054 4095 tatem;
2084 4040 2144 4085 ut
2177 4031 2583 4085 adhortantium
2615 4032 2942 4086 charitatem
2995 4042 3049 4086 et
3103 4043 3419 4087 mansuetu-

1850 4123 2029 4175 dinem
2069 4123 2209 4177 forte
2235 4129 2568 4185 reverentes,
2604 4137 2633 4175 a
2661 4123 2976 4190 captivitate
3009 4125 3332 4178 liberentur.

166 4193 491 4260 ῑπιτνῶναν
529 4190 898 4264 ἶ“θ’τσως,τήν
945 4192 1166 4260 ἀγάπην
1205 4190 1314 4244 τῶν
1377 4193 1844 4262 παρακαλούντων
1889 4210 1985 4263 καὶ
2047 4210 2144 4278 τὴν
2205 4211 2490 4279 πραότητα
2549 4211 2909 4276 αἰδεσθέντες,
2958 4209 3412 4282 ἀνασφήλωσιτῆς

166 4282 566 4354 αἰχμαλωσίας.

773 4370 1012 4425 ΚΔΝΩΝ
1074 4372 1187 4441 0'.)

173 4488 189 4519 ι
229 4467 365 4540 Περὶ
404 4463 751 4536 γραμμάτων
777 4464 1099 4533 ὀφειλόντων
1119 4465 1232 4527 τοῖς
1257 4464 1520 4537 ἄρχουσιν
1554 4467 1741 4538 Ἀφρι-

240 4578 258 4610 ι
296 4560 418 4621 κοῖς
447 4555 848 4625 ἀποσταλῆναι,
877 4553 1020 4609 ὥστε
1051 4557 1333 4627 κατάδηλα
1382 4560 1641 4625 γενέσθαι
1673 4563 1740 4614 τὰ

239 4668 257 4698 ε
293 4649 504 4719 μεταξὺ
571 4648 684 4700 τῶν
745 4649 1088 4702 Δονατιστῶν
1142 4651 1236 4703 καὶ
1291 4650 1742 4720 Μαξιμιανιστῶν

240 4759 258 4790 ι
299 4740 644 4809 πραχθέντα.
710 4741 946 4809 Ἥρεσεν
995 4739 1176 4792 τοίνυν
1231 4740 1319 4793 ῖνα
1353 4741 1416 4793 ὲκ
1451 4743 1547 4810 τῆς
1600 4745 1741 4811 ἠμε-

244 4852 262 4882 ι
306 4831 478 4901 τέρας
504 4831 727 4883 συνόδου
757 4830 1065 4899 γράμματα
1083 4829 1220 4900 πρὸς
1246 4831 1370 4892 τοὺς
1409 4831 1506 4900 τῆς
1552 4833 1740 4901 ’Λφρι-

244 4942 261 4973 ι
301 4923 412 4991 κῆς
444 4921 718 4990 ἄρχοντας
763 4920 1016 4984 ἱοθῶσιν,
1052 4919 1145 4988 ἀφ’
1184 4913 1260 4973 ὧν
1315 4920 1738 5000 αίτῆσαιαρμόο

243 5031 262 5064 ι
299 5014 415 5066 διον
441 5012 625 5074 ἔδοξεν
661 5011 790 5080 περὶ
812 5013 907 5063 τοῦ
944 5010 1213 5082 βοηθῆσαι
1247 5013 1312 5083 τῇ
1374 5015 1528 5082 κοινῇ
1573 5015 1741 5082 μητρὶ

245 5125 261 5155 ι
297 5108 366 5174 τῇ
386 5102 656 5172 καθολικῇ
692 5103 1007 5172 Ἐκκλησία,
1031 5105 1088 5154 ἐν
1114 5097 1193 5164 οἷς
1235 5104 1267 5172 ἠ
1292 5103 1400 5154 τῶν
1425 5104 1741 5155 ἐπισκόπων

243 5217 260 5245 ι
291 5194 558 5247 αὑθεντία
598 5195 657 5245 εν
683 5195 804 5252 ταῖς
870 5193 1059 5246 πόλεσι
1099 5197 1522 5262 καταφρονεῖται
1549 5209 1562 5224 ·
1594 5192 1739 5244 τοῦτ’

244 5307 262 5338 α
294 5287 447 5339 ιστιν
475 5285 566 5336 ῖνα
593 5285 889 5354 ὰρχοντικῇ
951 5285 1241 5354 δυναστείᾳ
1289 5286 1383 5336 καὶ
1449 5286 1741 5355 ἐπιμελείᾳ

238 5395 258 5426 ι
297 5377 396 5429 καὶ
420 5375 786 5444 Χριστιανικῇ
817 5375 1001 5426 πίστει
1056 5375 1442 5444 ἁναζητήσωσι
1471 5377 1537 5429 τὰ
1591 5381 1743 5444 γενό-

243 5486 259 5517 ι
298 5484 442 5536 μενα
474 5467 534 5519 εν
561 5466 703 5527 ὅλοις
749 5468 860 5527 τοῖς
896 5465 1099 5530 τόποις,
1129 5466 1187 5519 ἐν
1215 5461 1295 5529 οἷς
1338 5467 1388 5518 οἰ
1411 5467 1742 5535 Μαξιμιανι-

240 5577 257 5609 ι
301 5555 428 5610 σταὶ
460 5556 754 5626 ικκλησίας
813 5556 1075 5626 κατέσχον
1100 5571 1116 5588 ο
1155 5557 1236 5610 ἔτι
1261 5557 1316 5610 δὲ
1347 5559 1437 5610 καὶ
1470 5561 1592 5620 τοὺς
1645 5560 1738 5610 ἀπ’

239 5668 258 5701 ι
297 5649 481 5701 αὐτῶν
511 5649 946 5719 ἀποσχίσαντας,
979 5651 1070 5701 καὶ
1093 5649 1376 5719 δημοσίοις
1404 5652 1727 5719 πεπραγμέ-

242 5759 261 5791 ι
293 5757 406 5803 νοις
462 5739 561 5810 τὴν
614 5741 743 5808 περὶ
783 5740 993 5793 τούτων
1047 5743 1247 5808 γνῶσιν
1295 5741 1518 5811 βεϐαίαν
1573 5744 1736 5795 πᾶσιν

240 5850 263 5886 ε
297 5830 613 5900 ἀναγκαίως
643 5831 946 5901 ποιήσωσιν
976 5831 1276 5904 ἐντεθῆναι.
1316 5851 1334 5884 ›

2415 4390 2644 4446 CANON
2690 4389 2850 4444 LXX.

1850 4498 1868 4530 ι
1905 4479 1976 4534 De
2002 4479 2196 4535 litteris
2217 4495 2338 4549 qua:
2379 4481 2517 4535 mitti
2564 4481 2757 4534 debent
2788 4480 3185 4548 magistratibus
3201 4479 3417 4543 Αίιίειν,

1936 4587 1953 4620 ι
1986 4578 2042 4623 ιιι
2068 4570 2211 4623 clara
2246 4563 2354 4625 sint
2402 4586 2520 4640 quae
2581 4571 2726 4625 inter
2779 4569 3085 4623 Donatistae
3145 4579 3196 4620 et
3247 4569 3413 4623 Maxi-

1917 4678 1934 4710 ι
1974 4661 2258 4716 mianistas
2293 4671 2408 4716 acta
2438 4670 2584 4716 sunt.
2614 4660 2826 4716 Placuit
2875 4676 3005 4739 ergo
3035 4672 3089 4714 ut
3129 4675 3191 4714 ex
3227 4672 3408 4716 nostra

1931 4771 1949 4802 ι
1981 4753 2185 4821 synodo
2215 4752 2410 4807 litterae
2434 4755 2498 4806 ad
2525 4751 2720 4806 Africa:
2761 4753 3105 4822 magistratus
3132 4755 3352 4814 dentur,
3379 4769 3406 4806 a

1922 4861 1939 4892 ι
1975 4845 2171 4912 quibus
2198 4854 2378 4913 petere
2401 4855 2829 4927 consentaneum
2857 4846 3034 4897 visum
3060 4855 3161 4907 est,
3189 4856 3243 4897 ut
3267 4861 3383 4899 cam
3403 4876 3414 4886 -

1929 4953 1946 4983 ι
1983 4936 2126 4987 nmni
2164 4937 2317 4988 matri
2375 4937 2662 4990 catholica:
2694 4937 2950 4990 Ecclesia:
3004 4951 3160 5004 opem
3221 4936 3414 4999 ferant,

1941 5039 2034 5077 «eo
2064 5029 2207 5093 quod
2240 5026 2616 5096 episcoporum
2643 5028 2939 5080 auctoritas
2993 5027 3043 5078 in
3093 5027 3406 5079 civitatibus

1928 5134 1944 5165 ι
1984 5117 2385 5182 contemnitur;
2425 5119 2611 5182 idest,
2655 5127 2713 5170 ut
2758 5135 2850 5170 sua
2911 5127 3175 5186 potestate
3212 5129 3264 5171 et
3315 5134 3412 5170 au-

1933 5209 2224 5259 cctoritate
2261 5209 2547 5276 studioque
2604 5216 2658 5261 et
2697 5208 2798 5261 ﬁde
2862 5209 3168 5260 Christiana
3230 5209 3411 5275 inqui-

1939 5315 1957 5346 ι
1993 5307 2111 5349 rant
2140 5313 2260 5364 qua
2312 5299 2363 5351 in
2396 5299 2649 5353 onmilms
2716 5300 2848 5353 locis
2904 5301 3058 5363 ﬁunt,
3111 5301 3163 5352 in
3220 5301 3414 5367 quibus

1924 5406 1941 5437 ι
1977 5389 2388 5442 Μιιιὶιιιίςιιιίειεο
2439 5390 2702 5444 ecclesias
2741 5391 3082 5444 detinuerunt
3108 5406 3121 5442 :
3148 5401 3406 5458 prmtcrca

1926 5499 1944 5531 ι
1979 5492 2180 5545 autem,
2219 5491 2277 5535 ut
2310 5483 2401 5550 qui
2445 5483 2513 5536 ab
2543 5483 2672 5548 ipsis
2701 5483 2925 5536 abscissi
2973 5491 3114 5546 sunt,
3163 5484 3412 5537 omnibus

1937 5587 1952 5617 ι
1995 5567 2204 5621 firmam
2237 5584 2300 5622 ac
2330 5569 2577 5622 stabilem
2607 5571 2670 5620 de
2693 5569 2755 5622 iis
2779 5570 3134 5638 cOgnitionem
3162 5582 3410 5622 necessa-

1927 5679 1942 5709 ι
1992 5661 2068 5714 rio
2103 5661 2238 5714 actis
2273 5660 2502 5729 publicis
2539 5660 2698 5714 inseri
2742 5659 2960 5713 faciant.
3003 5680 3020 5712 ι
