4018 6310
163 341 278 404 265

1181 340 1261 399 IN
1301 337 1462 399 CAN.
1502 333 1686 397 LXXI
1767 333 1974 399 CONC,
2017 330 2384 394 CARTIIAG.

3290 329 3394 394 266

232 477 257 509 ε
294 457 443 526 αὖτῷ
473 459 623 522 τόπῳ
666 455 1032 526 κυϐερνῶντος
1089 454 1186 522 τὴν
1235 452 1582 521 Ἐκκλησίαν,
1635 451 1730 504 ἑὰν

1909 449 2254 504 «honoribus
2339 450 2757 518 susdpiautura
2817 451 3260 520 quemadmodum
3339 456 3393 507 in

238 566 260 598 ι
296 547 454 599 τοῦτο
483 545 886 614 συμϐάλλεσθαι
925 545 990 612 τῇ
1019 542 1132 594 τῶν
1160 538 1506 610 Χριστιανῶν
1534 539 1732 606 είρήνῃ

239 657 264 693 ε
298 640 527 707 φανείη,
559 641 616 690 έν
660 638 779 698 ταῖς
828 635 988 696 ἰδίαις
1057 636 1246 702 τιμαῖς
1294 632 1498 692 αὐτοὺς
1549 629 1738 682 ἀναδε-

250 750 268 781 ι
305 729 508 799 χθῆναι
529 747 541 760 ο
571 728 751 788 καθὼς
790 727 884 777 καί
926 727 983 777 ὲν
1014 728 1124 783 τοῖς
1158 719 1494 792 προλαϐοῦσι
1522 720 1734 788 χρόνοις

249 839 268 870 ι
308 820 444 887 περί
481 821 581 886 τῆς
623 817 792 885 αὐτῆς
821 815 1160 874 διαστάσεως
1211 810 1467 878 γενέσθαι
1507 807 1739 876 φανερόν

249 931 268 964 t
305 913 458 965 ἐστιν
489 927 504 942 ·
548 912 683 977 ὅπερ
727 908 940 960 πολλῶν
993 907 1091 958 καὶ
1135 903 1322 972 σχεδὸν
1383 900 1577 954 πασῶν
1623 899 1736 952 τῶν

252 1022 270 1055 ι
311 1004 373 1056 ὲν
399 1005 468 1072 τῇ
505 1002 741 1070 ’Δφρικῇ
791 999 1120 1064 ἐκκλησιῶν,
1171 997 1228 1047 έν
1289 989 1374 1055 αἷς
1423 993 1458 1062 ἡ
1511 990 1735 1058 τοιαύτη

252 1112 270 1144 ι
310 1091 492 1159 πλάνη
524 1091 757 1157 ἀνεφύη,
789 1090 858 1140 τὰ
880 1086 1308 1157 παραδείγματα
1347 1081 1734 1152 μαρτύρονται·

252 1202 270 1233 ι
307 1183 408 1250 οὐχ
433 1182 522 1233 ίνα
565 1183 598 1249 ἡ
631 1179 847 1241 σύνοδος
879 1181 911 1247 ἡ
944 1179 1000 1230 ὲν
1030 1178 1141 1238 τοῖς
1183 1173 1590 1245 περαματικοίς
1646 1167 1741 1236 μέ-

258 1294 275 1325 ι
315 1292 437 1344 ρεσι
504 1273 633 1341 περί
681 1271 872 1323 τούτου
928 1269 1021 1322 τοῦ
1098 1268 1422 1337 πράγματος
1475 1261 1744 1329 γενομένη

253 1383 270 1414 ι
306 1361 558 1431 διαλυθῇ,
604 1360 716 1414 ἀλλ’
751 1360 838 1412 ἵνα
868 1360 1043 1410 έκεῖνο
1080 1355 1238 1423 μείνῃ
1271 1353 1397 1423 περὶ
1425 1353 1550 1412 τοὺς
1571 1349 1742 1408 οὕτως

255 1473 273 1503 ι
313 1452 594 1522 μετελθεῖν
624 1451 758 1518 πρὸς
798 1449 897 1517 τὴν
930 1447 1225 1511 καθολικὴν
1263 1442 1586 1510 Ἐκκλησίαν
1620 1441 1744 1506 βου·

251 1563 268 1593 ι
305 1542 588 1611 λομένους,
620 1541 759 1592 ὥστε
809 1539 1078 1607 μηδεμίαν
1102 1537 1193 1588 ἐπὶ
1223 1535 1426 1587 τούτων
1477 1532 1576 1600 τῆς
1635 1528 1747 1581 ἑνό-

257 1654 274 1684 ι
313 1647 480 1700 τητος
511 1631 799 1699 συντομίαν
831 1624 1308 1697 περιεργάζεσθαι.
1327 1625 1402 1675 Δι’
1420 1616 1493 1674 ὧν
1515 1622 1569 1673 δὲ
1586 1616 1747 1672 παντὶ

255 1744 272 1776 ι
308 1726 496 1795 τρόπῳ
532 1721 914 1789 ἐκτελεσθῆναι
947 1720 1040 1770 καὶ
1091 1714 1499 1785 προσδοηθῆναι
1555 1711 1588 1777 ἡ
1617 1708 1748 1761 καθ-

1911 558 1928 586 ι
1966 541 2236 608 prioribus
2300 542 2626 610 tempm-ibus
2684 546 2748 596 de
2803 547 2991 596 eadem
3051 545 3390 598 dissensione

1913 647 1930 678 ι
1970 629 2166 683 factum
2236 646 2355 686 esse
2416 634 2754 687 manifestum
2811 643 2924 695 est;
2987 636 3130 702 quod
3180 635 3394 703 quidem

1912 740 1928 770 ι
1970 721 2258 775 multarum
2309 733 2467 792 atque
2494 725 2626 777 adeo
2651 722 2760 776 fere
2818 725 3057 777 omnium
3107 725 3160 777 in
3219 726 3395 778 Africa

1913 825 1931 857 ι
1965 809 2335 876 ecclesiarum,
2413 812 2465 863 itt
2493 811 2686 878 quibus
2729 812 2814 866 hic
2849 827 3002 866 error
3043 821 3263 866 exortus
3293 823 3397 878 est,

1927 917 1944 948 ι
1980 900 2222 968 exempla
2256 910 2539 954 testantur.
2565 900 2678 956 Non
2707 912 2762 954 ut
2797 903 3055 972 synodus,
3095 918 3212 971 qua
3253 904 3316 957 de
3338 918 3398 956 ea

1927 1012 1943 1044 ι
1974 1007 2033 1046 re
2066 991 2206 1046 facta
2247 994 2420 1046 estin
2465 996 2842 1048 transmarinis
2895 996 3157 1061 partibus,
3213 996 3396 1051 dissol-

1917 1103 1934 1135 ι
1969 1096 2160 1147 vatur;
2191 1082 2282 1136 sed
2339 1094 2396 1135 ut
2449 1083 2576 1136 illud
2609 1095 2823 1137 maneat
2857 1085 2998 1152 apud
3040 1100 3154 1148 eos,
3187 1087 3276 1153 qui
3324 1088 3400 1140 sic

1920 1192 1936 1223 ι
1973 1173 2156 1226 volunt
2199 1173 2262 1225 ad
2307 1173 2625 1226 catholicam
2676 1175 2971 1228 Ecclesiam
3043 1177 3294 1240 transire,
3345 1187 3402 1231 ιιι

1929 1281 1946 1312 ι
1986 1263 2182 1315 nullam
2216 1264 2266 1315 in
2292 1277 2355 1315 eo
2397 1262 2608 1317 uoionis
2642 1264 3006 1317 coucisionem
3058 1265 3271 1318 emciat.
3305 1265 3404 1318 Per

1923 1367 2102 1421 «quos
2126 1362 2304 1405 autem
2361 1354 2610 1407 omnibus
2647 1355 2819 1408 modis
2873 1353 3007 1408 ellici
3059 1366 3111 1408 et
3165 1358 3404 1424 adjuvari

1924 1463 1940 1494 ι
1975 1446 2296 1499 catholicam
2333 1446 2606 1509 unionem,
2655 1446 2942 1500 manifesto
2970 1447 3120 1502 lucro
3141 1449 3406 1502 fraterna-

1927 1551 1945 1584 ι
1981 1549 2096 1585 rum
2132 1535 2784 1602 animarum,apparuerit
2805 1534 2856 1586 in
2880 1535 2941 1587 iis
2967 1535 3099 1589 locis
3131 1536 3184 1588 in
3214 1539 3404 1605 quibus

1927 1642 1943 1673 ι
1975 1623 2194 1690 degunt,
2226 1640 2290 1677 ne
2329 1638 2421 1676 eos
2448 1626 2701 1694 impediat
2730 1630 2871 1693 quod
2913 1628 3170 1681 adversus
3221 1643 3404 1681 eorum

1929 1733 1947 1764 ι
1983 1715 2216 1769 honores
2239 1716 2290 1768 in
2321 1720 2678 1771 transmarina
2707 1719 2912 1786 synodo
2930 1721 3278 1772 constitutum
3305 1729 3406 1772 cst:

251 1792 478 1882 50inch
522 1814 704 1879 ένότης
767 1809 984 1878 φανερῷ
1054 1807 1234 1876 κέρδει
1286 1804 1394 1856 τῶν
1446 1798 1746 1866 ἀδελφικῶν

1925 1824 1946 1858 ι
1978 1807 2408 1875 quandoquidem
2451 1809 2595 1861 salus
2628 1808 2752 1860 nulli
2795 1823 3036 1875 personae
3065 1810 3280 1863 exclusa
3304 1819 3410 1863 est.

250 1925 269 1957 ι
302 1905 493 1974 ψυχῶν
523 1903 718 1970 φανείη
742 1902 798 1952 ἐν
827 1901 941 1959 τοῖς
969 1897 1174 1959 τόποις,
1206 1889 1286 1956 οἷς
1336 1892 1634 1958 διάγουσιν,
1672 1887 1744 1956 μὴ

251 2014 268 2045 ι
310 1993 584 2064 ὲμποδίσῃ
604 1992 825 2049 τούτους
856 1989 916 2042 τὸ
960 1987 1179 2057 ὁρισθὲν
1228 1986 1370 2037 κατὰ
1400 1983 1507 2035 τῶν
1565 1978 1745 2047 τιμῶν

252 2101 269 2132 ι
311 2081 498 2135 αὐτῶν
557 2082 614 2131 έν
648 2081 712 2149 τῇ
768 2077 1118 2146 περαματικῇ
1169 2073 1389 2139 συνόδῳ,
1439 2069 1640 2122 ὁπόταν
1687 2066 1748 2118 τὸ

256 2189 274 2220 ι
315 2168 560 2237 σωθῆναι
617 2167 796 2219 οὐδενὶ
826 2163 1107 2233 προσώπῳ
1139 2153 1746 2218 ἀποκέκλεισται,τοῦτ’

255 2278 273 2308 ε
314 2258 468 2310 ἔστιν
500 2259 588 2310 ινα
619 2257 669 2308 οἰ
696 2253 1164 2324 χειροτονηθέντες
1213 2251 1271 2302 έν
1299 2248 1377 2318 τῷ
1410 2249 1520 2300 τῶν
1577 2248 1746 2298 Δονα-

255 2368 274 2399 ε
317 2347 520 2399 τιστῶν
539 2346 721 2414 μέρει,
759 2345 854 2396 ἐὰν
882 2343 1019 2412 πρὸς
1074 2342 1173 2410 τὴν
1217 2337 1515 2407 καθολικὴν
1565 2336 1746 2387 πίστιν

258 2458 276 2488 ι
316 2437 702 2508 διορθωθέντες
740 2434 1021 2505 μετελθεῖν
1048 2433 1346 2500 θελήσοιεν,
1380 2430 1456 2498 μὴ
1484 2427 1624 2482 κατὰ
1651 2427 1749 2496 τὴν

259 2547 278 2578 ι
319 2525 710 2596 περαματικὴν
778 2525 997 2578 σύνοδον
1065 2521 1141 2592 μὴ
1195 2519 1456 2589 δεχθῶσιν
1509 2521 1566 2570 έν
1628 2517 1748 2576 ταῖς

263 2639 280 2668 ι
315 2618 547 2678 οἰκείαις
596 2617 818 2683 τιμαίςο
871 2612 1008 2665 ἀλλὰ
1041 2611 1238 2680 μᾶλλον
1292 2601 1441 2662 οὗτοι
1487 2605 1750 2676 προσδεχ-

265 2728 281 2758 ι
318 2709 480 2774 θῶσι,
509 2705 580 2760 δι’
613 2701 688 2760 ὧν
716 2708 783 2776 τῇ
816 2705 1073 2776 καθολικῇ
1099 2703 1312 2771 ἑνότητι
1343 2697 1586 2768 γίνεσθαι
1616 2695 1748 2765 πρό-

266 2818 284 2850 !
319 2815 462 2851 νοια.
521 2815 541 2848 ι

261 2911 457 2964 ΒΔΔΣ.
494 2910 604 2964 Καὶ
631 2905 792 2972 οὗτος
825 2910 854 2962 ό
901 2907 1081 2963 κανὼν
1139 2906 1304 2967 ίδικός
1345 2906 1512 2957 ἐστιν.
1548 2903 1753 2970 Ἤρεσε

193 3002 297 3071 γὰρ
319 3004 436 3064 τοῖς
469 3001 720 3070 Πατράσι
767 3000 1016 3070 δέχεσθαι
1054 2999 1180 3059 τοὺς
1210 2995 1315 3049 ἀπὸ
1370 2993 1482 3046 τῶν
1532 2996 1752 3044 Δονατιο

1928 1916 1945 1946 ι
1979 1897 2087 1951 Hoc
2129 1907 2230 1960 est,
2272 1908 2328 1950 ut
2364 1899 2451 1963 qui
2517 1899 2605 1966 qui
2644 1899 2858 1952 {uerunt
2908 1901 3138 1954 ordinati
3172 1916 3201 1954 a
3257 1913 3409 1970 parte

1929 2007 1945 2037 ι
1993 1987 2410 2053 Donatistarum,
2452 1990 2496 2043 si
2581 1991 2646 2043 ad
2693 1991 3016 2045 catholicam
3077 1992 3231 2046 ﬁdem
3282 2009 3407 2046 cor-

1930 2097 1947 2127 ι
1987 2078 2115 2131 recti
2146 2079 2378 2132 transire
2396 2081 2804 2144 volucrint,nou
2839 2081 3412 2134 secundumtrausma-

1930 2185 1948 2218 ι
1978 2168 2148 2221 rinam
2178 2169 2440 2236 synodum
2493 2185 2598 2222 non
2645 2153 3016 2239 suscipiantur
3076 2170 3129 2222 in
3184 2173 3411 2240 propriis

1931 2258 2314 2312 «honoribus:
2361 2261 2453 2313 sed
2506 2260 2539 2312 ii
2593 2261 2762 2327 magis
2815 2260 3219 2327 suscipiuntur,
3309 2276 3404 2330 per

1934 2365 1949 2394 ι
1980 2361 2115 2414 quos
2146 2346 2432 2402 catholica:
2461 2347 2655 2401 unitati
2695 2348 3027 2415 providetur.

1929 2912 2123 2967 BALS.
2158 2912 2254 2967 Hic
2280 2927 2491 2983 quoque
2519 2929 2689 2969 canon
2742 2925 2822 2969 est
2879 2917 3163 2983 specnalts.
3216 2916 3423 2972 Placuit

1858 3003 2001 3056 enim
2045 3002 2318 3066 Patribus,
2357 3013 2414 3056 ut
2448 3005 2538 3073 qui
2573 3019 2635 3058 οι
2681 3006 2969 3061 Donatistis
3003 3009 3068 3060 ad
3116 3007 3274 3062 ﬁdem
3333 3023 3422 3062 or-

194 3095 335 3145 στῶν
376 3094 845 3164 προσερχομένους
885 3094 949 3160 τῇ
1031 3087 1295 3158 ὁρθοδόξῳ
1355 3086 1555 3148 πίστει,
1612 3082 1752 3180 ὥστε

1862 3091 2452 3154 thodoxamaccedunt,
2504 3095 2577 3146 ita
2627 3096 3010 3162 suscipiantur,
3054 3107 3110 3149 ut
3162 3110 3287 3150 suos
3332 3112 3424 3152 sai-

191 3185 335 3253 έχειν
363 3185 560 3247 αὐτοὺς
593 3185 718 3246 τοὺς
756 3184 992 3244 οἰκείους
1017 3179 1324 3249 ίερατικοὺς
1360 3172 1754 3245 βαθμοὺςφνκᾶν

1861 3195 1985 3234 cros
2036 3182 2237 3248 gradus
2273 3181 2586 3234 obtineant:
2620 3183 2829 3235 etiamsi
2863 3182 3019 3235 aliter
3048 3185 3112 3237 de
3147 3198 3211 3236 eo
3237 3185 3412 3238 visum

192 3274 364 3334 ὔὲιλως
391 3272 536 3335 ἔδοξε
556 3271 626 3322 τὰ
656 3273 784 3337 περὶ
805 3269 993 3320 τούτου
1046 3270 1102 3318 ὲν
1127 3269 1190 3335 τῇ
1247 3264 1594 3333 περαματικῇ
1631 3277 1755 3312 συν⁶

193 3363 318 3430 ὁδῳ,
348 3361 517 3430 ἡγουν
550 3363 618 3429 τῇ
657 3362 715 3412 ὲν
755 3358 976 3428 Ἰταλίᾳ.

266 3471 510 3526 ΖΩΝΑΡ.
543 3473 679 3542 Περὶ
708 3471 1046 3524 Δονατιστῶν
1077 3469 1174 3522 καὶ
1202 3460 1355 3531 οὗτος
1377 3468 1404 3520 ό
1439 3466 1618 3520 κανὼν
1644 3465 1759 3518 δια-

197 3565 476 3630 τάττεται,
507 3549 679 3617 πολλόι
709 3565 812 3632 μέν
840 3561 1051 3626 διεξιὼν
1073 3561 1169 3613 καί
1190 3559 1629 3629 ἀπολογούμενος
1677 3557 1756 3608 ὅτι

192 3655 531 3708 ἐναντιοῦται
548 3658 615 3724 τῇ
649 3656 707 3706 ὲν
725 3656 840 3715 τοῖς
879 3655 1070 3722 μέρεσι
1093 3651 1192 3718 τῆς
1232 3649 1462 3710 Ἰταλίας
1491 3647 1758 3718 γενομένῃ

194 3747 417 3813 συνόδῳ,
444 3746 540 3798 καὶ
578 3745 816 3814 όρισάσῃ
839 3743 912 3811 μὴ
937 3741 1192 3811 δέχεσθαι
1214 3742 1340 3802 τοὺς
1369 3741 1432 3792 ὲκ
1472 3741 1570 3807 τῆς
1602 3738 1755 3802 αἱρέ-

194 3853 328 3898 σεως
350 3836 469 3892 τῶν,
492 3834 833 3887 Δονατιστῶν
875 3831 1346 3902 προσερχομένους
1396 3832 1464 3900 τῇ
1494 3827 1758 3898 ὀρθοδόξῳ

194 3933 400 3994 πίστει,
424 3928 566 3982 ὥστε
595 3928 741 3997 ἔχειν
777 3926 930 3988 αὖθις
968 3926 1163 3985 αὐτοὺς
1195 3925 1318 3984 τοὺς
1344 3921 1577 3983 οἰκείους
1608 3923 1757 3988 ἰερα-

190 4022 371 4080 τικοὺς
408 4017 679 4088 βαθμούς.
742 4013 940 4065 Τυπῶν
976 4013 1033 4063 δὲ
1061 4013 1154 4064 καί
1179 4010 1598 4078 διαταττόμενος
1631 4007 1758 4068 τοὺς

191 4106 680 4180 χειροτονηθέντας
731 4105 835 4156 ὑπὸ
890 4103 1225 4156 Δονατιστῶν
1289 4101 1604 4170 κληρικοὺς,
1663 4100 1759 4151 ἐὰν

192 4200 535 4269 προσέλθωσι
572 4201 639 4268 τῇ
697 4196 961 4266 καθολικῇ
1005 4192 1326 4263 Ἐκκλησία,
1382 4192 1633 4260 δέχεσθαι
1701 4192 1758 4241 ἐν

190 4295 301 4354 ταῖς
335 4291 572 4350 οἰκείαις
611 4289 826 4357 τιμαῖς,
866 4286 1006 4338 ὥστε
1061 4285 1262 4354 δηλαδὴ
1316 4283 1461 4353 ἐχειν
1516 4282 1758 4342 ἐκείνους

189 4386 309 4442 τοὺς
342 4381 585 4441 οίκείους
633 4379 902 4448 βαθμοὺς,
928 4379 1021 4429 καί
1051 4377 1171 4429 κατ’
1199 4375 1444 4436 ἐκείνους
1468 4372 1756 4440 τιμᾶσθαι,

1859 3271 1930 3323 sit
1962 3272 2014 3323 in
2045 3273 2402 3325 transmarina
2429 3274 2655 3340 synodo,
2696 3287 2788 3326 seu
2853 3273 2905 3326 in
2943 3273 3114 3326 Italia.

1933 3465 2182 3520 ZONAR.
2248 3468 2320 3522 De
2355 3467 2650 3522 Donatistis
2683 3469 2769 3523 hic
2802 3484 3017 3538 quoque
3078 3485 3248 3525 canon
3309 3482 3421 3525 sta-

1863 3559 1982 3612 tuit.
2024 3558 2722 3627 thuidem,quamobrem
2792 3562 2844 3612 in
2877 3561 3029 3613 Italia
3082 3563 3278 3616 habita:
3332 3578 3423 3632 sy-

1862 3649 2003 3700 nodo
2037 3650 2376 3711 adversetur,
2411 3664 2517 3716 qua
2557 3649 2888 3712 Donatistae,
2923 3649 2966 3702 si
3004 3650 3069 3702 ad
3127 3651 3286 3704 [idem
3327 3667 3421 3704 or-

1867 3738 2157 3790 thodoxam
2188 3748 2610 3801 reverterentur,
2651 3739 2812 3809 605
2865 3741 2915 3792 in
2951 3756 3226 3795 sacrorum
3275 3745 3424 3796 ordi-

1861 3843 1988 3881 num
2048 3830 2304 3896 gradibus
2357 3844 2676 3896 permanere
2719 3833 2939 3885 vetitum
2998 3832 3191 3896 fuerat,
3243 3835 3424 3887 multis

1864 3923 2170 3991 exponitet
2229 3923 2634 3977 excusationem
2689 3927 2958 3978 contexit.
3017 3924 3151 3979 Tum
3183 3943 3312 3981 vero
3369 3939 3427 3980 ut

1859 4013 2068 4074 clerici,
2102 4014 2244 4082 quia
2279 4014 2579 4068 Donatistis
2637 4016 2855 4068 ordines
2900 4031 3211 4083 suscepere,
3265 4020 3309 4071 si
3358 4018 3425 4070 a.l

1860 4103 2161 4156 Ecclesium
2205 4102 2530 4157 catholicam
2567 4116 2626 4157 se
2655 4103 2961 4158 conferant.
2993 4105 3044 4156 in
3099 4106 3216 4160 suis
3278 4107 3427 4160 οι(ίί⁹

1861 4194 2020 4247 uibus
2057 4203 2329 4256 maneant,
2361 4207 2659 4261 eorumque
2710 4195 3107 4264 praerogativis,
3173 4211 3270 4264 pro
3324 4213 3421 4250 cu-

1856 4285 2050 4353 jusque
2081 4286 2284 4338 ordinis
2325 4287 2557 4348 ratione,
2605 4284 2889 4350 fruantur;
2950 4301 3121 4352 neque
3183 4303 3307 4341 vero
3364 4289 3428 4343 iis

1861 4377 2182 4444 spolientur,
2219 4375 2669 4443 quemadmodum
2703 4379 2755 4429 in
2804 4381 3164 4430 transmarina
3223 4382 3426 4447 synodo

192 4440 303 4522 atti—
325 4470 404 4537 μὴ
434 4440 578 4521 κατέι
597 4440 700 4536 την
723 4440 1111 4535 περαματικὴν
1133 4465 1376 4523 σύνοδον,
1406 4462 1482 4532 μὴ
1504 4462 1755 4531 δέχεσθαι

1861 4466 2210 4519 constitutum
2231 4465 2428 4531 fuerat,
2451 4467 2773 4520 decernunt.
2808 4464 3252 4521 Transmarinam
3296 4485 3427 4523 vero

190 4563 312 4622 τοὺς
332 4559 613 4618 τοιούτους
647 4557 705 4609 έν
735 4559 852 4619 ταῖς
897 4559 1082 4625 τιμαῖς
1134 4556 1332 4608 αὐτῶν.
1373 4552 1758 4623 Ιίεραματικὴν

191 4652 243 4702 δὲ
267 4649 490 4702 σύνοδον
520 4649 663 4716 λέγει
690 4648 786 4718 τὴν
813 4651 870 4701 ὲν
923 4646 1122 4716 Ἰταλίᾳ
1143 4647 1465 4715 γενομένην,
1500 4645 1574 4705 ὡς
1606 4643 1759 4712 είρη-

192 4758 301 4794 ται.
339 4741 662 4808 Δεχομένων
689 4739 818 4808 γὰρ,
842 4743 996 4806 φησι,
1041 4736 1148 4790 τῶν
1175 4734 1520 4788 Δονατιστῶν
1559 4737 1618 4786 ὲν
1647 4736 1760 4794 τοῖς

193 4833 417 4891 οἰκείοις
444 4830 698 4898 βαθμοῐς,
724 4830 959 4896 πρόνοια
1007 4829 1216 4896 γίνεται
1264 4832 1330 4897 τῇ
1354 4825 1616 4894 καθολικῇ
1643 4824 1761 4876 ἑνό-

197 4941 320 4994 τητι
341 4939 355 4952 ·
396 4923 662 4974 πλειόνων
691 4920 936 4990 δηλονότι
969 4918 1116 4972 οὕτω
1142 4919 1446 4989 μελλόντων
1473 4917 1760 4987 προσιέναι

197 5019 259 5082 τῇ
293 5011 564 5082 όρθοδόξῳ
612 5011 818 5074 πίστει,
877 5011 972 5062 καί
1011 5011 1260 5079 ένότητος
1313 5008 1610 5079 γενομένης
1650 5005 1760 5059 τῶν

199 5104 584 5156 πιστευόντων.

201 5217 414 5272 ΔΡΙΣΤ.
464 5233 484 5266 ε
523 5216 585 5267 Di
614 5215 717 5268 ὑπὸ
741 5215 850 5268 τῶν
879 5214 1208 5268 Δονατιστῶν
1240 5215 1759 5284 κεχειροτονημένοι,

272 5325 289 5353 ι
333 5307 382 5356 εἰ
415 5305 510 5356 καὶ
532 5305 598 5373 τῇ
641 5303 879 5372 πέραθεν
909 5304 1108 5370 συνόδῳ
1160 5305 1584 5372 μεταμελόμενοι
1620 5308 1765 5358 ἀπο-

271 5418 289 5450 ι
333 5399 661 5461 κέκλεινται,
707 5397 820 5448 ἀλλ’
846 5398 969 5450 ἐπεὶ
995 5399 1056 5450 τὸ
1081 5398 1314 5465 σωθῆναι
1344 5399 1546 5459 πάντας
1579 5398 1761 5462 καλὸν,

271 5511 288 5543 ι
333 5491 706 5562 διορθούμενοι
737 5490 1239 5560 προσδεχέσθωσαν.
1279 5509 1298 5541 ι

267 5601 421 5657 Οὗτοι
449 5605 505 5655 ni
538 5603 853 5655 Δονατισταί
884 5603 1332 5671 μεταμελόμενοι,
1371 5603 1467 5654 καί
1502 5601 1596 5671 τὴν
1627 5603 1763 5654 ἰδίαν

199 5697 677 5766 ἁναθεματίζοντες
708 5694 938 5765 αἵρεσιν,
959 5694 1049 5746 ἐπὶ
1087 5695 1182 5758 τῆς
1220 5693 1353 5756 ίδίας
1381 5698 1542 5765 τιμῆς
1581 5695 1761 5762 μένει-θ

512 5791 746 5851 ΡΑτιιυι
765 5829 786 5852 .
827 5788 945 5850 Gn.
982 5788 1362 5854 CXXXVIII.

1860 4561 2145 4627 synodum,
2177 4574 2294 4613 eam
2322 4573 2439 4627 quae
2484 4560 2536 4612 in
2579 4559 2764 4637 Italia,
2825 4567 2882 4613 ut
2928 4560 3185 4624 diximus,
3240 4573 3426 4615 coacta

1861 4663 1963 4717 est,
1991 4654 2257 4706 nominat.
2294 4652 2425 4705 Cum
2451 4651 2590 4704 enim
2628 4650 2956 4716 Donatistas,
2990 4648 3190 4717 inquit,
3244 4650 3297 4703 itt
3329 4666 3427 4704 suo

1861 4757 2129 4809 quemque
2161 4741 2349 4793 ordine
2385 4741 2713 4808 suscipimus
2749 4741 3034 4793 catholicae
3086 4740 3245 4793 simul
3307 4741 3428 4793 nni-

1862 4833 1958 4883 tati
1993 4829 2375 4899 prospicimus.
2407 4831 2481 4883 Ex
2510 4830 2613 4883 hoc
2671 4844 2904 4896 namque
2960 4828 3076 4892 ﬁet,
3135 4837 3194 4882 ut
3247 4831 3427 4896 plures

1862 4924 2213 4974 orthodoxam
2235 4921 2394 4974 [idem
2427 4920 2847 4987 amplectantur,
2881 4935 2943 4972 ac
2985 4919 3207 4988 proinde
3254 4919 3427 4986 magis

1863 5028 1926 5065 ac
1953 5013 2121 5081 magis
2149 5013 2201 5065 in
2248 5011 2362 5066 dies
2393 5013 2730 5066 credentium
2770 5013 2946 5064 unitas
2976 5011 3260 5064 coalescat.

1868 5214 2090 5269 ARIST.
2130 5233 2147 5264 ι
2182 5213 2281 5280 Qui
2331 5227 2360 5265 a
2429 5211 2721 5267 Donatistis
2763 5211 3118 5275 ordinantur,
3147 5208 3358 5263 etiamsi
3397 5224 3426 5262 a

1940 5327 1958 5358 σ
1998 5309 2203 5379 synodo
2237 5309 2598 5362 transmarina
2636 5307 3011 5376 resipiscentes
3045 5300 3246 5355 exclusi
3277 5311 3423 5366 sum,

1941 5420 1957 5451 ι
2007 5416 2127 5454 cum
2156 5415 2286 5454 vero
2317 5400 2519 5453 bonum
2555 5399 2626 5453 sit
2668 5407 2728 5450 ut
2753 5409 2942 5451 omnes
2972 5391 3267 5458 salveutur,
3294 5391 3339 5446 si
3372 5406 3429 5444 se

1941 5509 1958 5541 ι
2000 5491 2292 5558 corrigunt,
2333 5491 2678 5559 recipiantur.
2721 5508 2738 5540 ι

1938 5606 1998 5659 lli
2045 5605 2330 5658 Dooalista:
2363 5604 2677 5671 pmnitcntia
2713 5605 2839 5664 acti,
2877 5613 2923 5655 et
2974 5601 3244 5671 propriam
3292 5611 3427 5651 ana-

1869 5696 2284 5753 tltematizantes
2314 5695 2584 5760 htcrcsim,
2617 5694 2670 5749 itt
2724 5695 2939 5766 proprio
2972 5693 3178 5747 hooore
3212 5699 3431 5744 manere

3032 5784 3064 5844 9
