4018 6310
601 295 700 358 261

611 404 1014 473 permittuntur,
1049 414 1099 458 et
1136 405 1188 457 in
1225 404 1498 458 catholicae
1527 397 1780 456 Ecclesiae
1813 396 1958 450 clero
1989 394 2154 448 collo-
2187 406 2228 454 Α

610 496 719 548 rari
741 537 754 552 .
778 498 898 564 quia
933 495 1106 548 Africa
1136 495 1299 547 multa
1325 495 1536 549 laborat
1563 492 1877 547 clericorum
1901 493 2154 546 egestate.

1129 668 1354 723 CANUN
1425 667 1634 722 LXXII.

614 782 630 812 ι
677 761 742 815 Ut
772 761 964 829 legatio
994 761 1235 814 mittatur
1269 763 1333 812 ad
1368 758 1672 812 Donatistas
1700 756 1763 809 de
1786 767 2154 824 componenoa

680 869 698 903 ι
739 867 886 919 pace.
922 851 1109 905 Postea
1153 851 1371 917 placuit,
1437 859 1492 901 ut
1544 848 1626 900 his
1674 847 1811 900 actis
1859 859 1923 898 ex
1976 853 2161 897 nostro

682 959 697 988 ι
740 955 961 994 numero
995 941 1272 991 mittantur
1319 937 1477 1006 legati
1530 953 1624 1004 pro
1659 934 1993 1004 prrdicanda
2032 945 2162 1000 pace

680 1047 697 1078 ι
731 1039 783 1082 et
834 1030 1051 1089 unione,
1085 1028 1199 1081 sine
1245 1042 1349 1096 qua
1401 1026 1830 1080 Christianorum
1865 1023 2010 1076 salus
2059 1035 2161 1074 non

682 1139 699 1168 ι
738 1127 912 1186 potest
965 1119 1285 1180 consistere,
1333 1115 1396 1168 ad
1451 1115 1687 1183 ipsorum
1725 1113 2160 1172 Donatistarum,

683 1225 700 1256 ι
737 1207 847 1259 sive
892 1221 1028 1273 quos
1072 1206 1267 1260 habent
1314 1206 1615 1273 episcopos,
1673 1201 1786 1255 sive
1831 1198 2016 1263 laicos;
2072 1211 2164 1264 per

684 1313 701 1343 ι
741 1309 878 1360 quos
927 1295 1128 1362 legatos
1188 1295 1431 1348 omnibus
1485 1294 1810 1354 innotescat,
1845 1289 1984 1357 quod
2034 1284 2164 1340 nihil

679 1401 695 1432 ι
739 1384 932 1437 habent
957 1383 1156 1448 justum
1209 1383 1470 1436 rationive
1520 1390 1939 1435 consentaneum
1966 1415 1982 1436 ,
2020 1375 2163 1444 quod

681 1492 697 1522 ς
738 1475 915 1526 dicant
944 1475 1195 1526 adversus
1222 1474 1537 1526 catholicam
1563 1471 1858 1526 Ecclesiam
1889 1486 1904 1521 :
1936 1468 2166 1521 maxime

681 1579 696 1612 ι
742 1571 797 1613 ιιι
829 1562 1174 1615 manifestum
1212 1563 1282 1616 sit
1309 1564 1556 1615 omnibus
1584 1574 1678 1628 per
1706 1569 1824 1614 acta
1857 1558 2162 1630 municipa-

684 1671 700 1701 ι
745 1653 810 1704 lia
835 1691 852 1717 ,
884 1654 947 1704 ad
976 1653 1129 1706 Iidem
1155 1651 1592 1705 demonstrationi
1621 1647 1988 1702 astrnettdam.
2020 1647 2163 1700 sicut

685 1761 700 1791 ι
743 1743 774 1794 ii
813 1745 876 1794 de
910 1743 1312 1796 Maximianistis
1346 1741 1573 1809 propriis
1604 1739 1966 1792 schismaticis
2014 1736 2161 1791 fece-

686 1851 702 1881 ς
746 1843 886 1895 runt;
909 1833 994 1884 uhi
1033 1833 1161 1898 ipsis
1191 1833 1441 1885 dit-initus
1467 1829 1800 1892 ostenditur,
1832 1829 1875 1882 si
1913 1829 2161 1882 conside-

678 1942 697 1972 ι
744 1937 863 1975 rare
893 1924 1177 1988 voluerint,
1217 1939 1308 1976 cos
1360 1933 1463 1974 tam
1502 1920 1699 1989 injuste
1728 1930 1851 1973 tunc
1884 1921 1951 1973 ab
1981 1920 2162 1973 eccle-

683 2031 700 2062 ι
743 2013 957 2063 siastica
996 2015 1192 2065 unione
1239 2013 1508 2065 abscissos
1534 2051 1548 2074 ,
1597 2025 1756 2079 quam
1801 2009 1897 2076 ipsi
1935 2009 2164 2062 clamant

685 2123 700 2151 4
748 2103 939 2170 injuste
1004 2101 1423 2154 Maximianistas
1474 2115 1502 2152 a
1555 2114 1612 2153 se
1643 2113 1762 2153 eSse
1794 2099 2049 2152 divulsus.
2088 2097 2163 2149 Ex

678 2212 694 2241 ι
735 2207 915 2244 eorum
948 2201 1123 2244 autem
1153 2204 1402 2254 numero,
1434 2204 1568 2256 quos
1595 2198 1778 2258 aperta
1807 2188 2002 2255 proprii
2035 2201 2163 2240 con-

684 2301 702 2332 ι
740 2281 844 2334 silii
906 2284 1227 2334 auctoritate
1277 2283 1811 2338 condemnaverunt,
1869 2286 2052 2344 postea
2107 2275 2160 2326 in

682 2391 698 2419 ι
738 2373 966 2439 propriis
997 2371 1286 2424 honoribus
1315 2376 1665 2434 susceperunt
1693 2383 1705 2418 :
1733 2375 1786 2420 et
1816 2365 2160 2433 baptismum,

684 2479 701 2510 ι
743 2475 902 2526 quem
937 2461 1131 2513 dedere
1160 2460 1218 2521 ii,
1251 2460 1345 2527 qui
1380 2460 1516 2527 apud
1550 2457 1693 2524 ipsos
1741 2455 2080 2509 condemnati
2111 2464 2165 2506 ct

683 2572 701 2604 ι
740 2554 893 2620 ejecti
923 2562 1069 2614 sunt,
1099 2552 1447 2612 admiserunt,
1473 2559 1529 2602 nt
1556 2549 1867 2603 ostendatur
1896 2545 2162 2614 quomodo

679 2658 698 2691 ι
739 2641 902 2692 stulto
933 2641 1093 2693 corde
1126 2640 1240 2705 paci
1274 2638 1526 2691 Ecclesia
1564 2637 1933 2698 adversantur,
1964 2649 2080 2701 quae
2106 2635 2158 2684 in

694 2751 709 2780 ι
756 2733 1002 2783 universo
1053 2729 1181 2782 orbe
1228 2727 1419 2780 uilTnsa
1469 2735 1570 2779 est.
1621 2724 1743 2778 l'lzcc
1795 2734 2017 2793 agentes
2067 2737 2163 2790 pro

680 2840 697 2872 ι
745 2830 892 2887 parte
929 2821 1136 2880 Donati,
1182 2827 1236 2870 et
1280 2817 1517 2870 dicentes
1571 2815 1775 2882 seipsos
1831 2830 1937 2866 non
1997 2813 2162 2882 pollui

683 2934 699 2962 ι
743 2912 1115 2966 connmtnione
1141 2923 1349 2970 eorum,
1398 2907 1488 2974 qui
1537 2919 1566 2957 a
1622 2921 1680 2959 se
1739 2915 1956 2973 propter
2010 2902 2161 2970 pacis

679 3023 696 3053 ι
737 3004 1107 3055 necessitatem
1160 2998 1393 3066 suscepti
1443 3006 1610 3050 sunt:
1651 2996 1930 3048 nobiscum
1983 3002 2159 3046 autem
2189 3022 2232 3081 ο

680 3110 696 3142 ι
741 3093 1148 3149 ocntemlentes,
1181 3090 1281 3141 hoc
1307 3097 1408 3150 est,
1445 3102 1568 3139 cum
1598 3085 1860 3138 catholica
1889 3083 2152 3145 Ecclesia,

679 3198 696 3228 ι
740 3196 857 3246 quae
893 3179 974 3230 vel
1015 3178 1066 3229 in
1116 3177 1374 3230 extremis
1421 3176 1665 3241 partibus
1696 3174 1841 3226 orbis
1873 3172 2156 3231 consistit,

679 3289 697 3320 ι
747 3284 840 3337 per
867 3268 1118 3336 pollutam
1145 3281 1329 3319 eorum
1357 3264 1810 3323 communionem.
1842 3277 1978 3331 quos
2011 3264 2158 3330 prius

675 3379 693 3409 ι
737 3372 923 3411 omnes
959 3358 1304 3419 accusabant,
1342 3357 1482 3423 ipsos
1509 3368 1797 3423 coarguere
1838 3368 1940 3407 non
1971 3363 2160 3422 potue-

678 3465 695 3496 |
747 3455 888 3498 I'Ulll.
935 3462 953 3495 Ι

676 3919 866 3972 ιιλιδ.
909 3917 1005 3970 llic
1034 3931 1248 3984 quoque
1295 3931 1531 3984 praesens
1557 3931 1728 3971 canon
1762 3919 1826 3971 de
1867 3918 2161 3975 Donatistis

611 4013 868 4076 loquitur.
904 4009 1084 4060 Visum
1113 4020 1191 4061 est
1222 4009 1363 4061 enim
1394 4019 1451 4060 ut
1475 4009 1636 4076 aliqui
1670 4011 1734 4062 ad
1758 4024 1852 4063 eos
1888 4012 2164 4064 mitteren-

605 4115 690 4154 tur
721 4101 876 4168 legati
906 4116 1000 4166 pro
1040 4116 1169 4168 pace
1195 4110 1246 4153 et
1275 4102 1493 4158 unione,
1528 4110 1581 4151 et
1625 4101 1688 4151 ad
1720 4103 2110 4153 OStemlendunt
2142 4142 2157 4167 ,

602 4189 740 4256 qunti
773 4189 805 4240 ii
846 4204 946 4240 non
983 4198 1127 4239 recte
1172 4191 1528 4240 adversantur
1557 4189 1831 4241 catholica:
1869 4189 2156 4254 Ecclesiae;

602 4288 655 4330 et
687 4281 825 4346 quod
857 4279 1018 4345 aliqui
1065 4278 1225 4330 etiam
1251 4292 1342 4331 eos
1391 4290 1452 4329 ex
1505 4277 1932 4341 Maxintianistis,
1966 4279 2055 4347 qui
2090 4280 2157 4332 ab

604 4370 682 4420 cis
713 4369 928 4435 injuste,
956 4378 1012 4419 nt
1046 4368 1141 4434 ipsi
1177 4369 1381 4430 dicunt,
1415 4368 1762 4420 desciverunt
1792 4407 1807 4431 ,
1836 4370 2152 4436 suscipiunt,

601 4470 651 4510 et
701 4474 820 4510 cum
869 4459 972 4511 illis
1026 4459 1458 4522 communicant;
1500 4467 1552 4511 et
1602 4471 1736 4527 quos
1793 4474 1888 4512 suo
1940 4460 2158 4527 proprio

603 4549 830 4600 consilio
853 4549 1296 4607 condemnarunt.
1324 4559 1504 4615 postea
1539 4551 1589 4600 in
1617 4551 1844 4617 propriis
1866 4550 2159 4604 honoribus

601 4646 983 4704 susceperunt;
1015 4647 1068 4688 et
1099 4637 1241 4702 quod
1275 4651 1387 4697 eos.
1425 4653 1563 4705 quos
1595 4639 1683 4704 qui
1730 4641 1798 4690 ab
1853 4639 1982 4705 ipsis
2028 4649 2157 4692 sunt

600 4726 961 4788 condemnati,
980 4736 1034 4777 et
1063 4726 1128 4777 ab
1154 4739 1216 4778 eo
1235 4728 1376 4792 quod
1402 4726 1503 4778 illis
1527 4740 1609 4779 est
1639 4730 1939 4780 sacerdotio
1969 4727 2153 4793 ejecti,

600 4817 1025 4884 baptizaverunt.
1062 4830 1366 4886 suscepere;
1397 4828 1451 4872 et
1484 4818 1625 4886 quod
1654 4823 1765 4872 ltaac
1801 4830 2021 4888 agentes
2050 4837 2156 4874 non

599 4919 659 4956 se
687 4905 848 4971 pollui
882 4905 1086 4958 dicunt.

668 5079 831 5147 606
855 5078 1098 5132 ZONAR.
1138 5079 1260 5133 llaec
1285 5096 1497 5151 quoque
1523 5081 1588 5135 de
1613 5083 1922 5138 Donatistis.
1953 5086 2030 5138 Ad
2060 5099 2154 5140 eos

602 5186 830 5237 natnque
861 5171 994 5222 mitti
1041 5185 1068 5221 e
1095 5172 1332 5240 synodali
1385 5185 1649 5225 conventu
1686 5175 1887 5240 legatos
1935 5176 2153 5243 placuit,

600 5262 690 5328 qui
730 5262 870 5328 ipsos
901 5262 966 5313 ad
1000 5277 1206 5329 pacem,
1239 5265 1606 5330 unitatemque
1639 5279 1762 5318 cum
1809 5264 2023 5319 Eccesia
2064 5283 2155 5320 ca-

614 5349 806 5401 tholica
835 5350 1147 5404 ﬁrmandam
1177 5353 1538 5406 hortarentur.
1564 5353 1797 5407 Doceant
1824 5370 1916 5410 eos
1934 5369 2156 5426 prater-

601 5453 688 5504 ea,
732 5440 951 5492 minime
986 5450 1127 5494 recte
1161 5439 1358 5503 facere,
1404 5445 1543 5510 quod
1578 5445 1957 5500 ecclesiasticae
1988 5449 2156 5516 quieti

605 5530 1002 5583 constitutionis
1029 5532 1412 5597 adversentur;
1452 5548 1621 5600 neque
1646 5534 1769 5601 jure
1805 5547 2024 5605 propter
2058 5539 2156 5592 di-

607 5622 775 5673 visam
807 5622 1041 5690 ipsorum
1070 5626 1495 5681 communionem
1529 5642 1647 5682 cum
1695 5629 1934 5686 Ecclesia
1959 5634 2152 5687 catho-

1844 283 2116 346 THEOD.
2159 283 2554 343 BALSAMON

2194 1711 2238 1768 Β

3735 273 3849 334 268

2261 397 2734 466 συνεχωρήθησαν,
2765 397 2856 451 καὶ
2893 397 2969 468 τῷ
3003 395 3186 465 κλήρῳ
3214 391 3312 459 τῆς
3346 391 3640 457 καθολικῆς
3720 389 3853 438 Ὶίκ-

2261 487 2483 549 κλησίας
2515 487 2920 551 συντάττεσθαι,
2949 487 3038 540 διὰ
3087 488 3147 538 τὸ
3187 482 3284 553 τὴν
3322 480 3583 551 Ἀφρικὴν
3625 477 3851 546 πολλὴν

2259 577 2460 630 ἔνδειαν
2490 577 2764 648 κληρικῶν
2790 577 2954 646 ἔχειν.

2836 666 3073 720 ΚΑΝΩΝ
3114 664 3235 719 UB'.

2267 775 2283 808 ι
2332 758 2465 828 Περὶ
2491 758 2584 811 τοῦ
2609 757 2903 828 πρεσϐείαν
2930 759 3065 827 πρὸς
3095 758 3219 819 τοὺς
3243 751 3561 814 Δονανιστὰς
3589 753 3856 804 ἀποστα-

2336 867 2354 900 ι
2399 849 2556 917 λῆναι
2611 850 2771 919 χάριν
2823 845 2916 903 τοῦ
2976 849 3056 911 εἰς
3117 847 3216 916 τὴν
3259 847 3482 915 εἰρήνην
3535 841 3852 894 συνθεῖναι.

2335 957 2356 989 ι
2404 941 2634 1008 Ἤρεσεν
2662 939 2870 1004 ἔπειτα,
2919 938 3060 993 ὥστε
3113 937 3318 990 τούτων
3348 933 3707 1006 πραχθέντων
3757 945 3858 981 το-

2335 1044 2354 1076 ι
2397 1027 2705 1097 ποτηρητὰς
2738 1031 2867 1097 περὶ
2914 1028 3008 1082 τοῦ
3044 1027 3272 1097 κηρῦξαι
3310 1027 3533 1096 εἰρήνην
3582 1024 3678 1076 καὶ
3730 1021 3860 1074 ἑνό-

2337 1135 2355 1168 ι
2404 1135 2558 1186 τητα,
2604 1113 2816 1188 ἧστινος
2858 1119 3026 1187 χωρὶς
3053 1121 3086 1188 ὴ
3116 1119 3227 1172 τῶν
3271 1118 3605 1186 Χριστιανῶν
3654 1125 3856 1179 σωτη-

2339 1225 2355 1255 ι
2402 1205 2492 1274 ρία
2515 1205 2870 1258 καθίστασθαι
2900 1207 2961 1257 οὐ
3000 1205 3243 1269 δύναται,
3277 1202 3591 1272 πεμφθῆναι
3644 1204 3715 1252 ὲκ
3750 1199 3857 1250 τοῦ

2340 1314 2358 1345 ι
2405 1297 2670 1364 ἡμετέρου
2701 1295 2935 1365 ἀριθμοῦ
2976 1296 3113 1365 πρὸς
3150 1297 3276 1357 τοὺς
3307 1295 3417 1347 τῶν
3447 1293 3625 1347 αὐτῶν
3676 1295 3859 1343 Δοναο

2341 1407 2359 1439 ι
2401 1389 2615 1453 τιστῶν,
2683 1390 2789 1442 εἴτε
2845 1389 2995 1452 τινὰς
3049 1389 3262 1458 ἔχουσιν
3325 1389 3674 1448 ἐπισκόπους,
3733 1386 3855 1436 εἴτε

2345 1497 2362 1528 ι
2411 1479 2628 1543 λαῖκούς
2649 1497 2664 1512 ·
2693 1481 2760 1534 δι’
2798 1474 2871 1532 ὧν
2898 1479 3289 1548 τοποτηρητῶν
3313 1479 3477 1529 πᾶσιν
3537 1478 3593 1527 ὲν
3633 1475 3854 1541 γνώσει

2340 1590 2357 1622 ι
2405 1572 2648 1639 γένηται,
2679 1570 2751 1633 ὡς
2794 1571 2944 1623 οὐδὲν
2991 1569 3202 1639 ἔχουσιν
3264 1567 3485 1634 εὔλογον
3549 1565 3689 1617 κατὰ
3743 1565 3854 1629 τῆς

2341 1680 2357 1711 ι
2404 1660 2696 1727 καθολικῆς
2753 1660 3110 1728 Ἐκκλησίαςο
3175 1658 3410 1728 μάλιστα
3463 1656 3549 1708 ἶνα
3600 1651 3855 1720 φανερδν

2339 1771 2357 1803 ι
2406 1754 2538 1804 πᾶσι
2599 1751 2826 1821 γένηται
2864 1751 2950 1802 διὰ
2979 1749 3085 1802 τῶν
3137 1746 3561 1816 πολιχνιωτικῶν
3621 1759 3858 1810 πεπρα-

2341 1863 2358 1894 ί
2400 1843 2617 1911 γμένων
2649 1843 2783 1912 πρὸς
2815 1841 3078 1893 πίστωσιν
3106 1841 3204 1908 τῆς
3245 1838 3596 1901 ἀποδείξεως,
3640 1833 3854 1899 ὥσπερ

2340 1948 2358 1982 ι
2404 1933 2555 1983 αὑτοί
2578 1932 2707 1998 περὶ
2751 1931 2858 1982 τῶν
2890 1926 3335 1998 Μαξιμιανιστῶν
3383 1926 3489 1978 τῶν
3515 1927 3659 1977 ἰδίων
3719 1939 3854 1990 σχι-

2339 2041 2356 2072 ι
2406 2023 2682 2090 σματικῶν
2715 2021 2977 2091 ἔπραξαν,
3008 2020 3136 2074 ἔνθα
3179 2021 3360 2081 αὐτοῖς
3398 2018 3578 2070 θεόθεν
3622 2015 3856 2068 ἀποδεί-

2337 2129 2355 2162 ι
2403 2128 2641 2188 κνυνται,
2675 2112 2769 2164 ἐὰν
2797 2112 3098 2181 ἐπισκῆψαι
3119 2110 3415 2181 θελήσοιεν,
3439 2109 3608 2170 οὕτως
3633 2110 3853 2169 ἀδίκως

2339 2221 2356 2253 ι
2403 2202 2521 2255 τότε
2543 2203 2737 2264 αὐτοὺς
2763 2203 2872 2254 ἀπὸ
2918 2203 3016 2271 τῆς
3067 2202 3524 2271 ὲκκλησιαστικῆς
3583 2199 3853 2262 ἑνὼσεως

2339 2309 2358 2341 ι
2403 2291 2825 2360 ἀποσχίσαντας,
2891 2289 3082 2360 ὥσπερ
3144 2291 3438 2360 κράξουσιν
3485 2290 3684 2350 ἀδίκως
3741 2279 3852 2340 ἀπ’

2338 2399 2356 2430 ι
2402 2382 2580 2433 αὐτῶν
2609 2382 2734 2444 τοὺς
2758 2380 3194 2450 Μαξιμιανιστὰς
3233 2379 3327 2431 νῦν
3372 2379 3688 2447 ἀποσχίσαι.
3735 2377 3852 2429 Ἐκ

2337 2491 2354 2523 ι
2401 2472 2456 2524 δὲ
2485 2472 2580 2524 τοῦ
2612 2471 2844 2541 ἀριθμοῦ
2875 2472 3102 2537 τούτων,
3121 2470 3368 2530 οὕστινας
3397 2468 3603 2537 φανερᾷ
3622 2468 3718 2535 τῆς
3762 2467 3849 2517 οἰ-

2340 2581 2357 2613 ι
2403 2561 2553 2624 κείας
2586 2561 2780 2631 βουλῆς
2803 2560 3058 2632 αὑθεντίᾳ
3089 2560 3474 2621 κατεδίκασαν,
3493 2557 3629 2625 μετὰ
3657 2556 3847 2609 ταῦτα

2341 2670 2360 2703 ι
2405 2653 2460 2704 ὲν
2489 2655 2608 2714 ταῖς
2641 2653 2797 2714 ἰδίαις
2825 2654 3012 2720 τιμαῖς
3035 2651 3354 2716 ἀνεδέξαντο
3385 2665 3399 2678 °
3430 2649 3525 2701 καί⁵
3552 2648 3615 2700 τὸ
3643 2647 3852 2715 βάπτι-

2339 2761 2356 2792 ι
2405 2758 2540 2810 σμα,
2572 2741 2600 2793 ὃ
2631 2745 2684 2794 οἰ
2718 2743 2846 2809 παρ’
2868 2743 3050 2802 αὐτοῖς
3081 2739 3595 2805 καταδεδικασμένοι
3628 2737 3723 2790 καὶ
3747 2739 3849 2788 ὲκο

2405 2832 2729 2901 ϐεϐλημένοι
2769 2831 3057 2896 δεδώκασι,
3103 2828 3510 2900 προσεδέξαντο,
3577 2830 3712 2898 πρὸς
3781 2829 3848 2880 τὸ

2400 2921 2694 2990 δειχθῆναι,
2730 2921 2841 2982 πῶς
2873 2921 3032 2990 μωρᾷ.⁹
3063 2918 3258 2988 καρδίᾳ
3311 2919 3720 2970 ἀντιτάσσονται
3770 2920 3846 2987 τῇ

2405 3013 2595 3082 εἰρήνῃ
2622 3013 2716 3080 τῆς
2747 3011 3094 3080 Ἐκκλησίας,
3124 3010 3221 3076 τῆς
3249 3011 3305 3061 ὲν
3348 3009 3508 3061 παντὶ
3540 3006 3616 3075 τῷ
3639 3007 3846 3074 κόσμῳ

2402 3099 3022 3169 διακεχυμένης.’ῐ“αὖτα
3084 3097 3360 3159 ποιοῦντες
3412 3098 3547 3166 ὑπὲρ
3589 3095 3683 3147 τοῦ
3737 3097 3846 3164 μέ-

2406 3207 2532 3258 ρους
2571 3190 2662 3240 τοῦ
2718 3191 2971 3252 Δονάτου,
3018 3190 3109 3240 καὶ
3177 3189 3250 3257 μὴ
3298 3188 3546 3260 λέγοντες
3606 3187 3845 3245 ἑαυτοὺς

2411 3280 2730 3346 μολύνεσθαι
2761 3282 2823 3346 τῇ
2857 3281 3112 3347 κοινωνίᾳ
3137 3281 3243 3330 τῶν
3297 3277 3426 3346 παρ’
3454 3279 3633 3337 αὐτοῖς
3687 3276 3840 3327 οὑτω

2402 3371 2488 3422 διὰ
2540 3373 2597 3422 τὸ
2649 3371 2901 3423 ἀκούσιον
2971 3371 3068 3438 τῆς
3125 3370 3346 3437 εἰρήνης
3394 3366 3840 3434 ἁναδεχθέντων·

2407 3465 2534 3530 ἡμῖν
2562 3464 2615 3514 δὲ
2648 3461 3101 3530 φιλονεικοῦντες,
3135 3459 3278 3511 τοῦτ’
3307 3460 3423 3510 ἐστι
3470 3461 3532 3525 τῇ
3569 3456 3835 3524 καθολικῇ

2405 3552 2721 3620 Ἐκκλησία,
2744 3553 2821 3602 ἐτι
2856 3552 2962 3619 μὴν
2994 3551 3087 3600 καὶ
3114 3552 3178 3617 τῇ
3207 3551 3262 3601 ὲν
3305 3549 3417 3608 τοῖς
3453 3547 3698 3614 ἐσχάτοις
3734 3545 3806 3612 μέ
3830 3575 3841 3584 -

2343 3663 2358 3693 I
2409 3660 2522 3714 ρεσι
2560 3643 2656 3710 τῆς
2682 3644 2779 3710 γῆς
2816 3642 3156 3709 καθεστώσῃ,
3192 3641 3400 3705 διὰ⁶τῆς
3433 3649 3840 3706 ’μεμιασμενης

2341 3755 2357 3786 ι
2403 3737 2604 3787 τούτων
2627 3736 2930 3796 κοινωνίας,
2956 3729 3191 3786 ὧντινων
3212 3732 3472 3799 πρότερον
3499 3729 3840 3800 κατῃτιῶντο

2340 3846 2357 3876 ι
2405 3830 2623 3889 πάντες,
2645 3825 2857 3889 ἐλέγξαι
2881 3823 3075 3883 αὐτοὺς
3106 3823 3205 3873 οὐκ
3235 3820 3590 3889 ἠδυνήθησαν.
3631 3837 3649 3869 a

2333 3918 2529 3970 ΒΑΛΣ.
2554 3917 2659 3968 Καὶ
2681 3912 2832 3975 οὗτος
2863 3918 2888 3964 δ
2912 3913 3098 3982 παρὼν
3128 3913 3306 3965 κανὼν
3336 3916 3464 3978 περὶ
3512 3912 3618 3962 τῶν
3660 3912 3834 3962 Δονα-

2263 4007 2455 4060 τιστὼν
2489 4022 2671 4074 φησιν.
2707 4005 2893 4067 Ἔδοξε
2923 4005 3030 4072 γὰρ
3056 4004 3310 4071 σταλῆναί
3357 4019 3510 4062 τινας
3559 4001 3692 4069 πρὸς
3734 4003 3838 4053 αὖα

2263 4101 2386 4158 τοὺς
2414 4099 2785 4164 τοποτηρητὰς
2813 4098 2973 4162 χάριν
3003 4094 3224 4162 εἰρήνης
3270 4091 3366 4142 καὶ
3410 4094 3670 4157 ἐνώσεως,
3733 4094 3836 4143 καὶ

2264 4190 2420 4255 χάριν
2454 4185 2543 4238 τοῦ
2571 4184 2850 4245 ἀποδεῖξαι
2877 4183 2958 4232 ὅτι
2988 4182 3048 4232 οὐ
3109 4179 3288 4241 καλῶς
3321 4181 3725 4233 ἁντιτάσσονται
3760 4183 3831 4248 τῇ

2266 4277 2519 4344 καθολικῇ
2555 4274 2869 4341 Ἐκκλησία,
2900 4273 2992 4322 καὶ
3019 4272 3099 4322 ὅτι
3127 4271 3379 4329 καίτινες
3414 4269 3519 4318 τῶν
3553 4266 3835 4334 Μαξιμισΐ-

2259 4369 2453 4422 νιστῶν
2479 4367 2584 4418 τῶν
2609 4365 3021 4432 ἁποσχισάντων
3079 4359 3172 4412 ἀπ’
3230 4359 3410 4410 αὐτῶν
3471 4356 3695 4417 άδικῶς,
3753 4356 3834 4418 ὡς

2260 4457 2411 4510 αὑτοί
2439 4455 2674 4521 λέγουσι,
2709 4453 2952 4520 δέχονται
2983 4452 3075 4500 καὶ
3105 4446 3560 4514 συγκοινωνοῦσιν
3599 4446 3786 4506 αὐτοῖς
3815 4464 3828 4476 ·

2261 4545 2462 4607 καὶοῦς
2494 4545 2646 4597 αὑτοί
2669 4542 2726 4606 ἐξ
2760 4540 2958 4600 οἰκείας
3012 4538 3203 4607 βουλῆς
3253 4535 3628 4594 κατεδίκασαν,
3689 4533 3831 4600 μετὰ

2259 4636 2430 4689 ταῦτα
2464 4637 2518 4686 ὲν
2548 4636 2664 4695 ταῖς
2685 4634 2914 4692 οἰκείαις
2938 4631 3122 4697 τιμαῖς
3146 4628 3394 4691 ἐδέξαντο
3424 4640 3438 4654 ⁶
3468 4627 3559 4675 καὶ
3591 4625 3673 4676 δτι
3733 4626 3830 4686 οὓς

2259 4726 2434 4789 αὑτοὶ,
2459 4727 2507 4776 οἰ
2538 4724 2664 4791 παρ’
2705 4721 2882 4774 αὐτῶν
2915 4717 3422 4786 καταδεδικασμένοι
3446 4715 3538 4768 καὶ
3566 4713 3830 4784 ἐκϐεϐλη-

2262 4817 2415 4885 μένοι
2449 4815 2544 4881 τῆς
2575 4811 2700 4879 παρ’
2732 4812 2912 4872 αὐτοῖς
2939 4808 3255 4880 ἱερωσύνης,
3313 4807 3634 4871 ὲϐἀπτισαν,
3685 4821 3826 4873 παρ-

2259 4907 2535 4971 εδέξαντοο
2589 4903 2680 4955 καὶ
2738 4902 2820 4953 ὃτι
2862 4900 2982 4952 οὐδὲ
3025 4899 3242 4966 λέγουσι
3293 4893 3611 4965 μολύνεσθαι
3651 4892 3828 4946 ταῦτα

2260 4994 2557 5054 ποιοῦντες.

2330 5086 2571 5138 ΖΩΝΑΡ.
2612 5084 2720 5136 Καὶ
2736 5082 2908 5135 ταῦτα
2925 5081 3050 5150 περί
3066 5078 3420 5132 Δονατιστῶνο
3442 5075 3826 5145 τοποτηρητὰς

2257 5177 2327 5245 γά
2335 5194 2363 5246 ρ
2379 5176 2519 5240 ἔδοξε
2536 5177 2789 5244 σταλῆναι
2809 5175 2940 5241 πρὸς
2953 5171 3147 5231 αὐτοὺς
3163 5172 3224 5222 ἐκ
3239 5171 3334 5237 τῆς
3353 5167 3569 5222 συνόδου
3587 5183 3831 5237 προσκαο

2259 5268 2549 5335 λουμένους
2565 5265 2850 5327 αὑτοὺςεὶς
2887 5262 2949 5314 τδ
2979 5260 3292 5330 εἰρηνεῦσαι
3331 5261 3419 5311 καὶ
3446 5257 3706 5325 ἑψηθῆναι
3744 5261 3821 5326 τῇ

2259 5361 2520 5428 καθολικῇ
2560 5357 2874 5426 Ἐκκλησία,
2904 5356 2998 5407 καὶ
3029 5352 3406 5415 ἀποδείξοντας
3430 5351 3606 5412 αὐτοῖς
3651 5350 3732 5400 ὅτι
3757 5351 3826 5401 οὐ

2260 5452 2438 5514 καλῶς
2469 5450 2876 5503 ἁντιτάσσονται
2897 5449 2962 5516 τῇ
3000 5446 3192 5515 εἰρήνῃ
3230 5447 3326 5513 τῆς
3360 5441 3821 5510 ὲκκλησιαστικῆς

2262 5541 2665 5603 καταστάσεως,
2700 5538 2816 5590 οὐδὲ
2863 5536 3088 5597 δικαίως
3116 5533 3474 5602 φιλονεικοῦσι
3509 5536 3572 5602 τῇ
3602 5530 3824 5584 καθολι-

2262 5633 2330 5700 κῇ
2363 5629 2659 5696 Ἐκκλησία
2689 5627 2776 5679 διά
2833 5625 2930 5693 τῆς
2969 5622 3377 5694 μεμερισμένης
3403 5621 3581 5678 αὐτῶν
3625 5637 3820 5675 nomo-
