4018 6310
218 327 313 390 9.69

1144 328 1222 388 ΙΝ
1273 327 1438 386 CAN.
1476 324 1727 384 LXXIII
1763 322 1972 382 CONC.
2010 321 2384 383 CARTHAG.

3296 314 3404 376 270

220 438 346 495 νίας.
375 434 686 504 Ἐλέγχουσι
715 437 771 488 δέ
798 436 992 496 αὐτοὺς
1021 435 1095 503 μὴ
1122 433 1296 494 καλῶς
1323 431 1629 491 ποιοῦντας,
1661 428 1755 480 καὶ

1869 429 1964 481 lica
1988 428 2381 482 cententionem
2416 425 2636 479 habere.
2674 424 2824 490 Quod
2856 437 2977 478 vero
3009 426 3167 478 etiam
3217 439 3282 478 ex
3316 425 3420 476 nta-

223 527 292 575 i'm
321 526 576 586 καίτινας
605 526 712 577 τῶν
767 523 1230 592 Μαξιμιανιστῶν,
1277 521 1381 572 τῶν
1431 518 1755 586 ἀποσχισάν-

225 632 316 665 των
345 613 431 666 ἀπ’
460 614 637 666 αὐτῶν
666 613 885 675 ἀδίκως,
919 613 993 677 ὡς
1024 612 1180 665 αὐτοὶ
1226 612 1465 676 λέγουσι,
1521 610 1760 676 δέχονται

227 706 304 755 καὶ
326 705 768 770 συγκοινωνοῦσιν
799 705 1006 767 αὐτοῖς,
1036 705 1125 755 καὶ
1157 703 1250 765 οὒς
1280 702 1433 754 αὐτοὶ
1465 701 1522 766 ἐξ
1552 700 1758 762 οίκείας

229 794 396 861 βουλῆς
434 796 809 859 κατεδίκασαν,
839 797 972 864 μετὰ
997 794 1167 848 ταῦτα
1190 798 1246 846 ἐν
1271 795 1392 854 ταῖς
1417 791 1646 853 οἰκείαις
1677 807 1758 842 τι·

233 887 338 951 μαῖς
363 885 604 948 ἐδέξαντο
628 901 641 916 ⁸
707 890 802 939 καὶ
843 888 923 937 ὅτι
962 884 1055 946 οὒς
1104 885 1281 946 αὐτοὶ,
1306 883 1356 934 oi
1418 883 1545 950 παρ’
1586 881 1762 934 αὐτῶν

234 975 721 1043 καταδεδικασμένοι
750 975 844 1028 καὶ
872 974 1256 1042 ἐκϐεϐλημένοι
1291 973 1391 1040 τῆς
1423 974 1550 1042 παρ’
1582 974 1762 1034 αὐτοῖς

231 1064 527 1131 ἱερωσύνης,
607 1065 903 1118 ἐϐάπτισάν
951 1062 1329 1133 παρεδέξαντο,
1372 1065 1465 1116 καὶ
1499 1065 1580 1116 ὁτι
1641 1063 1763 1116 οὺδέ

231 1152 416 1216 Mysum
449 1150 772 1218 μολύνεσθαι
802 1151 970 1204 ταῦτα
995 1151 1293 1216 ποιοῦντες.

230 1349 416 1401 ΑΡΙΣΤ.
456 1367 473 1399 ι
523 1350 726 1418 ἰιρεσε
763 1350 1018 1420 πρέσϐεις
1065 1352 1450 1438 ἀποσταλῆναι,
1504 1352 1767 1422 κηρύξον-

290 1459 305 1488 ι
344 1456 433 1499 τας
459 1442 570 1499 τοῖς
595 1443 938 1501 Δονατισταῖς
964 1443 1188 1511 εἰρήνην
1211 1445 1302 1497 καὶ
1329 1444 1576 1513 ἑνότητα,
1605 1460 1767 1512 μετα-

289 1546 305 1576 t
343 1526 638 1594 τιθεμένοις
666 1529 801 1597 πρὸς
831 1529 893 1581 τδ
918 1530 1213 1600 ὀρθόδοξον.
1253 1550 1272 1583 ι

285 1641 351 1690 Οὐ
378 1642 533 1708 μόνον
570 1643 1041 1710 προσερχομένους
1073 1647 1138 1716 τῇ
1165 1647 1422 1716 καθολικῇ
1467 1645 1766 1716 Ἐκκλησία

1864 516 2186 570 ximianistis
2236 516 2494 583 quosdam
2528 514 2844 582 suscipiunt,
2871 515 2960 582 qui
3009 517 3072 567 ab
3101 516 3186 579 iis,
3218 523 3277 568 ut
3312 517 3412 583 ipsi

1862 619 2130 671 asserunt,
2162 607 2431 660 immerito
2461 605 2726 669 defecere,
2753 614 2806 659 et
2839 621 2956 658 cum
3000 605 3064 660 iis
3105 606 3411 659 communi-

1862 707 2005 760 cant,
2037 712 2279 766 quosque
2307 707 2462 750 antea
2488 710 2580 748 sua
2607 695 2870 749 sententia
2898 695 3240 758 damnarunt,
3272 705 3416 763 post-

1867 786 2081 837 modum
2116 785 2405 838 honoribus
2437 799 2616 837 eorum
2669 782 2999 836 conservatis
3045 784 3414 848 admiserunt;

1863 874 2005 940 quod
2035 875 2200 928 etiam
2252 874 2385 928 alios
2433 875 2500 928 ab
2545 874 2611 927 iis
2661 874 2979 941 baptizatos,
3024 888 3157 941 quos
3205 875 3416 941 ipsimct

1865 966 2308 1028 condemnarunt,
2338 979 2398 1018 ac
2430 979 2514 1030 eo,
2553 965 2638 1033 qui
2667 967 2805 1032 apud
2836 965 2978 1031 ipsos
3014 977 3113 1027 est,
3143 981 3294 1019 sacro
3319 981 3412 1020 or-

1867 1053 1990 1105 dine
2025 1062 2326 1116 moverunt,
2360 1068 2466 1106 non
2503 1054 2803 1120 repudiant,
2831 1068 2925 1106 nec
2953 1052 3113 1105 ullam
3142 1069 3198 1106 se
3223 1069 3286 1106 ex
3316 1056 3414 1109 hoc

1866 1142 2038 1195 labem
2071 1144 2389 1198 contrahere
2424 1144 2786 1203 arbitrantur;
2825 1143 2874 1196 in
2909 1143 2989 1196 his
3024 1158 3235 1212 quoque
3269 1145 3413 1212 ipsos

1869 1249 1971 1287 non
2006 1235 2346 1289 mediocriter
2377 1249 2595 1302 peccare
2625 1237 3018 1290 demonstrent.

1868 1345 2089 1402 ARIST.
2127 1367 2145 1398 ι
2181 1348 2404 1410 Placuit,
2437 1357 2494 1402 ut
2545 1349 2703 1416 legati
2732 1351 3016 1402 mittantur
3048 1347 3110 1400 ad
3141 1363 3326 1417 pacem
3362 1361 3415 1403 et

1941 1454 1959 1486 ι
1998 1438 2246 1491 unionem
2283 1437 2573 1493 Donatistis
2611 1442 2676 1492 ad
2715 1439 2869 1492 iidem
2894 1438 3251 1492 orthodoxam
3288 1454 3416 1492 con-

1943 1545 1962 1576 ι
2005 1530 2173 1583 versis
2213 1531 2630 1596 praedicandam.
2677 1549 2695 1582 ι

1941 1640 2130 1696 Patres
2176 1641 2226 1694 hi
2277 1659 2381 1696 non
2419 1653 2622 1697 tantum
2670 1643 2980 1710 iudicarunt
3012 1644 3316 1699 Douatistas
3353 1645 3416 1696 ad

229 1730 333 1790 τοὺς
385 1733 705 1797 Δονατιστὰς
756 1737 875 1790 δέον
943 1739 1164 1804 ἔκριναν
1219 1741 1268 1790 oi
1332 1739 1572 1808 Πατέρες
1619 1739 1764 1791 οὗτοι

1869 1728 2159 1783 Ecclesiam
2191 1732 2508 1786 catholicam
2545 1735 2862 1788 accedentes
2895 1734 3248 1787 admittendos
3277 1747 3415 1794 esse,

233 1820 631 1888 παραδέχεσθαι,
663 1826 799 1879 ἀλλὰ
825 1829 916 1880 καὶ
954 1829 1213 1896 πρέσϐεις
1250 1828 1383 1899 πρὸς
1439 1830 1632 1891 αὐτοὺς
1681 1832 1765 1881 εἶ’

237 1908 383 1972 ρήνην
413 1911 516 1961 τῶν
565 1914 870 1984 ἐκκλησιῶν
891 1918 983 1969 καὶ
1018 1918 1260 1987 ἑνότητα,
1326 1918 1372 1968 εί
1429 1917 1763 1986 μετατεθῶσι

235 1997 351 2063 πρὸς
377 2001 432 2051 τὸ
455 2003 754 2070 ὀρθὸδοξον.

795 2141 1031 2194 ΚΑΝΩΝ
1059 2143 1177 2196 υΓ’.

241 2284 255 2314 t
295 2268 413 2338 Περὶ
445 2271 535 2322 τοῦ
565 2274 705 2323 ποῖοι
745 2274 1015 2342 ὀφείλουσι
1047 2275 1154 2327 τῶν
1197 2275 1470 2344 κληρικῶν
1517 2277 1768 2345 γαμετῶν

297 2371 312 2402 ι
355 2357 666 2425 ἀπέχεσθαι.
701 2361 839 2428 Πρὸς
869 2364 957 2413 ἐπὶ
994 2363 1200 2426 τούτοις
1258 2365 1315 2414 ἐν
1373 2364 1448 2433 τῷ
1501 2366 1626 2434 περὶ
1680 2367 1769 2432 ἐγ-

298 2461 312 2489 ι
356 2446 604 2512 κρατείας
635 2447 734 2515 τῆς
784 2452 908 2518 περὶ
941 2452 1042 2512 τὰς
1072 2452 1276 2513 οἰκείας
1309 2452 1550 2519 γαμετάς
1609 2471 1770 2507 τινων

297 2552 311 2580 ι
354 2537 778 2603 μνημονεύεσθαι
850 2541 1147 2612 κληρικῶν,
1190 2544 1405 2613 ἤρεσεν,
1465 2543 1602 2595 ὥστε
1648 2546 1770 2606 τοὺς

297 2645 311 2672 ι
356 2627 676 2691 ἐπισκόπους
735 2633 829 2685 καὶ
881 2633 1281 2703 πρεσϐυτέρους
1343 2635 1436 2686 καὶ
1491 2634 1769 2696 διακόνους

298 2735 312 2764 ι
359 2720 489 2768 κατὰ
523 2721 644 2780 τοὺς
683 2721 837 2783 ἰδίους
857 2722 1012 2790 ὄρους
1035 2725 1124 2774 καὶ
1153 2725 1214 2774 ἐκ
1237 2723 1341 2774 τῶν
1373 2724 1514 2774 ἰδίων
1541 2723 1619 2773 ἐτι
1664 2723 1771 2792 μὴν

295 2821 311 2854 t
359 2808 650 2875 ἀπέχεσθαι
674 2810 986 2876 γυναικῶν·
1023 2814 1159 2882 ὅπερ
1216 2817 1262 2864 εἱ
1329 2813 1401 2881 μὴ
1468 2815 1770 2880 ποιήσαιεν,

297 2913 311 2941 ι
361 2898 459 2947 ἀπὺ
489 2897 588 2964 τῆς
618 2900 1079 2968 ἐκκλησιαστικῆς
1111 2899 1479 2969 ἀποκινηθῶσι
1526 2900 1726 2965 τάξεως
1757 2917 1767 2928 “

297 3005 310 3032 ι
356 2991 474 3048 τοὺς
502 2988 558 3039 δὲ
584 2989 805 3052 λοιποὺς
854 2991 1144 3059 κληρικοὺς
1177 2991 1310 3059 πρὸς
1357 2990 1512 3042 τοῦτο
1569 2993 1642 3059 μὴ
1682 2991 1772 3043 ἀν·

300 3096 315 3124 ι
363 3078 712 3145 αγκάζεσθαι,
775 3080 891 3132 ἀλλ’
943 3081 1175 3146 ὀφείλειν
1221 3080 1358 3131 κατὰ
1385 3079 1479 3149 τὴν
1535 3082 1834 3158 ἐκαστηςρ

295 3186 314 3218 ι
357 3170 642 3238 ἐκκλησίας
677 3169 965 3238 συνήθειαν
998 3170 1530 3238 παραφυλάττεσθαι.
1577 3189 1596 3220 ι

264 3277 474 3355 ἬΑΛΣ.
529 3301 650 3361 Πῶς
699 3300 1003 3367 ὀφείλουσιν
1050 3302 1476 3367 ἐγκρατεύεσθαι
1517 3302 1622 3353 ἀπὸ
1668 3302 1773 3353 τῶν

229 3389 361 3441 ἰδίων
403 3389 654 3457 γαμετῶν
675 3390 724 3440 οἱ
757 3391 1062 3456 ἐπίσκοποι,
1109 3392 1156 3440 οἱ
1184 3390 1538 3459 πρεσϐύτεροι
1596 3392 1687 3441 καὶ
1724 3390 1774 3441 οι

225 3479 628 3540 διάκονοι,κατὶι
664 3479 754 3529 τὸν
820 3478 1008 3548 καιρὸν
1058 3481 1156 3551 τῆς
1206 3481 1510 3549 ἐφημερίας
1572 3482 1768 3546 αὐτῶν,

227 3570 419 3635 εἴρηται
467 3571 522 3620 ἐν
554 3567 630 3635 τῷ
664 3567 729 3633 ιγ’
763 3570 946 3620 κανόνι
983 3570 1080 3637 τῆς
1144 3571 1201 3621 ἐν
1246 3570 1322 3638 τῷ
1365 3570 1616 3638 Τρούλλῳ
1650 3587 1772 3621 συνο

224 3659 350 3711 ὁδου.
371 3660 476 3714 Καί
512 3661 539 3711 ὁ
563 3660 750 3727 παρὼν
779 3661 832 3711 δὲ
867 3659 1042 3711 κανών
1077 3676 1208 3728 φησι
1248 3661 1624 3728 καθαιρεῖσθαι
1648 3660 1773 3712 τούσ

225 3763 336 3808 τους
365 3750 411 3800 εί
444 3749 515 3818 μὴ
549 3749 851 3815 τηνικαῦτα
883 3751 1345 3818 ἐγκρατεύωνται,
1419 3751 1554 3812 Τοὺς
1593 3750 1648 3802 δέ
1709 3766 1770 3816 γε

224 3837 422 3900 λοιποὺς
475 3839 770 3906 κληρικοὶς
820 3840 990 3891 ταῦτα
1035 3841 1134 3892 οὐκ
1189 3841 1526 3904 ἀπαιτοῦσιν,
1574 3841 1648 3901 ὡς
1695 3843 1768 3910 μὴ

223 3927 575 3996 ψ;λαφῶντας
630 3935 696 3980 τα
732 3929 884 3995 ἆγια,
942 3931 1073 3982 ἀλλὰ
1129 3933 1548 3999 παρεγγυῶνται
1589 3932 1768 3992 αὐτοῖς

226 4018 494 4082 φυλάττειν
557 4019 694 4070 κατὰ
746 4020 808 4070 τὸ
865 4019 966 4086 τῆς
1026 4021 1263 4088 ἑκάστης
1306 4019 1487 4088 χώρας
1558 4019 1766 4087 ἔθιμον.

222 4111 504 4176 Ἀναγνωθι
550 4113 642 4162 καὶ
697 4113 786 4163 τὸν
849 4109 896 4177 γ’
947 4112 1146 4164 κανόνα
1197 4112 1290 4164 τοῦ
1341 4112 1768 4180 ἁρχιεπισκόπου

222 4198 611 4268 Ἀλεξανδρείας
639 4202 939 4254 Διονυσίου.
973 4202 1283 4270 Σημείωσαι
1339 4199 1430 4252 οὗν
1483 4203 1565 4254 ὅτι
1630 4202 1768 4254 κατὰ

221 4289 297 4339 τὸν
326 4292 514 4358 κλειρδν
551 4292 643 4356 τῆς
676 4291 956 4359 παρούσης
1018 4291 1234 4342 συνόδου
1285 4287 1432 4360 εἶχον
1461 4296 1767 4362 ἀποκριμα-

1867 1821 1958 1873 sed
1986 1831 2039 1876 et
2063 1822 2266 1890 legatos
2300 1826 2361 1875 ad
2393 1838 2484 1878 eos
2517 1825 2805 1880 mittendos
2842 1826 2906 1878 ad
2937 1840 3119 1893 pacem
3152 1823 3420 1877 Ecclesia-

1866 1921 1982 1958 rum
2015 1918 2063 1961 et
2102 1909 2358 1963 unitatem
2392 1913 2780 1978 prredicandatn
2810 1957 2822 1978 ,
2857 1914 2897 1967 si
2950 1915 3014 1966 ad
3064 1913 3416 1966 orthodoxam

1867 1997 2022 2051 ﬁdem
2048 2011 2449 2055 convertantur.

2380 2160 2605 2214 CANON
2662 2161 2894 2216 LXXlll.

1875 2310 1892 2342 ι
1931 2292 2158 2358 Quinam
2184 2307 2247 2347 ex
2269 2293 2476 2348 clericis
2502 2295 2732 2347 debeant
2761 2294 2826 2347 ab
2857 2295 3112 2347 uxoribus
3131 2295 3414 2348 abstinere.

1943 2403 1958 2434 ι
1997 2385 2076 2437 Ad
2113 2384 2224 2438 hinc
2256 2393 2433 2438 autem
2459 2387 2581 2438 dum
2610 2387 2672 2437 de
2698 2385 2992 2454 aliquorum
3021 2385 3336 2437 clericorum
3368 2385 3417 2436 in

1947 2492 1964 2522 ι
2008 2489 2132 2529 suas
2164 2489 2361 2528 uxores
2386 2477 2712 2528 continentia
2748 2477 2948 2529 mentio
2983 2475 3132 2528 ﬂeret
3155 2515 3168 2536 ,
3201 2473 3418 2542 placuit,

1951 2583 1967 2614 ι
2009 2574 2063 2616 ut
2089 2566 2410 2634 presbyteri,
2443 2565 2675 2633 episcopi
2706 2575 2758 2618 et
2784 2566 2992 2618 diaconi
3035 2564 3268 2632 propriis
3303 2573 3416 2615 ter-

1950 2674 1966 2704 ι
2011 2654 2168 2709 minis
2203 2655 2364 2708 etiam
2395 2672 2420 2706 a
2457 2655 2570 2708 suis
2598 2655 2900 2708 abstineant
2933 2654 3226 2715 uxoribus;
3279 2655 3421 2720 quod

1951 2763 1966 2792 ι
2009 2745 2107 2798 nisi
2143 2745 2385 2807 fecerint,
2421 2743 2786 2798 ecclesiastico
2815 2745 3002 2797 ordine
3054 2755 3365 2798 moveantur
3405 2761 3418 2795 :

1947 2853 1961 2882 ι
2011 2834 2194 2901 reliqui
2227 2844 2402 2887 autem
2444 2835 2623 2888 clerici
2652 2835 2716 2888 ad
2747 2836 2844 2887 hoc
2878 2851 2979 2888 non
3015 2842 3298 2902 cogantur,
3329 2838 3422 2888 sed

1943 2942 1958 2972 ι
2003 2923 2197 2977 debent
2227 2924 2643 2992 uniuscujusque
2701 2923 2945 2978 ecclesia:
2978 2925 3420 2979 consuetudinem

1958 3031 1973 3062 (
2016 3028 2248 3068 servare.
2294 3033 2310 3064 ι

1948 3321 2140 3376 BALS.
2176 3321 2456 3387 Quomodo
2490 3323 2683 3376 debent
2717 3337 2772 3376 se
2800 3337 2827 3374 a
2864 3322 2975 3376 suis
3004 3324 3258 3377 uxoribus
3298 3338 3424 3378 cou-

1873 3414 2044 3464 tiuere
2067 3413 2300 3479 episcopi
2322 3420 2374 3465 et
2401 3413 2692 3481 presbyteri
2723 3422 2775 3466 et
2800 3413 3003 3468 diaconi
3033 3425 3268 3482 tempore
3296 3416 3425 3470 vicis

1872 3517 2019 3564 sum,
2053 3503 2102 3554 in
2159 3517 2360 3555 canone
2412 3503 2476 3555 15
2522 3503 2708 3572 synodi
2748 3505 2797 3555 in
2833 3502 3012 3557 Trullo
3063 3503 3263 3557 dictum
3321 3517 3422 3558 est.

1872 3589 2114 3642 Praesens
2145 3603 2353 3656 queque
2385 3604 2552 3642 canon
2597 3590 2722 3642 dicit
2764 3604 2855 3642 eos
2909 3591 3269 3656 deponendos,
3326 3591 3424 3643 nisi

1875 3687 1999 3731 tunc
2034 3694 2091 3732 se
2126 3681 2504 3732 continueriut.
2542 3681 2665 3732 Haec
2698 3689 2872 3732 autem
2899 3695 2924 3730 a
2974 3679 3190 3747 reliquis
3222 3681 3428 3734 clericis

1875 3785 1976 3823 non
2006 3770 2243 3838 exigunt,
2284 3780 2337 3820 ut
2383 3769 2471 3836 qui
2504 3778 2835 3822 sacramenta
2882 3785 2985 3822 non
3040 3779 3374 3823 contractenl
3410 3811 3422 3831 ,

1873 3862 1964 3914 sed
2018 3875 2110 3914 eos
2156 3861 2342 3925 iubent
2395 3873 2606 3912 servare
2671 3860 2916 3913 ecclesia
2965 3864 3420 3914 consuetudinem.

1872 3945 2010 4014 Lege
2037 3956 2088 3999 et
2131 3961 2387 3998 canonem
2424 3947 2456 3998 3
2491 3947 2874 4016 archiepiscopi
2926 3949 3260 4001 Alexandria:
3305 3951 3428 4002 Dio-

1874 4037 2030 4103 nysii.
2067 4035 2198 4088 Nota
2243 4051 2393 4103 ergo,
2442 4037 2578 4102 quod
2618 4045 2857 4105 tempore
2904 4038 3183 4106 prtesentis
3238 4041 3424 4106 synodi

1875 4126 2136 4180 habebant
2165 4128 2396 4193 episcopi
2430 4142 2553 4181 suas
2599 4143 2794 4182 uxores
2829 4131 2942 4184 sine
2976 4131 3305 4199 pra-judicio.
3338 4132 3426 4186 Sic

1874 4217 2052 4282 itaque
2085 4217 2198 4270 haec
2229 4230 2434 4270 canone
2482 4217 2687 4270 saucita
2741 4227 2885 4270 sunt.
2923 4219 3198 4283 Quomodo
3241 4232 3421 4278 autem

1871 4306 2218 4374 dt-ponentur,
2245 4307 2332 4374 qui
2364 4305 2585 4360 forsitan
2617 4323 2720 4360 non
2748 4308 3035 4368 abstinent,
3063 4325 3182 4363 cum
3216 4327 3300 4364 res
3322 4330 3425 4366 non

221 4382 399 4440 τὶστως
429 4380 521 4441 τὰς
552 4382 756 4440 οἰκείας
785 4383 1028 4447 γαμετὰς
1054 4382 1102 4432 οἱ
1122 4382 1428 4434 ἐπίσκοποι.
1467 4383 1623 4435 Οὕτω
1670 4384 1764 4452 μέν

1873 4397 1940 4447 sit
1975 4396 2276 4450 manifesta.
2319 4395 2445 4462 Quis
2475 4397 2616 4450 enim
2655 4407 2842 4452 contra
2894 4413 3010 4452 sese
3039 4401 3426 4455 conﬁtebitur?

221 4466 298 4521 οὖν
321 4473 697 4522 κεκανῦνισταε
732 4473 903 4522 ταῦτα
941 4487 954 4500 ·
992 4472 1108 4532 πῶς
1156 4472 1212 4524 δὲ
1275 4473 1764 4541 καθαιρεθὴσονται

221 4562 260 4613 οι
293 4566 413 4623 iam;
442 4565 519 4630 μὴ
554 4563 1004 4630 ἐγκρατευόμενοι
1031 4562 1226 4630 ἀδήλου
1295 4561 1386 4613 τοῦ
1447 4563 1769 4631 πράγματος

222 4647 354 4712 ὄντος
389 4666 402 4678 ο
428 4650 510 4712 τίς
543 4652 647 4719 γὰρ
672 4651 989 4719 ὁμολογήσει
1017 4651 1140 4702 καθ’
1171 4650 1366 4703 ἐαυτοῦ
1395 4668 1409 4716 ;
1467 4653 1497 4720 ἦ
1526 4653 1604 4713 τίς
1636 4653 1770 4719 πρὸς

220 4740 294 4789 τέν
329 4741 520 4791 τούτου
544 4740 763 4808 ἔλεγχον
789 4740 1144 4804 ἁποδύσεται;
1177 4741 1268 4792 Διὸ
1296 4742 1518 4809 γνώμην
1574 4741 1765 4808 δίδωμι

223 4832 284 4899 μὴ
333 4832 399 4882 δι’
444 4831 566 4884 ὅλου
621 4832 921 4898 ἱερουργεῖν
971 4833 1094 4892 τοὺς
1141 4834 1489 4900 ίερωμένους.
1523 4832 1619 4883 Διὰ
1658 4834 1764 4898 γαρ

221 4922 359 4974 τοῦτο
385 4927 480 4973 καί
510 4926 567 4972 ἐν
598 4921 671 4989 τῷ
700 4928 730 4973 ι’
755 4922 936 4973 κανόνι
955 4923 1052 4989 τῆς
1081 4922 1138 4974 ἐν
1167 4923 1244 4989 τῷ
1272 4922 1522 4991 Τρούλλῳ
1550 4923 1762 4972 συνόδου

222 5014 506 5081 ἐφημερίας
537 5013 881 5081 ἐμνήσθησαν
926 5014 974 5064 οἱ
1002 5013 1259 5080 Πατέρες.
1288 5015 1375 5064 Διὸ
1403 5016 1492 5066 καὶ
1537 5015 1595 5065 ἐν
1644 5016 1763 5076 ταῖς

223 5107 469 5171 μεγάλαις
530 5107 622 5156 καὶ
673 5105 978 5167 καθολικαῖς
1029 5106 1343 5173 ἐκκλησίαις
1400 5104 1678 5173 διῄρηνται
1708 5105 1766 5155 αί

222 5196 302 5247 τῶν
329 5197 641 5267 ἱερωμένων
668 5195 921 5251 δουλεῖαι.
950 5197 1012 5248 Οἱ
1071 5197 1177 5264 γὰρ
1210 5195 1328 5247 καθ’
1369 5196 1604 5262 ἐκάσεην
1652 5194 1764 5247 λει-

219 5291 554 5357 τουργοῦντες
582 5289 754 5357 ἔνοχοι
779 5289 1012 5354 γίνοντσι
1048 5288 1123 5356 τῷ
1181 5289 1361 5340 κανόνι
1387 5288 1493 5339 ἀπὸ
1562 5287 1764 5355 προλή-

219 5380 360 5445 ψεως,
394 5382 484 5433 διὰ
517 5381 576 5432 τὸ
616 5382 884 5432 συνοικεῖν
921 5381 1184 5446 γαμεταῖς
1219 5395 1230 5406 ·
1261 5379 1433 5430 διόλου
1460 5379 1552 5430 καὶ
1594 5395 1760 5428 σκαν-

218 5471 465 5534 διλίξουσι
490 5471 611 5530 τοὺς
649 5470 810 5532 λαούς
843 5485 858 5502 ⁸
881 5466 1030 5538 οἶμαι
1058 5471 1163 5538 γὰρ
1186 5470 1265 5520 ὅτι
1294 5469 1386 5522 καὶ
1422 5470 1479 5520 τὸ
1514 5468 1587 5536 μὴ
1634 5470 1763 5536 κλη-

221 5560 416 5614 οοῦσθαι
449 5563 539 5613 τὸν
571 5560 736 5612 αὑτὸν
761 5561 838 5621 είς
868 5560 1066 5619 πολλὰς
1125 5558 1418 5626 ἐκκλησίας
1481 5557 1568 5608 διὰ
1601 5556 1758 5609 τοῦτο

220 5655 438 5725 ἐκωλύθη
467 5670 480 5684 ’
512 5655 594 5708 ἔτι
630 5673 685 5708 τε
712 5655 807 5707 καὶ
865 5655 923 5707 τὸ
977 5653 1216 5722 γίνεσθαι
1269 5654 1602 5723 λειτουργίαν
1670 5656 1758 5709 καὶ

1874 4487 1952 4542 vel
1987 4490 2106 4555 quis
2135 4504 2256 4543 eum
2303 4489 2622 4542 convincere
2666 4491 3002 4558 aggredietur
3028 4492 3050 4543 ?
3081 4493 3421 4563 Quapropter

1873 4593 1989 4631 mea
2020 4587 2101 4631 est
2132 4579 2395 4632 sententia
2421 4617 2436 4643 ,
2473 4589 2530 4632 ut
2577 4573 2747 4634 sacris
2782 4581 2975 4634 initiati
3013 4597 3119 4637 non
3173 4596 3425 4654 perpetuo

1871 4682 2021 4722 sacra
2053 4667 2340 4722 celebrent.
2383 4667 2673 4737 Propterea
2719 4672 2860 4724 enim
2911 4681 2963 4724 et
3013 4673 3062 4724 in
3098 4676 3304 4729 decimo
3340 4691 3428 4745 sy-

1871 4760 1990 4811 nodi
2043 4760 2093 4810 in
2140 4758 2320 4810 Trullo
2350 4773 2552 4813 canone
2597 4759 2782 4813 Patres
2813 4761 2876 4813 de
2921 4762 3126 4819 vicibus
3162 4766 3421 4820 memine-

1871 4857 2012 4900 runt.
2073 4847 2135 4900 Et
2181 4847 2382 4901 idcirco
2428 4851 2478 4901 in
2529 4851 2734 4918 magnis
2763 4859 2815 4903 et
2849 4852 3127 4907 catholicis
3177 4857 3423 4909 ecclesiis

1870 4948 2200 4991 sacratorum
2239 4938 2531 4994 ministeria
2567 4941 2732 4994 divisa
2767 4949 2911 4995 sunt.
2942 4941 3040 5006 Qui
3070 4947 3208 4997 enim
3240 4949 3422 5015 qu0ti-

1867 5027 1953 5081 die
1978 5042 2127 5082 sacra
2153 5028 2422 5084 celebrant
2453 5031 2642 5085 canoni
2678 5041 2801 5086 sunt
2828 5035 3042 5090 obnoxii
3072 5051 3133 5091 ex
3163 5053 3421 5104 prazsutn-

1868 5118 2069 5185 ptioue,
2105 5119 2244 5185 quod
2279 5135 2398 5172 cum
2445 5121 2698 5177 uxoribus
2739 5124 3078 5182 cohabitant:
3131 5137 3184 5181 ct
3237 5141 3419 5197 aperte

1868 5209 2086 5277 populos
2120 5208 2412 5263 ollettdunt.
2451 5209 2669 5278 Propter
2721 5214 2821 5268 hoc
2859 5217 3024 5280 enim,
3060 5228 3116 5270 ut
3163 5219 3291 5272 mihi
3339 5221 3417 5272 vi-

1869 5301 1931 5350 ('I
1959 5314 2051 5362 ur;
2092 5313 2156 5351 ne
2187 5301 2306 5367 quis
2341 5301 2391 5353 in
2428 5301 2606 5357 multis
2631 5305 2872 5360 ecclesiis
2907 5308 2994 5360 ﬁat
3023 5309 3253 5364 clericus
3292 5327 3418 5378 pro-

1869 5389 2088 5441 hihitum
2115 5399 2214 5451 est,
2247 5400 2301 5443 et
2327 5393 2484 5444 etiam
2519 5409 2583 5446 ne
2606 5409 2877 5448 sacrorum
2914 5396 3204 5451 celebratio
3237 5412 3287 5454 et
3327 5401 3415 5452 ba-

1867 5479 2114 5544 ptismata
2167 5481 2216 5531 in
2263 5485 2516 5534 oratoriis
2552 5483 2698 5548 liant,
2736 5499 2851 5552 quae
2889 5496 3011 5539 sunt
3057 5488 3109 5539 in
3143 5487 3414 5540 dentibus.

1867 5565 1930 5618 Et
1955 5568 2052 5618 hoc
2079 5567 2307 5620 exolevit
2353 5579 2566 5635 propter
2598 5571 2755 5623 aliam
2806 5573 3065 5627 rationem
3101 5591 3163 5628 ex
3205 5574 3418 5629 Novella

1865 5656 2065 5711 domini
2119 5656 2314 5713 Leonis
2347 5659 2658 5730 Philosophi
2681 5701 2694 5724 ,
2724 5678 2879 5730 quam
2909 5665 3068 5720 etiam
3107 5668 3158 5722 iu
3185 5667 3418 5723 diverso-
