4018 6310
579 291 678 354 271

1837 284 2111 344 THEOD.
2153 279 2548 341 BALSAMON

3706 268 3825 335 972

584 418 702 455 rum
733 415 996 455 canonum
1028 394 1553 468 interpretationibus
1601 392 1755 447 sitam
1809 392 1954 459 legas
2008 390 2122 441 vel-

2244 390 2572 458 lamiapam
2600 392 2679 453 είς
2709 392 2775 443 τὰ
2804 390 2924 443 κατ’
2946 388 3091 443 οἷκον
3120 388 3401 457 εύκτήρια.
3464 384 3581 438 Καὶ
3642 380 3824 434 τοῦτο

582 494 704 546 lein.

651 747 896 803 ZONAR.
932 745 1027 800 Hic
1054 748 1210 801 etiam
1242 747 1305 800 de
1338 745 1660 799 continentia
1688 757 1893 807 eorum,
1921 740 2009 809 qui
2036 754 2127 795 sa-

591 842 697 895 cris
744 838 929 892 initiati
986 846 1133 901 sunt,
1177 836 1243 889 ab
1288 852 1513 889 uxorum
1550 849 1766 888 suorum
1801 833 2127 887 commercio

582 931 767 983 Patres
821 932 1131 981 decernunt.
1192 926 1463 992 Episcopis
1506 938 1651 990 ergo,
1707 923 2033 990 presbyteris
2068 930 2124 975 et

581 1021 821 1073 diaconis
873 1019 938 1070 ab
964 1019 1041 1071 eis
1070 1016 1439 1071 abstinendum
1468 1028 1585 1067 esse
1614 1013 1956 1079 praecipiunt;
1988 1026 2048 1064 ae
2078 1011 2123 1064 si

580 1110 670 1174 qui
707 1114 886 1162 contra
908 1106 1067 1175 607
1097 1105 1319 1158 iecerint
1343 1104 1668 1172 depositione
1696 1103 2013 1169 puniendos.
2044 1102 2123 1154 Ab

583 1200 699 1253 aliis
728 1213 854 1251 vero
888 1196 1098 1249 clericis
1128 1208 1457 1261 nequaquam
1504 1193 1554 1246 id
1607 1192 1861 1255 exigunt;
1905 1190 1999 1243 sed
2058 1190 2125 1243 ab

583 1300 898 1354 uiioqquue
946 1282 1185 1337 ecclesia:
1235 1296 1344 1334 suae
1390 1283 1830 1334 consuetudinem
1868 1281 1919 1332 in
1954 1295 2019 1333 ea
2070 1293 2127 1332 re

530 1404 537 1409 α
590 1379 790 1433 servari
833 1378 1035 1443 iubent.
1079 1375 1252 1442 Atque
1301 1372 1386 1426 hic
1432 1385 1645 1442 quoque
1690 1371 2125 1425 consuetudinem

583 1474 689 1521 vim
730 1467 861 1535 legis
891 1466 1134 1518 obtinere
1181 1464 1623 1516 animadvertere.
1676 1458 1751 1515 De
1793 1460 2125 1523 continentia

582 1573 740 1627 porro
770 1572 796 1608 a
833 1554 1066 1621 prepriis
1095 1553 1349 1605 uxoribus
1374 1550 1653 1612 servanda,
1692 1563 1758 1602 ne
1786 1562 1905 1601 cum
1940 1549 2006 1602 iis
2032 1561 2129 1616 per

586 1661 791 1715 tempus
818 1644 1029 1712 aliquod
1065 1641 1385 1695 conveniens
1416 1654 1525 1693 rem
1558 1638 1821 1703 habeant,
1848 1639 1937 1706 qui
1970 1652 2127 1693 sacra

588 1714 834 1799 tractant,
861 1734 1050 1786 tertius
1076 1730 1311 1783 decimus
1345 1738 1509 1781 sexta:
1541 1727 1756 1794 synodi,
1782 1727 1907 1795 quin
1937 1736 1989 1779 et
2023 1736 2127 1779 ter-
2158 1714 2201 1771 Β

588 1828 692 1879 tius
716 1822 955 1893 Dionysii
985 1816 1337 1875 Alexandrini
1366 1815 1754 1885 archiepiscopi
1786 1829 1976 1881 canon,
2003 1814 2133 1869 ube-

588 1918 700 1971 rius
725 1916 1011 1969 disserunt.

588 2172 809 2226 ARIST.
853 2190 870 2221 ι
916 2168 1195 2240 EpiscOpi,
1236 2167 1567 2237 presbyteri,
1617 2175 1670 2219 et
1702 2166 1910 2220 diaconi
1944 2181 1972 2219 a
2015 2178 2135 2233 pro-

667 2281 685 2313 ε
726 2262 854 2329 priis
888 2260 1143 2312 uxoribus
1178 2257 1493 2319 abstineant,
1524 2254 1602 2308 vel
1642 2254 1828 2308 ordine
1878 2254 2138 2307 ecclesia-

664 2370 682 2402 ε
721 2354 853 2405 stico
885 2352 1273 2403 dimoveantur.
1297 2345 1504 2413 Reliqui
1534 2360 1662 2397 vero
1688 2344 1867 2397 clerici
1903 2345 1967 2396 ad
1999 2344 2135 2395 idem

667 2460 686 2491 ε
725 2455 789 2493 ne
814 2439 1203 2507 compellantur
1234 2454 1252 2490 :
1285 2439 1375 2490 sed
1407 2436 1733 2489 consuetudo
1760 2435 2125 2488 observetur.)

661 2618 757 2674 iiic
804 2634 975 2673 canon
1008 2618 1071 2671 de
1101 2617 1349 2669 omnibus
1380 2616 1495 2669 sine
1523 2614 1863 2669 distinctione
1912 2613 2094 2666 statuit
2121 2651 2136 2675 ,

590 2711 877 2778 episcOpis,
917 2709 1261 2776 presbyteris.
1300 2716 1352 2760 et
1393 2707 1632 2760 diacouis
1690 2704 1980 2759 secundum
2008 2718 2136 2771 pro-

593 2802 704 2869 pria
741 2811 981 2865 tempora
1023 2812 1051 2849 a
1080 2798 1189 2850 suis
1217 2797 1485 2851 abstinere
1515 2797 1785 2849 uxoribus.
1819 2798 1886 2846 At
1931 2793 2134 2846 duode-

590 2894 764 2946 cimus
796 2900 963 2943 sexta:
990 2888 1038 2939 in
1072 2885 1254 2939 Trullo
1298 2887 1484 2954 synodi
1526 2899 1693 2937 canon
1724 2885 1987 2951 episcopis
2032 2896 2135 2935 non

591 2980 871 3050 permittit,
906 2984 1189 3046 postquam
1227 2976 1291 3028 ad
1336 2975 1699 3042 episcopatum
1749 2973 1981 3024 ordinati
2018 2970 2135 3023 fue-

591 3081 735 3134 runt,
786 3084 903 3120 cum
956 3068 1067 3119 suis
1100 3066 1358 3117 uxoribus
1402 3065 1709 3117 cohabitare
1746 3100 1761 3124 ,
1794 3076 1859 3114 ne
1885 3060 2136 3113 oli'ensio—

592 3176 710 3214 nem
743 3168 796 3213 et
840 3155 1145 3210 scandalum
1175 3154 1369 3206 exinde
1397 3152 1602 3221 populis
1632 3150 1840 3202 darent.
1890 3150 1960 3201 At
1999 3150 2143 3214 ejus-

594 3252 713 3304 dem
743 3247 928 3317 synodi
966 3260 1136 3299 canon
1174 3243 1239 3295 l3
1278 3244 1494 3296 mandat
1527 3241 1850 3310 presbyteris
1885 3249 1939 3292 et
1966 3239 2145 3293 iliaco-

597 3337 706 3398 nis,
740 3350 859 3386 cum
885 3333 1218 3387 ordinatione
1251 3332 1545 3383 habeantur
1575 3330 1740 3395 digni,
1787 3342 1817 3380 a
1869 3328 1979 3381 suis
2015 3340 2145 3379 uxo-

594 3428 741 3480 ribus
794 3426 1044 3478 secedere
1105 3436 1211 3473 non
1262 3421 1533 3491 profiteri;
1589 3419 2039 3487 quemadmodum
2091 3419 2144 3471 in

596 3519 953 3572 Romanorum
1004 3514 1235 3568 Ecclesia
1270 3514 1490 3566 canonis
1521 3513 1585 3564 ad
1630 3513 1801 3565 instar
1836 3512 1958 3563 illud
2007 3511 2147 3563 οιηί⁴

596 3619 781 3662 nuerat
812 3607 940 3661 :sed
974 3621 1090 3658 cum
1123 3605 1187 3657 iis
1220 3605 1485 3669 habitare,
1512 3613 1565 3656 et
1599 3614 1774 3656 mutua
1801 3602 2142 3656 convenienti

598 3711 838 3765 ternpore
863 3696 1270 3749 conversatione
1303 3709 1407 3747 non
1442 3693 1661 3761 privari.
1710 3691 2007 3744 Prawalent
2049 3691 2151 3742 ita-

594 3805 696 3856 que
737 3788 823 3841 isti
867 3800 1121 3853 canones,
1152 3796 1203 3839 et
1236 3785 1524 3838 secundum
1571 3797 1664 3835 eos
1708 3782 1945 3835 Ecclesia
1992 3780 2151 3834 hodie

591 3876 947 3947 gubernatur.

1113 4125 1335 4182 CANON
1372 4125 1605 4181 LXXIV.

604 4243 616 4266 ι
662 4223 732 4274 De
767 4221 850 4283 iis,
884 4221 972 4287 qui
1009 4218 1251 4287 proprios
1294 4217 1517 4285 populos
1559 4214 1887 4283 relinquunt.
1942 4216 2154 4270 Rursus

672 4330 689 4360 ‹
734 4311 949 4379 placuit,
982 4320 1037 4360 ut
1064 4307 1195 4360 nulli
1219 4307 1377 4359 liceat
1398 4305 1672 4374 episcopo,
1698 4307 1877 4358 relicta
1901 4320 1997 4359 sua
2026 4308 2153 4358 sede

672 4421 687 4451 ι
729 4400 1030 4469 principali,
1086 4400 1151 4451 ad
1206 4398 1436 4462 aliquam
1486 4397 1769 4449 ecclesiam
1828 4398 1881 4449 in
1934 4397 2151 4450 dimcesi

670 4510 687 4540 ε
726 4492 1069 4542 constitutam
1104 4488 1336 4554 seipsuin
1364 4487 1633 4551 conferre;
1664 4488 1828 4539 reide
1860 4501 1914 4539 re
1939 4489 2153 4555 propria

640 4614 643 4615 ν
675 4600 693 4631 ε
732 4582 1008 4649 plusquam
1036 4590 1243 4648 oportet
1264 4580 1514 4644 sollicito,
1542 4580 1767 4648 propria:
1798 4579 1940 4633 sedis
1971 4593 2153 4631 curam

671 4692 687 4722 ε
727 4682 778 4724 et
814 4671 1221 4726 sollicitudinem
1253 4669 1542 4739 negligere.
1576 4687 1595 4720 ι

671 4952 862 5006 BALS.
895 4954 1115 5019 Quidam
1137 4954 1370 5023 episcopi
1403 4968 1526 5007 suas
1551 4952 1848 5021 primitivas
1870 4956 2154 5009 cathedras

604 5044 982 5110 relinquentes,
1024 5044 1076 5095 in
1104 5044 1308 5110 aliquas
1340 5044 1473 5095 alias
1503 5043 1759 5096 ecclesias
1799 5044 2156 5109 parceciarum

601 5135 665 5185 ad
692 5148 749 5185 se
778 5135 1177 5200 pertinentium,
1210 5148 1324 5200 quae
1346 5142 1493 5185 erant
1522 5132 1659 5186 forte
1700 5134 1867 5201 magis
1892 5136 2160 5201 populosae

603 5234 693 5277 aut
729 5224 944 5291 majoris
979 5223 1243 5285 redditus,
1274 5237 1332 5275 se
1384 5222 1757 5284 conferebant,
1782 5233 1834 5275 et
1866 5223 1975 5276 illic
2008 5224 2162 5277 sede-

604 5318 749 5369 bant.
784 5314 1100 5365 Statuerunt
1124 5327 1251 5379 ergo
1299 5312 1501 5374 Patres,
1543 5314 1675 5365 nulli
1726 5314 1887 5367 licere
1922 5315 2023 5368 boc
2072 5314 2157 5366 fa-

607 5420 731 5461 cere
769 5420 781 5455 :
811 5404 902 5457 sed
940 5420 1110 5472 neque
1143 5404 1340 5472 proprii
1372 5405 1567 5471 negotii
1594 5406 1764 5473 gratia
1795 5405 2070 5457 discedere
2095 5403 2163 5457 ab

605 5510 688 5559 ea,
723 5508 841 5562 quae
871 5493 1016 5544 illum
1047 5493 1133 5544 diu
1164 5492 1354 5545 sortita
1394 5502 1495 5557 est,
1536 5501 1589 5543 et
1613 5491 1690 5545 sic
1724 5490 1986 5560 populum
2022 5490 2163 5545 assi-

608 5588 709 5641 due
739 5584 957 5641 docendi
1006 5598 1188 5639 curam
1240 5599 1342 5639 non
1387 5597 1592 5653 gerere.
1630 5582 1693 5637 Et
1732 5583 1788 5637 in
1820 5583 1903 5638 his
1932 5583 2156 5653 quidem

2228 480 2544 549 ήπράκτησε
2575 480 2643 531 δι’
2672 481 2858 549 ἕτερον
2901 480 3055 546 λόγον
3088 480 3194 533 ἀπὸ
3223 477 3439 546 Νεαρᾶς
3481 474 3582 528 τοῦ
3655 471 3829 540 φελοο

2231 568 2392 636 σόφου
2419 569 2583 637 κυροῦ
2604 568 2849 632 Λέοντος,
2886 568 2953 637 ἢν
3002 570 3094 620 καὶ
3136 567 3407 636 ἀνάγνωθι
3466 578 3821 631 καταστρω-

2230 658 2411 709 θεῖσαν
2438 658 2495 708 ἐν
2534 656 2846 724 ἑρμηνείαις
2873 654 3142 723 διαφόρων
3172 656 3431 707 κανόνων.

2299 746 2544 801 ΖΩΝᾹΡ.
2579 744 2869 797 Κάνταῦθα
2896 747 2945 796 oi
2986 744 3221 806 Πατέρες
3247 739 3392 795 οὗτοι
3417 743 3547 811 περὶ
3579 743 3819 808 ἐγκρα-

2232 833 2375 896 τείας
2418 834 2514 902 τῆς
2570 834 2705 902 πρὸς
2745 834 2842 895 τὰς
2876 832 3084 885 ἐαυτῶν
3128 833 3373 900 γαμετὰς
3406 832 3824 884 διατάττονται

2228 926 2336 983 τοῖς
2366 924 2703 992 ίερωμένοις,
2728 923 2820 975 καί
2863 939 2994 990 φασι
3025 923 3132 975 δεῖν
3157 925 3285 984 τοὺς
3328 922 3674 984 ἐπισκόπους
3714 919 3828 974 καὶ

2228 1014 2628 1083 πρεσϐυτέρους
2654 1015 2747 1065 καὶ
2775 1014 3057 1075 διακόνους
3080 1013 3380 1081 ἀπέχεσθαι
3412 1014 3504 1065 καὶ
3554 1015 3621 1065 ἐκ
3692 1011 3827 1064 τῶν

2230 1104 2372 1156 ἰδίων
2400 1104 2648 1171 γαμετῶν
2674 1102 2814 1154 κατὰ
2841 1105 2963 1164 τοὺς
3004 1103 3163 1164 ίδίους
3210 1104 3387 1172 ὅρους,
3438 1103 3603 1171 ἦγουν
3653 1101 3825 1153 κατὰ

2226 1194 2323 1255 τὰς
2346 1194 2651 1263 ὡρισμένας
2678 1193 2890 1263 ἡμέρας
2913 1194 3008 1262 τῆς
3029 1194 3256 1247 ἐκάστου
3295 1192 3616 1263 ἐφημερίας,
3670 1191 3824 1249 τοὺς

2226 1286 2282 1339 δὲ
2340 1284 2414 1353 μή
2464 1285 2619 1337 τοῦτο
2660 1284 2941 1347 ποιοῦντας
2996 1285 3392 1352 καθαιρεῖσθαι.
3454 1285 3634 1353 ὀπερ
3669 1283 3823 1344 τοὺς

2227 1374 2443 1435 λοιποὺς
2486 1373 2777 1443 κληρικοὺς
2825 1376 3262 1444 παραφυλάττειν
3304 1375 3402 1426 ούκ
3471 1373 3818 1435 ἀπαιτοῦσι,

2229 1465 2400 1517 ποιεῖν
2457 1462 2501 1515 δ’
2540 1465 2774 1527 ἐκείνους
2798 1465 3032 1534 ὁρίζουσι
3076 1466 3214 1517 κατά
3236 1464 3333 1532 τὴν
3368 1463 3466 1532 τῆς
3492 1464 3819 1532 ἐκκλησίας

2229 1555 2285 1606 ἐν
2330 1550 2363 1625 ᾖ
2391 1555 2614 1616 ἕκαστος
2651 1554 3046 1624 ἐχειροτονήθη,
3079 1555 3385 1625 συνήθειαν.
3420 1555 3560 1621 Ὅρα
3606 1554 3820 1605 τοίνυν

2231 1645 2503 1699 κάνταῦθα
2529 1646 2588 1698 τὸ
2623 1644 2740 1707 ἐθος
2784 1645 2858 1707 ῶς
2886 1645 3043 1713 νόμον
3080 1646 3327 1714 κρατοῦν.
3379 1646 3488 1699 Καὶ
3534 1647 3562 1697 ὁ
3592 1652 3696 1713 ἰγ’
3748 1645 3817 1697 δὲ

2229 1736 2405 1789 κανὼν
2432 1736 2529 1800 τῆς
2555 1735 2718 1804 ἐκτης
2765 1734 2981 1786 συνόδου
3026 1733 3350 1803 πλατύτερον
3390 1733 3607 1799 διέξεισι
3658 1735 3819 1802 περὶ

2229 1825 2327 1893 τῆς
2362 1824 2682 1892 ἐγκρατείας
2730 1822 2836 1876 τῶν
2885 1824 3029 1875 ίδίων
3089 1822 3361 1891 γαμετῶν,
3422 1822 3559 1874 ὥστε
3610 1825 3817 1876 αὐτῶν

2229 1915 2522 1984 ἀπέχεσθαι
2568 1915 2708 1966 κατά
2768 1912 2858 1965 τὸν
2887 1912 3073 1980 καιρδν
3117 1912 3207 1964 τὸν
3277 1914 3618 1980 προσήκοντα
3661 1912 3817 1971 τοὺς

2229 2006 2587 2075 ψηλαφῶντας
2615 2005 2681 2056 τά
2710 2004 2861 2071 ἆγια,
2894 2003 3033 2054 ἀλλὰ
3057 2003 3150 2055 καὶ
3180 2003 3207 2054 6
3249 2000 3297 2069 γ’
3341 2001 3520 2054 κανὼν
3558 2000 3652 2053 τοῦ
3697 2001 3817 2071 ἀρ-

2230 2094 2577 2163 χιεπισκόπου
2614 2092 3008 2162 Ἀλεξανδρείας
3045 2091 3366 2145 Διονουσίου.

2232 2182 2455 2234 ΔΡΙΣΤ.
2496 2202 2513 2234 r
2551 2182 2886 2244 Ἑπίσκοποι,
2918 2180 3279 2250 πρεσσύτεροι
3303 2180 3396 2232 καὶ
3423 2179 3657 2233 διάκονοι
3682 2180 3817 2234 τῶν

2310 2288 2328 2321 ι
2378 2270 2520 2322 ίδίων
2550 2272 2802 2337 γαμετῶν
2837 2270 3249 2338 ἀπεχέσθωσαν,
3278 2270 3311 2338 ἢ
3350 2269 3451 2330 τῑις
3492 2270 3814 2337 ἐκκλησια-

2310 2378 2328 2410 ι
2377 2360 2564 2425 στικῆς
2613 2360 3075 2412 ἀποκινείσθωσαν
3118 2359 3343 2424 τάξεως.
3399 2362 3460 2411 Oi
3510 2361 3691 2412 λοιποὶ
3747 2359 3816 2410 δὲ

2309 2468 2326 2499 ι
2376 2450 2625 2519 κληρικοὶ
2646 2450 2780 2517 πρὸς
2806 2450 2963 2501 τοῦτο
2996 2450 3068 2518 μὴ
3102 2449 3595 2517 ἀναγκαζέσθωσαν
3618 2464 3631 2479 ·
3670 2447 3811 2501 ἀλλ’

2312 2554 2330 2586 ι
2376 2538 2407 2604 ή
2443 2536 2692 2603 συνήθεια
2725 2535 3093 2601 φυλαττέσθω.
3132 2555 3151 2588 ι

2306 2617 2472 2684 Οὗτος
2498 2625 2524 2674 ὁ
2551 2622 2728 2674 κανὼν
2758 2626 2885 2693 περὶ
2918 2626 3134 2676 πάντων
3165 2624 3528 2686 ἀδιαστίκτως
3573 2624 3813 2678 διατάτ-

2238 2730 2408 2776 τεται,
2441 2713 2769 2779 ἐπισκόπων,
2807 2714 3189 2783 πρεσϐυτέρων
3216 2718 3309 2768 καὶ
3344 2718 3626 2780 διακόνων,
3654 2716 3813 2768 κατὰ

2242 2803 2364 2863 τοὺς
2395 2802 2555 2864 ίδίους
2577 2803 2757 2870 ὄρους,
2798 2802 2903 2855 τῶν
2939 2804 3083 2855 ίδίων
3108 2805 3409 2873 ἀπέχεσθαι
3438 2806 3693 2873 γαμετῶν
3714 2823 3730 2838 ·
3774 2806 3808 2858 ὁ

2238 2890 2292 2941 δέ
2318 2890 2611 2949 δωδέκατος
2648 2888 2827 2942 κανὼν
2856 2892 2952 2959 τῆς
2999 2893 3056 2941 ἐν
3096 2892 3171 2959 τῷ
3198 2893 3451 2962 Τρούλλῳ
3484 2894 3646 2963 ἐκτης
3673 2912 3815 2947 συν-

2240 2979 2356 3031 όδου
2386 2980 2445 3029 οὐ
2480 2982 2751 3047 συγχωρεῖ
2777 2981 2885 3040 τοῖς
2920 2982 3233 3042 ἐπισκόποις
3263 2985 3401 3049 μετά
3462 2984 3560 3053 τὴν
3594 2985 3809 3052 προελ-

2245 3066 2441 3117 θοῦσαν
2488 3064 2572 3115 ἐπ’
2607 3066 2789 3125 αὐτοῖς
2834 3069 2930 3134 τῆς
2964 3068 3267 3135 ἐπισκοπῆς
3306 3070 3641 3136 χειροτονίαν
3677 3073 3813 3133 ταῖς

2249 3155 2407 3216 ίδίαις
2447 3157 2712 3208 συνοικεῖν
2748 3157 3047 3223 γαμεταῖς·
3088 3158 3174 3208 ῐνα
3218 3157 3291 3226 μὴ
3325 3159 3660 3229 πρόσκομμα
3685 3163 3809 3220 τοῖς

2242 3244 2389 3305 λαοῖς
2434 3243 2681 3297 ἐντεῦθεν
2723 3240 2824 3297 ὦσι
2866 3247 3104 3308 τιθέντες
3153 3250 3246 3299 καὶ
3292 3249 3609 3302 σκάνδαλον.
3651 3252 3709 3302 '0
3743 3253 3808 3303 δὲ

2243 3333 2688 3403 τρισκαιδέκατος
2717 3334 2815 3399 τῆς
2844 3335 3012 3402 αὐτῆς
3044 3336 3259 3387 συνόδου
3307 3336 3487 3389 κανὼν
3518 3340 3806 3408 προστάτ-

2244 3440 2324 3475 τει
2369 3426 2491 3484 τοὺς
2536 3424 2939 3493 πρεσϐυτέρους
2987 3426 3080 3477 καὶ
3110 3427 3391 3489 διακόνους
3438 3429 3512 3497 μὴ
3556 3429 3807 3499 καθομο-

2246 3511 2444 3577 λογεῖν,
2473 3514 2529 3565 ἐν
2551 3513 2628 3577 τῷ
2661 3512 2941 3577 ἀξιοῦσθαι
2970 3512 3070 3579 τῆς
3112 3516 3465 3581 χειροτονίας,
3499 3516 3606 3567 τῶν
3650 3517 3803 3568 ίδίων

2247 3602 2579 3668 ἀφίστασθαι
2628 3602 2903 3672 γαμετῶν,
2931 3602 3109 3665 καθὼς
3148 3605 3204 3654 ἐν
3239 3607 3304 3674 τῇ
3351 3606 3639 3673 Ῥωμαίων
3674 3604 3803 3659 Ἐκ-

2250 3689 2445 3759 κλησίᾳ
2475 3693 2532 3742 ἐν
2560 3690 2709 3753 τάξει
2748 3692 2970 3753 κανόνος
2998 3691 3156 3744 τοῦτο
3184 3692 3470 3762 ἐκράτησε·
3501 3694 3637 3746 ἀλλά
3667 3711 3804 3747 συν-

2249 3782 2418 3831 οικεῖν
2473 3781 2686 3841 αὑταῖς,
2746 3780 2838 3831 καὶ
2906 3781 2981 3849 μὴ
3025 3780 3443 3849 ἀποστερεῖσθαι
3506 3785 3603 3851 τῆς
3664 3785 3807 3853 πρὸς

2250 3871 2510 3939 ἀλλήλους
2562 3872 2703 3924 κατά
2754 3872 2944 3941 καιρὸν
3006 3871 3098 3923 τδν
3153 3874 3494 3942 προσήκοντα
3560 3874 3802 3941 όμιλίας.

2252 3960 2557 4028 Κρατοῦσιν
2583 3960 2672 4013 οὖν
2703 3963 2751 4013 oi
2782 3964 3016 4026 κανόνες
3055 3964 3275 4026 ἐκεῖνοι,
3313 3961 3406 4015 καὶ
3447 3965 3568 4015 κατ’
3602 3965 3805 4025 αὐτοὺς

2252 4051 2487 4119 σήμερον
2507 4051 2541 4121 ή
2587 4050 2877 4121 Ἐκκλησία
2908 4053 3272 4107 πολιτεύεται.

2843 4143 3073 4198 ΚΑΝΩΝ
3110 4142 3225 4199 OA’.

2260 4246 2277 4278 ι
2314 4229 2448 4299 Περὶ
2486 4229 2595 4281 τῶν
2632 4230 2756 4291 τοὺς
2800 4230 2961 4293 ἰδίους
2989 4233 3151 4293 λαοὺς
3188 4234 3809 4305 ἐγκαταλιμπανόντων.

2330 4337 2348 4369 ι
2393 4318 2559 4370 Πάλιν
2598 4320 2818 4389 ἤρεσεν,
2844 4321 2984 4374 ὥστε
3038 4324 3231 4392 μηδενὶ
3259 4325 3463 4389 ἐξεῖναι
3498 4325 3809 4396 ἑπισκόπῳ,

2328 4428 2347 4459 ι
2388 4409 2843 4481 καταλειφθείσης
2902 4413 2999 4481 τῆς
3084 4416 3402 4486 αύθεντικῆς
3457 4419 3619 4472 αὑτοῦ
3673 4418 3813 4475 καθ-

2330 4517 2348 4548 (
2394 4500 2571 4567 έδρας,
2606 4502 2739 4570 πρός
2775 4519 2893 4555 τινα
2940 4504 3233 4573 ἐκκλησίαν
3293 4510 3352 4560 ἐν
3385 4509 3644 4580 διοικήσει
3672 4511 3812 4564 καθ-

2329 4607 2347 4638 (
2393 4589 2634 4641 εστῶσαν
2720 4592 2913 4643 ἐαυτὸν
2986 4595 3280 4664 ἀποφέρειν
3325 4612 3341 4627 ο
3395 4600 3428 4668 ἢ
3496 4604 3554 4653 ἐν
3619 4603 3811 4673 οίκείψ

2331 4698 2348 4730 ι
2394 4680 2699 4747 πράγματι,
2728 4681 2866 4750 ὑπὲρ
2890 4681 2917 4732 ὃ
2944 4681 3070 4750 χρὴ.
3085 4684 3313 4737 ἐπιπολὺ
3341 4688 3812 4760 ἀπασχολουμένῳ

2334 4788 2352 4821 ι
2395 4770 2613 4841 ἀμελεῖν
2661 4770 2759 4838 τῆς
2811 4772 3089 4841 φροντίδος
3132 4775 3226 4826 καὶ
3262 4775 3365 4839 τῆς
3410 4780 3685 4846 συνεχείας
3714 4780 3815 4835 τοῦ

2337 4878 2354 4911 ι
2406 4860 2535 4912 ἰδίου
2564 4860 2774 4929 θρόνου.
2817 4879 2839 4912 ε

2327 4950 2525 5002 ΒΑΛΣ.
2580 4950 2733 5012 Τινὲς
2784 4951 3098 5017 ἐπίσκοποι,
3152 4956 3657 5025 καταλιμπάνοντες
3713 4964 3816 5027 τάς

2260 5039 2644 5109 πρωτοτύπους
2665 5040 2926 5110 καθέδρας
2956 5044 3154 5106 αὐτῶν,
3176 5045 3492 5115 ἀπήρχοντο
3518 5056 3610 5104 καὶ
3632 5070 3813 5127 προσ-

2261 5130 2528 5199 εκάθηντο
2592 5131 2671 5192 είς
2721 5149 2872 5194 τινας
2922 5134 3114 5203 ἐτέρας
3164 5137 3462 5204 ἐκκλησίας
3514 5145 3823 5213 παροικιῶν

2262 5222 2575 5288 ἀνηκουσῶν
2625 5224 2807 5286 αὐτοῖς
2831 5262 2844 5287 ,
2875 5226 3434 5298 πολυανθρωποτέρας
3482 5233 3612 5296 ἴσως
3653 5236 3823 5303 οὗσας

2264 5313 2295 5380 ἢ
2346 5319 2442 5368 καὶ
2494 5316 3026 5386 πολυεισοδωτέρας·
3083 5318 3287 5388 ὥρισαν
3342 5318 3435 5374 οὖν
3485 5325 3536 5375 οι
3580 5326 3826 5399 Πατέρες

2269 5407 2455 5475 μηδενὶ
2490 5407 2773 5477 ἐπισκόπει.)
2821 5409 3020 5473 ἐξεῖναι
3077 5412 3235 5463 τοῦτο
3290 5416 3490 5481 ποιεῖν,
3517 5416 3655 5469 ἀλλά
3688 5419 3824 5484 μηδι

2267 5499 2422 5566 χάριν
2466 5498 2775 5562 ὑποθέσεως
2828 5502 3034 5564 οἰκείας
3086 5504 3563 5572 ἀπολιμπάνεσθαι
3619 5510 3685 5560 ἐκ
3726 5508 3826 5579 τῆς

2267 5588 2535 5660 λαχούσης
2591 5590 2751 5643 αὑτὸν
2785 5592 2873 5644 ἐπὶ
2903 5592 3063 5657 πολὺ,
3103 5596 3199 5647 καὶ
3254 5595 3430 5662 οὕτως
3478 5599 3702 5671 ἀμελεῖν
3727 5601 3828 5657 τοῦ
