  <div class='ocr_page' id='page_1' title='image "/cluster/home/n/w/nwhite01/storage/ocr_20150623/138/pst.000005714544/164.png"; bbox 0 0 4018 6310; ppageno 0'>
   <div class='ocr_carea' id='block_1_1' title="bbox 186 399 1754 474">
    <p class='ocr_par' dir='ltr' id='par_1_1' title="bbox 186 399 1752 474">
     <span class='ocr_line' id='line_1_1' title="bbox 186 399 1752 474; baseline 0.005 -12"><span class='ocrx_word' id='word_1_1' title='bbox 186 399 289 463; x_wconf 78' lang='lat'><strong>273</strong></span> <span class='ocrx_word' id='word_1_2' title='bbox 1197 410 1277 472; x_wconf 89' lang='lat' dir='ltr'><strong>IN</strong></span> <span class='ocrx_word' id='word_1_3' title='bbox 1315 409 1481 474; x_wconf 81' lang='lat' dir='ltr'><strong>CAN.</strong></span> <span class='ocrx_word' id='word_1_4' title='bbox 1521 409 1752 471; x_wconf 71' lang='lat' dir='ltr'><strong>LXXIV</strong></span> 
     </span>
    </p>
   </div>
   <div class='ocr_carea' id='block_1_2' title="bbox 1857 399 3406 474">
    <p class='ocr_par' dir='ltr' id='par_1_2' title="bbox 1857 407 3406 474">
     <span class='ocr_line' id='line_1_2' title="bbox 1857 407 3406 474; baseline 0.002 -6"><span class='ocrx_word' id='word_1_5' title='bbox 1857 409 1996 472; x_wconf 86' lang='lat' dir='ltr'>)NC.</span> <span class='ocrx_word' id='word_1_6' title='bbox 2031 413 2399 474; x_wconf 76' lang='lat' dir='ltr'><strong>CARTHAG.</strong></span> <span class='ocrx_word' id='word_1_7' title='bbox 3301 407 3406 471; x_wconf 76' lang='grc'><strong>274</strong></span> 
     </span>
    </p>
   </div>
   <div class='ocr_carea' id='block_1_3' title="bbox 189 516 1754 592">
    <p class='ocr_par' dir='ltr' id='par_1_3' title="bbox 189 516 1738 591">
     <span class='ocr_line' id='line_1_3' title="bbox 189 516 1738 591; baseline 0.001 -20"><span class='ocrx_word' id='word_1_8' title='bbox 189 516 424 582; x_wconf 72' lang='grc' dir='ltr'>συνεχῶς</span> <span class='ocrx_word' id='word_1_9' title='bbox 445 517 714 571; x_wconf 80' lang='grc' dir='ltr'>διδάσκειν</span> <span class='ocrx_word' id='word_1_10' title='bbox 743 519 832 573; x_wconf 83' lang='grc' dir='ltr'><strong>τδν</strong></span> <span class='ocrx_word' id='word_1_11' title='bbox 860 520 1057 574; x_wconf 72' lang='grc' dir='ltr'>οἰκεῖον</span> <span class='ocrx_word' id='word_1_12' title='bbox 1080 521 1352 577; x_wconf 81' lang='grc' dir='ltr'>λαόν.Καὶ</span> <span class='ocrx_word' id='word_1_13' title='bbox 1378 524 1405 575; x_wconf 88' lang='grc' dir='ltr'><strong>ό</strong></span> <span class='ocrx_word' id='word_1_14' title='bbox 1435 522 1534 591; x_wconf 84' lang='grc' dir='ltr'><strong>μέν</strong></span> <span class='ocrx_word' id='word_1_15' title='bbox 1561 521 1738 574; x_wconf 85' lang='grc' dir='ltr'>κανὼν</span> 
     </span>
    </p>
   </div>
   <div class='ocr_carea' id='block_1_4' title="bbox 1857 516 3399 592">
    <p class='ocr_par' dir='ltr' id='par_1_4' title="bbox 1857 518 3399 592">
     <span class='ocr_line' id='line_1_4' title="bbox 1857 518 3399 592; baseline -0.001 -20"><span class='ocrx_word' id='word_1_16' title='bbox 1857 531 2093 577; x_wconf 75' lang='lat' dir='ltr'><strong>versatur</strong></span> <span class='ocrx_word' id='word_1_17' title='bbox 2120 538 2316 578; x_wconf 90' lang='lat' dir='ltr'><strong>canon.</strong></span> <span class='ocrx_word' id='word_1_18' title='bbox 2354 522 2774 592; x_wconf 76' lang='lat' dir='ltr'><strong>lnterrogaverit</strong></span> <span class='ocrx_word' id='word_1_19' title='bbox 2797 524 2979 577; x_wconf 73' lang='lat' dir='ltr'><strong>autent</strong></span> <span class='ocrx_word' id='word_1_20' title='bbox 3005 518 3295 587; x_wconf 80' lang='lat' dir='ltr'><strong>quispiam,</strong></span> <span class='ocrx_word' id='word_1_21' title='bbox 3332 536 3399 572; x_wconf 89' lang='lat' dir='ltr'><strong>an</strong></span> 
     </span>
    </p>
   </div>
   <div class='ocr_carea' id='block_1_5' title="bbox 191 607 1754 680">
    <p class='ocr_par' dir='ltr' id='par_1_5' title="bbox 191 608 1744 680">
     <span class='ocr_line' id='line_1_5' title="bbox 191 608 1744 680; baseline 0.001 -18"><span class='ocrx_word' id='word_1_22' title='bbox 191 613 244 662; x_wconf 76' lang='grc' dir='ltr'><strong>ἐν</strong></span> <span class='ocrx_word' id='word_1_23' title='bbox 276 608 506 671; x_wconf 76' lang='grc' dir='ltr'>τούτοις.</span> <span class='ocrx_word' id='word_1_24' title='bbox 529 610 832 680; x_wconf 79' lang='grc' dir='ltr'>Ἐρωτήσει</span> <span class='ocrx_word' id='word_1_25' title='bbox 888 611 947 664; x_wconf 82' lang='grc' dir='ltr'><strong>δέ</strong></span> <span class='ocrx_word' id='word_1_26' title='bbox 1008 630 1113 675; x_wconf 87' lang='grc' dir='ltr'>τις,</span> <span class='ocrx_word' id='word_1_27' title='bbox 1140 616 1187 665; x_wconf 84' lang='grc' dir='ltr'>ει</span> <span class='ocrx_word' id='word_1_28' title='bbox 1240 614 1309 665; x_wconf 74' lang='grc' dir='ltr'><strong>τὰ</strong></span> <span class='ocrx_word' id='word_1_29' title='bbox 1365 612 1461 664; x_wconf 83' lang='grc' dir='ltr'><strong>τοῦ</strong></span> <span class='ocrx_word' id='word_1_30' title='bbox 1520 613 1744 673; x_wconf 78' lang='grc' dir='ltr'><strong>κανόνος</strong></span> 
     </span>
    </p>
   </div>
   <div class='ocr_carea' id='block_1_6' title="bbox 1857 607 3401 680">
    <p class='ocr_par' dir='ltr' id='par_1_6' title="bbox 1857 607 3401 680">
     <span class='ocr_line' id='line_1_6' title="bbox 1857 607 3401 680; baseline -0.003 -17"><span class='ocrx_word' id='word_1_31' title='bbox 1857 627 1963 680; x_wconf 67' lang='lat' dir='ltr'><strong>quas</strong></span> <span class='ocrx_word' id='word_1_32' title='bbox 1994 613 2096 666; x_wconf 91' lang='lat' dir='ltr'><strong>hoc</strong></span> <span class='ocrx_word' id='word_1_33' title='bbox 2123 626 2330 668; x_wconf 82' lang='lat' dir='ltr'><strong>canone</strong></span> <span class='ocrx_word' id='word_1_34' title='bbox 2357 613 2603 668; x_wconf 92' lang='lat' dir='ltr'><strong>dicuntur</strong></span> <span class='ocrx_word' id='word_1_35' title='bbox 2647 611 2819 664; x_wconf 86' lang='lat' dir='ltr'><strong>locum</strong></span> <span class='ocrx_word' id='word_1_36' title='bbox 2873 610 3104 664; x_wconf 90' lang='lat' dir='ltr'><strong>habeant</strong></span> <span class='ocrx_word' id='word_1_37' title='bbox 3147 608 3305 660; x_wconf 89' lang='lat' dir='ltr'><strong>etiam</strong></span> <span class='ocrx_word' id='word_1_38' title='bbox 3350 607 3401 659; x_wconf 94' lang='lat' dir='ltr'><strong>in</strong></span> 
     </span>
    </p>
   </div>
   <div class='ocr_carea' id='block_1_7' title="bbox 193 699 1754 772">
    <p class='ocr_par' dir='ltr' id='par_1_7' title="bbox 193 700 1747 772">
     <span class='ocr_line' id='line_1_7' title="bbox 193 700 1747 772; baseline 0 -20"><span class='ocrx_word' id='word_1_39' title='bbox 193 700 370 770; x_wconf 82' lang='grc' dir='ltr'>ἐχουσι</span> <span class='ocrx_word' id='word_1_40' title='bbox 397 701 583 770; x_wconf 84' lang='grc' dir='ltr'>χώραν</span> <span class='ocrx_word' id='word_1_41' title='bbox 613 702 709 755; x_wconf 81' lang='grc' dir='ltr'>καὶ</span> <span class='ocrx_word' id='word_1_42' title='bbox 765 705 846 764; x_wconf 84' lang='grc' dir='ltr'><strong>είς</strong></span> <span class='ocrx_word' id='word_1_43' title='bbox 895 703 1021 765; x_wconf 82' lang='grc' dir='ltr'>τοὺς</span> <span class='ocrx_word' id='word_1_44' title='bbox 1061 703 1440 766; x_wconf 76' lang='grc' dir='ltr'><strong>ἀπολέσαντας</strong></span> <span class='ocrx_word' id='word_1_45' title='bbox 1473 703 1747 772; x_wconf 76' lang='grc' dir='ltr'><strong>ἀρχιερεῖς</strong></span> 
     </span>
    </p>
   </div>
   <div class='ocr_carea' id='block_1_8' title="bbox 1857 699 3396 772">
    <p class='ocr_par' dir='ltr' id='par_1_8' title="bbox 1857 699 3396 770">
     <span class='ocr_line' id='line_1_8' title="bbox 1857 699 3396 770; baseline -0.003 -15"><span class='ocrx_word' id='word_1_46' title='bbox 1857 703 2194 766; x_wconf 81' lang='lat' dir='ltr'><strong>tntistitibus,</strong></span> <span class='ocrx_word' id='word_1_47' title='bbox 2228 704 2315 770; x_wconf 90' lang='lat' dir='ltr'><strong>qui</strong></span> <span class='ocrx_word' id='word_1_48' title='bbox 2369 718 2493 757; x_wconf 88' lang='lat' dir='ltr'><strong>suas</strong></span> <span class='ocrx_word' id='word_1_49' title='bbox 2528 702 2826 770; x_wconf 79' lang='lat' dir='ltr'><strong>primitivas</strong></span> <span class='ocrx_word' id='word_1_50' title='bbox 2859 700 3116 756; x_wconf 79' lang='lat' dir='ltr'><strong>ecclesias</strong></span> <span class='ocrx_word' id='word_1_51' title='bbox 3149 699 3396 768; x_wconf 89' lang='lat' dir='ltr'><strong>perdide-</strong></span> 
     </span>
    </p>
   </div>
   <div class='ocr_carea' id='block_1_9' title="bbox 195 791 1748 877">
    <p class='ocr_par' dir='ltr' id='par_1_9' title="bbox 195 791 1748 877">
     <span class='ocr_line' id='line_1_9' title="bbox 195 791 1748 877; baseline -0.005 -26"><span class='ocrx_word' id='word_1_52' title='bbox 195 792 284 851; x_wconf 65' lang='grc' dir='ltr'>τὰς</span> <span class='ocrx_word' id='word_1_53' title='bbox 336 793 731 877; x_wconf 73' lang='grc' dir='ltr'>πρωτοτύπους</span> <span class='ocrx_word' id='word_1_54' title='bbox 788 791 1056 864; x_wconf 77' lang='grc' dir='ltr'><strong>καθέδρας</strong></span> <span class='ocrx_word' id='word_1_55' title='bbox 1109 793 1314 856; x_wconf 83' lang='grc' dir='ltr'>αὐτῶν,</span> <span class='ocrx_word' id='word_1_56' title='bbox 1342 794 1420 856; x_wconf 90' lang='grc' dir='ltr'><strong>ώς</strong></span> <span class='ocrx_word' id='word_1_57' title='bbox 1477 810 1748 861; x_wconf 85' lang='grc' dir='ltr'>κατασχε-</span> 
     </span>
    </p>
   </div>
   <div class='ocr_carea' id='block_1_10' title="bbox 198 877 1747 953">
    <p class='ocr_par' dir='ltr' id='par_1_10' title="bbox 198 877 1747 953">
     <span class='ocr_line' id='line_1_10' title="bbox 198 877 1747 953; baseline 0.001 -19"><span class='ocrx_word' id='word_1_58' title='bbox 198 884 372 944; x_wconf 76' lang='grc' dir='ltr'>θείσας</span> <span class='ocrx_word' id='word_1_59' title='bbox 398 883 502 936; x_wconf 79' lang='grc' dir='ltr'><strong>ὑπὸ</strong></span> <span class='ocrx_word' id='word_1_60' title='bbox 531 884 732 936; x_wconf 80' lang='grc' dir='ltr'>ἐθνῶν·</span> <span class='ocrx_word' id='word_1_61' title='bbox 774 885 869 938; x_wconf 72' lang='grc' dir='ltr'>καὶ</span> <span class='ocrx_word' id='word_1_62' title='bbox 905 885 1159 938; x_wconf 84' lang='grc' dir='ltr'>δύνανται</span> <span class='ocrx_word' id='word_1_63' title='bbox 1187 877 1333 939; x_wconf 75' lang='grc' dir='ltr'>οὗτοι</span> <span class='ocrx_word' id='word_1_64' title='bbox 1374 884 1747 953; x_wconf 78' lang='grc' dir='ltr'>ἀποκριματίο</span> 
     </span>
    </p>
   </div>
   <div class='ocr_carea' id='block_1_11' title="bbox 200 973 1742 1044">
    <p class='ocr_par' dir='ltr' id='par_1_11' title="bbox 200 973 1742 1044">
     <span class='ocr_line' id='line_1_11' title="bbox 200 973 1742 1044; baseline 0.001 -22"><span class='ocrx_word' id='word_1_65' title='bbox 200 989 327 1033; x_wconf 83' lang='grc' dir='ltr'>στως</span> <span class='ocrx_word' id='word_1_66' title='bbox 363 973 722 1040; x_wconf 82' lang='grc' dir='ltr'><strong>μεταπίπτειν</strong></span> <span class='ocrx_word' id='word_1_67' title='bbox 749 976 829 1035; x_wconf 86' lang='grc' dir='ltr'><strong>είς</strong></span> <span class='ocrx_word' id='word_1_68' title='bbox 860 974 1156 1041; x_wconf 85' lang='grc' dir='ltr'>ἐκκλησίας</span> <span class='ocrx_word' id='word_1_69' title='bbox 1195 974 1494 1044; x_wconf 86' lang='grc' dir='ltr'>παροικιῶν</span> <span class='ocrx_word' id='word_1_70' title='bbox 1534 973 1742 1037; x_wconf 76' lang='grc' dir='ltr'>αὐτῶνς</span> 
     </span>
    </p>
   </div>
   <div class='ocr_carea' id='block_1_12' title="bbox 203 1056 1749 1126">
    <p class='ocr_par' dir='ltr' id='par_1_12' title="bbox 203 1056 1749 1126">
     <span class='ocr_line' id='line_1_12' title="bbox 203 1056 1749 1126; baseline 0.002 -12"><span class='ocrx_word' id='word_1_71' title='bbox 203 1063 396 1126; x_wconf 68' lang='grc' dir='ltr'>Λέσις.</span> <span class='ocrx_word' id='word_1_72' title='bbox 418 1062 576 1123; x_wconf 87' lang='grc' dir='ltr'>Τινές</span> <span class='ocrx_word' id='word_1_73' title='bbox 600 1056 756 1116; x_wconf 73' lang='grc' dir='ltr'>εἷπον</span> <span class='ocrx_word' id='word_1_74' title='bbox 794 1062 1054 1117; x_wconf 82' lang='grc' dir='ltr'>δύνασθαι</span> <span class='ocrx_word' id='word_1_75' title='bbox 1094 1063 1253 1116; x_wconf 90' lang='grc' dir='ltr'>τοῦτο</span> <span class='ocrx_word' id='word_1_76' title='bbox 1297 1065 1469 1116; x_wconf 78' lang='grc' dir='ltr'><strong>ποιεῖν</strong></span> <span class='ocrx_word' id='word_1_77' title='bbox 1501 1063 1589 1116; x_wconf 77' lang='grc' dir='ltr'>τὸν</span> <span class='ocrx_word' id='word_1_78' title='bbox 1628 1063 1749 1116; x_wconf 81' lang='grc' dir='ltr'>ἐπίο</span> 
     </span>
    </p>
   </div>
   <div class='ocr_carea' id='block_1_13' title="bbox 203 1151 1746 1222">
    <p class='ocr_par' dir='ltr' id='par_1_13' title="bbox 203 1151 1746 1222">
     <span class='ocr_line' id='line_1_13' title="bbox 203 1151 1746 1222; baseline 0.001 -20"><span class='ocrx_word' id='word_1_79' title='bbox 203 1167 388 1203; x_wconf 79' lang='grc' dir='ltr'>σκοπον</span> <span class='ocrx_word' id='word_1_80' title='bbox 411 1151 738 1213; x_wconf 77' lang='grc' dir='ltr'>αὑτοθελῶς.</span> <span class='ocrx_word' id='word_1_81' title='bbox 769 1153 986 1222; x_wconf 81' lang='grc' dir='ltr'>Ἐτεροι</span> <span class='ocrx_word' id='word_1_82' title='bbox 1017 1151 1171 1206; x_wconf 77' lang='grc' dir='ltr'>εἷπον</span> <span class='ocrx_word' id='word_1_83' title='bbox 1195 1151 1407 1206; x_wconf 78' lang='grc' dir='ltr'><strong>δέεσθαι</strong></span> <span class='ocrx_word' id='word_1_84' title='bbox 1440 1153 1628 1206; x_wconf 88' lang='grc' dir='ltr'>τοῦτον</span> <span class='ocrx_word' id='word_1_85' title='bbox 1650 1154 1746 1204; x_wconf 77' lang='grc' dir='ltr'><strong>καὶ</strong></span> 
     </span>
    </p>
   </div>
   <div class='ocr_carea' id='block_1_14' title="bbox 204 1241 1748 1312">
    <p class='ocr_par' dir='ltr' id='par_1_14' title="bbox 204 1241 1748 1312">
     <span class='ocr_line' id='line_1_14' title="bbox 204 1241 1748 1312; baseline 0.001 -20"><span class='ocrx_word' id='word_1_86' title='bbox 204 1242 468 1308; x_wconf 83' lang='grc' dir='ltr'>συνοδικῆς</span> <span class='ocrx_word' id='word_1_87' title='bbox 495 1241 859 1306; x_wconf 79' lang='grc' dir='ltr'><strong>διαγνώσεως.</strong></span> <span class='ocrx_word' id='word_1_88' title='bbox 904 1241 1088 1296; x_wconf 73' lang='grc' dir='ltr'>Ἄλλοι</span> <span class='ocrx_word' id='word_1_89' title='bbox 1129 1243 1223 1295; x_wconf 78' lang='grc' dir='ltr'><strong>καὶ</strong></span> <span class='ocrx_word' id='word_1_90' title='bbox 1267 1244 1353 1296; x_wconf 80' lang='grc' dir='ltr'>διὰ</span> <span class='ocrx_word' id='word_1_91' title='bbox 1395 1242 1748 1312; x_wconf 71' lang='grc' dir='ltr'><strong>προστάξεως</strong></span> 
     </span>
    </p>
   </div>
   <div class='ocr_carea' id='block_1_15' title="bbox 203 1328 1744 1402">
    <p class='ocr_par' dir='ltr' id='par_1_15' title="bbox 203 1328 1744 1402">
     <span class='ocr_line' id='line_1_15' title="bbox 203 1328 1744 1402; baseline 0.001 -21"><span class='ocrx_word' id='word_1_92' title='bbox 203 1330 474 1399; x_wconf 75' lang='grc' dir='ltr'><strong>βασιλικῆς</strong></span> <span class='ocrx_word' id='word_1_93' title='bbox 501 1331 662 1384; x_wconf 85' lang='grc' dir='ltr'>τοῦτο</span> <span class='ocrx_word' id='word_1_94' title='bbox 701 1333 944 1400; x_wconf 84' lang='grc' dir='ltr'>γίνεσθαι</span> <span class='ocrx_word' id='word_1_95' title='bbox 981 1328 1158 1386; x_wconf 75' lang='grc' dir='ltr'>εἶπον.</span> <span class='ocrx_word' id='word_1_96' title='bbox 1191 1333 1344 1402; x_wconf 81' lang='grc' dir='ltr'>Ἐμοὶ</span> <span class='ocrx_word' id='word_1_97' title='bbox 1376 1334 1432 1386; x_wconf 83' lang='grc' dir='ltr'><strong>δέ</strong></span> <span class='ocrx_word' id='word_1_98' title='bbox 1478 1333 1623 1387; x_wconf 75' lang='grc' dir='ltr'>δοκεῖ</span> <span class='ocrx_word' id='word_1_99' title='bbox 1647 1333 1744 1396; x_wconf 85' lang='grc' dir='ltr'>ὡς,</span> 
     </span>
    </p>
   </div>
   <div class='ocr_carea' id='block_1_16' title="bbox 201 1420 1748 1492">
    <p class='ocr_par' dir='ltr' id='par_1_16' title="bbox 201 1420 1748 1492">
     <span class='ocr_line' id='line_1_16' title="bbox 201 1420 1748 1492; baseline 0.005 -21"><span class='ocrx_word' id='word_1_100' title='bbox 201 1422 247 1471; x_wconf 87' lang='grc' dir='ltr'><strong>εί</strong></span> <span class='ocrx_word' id='word_1_101' title='bbox 271 1420 364 1488; x_wconf 74' lang='grc' dir='ltr'>μὲν</span> <span class='ocrx_word' id='word_1_102' title='bbox 390 1422 417 1472; x_wconf 90' lang='grc' dir='ltr'><strong>ό</strong></span> <span class='ocrx_word' id='word_1_103' title='bbox 440 1420 686 1484; x_wconf 87' lang='grc' dir='ltr'>τοιοῦτος</span> <span class='ocrx_word' id='word_1_104' title='bbox 711 1423 1114 1492; x_wconf 83' lang='grc' dir='ltr'>μητροπολίτης</span> <span class='ocrx_word' id='word_1_105' title='bbox 1145 1423 1393 1491; x_wconf 79' lang='grc' dir='ltr'>βούλεται</span> <span class='ocrx_word' id='word_1_106' title='bbox 1419 1427 1748 1492; x_wconf 75' lang='grc' dir='ltr'><strong>μεταπεσεῖν</strong></span> 
     </span>
    </p>
   </div>
   <div class='ocr_carea' id='block_1_17' title="bbox 201 1510 1747 1584">
    <p class='ocr_par' dir='ltr' id='par_1_17' title="bbox 201 1510 1747 1584">
     <span class='ocr_line' id='line_1_17' title="bbox 201 1510 1747 1584; baseline 0.006 -23"><span class='ocrx_word' id='word_1_107' title='bbox 201 1511 275 1571; x_wconf 85' lang='grc' dir='ltr'><strong>είς</strong></span> <span class='ocrx_word' id='word_1_108' title='bbox 318 1510 497 1578; x_wconf 83' lang='grc' dir='ltr'>θρόνον</span> <span class='ocrx_word' id='word_1_109' title='bbox 533 1513 842 1581; x_wconf 82' lang='grc' dir='ltr'>ἐπισκοπῆς</span> <span class='ocrx_word' id='word_1_110' title='bbox 884 1513 1070 1577; x_wconf 87' lang='grc' dir='ltr'>αὐτοῦ,</span> <span class='ocrx_word' id='word_1_111' title='bbox 1095 1515 1183 1568; x_wconf 77' lang='grc' dir='ltr'><strong>διὰ</strong></span> <span class='ocrx_word' id='word_1_112' title='bbox 1229 1515 1290 1569; x_wconf 88' lang='grc' dir='ltr'><strong>τδ</strong></span> <span class='ocrx_word' id='word_1_113' title='bbox 1341 1516 1747 1584; x_wconf 74' lang='grc' dir='ltr'>κατασχεθῆναι</span> 
     </span>
    </p>
   </div>
   <div class='ocr_carea' id='block_1_18' title="bbox 201 1600 1746 1676">
    <p class='ocr_par' dir='ltr' id='par_1_18' title="bbox 201 1600 1746 1676">
     <span class='ocr_line' id='line_1_18' title="bbox 201 1600 1746 1676; baseline 0.004 -23"><span class='ocrx_word' id='word_1_114' title='bbox 201 1600 345 1669; x_wconf 80' lang='grc' dir='ltr'>παρὰ</span> <span class='ocrx_word' id='word_1_115' title='bbox 389 1601 562 1652; x_wconf 84' lang='grc' dir='ltr'>ἐθνῶν</span> <span class='ocrx_word' id='word_1_116' title='bbox 637 1602 736 1672; x_wconf 78' lang='grc' dir='ltr'>τὴν</span> <span class='ocrx_word' id='word_1_117' title='bbox 793 1604 1148 1674; x_wconf 86' lang='grc' dir='ltr'>πρωτότυπον</span> <span class='ocrx_word' id='word_1_118' title='bbox 1187 1605 1483 1676; x_wconf 71' lang='grc' dir='ltr'><strong>ἐκκλησίαν</strong></span> <span class='ocrx_word' id='word_1_119' title='bbox 1535 1607 1746 1671; x_wconf 84' lang='grc' dir='ltr'>τούτου,</span> 
     </span>
    </p>
   </div>
   <div class='ocr_carea' id='block_1_19' title="bbox 201 1691 1750 1768">
    <p class='ocr_par' dir='ltr' id='par_1_19' title="bbox 201 1691 1750 1768">
     <span class='ocr_line' id='line_1_19' title="bbox 201 1691 1750 1768; baseline 0.006 -26"><span class='ocrx_word' id='word_1_120' title='bbox 201 1691 390 1756; x_wconf 76' lang='grc' dir='ltr'><strong>ὀφείλει</strong></span> <span class='ocrx_word' id='word_1_121' title='bbox 416 1692 553 1759; x_wconf 87' lang='grc' dir='ltr'><strong>μετά</strong></span> <span class='ocrx_word' id='word_1_122' title='bbox 589 1692 876 1762; x_wconf 79' lang='grc' dir='ltr'><strong>βασιλικῆς</strong></span> <span class='ocrx_word' id='word_1_123' title='bbox 920 1696 1267 1764; x_wconf 74' lang='grc' dir='ltr'><strong>προστάξεως</strong></span> <span class='ocrx_word' id='word_1_124' title='bbox 1323 1697 1415 1750; x_wconf 79' lang='grc' dir='ltr'><strong>καὶ</strong></span> <span class='ocrx_word' id='word_1_125' title='bbox 1467 1697 1750 1768; x_wconf 83' lang='grc' dir='ltr'>συνοδικῆς</span> 
     </span>
    </p>
   </div>
   <div class='ocr_carea' id='block_1_20' title="bbox 200 1779 1750 1856">
    <p class='ocr_par' dir='ltr' id='par_1_20' title="bbox 200 1779 1750 1856">
     <span class='ocr_line' id='line_1_20' title="bbox 200 1779 1750 1856; baseline 0.007 -26"><span class='ocrx_word' id='word_1_126' title='bbox 200 1779 528 1847; x_wconf 79' lang='grc' dir='ltr'>διαγνώσεως</span> <span class='ocrx_word' id='word_1_127' title='bbox 584 1784 643 1834; x_wconf 88' lang='grc' dir='ltr'><strong>ἐν</strong></span> <span class='ocrx_word' id='word_1_128' title='bbox 684 1783 859 1854; x_wconf 80' lang='grc' dir='ltr'>ταύτῃ</span> <span class='ocrx_word' id='word_1_129' title='bbox 901 1785 1406 1839; x_wconf 78' lang='grc' dir='ltr'>ἀποκαθίστασθαι·</span> <span class='ocrx_word' id='word_1_130' title='bbox 1435 1787 1624 1856; x_wconf 82' lang='grc' dir='ltr'>ὥσπερ</span> <span class='ocrx_word' id='word_1_131' title='bbox 1655 1787 1750 1855; x_wconf 82' lang='grc' dir='ltr'>γέ-</span> 
     </span>
    </p>
   </div>
   <div class='ocr_carea' id='block_1_21' title="bbox 204 1871 1748 1947">
    <p class='ocr_par' dir='ltr' id='par_1_21' title="bbox 204 1871 1748 1947">
     <span class='ocr_line' id='line_1_21' title="bbox 204 1871 1748 1947; baseline 0.006 -24"><span class='ocrx_word' id='word_1_132' title='bbox 204 1887 318 1936; x_wconf 85' lang='grc' dir='ltr'>γονε</span> <span class='ocrx_word' id='word_1_133' title='bbox 371 1871 525 1926; x_wconf 84' lang='grc' dir='ltr'>τοῦτο</span> <span class='ocrx_word' id='word_1_134' title='bbox 581 1874 663 1936; x_wconf 88' lang='grc' dir='ltr'><strong>είς</strong></span> <span class='ocrx_word' id='word_1_135' title='bbox 707 1874 800 1927; x_wconf 85' lang='grc' dir='ltr'><strong>τδν</strong></span> <span class='ocrx_word' id='word_1_136' title='bbox 843 1877 1246 1946; x_wconf 84' lang='grc' dir='ltr'>μητροπολίτην</span> <span class='ocrx_word' id='word_1_137' title='bbox 1293 1878 1748 1947; x_wconf 85' lang='grc' dir='ltr'>Νεοκαισαρείας,</span> 
     </span>
    </p>
   </div>
   <div class='ocr_carea' id='block_1_22' title="bbox 203 1963 1748 2038">
    <p class='ocr_par' dir='ltr' id='par_1_22' title="bbox 203 1963 1748 2038">
     <span class='ocr_line' id='line_1_22' title="bbox 203 1963 1748 2038; baseline 0.006 -25"><span class='ocrx_word' id='word_1_138' title='bbox 203 1963 319 2015; x_wconf 79' lang='grc' dir='ltr'>ἀντὶ</span> <span class='ocrx_word' id='word_1_139' title='bbox 357 1963 695 2032; x_wconf 81' lang='grc' dir='ltr'>καθίσματος</span> <span class='ocrx_word' id='word_1_140' title='bbox 739 1965 932 2035; x_wconf 87' lang='grc' dir='ltr'>έχοντα</span> <span class='ocrx_word' id='word_1_141' title='bbox 977 1967 1076 2037; x_wconf 78' lang='grc' dir='ltr'>τὴν</span> <span class='ocrx_word' id='word_1_142' title='bbox 1116 1967 1324 2020; x_wconf 86' lang='grc' dir='ltr'>οίκείαν</span> <span class='ocrx_word' id='word_1_143' title='bbox 1353 1969 1660 2038; x_wconf 74' lang='grc' dir='ltr'>ἐπισκοπὴν</span> <span class='ocrx_word' id='word_1_144' title='bbox 1687 1970 1748 2023; x_wconf 74' lang='grc' dir='ltr'><strong>τὸ</strong></span> 
     </span>
    </p>
   </div>
   <div class='ocr_carea' id='block_1_23' title="bbox 205 2053 1748 2129">
    <p class='ocr_par' dir='ltr' id='par_1_23' title="bbox 205 2053 1748 2129">
     <span class='ocr_line' id='line_1_23' title="bbox 205 2053 1748 2129; baseline 0.006 -27"><span class='ocrx_word' id='word_1_145' title='bbox 205 2053 428 2106; x_wconf 76' lang='grc' dir='ltr'>οἵναιον·</span> <span class='ocrx_word' id='word_1_146' title='bbox 447 2057 526 2118; x_wconf 85' lang='grc' dir='ltr'><strong>είς</strong></span> <span class='ocrx_word' id='word_1_147' title='bbox 556 2055 649 2108; x_wconf 83' lang='grc' dir='ltr'>τὸν</span> <span class='ocrx_word' id='word_1_148' title='bbox 681 2057 1084 2126; x_wconf 86' lang='grc' dir='ltr'>μητροπολίτην</span> <span class='ocrx_word' id='word_1_149' title='bbox 1119 2059 1385 2124; x_wconf 83' lang='grc' dir='ltr'>Πισιδίας,</span> <span class='ocrx_word' id='word_1_150' title='bbox 1410 2059 1748 2129; x_wconf 78' lang='grc' dir='ltr'>Ἀντιοχείας</span> 
     </span>
    </p>
   </div>
   <div class='ocr_carea' id='block_1_24' title="bbox 204 2143 1753 2220">
    <p class='ocr_par' dir='ltr' id='par_1_24' title="bbox 204 2143 1753 2220">
     <span class='ocr_line' id='line_1_24' title="bbox 204 2143 1753 2220; baseline 0.008 -27"><span class='ocrx_word' id='word_1_151' title='bbox 204 2143 297 2211; x_wconf 81' lang='grc' dir='ltr'><strong>τὴν</strong></span> <span class='ocrx_word' id='word_1_152' title='bbox 338 2146 642 2209; x_wconf 80' lang='grc' dir='ltr'>Σωζόπολιν</span> <span class='ocrx_word' id='word_1_153' title='bbox 684 2148 921 2202; x_wconf 80' lang='grc' dir='ltr'>λασόντα</span> <span class='ocrx_word' id='word_1_154' title='bbox 961 2151 1040 2212; x_wconf 83' lang='grc' dir='ltr'><strong>είς</strong></span> <span class='ocrx_word' id='word_1_155' title='bbox 1083 2150 1365 2220; x_wconf 82' lang='grc' dir='ltr'>κάθισμα,</span> <span class='ocrx_word' id='word_1_156' title='bbox 1398 2152 1494 2204; x_wconf 77' lang='grc' dir='ltr'>καὶ</span> <span class='ocrx_word' id='word_1_157' title='bbox 1529 2152 1753 2220; x_wconf 85' lang='grc' dir='ltr'>ἐτέρους</span> 
     </span>
    </p>
   </div>
   <div class='ocr_carea' id='block_1_25' title="bbox 213 2232 1752 2313">
    <p class='ocr_par' dir='ltr' id='par_1_25' title="bbox 213 2232 1752 2313">
     <span class='ocr_line' id='line_1_25' title="bbox 213 2232 1752 2313; baseline 0.007 -29"><span class='ocrx_word' id='word_1_158' title='bbox 213 2232 443 2296; x_wconf 85' lang='grc' dir='ltr'>πολλούς.</span> <span class='ocrx_word' id='word_1_159' title='bbox 479 2234 541 2288; x_wconf 85' lang='lat' dir='ltr'><strong>El</strong></span> <span class='ocrx_word' id='word_1_160' title='bbox 568 2236 626 2289; x_wconf 79' lang='grc' dir='ltr'><strong>δέ</strong></span> <span class='ocrx_word' id='word_1_161' title='bbox 659 2239 692 2305; x_wconf 78' lang='grc' dir='ltr'><strong>ἡ</strong></span> <span class='ocrx_word' id='word_1_162' title='bbox 723 2237 988 2308; x_wconf 74' lang='grc' dir='ltr'>παροικία</span> <span class='ocrx_word' id='word_1_163' title='bbox 1028 2239 1087 2292; x_wconf 81' lang='grc' dir='ltr'>οὐ</span> <span class='ocrx_word' id='word_1_164' title='bbox 1137 2239 1422 2310; x_wconf 85' lang='grc' dir='ltr'>τετίμηται</span> <span class='ocrx_word' id='word_1_165' title='bbox 1453 2241 1540 2294; x_wconf 84' lang='grc' dir='ltr'><strong>διὰ</strong></span> <span class='ocrx_word' id='word_1_166' title='bbox 1561 2241 1752 2313; x_wconf 81' lang='grc' dir='ltr'>θρόνου</span> 
     </span>
    </p>
   </div>
   <div class='ocr_carea' id='block_1_26' title="bbox 212 2324 1755 2400">
    <p class='ocr_par' dir='ltr' id='par_1_26' title="bbox 212 2324 1755 2400">
     <span class='ocr_line' id='line_1_26' title="bbox 212 2324 1755 2400; baseline 0.008 -26"><span class='ocrx_word' id='word_1_167' title='bbox 212 2324 554 2380; x_wconf 81' lang='grc' dir='ltr'>ἐπισκοπικοῦ</span> <span class='ocrx_word' id='word_1_168' title='bbox 600 2328 690 2382; x_wconf 82' lang='grc' dir='ltr'><strong>διὰ</strong></span> <span class='ocrx_word' id='word_1_169' title='bbox 733 2329 903 2400; x_wconf 86' lang='grc' dir='ltr'>μόνης</span> <span class='ocrx_word' id='word_1_170' title='bbox 953 2330 1243 2400; x_wconf 86' lang='grc' dir='ltr'>συνοδικῆς</span> <span class='ocrx_word' id='word_1_171' title='bbox 1274 2331 1635 2399; x_wconf 84' lang='grc' dir='ltr'>διαγνώσεως,</span> <span class='ocrx_word' id='word_1_172' title='bbox 1667 2333 1755 2387; x_wconf 71' lang='lat' dir='ltr'><strong>lvd</strong></span> 
     </span>
    </p>
   </div>
   <div class='ocr_carea' id='block_1_27' title="bbox 213 2416 1752 2490">
    <p class='ocr_par' dir='ltr' id='par_1_27' title="bbox 213 2416 1752 2490">
     <span class='ocr_line' id='line_1_27' title="bbox 213 2416 1752 2490; baseline 0.007 -25"><span class='ocrx_word' id='word_1_173' title='bbox 213 2416 504 2488; x_wconf 80' lang='grc' dir='ltr'>ἐγκαταστῇ</span> <span class='ocrx_word' id='word_1_174' title='bbox 539 2422 620 2482; x_wconf 88' lang='grc' dir='ltr'><strong>είς</strong></span> <span class='ocrx_word' id='word_1_175' title='bbox 657 2421 847 2490; x_wconf 78' lang='grc' dir='ltr'>αὐτὴν,</span> <span class='ocrx_word' id='word_1_176' title='bbox 882 2423 977 2474; x_wconf 73' lang='grc' dir='ltr'>καὶ</span> <span class='ocrx_word' id='word_1_177' title='bbox 1001 2423 1102 2475; x_wconf 85' lang='grc' dir='ltr'>οὐκ</span> <span class='ocrx_word' id='word_1_178' title='bbox 1140 2421 1467 2488; x_wconf 85' lang='grc' dir='ltr'>αὖτοθελῶς,</span> <span class='ocrx_word' id='word_1_179' title='bbox 1495 2423 1570 2486; x_wconf 82' lang='grc' dir='ltr'>ὣς</span> <span class='ocrx_word' id='word_1_180' title='bbox 1604 2440 1752 2487; x_wconf 89' lang='grc' dir='ltr'>τινες</span> 
     </span>
    </p>
   </div>
   <div class='ocr_carea' id='block_1_28' title="bbox 213 2505 1752 2583">
    <p class='ocr_par' dir='ltr' id='par_1_28' title="bbox 213 2505 1752 2583">
     <span class='ocr_line' id='line_1_28' title="bbox 213 2505 1752 2583; baseline 0.008 -28"><span class='ocrx_word' id='word_1_181' title='bbox 213 2505 444 2574; x_wconf 84' lang='grc' dir='ltr'>λέγουσιν</span> <span class='ocrx_word' id='word_1_182' title='bbox 464 2526 478 2540; x_wconf 86' lang='grc'><strong>·</strong></span> <span class='ocrx_word' id='word_1_183' title='bbox 514 2510 603 2561; x_wconf 84' lang='grc' dir='ltr'><strong>ίνα</strong></span> <span class='ocrx_word' id='word_1_184' title='bbox 636 2511 712 2581; x_wconf 71' lang='grc' dir='ltr'>μὴ</span> <span class='ocrx_word' id='word_1_185' title='bbox 741 2512 1045 2582; x_wconf 75' lang='grc' dir='ltr'>ἐναντιωθῇ</span> <span class='ocrx_word' id='word_1_186' title='bbox 1074 2512 1151 2583; x_wconf 84' lang='grc' dir='ltr'><strong>τῷ</strong></span> <span class='ocrx_word' id='word_1_187' title='bbox 1179 2513 1517 2583; x_wconf 86' lang='grc' dir='ltr'>ἀποστολικῷ</span> <span class='ocrx_word' id='word_1_188' title='bbox 1545 2515 1752 2578; x_wconf 85' lang='grc' dir='ltr'>κανόνι,</span> 
     </span>
    </p>
   </div>
   <div class='ocr_carea' id='block_1_29' title="bbox 212 2600 1757 2674">
    <p class='ocr_par' dir='ltr' id='par_1_29' title="bbox 212 2600 1757 2674">
     <span class='ocr_line' id='line_1_29' title="bbox 212 2600 1757 2674; baseline 0.006 -24"><span class='ocrx_word' id='word_1_189' title='bbox 212 2600 297 2652; x_wconf 80' lang='grc' dir='ltr'><strong>καὶ</strong></span> <span class='ocrx_word' id='word_1_190' title='bbox 327 2603 434 2664; x_wconf 78' lang='grc' dir='ltr'>τοῖς</span> <span class='ocrx_word' id='word_1_191' title='bbox 459 2601 690 2666; x_wconf 76' lang='grc' dir='ltr'>λοιποῖς,</span> <span class='ocrx_word' id='word_1_192' title='bbox 720 2605 834 2666; x_wconf 81' lang='grc' dir='ltr'>τοῖς</span> <span class='ocrx_word' id='word_1_193' title='bbox 861 2603 1254 2674; x_wconf 83' lang='grc' dir='ltr'>διοριζομένοις</span> <span class='ocrx_word' id='word_1_194' title='bbox 1285 2606 1453 2674; x_wconf 87' lang='grc' dir='ltr'>μηδέν</span> <span class='ocrx_word' id='word_1_195' title='bbox 1485 2623 1536 2659; x_wconf 90' lang='grc' dir='ltr'><strong>τι</strong></span> <span class='ocrx_word' id='word_1_196' title='bbox 1567 2623 1757 2660; x_wconf 55' lang='grc' dir='ltr'>καινοδ</span> 
     </span>
    </p>
   </div>
   <div class='ocr_carea' id='block_1_30' title="bbox 212 2691 1757 2765">
    <p class='ocr_par' dir='ltr' id='par_1_30' title="bbox 212 2691 1757 2765">
     <span class='ocr_line' id='line_1_30' title="bbox 212 2691 1757 2765; baseline 0.003 -22"><span class='ocrx_word' id='word_1_197' title='bbox 212 2691 362 2756; x_wconf 78' lang='grc' dir='ltr'>φανές</span> <span class='ocrx_word' id='word_1_198' title='bbox 416 2696 592 2747; x_wconf 79' lang='grc' dir='ltr'>ποιεῖν</span> <span class='ocrx_word' id='word_1_199' title='bbox 646 2694 736 2747; x_wconf 78' lang='grc' dir='ltr'><strong>τὸν</strong></span> <span class='ocrx_word' id='word_1_200' title='bbox 782 2693 1081 2748; x_wconf 85' lang='grc' dir='ltr'>ἐπίσκοπον</span> <span class='ocrx_word' id='word_1_201' title='bbox 1149 2697 1301 2763; x_wconf 83' lang='grc' dir='ltr'>παρὰ</span> <span class='ocrx_word' id='word_1_202' title='bbox 1352 2695 1573 2765; x_wconf 83' lang='grc' dir='ltr'><strong>γνώμην</strong></span> <span class='ocrx_word' id='word_1_203' title='bbox 1631 2713 1757 2749; x_wconf 88' lang='grc' dir='ltr'>συν-</span> 
     </span>
    </p>
   </div>
   <div class='ocr_carea' id='block_1_31' title="bbox 209 2782 1756 2854">
    <p class='ocr_par' dir='ltr' id='par_1_31' title="bbox 209 2782 1756 2854">
     <span class='ocr_line' id='line_1_31' title="bbox 209 2782 1756 2854; baseline 0.004 -21"><span class='ocrx_word' id='word_1_204' title='bbox 209 2782 398 2854; x_wconf 75' lang='grc' dir='ltr'>οδικήν.</span> <span class='ocrx_word' id='word_1_205' title='bbox 437 2783 559 2837; x_wconf 75' lang='grc' dir='ltr'>Ἔτι</span> <span class='ocrx_word' id='word_1_206' title='bbox 589 2785 854 2854; x_wconf 81' lang='grc' dir='ltr'>ἐρωτήσει</span> <span class='ocrx_word' id='word_1_207' title='bbox 902 2801 1008 2847; x_wconf 87' lang='grc' dir='ltr'>τις,</span> <span class='ocrx_word' id='word_1_208' title='bbox 1050 2786 1120 2850; x_wconf 86' lang='grc' dir='ltr'><strong>εί,</strong></span> <span class='ocrx_word' id='word_1_209' title='bbox 1175 2786 1269 2840; x_wconf 86' lang='grc' dir='ltr'><strong>τοῦ</strong></span> <span class='ocrx_word' id='word_1_210' title='bbox 1312 2788 1537 2849; x_wconf 83' lang='grc' dir='ltr'>κανόνος</span> <span class='ocrx_word' id='word_1_211' title='bbox 1584 2786 1756 2840; x_wconf 88' lang='grc' dir='ltr'>ταῦτα</span> 
     </span>
    </p>
   </div>
   <div class='ocr_carea' id='block_1_32' title="bbox 210 2872 1758 2946">
    <p class='ocr_par' dir='ltr' id='par_1_32' title="bbox 210 2872 1758 2946">
     <span class='ocr_line' id='line_1_32' title="bbox 210 2872 1758 2946; baseline 0.004 -22"><span class='ocrx_word' id='word_1_212' title='bbox 210 2872 571 2944; x_wconf 88' lang='grc' dir='ltr'>διορισαμένου</span> <span class='ocrx_word' id='word_1_213' title='bbox 628 2875 850 2929; x_wconf 89' lang='grc' dir='ltr'>δύναται</span> <span class='ocrx_word' id='word_1_214' title='bbox 933 2875 1270 2939; x_wconf 76' lang='grc' dir='ltr'>ἐπίσκοπος,</span> <span class='ocrx_word' id='word_1_215' title='bbox 1327 2877 1416 2930; x_wconf 82' lang='grc' dir='ltr'><strong>διὰ</strong></span> <span class='ocrx_word' id='word_1_216' title='bbox 1475 2875 1758 2946; x_wconf 85' lang='grc' dir='ltr'>βασιλικῆς</span> 
     </span>
    </p>
   </div>
   <div class='ocr_carea' id='block_1_33' title="bbox 211 2964 1754 3036">
    <p class='ocr_par' dir='ltr' id='par_1_33' title="bbox 211 2964 1754 3036">
     <span class='ocr_line' id='line_1_33' title="bbox 211 2964 1754 3036; baseline 0.003 -22"><span class='ocrx_word' id='word_1_217' title='bbox 211 2964 538 3033; x_wconf 79' lang='grc' dir='ltr'>προστάξεως</span> <span class='ocrx_word' id='word_1_218' title='bbox 568 2965 661 3017; x_wconf 81' lang='grc' dir='ltr'><strong>καὶ</strong></span> <span class='ocrx_word' id='word_1_219' title='bbox 688 2965 970 3036; x_wconf 78' lang='grc' dir='ltr'>συνοδικῆς</span> <span class='ocrx_word' id='word_1_220' title='bbox 1001 2964 1367 3032; x_wconf 85' lang='grc' dir='ltr'>διαγνώσεως,</span> <span class='ocrx_word' id='word_1_221' title='bbox 1389 2967 1754 3035; x_wconf 78' lang='grc' dir='ltr'>μεταπίπτειν</span> 
     </span>
    </p>
   </div>
   <div class='ocr_carea' id='block_1_34' title="bbox 209 3054 1754 3127">
    <p class='ocr_par' dir='ltr' id='par_1_34' title="bbox 209 3054 1754 3127">
     <span class='ocr_line' id='line_1_34' title="bbox 209 3054 1754 3127; baseline 0.003 -21"><span class='ocrx_word' id='word_1_222' title='bbox 209 3054 308 3106; x_wconf 65' lang='grc' dir='ltr'>ἀπὸ</span> <span class='ocrx_word' id='word_1_223' title='bbox 358 3054 454 3122; x_wconf 88' lang='grc' dir='ltr'><strong>τῆς</strong></span> <span class='ocrx_word' id='word_1_224' title='bbox 509 3057 871 3124; x_wconf 85' lang='grc' dir='ltr'>πρωτοτὺπου</span> <span class='ocrx_word' id='word_1_225' title='bbox 943 3055 1214 3125; x_wconf 82' lang='grc' dir='ltr'>καθέδρας</span> <span class='ocrx_word' id='word_1_226' title='bbox 1266 3055 1474 3120; x_wconf 83' lang='grc' dir='ltr'>αὐτοῦ,</span> <span class='ocrx_word' id='word_1_227' title='bbox 1531 3060 1626 3110; x_wconf 76' lang='grc' dir='ltr'><strong>καὶ</strong></span> <span class='ocrx_word' id='word_1_228' title='bbox 1681 3058 1754 3127; x_wconf 80' lang='grc' dir='ltr'>μὴ</span> 
     </span>
    </p>
   </div>
   <div class='ocr_carea' id='block_1_35' title="bbox 1847 786 3399 862">
    <p class='ocr_par' dir='ltr' id='par_1_35' title="bbox 1847 786 3399 862">
     <span class='ocr_line' id='line_1_35' title="bbox 1847 786 3399 862; baseline -0.005 -16"><span class='ocrx_word' id='word_1_229' title='bbox 1847 803 1989 856; x_wconf 87' lang='lat' dir='ltr'><strong>runt,</strong></span> <span class='ocrx_word' id='word_1_230' title='bbox 2038 802 2098 846; x_wconf 87' lang='lat' dir='ltr'><strong>ut</strong></span> <span class='ocrx_word' id='word_1_231' title='bbox 2147 809 2265 861; x_wconf 61' lang='lat' dir='ltr'><strong>qua</strong></span> <span class='ocrx_word' id='word_1_232' title='bbox 2317 810 2345 846; x_wconf 87' lang='lat' dir='ltr'><strong>a</strong></span> <span class='ocrx_word' id='word_1_233' title='bbox 2403 793 2644 862; x_wconf 75' lang='lat' dir='ltr'><strong>gentibus</strong></span> <span class='ocrx_word' id='word_1_234' title='bbox 2683 799 2955 858; x_wconf 61' lang='lat' dir='ltr'><strong>occupata</strong></span> <span class='ocrx_word' id='word_1_235' title='bbox 2987 790 3187 844; x_wconf 79' lang='lat' dir='ltr'><strong>fuerint</strong></span> <span class='ocrx_word' id='word_1_236' title='bbox 3220 807 3234 842; x_wconf 92' lang='lat'><strong>:</strong></span> <span class='ocrx_word' id='word_1_237' title='bbox 3264 805 3329 840; x_wconf 91' lang='lat' dir='ltr'><strong>an</strong></span> <span class='ocrx_word' id='word_1_238' title='bbox 3366 786 3399 839; x_wconf 90' lang='lat' dir='ltr'><strong>ii</strong></span> 
     </span>
    </p>
   </div>
   <div class='ocr_carea' id='block_1_36' title="bbox 1848 881 3405 952">
    <p class='ocr_par' dir='ltr' id='par_1_36' title="bbox 1848 881 3405 952">
     <span class='ocr_line' id='line_1_36' title="bbox 1848 881 3405 952; baseline -0.003 -17"><span class='ocrx_word' id='word_1_239' title='bbox 1848 884 2052 950; x_wconf 88' lang='lat' dir='ltr'><strong>possint</strong></span> <span class='ocrx_word' id='word_1_240' title='bbox 2077 883 2212 936; x_wconf 88' lang='lat' dir='ltr'><strong>citra</strong></span> <span class='ocrx_word' id='word_1_241' title='bbox 2241 883 2609 952; x_wconf 62' lang='lat' dir='ltr'><strong>praeiudicium</strong></span> <span class='ocrx_word' id='word_1_242' title='bbox 2641 884 2870 950; x_wconf 67' lang='lat' dir='ltr'><strong>migrare</strong></span> <span class='ocrx_word' id='word_1_243' title='bbox 2897 882 2949 935; x_wconf 91' lang='lat' dir='ltr'><strong>in</strong></span> <span class='ocrx_word' id='word_1_244' title='bbox 2988 881 3248 934; x_wconf 80' lang='lat' dir='ltr'><strong>ecclesias</strong></span> <span class='ocrx_word' id='word_1_245' title='bbox 3278 894 3405 931; x_wconf 89' lang='lat' dir='ltr'><strong>sua-</strong></span> 
     </span>
    </p>
   </div>
   <div class='ocr_carea' id='block_1_37' title="bbox 1848 969 3407 1040">
    <p class='ocr_par' dir='ltr' id='par_1_37' title="bbox 1848 969 3407 1040">
     <span class='ocr_line' id='line_1_37' title="bbox 1848 969 3407 1040; baseline -0.003 -13"><span class='ocrx_word' id='word_1_246' title='bbox 1848 990 1964 1027; x_wconf 87' lang='lat' dir='ltr'><strong>rum</strong></span> <span class='ocrx_word' id='word_1_247' title='bbox 1990 974 2386 1040; x_wconf 78' lang='lat' dir='ltr'><strong>parceciarum?</strong></span> <span class='ocrx_word' id='word_1_248' title='bbox 2410 974 2640 1028; x_wconf 86' lang='lat' dir='ltr'><strong>Salutio.</strong></span> <span class='ocrx_word' id='word_1_249' title='bbox 2668 972 2892 1037; x_wconf 81' lang='lat' dir='ltr'><strong>Quidam</strong></span> <span class='ocrx_word' id='word_1_250' title='bbox 2921 970 3172 1024; x_wconf 85' lang='lat' dir='ltr'><strong>dixerunt</strong></span> <span class='ocrx_word' id='word_1_251' title='bbox 3197 969 3407 1038; x_wconf 81' lang='lat' dir='ltr'><strong>episco-</strong></span> 
     </span>
    </p>
   </div>
   <div class='ocr_carea' id='block_1_38' title="bbox 1845 1055 3405 1130">
    <p class='ocr_par' dir='ltr' id='par_1_38' title="bbox 1845 1055 3405 1130">
     <span class='ocr_line' id='line_1_38' title="bbox 1845 1055 3405 1130; baseline -0.002 -17"><span class='ocrx_word' id='word_1_252' title='bbox 1845 1075 1969 1129; x_wconf 89' lang='lat' dir='ltr'><strong>pum</strong></span> <span class='ocrx_word' id='word_1_253' title='bbox 2003 1077 2067 1115; x_wconf 80' lang='lat' dir='ltr'><strong>ex</strong></span> <span class='ocrx_word' id='word_1_254' title='bbox 2119 1063 2337 1130; x_wconf 81' lang='lat' dir='ltr'><strong>prapria</strong></span> <span class='ocrx_word' id='word_1_255' title='bbox 2383 1061 2654 1114; x_wconf 85' lang='lat' dir='ltr'><strong>voluntate</strong></span> <span class='ocrx_word' id='word_1_256' title='bbox 2706 1061 2809 1113; x_wconf 88' lang='lat' dir='ltr'><strong>hoc</strong></span> <span class='ocrx_word' id='word_1_257' title='bbox 2853 1058 3033 1113; x_wconf 77' lang='lat' dir='ltr'><strong>facere</strong></span> <span class='ocrx_word' id='word_1_258' title='bbox 3069 1072 3246 1126; x_wconf 84' lang='lat' dir='ltr'><strong>posse.</strong></span> <span class='ocrx_word' id='word_1_259' title='bbox 3301 1055 3405 1110; x_wconf 80' lang='lat' dir='ltr'><strong>Alii</strong></span> 
     </span>
    </p>
   </div>
   <div class='ocr_carea' id='block_1_39' title="bbox 1847 1147 3409 1220">
    <p class='ocr_par' dir='ltr' id='par_1_39' title="bbox 1847 1147 3409 1220">
     <span class='ocr_line' id='line_1_39' title="bbox 1847 1147 3409 1220; baseline -0.005 -15"><span class='ocrx_word' id='word_1_260' title='bbox 1847 1152 2094 1207; x_wconf 85' lang='lat' dir='ltr'><strong>dicebant</strong></span> <span class='ocrx_word' id='word_1_261' title='bbox 2125 1167 2245 1205; x_wconf 91' lang='lat' dir='ltr'><strong>eum</strong></span> <span class='ocrx_word' id='word_1_262' title='bbox 2293 1151 2456 1205; x_wconf 88' lang='lat' dir='ltr'><strong>etiam</strong></span> <span class='ocrx_word' id='word_1_263' title='bbox 2511 1151 2756 1220; x_wconf 82' lang='lat' dir='ltr'><strong>synodali</strong></span> <span class='ocrx_word' id='word_1_264' title='bbox 2803 1149 3107 1218; x_wconf 73' lang='lat' dir='ltr'><strong>cognitione</strong></span> <span class='ocrx_word' id='word_1_265' title='bbox 3133 1161 3269 1214; x_wconf 90' lang='lat' dir='ltr'><strong>opus</strong></span> <span class='ocrx_word' id='word_1_266' title='bbox 3309 1147 3409 1198; x_wconf 89' lang='lat' dir='ltr'><strong>ha-</strong></span> 
     </span>
    </p>
   </div>
   <div class='ocr_carea' id='block_1_40' title="bbox 1845 1239 3406 1311">
    <p class='ocr_par' dir='ltr' id='par_1_40' title="bbox 1845 1239 3406 1311">
     <span class='ocr_line' id='line_1_40' title="bbox 1845 1239 3406 1311; baseline -0.006 -10"><span class='ocrx_word' id='word_1_267' title='bbox 1845 1248 1991 1302; x_wconf 84' lang='lat' dir='ltr'><strong>bere.</strong></span> <span class='ocrx_word' id='word_1_268' title='bbox 2023 1246 2124 1300; x_wconf 93' lang='lat' dir='ltr'><strong>Alii</strong></span> <span class='ocrx_word' id='word_1_269' title='bbox 2157 1247 2318 1299; x_wconf 90' lang='lat' dir='ltr'><strong>etiam</strong></span> <span class='ocrx_word' id='word_1_270' title='bbox 2349 1260 2441 1311; x_wconf 90' lang='lat' dir='ltr'><strong>per</strong></span> <span class='ocrx_word' id='word_1_271' title='bbox 2469 1245 2776 1298; x_wconf 89' lang='lat' dir='ltr'><strong>mandatum</strong></span> <span class='ocrx_word' id='word_1_272' title='bbox 2827 1241 3105 1310; x_wconf 85' lang='lat' dir='ltr'><strong>imperiale</strong></span> <span class='ocrx_word' id='word_1_273' title='bbox 3158 1241 3258 1294; x_wconf 93' lang='lat' dir='ltr'><strong>hoc</strong></span> <span class='ocrx_word' id='word_1_274' title='bbox 3291 1239 3406 1292; x_wconf 79' lang='lat' dir='ltr'><strong>fieri</strong></span> 
     </span>
    </p>
   </div>
   <div class='ocr_carea' id='block_1_41' title="bbox 1847 1330 3400 1400">
    <p class='ocr_par' dir='ltr' id='par_1_41' title="bbox 1847 1330 3400 1400">
     <span class='ocr_line' id='line_1_41' title="bbox 1847 1330 3400 1400; baseline -0.006 -8"><span class='ocrx_word' id='word_1_275' title='bbox 1847 1337 2116 1392; x_wconf 81' lang='lat' dir='ltr'><strong>dicebant.</strong></span> <span class='ocrx_word' id='word_1_276' title='bbox 2157 1337 2283 1390; x_wconf 78' lang='lat' dir='ltr'><strong>Mihi</strong></span> <span class='ocrx_word' id='word_1_277' title='bbox 2319 1345 2499 1389; x_wconf 87' lang='lat' dir='ltr'><strong>autem</strong></span> <span class='ocrx_word' id='word_1_278' title='bbox 2552 1336 2763 1387; x_wconf 87' lang='lat' dir='ltr'><strong>videtur</strong></span> <span class='ocrx_word' id='word_1_279' title='bbox 2809 1332 2950 1400; x_wconf 87' lang='lat' dir='ltr'><strong>quod</strong></span> <span class='ocrx_word' id='word_1_280' title='bbox 3003 1333 3048 1387; x_wconf 89' lang='lat' dir='ltr'><strong>si</strong></span> <span class='ocrx_word' id='word_1_281' title='bbox 3101 1331 3145 1383; x_wconf 91' lang='lat' dir='ltr'><strong>is</strong></span> <span class='ocrx_word' id='word_1_282' title='bbox 3189 1330 3400 1397; x_wconf 87' lang='lat' dir='ltr'><strong>quidem</strong></span> 
     </span>
    </p>
   </div>
   <div class='ocr_carea' id='block_1_42' title="bbox 1848 1422 3401 1497">
    <p class='ocr_par' dir='ltr' id='par_1_42' title="bbox 1848 1422 3401 1497">
     <span class='ocr_line' id='line_1_42' title="bbox 1848 1422 3401 1497; baseline -0.006 -16"><span class='ocrx_word' id='word_1_283' title='bbox 1848 1428 2296 1497; x_wconf 85' lang='lat' dir='ltr'><strong>metropolitanus</strong></span> <span class='ocrx_word' id='word_1_284' title='bbox 2323 1426 2431 1479; x_wconf 83' lang='lat' dir='ltr'><strong>vult</strong></span> <span class='ocrx_word' id='word_1_285' title='bbox 2464 1428 2514 1478; x_wconf 91' lang='lat' dir='ltr'><strong>in</strong></span> <span class='ocrx_word' id='word_1_286' title='bbox 2546 1426 2628 1478; x_wconf 84' lang='lat' dir='ltr'><strong>sui</strong></span> <span class='ocrx_word' id='word_1_287' title='bbox 2679 1426 3022 1494; x_wconf 78' lang='lat' dir='ltr'><strong>episcOpatus</strong></span> <span class='ocrx_word' id='word_1_288' title='bbox 3076 1424 3252 1476; x_wconf 82' lang='lat' dir='ltr'><strong>sedem</strong></span> <span class='ocrx_word' id='word_1_289' title='bbox 3307 1422 3401 1472; x_wconf 89' lang='lat' dir='ltr'><strong>mi-</strong></span> 
     </span>
    </p>
   </div>
   <div class='ocr_carea' id='block_1_43' title="bbox 1849 1514 3405 1588">
    <p class='ocr_par' dir='ltr' id='par_1_43' title="bbox 1849 1514 3405 1588">
     <span class='ocr_line' id='line_1_43' title="bbox 1849 1514 3405 1588; baseline -0.004 -15"><span class='ocrx_word' id='word_1_290' title='bbox 1849 1534 2023 1588; x_wconf 66' lang='lat' dir='ltr'><strong>grare,</strong></span> <span class='ocrx_word' id='word_1_291' title='bbox 2057 1535 2121 1574; x_wconf 89' lang='lat' dir='ltr'><strong>eo</strong></span> <span class='ocrx_word' id='word_1_292' title='bbox 2153 1520 2295 1586; x_wconf 90' lang='lat' dir='ltr'><strong>quod</strong></span> <span class='ocrx_word' id='word_1_293' title='bbox 2348 1533 2375 1570; x_wconf 90' lang='lat' dir='ltr'><strong>a</strong></span> <span class='ocrx_word' id='word_1_294' title='bbox 2413 1518 2660 1584; x_wconf 74' lang='lat' dir='ltr'><strong>gentibus</strong></span> <span class='ocrx_word' id='word_1_295' title='bbox 2707 1517 2777 1570; x_wconf 89' lang='lat' dir='ltr'><strong>sit</strong></span> <span class='ocrx_word' id='word_1_296' title='bbox 2829 1523 3089 1584; x_wconf 86' lang='lat' dir='ltr'><strong>occupata</strong></span> <span class='ocrx_word' id='word_1_297' title='bbox 3135 1514 3405 1583; x_wconf 87' lang='lat' dir='ltr'><strong>primitiva</strong></span> 
     </span>
    </p>
   </div>
   <div class='ocr_carea' id='block_1_44' title="bbox 1849 1604 3409 1673">
    <p class='ocr_par' dir='ltr' id='par_1_44' title="bbox 1849 1604 3409 1673">
     <span class='ocr_line' id='line_1_44' title="bbox 1849 1604 3409 1673; baseline -0.003 -12"><span class='ocrx_word' id='word_1_298' title='bbox 1849 1622 2031 1663; x_wconf 86' lang='lat' dir='ltr'><strong>eorum</strong></span> <span class='ocrx_word' id='word_1_299' title='bbox 2069 1609 2322 1669; x_wconf 86' lang='lat' dir='ltr'><strong>ecclesia,</strong></span> <span class='ocrx_word' id='word_1_300' title='bbox 2370 1607 2525 1660; x_wconf 85' lang='lat' dir='ltr'><strong>debet</strong></span> <span class='ocrx_word' id='word_1_301' title='bbox 2575 1622 2697 1660; x_wconf 88' lang='lat' dir='ltr'><strong>cum</strong></span> <span class='ocrx_word' id='word_1_302' title='bbox 2761 1606 3012 1660; x_wconf 88' lang='lat' dir='ltr'><strong>mandato</strong></span> <span class='ocrx_word' id='word_1_303' title='bbox 3057 1604 3317 1673; x_wconf 79' lang='lat' dir='ltr'><strong>imperiali</strong></span> <span class='ocrx_word' id='word_1_304' title='bbox 3354 1616 3409 1656; x_wconf 82' lang='lat' dir='ltr'><strong>et</strong></span> 
     </span>
    </p>
   </div>
   <div class='ocr_carea' id='block_1_45' title="bbox 1848 1692 3405 1769">
    <p class='ocr_par' dir='ltr' id='par_1_45' title="bbox 1848 1692 3405 1769">
     <span class='ocr_line' id='line_1_45' title="bbox 1848 1692 3405 1769; baseline -0.005 -17"><span class='ocrx_word' id='word_1_305' title='bbox 1848 1697 2088 1769; x_wconf 80' lang='lat' dir='ltr'><strong>synodali</strong></span> <span class='ocrx_word' id='word_1_306' title='bbox 2125 1695 2429 1765; x_wconf 78' lang='lat' dir='ltr'><strong>cognitione</strong></span> <span class='ocrx_word' id='word_1_307' title='bbox 2461 1697 2511 1748; x_wconf 91' lang='lat' dir='ltr'><strong>in</strong></span> <span class='ocrx_word' id='word_1_308' title='bbox 2541 1709 2602 1747; x_wconf 87' lang='lat' dir='ltr'><strong>ea</strong></span> <span class='ocrx_word' id='word_1_309' title='bbox 2633 1695 2887 1747; x_wconf 78' lang='lat' dir='ltr'><strong>cunstitui</strong></span> <span class='ocrx_word' id='word_1_310' title='bbox 2912 1713 2926 1748; x_wconf 93' lang='lat'><strong>:</strong></span> <span class='ocrx_word' id='word_1_311' title='bbox 2952 1692 3405 1761; x_wconf 80' lang='lat' dir='ltr'><strong>quemadmodum</strong></span> 
     </span>
    </p>
   </div>
   <div class='ocr_carea' id='block_1_46' title="bbox 1850 1783 3403 1855">
    <p class='ocr_par' dir='ltr' id='par_1_46' title="bbox 1850 1783 3403 1855">
     <span class='ocr_line' id='line_1_46' title="bbox 1850 1783 3403 1855; baseline -0.006 -10"><span class='ocrx_word' id='word_1_312' title='bbox 1850 1791 1905 1845; x_wconf 86' lang='lat' dir='ltr'><strong>in</strong></span> <span class='ocrx_word' id='word_1_313' title='bbox 1933 1789 2292 1852; x_wconf 66' lang='lat' dir='ltr'><strong>Neocaesarea:</strong></span> <span class='ocrx_word' id='word_1_314' title='bbox 2343 1786 2752 1855; x_wconf 85' lang='lat' dir='ltr'><strong>metropolitano</strong></span> <span class='ocrx_word' id='word_1_315' title='bbox 2783 1785 2981 1839; x_wconf 81' lang='lat' dir='ltr'><strong>factum</strong></span> <span class='ocrx_word' id='word_1_316' title='bbox 3019 1793 3121 1847; x_wconf 90' lang='lat' dir='ltr'><strong>est,</strong></span> <span class='ocrx_word' id='word_1_317' title='bbox 3166 1783 3254 1851; x_wconf 90' lang='lat' dir='ltr'><strong>qui</strong></span> <span class='ocrx_word' id='word_1_318' title='bbox 3307 1800 3403 1851; x_wconf 90' lang='lat' dir='ltr'><strong>pro</strong></span> 
     </span>
    </p>
   </div>
   <div class='ocr_carea' id='block_1_47' title="bbox 1851 1875 3404 1950">
    <p class='ocr_par' dir='ltr' id='par_1_47' title="bbox 1851 1875 3404 1950">
     <span class='ocr_line' id='line_1_47' title="bbox 1851 1875 3404 1950; baseline -0.008 -11"><span class='ocrx_word' id='word_1_319' title='bbox 1851 1886 1977 1939; x_wconf 87' lang='lat' dir='ltr'><strong>sede</strong></span> <span class='ocrx_word' id='word_1_320' title='bbox 2016 1882 2224 1950; x_wconf 86' lang='lat' dir='ltr'><strong>accepit</strong></span> <span class='ocrx_word' id='word_1_321' title='bbox 2269 1880 2540 1948; x_wconf 79' lang='lat' dir='ltr'><strong>praprium</strong></span> <span class='ocrx_word' id='word_1_322' title='bbox 2583 1879 2948 1947; x_wconf 71' lang='lat' dir='ltr'><strong>episcopatum</strong></span> <span class='ocrx_word' id='word_1_323' title='bbox 3009 1875 3290 1939; x_wconf 77' lang='lat' dir='ltr'><strong>(Eueum;</strong></span> <span class='ocrx_word' id='word_1_324' title='bbox 3352 1875 3404 1927; x_wconf 90' lang='lat' dir='ltr'><strong>in</strong></span> 
     </span>
    </p>
   </div>
   <div class='ocr_carea' id='block_1_48' title="bbox 1852 1965 3404 2042">
    <p class='ocr_par' dir='ltr' id='par_1_48' title="bbox 1852 1965 3404 2042">
     <span class='ocr_line' id='line_1_48' title="bbox 1852 1965 3404 2042; baseline -0.009 -12"><span class='ocrx_word' id='word_1_325' title='bbox 1852 1974 2259 2042; x_wconf 84' lang='lat' dir='ltr'><strong>metropolitano</strong></span> <span class='ocrx_word' id='word_1_326' title='bbox 2288 1972 2499 2027; x_wconf 64' lang='lat' dir='ltr'><strong>Pisidia:</strong></span> <span class='ocrx_word' id='word_1_327' title='bbox 2523 1969 2844 2030; x_wconf 68' lang='lat' dir='ltr'><strong>Antiochiae,</strong></span> <span class='ocrx_word' id='word_1_328' title='bbox 2877 1967 2964 2035; x_wconf 89' lang='lat' dir='ltr'><strong>qui</strong></span> <span class='ocrx_word' id='word_1_329' title='bbox 2995 1965 3274 2032; x_wconf 85' lang='lat' dir='ltr'><strong>Snzopolin</strong></span> <span class='ocrx_word' id='word_1_330' title='bbox 3308 1980 3404 2032; x_wconf 92' lang='lat' dir='ltr'><strong>pro</strong></span> 
     </span>
    </p>
   </div>
   <div class='ocr_carea' id='block_1_49' title="bbox 1852 2054 3409 2131">
    <p class='ocr_par' dir='ltr' id='par_1_49' title="bbox 1852 2054 3409 2131">
     <span class='ocr_line' id='line_1_49' title="bbox 1852 2054 3409 2131; baseline -0.008 -12"><span class='ocrx_word' id='word_1_331' title='bbox 1852 2062 1978 2119; x_wconf 86' lang='lat' dir='ltr'><strong>sede</strong></span> <span class='ocrx_word' id='word_1_332' title='bbox 2007 2063 2249 2131; x_wconf 86' lang='lat' dir='ltr'><strong>accepit;</strong></span> <span class='ocrx_word' id='word_1_333' title='bbox 2297 2071 2350 2117; x_wconf 84' lang='lat' dir='ltr'><strong>et</strong></span> <span class='ocrx_word' id='word_1_334' title='bbox 2387 2061 2438 2114; x_wconf 94' lang='lat' dir='ltr'><strong>in</strong></span> <span class='ocrx_word' id='word_1_335' title='bbox 2491 2059 2673 2114; x_wconf 89' lang='lat' dir='ltr'><strong>multis</strong></span> <span class='ocrx_word' id='word_1_336' title='bbox 2715 2058 2858 2111; x_wconf 91' lang='lat' dir='ltr'><strong>aliis.</strong></span> <span class='ocrx_word' id='word_1_337' title='bbox 2905 2057 3001 2110; x_wconf 89' lang='lat' dir='ltr'><strong>Sin</strong></span> <span class='ocrx_word' id='word_1_338' title='bbox 3053 2063 3227 2107; x_wconf 84' lang='lat' dir='ltr'><strong>autem</strong></span> <span class='ocrx_word' id='word_1_339' title='bbox 3282 2054 3409 2108; x_wconf 83' lang='lat' dir='ltr'><strong>sede</strong></span> 
     </span>
    </p>
   </div>
   <div class='ocr_carea' id='block_1_50' title="bbox 1851 2149 3402 2228">
    <p class='ocr_par' dir='ltr' id='par_1_50' title="bbox 1851 2149 3402 2228">
     <span class='ocr_line' id='line_1_50' title="bbox 1851 2149 3402 2228; baseline -0.008 -15"><span class='ocrx_word' id='word_1_340' title='bbox 1851 2158 2137 2228; x_wconf 87' lang='lat' dir='ltr'><strong>episcopali</strong></span> <span class='ocrx_word' id='word_1_341' title='bbox 2191 2172 2297 2212; x_wconf 93' lang='lat' dir='ltr'><strong>non</strong></span> <span class='ocrx_word' id='word_1_342' title='bbox 2346 2157 2444 2210; x_wconf 79' lang='lat' dir='ltr'><strong>fuit</strong></span> <span class='ocrx_word' id='word_1_343' title='bbox 2494 2157 2755 2209; x_wconf 89' lang='lat' dir='ltr'><strong>honorata</strong></span> <span class='ocrx_word' id='word_1_344' title='bbox 2793 2152 3043 2220; x_wconf 72' lang='lat' dir='ltr'><strong>&#39;partncia</strong></span> <span class='ocrx_word' id='word_1_345' title='bbox 3093 2165 3188 2218; x_wconf 87' lang='lat' dir='ltr'><strong>per</strong></span> <span class='ocrx_word' id='word_1_346' title='bbox 3234 2149 3402 2203; x_wconf 89' lang='lat' dir='ltr'><strong>solam</strong></span> 
     </span>
    </p>
   </div>
   <div class='ocr_carea' id='block_1_51' title="bbox 1852 2243 3408 2321">
    <p class='ocr_par' dir='ltr' id='par_1_51' title="bbox 1852 2243 3408 2321">
     <span class='ocr_line' id='line_1_51' title="bbox 1852 2243 3408 2321; baseline -0.009 -17"><span class='ocrx_word' id='word_1_347' title='bbox 1852 2250 2160 2321; x_wconf 81' lang='lat' dir='ltr'><strong>synodalem</strong></span> <span class='ocrx_word' id='word_1_348' title='bbox 2188 2249 2565 2316; x_wconf 78' lang='lat' dir='ltr'><strong>cognitionem,</strong></span> <span class='ocrx_word' id='word_1_349' title='bbox 2602 2255 2658 2300; x_wconf 89' lang='lat' dir='ltr'><strong>ut</strong></span> <span class='ocrx_word' id='word_1_350' title='bbox 2689 2246 2742 2298; x_wconf 90' lang='lat' dir='ltr'><strong>in</strong></span> <span class='ocrx_word' id='word_1_351' title='bbox 2774 2259 2836 2297; x_wconf 85' lang='lat' dir='ltr'><strong>ea</strong></span> <span class='ocrx_word' id='word_1_352' title='bbox 2864 2243 3220 2297; x_wconf 85' lang='lat' dir='ltr'><strong>constituatur</strong></span> <span class='ocrx_word' id='word_1_353' title='bbox 3256 2256 3268 2290; x_wconf 94' lang='lat'><strong>:</strong></span> <span class='ocrx_word' id='word_1_354' title='bbox 3308 2253 3408 2290; x_wconf 82' lang='lat' dir='ltr'><strong>nec</strong></span> 
     </span>
    </p>
   </div>
   <div class='ocr_carea' id='block_1_52' title="bbox 1850 2324 3404 2406">
    <p class='ocr_par' dir='ltr' id='par_1_52' title="bbox 1850 2324 3404 2406">
     <span class='ocr_line' id='line_1_52' title="bbox 1850 2324 3404 2406; baseline -0.012 -14"><span class='ocrx_word' id='word_1_355' title='bbox 1850 2352 1917 2392; x_wconf 82' lang='lat' dir='ltr'><strong>ex</strong></span> <span class='ocrx_word' id='word_1_356' title='bbox 1949 2335 2161 2406; x_wconf 88' lang='lat' dir='ltr'><strong>propria</strong></span> <span class='ocrx_word' id='word_1_357' title='bbox 2183 2333 2478 2397; x_wconf 79' lang='lat' dir='ltr'><strong>voluntate,</strong></span> <span class='ocrx_word' id='word_1_358' title='bbox 2495 2329 2940 2401; x_wconf 85' lang='lat' dir='ltr'><strong>quemadmodum</strong></span> <span class='ocrx_word' id='word_1_359' title='bbox 2963 2328 3176 2396; x_wconf 90' lang='lat' dir='ltr'><strong>quidam</strong></span> <span class='ocrx_word' id='word_1_360' title='bbox 3201 2324 3404 2385; x_wconf 87' lang='lat' dir='ltr'><strong>dicunt;</strong></span> 
     </span>
    </p>
   </div>
   <div class='ocr_carea' id='block_1_53' title="bbox 1855 2414 3407 2492">
    <p class='ocr_par' dir='ltr' id='par_1_53' title="bbox 1855 2414 3407 2492">
     <span class='ocr_line' id='line_1_53' title="bbox 1855 2414 3407 2492; baseline -0.012 -9"><span class='ocrx_word' id='word_1_361' title='bbox 1855 2443 1922 2483; x_wconf 89' lang='lat' dir='ltr'><strong>ne</strong></span> <span class='ocrx_word' id='word_1_362' title='bbox 1957 2426 2151 2481; x_wconf 87' lang='lat' dir='ltr'><strong>canoni</strong></span> <span class='ocrx_word' id='word_1_363' title='bbox 2203 2424 2497 2492; x_wconf 89' lang='lat' dir='ltr'><strong>apostolico</strong></span> <span class='ocrx_word' id='word_1_364' title='bbox 2540 2423 2874 2484; x_wconf 77' lang='lat' dir='ltr'><strong>adversetur,</strong></span> <span class='ocrx_word' id='word_1_365' title='bbox 2922 2425 2975 2471; x_wconf 90' lang='lat' dir='ltr'><strong>et</strong></span> <span class='ocrx_word' id='word_1_366' title='bbox 3029 2415 3270 2482; x_wconf 83' lang='lat' dir='ltr'><strong>reliquis,</strong></span> <span class='ocrx_word' id='word_1_367' title='bbox 3316 2414 3407 2480; x_wconf 86' lang='lat' dir='ltr'><strong>qui</strong></span> 
     </span>
    </p>
   </div>
   <div class='ocr_carea' id='block_1_54' title="bbox 1853 2511 3411 2584">
    <p class='ocr_par' dir='ltr' id='par_1_54' title="bbox 1853 2511 3411 2584">
     <span class='ocr_line' id='line_1_54' title="bbox 1853 2511 3411 2584; baseline -0.012 -10"><span class='ocrx_word' id='word_1_368' title='bbox 1853 2526 2096 2574; x_wconf 80' lang='lat' dir='ltr'><strong>statuunt</strong></span> <span class='ocrx_word' id='word_1_369' title='bbox 2117 2515 2426 2584; x_wconf 87' lang='lat' dir='ltr'><strong>episcopum</strong></span> <span class='ocrx_word' id='word_1_370' title='bbox 2455 2513 2584 2566; x_wconf 88' lang='lat' dir='ltr'><strong>nihil</strong></span> <span class='ocrx_word' id='word_1_371' title='bbox 2631 2526 2786 2580; x_wconf 85' lang='lat' dir='ltr'><strong>posse</strong></span> <span class='ocrx_word' id='word_1_372' title='bbox 2817 2511 3072 2562; x_wconf 75' lang='lat' dir='ltr'><strong>innovare</strong></span> <span class='ocrx_word' id='word_1_373' title='bbox 3103 2512 3293 2572; x_wconf 61' lang='lat' dir='ltr'><strong>praeter</strong></span> <span class='ocrx_word' id='word_1_374' title='bbox 3321 2517 3411 2572; x_wconf 83' lang='lat' dir='ltr'><strong>sy-</strong></span> 
     </span>
    </p>
   </div>
   <div class='ocr_carea' id='block_1_55' title="bbox 1855 2591 3409 2664">
    <p class='ocr_par' dir='ltr' id='par_1_55' title="bbox 1855 2591 3409 2664">
     <span class='ocr_line' id='line_1_55' title="bbox 1855 2591 3409 2664; baseline -0.014 0"><span class='ocrx_word' id='word_1_375' title='bbox 1855 2609 2100 2664; x_wconf 86' lang='lat' dir='ltr'><strong>nodalem</strong></span> <span class='ocrx_word' id='word_1_376' title='bbox 2139 2606 2480 2663; x_wconf 86' lang='lat' dir='ltr'><strong>sententiam.</strong></span> <span class='ocrx_word' id='word_1_377' title='bbox 2507 2603 2771 2657; x_wconf 69' lang='lat' dir='ltr'><strong>Praeterea</strong></span> <span class='ocrx_word' id='word_1_378' title='bbox 2817 2592 3233 2664; x_wconf 78' lang='lat' dir='ltr'><strong>interrogaverit</strong></span> <span class='ocrx_word' id='word_1_379' title='bbox 3257 2591 3409 2659; x_wconf 76' lang='lat' dir='ltr'><strong>quis-</strong></span> 
     </span>
    </p>
   </div>
   <div class='ocr_carea' id='block_1_56' title="bbox 1854 2683 3410 2769">
    <p class='ocr_par' dir='ltr' id='par_1_56' title="bbox 1854 2683 3410 2769">
     <span class='ocr_line' id='line_1_56' title="bbox 1854 2683 3410 2769; baseline -0.012 -16"><span class='ocrx_word' id='word_1_380' title='bbox 1854 2701 2018 2769; x_wconf 89' lang='lat' dir='ltr'><strong>piam,</strong></span> <span class='ocrx_word' id='word_1_381' title='bbox 2046 2699 2087 2754; x_wconf 92' lang='lat' dir='ltr'><strong>si</strong></span> <span class='ocrx_word' id='word_1_382' title='bbox 2119 2714 2242 2752; x_wconf 91' lang='lat' dir='ltr'><strong>cum</strong></span> <span class='ocrx_word' id='word_1_383' title='bbox 2270 2710 2442 2750; x_wconf 88' lang='lat' dir='ltr'><strong>canon</strong></span> <span class='ocrx_word' id='word_1_384' title='bbox 2478 2695 2590 2747; x_wconf 79' lang='lat' dir='ltr'><strong>lucc</strong></span> <span class='ocrx_word' id='word_1_385' title='bbox 2622 2691 2898 2752; x_wconf 80' lang='lat' dir='ltr'><strong>decernat,</strong></span> <span class='ocrx_word' id='word_1_386' title='bbox 2925 2695 3100 2755; x_wconf 83' lang='lat' dir='ltr'><strong>potest</strong></span> <span class='ocrx_word' id='word_1_387' title='bbox 3127 2683 3410 2752; x_wconf 85' lang='lat' dir='ltr'><strong>episcopus</strong></span> 
     </span>
    </p>
   </div>
   <div class='ocr_carea' id='block_1_57' title="bbox 1852 2772 3409 2860">
    <p class='ocr_par' dir='ltr' id='par_1_57' title="bbox 1852 2772 3409 2860">
     <span class='ocr_line' id='line_1_57' title="bbox 1852 2772 3409 2860; baseline -0.013 -15"><span class='ocrx_word' id='word_1_388' title='bbox 1852 2791 2018 2860; x_wconf 75' lang='lat'><strong>608</strong></span> <span class='ocrx_word' id='word_1_389' title='bbox 2055 2801 2145 2858; x_wconf 87' lang='lat' dir='ltr'><strong>per</strong></span> <span class='ocrx_word' id='word_1_390' title='bbox 2174 2787 2477 2841; x_wconf 87' lang='lat' dir='ltr'><strong>mandatum</strong></span> <span class='ocrx_word' id='word_1_391' title='bbox 2511 2780 2788 2850; x_wconf 84' lang='lat' dir='ltr'><strong>imperiale</strong></span> <span class='ocrx_word' id='word_1_392' title='bbox 2809 2788 2862 2832; x_wconf 88' lang='lat' dir='ltr'><strong>et</strong></span> <span class='ocrx_word' id='word_1_393' title='bbox 2885 2776 3194 2848; x_wconf 87' lang='lat' dir='ltr'><strong>synodalem</strong></span> <span class='ocrx_word' id='word_1_394' title='bbox 3220 2772 3409 2841; x_wconf 76' lang='lat' dir='ltr'><strong>cogni-</strong></span> 
     </span>
    </p>
   </div>
   <div class='ocr_carea' id='block_1_58' title="bbox 1858 2866 3407 2945">
    <p class='ocr_par' dir='ltr' id='par_1_58' title="bbox 1858 2866 3407 2945">
     <span class='ocr_line' id='line_1_58' title="bbox 1858 2866 3407 2945; baseline -0.015 -9"><span class='ocrx_word' id='word_1_395' title='bbox 1858 2883 2053 2936; x_wconf 90' lang='lat' dir='ltr'><strong>tionem</strong></span> <span class='ocrx_word' id='word_1_396' title='bbox 2101 2895 2128 2932; x_wconf 92' lang='lat' dir='ltr'><strong>a</strong></span> <span class='ocrx_word' id='word_1_397' title='bbox 2160 2893 2255 2933; x_wconf 88' lang='lat' dir='ltr'><strong>sua</strong></span> <span class='ocrx_word' id='word_1_398' title='bbox 2287 2874 2553 2945; x_wconf 85' lang='lat' dir='ltr'><strong>primitiva</strong></span> <span class='ocrx_word' id='word_1_399' title='bbox 2586 2870 2710 2926; x_wconf 89' lang='lat' dir='ltr'><strong>sede</strong></span> <span class='ocrx_word' id='word_1_400' title='bbox 2743 2870 2997 2937; x_wconf 77' lang='lat' dir='ltr'><strong>migrare,</strong></span> <span class='ocrx_word' id='word_1_401' title='bbox 3044 2866 3171 2917; x_wconf 88' lang='lat' dir='ltr'><strong>licet</strong></span> <span class='ocrx_word' id='word_1_402' title='bbox 3216 2877 3322 2914; x_wconf 91' lang='lat' dir='ltr'><strong>non</strong></span> <span class='ocrx_word' id='word_1_403' title='bbox 3377 2875 3407 2912; x_wconf 85' lang='lat' dir='ltr'><strong>a</strong></span> 
     </span>
    </p>
   </div>
   <div class='ocr_carea' id='block_1_59' title="bbox 1856 2957 3408 3044">
    <p class='ocr_par' dir='ltr' id='par_1_59' title="bbox 1856 2957 3408 3044">
     <span class='ocr_line' id='line_1_59' title="bbox 1856 2957 3408 3044; baseline -0.017 -16"><span class='ocrx_word' id='word_1_404' title='bbox 1856 2972 2102 3044; x_wconf 73' lang='lat' dir='ltr'><strong>gentibus</strong></span> <span class='ocrx_word' id='word_1_405' title='bbox 2146 2974 2429 3033; x_wconf 79' lang='lat' dir='ltr'><strong>occupata,</strong></span> <span class='ocrx_word' id='word_1_406' title='bbox 2460 2964 2514 3017; x_wconf 91' lang='lat' dir='ltr'><strong>in</strong></span> <span class='ocrx_word' id='word_1_407' title='bbox 2542 2959 2850 3016; x_wconf 85' lang='lat' dir='ltr'><strong>cathedram</strong></span> <span class='ocrx_word' id='word_1_408' title='bbox 2907 2957 2986 3008; x_wconf 90' lang='lat' dir='ltr'><strong>sui</strong></span> <span class='ocrx_word' id='word_1_409' title='bbox 3043 2958 3408 3021; x_wconf 81' lang='lat' dir='ltr'><strong>episcopatus,</strong></span> 
     </span>
    </p>
   </div>
   <div class='ocr_carea' id='block_1_60' title="bbox 1857 3040 3414 3118">
    <p class='ocr_par' dir='ltr' id='par_1_60' title="bbox 1857 3040 3414 3118">
     <span class='ocr_line' id='line_1_60' title="bbox 1857 3040 3414 3118; baseline -0.015 -5"><span class='ocrx_word' id='word_1_410' title='bbox 1857 3040 1937 3116; x_wconf 69' lang='lat' dir='ltr'><strong>vel</strong></span> <span class='ocrx_word' id='word_1_411' title='bbox 1967 3062 2018 3114; x_wconf 95' lang='lat' dir='ltr'><strong>in</strong></span> <span class='ocrx_word' id='word_1_412' title='bbox 2054 3057 2333 3114; x_wconf 85' lang='lat' dir='ltr'><strong>ecclesiam</strong></span> <span class='ocrx_word' id='word_1_413' title='bbox 2358 3067 2468 3107; x_wconf 74' lang='lat' dir='ltr'><strong>suae</strong></span> <span class='ocrx_word' id='word_1_414' title='bbox 2499 3050 2743 3118; x_wconf 73' lang='lat' dir='ltr'><strong>parmcia:</strong></span> <span class='ocrx_word' id='word_1_415' title='bbox 2762 3049 2783 3099; x_wconf 85' lang='lat'><strong>?</strong></span> <span class='ocrx_word' id='word_1_416' title='bbox 2805 3046 3033 3101; x_wconf 78' lang='lat' dir='ltr'><strong>Salutio.</strong></span> <span class='ocrx_word' id='word_1_417' title='bbox 3062 3041 3194 3096; x_wconf 90' lang='lat' dir='ltr'><strong>Cum</strong></span> <span class='ocrx_word' id='word_1_418' title='bbox 3243 3040 3414 3104; x_wconf 87' lang='lat' dir='ltr'><strong>impe-</strong></span> 
     </span>
    </p>
   </div>
   <div class='ocr_carea' id='block_1_61' title="bbox 211 3138 1754 3218">
    <p class='ocr_par' dir='ltr' id='par_1_61' title="bbox 211 3139 1754 3213">
     <span class='ocr_line' id='line_1_61' title="bbox 211 3139 1754 3213; baseline 0.005 -22"><span class='ocrx_word' id='word_1_419' title='bbox 211 3139 621 3210; x_wconf 84' lang='grc' dir='ltr'>κατασχεθείσης</span> <span class='ocrx_word' id='word_1_420' title='bbox 647 3142 751 3193; x_wconf 74' lang='grc' dir='ltr'><strong>ὺπδ</strong></span> <span class='ocrx_word' id='word_1_421' title='bbox 789 3142 979 3209; x_wconf 83' lang='grc' dir='ltr'>ἐθνῶν,</span> <span class='ocrx_word' id='word_1_422' title='bbox 1005 3142 1087 3206; x_wconf 80' lang='grc' dir='ltr'><strong>είς</strong></span> <span class='ocrx_word' id='word_1_423' title='bbox 1133 3144 1402 3213; x_wconf 76' lang='grc' dir='ltr'>καθέδραν</span> <span class='ocrx_word' id='word_1_424' title='bbox 1448 3145 1754 3213; x_wconf 79' lang='grc' dir='ltr'>ἐπισκοπῆς</span> 
     </span>
    </p>
   </div>
   <div class='ocr_carea' id='block_1_62' title="bbox 1857 3138 3412 3218">
    <p class='ocr_par' dir='ltr' id='par_1_62' title="bbox 1857 3138 3412 3213">
     <span class='ocr_line' id='line_1_62' title="bbox 1857 3138 3412 3213; baseline -0.018 -6"><span class='ocrx_word' id='word_1_425' title='bbox 1857 3154 2051 3208; x_wconf 87' lang='lat' dir='ltr'><strong>ratoris</strong></span> <span class='ocrx_word' id='word_1_426' title='bbox 2098 3149 2346 3204; x_wconf 86' lang='lat' dir='ltr'><strong>mandato</strong></span> <span class='ocrx_word' id='word_1_427' title='bbox 2381 3153 2437 3199; x_wconf 89' lang='lat' dir='ltr'><strong>et</strong></span> <span class='ocrx_word' id='word_1_428' title='bbox 2484 3140 2725 3213; x_wconf 78' lang='lat' dir='ltr'><strong>synodali</strong></span> <span class='ocrx_word' id='word_1_429' title='bbox 2776 3138 3078 3204; x_wconf 76' lang='lat' dir='ltr'><strong>cognitione</strong></span> <span class='ocrx_word' id='word_1_430' title='bbox 3125 3142 3412 3197; x_wconf 89' lang='lat' dir='ltr'><strong>utrumque</strong></span> 
     </span>
    </p>
   </div>
   <div class='ocr_carea' id='block_1_63' title="bbox 210 3229 1753 3304">
    <p class='ocr_par' dir='ltr' id='par_1_63' title="bbox 210 3229 1753 3304">
     <span class='ocr_line' id='line_1_63' title="bbox 210 3229 1753 3304; baseline 0.007 -25"><span class='ocrx_word' id='word_1_431' title='bbox 210 3229 379 3296; x_wconf 76' lang='grc' dir='ltr'>αὐτοῦ,</span> <span class='ocrx_word' id='word_1_432' title='bbox 413 3231 446 3302; x_wconf 73' lang='grc' dir='ltr'>ἢ</span> <span class='ocrx_word' id='word_1_433' title='bbox 494 3233 576 3295; x_wconf 77' lang='grc' dir='ltr'>εἰς</span> <span class='ocrx_word' id='word_1_434' title='bbox 621 3231 920 3301; x_wconf 74' lang='grc' dir='ltr'>ἐκκλησίαν</span> <span class='ocrx_word' id='word_1_435' title='bbox 963 3235 1256 3304; x_wconf 81' lang='grc' dir='ltr'>παροικίας</span> <span class='ocrx_word' id='word_1_436' title='bbox 1291 3234 1503 3290; x_wconf 83' lang='grc' dir='ltr'>τούτου.</span> <span class='ocrx_word' id='word_1_437' title='bbox 1540 3238 1753 3301; x_wconf 85' lang='grc' dir='ltr'>Λύσις.</span> 
     </span>
    </p>
   </div>
   <div class='ocr_carea' id='block_1_64' title="bbox 213 3321 1757 3398">
    <p class='ocr_par' dir='ltr' id='par_1_64' title="bbox 213 3321 1757 3398">
     <span class='ocr_line' id='line_1_64' title="bbox 213 3321 1757 3398; baseline 0.005 -26"><span class='ocrx_word' id='word_1_438' title='bbox 213 3321 349 3373; x_wconf 76' lang='grc' dir='ltr'>Μετά</span> <span class='ocrx_word' id='word_1_439' title='bbox 374 3321 661 3394; x_wconf 82' lang='grc' dir='ltr'>βασιλικῆς</span> <span class='ocrx_word' id='word_1_440' title='bbox 693 3324 1043 3394; x_wconf 80' lang='grc' dir='ltr'>προστάξεως</span> <span class='ocrx_word' id='word_1_441' title='bbox 1071 3327 1168 3380; x_wconf 84' lang='grc' dir='ltr'><strong>καὶ</strong></span> <span class='ocrx_word' id='word_1_442' title='bbox 1210 3327 1492 3398; x_wconf 87' lang='grc' dir='ltr'>συνοδικῆς</span> <span class='ocrx_word' id='word_1_443' title='bbox 1520 3329 1757 3396; x_wconf 88' lang='grc' dir='ltr'>διαγνώ-</span> 
     </span>
    </p>
   </div>
   <div class='ocr_carea' id='block_1_65' title="bbox 216 3416 1751 3489">
    <p class='ocr_par' dir='ltr' id='par_1_65' title="bbox 216 3416 1751 3489">
     <span class='ocr_line' id='line_1_65' title="bbox 216 3416 1751 3489; baseline 0.005 -24"><span class='ocrx_word' id='word_1_444' title='bbox 216 3429 334 3476; x_wconf 85' lang='grc' dir='ltr'>σεως</span> <span class='ocrx_word' id='word_1_445' title='bbox 361 3416 452 3468; x_wconf 64' lang='grc' dir='ltr'><strong>καὶ</strong></span> <span class='ocrx_word' id='word_1_446' title='bbox 485 3416 776 3486; x_wconf 80' lang='grc' dir='ltr'>ἀμφότερα</span> <span class='ocrx_word' id='word_1_447' title='bbox 816 3416 897 3486; x_wconf 84' lang='grc' dir='ltr'>τῷ</span> <span class='ocrx_word' id='word_1_448' title='bbox 928 3416 1214 3488; x_wconf 84' lang='grc' dir='ltr'>ἐπισκόπῳ</span> <span class='ocrx_word' id='word_1_449' title='bbox 1264 3419 1751 3489; x_wconf 80' lang='grc' dir='ltr'>ἐγχωρηθήσεταιο</span> 
     </span>
    </p>
   </div>
   <div class='ocr_carea' id='block_1_66' title="bbox 213 3505 1756 3580">
    <p class='ocr_par' dir='ltr' id='par_1_66' title="bbox 213 3505 1756 3580">
     <span class='ocr_line' id='line_1_66' title="bbox 213 3505 1756 3580; baseline 0.004 -23"><span class='ocrx_word' id='word_1_450' title='bbox 213 3505 370 3569; x_wconf 76' lang='grc' dir='ltr'>ἄλλως</span> <span class='ocrx_word' id='word_1_451' title='bbox 400 3509 455 3562; x_wconf 84' lang='grc' dir='ltr'><strong>δέ</strong></span> <span class='ocrx_word' id='word_1_452' title='bbox 486 3527 602 3570; x_wconf 88' lang='grc' dir='ltr'><strong>πως</strong></span> <span class='ocrx_word' id='word_1_453' title='bbox 624 3508 884 3577; x_wconf 78' lang='grc' dir='ltr'>οὐδαμοῦ.</span> <span class='ocrx_word' id='word_1_454' title='bbox 915 3511 1012 3563; x_wconf 89' lang='grc' dir='ltr'>Διά</span> <span class='ocrx_word' id='word_1_455' title='bbox 1040 3510 1200 3563; x_wconf 81' lang='grc' dir='ltr'>τοῦτο</span> <span class='ocrx_word' id='word_1_456' title='bbox 1244 3510 1353 3578; x_wconf 83' lang='grc' dir='ltr'>γὰρ</span> <span class='ocrx_word' id='word_1_457' title='bbox 1387 3511 1479 3563; x_wconf 80' lang='grc' dir='ltr'><strong>καὶ</strong></span> <span class='ocrx_word' id='word_1_458' title='bbox 1510 3512 1537 3562; x_wconf 88' lang='grc' dir='ltr'><strong>ό</strong></span> <span class='ocrx_word' id='word_1_459' title='bbox 1565 3512 1756 3580; x_wconf 83' lang='grc' dir='ltr'>ἀρχιε-</span> 
     </span>
    </p>
   </div>
   <div class='ocr_carea' id='block_1_67' title="bbox 216 3597 1746 3668">
    <p class='ocr_par' dir='ltr' id='par_1_67' title="bbox 216 3597 1746 3668">
     <span class='ocr_line' id='line_1_67' title="bbox 216 3597 1746 3668; baseline 0.003 -20"><span class='ocrx_word' id='word_1_460' title='bbox 216 3599 455 3660; x_wconf 72' lang='grc' dir='ltr'>πτσκοπος</span> <span class='ocrx_word' id='word_1_461' title='bbox 492 3597 698 3663; x_wconf 81' lang='grc' dir='ltr'>Δέρκου</span> <span class='ocrx_word' id='word_1_462' title='bbox 728 3597 968 3668; x_wconf 77' lang='grc' dir='ltr'>ζητήσας</span> <span class='ocrx_word' id='word_1_463' title='bbox 1000 3599 1260 3662; x_wconf 82' lang='grc' dir='ltr'>πολλάκις</span> <span class='ocrx_word' id='word_1_464' title='bbox 1288 3602 1614 3668; x_wconf 79' lang='grc' dir='ltr'>μεταπεσεῖν</span> <span class='ocrx_word' id='word_1_465' title='bbox 1638 3601 1746 3653; x_wconf 82' lang='grc' dir='ltr'><strong>ἀπὸ</strong></span> 
     </span>
    </p>
   </div>
   <div class='ocr_carea' id='block_1_68' title="bbox 217 3689 1757 3759">
    <p class='ocr_par' dir='ltr' id='par_1_68' title="bbox 217 3689 1757 3759">
     <span class='ocr_line' id='line_1_68' title="bbox 217 3689 1757 3759; baseline 0.001 -20"><span class='ocrx_word' id='word_1_466' title='bbox 217 3690 400 3758; x_wconf 77' lang='grc' dir='ltr'>Δέρκου</span> <span class='ocrx_word' id='word_1_467' title='bbox 431 3690 509 3752; x_wconf 81' lang='grc' dir='ltr'><strong>είς</strong></span> <span class='ocrx_word' id='word_1_468' title='bbox 561 3690 624 3748; x_wconf 73' lang='grc' dir='ltr'>τὸ</span> <span class='ocrx_word' id='word_1_469' title='bbox 653 3689 925 3759; x_wconf 80' lang='grc' dir='ltr'>ἐμπόριον</span> <span class='ocrx_word' id='word_1_470' title='bbox 962 3689 1051 3742; x_wconf 83' lang='grc' dir='ltr'><strong>τδν</strong></span> <span class='ocrx_word' id='word_1_471' title='bbox 1082 3690 1262 3754; x_wconf 79' lang='grc' dir='ltr'>Φίλον,</span> <span class='ocrx_word' id='word_1_472' title='bbox 1307 3689 1396 3742; x_wconf 78' lang='grc' dir='ltr'>διὰ</span> <span class='ocrx_word' id='word_1_473' title='bbox 1436 3689 1495 3741; x_wconf 85' lang='grc' dir='ltr'><strong>τδ</strong></span> <span class='ocrx_word' id='word_1_474' title='bbox 1526 3689 1757 3742; x_wconf 71' lang='grc' dir='ltr'>πολυάν-</span> 
     </span>
    </p>
   </div>
   <div class='ocr_carea' id='block_1_69' title="bbox 218 3774 1755 3848">
    <p class='ocr_par' dir='ltr' id='par_1_69' title="bbox 218 3774 1755 3848">
     <span class='ocr_line' id='line_1_69' title="bbox 218 3774 1755 3848; baseline 0.006 -23"><span class='ocrx_word' id='word_1_475' title='bbox 218 3775 413 3844; x_wconf 84' lang='grc' dir='ltr'>θρωπον</span> <span class='ocrx_word' id='word_1_476' title='bbox 432 3774 573 3830; x_wconf 71' lang='grc' dir='ltr'>εἶναι</span> <span class='ocrx_word' id='word_1_477' title='bbox 606 3776 790 3843; x_wconf 87' lang='grc' dir='ltr'>τοῦτο,</span> <span class='ocrx_word' id='word_1_478' title='bbox 822 3777 924 3831; x_wconf 82' lang='grc' dir='ltr'><strong>οὐκ</strong></span> <span class='ocrx_word' id='word_1_479' title='bbox 973 3779 1323 3848; x_wconf 77' lang='grc' dir='ltr'>εἰσηκούσθη.</span> <span class='ocrx_word' id='word_1_480' title='bbox 1355 3781 1463 3833; x_wconf 78' lang='grc' dir='ltr'>Καὶ</span> <span class='ocrx_word' id='word_1_481' title='bbox 1515 3781 1664 3836; x_wconf 74' lang='grc' dir='ltr'>ἄλλοι</span> <span class='ocrx_word' id='word_1_482' title='bbox 1697 3782 1755 3834; x_wconf 82' lang='grc' dir='ltr'>δὲ</span> 
     </span>
    </p>
   </div>
   <div class='ocr_carea' id='block_1_70' title="bbox 218 3867 1755 3941">
    <p class='ocr_par' dir='ltr' id='par_1_70' title="bbox 218 3867 1755 3941">
     <span class='ocr_line' id='line_1_70' title="bbox 218 3867 1755 3941; baseline 0.005 -23"><span class='ocrx_word' id='word_1_483' title='bbox 218 3867 468 3936; x_wconf 74' lang='grc' dir='ltr'>ἀρχιερεῖς</span> <span class='ocrx_word' id='word_1_484' title='bbox 496 3867 750 3937; x_wconf 81' lang='grc' dir='ltr'>διάφοροι</span> <span class='ocrx_word' id='word_1_485' title='bbox 779 3869 998 3939; x_wconf 65' lang='lat' dir='ltr'><strong>muade</strong></span> <span class='ocrx_word' id='word_1_486' title='bbox 1034 3869 1135 3937; x_wconf 79' lang='grc' dir='ltr'>μὲν</span> <span class='ocrx_word' id='word_1_487' title='bbox 1179 3871 1479 3939; x_wconf 74' lang='grc' dir='ltr'>ἐκκλησίας</span> <span class='ocrx_word' id='word_1_488' title='bbox 1518 3871 1755 3941; x_wconf 73' lang='grc' dir='ltr'>ἔχοντες,</span> 
     </span>
    </p>
   </div>
   <div class='ocr_carea' id='block_1_71' title="bbox 220 3960 1758 4034">
    <p class='ocr_par' dir='ltr' id='par_1_71' title="bbox 220 3960 1758 4034">
     <span class='ocr_line' id='line_1_71' title="bbox 220 3960 1758 4034; baseline 0.004 -22"><span class='ocrx_word' id='word_1_489' title='bbox 220 3961 549 4027; x_wconf 74' lang='grc' dir='ltr'>πλουτοῦντες</span> <span class='ocrx_word' id='word_1_490' title='bbox 593 3960 888 4034; x_wconf 83' lang='grc' dir='ltr'>παροικίας</span> <span class='ocrx_word' id='word_1_491' title='bbox 932 3961 1390 4032; x_wconf 85' lang='grc' dir='ltr'>πολυανθρώπους</span> <span class='ocrx_word' id='word_1_492' title='bbox 1440 3965 1536 4018; x_wconf 76' lang='grc' dir='ltr'><strong>καὶ</strong></span> <span class='ocrx_word' id='word_1_493' title='bbox 1592 3965 1758 4018; x_wconf 85' lang='grc' dir='ltr'>πλου-</span> 
     </span>
    </p>
   </div>
   <div class='ocr_carea' id='block_1_72' title="bbox 221 4053 1758 4125">
    <p class='ocr_par' dir='ltr' id='par_1_72' title="bbox 221 4053 1758 4125">
     <span class='ocr_line' id='line_1_72' title="bbox 221 4053 1758 4125; baseline 0.001 -19"><span class='ocrx_word' id='word_1_494' title='bbox 221 4055 343 4120; x_wconf 81' lang='grc' dir='ltr'>σίας,</span> <span class='ocrx_word' id='word_1_495' title='bbox 392 4056 485 4109; x_wconf 77' lang='grc' dir='ltr'><strong>καὶ</strong></span> <span class='ocrx_word' id='word_1_496' title='bbox 535 4055 872 4125; x_wconf 79' lang='grc' dir='ltr'>ζητήσαντες</span> <span class='ocrx_word' id='word_1_497' title='bbox 924 4053 1122 4117; x_wconf 89' lang='grc' dir='ltr'>τοῦτο,</span> <span class='ocrx_word' id='word_1_498' title='bbox 1175 4054 1276 4106; x_wconf 79' lang='grc' dir='ltr'>οὐκ</span> <span class='ocrx_word' id='word_1_499' title='bbox 1325 4054 1758 4124; x_wconf 82' lang='grc' dir='ltr'>είσηκούσθησαν</span> 
     </span>
    </p>
   </div>
   <div class='ocr_carea' id='block_1_73' title="bbox 219 4144 1758 4215">
    <p class='ocr_par' dir='ltr' id='par_1_73' title="bbox 219 4144 1758 4215">
     <span class='ocr_line' id='line_1_73' title="bbox 219 4144 1758 4215; baseline 0.001 -17"><span class='ocrx_word' id='word_1_500' title='bbox 219 4147 293 4199; x_wconf 71' lang='grc' dir='ltr'>διὰ</span> <span class='ocrx_word' id='word_1_501' title='bbox 316 4147 400 4200; x_wconf 78' lang='grc' dir='ltr'><strong>τδν</strong></span> <span class='ocrx_word' id='word_1_502' title='bbox 432 4146 677 4215; x_wconf 81' lang='grc' dir='ltr'>παρόντα</span> <span class='ocrx_word' id='word_1_503' title='bbox 702 4146 925 4199; x_wconf 89' lang='grc' dir='ltr'>κανόνα.</span> <span class='ocrx_word' id='word_1_504' title='bbox 950 4144 1266 4214; x_wconf 86' lang='grc' dir='ltr'>Σημείωσαι</span> <span class='ocrx_word' id='word_1_505' title='bbox 1311 4145 1509 4210; x_wconf 87' lang='grc' dir='ltr'>ταῦτα,</span> <span class='ocrx_word' id='word_1_506' title='bbox 1538 4148 1632 4199; x_wconf 80' lang='grc' dir='ltr'><strong>καὶ</strong></span> <span class='ocrx_word' id='word_1_507' title='bbox 1665 4147 1758 4215; x_wconf 78' lang='grc' dir='ltr'><strong>ἔχε</strong></span> 
     </span>
    </p>
   </div>
   <div class='ocr_carea' id='block_1_74' title="bbox 223 4239 1761 4309">
    <p class='ocr_par' dir='ltr' id='par_1_74' title="bbox 223 4239 1761 4309">
     <span class='ocr_line' id='line_1_74' title="bbox 223 4239 1761 4309; baseline 0.002 -21"><span class='ocrx_word' id='word_1_508' title='bbox 223 4240 299 4290; x_wconf 76' lang='grc' dir='ltr'>ἐπὶ</span> <span class='ocrx_word' id='word_1_509' title='bbox 343 4241 562 4309; x_wconf 76' lang='grc' dir='ltr'>μνήμης</span> <span class='ocrx_word' id='word_1_510' title='bbox 591 4239 679 4290; x_wconf 82' lang='grc' dir='ltr'>διὰ</span> <span class='ocrx_word' id='word_1_511' title='bbox 726 4239 825 4300; x_wconf 79' lang='grc' dir='ltr'><strong>τάς</strong></span> <span class='ocrx_word' id='word_1_512' title='bbox 876 4239 1212 4307; x_wconf 75' lang='grc' dir='ltr'>ζητουμένοις</span> <span class='ocrx_word' id='word_1_513' title='bbox 1287 4239 1604 4307; x_wconf 81' lang='grc' dir='ltr'>μεταθέσεις</span> <span class='ocrx_word' id='word_1_514' title='bbox 1663 4240 1761 4292; x_wconf 79' lang='grc' dir='ltr'>καὶ</span> 
     </span>
    </p>
   </div>
   <div class='ocr_carea' id='block_1_75' title="bbox 223 4311 1763 4398">
    <p class='ocr_par' dir='ltr' id='par_1_75' title="bbox 223 4311 1763 4398">
     <span class='ocr_line' id='line_1_75' title="bbox 223 4311 1763 4398; baseline -0.001 -17"><span class='ocrx_word' id='word_1_515' title='bbox 223 4330 492 4396; x_wconf 81' lang='grc' dir='ltr'>γενομένας</span> <span class='ocrx_word' id='word_1_516' title='bbox 514 4331 608 4381; x_wconf 73' lang='grc' dir='ltr'><strong>ἐπὶ</strong></span> <span class='ocrx_word' id='word_1_517' title='bbox 636 4311 1119 4398; x_wconf 75' lang='grc' dir='ltr'>ἅρχιερεῦαίτισι.</span> <span class='ocrx_word' id='word_1_518' title='bbox 1166 4330 1326 4397; x_wconf 84' lang='grc' dir='ltr'>Ζήτει</span> <span class='ocrx_word' id='word_1_519' title='bbox 1369 4329 1464 4398; x_wconf 90' lang='grc' dir='ltr'><strong>τῆς</strong></span> <span class='ocrx_word' id='word_1_520' title='bbox 1508 4331 1566 4382; x_wconf 81' lang='grc' dir='ltr'>ὲν</span> <span class='ocrx_word' id='word_1_521' title='bbox 1614 4329 1763 4382; x_wconf 81' lang='grc' dir='ltr'>Χαλ-</span> 
     </span>
    </p>
   </div>
   <div class='ocr_carea' id='block_1_76' title="bbox 225 4416 1760 4488">
    <p class='ocr_par' dir='ltr' id='par_1_76' title="bbox 225 4416 1760 4488">
     <span class='ocr_line' id='line_1_76' title="bbox 225 4416 1760 4488; baseline 0.001 -18"><span class='ocrx_word' id='word_1_522' title='bbox 225 4419 384 4488; x_wconf 82' lang='grc' dir='ltr'>κηδόνι</span> <span class='ocrx_word' id='word_1_523' title='bbox 418 4419 642 4474; x_wconf 84' lang='grc' dir='ltr'>συνόδου</span> <span class='ocrx_word' id='word_1_524' title='bbox 668 4419 895 4480; x_wconf 86' lang='grc' dir='ltr'>κανόνας</span> <span class='ocrx_word' id='word_1_525' title='bbox 925 4417 989 4488; x_wconf 77' lang='grc' dir='ltr'><strong>ιβ’</strong></span> <span class='ocrx_word' id='word_1_526' title='bbox 1011 4420 1108 4471; x_wconf 75' lang='grc' dir='ltr'>καὶ</span> <span class='ocrx_word' id='word_1_527' title='bbox 1136 4416 1224 4483; x_wconf 82' lang='grc' dir='ltr'>ιζ’,</span> <span class='ocrx_word' id='word_1_528' title='bbox 1243 4419 1502 4486; x_wconf 88' lang='grc' dir='ltr'>λέγοντας</span> <span class='ocrx_word' id='word_1_529' title='bbox 1523 4419 1760 4488; x_wconf 83' lang='grc' dir='ltr'>ὀφείλειν</span> 
     </span>
    </p>
   </div>
   <div class='ocr_carea' id='block_1_77' title="bbox 225 4511 1760 4582">
    <p class='ocr_par' dir='ltr' id='par_1_77' title="bbox 225 4511 1760 4582">
     <span class='ocr_line' id='line_1_77' title="bbox 225 4511 1760 4582; baseline 0.002 -19"><span class='ocrx_word' id='word_1_530' title='bbox 225 4514 326 4577; x_wconf 76' lang='grc' dir='ltr'>τοὺς</span> <span class='ocrx_word' id='word_1_531' title='bbox 345 4512 782 4582; x_wconf 80' lang='grc' dir='ltr'>τῆςῈκκλησίας</span> <span class='ocrx_word' id='word_1_532' title='bbox 810 4511 1037 4564; x_wconf 66' lang='grc' dir='ltr'>ἔπεσθαι</span> <span class='ocrx_word' id='word_1_533' title='bbox 1054 4514 1169 4574; x_wconf 82' lang='grc' dir='ltr'>τοῖς</span> <span class='ocrx_word' id='word_1_534' title='bbox 1190 4511 1586 4581; x_wconf 82' lang='grc' dir='ltr'>διοριζομένοις</span> <span class='ocrx_word' id='word_1_535' title='bbox 1609 4514 1760 4581; x_wconf 88' lang='grc' dir='ltr'><strong>παρά</strong></span> 
     </span>
    </p>
   </div>
   <div class='ocr_carea' id='block_1_78' title="bbox 224 4602 1761 4673">
    <p class='ocr_par' dir='ltr' id='par_1_78' title="bbox 224 4602 1761 4673">
     <span class='ocr_line' id='line_1_78' title="bbox 224 4602 1761 4673; baseline 0.001 -19"><span class='ocrx_word' id='word_1_536' title='bbox 224 4607 303 4673; x_wconf 71' lang='grc' dir='ltr'><strong>τῆς</strong></span> <span class='ocrx_word' id='word_1_537' title='bbox 354 4603 639 4673; x_wconf 79' lang='grc' dir='ltr'>βασιλικῆς</span> <span class='ocrx_word' id='word_1_538' title='bbox 689 4603 952 4665; x_wconf 79' lang='grc' dir='ltr'>ἐξουσίας.</span> <span class='ocrx_word' id='word_1_539' title='bbox 991 4602 1144 4655; x_wconf 80' lang='grc' dir='ltr'><strong>Ἐπεὶ</strong></span> <span class='ocrx_word' id='word_1_540' title='bbox 1174 4603 1232 4656; x_wconf 86' lang='grc' dir='ltr'><strong>δέ</strong></span> <span class='ocrx_word' id='word_1_541' title='bbox 1275 4605 1303 4656; x_wconf 80' lang='grc' dir='ltr'>ὁ</span> <span class='ocrx_word' id='word_1_542' title='bbox 1345 4603 1535 4673; x_wconf 85' lang='grc' dir='ltr'>παρὼν</span> <span class='ocrx_word' id='word_1_543' title='bbox 1582 4603 1761 4657; x_wconf 87' lang='grc' dir='ltr'>κανὼν</span> 
     </span>
    </p>
   </div>
   <div class='ocr_carea' id='block_1_79' title="bbox 222 4691 1759 4764">
    <p class='ocr_par' dir='ltr' id='par_1_79' title="bbox 222 4691 1759 4764">
     <span class='ocr_line' id='line_1_79' title="bbox 222 4691 1759 4764; baseline 0 -17"><span class='ocrx_word' id='word_1_544' title='bbox 222 4695 485 4764; x_wconf 76' lang='grc' dir='ltr'>διορίζεται</span> <span class='ocrx_word' id='word_1_545' title='bbox 514 4693 590 4763; x_wconf 78' lang='grc' dir='ltr'><strong>μὴ</strong></span> <span class='ocrx_word' id='word_1_546' title='bbox 617 4691 918 4763; x_wconf 79' lang='grc' dir='ltr'>ἀποδημεῖν</span> <span class='ocrx_word' id='word_1_547' title='bbox 947 4692 1038 4745; x_wconf 79' lang='grc' dir='ltr'><strong>τὸν</strong></span> <span class='ocrx_word' id='word_1_548' title='bbox 1061 4693 1382 4757; x_wconf 84' lang='grc' dir='ltr'>ἐπίσκοπον,</span> <span class='ocrx_word' id='word_1_549' title='bbox 1415 4697 1545 4761; x_wconf 80' lang='grc' dir='ltr'>παρ’</span> <span class='ocrx_word' id='word_1_550' title='bbox 1569 4695 1596 4747; x_wconf 85' lang='grc' dir='ltr'><strong>ὃ</strong></span> <span class='ocrx_word' id='word_1_551' title='bbox 1630 4693 1759 4764; x_wconf 80' lang='grc' dir='ltr'>χρὴ,</span> 
     </span>
    </p>
   </div>
   <div class='ocr_carea' id='block_1_80' title="bbox 221 4780 1758 4854">
    <p class='ocr_par' dir='ltr' id='par_1_80' title="bbox 221 4780 1758 4854">
     <span class='ocr_line' id='line_1_80' title="bbox 221 4780 1758 4854; baseline 0.001 -20"><span class='ocrx_word' id='word_1_552' title='bbox 221 4783 311 4835; x_wconf 75' lang='grc' dir='ltr'>ἀπὸ</span> <span class='ocrx_word' id='word_1_553' title='bbox 354 4784 450 4853; x_wconf 81' lang='grc' dir='ltr'><strong>τῆς</strong></span> <span class='ocrx_word' id='word_1_554' title='bbox 505 4782 780 4853; x_wconf 77' lang='grc' dir='ltr'>λαχούσης</span> <span class='ocrx_word' id='word_1_555' title='bbox 811 4783 974 4835; x_wconf 84' lang='grc' dir='ltr'>αὐτὸν</span> <span class='ocrx_word' id='word_1_556' title='bbox 1003 4780 1152 4849; x_wconf 71' lang='grc' dir='ltr'>(ἔστι</span> <span class='ocrx_word' id='word_1_557' title='bbox 1210 4783 1267 4835; x_wconf 85' lang='grc' dir='ltr'>δὲ</span> <span class='ocrx_word' id='word_1_558' title='bbox 1317 4783 1475 4836; x_wconf 87' lang='grc' dir='ltr'>τοῦτο</span> <span class='ocrx_word' id='word_1_559' title='bbox 1517 4785 1758 4854; x_wconf 74' lang='grc' dir='ltr'>ἄδηλον),</span> 
     </span>
    </p>
   </div>
   <div class='ocr_carea' id='block_1_81' title="bbox 221 4873 1755 4944">
    <p class='ocr_par' dir='ltr' id='par_1_81' title="bbox 221 4873 1755 4944">
     <span class='ocr_line' id='line_1_81' title="bbox 221 4873 1755 4944; baseline 0.002 -19"><span class='ocrx_word' id='word_1_560' title='bbox 221 4875 466 4943; x_wconf 80' lang='grc' dir='ltr'>ἀνάγνωθι</span> <span class='ocrx_word' id='word_1_561' title='bbox 497 4876 590 4928; x_wconf 69' lang='grc' dir='ltr'>τὸν</span> <span class='ocrx_word' id='word_1_562' title='bbox 616 4880 693 4937; x_wconf 81' lang='grc' dir='ltr'>ις’</span> <span class='ocrx_word' id='word_1_563' title='bbox 723 4875 922 4928; x_wconf 83' lang='grc' dir='ltr'>κανόνα</span> <span class='ocrx_word' id='word_1_564' title='bbox 949 4873 1048 4943; x_wconf 86' lang='grc' dir='ltr'><strong>τῆς</strong></span> <span class='ocrx_word' id='word_1_565' title='bbox 1083 4877 1140 4927; x_wconf 85' lang='grc' dir='ltr'><strong>ἐν</strong></span> <span class='ocrx_word' id='word_1_566' title='bbox 1173 4875 1250 4944; x_wconf 83' lang='grc' dir='ltr'><strong>τῷ</strong></span> <span class='ocrx_word' id='word_1_567' title='bbox 1280 4874 1394 4944; x_wconf 87' lang='grc' dir='ltr'><strong>ναῷ</strong></span> <span class='ocrx_word' id='word_1_568' title='bbox 1421 4874 1528 4927; x_wconf 84' lang='grc' dir='ltr'>τῶν</span> <span class='ocrx_word' id='word_1_569' title='bbox 1557 4875 1755 4943; x_wconf 80' lang='grc' dir='ltr'>’Λγίων</span> 
     </span>
    </p>
   </div>
   <div class='ocr_carea' id='block_1_82' title="bbox 1857 3218 3410 3313">
    <p class='ocr_par' dir='ltr' id='par_1_82' title="bbox 1857 3218 3410 3313">
     <span class='ocr_line' id='line_1_82' title="bbox 1857 3218 3410 3313; baseline -0.021 -14"><span class='ocrx_word' id='word_1_570' title='bbox 1857 3245 2109 3313; x_wconf 85' lang='lat' dir='ltr'><strong>episcopo</strong></span> <span class='ocrx_word' id='word_1_571' title='bbox 2140 3239 2462 3294; x_wconf 86' lang='lat' dir='ltr'><strong>concedetur</strong></span> <span class='ocrx_word' id='word_1_572' title='bbox 2525 3249 2538 3285; x_wconf 91' lang='lat'><strong>:</strong></span> <span class='ocrx_word' id='word_1_573' title='bbox 2595 3230 2727 3285; x_wconf 85' lang='lat' dir='ltr'><strong>alias</strong></span> <span class='ocrx_word' id='word_1_574' title='bbox 2783 3236 2980 3289; x_wconf 88' lang='lat' dir='ltr'><strong>autem,</strong></span> <span class='ocrx_word' id='word_1_575' title='bbox 3034 3220 3176 3275; x_wconf 90' lang='lat' dir='ltr'><strong>nullo</strong></span> <span class='ocrx_word' id='word_1_576' title='bbox 3231 3218 3410 3270; x_wconf 85' lang='lat' dir='ltr'><strong>modo.</strong></span> 
     </span>
    </p>
   </div>
   <div class='ocr_carea' id='block_1_83' title="bbox 1859 3314 3412 3402">
    <p class='ocr_par' dir='ltr' id='par_1_83' title="bbox 1859 3314 3412 3402">
     <span class='ocr_line' id='line_1_83' title="bbox 1859 3314 3412 3402; baseline -0.021 -12"><span class='ocrx_word' id='word_1_577' title='bbox 1859 3336 2144 3402; x_wconf 84' lang='lat' dir='ltr'><strong>Propterea</strong></span> <span class='ocrx_word' id='word_1_578' title='bbox 2178 3329 2320 3385; x_wconf 74' lang='lat' dir='ltr'><strong>enim</strong></span> <span class='ocrx_word' id='word_1_579' title='bbox 2353 3336 2406 3379; x_wconf 91' lang='lat' dir='ltr'><strong>et</strong></span> <span class='ocrx_word' id='word_1_580' title='bbox 2439 3320 2872 3388; x_wconf 81' lang='lat' dir='ltr'><strong>archiepiscopus</strong></span> <span class='ocrx_word' id='word_1_581' title='bbox 2907 3314 3078 3378; x_wconf 88' lang='lat' dir='ltr'><strong>Derci,</strong></span> <span class='ocrx_word' id='word_1_582' title='bbox 3115 3325 3236 3362; x_wconf 88' lang='lat' dir='ltr'><strong>cum</strong></span> <span class='ocrx_word' id='word_1_583' title='bbox 3273 3320 3412 3374; x_wconf 65' lang='lat' dir='ltr'><strong>saepe</strong></span> 
     </span>
    </p>
   </div>
   <div class='ocr_carea' id='block_1_84' title="bbox 1858 3400 3410 3497">
    <p class='ocr_par' dir='ltr' id='par_1_84' title="bbox 1858 3400 3410 3497">
     <span class='ocr_line' id='line_1_84' title="bbox 1858 3400 3410 3497; baseline -0.019 -20"><span class='ocrx_word' id='word_1_584' title='bbox 1858 3400 2130 3497; x_wconf 80' lang='lat' dir='ltr'><strong>petivisset</strong></span> <span class='ocrx_word' id='word_1_585' title='bbox 2164 3430 2220 3474; x_wconf 89' lang='lat' dir='ltr'><strong>ut</strong></span> <span class='ocrx_word' id='word_1_586' title='bbox 2256 3437 2282 3472; x_wconf 89' lang='lat' dir='ltr'><strong>a</strong></span> <span class='ocrx_word' id='word_1_587' title='bbox 2309 3419 2477 3471; x_wconf 89' lang='lat' dir='ltr'><strong>Derco</strong></span> <span class='ocrx_word' id='word_1_588' title='bbox 2505 3414 2733 3482; x_wconf 74' lang='lat' dir='ltr'><strong>migrare</strong></span> <span class='ocrx_word' id='word_1_589' title='bbox 2779 3411 2984 3471; x_wconf 81' lang='lat' dir='ltr'><strong>liceret,</strong></span> <span class='ocrx_word' id='word_1_590' title='bbox 3018 3409 3071 3457; x_wconf 90' lang='lat' dir='ltr'><strong>in</strong></span> <span class='ocrx_word' id='word_1_591' title='bbox 3109 3400 3410 3468; x_wconf 87' lang='lat' dir='ltr'><strong>emporium</strong></span> 
     </span>
    </p>
   </div>
   <div class='ocr_carea' id='block_1_85' title="bbox 1858 3492 3410 3588">
    <p class='ocr_par' dir='ltr' id='par_1_85' title="bbox 1858 3492 3410 3588">
     <span class='ocr_line' id='line_1_85' title="bbox 1858 3492 3410 3588; baseline -0.021 -14"><span class='ocrx_word' id='word_1_592' title='bbox 1858 3492 1999 3588; x_wconf 75' lang='lat' dir='ltr'><strong>quod</strong></span> <span class='ocrx_word' id='word_1_593' title='bbox 2035 3515 2231 3569; x_wconf 89' lang='lat' dir='ltr'><strong>dicitur</strong></span> <span class='ocrx_word' id='word_1_594' title='bbox 2263 3509 2498 3571; x_wconf 81' lang='lat' dir='ltr'><strong>Phileas,</strong></span> <span class='ocrx_word' id='word_1_595' title='bbox 2529 3521 2594 3558; x_wconf 91' lang='lat' dir='ltr'><strong>eo</strong></span> <span class='ocrx_word' id='word_1_596' title='bbox 2624 3503 2765 3571; x_wconf 90' lang='lat' dir='ltr'><strong>quod</strong></span> <span class='ocrx_word' id='word_1_597' title='bbox 2801 3501 2850 3553; x_wconf 82' lang='lat' dir='ltr'><strong>id</strong></span> <span class='ocrx_word' id='word_1_598' title='bbox 2894 3507 3038 3553; x_wconf 89' lang='lat' dir='ltr'><strong>esset</strong></span> <span class='ocrx_word' id='word_1_599' title='bbox 3078 3492 3410 3588; x_wconf 44' lang='lat' dir='ltr'><strong>poptt_losius,</strong></span> 
     </span>
    </p>
   </div>
   <div class='ocr_carea' id='block_1_86' title="bbox 1857 3582 3410 3664">
    <p class='ocr_par' dir='ltr' id='par_1_86' title="bbox 1857 3582 3410 3664">
     <span class='ocr_line' id='line_1_86' title="bbox 1857 3582 3410 3664; baseline -0.021 0"><span class='ocrx_word' id='word_1_600' title='bbox 1857 3582 1961 3664; x_wconf 75' lang='lat' dir='ltr'><strong>non</strong></span> <span class='ocrx_word' id='word_1_601' title='bbox 1992 3617 2075 3662; x_wconf 91' lang='lat' dir='ltr'><strong>est</strong></span> <span class='ocrx_word' id='word_1_602' title='bbox 2105 3601 2406 3658; x_wconf 82' lang='lat' dir='ltr'><strong>exauditus.</strong></span> <span class='ocrx_word' id='word_1_603' title='bbox 2434 3596 2599 3648; x_wconf 76' lang='lat' dir='ltr'><strong>Porro</strong></span> <span class='ocrx_word' id='word_1_604' title='bbox 2635 3604 2688 3647; x_wconf 87' lang='lat' dir='ltr'><strong>et</strong></span> <span class='ocrx_word' id='word_1_605' title='bbox 2731 3591 2817 3644; x_wconf 88' lang='lat' dir='ltr'><strong>alii</strong></span> <span class='ocrx_word' id='word_1_606' title='bbox 2873 3587 3068 3642; x_wconf 78' lang='lat' dir='ltr'><strong>diversi</strong></span> <span class='ocrx_word' id='word_1_607' title='bbox 3120 3582 3410 3639; x_wconf 85' lang='lat' dir='ltr'><strong>antistites.</strong></span> 
     </span>
    </p>
   </div>
   <div class='ocr_carea' id='block_1_87' title="bbox 1859 3675 3412 3770">
    <p class='ocr_par' dir='ltr' id='par_1_87' title="bbox 1859 3675 3412 3770">
     <span class='ocr_line' id='line_1_87' title="bbox 1859 3675 3412 3770; baseline -0.023 -15"><span class='ocrx_word' id='word_1_608' title='bbox 1859 3703 2046 3770; x_wconf 88' lang='lat' dir='ltr'><strong>inopes</strong></span> <span class='ocrx_word' id='word_1_609' title='bbox 2087 3694 2301 3764; x_wconf 89' lang='lat' dir='ltr'><strong>quidem</strong></span> <span class='ocrx_word' id='word_1_610' title='bbox 2350 3687 2609 3743; x_wconf 85' lang='lat' dir='ltr'><strong>ecclesias</strong></span> <span class='ocrx_word' id='word_1_611' title='bbox 2655 3683 2932 3743; x_wconf 82' lang='lat' dir='ltr'><strong>habentes,</strong></span> <span class='ocrx_word' id='word_1_612' title='bbox 2983 3675 3178 3731; x_wconf 89' lang='lat' dir='ltr'><strong>divites</strong></span> <span class='ocrx_word' id='word_1_613' title='bbox 3232 3681 3412 3724; x_wconf 84' lang='lat' dir='ltr'><strong>autem</strong></span> 
     </span>
    </p>
   </div>
   <div class='ocr_carea' id='block_1_88' title="bbox 1859 3767 3412 3861">
    <p class='ocr_par' dir='ltr' id='par_1_88' title="bbox 1859 3767 3412 3861">
     <span class='ocr_line' id='line_1_88' title="bbox 1859 3767 3412 3861; baseline -0.023 -16"><span class='ocrx_word' id='word_1_614' title='bbox 1859 3767 2121 3861; x_wconf 55' lang='lat' dir='ltr'><strong>parincias</strong></span> <span class='ocrx_word' id='word_1_615' title='bbox 2149 3794 2201 3838; x_wconf 92' lang='lat' dir='ltr'><strong>et</strong></span> <span class='ocrx_word' id='word_1_616' title='bbox 2225 3780 2532 3851; x_wconf 87' lang='lat' dir='ltr'><strong>p0pulosas,</strong></span> <span class='ocrx_word' id='word_1_617' title='bbox 2583 3789 2703 3829; x_wconf 91' lang='lat' dir='ltr'><strong>cum</strong></span> <span class='ocrx_word' id='word_1_618' title='bbox 2757 3772 2855 3825; x_wconf 87' lang='lat' dir='ltr'><strong>hoc</strong></span> <span class='ocrx_word' id='word_1_619' title='bbox 2907 3767 3412 3861; x_wconf 47' lang='lat' dir='ltr'><strong>petivissent,‘u0tt</strong></span> 
     </span>
    </p>
   </div>
   <div class='ocr_carea' id='block_1_89' title="bbox 1859 3848 3414 3937">
    <p class='ocr_par' dir='ltr' id='par_1_89' title="bbox 1859 3848 3414 3937">
     <span class='ocr_line' id='line_1_89' title="bbox 1859 3848 3414 3937; baseline -0.023 -2"><span class='ocrx_word' id='word_1_620' title='bbox 1859 3848 2074 3936; x_wconf 68' lang='lat' dir='ltr'><strong>luerunt</strong></span> <span class='ocrx_word' id='word_1_621' title='bbox 2103 3848 2336 3931; x_wconf 80' lang='lat' dir='ltr'><strong>exauditi</strong></span> <span class='ocrx_word' id='word_1_622' title='bbox 2371 3879 2586 3937; x_wconf 87' lang='lat' dir='ltr'><strong>propter</strong></span> <span class='ocrx_word' id='word_1_623' title='bbox 2619 3868 2936 3930; x_wconf 68' lang='lat' dir='ltr'><strong>praesentem</strong></span> <span class='ocrx_word' id='word_1_624' title='bbox 2970 3867 3255 3909; x_wconf 87' lang='lat' dir='ltr'><strong>canonem.</strong></span> <span class='ocrx_word' id='word_1_625' title='bbox 3280 3848 3414 3902; x_wconf 80' lang='lat' dir='ltr'><strong>Nota</strong></span> 
     </span>
    </p>
   </div>
   <div class='ocr_carea' id='block_1_90' title="bbox 1861 3944 3413 4021">
    <p class='ocr_par' dir='ltr' id='par_1_90' title="bbox 1861 3944 3413 4021">
     <span class='ocr_line' id='line_1_90' title="bbox 1861 3944 3413 4021; baseline -0.021 -1"><span class='ocrx_word' id='word_1_626' title='bbox 1861 3968 1973 4020; x_wconf 61' lang='lat' dir='ltr'><strong>hac</strong></span> <span class='ocrx_word' id='word_1_627' title='bbox 1999 3972 2054 4017; x_wconf 88' lang='lat' dir='ltr'><strong>et</strong></span> <span class='ocrx_word' id='word_1_628' title='bbox 2082 3959 2338 4014; x_wconf 84' lang='lat' dir='ltr'><strong>memoria</strong></span> <span class='ocrx_word' id='word_1_629' title='bbox 2368 3964 2489 4008; x_wconf 82' lang='lat' dir='ltr'><strong>tene</strong></span> <span class='ocrx_word' id='word_1_630' title='bbox 2516 3959 2733 4021; x_wconf 90' lang='lat' dir='ltr'><strong>propter</strong></span> <span class='ocrx_word' id='word_1_631' title='bbox 2769 3944 3143 3998; x_wconf 85' lang='lat' dir='ltr'><strong>translationes</strong></span> <span class='ocrx_word' id='word_1_632' title='bbox 3171 3954 3288 4006; x_wconf 78' lang='lat' dir='ltr'><strong>qua:</strong></span> <span class='ocrx_word' id='word_1_633' title='bbox 3319 3952 3413 4004; x_wconf 88' lang='lat' dir='ltr'><strong>pe-</strong></span> 
     </span>
    </p>
   </div>
   <div class='ocr_carea' id='block_1_91' title="bbox 1862 4029 3419 4110">
    <p class='ocr_par' dir='ltr' id='par_1_91' title="bbox 1862 4029 3419 4110">
     <span class='ocr_line' id='line_1_91' title="bbox 1862 4029 3419 4110; baseline -0.019 0"><span class='ocrx_word' id='word_1_634' title='bbox 1862 4065 2047 4110; x_wconf 89' lang='lat' dir='ltr'><strong>tuntur</strong></span> <span class='ocrx_word' id='word_1_635' title='bbox 2079 4053 2144 4107; x_wconf 86' lang='lat' dir='ltr'><strong>ab</strong></span> <span class='ocrx_word' id='word_1_636' title='bbox 2175 4046 2528 4108; x_wconf 86' lang='lat' dir='ltr'><strong>antistitibus,</strong></span> <span class='ocrx_word' id='word_1_637' title='bbox 2556 4051 2610 4095; x_wconf 87' lang='lat' dir='ltr'><strong>et</strong></span> <span class='ocrx_word' id='word_1_638' title='bbox 2647 4040 2778 4093; x_wconf 71' lang='lat' dir='ltr'><strong>(lunt</strong></span> <span class='ocrx_word' id='word_1_639' title='bbox 2822 4037 2874 4090; x_wconf 89' lang='lat' dir='ltr'><strong>in</strong></span> <span class='ocrx_word' id='word_1_640' title='bbox 2904 4032 3188 4102; x_wconf 82' lang='lat' dir='ltr'><strong>aliquibus.</strong></span> <span class='ocrx_word' id='word_1_641' title='bbox 3225 4029 3419 4093; x_wconf 52' lang='lat' dir='ltr'><strong>Qua‘re</strong></span> 
     </span>
    </p>
   </div>
   <div class='ocr_carea' id='block_1_92' title="bbox 1859 4119 3414 4212">
    <p class='ocr_par' dir='ltr' id='par_1_92' title="bbox 1859 4119 3414 4212">
     <span class='ocr_line' id='line_1_92' title="bbox 1859 4119 3414 4212; baseline -0.021 -8"><span class='ocrx_word' id='word_1_642' title='bbox 1859 4145 2113 4204; x_wconf 86' lang='lat' dir='ltr'><strong>Chalced.</strong></span> <span class='ocrx_word' id='word_1_643' title='bbox 2152 4158 2273 4212; x_wconf 83' lang='lat' dir='ltr'><strong>syn.</strong></span> <span class='ocrx_word' id='word_1_644' title='bbox 2317 4150 2550 4192; x_wconf 86' lang='lat' dir='ltr'><strong>canones</strong></span> <span class='ocrx_word' id='word_1_645' title='bbox 2589 4133 2651 4184; x_wconf 74' lang='lat' dir='ltr'><strong>l2</strong></span> <span class='ocrx_word' id='word_1_646' title='bbox 2678 4138 2731 4184; x_wconf 87' lang='lat' dir='ltr'><strong>et</strong></span> <span class='ocrx_word' id='word_1_647' title='bbox 2765 4129 2830 4180; x_wconf 81' lang='grc' dir='ltr'><strong><em>Π</em></strong></span> <span class='ocrx_word' id='word_1_648' title='bbox 2861 4127 2952 4195; x_wconf 91' lang='lat' dir='ltr'><strong>qui</strong></span> <span class='ocrx_word' id='word_1_649' title='bbox 3000 4128 3182 4176; x_wconf 87' lang='lat' dir='ltr'><strong>dicunt</strong></span> <span class='ocrx_word' id='word_1_650' title='bbox 3218 4119 3414 4174; x_wconf 84' lang='lat' dir='ltr'><strong>debere</strong></span> 
     </span>
    </p>
   </div>
   <div class='ocr_carea' id='block_1_93' title="bbox 1860 4219 3416 4296">
    <p class='ocr_par' dir='ltr' id='par_1_93' title="bbox 1860 4219 3416 4296">
     <span class='ocr_line' id='line_1_93' title="bbox 1860 4219 3416 4296; baseline -0.019 -4"><span class='ocrx_word' id='word_1_651' title='bbox 1860 4234 2254 4292; x_wconf 85' lang='lat' dir='ltr'><strong>ecclesiasticos</strong></span> <span class='ocrx_word' id='word_1_652' title='bbox 2281 4227 2430 4296; x_wconf 90' lang='lat' dir='ltr'><strong>sequi</strong></span> <span class='ocrx_word' id='word_1_653' title='bbox 2456 4240 2540 4289; x_wconf 86' lang='lat' dir='ltr'><strong>ea,</strong></span> <span class='ocrx_word' id='word_1_654' title='bbox 2564 4237 2683 4292; x_wconf 73' lang='lat' dir='ltr'><strong>qua:</strong></span> <span class='ocrx_word' id='word_1_655' title='bbox 2705 4219 3066 4273; x_wconf 86' lang='lat' dir='ltr'><strong>decernuntur</strong></span> <span class='ocrx_word' id='word_1_656' title='bbox 3093 4229 3122 4266; x_wconf 88' lang='lat' dir='ltr'><strong>a</strong></span> <span class='ocrx_word' id='word_1_657' title='bbox 3150 4220 3416 4281; x_wconf 84' lang='lat' dir='ltr'><strong>potestate</strong></span> 
     </span>
    </p>
   </div>
   <div class='ocr_carea' id='block_1_94' title="bbox 1861 4305 3415 4396">
    <p class='ocr_par' dir='ltr' id='par_1_94' title="bbox 1861 4305 3415 4396">
     <span class='ocr_line' id='line_1_94' title="bbox 1861 4305 3415 4396; baseline -0.019 -12"><span class='ocrx_word' id='word_1_658' title='bbox 1861 4326 2149 4396; x_wconf 85' lang='lat' dir='ltr'><strong>imperiali.</strong></span> <span class='ocrx_word' id='word_1_659' title='bbox 2181 4321 2315 4390; x_wconf 86' lang='lat' dir='ltr'><strong>Quia</strong></span> <span class='ocrx_word' id='word_1_660' title='bbox 2354 4326 2528 4373; x_wconf 89' lang='lat' dir='ltr'><strong>autem</strong></span> <span class='ocrx_word' id='word_1_661' title='bbox 2565 4326 2796 4383; x_wconf 65' lang='lat' dir='ltr'><strong>praesens</strong></span> <span class='ocrx_word' id='word_1_662' title='bbox 2828 4323 2996 4363; x_wconf 87' lang='lat' dir='ltr'><strong>canon</strong></span> <span class='ocrx_word' id='word_1_663' title='bbox 3047 4305 3270 4363; x_wconf 79' lang='lat' dir='ltr'><strong>statuit.</strong></span> <span class='ocrx_word' id='word_1_664' title='bbox 3307 4319 3415 4357; x_wconf 90' lang='lat' dir='ltr'><strong>non</strong></span> 
     </span>
    </p>
   </div>
   <div class='ocr_carea' id='block_1_95' title="bbox 1864 4396 3416 4482">
    <p class='ocr_par' dir='ltr' id='par_1_95' title="bbox 1864 4396 3416 4482">
     <span class='ocr_line' id='line_1_95' title="bbox 1864 4396 3416 4482; baseline -0.019 -7"><span class='ocrx_word' id='word_1_665' title='bbox 1864 4420 2056 4474; x_wconf 87' lang='lat' dir='ltr'><strong>debere</strong></span> <span class='ocrx_word' id='word_1_666' title='bbox 2080 4415 2390 4482; x_wconf 89' lang='lat' dir='ltr'><strong>episcopum</strong></span> <span class='ocrx_word' id='word_1_667' title='bbox 2416 4405 2741 4477; x_wconf 79' lang='lat' dir='ltr'><strong>peregrinari</strong></span> <span class='ocrx_word' id='word_1_668' title='bbox 2775 4401 3056 4470; x_wconf 81' lang='lat' dir='ltr'><strong>plusquam</strong></span> <span class='ocrx_word' id='word_1_669' title='bbox 3088 4405 3318 4462; x_wconf 78' lang='lat' dir='ltr'><strong>oportet,</strong></span> <span class='ocrx_word' id='word_1_670' title='bbox 3349 4396 3416 4446; x_wconf 86' lang='lat' dir='ltr'><strong>ab</strong></span> 
     </span>
    </p>
   </div>
   <div class='ocr_carea' id='block_1_96' title="bbox 1863 4486 3418 4578">
    <p class='ocr_par' dir='ltr' id='par_1_96' title="bbox 1863 4486 3418 4578">
     <span class='ocr_line' id='line_1_96' title="bbox 1863 4486 3418 4578; baseline -0.019 -14"><span class='ocrx_word' id='word_1_671' title='bbox 1863 4526 1924 4565; x_wconf 87' lang='lat' dir='ltr'><strong>ea</strong></span> <span class='ocrx_word' id='word_1_672' title='bbox 1953 4523 2070 4578; x_wconf 69' lang='lat' dir='ltr'><strong>quae</strong></span> <span class='ocrx_word' id='word_1_673' title='bbox 2100 4505 2248 4559; x_wconf 91' lang='lat' dir='ltr'><strong>illum</strong></span> <span class='ocrx_word' id='word_1_674' title='bbox 2284 4502 2508 4556; x_wconf 87' lang='lat' dir='ltr'><strong>sortitus</strong></span> <span class='ocrx_word' id='word_1_675' title='bbox 2541 4507 2621 4552; x_wconf 86' lang='lat' dir='ltr'><strong>est</strong></span> <span class='ocrx_word' id='word_1_676' title='bbox 2654 4497 2755 4564; x_wconf 86' lang='lat' dir='ltr'><strong>(est</strong></span> <span class='ocrx_word' id='word_1_677' title='bbox 2789 4501 2962 4545; x_wconf 89' lang='lat' dir='ltr'><strong>autem</strong></span> <span class='ocrx_word' id='word_1_678' title='bbox 3005 4490 3103 4541; x_wconf 87' lang='lat' dir='ltr'><strong>hoc</strong></span> <span class='ocrx_word' id='word_1_679' title='bbox 3129 4486 3418 4553; x_wconf 88' lang='lat' dir='ltr'><strong>incertum)</strong></span> 
     </span>
    </p>
   </div>
   <div class='ocr_carea' id='block_1_97' title="bbox 1865 4576 3416 4669">
    <p class='ocr_par' dir='ltr' id='par_1_97' title="bbox 1865 4576 3416 4669">
     <span class='ocr_line' id='line_1_97' title="bbox 1865 4576 3416 4669; baseline -0.018 -14"><span class='ocrx_word' id='word_1_680' title='bbox 1865 4576 1982 4669; x_wconf 74' lang='lat' dir='ltr'><strong>lege</strong></span> <span class='ocrx_word' id='word_1_681' title='bbox 2010 4597 2278 4653; x_wconf 87' lang='lat' dir='ltr'><strong>decimum</strong></span> <span class='ocrx_word' id='word_1_682' title='bbox 2310 4601 2521 4645; x_wconf 80' lang='lat' dir='ltr'><strong>sextum</strong></span> <span class='ocrx_word' id='word_1_683' title='bbox 2551 4599 2808 4641; x_wconf 86' lang='lat' dir='ltr'><strong>canouem</strong></span> <span class='ocrx_word' id='word_1_684' title='bbox 2850 4581 3035 4652; x_wconf 86' lang='lat' dir='ltr'><strong>syuodi</strong></span> <span class='ocrx_word' id='word_1_685' title='bbox 3081 4593 3199 4647; x_wconf 65' lang='lat' dir='ltr'><strong>qute</strong></span> <span class='ocrx_word' id='word_1_686' title='bbox 3233 4576 3416 4629; x_wconf 87' lang='lat' dir='ltr'><strong>habita</strong></span> 
     </span>
    </p>
   </div>
   <div class='ocr_carea' id='block_1_98' title="bbox 1862 4672 3425 4748">
    <p class='ocr_par' dir='ltr' id='par_1_98' title="bbox 1862 4672 3425 4748">
     <span class='ocr_line' id='line_1_98' title="bbox 1862 4672 3425 4748; baseline -0.017 0"><span class='ocrx_word' id='word_1_687' title='bbox 1862 4705 1942 4748; x_wconf 90' lang='lat' dir='ltr'><strong>est</strong></span> <span class='ocrx_word' id='word_1_688' title='bbox 1974 4693 2024 4745; x_wconf 95' lang='lat' dir='ltr'><strong>in</strong></span> <span class='ocrx_word' id='word_1_689' title='bbox 2054 4689 2166 4743; x_wconf 65' lang='lat' dir='ltr'><strong>aede</strong></span> <span class='ocrx_word' id='word_1_690' title='bbox 2188 4685 2511 4740; x_wconf 75' lang='lat' dir='ltr'><strong>Sanctorum</strong></span> <span class='ocrx_word' id='word_1_691' title='bbox 2539 4677 2950 4747; x_wconf 85' lang='lat' dir='ltr'><strong>Apostolorum,</strong></span> <span class='ocrx_word' id='word_1_692' title='bbox 2984 4683 3036 4724; x_wconf 89' lang='lat' dir='ltr'><strong>et</strong></span> <span class='ocrx_word' id='word_1_693' title='bbox 3072 4672 3425 4738; x_wconf 86' lang='lat' dir='ltr'><strong>interpretare</strong></span> 
     </span>
    </p>
   </div>
   <div class='ocr_carea' id='block_1_99' title="bbox 1862 4761 3421 4853">
    <p class='ocr_par' dir='ltr' id='par_1_99' title="bbox 1862 4761 3421 4853">
     <span class='ocr_line' id='line_1_99' title="bbox 1862 4761 3421 4853; baseline -0.016 -16"><span class='ocrx_word' id='word_1_694' title='bbox 1862 4789 2178 4853; x_wconf 65' lang='lat' dir='ltr'><strong>prmsentem</strong></span> <span class='ocrx_word' id='word_1_695' title='bbox 2216 4786 2477 4830; x_wconf 84' lang='lat' dir='ltr'><strong>canoncm</strong></span> <span class='ocrx_word' id='word_1_696' title='bbox 2505 4768 2793 4824; x_wconf 88' lang='lat' dir='ltr'><strong>secundum</strong></span> <span class='ocrx_word' id='word_1_697' title='bbox 2842 4764 2987 4834; x_wconf 74' lang='lat' dir='ltr'><strong>leges</strong></span> <span class='ocrx_word' id='word_1_698' title='bbox 3030 4777 3149 4831; x_wconf 58' lang='lat' dir='ltr'><strong>quae</strong></span> <span class='ocrx_word' id='word_1_699' title='bbox 3198 4764 3249 4813; x_wconf 88' lang='lat' dir='ltr'><strong>iu</strong></span> <span class='ocrx_word' id='word_1_700' title='bbox 3305 4761 3421 4829; x_wconf 91' lang='lat' dir='ltr'><strong>ipso</strong></span> 
     </span>
    </p>
   </div>
   <div class='ocr_carea' id='block_1_100' title="bbox 1863 4872 2234 4940">
    <p class='ocr_par' dir='ltr' id='par_1_100' title="bbox 1863 4872 2234 4940">
     <span class='ocr_line' id='line_1_100' title="bbox 1863 4872 2234 4940; baseline -0.03 -10"><span class='ocrx_word' id='word_1_701' title='bbox 1863 4884 1986 4930; x_wconf 82' lang='lat' dir='ltr'><strong>sunt</strong></span> <span class='ocrx_word' id='word_1_702' title='bbox 2030 4872 2234 4940; x_wconf 64' lang='lat' dir='ltr'><strong>posita.</strong></span> 
     </span>
    </p>
   </div>
   <div class='ocr_carea' id='block_1_101' title="bbox 233 4950 3424 5042">
    <p class='ocr_par' dir='ltr' id='par_1_101' title="bbox 233 4950 3424 5042">
     <span class='ocr_line' id='line_1_101' title="bbox 233 4950 3424 5042; baseline -0.008 -17"><span class='ocrx_word' id='word_1_703' title='bbox 233 4973 552 5026; x_wconf 84' lang='grc' dir='ltr'>Ἀποστόλων</span> <span class='ocrx_word' id='word_1_704' title='bbox 583 4971 859 5042; x_wconf 78' lang='grc' dir='ltr'>συστάσης</span> <span class='ocrx_word' id='word_1_705' title='bbox 902 4971 1142 5037; x_wconf 88' lang='grc' dir='ltr'>συνόδου,</span> <span class='ocrx_word' id='word_1_706' title='bbox 1172 4972 1267 5025; x_wconf 74' lang='grc' dir='ltr'>καὶ</span> <span class='ocrx_word' id='word_1_707' title='bbox 1295 4972 1632 5042; x_wconf 82' lang='grc' dir='ltr'>ἑρμήνευσον</span> <span class='ocrx_word' id='word_1_708' title='bbox 1658 4972 1748 5024; x_wconf 75' lang='grc' dir='ltr'><strong>τὸν</strong></span> <span class='ocrx_word' id='word_1_709' title='bbox 1783 4972 2030 5042; x_wconf 84' lang='grc' dir='ltr'>παρόντα</span> <span class='ocrx_word' id='word_1_710' title='bbox 2058 4966 2257 5021; x_wconf 80' lang='grc' dir='ltr'>κανόνα</span> <span class='ocrx_word' id='word_1_711' title='bbox 2302 4960 2442 5014; x_wconf 89' lang='grc' dir='ltr'><strong>κατά</strong></span> <span class='ocrx_word' id='word_1_712' title='bbox 2470 4958 2536 5012; x_wconf 68' lang='grc' dir='ltr'><strong>τὰ</strong></span> <span class='ocrx_word' id='word_1_713' title='bbox 2591 4952 3044 5023; x_wconf 80' lang='grc' dir='ltr'>καταστρωθέντα</span> <span class='ocrx_word' id='word_1_714' title='bbox 3098 4951 3304 5020; x_wconf 84' lang='grc' dir='ltr'>νόμιμα</span> <span class='ocrx_word' id='word_1_715' title='bbox 3367 4950 3424 5001; x_wconf 78' lang='grc' dir='ltr'><strong>ἐν</strong></span> 
     </span>
    </p>
   </div>
   <div class='ocr_carea' id='block_1_102' title="bbox 223 5065 367 5133">
    <p class='ocr_par' dir='ltr' id='par_1_102' title="bbox 223 5065 367 5133">
     <span class='ocr_line' id='line_1_102' title="bbox 223 5065 367 5133; baseline 0.021 -18"><span class='ocrx_word' id='word_1_716' title='bbox 223 5065 367 5133; x_wconf 75' lang='grc' dir='ltr'>αὐτῷ.</span> 
     </span>
    </p>
   </div>
   <div class='ocr_carea' id='block_1_103' title="bbox 278 5156 1758 5220">
    <p class='ocr_par' dir='ltr' id='par_1_103' title="bbox 278 5156 1758 5220">
     <span class='ocr_line' id='line_1_103' title="bbox 278 5156 1758 5220; baseline -0.004 -8"><span class='ocrx_word' id='word_1_717' title='bbox 278 5160 514 5213; x_wconf 76' lang='grc' dir='ltr'><strong>ΖΩΝΔΡ.</strong></span> <span class='ocrx_word' id='word_1_718' title='bbox 546 5159 686 5220; x_wconf 68' lang='grc' dir='ltr'>Τοὺς</span> <span class='ocrx_word' id='word_1_719' title='bbox 721 5157 1070 5220; x_wconf 83' lang='grc' dir='ltr'>ἐπισκόπους,</span> <span class='ocrx_word' id='word_1_720' title='bbox 1113 5157 1209 5212; x_wconf 72' lang='grc' dir='ltr'>καὶ</span> <span class='ocrx_word' id='word_1_721' title='bbox 1241 5158 1300 5209; x_wconf 76' lang='grc' dir='ltr'>τὸ</span> <span class='ocrx_word' id='word_1_722' title='bbox 1343 5157 1550 5210; x_wconf 78' lang='grc' dir='ltr'>δίκα.ον</span> <span class='ocrx_word' id='word_1_723' title='bbox 1604 5156 1758 5217; x_wconf 60' lang='lat' dir='ltr'><strong>adeo,</strong></span> 
     </span>
    </p>
   </div>
   <div class='ocr_carea' id='block_1_104' title="bbox 226 5246 1763 5318">
    <p class='ocr_par' dir='ltr' id='par_1_104' title="bbox 226 5246 1763 5318">
     <span class='ocr_line' id='line_1_104' title="bbox 226 5246 1763 5318; baseline -0.003 -19"><span class='ocrx_word' id='word_1_724' title='bbox 226 5249 299 5301; x_wconf 74' lang='grc' dir='ltr'><strong>καὶ</strong></span> <span class='ocrx_word' id='word_1_725' title='bbox 343 5252 375 5318; x_wconf 73' lang='grc' dir='ltr'><strong>ἡ</strong></span> <span class='ocrx_word' id='word_1_726' title='bbox 425 5249 540 5301; x_wconf 85' lang='grc' dir='ltr'>τῶν</span> <span class='ocrx_word' id='word_1_727' title='bbox 592 5247 752 5300; x_wconf 82' lang='grc' dir='ltr'>θείων</span> <span class='ocrx_word' id='word_1_728' title='bbox 820 5247 1058 5300; x_wconf 78' lang='grc' dir='ltr'>κανόνων</span> <span class='ocrx_word' id='word_1_729' title='bbox 1135 5246 1420 5315; x_wconf 79' lang='grc' dir='ltr'>ἀκρίὸεια,</span> <span class='ocrx_word' id='word_1_730' title='bbox 1475 5246 1763 5298; x_wconf 76' lang='grc' dir='ltr'>ἀπαιτοῦσι</span> 
     </span>
    </p>
   </div>
   <div class='ocr_carea' id='block_1_105' title="bbox 227 5337 1760 5409">
    <p class='ocr_par' dir='ltr' id='par_1_105' title="bbox 227 5337 1760 5409">
     <span class='ocr_line' id='line_1_105' title="bbox 227 5337 1760 5409; baseline -0.001 -19"><span class='ocrx_word' id='word_1_731' title='bbox 227 5340 532 5409; x_wconf 80' lang='grc' dir='ltr'>προσμένειν</span> <span class='ocrx_word' id='word_1_732' title='bbox 587 5341 705 5401; x_wconf 82' lang='grc' dir='ltr'>ταῖς</span> <span class='ocrx_word' id='word_1_733' title='bbox 758 5337 909 5398; x_wconf 78' lang='grc' dir='ltr'>ἰδίαις</span> <span class='ocrx_word' id='word_1_734' title='bbox 957 5339 1303 5399; x_wconf 81' lang='grc' dir='ltr'>ἐπισκοπαῖς,</span> <span class='ocrx_word' id='word_1_735' title='bbox 1358 5337 1449 5388; x_wconf 75' lang='grc' dir='ltr'>καὶ</span> <span class='ocrx_word' id='word_1_736' title='bbox 1491 5337 1760 5390; x_wconf 81' lang='grc' dir='ltr'>διδάσκειν</span> 
     </span>
    </p>
   </div>
   <div class='ocr_carea' id='block_1_106' title="bbox 224 5427 1759 5496">
    <p class='ocr_par' dir='ltr' id='par_1_106' title="bbox 224 5427 1759 5496">
     <span class='ocr_line' id='line_1_106' title="bbox 224 5427 1759 5496; baseline -0.002 -15"><span class='ocrx_word' id='word_1_737' title='bbox 224 5433 322 5492; x_wconf 73' lang='grc' dir='ltr'>τοὺς</span> <span class='ocrx_word' id='word_1_738' title='bbox 362 5429 552 5490; x_wconf 74' lang='grc' dir='ltr'>λαοὺς,</span> <span class='ocrx_word' id='word_1_739' title='bbox 582 5430 675 5480; x_wconf 74' lang='grc' dir='ltr'>καὶ</span> <span class='ocrx_word' id='word_1_740' title='bbox 720 5428 1068 5495; x_wconf 77' lang='grc' dir='ltr'>καταρτίζειν</span> <span class='ocrx_word' id='word_1_741' title='bbox 1113 5427 1328 5492; x_wconf 73' lang='grc' dir='ltr'>αὐτοὺς,</span> <span class='ocrx_word' id='word_1_742' title='bbox 1378 5427 1512 5480; x_wconf 85' lang='grc' dir='ltr'><strong>ἀλλά</strong></span> <span class='ocrx_word' id='word_1_743' title='bbox 1557 5427 1631 5496; x_wconf 84' lang='grc' dir='ltr'>μὴ</span> <span class='ocrx_word' id='word_1_744' title='bbox 1663 5446 1759 5480; x_wconf 71' lang='grc' dir='ltr'>κι-</span> 
     </span>
    </p>
   </div>
   <div class='ocr_carea' id='block_1_107' title="bbox 225 5518 1760 5591">
    <p class='ocr_par' dir='ltr' id='par_1_107' title="bbox 225 5518 1760 5591">
     <span class='ocr_line' id='line_1_107' title="bbox 225 5518 1760 5591; baseline -0.003 -19"><span class='ocrx_word' id='word_1_745' title='bbox 225 5521 560 5591; x_wconf 79' lang='grc' dir='ltr'>ταλιμπάνειν</span> <span class='ocrx_word' id='word_1_746' title='bbox 588 5521 683 5581; x_wconf 83' lang='grc' dir='ltr'><strong>τὰς</strong></span> <span class='ocrx_word' id='word_1_747' title='bbox 719 5519 1040 5581; x_wconf 70' lang='grc' dir='ltr'>αὺθεντικᾶις</span> <span class='ocrx_word' id='word_1_748' title='bbox 1069 5519 1246 5571; x_wconf 77' lang='grc' dir='ltr'>αὐτῶν</span> <span class='ocrx_word' id='word_1_749' title='bbox 1276 5518 1561 5589; x_wconf 83' lang='grc' dir='ltr'>καθέδρας,</span> <span class='ocrx_word' id='word_1_750' title='bbox 1595 5518 1760 5588; x_wconf 74' lang='grc' dir='ltr'>ἤγουν</span> 
     </span>
    </p>
   </div>
   <div class='ocr_carea' id='block_1_108' title="bbox 225 5608 1764 5683">
    <p class='ocr_par' dir='ltr' id='par_1_108' title="bbox 225 5608 1764 5683">
     <span class='ocr_line' id='line_1_108' title="bbox 225 5608 1764 5683; baseline -0.003 -20"><span class='ocrx_word' id='word_1_751' title='bbox 225 5615 322 5675; x_wconf 84' lang='grc' dir='ltr'>τοὺς</span> <span class='ocrx_word' id='word_1_752' title='bbox 369 5611 762 5683; x_wconf 80' lang='grc' dir='ltr'>πρωτοτύπους</span> <span class='ocrx_word' id='word_1_753' title='bbox 808 5611 1028 5678; x_wconf 83' lang='grc' dir='ltr'>θρόνους</span> <span class='ocrx_word' id='word_1_754' title='bbox 1079 5611 1278 5674; x_wconf 80' lang='grc' dir='ltr'>αὐτῶν,</span> <span class='ocrx_word' id='word_1_755' title='bbox 1306 5612 1399 5663; x_wconf 72' lang='grc' dir='ltr'>καὶ</span> <span class='ocrx_word' id='word_1_756' title='bbox 1441 5610 1571 5679; x_wconf 83' lang='grc' dir='ltr'>πρὸς</span> <span class='ocrx_word' id='word_1_757' title='bbox 1602 5608 1764 5675; x_wconf 80' lang='grc' dir='ltr'>ἄλλην</span> 
     </span>
    </p>
   </div>
   <div class='ocr_carea' id='block_1_109' title="bbox 229 5702 1758 5773">
    <p class='ocr_par' dir='ltr' id='par_1_109' title="bbox 229 5702 1758 5773">
     <span class='ocr_line' id='line_1_109' title="bbox 229 5702 1758 5773; baseline -0.003 -16"><span class='ocrx_word' id='word_1_758' title='bbox 229 5704 499 5773; x_wconf 70' lang='grc' dir='ltr'>ἐκκλησίαν</span> <span class='ocrx_word' id='word_1_759' title='bbox 547 5702 910 5772; x_wconf 78' lang='grc' dir='ltr'>ἀπέρχεσθαι.</span> <span class='ocrx_word' id='word_1_760' title='bbox 948 5704 1136 5755; x_wconf 69' lang='grc' dir='ltr'>Πολλοὶ</span> <span class='ocrx_word' id='word_1_761' title='bbox 1165 5703 1274 5768; x_wconf 78' lang='grc' dir='ltr'>γὰρ</span> <span class='ocrx_word' id='word_1_762' title='bbox 1305 5705 1412 5755; x_wconf 84' lang='grc' dir='ltr'>τῶν</span> <span class='ocrx_word' id='word_1_763' title='bbox 1443 5702 1758 5755; x_wconf 79' lang='grc' dir='ltr'>ἐπισκόπων</span> 
     </span>
    </p>
   </div>
   <div class='ocr_carea' id='block_1_110' title="bbox 229 5793 1760 5864">
    <p class='ocr_par' dir='ltr' id='par_1_110' title="bbox 229 5793 1760 5864">
     <span class='ocr_line' id='line_1_110' title="bbox 229 5793 1760 5864; baseline 0 -18"><span class='ocrx_word' id='word_1_764' title='bbox 229 5799 413 5864; x_wconf 64' lang='grc' dir='ltr'>ἔχουσιν</span> <span class='ocrx_word' id='word_1_765' title='bbox 461 5793 759 5862; x_wconf 68' lang='grc' dir='ltr'>ἐκκλησίας</span> <span class='ocrx_word' id='word_1_766' title='bbox 793 5796 848 5844; x_wconf 76' lang='grc' dir='ltr'><strong>ἐν</strong></span> <span class='ocrx_word' id='word_1_767' title='bbox 877 5794 1054 5856; x_wconf 80' lang='grc' dir='ltr'>ἀλλοις</span> <span class='ocrx_word' id='word_1_768' title='bbox 1088 5794 1270 5858; x_wconf 84' lang='grc' dir='ltr'>τόποις</span> <span class='ocrx_word' id='word_1_769' title='bbox 1316 5795 1421 5847; x_wconf 79' lang='grc' dir='ltr'><strong>τῶν</strong></span> <span class='ocrx_word' id='word_1_770' title='bbox 1466 5795 1554 5847; x_wconf 81' lang='grc' dir='ltr'>ὑπ’</span> <span class='ocrx_word' id='word_1_771' title='bbox 1585 5794 1760 5847; x_wconf 71' lang='grc' dir='ltr'>αὐτῶν</span> 
     </span>
    </p>
   </div>
   <div class='ocr_carea' id='block_1_111' title="bbox 1938 5131 3423 5208">
    <p class='ocr_par' dir='ltr' id='par_1_111' title="bbox 1938 5131 3423 5208">
     <span class='ocr_line' id='line_1_111' title="bbox 1938 5131 3423 5208; baseline -0.018 -1"><span class='ocrx_word' id='word_1_772' title='bbox 1938 5148 2186 5207; x_wconf 81' lang='lat' dir='ltr'><strong>ZONAR.</strong></span> <span class='ocrx_word' id='word_1_773' title='bbox 2229 5143 2310 5199; x_wconf 86' lang='lat' dir='ltr'><strong>Ab</strong></span> <span class='ocrx_word' id='word_1_774' title='bbox 2342 5137 2604 5208; x_wconf 80' lang='lat' dir='ltr'><strong>episcopis</strong></span> <span class='ocrx_word' id='word_1_775' title='bbox 2631 5150 2752 5190; x_wconf 91' lang='lat' dir='ltr'><strong>cum</strong></span> <span class='ocrx_word' id='word_1_776' title='bbox 2789 5135 2902 5199; x_wconf 88' lang='lat' dir='ltr'><strong>ipsa</strong></span> <span class='ocrx_word' id='word_1_777' title='bbox 2943 5131 3016 5185; x_wconf 91' lang='lat' dir='ltr'><strong>rei</strong></span> <span class='ocrx_word' id='word_1_778' title='bbox 3064 5140 3277 5193; x_wconf 87' lang='lat' dir='ltr'><strong>natura,</strong></span> <span class='ocrx_word' id='word_1_779' title='bbox 3314 5137 3423 5182; x_wconf 91' lang='lat' dir='ltr'><strong>tum</strong></span> 
     </span>
    </p>
   </div>
   <div class='ocr_carea' id='block_1_112' title="bbox 1868 5221 3420 5300">
    <p class='ocr_par' dir='ltr' id='par_1_112' title="bbox 1868 5221 3420 5300">
     <span class='ocr_line' id='line_1_112' title="bbox 1868 5221 3420 5300; baseline -0.019 1"><span class='ocrx_word' id='word_1_780' title='bbox 1868 5250 2083 5300; x_wconf 83' lang='lat' dir='ltr'><strong>decreta</strong></span> <span class='ocrx_word' id='word_1_781' title='bbox 2119 5250 2381 5293; x_wconf 90' lang='lat' dir='ltr'><strong>canonum</strong></span> <span class='ocrx_word' id='word_1_782' title='bbox 2406 5247 2468 5285; x_wconf 88' lang='lat' dir='ltr'><strong>ea</strong></span> <span class='ocrx_word' id='word_1_783' title='bbox 2497 5230 2563 5283; x_wconf 91' lang='lat' dir='ltr'><strong>de</strong></span> <span class='ocrx_word' id='word_1_784' title='bbox 2591 5242 2649 5282; x_wconf 89' lang='lat' dir='ltr'><strong>re</strong></span> <span class='ocrx_word' id='word_1_785' title='bbox 2679 5226 2870 5294; x_wconf 71' lang='lat' dir='ltr'><strong>saepius</strong></span> <span class='ocrx_word' id='word_1_786' title='bbox 2903 5224 3045 5277; x_wconf 89' lang='lat' dir='ltr'><strong>edita</strong></span> <span class='ocrx_word' id='word_1_787' title='bbox 3071 5264 3084 5287; x_wconf 97' lang='lat'><strong>,</strong></span> <span class='ocrx_word' id='word_1_788' title='bbox 3112 5221 3380 5290; x_wconf 86' lang='lat' dir='ltr'><strong>postulant</strong></span> <span class='ocrx_word' id='word_1_789' title='bbox 3404 5258 3420 5283; x_wconf 90' lang='lat'><strong>,</strong></span> 
     </span>
    </p>
   </div>
   <div class='ocr_carea' id='block_1_113' title="bbox 1868 5314 3424 5397">
    <p class='ocr_par' dir='ltr' id='par_1_113' title="bbox 1868 5314 3424 5397">
     <span class='ocr_line' id='line_1_113' title="bbox 1868 5314 3424 5397; baseline -0.017 -5"><span class='ocrx_word' id='word_1_790' title='bbox 1868 5348 1926 5393; x_wconf 92' lang='lat' dir='ltr'><strong>ut</strong></span> <span class='ocrx_word' id='word_1_791' title='bbox 1957 5338 2007 5390; x_wconf 94' lang='lat' dir='ltr'><strong>in</strong></span> <span class='ocrx_word' id='word_1_792' title='bbox 2041 5350 2135 5387; x_wconf 89' lang='lat' dir='ltr'><strong>sua</strong></span> <span class='ocrx_word' id='word_1_793' title='bbox 2166 5323 2448 5397; x_wconf 79' lang='lat' dir='ltr'><strong>episcopali</strong></span> <span class='ocrx_word' id='word_1_794' title='bbox 2482 5320 2713 5375; x_wconf 89' lang='lat' dir='ltr'><strong>statione</strong></span> <span class='ocrx_word' id='word_1_795' title='bbox 2744 5325 2997 5384; x_wconf 90' lang='lat' dir='ltr'><strong>perpetuo</strong></span> <span class='ocrx_word' id='word_1_796' title='bbox 3031 5315 3242 5382; x_wconf 77' lang='lat' dir='ltr'><strong>degant,</strong></span> <span class='ocrx_word' id='word_1_797' title='bbox 3278 5328 3341 5367; x_wconf 91' lang='lat' dir='ltr'><strong>ac</strong></span> <span class='ocrx_word' id='word_1_798' title='bbox 3373 5314 3424 5366; x_wconf 89' lang='lat' dir='ltr'><strong>in</strong></span> 
     </span>
    </p>
   </div>
   <div class='ocr_carea' id='block_1_114' title="bbox 1876 5406 3421 5498">
    <p class='ocr_par' dir='ltr' id='par_1_114' title="bbox 1876 5406 3421 5498">
     <span class='ocr_line' id='line_1_114' title="bbox 1876 5406 3421 5498; baseline -0.016 -16"><span class='ocrx_word' id='word_1_799' title='bbox 1876 5427 2086 5498; x_wconf 83' lang='lat' dir='ltr'><strong>populis</strong></span> <span class='ocrx_word' id='word_1_800' title='bbox 2117 5418 2448 5479; x_wconf 87' lang='lat' dir='ltr'><strong>erudiendis,</strong></span> <span class='ocrx_word' id='word_1_801' title='bbox 2482 5425 2643 5482; x_wconf 89' lang='lat' dir='ltr'><strong>atque</strong></span> <span class='ocrx_word' id='word_1_802' title='bbox 2672 5411 2734 5465; x_wconf 91' lang='lat' dir='ltr'><strong>ad</strong></span> <span class='ocrx_word' id='word_1_803' title='bbox 2769 5417 2972 5462; x_wconf 85' lang='lat' dir='ltr'><strong>rectam</strong></span> <span class='ocrx_word' id='word_1_804' title='bbox 3017 5406 3230 5459; x_wconf 83' lang='lat' dir='ltr'><strong>virtutis</strong></span> <span class='ocrx_word' id='word_1_805' title='bbox 3257 5407 3421 5460; x_wconf 88' lang='lat' dir='ltr'><strong>semi-</strong></span> 
     </span>
    </p>
   </div>
   <div class='ocr_carea' id='block_1_115' title="bbox 1872 5498 3425 5582">
    <p class='ocr_par' dir='ltr' id='par_1_115' title="bbox 1872 5498 3425 5582">
     <span class='ocr_line' id='line_1_115' title="bbox 1872 5498 3425 5582; baseline -0.014 -10"><span class='ocrx_word' id='word_1_806' title='bbox 1872 5528 1978 5572; x_wconf 87' lang='lat' dir='ltr'><strong>tam</strong></span> <span class='ocrx_word' id='word_1_807' title='bbox 2011 5512 2326 5582; x_wconf 76' lang='lat' dir='ltr'><strong>dirigendis.</strong></span> <span class='ocrx_word' id='word_1_808' title='bbox 2366 5507 2639 5569; x_wconf 80' lang='lat' dir='ltr'><strong>laborent;</strong></span> <span class='ocrx_word' id='word_1_809' title='bbox 2676 5516 2778 5555; x_wconf 79' lang='lat' dir='ltr'><strong>non</strong></span> <span class='ocrx_word' id='word_1_810' title='bbox 2815 5510 2993 5552; x_wconf 88' lang='lat' dir='ltr'><strong>autem</strong></span> <span class='ocrx_word' id='word_1_811' title='bbox 3034 5498 3293 5566; x_wconf 88' lang='lat' dir='ltr'><strong>primaria</strong></span> <span class='ocrx_word' id='word_1_812' title='bbox 3329 5513 3425 5551; x_wconf 81' lang='lat' dir='ltr'><strong>sua</strong></span> 
     </span>
    </p>
   </div>
   <div class='ocr_carea' id='block_1_116' title="bbox 1870 5587 3416 5666">
    <p class='ocr_par' dir='ltr' id='par_1_116' title="bbox 1870 5587 3416 5666">
     <span class='ocr_line' id='line_1_116' title="bbox 1870 5587 3416 5666; baseline -0.016 -3"><span class='ocrx_word' id='word_1_813' title='bbox 1870 5610 1994 5663; x_wconf 86' lang='lat' dir='ltr'><strong>sedc</strong></span> <span class='ocrx_word' id='word_1_814' title='bbox 2026 5603 2232 5666; x_wconf 84' lang='lat' dir='ltr'><strong>relicta,</strong></span> <span class='ocrx_word' id='word_1_815' title='bbox 2258 5600 2310 5653; x_wconf 90' lang='lat' dir='ltr'><strong>in</strong></span> <span class='ocrx_word' id='word_1_816' title='bbox 2344 5597 2499 5650; x_wconf 78' lang='lat' dir='ltr'><strong>aliam</strong></span> <span class='ocrx_word' id='word_1_817' title='bbox 2526 5591 2810 5648; x_wconf 84' lang='lat' dir='ltr'><strong>ecclesiam</strong></span> <span class='ocrx_word' id='word_1_818' title='bbox 2840 5605 2897 5642; x_wconf 87' lang='lat' dir='ltr'><strong>se</strong></span> <span class='ocrx_word' id='word_1_819' title='bbox 2923 5590 3226 5642; x_wconf 76' lang='lat' dir='ltr'><strong>conferant.</strong></span> <span class='ocrx_word' id='word_1_820' title='bbox 3269 5587 3416 5639; x_wconf 84' lang='lat' dir='ltr'><strong>Multi</strong></span> 
     </span>
    </p>
   </div>
   <div class='ocr_carea' id='block_1_117' title="bbox 1873 5677 3431 5762">
    <p class='ocr_par' dir='ltr' id='par_1_117' title="bbox 1873 5677 3431 5762">
     <span class='ocr_line' id='line_1_117' title="bbox 1873 5677 3431 5762; baseline -0.011 -13"><span class='ocrx_word' id='word_1_821' title='bbox 1873 5710 2104 5762; x_wconf 79' lang='lat' dir='ltr'><strong>namque</strong></span> <span class='ocrx_word' id='word_1_822' title='bbox 2134 5688 2370 5759; x_wconf 84' lang='lat' dir='ltr'><strong>episcopi</strong></span> <span class='ocrx_word' id='word_1_823' title='bbox 2405 5687 2456 5738; x_wconf 93' lang='lat' dir='ltr'><strong>in</strong></span> <span class='ocrx_word' id='word_1_824' title='bbox 2479 5684 2598 5738; x_wconf 90' lang='lat' dir='ltr'><strong>aliis</strong></span> <span class='ocrx_word' id='word_1_825' title='bbox 2622 5696 2729 5735; x_wconf 73' lang='lat' dir='ltr'><strong>sua:</strong></span> <span class='ocrx_word' id='word_1_826' title='bbox 2755 5679 3002 5734; x_wconf 72' lang='lat' dir='ltr'><strong>tlimcesis</strong></span> <span class='ocrx_word' id='word_1_827' title='bbox 3025 5677 3153 5732; x_wconf 80' lang='lat' dir='ltr'><strong>locis</strong></span> <span class='ocrx_word' id='word_1_828' title='bbox 3171 5677 3431 5732; x_wconf 79' lang='lat' dir='ltr'><strong>ecclesias</strong></span> 
     </span>
    </p>
   </div>
   <div class='ocr_carea' id='block_1_118' title="bbox 1876 5771 3429 5854">
    <p class='ocr_par' dir='ltr' id='par_1_118' title="bbox 1876 5771 3429 5854">
     <span class='ocr_line' id='line_1_118' title="bbox 1876 5771 3429 5854; baseline -0.015 -10"><span class='ocrx_word' id='word_1_829' title='bbox 1876 5790 2090 5853; x_wconf 80' lang='lat' dir='ltr'><strong>habent,</strong></span> <span class='ocrx_word' id='word_1_830' title='bbox 2142 5801 2258 5854; x_wconf 79' lang='lat' dir='ltr'><strong>qua:</strong></span> <span class='ocrx_word' id='word_1_831' title='bbox 2308 5779 2631 5846; x_wconf 74' lang='lat' dir='ltr'><strong>ctparaztzia:</strong></span> <span class='ocrx_word' id='word_1_832' title='bbox 2700 5787 2728 5825; x_wconf 71' lang='grc' dir='ltr'><strong>ιι</strong></span> <span class='ocrx_word' id='word_1_833' title='bbox 2782 5771 3072 5827; x_wconf 73' lang='lat' dir='ltr'><strong>Canonibus</strong></span> <span class='ocrx_word' id='word_1_834' title='bbox 3120 5780 3429 5826; x_wconf 75' lang='lat' dir='ltr'><strong>vocantur:</strong></span> 
     </span>
    </p>
   </div>
  </div>
