4018 6310
574 391 680 452 275

1833 399 2118 460 THEOD.
2161 399 2568 461 BALSAMON

3703 401 3816 464 ‘276

571 509 767 581 quibus
799 510 928 564 nulli
960 511 1260 580 peculiares
1288 513 1526 584 episcopi
1559 515 1752 583 praefici
1781 528 2129 569 consuevere.

2244 515 2577 584 διοικήσεων,
2614 513 2680 575 ἃς
2710 514 2804 567 καὶ¹
2844 515 3140 585 παροικίας
3164 515 3216 571 οἰ
3250 518 3472 582 κανόνες
3518 518 3810 575 καλοῦσιν,

571 603 737 667 Igitur
777 603 862 655 hic
910 617 1082 655 canon
1144 603 1194 656 in
1250 605 1484 674 aliquam
1540 607 1802 676 ejusmodi
1851 605 2136 660 ecclesiam

568 706 875 757 t'plSCOpllm
919 693 1209 759 proﬁcisci,
1246 711 1308 748 ac
1348 696 1400 749 in
1443 712 1505 750 ea
1544 697 1717 764 populi
1755 698 1838 751 sui
1880 711 2005 751 cura
2040 710 2134 748 ne-

570 784 741 850 glecta
770 785 970 838 diutius
1003 786 1222 849 morari,
1255 796 1438 852 vetat;
1469 792 1558 841 sed
1591 789 1672 840 vel
1705 788 1757 841 in
1786 803 1847 843 ea
1888 787 2138 855 chorepi-

567 890 788 943 scopum
843 879 1195 942 constituere,
1219 879 1300 931 vel
1339 882 1651 949 presbytero
1694 879 2135 948 procurationem

567 965 684 1031 ejus
724 967 824 1020 loci
871 982 1051 1021 rerum
1084 969 1367 1032 mandare,“
1388 970 1535 1036 iubet
1564 988 1576 1022 :
1608 972 1888 1040 episcopos
1917 985 2047 1025 vero
2082 970 2136 1022 in

571 1073 665 1112 sua
703 1067 970 1128 quemque
999 1061 1226 1114 ecclesia
1259 1063 1594 1117 continenter
1633 1063 1939 1128 obdurare,
1971 1077 2034 1115 ac
2073 1076 2138 1115 ne

567 1149 769 1217 proprii
800 1149 1014 1218 quidem
1039 1155 1235 1220 negotii
1269 1154 1529 1208 tractandi
1552 1169 1714 1208 causa
1737 1154 1957 1216 diutius,
1979 1167 2138 1220 quam

570 1257 664 1306 par
697 1250 778 1295 est
804 1243 1015 1306 abesse,
1053 1258 1310 1298 curamve
1338 1245 1568 1298 sollicite
1600 1246 1655 1298 in
1689 1243 1984 1313 episcopali
2031 1254 2142 1297 sta-

567 1332 712 1386 tione
757 1335 1144 1402 permanendi,
1205 1336 1567 1406 populumque
1611 1337 1838 1392 salutari
1892 1336 2137 1389 doctrina

566 1426 938 1493 informandi',
974 1427 1248 1483 deserere.
1285 1431 1459 1498 Atque
1491 1429 1619 1484 illud
1652 1431 1870 1500 quidem
1906 1427 2138 1498 [diutius

565 1531 724 1583 quant
764 1533 861 1585 par
895 1517 999 1588 est]
1039 1519 1138 1572 hoc
1166 1521 1284 1574 loco
1333 1521 1471 1574 nulla
1501 1521 2003 1588 circumscriptione
2045 1518 2140 1571 de-

568 1607 750 1661 finitur
778 1627 789 1661 :
821 1610 1032 1663 decimo
1059 1619 1212 1665 sexto
1243 1621 1416 1664 autem
1447 1627 1656 1666 canone
1688 1613 1738 1664 in
1773 1612 1970 1679 templo
2003 1611 2139 1663 San-

563 1709 772 1753 ctorum
805 1701 1184 1767 Apostolorum
1233 1702 1428 1755 habitae
1454 1704 1670 1772 synodi,
1705 1713 1824 1771 qua:
1857 1702 2026 1771 prima
2074 1710 2129 1753 et

561 1797 795 1846 secunda
836 1795 1168 1858 nominatur,
1202 1810 1271 1848 ne
1300 1795 1436 1846 ultra
1470 1803 1732 1848 Semestre
1771 1806 1981 1860 tempus
2008 1792 2127 1860 epi-

2242 606 2299 657 ἐν
2336 599 2423 668 αἶς
2465 605 2564 658 οὐκ
2595 603 2850 660 εἰώθασιν
2896 608 3180 662 ἐπίσκοποι
3209 610 3674 682 προχειρίζεσθαι.
3716 608 3817 677 Μὴ

2237 692 2331 750 οὖν
2360 698 2417 750 ἑν
2446 699 2670 773 τοιαύτῃ
2699 701 2964 771 ἐκκλησίᾳ
2998 703 3236 764 ἀπιέναι,
3265 703 3363 756 καὶ
3393 702 3679 772 χρονίζειν,
3715 703 3817 754 τδν

2238 789 2536 842 ἐπίσκοπον
2580 793 2608 844 ό
2655 790 2835 845 κανὼν
2880 793 3249 854 διατάττεται,
3291 795 3388 846 καὶ
3439 794 3662 863 ἀμελεῖν
3714 792 3820 845 τοῦ

2237 881 2438 935 οἰκείου
2482 883 2611 936 λαοῦ
2633 901 2646 916 ο
2679 882 2794 938 ἀλλ’
2829 887 2946 938 ἐκεῖ
2997 885 3096 954 μὲν
3128 886 3159 954 ἢ
3197 884 3611 955 χωρεπίσκοπον
3666 884 3819 936 καθ-

2240 973 2480 1042 ιστᾷν,ἢ
2525 974 2612 1026 διά
2663 974 3035 1045 πρεσϐυτέρου
3072 977 3342 1030 ποιεῖσθαι
3392 975 3490 1044 τὴν
3538 975 3823 1043 διοίκησιν

2237 1061 2343 1114 τῶν
2387 1064 2538 1116 ἐκεῖο
2583 1065 2708 1126 τοὺς
2753 1064 2800 1116 δ’
2828 1065 3166 1125 ἐπισκόπους
3200 1067 3322 1127 ταῖς
3357 1063 3587 1125 οἰκείαις
3624 1079 3813 1130 προσ-

2240 1157 2523 1223 καρτερεῖν
2547 1155 2881 1224 ἐκκλησίαις.
2915 1157 3008 1210 καὶ
3045 1155 3180 1227 μηδέ
3219 1156 3288 1208 δι’
3326 1157 3526 1208 οίκεῖον
3568 1154 3817 1223 πρᾶγμα

2239 1244 2588 1312 ἀσχολεῖσθαι
2648 1246 2790 1317 ὑπὲρ
2845 1247 2872 1299 ὃ
2926 1249 3052 1317 χρὴ,
3087 1249 3180 1301 καὶ
3231 1247 3534 1316 ἀποδημεῖν
3567 1247 3666 1311 τῆς
3715 1243 3822 1296 τοῦ

2244 1335 2376 1388 ἰδίου
2424 1337 2617 1406 χρόνου
2667 1340 2972 1407 συνεχείας,
3023 1341 3142 1408 ἦτοι
3189 1338 3283 1392 τοῦ
3336 1339 3477 1391 κατά
3525 1337 3819 1406 συνέχειαν

2241 1425 2335 1476 καὶ
2393 1424 2704 1488 ἁδιακόπως
2738 1427 3082 1496 παραμένειν
3129 1430 3194 1497 τῇ
3252 1426 3356 1498 ἰδίᾳ
3387 1429 3685 1496 ἐπισκοπῇ.
3720 1429 3823 1480 καὶ

2239 1514 2514 1568 διδάσκειν
2565 1515 2655 1570 τὸν
2711 1516 2859 1572 λαόν.
2899 1517 2972 1571 Τὸ
3021 1517 3098 1581 δὲ,
3132 1519 3274 1588 ὑπὲρ
3330 1519 3358 1571 ὃ
3410 1520 3538 1588 χρὴ,
3569 1517 3818 1571 ἐνταῦθα

2243 1605 2342 1675 μὲν
2372 1607 2640 1676 ἀορίστως
2687 1612 2864 1660 κείται
2886 1624 2900 1637 ·
2935 1610 2993 1661 ἐν
3017 1609 3073 1662 δὲ
3104 1610 3182 1676 τῷ
3213 1610 3590 1679 ἑκκαιδεκάτῳ
3621 1609 3823 1661 κανόνι

2240 1698 2340 1767 τῆς
2371 1699 2428 1750 ἐν
2475 1699 2552 1767 τῷ
2585 1699 2697 1768 ναῷ
2723 1701 2831 1752 τῶν
2893 1700 3092 1768 Ἀγίων
3137 1701 3485 1753 Ἀποστόλων
3536 1700 3822 1768 συστάσης

2243 1789 2482 1853 συνόδου,
2513 1790 2612 1856 τῆς
2649 1791 2970 1859 λεγομένης.
3001 1790 3228 1858 πρώτης
3257 1789 3352 1841 καὶ
3401 1790 3682 1857 δευτέρας,
3742 1787 3825 1855 μὴ

563 1903 730 1956 scopo
758 1904 787 1941 a
855 1904 948 1940 sua
979 1889 1105 1942 sede
1135 1890 1324 1943 abesse
1353 1889 1530 1951 liceat,
1558 1887 1722 1942 divini
1747 1886 1954 1949 Patres,
1975 1899 2132 1952 pmna

2244 1881 2399 1935 πλέον
2469 1883 2658 1950 μηνῶν
2720 1882 2780 1946 ἒξ
2833 1883 3134 1951 ἀποδημεῖν
3183 1882 3278 1932 τὸν
3343 1881 3648 1933 ἐπίσκοπον
3715 1883 3824 1947 τῆς

564 1980 921 2047 depositionis
981 1981 1275 2049 proposita,
1328 1981 1749 2034 constituerunt.
1799 1977 2133 2032 Undecimus

566 2088 695 2127 vero
724 2073 935 2128 Sardic.
964 2075 1154 2144 synodi
1195 2090 1388 2136 canon.
1423 2074 1640 2128 brevius
1683 2073 1858 2125 adhuc
1895 2071 2132 2138 spatium

564 2163 805 2232 episc0pi
831 2165 1114 2229 absentia),
1159 2166 1258 2220 nisi
1308 2165 1610 2220 necessaria
1648 2177 1807 2217 causa
1844 2161 2021 2230 aliqua
2057 2161 2136 2212 iu-

568 2256 825 2316 tcrcedat,
857 2265 912 2306 ut
941 2269 1004 2308 ex
1040 2270 1102 2308 eo
1140 2257 1280 2324 quod
1330 2257 1401 2309 ibi
1456 2256 1678 2310 affertur
1707 2254 1954 2321 exemplo
1987 2251 2135 2305 colli-

565 2359 692 2410 gere
719 2356 822 2407 est,
853 2346 1060 2400 \lthllll‘
1091 2347 1408 2414 prmfinisse.
1475 2345 1543 2399 De
1572 2347 1806 2398 discessu
1842 2345 2128 2410 episcopo-

567 2451 684 2488 rum
713 2452 740 2488 a
769 2437 880 2490 suis
907 2438 1147 2490 ecclesiis
1171 2446 1416 2492 statuunt
1437 2438 1598 2491 etiam
1624 2437 1845 2489 diversa:
1877 2434 2132 2496 Novella,

565 2543 684 2594 quae
711 2528 762 2580 in
801 2531 959 2583 tertio
991 2530 1204 2583 Basilic.
1240 2531 1398 2592 libro,
1428 2529 1584 2583 titulo
1615 2530 1665 2592 l,
1703 2527 1930 2582 diversis
1960 2527 2011 2580 in
2047 2540 2136 2580 ca-

566 2619 770 2687 pitibus
798 2623 1163 2690 reperiuntur.

564 2879 786 2935 ARIST.
824 2899 838 2929 ι
879 2879 1066 2934 Visum
1095 2890 1199 2944 est,
1237 2891 1291 2935 ut
1321 2882 1499 2939 nullus
1533 2885 1819 2949 episcOpus
1850 2879 2132 2948 principali

643 2991 660 3020 ι
700 2986 792 3025 sua
830 2972 1014 3025 relicta
1057 2974 1204 3035 sede,
1237 2973 1287 3024 in
1319 2973 1478 3025 aliam
1517 2987 1575 3027 se
1619 2973 1899 3032 Conferat,
1942 2971 2023 3023 vel
2073 2971 2138 3023 de

644 3083 660 3113 ι
706 3077 762 3116 re
803 3063 1016 3133 propria
1055 3063 1340 3130 sollicitus,
1377 3063 1629 3118 thronum
1661 3078 1815 3118 suum
1845 3062 2130 3132 negligat.»

635 3247 750 3302 Non
785 3257 990 3302 tantum
1023 3252 1145 3317 hoc,
1173 3265 1201 3302 a
1231 3251 1448 3304 civitate
1478 3251 1542 3303 ad
1573 3251 1843 3304 civitatem
1898 3250 2134 3318 migrare

563 3341 892 3408 episcopum,
933 3342 1164 3396 diversis
1194 3343 1496 3396 canonibus
1535 3343 1851 3409 prohibetur
1891 3357 1904 3392 :
1950 3340 2043 3395 sed
2082 3350 2138 3393 et

565 3432 711 3496 illud,
753 3446 889 3494 eam,
926 3448 1045 3501 qua:
1091 3435 1305 3501 proprie
1341 3443 1458 3486 erat
1509 3449 1536 3485 a
1586 3432 1854 3502 principio
1883 3471 1896 3494 ,
1948 3433 2140 3485 cathe-

566 3525 716 3575 dram
769 3525 1010 3578 ecclesia:
1056 3525 1222 3593 ipsius
1260 3526 1587 3592 relinquere,
1636 3535 1689 3579 et
1736 3524 1800 3577 ad
1845 3524 2003 3578 aliam
2047 3538 2137 3578 ec»

566 3615 783 3667 elesiam
818 3615 870 3668 in
924 3616 1110 3670 eadem
1167 3619 1402 3686 parmcia
1467 3617 1759 3679 transilire,
1797 3626 1851 3669 et
1904 3618 1956 3668 in
2015 3631 2135 3670 eam

568 3703 862 3756 transferre
904 3705 1188 3768 honorem,
1232 3707 1316 3759 hic
1360 3722 1534 3759 canon
1568 3721 1669 3759 non
1704 3707 1986 3774 permittit.
2035 3704 2138 3759 Setl

567 3807 665 3844 nec
689 3792 739 3843 in
777 3808 831 3845 rc
862 3795 1078 3860 prepria
1107 3795 1152 3847 ei
1185 3794 1302 3860 plus
1321 3810 1481 3861 quam
1504 3803 1718 3860 oportet
1739 3797 1969 3849 sollicito
1992 3810 2134 3860 esse,

564 3892 620 3935 et
651 3898 836 3936 curam
870 3893 922 3938 et
957 3883 1369 3939 instructionem
1406 3886 1584 3939 noouli
1616 3886 1886 3957 negligere
1922 3887 2066 3940 licet.

1007 4067 1170 4137 609
1199 4067 1282 4120 CA
1296 4065 1430 4120 NON
1472 4067 1680 4123 LXXV.

574 4177 589 4206 ι
637 4157 710 4211 De
739 4158 1033 4212 infantibus
1063 4160 1155 4228 qui
1192 4159 1385 4212 debent
1415 4160 1700 4227 baptizari,
1738 4161 1950 4226 quoties
1986 4162 2050 4214 de
2079 4161 2141 4215 iis

641 4269 657 4299 ι
703 4251 976 4303 dubitatur
1026 4267 1093 4302 an
1129 4250 1379 4315 baptizati
1413 4250 1630 4303 fuerint.
1663 4251 1923 4304 Similiter
1943 4251 2141 4320 placuit

643 4362 659 4392 ι
711 4343 777 4395 de
828 4341 1145 4408 infantibus,
1181 4344 1393 4410 quaties
1443 4359 1546 4396 non
1602 4343 1946 4396 inveniuntur
2000 4344 2138 4395 ﬁrmi

641 4458 656 4487 ι
704 4449 867 4492 testes
918 4439 1006 4506 qni
1032 4453 1122 4490 eos
1152 4437 1268 4490 sine
1294 4438 1663 4490 controversia
1693 4435 1996 4502 baptizatos
2023 4451 2141 4489 esse

642 4549 656 4578 ι
701 4531 917 4591 dicant;
952 4539 1004 4582 et
1054 4543 1152 4582 nec
1196 4529 1292 4596 ipsi
1331 4542 1550 4596 propter
1587 4537 1798 4581 mtatem
1836 4527 1902 4580 de
1941 4527 2139 4580 tradito
2174 4546 2216 4600 υ

642 4642 656 4668 ι
701 4622 778 4674 eis
817 4620 1074 4691 mysterio
1103 4630 1224 4688 apte
1256 4627 1475 4684 lossuut
1509 4619 1856 4686 respondere;
1888 4619 2003 4672 sine
2029 4617 2132 4670 ulla

643 4735 658 4760 ε
701 4714 999 4767 υΠυιιείοιιυ
1054 4728 1208 4780 posse
1255 4727 1348 4766 eos
1397 4711 1680 4777 baptizari.
1739 4709 1848 4764 Nec
1901 4724 2135 4778 unquam

636 4828 649 4851 ι
696 4807 807 4859 lucc
851 4805 1114 4856 dubitatio
1159 4819 1251 4854 eos
1298 4805 1388 4855 tali
1433 4803 1882 4856 sanctiﬁcationis
1933 4805 2128 4856 lustra-

643 4923 656 4948 ς
702 4901 843 4951 tione
894 4897 1142 4965 privabit.
1181 4895 1290 4946 lloc
1347 4896 1488 4947 enim
1559 4895 1864 4948 Maurorum
1931 4895 2087 4963 legati
2122 4933 2135 4955 ,

643 5014 655 5036 ι
706 4991 898 5041 fratres
927 4987 1118 5045 nostri,
1163 4984 1284 5037 ideo
1313 4984 1717 5046 consuluerunt,
1752 4985 1892 5052 quod
1946 4985 2140 5037 multos

645 5103 660 5129 ί
703 5080 964 5132 e‘ttsntodi
991 5095 1020 5131 a
1054 5077 1304 5129 Bnrbnris
1331 5084 1532 5128 emant.
1572 5095 1588 5126 ι

639 5456 830 5510 BALS.
881 5455 1017 5522 Lege
1069 5451 1260 5515 synodi
1319 5451 1368 5504 iu
1404 5451 1586 5504 'frullo
1641 5463 1906 5504 canonem
1962 5461 2013 5504 et
2070 5451 2139 5503 ibi

570 5547 849 5616 praesentis
879 5543 1101 5597 canonis
1125 5540 1628 5610 interpretationem
1661 5539 1776 5592 sine
1810 5538 1916 5592 ulla
1952 5539 2141 5593 immu-

571 5645 790 5706 tatione,
833 5639 1284 5708 quemadmodum
1321 5646 1373 5689 et
1415 5636 1576 5690 verba
1618 5634 1881 5689 invenies.

637 5820 889 5877 ἈΟΝᾹΙὶ.
958 5819 1109 5872 llunc
1167 5831 1450 5879 cauoncm,
1519 5815 1763 5883 pauculis
1819 5816 2136 5885 quibusdam

2237 1973 2444 2034 οἰκείας
2477 1973 2783 2043 ἐπισκοπῆς
2808 1976 2856 2026 οἰ
2890 1975 2946 2026 ἐν
3001 1972 3185 2044 ἐκείνῃ
3221 1973 3354 2025 θεῖοι
3401 1971 3644 2038 Πατέρες
3674 1968 3818 2037 ὡρί-

2239 2083 2419 2128 σαντο,
2448 2067 2508 2117 τὸ
2535 2066 2578 2116 δ’
2610 2066 2884 2134 ἐπιτίμιον
2938 2063 3030 2117 τοῦ
3070 2063 3143 2132 μὴ
3176 2063 3267 2115 τὸν
3295 2061 3494 2115 κανόνα
3525 2060 3826 2127 φυλάττον-

2235 2173 2325 2216 τος
2355 2156 2673 2225 καθαίρεσις
2706 2158 2870 2207 ἐστιν.
2913 2157 2972 2206 Ὀ
3000 2160 3068 2206 ια’
3098 2153 3155 2206 δὲ
3205 2151 3384 2205 κανὼν
3418 2151 3516 2220 τῆς
3572 2152 3628 2202 έν
3674 2149 3822 2220 Σαρ-

2234 2248 2358 2318 δικῇ
2396 2247 2637 2311 συνόδου,
2674 2248 2736 2296 ἐκ
2761 2245 2852 2298 τοῦ
2885 2244 3328 2315 παραδείγματος
3381 2237 3442 2296 οὗ
3483 2241 3704 2308 ἐπάγει,
3736 2241 3822 2302 εἰς

2237 2340 2492 2394 ἐλάττονα
2519 2339 2710 2407 καιρὸν
2735 2337 2880 2390 ἔοικε
2907 2335 3221 2388 συστέλλειν
3245 2335 3344 2404 τὴν
3376 2332 3471 2385 τοῦ
3499 2331 3813 2384 ἐπισκόπου

2237 2428 2562 2496 ἀποδημίαν,
2597 2428 2645 2480 εί
2683 2429 2754 2496 μή
2804 2445 2885 2490 τις
2922 2424 3068 2492 αὐτῷ
3103 2423 3315 2490 ἀνάγκη
3351 2422 3646 2474 ἐπίκειται.
3683 2420 3823 2488 Περὶ

2243 2517 2552 2586 ἀποδημίας
2584 2517 2900 2570 ἐπισκόπων
2963 2517 3026 2567 ἐκ
3079 2513 3189 2564 τῶν
3238 2513 3456 2564 οἰκείων
3505 2511 3823 2579 ἐκκλησιῶν

2237 2607 2608 2661 διατάττονται
2677 2609 2773 2662 καὶ
2842 2607 3086 2675 διάφοροι
3135 2603 3362 2673 Νεαραὶ,
3435 2603 3682 2672 κείμεναι
3739 2603 3822 2663 εἰς

2239 2698 2443 2767 βιϐλίον
2490 2699 2601 2752 τῶν
2633 2697 2936 2752 Βασιλικῶν
2977 2696 3181 2767 τρίτον,
3218 2695 3322 2748 τίτ.
3356 2693 3430 2760 α’,
3457 2695 3512 2747 ἐν
3539 2694 3824 2763 διαφόροις

2237 2789 2570 2856 κεφαλαίοις.

2253 2884 2471 2937 ΑΡΙΣΤ.
2511 2904 2528 2935 ι
2586 2885 2768 2948 Ἔδοξε
2821 2884 3024 2954 μηδένα
3062 2882 3384 2943 ἰπίσκοπον,
3444 2877 3820 2932 καταλιπόντα

2318 2993 2336 3025 ι
2379 2978 2478 3045 τὴν
2513 2976 2841 3046 αὑθεντικὴν
2875 2975 3182 3042 καθέδραν,
3218 2972 3350 3042 πρὸς
3395 2971 3588 3041 ἑτέραν
3643 2987 3812 3040 μεταο

2315 3085 2333 3119 ι
2377 3071 2646 3139 χωρεῖν,ἢ
2676 3071 2733 3122 ἐν
2760 3069 2945 3135 οἰκείῳ
2972 3069 3255 3138 πράγματι
3281 3064 3701 3134 ἀσχολούμενον,
3724 3061 3822 3115 τοῦ

2327 3184 2345 3216 ι
2395 3163 2524 3216 ἰδίου
2561 3161 2750 3231 θρόνου
2776 3161 3018 3228 ἀμελεῖν.
3063 3177 3080 3210 ι

2316 3260 2392 3312 Οὐ
2443 3258 2599 3327 μόνον
2642 3255 2703 3308 τὸ
2759 3255 2868 3307 ἀπὸ
2921 3253 3127 3315 πόλεως
3179 3252 3257 3314 εἰς
3310 3251 3467 3302 πόλιν
3521 3250 3825 3301 ἐπίσκοπον

2247 3349 2592 3420 μεταϐαίνειν
2622 3386 2637 3407 ,
2695 3348 2759 3397 ἐκ
2821 3344 3092 3413 διαφόρων
3151 3341 3393 3394 κανόνων
3469 3339 3823 3394 κεκώλυται·

2241 3441 2376 3495 ἀλλά
2402 3441 2496 3493 καὶ
2528 3439 2587 3490 τὸ
2609 3437 2707 3506 τὴν
2729 3437 2932 3505 κυρίως
2962 3430 3127 3487 οὖσαν
3157 3431 3398 3503 ἀρχῆθεν
3422 3431 3693 3500 καθέδραν
3720 3429 3825 3497 τῆς

2242 3529 2536 3599 ἐκκλησίας
2601 3528 2766 3580 αὑτοῦ
2848 3525 3195 3585 καταλιπεῖν.
3253 3525 3347 3577 καὶ
3424 3523 3560 3593 πρὸς
3621 3523 3825 3593 ἑτέραν

2243 3619 2539 3687 ἐκκλησίαν
2571 3618 2630 3669 ἐν
2671 3619 2737 3685 τῇ
2787 3616 2924 3684 αὐτῇ
2960 3615 3222 3685 παροικίᾳ
3261 3611 3427 3667 οὖσαν
3465 3615 3820 3682 μεταπεσεῖν,

2242 3712 2337 3764 καὶ
2388 3711 2484 3779 τὴν
2534 3709 2702 3778 τιμὴν
2738 3710 2794 3759 ἐν
2829 3709 2966 3776 αὐτῇ
3007 3706 3322 3772 μεταθεῖναι
3361 3705 3390 3756 ὀ
3440 3703 3619 3757 κανὼν
3664 3701 3823 3765 οὗτος

2239 3802 2301 3853 ού
2333 3803 2649 3869 συγχωρεῖ*
2688 3797 2800 3851 ἀλλ’
2833 3798 2951 3850 οὐδὲ
3002 3799 3060 3848 ἐν
3105 3798 3292 3864 οἰκείῳ
3337 3796 3623 3864 πράγματι
3653 3797 3821 3864 ἀσχοο

2242 3890 2450 3941 λεῖσθαι
2496 3889 2660 3941 αὐτὸν
2713 3889 2852 3956 ὑπὲρ
2883 3889 2910 3939 ὃ
2936 3888 3040 3956 χρὴ
3073 3888 3346 3956 ἀνέχεται,
3377 3887 3474 3938 καὶ
3518 3886 3616 3953 τῆς
3655 3902 3825 3953 φρονο

2240 3980 2382 4042 τίδος
2415 3982 2508 4032 καὶ
2546 3981 2645 4049 τῆς
2678 3979 3023 4041 διδασκαλίας
3061 3979 3283 4047 ἀμελεῖν
3307 3976 3400 4031 τοῦ
3437 3977 3586 4031 λαοῦ.

2823 4069 3061 4124 ΚΑΝΩΝ
3103 4071 3224 4123 ΟΕ⁹.

2247 4183 2266 4215 ‹
2331 4163 2468 4233 Περὶ
2518 4163 2731 4232 νηπίων
2813 4161 3140 4228 ὀφειλόντων
3201 4157 3561 4228 βαπτίζεσθαι
3621 4157 3821 4220 ὁσάκις

2318 4272 2335 4305 ι
2382 4252 2781 4322 ἀμφιϐάλλεται
2832 4250 2962 4319 περὶ
3036 4250 3214 4301 αὐτῶν
3245 4252 3293 4301 εἰ
3329 4250 3435 4318 ἀρα
3479 4247 3818 4315 ἐϐαπτίσθη-

2322 4364 2339 4395 ι
2385 4361 2502 4398 σαν.
2547 4343 2778 4412 Ὀμοίως
2828 4344 3024 4413 ηρεσεν
3056 4341 3320 4410 περὶτῶν
3361 4341 3589 4410 νηπίων,
3625 4339 3820 4400 ὁσάκις

2324 4457 2341 4488 ι
2389 4438 2462 4506 μὴ
2527 4437 2869 4505 εὑρίσκονται
2924 4433 3130 4501 βέϐαιοι
3198 4431 3477 4500 μάρτυρες
3534 4430 3583 4480 oi
3641 4428 3823 4480 ταῦτα

2322 4548 2340 4580 ι
2389 4528 2776 4598 ἀναμφιϐόλως
2813 4524 3180 4595 βαπτισθέντα
3228 4520 3369 4576 εἰναι
3411 4522 3657 4589 λέγοντες
3683 4535 3697 4549 '
3725 4522 3822 4573 καὶ

2324 4639 2342 4670 ι
2391 4620 2508 4671 οὐδὲ
2532 4619 2670 4671 αύτά
2695 4619 2780 4671 διὰ
2807 4619 2906 4687 τὴν
2932 4617 3119 4684 κεῖραν
3143 4615 3272 4679 περὶ
3296 4613 3395 4679 τῆς
3418 4609 3821 4681 παραδοθείσης

2323 4731 2338 4760 ι
2389 4710 2572 4770 αὐτοῖς
2615 4708 3006 4778 μυσταγωγίας
3051 4704 3448 4772 ἀποκρίνεσθαι
3499 4701 3822 4771 ἐπιτηδείως

2324 4820 2339 4851 ι
2389 4800 2594 4870 ἔχουσι,
2661 4802 2827 4869 χωρίς
2888 4815 3033 4857 τινος
3093 4796 3522 4865 προσκόμματος
3581 4792 3822 4856 ὀφείλειν

2321 4911 2339 4943 ι
2388 4891 2554 4944 ταῦτα
2591 4891 2950 4961 βαπτίζεσθαι
2977 4905 2989 4918 ’
3022 4889 3233 4958 μήποτε
3266 4889 3293 4938 ό
3333 4885 3573 4944 τοιοῦτος
3626 4883 3817 4936 διστα-

2319 5005 2338 5037 ι
2388 4986 2525 5054 γμὸς
2586 4985 2939 5053 ἀποστερήσῃ
3014 4981 3155 5034 αὐτὰ.
3229 4981 3330 5047 τῆς
3402 4975 3657 5044 τοιαύτης
3717 4975 3816 5028 τοῦ

2322 5099 2338 5130 ι
2385 5077 2654 5144 ἀγιασμοῦ
2703 5075 3044 5144 καθάρσεως.
3081 5072 3176 5122 Ἐκ
3207 5072 3394 5121 τούτου
3430 5070 3536 5138 γὰρ
3565 5071 3613 5121 οἰ
3652 5083 3822 5118 τοπο-

2321 5191 2336 5220 ι
2385 5171 2622 5239 τηρηταὶ
2661 5167 2770 5219 τῶν
2821 5167 3081 5236 Μαύρων,
3138 5163 3357 5230 ἀδελφοὶ
3405 5159 3587 5230 ἡμῶν,
3655 5156 3820 5209 τοῦτο

2322 5283 2339 5313 ι
2388 5261 2798 5324 ἐϐουλεύσαντο,
2831 5259 2912 5312 ὅτι
2962 5258 3188 5318 πολλοὺς
3242 5253 3518 5314 τοιούτους
3566 5251 3676 5303 ἀπὸ
3711 5251 3820 5303 τῶν

2325 5373 2343 5404 ι
2393 5353 2694 5422 Βαρϐάρων
2732 5350 3177 5420 ἐξαγοράζονται.
3221 5365 3238 5398 ι

2317 5446 2520 5498 ΒΔΛΣ.
2565 5443 2864 5512 ’Λνάγνωθι
2909 5443 3010 5511 τῆς
3060 5443 3118 5492 ἐν
3163 5439 3240 5509 τῷ
3291 5437 3544 5508 Τρούλλῳ
3598 5424 3823 5486 συνόδου

2247 5537 2472 5595 κανόνα,
2505 5535 2600 5588 καὶ
2656 5536 2912 5605 εὑρήσεις
2968 5535 3066 5604 τὴν
3123 5531 3216 5583 τοῦ
3276 5531 3550 5599 παρόντος
3595 5528 3822 5588 κανόνος

2247 5626 2543 5698 ἑρμηνείαν
2590 5627 3031 5696 ἀπαραλλάκτως
3073 5626 3210 5686 ἐκεῖ,
3251 5621 3434 5684 καθὼς
3470 5621 3562 5673 καὶ
3613 5618 3680 5671 τὰ
3730 5620 3827 5688 ῥή-

2255 5739 2396 5790 ματα
2423 5720 2516 5771 τοῦ
2549 5720 2788 5781 κανόνος.

2321 5815 2563 5868 ΖΩΝΛΡ.
2603 5812 2803 5866 Τοῦτον
2850 5812 2938 5864 τὸν
2984 5810 3184 5865 κανόνα
3235 5808 3362 5862 ἄνευ
3413 5804 3610 5876 ὀλίγων
3655 5801 3820 5854 τινῶν
