4018 6310
192 388 280 449 ΞΠ

1187 386 1269 447 IN
1299 387 1462 447 CAN.
1498 386 1728 447 LXXVI
1759 382 1965 446 CONC.
1997 379 2372 444 CARTHAG.

3289 362 3392 423 2'18

198 497 434 562 ῥημάτων
459 497 609 566 καὶὴ
646 495 706 548 ιν
731 495 808 565 τῷ
847 495 1103 567 Τρούλλῳ
1160 495 1362 560 ύνοδος,
1391 498 1423 566 ἠ
1455 496 1724 564 λεγομένη

1865 494 2066 562 xceptis
2098 490 2276 545 verbis
2304 486 2552 543 eumdem
2589 496 2811 550 prorsus
2846 478 2986 547 apud
3035 474 3296 546 synodum
3333 474 3386 521 in

198 587 332 654 ἒιιτη,
363 586 472 656 εχει
507 587 960 658 ἀπαραλλάκτως,
988 587 1084 641 καὶ
1118 587 1360 658 ὲξηγήθη
1397 590 1532 641 ἐκεῖ.

201 769 397 823 ΑΡΙΣΤ.
481 787 498 820 ι
558 771 698 832 Τοὺς
744 769 1268 839 ἁμφιγιοουμένους,
1309 770 1356 821 εἰ
1409 768 1738 836 ὲϐαπτίσθη-

267 880 282 910 ι
325 877 440 923 σαν,
473 860 507 930 ἢ
563 861 848 931 μὴ,ῆρεσε
906 860 1301 932 βαπτίζεσθαι·
1354 861 1425 931 μή
1479 877 1607 912 ποτε
1659 859 1737 930 τῷ

267 969 281 998 ι
320 951 600 1019 δισταγμῷ
637 951 940 1020 στερηθῶσι
987 952 1087 1021 τῆς
1127 950 1277 1014 Θείας
1335 951 1670 1013 καθάρσεως.
1712 967 1730 998 ι

264 1128 326 1180 Τὸ
355 1127 452 1195 μὲν
501 1127 754 1194 δεύτερόν
787 1144 908 1179 τινα
961 1126 1351 1196 βαπτισθῆναι,
1389 1128 1438 1178 εἰ
1485 1127 1558 1196 μὴ
1589 1129 1741 1197 παρὰ

202 1218 386 1269 ἀσεϐῶν
405 1217 998 1287 ὲϐαπτίσθη,διάφοροι
1027 1219 1248 1278 κανόνες
1275 1219 1735 1286 ἀπαγορεύουσιν.

206 1310 256 1360 Εἰ
303 1311 352 1362 δέ
384 1327 467 1370 τις
519 1309 926 1378 ἀμφιϐάλλεται
981 1311 1029 1361 εἰ
1089 1308 1415 1377 ἐϐαπτίσθη,
1470 1310 1545 1369 ὼς
1598 1312 1736 1378 μήτε

203 1399 346 1450 αὐτοῦ
387 1398 546 1452 τοῦτο
602 1400 803 1461 εἰδότος
863 1399 950 1452 διὰ
1002 1400 1100 1469 τὴν
1156 1400 1421 1467 βρεφικὴν
1478 1400 1737 1468 ἡλικίαν,

206 1494 327 1560 μήτε
379 1493 580 1560 ἑτέρων
630 1491 1120 1559 διαϐεϐαιουμένων
1173 1492 1266 1543 καὶ
1322 1491 1745 1560 μαρτυρούντων

203 1583 563 1650 ἀναμφιϐόλως
647 1583 812 1634 αὐτὸν
896 1582 1291 1650 βαπτισθῆναι,
1365 1583 1530 1651 χωρίς
1597 1596 1745 1644 τινος

205 1675 509 1739 ἀμφιϐολίας
571 1673 928 1741 βαπτισθῆναι
975 1673 1221 1740 ὀφείλει·
1277 1673 1367 1726 ἵνα
1423 1672 1497 1742 μὴ
1546 1672 1634 1725 διὰ
1681 1672 1741 1724 τὸ

204 1764 493 1835 ἀμφίϐολον
525 1766 762 1833 στερηθῇ
791 1765 887 1832 τῆς
929 1764 1080 1821 θείας
1125 1763 1462 1834 καθάρσεως.

759 1855 994 1908 ΚΑΝΩΝ
1028 1853 1164 1922 ocr.

211 1973 226 2002 ι
263 1953 381 2019 Περὶ
425 1952 515 2005 τοῦ
554 1953 649 2018 τὴν
676 1951 892 2018 ἡμέραν
941 1947 1034 2000 τοῦ
1092 1949 1281 2018 Πάσχα
1340 1950 1396 2000 ὲν
1430 1951 1511 2017 -τῇ
1566 1950 1748 2018 ἡμέρα

273 2065 287 2094 ι
331 2045 543 2096 συνόδου
597 2040 978 2109 ἀγγέλλεσθαι.
1037 2039 1272 2106 Ὁμοίως
1327 2041 1546 2106 ἤρεσεν,
1607 2039 1748 2092 ὥστε

273 2156 288 2178 ι
332 2136 423 2201 τὴν
463 2134 678 2202 ἡμέραν
725 2130 821 2183 τοῦ
881 2130 1257 2199 προσκυνητοῦ
1295 2131 1484 2197 Πάσχα
1534 2129 1620 2182 διὰ
1651 2130 1749 2196 τῆς

278 2244 293 2273 ι
333 2225 434 2275 τῶν
463 2223 859 2290 τετυπωμένων
891 2221 1215 2288 ὑπογραφῆς
1257 2221 1422 2272 πᾶσιν
1455 2218 1753 2288 ἐμφανίζε-

280 2335 294 2364 ‹
339 2314 456 2366 σθαι
479 2332 492 2344 ·
526 2318 558 2382 ὴ
590 2313 645 2365 δὲ
681 2313 779 2379 τῆς
817 2312 1004 2364 συόδου
1028 2310 1208 2377 ἡμέρα
1237 2311 1269 2377 ἡ
1296 2309 1431 2378 αὑτὴ
1474 2307 1745 2376 φυλαχθῇ,

284 2425 304 2456 ο
337 2406 454 2475 ἥτις
502 2403 714 2473 ὡρίσθη
762 2405 821 2455 ὲν
868 2405 932 2471 τῇ
986 2402 1043 2454 ιν
1089 2401 1312 2454 Ἰππῶνι
1351 2400 1575 2467 συνόδῳ,
1606 2399 1751 2451 τοῦτ’

285 2517 301 2549 ι
339 2500 476 2550 ἐστιν
538 2499 573 2566 ἠ
637 2496 743 2562 πρὸ
795 2494 926 2546 δέκα
1000 2493 1278 2546 καλανδῶν
1338 2492 1749 2561 Σεπτεμϐρίων.

283 2605 299 2638 ι
341 2588 574 2654 Ὀφείλει
627 2585 736 2654 γὰρ
771 2588 863 2637 καὶ
921 2586 1202 2654 γραφῆναι
1261 2585 1394 2651 πρὸς
1427 2586 1554 2646 τοὺς
1605 2601 1754 2652 πρω-

284 2698 299 2728 ι
345 2678 598 2738 τεύοντας
646 2676 837 2728 πασῶν
867 2676 974 2727 τῶν
1016 2674 1313 2745 ἐπαρχιῶν,
1348 2676 1454 2737 ἵνα,
1482 2676 1567 2727 ὅτε
1624 2672 1754 2741 παρ’

286 2768 550 2827 ιὲαυτοῖς
605 2763 824 2816 σύνοδον
870 2763 1340 2833 προσκαλοῦνται,
1404 2762 1606 2833 ταύτην
1657 2763 1756 2832 τὴν

286 2876 302 2907 ι
345 2857 551 2924 ἡμέραν
586 2855 945 2918 φυλάττωσιν.
997 2875 1015 2906 ι

282 2950 461 3001 ΒΑΛΣ.
495 2948 603 3001 Καὶ
639 2948 788 3001 ἄλλοι
819 2947 1062 3016 διάφοροι
1091 2948 1312 3010 κανόνες
1355 2949 1583 3020 ὥρισαν,
1627 2953 1756 3001 ποτε

216 3041 406 3107 ὀφείλει
457 3042 702 3106 γενεσθαι
763 3039 978 3092 σύνοδον
1035 3043 1183 3108 παρὰ
1235 3042 1342 3093 τῶν
1400 3041 1757 3111 ὲπαρχιωτῶν

1835 586 2038 649 Trulla,
2080 599 2200 653 quae
2229 591 2376 636 sexta
2410 578 2604 633 dicitur
2627 614 2642 640 ,
2675 589 2740 630 ac
2771 571 2968 628 ibidem
3021 567 3347 637 eaplicatum
3373 601 3386 625 ,

1835 679 2090 743 reperias.

1835 767 2058 822 ARIST.
2097 788 2114 818 ι
2155 766 2232 819 llli
2268 766 2332 818 de
2359 762 2552 830 quibus
2575 757 2886 823 ambigitur,
2917 763 3101 807 utrum
3134 749 3389 818 baptizati

1915 876 1933 910 ι
1970 867 2093 913 sunt
2128 870 2318 918 necne,
2350 852 2582 921 placuit.
2614 859 2671 902 ut
2705 846 3041 915 baptizentur
3073 861 3090 898 :
3139 857 3207 895 ne
3260 854 3390 906 pro-

1916 973 1932 1005 ι
1971 963 2088 1022 pter
2112 947 2510 1016 ambiguitatem
2545 942 2721 996 divina
2752 937 3064 993 lustratione
3098 932 3397 988 destituan-

1911 1061 1929 1092 ι
1970 1051 2074 1096 lttr.
2115 1059 2134 1090 ι

1912 1131 2161 1187 Secmido
2209 1130 2420 1195 quidem
2475 1124 2736 1194 baptizari
2788 1121 3130 1188 quempiam,
3183 1116 3281 1168 nisi
3333 1113 3399 1167 ab

1840 1224 2018 1290 impiis
2046 1222 2344 1288 baptizatus
2377 1216 2536 1270 fuerit
2590 1212 2788 1267 diversi
2822 1226 3057 1265 canones
3092 1207 3401 1276 prohibent.

1843 1314 1896 1368 Si
1927 1314 2046 1382 quis
2086 1322 2263 1364 autem
2301 1310 2544 1377 ambiglt,
2580 1322 2644 1360 an
2676 1307 2973 1373 baptizatus
3007 1301 3188 1361 fuerit,
3222 1305 3406 1365 utpote

1843 1421 1941 1462 nec
1995 1405 2109 1471 ipso
2154 1404 2221 1456 ob
2267 1401 2565 1454 infantilem
2621 1409 2836 1451 aetatem
2869 1395 2997 1448 illttd
3046 1392 3273 1451 sciente,
3307 1403 3406 1441 nec

1845 1499 1966 1552 aliis
1999 1495 2395 1550 allirmantibus
2429 1501 2482 1548 et
2527 1491 2852 1545 testantibus
2904 1504 3024 1542 eum
3075 1486 3213 1538 baud
3251 1483 3410 1536 dubie

1844 1590 2175 1657 baptizatum
2216 1587 2422 1648 fuisse;
2460 1585 2576 1637 sine
2625 1584 2729 1635 ulla
2767 1581 3099 1635 dubitatione
3145 1574 3408 1644 baptizari

1846 1681 2041 1735 debet:
2075 1693 2142 1732 ne
2184 1685 2401 1746 propter
2444 1674 2827 1729 dubitationem
2869 1671 3045 1725 divina
3085 1667 3401 1736 purgatione

1846 1771 2109 1842 privetur.

2370 1854 2596 1911 CANON
2654 1851 2886 1905 LXXVI.

1858 1969 1875 2000 ι
1916 1947 1984 2003 Ut
2017 1949 2132 2002 dies
2161 1949 2380 2003 Pascha:
2411 1949 2460 2000 in
2516 1947 2599 1999 die
2649 1944 2836 2012 synodi
2886 1940 3257 1994 annuutiotur.
3299 1937 3411 1988 lloe

1930 2059 1948 2090 ι
1988 2055 2198 2109 quoque
2228 2040 2475 2092 similiter
2501 2037 2722 2102 placuit,
2756 2043 2810 2085 ut
2847 2033 2964 2086 dics
2998 2030 3281 2084 venerandi
3313 2027 3409 2081 Pa-

1926 2151 1944 2183 ι
1988 2135 2129 2186 sella!
2173 2147 2265 2199 per
2303 2130 2653 2183 lormatarum
2686 2125 3134 2191 subscriptionem
3165 2119 3417 2173 omnibus

1926 2241 1944 2274 ι
1980 2223 2313 2284 ostendatur,
2348 2221 2462 2274 dies
2494 2229 2669 2271 autem
2719 2215 2907 2284 synodi
2953 2214 3091 2265 idem
3147 2219 3417 2272 servetur,

1932 2333 1949 2364 ι
1989 2315 2077 2381 qui
2112 2314 2160 2365 in
2196 2309 2519 2378 llipponens':
2572 2307 2776 2376 synodo
2827 2304 2927 2356 l'nit
2979 2303 3324 2362 constitutus,
3361 2299 3410 2349 id

1928 2425 1944 2456 ι
1980 2415 2083 2468 est,
2121 2416 2244 2457 ante
2272 2403 2534 2457 decimum
2561 2398 2828 2452 Kalendas
2862 2393 3211 2463 Septembris.
3243 2390 3413 2443 Debet

1936 2518 1953 2548 ι
1991 2499 2132 2550 enim
2162 2496 2319 2548 etiam
2371 2492 2531 2547 scribi
2585 2493 2651 2544 ad
2712 2490 2973 2556 primates
3005 2487 3243 2538 omnium
3292 2497 3419 2548 pro-

1937 2608 1952 2640 ι
1999 2588 2320 2647 vinciarnm,
2359 2593 2415 2637 nt
2447 2581 2658 2650 quando
2695 2581 2833 2647 apud
2872 2591 2929 2630 se
2965 2575 3250 2630 concilium
3283 2585 3422 2626 con-

1933 2701 1950 2732 ι
1992 2687 2232 2747 ειοςξιιιιι,
2265 2677 2330 2731 ab
2362 2689 2426 2729 co
2457 2675 2542 2729 die
2577 2671 2899 2726 abstineant.
2939 2686 2955 2718 ι

1935 2941 2127 2997 BALS.
2185 2941 2283 2995 Alii
2335 2951 2546 3007 quoque
2601 2933 2796 2989 diversi
2830 2945 3064 2985 canones
3097 2937 3423 2991 statuerunt,

1863 3037 2077 3105 quando
2109 3033 2299 3086 debeat
2350 3029 2462 3082 lleri
2516 3027 2752 3097 synodus
2808 3039 2834 3075 a
2890 3021 3326 3090 provincialibus,
3369 3027 3424 3069 ut

217 3135 360 3201 χάριν
406 3133 494 3186 τοῦ
551 3132 778 3185 λύεσθαι
836 3132 904 3185 τὰ
955 3133 1386 3200 ἔκκλησιαστικὰ
1443 3133 1753 3201 ζητήματα.

1862 3127 2140 3180 solvantur
2199 3119 2575 3176 ecclesiastica:
2635 3113 2984 3184 quaestiones.
3048 3111 3184 3164 Dicit
3246 3119 3422 3161 autem

215 3223 339 3289 Φησὶ
379 3223 432 3275 δὲ
480 3225 626 3276 καὶὸ
661 3222 851 3293 παρὼν
883 3223 1061 3277 κανὼν
1114 3225 1256 3276 κατὰ
1304 3225 1394 3275 τὶν
1440 3225 1628 3290 καιρὸν
1659 3223 1759 3290 τῆς

221 3314 416 3365 συνόδου
441 3315 577 3380 (ἐστι
605 3313 663 3366 δὲ
694 3309 846 3376 οὗτος
878 3317 904 3367 ὁ
929 3315 1032 3382 πρὸ
1052 3315 1183 3367 δέκα
1207 3313 1488 3366 καλανδῶν
1515 3315 1758 3378 Σεπτεμ-

220 3405 391 3470 ϐρέων,
421 3407 586 3474 ἦγουν
643 3413 725 3456 κα¹
768 3405 862 3457 τοῦ
915 3406 1224 3473 Αὐγούστου
1260 3405 1425 3473 μηνός
1454 3421 1467 3435 ο
1502 3403 1759 3457 καλάνδαι

219 3496 317 3563 γὰρ
366 3497 416 3548 αἰ
472 3497 684 3565 πρῶται
707 3496 797 3550 τοῦ
854 3498 1022 3566 μηνὸς
1074 3495 1343 3563 λέγονται)
1391 3495 1490 3565 τὴν
1520 3496 1758 3563 ἡμέραν,

220 3589 304 3641 τοῦ
331 3590 509 3660 Πάσχα
538 3591 854 3658 δηλοῦσθαι,
883 3591 1022 3643 ὥστε
1062 3590 1433 3654 γινώσκεσθαι
1483 3590 1618 3641 πᾶσι
1649 3588 1762 3649 τοῖς

221 3683 352 3749 ὲντῇ
381 3684 631 3751 ’Δφρικῇ.
676 3685 784 3734 Καὶ
830 3685 858 3734 ό
913 3683 1009 3748 μὲν
1050 3683 1229 3733 κανὼν
1263 3683 1319 3732 ἐν
1353 3679 1560 3741 τούτοις
1584 3696 1597 3709 ’
1644 3679 1764 3730 ἐπεὶ

221 3772 268 3822 δὲ
295 3773 409 3824 οὔτε
438 3774 546 3826 ἀπὸ
576 3772 672 3824 τοῦ
712 3772 981 3840 παρόντος
1032 3773 1252 3832 κανόνος
1301 3771 1424 3823 οὔτε
1454 3770 1545 3836 ἀφ’
1576 3769 1762 3837 ἑτέρου

219 3862 523 3925 γινώσκεται
582 3866 614 3932 ἡ
671 3865 961 3916 ἐπιστασία
1017 3866 1114 3930 τῆς
1166 3864 1378 3932 ἡμέρας
1429 3863 1521 3914 τοῦ
1569 3863 1762 3929 Πάσχα

222 3951 324 4012 (καὶ
368 3954 396 4005 ό
441 3955 483 4016 ζ’
535 3954 646 4022 γὰρ
699 3954 882 4006 κανὼν
929 3954 1036 4006 τῶν
1073 3954 1244 4021 ἁγίων
1275 3953 1584 4006 ἀποστόλων
1625 3954 1763 4021 μετὰ

221 4043 307 4110 τὴν
342 4045 555 4114 ἐαρινὴν
589 4046 879 4113 ἰσημερίαν
919 4045 1211 4108 διορίζεται
1237 4044 1298 4095 τὸ
1325 4046 1516 4113 Πάσχα
1565 4044 1763 4111 ιὲορτά⁴

221 4129 323 4191 ζειν
350 4134 492 4200 ἡμᾶς
523 4135 615 4184 καὶ
647 4133 810 4184 πλέον
839 4132 1014 4200 οὐδὲν)
1040 4148 1052 4162 ·
1100 4133 1218 4185 δέον
1245 4127 1386 4184 εἶναι
1431 4132 1766 4200 κατενοήσα-

225 4238 312 4286 μεν
342 4223 649 4287 ἀναδιδάξαι
677 4225 802 4284 τοὺς
841 4222 1100 4284 θέλοντας
1130 4221 1216 4274 διὰ
1244 4221 1340 4289 τῆς
1376 4219 1469 4273 τοῦ
1500 4220 1765 4289 παρόντος

221 4314 427 4374 κανόνος
479 4314 815 4383 ἑρμηνείας,
868 4313 983 4375 πῶς
1044 4313 1362 4382 εὑρίσκεται
1421 4312 1608 4380 ἡμέρα
1669 4310 1763 4364 τοῦ

220 4405 424 4457 νοίικοῦ
484 4408 604 4476 ἦτοι
681 4405 972 4458 Ἰουδαῖκοῦ
1051 4404 1143 4455 καὶ
1217 4403 1310 4456 τοῦ
1373 4399 1761 4470 Χριστιανικοῦ

1863 3218 2019 3269 etiam
2059 3227 2294 3281 prsescns
2322 3226 2511 3272 canon,
2546 3219 2603 3261 ut
2651 3217 2892 3270 tempore
2942 3203 3130 3272 synodi
3180 3201 3251 3270 (id
3306 3209 3428 3261 est,

1864 3314 1984 3356 ante.
2009 3302 2073 3354 ll)
2105 3299 2330 3354 Kalend.
2368 3296 2719 3364 Septembris,
2751 3292 2812 3345 2|
2852 3291 3057 3345 scilicet
3086 3289 3286 3341 mensis
3312 3291 3423 3338 Διι-

1864 3394 2037 3461 gusti;
2067 3391 2317 3444 Kalcndm
2356 3390 2497 3441 enim
2523 3396 2646 3439 sunt
2677 3386 2879 3452 primus
2907 3383 3018 3434 dies
3056 3379 3275 3445 mensis)
3314 3379 3427 3430 dies

1864 3483 2086 3536 Pascha:
2125 3481 2448 3540 declaretur,
2488 3487 2542 3530 ut
2581 3485 2936 3543 Cugttosc:tlttr
2966 3472 3032 3526 ab
3065 3471 3312 3525 omnibus
3337 3471 3426 3536 qui

1865 3585 1988 3627 sunt
2029 3576 2079 3627 in
2111 3572 2312 3625 Africa.
2363 3571 2439 3624 Ac
2470 3571 2520 3622 in
2557 3569 2637 3622 bis
2672 3567 2886 3634 quidem
2933 3563 3180 3619 consistit
3215 3578 3410 3615 canon.

1864 3667 1996 3731 Quia
2029 3675 2224 3727 autem,
2262 3679 2358 3715 nec
2401 3677 2428 3714 a
2489 3659 2736 3726 praesenti
2773 3672 2997 3716 canone,
3062 3670 3158 3708 nec
3206 3658 3269 3704 ab
3317 3654 3418 3706 alia

1864 3756 2204 3823 COgnoscitur
2260 3752 2364 3806 diei
2404 3750 2622 3803 Pascltze
2672 3747 2935 3801 institutio
2988 3747 3132 3813 (nam
3184 3758 3355 3795 canon
3400 3753 3414 3793 ι

1866 3855 2173 3903 sanctorum
2207 3844 2567 3912 apostolorum
2600 3842 2814 3902 statuit,
2844 3849 2902 3893 ut
2930 3853 3027 3892 nos
3054 3847 3172 3906 post
3207 3852 3424 3889 vernum

1866 3939 2246 4006 aequinoctium
2300 3935 2503 3989 Pascha
2550 3933 2902 3990 celebremus.
2947 3941 3000 3984 et
3057 3931 3186 3982 nihil
3241 3927 3430 3994 aliud),

1865 4029 2289 4082 existimavimus
2323 4035 2569 4091 oportere
2615 4039 2712 4077 nos
2757 4037 2852 4088 per
2894 4022 3171 4089 praesentis
3208 4018 3429 4072 canonis

1869 4116 2374 4186 interpretationem
2427 4115 2621 4166 docere
2651 4125 2763 4174 eos,
2801 4109 2893 4177 qui
2941 4107 3127 4170 velint,
3164 4105 3431 4174 quomodo

1867 4208 2173 4261 inveniatur
2205 4206 2321 4259 dies
2357 4204 2544 4271 legalis
2579 4215 2671 4256 seu
2696 4200 2903 4254 Judaici
2932 4207 2984 4253 et
3009 4196 3302 4251 Christiani
3335 4194 3430 4247 Pa-

1868 4298 2030 4365 schae,
2064 4298 2192 4364 quin
2224 4306 2277 4349 et
2305 4294 2755 4362 Carnisprivinm.
2800 4290 2938 4344 Fieri
2965 4291 3105 4341 enim
3146 4297 3342 4353 potest,
3376 4298 3435 4340 ιιι

1866 4389 2198 4446 orthoduxus
2229 4387 2494 4457 quispiam
2530 4386 2581 4438 in
2612 4386 2747 4446 loca,
2778 4383 2865 4436 ubi
2895 4383 3007 4435 bmc
3037 4396 3140 4433 non
3175 4389 3437 4433 curantur

223 4495 395 4565 Πάσχα
420 4512 435 4527 ο
463 4472 599 4549 ἀλλὰ
629 4496 735 4564 μὴν
769 4497 862 4547 καὶ
912 4497 944 4564 ὴ
1002 4495 1268 4562 ἀποκρέα.
1321 4494 1483 4555 Εἰκὸς
1510 4491 1618 4562 γάρ
1648 4493 1758 4544 ἐστι

1874 4495 1970 4535 nec
2005 4486 2422 4549 cognoscuntur,
2450 4476 2652 4530 incidat
2681 4515 2694 4538 ,
2722 4483 2775 4525 et
2809 4489 2903 4542 per
2933 4472 3286 4540 ignorantiam
3324 4486 3427 4522 non

225 4589 534 4655 παρατυχεῖν
599 4585 877 4655 ὀρθόδοξόν
950 4601 1072 4637 τινα
1142 4587 1221 4645 εἰς
1246 4583 1467 4645 τόπους,
1523 4582 1650 4634 ἔνθα
1699 4584 1768 4636 τὰ

223 4677 426 4728 τοιαῦτα
469 4677 528 4728 ού
580 4676 1156 4744 πολυπραγμονοῦνται
1205 4675 1326 4727 οὐδὲ
1382 4673 1764 4740 γινώσκονται,

223 4767 304 4813 καὶ
343 4767 398 4828 ἐξ
451 4765 672 4832 ἀγνοίας
704 4762 1052 4834 ἀποκρεῶσαι
1094 4766 1126 4834 ἢ
1176 4765 1458 4833 πασχάσαι
1494 4762 1645 4831 παρὰ
1676 4763 1766 4814 τὸν

225 4857 547 4922 προσήκοντα
563 4857 774 4922 καιρὸν,
792 4857 928 4925 ὅπερ
953 4856 1098 4920 ἐστὶν
1128 4855 1538 4921 ἁσύγγνωστον.
1573 4854 1767 4905 Ἰστὲον

222 4940 302 4995 οὖν
331 4949 428 5011 πρὸ
459 4947 676 4999 πάντων
707 4947 811 5011 ὅτι,
842 4949 890 4999 εἰ
929 4947 1004 5016 μὴ
1047 4945 1302 5011 γινώσκει
1349 4961 1432 5004 τις
1489 4943 1580 4995 τοῦ
1613 4961 1766 5013 νομι-

225 5035 306 5084 κοῦ
361 5036 553 5107 Πάσχα
600 5036 696 5106 τὴν
723 5036 996 5105 ,ἠμέραν,
1023 5036 1082 5087 οὐ
1124 5035 1343 5087 δύναται
1397 5036 1571 5085 εἰπεῖν
1637 5035 1766 5085 πότε

223 5121 408 5188 ὀφείλει
465 5126 724 5192 γενέσθαι
796 5127 857 5177 τὸ
915 5125 1302 5195 Χριστιανικὸν
1375 5124 1584 5193 Πάσχα.
1648 5125 1768 5175 Ἔτι

227 5214 378 5267 ἰστέον
412 5218 493 5269 ὅτι
521 5216 585 5269 τὸ
625 5218 724 5286 μὲν
772 5218 996 5286 νομικὸν
1030 5219 1219 5287 Πάσχα
1261 5218 1469 5283 γίνεται
1515 5216 1623 5269 ἀπὸ
1681 5223 1765 5268 κα⁹

224 5302 302 5353 τοῦ
325 5305 564 5375 Μαρτίου
599 5307 766 5376 μηνὸς
798 5309 960 5376 μέχρι
1008 5308 1101 5358 καὶ
1144 5308 1242 5376 τῆς
1295 5305 1767 5373 ὀκτωκαιδεκάτῃ

224 5393 304 5446 τοῦ
343 5396 654 5465 Ἀπριλλίου
684 5397 851 5466 μηνός
877 5413 891 5432 ·
923 5398 984 5448 τὸ
1011 5397 1066 5450 δὲ
1093 5399 1482 5468 Χριστιανικδν
1516 5399 1622 5449 ἀπὸ
1669 5399 1766 5467 τῆς

229 5491 299 5549 κγ’
317 5488 399 5539 τοῦ
426 5489 673 5558 Μαρτίου
705 5490 874 5559 μηνὸς
903 5490 1060 5560 μέχρι
1088 5491 1184 5559 τῆς
1207 5495 1283 5540 κε’
1317 5489 1409 5541 τοῦ
1445 5490 1761 5554 ’Λπριλλίου

231 5578 399 5644 μηνός.
426 5579 644 5631 Τούτων
675 5580 732 5633 δὲ
776 5580 918 5632 οὓτω
946 5579 1462 5650 προθεωρηθέντων,
1511 5582 1558 5632 εί
1591 5581 1765 5644 θέλεις

230 5664 682 5733 ἑξακριϐώσασθαι
714 5671 813 5739 τὴν
840 5671 1054 5740 ἡμέραν
1093 5669 1187 5722 τοῦ
1228 5668 1520 5722 Ἰουδαῖκοῦ
1575 5671 1767 5739 Πάσχα

229 5757 307 5807 καὶ
328 5758 413 5814 τοῦ
447 5759 864 5829 Χριστιανικοῦ,
898 5762 1128 5831 ζήτησον
1160 5759 1373 5829 πρῶτον
1405 5760 1496 5814 καὶ
1528 5760 1649 5829 εὑρὲ
1676 5761 1764 5812 τὸν

1870 4573 2210 4630 eonvenienti
2250 4583 2489 4640 tempore
2536 4569 2615 4623 vel
2668 4585 2696 4621 a
2748 4568 3006 4622 carnibus
3051 4566 3319 4619 abstineat
3356 4564 3436 4615 vel

1872 4667 2074 4720 Pascha
2105 4666 2381 4728 celebret;
2417 4663 2556 4731 quod
2589 4677 2690 4714 non
2725 4670 2806 4714 est
2837 4657 3270 4712 coadonaudum.
3302 4659 3438 4707 Ante

1869 4757 2048 4810 omnia
2075 4771 2207 4824 ergo
2237 4755 2513 4808 sciendum
2569 4763 2670 4814 est,
2719 4751 2860 4819 quod
2918 4750 3018 4803 nisi
3076 4748 3195 4814 quis
3255 4747 3438 4815 legalis

1872 4846 2091 4900 Paschaa
2121 4846 2258 4898 diem
2284 4845 2450 4914 610
2475 4844 2700 4905 noverit,
2735 4858 2838 4894 non
2864 4851 3037 4910 potest
3066 4840 3202 4892 scire
3224 4839 3438 4906 quando

1871 4936 2237 4991 Christianum
2290 4935 2496 4988 Pascha
2537 4935 2649 4988 lieri
2688 4934 2900 4987 debeat.
2945 4932 3207 4982 Prmterca
3262 4929 3439 4979 scien-

1871 5031 1994 5082 dnm
2027 5035 2128 5086 est.
2159 5029 2302 5097 quod
2341 5029 2507 5096 legale
2556 5026 2762 5078 Pascha
2811 5026 2867 5077 lit
2899 5040 2925 5075 a
2974 5023 3232 5074 vicesimo
3264 5020 3438 5085 primo

1874 5119 2076 5174 mensis
2105 5119 2284 5172 Martii
2324 5133 2494 5187 usque
2533 5117 2596 5170 ad
2633 5119 2893 5170 decimum
2927 5123 3174 5166 octavum
3213 5111 3435 5178 Aprilis:

1871 5214 2236 5267 Christianum
2277 5220 2451 5263 autem
2484 5227 2511 5262 a
2549 5209 2805 5263 vicesimo
2842 5207 3001 5260 tertio
3051 5203 3228 5256 Martii
3268 5216 3438 5268 usque

1874 5301 1938 5355 ad
1965 5301 2280 5355 vicesimum
2333 5301 2578 5367 quintum
2635 5299 2836 5352 mensis
2870 5296 3087 5364 Aprilis.
3120 5293 3215 5347 llis
3257 5302 3433 5345 autem

1871 5393 1949 5445 sic
2001 5394 2231 5461 primum
2282 5390 2660 5449 consideratis.
2699 5391 2740 5443 si
2778 5388 2913 5442 velis
2953 5385 3163 5440 Judaici
3218 5384 3437 5437 Pascha:

1872 5483 2013 5538 diem
2045 5493 2233 5537 exacte
2265 5485 2425 5546 seire,
2452 5491 2507 5534 et
2537 5480 2717 5534 itidem
2749 5477 3038 5534 Christiani
3071 5516 3082 5538 ,
3113 5490 3291 5543 qurere
3327 5471 3436 5540 pri-

1873 5592 2016 5629 mum
2048 5587 2102 5629 et
2133 5576 2308 5629 iuveni
2333 5573 2538 5643 cyclum
2577 5572 2734 5634 luna',
2761 5571 2847 5638 qui
2880 5570 2958 5624 sic
2991 5569 3294 5621 invenitur:
3329 5563 3438 5615 Νει-

1873 5682 2015 5721 mera
2046 5682 2216 5720 annos
2251 5681 2279 5717 ιι
2310 5664 2585 5720 creatione
2614 5661 2790 5715 inundi
2815 5700 2828 5724 ,
2857 5669 2910 5713 et
2940 5676 3034 5729 per
3069 5657 3437 5712 novemdecim

1871 5775 1965 5815 eos
2001 5758 2196 5822 divide,
2225 5764 2278 5810 et
2308 5756 2397 5827 qui
2431 5753 2812 5819 remanserint,
2847 5754 3052 5820 cycluut
3087 5751 3225 5804 luna:
3260 5747 3437 5803 decla-
