4018 6310
567 379 674 441 ξ.)ἷό

1826 391 2110 453 ἸἩΕΟΒ.
2155 392 2561 455 BALSAMON

3700 397 3817 460 ‘276

565 498 760 570 quibus
793 499 922 554 nulli
953 501 1252 570 peculiares
1281 503 1519 575 cpiseOpi
1551 506 1745 574 prmﬁci
1774 520 2122 561 consuevere.

2232 508 2570 577 διοικήσεων,
2607 507 2673 569 ἃς
2702 508 2797 561 καὶ
2837 510 3133 579 παροικίας
3157 511 3209 566 οί
3243 513 3464 577 κανόνες
3510 514 3809 572 καλοῦσιν,

563 591 730 656 igitur
771 591 855 644 hic
902 607 1075 645 canon
1137 593 1187 646 in
1242 595 1477 664 aliquam
1532 599 1795 666 ejusmodi
1844 597 2128 652 ecclesiam

560 695 868 746 «τμιεεονιιιιι
910 683 1201 748 proﬁcisci,
1238 701 1301 738 ac
1340 687 1392 739 in
1435 703 1496 741 ea
1536 689 1710 756 populi
1747 690 1830 743 sui
1873 703 1997 743 cura
2033 702 2126 741 ne.

562 772 733 838 glecta
762 774 962 827 diutius
995 777 1214 839 morari,
1248 786 1430 844 vetat;
1460 783 1550 832 sed
1583 780 1663 832 vel
1698 779 1749 833 in
1778 795 1840 834 ea
1881 779 2130 848 chorepi—

558 878 780 931 scopum
835 868 1186 932 constituere,
1211 869 1292 921 vel
1331 873 1643 940 presbytero
1685 872 2127 939 procurationem

558 954 675 1019 ejus
715 955 815 1009 loci
863 971 1043 1010 rerum
1075 959 1356 1023 mandare,
1379 961 1526 1027 iubet
1555 979 1568 1014 :
1600 963 1879 1030 episcopos
1909 977 2039 1016 vero
2074 962 2128 1014 in

563 1061 656 1100 sua
694 1056 962 1117 quemque
990 1050 1217 1104 ecclesia
1249 1053 1585 1108 continenter
1625 1055 1930 1120 obdurare,
1962 1069 2024 1107 ac
2064 1068 2130 1107 ne

558 1138 761 1206 proprii
792 1139 1006 1207 quidem
1030 1144 1226 1209 negotii
1260 1144 1520 1198 tractandi
1544 1160 1705 1199 causa
1729 1145 1948 1207 diutius,
1969 1159 2129 1212 quam

561 1244 656 1294 par
688 1239 769 1284 est
796 1232 1006 1295 abesse,
1044 1247 1300 1288 curamve
1329 1235 1559 1289 sollicite
1591 1236 1645 1288 in
1681 1235 1975 1304 episcopali
2022 1246 2132 1289 sta-

558 1320 704 1374 tione
748 1325 1135 1390 permanendi,
1195 1326 1558 1397 populumque
1601 1328 1828 1382 salutari
1883 1327 2127 1381 doctrina

556 1414 928 1482 infortnaud‘r,
964 1416 1239 1473 deserere.
1276 1420 1449 1488 Atque
1481 1420 1610 1475 illud
1642 1421 1860 1490 quidem
1897 1419 2128 1490 [diutius

557 1520 714 1571 quam
754 1521 852 1573 par
885 1506 990 1578 est]
1029 1509 1129 1562 hoc
1156 1511 1273 1564 loco
1323 1511 1461 1564 nulla
1491 1512 1993 1579 circumscriptione
2035 1510 2130 1563 de-

559 1595 741 1649 linitur
769 1615 780 1650 :
811 1599 1022 1653 decimo
1049 1608 1202 1654 sexto
1233 1611 1406 1654 autem
1436 1617 1646 1656 canone
1678 1603 1728 1655 in
1763 1604 1959 1670 templo
1993 1602 2129 1655 San-

553 1696 762 1742 ctorum
795 1691 1174 1756 Apostolorum
1223 1693 1417 1746 habitae
1443 1694 1660 1763 synodi,
1695 1703 1814 1762 qua:
1847 1693 2016 1762 prima
2064 1702 2118 1745 et

551 1785 786 1836 secunda
826 1785 1158 1848 nominatur,
1192 1799 1260 1837 ne
1289 1785 1425 1837 ultra
1459 1794 1721 1839 Semestrc
1760 1797 1971 1852 tempus
1997 1784 2116 1851 epi-

2235 599 2292 650 ἐν
2328 593 2416 662 αἷς
2457 598 2556 651 ούκ
2588 597 2842 654 είώθασιν
2889 602 3173 658 ἐπίσκοποι
3202 605 3668 677 προχειρίζεσθαι.
3713 604 3817 673 Μὴ

2230 686 2323 744 οὖν
2353 692 2409 744 ἐν
2438 693 2663 767 τοιαύτη
2691 695 2956 765 ἐκκλησίᾳ
2991 697 3228 759 ἀπιέναι,
3259 697 3355 750 καὶ
3385 697 3673 768 χρονίζειν,
3711 699 3817 750 τὸν

2231 782 2527 836 ἐπίσκοπον
2572 786 2600 837 ό
2647 784 2828 838 κανὼν
2873 787 3240 849 διατάττεται,
3283 789 3379 841 καὶ
3431 789 3654 858 ἀμελεῖν
3709 788 3820 840 τοῦ

2228 874 2430 928 οίκείου
2473 876 2638 929 λαοῦο
2670 876 2787 932 ἀλλ’
2821 880 2938 932 ἐκεῖ
2989 880 3088 948 μὲν
3120 881 3151 949 ἢ
3190 879 3602 950 χωρεπίσκοπον
3658 880 3818 932 καθ-

2232 966 2471 1035 ιστᾷν,ἢ
2517 967 2603 1020 διὰ
2654 968 3026 1038 πρεσϐυτέρου
3064 971 3333 1024 ποιεῖσθαι
3383 971 3481 1040 τὴν
3529 971 3822 1038 διοίκησιν

2229 1054 2334 1107 τῶν
2378 1057 2529 1109 ἐκεῖ·
2574 1059 2700 1120 τοὺς
2745 1058 2792 1109 δ’
2819 1060 3157 1120 ἐπισκόπους
3191 1063 3313 1122 ταῖς
3348 1059 3578 1120 οἰκείαις
3616 1075 3812 1126 προσ-

2231 1149 2513 1216 καρτερεῖν
2537 1148 2872 1217 ἐκκλησίαις.
2906 1151 3000 1204 καὶ
3035 1150 3171 1221 μηδὲ
3209 1150 3279 1204 δι’
3317 1153 3517 1203 οἰκεῖον
3559 1150 3815 1219 πρᾶγμα

2231 1236 2578 1306 ἀσχολεῖσθαι
2639 1240 2781 1310 ὑπὲρ
2836 1240 2863 1293 δ
2916 1243 3042 1312 χρὴ,
3077 1244 3171 1296 καὶ
3221 1241 3526 1311 ἀποδημεῖν
3559 1242 3656 1307 τῆς
3708 1239 3821 1292 τοῦ

2234 1327 2366 1380 ίδὶου
2415 1329 2607 1399 χρόνου
2657 1333 2963 1401 συνεχείας,
3013 1335 3132 1402 ἦτοι
3179 1333 3275 1386 τοῦ
3327 1334 3468 1386 κατὰ
3515 1332 3817 1401 συνέχειαν

2232 1418 2325 1468 καὶ
2383 1417 2694 1482 ἀδιακόπως
2728 1421 3072 1490 παραμένειν
3119 1425 3184 1492 τῇ
3243 1422 3346 1493 ίδίᾳ
3377 1425 3675 1492 ἐπισκοπῇ.
3712 1425 3822 1476 καὶ

2229 1506 2503 1561 διδάσκειν
2555 1509 2644 1563 τὸν
2701 1509 2849 1566 λαόν.
2889 1512 2963 1565 Τὸ
3010 1511 3088 1575 δὲ,
3122 1513 3264 1583 ὑπὲρ
3321 1513 3348 1566 ὃ
3401 1516 3527 1583 χρὴ,
3559 1513 3816 1567 ἐνταῦθα

2233 1597 2331 1666 μὲν
2362 1599 2629 1669 ἀορίστως
2676 1605 2853 1655 κεῖται
2875 1617 2890 1632 '
2925 1603 2982 1656 ἐν
3007 1604 3063 1656 δὲ
3093 1605 3172 1671 τῷ
3203 1605 3579 1675 ἑκκαιδεκάτῳ
3611 1605 3820 1656 κανόνι

2229 1690 2328 1758 τῆς
2360 1691 2418 1743 ἐν
2465 1692 2541 1760 τῷ
2575 1692 2686 1762 ναῷ
2712 1695 2820 1746 τῶν
2883 1694 3082 1762 Ἀγίων
3126 1696 3475 1749 Ἀποστόλων
3526 1696 3819 1764 συστάσης

2232 1781 2471 1845 συνόδου,
2503 1783 2601 1849 τῆς
2638 1784 2960 1853 λεγομένης,
2991 1784 3217 1853 πρώτης
3247 1785 3342 1836 καὶ
3391 1785 3672 1852 δευτέρας,
3734 1783 3822 1852 μὴ

553 1891 720 1944 scopo
748 1893 777 1930 a
845 1893 938 1930 sua
969 1879 1094 1931 sede
1125 1880 1313 1932 abesse
1342 1880 1519 1941 liceat,
1547 1878 1710 1931 divini
1735 1876 1943 1940 Patres,
1964 1890 2121 1944 poena

2232 1873 2388 1928 πλέον
2459 1877 2646 1944 μηνῶν
2709 1876 2769 1940 ἒξ
2822 1877 3124 1945 ἀποδημεῖν
3172 1877 3266 1927 τὸν
3331 1876 3638 1928 ἐπίσκοπον
3707 1879 3820 1943 τῆς

553 1968 910 2036 depositionis
969 1970 1264 2038 preposita,
1316 1972 1738 2024 constituerunt.
1789 1968 2122 2024 Undecimus

555 2076 684 2116 vero
713 2062 924 2118 Sardic.
953 2064 1143 2133 synodi
1184 2079 1377 2126 canon,
1412 2064 1629 2119 brevius
1671 2064 1846 2117 adhuc
1883 2063 2120 2130 spatium

553 2151 793 2220 episcOpi
821 2154 1103 2218 absentim,
1148 2156 1247 2209 nisi
1297 2155 1598 2209 necessaria
1636 2167 1795 2208 causa
1832 2152 2009 2221 aliqua
2045 2152 2125 2204 iu-

556 2243 814 2305 tcrcedat,
845 2253 901 2295 ut
929 2258 993 2296 ex
1028 2259 1091 2297 eo
1129 2247 1269 2313 quod
1318 2247 1389 2300 ibi
1443 2246 1666 2300 affertur
1694 2245 1942 2313 exemplo
1975 2243 2123 2297 colli-

554 2347 681 2398 gere
708 2343 811 2395 est,
841 2334 1049 2389 videtur
1079 2336 1395 2403 prmliuisse.
1462 2336 1531 2390 De
1559 2337 1794 2390 discessu
1831 2336 2117 2402 episcopo-

555 2439 672 2476 rum
701 2440 728 2476 a
757 2426 868 2478 suis
895 2426 1135 2479 ecclesiis
1159 2435 1403 2481 statuunt
1424 2428 1585 2480 etiam
1612 2428 1833 2481 diversa:
1864 2425 2119 2488 Novellae,

553 2530 672 2583 quae
698 2516 750 2568 in
790 2519 947 2572 tertio
979 2519 1192 2572 Basilio.
1227 2519 1385 2582 libro.
1415 2519 1571 2574 titulo
1602 2520 1652 2583 ί,
1691 2518 1917 2573 diversis
1947 2519 1998 2572 in
2034 2531 2124 2572 ea-

553 2607 757 2675 pitibus
786 2611 1150 2679 reperiuntur.

551 2867 772 2923 ARIST.
811 2887 825 2917 I
866 2867 1053 2922 Visum
1083 2879 1186 2933 est,
1225 2880 1278 2924 ut
1308 2872 1486 2928 nullus
1519 2875 1805 2939 episcopus
1836 2871 2119 2940 principali

631 2979 647 3008 ι
687 2974 779 3012 sua
818 2960 1000 3013 relicta
1044 2962 1191 3024 sede,
1224 2962 1274 3014 in
1306 2962 1465 3015 aliam
1503 2976 1561 3016 se
1606 2963 1885 3024 conferat,
1928 2963 2009 3014 vel
2058 2963 2124 3014 de

631 3071 647 3101 ι
693 3064 749 3104 re
789 3051 1003 3120 propria
1042 3052 1326 3118 sollicitus,
1363 3053 1616 3107 thronum
1647 3069 1801 3108 suum
1830 3053 2116 3123 negligant

621 3234 736 3289 Non
771 3245 977 3290 tantum
1009 3240 1131 3305 boc,
1160 3253 1187 3290 a
1217 3239 1434 3294 civitate
1464 3241 1528 3292 ad
1559 3241 1828 3294 civitatem
1883 3241 2119 3309 migrare

548 3327 878 3396 episcopum,
919 3330 1151 3384 diversis
1181 3332 1481 3385 canonibus
1521 3332 1837 3398 prohibetur
1876 3348 1889 3384 :
1935 3331 2029 3386 sed
2067 3341 2123 3385 et

550 3418 696 3482 illud,
738 3433 874 3482 eam,
911 3436 1030 3489 quae
1077 3423 1291 3490 proprie
1327 3432 1444 3475 erat
1495 3439 1522 3474 a
1571 3422 1838 3492 principio
1868 3462 1881 3484 ,
1933 3425 2125 3476 cathe-

551 3511 701 3562 dram
755 3513 997 3566 ecclesia:
1041 3513 1207 3581 ipsius
1245 3515 1572 3582 relinquere,
1621 3526 1674 3568 et
1721 3514 1785 3567 ad
1829 3514 1987 3568 aliam
2032 3529 2122 3568 ec--

551 3601 768 3654 elesiam
803 3603 855 3655 in
910 3604 1095 3657 eadem
1153 3608 1387 3673 parmcia
1452 3606 1744 3669 transilire,
1782 3616 1836 3659 et
1890 3608 1940 3658 in
1999 3622 2119 3660 eam

553 3691 847 3744 transferre
889 3693 1172 3757 honorem,
1217 3695 1301 3748 hic
1345 3711 1518 3748 canon
1552 3710 1654 3749 non
1688 3698 1971 3764 permittit.
2019 3695 2122 3750 Sed

551 3794 650 3832 nec
674 3779 724 3831 iu
761 3795 816 3833 re
847 3782 1062 3848 propria
1092 3783 1136 3835 ei
1170 3783 1287 3849 plus
1306 3800 1465 3850 quam
1489 3793 1702 3850 oportet
1724 3786 1953 3839 sollicito
1977 3801 2118 3850 esse,

548 3879 604 3922 et
635 3885 820 3923 curam
854 3881 907 3925 et
941 3871 1353 3928 instructionem
1391 3875 1568 3929 uoouli
1600 3875 1871 3947 negligere
1906 3877 2051 3931 licet.

991 4055 1154 4125 609
1183 4056 1266 4109 CA
1280 4055 1413 4110 NON
1457 4056 1664 4112 LXXV.

558 4164 573 4193 ι
621 4143 694 4198 De
723 4145 1017 4200 infantibus
1047 4148 1138 4216 qui
1175 4147 1369 4201 debent
1400 4150 1684 4216 baptizari,
1721 4152 1933 4216 quoties
1970 4153 2034 4204 de
2062 4151 2124 4206 iis

625 4255 641 4285 ι
686 4238 959 4291 dubitatur
1010 4255 1076 4291 an
1113 4238 1362 4302 baptizuti
1397 4239 1613 4292 fuerint.
1647 4241 1907 4294 Similiter
1926 4242 2124 4311 placuit

627 4349 643 4379 ι
695 4330 760 4382 de
811 4330 1128 4396 infantibus,
1164 4333 1376 4397 quoties
1426 4348 1529 4385 non
1585 4333 1930 4386 inveniuntur
1983 4335 2121 4386 ﬁrmi

624 4445 638 4474 ι
688 4435 851 4480 testes
901 4426 989 4493 qui
1014 4441 1105 4478 eos
1135 4425 1252 4479 sine
1277 4426 1645 4480 controversia
1675 4425 1978 4491 baptizatos
2005 4441 2124 4480 esse

625 4536 638 4566 ι
685 4518 900 4580 dicant;
935 4527 988 4570 et
1037 4532 1135 4570 nec
1179 4517 1273 4584 ipsi
1313 4531 1533 4585 propter
1570 4526 1781 4570 :ctatem
1819 4516 1885 4569 de
1924 4518 2121 4570 tradito
2156 4537 2198 4591 ι)

625 4629 638 4656 α
683 4609 762 4661 eis
800 4609 1058 4679 mysterio
1085 4619 1205 4676 apte
1237 4617 1458 4672 lossuut
1491 4609 1838 4675 respondere;
1871 4609 1985 4661 sine
2010 4607 2114 4661 ulla

626 4722 640 4748 ε
683 4701 981 4754 oll'eusiuoe
1037 4716 1190 4768 posse
1237 4715 1330 4754 eos
1379 4700 1662 4765 baptizari.
1721 4698 1830 4753 Nec
1883 4715 2118 4767 unquam

618 4815 632 4838 ι
678 4795 789 4846 haec
833 4792 1096 4844 dubitatio
1141 4808 1233 4843 eos
1279 4792 1370 4843 tali
1415 4793 1864 4846 sanctiﬁcationis
1915 4794 2110 4846 lustra-

625 4910 638 4936 ς
684 4887 826 4938 tione
875 4884 1123 4953 privabit.
1162 4883 1271 4935 llue
1329 4884 1470 4935 enim
1541 4883 1846 4937 illattrorum
1913 4885 2116 4952 legati,

625 5001 637 5023 ι
688 4978 879 5029 fratres
909 4975 1100 5034 nostri,
1145 4972 1266 5025 ideo
1295 4972 1699 5036 consuluerunt,
1733 4975 1874 5042 quod
1927 4975 2121 5028 multos

627 5088 641 5115 ί
685 5067 946 5120 e‘usmudi
973 5083 1001 5119 a
1034 5065 1285 5118 Barburis
1313 5073 1513 5118 emant.
1553 5084 1570 5115 ι

619 5444 811 5498 BALS.
861 5443 998 5511 Lege
1049 5440 1240 5504 synodi
1299 5439 1349 5493 iu
1384 5439 1566 5494 '[rullo
1622 5452 1886 5494 cauonem
1942 5449 1994 5494 et
2050 5441 2118 5493 ibi

550 5535 828 5603 praesentis
859 5531 1081 5586 canonis
1105 5530 1608 5599 interpretationem
1641 5529 1756 5582 sine
1789 5528 1896 5582 ulla
1932 5529 2121 5584 immu-

551 5633 770 5694 tatione,
813 5627 1264 5697 quemadmodum
1301 5635 1352 5678 et
1395 5625 1556 5678 verba
1598 5624 1859 5678 invenies.

616 5809 869 5865 ἈΟΝΛΙὶ.
937 5807 1088 5862 lluuc
1146 5821 1429 5870 cntionem,
1498 5803 1742 5872 pauculis
1798 5806 2115 5875 quibusdam

2225 1965 2432 2027 οίκείας
2465 1967 2772 2036 ἐπισκοπῆς
2797 1970 2845 2020 οί
2878 1970 2935 2020 ἐν
2990 1967 3174 2038 ἐκείνῃ
3209 1967 3343 2020 θεῖοι
3390 1967 3633 2034 Πατέρες
3663 1965 3813 2034 ὡρί-

2227 2075 2407 2120 σαντο,
2437 2060 2497 2110 τὸ
2525 2059 2567 2110 δ’
2599 2060 2872 2128 ἐπιτίμιον
2925 2057 3018 2111 τοῦ
3058 2057 3131 2127 μὴ
3165 2058 3256 2110 τὸν
3283 2057 3482 2110 κανόνα
3514 2056 3822 2123 φυλάττον-

2223 2165 2314 2209 τος
2344 2149 2660 2218 καθαίρεσις
2694 2151 2857 2201 ἐστιν.
2901 2151 2960 2201 Ὀ
2989 2155 3057 2201 ια’
3085 2148 3142 2201 δὲ
3194 2147 3373 2199 κανὼν
3405 2147 3504 2215 τῆς
3561 2149 3617 2198 ἐν
3663 2146 3817 2217 Σαρ-

2222 2241 2346 2310 δικῇ
2384 2240 2625 2305 συνόδου,
2661 2242 2724 2290 ὲκ
2749 2239 2840 2292 τοῦ
2873 2239 3316 2309 παραδείγματος
3369 2232 3430 2291 οὗ
3471 2238 3693 2304 ἐπάγει,
3725 2238 3816 2298 είς

2225 2333 2480 2386 ἐλάττονα
2506 2332 2698 2400 καιρὸν
2722 2331 2868 2384 ἔοικε
2895 2330 3209 2382 συστέλλειν
3233 2329 3332 2400 τὴν
3364 2327 3459 2380 τοῦ
3487 2327 3807 2379 ἐπισκόπου

2224 2421 2550 2489 ἀποδημίαν,
2584 2421 2632 2473 εί
2670 2423 2741 2489 μή
2791 2439 2872 2484 τις
2909 2419 3055 2487 αὐτῷ
3091 2418 3303 2486 ἀνάγκη
3340 2417 3634 2470 ἐπίκειται.
3671 2416 3817 2484 Περὶ

2231 2509 2540 2578 ἀποδημίας
2571 2510 2887 2564 ἐπισκόπων
2951 2511 3013 2562 ἐκ
3067 2507 3176 2560 τῶν
3225 2508 3443 2560 οἰκείων
3492 2507 3816 2575 ἐκκλησιῶν

2223 2600 2595 2654 διατάττονται
2664 2603 2760 2656 καὶ
2829 2601 3072 2669 διάφοροι
3122 2598 3348 2668 Νεαραὶ,
3421 2599 3670 2668 κείμεναι
3727 2600 3815 2660 είς

2225 2691 2430 2760 βιϐλίον
2477 2692 2588 2745 τῶν
2620 2691 2922 2745 Βασιλικῶν
2963 2691 3168 2761 τρίτον,
3205 2689 3309 2743 τίτ.
3343 2688 3417 2756 α’,
3443 2691 3499 2743 ἐν
3526 2690 3816 2759 διαφόροις

2224 2782 2555 2850 κεφαλαίοις.

2239 2877 2458 2930 ΔΡΙΣΤ.
2497 2897 2515 2928 ι
2572 2878 2754 2941 Ἔδοξε
2807 2877 3010 2947 μηδένα
3048 2877 3371 2939 ἐπίσκοπον,
3431 2873 3812 2928 καταλιπόντα

2303 2985 2322 3018 ι
2365 2970 2464 3038 τὴν
2499 2969 2827 3040 αύθεντικὴν
2861 2969 3168 3036 καθέδραν,
3204 2967 3337 3036 πρὸς
3381 2967 3575 3036 ἑτέραν
3629 2983 3803 3036 p.510.-

2301 3078 2319 3111 ι
2363 3063 2631 3132 χωρεῖν,ἢ
2661 3064 2718 3115 ἐν
2745 3063 2930 3129 οἰκείῳ
2958 3063 3241 3132 πράγματι
3267 3059 3688 3130 ἀσχολούμενον,
3709 3058 3813 3112 τοῦ

2313 3176 2331 3208 ι
2380 3155 2509 3209 ξδίου
2547 3154 2736 3224 θρόνον
2761 3155 3003 3222 ἀμελεῖν.
3048 3172 3066 3204 ι

2301 3252 2377 3304 Οὐ
2428 3251 2584 3319 μόνον
2627 3248 2689 3301 τὸ
2745 3248 2854 3301 ἀπὸ
2907 3247 3113 3309 πόλεως
3164 3247 3243 3309 είς
3296 3246 3453 3297 πόλιν
3506 3245 3815 3298 ἐπίσκοπον

2232 3342 2622 3411 μεταϐαίνειν,
2681 3341 2744 3391 ἐκ
2806 3338 3077 3406 διαφόρων
3136 3336 3379 3389 κανόνων
3455 3336 3812 3389 κεκώλυτα;’

2226 3434 2361 3486 ἀλλὰ
2388 3434 2481 3485 καὶ
2513 3431 2572 3483 τὸ
2594 3430 2692 3499 τὴν
2714 3431 2917 3499 κυρίως
2947 3424 3112 3481 οὖσαν
3143 3426 3382 3498 ἀρχῆθεν
3407 3427 3679 3496 καθέδραν
3705 3426 3814 3494 τῆς

2227 3521 2520 3590 ἐκκλησίας
2586 3521 2750 3573 αὑτοῦ
2834 3519 3181 3579 καταλιπεῖν,
3237 3520 3332 3572 καὶ
3408 3519 3545 3588 πρὸς
3606 3520 3813 3589 ἑτέραν

2227 3611 2524 3679 ἐκκλησίαν
2556 3611 2614 3662 ἐν
2655 3613 2721 3678 τῇ
2772 3610 2908 3678 αὐτῇ
2945 3609 3207 3680 παροικίᾳ⁵
3245 3606 3412 3662 οὖσαν
3450 3612 3808 3676 μεταπεσεῖν,

2227 3703 2321 3755 καὶ
2371 3702 2470 3771 τὴν
2519 3701 2686 3770 τιμὴν
2722 3703 2778 3752 ὲν
2813 3703 2950 3770 αὐτῇ
2991 3701 3306 3766 μεταθεῖναι
3345 3700 3373 3751 δ
3424 3699 3604 3752 κανὼν
3649 3697 3810 3762 οὗτος

2223 3794 2285 3844 οὐ
2317 3795 2593 3861 συγχωρεῖ
2618 3809 2633 3824 ο
2672 3791 2784 3844 ἀλλ’
2817 3791 2935 3843 οὐδὲ
2987 3793 3044 3842 ἐν
3088 3791 3275 3858 οίκείῳ
3320 3791 3608 3859 πράγματι
3637 3792 3808 3859 ἀσχο-

2225 3882 2434 3933 λεῖσθαι
2479 3882 2644 3934 αὑτὸν
2696 3883 2836 3950 ὑπὲρ
2867 3882 2893 3934 ὃ
2920 3881 3024 3950 χρὴ
3056 3882 3330 3950 ἀνέχεται,
3360 3882 3459 3934 καὶ
3502 3881 3600 3949 τῆς
3640 3899 3811 3949 φρον-

2224 3972 2365 4034 τίδος
2400 3974 2491 4024 καὶ
2530 3974 2629 4042 τῆς
2662 3973 3006 4035 διδασκαλίας
3044 3975 3266 4041 ἀμελεῖν
3290 3972 3384 4026 τοῦ
3421 3972 3569 4027 λαοῦ.

2806 4063 3044 4119 ΚᾹΝΩΝ
3086 4066 3207 4118 OE'.

2230 4175 2249 4207 ι
2314 4155 2451 4225 Περὶ¹
2501 4155 2714 4225 νηπίων
2796 4154 3123 4222 ὀφειλόντων
3184 4152 3545 4222 βαπτίζεσθαι
3605 4153 3807 4218 ὁσάκις

2300 4264 2318 4297 t
2365 4245 2764 4314 ἀμφιϐάλλεται
2815 4244 2945 4313 περὶ
3019 4244 3197 4296 αὐτῶν
3227 4247 3275 4296 εί
3311 4245 3418 4314 ἄρα
3461 4243 3803 4312 ἐϐαπτίσθη-

2305 4356 2321 4388 (
2369 4354 2484 4390 σαν.
2529 4336 2761 4405 Ὁμοίως
2811 4337 3007 4406 ἤρεσεν
3039 4336 3302 4406 περὶτῶν
3343 4336 3573 4405 νηπίων,
3609 4335 3804 4398 ὁσάκις

2306 4449 2323 4480 ι
2372 4431 2444 4498 μὴ
2509 4429 2852 4497 εὑρίσκονται
2907 4427 3113 4496 βέϐαιοι
3181 4427 3460 4495 μάρτυρες
3517 4426 3566 4476 οἱ
3625 4424 3806 4477 ταῦτα

2305 4540 2322 4571 t
2371 4521 2758 4591 ἀναμφιϐόλως
2795 4519 3162 4589 βαπτισθέντα
3211 4515 3352 4570 εἶναι
3393 4517 3639 4584 λέγοντες
3665 4531 3680 4545 ⁶
3709 4519 3805 4569 καὶ

2306 4630 2324 4662 ι
2372 4612 2489 4663 οὐδὲ
2514 4612 2652 4664 αὐτὰ
2677 4612 2762 4664 διὰ
2789 4613 2888 4681 τὴν
2914 4611 3101 4678 κεῖραν
3125 4609 3254 4674 περὶ
3278 4607 3378 4674 τῆς
3400 4606 3804 4676 παραδοθείσης

2305 4723 2320 4752 ι
2371 4702 2554 4763 αὐτοῖς
2597 4702 2988 4771 μυσταγωγίας
3033 4699 3430 4767 ἀποκρίνεσθαι
3481 4696 3804 4766 ἐπιτηδείως

2305 4812 2320 4842 ι
2370 4793 2576 4862 ἔχουσι,
2642 4796 2809 4861 χωρίς
2871 4809 3015 4851 τινος
3074 4791 3504 4860 προσκόμματος
3563 4787 3804 4852 ὀφείλειν

2303 4903 2320 4935 ι
2369 4884 2536 4936 ταῦτα
2573 4884 2932 4954 βαπτίζεσθαι
2959 4899 2971 4912 ’
3004 4884 3215 4953 μήποτε
3247 4884 3275 4933 ό
3314 4880 3554 4940 τοιοῦτος
3607 4879 3798 4931 δισταο

2301 4997 2319 5028 ι
2369 4979 2506 5046 γμὸς
2567 4978 2920 5047 ἀποστερήσῃ
2995 4975 3137 5028 αὐτὰ
3209 4975 3311 5042 τῆς
3383 4972 3638 5040 τοιαύτης
3697 4970 3795 5023 τοῦ

2303 5090 2318 5122 ι
2365 5069 2635 5137 ἁγιασμοῦ
2684 5069 3025 5138 καθάρσεως.
3061 5066 3157 5116 Ἐκ
3188 5067 3376 5116 τούτου
3411 5065 3516 5134 γὰρ
3545 5066 3594 5117 ot
3632 5078 3801 5114 τοποο

2301 5183 2317 5212 ι
2366 5163 2603 5232 τηρηταὶ
2642 5159 2750 5212 τῶν
2802 5160 3062 5230 Μαύρων,
3118 5158 3338 5224 ἀδελφοὶ
3386 5155 3567 5226 ἡμῶν,
3634 5151 3800 5205 τοῦτο

2302 5275 2319 5305 t
2369 5254 2778 5317 ἐϐουλεύσαντο,
2811 5253 2891 5305 ὅτι
2942 5253 3168 5312 πολλοὺς
3222 5249 3498 5309 τοιούτους
3546 5247 3655 5300 ἀπὸ
3689 5246 3799 5298 τῶν

2306 5365 2322 5396 ι
2372 5345 2674 5413 Βαρϐάρων
2712 5343 3157 5413 ἐξαγοράζονται.
3201 5359 3218 5393 ι

2297 5437 2499 5490 ΒΛΛΣ.
2545 5436 2844 5505 Ἀνάγνωοι
2889 5437 2990 5505 τῆς
3040 5437 3098 5486 ἐν
3144 5434 3220 5504 τῷ
3271 5431 3522 5503 Τρούλλῳ
3578 5430 3802 5482 συνόδου

2226 5528 2451 5586 κανόνα.
2484 5528 2579 5580 καὶ
2635 5530 2891 5599 εὑρήσεις
2948 5529 3046 5598 τὴν
3103 5525 3197 5577 τοῦ
3256 5526 3530 5595 παρόντος
3574 5523 3802 5584 κανόνος

2226 5618 2522 5689 ἑρμηνείαν
2569 5621 3010 5689 ἀπαραλλάκτως
3052 5620 3189 5681 ἐκεῖ,
3231 5617 3414 5678 καθὼς
3449 5617 3541 5668 καὶ
3592 5614 3659 5666 τά
3708 5615 3808 5683 ῥή-

2233 5731 2376 5781 ματα
2402 5712 2495 5763 τοῦ
2527 5713 2766 5774 κανόνος.

2300 5807 2542 5860 ΖΩΝΛΡ.
2581 5805 2782 5858 Τοῦτον
2829 5805 2916 5858 τὸν
2962 5804 3163 5859 κανόνα
3213 5803 3342 5857 ἄνευ
3392 5799 3588 5872 ὀλίγων
3633 5796 3799 5850 τινῶν
