4018 6310
233 385 294 444 ’Π
1205 391 1288 451 ΙΝ
1317 391 1481 452 CAN.
1517 393 1748 455 LXXVI
1777 390 1984 454 CONC.
2017 391 2391 453 CAR’l‘HAG'.
3308 380 3411 441 278

208 495 452 560 ῥημάτων
477 496 574 549 καὶ
594 498 627 566 ἡ
663 495 723 548 ἑν
748 496 826 566 τῷ
865 497 1122 569 Τρούλλῳ
1178 499 1380 565 ύνοδος,
1410 503 1442 571 ἡ
1473 501 1742 572 λεγομένη

1860 503 2084 571 exceptis
2116 501 2293 554 verbis
2322 498 2570 554 eumdem
2608 509 2829 563 prorsus
2865 493 3004 562 apud
3053 491 3314 562 synodum
3352 491 3404 539 tu

208 583 348 652 ἕκτη.
379 585 490 655 ἔχει
525 588 978 658 ἀπαραλλάκτως,
1005 591 1101 644 καὶ
1135 590 1378 663 ὲξηγήθη
1414 595 1548 648 ἐκεῖ.

1860 594 2055 658 Trulla,
2097 609 2217 662 qure
2247 601 2394 646 sexta
2428 590 2622 644 dicitur
2645 627 2660 653 ,
2693 603 2758 643 ac
2789 586 2986 642 ibidem
3039 583 3364 654 explicatum
3390 619 3403 643 ,

1852 700 2106 751 repertas.

212 767 413 822 ΔΡΙΣΤ.
498 787 515 819 ι
574 771 713 832 Τοὺς
760 771 1284 841 ἀμφιγιοουμένους,
1325 775 1372 826 εί
1426 773 1754 844 ἐϐαπτίσθη-

1860 775 2074 830 ARIST.
2113 797 2130 827 ι
2171 776 2248 830 11ιί
2284 777 2348 829 de
2375 774 2568 841 quibus
2591 771 2902 837 ambigitur,
2934 778 3118 822 utrum
3150 766 3405 834 baptizati

276 878 291 908 ι
337 859 523 930 σαν,ἢ
579 861 864 932 μὴ,ἧρεσε
921 863 1317 933 βαπτίζεσθαιο
1370 867 1441 935 μή
1494 883 1623 918 ποτε
1675 867 1753 938 τῷ

273 967 289 996 ι
331 949 615 1019 δισταγμῷ
652 953 955 1022 στερηθῶσι
1003 956 1102 1024 τῆς
1142 955 1292 1018 θείας
1350 957 1686 1019 καθάρσεως.
1727 974 1745 1006 ι

270 1126 336 1177 Τὸ
366 1126 466 1194 μὲν
515 1127 768 1194 δεύτερόν
801 1145 922 1181 τινα
975 1129 1364 1198 βαπτισθῆναι,
1403 1133 1452 1184 εί
1499 1133 1571 1202 μὴ
1603 1136 1755 1203 παρὰ

208 1216 398 1268 ἀσεϐῶν
418 1217 1012 1289 ὲϐαπτίσθη,διάφοροι
1040 1223 1262 1282 κανόνες
1288 1224 1748 1292 ἀπαγορεύουσιν.

211 1307 260 1357 El
311 1308 363 1360 δέ
397 1325 481 1368 τις
534 1310 938 1377 ἀμφιϐάλλεται
994 1313 1042 1364 εί
1101 1311 1428 1381 ἐϐαπτίσθη,
1482 1315 1558 1375 ὡς
1611 1318 1748 1385 μήτε

209 1397 356 1449 αὑτοῦ
399 1397 558 1451 τοῦτο
615 1400 815 1462 είδότος
875 1401 961 1454 διὰ
1014 1403 1113 1472 τὴν
1168 1403 1434 1470 βρεφικὴν
1490 1406 1749 1474 ἡλικίαν,

212 1492 336 1557 μήτε
390 1491 592 1559 ἑτέρων
643 1492 1132 1561 διαϐεϐαιουμένων
1186 1496 1278 1546 καὶ
1333 1498 1756 1565 μαρτυρούντων

210 1582 574 1648 ἀναμφιϐόλως
658 1583 823 1635 αὐτὸν
907 1583 1302 1652 βαπτισθῆναι,
1376 1588 1541 1656 χωρίς
1608 1603 1756 1652 τινος

212 1673 520 1737 ἀμφιϐολίας
581 1674 938 1743 βαπτισθῆναι
987 1676 1232 1742 όφείλει’
1288 1677 1377 1731 ἴνα
1434 1677 1508 1746 μὴ
1557 1678 1645 1730 διά
1691 1680 1751 1731 τὸ

1931 885 1949 918 ι
1986 877 2108 922 sunt
2144 881 2334 929 necne,
2365 864 2562 932 placuit
2585 904 2598 921 ,
2630 873 2687 915 ut
2722 860 3056 928 baptizentur
3090 877 3106 914 :
3155 873 3223 911 ne
3275 870 3405 923 pro-

1931 981 1948 1014 ι
1985 972 2103 1032 pter
2127 959 2525 1027 ambiguitatem
2561 955 2736 1009 divina
2767 952 3078 1007 lustratione
3113 949 3412 1004 destituan-

1925 1070 1943 1100 ι
1985 1059 2088 1105 lttr.
2129 1069 2148 1100 ι

1927 1141 2174 1195 Secundo
2222 1141 2434 1206 quidem
2488 1137 2750 1206 baptizari
2802 1136 3144 1203 quempiam,
3197 1133 3295 1185 nisi
3347 1131 3413 1184 ab

1854 1233 2031 1299 impiis
2060 1232 2357 1298 baptizatus
2389 1229 2549 1283 fuerit
2603 1226 2802 1281 diversi
2836 1241 3070 1279 canones
3106 1224 3414 1292 prohibent.

1855 1322 1909 1376 Si
1940 1323 2058 1391 quis
2098 1332 2276 1374 autem
2313 1322 2556 1389 ambigit,
2593 1335 2658 1372 an
2689 1321 2985 1387 baptizatus
3021 1317 3201 1378 havrit,
3235 1323 3418 1382 utpote

1855 1429 1953 1469 nec
2007 1414 2121 1479 ipso
2165 1415 2234 1466 ob
2279 1413 2578 1466 infantilem
2633 1423 2848 1465 aetatem
2882 1411 3009 1462 illud
3058 1408 3284 1468 sciente,
3320 1420 3418 1458 nec

1856 1508 1978 1560 aliis
2011 1505 2407 1559 aﬂirmantibus
2440 1514 2493 1559 et
2539 1505 2863 1557 testantibus
2915 1519 3036 1557 eum
3085 1502 3225 1554 baud
3262 1500 3421 1552 dubie

1855 1599 2185 1665 baptizatum
2227 1597 2433 1660 fuisse;
2471 1597 2586 1650 sine
2637 1597 2740 1648 ulla
2778 1596 3110 1649 dubitatione
3155 1592 3419 1660 baptizari

1856 1689 2052 1743 debet:
2085 1702 2152 1741 ne
2195 1697 2412 1756 propter
2454 1687 2837 1741 dubitationem
2880 1686 3056 1740 divina
3095 1684 3411 1753 purgatione

212 1763 502 1833 ἀμφίϐολον
536 1766 770 1833 στερηθῇ
801 1767 897 1833 τῆς
939 1765 1090 1824 θείας
1135 1767 1472 1838 καθάρσεως.

1860 1780 2119 1850 privetur.

768 1857 1005 1910 KANQN
1037 1857 1172 1924 ος,
1286 1837 1291 1838 ⁷
1783 1837 1830 1895 Β

218 1951 388 2018 ιῐῖερὶ
433 1951 525 2004 τοῦ
563 1951 901 2019 τὴνὴμέραν
950 1951 1044 2002 τοῦ
1101 1952 1289 2021 Πάσχα
1348 1955 1404 2006 ἐν
1438 1956 1520 2022 τῇ
1574 1956 1756 2024 ἡμέρα

276 2063 291 2092 ι
337 2045 551 2095 συνόδου
606 2042 987 2110 ἀγγέλλεσθαι.
1046 2042 1280 2110 Ὁμοίως
1335 2046 1554 2111 ῆρεσεν,
1615 2045 1756 2100 ὥστε

275 2154 291 2176 ι
336 2134 429 2199 τὴν
470 2133 684 2202 ἡμέραν
733 2132 828 2184 τοῦ
889 2134 1265 2201 προσκυνητοῦ
1302 2135 1492 2203 Πάσχα
1541 2135 1627 2187 διὰ
1658 2137 1755 2203 τῆς

279 2242 295 2270 ι
336 2223 441 2273 τῶν
470 2223 867 2290 τετυπωμένων
897 2225 1221 2290 ὑπογραφῆς
1264 2227 1430 2276 πᾶσιν
1463 2226 1759 2293 ἐμφανίζε-

280 2333 296 2362 ι
341 2312 461 2364 σθαι
484 2330 499 2343 ·
533 2317 564 2381 ἡ
597 2314 654 2365 δὲ
687 2314 786 2379 τῆς
825 2315 1010 2366 συόδου
1035 2314 1214 2380 ἡμέρα
1244 2315 1275 2382 ἡ
1302 2314 1438 2383 αὐτὴ
1481 2313 1751 2383 φυλαχθῇ,

285 2423 304 2454 ρ
337 2404 458 2473 ῆτις
508 2403 720 2473 ὡρίσθη
768 2406 826 2456 ὲν
874 2407 937 2472 τῇ
991 2405 1048 2456 έν
1094 2405 1317 2457 Ἰππῶνι
1357 2406 1581 2473 συνόδῳ,
1612 2407 1757 2458 τοῦτ’

284 2515 300 2546 ρ
341 2498 482 2550 ἐστιν
543 2499 578 2565 ἡ
643 2497 748 2563 πρδ
800 2496 931 2548 δέκα
1005 2496 1284 2549 καλανδῶν
1342 2499 1754 2567 Σεπτεμϐρίων.

282 2603 298 2636 ι
342 2587 578 2653 Ὀφείλει
633 2586 741 2655 γὰρ
775 2589 868 2639 καὶ
925 2589 1207 2656 γραφῆναι
1265 2589 1397 2656 πρὸς
1433 2592 1559 2652 τοὺς
1610 2607 1758 2659 πρω-¹

281 2697 299 2727 ι
345 2677 603 2738 τιύοντας
651 2677 841 2729 πασῶν
871 2678 978 2729 τῶν
1020 2678 1317 2748 ἔπαρχιῶν,
1353 2680 1458 2742 ῐνα,
1487 2681 1571 2733 ὅτε
1628 2679 1758 2748 παρ’

285 2783 301 2815 ι
339 2767 554 2826 ἑαυτοῖς
609 2763 827 2817 σύνοδον
872 2766 1344 2835 προσκαλοῦνται,
1407 2768 1609 2839 ταύτην
1661 2770 1759 2840 τὴν

283 2874 301 2906 ι
344 2855 554 2923 ἡμέραν
589 2855 948 2918 φυλάττωσιν.
1000 2877 1018 2908 ι

279 2949 462 3000 ΒΔΛΣ.
497 2948 606 3001 Καὶ
642 2948 789 3002 ἄλλοι
820 2948 1065 3018 διάφοροι
1093 2952 1314 3015 κανόνες
1357 2954 1585 3025 ὥρισαν,
1629 2960 1758 3008 πότε

215 3039 405 3105 ὀφείλει
457 3041 703 3106 γίνεσθαι
764 3040 979 3094 σύνοδον
1037 3047 1185 3110 παρὰ
1237 3046 1344 3097 τῶν
1402 3048 1759 3116 ὲπαρχιωτῶν

2379 1868 2458 1922 CA
2471 1866 2606 1922 NON
2663 1865 2896 1919 LXXVI.

1866 1977 1883 2008 ι
1925 1955 1992 2012 Ut
2025 1959 2140 2011 dies
2171 1959 2389 2013 Pascha:
2421 1961 2469 2011 in
2524 1959 2607 2011 die
2657 1957 2844 2025 synodi
2895 1956 3266 2008 annuutietur.
3308 1953 3419 2005 lloe

1938 2067 1956 2099 ι
1996 2064 2206 2119 quoque
2236 2051 2484 2102 similiter
2510 2050 2730 2113 placuit,
2764 2057 2818 2098 ut
2855 2048 2972 2100 dies
3007 2047 3290 2100 venerandi
3321 2045 3418 2098 Pa-

1934 2159 1951 2191 ι
1995 2143 2136 2195 scita!
2180 2157 2273 2209 per
2311 2141 2660 2194 lormatarum
2694 2140 3142 2205 subscriptionem
3173 2137 3424 2189 omnibus

1933 2250 1951 2282 ι
1986 2233 2320 2295 ostendatur,
2355 2231 2468 2286 dies
2501 2241 2676 2283 autem
2727 2229 2913 2298 synodi
2960 2229 3098 2280 idem
3153 2236 3424 2289 servetur,

1937 2342 1954 2373 ι
1995 2325 2084 2390 qui
2118 2323 2166 2375 in
2203 2321 2526 2388 llipponensi
2578 2320 2783 2389 synodo
2833 2318 2933 2370 fuit
2986 2319 3330 2378 constitutus,
3367 2317 3417 2366 id

1933 2433 1949 2465 ι
1986 2423 2088 2477 est,
2126 2426 2250 2467 ante
2278 2414 2540 2468 decimum
2567 2411 2834 2464 Kalendas
2868 2409 3216 2477 Septembris.
3250 2406 3418 2460 Debet

1941 2526 1958 2556 ‹
1996 2509 2137 2560 enim
2167 2506 2324 2558 etiam
2377 2505 2536 2559 scribi
2590 2505 2656 2556 ad
2718 2503 2978 2570 primates
3010 2503 3249 2553 omnimn
3297 2514 3424 2565 pro-

1941 2617 1956 2648 ι
2004 2597 2325 2658 vinciarum,
2363 2605 2419 2647 ut
2451 2593 2662 2662 quando
2699 2594 2837 2660 apud
2877 2606 2934 2645 se
2969 2590 3255 2645 concilium
3287 2603 3426 2643 con—

1938 2709 1954 2741 ι
1996 2697 2236 2756 ετειξιιηι,
2269 2688 2334 2742 ab
2365 2701 2429 2741 eo
2461 2687 2546 2741 die
2581 2684 2903 2738 abstineant.
2942 2701 2959 2733 ι

1939 2951 2130 3006 ΒΑιε.
2187 2952 2286 3005 Alii
2337 2964 2548 3018 quoque
2603 2947 2798 3002 diversi
2832 2961 3067 3000 canones
3099 2953 3426 3009 statuerunt,

1864 3045 2079 3113 quando
2111 3043 2301 3095 debeat
2353 3041 2463 3093 licri
2518 3040 2754 3110 synodus
2810 3053 2836 3089 a
2892 3037 3328 3104 pt‘m-incialibus,
3371 3045 3426 3087 ut

214 3134 357 3200 γὰριν
405 3132 493 3185 τοῦ
553 3132 779 3185 λύεσθαι
837 3134 905 3186 τὰ
956 3136 1388 3204 ἔκκλησιαστικὰ
1443 3138 1754 3207 ζητήματα.

1864 3135 2141 3188 solvantur
2200 3131 2577 3186 ecclesiasticae
2636 3127 2984 3197 quaestiones.
3049 3126 3185 3179 Dicit
3247 3136 3424 3178 autem

212 3222 336 3288 Φησὶ
377 3223 430 3275 δὲ
479 3224 574 3275 καὶ
598 3225 626 3275 ὁ
662 3223 851 3293 παρὼν
884 3225 1062 3278 κανὼν
1115 3228 1258 3280 κατὰ
1304 3230 1395 3280 τον
1441 3230 1628 3295 καιρὸν
1659 3229 1760 3296 τῆς

215 3313 414 3364 συνόδου
439 3314 576 3379 (ἔστι
605 3314 662 3367 δὲ
693 3310 846 3377 οὗτος
877 3319 904 3368 ὁ
928 3318 1032 3385 πρὸ
1053 3318 1184 3370 δέκα
1207 3318 1487 3370 καλανδῶν
1515 3319 1758 3385 Σεπτεμ-

214 3403 388 3468 ϐρίων,
418 3406 585 3473 ἧγονν
641 3413 724 3456 κάν
767 3407 862 3458 τοῦ
915 3408 1224 3475 Αὐγούστου
1259 3410 1424 3477 μηνός
1454 3426 1466 3440 ·
1501 3410 1759 3462 καλάνδαι

212 3494 312 3562 γὰρ
361 3495 412 3546 αί
469 3497 795 3564 πρῶταιτοῦ
852 3500 1020 3568 μηνὸς
1073 3499 1342 3566 λέγονται)
1391 3500 1490 3570 τὴν
1520 3502 1756 3570 ἡμέραν,

213 3587 298 3639 τοῦ
327 3589 508 3658 Πάσχα
536 3591 850 3658 δηλοῦσθαι.
880 3593 1021 3645 ὥστε
1061 3595 1431 3656 γινώσκεσθαι
1481 3596 1616 3647 πᾶσι
1648 3596 1760 3656 τοῖς

213 3681 264 3730 έν
286 3683 344 3747 τῇ
377 3683 628 3751 Ἀφρικῇ.
673 3685 780 3735 Καὶ
827 3686 855 3736 ό
910 3685 1007 3749 μὲν
1047 3686 1226 3736 κανὼν
1261 3687 1317 3736 ὲν
1351 3684 1558 3747 τούτοις
1582 3703 1594 3715 ·
1642 3686 1762 3738 ἐπεὶ

211 3770 261 3820 δὲ
288 3770 404 3824 οὔτε
434 3773 544 3824 ἀπὸ
571 3772 667 3824 τοῦ
708 3773 978 3842 παρόντος
1029 3776 1249 3836 κανόνος
1298 3775 1422 3828 οὕτε
1452 3776 1543 3842 ἀφ’
1573 3777 1760 3844 ἐτέρου

210 3860 520 3923 ’γινώσκεται
579 3865 609 3932 ἡ
667 3866 958 3918 ἐπιστασία
1011 3869 1111 3933 τῆς
1162 3868 1375 3935 ἡμέρας
1426 3869 1518 3920 τοῦ
1566 3869 1759 3936 Πάσχα

211 3949 313 4010 (καὶ
359 3953 388 4003 ό
435 3953 478 4015 ζ’
532 3954 641 4023 γὰρ
695 3956 877 4007 κανὼν
925 3957 1031 4009 τῶν
1069 3958 1240 4025 ἁγίων
1271 3959 1580 4011 ἀποστόλων
1621 3961 1759 4028 μετὰ

210 4041 297 4107 τὴν
331 4043 550 4113 ἐαρινὴν
583 4046 874 4114 ίσημερίαν
914 4048 1206 4111 διορίζεται
1232 4049 1294 4100 το
1321 4051 1513 4118 Πάσχα
1560 4052 1759 4118 εορτάο

210 4127 311 4189 ζειν
338 4132 486 4199 ἡμᾶς
517 4135 610 4184 καὶ
642 4133 804 4185 πλέον
834 4134 1008 4203 οὐδὲν)
1035 4151 1048 4166 ·
1095 4137 1214 4188 δέον
1240 4132 1382 4189 εἶναι
1425 4138 1761 4206 κατενοήσα-

213 4236 300 4284 μεν
329 4221 642 4286 ἀναδιδάξαι
670 4225 796 4285 τοὺς
835 4223 1095 4287 θέλοντας
1125 4225 1211 4277 δια
1239 4226 1335 4294 τῆς
1371 4225 1464 4278 τοῦ
1495 4225 1759 4295 παρόντος

209 4312 417 4372 κανόνος
472 4314 809 4382 ἑρμηνείας,
862 4315 977 4377 πῶς
1039 4317 1356 4384 εὑρίσκεται
1415 4317 1601 4386 ἡμέρα
1663 4317 1757 4369 τοῦ

207 4403 413 4456 vostro-3
476 4405 596 4474 ἦτοι
673 4406 966 4458 Ἰουδαῖκοῦ
1045 4407 1136 4459 καὶ
1211 4407 1304 4459 τοῦ
1367 4406 1755 4475 Χριστιανικοῦ

1864 3226 2020 3278 etiam
2060 3237 2295 3290 praesens
2322 3237 2512 3284 canon,
2547 3232 2604 3274 ιιι
2652 3229 2892 3284 tempore
2943 3219 3130 3286 synodi
3180 3217 3252 3286 (id
3307 3226 3428 3279 est,

1864 3322 1983 3364 ante.
2009 3311 2073 3363 ll)
2105 3310 2330 3362 Kalend.
2368 3308 2719 3375 Septembris,
2752 3307 2812 3359 Ἦ
2852 3306 3057 3360 scilicet
3087 3306 3287 3357 mensis
3312 3308 3424 3355 Διι-

1863 3403 1998 3469 gusti
2023 3420 2036 3463 ;
2066 3400 2317 3453 Kalendae
2355 3401 2646 3452 enimsunt
2677 3399 2879 3465 primus
2906 3397 3018 3449 dies
3055 3396 3275 3463 mensis)
3314 3397 3427 3448 dies

1863 3490 2086 3544 Pascha:
2124 3491 2449 3552 declaretur,
2487 3500 2543 3543 ut
2581 3500 2935 3557 cngnoscatur
2965 3488 3032 3542 ab
3063 3488 3310 3541 omnibus
3336 3489 3426 3553 qui

1863 3593 1987 3634 sunt
2028 3585 2077 3636 in
2109 3581 2311 3636 Africa.
2361 3583 2438 3636 Ac
2469 3582 2520 3634 in
2556 3581 2636 3634 bis
2670 3581 2884 3647 quidem
2931 3580 3178 3635 consistit
3213 3595 3408 3633 canon.

1862 3675 1994 3739 Quia
2027 3685 2223 3737 autem,
2260 3690 2356 3726 nec
2400 3689 2426 3725 a
2487 3673 2733 3738 praesenti
2771 3687 2995 3732 canone,
3059 3686 3156 3724 nec
3204 3674 3268 3721 ab
3315 3672 3415 3722 alia

1861 3764 2202 3831 cognoscitur
2257 3763 2361 3816 diei
2402 3762 2618 3814 Paschze
2670 3762 2932 3815 institutio
2985 3762 3129 3828 (nam
3182 3774 3352 3812 canon
3397 3769 3411 3810 ι

1862 3864 2169 3910 sanctorum
2204 3855 2564 3922 apostolorum
2597 3855 2811 3915 statuit,
2841 3863 2898 3907 ut
2926 3867 3023 3906 nos
3051 3863 3169 3920 post
3203 3868 3420 3905 vernum

1863 3948 2243 4015 aequinoctium
2296 3945 2499 4000 Pascha
2546 3946 2898 4003 celebremus.
2943 3955 2995 3997 et
3053 3946 3183 3997 nihil
3237 3944 3426 4012 aliud),

1861 4039 2284 4091 existimavimus
2318 4047 2564 4102 oportere
2610 4051 2708 4089 nos
2753 4050 2848 4101 per
2889 4037 3167 4103 praesentis
3203 4035 3425 4088 canonis

1863 4127 2369 4195 interpretationem
2421 4127 2615 4178 docere
2645 4139 2758 4187 eos,
2796 4122 2888 4191 qui
2937 4122 3121 4185 velint,
3159 4122 3426 4189 quomodo

1862 4217 2167 4270 inveniatur
2200 4217 2315 4270 dies
2352 4216 2536 4283 legalis
2573 4228 2665 4268 seu
2691 4214 2897 4268 Judaici
2927 4222 2978 4267 et
3003 4212 3295 4266 Christiani
3329 4211 3424 4264 Pa-

1862 4307 2024 4374 scha,
2058 4307 2186 4374 quin
2218 4317 2271 4359 et
2299 4305 2748 4374 Carnisprivittm.
2794 4303 2932 4358 Fieri
2959 4306 3099 4355 enim
3139 4311 3336 4368 potest,
3370 4315 3428 4356 ttt

1860 4398 2191 4453 orthodoxus
2223 4398 2487 4467 quispiam
2523 4398 2574 4450 in
2604 4398 2740 4460 loca,
2771 4397 2858 4449 ubi
2889 4397 3000 4450 hate
3031 4411 3132 4449 non
3167 4405 3429 4449 curantur

208 4493 381 4564 Πάσχα
409 4511 425 4526 ⁸
455 4496 591 4548 ἀλλὰ
621 4496 727 4564 μὴν
763 4499 854 4549 καὶ
905 4499 938 4566 ἡ
995 4497 1261 4566 άποκρέα.
1314 4499 1476 4560 Είκδς
1502 4497 1610 4567 γάρ
1641 4499 1754 4550 ἔστι

1867 4503 1964 4542 nec
1998 4495 2415 4557 cognoscuntur,
2443 4487 2645 4542 incidat
2672 4528 2686 4552 ,
2715 4496 2767 4539 ρι
2801 4503 2896 4556 per
2925 4488 3278 4555 ignorantiam
3316 4502 3419 4539 non

208 4588 526 4653 παρατυχεῖν
590 4585 869 4655 ὀρθόδοξόν
943 4603 1064 4639 τινα
1135 4590 1214 4649 εἰς
1239 4587 1458 4650 τόπους,
1514 4587 1643 4640 ἔνθα
1691 4590 1760 4642 τὰ

206 4676 416 4727 τοιαῦτα
461 4677 519 4728 οὐ
571 4677 1148 4745 πολυπραγμονοῦνται
1196 4679 1317 4731 οὐδὲ
1374 4678 1756 4745 γινώσκονται,

206 4766 287 4814 καὶ
328 4766 386 4826 ἐξ
443 4765 664 4831 ἀγνοίας
695 4763 1043 4834 ἀπόκριῶσαι
1085 4769 1117 4836 ἢ
1167 4769 1449 4837 πασχάσαι
1485 4768 1637 4837 παρὰ
1667 4769 1757 4820 τὸν

208 4857 537 4922 προσήκοντα
555 4857 764 4923 καιρὸν,
782 4859 919 4927 ὅπερ
944 4859 1089 4922 ἐστὶν
1118 4858 1530 4924 άσύγγνωστον.
1563 4860 1758 4911 Ίστὲον

203 4940 284 4994 οὖν
313 4947 417 5010 πρὸ
450 4946 668 4998 πάντων
697 4947 800 5013 ὅτι,
832 4951 880 5000 εί
919 4949 993 5018 μὴ
1037 4948 1292 5014 γινώσκει
1339 4966 1422 5008 τις
1479 4948 1570 5000 τοῦ
1603 4967 1757 5019 νομι-

205 5035 286 5085 κοῦ
346 5035 541 5106 Πάσχα
588 5036 985 5106 τὴν,ἡμέραν,
1014 5039 1072 5090 οὗ
1113 5038 1332 5091 δύναται
1386 5041 1560 5091 εἰπεῖν
1627 5042 1756 5091 πότε

204 5121 394 5188 ὀψείλει
455 5127 713 5192 γενέσθαι
783 5128 845 5180 τὸ
903 5129 1291 5198 Χριστιανικὸν
1363 5130 1574 5199 Πάσχα.
1637 5131 1757 5181 Ἔτι

207 5213 362 5267 ἰστέον
397 5219 480 5269 ὅτι
510 5218 572 5270 τὸ
612 5219 712 5286 μὲν
759 5221 984 5288 νομικὴν
1018 5221 1206 5290 Πάσχα
1249 5223 1457 5286 γίνεται
1504 5222 1611 5274 ἀπὸ
1670 5231 1754 5275 κα¹

204 5302 281 5354 τοῦ
304 5306 551 5374 Μαρτίου
585 5308 752 5376 μηνὸς
784 5311 946 5378 μέχρι
995 5310 1088 5362 καὶ
1131 5311 1230 5379 τῆς
1283 5311 1755 5379 όκτωκαιδεγάτης

204 5394 282 5447 τοῦ
322 5397 641 5466 Ἀπριλλίου
670 5399 837 5468 μηνός
862 5415 877 5434 ⁸
910 5400 970 5451 τὸ
997 5400 1053 5453 δὲ
1079 5401 1470 5470 Χριστιανικδν
1503 5405 1608 5454 ἀπὸ
1657 5405 1754 5474 τῆς

207 5492 278 5549 κγ’
295 5488 381 5540 τοῦ
409 5490 659 5558 Μαρτίου
690 5492 860 5561 μηνὸς
888 5492 1047 5562 μέχρι
1075 5495 1170 5562 τῆς
1193 5500 1270 5544 κε’
1303 5495 1396 5546 τοῦ
1432 5496 1748 5560 ’Λπριλλίου

209 5579 381 5643 μηνός.
410 5579 629 5632 Τούτων
659 5581 716 5634 δὲ
761 5582 903 5635 οὕτω
931 5583 1448 5653 προθεωρηθέντων,
1497 5588 1544 5638 εί
1578 5587 1752 5651 θέλεις

208 5663 667 5734 ἐξακριϐὼσασθαι
699 5672 798 5741 τὴν
824 5673 1039 5743 ἡμέραν
1078 5673 1172 5726 τοῦ
1214 5674 1505 5728 Ἰουδαῖκοῦ
1561 5678 1753 5746 Πάσχα

207 5757 395 5813 καὶτοῦ
431 5758 848 5829 Χριστιανικοῦ,
882 5765 1114 5833 ζήτησον
1146 5763 1358 5833 πρῶτον
1391 5766 1482 5819 καὶ
1513 5767 1635 5836 sirpe
1661 5767 1750 5819 τὸν

1863 4581 2202 4636 convenienti
2243 4593 2482 4650 tempore
2528 4581 2607 4635 vel
2661 4598 2688 4634 ιι
2740 4583 2998 4634 carnibus
3042 4581 3310 4634 abstineat
3348 4581 3427 4632 vel

1863 4674 2066 4727 Pascha
2096 4675 2374 4738 celebret;
2409 4675 2548 4741 quod
2580 4689 2682 4726 non
2716 4684 2797 4727 est
2829 4673 3261 4726 continuandum.
3293 4675 3430 4723 Ante

1860 4766 2039 4818 omnia
2067 4779 2199 4833 ergo
2228 4765 2505 4817 sciendum
2560 4775 2661 4826 est,
2711 4764 2851 4831 quod
2909 4764 3010 4817 nisi
3066 4764 3186 4829 quis
3246 4762 3429 4832 legalis

1863 4855 2081 4908 Pascha:
2111 4855 2248 4907 diem
2274 4854 2441 4923 610
2466 4855 2691 4917 noverit,
2725 4870 2827 4906 non
2854 4865 3027 4922 potest
3056 4855 3192 4907 scire
3214 4855 3428 4922 quando

1861 4945 2227 4999 Christianum
2280 4945 2486 4999 Pascha
2527 4946 2639 4999 licri
2679 4946 2889 4998 debeat.
2934 4945 3196 4997 Prmterea
3251 4945 3428 4995 scien-

1861 5038 1984 5090 dum
2016 5044 2118 5095 est.
2149 5039 2292 5106 quod
2331 5039 2496 5108 legale
2545 5037 2752 5091 Pascha
2800 5038 2856 5090 lit
2889 5053 2914 5088 a
2963 5038 3221 5089 vicesimo
3253 5036 3427 5100 primo

1863 5128 2066 5182 mensis
2095 5127 2273 5182 Martii
2314 5145 2483 5198 usque
2521 5129 2585 5182 ad
2621 5130 2882 5182 det-imum
2915 5137 3162 5180 octavum
3202 5127 3424 5193 Aprilis:

1859 5221 2225 5275 Christianum
2266 5231 2440 5274 autem
2472 5238 2499 5273 a
2537 5221 2794 5275 vicesimo
2830 5221 2988 5273 tertio
3040 5218 3216 5270 Martii
3256 5233 3427 5284 usque

1861 5310 1926 5363 ad
1954 5310 2268 5364 vicesimum
2321 5312 2566 5378 quintum
2621 5310 2823 5363 mensis
2858 5310 3075 5377 Aprilis.
3108 5308 3202 5363 llis
3245 5319 3422 5362 autem

1859 5401 1936 5454 sic
1988 5403 2220 5470 primum
2269 5401 2647 5462 consideratis,
2686 5403 2727 5456 si
2765 5401 2900 5456 velis
2939 5401 3151 5455 Judaici
3205 5399 3425 5454 Pascha:

1859 5491 2000 5546 diem
2033 5504 2221 5546 exacte
2253 5495 2412 5556 scire,
2439 5502 2493 5545 et
2523 5492 2704 5545 itidem
2737 5491 3026 5546 Christiani
3057 5531 3069 5554 ,
3100 5506 3279 5559 qttmre
3314 5489 3423 5557 pri-

1859 5600 2002 5636 mum
2035 5595 2089 5638 et
2119 5586 2295 5638 iuveni
2319 5583 2523 5654 cyclum
2563 5583 2720 5647 luntr,
2748 5585 2834 5650 qui
2866 5583 2945 5638 sic
2977 5584 3242 5636 invenitur
3269 5599 3281 5633 :
3316 5581 3425 5632 Nu-

1859 5690 2002 5728 mera
2033 5691 2203 5730 annos
2237 5691 2265 5728 a
2295 5674 2571 5730 creatione
2600 5674 2814 5738 mundi,
2843 5683 2895 5727 et
2926 5691 3020 5742 per
3055 5674 3422 5728 noveuuleciut

1857 5783 1952 5822 eos
1987 5767 2182 5832 divide,
2211 5774 2263 5821 et
2293 5767 2382 5836 qui
2415 5766 2796 5832 remanserint,
2832 5769 3037 5834 cyclutu
3072 5766 3211 5820 luna:
3245 5763 3422 5819 decla-
