4018 6310
574 295 679 356 379
1781 296 2056 357 THEOD.
2087 297 2484 357 BALSAMON
3684 295 3814 358 280

579 407 788 457 rahunt.
828 403 1023 456 Deinde
1048 403 1204 455 etiam
1230 404 1433 473 cyclum
1457 405 1582 458 solis
1609 406 1785 460 iuveni
1811 408 1913 460 hoc
1941 407 2118 461 modo:
2149 429 2166 467 λ

2224 405 2422 460 κύκλον
2475 406 2576 475 τῆς
2620 405 2870 475 σελήνης,
2925 405 2984 469 ὃς
3029 405 3120 460 καὶ
3179 407 3488 478 εὑρίσκεται
3535 407 3754 462 οὕτωσέ
3789 424 3807 441 ο

577 496 805 547 Numera
839 509 1005 546 annos
1034 510 1062 546 a
1095 495 1367 550 creatione
1403 498 1606 561 mundi,
1631 507 1681 551 et
1713 513 1806 552 eos
1828 498 2000 551 divide
2030 513 2124 566 per

2238 497 2563 567 ’Δρίθμησον
2591 496 2657 548 τὰ
2705 495 2809 548 ἀπὸ
2841 496 3072 559 κτίσεως
3101 497 3304 565 κόσμου
3332 498 3446 567 ἔτη,
3480 499 3573 551 καὶ
3601 499 3798 566 ὕφελε

575 585 759 652 viginti
802 594 942 648 octo,
980 596 1030 638 et
1062 586 1148 651 qui
1187 596 1389 640 restant
1421 587 1504 640 dic
1530 603 1621 640 eos
1654 589 1863 657 cyclum
1894 588 2121 642 solarem

2225 588 2361 641 αὐτὰ
2398 587 2488 638 ἐπὶ
2521 587 2630 638 τῶν
2663 585 2748 651 ιϐ’,
2777 587 2871 638 καὶ
2895 587 2962 639 τὰ
2989 588 3421 656 ἑναπομείναντά
3451 590 3557 642 είσι
3601 591 3812 660 δηλω-

573 678 864 732 declarare.
893 679 1033 748 Cycli
1066 681 1277 748 quidem
1304 681 1459 747 Ιιιηιιι,
1474 683 1562 752 qui
1591 693 1717 737 sunt
1738 684 2122 748 novemdccim,

2226 678 2351 729 τικὰ
2403 676 2497 729 τοῦ
2555 676 2757 730 κύκλου
2788 677 2889 745 τῆς
2939 679 3187 748 σελήνης.
3218 675 3352 731 Εῐτα
3384 679 3507 748 εὐρὲ
3551 681 3648 732 καὶ
3695 681 3813 733 τὸν

579 771 840 839 incipiunt
871 787 898 823 a
935 787 1117 826 mense
1151 770 1444 826 Januario:
1485 772 1618 843 cycli
1651 783 1825 827 autem
1859 773 2008 836 solis,
2033 771 2124 840 qui

2225 769 2421 823 κύκλον
2469 768 2563 821 τοῦ
2611 769 2763 838 ἡλίου
2799 767 2973 831 οὕτως
3017 785 3032 800 ο
3080 770 3385 840 άρίθμησον
3414 772 3481 824 τὰ
3513 773 3622 826 ἀπὸ
3665 773 3812 826 κτί-

577 870 698 913 sunt
733 862 917 928 viginti
949 871 1072 916 octo
1102 877 1349 923 numero.
1383 863 1648 930 incipiunt
1698 877 1725 914 a
1757 876 1940 916 mense
1965 861 2125 916 Octo-

2225 882 2362 926 σεως
2399 865 2603 932 κόσμου
2655 863 2773 933 ἔτη,
2809 865 2903 917 καὶ
2941 862 3102 931 ὕφελε
3151 865 3290 918 αὐτὰ
3318 866 3410 917 ἐπὶ
3441 866 3549 918 τῶν
3600 870 3810 920 εἴκοσι

577 952 678 1004 hri.
711 951 845 1003 Cum
877 967 1003 1020 ergo
1027 952 1159 1021 rycli
1190 952 1329 1005 luna:
1358 962 1412 1006 et
1456 952 1582 1006 solis
1626 954 1704 1006 sic
1738 952 2080 1006 inveniantur
2105 991 2121 1017 ,

2225 954 2319 1005 καὶ
2347 951 2508 1015 ὀκτὼ,
2549 951 2643 1004 καὶ
2687 951 2758 1004 τὰ
2793 952 3306 1021 περιλιμπανόμενα
3344 954 3464 1006 είπὲ
3501 954 3810 1021 δηλωτικὰ

578 1039 870 1108 multiplica
914 1042 1164 1096 undecies
1198 1052 1322 1096 tunc
1353 1051 1656 1098 currentem
1701 1044 1838 1097 luna:
1875 1042 2117 1113 cyclum;

2225 1039 2366 1094 εἶναι
2422 1041 2514 1094 τοῦ
2553 1040 2750 1094 κύκλου
2791 1040 2884 1094 τοῦ
2917 1041 3086 1110 ἡλίου.
3120 1043 3182 1093 Oi
3221 1042 3400 1109 μέντοι
3445 1041 3637 1095 κύκλοι
3690 1045 3811 1110 τῆς

579 1132 784 1185 demde-
815 1131 950 1186 adde
984 1148 1150 1200 usque
1199 1135 1263 1186 ad
1298 1135 1561 1188 decimum
1616 1141 1826 1188 sextum
1877 1133 2081 1203 cyclum
2110 1169 2125 1196 ,

2228 1133 2479 1203 σελήνης,
2516 1131 2804 1185 δεκαεννέα
2853 1133 3025 1195 ὅντες,
3053 1132 3316 1200 ἄρχονται
3370 1132 3477 1184 ἀπὸ
3511 1133 3605 1185 τοῦ
3649 1135 3809 1185 Ἰαν-

580 1236 677 1290 pro
710 1223 916 1275 smenlis
943 1224 1160 1292 elapsis,
1194 1240 1285 1278 sex
1315 1225 1452 1285 dies.
1486 1224 1572 1292 qui
1598 1234 1796 1292 epacta:
1833 1224 2082 1276 dicuntur
2109 1239 2124 1288 ;

2226 1222 2478 1290 νουαρίου
2513 1221 2713 1292 μηνός·
2749 1223 2798 1274 οί
2838 1221 2894 1274 δὲ
2924 1220 3113 1274 κύκλοι
3136 1219 3231 1273 τοῦ
3265 1221 3435 1290 ἡλίου.
3473 1221 3648 1274 εἴκοσι
3695 1223 3811 1274 καὶ

577 1321 694 1378 post
732 1312 994 1365 decimum
1039 1326 1248 1368 sextum
1289 1315 1494 1383 cyclum
1526 1329 1690 1382 usque
1746 1316 1810 1367 ad
1860 1313 2124 1366 decimum

2226 1311 2368 1364 ὀκτὼ
2393 1311 2546 1373 ὄντες
2579 1311 2669 1363 τὸν
2710 1311 2964 1381 ἀριθμὸν,
3009 1311 3265 1380 ἄρχονται
3307 1298 3415 1364 ἀπὸ
3459 1312 3551 1364 τοῦ
3585 1312 3812 1365 Ὀκτω-

578 1417 797 1463 nonum,
817 1403 952 1457 adde
980 1403 1226 1457 similiter
1249 1414 1449 1473 septem
1477 1404 1616 1462 dies;
1648 1411 1697 1456 et
1726 1411 2004 1472 postquam
2032 1402 2129 1455 hos

2229 1400 2381 1470 ὁρίου
2439 1402 2624 1470 μηνός.
2659 1402 2779 1453 Τῶν
2832 1401 2962 1468 γοῦν
3003 1400 3220 1454 κύκλων
3276 1401 3375 1467 τῆς
3427 1402 3658 1470 σελήνης
3691 1401 3810 1454 καὶ

576 1506 762 1545 omnes
793 1493 903 1545 dies
935 1492 985 1544 in
1020 1508 1183 1547 unam
1211 1509 1471 1547 summam
1500 1493 1798 1563 collegeris.
1825 1492 2005 1546 divide
2037 1507 2130 1547 eos

2226 1493 2321 1547 τοῦ
2371 1492 2522 1563 ἡλίου
2586 1489 2757 1555 οὕτως
2800 1492 3243 1562 εὑρισκομένων,
3293 1490 3811 1544 ἑνδεκαπλασίασον

578 1595 674 1647 per
712 1576 922 1648 triginta
950 1623 965 1647 ,
1001 1591 1053 1636 et
1089 1599 1208 1637 cum
1247 1569 1460 1637 veneris
1488 1583 1552 1636 ad
1597 1598 1877 1636 numerum
1915 1584 2130 1652 triginta

2220 1585 2318 1637 τὸν
2349 1585 2609 1653 τρέχοντα
2629 1582 2926 1653 τηνικαῦτα
2967 1582 3166 1635 κύκλον
3212 1581 3309 1650 τῆς
3357 1581 3584 1650 σελήνης
3607 1597 3623 1613 ·
3660 1578 3804 1634 εἶτα

578 1671 769 1724 diebus
804 1672 1066 1726 minorem
1095 1715 1110 1739 ,
1142 1688 1261 1726 eum
1295 1689 1465 1733 sume,
1511 1685 1562 1727 et
1597 1683 1672 1729 tot
1700 1675 1813 1727 dies
1847 1691 1912 1729 ex
1945 1688 2131 1728 mense

2234 1675 2665 1746 πρόσθεςῖμέχρι
2697 1676 2793 1744 μὲν
2843 1673 2936 1726 τοῦ
2973 1679 3025 1738 ς’
3062 1673 3262 1725 κύκλου
3315 1673 3473 1740 χάριν
3511 1671 3618 1724 τῶν
3650 1688 3811 1740 παρ-

579 1760 766 1814 Martio
802 1761 880 1816 vel
913 1764 1071 1816 etiam
1108 1764 1273 1830 Aprili
1307 1766 1377 1819 illi
1407 1765 1560 1839 adde,
1596 1775 1727 1834 quot
1756 1765 2041 1831 sumciam,
2073 1779 2128 1820 ut
2161 1752 2166 1806 l

2230 1770 2490 1822 ελϐόντων
2545 1767 2756 1821 αἰώνων
2817 1764 3031 1835 ἡμέρας
3084 1763 3142 1826 ἐξ
3188 1766 3286 1826 τὰς
3347 1762 3640 1830 λεγομένας
3689 1762 3810 1813 ὲπο

579 1853 668 1903 liat
701 1869 953 1906 miinerns
988 1856 1480 1924 quinquagesimus,
1519 1866 1572 1910 et
1597 1858 1682 1911 dic
1715 1859 1898 1912 statim
1935 1858 1985 1910 in
2025 1859 2129 1912 line

2231 1859 2420 1922 ακτάς.
2454 1858 2603 1910 Μετὰ
2633 1857 2690 1908 δὲ
2713 1857 2802 1909 τὸν
2824 1855 2902 1919 ις’
2931 1854 3128 1908 κύκλον
3155 1853 3313 1922 μέχρι
3342 1851 3525 1920 τοῦειίΐ
3554 1851 3812 1919 πρόσθες

577 1943 1018 2012 quinquagenarii
1048 1946 1240 2006 debere
1262 1961 1379 2000 esse
1409 1946 1611 2000 Pascha
1645 1947 1831 2015 legale.
1861 1947 1926 2002 Ut
1953 1959 2128 2001 autem

2232 1953 2369 2020 ὑπὲρ
2398 1951 2585 2020 ὁμοίου
2615 1950 2831 2020 ἡμέρας
2854 1949 2993 2001 ἑπτά
3015 1963 3032 1979 ο
3060 1948 3154 1999 καὶ
3181 1946 3319 2014 μετὰ
3349 1946 3408 1997 τὸ
3431 1945 3658 2013 ποιῆσαι
3691 1944 3813 2012 τὴν

579 2034 719 2098 quod
751 2034 950 2088 dictum
984 2044 1086 2095 est,
1122 2050 1218 2102 per
1246 2036 1546 2104 exemplum
1595 2037 1683 2089 ﬁat
1740 2037 2076 2091 manifestius
2105 2080 2120 2104 ,

2230 2045 2338 2098 τῶν
2365 2045 2626 2098 τοιούτων
2681 2044 2817 2096 ὅλων
2879 2041 3100 2111 ἡμερῶν
3151 2039 3363 2103 ἕνωσιν,
3406 2037 3567 2104 ὓφελε
3619 2036 3809 2096 αὑτὰς

581 2123 805 2186 labentis
838 2125 959 2178 anni
996 2128 1170 2180 sexies
1200 2126 1467 2180 millesimi
1498 2127 1872 2181 scxcentesimi
1918 2137 2132 2191 octoge-

2231 2138 2322 2189 ἐπὶ
2367 2137 2475 2188 τῶν
2528 2134 2591 2199 λ’,
2648 2135 2743 2186 καὶ
2798 2134 2926 2185 ὅταν
2985 2132 3330 2200 καταντήσῃς
3386 2130 3463 2189 είς
3515 2126 3811 2192 ποσότητα

577 2214 697 2278 simi
735 2216 868 2285 sexti
906 2215 1194 2270 Paschales
1225 2217 1334 2272 dies
1370 2232 1568 2284 quaere,
1598 2227 1651 2270 et
1683 2218 1767 2271 dic
1798 2218 1909 2282 ita;
1941 2216 2132 2286 Cyclus

2232 2230 2432 2297 ἥττονα
2459 2226 2567 2278 τῶν
2592 2225 2635 2277 λ’
2662 2223 2906 2293 ἡμερῶν,
2940 2223 3032 2275 καὶ
3063 2223 3332 2290 κράτησον
3358 2220 3437 2281 είς
3465 2218 3561 2278 τὰς
3590 2216 3794 2284 χεῖράς

579 2303 719 2357 luna:
750 2313 832 2357 est
859 2313 930 2358 eo
974 2320 1113 2359 anno
1143 2305 1527 2373 septemdecim
1591 2307 1680 2376 qui
1737 2321 1830 2374 per
1884 2307 2130 2360 undecim

2236 2306 2328 2372 σου
2355 2318 2556 2386 ταύτην
2607 2317 2696 2369 καὶ
2724 2316 2921 2368 ἓνωσον
2971 2313 3055 2365 ἐπ’
3081 2313 3219 2381 αὐτῇ
3266 2311 3372 2364 άπδ
3409 2310 3500 2360 τοῦ
3529 2307 3796 2374 Μαρτίου

583 2395 967 2463 ιηιιιιίριίοιιιυε
1000 2394 1163 2451 efﬁcit
1213 2396 1326 2449 dies
1360 2406 1571 2450 centum
1610 2398 1874 2465 octoginta
1906 2409 2132 2471 septem.

2238 2411 2399 2479 μηνὸς
2433 2408 2466 2476 ἡ
2508 2408 2599 2460 καὶ
2631 2406 2724 2458 τοῦ
2766 2404 3075 2473 Ἀπριλλίου
3125 2402 3335 2470 ἡμέρας
3366 2402 3486 2453 ὅσαι
3527 2396 3810 2464 ἐξαρκοῦ-

585 2487 846 2541 Undecies
871 2487 1014 2538 enim
1043 2486 1420 2553 septemdecim
1455 2497 1580 2541 sunt
1611 2498 1826 2542 centum
1864 2488 2132 2557 octoginta

2237 2515 2322 2552 σιν
2369 2501 2448 2561 εἰς
2479 2499 2539 2549 τὸ
2585 2494 3013 2566 συμποσωθῆναι
3066 2506 3422 2562 πεντήκοντα.
3449 2487 3557 2540 Καὶ
3593 2486 3807 2538 αὐτίκα

582 2585 806 2659 septem.
840 2574 932 2629 His
962 2591 1056 2645 pro
1084 2577 1312 2644 saeculis,
1348 2587 1404 2632 ut
1426 2579 1623 2632 dictum
1651 2589 1753 2639 est,
1780 2578 1966 2632 diebus
2003 2593 2136 2646 quo-

2236 2593 2355 2644 είπὲ
2398 2590 2539 2643 κατὰ
2578 2589 2638 2642 τὸ
2663 2588 2812 2650 τέλος
2857 2586 2953 2654 τῆς
2980 2580 3412 2650 πεντηκοντάδος
3442 2577 3680 2645 ὀφείλειν
3709 2577 3810 2644 γί-

584 2683 687 2737 (ιυε
749 2679 956 2737 septem
1007 2668 1237 2722 addictis
1271 2709 1286 2734 ,
1339 2669 1564 2723 ellicitnr
1625 2685 1876 2723 numerus
1933 2671 2136 2722 dierum

2237 2681 2426 2735 νεσΘαι
2479 2681 2540 2733 τὸ
2594 2678 2815 2748 νομικὸν
2871 2676 3080 2744 Πάσχα.
3115 2674 3236 2726 Ἵνα
3273 2671 3453 2725 δὲκαὶ
3494 2670 3582 2723 διὰ
3628 2684 3818 2737 παρα-

585 2771 802 2812 cenium
874 2759 1163 2828 nonaginta
1224 2773 1472 2826 quatuor.
1511 2761 1627 2826 Quo
1666 2763 1876 2830 quidem
1913 2776 2137 2816 numero

2237 2773 2529 2842 δείγματος
2560 2769 2892 2838 σαφέστερον
2924 2767 3151 2834 γένηται
3187 2763 3247 2816 τδ
3277 2762 3591 2830 λεγόμενον,
3626 2759 3808 2827 ζήτη-

584 2862 680 2916 per
714 2847 934 2917 triginta
960 2849 1150 2915 diviso,
1175 2849 1547 2919 relinquuntur
1568 2851 1683 2905 dies
1710 2851 2135 2919 quatuordecim:

2241 2881 2332 2919 σον
2383 2863 2481 2926 τὰς
2545 2861 2638 2914 τοῦ
2695 2860 2975 2930 τρέχοντος
3030 2856 3207 2925 ςχπς¹
3262 2855 3415 2918 ἔτους
3489 2849 3813 2920 Πασχαλίου

586 2936 762 2990 sexies
791 2938 929 2989 enim
961 2938 1176 3007 triginta
1197 2948 1325 2992 sunt
1356 2949 1572 2992 centum
1601 2941 1889 3006 octoginta.
1913 2939 1986 2993 Ut
2011 2952 2138 3006 ergo

2238 2955 2476 3023 ἡμέρας,
2511 2953 2602 3004 καὶ
2647 2951 2767 3004 είπὲ
2811 2949 2984 3008 οὕτως
3009 2965 3024 2981 ο
3089 2944 3152 2998 '0
3182 2945 3380 3007 κύκλος
3434 2943 3536 3012 τῆς
3569 2941 3811 3010 σελήνης

589 3026 683 3081 ﬁat
719 3041 971 3080 numerus
997 3027 1206 3080 dierum
1253 3029 1671 3097 quinquaginta,
1704 3044 1807 3096 quo
1840 3030 2140 3082 inveniatur
2167 3072 2176 3117 ε

2242 3045 2382 3096 κατὰ
2412 3042 2471 3092 τὸ
2497 3039 2736 3092 τοιοῦτον
2780 3037 2898 3101 ἔτος
2943 3036 3092 3089 ἐστὶν
3137 3032 3621 3094 ἑπτακαιδέκατος,
3650 3033 3813 3092 ὅστις

589 3120 705 3173 dies
740 3119 958 3172 Pascha:
987 3120 1192 3187 legalis,
1227 3119 1363 3173 adde
1406 3121 1562 3174 dictis
1590 3122 1992 3188 quatuordccim
2027 3120 2140 3173 die-

2251 3130 2875 3199 ἑνδεκαπλασιαζόμενος
2926 3130 3182 3184 ἀποτελεῖ
3235 3130 3448 3198 ἡμέρας
3494 3124 3640 3194 ρπζ¹.
3683 3123 3815 3176 Ἐν-

589 3212 689 3265 bus
716 3226 880 3263 unum
908 3219 963 3265 et
984 3212 1198 3282 triginta
1224 3212 1338 3265 dies
1360 3211 1532 3264 Martii
1557 3221 1608 3266 et
1632 3212 1829 3280 Aprilis
1857 3211 1968 3265 dies
1994 3212 2144 3280 quin-

2247 3226 2467 3287 δεκάκις
2517 3224 2627 3294 γὰρ
2678 3221 2948 3274 δεκαεπτὰ
3004 3222 3146 3290 ρπζ’.
3202 3218 3650 3289 Προστιθεμένων
3709 3215 3815 3267 οὖν

593 3320 732 3371 que;
769 3312 820 3357 et
872 3305 949 3355 sic
997 3319 1116 3357 cum
1171 3304 1558 3375 quinquaginta
1602 3304 1808 3357 dierum
1863 3317 2143 3356 numerum

2247 3317 2454 3375 τούτοις
2486 3315 2644 3385 χάριν
2679 3313 2787 3366 τῶν
2822 3311 3054 3374 αἰώνων,
3087 3311 3162 3372 ὡς
3194 3311 3431 3377 εἴρηται,
3451 3307 3547 3360 κα.)⁵
3574 3307 3813 3374 ἡμερῶν

595 3395 862 3460 effeceris,
894 3396 980 3447 dic
1012 3397 1204 3449 debere
1234 3396 1350 3447 lieri
1397 3395 1603 3447 Pascha
1637 3395 1804 3460 legale
1842 3393 2032 3460 quinto
2061 3394 2146 3444 die

2250 3405 2419 3467 ἑπτὰ,
2465 3403 2808 3455 ἀποτελεῖται
2848 3401 3081 3469 ποσότης
3118 3397 3344 3467 ἡμερῶν
3399 3393 3533 3464 ρὶα,δ’.
3579 3387 3686 3452 τΗς
3747 3389 3818 3461 δὴ

599 3485 802 3537 mensis
829 3484 1048 3556 Aprilis.
1079 3482 1213 3546 Quia
1242 3492 1418 3534 autem
1451 3485 1650 3536 mensis
1689 3483 1902 3549 quidem
1925 3480 2038 3533 dies
2071 3480 2148 3533 sic

2252 3497 2546 3563 ποσότητος
2578 3491 2918 3561 ὑφελομένης
2946 3490 3039 3541 ἐπὶ
3067 3489 3174 3540 τῶν
3208 3486 3273 3550 λ’,
3310 3485 3814 3553 περιλιμπάνονται

595 3575 1102 3643 comprehenditur;
1163 3574 1475 3642 septimanae
1523 3586 1702 3627 autem
1752 3573 1863 3625 dies
1912 3573 2149 3624 incertus

2253 3586 2455 3656 ἡμέραι
2491 3583 2570 3637 ιδ’.
2640 3582 2854 3647 Ἑξάκις
2885 3581 2990 3648 γὰρ
3024 3579 3315 3647 τριάκοντα
3355 3580 3460 3643 ρπ⁹.
3482 3573 3599 3626 ἰνα
3630 3571 3818 3624 τοίνυν

596 3679 678 3723 est
711 3688 723 3721 :
770 3684 903 3736 opus
932 3677 1012 3721 est
1041 3675 1093 3721 te
1139 3682 1348 3735 quoque
1405 3682 1520 3719 eam
1567 3666 1766 3720 doceri.
1799 3665 1862 3717 Et
1899 3665 2148 3733 quoniam

2261 3669 2538 3723 ποσωθῶσι
2575 3670 2914 3736 πεντήκοντα
2945 3665 3170 3735 ἡμέραι,
3201 3667 3361 3733 χάριν
3386 3661 3478 3715 τοῦ
3516 3659 3820 3729 εὑρεθῆναι

600 3761 699 3813 hoc
731 3774 870 3812 anno
903 3759 1080 3825 cyclns
1113 3759 1241 3811 solis
1271 3765 1352 3810 est
1395 3757 1684 3811 vicesimus
1731 3757 2018 3818 secundus,
2056 3769 2151 3823 cy-

2252 3760 2349 3828 την
2393 3759 2609 3830 ἡμέραν
2640 3758 2736 3812 τοῦ
2773 3756 3004 3827 νομικοῦ
3066 3758 3276 3825 Πάσχα,
3305 3755 3506 3807 ἓνωσον
3547 3754 3665 3814 ταῖς
3715 3753 3820 3821 ρη-

597 3851 791 3902 clicum
829 3848 969 3902 hunc
1018 3863 1296 3900 numerum
1356 3860 1526 3909 sume,
1577 3857 1628 3899 et
1675 3862 1774 3915 pro
1832 3858 2152 3913 unoquoque

2256 3850 2462 3912 θείσαις
2493 3849 2626 3903 δέκα
2695 3850 2831 3919 πρὸς
2887 3850 3008 3911 ταῖς
3063 3847 3354 3916 τέσσαρσιν
3424 3845 3658 3913 ἡμέραις
3711 3843 3819 3904 τὰς

597 3938 933 4008 quadrienno
981 3947 1196 4004 propter
1223 3939 1517 3991 bissextum
1549 3938 1689 3990 diem
1724 3951 1884 3989 unum
1917 3937 1964 3989 ei
1997 3938 2151 3996 adde.

2255 3941 2546 4010 τριάκοντα
2574 3940 2711 4009 πρὸς
2741 3943 2807 4009 τῇ
2842 3942 2942 4010 μιᾷ
2987 3940 3200 4009 ἡμέρας
3232 3938 3325 3990 τοῦ
3359 3935 3605 4004 Μαρτίου
3646 3935 3821 4004 μηνὸς

598 4030 802 4085 scilicet
833 4042 927 4094 pro
955 4029 1135 4098 viginti
1171 4031 1376 4083 duobus
1404 4028 1567 4096 (-yclis
1612 4028 1724 4081 dies
1768 4027 2024 4095 quinque,
2059 4027 2149 4094 qui

2257 4031 2351 4084 καὶ
2384 4032 2491 4083 ἀπὸ
2535 4030 2629 4083 τοῦ
2676 4030 2985 4098 Ἀπριλλίου
3038 4030 3252 4098 ἡμέρας
3282 4027 3477 4080 πέντεα
3527 4027 3622 4079 καὶ
3669 4024 3821 4076 οὕτω

599 4125 761 4176 ctiam
791 4134 991 4192 cpactrc
1030 4122 1298 4174 dicuntur.
1358 4121 1434 4174 Ita
1476 4122 1557 4176 his
1588 4122 1744 4186 adde,
1774 4121 1816 4173 si
1854 4121 2069 4190 quidem
2101 4121 2154 4172 in

2260 4124 2622 4195 συμποσὼσας
2658 4124 2870 4193 ἡμέρας
2910 4122 2952 4176 ν’
2993 4122 3115 4190 λέγε
3171 4121 3408 4190 ὀφείλειν
3448 4117 3701 4186 γενέσθαι
3757 4116 3823 4168 τὸ

604 4230 786 4268 mense
823 4213 1012 4266 Martio
1046 4213 1212 4280 legale
1238 4211 1440 4264 Pascha
1470 4211 1758 4276 invenitur,
1785 4211 2154 4279 ratione‘prie-

2260 4217 2478 4284 νομικὸν
2525 4215 2716 4282 Πάσχα
2767 4216 2906 4266 κατὰ
2930 4213 3031 4284 τὴν
3069 4213 3326 4282 πέμπτην
3369 4209 3462 4262 τοῦ
3501 4208 3822 4277 Ἀπριλλίου

602 4306 878 4358 ῑυιὶιοιιιιη
904 4305 1186 4367 mensium,
1217 4303 1310 4371 qtti
1345 4313 1694 4356 numerantur
1725 4317 1753 4354 a
1789 4316 1970 4355 mense
1993 4299 2156 4355 Octo-

2267 4306 2451 4376 μηνός.
2489 4305 2610 4357 Ὀτι
2641 4305 2695 4356 δὲ
2723 4305 2754 4373 ἡ
2792 4303 2889 4371 μὲν
2915 4303 3006 4355 τοῦ
3041 4303 3209 4373 μῃνδς
3242 4301 3427 4371 ἡμέρα
3457 4299 3598 4352 οὕτω
3641 4314 3822 4349 κατα⁸

605 4397 682 4448 hri
717 4435 730 4456 ,
769 4396 883 4447 dies
917 4396 1198 4456 undecim;
1246 4393 1451 4448 scilicet
1495 4409 1589 4461 pro
1617 4393 1838 4448 Octobri
1880 4393 1992 4447 dies
2027 4403 2153 4455 tres,
2191 4426 2192 4429 η

2262 4397 2671 4466 λαμϐάνεται,ἡ
2702 4396 2758 4448 δὲ
2793 4397 2890 4464 τῆς
2922 4394 3212 4463 ἑϐδομάδος
3243 4392 3424 4464 ἡμέρα
3452 4390 3644 4460 ἄδηλός
3676 4389 3821 4452 ἐστι,

604 4505 666 4541 co
695 4487 835 4555 quod
874 4487 1064 4541 habeat
1098 4487 1183 4540 hic
1230 4485 1427 4539 mensis
1473 4486 1586 4538 dies
1633 4485 1846 4551 triginta
1880 4494 1932 4537 et
1963 4500 2157 4549 unum;

2266 4490 2441 4558 χρεών
2489 4488 2603 4539 ἐστι
2674 4489 2770 4539 καὶ
2818 4487 3028 4555 ’ταύτην
3093 4483 3515 4552 ἀναδιδαχθῆναι
3569 4496 3651 4533 σε.
3713 4478 3827 4530 Καὶ

606 4596 700 4647 pro
731 4578 1053 4644 Novembri,
1098 4579 1230 4630 duos
1271 4578 1407 4639 dies,
1437 4575 1572 4643 quod
1606 4577 1650 4629 is
1685 4577 1876 4628 habeat
1906 4577 2021 4629 dies
2063 4577 2161 4628 tri-

2265 4579 2388 4631 ἐπεί
2446 4578 2562 4630 ἐστι
2616 4575 2756 4629 κατὰ
2809 4575 2869 4627 τδ
2916 4574 3159 4627 τοιοῦτον
3221 4573 3339 4634 ἔτος
3387 4573 3414 4624 ό
3466 4569 3662 4630 κύκλος
3727 4565 3826 4618 τοῦ

607 4675 772 4740 ginta,
799 4684 972 4740 ctpro
1011 4671 1288 4725 Deccmbri
1324 4680 1378 4723 et
1414 4669 1674 4723 Januario
1709 4671 1821 4724 dies
1856 4685 1945 4723 scx
1973 4709 1987 4732 ,
2022 4668 2161 4737 quod

2267 4667 2416 4736 ἡλίου
2467 4663 2567 4732 κβ’,
2602 4664 2872 4732 κράτησον
2902 4663 2981 4724 εἰς
3014 4662 3112 4722 τὰς
3144 4659 3332 4730 χεῖράς
3379 4675 3472 4710 σου
3510 4655 3608 4725 τὴν
3639 4653 3829 4706 τοιαύ-

613 4763 979 4831 unusquisque
1013 4778 1196 4816 eorum
1250 4763 1440 4815 habeat
1469 4762 1582 4815 dies
1615 4761 1827 4830 triginta
1874 4770 1928 4815 et
1978 4777 2162 4816 unum.

2266 4776 2368 4828 την
2421 4756 2682 4824 κυκλικὴν
2736 4753 3030 4820 ποσότητα,
3076 4750 3170 4804 καὶ
3224 4750 3426 4802 ἓνωσον
3471 4747 3647 4816 ταύτῃ
3687 4744 3829 4812 ὑπὲρ

615 4857 717 4910 l'ro
743 4871 923 4908 mense
961 4862 1135 4906 autem
1207 4853 1463 4906 ebruario
1513 4853 1641 4905 nihil
1692 4854 1878 4916 addes,
1914 4867 1979 4909 eo
2025 4855 2163 4922 quod

2270 4849 2502 4916 ἑκάστης
2551 4846 2866 4916 τετραετίας
2915 4843 3074 4913 χάριν
3120 4841 3215 4895 τοῦ
3271 4839 3550 4910 βισέξστου
3607 4835 3831 4915 ἡμέραν

613 4950 658 5000 ei
693 4947 827 5000 desit
865 4960 876 4994 :
912 4945 953 4997 si
986 4953 1160 4998 autem
1204 4943 1473 4996 invenitur
1508 4941 1714 4995 Pascha
1761 4943 1927 5009 legale
1986 4959 2168 4998 mense

2275 4940 2422 5008 μίαν,
2453 4939 2617 5007 ἡγουν
2647 4936 2786 5004 ὑπὲρ
2815 4935 2922 4986 τῶν
2955 4931 3035 5002 κβ¹
3068 4931 3283 4985 κύκλων
3314 4926 3526 4997 ἡμέρας
3554 4932 3617 4988 ε’,
3652 4924 3707 4976 αἳ
3734 4925 3831 4976 καὶ

615 5036 801 5102 Aprili.
843 5044 898 5086 ut
932 5036 987 5086 lit
1017 5036 1066 5085 in
1095 5033 1338 5102 praesenti
1376 5041 1612 5100 tempore
1642 5048 1657 5084 :
1688 5032 1823 5085 adde
1853 5034 2013 5086 etiam
2050 5044 2158 5087 tres

2271 5028 2504 5080 ὲπακταὶ
2527 5026 2794 5091 λέγονται.
2828 5024 3106 5084 ὀσαύτως
3139 5021 3341 5073 ἓνωσον
3371 5018 3616 5077 ταύταις,
3644 5015 3693 5065 εί
3731 5013 3834 5080 μὲν

616 5130 749 5183 alios
786 5130 897 5181 dies
929 5142 1023 5194 pro
1055 5141 1234 5180 mense
1265 5126 1474 5191 Martio,
1506 5133 1561 5176 ut
1610 5125 1717 5179 sint
1757 5140 1851 5191 pro
1899 5126 2168 5178 mensibus

2272 5120 2333 5172 τὸ
2363 5117 2580 5186 νομικὸν
2639 5115 2826 5182 Πάσχα
2857 5113 3174 5181 εὑρίσκεται
3237 5109 3315 5170 είς
3363 5108 3609 5176 Μάρτιον
3661 5108 3833 5194 μῆνα,

617 5222 731 5275 dies
762 5193 1184 5288 quatuordccim.
1230 5217 1490 5284 Legitimo
1533 5230 1660 5285 ergo
1694 5216 1911 5268 Pascha:
1947 5217 2031 5268 die
2085 5217 2168 5268 in-

2274 5211 2416 5278 λόγῳ
2447 5208 2555 5260 τῶν
2581 5205 3074 5276 προπαρελκόντων
3104 5200 3286 5271 μηνῶν
3310 5198 3418 5253 τῶν
3445 5193 3835 5288 ψηφιζομένων

621 5283 800 5372 venio,
833 5319 890 5361 ut
921 5309 1179 5372 diximus,
1209 5283 1396 5374 quinm
1430 5283 1626 5360 mensis
1651 5308 1808 5376 611
1839 5307 2057 5374 Aprilis,
2092 5307 2174 5360 his

2275 5301 2381 5352 ἀπὸ
2416 5298 2504 5349 τοῦ
2540 5295 2871 5366 Ὀκτωϐρίου
2907 5294 3096 5363 μηνὸς,
3129 5291 3341 5360 ἡμέρας
3379 5293 3473 5345 ια’.
3497 5287 3664 5354 ἡγουν
3693 5283 3835 5376 ὑπερ

623 5403 756 5454 adde
790 5401 860 5453 22
887 5401 998 5453 dies
1023 5400 1214 5455 solaris
1250 5398 1404 5466 cycli,
1450 5407 1503 5450 et
1542 5413 1605 5451 ex
1649 5375 1883 5453 bisseno
1917 5401 2175 5467 quinque,

2276 5391 2370 5444 τοῦ
2405 5390 2736 5458 Ὀκτωὸρίου
2781 5387 2995 5456 ἡμέρας
3026 5383 3094 5452 γ’,
3122 5384 3211 5435 διὰ
3257 5387 3319 5432 τὸ
3347 5381 3492 5448 ἔχειν
3538 5378 3628 5428 τὸν
3676 5375 3838 5426 αὐτὸν

622 5491 708 5555 qui
739 5490 898 5542 etiam
930 5499 1128 5554 epacta:
1173 5487 1448 5551 dicuntur,
1477 5496 1528 5539 et
1558 5487 1623 5539 14
1654 5488 1913 5541 mensium
1941 5504 1955 5552 ;
1986 5498 2038 5542 et
2085 5502 2177 5542 eos

2283 5482 2425 5550 μῆνα
2450 5479 2492 5530 λ’
2523 5482 2658 5549 πρὸς
2685 5481 2753 5548 τῇ
2811 5479 2941 5547 μιᾷ’
2975 5475 3113 5544 ὑπὲρ
3157 5474 3250 5526 τοῦ
3302 5470 3607 5540 Νοεμϐρίου
3668 5468 3840 5536 μηνὸς

625 5597 807 5636 omnes
835 5583 893 5635 4i
931 5580 1131 5633 dierum
1166 5594 1429 5633 summam
1459 5577 1648 5646 collige
1680 5594 1741 5631 ac
1771 5595 1959 5633 rursus
1988 5579 2040 5632 in
2083 5595 2174 5632 sex

2281 5571 2489 5640 ἡμέρας
2517 5571 2581 5640 β’,
2617 5573 2706 5623 διὰ
2732 5569 2791 5621 τὸ
2816 5570 2960 5637 ἔχειν
3018 5566 3207 5619 τοῦτον
3259 5565 3474 5633 ἡμέρας
3521 5560 3835 5631 τριάκοντα·

626 5671 949 5740 septimanos
997 5669 1235 5734 rcsolvc,
1285 5670 1359 5723 sic
1411 5668 1635 5724 dicendo
1665 5709 1678 5734 ,
1727 5670 1924 5724 scxtics
1975 5677 2175 5737 septem

2285 5664 2377 5715 καὶ
2431 5664 2569 5732 ὑπὲρ
2619 5663 2712 5715 τοῦ
2767 5659 3102 5732 Δεκεμϐρίου
3160 5657 3254 5709 καὶ
3312 5654 3406 5706 τοῦ
3478 5651 3837 5717 Ἰαννουαρίου
