4018 6310
229 389 322 454 281

1181 387 1264 454 IN
1302 391 1467 454 CAN.
1505 390 1784 454 LXXVII
1829 390 2036 454 CONC.
2078 391 2452 452 CARTBAG.

3353 375 3458 440 232

231 506 440 573 ἡμέρας
486 503 569 570 ιε,
614 503 705 557 διὰ
754 503 816 558 τδ
872 503 1019 575 ἔχειν
1072 502 1294 566 τούτους
1345 502 1450 556 ἀνὰ
1500 501 1794 572 τριάκοντα

1908 501 2248 572 quadraginta
2274 503 2398 564 duo,
2435 499 2670 553 invenies
2700 499 2932 566 reliquos
2965 496 3079 550 dies
3123 495 3154 547 4
3192 493 3304 546 ﬁeri
3336 493 3448 545 sci-

231 597 362 662 πρὸς
386 598 455 665 τῇ
488 597 586 665 μιᾷ
614 612 628 626 ·
660 597 800 664 ὑπὲρ
823 595 879 650 δὶ
923 595 1018 649 τοῦ
1062 595 1427 666 Φεϐρουαρίου
1465 591 1633 663 μηνὸς
1681 607 1787 660 μη·

1893 592 2012 646 licet
2051 589 2251 644 Pascha
2284 590 2450 655 legale
2495 589 2685 659 quinto
2733 589 2819 642 die
2862 586 3062 640 mensis
3108 584 3327 652 Aprilis,
3359 583 3451 650 qui

232 687 312 739 δὲν
354 687 708 756 προσθήσεις,
741 687 830 738 διὰ
877 687 939 738 τδ
986 686 1184 756 έλλιπῆ
1233 686 1422 738 τοῦτον
1449 683 1613 737 εἶναι.
1641 684 1705 737 El
1732 683 1789 735 δὲ

1908 687 1976 737 ιιι
1998 690 2224 749 quartus
2269 680 2382 732 dies
2417 680 2751 747 septimanae.
2792 676 2923 741 Quia
2953 689 3081 744 ergo
3115 671 3334 725 traditio
3375 681 3459 726 est

232 777 285 829 τὸ
313 776 544 842 νομικὸν
574 777 762 844 Πάσχα
808 777 1121 844 εὑρίσκεται
1170 777 1311 830 κατὰ
1355 775 1444 828 τὸν
1478 774 1790 843 Ἀπρίλλιον

235 867 396 936 μῆνα,
427 867 616 937 ῶσπερ
664 868 874 935 γίνεται
929 869 1069 920 κατὰ
1120 869 1220 936 τὴν
1275 867 1560 934 παροῦσαν
1596 867 1792 933 ἐγχροο

232 953 361 1016 νίαν,
397 952 641 1022 πρόσθες
678 954 772 1005 καὶ
824 955 1015 1022 ἑτέρας
1060 956 1272 1023 ἡμέρας
1319 956 1470 1020 τρεῖς
1501 954 1661 1023 χάριν
1689 951 1786 1005 τοῦ

233 1043 480 1112 Μαρτίου
536 1045 740 1114 μηνόςο
791 1046 866 1107 ὡς
918 1041 1058 1098 εἶναι
1112 1045 1210 1107 τὰς
1243 1045 1382 1113 ὑπερ
1433 1043 1543 1097 τῶν
1600 1043 1786 1112 μηνῶν

232 1134 439 1204 ἡμέρας
472 1134 606 1188 δέκα
638 1137 770 1202 πρὸς
799 1137 920 1196 ταῖς
941 1137 1227 1204 τέσσαρσι.
1252 1134 1359 1188 Τοῦ
1392 1134 1526 1202 γοῦν
1557 1132 1784 1204 νομικοῦ

236 1223 446 1289 Πάσχα,
480 1222 558 1285 ὡς
592 1223 837 1292 εἴπομεν,
889 1223 1281 1291 εὑρισκομένου
1331 1222 1412 1284 είς
1459 1223 1557 1283 τὰς
1609 1228 1648 1273 ε’
1698 1219 1792 1274 τοῦ

244 1310 554 1379 Ἀπριλλίου
604 1313 790 1381 μηνὸς.
825 1313 1031 1365 ἕνωσον
1063 1311 1289 1378 ταύταις
1319 1313 1416 1373 τὰς
1467 1311 1550 1382 κβ¹
1579 1313 1793 1381 ἡμέρας

234 1401 319 1452 τοῦ
349 1403 584 1471 ἡλιακοῦ
622 1403 847 1468 κύκλου,
873 1404 969 1466 τὰς
1002 1403 1109 1456 ἀπὸ
1150 1403 1242 1456 τοῦ
1292 1403 1578 1472 βισέξστου
1608 1405 1791 1468 πέντε,

234 1491 324 1552 τὰς
355 1491 452 1544 καί⁵
485 1492 731 1556 έπακτὲις
755 1493 1077 1562 λεγομένας,
1097 1495 1190 1547 καὶ
1220 1495 1317 1557 τὰς
1349 1493 1406 1547 ιδ’
1436 1493 1544 1547 τῶν
1580 1494 1795 1564 μηνῶν,

1891 771 2286 832 ecclesiastica,
2319 778 2438 838 post
2482 769 2687 821 Pascha
2723 766 2890 835 legale
2923 765 3034 816 lieri
3081 762 3454 816 Christianum

1892 865 1946 918 in
1975 879 2078 917 una
2107 872 2158 916 et
2184 863 2376 914 eadem
2407 861 2712 928 septimana
2744 859 2796 910 in
2822 857 2994 925 primo
3021 855 3126 917 die;
3148 854 3233 907 dic
3268 854 3460 905 debere

1894 955 2196 1010 necessario
2228 955 2339 1007 ﬁeri
2368 952 2567 1006 Pascha
2592 946 3150 1014 ChristiannmJnono
3175 945 3262 996 die
3289 943 3456 1008 April.

1893 1045 1988 1100 His
2017 1061 2146 1112 ergo
2175 1046 2249 1098 ita
2285 1059 2342 1097 se
2375 1044 2715 1102 habentibus,
2742 1040 2785 1093 si
2820 1056 2846 1092 a
2872 1041 2957 1092 die
2986 1036 3230 1090 Paschali
3262 1036 3371 1087 dies
3393 1031 3462 1087 56

1894 1135 2236 1197 subduxeris,
2276 1134 2517 1187 invenies
2546 1131 2995 1198 Carnisprivium.
3025 1127 3079 1181 Si
3110 1135 3289 1180 autem
3325 1125 3462 1178 nolis

1894 1242 2220 1295 cognoscere
2251 1225 2677 1293 Carnisprivium
2710 1222 3065 1277 subductioue
3116 1219 3184 1273 56
3222 1217 3455 1278 dierum,

1894 1318 1984 1371 sed
2014 1333 2134 1370 cum
2161 1316 2350 1384 majori
2387 1315 2664 1376 facilitate,
2701 1317 2824 1383 quia
2865 1326 3004 1365 nunc
3041 1319 3124 1363 est
3162 1309 3458 1370 bissextus,

1895 1407 2031 1461 adde
2059 1408 2171 1461 dies
2195 1407 2252 1467 4.
2283 1415 2337 1460 ει
2361 1407 2468 1471 dic,
2500 1406 2533 1460 9
2557 1417 2608 1458 et
2633 1407 2667 1458 4
2731 1404 2986 1458 tredecim
3019 1422 3032 1457 :
3058 1412 3115 1455 ut
3146 1400 3216 1456 sit
3247 1400 3466 1453 Carnis-

1897 1499 2128 1569 privium
2167 1499 2446 1553 Februarii
2489 1499 2576 1552 15.
2636 1497 2748 1551 Hoc
2780 1506 2957 1550 autem
2997 1495 3054 1547 lit
3100 1503 3317 1560 propter
3360 1491 3471 1544 bis-

235 1584 321 1636 καὶ
373 1583 745 1651 συμποσιίηας
808 1585 936 1647 ὅλας
989 1587 1068 1647 είς
1113 1586 1327 1655 ἡμέρας
1363 1584 1482 1654 μετ’,
1511 1586 1606 1638 καὶ
1642 1581 1798 1646 αὖθις

1908 1601 2139 1643 sextum.
2173 1589 2228 1642 Si
2261 1590 2403 1642 enim
2440 1604 2547 1642 non
2578 1598 2660 1642 est
2690 1589 2984 1648 bissextus,
3013 1601 3117 1640 non
3149 1582 3470 1648 adjiciuntur

235 1672 504 1733 ἀναλύσας
564 1675 734 1735 αὐτὰς
787 1677 866 1737 είς
919 1676 1218 1746 ἑϐδομάδας
1245 1677 1440 1742 ἓξ,διά
1493 1677 1588 1730 τοῦ
1621 1678 1797 1728 είπεῖν

1908 1678 2015 1732 dies
2061 1688 2292 1745 quatuor
2324 1678 2416 1731 sed
2453 1687 2586 1731 tres.
2619 1676 2755 1742 Quia
2785 1684 2966 1730 autem
2999 1674 3052 1727 in
3079 1672 3305 1726 diversis
3340 1669 3470 1722 locis

234 1764 434 1827 οὕτως,
494 1767 685 1830 ἑξάκις
741 1769 876 1820 ἑπτὰ
928 1770 1336 1836 τεσσαράκοντα
1385 1770 1500 1833 δύο,
1542 1770 1796 1838 εὑρήσεις

1908 1769 2120 1822 bissexti
2151 1769 2515 1831 meminimus,
2545 1769 2708 1822 debes
2736 1771 2895 1829 scire,
2922 1777 3062 1834 quon
3098 1763 3470 1829 unusquisque

234 1858 777 1925 περιλιμπανομένας
816 1859 1028 1928 ἡμέρας
1059 1859 1354 1929 τέσσαρας,
1389 1861 1506 1930 ἡτοι
1542 1859 1793 1926 γίνεσθαι

1911 1875 2082 1912 annus
2130 1859 2292 1912 habet
2335 1858 2441 1912 565
2480 1859 2591 1912 dies
2623 1859 2782 1911 horas
2818 1858 2869 1910 6.
2917 1856 3020 1921 Qui
3056 1870 3183 1923 ergo
3216 1866 3388 1904 annos
3418 1857 3472 1901 et

237 1947 290 1998 τὺ
314 1947 538 2016 νομικὸν
576 1948 763 2018 Πάσχα
793 1950 934 2001 κατὰ
960 1950 1057 2018 τὴν
1078 1949 1117 2001 ε’
1148 1949 1243 2002 τοῦ
1292 1949 1602 2020 Ἀπριλλίου
1633 1951 1803 2019 μηνὸς

1915 1961 2128 2000 menses
2177 1948 2228 1999 in
2278 1947 2636 2016 quantitatem
2669 1949 3010 2016 redegerunt,
3055 1951 3362 1997 statuerunt
3413 1947 3474 1992 ut

237 2039 327 2109 τὴν
350 2038 515 2090 οὖσαν
541 2038 754 2106 ἡμέραν
777 2039 817 2089 δ’
840 2039 936 2107 τῆς
961 2038 1267 2107 ἑϐδομάδος.
1303 2040 1426 2092 Ὅτι
1447 2038 1540 2092 οῦν
1567 2041 1803 2108 Παράδο-

1915 2039 2083 2090 mensi
2138 2035 2436 2092 Februario
2501 2038 2820 2104 adjiciantur
2877 2036 2909 2090 6
2969 2031 3470 2101 superabundantes

238 2127 313 2189 σίς
368 2129 516 2180 εστιν
569 2128 994 2198 ἐκκλησιαστικὴ
1051 2131 1188 2190 μετὰ
1240 2128 1301 2179 τὸ
1349 2130 1571 2196 νομικὶν
1621 2129 1803 2196 Πάσχα

1915 2130 2062 2183 hora:
2100 2129 2236 2182 ultra
2275 2129 2400 2184 “565.
2437 2129 2499 2182 Et
2545 2131 2662 2184 ideo
2700 2129 2893 2181 habeat
2922 2127 3121 2180 mensis
3146 2122 3476 2178 Februarius

237 2219 473 2287 γίνεσθαι
508 2222 569 2272 τὸ
605 2222 987 2288 Χριστιανικδν
1041 2222 1181 2274 κατὰ
1213 2221 1341 2290 μίαν
1371 2222 1464 2275 καὶ
1516 2223 1613 2288 τὴν
1643 2222 1803 2290 αὐτὴν

1917 2230 2032 2288 post
2079 2222 2494 2288 unumquodque
2535 2221 2947 2288 quadriennium
2978 2255 2994 2280 ,
3050 2225 3386 2271 numeratum
3447 2227 3477 2262 a

241 2302 502 2377 ἑϐδομάδα
526 2313 606 2374 είς
635 2311 856 2380 πρώτην
876 2313 1109 2381 ἡμέραν,
1140 2312 1258 2364 εἰπὲ
1290 2313 1525 2378 ὀφείλειν
1551 2312 1798 2380 γίνεσθαι

1915 2310 2086 2377 primo
2129 2310 2280 2378 cyclo
2313 2309 2497 2372 solari,
2531 2311 2646 2364 dies
2683 2310 2773 2364 29.

241 2399 294 2464 ἐξ
331 2403 577 2472 ἀνάγκης
620 2404 682 2456 τὸ
732 2404 1119 2473 Χριστιανικδν
1171 2406 1363 2473 Πάσχα
1398 2405 1539 2458 κατὰ
1570 2406 1668 2472 τὴν
1698 2403 1739 2455 θ’
1799 2400 1890 2453 τοῦ
1941 2401 2245 2470 Ἀπριλλίου
2296 2404 2482 2470 μηνός.
2512 2403 2728 2457 Τούτων
2781 2403 2834 2455 δὲ
2877 2402 3047 2462 οὕτως
3079 2401 3335 2468 έχόντων,
3379 2397 3479 2451 ἐὰν

241 2492 434 2564 ύφέλης
480 2495 588 2548 ἀπὸ
642 2495 742 2561 τῆς
801 2495 1114 2565 Πασχαλίσς
1161 2498 1375 2566 ἡμέρας
1418 2502 1530 2559 νς¹,
1567 2496 1822 2564 εὑρήσεις
1857 2495 1954 2563 τὴν
1987 2494 2291 2562 ἁποκρέαν.
2349 2496 2409 2546 El
2455 2495 2510 2546 δὲ
2562 2494 2638 2563 μὴ
2715 2492 2872 2545 τοῦτο
2916 2491 3112 2553 θέλεις,
3161 2492 3327 2560 ἡγουν
3405 2488 3471 2541 τὸ

240 2589 430 2654 γνῶναι
460 2590 560 2658 τὴν
581 2590 861 2659 ἀποκρέαν
901 2591 1041 2660 μετὰ
1070 2591 1315 2659 ὑφελμοῦ
1365 2592 1703 2658 πεντήκοντα
1778 2589 1835 2654 ἒξ
1876 2589 2120 2658 ἡμερῶν,
2159 2589 2290 2642 ἀλλὰ
2326 2590 2463 2656 μετὰ
2490 2588 2732 2650 πλείονος
2760 2587 3027 2650 εὐκολίας,
3098 2589 3220 2638 ἐπεὶ
3264 2587 3469 2656 ἀρτίως

241 2682 350 2734 έστι
382 2682 684 2751 βίσεξστον,
713 2683 949 2750 πρόσθες
990 2685 1202 2754 ἡμέρας
1247 2685 1310 2752 δ’,
1339 2687 1430 2737 καὶ
1479 2685 1625 2750 είπὲ,
1659 2686 1703 2736 θ’
1734 2685 1826 2736 καὶ
1863 2681 1924 2746 δ’,
1971 2682 2076 2749 ιγ”
2109 2683 2250 2736 ὥστε
2284 2677 2425 2736 εἶναι
2466 2685 2565 2751 τὴν
2601 2682 2882 2751 ἀποκρέαν
2960 2680 3332 2749 Φεϐρουαρίου
3372 2685 3466 2744 ιγ’.

242 2771 404 2824 Τοῦτο
433 2773 490 2825 δὲ
517 2774 728 2839 γίνεται
758 2773 845 2828 διὰ
868 2775 927 2827 τὸ
967 2773 1270 2843 βίσεξστον.
1314 2775 1376 2826 Εί
1410 2775 1518 2844 γὰρ
1545 2774 1642 2826 οὐκ
1677 2774 1793 2826 ἐστι
1833 2774 2133 2843 βίσεξστον,
2171 2774 2231 2826 ού
2292 2775 2678 2842 προστίθενται
2707 2773 2916 2842 ἡμέραι
2957 2769 3025 2832 δ’,
3091 2770 3230 2824 ἀλλὰ
3294 2771 3468 2837 τρεῖς.

254 2864 402 2919 Ἐπεὶ
451 2867 508 2920 δὲ
593 2867 949 2937 ἐμνήσθημεν
1041 2866 1320 2938 βισέξστου
1370 2867 1428 2918 έν
1496 2865 1775 2935 διαφόρος
1846 2866 2062 2929 τόποις,
2109 2866 2344 2932 ὀφείλεις
2397 2864 2592 2918 εἰδέναι
2657 2864 2736 2916 ὅτι
2797 2864 3028 2924 Ξκαστος
3097 2866 3286 2932 χρόνος
3345 2863 3460 2930 εχει

239 2959 447 3030 ἡμέρας
498 2961 606 3025 τξε’
641 2961 792 3030 ῶρας
838 2960 914 3024 ς’.
974 2963 1038 3014 Ol
1085 2961 1214 3029 γοῦν
1257 2962 1327 3014 τὰ
1367 2960 1478 3013 τῶν
1533 2960 1800 3014 ένιαυτῶν
1835 2960 2074 3014 καὶτῶν
2128 2960 2314 3029 μηνῶν
2339 2957 2804 3028 συμποσώσαντες
2890 2957 3101 3027 ὥρισαν
3178 2957 3471 3026 προστίθε-

241 3055 357 3108 σθαι
384 3053 463 3123 τῷ
489 3053 842 3123 ⁴Ινεϐρουαρίῳ
907 3054 1042 3123 μηνὶ
1085 3053 1182 3116 τὰς
1212 3051 1639 3123 περιττευούσας
1714 3052 1971 3106 ἐπέκεινα
2024 3051 2135 3105 τῶν
2203 3053 2532 3121 τριακοσίων
2576 3051 2840 3118 ἑξήκοντα
2883 3051 3045 3101 πέντε
3127 3050 3346 3118 ἡμερῶν
3419 3048 3480 3114 ἐξ

241 3143 399 3216 ὧρας.
428 3147 519 3198 Διὸ
553 3147 646 3198 καὶ
675 3144 790 3215 εχει
810 3148 838 3200 ό
859 3145 1228 3218 Φεϐρουάριος
1255 3146 1362 3217 μὴν
1387 3147 1524 3216 μετά
1554 3147 1792 3216 ἑκάστην
1825 3146 2146 3215 τετραετίαν
2175 3143 2555 3215 ψηφιζομένην
2601 3143 2704 3195 ὑπὸ
2737 3141 2829 3195 τοῦ
2856 3148 2902 3194 α’
2966 3140 3194 3211 ἡλιακοῦ
3261 3140 3464 3195 κύκλου

239 3237 440 3307 ὴμῖρας
483 3238 588 3291 κθκ

304 3333 542 3386 ΖΩΝΛΡ.
583 3331 692 3400 Τὴν
721 3331 930 3401 ἡμέραν
955 3331 1050 3384 τοῦ
1096 3331 1287 3401 Πάσχα
1345 3331 1634 3402 δηλοῦσθαι
1682 3331 1803 3392 ταῖς

1984 3327 2236 3382 ZONAR.
2276 3327 2495 3382 Pascha:
2521 3328 2685 3392 diem,
2715 3341 2811 3396 per
2837 3340 2953 3380 eam
2983 3341 3102 3394 quae
3132 3326 3360 3392 singulis
3383 3342 3487 3379 an-

243 3423 296 3474 έν
323 3423 552 3490 ’Δφρικῇ
584 3418 786 3489 χώραις
811 3420 1020 3488 ὡρίσθη
1049 3419 1138 3471 διὰ
1167 3420 1264 3487 τῆς
1313 3419 1614 3488 μελλούσης
1669 3417 1803 3482 γίνε-

1924 3421 2004 3475 nis
2036 3421 2212 3475 futura
2250 3429 2334 3474 est
2367 3420 2659 3489 synodum,
2701 3417 2899 3472 Africae
2951 3418 3261 3487 regionibus
3306 3418 3486 3471 decla-

245 3513 360 3566 σθαι
383 3510 605 3581 ιτησίας
635 3513 852 3566 συνόδου
896 3528 910 3543 ⁶
957 3512 1056 3580 τὴν
1096 3512 1152 3565 δὲ
1207 3513 1419 3582 ἡμέραν
1458 3513 1556 3580 τῆς
1598 3512 1803 3564 συνόδοι

1923 3513 2031 3566 rari
2071 3521 2326 3566 statutum
2355 3521 2436 3565 est
2477 3523 2492 3566 :
2567 3520 2774 3577 tempus
2803 3519 2980 3562 autem
3009 3509 3194 3572 synodi
3233 3509 3491 3561 habenda:

243 3601 437 3674 ὥρισαν
470 3602 610 3656 εῐναι
646 3603 743 3672 τὴν
777 3603 882 3673 πρὸ
909 3604 1042 3659 δέκα
1073 3603 1354 3658 καλανδῶν
1409 3603 1818 3672 Σεπτεμϐρίων,

241 3695 313 3757 ὡς
367 3691 504 3748 εἶναι
553 3695 724 3764 αὐτὴν
765 3694 864 3764 τὴν
901 3693 988 3747 κα¹
1035 3694 1128 3746 τοῦ
1175 3695 1511 3761 Αὐγούστου.
1544 3695 1817 3748 Καλάνδαι

241 3787 360 3856 γὰρ,
387 3786 460 3849 ὡς
495 3786 609 3839 ἄνω
639 3803 740 3838 που
792 3786 1027 3856 εῖρηται,
1061 3786 1309 3852 λέγονται
1365 3788 1420 3840 αί
1460 3786 1672 3855 πρῶται
1725 3783 1817 3837 τοῦ

246 3875 400 3941 μηνὸς
422 3875 654 3944 ἡμέραι.
687 3875 748 3926 El
777 3874 907 3942 γοῦν
928 3874 1025 3936 τὰς
1049 3875 1153 3943 πρὸ
1184 3874 1387 3927 τούτων
1435 3875 1568 3927 δέκα
1592 3873 1816 3952 ἀφέλῃς⁹

242 3965 722 4034 περιλιμπάνονται
775 3967 854 4028 εἰς
889 3965 981 4018 τὸν
1018 3964 1344 4034 Αῦγουστον,
1387 3965 1579 4035 ἔχοντα
1637 3966 1679 4017 λ’
1724 3966 1818 4018 καὶ

249 4057 369 4120 μίαν
393 4059 628 4128 ἡμέραν,
661 4057 830 4109 εἰκοσι
855 4056 950 4110 καὶ
981 4057 1103 4125 μία.

241 4230 448 4285 ΑΡΙΣΤ.
489 4250 509 4284 ι
560 4232 762 4301 Ἥρεσε
793 4235 859 4304 τῇ
919 4231 1100 4303 ἡμέρᾳ
1136 4233 1236 4303 τῆς
1295 4232 1513 4294 ὲτησίου
1569 4232 1813 4297 συνόδου,

313 4339 333 4371 ι
375 4323 542 4392 ἡγουν
577 4325 640 4392 τῇ
692 4325 797 4390 πρὸ
825 4324 954 4376 δέκα
986 4324 1260 4376 καλανδῶν
1292 4321 1691 4394 Σεπτεμϐρίου,
1717 4325 1815 4392 τὴν

311 4427 331 4460 ε
374 4412 590 4481 ἡμέραν
613 4411 708 4463 τοῦ
735 4414 891 4478 ἁγίου
928 4414 1114 4482 Πάσχα
1153 4413 1540 4483 κηρύττεσθαι.
1574 4432 1592 4464 ι

311 4498 592 4568 Διαφόρως
644 4501 740 4551 καὶ
793 4501 948 4553 τοῦτο
1000 4504 1032 4571 ἡ
1101 4501 1316 4565 σύνοδος
1366 4502 1557 4573 ὥρισε,
1615 4505 1675 4557 τὸ
1716 4506 1815 4577 τὴν

242 4586 445 4656 ἡμέραν
493 4587 590 4640 τοῦ
656 4590 845 4658 Πάσχα
901 4593 1262 4663 γνωρίζεσθαι
1317 4594 1375 4645 ὲν
1448 4596 1512 4664 τῇ
1549 4598 1670 4647 κατ’
1701 4596 1816 4660 ἔτος

243 4677 489 4748 γινομένῃ
520 4679 728 4749 συνόδῳ
750 4683 808 4732 ὲν
828 4682 1084 4753 Ἀφρικῇ.

832 4776 1071 4829 ΚΑΝΩΝ
1109 4776 1226 4831 ΟΖ’.

251 4877 269 4910 ι
310 4860 442 4932 Περὶ
488 4861 587 4916 τοῦ
650 4863 726 4933 μὴ
781 4865 1013 4930 ὀφείλειν
1061 4868 1356 4920 ἐπίσκοπον
1404 4869 1819 4940 ὲπιξενούμενον

315 4969 333 5000 t
374 4951 701 5016 καθέζεσθαι
731 4956 788 5006 έν
879 4957 1117 5026 καθέδρᾳ
1153 4956 1514 5020 ἐπιξενοῦται.
1589 4961 1820 5027 Ὁμοίως

314 5058 333 5091 ι
375 5042 608 5112 ὡρίσθη,
638 5042 778 5097 ὥστε
807 5047 990 5114 μηδενὶ
1016 5046 1216 5110 ἐξεῖναι
1270 5048 1466 5119 μεσίτῃ
1529 5051 1628 5119 τὴν
1684 5054 1814 5104 καθ-

313 5150 330 5181 t
373 5133 535 5202 έδραν
561 5137 834 5206 κατέχεεν,
863 5133 1002 5210 ᾗτινι
1035 5141 1259 5210 μεσίτης
1295 5143 1520 5206 δέδοται,
1559 5143 1646 5196 διὰ
1672 5147 1820 5198 οἱασ-

309 5239 327 5272 ι
372 5223 572 5291 δήποτε
637 5227 743 5278 τῶν
813 5228 955 5281 λαῶν
1017 5233 1252 5300 σπουδῆς
1311 5233 1343 5302 ἢ
1422 5234 1807 5303 διχοστασίας⁹

316 5330 332 5358 ι
374 5313 510 5365 ἀλλὰ
596 5316 915 5380 σπουδάζειν
964 5320 1113 5383 ἐντὸς
1165 5323 1409 5376 ἐνιαυτοῦ
1465 5328 1576 5387 τοῖς
1629 5328 1814 5390 αὐτοῖς

313 5419 329 5449 ι
374 5405 725 5469 προνοεῖσθαι
756 5408 1070 5465 έπίσκοπον.
1095 5413 1156 5464 El
1189 5413 1244 5465 at
1277 5416 1405 5484 περὶ
1422 5415 1578 5468 τοῦτο
1607 5418 1812 5487 άμελὴ-

313 5509 331 5542 ι
375 5509 477 5557 σοι,
513 5498 652 5562 μετὰ
697 5499 794 5568 τὴν
827 5503 1129 5572 περαίωσιν
1179 5505 1272 5558 τοῦ
1325 5507 1569 5560 ἐνιαυτοῦ
1627 5510 1813 5580 ἕτερος

315 5598 331 5630 t
376 5583 619 5656 ψηφισθῇ
658 5588 901 5656 μεσίτης.
942 5610 961 5642 ι

311 5671 498 5728 ΒΔΛΣ.
527 5677 601 5729 Τὸ
627 5679 878 5746 παλαιὸν,
906 5685 1249 5756 χηρευσάσης
1271 5686 1597 5755 ἐπισκοπῆς,
1626 5689 1811 5740 ἐστέλ-

245 5759 358 5815 λετὸ
390 5783 469 5830 τις
495 5769 654 5839 χάριν
675 5770 766 5824 τοῦ
801 5774 1098 5844 εἰρηνεύειν
1130 5778 1217 5831 τὸν
1261 5779 1407 5846 λαὸν,
1448 5782 1504 5834 ὃν
1558 5781 1648 5833 καὶ
1677 5779 1812 5833 ὠνό-

1924 3613 2050 3658 ante
2079 3604 2349 3658 decimum
2388 3603 2528 3657 diem
2562 3601 2682 3657 Kal.
2714 3601 3022 3670 Septembr.
3049 3600 3364 3662 delinivere,
3398 3600 3488 3666 qui

1920 3705 2002 3748 est
2028 3695 2247 3762 Augusti
2287 3696 2485 3747 mensis
2517 3694 2727 3762 primus
2777 3700 2829 3744 et
2879 3691 3185 3744 vicesimus.
3228 3689 3490 3743 Kalendae

1919 3787 2084 3850 enim,
2124 3795 2179 3838 ut
2221 3797 2377 3839 antea
2422 3785 2622 3837 dictum
2655 3793 2758 3847 est,
2797 3783 2952 3849 primi
2987 3779 3247 3848 cujusque
3288 3780 3489 3832 mensis

1920 3878 2035 3930 dies
2061 3877 2414 3945 appellantur.
2450 3875 2504 3928 Si
2541 3889 2669 3940 ergo
2699 3874 2882 3926 decem
2921 3871 3034 3923 dies
3064 3880 3190 3922 ante
3227 3867 3494 3922 Kalendas

1927 3965 2258 4033 Septembris
2291 3963 2600 4027 abstuleris,
2630 3964 2872 4031 Angusto
2905 3959 3107 4022 mensi,
3145 3960 3236 4027 qui
3284 3974 3390 4010 uno
3441 3965 3495 4012 et

1924 4055 2142 4124 triginta
2184 4055 2370 4108 diebus
2407 4053 2725 4118 absolvitur,
2757 4067 2894 4106 unus
2923 4061 2975 4105 et
3012 4051 3197 4121 viginti
3238 4050 3492 4104 nimirum

1921 4148 2109 4212 reliqui
2145 4147 2293 4200 llent.
2913 4150 2915 4152 ’

1917 4235 2144 4290 ARIST.
2182 4255 2199 4286 ι
2253 4236 2432 4290 Visum
2473 4247 2577 4302 est,
2634 4246 2689 4290 ut
2735 4237 2924 4307 synodi
2971 4235 3355 4290 anniversaria;
3386 4234 3493 4297 die,

2009 4345 2026 4377 ι
2069 4328 2183 4382 sive
2232 4327 2442 4381 decimo
2489 4327 2608 4381 Kal.
2647 4327 3069 4398 Septembrium,
3121 4327 3236 4380 dies
3295 4334 3497 4380 sanctae

1996 4436 2016 4468 s
2058 4417 2278 4471 Pascha:
2315 4417 2657 4482 praedicetur.
2697 4436 2715 4468 ι

1991 4508 2058 4564 Ει
2093 4509 2218 4562 illud
2250 4511 2486 4580 synodus
2521 4511 2669 4562 varie
2724 4509 2984 4571 decrevit,
3025 4519 3080 4562 ut
3117 4505 3338 4561 Pascha:
3382 4507 3497 4561 dies

1925 4601 1978 4655 in
2017 4599 2223 4657 svnodo
2246 4601 2540 4656 auotannis
2575 4601 2757 4654 habita
2791 4602 2844 4654 in
2871 4601 3049 4655 Africa
3077 4602 3494 4673 significaretur.

2443 4776 2673 4831 CANON
2709 4774 2966 4830 LXXVII.

1933 4893 1950 4926 ι
1990 4872 2106 4927 Νοιι
2138 4871 2333 4926 debere
2377 4872 2691 4938 episcopum
2745 4869 3167 4922 interventorem
3203 4867 3391 4920 sedere
3441 4866 3493 4918 in

2005 4986 2024 5018 ι
2065 4964 2343 5031 cathedra,
2379 4966 2464 5019 cui
2520 4964 2856 5017 interventor
2886 4962 3044 5012 datus
3090 4971 3191 5015 est.
3233 4959 3496 5011 Similiter

2000 5077 2017 5110 ι
2059 5057 2279 5126 placuit,
2314 5065 2372 5109 ιιι
2416 5055 2544 5108 nulli
2579 5055 2735 5108 liceat
2770 5052 3114 5106 intercessori
3178 5059 3364 5103 tenere
3400 5064 3494 5101 ca-

2002 5168 2020 5201 ι
2066 5149 2348 5212 thedram,
2401 5147 2484 5200 cui
2539 5145 2870 5199 intercessor
2921 5145 3076 5196 datus
3127 5153 3232 5207 est,
3283 5152 3499 5209 propter

2000 5257 2018 5288 ε
2059 5237 2417 5303 quodcunque
2453 5233 2767 5302 populorum
2799 5232 3039 5286 studium
3080 5232 3161 5284 vel
3196 5229 3493 5283 dissensio-

1997 5345 2015 5377 ε
2057 5343 2224 5381 nem:
2261 5329 2351 5379 sed
2391 5325 2608 5379 studere
2642 5326 2720 5378 eis
2755 5325 2893 5376 intra
2933 5339 3129 5375 annum
3178 5323 3492 5391 episcopum

1995 5437 2015 5469 ε
2051 5419 2352 5486 providere.
2392 5416 2447 5470 Si
2479 5425 2658 5470 autem
2713 5426 2911 5483 praeter
2947 5415 3062 5467 her
3114 5413 3299 5466 fecerit
3326 5453 3340 5478 ,
3375 5419 3496 5482 post

2006 5528 2024 5561 ι
2063 5510 2186 5562 anni
2222 5509 2380 5562 ﬁnem
2414 5508 2550 5561 alius
2589 5506 2912 5560 intercessor
2941 5505 3185 5573 eligatur.
3230 5522 3245 5553 ι

1996 5689 2192 5744 BALS.
2231 5689 2366 5744 Cum
2415 5689 2540 5744 olim
2591 5699 2841 5743 vacasset
2873 5687 3238 5756 episcopatus,
3274 5701 3367 5753 pro
3397 5702 3492 5753 pa-

1928 5783 2188 5838 ciﬁcando
2237 5781 2430 5852 populo
2477 5779 2790 5836 mittebatur
2849 5779 3063 5844 aliquis,
3118 5794 3274 5850 quem
3331 5777 3493 5833 etiam
