4018 6310
501 322 602 383 983
1689 319 1964 380 THEOD.
2004 316 2095 374 BA
2107 316 2405 377 [ΒΑΜοΝ
3621 309 3751 373 284

507 431 850 482 uiediatorom
883 427 1247 480 nominabant.
1279 427 1413 480 Dicit
1442 440 1568 496 ergo
1595 441 1764 480 canon
1796 440 1916 478 eum
1950 436 2053 476 u0u
2088 427 2105 479 Α

2215 431 2331 491 ιζον
2367 430 2612 500 μεσίτην.
2670 423 2972 498 Φησὶν-οὗν
3003 427 3029 478 ὁ
3088 425 3265 478 κανὼν
3337 423 3410 493 μὴ
3473 423 3747 475 ίδιοῢσθατ

508 520 701 572 debere
730 519 1093 584 episcOpatum
1126 515 1226 569 sibi
1273 517 1550 570 vindicare
1578 533 1590 568 :
1628 517 1718 569 sed
1754 516 1856 568 nisi
1888 515 2063 580 potius

2215 524 2350 575 ιῦτον
2380 522 2476 584 τὴν
2498 525 2801 591 ἐπισκοπὴν
2827 538 2842 554 ·
2872 521 2986 574 ἀλλ’
3010 521 3057 572 εἰ
3093 520 3165 586 μὴ
3195 516 3484 569 σπουδάσει
3535 514 3752 582 μᾶλλον

509 610 742 662 studium
783 608 1109 672 adhibuerit,
1155 617 1211 659 ut
1256 608 1346 661 ﬁat
1375 611 1681 676 episcopus,
1716 624 1838 662 eum
1871 609 2067 662 debere

2215 614 2416 666 ενέσθαι
2441 614 2758 673 ἐπίσκοπον,
2812 610 3215 678 μετακινεϊσθαι
3267 607 3427 659 αὐτὸν
3476 604 3583 657 άπὸ
3636 602 3756 670 τῆς

509 719 536 755 a
575 703 884 756 mediatoris
913 716 1131 754 munere
1157 702 1439 760 removeri,
1477 709 1529 754 et
1559 701 1722 754 alium
1761 700 1904 768 eligi.
1938 699 2068 765 Quae

2215 707 2465 767 εσιτείας,
2511 705 2602 756 καὶ
2633 705 2818 771 ἕτερον
2842 700 3197 769 ψηφίζεσθαι.
3229 699 3310 750 Τὰ
3348 698 3402 749 δὲ
3466 697 3591 764 περὶ
3640 690 3755 777 τοῦ

510 802 687 846 autem
719 793 784 846 de
811 807 873 845 eo
899 794 1190 846 mediatore
1217 793 1467 846 dicuntur
1494 793 1746 861 quoniam
1773 792 1929 844 hodie
1964 807 2066 843 non

2215 796 2408 847 κούτου
2438 796 2656 861 μεσίτου
2688 793 2807 844 ἐπεὶ
2830 795 3067 860 σήμερον
3098 791 3198 841 οὐκ
3238 786 3544 856 ἐνεργοῦσιν
3568 825 3582 850 ,
3615 784 3730 836 ἀλ).

513 897 637 938 sunt
696 886 748 938 in
785 900 916 948 usu;
961 887 1051 938 sed
1089 886 1310 939 omnino
1358 901 1578 939 necesse
1625 895 1708 938 est
1742 897 1816 945 tu,
1863 885 1904 937 si
1955 884 2068 936 ﬁeri

2215 887 2379 954 υάγκη
2411 886 2560 937 πᾶσά
2595 889 2738 937 ἐστιν
2767 881 3113 944 άπεντεῦθεν,
3169 881 3217 930 εί
3273 877 3513 936 δυνατὸν,
3567 874 3759 942 owi-

511 986 710 1043 potest,
754 995 869 1030 mox
924 979 1118 1043 eligant
1169 978 1448 1030 ecclesiae:
1488 978 1604 1030 ideo
1641 992 1735 1030 nec
1786 992 1881 1028 nos
1917 976 2070 1043 plura

2215 980 2356 1032 εσθαι
2415 979 2512 1040 τὰς
2561 977 2853 1044 ἐκκλησίας
2885 992 2897 1005 ’
2955 974 3073 1025 οὐδὲ
3123 971 3253 1040 παρ’
3299 970 3456 1039 ἡμῶν
3523 968 3754 1036 ἐγράφη

515 1067 847 1131 scripsimus.
885 1067 980 1120 Hic
1015 1075 1190 1119 autem
1243 1068 1503 1121 mediator
1539 1077 1656 1120 erat
1679 1068 1982 1136 epiStsOpus,
2019 1075 2074 1118 ut

515 1167 735 1224 apparet
765 1173 825 1209 ex
858 1159 1011 1211 titulo
1044 1159 1287 1213 canonis.

583 1249 830 1302 ZONAR.
867 1251 1080 1317 Antiqui
1116 1252 1279 1304 moris
1311 1251 1428 1313 fuit,
1451 1251 1493 1304 si
1518 1254 1728 1317 quando
1746 1255 1927 1304 orbata
1960 1252 2075 1319 epi-

517 1356 680 1408 scopo
741 1344 958 1395 ecclesia
995 1353 1202 1396 vacaret
1234 1382 1250 1408 ,
1287 1343 1422 1395 mitti
1455 1345 1520 1396 ad
1556 1359 1672 1397 eam
1719 1359 1874 1413 quem
1914 1345 2078 1398 inter-

519 1445 788 1482 ccssorem
841 1431 1206 1498 appellabant,
1234 1433 1314 1483 vel
1349 1444 1404 1484 ut
1452 1434 1771 1486 seditionem
1808 1433 1944 1486 forte
1976 1433 2075 1485 ali-

519 1539 679 1590 quam
709 1522 870 1591 612
905 1523 1080 1591 populi
1115 1526 1349 1584 sedaret,
1383 1525 1464 1576 vel
1491 1527 1623 1579 alias
1664 1527 1824 1578 etiam
1857 1526 1926 1578 ob
1952 1541 2080 1578 cau-

521 1631 628 1666 sas.
669 1613 804 1680 Ergo
838 1616 935 1667 nisi
961 1615 1120 1666 unius
1145 1617 1268 1667 anni
1299 1615 1488 1668 saltem
1525 1632 1628 1669 non
1665 1619 1944 1670 intervallo
1975 1617 2079 1684 epi-

525 1719 741 1770 scopum
782 1703 998 1769 pepulo,
1033 1706 1168 1768 apud
1203 1719 1362 1770 quem
1395 1707 1603 1772 agebat,
1637 1708 1868 1759 dandmu
1911 1710 2077 1760 inter-

525 1809 708 1846 cessor
735 1804 1014 1856 curasset;
1049 1796 1162 1862 ipse
1190 1797 1400 1863 quidem
1436 1798 1500 1851 ab
1528 1800 1908 1854 intercessione
1936 1817 2084 1853 amo-

527 1885 782 1947 vebatur;
819 1894 928 1938 tum
961 1886 1118 1946 alius,
1159 1889 1245 1950 qui
1275 1888 1410 1953 apud
1441 1890 1685 1954 populum
1720 1891 2087 1946 intercessoris

534 1991 725 2027 munus
753 1975 867 2042 ejus
905 1975 1021 2028 loco
1055 1976 1249 2039 obiret,
1288 1979 1734 2033 Substituebatm'.

528 2063 753 2118 AltlST.
814 2085 831 2115 ι
876 2065 1056 2118 \‘isum
1100 2076 1182 2118 est
1209 2108 1222 2131 ,
1263 2077 1313 2118 ut
1349 2070 1600 2135 episeopo
1641 2071 1705 2121 ad
1743 2070 2090 2124 intercessio-~

608 2176 626 2204 ι
668 2172 784 2206 nem
822 2157 964 2217 dato,
1001 2157 1360 2224 qualicunque
1416 2159 1739 2226 populorum
1779 2161 1956 2213 Studio
2001 2171 2091 2213 aut

610 2268 625 2296 ι
665 2249 1026 2308 dissensione,
1062 2251 1367 2302 cathedram
1397 2293 1411 2315 ,
1451 2252 1600 2318 cujus
1634 2263 1713 2305 est
1748 2253 2090 2315 intercessor,

617 2361 632 2387 ι
672 2351 854 2393 tenere
895 2356 996 2391 non
1032 2341 1188 2393 liceat
1221 2360 1234 2396 :
1265 2345 1356 2395 sed
1391 2345 1529 2395 intra
1559 2358 1755 2394 annum
1785 2345 2091 2412 episcopum

614 2452 629 2479 ι
673 2432 986 2497 provideat,
1015 2434 1097 2486 vel
1124 2448 1268 2486 anno
1301 2445 1562 2499 vertente,
1592 2436 1729 2488 alius
1777 2437 2097 2490 intercessor

610 2541 625 2569 ι
665 2522 911 2590 eligatur.
952 2543 969 2575 ι

613 2611 667 2665 Si
702 2615 896 2682 populo
929 2616 1069 2669 inter
1098 2632 1154 2671 se
1182 2618 1470 2673 dissidente
1496 2629 1548 2673 et
1585 2619 1781 2684 diviso,
1814 2629 1866 2674 et
1896 2620 1960 2674 ad
1992 2621 2103 2674 dis-

541 2706 816 2761 scnsioues
850 2717 904 2760 et
937 2723 1142 2776 pugnas
1175 2725 1424 2774 accenso,
1465 2713 1712 2765 mittatur
1747 2713 1812 2766 ad
1865 2713 2101 2766 interce-

543 2801 770 2853 dendum
803 2802 1064 2869 quispiam
1098 2804 1490 2870 episcoporum,
1535 2815 1590 2860 ut
1636 2821 1728 2860 eos
1773 2807 2100 2871 reconciliet,

543 2907 644 2944 uou
674 2891 828 2944 debet
859 2894 996 2947 illius
1031 2895 1262 2949 civitatis
1295 2897 1605 2951 cathedram
1633 2938 1647 2961 ,
1681 2899 1764 2952 cui
1807 2899 1966 2955 datus
2004 2900 2103 2954 fuit

542 2983 884 3047 intercessor,
933 3000 1214 3050 occupare.
1249 2987 1352 3039 Sed
1402 2991 1585 3041 conari
1621 2990 1758 3042 intra
1787 3004 1985 3042 annum
2021 3005 2104 3042 se-

2174 1072 2334 1124 πλέον
2356 1089 2430 1124 τι.
2471 1073 2526 1123 Ὀ
2555 1073 2610 1124 δέ
2636 1069 2873 1130 τοιοῦτος
2911 1067 3134 1136 μεσίτης
3178 1065 3472 1121 ἐπίσκοπος
3518 1056 3606 1129 ἧν,
3672 1058 3756 1116 ὡς

2177 1167 2420 1231 φαίνεται
2449 1163 2554 1213 ἀπὸ
2572 1161 2672 1228 τῆς
2701 1158 3099 1218 ἐπιτιτλώσεως
3123 1155 3216 1207 τοῦ
3245 1154 3488 1214 κανόνος.

2248 1257 2488 1308 ΖΩΝΔΡ.
2526 1254 2684 1313 Ἔθος
2714 1247 2781 1321 ἦν
2813 1249 3004 1313 πάλαι,
3028 1249 3081 1299 εἴ
3117 1262 3244 1298 ποτε
3276 1243 3574 1297 ἐπισκόπου
3617 1241 3758 1310 ἐχή-

2183 1365 2336 1414 ρευεν
2373 1345 2657 1413 ἐκκλησία,
2685 1341 2997 1395 στέλλεσθαί
3020 1357 3140 1393 τινα
3171 1339 3228 1390 ἐν
3254 1338 3410 1404 αὐτῇ,
3439 1335 3496 1388 δν
3525 1334 3724 1397 ὠνόμο.

2180 1440 2269 1504 ζον
2302 1441 2546 1504 μεσίτην,
2580 1435 2919 1488 καθιστῶντα
2945 1432 3035 1483 τὸν
3052 1430 3175 1482 λαὸν
3202 1427 3557 1489 στασιάζοντα
3590 1424 3752 1483 ἴσως.

2181 1531 2342 1599 ἢκαὶ
2391 1529 2456 1581 δι’
2520 1528 2682 1589 ἄλλας
2732 1524 2930 1585 αἰτίας.
2981 1524 3044 1574 Εἰ
3107 1515 3200 1574 οὖν
3244 1519 3392 1578 ἐντὸς
3445 1513 3698 1569 ἐνιαυτοῦ
3730 1513 3763 1564 ὀ

2181 1621 2413 1680 τοιοῦτος
2447 1618 2668 1687 μεσίτης
2694 1617 2793 1668 οὐκ
2816 1612 3143 1666 ἐσπούδασεν
3163 1610 3456 1661 ἐπίσκοπον
3497 1604 3762 1671 γενέσθαι

2184 1717 2294 1776 τοῖς
2324 1712 2511 1773 αὑτοῦ,
2545 1712 2711 1780 ἤγουν
2732 1708 2807 1777 τῷ
2829 1706 2963 1774 λαῷ,
2995 1700 3055 1758 οῦ
3127 1703 3352 1770 μεσίτης
3397 1695 3485 1768 ἦν.
3541 1714 3766 1765 μετεκι-

2187 1807 2328 1855 νεῖτο
2355 1803 2451 1867 τῆς
2504 1799 2779 1868 μεσιτείας
2823 1796 3046 1860 ἐκεῖνος,
3077 1794 3170 1844 καὶ
3221 1790 3404 1861 ἔτερος
3453 1787 3653 1841 ἐδίδοτο
3680 1783 3764 1853 τῷ

2187 1894 2297 1963 λαῷ
2324 1892 2516 1961 ἐκείνῳ
2541 1890 2784 1961 μεσίτης.

2191 2074 2408 2131 ΑΡΙΣΤ.
2454 2092 2471 2125 ι
2516 2071 2696 2135 Ἔδοξε
2726 2069 2799 2139 τῷ
2819 2067 3023 2121 δοθέντι
3055 2067 3133 2127 είς
3182 2062 3451 2132 μεσιτείαν
3479 2059 3767 2127 ἐπισκόπει)

2270 2191 2286 2222 ι
2333 2170 2397 2222 δι’
2428 2170 2544 2229 οἵας
2576 2167 2773 2234 δήποτε
2800 2163 2904 2214 τῶν
2955 2158 3100 2211 λαῶν
3146 2155 3376 2217 σπουδὰς
3429 2153 3461 2221 ἢ
3512 2153 3768 2217 διχοστα-

2275 2279 2291 2312 ι
2344 2260 2462 2321 σίας
2495 2257 2568 2326 μὴ
2587 2256 2784 2320 ἐξεῖναι
2810 2251 2906 2320 τὴν
2937 2248 3201 2316 καθέδραν
3231 2243 3498 2309 κατέχειν,
3545 2235 3614 2308 ἧς
3647 2238 3769 2326 ἐστι

2271 2371 2288 2403 ι
2340 2323 2612 2417 μεσίτης·
2702 2342 2814 2394 ἀλλ’
2881 2335 3028 2399 ἐντὸς
3093 2331 3341 2387 ἐνιαυτοῦ
3420 2323 3773 2398 προνοεῖσθαι

2274 2462 2291 2493 ι
2340 2441 2656 2499 ἐπίσκοπον,
2685 2431 2878 2503 ἦμετὰ
2912 2431 3000 2481 τὸν
3034 2425 3278 2480 ἐνιαυτὸν
3322 2423 3506 2489 ἕτερον
3541 2417 3775 2487 μεσίτην

2279 2553 2296 2584 ι
2340 2530 2693 2600 ψηφίζεσθαι.
2733 2544 2751 2576 ι

2273 2627 2334 2678 El.
2357 2599 2604 2692 πλήθους
2640 2618 2770 2671 λαοῦ
2829 2613 2962 2683 πρὸς
3001 2610 3190 2664 ἐαυτδν
3239 2604 3627 2662 στασιάσαντος
3678 2599 3776 2650 καὶ

2203 2715 2581 2784 διαιρεθέντος,
2619 2711 2710 2763 καὶ
2741 2710 2819 2778 εἰς
2848 2701 3189 2775 διχοστασίας
3227 2699 3319 2752 καὶ
3366 2695 3544 2764 μάχας
3597 2692 3775 2784 ὕπαν-

2204 2779 2484 2876 αφθέντος,
2518 2803 2682 2870 σταλῇ
2708 2817 2788 2860 τις
2816 2797 2922 2849 τῶν
2949 2791 3266 2845 ἐπισκόπων
3325 2786 3404 2844 είς
3471 2779 3782 2876 μεσιτείαν,

2204 2868 2295 2951 ιτὲι
2323 2897 2399 2966 τῷ
2436 2891 2762 2956 καταλλάξαι
2792 2886 3010 2947 αὐτοὺς,
3037 2883 3143 2936 οὐκ
3168 2877 3372 2946 ὀφείλει
3398 2872 3651 2940 κατέχειν
3682 2868 3782 2966 καλ

2203 2991 2301 3059 τὴν
2341 2959 2608 3053 καθέδραν
2637 2983 2735 3049 τῆς
2761 2980 2986 3038 πόλεως.
3017 2969 3084 3043 ἦς
3130 2970 3279 3037 ἐδόθη
3316 2963 3540 3059 μεσίτης
3576 2975 3591 2989 ο
3643 2959 3785 3059 sm

542 3075 793 3127 ditionem
836 3089 1106 3138 coercere,
1154 3086 1206 3129 et
1257 3091 1348 3129 eos
1400 3093 1613 3145 pacare,
1667 3089 1718 3131 et
1782 3081 2105 3144 persuadere

2215 3050 2531 3140 σπουδάζειν
2571 3073 2718 3132 ἐντὸς
2755 3065 3002 3122 ἐνιαυτοῦ
3035 3059 3379 3114 καταπαῦσαι
3406 3055 3503 3123 τὴν
3561 3050 3784 3110 στάσιν,

541 3165 844 3231 episcopum
895 3167 1156 3233 accipere.
1211 3165 1266 3218 Si
1309 3177 1484 3218 autem
1543 3169 1681 3219 intra
1724 3181 1925 3218 annum
1963 3167 2101 3220 nihil

545 3255 764 3307 omnino
795 3255 1004 3309 edicere
1044 3268 1243 3322 posset,
1295 3259 1361 3310 ad
1413 3259 1588 3325 populi
1626 3257 1912 3310 utilitatem
1942 3294 1956 3320 ,
1990 3265 2108 3325 post

545 3346 786 3414 elapsum
818 3364 1015 3402 annum
1052 3350 1186 3403 alius
1218 3351 1540 3404 intercessor
1571 3351 1856 3421 deligatur.

1051 3523 1276 3576 CANON
1313 3523 1596 3582 LXXVIII.

556 3630 573 3661 ι
614 3611 683 3664 De
715 3612 1083 3667 defensoribus
1107 3615 1454 3669 ecclesiarum
1483 3619 1572 3685 qui
1595 3620 1660 3673 ab
1693 3619 2110 3687 imperatoribus

627 3721 645 3752 ι
683 3705 786 3770 peti
833 3705 1047 3757 debent.
1082 3705 1341 3761 Omnibus
1372 3710 1542 3762 visum
1575 3723 1656 3763 est
1699 3725 1880 3779 petere
1910 3713 1976 3765 ab
2007 3714 2107 3766 im-

625 3812 643 3844 ι
683 3795 1042 3862 peratoribus,
1105 3809 1323 3864 propter
1380 3815 1670 3867 pauperum
1725 3805 2106 3870 vexatiOuem,

628 3904 645 3934 ι
690 3901 916 3952 quorum
976 3887 1233 3941 molestiis
1280 3890 1496 3942 assidue
1531 3893 1785 3960 fatigatur
1821 3894 2056 3948 Ecclesia
2095 3914 2109 3951 :

629 3993 646 4024 ι
689 3986 744 4027 ut
774 3977 836 4028 iis
871 3977 1180 4030 defensores
1214 3994 1335 4032 cum
1361 3983 1728 4049 episcoporum
1771 3987 2104 4052 providentia

629 4085 646 4116 ι
688 4067 955 4120 eliaantur
989 4069 1240 4122 adversus
1276 4071 1500 4125 divitum
1538 4075 1897 4142 tyrannidem.

627 4246 815 4300 BALS.
854 4247 1081 4302 Necesse
1116 4251 1313 4304 habent
1342 4254 1560 4307 omnino
1593 4257 1828 4323 episcopi
1863 4273 1977 4322 eos,
2014 4260 2112 4326 qui

2209 3171 2300 3222 καὶ
2325 3163 2635 3235 είρηνεῦσαι
2674 3158 2891 3219 αὐτοὺς,
2927 3154 3022 3206 καὶ
3072 3153 3254 3202 πεῖσαι
3314 3145 3500 3199 λαϐεῖν
3562 3140 3788 3235 stigm-

2207 3278 2328 3314 πον.
2361 3231 2505 3309 ῐεξίτδέ
2539 3254 2690 3306 οὐδέν
2712 3269 2764 3302 τι
2795 3249 2982 3317 μέχρις
3036 3238 3284 3295 ἐνιαυτοῦ
3323 3236 3516 3290 ἁνύσαι
3559 3231 3788 3298 ἴσχυσεν

2208 3354 2287 3412 εἰς
2306 3349 2576 3418 ὠφέλειαν
2612 3342 2706 3397 τοῦ
2758 3340 2909 3404 λαοῦ,
2958 3339 3143 3405 ἕτερος
3205 3330 3344 3402 μετὰ
3394 3327 3484 3381 τὸν
3538 3320 3788 3378 ἐνιαυτὸν

2209 3440 2528 3514 ψηφιζέσθω
2566 3437 2819 3507 μεσίτης.

2793 3523 3029 3581 ΚΑΝΩΝ
3058 3519 3203 3589 ιυιιν.

2220 3650 2240 3683 ι
2279 3632 2414 3700 Περὶ
2477 3626 2703 3679 ἐκδίκων
2757 3619 2865 3673 τῶν
2923 3611 3233 3679 ἐκκλησιῶν
3459 3601 3792 3700 doctiorem

2292 3743 2310 3775 ι
2352 3692 2502 3790 παρὰ
2531 3716 2624 3769 τοῦ
2663 3711 2924 3782 βασιλέως
2950 3703 3259 3771 αἰτηθῆναι.
3286 3699 3573 3764 Σύμπασιν
3609 3692 3795 3790 ἔδοξεν

2293 3834 2310 3866 ι
2358 3787 2579 3878 αἰτῆσαι
2603 3807 2710 3859 ἀπὸ
2738 3802 2845 3855 τῶν
2881 3798 3145 3868 βασιλέων
3169 3793 3255 3846 διὰ
3282 3791 3379 3858 τὴν
3402 3789 3508 3841 τῶν
3541 3787 3794 3878 πενήτων

2290 3927 2309 3958 ι
2348 3906 2611 3962 κάκωσιν,
2647 3891 2722 3950 ὧν
2742 3895 2860 3954 ταῖς
2889 3887 3201 3955 ἐπαχθείαιι,
3239 3881 3528 3940 ἀπαύστως
3565 3879 3598 3946 ὴ
3667 3877 3792 3927 Ἐκ-

2270 4003 2313 4049 ἰ
2353 3993 2549 4063 κλησία
2609 3984 3022 4057 παρενοχλείται
3054 3995 3067 4009 ·
3106 3977 3245 4029 ὥστε
3283 3975 3528 4034 ἐκδίκους
3577 3970 3791 4030 τούτοις

2295 4109 2312 4141 ι
2364 4061 2501 4155 μετὰ
2539 4081 2641 4149 τῆς
2666 4078 2774 4129 τῶν
2805 4071 3122 4127 ἐπισκόπων
3148 4066 3404 4137 προνοίας
3437 4061 3794 4128 ἐπιλέγεσθαι

2293 4199 2311 4232 ι
2357 4175 2501 4230 κατὰ
2524 4173 2620 4238 τῆς
2647 4169 2751 4220 τῶν
2778 4162 3044 4216 πλουσίων
3074 4156 3402 4226 τυραννίδος.
3451 4173 3468 4203 ι

2289 4267 2484 4325 ΒΑΛΣ,
2523 4261 2758 4325 Ἀνάγκη
2793 4255 2938 4306 πᾶσα
2994 4251 3265 4302 ἐπίκειται
3321 4246 3431 4303 τοῖς
3474 4239 3795 4301 ἐπισκόποις

555 4336 744 4403 injuria
773 4339 1092 4403 adiciuntur,
1128 4340 1431 4398 defendere.
1460 4344 1589 4409 Quia
1613 4357 1789 4401 autem
1838 4350 2105 4418 nonnulli,

2231 4350 2721 4424 ἀντιλαμϐάνεσθαι
2744 4346 2851 4398 τῶν
2880 4340 3264 4408 ἀδικουμένων.
3305 4336 3459 4389 Ἐπεὶ
3518 4333 3597 4435 δέ.
3626 4347 3798 4446 τινεςῖ

558 4439 613 4477 ιιι
663 4439 743 4480 est
796 4430 1102 4495 verisimile,
1136 4434 1392 4500 episcopi,
1426 4452 1545 4488 eum
1593 4438 1659 4491 de
1701 4443 2020 4507 pauperibus
2050 4456 2103 4499 et

560 4518 769 4571 :dilictis
808 4521 1049 4573 dicereut
1075 4561 1089 4579 .
1130 4538 1232 4574 nou
1281 4526 1705 4580 exaudiebantur
1751 4549 1761 4583 :
1813 4542 2117 4587 Statuerunt

565 4609 748 4660 Patres
782 4617 838 4661 ut
889 4610 1240 4674 imperatores
1275 4615 1710 4678 admonerentur,
1745 4633 1800 4671 ut
1849 4635 1968 4674 cum
2005 4627 2117 4690 epi-

560 4716 844 4769 seoporum
878 4703 1142 4755 electione
1174 4704 1238 4755 ab
1268 4709 1348 4758 eis
1380 4708 1636 4760 darentur
1667 4710 1979 4766 defensores
2017 4729 2112 4779 pro

564 4792 892 4857 reprimenda
922 4794 1140 4845 divitum
1175 4797 1478 4864 tyrannide:
1511 4811 1564 4849 ut
1593 4800 1666 4852 sic
1699 4815 1875 4854 cesset
1901 4804 2116 4857 assidua

568 4880 925 4933 Ecclesiarum
958 4885 1311 4947 perturbatio,
1343 4902 1448 4953 qua
1486 4888 1552 4940 ab
1582 4890 1659 4941 cis
1691 4890 1997 4944 aﬂieiuutur
2027 4894 2118 4962 qui

563 4974 629 5023 ad
663 4987 752 5024 eas
782 4974 1062 5034 accedunt,
1088 4976 1226 5040 quod
1255 4992 1280 5024 a
1307 4978 1697 5042 pozcutioribus
1721 4981 1913 5048 injuria
1944 4983 2119 5038 allecti

566 5064 692 5116 siut.
729 5064 804 5114 Ac
847 5063 896 5115 iu
931 5063 1012 5115 bis
1051 5064 1266 5131 quidem
1301 5068 1548 5120 consistit
1585 5084 1782 5122 canon.
1821 5071 1899 5123 'l‘u
1943 5084 2122 5128 autem

563 5156 726 5218 scias,
759 5156 899 5223 quod
945 5153 1290 5208 defensorum
1340 5157 1507 5223 datio,
1549 5158 1638 5227 qui
1689 5159 1890 5213 ἔκδικοι
1943 5161 2126 5218 Grtece

563 5247 832 5309 dicuntur,
861 5248 973 5300 sive
1006 5263 1034 5299 a
1058 5250 1306 5316 praesenti
1330 5265 1534 5303 cauoue
1562 5252 1725 5318 ccepit
1751 5253 1986 5317 initium,
2015 5257 2126 5308 sive

568 5338 734 5388 etiam
761 5347 917 5391 antea
939 5342 1384 5408 cognosccbalur,
1416 5357 1507 5410 per
1534 5344 1947 5412 uniuscujusque
1981 5346 2126 5399 urbis

569 5428 860 5481 incolarum
912 5429 1226 5485 electionem
1264 5432 1447 5486 ﬁebat.
1499 5433 1594 5487 Est
1632 5445 1808 5487 autem
1844 5438 2004 5489 etiam
2037 5436 2129 5489 Ju-

570 5520 788 5573 stinimi
820 5519 1036 5575 Novella
1072 5523 1156 5587 15,
1191 5540 1308 5592 qua:
1349 5541 1535 5579 eorum
1568 5527 1882 5580 electionem
1910 5543 1969 5581 ac
2004 5544 2127 5595 pro-

570 5608 858 5660 motionem
915 5611 1225 5664 describat:
1285 5623 1336 5667 ct
1385 5616 1572 5668 statuit
1619 5625 1670 5668 ut
1711 5618 1759 5668 iu
1810 5633 2128 5685 unaquaque

569 5699 788 5751 civitate
845 5703 910 5754 ab
957 5703 1222 5773 episcopis
1269 5715 1320 5758 ct
1377 5708 1586 5762 clericis
1624 5718 1673 5761 ει
1720 5709 1922 5762 civibus
1973 5711 2128 5776 paulo

2221 4458 2295 4518 ὡς
2336 4451 2531 4507 ἔοικεν,
2563 4442 2873 4500 ἐπίσκοποι,
2898 4435 3148 4501 λέγοντες
3203 4429 3346 4496 ὺπέρ
3409 4421 3638 4492 πτωχῶν
3699 4425 3800 4474 καὶ

2225 4515 2787 4605 καταπεπονημένων,
2840 4528 2938 4580 οὐκ
2976 4519 3358 4589 εἰσηκούοντο·
3418 4515 3801 4567 τετυπὼκασιν

2225 4639 2272 4688 οἱ
2298 4630 2538 4698 Πατέρες
2566 4603 2981 4690 θπομνησθῆναι
3040 4613 3166 4672 τοὺς
3215 4606 3474 4677 βασιλεῖς,
3515 4603 3655 4655 ὥστε
3674 4696 3685 4698 _
3715 4603 3792 4653 δο-

2228 4728 2384 4794 θῆναι
2415 4696 2564 4787 παρὰ
2585 4716 2790 4768 τοῦτων
2817 4709 2954 4776 μετὰ
2993 4703 3094 4771 τῆς
3133 4701 3241 4752 τῶν
3293 4698 3608 4752 ἐπισκόπων
3670 4696 3800 4796 ἐπὶ.

2228 4786 2389 4884 λολίῆς
2439 4786 2686 4867 ἐκδίκους
2733 4802 2895 4870 χάριν
2932 4796 3024 4847 τοῦ
3074 4788 3494 4845 ἀναστέλλεσθαι
3533 4786 3646 4884 τὰς⁵
3689 4786 3803 4835 τῶν

2229 4877 2501 4956 πλουσίων
2531 4893 2869 4964 τυραννίδας,
2893 4889 2984 4939 καὶ
3017 4884 3159 4936 οὕτω
3199 4881 3472 4947 παυθῆναι
3496 4877 3594 4945 τὴν
3629 4877 3802 4942 ἐπην-

2230 4991 2526 5059 ενεγμένην
2584 4984 2858 5037 ἄπαυστον
2912 4975 3132 5044 ὄχλησιν
3184 4973 3302 5030 ταῖς
3354 4966 3671 5059 ἐκκλησίαις
3703 4964 3802 5059 Δἐιιι

2228 5053 2823 5147 τῶν-προσερχομένου]
2871 5067 3060 5125 αὐταῖς
3116 5061 3203 5114 διὰ
3252 5059 3310 5111 τὸ
3354 5055 3652 5156 ἀδικεῖσθαι
3695 5053 3802 5156 ὑπὸ

2231 5172 2339 5223 τῶν
2369 5145 2970 5238 παρα-δυναστευόντων.
3008 5152 3115 5206 Καὶ
3138 5153 3165 5203 ὁ
3193 5150 3292 5218 μὲν
3337 5145 3519 5199 κανὼν
3573 5146 3630 5194 ἐν
3679 5145 3803 5193 τοὺ-

2231 5278 2345 5322 τοις
2380 5276 2394 5290 ·
2429 5236 2492 5309 αἱ)
2523 5257 2577 5308 δὲ
2609 5255 2868 5320 γίνωσκε,
2898 5249 2978 5299 ὅτι
3012 5246 3046 5314 ή
3093 5243 3237 5304 δύσις
3266 5239 3374 5292 τῶν
3397 5236 3644 5294 ἐκδίκων,
3691 5236 3801 5284 τῶν

2234 5348 2328 5402 καὶ
2354 5344 2690 5412 δεφευσὸρων
2719 5336 3050 5406 λεγομένων,
3085 5331 3194 5385 εἴτε
3252 5329 3360 5381 ἀπὸ
3392 5327 3485 5378 τοῦ
3535 5325 3802 5390 παρόντος

2235 5439 2455 5498 κανόνος
2498 5434 2651 5487 ἔλαϐε
2676 5432 2773 5497 τὴν
2803 5427 2997 5498 ἀρχὴν,
3027 5424 3134 5476 εἴτε
3168 5422 3261 5474 καὶ
3309 5418 3412 5487 πρὸ
3436 5414 3623 5469 τούτου
3676 5415 3802 5465 ἐπει

2239 5529 2558 5597 γινιῦσκετο,
2595 5524 2659 5576 δι’
2689 5520 2944 5586 ἐπιλογῆς
2973 5517 3080 5567 τῶν
3111 5511 3379 5567 κατοίκων
3410 5507 3647 5571 ἑκάστης
3701 5504 3805 5597 πά-

2237 5623 2370 5680 λεως
2403 5619 2632 5686 ἐγίνετο.
2654 5616 2808 5667 Ἐστι
2838 5610 3008 5663 δέ-καὶ
3034 5606 3219 5673 Neap}:
3252 5599 3686 5657 Ἰουστινιά·.·ειος
3716 5594 3799 5661 ιε’,

2239 5709 2584 5765 ὑπο-ευποῦσα
2621 5708 2716 5777 τὴν
2763 5703 2969 5760 τούτων
3015 5696 3267 5765 ἐπιλογὴν
3323 5693 3419 5746 καὶ
3480 5689 3800 5760 πρόϐλησιν,
