4018 6310
580 396 686 456 287
1832 384 2104 448 THEOD.
2147 380 2545 444 BALSAMON
3717 372 3839 437 983

581 505 840 572 gravibus
895 504 1126 572 injuriis.
1159 517 1279 570 qua
1329 502 1460 572 ipsis
1530 502 1864 560 inferuntur,
1930 499 2131 552 assidut

2282 491 2512 556 ιδικίαις,
2611 489 2874 560 διηνεκῶς
2951 489 3350 559 παρενοχλῆται
3420 488 3456 560 ἡ
3528 487 3837 558 ικκλησία,

583 596 818 651 ecclesia
878 595 1261 665 perturbetur;
1338 595 1437 647 ltoc
1484 603 1588 657 est,
1631 592 1698 645 ob
1755 605 2017 658 pauperes
2077 589 2131 640 at!

2287 598 2416 648 γουν
2447 584 2696 653 ὀχλήσεις
2731 582 2828 651 ἔχῃ
2883 580 2992 632 τῶν
3051 579 3420 652 ἀδικουμένων
3484 581 3848 651 προσιόντων

586 689 755 753 ipsam
786 687 1186 756 confugientes,
1219 698 1380 754 atque
1431 685 1502 739 ab
1535 700 1595 736 ea
1629 683 1732 736 sibi
1767 697 1922 751 opem
1955 680 2131 750 implo-

2282 675 2346 728 at
2386 676 2693 742 ζητούντων
2719 673 3076 730 ὲκδικεϊσθαι.

585 787 794 836 rantes.
826 777 1063 831 assiduis
1101 775 1604 844 perturbationibus
1641 771 1971 839 implicetur.

582 868 806 924 ARIST.
847 888 864 920 ι
919 867 986 922 Ut
1043 871 1328 935 episcopus
1385 866 1628 920 molestia
1695 879 1803 916 non
1857 861 2141 923 aﬂiciatur,

917 979 936 1012 ι
976 961 1289 1014 defensores
1325 958 1747 1011 constituantur.
1783 973 1801 1005 ι

654 1050 992 1117 Pauperibus
1022 1068 1047 1102 a
1086 1050 1487 1118 potentioribus
1515 1047 1807 1101 vexatione
1835 1044 2061 1108 aﬂectis,
2090 1055 2145 1098 et

579 1143 850 1209 episcopis
875 1141 941 1194 ab
967 1142 1031 1192 iis
1069 1151 1293 1208 propter
1323 1153 1414 1192 eas
1438 1137 1755 1191 vexationes
1785 1134 2140 1204 perturbatis,

581 1235 750 1285 vistttn
786 1244 868 1286 est
918 1235 1118 1303 synodo
1155 1234 1222 1286 ab
1283 1233 1621 1300 imperatore
1675 1239 1881 1299 petere,
1915 1237 1974 1282 ut
2019 1243 2140 1282 cum

578 1325 956 1390 episcoporum
1022 1325 1359 1390 providentia
1405 1324 1678 1393 eligantur
1717 1322 2052 1381 defensores,
2086 1330 2142 1374 ut

579 1414 804 1466 diviltlm
838 1415 1109 1482 tyrannidi
1159 1415 1437 1476 resistant,
1475 1424 1529 1466 et
1588 1412 1847 1482 episcopi,
1877 1421 2138 1478 quantum

579 1506 643 1554 ad
684 1519 799 1567 eos,
835 1506 950 1558 sine
976 1507 1219 1560 molestia
1253 1515 1628 1574 permaneant.

2247 854 2467 907 ΑΡΙΣΤ.
2537 873 2555 906 ι
2602 856 2717 909 Ἱνα
2775 853 2850 927 μὴ
2917 857 2945 908 ὁ
3001 855 3297 919 ἐπίσκοπος
3375 855 3842 927 παρενοχλῖῃαι,

2731 966 2749 999 ι
2795 949 3039 1003 ἔστωσαν
3068 948 3290 1001 ἔκδικοι.
3317 967 3335 1000 ι

2318 1037 2438 1089 Τῶν
2477 1040 2723 1106 πενήνων
2751 1038 2902 1109 παρὰ
2969 1039 3082 1090 τῶν.
3111 1039 3498 1108 δυνατωτέρων
3540 1038 3842 1102 κακώσιες

2246 1128 2655 1196 ὑφισταμένων,
2705 1133 2798 1182 καὶ
2827 1131 2919 1184 ὑπ’
2951 1132 3463 1196 αὖτῶνδιάταύτας
3518 1133 3629 1185 τῶν
3703 1133 3846 1185 ἑπι-

2247 1222 2468 1272 σκόπων
2498 1221 2926 1290 ἐνοχλουμένων,
2980 1221 3122 1285 εδοξε
3166 1226 3231 1292 τῇ
3277 1223 3480 1294 συνόδῳ
3527 1226 3590 1278 ix
3659 1225 3842 1294 βασι-

2245 1312 2379 1373 λέως
2409 1312 2629 1380 αἰτῆσαι
2652 1314 2792 1382 μετά
2845 1315 2946 1384 τῆς
3003 1315 3113 1366 τῶν
3163 1317 3487 1369 ἐπισκόπων
3554 1317 3840 1386 προνοίας

2246 1405 2566 1474 ὲπιλεγῆναι
2597 1406 2864 1469 ἐκδίκους,
2903 1407 2991 1461 ἵνα
3029 1408 3171 1462 κατά
3221 1408 3323 1476 τῆς
3374 1409 3483 1462 τῶν
3539 1408 3841 1463 πλουσίων

2245 1497 2566 1562 τυραννίδος
2597 1497 2977 1559 ἀνθιστῶνται.
3019 1503 3113 1551 καὶ
3158 1503 3204 1552 oi
3251 1499 3538 1553 ἐπίσκοποι
3565 1503 3693 1554 ὅσον
3729 1503 3840 1554 ἐπὶ

2241 1583 2454 1648 τούτοις
2484 1587 2830 1658 ἀνενόχλητοι
2863 1590 3117 1656 μένωσιν.

1099 1683 1327 1738 CANON
1373 1684 1607 1739 LXXIX.

579 1785 599 1814 ι
642 1768 712 1822 De
732 1771 1015 1834 episcopis,
1050 1775 1142 1840 qui
1168 1775 1217 1826 in
1248 1778 1470 1842 synodis
1490 1793 1546 1829 se
1575 1793 1677 1830 non
1710 1777 1929 1832 sistunt.
1966 1778 2132 1833 Simi-

646 1878 664 1909 ι
709 1860 831 1913 liter
863 1862 1084 1926 placuit,
1142 1876 1198 1916 ut
1233 1868 1662 1937 quotiescunque
1689 1870 1954 1938 synodum
1999 1884 2128 1921 con-

656 1969 672 1999 ι
714 1953 897 2004 venire
943 1955 1270 2018 oportuerit,
1305 1959 1568 2026 episc0pi,
1595 1960 1682 2026 qui
1717 1976 1814 2013 nec
1855 1971 2135 2015 senectute

652 2059 668 2089 ι
709 2056 808 2096 nec
839 2044 1204 2098 imbecillitate
1229 2061 1325 2099 nec
1347 2047 1448 2100 ulla
1473 2049 1790 2116 gravissima
1820 2053 2138 2104 necessitate

651 2152 666 2181 ι
707 2133 1095 2202 impediuntur,
1140 2147 1197 2190 ut
1257 2153 1352 2204 par
1385 2150 1492 2198 est,
1547 2155 1604 2193 se
1655 2140 1888 2206 sistant;
1921 2153 1974 2194 et
2027 2157 2138 2196 suae

644 2239 660 2269 ‹
702 2221 964 2290 cujusque
1012 2226 1302 2290 provinciae
1376 2230 1696 2293 primatibus
1765 2234 1828 2284 de
1886 2233 2136 2286 omnibus

646 2331 663 2360 σ
703 2313 970 2383 episcopis
999 2316 1361 2384 signiﬁcetur,
1400 2320 1516 2373 sive
1544 2320 1661 2374 dum
1719 2321 1835 2375 sive
1863 2331 1973 2377 tres
2005 2323 2136 2376 flant

643 2422 661 2452 ι
701 2407 1148 2475 congregationes
1179 2425 1192 2460 :
1225 2419 1278 2462 et
1307 2425 1370 2462 ex
1420 2427 1743 2480 unoquoque
1787 2429 2012 2469 numero
2053 2415 2136 2469 vi-

645 2514 661 2545 ι
695 2496 902 2559 cissim,
957 2500 1271 2568 quicunque
1301 2501 1458 2554 electi
1495 2501 1720 2566 fuerint,
1773 2505 1838 2557 ad
1872 2507 2012 2559 diem
2047 2521 2136 2575 sy-

636 2603 654 2634 ι
696 2588 817 2640 nodi
871 2589 1268 2645 instantissime
1327 2607 1384 2646 se
1446 2595 1659 2648 sistant.
1714 2595 1806 2648 Sin
1865 2610 2044 2653 autem
2077 2616 2135 2656 se

2785 1677 3021 1729 ΚΑΝΩΝ
3055 1677 3178 1732 ΟΘ’.

2247 1783 2267 1817 ι
2292 1766 2427 1835 Περὶ
2467 1766 2577 1818 τῶν
2623 1769 2696 1837 μὴ
2741 1769 3101 1822 ἀπαντώντων
3124 1770 3180 1821 ὲν
3205 1772 3321 1834 ταῖς
3341 1773 3574 1834 συνόδοις
3591 1775 3836 1826 immeri-

2317 1877 2336 1910 ι
2377 1876 2514 1912 πων.
2552 1860 2784 1929 Ὀμοίως
2814 1863 3032 1932 ἧρεσεν,
3063 1862 3148 1915 ἵνα
3174 1863 3567 1933 ὀσακισδήποτε
3596 1865 3830 1917 σύνοδον

2331 1968 2348 2000 ι
2388 1950 2468 2001 δεῖ
2494 1951 2847 2020 συναχθῆναι,
2875 1955 2924 2006 οἱ
2944 1953 3255 2021 ἐπίσκοποι,
3283 1955 3477 2016 οἵτινες
3497 1954 3622 2008 οὔτε
3653 1957 3833 2027 κείρᾳ.

2314 2058 2332 2090 ι
2365 2040 2489 2094 οὔτε
2515 2044 2767 2116 ἀσθενείᾳ
2799 2044 2921 2098 οὔτε
2960 2048 3068 2101 τιν)⁸
3098 2047 3373 2120 βαρυτέρᾳ
3404 2049 3622 2120 ἀνάγκῃ
3645 2049 3836 2118 ιμπο-

2316 2152 2336 2185 r
2373 2134 2607 2197 δίςονται
2631 2137 2902 2206 ἁρμοδίως
2922 2140 3252 2204 ἀπαντῶσιν,
3272 2141 3364 2192 καὶ
3382 2143 3492 2202 τοῖς
3505 2140 3839 2210 πρωτεύου-

2314 2247 2332 2280 ι
2372 2245 2455 2280 σιν
2480 2229 2716 2297 ἑκάστης
2747 2229 2883 2292 ίδίας
2917 2231 3095 2283 αὐτῶν
3138 2232 3409 2300 ἐπαρχίας
3447 2233 3827 2304 ὲμφανισθείη

2312 2337 2332 2372 ι
2379 2324 2504 2389 περὶ
2533 2321 2748 2373 πάντων
2765 2321 2871 2374 τῶν
2901 2321 3240 2386 ἐπισκόπων,
3270 2324 3378 2374 είτε
3405 2323 3496 2375 δύο
3525 2325 3637 2377 εἴτε
3665 2326 3833 2392 τρεῖς

2315 2429 2332 2461 ι
2375 2412 2750 2480 συναθροίσεις
2818 2411 3084 2481 γένωνται
3131 2430 3145 2444 ⁸
3196 2413 3292 2466 καὶ
3344 2415 3452 2467 ἀπὸ
3495 2415 3732 2469 ἑκάστου
3763 2416 3833 2469 δὲ

2312 2515 2331 2548 ι
2374 2500 2608 2567 ἀριθμοῦ
2639 2503 2714 2564 είς
2736 2500 2968 2569 ἀμοιϐὴν
2998 2501 3317 2571 ὁσοιδήποτε
3345 2503 3643 2570 ὲπιλεγῶσι
3676 2506 3829 2574 πρὸς

2319 2608 2337 2640 ι
2371 2590 2468 2655 τὴν
2485 2595 2515 2661 η
2523 2609 2555 2658 μ
2567 2593 2588 2643 έ
2600 2607 2696 2660 ραν
2711 2591 2806 2660 τῆς
2830 2591 3045 2644 συνόδου
3062 2593 3389 2655 ὲνστατικῶς
3404 2595 3616 2665 ἀπαντή
3625 2613 3830 2656 σωσιν.

2313 2705 2329 2738 ι
2380 2686 2504 2739 Ἐἀν
2527 2686 2581 2737 δὲ
2610 2687 2684 2754 μὴ
2713 2685 3015 2754 δυνηθῶσιν
3055 2687 3614 2756 ἀπαντῆσαι,ἀθρόων
3635 2689 3817 2743 τινῶν

2313 2797 2330 2828 ι
2369 2778 2644 2844 ἀναγκῶν,
2669 2778 2741 2839 ὼς
2760 2779 3360 2847 είκὸς,ἀναφυομένων,
3379 2781 3429 2831 εί
3447 2780 3520 2848 μὴ
3542 2779 3829 2851 τδνΙλόγον

2310 2892 2328 2925 ι
2362 2873 2456 2926 τοῦ
2494 2874 2696 2926 οίκείου
2747 2874 3089 2942 ἐμποδισμοῦ
3122 2874 3273 2945 παρά
3303 2874 3381 2944 τῷ
3423 2875 3610 2944 οίκείῳ
3660 2891 3831 2946 πρω-

2310 2982 2329 3015 ι
2370 2965 2980 3028 τεύοντιάποδὼσωσιν,
3003 2965 3238 3030 ὀφείλειν
3261 2967 3389 3028 τοὺς
3437 2965 3712 3028 τοιούτους
3748 2971 3826 3038 τῇ

2316 3076 2334 3108 ι
2391 3057 2653 3128 κοινωνίᾳ
2679 3057 2778 3126 τῆς
2802 3057 2938 3119 ἰδίας
2978 3057 3158 3109 αὐτῶν
3184 3057 3469 3126 ἀρκεῖσθαι
3492 3059 3826 3126 ἐκκλησίας.

635 3135 832 3189 BALS.
869 3136 1308 3207 Uuinscujusque
1359 3140 1650 3208 provinciae
1692 3142 1996 3210 episcopos,
2029 3145 2118 3214 qui

2309 3149 2504 3203 ΒΛΛΣ.
2587 3147 2726 3212 Τοὺς
2811 3147 3143 3208 ἐπισκόπους
3229 3146 3468 3224 ἑκάστης
3540 3146 3830 3217 ἐπαρχίας

567 3245 671 3282 non
700 3239 918 3295 propter
944 3239 1155 3283 aetatem
1189 3247 1282 3284 seu
1313 3244 1624 3299 provectam
1671 3244 2006 3289 senectutem
2047 3239 2127 3292 vel

2282 3245 2460 3296 παιτεί
2491 3245 2516 3293 ὁ
2545 3240 2726 3294 κανὼν
2769 3240 3131 3310 συνέρχεσθαι
3174 3241 3254 3301 είς
3310 3241 3410 3302 τάς
3466 3239 3829 3307 τυπουμένας

568 3319 938 3373 valetudinem
977 3321 1054 3371 vel
1106 3321 1266 3372 aliam
1326 3324 1703 3377 necessitatem
1735 3325 2129 3392 impediuntur.

2282 3332 2509 3392 Νόδους,
2538 3333 2665 3394 τοὺς
2686 3331 2761 3401 μὴ
2825 3331 2911 3384 διὰ
2973 3332 3186 3398 κείραν,
3243 3331 3412 3399 ἡγουν
3467 3330 3683 3398 ἠλικίαν
3721 3332 3830 3380 καὶ

568 3411 634 3465 ad
670 3413 902 3464 indictas
961 3415 1196 3478 synodos
1248 3415 1541 3467 convenire
1590 3415 1679 3468 hic
1727 3429 1897 3469 canon
1928 3416 2125 3486 jubet:

2282 3429 2409 3497 ἤρας
2439 3428 2594 3496 βαθὺ,
2623 3427 2655 3496 ἢ
2687 3424 3028 3491 ἀσθένειανῆ
3061 3425 3226 3492 ἀλλην
3281 3424 3531 3491 ἀνάγκην
3581 3422 3826 3490 ἐμποδι-

568 3513 620 3557 et
659 3519 780 3556 cum
818 3504 1125 3571 congregati
1184 3503 1402 3566 fuerint,
1460 3507 1874 3575 metropolitano
1906 3511 2129 3576 provin-

2282 3518 2536 3584 ιμένους·
2601 3515 2699 3568 καὶ
2771 3515 3160 3584 συναχθέντας,
3213 3514 3423 3577 εἴδησιν
3479 3513 3679 3566 διδόναι
3735 3512 3825 3582 τῷ

567 3595 682 3659 cite,
744 3597 792 3646 in
851 3610 953 3662 qua
1007 3606 1088 3648 est
1147 3597 1517 3662 unusquisque
1569 3598 1898 3667 significare,
1951 3612 2003 3655 et
2066 3619 2128 3657 ex

2282 3610 2606 3679 ητροπολίτῃ
2637 3608 2736 3676 τῆς
2759 3607 3028 3676 ἐπαρχίας
3078 3609 3172 3673 ἀφ’
3213 3604 3282 3676 ἧς
3333 3607 3483 3658 ἑστιν
3547 3605 3820 3670 ἕκαστος,

568 3701 892 3754 unoquoque
947 3702 1196 3747 numero,
1236 3689 1350 3739 sive
1398 3690 1515 3740 duae
1563 3689 1677 3742 sive
1707 3697 1816 3744 tres
1847 3691 1974 3745 fiant
2004 3709 2131 3746 con-

2282 3701 2331 3751 ιι
2361 3700 2452 3766 ἀφ’
2487 3699 2721 3751 ἑκάστου
2795 3698 3054 3767 ἀριθμοῦ,
3133 3696 3245 3748 εἴτε
3287 3695 3380 3748 δύο
3477 3695 3583 3747 εἴτε
3660 3697 3825 3764 τρεῖς

566 3780 926 3846 ετρεηιῑοηεε,
957 3777 1144 3844 (Forte
1173 3778 1338 3838 enim,
1377 3791 1442 3830 ne
1478 3777 1558 3830 vel
1592 3779 1657 3832 de
1702 3779 2130 3839 habitationibus

2282 3789 2610 3858 )vaﬂpoiou;
2632 3789 2924 3854 γένωνται.
2972 3789 3159 3856 (Ἴσως
3189 3788 3319 3855 γὰρ,
3359 3786 3450 3839 ἵνα
3493 3786 3630 3855 μήτε
3678 3787 3820 3854 περὶ

565 3863 646 3917 vel
679 3867 742 3916 de
781 3867 937 3918 rebus
961 3865 1280 3918 necessariis
1305 3865 1354 3916 itt
1398 3868 1679 3933 angustias
1705 3869 2126 3936 adducerentur,

2282 3881 2331 3941 ις
2361 3881 2696 3945 καταγωγὰς
2739 3879 3183 3949 στενοχωρῶνται
3232 3880 3370 3949 μήτε
3414 3877 3519 3946 μὴν
3565 3879 3692 3945 περὶ
3742 3879 3820 3929 τὰ

565 3971 668 4009 non
732 3973 917 4011 omnes
948 3959 997 4012 in
1031 3973 1190 4010 unam
1243 3957 1431 4009 urbem
1486 3972 1892 4028 convenerunt,
1929 3967 2022 4017 sed
2075 3965 2126 4019 in

2282 3971 2489 4040 θειώδη,
2533 3971 2632 4021 οὔκ
2662 3973 2741 4032 είς
2789 3969 2918 4038 μίαν
2977 3971 3181 4030 πάντες
3241 3969 3575 4038 συνήρχοντο
3626 3966 3818 4031 πόλιν,

564 4049 698 4103 duas
730 4050 810 4102 vel
853 4059 964 4105 tres
997 4058 1280 4124 metropoli
1315 4059 1692 4128 propinquas).
1728 4057 2128 4110 lnstantissime

2282 4061 2352 4112 ii.‘
2388 4062 2467 4123 εἰς
2499 4060 2652 4128 δύοῆ
2691 4063 2842 4128 τρεῖς
2880 4059 3287 4129 πλησιαζούσας
3317 4061 3382 4128 τῇ
3423 4057 3818 4126 μητροπόλει.)

565 4149 743 4193 autem
779 4157 835 4197 se
860 4145 1077 4208 sistere,
1112 4148 1213 4202 boe
1248 4160 1348 4213 est,
1378 4153 1496 4204 sine
1529 4152 1634 4204 ulla
1670 4151 1930 4204 dilatione
1959 4151 2127 4204 vicis-

2282 4152 2615 4211 Ξνστατικῶς
2645 4151 2702 4203 δὲ
2735 4153 3005 4220 ἀπαντᾷν,
3058 4151 3228 4220 ἤγουν
3284 4149 3688 4219 ἀνυπερθέτως.
3725 4151 3818 4211 είς

564 4232 688 4294 sim,
723 4235 772 4287 id
807 4244 908 4298 est,
945 4253 1038 4305 per
1075 4239 1238 4292 vices.
1281 4241 1466 4310 Neque
1488 4244 1632 4296 cnim
1683 4243 1735 4294 itt
1769 4258 1873 4294 uno
1905 4241 1993 4295 die
2019 4242 2129 4296 sol-

2282 4243 2490 4312 αοιόὴν,
2526 4244 2804 4294 τουτέστιν
2836 4241 3147 4310 ἀμοιϐαδόν.
3184 4242 3260 4294 Οὐ
3278 4241 3385 4309 γὰρ
3416 4242 3471 4292 ὲν
3496 4240 3592 4309 μιᾷ
3617 4240 3806 4310 ἡμέρᾳ

565 4332 764 4375 vuntur
818 4327 1044 4392 synodi;
1097 4329 1189 4381 sed
1229 4330 1281 4382 itt
1338 4333 1603 4398 pluribus.
1639 4332 1694 4384 Si
1745 4343 1924 4385 autem
1960 4346 2019 4386 se
2050 4332 2127 4385 si—

2282 4332 2528 4386 ,σύνοδοι
2555 4333 2799 4396 ἐλύοντο,
2861 4331 2975 4384 ἀλλ’
3001 4333 3058 4383 ὲν
3103 4331 3364 4384 πλείοσιν.
3425 4330 3547 4382 Ἐἀν
3605 4330 3664 4382 δὲ
3732 4331 3814 4399 μὴ

564 4420 706 4465 stere
764 4427 867 4467 non
925 4417 1154 4482 possint,
1202 4422 1346 4485 quod
1402 4435 1428 4470 a
1471 4421 1746 4487 repentina
1802 4421 2126 4474 necessitate

2282 4425 2530 4490 ινηθῶσιν
2559 4425 2870 4491 ἀπαντῆσαι
2906 4424 2993 4476 διὰ
3016 4426 3074 4474 τδ
3133 4422 3526 4492 ὲμποδισθῆναι
3580 4421 3684 4475 ὑπὸ
3717 4425 3812 4474 αἰ-

564 4502 958 4569 impediantur,
987 4509 1200 4572 primati
1235 4509 1496 4562 rationem
1543 4510 1911 4578 impedimenti
1952 4525 2118 4579 etpo-

2282 4516 2436 4567 νιδίου
2465 4516 2728 4581 ἀνάγκης,
2764 4515 2964 4566 διδόναι
3024 4513 3216 4578 λόγους
3292 4510 3390 4564 τοῦ
3451 4510 3808 4580 ἐμποδισμοῦ

564 4605 690 4648 nant
724 4610 737 4648 :
776 4596 858 4659 sin
917 4599 1017 4652 boc
1081 4616 1184 4653 nou
1248 4601 1499 4664 fecerint,
1549 4603 1660 4655 sola
1726 4617 1837 4656 sua:
1880 4604 2124 4658 ecclesia:

2282 4607 2384 4674 ιιρά
2410 4605 2485 4670 τῷ
2514 4605 2892 4674 πρωτεύοντιθ
2932 4604 2979 4655 εί
3025 4602 3080 4655 δὲ
3112 4603 3193 4671 μῆ
3258 4602 3419 4654 τοῦτο
3491 4602 3809 4670 ποιήσουσι,

563 4691 944 4743 communione
970 4694 1208 4745 contenti
1244 4695 1386 4756 sint;
1417 4693 1537 4748 aliis
1570 4709 1672 4747 una
1698 4710 1819 4748 cum
1846 4694 1976 4762 ipsis
2013 4708 2123 4748 non

2282 4698 2366 4766 ίνῃ
2389 4699 2452 4765 τῇ
2485 4697 2741 4764 κοινωνίᾳ
2784 4695 2883 4762 τῆς
2947 4693 3242 4762 ἐκκλησίας
3284 4693 3422 4754 ιδίας
3491 4692 3806 4760 ἀρκεῖσθαι.

557 4780 1096 4835 communicantibus.
1142 4785 1204 4837 Et
1240 4785 1292 4838 itt
1335 4787 1416 4838 bis
1466 4785 1682 4856 quidem
1734 4787 1982 4840 consistit
2032 4800 2124 4839 ca-

2282 4790 2430 4855 :éptov
2453 4788 2638 4847 αὐτοῖς
2661 4785 2733 4856 μὴ
2762 4783 3287 4852 συγκοινωνούντων.
3318 4785 3425 4836 Καὶ
3454 4785 3482 4835 ὁ
3501 4783 3600 4852 μὲν
3619 4782 3802 4836 κανὼν

562 4885 686 4923 ιιοη.
711 4869 788 4923 Tu
816 4883 992 4926 autem
1023 4875 1148 4929 hinc
1173 4887 1295 4928 nota
1321 4891 1513 4930 novum
1539 4877 2122 4932 excommunicationis

2282 4879 2542 4940 Ιτούτοις.
2571 4879 2644 4929 Σὺ
2685 4878 2737 4928 δὲ
2769 4877 3072 4946 σημείωσαι
3115 4875 3428 4942 καινότερον
3493 4873 3807 4942 ἀφορισμδν

560 4976 748 5027 genus.
776 4963 879 5015 Alii
915 4966 1055 5017 enim
1100 4981 1334 5019 canones
1366 4968 1635 5034 accipiunt
1682 4968 2125 5023 excommunica-

2282 4969 2524 5020 ιτούτου.
2566 4968 2745 5019 Ἀλλοι
2801 4967 2896 5034 μὲν
2926 4965 3034 5033 γὰρ
3077 4964 3297 5026 κανόνες
3335 4963 3427 5014 τὸν
3491 4964 3806 5031 ἀφορισμὺν

560 5053 798 5117 tionem;
830 5056 970 5122 quod
1003 5057 1219 5123 quidem
1264 5059 1454 5110 attinet
1496 5059 1561 5111 ad
1593 5059 1911 5127 episcopos;
1946 5069 2002 5112 ιιι
2039 5061 2124 5113 ni-

2282 5058 2681 5126 ελαμϐάνονται,
2702 5057 2826 5108 ὅσον
2863 5055 3000 5116 τέως
3029 5056 3107 5116 είς
3131 5054 3257 5114 τοὺς
3323 5051 3686 5112 ἐπισκόπους,
3721 5055 3804 5112 είς

560 5140 633 5192 ltil
683 5144 1018 5198 sacerdotale
1066 5145 1263 5198 obeant
1294 5165 1306 5198 :
1346 5163 1583 5214 presens
1614 5159 1789 5201 autem
1826 5166 1997 5203 canon
2029 5166 2122 5204 eos

2282 5178 2284 5192 ι
2320 5149 2450 5218 μηδὲ
2482 5148 2614 5209 ὅλως
2676 5146 2951 5212 ἱερατικὸν
3000 5163 3053 5197 τι
3108 5146 3392 5213 ἐνεργεῖν·
3430 5146 3456 5196 ό
3507 5144 3564 5194 δὲ
3606 5143 3805 5210 παρὼν

559 5247 587 5284 a
641 5247 796 5285 sacro
859 5238 1159 5290 tninlsterio
1219 5253 1323 5292 non
1391 5242 1650 5307 impedit,
1709 5243 1803 5296 sed
1841 5253 2118 5310 separata

2282 5241 2404 5291 ινὼν
2433 5245 2532 5292 οὐκ
2572 5239 2850 5306 ἐμποδίζει
2886 5237 3109 5298 τούτους
3145 5238 3210 5288 ἐκ
3238 5236 3338 5303 τῆς
3375 5234 3798 5304 ίεροτελεστίας,

562 5324 889 5392 reliquorum
918 5329 1142 5381 fratrum
1177 5333 1578 5385 communione.

2282 5333 2430 5382 ,λ’ὲκ
2482 5331 2580 5397 τῆς
2623 5329 2907 5390 κοινωνίας
2982 5327 3204 5397 χωρίζει
3266 5325 3366 5393 τῆς
3427 5326 3535 5376 τῶν
3597 5325 3805 5376 λοιπῶν

642 2691 664 2728 ι
700 2676 890 2731 sistere
922 2696 1025 2734 non
1059 2684 1286 2749 possint,
1321 2701 1442 2737 cum
1474 2688 1653 2738 inultae
1690 2689 1850 2741 simul
1898 2691 1978 2756 (ut
2009 2706 2134 2745 cre—

644 2787 662 2820 ι
703 2769 863 2823 dibile
910 2771 1013 2836 est)
1063 2774 1384 2827 exoriuntur
1456 2781 1857 2834 necessitates:
1913 2781 2014 2833 nisi
2051 2782 2132 2836 sui

646 2883 662 2914 ι
703 2865 1067 2932 impedimenti
1101 2867 1359 2920 rationem
1407 2883 1503 2921 suo
1543 2872 1753 2934 primati
1779 2872 2131 2938 reddiderint,

645 2971 663 3003 ι
707 2955 932 3006 debeant
961 2954 994 3006 ii
1031 2970 1138 3008 suae
1161 2967 1282 3009 eSse
1334 2958 1574 3010 ecclesiae
1601 2960 1977 3014 communione
2004 2976 2135 3016 con-

647 3064 664 3096 t
701 3056 850 3098 lenti.
895 3067 911 3096 ι

2223 5333 2339 5384 ἀλλ’
2367 5333 2430 5382 ἐκ
2482 5331 2580 5397 τῆς
2623 5329 2907 5390 κοινωνίας

2229 5420 2497 5484 ἀδελφῶν.

2296 5513 2540 5565 ΖΩΝΛΡ.
2587 5512 3010 5580 Ἀπαραιτήιως
3047 5510 3272 5562 ἀπαιτεῖ
3323 5509 3350 5559 ὁ
3403 5506 3584 5560 κανὼν
3634 5509 3804 5562 συνά-

2223 5603 2421 5670 γεσθαι
2457 5601 2936 5664 τοὺςὲπισκόπους
2979 5601 3216 5666 ἑκάστης
3270 5600 3559 5667 ἐπαρχίας,
3605 5598 3801 5662 ὁσάκις

2225 5699 2384 5767 χρεία
2424 5698 2824 5763 ἐπιγενέσθαι
2894 5695 3131 5758 σύνοδον,
3199 5695 3245 5746 εί
3305 5694 3379 5761 μὴ
3434 5693 3520 5746 διὰ
3579 5695 3797 5760 κείραν,

2227 5789 2646 5859 ἦγοννῆιικῐαν
2708 5788 3057 5857 προήκουσαν
3129 5785 3218 5837 καὶ
3282 5785 3458 5852 γῆρας
3539 5783 3698 5849 βαθὺ,
3763 5786 3798 5852 ἢ

614 5504 779 5574 614
795 5505 1486 5580 ZONAll.Uniuscujusque
1505 5513 1794 5578 provinciae
1813 5517 2119 5585 episc0pos,

558 5594 984 5662 quotiescunque
1017 5599 1254 5666 synodus
1291 5601 1528 5654 habenda
1564 5603 1652 5664 sit,
1691 5603 1788 5657 nisi
1823 5614 1982 5659 actate
2009 5620 2118 5671 tam

557 5687 744 5740 atl‘ccta
783 5687 1046 5758 cﬂctaqne
1086 5702 1363 5746 senectute
1404 5695 1483 5745 vel
1523 5695 1831 5750 inlirmitatc
1879 5714 2120 5765 corports

558 5779 936 5847 impediantur,
987 5784 1065 5836 vcl
1099 5783 1242 5850 gravi
1277 5784 1376 5838 alia
1420 5787 1482 5839 de
1532 5803 1692 5841 causa
1751 5788 2109 5855 detineantur,
