4018 6310
197 337 292 402 23.9

1195 340 1274 402 IN
1316 339 1476 401 CAN.
1501 338 1710 399 LXXX
1747 337 1955 400 CONC.
1997 336 2370 400 CARTHAG.

3287 333 3392 398 $390

204 460 463 514 ἀσθένειαν
491 457 882 528 ἐμποδίζοιντο,
923 459 956 528 ὴ
993 474 1097 509 τινι
1148 458 1282 527 ἄλλῃ
1353 457 1737 526 βαρείᾳ’περιο

1843 457 2130 511 convenire
2158 456 2380 511 omnino
2405 455 2490 510 bic
2511 469 2681 510 canon
2731 453 2920 524 jubet;
2962 460 3014 508 et
3048 451 3135 506 ubi
3162 451 3392 520 primum

210 551 374 603 στάσει
402 551 729 616 συνέχοιντο,
757 550 852 600 καὶ
881 548 1243 615 συναχθέντας
1289 549 1492 615 εἴδησιν
1539 547 1737 600 διδόναι

209 641 271 708 τῷ
297 640 660 708 μητροπολίτῃ
685 640 781 707 τῆς
805 638 1093 706 ἐπαρχίας,
1122 633 1296 708 ἀφ’ἦς
1329 638 1740 702 ὲστινέκαστος,

215 735 292 783 καὶ
319 734 403 798 ἀφ’
439 733 674 783 ἑκάστου
725 730 1047 800 ἀθροισμοῦ,
1141 731 1248 780 είτε
1297 729 1388 780 δύο
1441 731 1550 780 εἴτε
1593 733 1742 797 τρεῖς

217 822 560 890 συναθροίσεις
594 823 858 887 γένωνται
889 820 1039 886 (ἴσως
1065 820 1194 887 γὰρ,
1255 820 1343 872 ἵνα
1413 821 1549 887 μήτε
1614 820 1742 888 περὶ

215 914 293 972 τὰς
312 912 634 977 καταγωγὰς
663 910 1123 978 στενοχωρῶνται,
1156 911 1293 979 μήτε
1321 910 1428 978 μὴν
1493 909 1621 978 περὶ
1670 908 1739 960 τὰ

213 1001 442 1070 χρειώδη,
473 1001 575 1053 οὐκ
606 1002 687 1062 είς
759 1001 887 1070 μίαν
923 1004 1124 1062 πάντες
1178 1000 1507 1068 συνήρχοντο
1563 1000 1738 1063 πόλιν,

212 1089 398 1152 ἀλλἐίς
418 1090 512 1142 δύο
547 1090 755 1160 ἢτρείς
812 1090 1220 1158 πλησιαζούσας
1266 1093 1331 1158 τῇ
1387 1089 1740 1158 μητροπόλει)

212 1178 514 1240 ἐνστατικῶς
556 1179 826 1247 ἀπαντᾷν,
855 1178 973 1230 ἀντὶ
1011 1177 1105 1229 τοῦ
1151 1176 1550 1246 ἀνυπερθέτως,
1573 1179 1742 1246 ἀπρο-

212 1270 462 1334 φασίστως
500 1267 636 1336 πρὸς
663 1268 760 1338 τὴν
791 1268 1005 1337 ἡμέραν
1040 1267 1137 1334 τῆς
1185 1267 1428 1330 συνόδου,
1467 1270 1545 1328 είς
1578 1269 1741 1334 ἀμοι-

217 1358 321 1427 6ὴν,
344 1358 614 1410 τουτέστιν
642 1357 955 1425 ἀμοισαδόν.
997 1359 1072 1409 Οὐ
1096 1358 1204 1425 γάρ
1233 1358 1290 1408 tv
1333 1357 1432 1425 μιᾷ
1469 1357 1654 1426 ἡμέρᾳ
1688 1358 1746 1408 αι

211 1448 398 1500 σύνοδοι
426 1448 721 1512 διελύοντο,
761 1448 877 1500 ἀλλ’
897 1450 954 1501 tv
989 1449 1220 1512 πλείοσι,
1265 1449 1359 1499 καὶ
1394 1447 1552 1499 τοῦτο
1577 1446 1738 1514 δῆλον

209 1539 263 1589 ἐκ
290 1538 484 1605 ταύτης
514 1539 611 1605 τῆς
655 1540 872 1591 συνόδου
908 1540 1044 1594 ιστί.
1109 1539 1407 1606 Διαφόρους
1459 1539 1567 1607 γάρ
1606 1537 1745 1602 πρά-

211 1627 304 1690 ξεις
325 1628 468 1697 δηλοῖ
484 1629 734 1694 γενέσθαι
766 1630 823 1681 tv
847 1629 1034 1691 ἄλλαις
1084 1629 1179 1681 καὶΙ
1229 1628 1420 1690 ἄλλαις
1477 1629 1739 1696 ἡμέραις.

218 1720 513 1786 ’Δμοισαδὸν
537 1719 614 1782 δὲ,
651 1721 817 1789 ἠγουν
842 1719 1032 1773 ἄλλοτε
1086 1719 1277 1780 ἄλλους
1331 1719 1596 1786 ἀπαντᾷν,
1628 1719 1742 1769 ὅσοι

1845 547 2162 600 advenerim
2185 587 2199 610 ,
2257 547 2670 614 metropolitano
2701 545 2956 617 singulos,
2981 560 3043 598 ex
3080 557 3182 612 qua
3209 558 3267 596 se
3308 540 3392 597 fe-

1845 648 1989 699 raut,
2024 639 2307 703 provincia:
2361 637 2702 703 significare;
2737 645 2847 686 tum
2891 649 3014 686 vero
3053 649 3118 688 ex
3168 633 3393 701 singulis

1847 727 2110 780 classibus
2139 727 2251 780 sive
2295 727 2412 780 dua;
2461 727 2574 779 sive
2626 735 2734 779 tres
2779 725 3033 777 institutae
3067 725 3262 777 luerim
3294 725 3396 792 (et-

1857 817 2018 878 enim,
2055 830 2120 868 ne
2156 816 2238 870 vel
2263 816 2439 884 inopia
2475 817 2600 869 tecti
2630 826 3024 885 premerentur,
3060 815 3138 867 vel
3169 819 3234 866 ad
3267 829 3396 867 usus

1847 906 1969 958 vita:
2006 906 2309 960 necessaria
2338 907 2654 970 deﬁcerent,
2688 922 2793 959 non
2831 907 2882 959 in
2915 921 3016 958 una
3045 905 3184 959 forte
3210 919 3394 959 omnes

1849 995 1982 1050 urbe
2034 997 2403 1060 considebant,
2442 998 2533 1052 sed
2571 998 2624 1050 in
2671 998 2878 1051 duabus
2923 995 3167 1050 tribusve
3198 1003 3366 1047 metro

1849 1090 1954 1156 poli
1983 1089 2262 1156 proximis)
2289 1091 2354 1141 ad
2379 1088 2516 1142 diem
2542 1088 2744 1157 synodo
2773 1084 3085 1153 praeﬁnitum
3113 1084 3393 1142 instanter,

1847 1181 1948 1234 hoc
1979 1187 2082 1242 est,
2118 1179 2237 1232 sine
2274 1179 2379 1232 ulla
2409 1177 2853 1246 tergiversatione
2889 1182 2978 1228 aut
3010 1188 3156 1228 mora
3194 1186 3398 1240 prope-

1847 1280 2032 1325 ranter
2056 1271 2312 1324 accedere
2343 1269 2607 1332 vicissim,
2645 1270 2742 1322 hoc
2770 1277 2875 1329 est,
2909 1281 3003 1335 per
3027 1265 3191 1317 vices.
3216 1261 3398 1330 Neque

1847 1362 1990 1414 enim
2039 1374 2147 1414 uno
2179 1360 2285 1424 die,
2313 1360 2404 1414 sed
2439 1359 2682 1428 pluribus
2719 1358 2906 1426 synodi
2940 1355 3352 1417 absolxebantnr
3381 1371 3393 1405 :

1847 1450 1990 1520 quod
2018 1466 2080 1503 ex
2118 1450 2220 1503 hac
2251 1463 2464 1518 quoque
2510 1450 2763 1512 colligere
2811 1446 2967 1498 facile
3009 1452 3114 1507 est,
3148 1457 3213 1496 ex
3248 1440 3399 1507 cujus

1848 1542 2117 1594 actionum
2149 1539 2566 1608 multiplicitate,
2599 1537 2840 1605 pluribus
2892 1551 3008 1589 eam
3038 1533 3230 1588 diebus
3257 1532 3399 1584 cele-

1846 1632 2057 1687 brutam
2113 1629 2276 1683 fuisse
2308 1637 2548 1696 apparet.
2586 1626 2688 1681 Per
2749 1627 2896 1678 vices
2926 1633 3126 1689 autem,
3164 1624 3263 1676 boc
3291 1632 3397 1684 est,

1848 1735 1908 1780 ut
1939 1725 2094 1778 modo
2129 1724 2234 1786 hic,
2289 1722 2444 1775 modo
2474 1721 2585 1784 alii,
2616 1720 2920 1788 quicunque
2980 1717 3199 1770 demum
3239 1714 3392 1768 electi

207 1809 528 1874 ίπιλεγῶσιν.
576 1811 700 1862 Ἐὰν
725 1811 780 1862 δὲ
801 1811 875 1878 μὴ
903 1810 1169 1877 δυνηθῶσι
1189 1811 1518 1878 ἀπαντῆσαι,
1547 1809 1740 1877 ἀθρόον

1857 1817 2077 1877 fuerint,
2139 1828 2195 1866 se
2233 1813 2283 1864 in
2321 1811 2522 1881 synodo
2573 1810 2789 1862 sistant.
2827 1805 2884 1859 Si
2941 1819 3066 1858 vero
3122 1804 3172 1856 id
3219 1802 3397 1855 minus

209 1900 608 1968 ἀναφυομένων,
641 1903 901 1968 αἰφνίδιον
930 1901 1176 1969 δηλονότι
1242 1903 1336 1953 καὶ
1381 1900 1738 1962 ἀνελπίστως,

206 1990 376 2042 αἰτιῶν
398 1991 737 2058 ἀναγκαίων,
777 1993 1000 2044 άπαιτεί
1029 1991 1154 2052 τοὺς
1205 1990 1280 2058 μὴ
1327 1991 1739 2059 ἀπαντήσοντας

203 2080 340 2148 λόγον
363 2082 673 2135 ἀποδιδόναι
711 2082 862 2149 παρά
883 2081 960 2150 τῷ
988 2080 1358 2150 μητροπολίτῃ
1405 2081 1569 2132 αὑτοῦ
1605 2080 1741 2133 ἔκα-

206 2183 329 2233 στον,
356 2170 386 2238 ἢ
419 2171 494 2238 μὴ
513 2170 862 2230 ἀποδιδόντα,
887 2170 1024 2238 μόνῃ
1057 2171 1124 2238 τῇ
1149 2169 1410 2237 κοινωνίᾳ
1461 2168 1560 2235 τῆς
1606 2168 1740 2230 ίδίας

207 2257 474 2326 ἐκκλησίας
514 2259 824 2326 ἀρκεῖσθαι,
882 2258 1080 2328 ἑτέρων
1121 2259 1270 2328 αὑτῷ
1319 2259 1395 2328 μὴ
1450 2275 1742 2326 συγκοινω-

206 2347 430 2402 νούντων.

202 2437 396 2493 ΔΡῘΣΤ.
457 2456 475 2490 ι
512 2441 574 2493 Ol
629 2440 704 2509 μὴ
739 2440 1082 2503 ἀπαντῶντες
1107 2440 1164 2494 tv
1215 2443 1280 2510 τῇ
1329 2441 1448 2493 κατ’
1495 2441 1742 2493 ἐνιαυτὸν

265 2548 281 2581 ι
311 2531 536 2600 συνόδῳ,
587 2531 640 2583 εί
694 2532 769 2601 μὴ
801 2531 1109 2600 ἀϐουλήτως
1160 2531 1451 2584 κωλύοιντο
1478 2571 1493 2596 ,
1539 2533 1607 2600 τῇ
1643 2529 1742 2598 τῆς

266 2637 282 2669 ι
322 2619 462 2682 ιδίας
501 2622 796 2690 ἐκκλησίας
822 2622 1197 2688 ἀρκείσθωσαν
1228 2621 1499 2688 κοινωνίᾳ.
1533 2639 1550 2670 ι

258 2709 403 2762 Ὅσοι
430 2711 544 2762 τῶν
566 2712 876 2764 ἐπισκόπων
906 2714 964 2764 tv
991 2715 1057 2782 τῇ
1074 2711 1276 2780 συνόδῳ
1306 2713 1542 2779 ἑκάστης
1562 2710 1740 2762 αὐτῶν

207 2798 452 2867 ιπαρχίας
477 2800 579 2852 οὐκ
635 2803 1032 2871 ἀπαντήσουσι,
1091 2803 1228 2870 μήτε
1299 2800 1402 2853 ὑπὸ
1452 2799 1739 2870 γήρους,ἢ

203 2890 484 2954 ἀσθενείας,
510 2891 623 2943 εἴτε
646 2893 793 2953 τινὸς
824 2891 1139 2961 βαρυτάτης
1169 2891 1414 2976 ἀνάγκης
1445 2888 1739 2958 ἐμποδιζό-

207 2997 355 3046 μενοι,
393 2981 507 3033 ἀλλ’
541 2983 607 3034 ἐκ
668 2980 941 3051 ῥᾳθυμίας
1003 2982 1036 3052 ἢ
1127 2982 1222 3033 καὶ
1281 2981 1739 3049 καταφρονήσεως

1844 1908 2073 1976 possint,
2109 1905 2432 1959 necessariis
2483 1899 2885 1969 impedimentis
2912 1912 2976 1952 cx
3025 1893 3315 1964 improviso
3345 1902 3397 1947 et

1855 2003 2227 2067 inexspectato
2285 1994 2564 2051 confertim
2593 1993 2797 2047 obortis
2824 2005 2838 2055 ;
2875 1999 2930 2041 ut
2962 1989 3263 2057 quicunque
3290 1999 3395 2038 non

1845 2089 2134 2148 adfuerint,
2197 2086 2614 2154 metropolitano
2677 2095 2775 2135 suo
2852 2077 3075 2146 singuli,
3135 2077 3394 2128 rationem

1846 2175 2095 2239 reddant,
2149 2176 2312 2243 exigit
2346 2190 2361 2227 :
2395 2173 2486 2242 qui
2536 2184 2665 2224 vero
2695 2169 2748 2222 id
2795 2163 3154 2235 neglexerint,
3190 2161 3396 2215 exclusi

1842 2264 1910 2316 ab
1943 2265 2169 2317 aliorum
2229 2261 2524 2324 consortio,
2563 2257 2806 2312 ecclesia:
2861 2267 2972 2310 sua
3017 2251 3398 2307 communione

1841 2355 2080 2410 contenti
2111 2354 2240 2408 sint.

1842 2443 2068 2501 ARIST.
2107 2464 2125 2496 ι
2159 2445 2260 2512 Qui
2295 2446 2345 2498 in
2375 2443 2579 2515 synodo
2612 2441 2901 2511 quotannis
2931 2441 3109 2496 habita
3137 2455 3240 2494 non
3265 2453 3399 2494 con-

1917 2558 1936 2591 ι
1976 2540 2214 2604 veniunt,
2263 2538 2364 2591 nisi
2397 2545 2580 2590 contra
2635 2535 2961 2590 voluntatem
3010 2533 3397 2602 lmpediantur,

1919 2651 1938 2684 ι
1971 2646 2083 2684 suae
2109 2631 2219 2685 sint
2251 2630 2493 2684 ecclesiae
2529 2627 2909 2681 communione
2933 2626 3190 2677 contenti.
3231 2642 3251 2675 ι

1914 2722 2230 2790 Quicunque
2259 2735 2324 2772 ex
2353 2717 2621 2786 episcopis
2663 2717 2726 2769 ad
2757 2714 3021 2785 synodum
3057 2715 3113 2768 in
3145 2728 3394 2782 unaqua-

1839 2827 1944 2881 que
1969 2811 2208 2879 ipsorum
2245 2807 2521 2875 provincia
2549 2805 2783 2858 habitam
2817 2819 2875 2859 se
2936 2819 3039 2858 non
3093 2801 3394 2867 conferant,

1839 2917 1940 2957 nec
1982 2916 2014 2955 a
2062 2908 2357 2962 senectute,
2389 2911 2488 2952 nec
2521 2899 2586 2950 ab
2636 2895 2971 2958 infirmitate,
3009 2910 3109 2949 nec
3138 2894 3241 2947 alia
3274 2910 3396 2962 gra-

1838 2993 2058 3048 vissima
2113 2990 2432 3044 necessitate
2487 2987 2768 3056 impediti;
2817 2989 2912 3042 sed
2964 3001 2993 3040 e
3047 2986 3249 3040 desidia
3309 2986 3393 3040 vel

201 3070 336 3124 τοῦτο
364 3071 670 3134 ποιοῦντες,
699 3072 1004 3140 ἀδελφικῶς
1036 3072 1353 3141 ὡρίσθησαν
1411 3073 1740 3142 ἐπιπλήττε-

1843 3087 2003 3139 etiam
2057 3089 2366 3149 contemptu
2419 3080 2549 3133 illud
2606 3079 2904 3141 facientes;
2965 3078 3294 3141 decernitur,
3337 3086 3397 3130 nt

203 3160 327 3214 σθαι.
365 3162 421 3214 ὐ
453 3163 510 3216 δὲ
531 3164 724 3234 παρὼν
743 3161 922 3216 κανὼν
959 3165 1050 3216 καὶ
1085 3163 1144 3215 τὸ
1187 3159 1325 3222 εἶδος
1355 3167 1454 3230 τῆς
1507 3165 1738 3235 ιπιπλή-

203 3247 534 3320 ξεωςτίοησι,
570 3254 930 3320 προστάττων
985 3254 1110 3314 τοὺς
1167 3257 1598 3317 συνεπισκόπους
1643 3258 1738 3307 καὶ

207 3341 545 3409 συναδιλφοὺς
615 3342 797 3393 αὐτῶν
867 3343 942 3411 μὴ
985 3346 1366 3409 συγκωνωνεῖν
1419 3345 1602 3405 αὐτοῖς
1646 3345 1738 3396 καὶ

203 3430 615 3502 ουλλειτουργείν
652 3447 666 3460 ·
694 3431 792 3484 ἀλλ
841 3433 900 3482 tv
933 3435 1123 3501 μόναις
1166 3435 1286 3496 ταῖς
1345 3434 1500 3496 ίδίαις
1559 3435 1738 3487 αὐτῶν

199 3519 487 3590 ἐκκλησίαις
507 3520 819 3589 ἀρκεῖσθαι,
842 3523 936 3573 καὶ
969 3523 1304 3590 λειτουργεῖν
1328 3523 1386 3576 tv
1413 3524 1626 3586 αὐταῖς.

755 3611 991 3662 ΚΑΝΩΝ
1038 3608 1116 3663 ll'.

205 3714 220 3745 ι
249 3697 367 3766 Περὶ
402 3697 775 3767 Κρεσκωνίου.
809 3699 944 3767 Περὶ
977 3698 1324 3767 Κρεσκωνίου
1369 3699 1463 3752 τοῦ
1502 3700 1740 3770 Βηλαρε-

267 3803 283 3834 ι
312 3786 514 3839 κεντίου
548 3787 706 3838 τοίτο
725 3789 886 3840 πᾶσιν
920 3786 1119 3854 ἔδοξεν,
1161 3789 1244 3840 ἵνα
1266 3789 1510 3844 imae"
1542 3791 1738 3858 ὁμοίως

264 3897 281 3926 ι
306 3879 567 3947 ἑμφανείη
586 3878 662 3945 τῷ
680 3877 1014 3947 πρωτεύοντι
1045 3880 1142 3948 τῆς
1167 3881 1487 3950 Νουμιδίας,
1519 3883 1652 3952 πρὸς
1678 3885 1738 3934 τὸ

262 3984 277 4013 ι
309 3967 498 4019 ειδέναι
541 3968 726 4032 αὑτὸν,
751 3969 987 4034 ὀφείλειν
1025 3971 1343 4039 γράμμασιν
1359 3975 1579 4036 οἰκείοις
1601 3977 1736 4039 πρὸς

259 4077 281 4114 ε
315 4060 620 4114 συνέλευσιν
636 4063 1038 4133 προτρέψασθαι
1053 4066 1144 4118 τὸν
1158 4068 1592 4136 μνημονευθέντα
1607 4073 1646 4121 Κ
1659 4087 1738 4140 ρε-

259 4169 278 4201 ι
313 4150 537 4204 σκώνιον
579 4165 593 4181 ⁸
637 4152 774 4203 ὥστε
825 4153 898 4223 μὴ
933 4153 1262 4222 ὑπερθέσθαι
1297 4157 1396 4224 τὴν
1435 4162 1738 4225 παρουσίαν

259 4258 276 4291 ι
307 4243 465 4295 αᾶτοῦ
481 4246 546 4312 τῇ
573 4241 942 4314 πλησιαζούσῃ
969 4245 1229 4314 συμπάσῃ
1290 4247 1583 4317 Ἀφρικάνῃ
1615 4267 1738 4302 συν-

264 4353 280 4383 ι
314 4334 726 4402 όδῳπαρασχεῑν
750 4349 762 4360 ·
798 4335 892 4384 ὲάν
917 4333 972 4385 δὲ
993 4333 1086 4385 τοῦ
1119 4335 1296 4387 nam
1320 4343 1729 4410 καταφρονήσῃ,

259 4441 279 4476 ι
312 4424 447 4477 ἔστω
462 4423 619 4482 εξὶὼς
641 4423 760 4475 κατ’
781 4422 944 4475 αὑτοῦ
959 4425 1136 4492 ψῆφον
1159 4427 1678 4496 νομοθετησομένην,
1707 4449 1726 4481 ι
1765 4420 1807 4473 D

255 4515 436 4567 ΒΔΛΣ.
465 4515 564 4566 Διά
591 4513 689 4566 τοῦ
707 4516 1055 4582 Κρεσκωνξου
1091 4516 1404 4584 ἐπιτίθησιν
1459 4523 1486 4571 ό
1548 4521 1730 4573 κανὼν

197 4605 418 4674 ανάγκην
455 4607 569 4666 τοῖς
602 4604 931 4666 ἐπισκόποις
959 4607 1018 4656 ὲν
1039 4608 1160 4667 ταῖς
1193 4608 1436 4671 συνόδοις
1490 4612 1732 4680 ἀπαραι-

195 4699 352 4763 τήτως
379 4697 757 4766 συνέρχεσθαι⁸
782 4697 874 4748 καὶ
897 4699 1006 4758 τοῖς
1033 4699 1433 4766 καταφρονοῦσι
1461 4702 1558 4770 τῆς
1582 4720 1738 4756 συνε-

197 4787 407 4848 λεύσεως
444 4789 658 4842 ἀπειλεῖ
685 4789 1036 4857 κατάκρισιν.
1082 4790 1153 4841 To
1203 4793 1260 4843 δὲ
1332 4787 1470 4855 εἶδος
1531 4795 1734 4866 ταύτης

200 4881 248 4926 οὐ
278 4877 438 4942 λέγει.
477 4879 538 4928 ὐ
568 4877 753 4944 μέντοι
779 4877 833 4938 ς’
874 4878 1055 4930 κανὼν
1095 4881 1194 4948 τῆς
1251 4881 1489 4952 ἑϐδόμης
1515 4888 1734 4940 συνόδου

199 4969 304 5028 τοὺς
330 4969 418 5034 μὲν
447 4967 752 5029 κωλύοντας
782 4969 1047 5036 ἄρχοντας
1075 4970 1325 5036 γίνεσθαι
1365 4974 1459 5036 τὰς
1488 4976 1737 5046 ἐτησίους

205 5059 432 5118 συνόδους
469 5058 833 5127 ἀφορίζεσθαι
892 5059 1213 5130 διορίζεται,
1271 5064 1398 5126 τοὺς
1445 5065 1500 5116 δὲ
1568 5067 1738 5135 χωρὶς

200 5147 401 5212 εὐλόγου
434 5150 764 5218 προφάσεως
798 5149 1136 5216 ἀμελοῦντας
1188 5151 1395 5205 τούτων
1460 5172 1736 5225 μητροπο-

200 5235 336 5299 λίτας
367 5242 478 5299 τοίς
526 5242 837 5300 κανονικοίς
889 5241 1324 5294 καθυποόάλλειν
1415 5245 1732 5315 ἐπιτιμίοις.

202 5325 316 5377 Ποῖα
343 5327 395 5378 δὲ
445 5329 542 5379 καὶ
579 5327 700 5379 τίνα
727 5329 834 5380 elei.
859 5330 928 5381 τά
963 5335 1224 5399 ἐπιτίμια
1253 5332 1430 5400 ῥητῶς
1457 5336 1516 5386 ού
1542 5339 1741 5405 γέγρα-

202 5432 334 5468 πται.
373 5417 458 5480 Ὦς
494 5417 672 5470 ἔοικεν
709 5413 822 5481 οὖν,
883 5419 950 5471 τά
981 5420 1038 5470 tv
1091 5420 1170 5488 τῷ
1240 5422 1497 5489 ἀνωτέρω
1551 5425 1732 5476 κανόνι

203 5509 552 5577 περιεχόμενα
585 5511 748 5562 είσιν.
790 5509 1088 5577 Ἀνάγνωθι
1119 5512 1214 5563 καὶ
1267 5512 1359 5564 τὸν
1414 5513 1647 5583 ρηθέντα
1678 5513 1733 5578 ς’

201 5599 374 5649 κανόνα
424 5599 522 5667 τῆς
563 5595 607 5660 ς’
634 5597 870 5662 συνόδου,
907 5602 999 5652 καὶ
1065 5601 1156 5654 τὸν
1178 5601 1338 5654 ἕκτον
1379 5603 1475 5672 τῆς
1529 5607 1588 5657 tv
1649 5606 1726 5674 τῷ

202 5687 444 5758 Τρούλλῳ,
473 5691 568 5742 καὶ
600 5690 669 5742 τὰ
700 5692 759 5742 tv
821 5693 1025 5756 αὐτοῖς.

1839 3173 2095 3229 fraternis
2149 3172 2331 3225 verbis
2367 3170 2718 3237 castigentur.
2753 3168 2821 3220 At
2858 3182 3092 3234 praesens
3137 3181 3311 3220 canon
3342 3176 3396 3219 et

1841 3262 2074 3330 speciem
2131 3257 2570 3326 reprehensionis
2605 3255 2773 3317 addit,
2832 3255 3094 3306 mandans
3120 3255 3396 3321 coepisco-

1843 3365 1936 3417 pos
1969 3358 2024 3402 et
2047 3347 2352 3401 confratres
2383 3357 2568 3396 eorum
2595 3355 2718 3395 cttm
2746 3341 2810 3394 iis
2837 3355 2941 3393 non
2967 3340 3391 3400 communicare,

1841 3449 1933 3492 aut
1965 3452 2120 3490 sacra
2173 3435 2501 3488 celebrare:
2555 3433 2646 3484 sed
2710 3432 2763 3483 in
2825 3429 2957 3482 solis
3018 3429 3250 3498 prapriis
3282 3429 3395 3482 suis

1838 3527 2078 3582 ecclesiis
2113 3522 2475 3593 acquiescere,
2505 3530 2559 3576 et
2592 3522 2641 3573 in
2673 3521 2740 3574 iis
2779 3533 2969 3572 munus
3003 3519 3172 3573 obire.

2375 3609 2604 3663 CANON
2640 3607 2852 3661 LXXX.

1845 3722 1863 3755 ι
1900 3702 1973 3756 De
2018 3701 2331 3755 Cresconio.
2387 3700 2461 3752 De
2505 3700 2798 3752 Cresconio
2857 3697 3232 3752 Balarecensio
3287 3697 3388 3751 hoc

1911 3813 1930 3846 ι
1965 3793 2215 3848 omnibus
2259 3794 2434 3844 visum
2489 3799 2590 3856 est,
2623 3800 2680 3843 ut
2717 3792 2840 3844 hinc
2869 3803 3080 3859 quoque
3135 3789 3394 3842 Numidia:

1917 3901 1935 3933 ι
1972 3883 2188 3951 primati
2243 3882 2595 3949 significetur,
2622 3896 2728 3948 quo
2775 3882 2888 3945 ipse
2916 3880 3052 3933 sciat
3103 3895 3160 3934 se
3192 3880 3390 3933 debere

1915 3994 1933 4026 ι
1971 3985 2326 4029 memoratum
2379 3973 2730 4030 Cresconium
2763 3973 2874 4027 suis
2909 3973 3107 4025 litteris
3141 3973 3205 4024 ad
3256 3985 3386 4024 con-

1915 4083 1932 4116 ι
1979 4066 2302 4119 veniendum
2367 4065 2689 4128 adhortari;
2723 4072 2781 4116 ut
2837 4079 2940 4115 non
2975 4061 3189 4116 dillcrat
3239 4077 3389 4116 suam

1917 4175 1934 4207 ι
1972 4157 2226 4210 exhibere
2250 4156 2586 4224 prasentiam
2618 4155 2872 4224 proxima:
2897 4153 3159 4207 universa:
3188 4156 3393 4220 synodo

1913 4265 1932 4297 ι
1977 4245 2246 4298 Africanae
2282 4263 2294 4296 :
2327 4245 2408 4296 sin
2465 4252 2641 4296 autem
2677 4242 2864 4295 venire
2899 4241 3220 4307 neglexerit,
3255 4243 3392 4294 sciat

1926 4357 1943 4388 ι
1978 4351 2100 4393 esse
2129 4336 2390 4388 adversus
2415 4347 2474 4387 se
2502 4331 2771 4385 ferendam
2795 4332 3144 4384 sententiam.
3187 4350 3206 4382 ι

1911 4535 2106 4590 BALS.
2150 4534 2250 4588 Per
2295 4531 2640 4586 Cresconium
2676 4531 2898 4600 imponit
2949 4546 3119 4585 canon
3153 4535 3390 4587 necessi-

1837 4634 2000 4679 tatem
2033 4623 2322 4691 episcopis,
2355 4629 2410 4673 ut
2451 4621 2502 4673 in
2539 4619 2760 4688 synodis
2787 4620 3228 4675 iuexcusabiliter
3259 4637 3391 4676 con-

1838 4717 2107 4770 veniant:
2159 4728 2211 4769 et
2242 4718 2332 4780 iis,
2388 4715 2478 4784 qui
2519 4717 2806 4768 convenire
2855 4717 3150 4786 neglignut,
3197 4721 3395 4772 conde-

1841 4810 2168 4860 mnationem
2204 4808 2584 4861 comminatur.
2619 4803 2745 4872 Ejus
2796 4819 2973 4860 autem
3029 4808 3256 4861 formam
3285 4825 3391 4863 non

1837 4898 2113 4966 exprimit.
2165 4897 2268 4951 Sed
2325 4912 2493 4950 canon
2522 4896 2766 4966 Gsynodi
2811 4896 2841 4946 7
2899 4899 3244 4966 magistratus
3276 4901 3393 4966 qui-

1839 4989 1987 5050 dem,
2015 4989 2104 5054 qui
2143 4987 2448 5056 impediunt
2475 4988 2766 5054 quominus
2796 4987 2926 5041 liant
2959 5005 3150 5043 annua:
3180 4994 3388 5059 synodi,

1840 5079 2200 5145 segregandos
2261 5078 2501 5130 decernit
2536 5095 2549 5130 :
2583 5079 3027 5145 metropolitanos
3061 5091 3264 5143 autem,
3301 5084 3390 5148 qui

1839 5166 1962 5219 sine
1994 5168 2138 5234 justa
2189 5181 2351 5219 causa
2403 5166 2515 5219 haec
2565 5167 2864 5235 negligunt,
2908 5171 3186 5223 canonicis
3215 5173 3390 5239 panis

1837 5255 2211 5322 subjiciendus.
2274 5256 2468 5319 Quales
2523 5268 2698 5310 autem
2755 5268 2810 5311 et
2862 5274 3108 5327 quautam
3142 5264 3249 5314 sint
3300 5278 3376 5316 ea:

1838 5362 2032 5415 paenae,
2089 5360 2345 5413 expresse
2401 5347 2656 5414 scriptum
2718 5363 2819 5400 non
2868 5361 2968 5402 est.
3031 5348 3098 5404 Ut
3154 5363 3389 5421 estergo

1838 5437 2156 5497 verisimile,
2189 5449 2265 5489 eae
2324 5445 2446 5488 sunt
2475 5452 2592 5503 quae
2627 5439 2679 5489 in
2715 5440 2995 5504 superiore
3021 5456 3227 5495 canone
3256 5458 3388 5497 con-

1838 5528 2096 5581 tinentur.
2124 5524 2263 5595 Lege
2291 5537 2344 5579 et
2369 5526 2568 5579 dictum
2588 5542 2846 5580 canonem
2876 5529 2908 5580 6
2931 5534 3116 5599 synodi
3151 5539 3387 5600 septima)

1836 5622 1888 5664 et
1918 5628 2180 5668 canoneni
2209 5614 2241 5669 6
2274 5617 2460 5684 synodi
2496 5620 2546 5672 in
2577 5616 2782 5688 Trullo,
2818 5630 2871 5675 et
2901 5637 3017 5690 qua
3060 5624 3113 5678 in
3141 5625 3226 5680 bis
3247 5627 3380 5681 scri-

1839 5714 1926 5772 pta
1959 5714 2101 5759 sunt.
