4018 6310
568 340 670 404 291

1825 333 2096 396 THEOD.
2128 327 2521 392 BALSAMON

3676 341 3789 408 29?

639 445 890 501 ZONAR.
959 443 1058 498 Hic
1102 458 1317 514 quoque
1359 458 1555 506 canon,
1617 443 1865 510 quamvis
1913 441 1980 496 de
2018 456 2123 494 uno

2288 441 2536 494 ΣΩΝΑΡ.
2569 443 2676 495 Καὶ
2701 440 2858 506 οὗτος
2885 447 2910 496 ὀ
2943 446 3125 500 κανὼν
3177 445 3266 499 διὰ
3301 442 3396 498 τοῦ
3435 448 3555 512 ἐνὸς
3593 455 3790 506 τούτου

569 540 827 606 episeopo
880 539 1083 601 editus,
1116 536 1236 588 aliis
1284 533 1536 588 omnibus
1589 533 1654 585 ad
1686 534 1947 601 synodum
2014 533 2130 587 sine

571 627 677 677 ulla
717 640 940 692 prorsus
977 624 1418 691 tergiversatione
1461 622 1812 676 conveniendi
1839 622 2131 675 necessita-

571 728 672 770 tem
709 717 955 784 impauit,
987 731 1049 768 ac
1073 716 1137 767 iis
1169 714 1260 783 qui
1330 712 1516 766 venire
1557 712 1924 780 neglexerint,
1978 727 2128 766 com-

572 810 829 861 minatur.

570 898 733 968 615
789 897 1013 950 ARIS'I'.
1066 917 1082 946 ι
1146 895 1473 950 Cresconius
1509 894 1707 948 litteris
1739 893 1804 947 ad
1864 893 2128 962 synodum

656 1009 674 1040 ι
716 999 960 1048 vocatus,
1001 988 1100 1040 nisi
1130 1002 1188 1041 se
1224 988 1442 1048 stiterit,
1475 986 1613 1039 sciat
1655 988 1978 1038 sententiain
2003 998 2132 1038 con-

650 1099 667 1130 ι
704 1091 782 1131 tra
821 1094 877 1131 se
913 1078 1172 1130 edendam
1212 1077 1346 1129 fore.
1391 1095 1407 1125 ι
1447 1075 1782 1142 Perspicuae.

1104 1169 1188 1221 CA
1202 1166 1330 1219 iVON
1363 1165 1598 1219 LXXXI.

583 1284 600 1312 ι
643 1263 714 1314 De
777 1261 1118 1315 curatoribus
1174 1259 1429 1313 Ecclesia:
1493 1255 1866 1323 Hipponensis.
1924 1255 2134 1307 Rursus

659 1373 675 1402 ι
714 1353 933 1420 placuit,
964 1351 1218 1419 quoniam
1279 1348 1532 1402 Ecclesiae
1592 1346 1948 1412 Hipponensis
1977 1360 2136 1397 cura-

654 1465 671 1495 ι
714 1456 887 1496 torum
918 1442 1198 1496 destitutio
1233 1456 1334 1494 non
1361 1451 1445 1494 est
1471 1439 1673 1491 diutius
1699 1437 2047 1504 negligenda;
2082 1443 2138 1486 et

652 1549 669 1580 ι
711 1531 835 1599 quia
869 1530 1132 1591 ecclesiae,
1155 1544 1273 1595 qua:
1312 1527 1419 1578 illic
1448 1535 1593 1589 sunt,
1625 1524 1937 1577 detinentur
1969 1523 2038 1575 ab
2071 1522 2136 1574 iis

656 1640 672 1670 ι
716 1623 804 1685 ιιιιὶ
863 1622 1223 1688 prodigiosum
1262 1617 1463 1686 Ecytii
1513 1617 1946 1669 communionem
1981 1629 2136 1668 recu-

657 1728 671 1756 ι
719 1719 905 1761 saruut
945 1727 958 1761 :
997 1710 1176 1761 missis
1208 1723 1271 1760 ex
1311 1706 1556 1774 prrcsenti
1615 1705 1820 1774 synodo
1845 1703 2132 1772 episcopis,

648 1818 662 1847 ι
700 1799 962 1866 ltltegino,
997 1798 1210 1866 Alypio,
1249 1795 1569 1863 Augustino,
1596 1792 1859 1855 Materno,
1883 1791 2134 1856 Tlteasio,

653 1912 669 1939 ι
718 1891 938 1951 Evodio,
995 1888 1246 1942 Placiauo
1273 1927 1284 1948 ,
1323 1886 1558 1947 Urbano,
1614 1885 1845 1948 Valerio,
1874 1883 2130 1946 Ammbio,

646 1999 660 2029 ι
703 1979 1020 2041 Fortunato,
1078 1973 1475 2044 Quodvull'deo.
1511 1978 1804 2038 llouorato,
1856 1973 2135 2038 Januario,

653 2073 866 2137 «Apto,
920 2071 1218 2132 Houorato,
1268 2067 1531 2134 Ampelio,
1601 2063 1932 2129 Victoriano,
1965 2062 2141 2115 Evan-

659 2180 675 2208 ι
716 2162 833 2227 gelo
864 2171 917 2211 et
950 2159 1288 2225 Rogatiauo;
1321 2166 1375 2210 et
1403 2155 1740 2224 congregatis
1780 2170 1844 2208 ac
1877 2157 2138 2209 correctis

659 2252 810 2316 uiis,
844 2253 934 2318 qui
998 2249 1336 2316 vituperabili
1372 2247 1664 2316 pertinacia
1699 2245 1937 2312 ejusdem
1969 2243 2137 2314 Alcy-

658 2358 675 2388 ι
719 2341 773 2392 lii
808 2339 988 2406 fugam
1026 2340 1441 2408 exspectandam
1489 2352 1610 2391 esse
1656 2339 2138 2399 existimaverunt,

659 2448 677 2475 ι
721 2445 840 2482 cum
893 2429 1132 2480 onmium
1190 2429 1329 2481 votis
1357 2428 1422 2480 iis
1470 2427 1753 2495 episcopus
1794 2427 2044 2493 eligatur.
2085 2425 2143 2480 Si

658 2538 676 2569 ι
710 2528 887 2572 autent
929 2519 1097 2570 nolint
1125 2517 1197 2569 illi
1230 2517 1295 2570 de
1344 2531 1474 2584 pace
1503 2517 1736 2584 cogitare
1769 2556 1783 2580 ,
1806 2532 1872 2570 ne
1900 2517 2146 2578 nrwsulis

662 2628 677 2659 I
716 2608 964 2661 electioni
1020 2607 1454 2674 impedimentum
1532 2604 1797 2669 afferant,
1857 2606 2145 2673 quominus

663 2721 680 2750 ι
718 2703 995 2753 ordinetur
1040 2701 1105 2754 ad
1159 2700 1440 2753 utilitatem
1506 2699 1743 2753 ecclesiae
1788 2714 1905 2765 quae
1959 2698 2140 2750 tandiu

663 2812 680 2842 ι
725 2791 980 2846 destituta
1004 2805 1104 2846 est.
1136 2810 1154 2842 ι

2232 533 2536 586 ἐπισκόπου
2565 536 2810 605 ἀνάγκην
2849 538 3128 605 ἐπιτίθησι
3165 541 3274 600 τοῖς
3345 543 3672 606 επισκόποις
3709 547 3773 598 ἐν

2233 624 2354 684 ταῖς
2387 623 2628 686 συνόδοις
2667 627 3063 696 ἀπαραιτήτως
3113 634 3487 704 συνέρχεσθαι,
3528 638 3627 689 καὶ
3676 641 3794 699 τοῖς

2234 714 2635 781 καταφρονοῦσι
2667 716 2765 784 τῆς
2793 718 3156 782 συνελεύσεως
3185 723 3414 777 ἀπειλεῖ.

2235 878 2457 933 ΑΡΙΣΤ.
2496 898 2514 929 ι
2571 880 2869 951 Γρὰμμασι
2903 883 3125 952 κληθεὶς
3157 888 3234 947 εἰς
3265 887 3364 954 τὴν
3401 887 3615 941 σύνοδον
3647 889 3796 957 Κρε-

2311 989 2327 1019 ι
2385 970 2634 1035 σκὼνιος,
2670 975 2720 1026 εί
2749 975 2823 1045 μὴ
2850 978 3258 1047 παραγένηται,
3297 978 3429 1032 ἴττω
3457 979 3633 1048 ψῆφον
3666 980 3794 1032 κατ’

2314 1079 2331 1109 ι
2374 1061 2539 1113 αὑτοῦ
2570 1066 3120 1137 ὲκφωνηθησομένην.
3159 1091 3176 1120 ι
3207 1071 3432 1139 Σαφῆς.

2814 1162 3049 1215 ΚΔΝΩΝ
3085 1165 3211 1215 [ΙΝ.

2242 1270 2257 1298 ι
2307 1249 2440 1318 Περὶ
2473 1249 2582 1302 τῶν
2619 1253 2674 1301 ἐν
2719 1250 2939 1304 Ἰππῶνι
2974 1251 3308 1320 φροντιστῶν
3342 1251 3440 1317 τῆς
3474 1251 3797 1320 ἐκκλησίας.

2312 1359 2328 1389 ι
2378 1341 2545 1394 Πάλιν
2585 1343 2799 1410 ἤρεσεν,
2841 1341 2948 1404 ἵνα,
2991 1343 3179 1411 ἐπειδὴ
3219 1343 3316 1410 τῆς
3355 1341 3649 1410 ἐκκλησίας
3686 1344 3802 1394 τῶν

2315 1449 2331 1481 ι
2381 1431 2438 1482 ἐν
2508 1432 2730 1483 Ἰππῶνι
2784 1432 3118 1500 φροντιστῶν
3166 1434 3198 1501 ἡ
3260 1432 3638 1498 ἐγκατάλειψις
3700 1433 3804 1485 οὐκ

2315 1540 2330 1570 ι
2379 1522 2580 1589 ὀφείλει
2615 1521 2843 1572 ἐπιπολὺ
2871 1521 3228 1590 ἀμεληθῆναι,
3261 1526 3350 1573 καὶ
3383 1523 3572 1592 ἐπειδὴ
3599 1523 3655 1574 οἱ
3682 1526 3806 1576 ἐκεῖ

2316 1641 2331 1663 ι
2380 1613 2661 1681 ἐκκλησίαι
2692 1613 3009 1681 κατέχονται
3038 1615 3185 1683 παρὰ
3220 1615 3314 1682 τὴν
3343 1615 3538 1666 ἄτοπον
3575 1613 3667 1666 τοῦ
3701 1616 3800 1666 Αί-

2316 1724 2331 1753 c
2379 1705 2561 1756 κυτίου
2585 1706 2866 1757 κοινωνίαν
2887 1706 3382 1773 παραιτησαμένων
3401 1721 3415 1736 ·
3445 1705 3806 1772 πεμφθέντων

2323 1816 2337 1846 ι
2385 1798 2445 1847 ἐκ
2475 1795 2571 1861 τῆς
2603 1796 2878 1865 παρούσης
2907 1796 3120 1847 συνόδου
3150 1797 3482 1860 ἐπισκόπων,
3522 1795 3801 1863 Ῥηγίνου,

2321 1907 2339 1938 ‹
2385 1887 2660 1951 Ἀλυπίου,
2678 1887 3062 1953 Αὑγουοτίνου,
3080 1888 3383 1956 Ματέρνου,
3406 1884 3652 1939 Θεασίου.
3676 1885 3808 1937 Ebo-

2322 1998 2338 2028 ι
2389 1979 2524 2041 δίου,
2544 1977 2875 2039 Π>.ακιανοῦ,
2892 1976 3196 2044 Ούρὸανοῦ,
3213 1976 3482 2044 Βαλερίου.
3504 1977 3804 2044 Ἀμοιὸίου,

2321 2083 2337 2114 ι
2381 2064 2796 2131 Φουρτουνὰτου,
2829 2064 3296 2126 Κουοδϐουλτδέου,
3342 2065 3663 2131 ’ονωράτου,
3698 2063 3806 2115 Ία-

2327 2173 2343 2204 ι
2392 2155 2664 2223 νουαρίου,
2697 2154 2923 2218 Ἀπτου,
2942 2154 3263 2222 Ὁνωρᾶτον,
3282 2153 3592 2221 Ἀμπελίου,
3615 2155 3808 2205 Βικτο-

2326 2262 2344 2293 ι
2395 2243 2599 2313 ριανοῦ,
2631 2244 2969 2310 Εὐαγγέλλου
3012 2245 3104 2296 καὶ
3143 2243 3485 2311 Ῥογατιανοῦ
3508 2260 3522 2274 ο
3557 2245 3650 2295 καὶ
3682 2261 3810 2296 συν·-

2325 2354 2341 2383 ι
2381 2335 2653 2402 αχθέντων
2677 2333 2769 2385 καὶ
2797 2332 3184 2402 διορθωθέντων
3204 2335 3313 2385 τῶν
3329 2333 3570 2402 ὲπιψῦγῳ
3591 2351 3785 2403 μονοτο
3800 2363 3812 2372 ο

2327 2444 2343 2474 ι
2392 2424 2478 2492 vi;
2506 2422 2602 2490 τὴν
2627 2421 2801 2489 φυγὴν
2829 2419 2920 2471 τοῦ
2939 2419 3103 2472 αὑτοῦ
3130 2421 3382 2472 Αίτκυτίου
3410 2417 3810 2489 προσδοκητέαν

2333 2534 2350 2563 ι
2403 2511 2792 2580 λογισαμένων,
2819 2509 2955 2579 μετὰ
2976 2512 3072 2578 τῆς
3094 2511 3308 2562 πάντων
3327 2509 3490 2577 εὐχῆς
3513 2508 3810 2567 ἐπίσκοπος

2330 2624 2346 2653 ι
2393 2603 2602 2664 τούτοις
2658 2601 3023 2671 χειροτονηθῇ.
3094 2600 3215 2652 Ἐὰν
3272 2600 3328 2652 δέ
3388 2600 3460 2669 μὴ
3513 2600 3810 2666 θελήσωσιν

2332 2715 2348 2745 ι
2399 2695 2593 2746 ἐκεῖνοι
2617 2695 2713 2763 τὴν
2735 2692 2956 2761 εἰρήνην
2978 2692 3328 2757 κατανοῆσαι,
3385 2693 3459 2760 μὴ
3479 2689 3808 2756 ἐμποδίσωσι

2331 2805 2348 2834 ι
2395 2789 2459 2856 τῇ
2493 2786 2719 2854 ἐπιλογῇ
2748 2784 2842 2836 τοῦ
2874 2781 3156 2852 προέδρου,
3185 2782 3318 2851 πρὸς
3347 2781 3405 2831 τὸ
3434 2779 3803 2849 χειροτονηθῆ-

2331 2895 2348 2926 ι
2397 2895 2486 2928 ναι
2531 2875 2607 2937 είς
2651 2874 3030 2944 χρησιμότητα
3067 2873 3292 2947 τῆς-ἐπὶ
3330 2870 3579 2925 τοσοῦτον
3623 2871 3817 2940 χρόνον

2332 2987 2350 3019 ι
2395 2967 2911 3034 ἐγκαταλειφθείσης
2941 2964 3106 3034 ἐκκλη
3120 2966 3252 3026 πίας.

661 3051 855 3106 BALS.
892 3052 1015 3104 Duae
1045 3061 1171 3105 sunt
1204 3050 1364 3104 urbes
1400 3051 1452 3103 in
1498 3049 1699 3112 Africa,
1728 3063 1846 3116 quae
1875 3047 2145 3115 Hippones

2324 3059 2513 3110 ΒΔΛΣ.
2541 3056 2642 3107 Δύο
2667 3056 2846 3116 πόλεις
2872 3056 3006 3106 εἰσὶν
3026 3056 3103 3114 είς
3141 3052 3400 3123 Ἀφρικὴν
3433 3051 3693 3112 Ἱππῶνες
3718 3069 3818 3106 κα-

593 3158 874 3198 voeautnr.
920 3145 976 3196 lu
1008 3161 1110 3196 una
1143 3159 1330 3197 earum
1393 3153 1509 3195 erat
1565 3141 1808 3208 Equitius
1837 3141 2141 3210 cpiscolius.

593 3236 655 3291 Et
685 3241 808 3305 quia
850 3235 1090 3288 nonnulli
1146 3238 1407 3288 adversus
1460 3248 1580 3285 cum
1628 3233 2056 3295 insurrexerunt,
2095 3242 2150 3285 et

590 3347 712 3383 cum
748 3345 811 3383 eo
843 3330 1277 3383 communionem
1313 3337 1649 3391 recusarunt,
1678 3341 1798 3394 qua:
1823 3325 2024 3378 incerta
2057 3341 2147 3379 seu

594 3421 862 3483 informis,
923 3428 1082 3486 atque
1141 3420 1274 3473 adeo
1342 3418 1534 3486 injusta
1563 3418 1795 3479 dicitur;
1853 3417 2024 3469 visum
2067 3424 2152 3468 est

593 3509 740 3573 ipsos
793 3523 886 3574 per
926 3515 1186 3573 quosdam
1219 3508 1487 3559 antistites
1511 3506 1766 3557 refrenari
1800 3522 1812 3556 :
1856 3506 1936 3557 sin
1970 3513 2148 3557 autem

594 3613 777 3667 pacem
807 3597 997 3661 nolint,
1029 3595 1191 3648 alium
1220 3595 1340 3663 eligi
1380 3596 1714 3664 episcopum.

668 3688 922 3742 ZONAH.
970 3687 1178 3756 llippon
1212 3686 1473 3741 Numidiae
1509 3688 1700 3742 civitas
1750 3697 1832 3742 est
1862 3706 1874 3741 :
1910 3687 2152 3740 Numidia

597 3795 723 3833 \‘et'o
778 3778 1044 3830 Africanae
1095 3778 1264 3844 regio.
1321 3775 1455 3830 Cum
1518 3787 1698 3830 autem
1737 3777 1856 3830 duae
1887 3784 2068 3829 essent
2102 3775 2153 3827 in

596 3871 780 3921 Ali-ita
809 3871 990 3931 urbes,
1025 3867 1281 3935 llippouis
1341 3868 1592 3932 nomine;
1640 3867 1691 3920 in
1750 3869 1937 3919 harum
1985 3869 2154 3919 altera

598 3960 847 4027 liquitius
880 3961 1249 4027 episcopatum
1286 3960 1523 4025 gerebat.
1582 3957 1711 4010 Eum
1747 3957 2012 4020 nonnulli,
2047 3971 2146 4023 po-

599 4051 876 4120 pularibus
927 4065 1141 4118 quoque
1173 4048 1364 4102 studiis
1417 4049 1653 4114 subnixi,
1701 4053 2048 4103 vehementer
2077 4050 2158 4100 in-

598 4139 968 4202 sectabantur,
1015 4138 1266 4206 illiusque
1293 4139 1724 4191 communionem
1756 4177 1769 4201 ,
1797 4153 1952 4205 quam
1990 4136 2158 4190 infor-

603 4242 765 4291 mem,
795 4235 1078 4295 propterea
1110 4225 1254 4294 quod
1285 4241 1316 4279 a
1339 4226 1544 4295 synodo
1579 4227 1797 4278 minime
1821 4227 2032 4279 decreta
2069 4232 2161 4277 aut

601 4317 802 4369 indicta
863 4322 1031 4380 esset,
1079 4315 1316 4384 synodus
1352 4314 1656 4382 appellavit,
1711 4312 2044 4380 rejiciebant.
2081 4311 2158 4363 Ad

2251 3149 2526 3217 λούμεναι.
2555 3146 2769 3198 Τούτων
2793 3146 2848 3196 ἐν
2879 3146 2973 3214 μιᾷ
3001 3143 3248 3205 Δίκύτιος
3272 3145 3564 3205 ἐπίσκοπος
3587 3137 3676 3212 ἦν.
3705 3144 3816 3195 Καὶ

2250 3240 2369 3290 ἐπεί
2408 3256 2546 3301 τινες
2579 3238 2957 3303 ἐπανέστησαν
2989 3235 3082 3286 καὶ
3121 3239 3508 3304 παρῃτήσαντο
3545 3235 3641 3304 τὴν
3676 3237 3818 3301 μετὰ

2250 3329 2438 3382 τούτου
2485 3327 2789 3387 κοινωνίαν,
2842 3327 2939 3394 τὴν
2982 3326 3076 3378 καὶ
3103 3324 3305 3378 ἄτυλον
3347 3325 3651 3393 κληθεῖσαν,
3697 3326 3818 3391 ﬂeor.

2252 3421 2531 3472 ἀτύπωτον
2574 3419 2665 3471 καὶ
2723 3417 2786 3471 ἇδ
2812 3433 2927 3479 κον,
2973 3415 3119 3478 εδοξε
3178 3415 3263 3467 διά
3307 3433 3465 3468 τινων
3517 3417 3821 3484 ἀρχιερέων

2253 3509 2618 3576 ἀνασταλῆναι
2667 3507 2862 3579 αύτούς
2889 3523 2900 3535 ’
2953 3506 3082 3557 εἰδὲ
3120 3506 3217 3572 τὴν
3266 3505 3489 3574 εἰρήνην
3531 3507 3605 3573 μὴ
3655 3505 3819 3573 Θελή-

2256 3613 2425 3658 σουσι,
2461 3595 2831 3664 χειροτονῆσαι
2866 3594 3155 3646 ἐπίσκοπον
3188 3593 3394 3661 ἕτερον.

2327 3687 2568 3738 ΖΩΝΑΡ.
2641 3684 2843 3736 Ὶππὼν
2902 3686 2996 3751 τῆς
3055 3684 3365 3753 Νουμηδίας
3419 3684 3567 3744 πόλις
3626 3683 3815 3735 ἐστίν’

2258 3779 2291 3844 ἡ
2321 3778 2377 3829 δέ
2415 3776 2697 3845 Νουμηδία
2740 3778 2901 3842 μοῖρα
2929 3774 3026 3842 τῆς
3073 3774 3357 3843 Ἀφρικῆς.
3390 3774 3491 3826 Δύο
3523 3774 3574 3825 δὲ
3597 3757 3736 3842 ἦσαν
3758 3776 3819 3824 ἐν

2259 3873 2392 3939 αὐτῇ
2443 3872 2620 3930 πόλεις
2660 3870 2925 3930 Ἱππῶνες
2968 3868 3314 3936 καλούμεναι,
3363 3867 3566 3920 τούτων
3614 3869 3674 3918 ἐν
3718 3869 3820 3936 ι..ιᾷ

2262 3960 2509 4020 Αίκύτιος
2538 3961 2834 4020 ἐπίσκοπος
2860 3954 2946 4026 ἦν,
2974 3951 3016 4024 ᾧ
3040 3958 3413 4026 ἐπανέστησαν
3432 3974 3597 4019 τινες,
3623 3954 3702 4018 οἷς
3725 3957 3822 4008 καὶ

2265 4051 2448 4100 πολλοὶ
2481 4048 2572 4100 τοῦ
2595 4047 2725 4099 λαοῦ
2756 4047 3198 4116 συνυπήχθησαν,
3227 4048 3696 4115 παραιτησάμενοι
3721 4045 3822 4112 τὴν

2259 4139 2423 4191 αὑτοῦ
2455 4138 2755 4201 κοινωνίαν,
2787 4137 2854 4207 ῆν
2883 4137 3085 4188 ἆτυπον
3119 4140 3150 4207 ἡ
3181 4138 3390 4198 σύνοδος
3415 4137 3714 4205 ὠνόμασεν,
3743 4137 3822 4197 ὠς

2265 4235 2338 4297 μὴ
2387 4228 2692 4297 ὁρισθεῖσαν
2728 4228 2820 4277 καὶ
2867 4227 3206 4278 τυπωθεῖσαν
3251 4228 3404 4295 παρὰ
3441 4229 3674 4279 συνόδου.
3723 4226 3824 4278 Διὰ

2264 4321 2392 4387 γοῦν
2427 4321 2522 4388 τὴν
2551 4318 2803 4386 τοιαύτην
2835 4320 3023 4370 στάσιν
3058 4316 3200 4382 ἔδοξε
3237 4317 3494 4384 σταλῆναι
3523 4333 3671 4377 τινας
3706 4318 3825 4366 ἐκει

599 4417 721 4456 eam
771 4419 899 4472 ergo
951 4404 1274 4456 seditionem
1320 4404 1723 4471 opprimendam
1757 4402 2015 4470 quosdam
2048 4400 2148 4468 epi-

2264 4412 2366 4462 τῶν
2397 4410 2728 4474 ἐπισκόπων,
2765 4411 2851 4461 ἵνα
2877 4450 2890 4471 ,
2924 4411 2972 4460 εί
3002 4409 3268 4469 δυναίντο,
3301 4406 3695 4476 διορθώσωνται
3719 4404 3823 4474 τὴν

599 4509 794 4562 scopas
829 4509 894 4547 ex
936 4495 1038 4548 hoc
1069 4494 1186 4547 loco
1214 4495 1503 4546 mittendos
1532 4509 1651 4547 esse
1683 4506 2032 4556 censuerunt,
2079 4503 2157 4555 ut,

598 4584 642 4636 si
686 4583 800 4636 ﬁeri
854 4584 1042 4651 possit.
1073 4582 1303 4635 tumultu
1344 4583 1567 4646 sedato,
1603 4582 1922 4636 dissidentes
1974 4583 2160 4638 conci-

598 4675 769 4740 lient;
834 4675 916 4728 vel
972 4675 1014 4728 si
1072 4675 1122 4728 id
1169 4674 1346 4726 minus
1413 4674 1732 4738 obtineant,
1779 4674 2135 4742 Hipponensis

605 4768 858 4820 Ecclesiae
894 4768 1112 4820 utilitati
1146 4766 1509 4829 consulentes,
1543 4781 1658 4831 qua:
1685 4767 1885 4832 jamdiu
1922 4765 2156 4828 deserta,

603 4857 706 4908 hoc
751 4865 855 4920 est,
904 4871 931 4906 a
965 4869 1062 4907 suo
1097 4854 1348 4908 antistite
1378 4855 1631 4906 destituta
1675 4863 1779 4917 est,
1815 4854 2049 4922 aliquem
2082 4853 2161 4906 in-

600 4947 758 4996 terim
794 4946 846 4995 ln
888 4958 950 4996 ea
980 4946 1295 5011 episcOputn
1328 4945 1684 4995 constituant.

597 5034 824 5090 ARIST.
868 5052 886 5084 ι
925 5033 1108 5088 Visum
1141 5045 1244 5098 est,
1291 5043 1346 5086 ut
1378 5045 1498 5102 post
1530 5033 1726 5103 Equitii
1760 5037 2161 5091 condemnatio-

676 5145 695 5175 ι
735 5140 854 5177 nent
886 5127 1123 5178 omnium
1152 5126 1291 5178 votis
1321 5126 1604 5193 cpiscopus
1639 5126 1863 5196 llippoui
1903 5129 2162 5196 praeficia-

677 5235 696 5267 ι
735 5229 851 5271 tur:
873 5226 928 5270 et
958 5217 1043 5269 isti
1077 5231 1409 5283 nequaquam
1435 5217 1726 5286 impediant
1748 5220 1876 5286 quin
1908 5220 1957 5270 in
1979 5217 2162 5273 Eccle-

679 5329 694 5358 ι
746 5310 823 5362 sia
860 5307 1054 5375 praesul
1081 5309 1378 5361 ordinetur.
1412 5327 1430 5357 ι

669 5483 930 5539 Omnibus
986 5486 1205 5554 placuit,
1238 5493 1296 5539 ut
1336 5485 1389 5538 in
1423 5483 1681 5553 llipponis
1738 5489 2028 5543 Ecclesiatn
2064 5505 2149 5541 or-

612 5576 891 5628 dinaretur
943 5579 1231 5647 episcopus
1265 5579 1518 5646 episcopo
1554 5579 1698 5632 illius
1737 5579 1950 5647 Equitio
1991 5583 2156 5648 depo-

605 5669 734 5731 sito,
763 5677 817 5721 et
851 5669 1027 5723 nullos
1066 5686 1251 5726 eorum
1285 5674 1376 5740 qui
1415 5671 1462 5724 ei
1501 5674 1927 5727 adversabantur
1990 5674 2161 5743 impe-

2264 4505 2451 4556 στάσιν
2473 4540 2487 4566 ,
2528 4501 2619 4553 καὶ
2656 4500 3029 4565 καταλλάξωσι
3060 4499 3184 4557 τοὺς
3225 4497 3654 4556 στασιάσανταςο
3687 4497 3734 4545 εί
3764 4494 3823 4545 δὲ

2265 4595 2338 4662 μὴ
2373 4594 2548 4656 τοῦτο,
2583 4593 3000 4662 χειροτονήσωσι
3024 4589 3159 4650 τέως
3187 4588 3481 4640 ἐπίσκοπον
3521 4588 3597 4648 είς
3629 4601 3824 4654 χρησιο

2265 4684 2468 4749 μότητα
2498 4683 2596 4750 τῆς
2624 4685 2681 4734 ἐν
2732 4677 2954 4731 Ἱππῶνι
2987 4678 3308 4747 ἐκκλησίας,
3361 4679 3528 4747 ἤγουν
3564 4678 3640 4736 είς
3669 4674 3825 4740 ὠφέ-

2258 4775 2408 4824 λειαν
2454 4774 2551 4841 τῆς
2592 4773 2684 4824 ἐπὶ
2727 4771 2891 4823 πολὺν
2939 4769 3126 4839 χρόνον
3177 4768 3649 4838 καταλειφθείσης,
3700 4766 3821 4834 ῆτοι

2261 4865 2427 4933 χωρὶς
2463 4863 2760 4914 ἐπισκόπου
2795 4861 2978 4930 ούσης.

2258 5039 2477 5091 ΑΡΙΣΤ.
2547 5057 2566 5090 ι
2620 5038 2804 5103 Ἔδοξε
2843 5040 2980 5108 μετὰ
3026 5040 3124 5108 τὴν
3162 5037 3418 5091 Αξκυτίου
3459 5034 3820 5101 κατάκρισιν,

2337 5145 2353 5176 ι
2405 5129 2537 5195 μετὰ
2577 5129 2677 5197 τῆς
2707 5130 2925 5182 πάντων
2967 5130 3128 5196 εὐχῆς
3153 5128 3451 5178 ἐπίσκοπον
3477 5126 3575 5193 τῆς
3601 5127 3659 5176 ἐν
3707 5123 3823 5175 Ἱπ-

2336 5236 2352 5266 ι
2403 5219 2542 5270 πῶνι
2579 5220 3044 5290 προχειρισθῆναι,
3085 5218 3176 5270 καὶ
3208 5217 3473 5285 μηδαμῶς
3500 5217 3694 5275 αὐτοὺς
3720 5217 3826 5280 ἐμ·

2335 5329 2352 5359 ι
2402 5308 2616 5360 ποδίσαι
2675 5312 2753 5374 εἰς
2816 5308 2876 5360 τὸ
2935 5306 3376 5376 χειροτονηθῆναι
3441 5305 3699 5375 πρόεδρον
3757 5305 3824 5371 τῇ

2335 5422 2352 5452 ι
2402 5401 2681 5471 ἐκκλησίᾳ.
2744 5420 2762 5451 ι

2336 5493 2538 5560 Ἥρεσε
2574 5494 2735 5543 πᾶσιν
2765 5494 2843 5551 είς
2874 5489 2967 5557 τὴν
3004 5491 3059 5540 ἐν
3107 5490 3334 5542 Ἰππῶνι
3364 5488 3660 5555 ἐκκλησίαν
3691 5504 3827 5554 προ-

2261 5583 2596 5652 χειρισθῆναι
2651 5582 2946 5633 ἐπίσκοπον
2998 5580 3090 5632 τοῦ
3137 5582 3436 5633 ἐπισκόπου
3480 5578 3676 5646 ταύτης
3731 5578 3827 5630 τοῦ

2264 5672 2518 5725 Αἱκυτίου
2572 5672 3005 5738 καθαιρεθέντος,
3053 5672 3142 5722 καὶ
3192 5675 3263 5741 μή
3317 5687 3471 5732 τινας
3523 5671 3631 5723 τῶν
3674 5670 3825 5720 ἀντι-
