4018 6310
219 327 313 388 993

1179 333 1258 393 IN
1294 335 1456 395 CAN.
1508 334 1808 394 LXXXIII
1845 333 2052 395 CONC.
2086 333 2454 392 CAII'I‘IIAG.

3327 331 3433 392 294

220 438 540 507 ποιουμένων
569 439 778 492 ἐκείνου
815 441 1100 509 ἐμποδίσαι
1127 445 1204 504 είς
1230 444 1289 496 τὸ
1320 446 1760 512 χειροτονηθῆναι

1870 444 2019 505 dire,
2076 443 2365 512 quominus
2430 441 2494 494 ad
2580 441 2851 508 Ecclesia),
2912 443 3096 496 landiu
3179 443 3432 510 episcopo

220 529 504 580 ἐπίσκοπον
533 531 612 591 είς
645 530 908 596 ὠφέλειαν
938 532 1034 598 τῆς
1067 533 1377 603 ἐκκλησίας,
1410 533 1508 598 τῆς
1547 533 1643 584 ἐπὶ
1681 550 1769 584 το-

227 619 402 673 σοῦτον
429 621 622 689 χρόνον
659 622 825 690 χωρὶς
859 623 1160 674 ἐπισκόπου
1195 624 1662 693 καταλειφθείσης.

807 713 1044 764 ΚΑΝΩΝ
1078 712 1198 765 IIB'.

231 819 240 849 l
285 803 415 870 Περὶ
443 802 551 852 τῶν
584 802 658 869 μὴ
689 803 1082 870 φροντιζόντων
1113 804 1390 872 κληρικῶν
1417 805 1566 866 ἐντὸς
1592 807 1771 856 ἐνιαυ-

290 913 305 943 ι
352 891 441 942 τοῦ
464 892 670 958 πρᾶξαι
696 893 755 944 τὸ
777 893 910 945 ἴδιον
934 897 1179 961 πρᾶγμα.
1212 897 1376 947 Πάλιν
1407 895 1637 963 ὡρίσθη,
1667 895 1770 958 ῗνι,

293 1000 309 1031 ι
352 983 536 1042 ὁσάκις
565 982 843 1051 κληρικῶν
867 984 1248 1052 ἐλεγχθέντων,
1273 989 1364 1038 καί
1388 987 1772 1054 καταθεμένων

286 1091 301 1119 ι
345 1073 463 1121 τινα
490 1073 807 1139 ἐγκλήματα
828 1073 936 1125 εἴτε
969 1075 1056 1126 διὰ
1084 1075 1142 1127 τὸ
1174 1077 1272 1144 τῆς
1305 1078 1596 1145 ἐκκλησίας
1631 1077 1772 1127 tam.

288 1183 302 1210 ι
349 1162 434 1223 δος
459 1163 566 1212 εἴτε
597 1163 683 1214 διὰ
705 1165 802 1232 τὴν
834 1164 1236 1234 αἰδεσιμότητα,
1266 1161 1359 1235 (ὧν
1383 1169 1542 1235 χάριν
1565 1173 1771 1228 τουτοις

287 1268 302 1297 ι
347 1251 556 1315 γίνεται
583 1252 795 1318 φειδὼ),
827 1254 935 1304 εἴτε
957 1254 1043 1305 διὰ
1068 1255 1164 1321 τὴν
1182 1257 1409 1317 ἀλαζόνα
1440 1257 1546 1308 τῶν
1575 1257 1774 1327 αἱρετι-

287 1363 303 1394 ι
350 1346 458 1396 κῶν
503 1347 600 1396 καί⁵
631 1347 855 1398 ἐθνικῶν
896 1349 1302 1417 ἐπιγαυρίασιν,
1340 1351 1454 1413 ἐὰν,
1497 1351 1569 1411 ὡς
1605 1352 1771 1414 εἰκὸς,

288 1453 302 1480 ι
347 1436 784 1501 ἐπαγωνίσασθαι
815 1435 889 1503 τῷ
923 1437 1037 1505 ίδίῳ
1066 1440 1371 1506 πράγματι,
1399 1442 1488 1491 καὶ
1515 1440 1609 1508 τῆς
1643 1441 1776 1502 ιδίας

291 1543 305 1574 ι
353 1526 638 1586 ἀϐλαεείας
667 1527 946 1592 φροντίσαι
971 1528 1286 1597 θελήσωσιν,
1313 1531 1459 1590 ἐντὸς
1482 1533 1776 1600 ἀκοινωνη-

289 1635 304 1666 ι
353 1619 468 1678 σίας
511 1615 755 1667 ἐνιαυτοῦ
807 1617 963 1668 τοῦτο
1011 1619 1338 1685 ποιήσωσιν·
1391 1621 1486 1672 ἐὰν
1533 1620 1585 1672 δὲ
1628 1619 1776 1680 ἐντὸς

287 1726 303 1755 ι
349 1706 588 1757 ἐνιαυτοῦ
613 1711 674 1756 τὸ
709 1709 936 1774 πρᾶγμα
967 1707 1148 1760 αὐτῶν
1177 1707 1411 1776 καθᾶραι
1436 1710 1779 1777 καταφρονή-

289 1814 304 1846 ι
353 1813 481 1847 σωσι
515 1795 751 1863 μηδεμία
771 1795 974 1847 τούτων
1001 1797 1090 1848 τοῦ
1114 1797 1297 1850 λοιποῦ
1329 1800 1476 1868 φωνὴ
1498 1799 1773 1860 παντελῶς
1809 1781 1850 1837 Β

289 1907 304 1938 ι
353 1887 724 1956 προσδεχθείη.

282 1979 470 2030 ΒΛΛΣ.
508 1977 566 2029 Ὀ
589 1977 776 2046 παρὼν
797 1976 978 2030 κανὼν
1000 1979 1288 2048 διορίζεται
1308 1981 1433 2043 τοῦς
1457 1982 1768 2051 κληρικοὺς,

219 2071 334 2129 τοὺς
377 2069 464 2120 διὰ
496 2083 620 2120 τινα
664 2068 982 2136 ἐγκλήματα
1015 2068 1368 2138 ἐλεγχθέντας
1394 2109 1407 2132 ,
1441 2071 1560 2140 ἤτοι
1600 2089 1773 2126 κατα·

223 2160 660 2228 μαρτυρηθέντας
692 2159 797 2210 ἀπὸ
829 2158 1172 2228 προλήψεως,
1207 2161 1519 2228 φροντίζειν
1550 2161 1643 2214 τοῦ
1676 2179 1772 2214 πε-

225 2251 521 2316 ρατωθῆναι
544 2250 640 2310 τὰς
665 2251 783 2302 κατ’
805 2250 980 2300 αὐτῶν
1009 2251 1292 2310 ὑποθέσεις
1316 2252 1463 2313 ἐντὸς
1487 2253 1732 2304 ἐνιαυτοῦ
1756 2268 1770 2282 °

223 2341 266 2390 εί
292 2339 345 2390 δὲ
377 2339 472 2407 μὴ.
509 2339 916 2391 ἀποκλείεσθαι.
948 2339 1130 2390 Ταῦτα
1154 2339 1210 2390 δὲ
1244 2342 1342 2390 οὐκ
1370 2340 1653 2406 ἐνεργοῦσι
1684 2343 1775 2410 σή-

224 2445 395 2497 μερον,
429 2429 517 2481 διὰ
562 2429 622 2479 τὸ
655 2430 762 2479 ἀπὸ
794 2428 1064 2498 διαφόρων
1098 2430 1325 2497 Νεαρῶν
1354 2432 1531 2483 πᾶσαν
1581 2431 1774 2500 ἐγκλη-

224 2519 448 2588 ματικὴν
515 2518 771 2570 ὑπόθεσιν
842 2521 920 2579 εἰς
981 2519 1200 2588 διηνεκῆ
1270 2522 1460 2590 χρόνον
1527 2523 1774 2574 ἐπεκτεί-

225 2607 420 2662 νεσθαι.
582 2675 586 2678 η

283 2698 520 2750 ΖΩΝΔΡ.
567 2698 692 2749 Ἐὰν
724 2699 974 2767 κληρικοὶ
1012 2700 1428 2768 κατηγορῶνται
1453 2699 1541 2751 ἐπ’
1576 2701 1773 2763 αἰτίαις

223 2790 604 2852 ἐκδαλλούσαις
638 2792 829 2852 αὐτοὺς
859 2792 952 2843 τοῦ
995 2791 1222 2860 κλήρου,
1254 2793 1317 2843 δι’
1344 2792 1408 2855 ἃς
1448 2795 1538 2845 καὶ
1574 2793 1772 2855 ὄνειδος

219 2881 309 2947 τῆς
345 2883 666 2948 Ἐκκλησίας
703 2885 861 2941 εἰσὶν,
898 2884 970 2944 ὼς
1001 2883 1075 2951 μὴ
1102 2883 1280 2943 καλῶς
1321 2884 1579 2952 βιοῦντες,
1611 2887 1775 2937 ἀπαι-

219 2973 296 3020 τεῖ
343 2973 535 3033 αὐτοὺς
578 2976 606 3024 ὁ
653 2974 831 3025 κανὼν
863 2976 1010 3034 ἐντὸς
1043 2975 1288 3024 ἐνιαυτοῦ
1327 2974 1774 3038 ἐπαγωνίσασθαι

222 3062 443 3128 καθᾶραι
475 3063 700 3122 ἐαυτοίδς
732 3065 828 3128 τῆς
862 3063 1218 3129 κατηγορίας,
1252 3061 1360 3112 εἴτε
1389 3061 1476 3112 διὰ
1503 3064 1600 3129 τὴν
1635 3062 1774 3114 αίδε-

221 3150 490 3218 σιμότητα,
529 3153 695 3220 ήγουν
723 3152 782 3201 τὸ
814 3152 1029 3218 ἔντιμον
1053 3151 1160 3202 τῶν
1185 3151 1409 3218 βαθμῶν
1427 3151 1520 3202 τοῦ
1543 3152 1768 3219 κλήρου,

219 3240 278 3289 ὅτ’
307 3241 333 3290 ὅ
363 3241 452 3293 καὶ
486 3242 784 3306 φείδονται,
815 3241 902 3291 ἵνα
946 3240 1018 3308 μή
1049 3241 1384 3309 ἀτιμάζηται
1419 3243 1450 3308 ή
1485 3243 1771 3310 ἱερωσύνη,

225 3331 350 3394 ῆδτὰ
376 3332 436 3381 τὸ
470 3331 545 3399 μὴ
586 3334 1015 3398 κατεπαίρεσθαι
1047 3333 1170 3392 τοὺς
1209 3333 1516 3399 αἱρετικοὺς
1545 3333 1602 3395 ἐξ
1641 3333 1774 3384 ἀλα-

221 3418 440 3479 ζονείας,
495 3421 589 3469 καὶ
632 3421 993 3484 καταφρονεῖν
1037 3421 1134 3483 τῆς
1179 3418 1498 3486 ἱερωσύνης,
1548 3419 1668 3470 καθ’
1716 3421 1774 3470 ὃν

221 3507 452 3556 ἐνιαυτὸν
483 3509 576 3556 καὶ
606 3506 961 3573 ἁκοινώνητοί
994 3509 1119 3559 είσι.
1149 3507 1247 3556 Διὰ
1273 3508 1428 3558 τοῦτο
1463 3509 1565 3575 γὰρ
1594 3507 1652 3570 ἐξ
1675 3509 1772 3575 ἀρ-

223 3593 309 3659 χῆς
342 3595 368 3642 ὁ
403 3592 582 3644 κανὼν
616 3593 970 3660 ἐλεγχθέντας
1007 3594 1201 3653 αὐτοὺς
1233 3593 1534 3661 ὠνόμασεν,
1572 3596 1669 3663 οὐχ
1701 3596 1772 3656 ὡς

218 3683 422 3744 τελείως
461 3683 929 3751 ἀποδεδειγμένων
966 3685 1071 3734 τῶν
1100 3683 1218 3734 κατ’
1268 3686 1446 3736 αὐτῶν
1495 3687 1773 3753 εἰσαχθέν-

219 3788 343 3826 των
389 3776 422 3842 ἢ
460 3776 567 3842 γὰρ
613 3775 678 3825 ἂν
725 3777 819 3825 κα“ι
844 3773 1250 3841 καθῃρέθησαν,
1299 3776 1347 3824 εἰ
1393 3775 1768 3843 ήλέγχθησαν·

221 3863 321 3914 ἀλλ’
350 3864 422 3923 ὡς
457 3865 782 3933 προλήψεων
814 3864 910 3916 καὶ
944 3866 1064 3915 κατ’
1099 3865 1279 3915 αὐτῶν
1305 3864 1581 3924 δοθεισῶν,
1610 3864 1676 3915 δι’
1710 3865 1774 3926 ἃς

221 3955 305 4004 καὶ
337 3955 703 4022 ἁκοινωνησὶα
735 3956 1166 4021 ἐπετιμήθησαν.
1211 3955 1274 4006 El
1307 3955 1403 4021 μὲν
1437 3953 1529 4006 οὖν
1559 3955 1646 4006 διὰ
1677 3956 1772 4006 τοῦ

221 4043 450 4094 ἐνιαυτοῦ
473 4043 832 4096 σπουδάσουσι
852 4042 1120 4110 καθαροὺς
1141 4045 1362 4106 ἑαυτοὺς
1386 4045 1773 4108 ἀποδείξαιτῶν

219 4134 569 4200 ἐγκλημάτων
593 4173 608 4194 ,
647 4134 740 4184 καὶ
785 4131 878 4182 τοῦ
915 4134 1188 4198 ἐπιτιμίου
1234 4135 1640 4202 κωλυθήσονται
1670 4151 1684 4163 '
1725 4138 1772 4188 εί

217 4223 266 4272 δέ
304 4226 376 4290 μή
415 4223 776 4292 ἁπρόσδεκτοι
828 4224 1038 4273 ἔσονται
1078 4224 1216 4291 μ-τα
1276 4224 1443 4275 ταῦτα
1477 4226 1631 4292 λόγον
1661 4230 1771 4277 eia-

218 4321 448 4370 αγοντες.

220 4574 428 4627 ΑΙἸΣΤ.
472 4589 492 4624 ι
553 4574 936 4642 Ἐλεγχόμενος
977 4572 1230 4640 κληρικος
1270 4574 1358 4624 ἐπ’
1417 4574 1766 4643 ἐγκλήματι,

290 4683 306 4714 ι
348 4668 441 4718 ἐὰν
490 4663 930 4729 ἐπαγωνίσασθαι
991 4662 1156 4730 λέγῃ,
1199 4663 1344 4725 ἐντὸς
1384 4665 1628 4717 ἐνιαυτοῦ
1670 4667 1768 4716 ἐπ-

288 4774 303 4802 ι
348 4755 719 4822 αγωνιζέσθω·
747 4755 884 4821 μετά
909 4753 964 4804 δὲ
987 4752 1141 4804 τοῦτο
1165 4754 1302 4806 ἐστω
1335 4756 1712 4822 ἁπρόσδεκτος.
1743 4775 1761 4806 ι

295 4844 672 4913 Ἐλεγχόμενος
704 4843 789 4894 ἐπ’
825 4841 1132 4911 ἐγκλήμασι
1163 4845 1255 4894 καὶ
1281 4843 1378 4912 ἤδη
1419 4845 1769 4908 καταδικαζό-

224 4950 364 5000 μενος
407 4935 697 5005 κληρικὸς,
734 4934 828 4984 ἐὰν
861 4933 942 4983 ἐτι
979 4931 1108 5003 λέγῃ
1144 4932 1402 4985 δύνασθαι
1434 4935 1768 5006 δικαιολογή-

223 5025 404 5076 σασθαι
453 5025 547 5078 καὶ
601 5023 796 5075 ἐαυτὸν
847 5025 1137 5076 ἀνεύθυνον
1193 5027 1564 5094 παραστῆσαι,
1615 5029 1767 5090 ἐντος

222 5116 456 5168 ἐνιαυτοῦ
476 5116 678 5184 ὀφείλει
704 5115 1164 5182 ἐπαγωνίσασθαιο
1191 5117 1326 5184 μετά
1345 5116 1402 5168 δὲ
1421 5119 1512 5170 τὸν
1531 5120 1768 5173 ἐνιαυτὸν

222 5208 425 5275 οὐδεμία
442 5205 604 5259 αὐτοῦ
622 5206 950 5273 δικαιολογία
977 5207 1444 5277 παραδεχθήσεται
1461 5212 1539 5272 εἰς
1551 5210 1610 5261 τὸ
1625 5213 1769 5264 δικαο

223 5297 425 5366 στήριον
457 5301 579 5350 ὅσον
618 5299 770 5362 αὐτὸ,
803 5299 938 5351 ἀλλὰ
991 5300 1518 5368 καταδεδικασμένος
1571 5303 1722 5354 ἐσται
1750 5320 1762 5332 ·

221 5390 301 5436 καὶ
355 5390 403 5438 εί
433 5387 680 5456 βούλεται
709 5387 895 5440 ἔκτοτε
927 5389 1294 5454 ἐκκαλεῖσθαι,
1332 5392 1552 5443 ποιείτω
1589 5391 1764 5446 τοῦτο.

792 5480 1024 5531 ΚΑΝΩΝ
1053 5479 1174 5532 III".

295 5571 374 5631 Ὠς
402 5573 525 5634 τοῦς
545 5571 652 5624 ἀπὸ
667 5572 946 5640 ἀλλοτρίου
968 5589 1098 5641 μονα
1109 5574 1328 5643 στηρίου
1355 5575 1764 5643 ῦποδεχθὲντας,

281 5685 299 5712 ι
345 5663 477 5731 μηδέ
513 5664 845 5734 ἡγουμένους
885 5663 976 5716 τοῦ
1019 5669 1414 5735 μοναστηρίου,
1457 5669 1587 5736 μηδέ
1641 5671 1766 5738 κλη.

1875 535 2166 598 ἀοδιίιιιιιε,
2198 536 2476 588 utilitatem
2507 537 2788 603 cpiscopus
2821 536 3117 589 ordinetur.

2398 713 2623 767 CANON
2666 713 2924 768 LXXXII.

1881 822 1896 852 ι
1940 802 2010 854 De
2065 805 2414 870 t'leticis,t|ui
2472 821 2576 857 non
2609 817 2797 858 curant
2831 821 2982 857 suam
3045 807 3181 858 intra
3236 823 3428 860 aunusn

1952 911 1970 943 ι
2008 908 2222 946 causam
2250 910 2429 963 agere.
2465 895 2694 948 Rursum
2723 898 3002 949 decretum
3051 907 3152 959 est,
3195 908 3250 947 ιιι
3286 913 3426 962 quo-

1953 1001 1968 1032 ι
2005 985 2126 1048 tics,
2154 985 2366 1036 clericis
2398 985 2682 1046 accitsatis,
2719 995 2775 1038 et
2810 985 3115 1051 aliquorum
3142 985 3428 1037 criminum

1951 1096 1966 1124 ι
2010 1076 2057 1126 iu
2083 1091 2175 1128 eos
2210 1076 2352 1127 dicto
2392 1077 2724 1138 testimonio,
2778 1077 2890 1128 sive
2928 1086 3142 1144 propter
3179 1077 3430 1141 probrum

1949 1184 1966 1214 ι
2007 1165 2272 1228 Ecclesize,
2293 1167 2404 1217 sive
2420 1177 2636 1232 propter
2662 1167 3014 1218 reverentiam
3040 1166 3251 1233 (quibus
3268 1163 3438 1216 nomi-

1956 1274 1973 1306 ι
2009 1256 2161 1309 nibus
2179 1258 2254 1308 eis
2269 1258 2521 1321 parcitur)
2538 1258 2646 1307 sive
2665 1267 2878 1322 propter
2898 1257 3210 1309 insolentem
3231 1255 3354 1308 ham
3374 1258 3432 1305 t3-

1949 1364 1968 1397 ι
2006 1361 2191 1399 eorum
2223 1356 2272 1396 et
2299 1345 2570 1412 gentilium
2592 1347 3020 1407 exsultationem,
3043 1348 3108 1410 si,
3134 1356 3187 1396 ut
3217 1361 3307 1413 par
3333 1354 3436 1407 est,

1953 1455 1970 1486 ι
2007 1450 2223 1488 causam
2254 1449 2404 1486 suam
2431 1434 2734 1495 defendere,
2763 1443 2815 1488 et
2838 1451 2945 1488 Sua:
2967 1437 3251 1502 probandae
3280 1436 3436 1488 inuo—

1953 1546 1970 1578 ι
2007 1529 2197 1580 centia:
2221 1541 2403 1579 curam
2431 1541 2616 1595 gerere
2652 1527 2936 1586 voluerint,
2959 1529 3056 1578 llOC
3082 1528 3218 1578 intra
3237 1541 3432 1578 annum

1951 1614 2575 1669 «exconttuunicationis
2631 1614 2874 1664 faciant:
2930 1614 3008 1664 sin
3064 1621 3242 1666 autem
3297 1614 3433 1664 intra

1953 1727 1970 1756 ι
2015 1722 2212 1759 annum
2283 1720 2498 1759 causam
2570 1719 2720 1756 suam
2777 1718 3005 1771 purgare
3065 1704 3431 1770 neglexerint,

1954 1817 1970 1849 ι
2019 1799 2159 1851 nulla
2213 1811 2396 1850 eorum
2453 1796 2705 1863 deinceps
2743 1810 2842 1847 vox
2905 1797 3123 1848 omnino
3184 1796 3436 1850 admitta-

1951 1908 1968 1938 ί
2013 1901 2118 1941 tur.
2153 1907 2168 1937 ι

1949 1979 2140 2031 BALS.
2202 1979 2442 2031 Praesens
2505 1993 2675 2030 canon
2741 1979 2944 2037 statuit,
2999 1985 3054 2027 ιιι
3105 1976 3305 2039 clerici,
3339 1976 3430 2042 qui

1877 2081 2093 2139 propter
2125 2071 2351 2123 crimina
2383 2080 2510 2122 sunt
2565 2069 2825 2130 accusati,
2860 2070 2971 2122 sive
3005 2071 3268 2122 adversus
3297 2084 3431 2135 quos

1876 2161 2239 2215 testimoni-tm
2269 2159 2435 2229 616
2491 2161 2688 2212 dictum
2743 2171 2824 2212 est
2869 2176 2931 2212 ex
2981 2160 3430 2226 pncsumptione,

1875 2263 2065 2306 Curettt
2116 2263 2168 2305 ul
2220 2267 2394 2305 eausze
2447 2251 2704 2305 adversus
2733 2266 2840 2320 geos
2895 2253 3030 2302 intra
3074 2265 3269 2300 auntttn
3307 2264 3430 2316 per.

1875 2355 2099 2411 agantur
2127 2362 2140 2397 ε
2177 2345 2258 2396 sin
2313 2343 2489 2395 minus
2519 2341 2890 2394 excludantur.
2919 2339 3040 2392 llaec
3069 2347 3242 2391 autem
3277 2339 3432 2392 ltodic

1876 2450 1978 2486 non
2044 2443 2170 2486 sunt
2211 2435 2260 2483 in
2295 2448 2393 2484 usu
2452 2449 2464 2482 :
2507 2446 2571 2482 eo
2617 2430 2760 2498 quod
2811 2445 2874 2482 ex
2935 2429 3161 2482 diversis
3197 2427 3430 2481 Novellis

1873 2522 2052 2574 omnis
2107 2520 2408 2574 crimiualis
2439 2533 2603 2572 causa
2645 2520 2696 2570 in
2731 2528 3047 2586 perpetuum
3092 2527 3300 2585 tempus
3332 2532 3428 2570 ex-

1875 2613 2146 2663 tendatur.

1946 2698 2196 2753 ZUNAll.
2252 2698 2306 2751 Si
2366 2699 2546 2753 clerici
2607 2699 2677 2752 ob
2724 2699 2975 2762 crimina,
3033 2710 3253 2767 prolttcr
3315 2711 3432 2766 qua!

1874 2787 2020 2840 clero
2057 2789 2297 2841 movendi
2324 2789 2451 2854 sint,
2483 2799 2828 2850 :tccusentur,
2862 2803 2926 2840 ex
2953 2789 3150 2856 quibus
3180 2788 3432 2841 Eaclesiae

1875 2893 2109 2945 quoque,
2143 2879 2293 2944 quasi
2342 2878 2610 2944 flagitiosa
2646 2880 2714 2929 sit
2751 2879 3070 2930 cleriCorum
3107 2879 3237 2938 vita,
3275 2878 3427 2944 igno-

1875 2969 2056 3019 miniae
2080 2967 2255 3033 aliqua
2289 2969 2434 3020 labes
2471 2977 2826 3034 aspergatur;
2859 2967 3024 3034 exigit
3047 2968 3111 3019 ab
3141 2967 3206 3020 iis
3235 2982 3431 3028 canon,

1799 3095 1842 3155 C
1880 3068 1937 3109 ιιι
1979 3059 2134 3110 unius
2166 3059 2291 3109 anni
2330 3059 2504 3123 spatio
2556 3074 2614 3112 se
2663 3061 2728 3111 ab
2758 3073 2842 3120 ea,
2891 3074 3009 3127 qua:
3047 3061 3097 3112 in
3131 3061 3277 3126 ipsos
3302 3076 3433 3110 cou-

1880 3148 2070 3210 fertur,
2127 3147 2278 3213 culpa
2333 3146 2562 3200 liber-are
2613 3149 2968 3214 centendant;
3034 3149 3194 3218 idque
3230 3151 3308 3203 vel
3361 3151 3432 3204 ob

1876 3238 2235 3290 reverentiam
2293 3252 2384 3288 seu
2438 3239 2578 3290 sacri
2633 3239 2838 3291 ordinis
2871 3239 3180 3302 dignitatem
3215 3256 3433 3293 conscr-

1879 3329 2130 3385 vandatn,
2169 3340 2274 3391 quo
2303 3327 2516 3378 nomine
2559 3329 2638 3380 eis
2666 3327 2868 3380 interea
2921 3329 3179 3396 parcitur,
3235 3347 3299 3382 ne
3327 3347 3428 3397 qua

1876 3431 2027 3466 sacro
2075 3415 2247 3467 ordini
2299 3415 2528 3469 infamia:
2565 3428 2686 3469 nota
2721 3420 2940 3480 haereat,
2974 3419 3052 3471 vel
3083 3435 3149 3472 ne
3197 3422 3428 3474 Itaarctici

1876 3504 2126 3556 insolenti
2193 3505 2432 3559 vanitate
2481 3509 2799 3571 eﬂ'erautur,
2829 3524 2890 3562 ex
2939 3525 3110 3576 coque
3146 3512 3427 3564 sacerdotii

1878 3592 2257 3643 conteumendi
2317 3608 2503 3646 ausam
2564 3598 2828 3664 accipiant
2891 3617 2904 3651 :
2962 3613 3135 3666 coque
3195 3615 3335 3651 anno
3397 3617 3423 3651 ιι

1875 3684 2260 3736 communione
2314 3700 2531 3753 quoque
2589 3689 2861 3740 abstinere
2886 3690 3053 3756 jubet.
3094 3689 3218 3740 Nam
3251 3700 3304 3744 et
3335 3705 3427 3744 eos

1875 3782 2164 3839 prOpterea
2230 3788 2404 3826 canon
2474 3778 2626 3829 initio
2679 3780 2952 3831 convictos
2982 3782 3290 3847 appellavit,
3325 3798 3426 3835 non

1874 3864 1997 3929 quia
2059 3864 2345 3918 manifesto
2409 3867 2631 3920 obnoxii
2684 3870 3001 3922 criminibus
3077 3881 3424 3936 tenerentur;

1875 3956 2150 4008 convictos
2202 3956 2344 4008 enim
2376 3971 2530 4023 pruna
2563 3960 2912 4026 depositionis
2942 3961 3084 4014 illico
3129 3973 3310 4015 secuta
3339 3979 3428 4016 es-

1874 4054 1953 4096 set
1992 4059 2005 4095 :
2047 4045 2141 4097 sed
2174 4048 2312 4112 quod
2348 4058 2628 4101 cxswreut
2662 4049 2859 4102 indicia
2897 4050 3178 4114 facinoris,
3209 4067 3272 4104 ex
3313 4056 3430 4120 qui~

1875 4133 1973 4185 bus
2011 4137 2204 4188 merito
2234 4139 2628 4190 coinntunionis
2662 4141 2963 4205 privatione
3021 4142 3228 4193 multati
3282 4154 3428 4197 sum.

1874 4223 2016 4289 Ergo
2049 4225 2092 4277 si
2130 4227 2287 4280 unius
2327 4229 2452 4280 anui
2476 4230 2764 4283 intervallo
2798 4232 2922 4282 ιιιιΙΙὶ
2956 4246 3012 4284 se
3046 4233 3212 4299 culpa:
3246 4234 3430 4288 allines

1875 4331 1994 4369 esse
2028 4319 2387 4384 ostenderint,
2413 4335 2441 4372 a
2470 4321 2632 4374 multa
2656 4337 2868 4390 quoque
2905 4326 3278 4379 liberabuntur
3305 4344 3318 4380 :
3347 4328 3428 4380 sin

1800 4414 1842 4467 ι)
1875 4408 2054 4459 minus
2073 4422 2136 4459 eo
2157 4409 2360 4475 elapso,
2381 4411 2444 4462 ad
2467 4426 2685 4464 causam
2716 4413 2998 4477 agendam,
3027 4415 3108 4467 vel
3131 4416 3178 4467 si
3201 4416 3434 4470 maxime

1878 4496 2063 4558 velint,
2097 4511 2202 4549 non
2238 4499 2610 4552 admittentur.

1873 4585 2099 4638 AltlS'l‘.
2138 4606 2156 4637 ι
2191 4588 2430 4643 Clericus
2447 4592 2674 4644 crimine
2705 4596 3013 4656 convictus,
3046 4612 3089 4650 δι
3123 4611 3181 4650 se
3213 4611 3431 4651 causam

1951 4696 1970 4726 ι
2009 4693 2159 4730 suam
2188 4679 2534 4734 defensurum
2559 4683 2719 4746 dicat,
2755 4685 2890 4737 intra
2919 4701 3116 4738 annum
3145 4690 3430 4742 defendat:

1953 4783 1970 4815 ι
1999 4777 2183 4834 postea
2217 4783 2345 4822 vero
2375 4785 2478 4824 non
2511 4773 2851 4828 admittatur.
2885 4795 2903 4826 ι

1943 4855 2274 4911 Criminibus
2301 4873 2586 4915 accusatus
2619 4872 2673 4916 et
2696 4865 2804 4932 jam
2845 4867 3236 4922 condemnatus
3276 4871 3440 4923 cieri.

1873 4960 1994 5008 cus,
2048 4948 2092 4998 si
2140 4950 2318 5000 adhuc
2370 4951 2511 5003 dicat
2544 4967 2602 5005 se
2648 4955 2770 5021 jura
2827 4972 2922 5009 sua
2956 4958 3198 5024 proferre
3251 4975 3434 5026 posse,

1872 5043 1926 5087 et
1958 5036 2191 5101 seipsunt
2249 5039 2591 5091 innocentem
2618 5043 2868 5108 probare,
2900 5045 3039 5098 intra
3089 5063 3285 5101 annum
3328 5050 3432 5102 liti-

1873 5143 1998 5192 gare
2033 5127 2189 5181 debet
2226 5147 2238 5180 :
2273 5143 2392 5197 post
2441 5149 2638 5183 annum
2671 5144 2849 5186 autem
2911 5139 3053 5190 nulla
3114 5153 3292 5195 oausze
3322 5157 3432 5196 suae

1873 5220 2112 5272 defensio
2166 5222 2499 5285 admittetur,
2537 5225 2627 5277 sed
2671 5239 2930 5294 quantum
2966 5231 3030 5282 ad
3078 5232 3248 5296 ipsum
3282 5232 3432 5296 judi-

1873 5309 2018 5360 cium
2053 5310 2443 5364 condemnatus
2496 5315 2622 5366 erit.
2655 5315 2718 5366 lit
2745 5317 2790 5368 si
2825 5317 2985 5369 vellet
3033 5331 3215 5386 postea
3246 5323 3431 5389 appel-

1873 5397 2008 5462 lare,
2039 5399 2166 5451 illud
2199 5399 2378 5452 faciat.

2359 5497 2590 5551 CANON
2648 5499 2933 5553 LXXXIII.

1879 5602 1895 5633 ι
1951 5585 2014 5638 Ut
2048 5600 2159 5648 eos,
2190 5587 2278 5652 qui
2327 5603 2389 5638 cx
2423 5588 2599 5640 alieno
2636 5593 2964 5646 monasterio
3003 5596 3231 5661 suscepti
3280 5607 3429 5660 sunt,

1951 5697 1966 5727 ι
2002 5695 2094 5730 nec
2148 5680 2487 5732 monasteriis
2544 5681 2842 5749 pt'mlcCtos,
2883 5703 2980 5741 nec
3025 5689 3247 5742 clericos
3274 5691 3426 5743 0rd!-
