4018 6310
548 320 661 382 295

1810 323 2086 387 THEOD.
2130 327 2526 388 BALSAMON

3668 330 3776 393 296

630 459 645 487 ι
685 452 817 491 nare
854 437 1032 490 liceat.
1091 434 1354 491 Similiter
1414 436 1632 505 placuit.
1690 447 1747 490 ut
1808 440 1853 491 si
1902 439 2021 507 quis
2050 453 2112 491 cx

2292 460 2309 490 ι
2360 442 2541 510 ρικοὺς
2568 440 2763 506 ἐξεῖναι
2788 446 3127 512 χειροτονεῖν.
3166 443 3394 513 Ὁμοίως
3415 444 3629 513 ήρεσεν,
3665 446 3766 499 ἵνα.

632 550 649 580 ι
687 530 864 583 alieno
929 529 1255 581 monasterio
1314 528 1549 596 aliquem
1588 530 1907 595 susceperit,
1940 538 1991 581 et
2025 528 2105 580 vel

634 642 652 674 ι
696 622 758 674 ad
784 619 1090 675 clericatum
1116 623 1400 684 adducere,
1427 623 1507 673 vel
1535 620 1842 673 monasterii
1865 620 1945 673 sui
1974 635 2109 688 prae-

628 735 645 763 ι
691 713 890 765 fectum
972 710 1307 763 constituere
1370 709 1617 772 voluerit,
1686 710 2107 777 episcopus,qui

628 823 645 853 ι
684 804 783 854 hoc
820 801 968 861 facit,
1002 815 1032 852 a
1074 800 1408 867 reliquorum
1467 799 1848 853 communione
1885 814 2109 867 separa-

627 912 645 943 ι
689 903 791 954 tus,
821 892 891 946 sit
911 893 1024 944 sola
1053 891 1135 944 sui
1160 890 1337 958 populi
1368 890 1749 943 communione
1773 900 2057 946 contentus
2090 908 2104 945 ε

627 1003 643 1032 ι
679 982 766 1035 ille
801 992 979 1035 autem
1029 995 1127 1033 nec
1156 980 1388 1035 clericus
1446 995 1545 1034 nec
1579 980 1862 1047 prafectus
1895 996 2109 1050 perma-

623 1091 642 1121 ί
685 1080 827 1123 neat.
862 1089 879 1121 ι

622 1160 817 1215 BALS.
871 1162 1118 1216 Praesens
1192 1176 1363 1216 canon
1428 1162 1587 1230 punit
1631 1162 1962 1232 episcopum,
2018 1161 2108 1230 qui

554 1252 879 1303 monachum
945 1267 1009 1303 ex
1061 1252 1237 1304 alieno
1275 1251 1604 1305 monasterio
1635 1252 1880 1320 suscipit,
1910 1261 1962 1305 et
1986 1266 2107 1305 eum

552 1341 605 1394 in
649 1341 830 1394 clerici
881 1343 1107 1410 gradum
1148 1341 1416 1408 provehit,
1444 1341 1528 1394 vel
1583 1341 1636 1394 in
1670 1341 1750 1394 sui
1797 1343 2110 1395 monasterii

552 1429 933 1497 pra'fecturam
975 1447 989 1482 :
1019 1440 1073 1482 et
1107 1430 1370 1499 ejusmodi
1405 1431 1754 1495 monachum,
1790 1432 1879 1499 qui
1911 1432 1963 1484 in
2002 1432 2111 1485 cle-

552 1523 724 1576 ricum
788 1522 1078 1585 admissus,
1111 1520 1192 1573 vel
1230 1520 1394 1573 etiam
1460 1520 1777 1574 monasterii
1826 1520 2110 1590 praefectus

548 1625 763 1668 creatus
822 1622 923 1678 est,
958 1614 1102 1667 clero
1134 1620 1186 1665 et
1239 1612 1559 1681 praefectura
1608 1611 1847 1681 expellit.
1902 1610 1978 1663 Nc
2016 1611 2108 1663 tibi

2284 551 2299 581 ι
2349 532 2444 585 ἐάν
2492 549 2574 593 τις
2601 533 2707 608 απὸ
2739 533 3017 601 ἀλλοτρίου
3047 537 3409 604 μοναστηρίου
3450 534 3774 604 ὑποδέξηταί

2288 641 2303 670 ι
2348 640 2468 675 τινα
2495 625 2589 675 καὶ
2614 625 2747 693 πρὸς
2775 624 3046 694 κλήρωσιν
3072 628 3439 695 προσαγαγεῖν
3466 626 3714 696 ἐθελήσῃ,
3738 628 3770 696 ἢ

2286 730 2302 761 ι
2352 710 2443 762 τοῦ
2474 710 2603 763 ἰδίου
2628 713 2988 781 μοναστηρίου
3028 713 3327 780 ἡγούμενον
3361 714 3714 778 καταστήσω,
3745 713 3774 761 ὁ

2285 820 2303 851 ι
2344 801 2500 853 τοῦτο
2544 802 2710 854 ποιῶν
2760 804 3077 865 ἐπίσκοπος,
3124 802 3228 853 ἀπὸ
3274 802 3369 865 τῆς
3409 801 3519 853 τῶν
3571 800 3774 852 λοιπῶν

2285 909 2302 940 ι
2352 892 2630 953 κοινωνίας
2650 892 3033 961 χωριζόμενος,
3060 894 3125 961 τῇ
3157 890 3248 943 τοῦ
3277 890 3405 941 ίδίου
3429 890 3557 943 λαοῦ
3584 906 3775 941 κοινω-

2283 1002 2300 1034 ι
2352 984 2437 1053 νίᾳ
2468 986 2706 1055 ἀρκεσθῇ
2728 986 2864 1057 μόνῃ
2885 1002 2899 1016 ·
2921 987 3126 1047 ἐκεῖνος
3142 987 3197 1039 δέ
3217 988 3347 1058 μηδέ
3365 986 3619 1054 κληρικὸς
3638 983 3775 1055 μηδὲ

2285 1092 2303 1123 ι
2350 1075 2645 1143 ἡγούμενος
2676 1077 2945 1145 ἐπιμείνῃ;
2982 1096 2999 1127 ι

2282 1164 2478 1217 ΒΑΛΣ.
2537 1165 2595 1219 '0
2639 1166 2832 1236 παρὼν
2871 1167 3048 1220 κανὼν
3090 1167 3305 1227 κολάζει
3348 1168 3439 1220 τὸν
3477 1168 3776 1220 ἐπίσκοπον

2212 1255 2601 1324 ὑποδεχόμενον
2636 1257 2744 1308 ἀπὸ
2785 1257 3067 1328 ἀλλοτρίου
3105 1261 3465 1329 μοναστηρίου
3508 1258 3771 1328 μοναχὸν,

2210 1346 2304 1398 καὶ
2348 1347 2652 1415 προάγοντα
2689 1346 2871 1400 τοῦτον
2910 1349 2988 1411 είς
3035 1349 3237 1417 βαθμὸν
3283 1350 3563 1417 κλημκοῡ,
3614 1350 3645 1415 ἢ
3694 1348 3776 1408 είς

2211 1438 2566 1505 ήγουμινείαν
2594 1438 2723 1491 ίδίου
2755 1440 3111 1509 μοναστηρίου
3132 1456 3146 1469 ο
3181 1443 3272 1492 καὶ
3302 1440 3389 1493 τὸν
3428 1440 3776 1507 κληρωθέντα

2209 1525 2264 1576 δέ
2290 1525 2528 1577 τοιοῦτον
2567 1527 2816 1595 μοναχὸν,
2843 1527 2874 1595 ἢ
2911 1530 3002 1580 καὶ
3033 1530 3292 1594 γεγονότα
3319 1530 3616 1598 ἡγούμενον
3647 1528 3780 1593 ἐξω-

2212 1612 2294 1665 θεῖ
2325 1613 2419 1665 τοῦ
2456 1614 2656 1682 κλήρου
2696 1616 2790 1667 καὶ
2820 1616 2927 1668 ἀπὸ
2958 1616 3054 1683 τῆς
3095 1618 3468 1685 ὴγουμενείας.
3504 1619 3594 1686 Μὴ
3624 1619 3779 1670 ἐναν-

548 1711 727 1756 autem
760 1703 844 1755 his
894 1704 1200 1755 contrarius
1228 1716 1349 1755 esse
1380 1702 1627 1755 videatur
1658 1712 1885 1769 quartus
1936 1716 2107 1754 canon

2218 1704 2376 1772 τιωθῇ
2409 1704 2463 1755 δέ
2500 1721 2580 1756 σοι
2618 1706 2753 1773 πρὸς
2783 1706 2954 1759 ταῦτα
2992 1710 3019 1759 ό
3052 1707 3094 1758 δ’
3126 1708 3301 1760 κανὼν
3340 1708 3437 1774 τῆς
3466 1710 3522 1759 ἐν
3553 1709 3631 1777 τῷ
3665 1709 3779 1777 ναῷ

549 1795 740 1865 synodi
795 1810 913 1862 qua:
964 1796 1015 1846 in
1047 1794 1366 1846 Sanctorum
1404 1792 1787 1860 Apostolorum
1837 1792 1949 1846 aede
1976 1807 2107 1845 con-

551 1886 738 1938 stituta
763 1894 864 1946 est,
897 1893 1141 1937 statuens
1188 1898 1309 1936 esse
1340 1882 1392 1934 in
1424 1883 1796 1949 episcoporum
1826 1890 2108 1949 potestate,

549 1990 659 2030 non
703 1975 875 2027 solum
922 1974 1212 2027 monachos
1241 1988 1309 2026 ex
1359 1972 1459 2025 hoc
1499 1972 1824 2025 monasterio
1854 1971 1907 2024 in
1967 1971 2109 2023 aliud

547 2067 880 2129 transferre;
918 2067 1008 2119 sed
1042 2067 1202 2119 etiam
1234 2079 1327 2117 eos
1374 2063 1720 2116 saecularibus
1749 2063 1952 2116 aedibus
1972 2075 2111 2128 prae-

548 2161 731 2214 ﬁcere.
779 2160 881 2214 Sed
916 2161 1019 2220 dic,
1071 2159 1211 2228 quod
1264 2158 1351 2212 hic
1400 2157 1609 2226 quidem
1662 2155 1986 2225 prohibitum
2030 2162 2112 2207 est

550 2252 825 2319 episcopo,
850 2268 913 2304 ex
945 2250 1118 2303 aliena
1150 2251 1368 2319 regione
1411 2248 1734 2301 monachum
1759 2248 2021 2315 recipere,
2057 2253 2110 2298 et

550 2358 672 2395 eum
699 2344 863 2396 etiam
926 2341 1237 2410 praelectum
1286 2340 1369 2395 vel
1429 2342 1687 2395 clericum
1741 2339 2107 2393 constituere:

557 2434 667 2487 illic
700 2442 877 2486 autem
951 2433 1203 2499 episc0po
1235 2432 1555 2498 permissum
1605 2437 1689 2483 est
1722 2444 1751 2481 e
1786 2430 1995 2497 propria
2029 2443 2113 2481 re-

551 2524 711 2591 gione
758 2521 1070 2583 monachos,
1131 2529 1185 2573 et
1234 2520 1302 2573 ab
1338 2520 1443 2573 hoc
1476 2520 1807 2572 monasterio
1860 2519 1912 2571 in
1968 2518 2112 2571 aliud

551 2612 875 2675 transferre,
912 2622 965 2665 et
1022 2612 1075 2664 in
1132 2611 1375 2665 saeculari
1441 2610 1602 2663 etiam
1637 2609 2109 2663 administratione

548 2704 920 2765 constituere;
980 2700 1122 2768 quod
1187 2707 1382 2767 praeter
1455 2707 1689 2751 mentem
1768 2698 2109 2765 propriorum

550 2794 930 2863 episcoporum
995 2791 1108 2843 ﬁeri
1163 2788 1368 2857 nequit.
1419 2788 1664 2842 Prmsens
1713 2796 1892 2840 autem
1936 2800 2113 2839 canon

551 2893 677 2936 tunc
738 2881 913 2935 locum
970 2879 1210 2942 habebit,
1281 2877 1501 2946 quando
1549 2892 1613 2930 ex
1672 2876 1846 2929 aliena
1895 2875 2117 2940 regione

556 2970 857 3025 monachus
924 2969 1262 3022 dimissorias
1314 2968 1523 3020 litteras
1574 2966 1810 3033 episcOpi
1857 2964 1973 3033 ejus
2006 2979 2111 3018 non

2212 1795 2319 1846 τῶν
2368 1794 2565 1860 Ἀγίων
2614 1795 2947 1848 Ἀποστόλων
2982 1798 3251 1867 συστάσης
3286 1799 3518 1861 συνόδου,
3551 1797 3780 1866 διοριζό-

2215 1900 2371 1951 μενος
2398 1883 2481 1951 ἔχε
2492 1901 2536 1935 ιν
2557 1884 2640 1935 ἐπ’
2668 1886 2848 1947 ἀδείας
2869 1886 2994 1948 τοὺς
3015 1888 3360 1949 ἐπισκόπους,
3392 1888 3463 1956 μὴ
3493 1888 3649 1955 μόνον
3671 1889 3781 1943 ἀπὸ

2211 1974 2369 2042 τῆσδε
2390 1974 2486 2043 τῆς
2516 1977 2678 2044 μονῆς
2707 1978 2963 2043 μετάγειν
2980 1980 3057 2040 είς
3081 1979 3272 2049 ἑτέραν
3306 1979 3468 2048 μονὴν
3491 1982 3777 2049 μοναχῶς,

2211 2061 2346 2116 ἀλλὰ
2388 2065 2481 2116 καὶ
2532 2068 2610 2127 είς
2654 2067 2932 2134 κοσμικῶν
2975 2070 3157 2122 οίκιῶν
3206 2071 3537 2138 προστασίαν
3580 2072 3782 2132 αὑτοὺς

2212 2154 2495 2224 καθιστᾷν.
2541 2154 2680 2207 Ἀλλ’
2716 2158 2836 2209 είπέ
2868 2158 2948 2211 ὅτι
2989 2160 3219 2211 ἐνταῦθα
3250 2162 3346 2227 μέν
3385 2161 3689 2214 κεκώλυται
3718 2164 3782 2215 τὸ

2210 2245 2319 2296 ἀπὸ
2357 2244 2640 2313 ἀλλοτρίας
2680 2248 2889 2313 ἐνορίας
2922 2248 3393 2317 ἀναλαμϐάνεσθαι
3424 2251 3515 2304 τὸν
3542 2253 3782 2305 ἐπίσκο-

2214 2351 2315 2387 πον
2358 2336 2611 2404 μοναχὸν,
2654 2339 2745 2389 καὶ
2779 2339 3040 2408 καθιστᾷν
3066 2340 3253 2392 τοῦτον
3282 2341 3579 2409 ἡγούμενον
3614 2344 3647 2412 ἢ
3686 2346 3782 2397 καὶ

2213 2424 2473 2494 κληρικὸν
2497 2466 2511 2489 ,
2551 2427 2726 2478 ἐκεῖσε
2758 2427 2812 2478 δέ
2838 2428 3147 2499 ἐξεχωρήθη
3177 2432 3254 2499 τῷ
3280 2434 3554 2502 ἐπισκόπῳ
3584 2434 3640 2485 τὸ
3672 2435 3783 2488 ἀπὸ

2212 2515 2311 2583 τῆς
2339 2518 2544 2579 οίκείας
2573 2517 2784 2586 ἐνορίας
2818 2522 3081 2588 μοναχοὺς
3116 2524 3457 2588 μετατιθέναι
3486 2524 3593 2577 ἀπὸ
3616 2526 3783 2593 τῆσδε

2212 2607 2309 2675 τῆς
2346 2609 2509 2677 μονῆς
2544 2610 2622 2670 είς
2657 2609 2871 2677 ἑτέραν,
2904 2613 2995 2663 καὶ
3033 2612 3111 2673 είς
3140 2614 3411 2682 κοσμικὴν
3446 2617 3787 2685 προστασίαν

2215 2696 2510 2766 καθιστᾷνο
2550 2698 2687 2767 ὅπερ
2720 2701 2870 2767 παρὰ
2902 2700 3127 2769 γνώμην
3159 2703 3267 2753 τῶν
3305 2704 3585 2773 ἐγχωρίων
3658 2708 3785 2759 ἐπι-

2216 2788 2310 2839 σκό
2323 2804 2427 2838 πων
2452 2788 2776 2854 γενέσθαιοὺ
2799 2789 3037 2844 δύναται.
3065 2791 3194 2843 Τότε
3218 2794 3274 2845 δέ
3302 2794 3368 2845 τὰ
3395 2794 3486 2846 τοῦ
3518 2796 3786 2865 παρόντος

2215 2878 2435 2938 κανόνος
2470 2878 2651 2943 ἕξουσι
2683 2885 2886 2949 χώραν,
2915 2881 3041 2934 ὃταν
3072 2883 3099 2933 ό
3131 2882 3237 2934 ἀπὸ
3259 2884 3543 2954 ἀλλοτρίας
3566 2888 3783 2958 ἐνορίας

2221 2970 2452 3038 μοναχὸς
2503 2970 2603 3022 οὑκ
2649 2972 2974 3039 ἐπιφέρηται
3030 2973 3360 3044 ἀπολυτικὴν
3412 2976 3629 3044 γραφὴν
3689 2978 3784 3029 τοὺ

550 3063 727 3117 aﬂ‘ert.
756 3063 907 3116 Tunc
936 3062 1079 3115 enim
1102 3061 1237 3115 citra
1266 3058 1707 3125 impedimentum
1739 3055 1827 3107 ﬁet
1860 3055 1909 3106 in
1939 3054 2110 3107 aliena

2218 3060 2516 3111 ἐπισκόπου
2534 3060 2718 3113 αὑτοῦ.
2744 3061 3052 3129 Τηνικαῦτα
3076 3065 3183 3132 γὰρ
3201 3066 3685 3134 ἀπαρεμποδίστως
3705 3069 3787 3129 είς

553 3156 773 3223 regione
831 3152 1146 3206 monasterii
1208 3149 1495 3220 praelectus
1546 3155 1599 3200 et
1686 3145 1931 3197 clericus.
1963 3142 2113 3207 Quod

554 3257 733 3300 autem
777 3245 833 3299 ﬁt
857 3247 1012 3299 hodie
1038 3260 1065 3296 a
1116 3241 1557 3296 monasteriorum
1627 3236 1918 3306 praefectis,
1961 3234 2112 3302 quia

552 3350 611 3387 se
646 3336 903 3388 detonsos
941 3348 1062 3387 cutn
1120 3332 1315 3385 litteris
1374 3330 1666 3385 dimittant.
1720 3336 1777 3380 ut
1833 3326 1886 3378 in
1944 3325 2117 3377 alieno

555 3425 885 3477 monasterio
920 3422 1169 3475 monachi
1218 3434 1336 3473 esse
1368 3418 1593 3488 possint,
1630 3432 1736 3469 non
1768 3424 1867 3479 est,
1895 3424 1950 3467 ut
1985 3414 2115 3466 milti

554 3517 790 3579 videtur,
862 3514 1074 3567 firmum
1134 3522 1188 3565 et
1248 3519 1587 3563 accuratum.
1640 3507 1800 3575 617
1866 3502 2113 3572 Episcopi

553 3606 697 3659 enim
760 3604 1098 3657 demissoriis
1147 3602 1318 3669 magis
1355 3615 1489 3666 opus
1542 3608 1624 3650 est
1655 3599 1727 3660 ei,
1764 3595 1850 3663 qui
1882 3594 2114 3662 migrare

556 3694 819 3757 voluetit;
873 3710 976 3745 non
1030 3702 1206 3745 autem
1264 3687 1574 3743 monasterii
1627 3685 1914 3753 praefecti:
1973 3681 2114 3749 quod

555 3784 827 3853 episcopis
862 3783 1030 3849 magis
1064 3780 1288 3847 subjecti
1344 3788 1470 3832 sunt
1500 3776 1771 3837 monachi,
1805 3788 1963 3839 quam
1995 3787 2117 3825 mo-

556 3876 916 3926 nasteriorum
943 3871 1239 3940 praefectis.
1270 3868 1392 3921 llmc
1421 3876 1601 3919 autem
1631 3865 1811 3917 locum
1841 3862 2117 3915 habebunt

557 3966 610 4017 in
669 3964 880 4016 ceteris
930 3961 1238 4029 episcopis:
1288 3973 1394 4011 non
1448 3964 1627 4009 autem
1687 3954 1738 4005 in
1806 3953 2115 4018 patriarcha

556 4052 1184 4117 Constantinopolitano.
1247 4047 1306 4100 Ei
1362 4047 1529 4111 enim,
1587 4053 1645 4096 ut
1700 4056 1841 4111 saepe
1890 4042 2115 4103 dictum,

561 4141 880 4206 permisSum
932 4150 1013 4191 est
1048 4138 1343 4191 monachos
1377 4146 1429 4188 et
1459 4134 1691 4187 clericos
1718 4146 1782 4183 ex
1811 4129 2117 4198 regionibus

555 4229 771 4292 alienis,
830 4244 928 4281 nec
955 4228 1068 4293 ejus
1098 4227 1210 4280 sedi
1264 4224 1483 4277 omnino
1536 4221 1817 4289 subjectis,
1844 4220 2115 4286 accipere.

556 4321 662 4373 Sed
699 4334 802 4372 non
831 4320 1013 4371 itidem
1051 4316 1392 4369 Antioclteno
1422 4313 1638 4375 throno,
1677 4312 1760 4364 vel
1808 4309 2116 4377 Hierosoly-

558 4414 782 4476 mitano,
824 4412 897 4466 rel
931 4412 1042 4463 alii.

628 4503 880 4559 ZONAR.
928 4504 1269 4565 Monachum,
1303 4502 1391 4571 qui
1435 4516 1462 4553 a
1514 4499 1843 4553 monasterio
1877 4510 1975 4550 suo
2005 4496 2118 4547 dis—

558 4596 803 4657 cesserit,
868 4593 936 4645 ab
982 4593 1086 4645 alio
1141 4593 1331 4659 quovis
1382 4590 1545 4656 recipi
1606 4590 1829 4642 vetitum
1885 4594 1993 4640 est.
2061 4584 2118 4637 Si

561 4682 720 4749 igitur
770 4684 1074 4749 episcOpus,
1113 4681 1311 4748 inquit,
1345 4679 1607 4746 ejusmodi
1658 4675 1982 4729 monachum
2037 4688 2121 4725 re-

562 4775 747 4841 cipiat,
768 4789 996 4841 eumque
1019 4773 1097 4827 vel
1124 4772 1443 4825 monasterii
1471 4770 1778 4837 praefectum
1804 4768 2119 4830 constituat;

2217 3148 2503 3218 ἀλλοτρίαν
2528 3150 2739 3219 ἐνορίαν
2765 3151 3058 3219 ἡγούμενος
3080 3153 3367 3221 γενήσεται
3391 3157 3481 3208 καὶ
3504 3156 3783 3226 κληρικός.

2217 3239 2289 3290 Τὸ
2315 3240 2496 3307 μέντοι
2521 3241 2756 3307 σήμερον
2791 3244 3069 3310 γινόμενον
3099 3246 3247 3312 παρὰ
3268 3247 3374 3298 τῶν
3398 3248 3790 3315 ήγουμενευόν-

2217 3348 2345 3391 των,
2372 3332 2461 3381 καὶ
2480 3331 2819 3383 ἀπολυόντων
2836 3333 2969 3399 μετὰ
2988 3337 3201 3403 γραφῆς
3217 3335 3338 3397 τοὺς
3357 3337 3445 3387 ὑπ’
3462 3337 3637 3388 αὐτῶν
3653 3338 3792 3390 dm-

2217 3419 2505 3486 καρέντας,
2531 3420 2669 3471 ὥστε
2708 3423 2932 3488 μονάσαι
2962 3426 3039 3485 είς
3068 3425 3258 3491 ἑτέραν
3286 3426 3468 3494 μονὴν,
3486 3427 3585 3478 οὑκ
3621 3427 3789 3491 ἐστιν,

2218 3507 2292 3567 ὡς
2348 3510 2471 3575 ἐμοὶ
2505 3509 2683 3572 δοκεῖ,
2714 3511 2957 3579 ἀκριϐές.
3010 3512 3402 3580 Ἐπισκοπικῆς
3439 3518 3546 3585 γὰρ
3592 3518 3793 3585 μᾶλλον

2220 3596 2563 3663 ἀπολυτικῆς
2591 3599 2807 3667 γραφῆς
2831 3598 2984 3667 χρεία
3006 3601 3082 3667 τῷ
3107 3605 3428 3669 μεταπεσεῖν
3454 3602 3788 3673 βουλομένῳ,

2220 3689 2339 3757 οὑχὶ
2365 3689 2459 3757 τῆς
2483 3689 2574 3740 τοῦ
2602 3691 3055 3758 ήγουμενεὺοντος
3073 3707 3085 3720 ·
3112 3691 3192 3742 ὅτι
3216 3692 3307 3742 καὶ
3333 3695 3440 3752 τοῖς
3470 3694 3792 3757 ἐπισκόποις

2224 3780 2419 3845 μᾶλλον
2469 3780 2780 3833 ὑπόκεινται
2830 3781 2881 3832 οί
2930 3780 3153 3848 μοναχοὶ
3192 3781 3225 3849 ἢ
3278 3783 3389 3842 τοῖς
3446 3783 3789 3851 ἡγουμένοις.

2219 3869 2401 3921 Ταῦτα
2439 3869 2494 3921 δέ
2531 3873 2895 3937 κρατήσουσιν
2929 3873 3007 3930 είς
3045 3872 3171 3927 τοὺς
3204 3871 3396 3932 ἄλλους
3426 3874 3749 3933 ἐπισκόπους
3771 3888 3789 3904 ο

2218 3960 2277 4009 οὑ
2311 3958 2413 4027 μὴν
2443 3959 2535 4009 καὶ
2562 3963 2640 4021 είς
2668 3959 2757 4011 τόν
2780 3960 3126 4029 πατριάρχην
3148 3961 3792 4023 Κωνσταντινουπόλεως.

2218 4048 2377 4115 Αὐτῷ
2406 4048 2513 4117 γὰρ
2536 4085 2550 4109 ,
2580 4049 2653 4110 ὡς
2677 4049 2936 4109 πολλάκις
2969 4049 3217 4118 εἴρηται,
3256 4050 3468 4119 ἐνεδόθη
3504 4052 3608 4103 ἀπὸ
3637 4054 3796 4104 ἀλλο-

2218 4136 2383 4206 τρίων
2409 4138 2630 4206 ἐνοριῶν
2660 4138 3155 4207 ἀπαρεμποδίστως
3171 4138 3418 4205 δέχεσθαι
3444 4141 3710 4207 μοναχοὺς
3731 4157 3793 4193 τι

2220 4230 2313 4280 καὶ
2355 4228 2649 4295 κληρικοὺς
2674 4268 2687 4292 ,
2718 4230 2813 4296 οὑχ
2856 4229 3239 4296 ὑποκειμένους
3267 4231 3484 4291 πάντως
3509 4230 3587 4297 τῷ
3616 4230 3797 4299 θρόνῳ

2220 4314 2404 4369 αὑτοῦ.
2436 4318 2510 4367 Οὑ
2549 4316 2653 4384 μὴν
2688 4321 2780 4369 καὶ
2812 4320 2888 4385 τῷ
2920 4318 3091 4386 θρόνῳ
3130 4317 3222 4369 τοῦ
3266 4318 3670 4389 Ἀντιοχείας,ἥ
3698 4323 3795 4373 τοῦ

2151 4399 2193 4453 D
2232 4403 2639 4474 Ἱεροσολύμων,
2670 4408 2701 4475 ἢ
2733 4407 2914 4460 ἄλλου.

2290 4493 2533 4547 ΖΩΝΑΡ.
2588 4496 2716 4546 Ἀπὸ
2760 4496 3118 4565 μοναστηρίου
3154 4498 3581 4567 ὑποχωρήσαντα
3628 4517 3798 4569 μονα-

2223 4584 2313 4652 χὸν
2366 4584 2613 4652 δέχεσθαι
2664 4588 2792 4653 παρ’
2834 4586 3022 4653 ἐτέρου
3075 4588 3473 4657 ἀπηγόρευται.
3533 4590 3659 4641 Ἐὰν
3702 4592 3799 4643 οὖν

2222 4674 2552 4735 ἐπίσκοπος,
2595 4676 2757 4741 φησι,
2796 4675 3034 4726 τοιοῦτον
3071 4674 3291 4746 δέξηται
3326 4679 3593 4747 μοναχὸν,
3632 4682 3722 4731 καὶ
3758 4682 3796 4749 ἢ

2223 4764 2482 4832 κληρικὸν
2516 4764 2671 4815 αὑτὸν
2704 4766 3087 4835 χειροτονήσῃ,
3119 4767 3151 4835 ἢ
3194 4769 3492 4837 ἡγούμενον
3528 4787 3805 4839 μοναστη-

564 4866 852 4929 cpisc0pus
880 4863 1092 4931 q:'\detn
1142 4862 1368 4915 aliorum
1406 4857 1681 4913 consortio
1706 4858 1981 4917 exclusus,
2014 4856 2113 4909 sola

2228 4857 2343 4925 ρίου
2373 4857 2593 4925 ποιήσῃ,
2622 4858 2648 4907 ὁ
2678 4856 2773 4923 μὲν
2802 4856 3097 4918 ἐπίσκοπος
3124 4857 3273 4911 ἔσται
3295 4863 3359 4927 τῇ
3389 4859 3481 4911 τοῦ
3509 4861 3638 4911 ἰδίου
3666 4860 3799 4910 λαοῦ

566 4955 746 5023 populi
781 4956 860 5007 sui
894 4955 1278 5007 communione
1326 4961 1611 5005 contentus
1644 4951 1746 5002 erit
1778 4965 1793 5001 :
1829 4949 2113 5001 monachus

2231 4948 2387 5016 μόνου
2416 4947 2667 5015 κο.νωνίᾳ
2690 4947 3049 5016 ἀρκούμενος,
3073 4950 3273 5016 ἐτέρων
3298 4950 3446 5017 αὐτῷ
3475 4953 3548 5018 μὴ
3579 4966 3801 5017 συγκοι-

569 5058 696 5097 vero
718 5053 771 5096 et
799 5058 828 5095 e
856 5044 1004 5097 clero
1033 5044 1282 5112 ejicietur
1328 5050 1381 5095 et
1412 5039 1747 5108 prasfecturae
1782 5042 1949 5106 gradu
1975 5040 2113 5091 exci-

2227 5036 2534 5088 νωνούντων
2562 5053 2574 5065 ·
2620 5038 2646 5086 ό
2675 5036 2730 5087 δὲ
2764 5040 2993 5107 μοναχὸς
3041 5040 3130 5090 καὶ
3180 5039 3273 5090 τοῦ
3314 5039 3515 5107 κλήρου
3560 5042 3656 5093 καὶ
3699 5042 3801 5109 τῆς

572 5138 682 5188 ιιει.

2230 5128 2583 5195 ήγουμενείας
2616 5128 2946 5182 ἐκπεσεῖται.

571 5226 802 5280 ARIST.
850 5245 867 5277 ι
930 5226 1029 5291 Qui
1086 5227 1391 5294 quempiam
1441 5244 1505 5282 ex
1564 5228 1740 5281 alieno
1802 5220 2113 5276 monasterit

2229 5218 2447 5269 ΔΡΙΣΤ.
2494 5236 2512 5267 ‹
2571 5216 2632 5271 Ὀ
2688 5220 2746 5283 ἐξ
2781 5218 3065 5287 ἀλλοτρίας
3113 5218 3233 5270 τινὰ
3274 5219 3441 5287 μονῆς
3480 5220 3801 5289 δεχόμενος,

649 5336 666 5367 ι
711 5318 957 5384 suscipit,
984 5317 1027 5369 si
1060 5331 1180 5369 eum
1216 5317 1283 5369 ad
1328 5317 1641 5371 clericatum
1679 5321 2014 5385 promoveat,
2040 5317 2129 5361 aut

649 5427 665 5457 ι
698 5423 795 5460 suo
820 5406 1075 5477 praﬁciat
1123 5408 1469 5471 monasterio,
1504 5408 1727 5461 aliorum
1753 5405 2129 5460 communione

651 5516 668 5546 ι
709 5511 965 5564 privetur.
1010 5516 1028 5548 ι

660 5586 910 5641 Monachi
952 5589 1187 5657 regionis
1234 5589 1483 5656 episcopo
1513 5588 1705 5657 subjici
1742 5587 1956 5647 debent,
1986 5592 2036 5637 et
2068 5582 2123 5634 in

579 5682 949 5746 monasteriis,
985 5685 1037 5735 in
1067 5682 1262 5751 quibus
1296 5682 1538 5736 Collocati
1573 5690 1722 5746 sunt,
1760 5690 2128 5749 perseverare,

2308 5328 2328 5361 ι
2375 5311 2467 5361 ἐὰν
2495 5308 2617 5375 ἄγοι
2650 5310 2835 5360 τοῦτον
2861 5310 2936 5368 είς
2964 5310 3257 5377 κλήρωσιν,
3288 5310 3319 5378 ἦ
3347 5311 3447 5377 τῆς
3476 5311 3677 5371 οἰκείας
3706 5328 3806 5378 μο-

2310 5420 2326 5450 ι
2371 5402 2465 5469 γῆς
2498 5401 2817 5470 ἡγούμενον,
2852 5400 2961 5465 ἐξει
2998 5400 3059 5451 τὸ
3092 5400 3479 5469 ἀκοινώνητον.

2304 5581 2367 5632 ΟΞ
2411 5578 2630 5649 μοναχοὶ
2670 5579 2747 5649 τῷ
2782 5580 2920 5631 κατὰ
2956 5579 3138 5648 χώραν
3176 5582 3460 5647 ἐπισκὸπῳ
3495 5579 3806 5647 ὀφείλουσιν

2237 5676 2658 5739 ὑποτάσσεσθαι,
2704 5677 2795 5728 καὶ
2834 5678 3266 5747 προσκαρτερεῖν
3296 5678 3352 5728 ἐν
3383 5678 3493 5736 τοῖς
3531 5688 3808 5741 μοναστη·
