4018 6310
533 315 643 377 Ἇῆ

1795 315 2071 379 THEOD.
2114 318 2511 381 BALSAMON

3655 320 3763 383 «ἳΘῦ

616 454 631 482 ι
670 447 801 486 nare
840 431 1017 485 liceat.
1076 428 1339 485 Similiter
1399 429 1618 499 placuit.
1676 439 1732 483 ut
1793 432 1837 483 si
1888 431 2006 499 quis
2035 446 2098 483 ex

2277 452 2295 482 ι
2346 434 2526 502 ρικοὺς
2552 432 2748 498 ἐξεῖναι
2774 437 3112 503 χειροτονεῖν.
3152 434 3380 503 Ὁμοίως
3402 435 3616 503 ἤρεσεν,
3651 436 3753 489 ἵνα.

618 545 634 575 ι
673 525 849 577 alieno
914 523 1240 575 monasterio
1299 522 1533 590 aliquem
1574 522 1893 588 susceperit,
1925 531 1977 573 et
2011 520 2091 572 vel

620 637 637 668 ι
682 617 743 668 ad
769 614 1075 669 clericatum
1102 616 1385 677 adducere,
1412 616 1493 667 vel
1520 612 1827 667 monasterii
1850 613 1930 666 sui
1960 627 2095 680 prae-

614 729 630 757 ι
677 708 875 759 feetum
958 703 1292 757 constituere
1354 702 1603 765 voluerit,
1671 702 1973 769 episcopus,
2004 704 2093 768 qui

614 818 630 847 ι
670 798 769 849 hoc
806 795 955 855 facit,
988 809 1018 846 a
1060 794 1393 861 reliquorum
1452 792 1833 846 communione
1870 807 2095 859 separa-

613 906 630 937 ‹
674 898 777 948 tus,
807 887 877 940 sit
897 887 1009 939 sola
1038 885 1120 937 sui
1146 884 1322 952 populi
1354 884 1735 937 communione
1758 892 2043 938 contentus
2076 901 2090 937 :

613 997 629 1027 ε
665 977 752 1030 ille
788 986 965 1029 autem
1015 989 1113 1028 nec
1142 973 1373 1028 clericus
1432 988 1531 1028 nec
1565 972 1848 1041 praefectus
1882 989 2095 1043 perma-

609 1085 628 1115 ε
671 1075 813 1118 neat.
848 1084 865 1115 ι

608 1154 803 1209 BALS.
858 1156 1105 1210 Praesens
1178 1170 1349 1210 canon
1414 1156 1567 1224 punit
1617 1155 1948 1224 episcopum,
2004 1154 2095 1223 qui

541 1247 865 1298 monachum
932 1261 995 1298 ex
1048 1245 1224 1298 alieno
1262 1245 1591 1299 monasterio
1622 1245 1867 1313 suscipit,
1896 1254 1949 1298 et
1973 1259 2093 1297 eam

539 1336 592 1389 in
636 1336 817 1389 clerici
868 1336 1093 1404 gradum
1134 1335 1402 1401 provehit,
1430 1334 1514 1387 vel
1570 1334 1622 1387 in
1656 1335 1736 1387 sui
1784 1335 2096 1388 monasterii

540 1424 920 1492 prasfecturam
962 1442 976 1476 :
1006 1434 1059 1477 et
1094 1424 1357 1492 ejusmodi
1392 1424 1741 1488 monachum,
1776 1424 1865 1492 qui
1898 1425 1949 1476 in
1988 1424 2098 1477 cle-

540 1518 711 1570 ricum
775 1516 1065 1579 admissus,
1098 1514 1179 1567 vel
1217 1514 1381 1567 etiam
1448 1514 1764 1567 monasterii
1813 1512 2098 1582 praefectus

536 1618 750 1663 creatus
809 1616 911 1672 est,
946 1608 1090 1661 clero
1122 1614 1173 1659 et
1226 1605 1546 1675 praefectura
1596 1604 1835 1673 expellit.
1889 1602 1965 1656 Ne
2003 1604 2095 1655 tibi

536 1706 714 1751 autem
748 1698 831 1749 his
882 1698 1187 1749 contrarius
1216 1710 1336 1749 esse
1369 1695 1615 1747 videatur
1646 1704 1872 1762 quartus
1923 1709 2094 1747 canon

537 1789 727 1859 synodi
783 1804 901 1857 qua:
952 1790 1003 1840 in
1035 1787 1354 1840 Sanctorum
1392 1785 1775 1854 Apostolorum
1824 1785 1936 1838 atde
1964 1800 2095 1837 con-

539 1881 725 1932 stituta
751 1888 852 1941 est,
885 1888 1129 1930 statuens
1176 1892 1296 1930 esse
1328 1875 1379 1927 in
1411 1876 1783 1942 episcoporum
1814 1883 2095 1941 potestate,

538 1984 647 2025 non
691 1970 863 2022 solum
910 1968 1200 2021 monachos
1229 1981 1295 2019 ex
1347 1965 1448 2018 hoc
1487 1964 1812 2017 monasterio
1842 1963 1895 2016 in
1955 1962 2097 2015 aliud

536 2061 868 2123 transferre;
906 2062 997 2113 sed
1031 2060 1191 2112 etiam
1222 2072 1315 2111 eos
1362 2056 1709 2110 saecularibus
1738 2055 1940 2109 aedibus
1960 2067 2099 2121 pne-

538 2156 719 2208 llcere.
768 2154 870 2208 Sed
904 2155 1007 2214 dic,
1060 2153 1200 2221 quod
1252 2152 1340 2205 hic
1389 2151 1598 2219 quidem
1651 2148 1975 2217 prohibitum
2019 2155 2100 2199 est

539 2246 815 2314 episc0po,
839 2262 901 2299 ex
934 2244 1107 2297 aliena
1139 2244 1357 2312 regione
1400 2241 1722 2294 monachum
1747 2240 2010 2307 recipere,
2046 2244 2099 2289 et

539 2353 661 2390 eum
688 2338 852 2390 etiam
915 2335 1227 2404 praefectum
1276 2333 1358 2389 vel
1418 2335 1675 2388 clericum
1730 2332 2095 2385 constituere:

546 2429 657 2481 illic
690 2437 867 2480 autem
941 2427 1192 2494 episc0po
1225 2425 1543 2491 permissum
1593 2429 1677 2476 est
1711 2436 1739 2475 e
1774 2422 1984 2490 propria
2018 2435 2102 2473 re-

541 2518 700 2586 gione
749 2516 1059 2577 monachos,
1120 2522 1175 2567 et
1223 2513 1291 2567 ab
1328 2513 1431 2566 hoc
1464 2512 1795 2565 monasterio
1849 2512 1901 2563 in
1956 2510 2100 2562 aliud

541 2607 864 2669 transferre,
901 2616 955 2659 et
1011 2606 1064 2657 in
1121 2605 1364 2657 saeculari
1430 2603 1591 2656 etiam
1626 2601 2099 2656 administratione

536 2698 909 2759 constituere;
970 2693 1111 2761 quod
1178 2700 1372 2761 praeter
1444 2700 1678 2744 mentem
1757 2689 2099 2757 propriorum

540 2788 919 2857 episcoporum
984 2784 1098 2837 lierl
1153 2782 1358 2851 nequit.
1408 2781 1653 2835 Praesens
1703 2789 1881 2833 autem
1925 2792 2102 2832 canon

541 2887 667 2931 tunc
728 2876 903 2929 locum
960 2873 1200 2936 habebit,
1270 2870 1490 2939 quando
1538 2885 1603 2923 ex
1662 2869 1835 2921 aliena
1885 2867 2106 2933 regione

546 2964 847 3019 monachus
914 2962 1252 3015 dimissorias
1305 2961 1513 3013 litteras
1563 2958 1799 3026 episcopi
1846 2956 1962 3025 ejus
1996 2971 2101 3010 non

2269 543 2284 573 ι
2334 524 2429 577 ἐάν
2478 540 2559 585 τις
2586 525 2693 599 ἀπὸ
2725 524 3002 592 ἀλλοτρίου
3032 528 3396 595 μοναστηρίου
3437 524 3761 594 ὑποδέξηταί

2273 633 2289 663 ι
2334 632 2453 667 τινα
2480 616 2575 667 καὶ
2600 616 2734 685 πρὸς
2761 616 3031 685 κλήρωσιν
3057 618 3425 686 προσαγαγεῖν
3452 617 3701 686 ἐθελήσῃ,
3724 618 3759 685 ἢ

2272 722 2288 753 ι
2338 702 2428 754 τοῦ
2460 702 2589 754 ἰδίου
2613 704 2974 773 μοναστηρίου
3014 704 3314 771 ἡγούμενον
3348 704 3701 767 καταστήσω,
3732 703 3762 751 ὁ

2271 812 2288 843 ι
2330 792 2486 845 τοῦτο
2529 793 2696 845 ποιῶν
2746 795 3062 856 ἐπίσκοπος,
3110 792 3215 843 ἀπὸ
3260 792 3356 855 τῆς
3396 792 3506 843 τῶν
3558 790 3763 841 λοιπῶν

2271 901 2288 932 ι
2338 884 2617 943 κοινωνίας
2636 883 3019 952 χωριζόμενος,
3046 884 3110 951 τῇ
3143 880 3235 933 τοῦ
3263 881 3392 932 ἰδίου
3416 881 3544 934 λαοῦ
3573 896 3763 931 κοινω-

2269 994 2287 1026 ι
2338 976 2423 1044 νίᾳ
2454 977 2693 1045 ἀρκεσθῇ
2715 978 2850 1049 μόνῃ
2871 993 2885 1007 ³
2908 978 3112 1038 ἐκεῖνος
3129 978 3183 1029 δὲ
3203 978 3334 1047 μηδὲ
3352 976 3607 1044 κληρικδς
3626 972 3765 1044 μηδὲ

2272 1084 2289 1114 ι
2337 1066 2631 1135 ἡγούμενος
2662 1068 2931 1136 ἐπιμείνῃ;
2969 1087 2985 1117 ι

2268 1156 2464 1209 ΒΑΛΣ.
2523 1157 2581 1211 Ὀ
2626 1157 2818 1227 παρὼν
2858 1158 3036 1211 κανὼν
3077 1158 3291 1217 κολάζει
3335 1159 3427 1211 τὸν
3465 1158 3766 1210 ἐπίσκοπον

2198 1247 2588 1315 ὑποδεχόμενον
2622 1248 2731 1300 ἀπὸ
2772 1248 3053 1319 ἀλλοτρίου
3092 1250 3453 1319 μοναστηρίου
3496 1248 3762 1318 μοναχὸν,

2197 1339 2291 1390 καὶ
2335 1339 2639 1407 προάγοντα
2676 1337 2859 1391 τοῦτον
2897 1340 2975 1401 εἰς
3022 1339 3224 1407 βαθμὸν
3270 1340 3550 1407 κ’).ηε.ικοὺ,
3603 1340 3633 1405 ἢ
3684 1338 3767 1398 εἰς

2198 1430 2553 1498 ἠγουμενείαν
2581 1430 2710 1482 ἰδίου
2742 1430 3097 1500 μοναστηρίου
3120 1447 3133 1460 ⁸
3168 1432 3260 1483 καὶ
3290 1430 3376 1482 τὸν
3416 1429 3767 1497 κληρωθέντα

2197 1517 2251 1567 δέ
2276 1516 2515 1568 τοιοῦτον
2554 1518 2803 1586 μοναχὸν,
2830 1518 2861 1586 ἢ
2898 1522 2989 1571 καὶ
3021 1520 3279 1585 γεγονότα
3306 1520 3605 1587 ἡγούμενον
3636 1519 3770 1583 ἐξω-

2199 1604 2281 1657 θεῖ
2312 1604 2405 1656 τοῦ
2443 1606 2643 1674 κλήρου
2683 1606 2777 1658 καὶ
2808 1607 2914 1659 ἀπὸ
2946 1607 3041 1673 τῆς
3082 1609 3456 1676 ὴγουμενείας.
3493 1609 3582 1677 Μὴ
3614 1609 3769 1660 ἐναν-

2198 1696 2363 1763 τιωθῇ
2397 1695 2450 1747 δέ
2487 1712 2567 1747 σοι
2606 1697 2741 1763 πρὸς
2770 1698 2941 1749 ταῦτα
2980 1700 3006 1749 ὁ
3039 1697 3081 1748 δ’
3114 1698 3289 1750 κανὼν
3328 1699 3425 1765 τῆς
3455 1701 3511 1749 ἐν
3542 1698 3620 1766 τῷ
3653 1699 3769 1767 ναῷ

2199 1786 2306 1837 τῶν
2355 1786 2553 1852 Ἀγίων
2602 1786 2935 1839 Ἀποστόλων
2970 1789 3238 1857 συστάσης
3274 1789 3507 1851 συνόδου,
3540 1788 3771 1855 διοριζό-

2202 1891 2358 1943 μινος
2385 1874 2525 1943 ἔχειν
2545 1875 2627 1927 ἐπ’
2656 1877 2836 1938 ἀδείας
2857 1877 2982 1938 τοὺς
3002 1879 3349 1939 ἐπισκόπους,
3380 1880 3452 1946 μὴ
3481 1879 3638 1945 μόνον
3660 1878 3771 1932 ἀπὸ

2198 1966 2356 2033 τῆσδε
2378 1966 2473 2035 τῆς
2504 1968 2665 2035 μονῆς
2695 1968 2950 2034 μετάγειν
2968 1970 3044 2031 εἰς
3069 1970 3260 2039 ἐτέραν
3295 1970 3457 2038 μονὴν
3480 1972 3769 2039 μοναχοὺς,

2199 2053 2334 2108 ἀλλὰ
2376 2056 2469 2108 καὶ
2520 2060 2599 2119 είς
2642 2058 2919 2124 κοσμικῶν
2963 2061 3145 2112 οἰκιῶν
3194 2061 3527 2128 προστασίαν
3569 2062 3772 2123 αὑτοὶς

2200 2146 2483 2215 καθιστᾷν.
2530 2145 2668 2198 Ἀλλ’
2705 2148 2824 2200 εἰπέ
2856 2148 2936 2201 ὅτι
2977 2150 3206 2201 ἐνταῦθα
3239 2152 3335 2217 μὲν
3374 2150 3678 2204 κεκώλυται
3710 2155 3772 2205 τὸ

2198 2236 2308 2287 ἀπὸ
2346 2236 2629 2304 ἀλλοτρίας
2669 2238 2878 2304 ἐνορίας
2910 2239 3382 2307 ἀναλαμὸἀνεσθαι
3413 2241 3504 2294 τὸν
3532 2242 3773 2295 ἐπίσκο-

2203 2343 2304 2379 πον
2346 2328 2599 2395 μοναχὸν,
2642 2330 2733 2379 καὶ
2767 2330 3028 2398 καθιστᾷν
3054 2330 3241 2382 τοῦτον
3271 2332 3568 2399 ἡγούμενον
3605 2334 3637 2402 ἢ
3675 2336 3773 2387 καὶ⁵

2202 2414 2462 2485 κληρικὸν
2486 2457 2500 2480 ,
2541 2419 2715 2469 ἐκεῖσε
2747 2418 2801 2469 δὲ
2827 2418 3137 2490 ἐξεχωρήθη
3166 2423 3243 2490 τῷ
3269 2424 3545 2492 ἐπισκόπιρ
3573 2424 3631 2475 τὸ
3661 2425 3773 2478 ἀπδ

2201 2507 2299 2575 τῆς
2328 2509 2533 2569 οἰκείας
2561 2508 2773 2577 ἐνορίας
2807 2512 3069 2579 μοναχοὺς
3104 2514 3446 2578 μετατιθέναι
3476 2515 3583 2567 ἀπὸ
3608 2517 3774 2582 τῆσδε

2202 2598 2298 2667 τῆς
2336 2600 2497 2667 μονῆς
2533 2602 2611 2661 εἰς
2647 2600 2860 2667 ἑτέραν,
2893 2604 2983 2653 καὶ
3021 2602 3099 2663 εἰς
3128 2604 3400 2673 κοσμικὴν
3435 2606 3778 2675 προστασίαν

2204 2687 2500 2757 καθιστᾷν·
2540 2689 2677 2758 ὅπερ
2710 2691 2859 2757 παρά
2891 2691 3116 2759 γνώμην
3148 2694 3257 2743 τῶν
3296 2694 3575 2764 ἐγχωρίων
3648 2698 3775 2749 ἐπι-

2205 2779 2299 2830 σκό
2313 2796 2417 2829 πων
2442 2779 2765 2845 γενέσθαιοὺ
2789 2779 3026 2834 δύναται.
3054 2782 3184 2834 Τότε
3208 2784 3264 2835 δέ
3292 2784 3358 2836 τὰ
3385 2785 3476 2836 τοῦ
3508 2786 3778 2855 παρόντος

2205 2870 2424 2929 κανόνος
2459 2869 2641 2934 ἕξουσι
2673 2875 2876 2939 χώραν,
2905 2871 3030 2924 ὅταν
3062 2873 3089 2923 ό
3121 2872 3227 2925 ἀπὸ
3249 2874 3534 2944 ἀλλοτρίας
3557 2877 3774 2947 ἐνορίας

2210 2960 2441 3029 μοναχὺς
2493 2961 2593 3013 οὑκ
2638 2962 2964 3030 ἐπιφέρηται
3020 2963 3350 3034 ἀπολυτικὴν
3402 2966 3620 3035 γραφὴν
3678 2968 3776 3019 τοῦ

540 3058 717 3111 aﬂ‘ert.
746 3057 897 3110 Tunc
927 3056 1069 3109 enim
1093 3054 1227 3109 citra
1256 3051 1696 3117 impedimentum
1729 3047 1816 3100 fiet
1850 3048 1899 3099 in
1928 3045 2099 3099 aliena

2208 3051 2506 3102 ἐπισκόπου
2524 3051 2709 3103 αὑτοῦ.
2734 3051 3041 3120 Τηνικαῦτα
3066 3055 3173 3122 γὰρ
3191 3056 3674 3124 ἀπαρεμποδίστως
3694 3058 3779 3119 εἰς

543 3150 764 3217 regione
822 3145 1136 3199 monasterii
1198 3142 1484 3212 praal'ectus
1535 3148 1589 3192 et
1675 3138 1920 3190 clericus.
1952 3134 2103 3199 Quod

545 3252 723 3294 autem
768 3240 1003 3293 litbodie
1029 3253 1055 3289 a
1106 3234 1547 3289 monasteriorum
1617 3229 1908 3299 prmlectis,
1951 3226 2102 3294 quia

543 3344 602 3382 se
636 3330 894 3382 detonsos
932 3342 1053 3380 cum
1111 3325 1306 3378 litteris
1364 3324 1656 3378 dimittant,
1710 3329 1766 3372 ut
1823 3319 1876 3371 in
1934 3317 2107 3369 alieno

546 3419 876 3471 monasterio
910 3415 1160 3469 monachi
1209 3427 1327 3466 esse
1360 3412 1584 3481 possint,
1620 3424 1726 3461 non
1759 3417 1857 3471 est,
1885 3417 1940 3459 ut
1975 3406 2105 3458 mihi

545 3512 781 3573 videtur,
853 3507 1065 3560 ﬁrmum
1125 3516 1179 3558 et
1239 3512 1577 3556 accuratum.
1630 3500 1790 3568 617
1858 3495 2104 3565 Episcopi

545 3600 688 3653 enim
751 3597 1089 3651 demissoriis
1138 3594 1309 3661 magis
1346 3607 1480 3658 Opus
1532 3600 1615 3643 est
1646 3592 1717 3653 ei,
1754 3589 1841 3655 qui
1873 3587 2105 3654 migrare

548 3688 810 3751 voluerit;
864 3702 967 3739 non
1022 3695 1199 3738 autem
1255 3680 1565 3735 monasterii
1618 3678 1904 3745 prmfecti:
1964 3674 2105 3742 quod

547 3778 819 3847 episcopis
853 3777 1021 3842 magis
1055 3773 1280 3841 subjecti
1335 3781 1462 3824 sunt
1492 3769 1762 3829 monachi,
1796 3780 1954 3831 quam
1986 3780 2108 3817 mo-

548 3869 907 3920 nasteriorum
935 3864 1231 3933 prelectis.
1262 3860 1383 3913 llmc
1412 3868 1592 3912 autem
1622 3858 1802 3909 locum
1833 3855 2108 3907 habebunt

549 3960 601 4011 in
661 3957 872 4010 caeteris
922 3954 1230 4021 episcopis:
1281 3965 1385 4003 non
1441 3956 1619 4001 autem
1679 3946 1730 3998 in
1798 3945 2107 4010 patriarcha

548 4044 1176 4109 Constantinopolitano.
1239 4039 1297 4093 Ei
1355 4039 1521 4103 enim,
1579 4046 1637 4089 ut
1692 4049 1833 4102 saepe
1881 4034 2107 4095 dictum,

553 4135 871 4199 permissum
924 4144 1005 4184 est
1040 4130 1335 4183 monachos
1370 4139 1420 4181 et
1451 4126 1683 4179 clericos
1710 4138 1773 4176 ex
1803 4121 2108 4189 regionibus

547 4224 764 4285 alienis,
822 4236 921 4275 nec
948 4221 1060 4285 ejus
1091 4219 1202 4272 sedi
1257 4216 1476 4269 omnino
1529 4214 1809 4280 subjectis,
1837 4212 2107 4278 accipere.

549 4316 654 4367 Sed
691 4328 794 4366 non
824 4313 1006 4365 itidem
1043 4310 1385 4361 Antiocheno
1414 4305 1631 4367 throno,
1671 4303 1753 4355 vel
1800 4301 2108 4369 Hierosoly-

551 4408 774 4470 Initano,
816 4406 889 4459 vel
924 4405 1035 4457 alii.

620 4497 873 4553 ZONAR.
922 4497 1261 4557 Monachum,
1296 4494 1383 4563 qui
1428 4507 1455 4545 a
1508 4490 1836 4545 monasterio
1870 4502 1968 4541 suo
1998 4487 2111 4539 dis—

552 4589 797 4650 cesserit,
862 4586 929 4638 ab
974 4586 1078 4638 alio
1134 4585 1323 4651 quovis
1376 4582 1538 4647 recipi
1600 4582 1821 4633 vetitum
1878 4586 1986 4631 est.
2054 4575 2112 4628 Si

554 4676 713 4743 igitur
763 4677 1067 4741 episcopus,
1106 4674 1305 4740 inquit,
1338 4670 1601 4738 ejusmodi
1652 4666 1975 4721 monachum
2030 4679 2114 4716 re-

555 4769 740 4834 cipiat,
762 4782 989 4833 enmque
1012 4766 1090 4819 vel
1117 4764 1436 4818 menastcrii
1464 4762 1771 4829 praefectum
1797 4760 2112 4822 constituat;

2207 3140 2493 3209 ἀλλοτρίαν
2518 3141 2729 3210 ἐνορίαν
2755 3141 3048 3209 ἡγούμενος
3070 3144 3358 3211 γενήσεται
3382 3148 3471 3198 καὶ
3494 3146 3775 3216 κληρικός.

2207 3230 2279 3281 Τὸ
2306 3232 2486 3298 μέντοι
2511 3232 2746 3298 σήμερον
2782 3236 3059 3301 γινόμενον
3090 3237 3238 3303 παρὰ
3259 3238 3365 3289 τῶν
3389 3238 3783 3305 ήγουμενευόν-

2207 3339 2335 3382 των,
2362 3323 2452 3373 καὶ
2471 3322 2809 3374 ἀπολυόντων
2826 3324 2959 3389 μετὰ
2978 3327 3191 3394 γραφῆς
3207 3326 3329 3387 τοὺς
3348 3326 3436 3377 ὑπ’
3453 3328 3628 3378 αὑτῶν
3645 3329 3784 3380 ἀπο·

2208 3411 2496 3478 καρέντας,
2522 3411 2660 3462 ὥστε
2698 3414 2923 3479 μονάσαι
2952 3417 3029 3475 εἰς
3059 3415 3249 3482 ἑτέραν
3277 3416 3575 3483 μονὴν,οὑκ
3612 3417 3782 3481 ἐστιν,

2209 3499 2283 3559 ὼς
2339 3502 2462 3567 ἐμοὶ
2496 3500 2673 3562 δοκεῖ,
2704 3502 2947 3569 ἀκριϐές.
3000 3503 3393 3570 Ἐπισκοπικῆς
3430 3508 3537 3575 γὰρ
3583 3507 3785 3575 μᾶλλον

2210 3588 2554 3655 ἀπολυτικῆς
2582 3589 2798 3657 γραφῆς
2822 3588 2974 3657 χρεία
2997 3591 3073 3658 τῷ
3098 3595 3419 3658 μεταπεσεῖν
3445 3593 3780 3663 βουλομένῳ,

2211 3681 2329 3748 οὐχὶ
2356 3681 2450 3749 τῆς
2474 3680 2564 3731 τοῦ
2592 3681 3046 3749 ὴγουμενεὺοντος
3064 3697 3077 3711 '
3103 3682 3183 3732 ὃτι
3208 3682 3297 3732 καὶ
3324 3686 3432 3742 τοῖς
3462 3684 3784 3747 ἐπισκόποις

2215 3771 2410 3837 μᾶλλον
2460 3771 2771 3823 ὑπόκεινται
2821 3772 2872 3823 οἰ
2920 3772 3145 3839 μοναχοὶ
3184 3771 3215 3839 ἢ
3269 3773 3380 3832 τοῖς
3437 3773 3781 3841 ἡγουμένοις.

2211 3860 2393 3913 Ταῦτα
2430 3860 2485 3913 δὲ
2522 3863 2886 3928 κρατήσουσιν
2920 3863 2997 3921 εἰς
3036 3862 3163 3918 τοὺς
3195 3861 3387 3922 ἄλλους
3418 3863 3741 3922 ἐπισκόπους
3764 3878 3782 3894 ο

2209 3952 2269 4001 οὑ
2301 3950 2403 4019 μὴν
2434 3951 2526 4001 καὶ
2553 3954 2631 4011 είς
2658 3950 2747 4001 τόν
2770 3951 3118 4019 πατριάρχην
3140 3952 3785 4012 Κωνσταντινουπόλεως.

2209 4040 2368 4107 Αὑτῷ
2397 4040 2505 4108 γὰρ
2527 4077 2541 4101 ,
2572 4040 2644 4101 ὡς
2668 4040 2926 4100 πολλάκις
2960 4039 3176 4108 εἴρηται
3195 4080 3208 4100 ,
3248 4040 3460 4109 ἐνεδόθη
3496 4042 3600 4092 ἀπὸ
3630 4043 3789 4094 ἀλλο-

2210 4129 2374 4198 τρίων
2400 4130 2621 4197 ἐνοριῶν
2651 4128 3410 4198 ἁπαρεμποδίστωςδέχεσθαι
3437 4131 3701 4197 μοναχούς
3723 4147 3785 4183 τι

2212 4222 2305 4271 καὶ
2347 4220 2640 4287 κληρικοὺς
2665 4260 2678 4283 ,
2709 4221 2805 4287 οὑχ
2846 4220 3231 4286 ὑποκειμένους
3260 4221 3475 4281 πάντως
3502 4220 3579 4287 τῷ
3609 4220 3789 4289 θρόνῳ

2212 4306 2395 4360 αὑτοῦ.
2428 4310 2501 4359 Οὑ
2541 4308 2645 4377 μὴν
2680 4312 2771 4360 καὶ
2804 4310 2879 4375 τῷ
2911 4308 3083 4376 θρόνῳ
3122 4307 3214 4360 τοῦ
3258 4309 3663 4379 Ἀντιοχείας,ἠ
3690 4313 3788 4363 τοῦ

2143 4391 2185 4444 D
2224 4395 2631 4465 Ἰεροσολύμων,
2662 4399 2693 4466 ἢ
2724 4398 2905 4451 ἄλλου.

2283 4485 2525 4539 ΖΩΝΑΡ.
2581 4487 2708 4537 ’Δπὸ
2752 4487 3110 4556 μοναστηρίου
3146 4488 3574 4558 ὑποχωρήσαντα
3622 4508 3791 4559 μοναο

2216 4576 2306 4643 χὸν
2359 4575 2605 4643 δέχεσθαι
2656 4578 2783 4644 παρ’
2826 4577 3013 4644 ἐτέρου
3067 4579 3465 4647 ἀπηγόρευται,
3526 4580 3652 4631 Ἐὰν
3694 4582 3792 4633 οὖν

2215 4665 2544 4726 ἐπίσκοπος,
2587 4667 2749 4732 φησί,
2788 4666 3026 4716 τοιοῦτον
3064 4665 3283 4736 δέξηται
3318 4669 3586 4737 μοναχὸν,
3625 4672 3714 4721 καὶ
3753 4672 3789 4739 ἢ

2216 4754 2475 4822 κληρικὸν
2508 4756 2664 4806 αὑτὸν
2698 4758 3079 4826 χειροτονήσῃ,
3112 4757 3143 4825 ἢ
3186 4760 3484 4827 ἡγούμενον
3521 4778 3799 4829 μοναστη-

558 4860 845 4923 episc0pus
874 4856 1085 4923 qridem
1135 4855 1361 4907 aliorum
1400 4849 1673 4904 consortio
1700 4849 1974 4908 exclusus,
2006 4847 2102 4901 sol:

2221 4848 2336 4916 ρίου
2366 4848 2585 4916 ποιήσῃ,
2615 4849 2641 4897 ό
2671 4847 2767 4913 μὲν
2795 4847 3089 4909 ἐπίσκοπος
3116 4848 3266 4902 ἔσται
3287 4853 3353 4918 τῇ
3382 4850 3473 4901 τοῦ
3502 4851 3631 4901 ἰδίου
3660 4850 3792 4900 λαοῦ

559 4948 740 5016 populi
774 4948 853 5000 sui
888 4947 1272 5000 communione
1320 4953 1605 4997 contentus
1637 4941 1740 4993 erit
1772 4956 1785 4991 :
1822 4940 2102 4991 monachus

2224 4940 2380 5007 μόνου
2409 4938 2660 5006 κο.νωνίᾳ
2683 4938 3041 5006 ἀρκούμενος,
3066 4940 3266 5006 ἐτέρων
3290 4940 3439 5007 αὑτῷ
3468 4943 3541 5008 μὴ
3572 4957 3795 5007 συγκοι-

562 5052 689 5090 vero
712 5047 764 5089 et
793 5052 822 5088 e
850 5036 997 5089 clero
1027 5036 1275 5104 ejicietur
1322 5042 1375 5086 et
1406 5030 1741 5100 praefectura:
1776 5032 1943 5097 gradu
1968 5030 2102 5082 exci-

2221 5026 2527 5079 νωνούντων
2556 5043 2567 5055 ·
2614 5029 2640 5077 ό
2669 5027 2723 5077 δὲ
2758 5030 2985 5097 μοναχὸς
3034 5031 3123 5080 καὶ
3173 5029 3265 5080 τοῦ
3307 5030 3508 5098 κλήρου
3553 5032 3649 5084 καὶ
3691 5031 3795 5100 τῆς

565 5132 675 5181 det.

2224 5120 2353 5185 ἡγου
2364 5119 2576 5185 μενείας
2610 5120 2742 5169 ἐκπε
2752 5122 2939 5172 σείται.

565 5218 796 5273 ARIST.
844 5237 861 5270 ι
924 5219 1023 5284 Qul
1081 5218 1385 5287 quempiam
1436 5235 1499 5273 ex
1558 5219 1734 5272 alieno
1796 5211 2102 5267 monasterii

2223 5209 2440 5259 ΔΡΙΣΤ.
2488 5227 2505 5257 ι
2565 5207 2626 5261 Ὀ
2682 5210 2739 5273 ἐξ
2775 5208 3059 5278 ἀλλοτρίας
3107 5208 3226 5260 τινὰ
3268 5210 3434 5278 μονῆς
3474 5210 3795 5278 δεχόμενος,

643 5330 660 5359 ι
705 5310 951 5377 suscipit,
979 5309 1021 5361 si
1054 5323 1174 5360 eum
1211 5308 1277 5360 ad
1323 5308 1635 5361 clericatum
1673 5312 2007 5375 promoveat,
2035 5308 2124 5352 aut

643 5420 659 5449 ι
693 5416 790 5453 suo
814 5399 1070 5469 praeficiat
1118 5400 1464 5462 monasterio,
1498 5398 1720 5451 aliorum
1747 5396 2123 5450 communione

646 5509 662 5539 ι
704 5492 960 5557 privetur.
1004 5507 1023 5540 ι

655 5579 905 5634 Monachi
948 5580 1182 5649 regionis
1229 5580 1479 5648 episcopo
1508 5580 1700 5648 subjici
1737 5578 1950 5638 debent,
1980 5584 2030 5627 et
2062 5573 2117 5625 in

574 5674 943 5738 monasteriis,
980 5678 1032 5727 in
1062 5674 1257 5743 quibus
1291 5673 1533 5727 collocati
1568 5681 1717 5737 sunt,
1754 5681 2122 5741 perseverare,

2302 5318 2322 5351 ι
2368 5302 2461 5352 ἐὰν
2489 5299 2611 5367 ἄγοι
2644 5300 2828 5351 τοῦτον
2854 5300 2929 5358 εἰς
2958 5301 3252 5368 κλήρωσιν,
3282 5300 3313 5369 ἦ
3342 5301 3441 5367 τῆς
3469 5300 3670 5360 οἰκείας
3698 5317 3801 5367 μο-

2304 5410 2320 5441 ι
2366 5393 2459 5459 νῆς
2492 5392 2811 5460 ἡγούμενον,
2845 5391 2955 5454 ἒξει
2992 5391 3053 5442 τὸ
3086 5390 3472 5459 ἀκοινώνητον.

2298 5571 2361 5623 ΟΞ
2406 5570 2624 5639 μοναχοὶ
2665 5570 2741 5639 τῷ
2776 5570 2914 5621 κατὰ
2950 5569 3133 5639 χώραν
3170 5572 3454 5637 ἐπισκόπῳ
3488 5569 3801 5637 ὀφείλουσιν

2232 5667 2653 5730 ὑποτάσσεσθαι,
2698 5668 2789 5718 καὶ
2828 5669 3259 5737 προσκαρτερεῖν
3290 5669 3346 5718 ἐν
3377 5668 3487 5726 τοῖς
3525 5677 3767 5732 μοναστη
3788 5692 3803 5702 -
