4018 6310
608 302 710 361 299

1872 301 2144 362 ΤΠΕΟΙ).
2193 298 2284 356 BA
2298 299 2432 357 LSA
2444 299 2595 357 ΜΘΝ

3734 297 3849 360 3ου

610 412 871 470 liberatis.
899 410 1024 466 llaec
1053 412 1194 465 enim
1223 411 1438 466 novella
1476 411 1540 467 de
1571 412 1698 468 solis
1727 413 1879 467 laicis
1906 414 2160 481 loquitur,

2270 413 2456 481 μάτων
2490 411 2583 461 τοῦ
2615 406 3142 475 τελευτήσαντος,·ὡς
3173 404 3499 460 ἀπεντεῦθεν
3524 404 3848 475 ἐλευθερου-

606 519 661 562 et
693 508 744 561 in
778 508 843 560 iis
875 506 1159 565 vim.suam
1211 504 1457 558 obtinere
1498 505 1692 570 debet;
1731 506 1869 558 sicut
1912 505 2163 572 praedicta

608 596 900 652 Iustiniani
928 595 1136 648 novella
1169 594 1345 648 locum
1378 596 1539 650 habet
1589 598 1639 649 in
1670 593 1938 665 episeOpis
1975 602 2023 647 el
2058 595 2168 647 ele-

608 690 759 751 ricis,
793 687 883 754 qui
915 685 1150 738 intestati
1184 686 1509 740 moriuntur.

677 863 931 920 ZONAh.
990 865 1441 930 Quadragesimus
1544 867 1906 933 apostolorum
1940 881 2109 921 canon
2150 886 2161 921 :

618 956 945 1017 Manifesta},
969 955 1163 1022 inquit,
1195 956 1301 1006 sint
1326 956 1563 1023 episcopi
1599 973 1682 1010 res
1716 960 1965 1028 propriae,
2001 961 2167 1011 mani-

606 1046 755 1099 t'estze
803 1056 855 1098 et
909 1043 1236 1124 dominicae}
1271 1054 1326 1095 ut
1358 1047 1428 1097 sit
1480 1046 1533 1099 in
1570 1057 1834 1114 potestate
1890 1050 2166 1102 morientis

606 1136 843 1203 episcopi
883 1135 1121 1203 propria,
1158 1135 1353 1202 quibus
1382 1135 1516 1197 vult,
1561 1137 1885 1204 relinquere.
1915 1142 2025 1193 Non
2054 1143 2166 1194 dis-

608 1228 808 1281 similia
864 1225 1119 1277 Antioch.
1170 1240 1289 1294 syn.
1324 1240 1446 1279 can.
1499 1227 1569 1281 ‘24
1603 1231 1969 1285 continentur.
2031 1233 2165 1287 lline

608 1320 775 1385 igitur
837 1317 961 1368 licet
1020 1316 1270 1381 episcopo
1308 1330 1392 1369 res
1429 1331 1553 1370 suas
1601 1320 2015 1389 quihuseunque
2043 1324 2166 1376 velit

608 1408 934 1472 relinquere,
994 1405 1153 1454 modo
1204 1402 1388 1456 ﬁdeles
1441 1406 1549 1457 sint
1592 1415 1645 1457 et
1696 1410 2023 1475 orthodoxi;
2059 1428 2161 1464 non

612 1506 792 1551 autem
848 1492 1148 1547 inﬁdelibus
1181 1503 1233 1546 et
1295 1492 1585 1555 hmreticis,
1639 1500 1801 1549 etiam
1842 1504 2163 1567 ceguatione

612 1583 936 1649 conjunctis.
972 1581 1125 1645 Quod
1159 1581 1202 1633 si
1234 1582 1471 1634 moriens
1494 1584 1725 1651 aliquem
1760 1601 1825 1638 ex
1856 1588 1961 1640 illis
1993 1592 2161 1643 haere-

2271 504 2469 571 μένων.
2504 502 2571 552 Ἠ
2600 502 2703 569 γὰρ
2732 498 2899 568 νεαρὰ
2921 497 3058 563 αὕτη
3086 499 3162 558 είς
3192 497 3317 558 τοὺς
3360 495 3577 556 λαῖκοὺς
3633 495 3836 561 ὲξεφωο

2268 593 2404 661 νήθη
2427 592 2521 644 καὶ
2550 591 2761 659 μόνους,
2816 591 2906 641 καὶ
2949 587 3151 654 ὀφείλει
3206 588 3423 655 κρατεῖν
3465 588 3544 647 είς
3599 584 3847 645 τούτους,

2267 683 2456 752 ῶσπερ
2486 683 2563 742 εἰς
2596 683 2717 743 τοὺς
2742 679 3053 739 ἁδιαθέτους
3103 678 3428 736 ἐπισκόπους
3496 675 3585 727 καὶ
3647 675 3851 743 κληρι-

2268 774 2396 835 κους
2418 772 2760 841 ὲνεργήσειή
2803 770 3028 839 ρηθείσα
3075 767 3500 828 Ἰουστινιάνειος
3540 765 3731 832 νεαρὰ.

2342 864 2585 919 ΖΩΝΑΡ.
2636 864 2695 915 '0
2724 858 3151 930 τεσσαρακοστὺς
3182 858 3290 910 τῶν
3317 858 3483 925 ἁγίων
3526 855 3849 907 ἀποστόλων

2271 959 2468 1020 κανὼν,
2512 955 2713 1018 Ἔστω,
2750 954 2904 1020 φησὶ,
2930 949 3135 1019 φανερὰ
3158 950 3228 1000 τὰ
3276 949 3380 1000 ῐδια
3419 948 3510 999 τοῦ
3537 944 3849 998 ἑπισκόπου

2270 1051 2587 1119 πράγματα,
2638 1044 2728 1097 καὶ
2790 1044 2999 1112 φανερὰ
3045 1042 3112 1093 τὰ
3174 1039 3444 1106 κυριακά’
3478 1038 3542 1089 ἶν’
3590 1036 3850 1099 ἐξουσίαν

2267 1139 2727 1209 ἔχῃόὲπίσκοπος
2755 1133 3034 1195 τελευτῶν,
3091 1125 3170 1193 οἷς
3220 1128 3464 1197 βούλεται
3517 1124 3851 1193 καταλείψαι

2264 1230 2335 1281 τὰ
2389 1229 2508 1279 ἴδια.
2560 1227 2639 1277 Τὰ
2698 1226 2858 1291 ὅμοια
2900 1223 2956 1274 δὲ
3009 1223 3103 1273 καὶ
3141 1217 3269 1272 ὁκδ¹
3299 1218 3394 1286 τῆς
3425 1219 3482 1268 έν
3542 1215 3853 1284 Ἀντιοχείᾳ

2269 1318 2484 1369 συνόδου
2532 1314 2709 1368 κανὼν
2766 1314 3121 1365 διατάττεται.
3186 1311 3334 1377 Ἔχει
3386 1307 3514 1373 γοῦν
3544 1309 3606 1357 ἐκ
3634 1306 3852 1357 τούτων

2265 1410 2448 1463 ἄδειαν
2475 1410 2502 1460 ό
2543 1407 2836 1467 ἐπίσκοπος
2868 1404 2937 1455 τὰ
2986 1401 3181 1455 ἑαυτοῦ
3230 1402 3528 1470 πράγματα
3567 1395 3850 1463 καταλιμ-

2267 1502 2452 1552 πάνειν
2478 1495 2557 1559 οἷς
2586 1496 2855 1567 βούλεται,
2899 1496 3106 1554 πιστοῖς
3152 1492 3333 1561 μέντοι
3376 1490 3467 1543 καὶ
3517 1486 3847 1557 όρθοδόξοις,

2265 1593 2325 1643 οὐ
2363 1592 2465 1659 μὴν
2496 1591 2790 1658 αἱρετικοϊς
2820 1587 2852 1656 ἦ
2883 1586 3149 1647 ἀπίστοις,
3192 1583 3307 1635 ἀλλ’
3354 1581 3475 1633 οὐδὲ
3516 1577 3853 1644 συγγενέσιν

610 1676 732 1728 dem
762 1672 1062 1740 scripserit,
1095 1674 1141 1726 is
1170 1672 1384 1739 quidem
1420 1672 1587 1725 etiam
1625 1685 1743 1741 post
1774 1687 1999 1731 mortem
2030 1694 2159 1732 ana-

2267 1682 2427 1734 αὺτοῦ
2460 1680 2739 1739 τοιούτοις.
2777 1679 2836 1728 El
2870 1677 2925 1727 δὲ
2957 1676 3222 1735 τοιούτους
3256 1673 3405 1731 τινας
3456 1670 3842 1737 κληρονόμους

608 1767 840 1818 themate
872 1752 1191 1831 percutitur,
1240 1761 1463 1829 ejusque
1498 1779 1693 1818 nomen
1746 1780 1775 1818 e
1818 1769 2160 1821 saccrdomm

604 1857 757 1909 lastis
784 1864 837 1907 et
877 1854 1135 1907 memoria
1196 1856 1480 1909 eximitur.
1534 1858 1708 1925 Atque
1744 1861 1859 1914 haec
1918 1863 2158 1930 quidem,

604 1948 859 2013 episcopo
886 1943 1253 1997 haereditatem
1313 1945 1839 2018 hmrclicislrgante.
1878 1953 1957 2005 sic
1994 1954 2160 2008 habe-

606 2041 755 2089 bunt.
792 2032 921 2097 Quae
952 2047 1082 2085 vero
1129 2033 1179 2086 in
1212 2049 1419 2088 canone
1453 2037 1703 2103 deinceps
1755 2050 2073 2109 sequuntur,
2100 2058 2160 2096 ea

607 2138 706 2178 nec
739 2123 1022 2190 explicari,
1062 2135 1159 2174 nec
1188 2123 1415 2192 intelligi
1445 2126 1601 2180 facile
1634 2141 1875 2194 possunt.
1912 2131 2163 2185 Arbitror

611 2224 790 2266 tamen
841 2211 1053 2265 illorum
1092 2211 1229 2263 hanc
1279 2226 1399 2265 esse
1433 2218 1789 2283 sententiam;
1826 2221 2078 2273 nimirum
2112 2222 2159 2275 si

610 2305 756 2356 nullo
815 2304 955 2354 facto
1000 2310 1321 2354 testamento
1375 2305 1659 2373 episcOpus
1718 2311 1999 2373 moriatur,
2031 2313 2160 2364 nihil

607 2394 975 2448 excusationis
1034 2395 1151 2460 eius
1188 2397 1489 2447 successori
1524 2397 1769 2449 relictum
1802 2400 1888 2461 iri,
1934 2401 2035 2453 nisi
2072 2417 2158 2453 re-

606 2498 724 2537 rum
774 2483 940 2549 ipsius
993 2482 1331 2549 propriarum
1359 2485 1795 2550 procurationem
1832 2489 1933 2541 rite
1988 2490 2159 2543 su'sci-

611 2578 742 2643 riat.
780 2574 861 2626 Ab
896 2587 961 2625 eo
992 2588 1243 2640 namque,
1280 2584 1329 2624 ut
1366 2574 1602 2642 episcopi
1634 2576 1895 2628 demortui
1932 2576 2158 2630 faculta-

612 2676 723 2717 tum
774 2662 1205 2732 procurationem
1262 2663 1545 2729 suscipiat,
1602 2665 1775 2730 deque
1807 2667 1934 2731 illis,
1969 2683 2064 2733 pro
2097 2683 2156 2720 ea

604 2771 766 2825 quam
799 2754 967 2807 edidit
992 2752 1278 2805 voluntatis
1308 2767 1417 2804 sna:
1450 2752 1802 2817 professione,
1840 2759 2154 2823 constituat,

603 2846 923 2917 postulatur.
984 2842 1241 2907 Quisquis
1291 2843 1433 2893 enim
1472 2844 1753 2909 t-piSCUptts
1788 2849 2154 2912 renuntiatur,

603 2953 840 2993 canones
902 2951 959 2990 se
1020 2945 1356 2988 servaturmn
1415 2947 1532 2985 esse
1566 2934 1866 3000 proﬁtetur.
1909 2936 2156 2992 Canunes

2264 1773 2529 1825 τελευτῶν
2581 1770 2800 1840 γράψει,
2855 1770 3057 1827 ἐκεῖνος
3106 1765 3201 1832 μὲν
3264 1764 3352 1815 καὶ
3423 1760 3559 1829 μετὰ
3610 1758 3847 1811 θάνατον

2263 1864 2738 1931 ἁναθεματίζεται,
2766 1860 2856 1911 καὶ
2884 1859 2941 1909 τὸ
2972 1858 3139 1924 δνομα
3169 1853 3330 1907 αὑτοῦ
3377 1855 3438 1903 ὲκ
3478 1851 3575 1918 τῆς
3617 1848 3849 1915 μνήμης

2263 1956 2369 2009 τῶν
2392 1954 2579 2021 ἱερέων
2611 1950 2987 2015 ἀπαλείφεται.
3034 1946 3215 1999 Ταῦτα
3267 1943 3381 2012 μὲν,
3425 1943 3474 1992 εί
3522 1936 3847 2002 διαθέμενος

2264 2042 2569 2115 αἱρετικοῦς
2603 2040 2915 2106 καταλείψει
2949 2035 3312 2105 κληρονόμους
3336 2047 3351 2064 ·
3406 2032 3463 2083 τὸ
3494 2029 3537 2080 δ’
3576 2027 3703 2094 ἑξῆς
3740 2023 3843 2115 τοῦ

2264 2108 2481 2194 κανόνος
2510 2128 2845 2199 δύσφραστόν
2871 2127 3005 2185 ἐστι,
3030 2121 3323 2204 κάντεῦθεν
3376 2117 3682 2184 δυσνόητον.
3738 2108 3842 2164 Οἷ-

2265 2235 2362 2287 μαι
2390 2217 2444 2268 δὲ
2472 2215 2648 2280 λέγειν
2696 2214 2798 2275 ὅτι,
2835 2212 2926 2263 ἐὰν
2957 2200 3233 2269 ἀδιᾶθετος
3281 2206 3578 2272 τελευτήσῃ
3629 2204 3655 2252 ό
3718 2200 3844 2249 ἐπί-

2262 2326 2480 2370 σκοπος,
2515 2305 2913 2373 ἀναπολόγητος
2938 2303 3086 2353 ἔσται
3116 2302 3145 2351 ὁ
3184 2298 3301 2367 μετ’
3328 2296 3489 2348 αὑτὸν
3542 2294 3843 2349 ἐπίσκοπος

2261 2401 2556 2467 ἀπολογίας
2586 2396 2962 2465 στερούμενος,
2996 2395 3044 2445 εἰ
3078 2395 3150 2461 μὴ
3175 2388 3542 2455 οἰκοινομήσει
3588 2384 3654 2436 τὰ
3690 2382 3841 2434 ίδικά

2260 2490 2424 2544 αὐτοῦ
2477 2489 2775 2557 πράγματα
2824 2486 3064 2545 εἰκότως,
3119 2484 3239 2533 ἐπεὶ
3282 2478 3482 2545 ὀφείλει
3537 2473 3627 2525 καὶ
3676 2470 3840 2538 χρέος

2258 2582 2369 2648 ἔχει
2426 2578 2521 2646 τὴν
2571 2576 2922 2635 διατύπωσιν,
2976 2575 3143 2641 ήγουν
3205 2570 3302 2637 τὴν
3364 2563 3672 2631 οἰκονομίαν
3728 2559 3841 2610 τῶν

2259 2671 2598 2740 πραγμάτων
2619 2667 2709 2719 τοῦ
2742 2666 3161 2732 τελευτήσαντος
3212 2660 3509 2711 ἐπισκόπου
3568 2650 3841 2722 ἀρμοδίαν

2258 2762 2501 2830 ποιῆσαι,
2533 2760 2649 2827 ἤτοι
2674 2757 2829 2820 ἀξίαν
2854 2755 2945 2808 τοῦ
2980 2753 3393 2819 ἐπαγγέλματος
3414 2746 3599 2800 αὑτοῦ.
3636 2744 3697 2794 Ὀ
3725 2743 3840 2810 γὰρ

2257 2853 2535 2920 γινόμενος
2565 2848 2853 2908 ἐπίσκοπος
2884 2843 3268 2910 ἐπαγγέλλεται
3301 2841 3424 2902 τοὺς
3476 2836 3703 2894 κανόνας
3738 2849 3843 2899 φυ-

2256 2943 2469 2996 λάττειν
2495 2959 2507 2971 ·
2540 2941 2588 2993 οἱ
2623 2940 2679 2991 δὲ
2708 2938 2933 2997 κανόνες
2974 2936 3309 3003 φιλόπτωχον
3332 2931 3494 2984 αὑτὸν
3544 2924 3679 2978 εἶναι
3736 2921 3835 2975 καὶ

607 3044 734 3083 τοῖο
785 3024 1120 3095 paupertatis
1179 3032 1471 3085 amantem,
1512 3024 1851 3091 hospitalem,
1898 3028 2157 3093 pecunia.

2266 3033 2530 3102 φιλόξενον
2555 3027 2864 3090 ἀπαιτοῦσι,
2892 3028 2982 3079 καὶ
3002 3027 3309 3094 ὑπερόπτην
3339 3022 3653 3091 χρημάτων.
3690 3016 3755 3068 'H
3779 3016 3837 3067 δὲ

606 3133 727 3173 rum
758 3122 1181 3181 contemptorem
1210 3112 1519 3179 episcnpnm
1561 3128 1679 3167 esse
1719 3116 1927 3181 jubeut.
1960 3117 2157 3171 Cenle-

603 3210 739 3260 sima
785 3218 943 3271 porro
1004 3200 1274 3253 tricesima
1314 3202 1485 3266 prima
1545 3202 1749 3253 novella
1785 3203 1875 3255 lib.
1908 3220 1955 3266 ν,
1988 3207 2072 3259 tit.
2104 3209 2157 3266 5,

604 3315 723 3366 cap.
760 3297 850 3358 l0,
902 3293 1114 3347 Basilic.
1168 3291 1292 3351 sita,
1334 3291 1375 3342 si
1420 3290 1509 3357 qui
1570 3293 1805 3360 episcopi
1863 3304 1916 3346 et
1977 3296 2155 3348 clerici

604 3388 751 3443 nullo
806 3385 949 3437 lacte
1005 3390 1326 3435 testamento
1378 3379 1732 3443 decesserint,
1804 3396 1974 3448 neque
2034 3382 2157 3451 ιειειι

604 3485 741 3535 imos
798 3484 1137 3529 successores
1198 3469 1502 3533 habuerint,
1563 3472 1626 3521 ad
1694 3472 1975 3534 ecclesias,
2026 3489 2159 3540 quas

604 3579 728 3623 ante
789 3564 1153 3623 obtinuerant,
1214 3556 1581 3612 licercditatetu
1650 3560 1921 3627 pertinere
1976 3562 2159 3615 decer-

602 3670 765 3711 ltlltll‘.

602 3742 824 3803 ARIST.
877 3760 893 3791 ι
932 3739 1259 3808 Episcopus,
1293 3737 1384 3802 qui
1444 3737 1723 3792 haereticos
1774 3750 1863 3793 aut
1914 3743 2159 3797 ethnicos

869 3849 884 3881 ι
924 3830 1163 3882 haredes
1191 3826 1398 3888 scribit,
1432 3826 1501 3878 sit
1531 3828 1835 3880 anathema.
1874 3848 1891 3878 ι

675 3926 741 3978 lii
768 3923 929 3977 etiam
963 3935 990 3972 a
1038 3917 1245 3984 legibus
1278 3916 1635 3983 prohibentur
1666 3916 2072 3983 administrare,
2106 3930 2159 3975 ει

604 4034 632 4071 a
667 4022 992 4070 testamento
1060 4008 1429 4061 hatreditatem
1471 4016 1563 4059 aut
1618 4008 1849 4076 legatum
1890 4012 2155 4081 accipere.

609 4104 801 4159 Relieti
829 4103 1011 4169 itaque
1040 4099 1105 4151 al)
1139 4098 1393 4163 episcopo
1420 4096 1679 4159 luet-edes,
1726 4098 1858 4150 nihil
1893 4100 1993 4166 ipsi
2028 4103 2158 4155 lucri

610 4196 918 4262 accipient;
952 4191 1044 4242 sed
1075 4188 1349 4255 publicum
1376 4201 1491 4251 quze
1530 4188 1596 4239 iis
1635 4188 2013 4256 relinquuntur
2032 4194 2163 4245 reci-

610 4286 719 4354 piet
752 4300 766 4338 :
808 4283 897 4349 qui
932 4294 1027 4333 eos
1086 4286 1261 4330 autem
1297 4277 1539 4329 scribunt
1566 4276 1830 4341 heredes,
1866 4289 2025 4333 erunt
2054 4282 2162 4335 ha:-

608 4374 760 4427 redes
794 4366 1174 4422 anathematis.

1119 4455 1342 4510 CANON
1386 4454 1643 4509 LXXXV.

617 4580 737 4631 «De
802 4569 1336 4629 manumissionibus.
1415 4569 1674 4622 Similiter
1737 4571 1950 4637 placuit,
2009 4584 2065 4626 ut
2100 4574 2162 4626 de

683 4689 699 4718 ι
742 4660 1273 4721 manumissionibus,
1327 4674 1445 4725 qua
1494 4660 1624 4710 liunt
1683 4658 1733 4709 in
1797 4662 2045 4724 ecclesia,
2096 4665 2162 4716 ab

687 4779 703 4807 ι
738 4756 1069 4817 imperatore
1101 4758 1332 4816 petatur.
1372 4769 1390 4799 ρ

680 4843 878 4899 BALS.
912 4841 1086 4902 Servi,
1117 4848 1332 4905 propter
1359 4842 1567 4906 aliquas
1591 4855 1783 4893 causa:
1810 4842 1872 4892 ad
1906 4841 2163 4894 ecclesias

609 4936 953 4991 accedentes,
1010 4930 1304 4996 episcopali
1370 4929 1676 4995 cognitione
1710 4933 2161 4984 manumittebau-

613 5042 717 5080 tur.
752 5023 855 5077 Sed
892 5022 1013 5089 quia
1062 5033 1247 5072 eorum
1300 5018 1499 5071 domini
1561 5020 1705 5085 ipsos
1749 5020 1799 5071 in
1849 5022 2162 5074 servitutem

616 5120 861 5183 redigere
908 5110 1267 5173 conabantur,
1320 5109 1487 5161 visum
1518 5119 1622 5172 est,
1655 5120 1715 5162 ut
1776 5110 2069 5178 imperator
2097 5116 2163 5164 de

621 5211 686 5260 iis
719 5205 1118 5261 admoneretur,
1154 5209 1213 5251 ut
1270 5200 1645 5267 reptintcretur
1695 5200 2035 5255 dominorum
2068 5219 2162 5271 po-

617 5295 805 5348 tentia.
839 5293 1011 5357 Atque
1058 5291 1108 5340 in
1176 5288 1260 5340 his
1298 5289 1509 5355 quidem
1563 5289 1810 5341 consistit
1855 5304 2049 5343 canon.
2086 5290 2163 5343 Tu

614 5394 789 5434 autem
847 5381 1009 5441 scias,
1068 5377 1207 5444 quod
1273 5390 1336 5429 ex
1401 5376 1535 5429 libro
1575 5378 1851 5431 t‘cc0ndito
1902 5381 1953 5432 in
2009 5381 2163 5448 primi

612 5471 906 5526 defensoris
928 5478 1159 5527 secreto,
1186 5468 1273 5533 qui
1304 5468 1465 5519 habet
1491 5483 1550 5520 ea
1582 5482 1697 5535 qua
1717 5485 1741 5519 a
1768 5470 1911 5523 claro
1933 5472 2163 5523 sanctis-

612 5570 757 5620 siuue
820 5564 1016 5631 Magnae
1051 5563 1303 5615 Ecclesia:
1332 5572 1671 5617 exstructore
1724 5565 2049 5631 imperatore
2075 5564 2166 5617 Ju-

611 5658 843 5711 stiniino
874 5664 1068 5706 statuta
1109 5663 1257 5721 sunt,
1299 5654 1459 5707 multa
1493 5654 1694 5708 habent
1737 5656 2033 5725 privilegia,
2073 5660 2161 5726 qui

2268 3124 2382 3194 ρλα¹
2439 3122 2606 3192 νεαρὰ
2654 3123 2881 3189 κειμένη
2906 3120 2982 3180 είς
3037 3117 3237 3184 βιϐλίον
3283 3115 3391 3165 τῶν
3426 3110 3730 3163 Βασιλικῶν
3772 3116 3837 3165 ε’.

2264 3214 2365 3264 τίτ.
2419 3211 2488 3277 γ’,
2544 3212 2721 3261 κεῖται
2766 3213 2796 3258 ι’
2835 3206 2959 3266 τοὺς
3016 3202 3343 3262 ἐπισκόπους
3400 3200 3491 3251 καὶ
3542 3198 3840 3264 κληρικοίις

2266 3302 2576 3362 ἁδιαυέτους
2605 3298 2988 3357 τελευτῶντας,
3023 3296 3113 3345 καὶ
3145 3293 3391 3361 νομίμων
3419 3289 3673 3356 διαδόχων
3732 3303 3842 3355 χω-

2270 3396 2351 3459 ρὶς
2378 3390 2527 3457 παρὰ
2576 3388 2684 3439 τῶν
2726 3383 3030 3453 ἐκκλησιῶν
3085 3381 3264 3434 αὐτῶν
3320 3376 3528 3430 κελεύει
3578 3376 3841 3442 κληρονο-

2270 3481 2505 3549 μεῖσθαι.

2266 3767 2485 3821 ΛΡΙΣΤ.
2538 3786 2554 3816 ι
2591 3764 2934 3825 Ἐπίσκοπος,
2960 3762 3264 3829 αἱρετικοὺς
3306 3762 3338 3831 ἢ
3388 3760 3650 3829 Ἕλληνας
3704 3758 3843 3829 κλη-

2342 3875 2358 3903 ι
2411 3855 2669 3923 ρονόμους
2706 3851 2953 3918 γράφων,
2978 3850 3118 3901 έστω
3147 3849 3415 3916 ἀνάθεμα.
3450 3868 3469 3899 ι

2339 3941 2495 3999 Οὗτοι
2527 3945 2618 3997 καὶ
2650 3943 2753 3995 ἀπὸ
2779 3942 2955 4011 νόμων
2988 3941 3284 3993 κωλύονται
3316 3939 3670 4001 διατίθεσθαι,
3740 3941 3838 3993 καὶ

2264 4040 2370 4091 ἀπὸ
2426 4036 2687 4105 διαθήκης
2736 4033 3097 4103 κληρονομίαν
3147 4032 3181 4099 ἢ
3243 4030 3465 4098 λεγάτον
3508 4029 3836 4099 λαμϐάνειν.

2267 4128 2733 4194 Καταλειφθέντες
2773 4125 2902 4191 γοῦν
2959 4123 3282 4193 κληρονόμοι
3338 4120 3465 4192 παρ’
3512 4121 3838 4186 ἐπισκόπου,

2267 4221 2422 4272 αὐτοὶ
2458 4220 2559 4286 μὲν
2590 4216 2740 4269 οὐδέν
2798 4234 2851 4267 τι
2903 4216 3281 4284 κερδήσουσινο
3342 4211 3457 4264 ἀλλ’
3510 4212 3539 4263 ό
3578 4211 3841 4279 δημόσιος

2268 4308 2581 4377 λήψεταιτὰ
2603 4306 3028 4373 καταλειφθέντα
3054 4305 3263 4362 αὐτοῖς·
3318 4304 3367 4353 οί
3417 4302 3471 4354 δὲ
3528 4301 3837 4369 γράψαντες

2196 4368 2241 4424 D
2270 4368 2465 4457 αύτοὺς
2499 4368 2867 4463 κληρονόμους
2918 4390 3384 4459 κληρονομήσουσι
3412 4389 3471 4440 τὸ
3493 4368 3761 4456 ἀνάθεμα.

2851 4481 3085 4534 ΚΑΝΩΝ
3132 4482 3251 4534 ΠΕ’.

2272 4597 2289 4628 ι
2338 4576 2471 4646 Περὶ
2504 4572 2843 4643 ἐλευθεριῶν.
2886 4574 3118 4640 Ὁμοίως
3150 4573 3369 4641 ήρεσεν,
3403 4572 3485 4623 ἵνα
3542 4570 3669 4637 περὶ
3721 4570 3835 4621 τῶν

2293 4717 2316 4737 .
2341 4687 2359 4717 ι
2410 4670 2465 4718 έν
2497 4670 2562 4736 τῇ
2592 4665 2889 4733 Ἐκκλησία
2914 4664 3215 4730 γενομένων
3248 4662 3565 4730 ὲλευθεριῶν
3595 4661 3701 4713 ἀπὸ
3736 4660 3831 4713 τοῦ

2341 4777 2359 4807 ι
2409 4758 2665 4825 βασιλέως
2691 4756 2899 4824 αἴτησις
2936 4755 3179 4819 γένηται.
3216 4771 3233 4802 ι

2341 4849 2533 4901 ΒΑΛΣ.
2586 4844 2790 4906 Δοῦλοι,
2851 4845 2937 4895 διά
2993 4859 3144 4901 τινας
3190 4841 3363 4900 αίτίας
3395 4843 3835 4906 προσφεύγοντες

2268 4940 2381 4999 ταῖς
2414 4934 2749 5003 ἐκκλησίαις,
2796 4929 3181 4998 ἠλευθεροῦντο
3212 4928 3353 4979 κατὰ
3398 4927 3684 4991 διάγνωσιν
3721 4927 3836 4978 ἑπι-

2272 5028 2556 5093 σκοπικήν.
2596 5024 2746 5074 Ἐπεὶ
2781 5022 2834 5072 δὲ
2866 5023 2912 5071 οἱ
2946 5019 3205 5071 δεσπόται
3255 5018 3458 5069 τούτων
3512 5018 3835 5085 ἐπεχείρουν

2268 5119 2459 5176 αὐτοὺς
2480 5113 2859 5177 δουλαγωγεῖν,
2896 5108 3037 5171 ἔδοξε
3074 5110 3198 5178 περὶ
3235 5108 3439 5160 τούτων
3480 5107 3837 5175 ὑπομνησθῆ-

2268 5224 2355 5257 ναι
2382 5205 2472 5256 τὸν
2504 5202 2743 5271 βασιλέα,
2765 5202 2901 5251 ὥστε
2926 5198 3285 5266 ἀναααλῆναι
3306 5196 3403 5267 τὴν
3432 5198 3539 5249 τῶν
3557 5198 3839 5249 δεσποτῶν

2264 5294 2596 5348 δυναστείαν.
2651 5291 2757 5343 Καὶ
2780 5290 2806 5340 ὁ
2834 5290 2928 5355 μὲν
2960 5287 3136 5339 κανὼν
3170 5288 3226 5337 ἐν
3246 5287 3474 5347 τούτοις.
3536 5286 3608 5338 Σὺ
3659 5284 3715 5335 δὲ
3751 5286 3839 5351 γί-

2266 5401 2438 5437 νωσκε
2472 5384 2548 5434 ’ὅτι
2588 5384 2693 5435 ἀπὸ
2722 5380 2813 5430 τοῦ
2864 5377 3066 5446 βιϐλίου
3116 5376 3208 5429 τοῦ
3258 5377 3623 5442 ἀποκειμένου
3673 5376 3731 5425 έν

2269 5474 2507 5544 σεκρέτῳ
2528 5472 2619 5523 τοῦ
2646 5471 3036 5539 πρωτεκὸίκου,
3056 5467 3145 5519 τοῦ
3174 5466 3385 5536 ἔχοντος
3443 5469 3509 5519 τὰ
3559 5467 3833 5520 διατυπω·

2267 5567 2423 5618 θέντα
2461 5566 2607 5631 παρὰ
2638 5562 2728 5613 τοῦ
2761 5560 3002 5629 ἀοιδίμου
3060 5559 3319 5627 κτήτορος
3373 5558 3467 5627 τῆς
3516 5557 3831 5627 ἁγιωτάτης

2274 5657 2527 5725 Μεγάλης
2571 5652 2895 5721 Emi-quiec;
2952 5651 3044 5702 τοῦ
3110 5648 3366 5718 βασιλέως
3435 5646 3830 5715 ἰουστινια.νοῦ,
