4018 6310
187 356 310 419 301

1203 355 1279 416 ΙΝ
1327 355 1493 416 CAN.
1534 353 1822 414 LXXXVI
1855 351 2064 414 CONC.
2109 355 2481 415 CARTHAG.

3338 349 3444 409 302

189 470 374 524 πολλὰ
429 470 947 541 προνόμιαιέχουσιν
998 468 1046 521 oi
1101 469 1251 537 παρὰ
1306 468 1399 519 τοῦ
1451 466 1651 535 μέρους
1683 464 1765 531 τῆς

1886 480 1949 519 ex
1991 478 2142 535 parte
2176 468 2429 524 Ecclesiae
2478 467 2799 523 manumissi
2835 474 2963 521 sunt
2998 465 3164 520 servi.
3221 462 3362 532 Lege
3390 469 3443 516 et

196 562 536 630 Ἐκκλησίας
581 562 1020 630 ἐλευθερούμενοι
1063 559 1263 613 δοῦλοι.
1336 557 1639 624 ’Λνάγνωθι
1685 557 1781 608 καὶ

186 650 403 715 τδνκς¹
435 651 541 704 τίτ,
573 650 670 704 τοῦ
725 658 812 719 μη⁸
868 649 1073 719 βιὸλίου
1128 648 1258 718 περὶ
1312 647 1780 716 ἐλευθερουμένων

189 741 547 805 διδάσκοντα,
578 739 671 793 καὶ
701 742 802 800 τὴν
828 740 1025 809 νεαρὰν
1053 737 1147 790 τοῦ
1207 737 1453 806 ἀοιδίμου
1514 734 1780 804 βασιλέως

189 831 376 898 κυροῦ
419 831 658 895 Ἀλεξίου
691 831 784 883 τοῦ
823 829 1126 898 Κομνηνοῦ,
1155 830 1254 896 τὴν
1279 826 1667 896 διοριζομένην
1703 825 1777 893 μὴ

187 920 350 987 ἒχειν
401 920 588 989 χώραν
643 922 766 981 τοὺς
821 921 946 988 περὶ
1001 920 1109 971 τῶν
1157 916 1620 986 ἁντιπαραγαγῶν
1669 915 1778 967 τῶν

193 1009 501 1078 μαρτύρων
538 1011 757 1078 νόμους,
786 1011 914 1063 ὅταν
947 1010 1075 1077 περὶ
1115 1007 1427 1076 ἐλευθερίας
1487 1005 1776 1072 δικάζηταί

189 1116 287 1160 τις
323 1116 336 1131 ·
365 1100 496 1152 ἀλλὰ
557 1099 726 1169 μόνην
776 1100 1022 1166 γίνεσθαι
1083 1096 1425 1165 παραγωγὴν
1484 1095 1777 1162 μαρτύρων

190 1189 360 1256 παρὰ
392 1189 484 1241 τοῦ
516 1190 1024 1259 δουλαγωγουμένου
1059 1190 1090 1259 ἢ
1117 1188 1209 1241 τοῦ
1267 1185 1772 1254 ὲλευθεροδοῶντος.

257 1280 508 1332 ΖΩΝΑΡ.
551 1280 740 1332 Δοῦλοι
769 1282 855 1334 διά
878 1297 1031 1341 τινας
1092 1279 1276 1340 αἰτίας
1325 1277 1774 1345 προσφεύγοντες

190 1373 332 1431 ταῖς
363 1371 681 1438 ἐκκλησίαις
699 1371 1113 1440 ἠλευθεροῦντο,
1133 1369 1292 1421 τοῦτο
1325 1369 1430 1420 τῶν
1459 1368 1770 1420 ἐπισκόπων

188 1459 416 1510 δίκαιον
462 1455 606 1511 εἶναι
636 1460 1038 1530 δοκιμαζόντων
1072 1475 1086 1488 ·
1110 1459 1203 1521 οὓς
1249 1459 1302 1510 οἱ
1336 1458 1590 1509 δεσπόται
1629 1457 1772 1508 ἐπει·

201 1549 390 1613 ρόιντο
425 1548 584 1610 αὖθις
613 1554 695 1612 είς
723 1550 970 1602 δουλείαν
995 1549 1199 1602 ἕλκειν.
1256 1548 1392 1615 Περὶ
1442 1546 1648 1598 τούτων
1682 1543 1774 1599 οὖν

189 1637 388 1700 ἔδοξεν
416 1639 834 1708 ὑπομνησθῆναι
874 1641 970 1692 τὸν
1002 1640 1256 1709 βασιλέα.

263 1731 494 1783 ΑΡΙΣΤ.
531 1731 699 1801 «Περὶ
730 1731 841 1784 τῶν
864 1732 921 1783 ἐν
945 1733 1264 1802 ἐκκλησίαις
1294 1734 1599 1804 γενομένων
1626 1734 1774 1787 ἐλευ-

197 1838 220 1870 e
266 1819 467 1889 θεριῶν
498 1823 564 1872 ἐκ
605 1821 873 1889 βασιλέως
893 1823 1108 1890 αἴτησις
1148 1825 1401 1892 γινέσθω.
1434 1844 1454 1876 ι

273 1911 359 1960 Ti
394 1910 536 1961 αύτὰ
565 1911 643 1979 τῷ
670 1912 951 1983 ἑξηκοστῷ
984 1916 1230 1984 τετάρτῳ
1254 1916 1436 1968 κανόνι
1475 1915 1774 1984 διαλαμϐά-

194 2015 283 2051 νει
306 2014 320 2027 ⁶
366 2001 460 2052 καὶ
492 2002 815 2071 ἦρμηνεύθη
843 2005 1043 2059 ἐκεῖσε.

757 2095 995 2148 ΚΑΝΩΝ
1032 2098 1177 2162 HC'.

301 2201 319 2232 ι
363 2184 502 2251 Περὶ
540 2184 650 2236 τῶν
715 2185 970 2238 πλαστῶν
1005 2187 1286 2255 μνημείων
1311 2189 1418 2240 τῶν
1456 2190 1770 2259 μαρτύρων.

198 2294 217 2324 ι
274 2276 508 2344 ὀμοίως
550 2277 770 2344 ἤρεσεν,
801 2278 888 2328 ἵνα
911 2277 1186 2346 πανταχοῦ
1239 2281 1342 2333 ἀνὰ
1395 2283 1519 2343 τοὺς
1567 2284 1774 2349 ἀγροὺς

197 2384 219 2413 ε
267 2368 362 2416 καὶ
419 2368 548 2427 τοὺς
626 2366 960 2434 ἀμπελῶνας
1016 2367 1402 2439 θυσιαστήρια,
1456 2372 1657 2424 ὡσανεὶ
1697 2375 1774 2435 είς

195 2476 217 2507 o.
263 2457 484 2525 μνήμην
511 2457 808 2525 μαρτύρων
839 2458 1238 2526 καθιστάμενα,
1292 2463 1350 2512 ἐν
1401 2455 1482 2524 οἷς
1548 2464 1668 2515 οὐδὲ
1716 2464 1774 2514 ἓν

200 2570 217 2595 ι
267 2547 428 2616 σῶμα
479 2549 514 2617 ἢ
572 2548 826 2614 λείψανον
879 2547 1176 2618 μαρτύρων
1259 2551 1618 2620 ἀποκείμενον
1664 2555 1773 2605 δεῖ-

197 2660 217 2688 ι
265 2656 515 2704 κνυνται,
554 2638 663 2691 ἀπὸ
686 2639 795 2691 τῶν
835 2639 1100 2693 ἐντοπίων
1177 2642 1514 2705 ἐπισκόπων,
1562 2645 1610 2695 εί
1657 2644 1772 2696 ἔστι

195 2747 218 2778 ‹
266 2730 514 2795 δυνατὸν,
556 2731 1067 2801 καταστρέφωνται.
1096 2733 1156 2784 El
1203 2733 1259 2784 δὲ
1315 2733 1473 2786 τοῦτο
1525 2734 1772 2804 θορύῦοις

199 2839 216 2870 ι
262 2821 584 2888 δημοτικοῖς
616 2822 677 2874 οὐ
706 2825 1093 2892 συγχωρεῖται,
1128 2823 1278 2889 ὅμως
1311 2824 1378 2877 τὰ
1429 2825 1606 2894 πλήθη
1647 2844 1773 2880 νου-

197 2929 215 2958 (
268 2911 538 2980 Θετηθῶσι
567 2911 641 2981 μὴ
660 2911 1136 2980 ὀχλαγωγεῖντοὺς
1156 2913 1355 2975 τόπους
1376 2916 1612 2975 ἐκείνους
1633 2931 1647 2946 ο
1677 2917 1772 2968 καὶ

198 3021 216 3049 ι
253 3003 346 3054 ἵνα
374 3004 421 3053 oi
451 3002 518 3053 τὰ
552 3002 689 3068 ὀρθὰ
719 3002 1043 3069 φρονοῦντες
1099 3004 1338 3074 μηδεμιᾷ
1378 3005 1768 3076 δεισιδαιμονίᾳ

197 3111 214 3138 ε
265 3091 649 3144 τῶντοιούτων
675 3090 855 3143 τύπων
878 3091 1350 3158 καταδεσμῶνται,
1385 3095 1478 3144 καὶ
1498 3093 1764 3162 μηδαμῶς
1790 3103 1835 3164 C

198 3201 213 3228 ι
257 3181 392 3248 μηδέ
436 3184 630 3249 μνήμη
669 3181 963 3250 μαρτύρων
985 3179 1328 3250 ἐπιτελεσθῇ,
1363 3183 1412 3233 εί
1462 3182 1535 3250 μή
1594 3183 1764 3250 πουῆ

194 3290 214 3320 ι
259 3273 418 3339 σῶμα
455 3272 488 3340 ἦ
521 3289 642 3323 τινα
663 3271 888 3338 λείψανα
948 3267 1081 3323 ῶσιν
1135 3272 1166 3340 ἢ
1229 3271 1578 3339 ἀρχαιυγονία
1626 3271 1764 3333 τινὸς

195 3381 210 3406 ι
253 3362 528 3426 οἰκήσεως
597 3361 628 3428 ῆ
683 3363 928 3428 κτήσεως
977 3363 1007 3428 ἢ
1059 3360 1266 3422 πάθους
1322 3363 1484 3428 πιστῇ
1548 3361 1767 3428 ἀρχαιόι-

192 3469 210 3497 ι
252 3466 377 3518 τητι
418 3451 844 3520 παραδιδωνται.
879 3452 1019 3503 Ὅσα
1047 3450 1155 3516 γὰρ
1216 3450 1284 3501 δι’
1349 3449 1618 3501 ἐνυπνίων
1674 3451 1765 3501 καὶ

190 3563 211 3591 ι
253 3543 504 3611 ματαίων
534 3541 934 3610 ἀποκαλύψεων
967 3543 1270 3610 ἀνθρώπων
1312 3539 1473 3592 τινῶν
1532 3541 1765 3609 ὁπουδήο

196 3655 212 3684 ι
265 3649 400 3686 ποτε
451 3633 809 3686 καθίστανται
857 3632 1237 3701 θυσιαστήρια,
1272 3633 1436 3684 παντὶ
1477 3635 1665 3702 τρόπῳ
1697 3633 1767 3686 τὰ

192 3747 208 3776 ι
248 3726 481 3786 τοιαῦτα
508 3723 1048 3794 ἁποδοκιμασθῶσιν.
1083 3742 1100 3774 ι

259 3816 462 3868 ΒΔΛΣ.
500 3816 897 3868 Κεκανὸνισται
931 3815 1004 3883 μὴ
1029 3814 1204 3875 ἄλλως
1262 3815 1551 3885 εἰκτήριον
1618 3811 1765 3867 οἶκον

184 3905 567 3976 ἀνεγείρεσθαι
604 3903 965 3972 ὁπουδήποτε,
1033 3905 1081 3956 εί
1153 3906 1226 3974 μὴ
1281 3905 1400 3956 κατ’
1460 3907 1762 3975 ἐπιτροπὴν

184 3997 555 4064 ἐπισκοπικὴν
625 3996 658 4065 ἢ
713 3997 810 4048 καὶ
851 3998 1156 4064 παρουσίαν
1195 3994 1327 4064 εύχὴ
1386 3995 1635 4063 θεμελίου
1681 4012 1764 4047 τε-

184 4091 359 4156 λεσθῇ
387 4090 529 4140 κατὰ
557 4087 745 4152 τόπον,
773 4088 868 4138 καὶ
919 4087 1326 4154 σταυροπήγιον
1376 4086 1588 4153 ὲντεθῇ,
1667 4087 1760 4136 καὶ

177 4182 268 4231 διὰ
298 4179 646 4239 καταθέσεως
677 4175 849 4240 ἁγίων
871 4176 1137 4243 λειψάνων
1183 4174 1537 4244 μαρτυρικῶν
1575 4175 1760 4227 καθιε-

186 4270 384 4336 ρωηῇὸ
412 4267 561 4329 ναός.
609 4266 762 4316 Ἐπεὶ
789 4265 846 4316 δέ
869 4279 1032 4325 τινες,
1075 4263 1148 4326 ὡς
1179 4263 1375 4326 ἔοικεν,
1408 4263 1515 4316 ἀπὸ
1547 4263 1760 4333 ὀνειρά-

183 4376 291 4411 των
326 4360 358 4426 ἦ
385 4361 476 4410 καὶ
506 4357 1005 4425 πεπλαστευμένων
1034 4353 1436 4422 ἀποκαλύψεων
1466 4355 1758 4424 ἀνήγειρον

1885 557 2200 611 vicesimum
2257 569 2466 614 sextum
2499 560 2595 623 tit.
2615 557 3018 629 quadragesimi
3072 555 3248 609 octavi
3298 555 3444 616 libri,

1881 650 1972 715 qui
2009 650 2166 702 docet
2217 651 2282 704 de
2325 652 2498 706 servis
2535 651 2624 718 qui
2658 649 3117 703 manumittuntur
3152 662 3166 698 :
3195 644 3360 714 619
3387 653 3445 697 et

1885 740 2151 794 novellam
2183 741 2312 796 clari
2352 741 2694 809 imperatoris
2718 741 2922 794 domini
2954 737 3129 800 Alexii
3155 735 3443 799 Comneni,

1881 846 2000 899 quae
2045 835 2234 886 statuit
2289 849 2398 887 non
2429 835 2628 888 habere
2669 832 2842 886 locum
2872 831 3015 900 leges
3049 830 3116 882 de
3173 826 3442 881 contraria

1880 922 2101 976 testium
2169 925 2547 992 productione,
2571 927 2786 991 quando
2820 922 2946 989 quis
2984 920 3263 973 contendit
3290 920 3354 970 de
3376 917 3446 969 li-

1881 1012 2131 1067 bcrtate:
2187 1017 2280 1068 sed
2327 1015 2493 1068 solam
2517 1013 2643 1086 fieri
2675 1012 2890 1064 testium
2937 1009 3345 1071 productionem
3379 1005 3446 1056 ab

1879 1117 1967 1166 eo,
1999 1105 2087 1170 qui
2118 1104 2170 1157 in
2205 1106 2520 1159 servitutem
2550 1102 2785 1164 ducitur,
2812 1100 2893 1152 vel
2923 1101 2974 1150 in
2999 1097 3295 1150 libertatem
3320 1107 3446 1162 pro-

1879 1192 2098 1244 clamat.

1950 1283 2204 1336 ZONAR.
2255 1285 2432 1347 Servi,
2489 1284 2657 1339 certis
2691 1281 3012 1351 quibusdam
3065 1279 3130 1332 de
3163 1275 3345 1331 causis
3379 1275 3446 1327 ad

1876 1373 2164 1428 ecclesiam
2215 1377 2616 1444 confugientes,
2663 1375 2706 1429 si
2775 1375 2825 1426 id
2880 1371 3170 1438 episcopus
3226 1380 3446 1434 aequum

1878 1467 2184 1519 statuisset.
2222 1467 2778 1529 manumittebantur;
2811 1479 2946 1530 quos
2987 1458 3191 1512 domini
3221 1470 3443 1510 rursum

1876 1555 1943 1607 ad
1989 1558 2308 1610 servitutem
2367 1557 2585 1610 trahere
2614 1557 2943 1609 niterentur.
2978 1551 3048 1603 Ea
3079 1551 3144 1602 de
3193 1562 3251 1601 re
3281 1547 3444 1613 igitur

1877 1645 2264 1711 imperatorem
2304 1661 2427 1701 esse
2461 1646 2790 1699 mouendum
2821 1643 2992 1695 visum
3026 1647 3132 1691 est.

1884 1735 2112 1790 ARIST.
2153 1756 2170 1787 ‹
2241 1737 2316 1791 De
2363 1735 2895 1791 manumissionibus
2937 1747 3057 1799 qua:
3089 1730 3143 1782 in
3197 1726 3447 1783 ecclesiis

2061 1846 2080 1877 ε
2121 1828 2274 1891 finiit,
2309 1828 2617 1897 imperatori
2649 1827 2838 1896 petitio
2866 1823 3206 1877 exbibeatur.
3247 1838 3266 1870 ι

1950 1917 2050 1973 llic
2083 1934 2260 1972 canon
2297 1921 2488 1972 eadem
2547 1934 2610 1972 ac
2664 1915 3036 1985 sexagesimus
3085 1920 3312 1980 quartus
3335 1914 3450 1964 sta-

1878 2010 2017 2073 tuit;
2050 2017 2103 2061 et
2138 2009 2210 2067 ibi
2237 2012 2644 2076 interpretatur.

2363 2095 2610 2151 CANON
2649 2093 2937 2149 LXXXVI.

1882 2208 1899 2239 ι
1945 2191 2017 2243 De
2051 2190 2190 2243 lictis
2251 2198 2550 2259 martyrum
2603 2189 2991 2242 monumentis.
3057 2179 3318 2238 Similiter
3344 2184 3449 2254 pla-

1962 2297 1979 2328 ι
2021 2281 2174 2343 cuit,
2229 2289 2287 2333 ut
2337 2279 2515 2332 omnia
2565 2293 2660 2346 per
2711 2293 2869 2347 agros
2899 2286 2952 2330 et
3005 2277 3184 2328 vineta
3230 2275 3445 2340 altaria,

1950 2387 1968 2420 ι
2013 2369 2181 2422 veluti
2217 2369 2267 2421 in
2304 2368 2622 2420 memoriam
2674 2375 2975 2434 martyrum
3033 2364 3354 2426 constituta,
3390 2365 3445 2418 in

1947 2477 1964 2507 ι
2005 2461 2204 2526 quibus
2271 2458 2477 2511 nullum
2512 2472 2712 2526 corpus
2751 2468 2844 2508 aut
2878 2456 3117 2523 reliquiae
3146 2467 3444 2524 martyrum

1945 2569 1963 2600 ‹
2003 2551 2236 2603 conditae
2261 2550 2652 2614 ostenduntur,
2679 2563 2708 2600 a
2753 2549 2856 2602 loci
2891 2549 3186 2616 episcopis,
3233 2549 3278 2600 si
3317 2562 3447 2613 pos-

1953 2659 1969 2686 σ
2011 2641 2084 2694 sit
2117 2641 2253 2705 llcri,
2291 2643 2705 2695 subvertantur.
2764 2639 2861 2694 Sin
2894 2653 3072 2693 autem
3096 2647 3317 2707 pmpter
3349 2655 3446 2706 po-

1953 2749 1972 2780 (
2004 2732 2219 2798 pulares
2270 2731 2530 2785 tumultus
2564 2733 2666 2784 hoc
2711 2745 2822 2784 non
2877 2731 3249 2797 permittitur;
3293 2729 3446 2794 plebs

1954 2842 1971 2871 ‹
2017 2835 2193 2875 tamen
2233 2824 2616 2887 admoneatur,
2652 2838 2721 2876 ne
2759 2823 2826 2876 iis
2863 2823 2912 2874 in
2969 2822 3103 2873 locis
3147 2832 3446 2874 conventus

1953 2931 1970 2962 ι
2015 2922 2176 2981 agat;
2218 2921 2272 2964 et
2330 2923 2389 2965 ut
2423 2913 2514 2980 qui
2581 2922 2729 2967 recte
2762 2913 3003 2967 sentiunt
3055 2911 3201 2964 nulla
3253 2925 3442 2964 eorum

1944 3021 1960 3053 ι
2002 3005 2248 3057 locorum
2292 3005 2680 3071 superstitione
2733 3004 3062 3070 alligentur;
3112 3011 3168 3056 et
3220 3003 3443 3054 omnino

1957 3115 1973 3146 I
2014 3111 2111 3151 nec
2143 3106 2444 3166 martyrum
2495 3095 2755 3149 memoria
2784 3106 3092 3164 peragatur,
3126 3093 3228 3146 nisi
3259 3093 3445 3162 utique

1943 3210 1959 3237 ‹
2008 3188 2090 3240 vel
2121 3203 2317 3251 corpus
2358 3188 2440 3240 vel
2474 3188 2668 3252 aliqua:
2697 3190 2805 3241 sint
2867 3188 3128 3255 reliquire,
3159 3185 3242 3239 vel
3275 3185 3446 3237 alicu-

1943 3299 1958 3326 r
1995 3280 2087 3347 jus
2128 3278 2503 3336 habitationis,
2536 3289 2628 3329 aut
2674 3277 3055 3344 possessionis,
3093 3284 3187 3328 aut
3234 3275 3445 3344 passio-

1953 3380 1970 3411 ι
2015 3363 2096 3416 nis
2138 3365 2290 3430 origo
2327 3363 2466 3415 ﬁdeli
2529 3364 2842 3431 antiquitati
2902 3363 3096 3416 tradita
3151 3377 3251 3415 est.
3283 3364 3443 3426 Qua:-

1937 3470 1953 3501 ι
1992 3467 2204 3518 cunque
2228 3454 2371 3506 enim
2406 3468 2508 3521 per
2536 3453 2748 3505 somnia
2777 3463 2831 3504 et
2866 3469 3128 3504 vanorum
3156 3453 3436 3504 hominum

1945 3559 1964 3590 ‹
2002 3543 2371 3594 revelationes
2404 3542 2631 3594 ubilibet
2665 3542 3079 3594 constituuntur
3113 3543 3331 3605 altaria,
3372 3558 3434 3594 ea

1937 3651 1954 3683 ι
1990 3635 2139 3686 omni
2173 3635 2336 3687 modo
2361 3634 2736 3703 reprobentur.
2771 3651 2791 3684 ι

1941 3813 2138 3868 BALS.
2192 3814 2416 3869 Canone
2465 3825 2684 3868 cautum
2735 3823 2842 3878 est,
2897 3827 2964 3866 ne
3010 3814 3168 3867 aliter
3207 3828 3435 3881 usquam

1869 3907 2182 3959 oratorium
2217 3907 2508 3969 excitetur,
2554 3905 2660 3958 nisi
2714 3905 3008 3974 episcspali
3056 3906 3433 3975 permissione,

1873 3994 1956 4046 vel
1987 3994 2152 4048 etiam
2191 3995 2502 4064 praesentia,
2547 4011 2611 4050 eo
2646 3996 2702 4048 in
2734 3996 2857 4050 loco
2892 3995 3229 4049 fundamenti
3260 3995 3437 4049 oratio

1868 4094 2082 4150 peracta
2113 4094 2167 4137 et
2188 4085 2366 4138 crucis
2395 4085 2520 4137 lixio
2550 4085 2728 4153 posita
2775 4085 2870 4148 sit,
2897 4094 2951 4138 et
2995 4101 3090 4154 per
3120 4094 3432 4138 sanctorum

1871 4183 2167 4242 martyrum
2235 4174 2590 4241 reliquiarum
2625 4176 3019 4244 depositionem
3076 4176 3331 4242 templum
3361 4177 3434 4229 sit

1869 4276 2272 4318 consecratum.
2307 4264 2441 4330 Quia
2496 4276 2675 4321 autem
2734 4269 3003 4330 nonnulli,
3039 4278 3098 4321 ut
3131 4277 3214 4321 est
3241 4268 3435 4320 verisi-

1871 4354 2026 4415 mile,
2059 4369 2156 4420 per
2197 4356 2405 4408 somnia
2438 4365 2492 4407 et
2528 4356 2683 4409 llctas
2721 4360 3079 4412 revelationes
3109 4357 3161 4409 in
3193 4357 3338 4425 agris
3375 4368 3430 4409 ct

185 4453 265 4510 εἰς
294 4450 500 4517 ἀγροὺς
532 4447 626 4499 καὶ
648 4444 978 4515 ἀμπελῶνας
1005 4445 1156 4513 παρὰ
1185 4446 1412 4513 γνώμην
1473 4443 1581 4497 τῶν
1635 4446 1757 4495 ἐπι-

1870 4443 2066 4495 vinetis
2113 4455 2309 4509 prater
2338 4446 2722 4513 episcoporum
2750 4450 3074 4501 sententiam
3114 4447 3304 4499 altaria
3335 4461 3426 4500 ex-

182 4541 410 4590 σκόττων
438 4538 829 4607 θυσιαστήρια,
875 4537 970 4591 καὶ
1037 4536 1124 4587 διὰ
1175 4534 1608 4604 παρασυνάξεων
1661 4534 1756 4585 καὶ

180 4629 395 4698 ψευδῶν
448 4631 716 4682 ἐνυπνίων
759 4629 885 4691 τοὺς
938 4628 1344 4694 ἁπλουστέρους
1416 4626 1751 4686 πλανῶντες,

180 4721 280 4789 τὴν
311 4720 614 4787 ὀρθοδόξων
639 4719 819 4772 πίστιν
843 4719 1180 4788 διέστρεφον,
1210 4718 1376 4784 ἥοεσε
1427 4717 1494 4768 τὰ
1527 4714 1750 4767 τοιαῦτα

180 4811 574 4878 θυσιαστήρια,
600 4811 668 4861 τὰ
691 4812 770 4871 είς
795 4811 1017 4879 μνήμην
1065 4809 1210 4876 τάχα
1253 4806 1552 4877 μαρτύρων
1589 4805 1750 4858 καθι-

185 4903 460 4970 στᾰμενα,
483 4900 582 4953 καὶ
609 4899 684 4968 μὴ
708 4900 903 4968 ἔχοντα
933 4898 1162 4967 σώματα
1195 4899 1229 4964 ἢ
1261 4897 1488 4965 λείψανα
1542 4897 1752 4965 μαρτύ-

186 5010 314 5061 ρων,
362 4990 503 5060 μηδέ
530 4991 768 5060 ἀρχῆθεν
801 4989 1175 5058 ἀνεργεθέντα
1203 4988 1295 5039 διὰ
1338 4987 1398 5039 τὸ
1439 4985 1659 5055 οἰκῆσαι
1692 4988 1751 5039 ἐν

182 5083 367 5144 αὐτοῖς
400 5082 583 5143 ὁσίους
622 5081 654 5151 ἦ
689 5079 1051 5149 μάρτυρας,ἢ
1085 5078 1364 5146 κτησείδια
1427 5073 1566 5131 εἶναι
1625 5078 1750 5129 τού-

181 5190 308 5237 των,
334 5174 369 5243 ἢ
403 5174 466 5225 ἐν
494 5175 676 5235 αὐτοῖς
704 5171 855 5240 πάθη
917 5170 1220 5240 μαρτυρίου
1269 5170 1589 5238 ὑποστῆναι,
1631 5169 1746 5234 καὶ,

181 5265 254 5328 ὡς
286 5265 530 5333 εἴρηται,
561 5264 636 5334 μὴ
663 5261 1069 5332 καθιερωθέντα
1101 5261 1251 5331 παρὰ
1311 5260 1418 5313 τῶν
1467 5261 1748 5331 ἐγχωρίων

185 5355 522 5415 ἐπισκόπων,
575 5351 1076 5421 καταστρέφεσθαι.
1111 5350 1246 5406 Είδέ
1274 5351 1322 5400 οί
1355 5349 1535 5418 δῆμοι,
1560 5351 1746 5416 φασὶν,

180 5445 530 5498 ἀνθίστανται
552 5444 937 5515 θορυϐοῦντες,
969 5443 1344 5497 νουθετεῖσθαι
1394 5442 1490 5493 καὶ
1522 5443 1749 5506 τούτους

185 5536 256 5604 μὴ
274 5536 613 5603 ὀχλαγωγεῖν
643 5539 770 5597 τοὺς
829 5536 1027 5598 τόπους
1049 5536 1311 5596 ἐκείνους,
1365 5533 1610 5586 τουτέστι
1672 5535 1747 5604 μὴ

185 5626 503 5692 συνάγεσθαι
524 5627 646 5686 τοὺς
664 5626 854 5694 ὄχλους
886 5627 1018 5690 ἐκεῖ,
1045 5625 1178 5694 μηδέ
1196 5627 1318 5682 τοὺς
1333 5624 1641 5693 ὀρθοδόξους
1654 5642 1754 5678 κα-

184 5719 562 5783 ταδεσμείσθαι
601 5720 668 5786 τῇ
698 5716 907 5770 τούτων
935 5716 1347 5786 δεισιδαιμονίᾳ,
1373 5720 1501 5788 μηδὲ
1531 5719 1744 5788 μνήμας

1861 4537 2126 4598 citabaut,
2159 4546 2214 4590 et
2258 4553 2352 4604 per
2381 4541 2658 4607 improbos
2689 4541 2965 4592 hominum
2991 4550 3187 4601 coetus.
3221 4551 3273 4593 et
3299 4541 3429 4592 falsa

1861 4629 2099 4691 somnia,
2156 4629 2517 4696 simpliciores
2547 4631 2902 4699 tlecipicntes,
2942 4631 3101 4684 fidem
3162 4633 3429 4686 orthodo-

1868 4733 1990 4770 xam
2049 4716 2431 4772 subvertebant
2472 4738 2484 4773 :
2520 4721 2742 4788 placuit,
2782 4732 2840 4775 ut
2890 4724 3154 4790 ejusmodi
3208 4725 3424 4784 altaria,

1859 4810 1913 4862 in
1947 4810 2261 4861 memoriam
2313 4807 2451 4863 forte
2497 4821 2792 4879 martyrum
2842 4815 3161 4876 constituta,
3218 4823 3272 4864 et
3300 4828 3425 4866 cor-

1858 4912 1988 4966 pora
2024 4897 2106 4950 vel
2139 4898 2398 4964 reliquias
2455 4910 2752 4968 martyrum
2815 4918 2920 4955 non
2965 4904 3218 4958 habentia
3258 4925 3270 4958 :
3325 4920 3424 4960 ne-

1859 5002 1962 5053 que
1989 5002 2019 5040 a
2050 4990 2316 5058 principio
2347 4990 2604 5054 excitata,
2642 4993 2784 5060 quod
2813 4996 2986 5047 sancti
3020 4997 3070 5048 in
3101 4997 3179 5050 eis
3209 4997 3422 5053 habita-

1858 5080 1966 5133 rint
2001 5089 2095 5134 aut
2154 5089 2445 5149 martyres,
2503 5083 2583 5138 vel
2630 5086 2774 5153 quod
2806 5089 2917 5138 sint
2970 5089 3050 5141 eis
3081 5092 3424 5156 possessiun-

1859 5172 2019 5236 culaa,
2053 5173 2134 5226 vel
2168 5180 2306 5242 quod
2369 5176 2632 5244 martyrio
2661 5176 2730 5229 ibi
2763 5178 3005 5230 coronati
3065 5182 3205 5242 sint;
3242 5198 3344 5236 nec
3389 5198 3420 5236 a

1861 5265 2099 5332 regionis
2146 5266 2438 5332 episcopis,
2508 5276 2565 5317 ut
2619 5266 2823 5320 dictum
2895 5277 2997 5333 est,
3057 5280 3416 5337 consecrata,

1859 5354 2267 5408 subvertantur.
2323 5353 2378 5406 Si
2431 5365 2608 5409 autem
2669 5357 2874 5425 populi,
2916 5358 3183 5424 inquiunt,
3217 5365 3421 5415 tumul-

1863 5454 2076 5498 tuantes
2147 5446 2426 5511 resistant,
2460 5448 2873 5509 admOneautur,
2924 5463 2989 5501 ne
3022 5451 3074 5501 in
3127 5450 3261 5505 locis
3288 5468 3419 5507 con-

1859 5545 2052 5590 ventus
2075 5546 2260 5604 agant,
2298 5539 2397 5592 hoc
2431 5553 2535 5601 est,
2583 5555 2650 5592 ne
2685 5539 2791 5591 illic
2833 5541 3016 5592 turbas
3042 5555 3371 5612 congregant
3402 5560 3417 5609 ;

1859 5641 1959 5680 nec
2035 5627 2323 5681 orthodoxi
2388 5643 2574 5680 eorum
2634 5631 3019 5695 superstitione
3113 5633 3418 5703 alligentur,

1871 5735 2041 5787 neque
2072 5721 2124 5772 in
2158 5719 2237 5772 cis
2269 5728 2568 5787 martyrum
2603 5721 2917 5772 memoriam
2959 5722 3254 5780 (clebrem.
3282 5725 3418 5781 nota
