4018 6310
646 319 745 380 303

637 532 800 569 canas
831 517 1106 568 ecclesias.
1148 514 1307 568 Multa
1334 517 1476 568 enim
1509 516 1771 582 ejusmodi
1795 514 1928 567 ﬁunt
1957 528 1984 563 a
2017 511 2170 564 vica-

637 604 724 657 nis
755 604 1119 663 honmnculis,
1161 604 1411 657 mulieres
1464 603 1726 657 diabolico
1754 603 2020 655 instructu
2048 602 2178 654 bac-

637 696 861 745 chantes
906 703 957 744 et
1022 693 1196 745 futura
1258 693 1392 745 forte
1429 694 1744 755 divinantes,
1805 693 2175 760 hominesque,

637 788 726 852 qui
764 800 820 836 se
857 783 1184 836 da‘moniaco
1213 784 1400 850 spiritu
1441 784 1642 836 amatos
1673 784 1947 845 simulant,
1977 791 2029 834 et
2062 797 2180 847 qua:

637 891 704 927 ne
765 877 942 928 dicere
1002 875 1214 940 quidem
1265 875 1440 938 decet,
1508 876 1558 926 in
1620 873 1877 942 ejusmodi
1937 873 2178 925 ecclesiis

635 968 839 1021 faciunt
864 965 1276 1018 assumentibus.

703 1144 950 1198 ZONAR.
987 1144 1259 1205 Nonnulli,
1298 1157 1355 1196 se
1392 1144 1440 1196 id
1470 1143 1551 1210 pie
1584 1141 1761 1196 facere
1784 1141 2176 1195 existimantes.

639 1237 692 1287 in
733 1237 873 1298 agris
906 1243 960 1286 et
1012 1235 1204 1286 vinetis
1250 1240 1545 1300 martyrum
1598 1231 1870 1290 :ediculas,
1901 1230 2053 1294 quasi
2087 1242 2178 1295 per

637 1325 844 1377 somnia
900 1325 1121 1389 visaque
1168 1322 1451 1384 admoniti,
1505 1321 1831 1372 excitabant.
1861 1317 1962 1370 Eas
1997 1318 2176 1385 igitur,

635 1416 677 1465 si
714 1429 812 1466 nec
866 1423 1157 1480 martyrum
1193 1426 1413 1479 corpora
1453 1411 1520 1462 ibi
1556 1411 1808 1476 reposita,
1863 1422 1963 1460 nee
1989 1406 2177 1472 aliqua:

637 1504 850 1555 illorum
887 1503 1148 1568 reliquim,
1181 1511 1552 1562 asserventur,
1585 1501 1982 1567 episcoporum,
2017 1495 2178 1564 620

641 1595 732 1660 qui
770 1595 831 1644 iis
889 1593 1019 1644 locis
1061 1602 1318 1659 pra‘sunt,
1350 1590 1666 1642 auctoritate
1697 1591 1862 1640 everti
1911 1587 2056 1656 jubet
2087 1601 2176 1637 ca-

642 1697 765 1733 non.
798 1681 947 1744 Quod
981 1679 1022 1730 si
1050 1679 1351 1737 multitudo,
1389 1679 1584 1743 inquit,
1610 1677 1864 1730 seditiose
1899 1684 2171 1741 repugnet,

1855 317 1953 374 TII
1966 314 2128 375 E01).
2165 314 2557 375 BALSAMON

643 435 959 494 praesentem
988 440 1272 486 canonem,
1312 426 1396 494 qui
1433 435 1512 478 est
1563 426 1714 478 valde
1748 424 1896 477 utilis
1926 424 1991 476 ad
2021 423 2174 475 rusti-

2291 423 2580 490 μαρτύρων
2614 423 2691 473 ’ἐν
2766 425 2944 486 αὐτοῖς

3715 320 3824 380 3οι

3018 426 3300 480 ἐπιτελεῖν.
3375 427 3447 496 Ση
3457 427 3686 494 μείωσαι
3745 432 3843 478 ti.»

2287 513 2525 577 παρόντα
2598 511 2818 573 κανόνα,
2897 513 3066 565 πολλὰ
3132 515 3533 583 χρησιμεύοντα
3585 519 3666 577 εἰς
3735 521 3844 577 τὰς

2285 598 2604 666 ἀγροικικάς
2633 601 2942 670 ἐκκλησίας.
2983 604 3228 656 Γίνονται
3254 607 3359 672 γὰρ
3399 607 3565 658 πολλά
3609 607 3845 658 τοιαῦτα

2286 687 2434 755 παρά
2539 691 2846 758 χωριτικῶν
2943 693 3243 763 ἀνδραρίων
3310 696 3845 764 προσλαμδανόντων

2286 783 2546 843 γυναῖκας
2589 779 2959 843 ἐνθουσιώσας
2982 787 3073 834 καὶ
3142 785 3283 836 κατά
3336 786 3654 853 δαιμονικὴν
3694 788 3846 852 ἐπή-

2286 882 2434 931 ρειαν
2467 869 2928 933 προφοιὸαζούσας
2946 872 3084 938 τάχα
3106 872 3172 923 τὰ
3197 873 3480 940 μέλλοντα,
3513 877 3602 926 καὶ
3631 874 3843 940 ἄνδρας

2286 958 2778 1023 προσποιουμένους
2808 959 3087 1028 δαιμονᾷν,
3120 962 3212 1014 καὶ
3239 963 3518 1022 ποιοῦντάς
3549 979 3670 1013 τινα
3700 962 3844 1031 μηδὲ

2287 1044 2541 1109 λέγεσθαι
2570 1047 2694 1110 ἄξια
2731 1051 2808 1110 εἰς
2843 1051 2939 1111 τὰς
2970 1051 3222 1114 τοιαύτας
3247 1054 3556 1120 ἐκκλησίας.

2356 1134 2598 1185 ΖΩΝΛΡ.
2663 1135 2840 1199 Τινὲς,
2891 1138 3135 1188 εὐσεϐεῖν
3192 1139 3494 1202 δοκοῦντες,
3548 1141 3604 1191 ἐν
3639 1141 3842 1208 ἀγροῖς

2285 1221 2374 1270 καὶ
2408 1222 2464 1271 ἐν
2505 1222 2819 1288 ἀμπελῶσιν
2850 1223 3155 1292 ᾠκοδόμουν
3181 1227 3438 1294 εὐκτήρια
3495 1230 3585 1281 ἐπὶ
3617 1229 3840 1298 μαρτύ-

2286 1327 2394 1377 ρων
2426 1311 2707 1378 ὀνόμασιν,
2741 1315 2813 1377 ὡς
2869 1316 2937 1366 δι’
2972 1317 3236 1367 ἐνυπνίων
3277 1319 3445 1370 ταῦτα
3492 1321 3582 1371 καὶ
3612 1322 3838 1372 ἀποκαί-

2283 1399 2493 1466 λύψεων
2525 1404 2917 1471 ἀνεγείροντες.
2950 1407 3287 1474 Προστάσσει
3324 1409 3523 1470 ,τοίνυν
3563 1411 3590 1460 ό
3647 1399 3839 1460 κανὼν

2281 1495 2347 1544 τά
2373 1495 2615 1554 τοιαῦτα,
2649 1499 2694 1548 εί
2728 1500 2862 1566 μήτε
2896 1499 3120 1566 σώματα
3147 1502 3436 1570 μαρτύρων
3453 1502 3623 1569 ἔχοιεν
3642 1502 3839 1561 αὐτοῖς

2283 1585 2694 1653 ἐναποκείμενα,
2731 1589 2862 1655 μήτε
2891 1589 3008 1639 τινά
3032 1589 3258 1656 λείψανα
3312 1591 3618 1659 μαρτύρων,
3671 1590 3834 1657 παρά

2283 1672 2390 1722 τῶν
2420 1674 2560 1726 κατά
2599 1676 2792 1736 τόπους
2809 1679 3118 1729 ἐπισκόπων
3149 1680 3637 1748 καταστρέφεσθαι.
3676 1679 3737 1730 El
3769 1678 3835 1730 δὲ

641 1787 812 1839 neque
843 1772 959 1822 illas
1016 1770 1152 1820 dirui
1180 1771 1408 1836 patiatur
1439 1789 1450 1821 :
1485 1770 1696 1821 saltem.
1733 1781 1796 1819 ne
1857 1766 1922 1817 iis
1951 1765 2001 1817 in
2048 1764 2174 1816 locis

2279 1763 2325 1811 οι
2358 1761 2540 1828 δῆμοι,
2578 1765 2760 1832 φησιν,
2803 1765 3143 1818 ἀνθίστανται
3180 1768 3551 1836 θορυϐοῦντες,
3603 1769 3697 1818 καὶ
3726 1768 3836 1820 οὐκ

643 1864 818 1928 populi
862 1871 1151 1914 conventus
1213 1859 1525 1926 agant,hoe
1555 1872 1657 1922 e51,
1709 1872 1772 1909 ne
1828 1856 1934 1907 illic
1997 1852 2180 1906 turbas

643 1961 986 2019 congregem,
1021 1964 1116 2003 nec
1155 1950 1328 2016 aliqua
1357 1963 1540 2001 eorum
1588 1946 1964 2014 superstitione
1992 1945 2178 1995 ortho-

642 2040 763 2091 doxi
826 2041 1127 2107 alligentur.
1183 2052 1280 2090 nec
1313 2039 1362 2090 in
1419 2038 1482 2090 iis
1533 2045 1828 2103 martyrum
1864 2031 2176 2085 memoriam

642 2130 945 2190 celebrent;
981 2129 1022 2179 si
1054 2127 1266 2194 quidem
1298 2141 1394 2180 nec
1421 2126 1670 2194 martyris
1696 2139 1895 2191 corpus
1927 2137 2022 2175 nec
2057 2121 2179 2173 reli-

644 2217 780 2280 quia:
842 2215 912 2265 ibi
943 2215 1209 2266 recondita
1262 2214 1389 2275 sint,
1438 2229 1611 2280 neque
1659 2212 1767 2279 jam
1828 2210 1894 2262 ab
1947 2208 2180 2269 antiquis

640 2305 971 2371 temporibus
1021 2303 1188 2355 altare
1221 2304 1347 2357 illud
1387 2306 1457 2356 sit
1513 2301 1936 2364 exmdilicatum;
1970 2299 2180 2367 publice

638 2397 884 2463 populum
939 2396 1332 2449 admonendum
1392 2410 1510 2448 esse
1543 2395 1802 2447 decernit.
1837 2392 2181 2456 Quaecunque

638 2488 807 2548 enim,
843 2488 993 2553 quasi
1031 2503 1121 2554 per
1155 2487 1382 2548 somnia,
1412 2493 1464 2539 et
1511 2485 1862 2538 revelationes
1893 2496 1920 2532 a
1948 2481 2178 2533 nonnul-

637 2577 699 2628 lis
725 2587 1054 2635 constructa,
1107 2587 1323 2640 repente
1387 2578 1663 2635 exstitere,
1723 2574 1924 2636 omnia,
1983 2571 2177 2637 inquit,

639 2668 845 2730 penitus
878 2665 1172 2731 improbata
1200 2666 1550 2718 damnentur.

640 2754 861 2808 ARlST.
901 2775 916 2804 ι
948 2755 1129 2808 Altare
1162 2755 1211 2806 in
1244 2756 1385 2822 agris
1413 2765 1503 2808 aut
1550 2754 1767 2816 vim-tis,
1805 2753 1998 2822 quibus
2025 2751 2179 2803 lllllliB

717 2866 732 2895 ι
773 2857 893 2898 sunt
938 2846 1171 2913 reliquize
1223 2850 1473 2914 martyris
1503 2847 1743 2913 repositte
1769 2885 1782 2909 ,
1817 2852 2169 2902 exstructum,

721 2957 737 2985 ι
784 2938 884 2989 nisi
936 2938 1175 3004 publicus
1227 2939 1488 2990 excitetur
1527 2939 1801 3000 tumultus,
1857 2946 2176 2990 evertatur:

710 3049 724 3077 ι
765 3038 816 3079 et
844 3042 1173 3094 qumcunque
1229 3041 1321 3094 per
1354 3028 1616 3080 insonmia
1675 3042 1944 3094 vanasque
1973 3027 2176 3081 revela-

716 3139 732 3168 ι
769 3121 941 3172 tiones
972 3117 1156 3170 altaria
1192 3118 1492 3185 eriguntur.
1530 3137 1545 3168 ι

707 3211 1047 3276 Quaecunque
1077 3209 1216 3261 :edcs
1250 3210 1492 3261 oratoria:
1523 3223 1616 3276 per
1643 3209 2014 3278 episcoporum
2045 3225 2171 3279 pre-

636 3315 728 3354 ces
767 3314 872 3350 non
907 3300 1328 3359 constituuntur,
1366 3314 1462 3352 nec
1513 3310 1816 3368 martyrum
1850 3300 2088 3367 reliquiae
2124 3301 2174 3352 in

640 3390 704 3440 iis
739 3400 1090 3453 reponuntur,
1121 3387 1354 3454 profante
1377 3397 1518 3442 sunt.
1581 3388 1876 3457 Eapropter
1916 3392 2096 3458 itaque
2124 3401 2176 3444 et

639 3478 851 3539 altaria,
875 3492 994 3542 qua:
1027 3477 1075 3527 in
1107 3478 1250 3544 agris
1281 3489 1372 3529 aut
1411 3480 1605 3531 vinetis
1643 3481 1771 3532 ﬁunt
1795 3483 1913 3533 sine
1940 3482 2173 3547 episcopi

642 3569 910 3634 precibus,
943 3577 994 3619 et
1027 3567 1366 3633 reliquiarum
1425 3579 1717 3636 martyrum
1751 3570 2101 3636 depositione,
2131 3571 2172 3621 si

642 3660 756 3710 tieri
811 3666 1003 3724 potest,
1067 3640 1451 3711 subvertantur
1508 3677 1520 3713 :
1570 3661 1649 3711 sin
1700 3669 1874 3712 autem
1906 3661 2175 3730 p0pnlaris

637 3748 894 3801 tnnmltus
929 3749 1026 3802 hoc
1064 3747 1174 3800 ﬁeri
1216 3750 1485 3814 prohibet,
1524 3749 1707 3800 saltem
1761 3749 2171 3813 admoneantur,

633 3839 905 3905 popularis
953 3837 1126 3889 turba:
1176 3838 1559 3890 concitationes
1615 3838 1664 3888 in
1718 3837 1781 3890 iis
1837 3853 1938 3890 non
1972 3837 2168 3890 facere.

637 3931 1027 3981 Subvertantur
1094 3939 1266 3980 autem
1316 3935 1366 3979 et
1433 3927 1618 3978 altaria
1681 3914 1774 3992 per
1831 3929 2090 3979 insomnia
2121 3940 2172 3980 ct

635 4034 799 4069 vanas
835 4019 1188 4070 revelationes
1246 4028 1446 4069 erecta.
1494 4017 1625 4068 (lum
1659 4016 1903 4069 diabolus
1933 4018 2072 4070 enim
2103 4018 2174 4068 sit

632 4109 880 4170 tenebrae,
918 4109 1096 4159 lumen
1126 4106 1341 4158 simulat
1374 4124 1386 4156 ι
1422 4117 1472 4158 et
1501 4107 1713 4172 pietatis
1750 4109 1999 4159 nimirum
2034 4123 2171 4173 prte-

631 4209 772 4250 textu
801 4199 1074 4250 hominum
1101 4197 1311 4248 animas
1341 4197 1563 4250 inescat.

1111 4371 1333 4425 CANON
1377 4372 1679 4425 LXXXVII.

635 4482 651 4512 ι
687 4465 755 4514 De
783 4461 1022 4528 reliquiis
1062 4462 1323 4514 idolorum
1374 4463 1627 4514 radicitus
1655 4461 2032 4528 exstirpandis.
2069 4460 2168 4512 Si—

709 4570 724 4599 ι
763 4549 958 4604 aniliter
984 4550 1180 4615 placuit
1203 4549 1306 4614 peti
1341 4562 1368 4597 a
1393 4549 1706 4599 clarissimis
1735 4550 2168 4614 imperatoribus,

700 4656 718 4688 ι
762 4649 817 4688 ιιι
849 4637 1082 4703 reliquae
1110 4636 1436 4697 idololatriae,
1470 4651 1570 4687 non
1619 4636 1786 4687 solum
1822 4651 1936 4701 quae
1966 4646 2086 4686 sunt
2121 4639 2168 4688 in

701 4747 717 4776 ι
755 4727 1075 4788 simulacris,
1107 4725 1197 4778 sed
1221 4726 1270 4776 in
1307 4727 1580 4791 quibusvis
1605 4724 1753 4787 locis,
1788 4730 1866 4776 vel
1897 4725 2049 4787 lucis,
2089 4726 2169 4776 vel

693 4837 708 4866 ι
753 4816 1050 4881 arboribus,
1083 4814 1389 4867 omnimodo
1421 4815 1722 4867 deleantur.
1764 4834 1780 4864 ι

697 4993 884 5047 BALS.
919 4993 1104 5046 Patres
1138 4993 1490 5059 imperatores
1523 5003 1728 5058 rogant,
1764 5004 1818 5044 ut
1849 5009 1964 5060 quae
1996 4995 2169 5047 adlmc

633 5086 834 5137 relicta:
879 5085 985 5136 sint
1047 5083 1307 5136 idolorum
1358 5084 1633 5150 imagines,
1667 5093 1719 5136 et
1759 5085 2060 5151 ubicunque
2094 5100 2169 5137 ea:

625 5187 753 5235 Sllll,
777 5175 1116 5227 adoleantur.

698 5263 945 5318 ZONAR.
982 5265 1233 5327 Quamvis
1265 5263 1550 5332 Evangelio
1606 5265 1758 5330 longe
1801 5265 2010 5334 lateque
2047 5281 2167 5333 pro—

624 5369 828 5424 pagalo.
849 5357 1020 5408 adhuc
1049 5366 1220 5407 tamen
1251 5355 1487 5420 quaedam
1521 5369 1584 5406 ex
1615 5355 1908 5408 idololatria
1933 5356 2169 5423 reliquiae

621 5449 990 5514 superfuerant
1012 5487 1025 5510 ,
1052 5458 1102 5500 et
1156 5449 1324 5501 adhuc
1356 5447 1638 5499 simulacra
1681 5461 1837 5515 atque
1867 5464 1972 5501 arae
2002 5452 2168 5516 pluri-

623 5541 720 5590 hus
749 5539 799 5586 in
826 5537 952 5588 locis
986 5553 1046 5587 ac
1084 5538 1396 5590 nemorihns
1431 5540 1811 5592 servabantur.
1855 5541 1926 5590 De
1957 5543 2021 5593 iis
2065 5543 2166 5605 igi-

624 5637 707 5680 tur
735 5624 974 5678 l'unditus
1035 5627 1330 5687 abolendis,
1366 5629 1435 5679 ita
1469 5639 1525 5680 ut
1559 5629 1689 5680 nihil
1741 5631 1965 5697 amplius
2001 5647 2062 5684 ex
2100 5631 2165 5685 iis

2280 1849 2406 1901 ἐῶσι
2444 1853 2829 1920 καθαιρεῖσθαι
2883 1856 3042 1918 αὐτὰ,
3103 1858 3465 1910 νουθετεῖσθαι
3520 1859 3587 1910 τά
3645 1857 3836 1926 πλήθη

2279 1939 2487 1991 κελεύει
2524 1941 2596 2010 μὴ
2623 1943 2952 2010 ὀχλαγωγεῖν
2987 1947 3110 2007 τοὺς
3150 1948 3345 2008 τόπους
3388 1948 3644 2012 ἐκείνους,
3667 1962 3836 1998 τουτο

2281 2029 2393 2080 έστι
2425 2031 2496 2097 μὴ
2533 2033 2859 2097 συνάγεσθαι
2905 2037 3029 2097 τοὺς
3079 2035 3266 2104 ὄχλους
3320 2040 3454 2102 ἐκεῖ,
3522 2037 3655 2104 μηδὲ
3701 2037 3836 2098 τοὺς

2277 2119 2582 2187 ὀρθοδνὶξους
2637 2125 3092 2192 καταδεσμεῐσθαι
3130 2130 3196 2197 τῇ
3233 2128 3435 2180 τούτων
3493 2127 3835 2193 δεισιδαιμοο

2278 2211 2384 2279 νίᾳι
2416 2214 2551 2279 μηδὲ
2587 2216 2804 2282 μνήμας
2837 2217 3129 2288 μαρτύρων
3161 2221 3219 2271 ἐν
3255 2220 3433 2282 αὐτοῖς
3465 2218 3755 2279 ἐπιτελεῖν,
3780 2217 3835 2269 εί

2281 2305 2353 2367 μὴ
2388 2304 2542 2368 σῶμα
2591 2304 2859 2372 μάρτυρος
2891 2308 3022 2376 μηδὲ
3064 2308 3284 2375 λείψανα
3303 2312 3419 2361 ἐκεῖ
3436 2312 3662 2371 κεῖνται,
3693 2307 3729 2376 ἢ
3768 2306 3837 2369 ἐξ

2279 2389 2522 2454 ἀρχαίων
2559 2391 2766 2455 χρόνων
2790 2389 2854 2458 ἦν
2889 2393 3305 2465 (ξικοδομημένον
3350 2398 3410 2448 τὸ
3437 2397 3837 2464 θυσιαστήριον

2279 2477 2468 2532 ἐκεῖνο.
2506 2483 2567 2530 Ἃ
2595 2482 2721 2548 γὰρ,
2749 2485 2902 2552 φησὶ,
2931 2487 3289 2555 συνέστησαν,
3320 2491 3394 2550 ὡς
3449 2489 3507 2553 ἐξ
3558 2489 3836 2540 ἐνυπνίων

2279 2572 2372 2623 καὶ
2445 2572 2834 2642 ἀποκαλύψεων
2879 2577 3348 2648 οίκοδομησάντων
3425 2578 3566 2632 αὐτά
3635 2595 3831 2644 τινων,

2289 2659 2467 2711 πάντα
2504 2661 3102 2730 ἀποδοκιμαζέσθωσαν.

2347 2750 2567 2802 ΑΡΙΣΤ.
2619 2769 2636 2801 ι
2679 2753 3070 2822 Θυσιαστήριον
3105 2758 3160 2808 ἐν
3219 2757 3406 2826 ἀγροῖς
3456 2759 3488 2826 ἦ
3536 2757 3833 2826 ἀμπελῶσι

2283 2856 2300 2888 ι
2342 2840 2643 2908 γινόμενον,
2685 2844 2741 2894 ἐν
2786 2838 2865 2905 οἷς
2901 2845 2960 2895 οὐ
3003 2845 3247 2913 λείψανον
3289 2848 3572 2899 ἀπόκειται
3613 2847 3834 2915 μάρτυ-

2284 2947 2301 2978 ‹
2351 2946 2462 2996 ρος,
2498 2933 2546 2981 ει
2582 2933 2654 2999 μὴ
2673 2933 2928 3000 δημόσιος
2957 2937 3166 3000 γίνεται
3228 2937 3476 3006 θόρυϐος,
3519 2955 3832 3009 καταστρε-

2288 3037 2304 3068 t
2345 3020 2524 3087 φέσθω
2551 3037 2564 3050 ο
2588 3023 2679 3072 καὶ
2706 3025 2799 3074 ὅσα
2817 3025 2879 3075 δι’
2905 3027 3166 3078 ἐνυπνίων
3194 3030 3286 3079 καὶ
3305 3029 3694 3099 ἀποκαλύψεων
3723 3051 3832 3100 μα-

2287 3125 2302 3156 ι
2337 3108 2500 3160 ταίων
2523 3111 2829 3162 συνίσταται
2864 3112 3239 3183 θυσιαστήρια.
3281 3134 3298 3166 ι

2352 3199 2502 3251 Ὅσοι
2527 3202 2632 3250 τῶν
2672 3203 2976 3271 εὐκτηρίων
3007 3204 3168 3256 οἴκων
3206 3208 3265 3257 ού
3314 3207 3378 3258 δι’
3407 3207 3571 3275 εὐχῆς
3597 3207 3830 3262 ἐπισκό-

2280 3306 2394 3341 πων
2416 3293 2771 3358 συνὲστησαν,
2814 3294 2906 3344 καὶ
2955 3293 3184 3362 λείψανα
3258 3298 3551 3365 μαρτύρων
3610 3300 3829 3363 τούτοις

2277 3382 2696 3448 ἐναπετέθησαν,
2731 3383 2936 3449 ἀνίεροί
2967 3386 3093 3437 εἰσι.
3124 3386 3223 3437 Διά
3272 3388 3428 3440 τοῦτο
3455 3389 3581 3456 γοῦν
3631 3391 3730 3443 καὶ
3755 3396 3827 3445 τὰ

2275 3474 2332 3523 ἐν
2381 3476 2572 3541 ἀγροῖς
2602 3475 2633 3540 ἦ
2677 3475 2957 3540 ἀμπελῶσι
2980 3477 3238 3544 γινόμενα
3271 3478 3627 3550 θυσιαστήρια
3651 3487 3826 3552 χωρὶς

2277 3565 2437 3631 εὐχῆς
2472 3564 2766 3614 ἐπισκόπου
2801 3565 2895 3614 καὶ
2935 3565 3050 3618 τοῦ.
3081 3568 3470 3636 ἐναποτεθῆναι
3529 3573 3827 3642 μαρτύρων

2275 3654 2521 3720 λείψανα,
2588 3655 2633 3704 εί
2693 3655 2935 3718 δυνατὸν,
2985 3659 3543 3724 καταστρεφέσθωσαν
3579 3677 3593 3690 ’
3653 3665 3699 3714 εί
3766 3664 3828 3715 δὲ

2275 3743 2559 3808 δημοτικὸς
2593 3742 2815 3808 θόρυὸος
2844 3742 2997 3794 τοῦτο
3024 3745 3220 3796 κωλύει
3250 3749 3524 3813 γενέσθαι,
3567 3749 3667 3802 κᾶν
3694 3767 3826 3803 νου-

2276 3832 2457 3883 θετίαν
2484 3832 2822 3899 δεχέσθωσαν
2857 3833 2930 3900 μὴ
2981 3837 3154 3886 ποιεῖν
3186 3837 3243 3887 ἐν
3274 3838 3453 3898 αὐτοῖς
3484 3839 3821 3907 ὀχλαγώγια.

2286 3921 2859 3988 Καταστρεφέσθωσαν
2912 3922 2966 3973 δὲ
3029 3923 3219 3975 καὶτὰ
3272 3925 3337 3976 δι’
3403 3929 3665 3980 ἐνυπνίων
3727 3935 3827 3982 καὶ

2273 4010 2658 4076 ἀποκαλύψεων
2737 4013 2977 4078 ματαίων
3073 4015 3433 4080 συνιστάμενα
3522 4017 3825 4088 θυσιαστή·

2275 4117 2380 4165 ρια.
2411 4101 2605 4160 Σκότος
2644 4104 2750 4168 γὰρ
2780 4103 2853 4151 ὦν
2888 4105 2913 4152 ό
2936 4102 3200 4166 διάϐολος,
3259 4105 3373 4170 φῶς
3423 4106 3771 4176 ὑποκρίνεται
3807 4126 3822 4140 ⁸

2276 4190 2366 4238 καὶ
2390 4191 2654 4256 προφάσει
2676 4191 2834 4258 δῆθεν
2859 4192 3140 4254 εὐλαϐείας
3165 4194 3259 4254 τὰς
3281 4195 3386 4244 τῶν
3403 4196 3700 4264 ἀνθρώπων
3729 4201 3822 4250 δε-

2277 4280 2454 4340 λεάζει
2482 4280 2678 4348 ψυχάς.

2831 4375 3065 4427 ΚΑΝΩΝ
3101 4374 3221 4428 ΠΖ’.

2350 4483 2366 4513 ι
2413 4466 2481 4516 Hs
2494 4467 2546 4534 pi.
2573 4466 2663 4516 τοῦ
2682 4467 2747 4518 τὰ
2769 4467 2997 4535 λείψανα
3049 4469 3157 4520 τῶν
3184 4468 3413 4520 εἰδώλων
3435 4467 3824 4538 ἐκριζωθῆναι.

2277 4573 2294 4602 ι
2345 4555 2574 4622 Ὁμοίως
2601 4559 2794 4626 ἤρεσεν
2845 4558 3132 4625 αἰτηθῆναι
3160 4560 3266 4610 ἀπὸ
3310 4560 3416 4609 τῶν
3465 4559 3825 4621 ἐνδοξοτάτων

2279 4663 2295 4695 ι
2340 4646 2622 4713 βασιλέων,
2655 4649 2738 4699 ἵνα
2774 4648 2840 4700 τὰ
2876 4649 3100 4715 λείψανα
3125 4649 3221 4714 τῆς
3282 4648 3719 4716 εἰδωλολατρείας
3744 4652 3826 4718 μὴ

2279 4755 2295 4784 ι
2341 4737 2498 4803 μόνον
2522 4740 2589 4789 τά
2609 4741 2665 4791 ὲν
2713 4740 2939 4801 ξοάνοις,
2975 4740 3108 4790 ἀλλά
3141 4741 3233 4789 καὶ
3278 4741 3334 4790 ἐν
3371 4740 3699 4808 οἱοισδήποτε
3726 4742 3824 4792 τό·-

2278 4845 2294 4875 ι
2335 4842 2454 4887 ποις
2485 4829 2515 4894 ἦ
2543 4830 2762 4880 ἄλσεσιν
2816 4830 2847 4898 ἢ
2889 4830 3125 4898 δένδροις
3159 4831 3319 4881 παντὶ
3361 4831 3544 4899 τρόπῳ
3607 4829 3825 4894 ἐξαλειο

2279 4936 2294 4965 ι
2345 4918 2566 4983 φθῶσιν.
2606 4937 2622 4967 ι

2341 5007 2529 5060 ΒΑΛΣ.
2559 5009 2962 5076 Παρακαλοῦσιν
2984 5012 3029 5062 οἱ
3060 5010 3300 5076 Πατέρες
3323 5009 3446 5071 τοὺς
3469 5009 3719 5075 βασιλεῖς,
3752 5011 3828 5061 τὰ

2271 5096 2349 5145 ἐτι
2382 5098 2789 5164 περιλειφθέντα
2823 5098 3110 5165 ἀγάλματα
3127 5097 3233 5148 τῶν
3263 5096 3512 5158 εἰδώλων,
3537 5099 3627 5148 καὶ
3655 5097 3828 5146 ὁπουο

2270 5187 2462 5254 δήποτε
2487 5187 2609 5238 ὄντα
2629 5186 3018 5256 ἐξαλειφθῆναι.

2343 5278 2586 5331 ΖΩΝΛΡ.
2614 5280 2720 5329 Καὶ
2749 5278 2840 5328 τοῦ
2873 5279 3236 5345 εὐαγγελικοῢ
3292 5280 3640 5348 κηρύγματος
3678 5279 3825 5328 πλαψ

2269 5368 2572 5430 τυνθέντος,
2605 5368 2682 5418 ἔτι
2743 5368 2966 5436 λείψανα
3022 5369 3120 5435 τῆς
3177 5369 3622 5436 είδωλολατρείας
3669 5370 3822 5425 τινὰ,

2271 5458 2437 5524 ἤγουν
2467 5456 2980 5524 ἐγκαταλεξμματα,
2999 5458 3482 5525 περιελιμπάνοντο
3504 5472 3516 5486 ⁸
3556 5452 3829 5516 ἐσώζοντο

2271 5547 2362 5596 mi.
2405 5547 2692 5612 ἀγάλματα
2717 5549 2808 5595 καὶ
2842 5546 3011 5613 βωμοὶ
3046 5549 3100 5598 ἐν
3150 5546 3426 5614 διαφόροις
3486 5547 3667 5604 τόποις
3723 5547 3829 5597 καὶ

2276 5638 2477 5688 ἄλσεσι.
2526 5637 2657 5701 Περὶ
2688 5635 2876 5688 τούτου
2906 5638 3043 5698 εδοξε
3073 5639 3186 5697 τοῖς
3244 5638 3522 5704 Πατράσιν
3569 5638 3824 5705 ὑποίινηο
