4018 6310
170 392 275 453 305

1104 401 1182 462 IN
1219 404 1385 465 CAN,
1421 407 1774 468 LXXXVIII
1810 410 2012 473 CONC.
2058 412 2429 470 CARTIIAG.

3270 415 3368 472 306

170 503 365 569 σθῆναι
395 502 522 565 τοὺς
555 503 816 573 βασιλεῖς,
843 507 931 560 ἴνα
961 509 1368 580 ἐξαλειφθῶσιν,
1395 516 1534 570 ὥστε
1572 520 1717 587 μήτι

1824 520 2083 587 reliquum
2141 521 2248 583 σοι,
2307 520 2486 574 Patres
2522 521 2870 589 imperatores
2901 526 3196 579 monendos
3240 543 3360 580 esse.

170 593 587 663 περιλειφθῆναι
610 597 808 649 αὐτῶν.

235 679 464 735 ΔΡῙΣΤ.
497 702 518 734 ι
561 682 640 735 Τὰ
672 686 780 737 εἴτε
812 686 868 736 ἑν
921 686 1147 753 ξοάνοις,
1205 692 1236 761 ἢ
1291 697 1476 756 τόποις
1532 698 1722 767 τισὶνῆ

174 788 191 816 ι
228 769 532 840 ἄλσεσιν,ῆ
575 773 811 842 δένδροις
849 774 1073 844 λείψανα
1120 780 1220 849 τῆς
1287 785 1725 857 είδωλολατρείας

173 859 574 926 ἐξαλειφέσθω.
607 880 626 912 ι

235 951 313 1002 Οὐ
347 951 506 1019 μόνον
529 952 600 1006 τὰ
625 953 732 1006 τῶν
768 956 1005 1010 είδὼλων
1037 959 1196 1024 ξόανα
1231 965 1312 1017 δεῖ
1343 968 1724 1036 συντρίϐεσθαι

166 1053 222 1087 τε
253 1037 349 1090 καὶ
373 1039 782 1108 ἐξαλείφεσθαι,
817 1050 908 1100 καὶ
940 1051 1063 1111 τοὺς
1091 1051 1307 1120 βωμοὺς
1341 1058 1518 1108 αὐτῶν
1554 1076 1722 1111 καταο

173 1129 529 1195 στρέφεσθαι,
567 1132 705 1187 ἀλλὰ
745 1137 838 1188 καὶ
873 1138 926 1189 εἴ
952 1156 1003 1192 τι
1034 1141 1284 1210 λείψανον
1306 1146 1403 1214 τῆς
1441 1148 1724 1200 εἰδωλολα-

168 1219 355 1284 τρείας
381 1221 682 1292 ὑπελείφθη
710 1226 741 1293 ἢ
769 1228 826 1278 ἐν
858 1229 1064 1294 τόποις,
1099 1233 1132 1302 ἢ
1156 1234 1394 1297 ἄλσεσιν,
1422 1238 1453 1304 ἢ
1485 1238 1724 1305 δένδροις

166 1307 240 1374 (τί
262 1313 392 1376 γὰρ,
460 1312 543 1363 ὃτι
590 1316 712 1367 τινὰ
741 1317 945 1371 τούτων
1032 1321 1237 1387 ἐτίμων
1280 1327 1331 1377 oi
1367 1327 1643 1395 Ἕλληνες,
1691 1328 1721 1394 ἢ

167 1398 530 1462 ἐμαντεύοντο
563 1403 622 1453 ἐν
661 1405 864 1466 αὐτοῖς,
907 1411 1127 1476 καὶτῆς
1184 1413 1390 1482 πλάνης
1442 1416 1726 1469 ἀπελαθεί-

173 1501 291 1548 σης.
336 1486 370 1553 ἢ
416 1488 444 1538 ό
501 1490 752 1558 τρίπους,
802 1491 834 1558 ἦ
883 1493 1235 1561 τὸνμαντεῖον
1318 1499 1722 1569 ἐναπέμεινεν),

170 1575 511 1638 ἀφανιζέσθω
572 1578 664 1630 καὶ
721 1577 898 1640 τοῦτο,
960 1583 1036 1646 ὡς
1097 1585 1232 1654 μηδέ
1305 1589 1523 1657 μνήμην
1576 1590 1724 1657 αὑτῷ

172 1663 411 1717 ὑπεῖναι.

746 1758 984 1812 ΚΔΝΩΝ
1013 1759 1139 1813 IIII“

177 1862 197 1892 ο
229 1841 393 1896 Ὥστε
421 1846 729 1913 γράφεσθαι
767 1850 859 1900 καὶ
888 1850 1323 1920 ὑπογράφεσθαι,
1381 1857 1573 1918 ὁσάκις
1629 1857 1720 1923 γέ-

241 1950 259 1982 ι
291 1950 446 2001 νηται
480 1936 662 2002 χρεία,
693 1938 754 1989 ἐκ
789 1938 881 1990 τοῦ
945 1942 1001 1991 ἐν
1061 1944 1369 2013 Καρχηδόνι
1420 1937 1718 1999 ἐπισκόπου

242 2042 260 2070 ε
300 2023 388 2074 ἐπ’
411 2024 637 2091 ὀνόματι
681 2027 898 2080 πάντων
927 2031 1036 2084 τῶν
1069 2034 1382 2088 ἐπισκόπων
1412 2038 1717 2099 ἐπιστολάς.

249 2130 264 2159 ι
311 2113 441 2165 Ἀπὸ
471 2115 802 2182 συμπάντων
830 2117 940 2171 τῶν
984 2121 1293 2175 ἐπισκόπων
1349 2126 1562 2195 ἐλέχθη,
1609 2128 1718 2192 ῖνα,

242 2221 259 2250 ι
299 2204 391 2255 ἐὰν
421 2205 594 2276 ἀρέσῃ
628 2207 751 2258 τινὰ
771 2209 1075 2280 γράμματα
1126 2214 1365 2281 ὀφείλειν
1416 2217 1722 2286 ὑπαγορεύ-

244 2308 260 2338 ι
304 2289 461 2358 θῆναι
502 2294 562 2344 ἐν
609 2295 674 2362 τῇ
717 2297 937 2365 συνόδῳ,
971 2301 998 2370 ό
1028 2303 1395 2371 προσκυνητὸς
1425 2305 1720 2368 ἐπίσκοπος

243 2397 260 2426 ι
300 2380 328 2431 ὁ
363 2381 420 2432 ἐν
471 2382 550 2449 τῷ
591 2383 764 2453 θρόνῳ
795 2386 968 2454 τούτῳ
1025 2393 1432 2460 προκαθήμενος
1484 2396 1725 2459 καταξιοῖ

246 2486 263 2515 ι
309 2470 394 2520 ἐπ’
427 2470 652 2540 ὀνόματι
684 2475 900 2528 πάντων
929 2479 1290 2549 ὑπαγορεύειν
1349 2485 1440 2534 καὶ
1488 2485 1722 2556 ὑπογρά-

242 2578 259 2607 ‹
301 2577 418 2628 φειν
444 2563 502 2615 ἐν
537 2559 618 2626 οἷς
660 2566 854 2635 ἤρεσεν
877 2583 890 2596 ·
943 2568 1022 2620 ἐτι
1054 2574 1159 2640 μὴν
1193 2575 1303 2633 τοῖς
1330 2579 1724 2644 τοποτηρηταῖς

254 2669 268 2697 ι
308 2653 647 2715 ἐπισκόποις,
677 2660 787 2716 τοῖς
814 2659 1116 2724 δφείὶουσιν
1137 2662 1506 2731 ἀποσταλῆναι
1532 2668 1609 2726 είς
1627 2667 1723 2728 τὰς

248 2761 263 2787 ι
303 2741 398 2809 τῆς
435 2743 703 2812 Ἀφρικῆς
731 2747 994 2816 ἐπαρχίας
1022 2750 1206 2802 ἕνεκεν
1244 2754 1350 2804 τῶν
1391 2756 1724 2806 Δονατιστῶν

259 2848 275 2878 ι
321 2832 622 2901 γράμματα
655 2835 892 2904 δοθῆναι,
942 2839 1168 2908 δύναμιν
1209 2842 1483 2895 ἐντολικοῦ
1543 2845 1726 2911 περιέ-

254 2938 271 2967 ‹
307 2937 463 2990 κοντα
513 2924 582 2992 ἢν
657 2925 883 2996 δύναμιν
926 2927 999 2996 μὴ
1054 2929 1424 2999 παρεξέλθωσι
1467 2935 1560 2984 καὶ
1595 2933 1726 2985 ὑπέ-

249 3030 264 3057 ε
302 3012 536 3080 γραψαν.
565 3015 831 3084 Αὐρήλιος
866 3017 1163 3081 ἐπίσκοπος
1197 3022 1294 3089 τῆς
1339 3022 1722 3091 Καρχηδονίων

250 3120 266 3147 ι
303 3103 595 3171 ἐκκλησίας
621 3106 697 3174 τῷ
726 3107 952 3174 παρόντι
998 3110 1305 3178 ψηφίσματι
1326 3112 1598 3182 ’σνῄνεσα,
1629 3116 1722 3165 καὶ

251 3210 266 3239 ι
304 3193 699 3258 άνιγνωσθὲντι
728 3197 1031 3266 ὑπέγραψα.
1081 3200 1308 3269 ὀμοίως
1336 3204 1425 3254 καὶ
1467 3204 1516 3255 οἱ
1549 3203 1726 3255 λοιποὶ

250 3298 267 3328 ι
305 3281 591 3334 ἐπίσκοποι
622 3284 961 3353 ὑπέγραψαν.
1008 3306 1028 3339 ι

254 3367 496 3421 ΖΩΝᾹΡ.
526 3371 735 3438 Ἥρεσε
778 3376 912 3425 πᾶσι
941 3377 1052 3437 τοῖς
1100 3377 1158 3428 ἐν
1181 3379 1244 3447 τῇ
1272 3379 1492 3449 συνόδῳ,
1528 3383 1636 3444 ἶνα,
1676 3385 1723 3436 εί

217 3460 327 3523 ρεία
367 3463 591 3530 γένηται
636 3465 926 3528 ἐπιστολὰς
959 3469 1236 3537 γραφῆναι
1285 3472 1609 3539 πρόςιτινας
1660 3477 1723 3528 ἐκ

181 3551 531 3618 τῆς-συνόδου,
561 3555 588 3606 ό
611 3555 1025 3624 προκαθήμενος
1057 3560 1112 3610 ἐν
1140 3559 1216 3627 τῷ
1241 3560 1413 3630 θρόνῳ
1441 3562 1541 3629 τῆς
1571 3566 1722 3631 Καρ-

183 3640 427 3706 χηδονίων
465 3642 782 3710 ἐκκλησίας,
813 3644 874 3695 ὃν
906 3646 998 3696 καὶ
1031 3647 1257 3698 πάππαν
1313 3651 1368 3701 ὲν
1425 3651 1564 3719 ἀρχῇ
1624 3653 1723 3718 τῆς

186 3733 391 3784 συνόδου
440 3734 748 3800 ὠνόμασαν,
801 3735 1002 3796 ταύτας
1065 3736 1286 3805 ὀνόματι
1347 3742 1562 3793 πάντων
1617 3743 1723 3796 τῶν

184 3820 481 3874 ἐπισκόπων
515 3824 850 3896 ὐπαγορεύῃ.
889 3826 1087 3896 Ἤρεσε
1117 3828 1170 3879 δὲ
1195 3830 1290 3881 καὶ
1311 3830 1527 3898 δοθῆναι
1549 3833 1724 3901 γράμ-

187 3926 338 3976 ματα,
365 3914 586 3977 ἐντολῆς
637 3914 866 3981 δύναμιν
919 3915 1130 3984 ἔχοντα,
1181 3919 1272 3970 καὶ
1340 3921 1612 3973 τυποῦντα
1673 3924 1725 3974 τι

187 4004 392 4068 ποιῆσαι
419 4003 718 4068 ὀφείλουσι,
761 4007 869 4067 τοῖς
920 4005 1203 4070 μέλλουσιν
1243 4009 1494 4061 ἀπελθεῖν
1524 4013 1603 4073 εις
1629 4013 1724 4082 τὴν

183 4091 270 4156 τῆς
307 4092 571 4162 Ἀφρικῆς
597 4095 866 4162 ἐπαρχίαν
891 4095 1076 4146 ἐκεκεν
1109 4097 1217 4148 τῶν
1259 4101 1610 4168 Δονατιστῶν,
1640 4102 1726 4155 ἵνα

190 4178 254 4244 μὴ
282 4180 653 4249 παρεξέλθωσι
691 4183 758 4234 τὰ
791 4183 1118 4237 ἐνταλθέντα
1149 4186 1350 4248 αὐτοῖς.

186 4269 390 4322 ΑΡΙΣΤ.
465 4289 483 4321 ι
521 4272 705 4335 Ἔδοξε
750 4274 816 4324 τὰ
871 4274 1151 4339 ὀφείλοντα
1209 4277 1354 4344 παρὰ
1404 4281 1470 4348 τῇ
1523 4281 1724 4350 συνόδῳ

1831 628 2178 668 εθηευετυιιι.

1825 701 2053 755 ARIST.
2087 721 2105 752 ι
2137 705 2450 757 Idololatrire
2499 705 2754 772 reliquiae,
2785 707 2963 759 sivein
2996 708 3203 772 statuis,
3261 713 3372 764 sive

1889 808 1908 842 ι
1948 792 2080 845 locis
2113 794 2457 860 quibuslibet,
2491 795 2574 846 vel
2625 795 2758 849 lucis
2793 796 2868 849 vel
2909 797 3205 862 arboribus,
3234 800 3374 852 dele-

1901 897 1918 928 ι
1957 890 2134 934 antur.
2169 899 2186 930 ι

1899 966 2011 1020 Non
2053 979 2253 1022 tantum
2289 971 2551 1025 idolorum
2606 972 2890 1025 simulacra
2925 975 3126 1028 conteri
3166 987 3373 1042 oport:-t

1827 1063 1880 1106 et
1911 1057 2096 1120 deleri,
2125 1070 2172 1112 et
2211 1075 2331 1114 aras
2375 1076 2559 1115 eorum
2593 1065 2759 1116 everti
2793 1083 2804 1116 :
2836 1067 2927 1116 sed
2963 1067 3004 1117 si
3043 1081 3158 1132 qua:
3205 1067 3374 1119 idolo-

1829 1145 2002 1198 latrize
2047 1148 2285 1216 reliquis:
2330 1160 2550 1214 restent,
2586 1153 2666 1203 vel
2699 1154 2747 1205 in
2779 1153 2936 1219 locis,
2970 1155 3049 1208 vel
3092 1156 3249 1219 lucis,
3285 1167 3373 1218 aut

1828 1234 2110 1290 arboribus
2143 1236 2290 1304 (quid
2331 1240 2471 1292 enim
2505 1239 2644 1308 quod
2676 1243 2925 1295 nonnulla
2960 1259 3144 1296 eorum
3175 1245 3374 1296 honoro

1829 1325 2098 1386 prosecuti
2139 1337 2262 1379 sunt
2292 1327 2462 1380 Graeci
2489 1338 2541 1380 et
2578 1330 2628 1382 in
2663 1330 2741 1383 eis
2779 1332 3078 1395 vaticinati,
3113 1341 3166 1385 et
3194 1347 3376 1386 errore

1826 1413 2068 1476 expulso,
2101 1416 2181 1466 vel
2237 1416 2400 1483 tripos
2437 1418 2512 1470 vel
2569 1430 2832 1473 manteum
2875 1423 3195 1490 permanet,)
3248 1423 3375 1475 abo-

1829 1499 2036 1554 leantur
2067 1511 2116 1555 et
2146 1503 2249 1557 illze
2275 1515 2330 1557 ut
2368 1521 2464 1560 nec
2489 1511 2743 1563 memoria
2773 1512 2835 1563 iis
2870 1514 3123 1579 supersit.

2195 1768 2348 1839 62],
2382 1769 2607 1824 CANON
2672 1772 2994 1828 LXXXVIII.

1820 1870 1838 1902 ι
1886 1851 1958 1910 Ut
1985 1857 2293 1913 scribantur
2320 1870 2372 1913 et
2400 1862 2823 1926 subscribantnr,
2855 1866 3065 1932 quoties
3093 1880 3225 1932 opus
3259 1866 3374 1917 fue-

1900 1964 1918 1995 ι
1958 1947 2046 2007 rit,
2070 1948 2136 1999 ab
2162 1947 2410 2017 episcopo
2427 1949 2860 2019 Carthaginiensi,
2885 1953 3100 2005 nomine
3132 1954 3368 2004 Omnium

1898 2054 1916 2085 ι
1949 2037 2342 2106 episcoporum,
2375 2040 2632 2106 epistolas.
2683 2039 2762 2092 Ab
2808 2041 3056 2094 omnibus
3111 2042 3375 2108 episcopis

1904 2127 2150 2180 «dictum
2212 2139 2314 2192 est,
2369 2139 2450 2196 ut,
2505 2131 2548 2183 si
2585 2130 2860 2198 placuerit,
2919 2130 3114 2184 debere
3175 2131 3375 2199 synodo

1897 2233 1914 2264 ε
1947 2216 2137 2270 dirtari
2165 2220 2438 2286 epistolas,
2471 2220 2807 2274 venerandus
2841 2220 3124 2288 episcopus
3173 2221 3224 2271 in
3274 2221 3373 2272 hcc

1899 2321 1916 2353 ι
1952 2305 2144 2358 throno
2171 2309 2460 2372 praesidens
2482 2309 2728 2375 dignetur
2769 2310 2866 2361 sub
2893 2311 3108 2362 noluine
3135 2307 3372 2360 omnium

1904 2413 1920 2444 ι
1957 2394 2160 2449 dictare
2190 2405 2242 2448 et
2271 2396 2609 2449 subscribere
2640 2411 2755 2464 qua:
2805 2398 3137 2464 placuerint:
3190 2407 3377 2465 prate-

1907 2502 1924 2534 ι
1965 2499 2049 2536 rea
2083 2485 2354 2552 episc0pis
2385 2484 2593 2552 legatis,
2633 2485 2720 2552 qui
2759 2485 2891 2537 mitti
2927 2485 3120 2538 debent
3154 2486 3204 2537 in
3255 2500 3373 2552 pro—

1898 2591 1914 2622 ι
1948 2573 2148 2626 viucias
2183 2571 2396 2634 Africa,
2428 2584 2646 2641 propter
2695 2573 3019 2636 Donatislas,
3073 2573 3187 2624 duri
3241 2575 3378 2625 Ιίιιν-

1901 2681 1915 2710 ι
1954 2675 2057 2723 ras,
2091 2676 2207 2728 quae
2237 2661 2540 2713 mandatum
2565 2661 2904 2718 contineant;
2954 2677 3113 2729 quam
3149 2670 3380 2729 potesta-

1895 2769 1911 2798 ‹
1944 2759 2047 2803 tein
2071 2764 2134 2802 ne
2154 2750 2639 2815 transgrediantur,
2674 2759 2721 2803 et
2755 2749 3187 2817 subscripserunt
3215 2769 3226 2803 :
3268 2751 3374 2802 Au-

1892 2839 2102 2892 «relius
2184 2841 2466 2907 episcopus
2543 2839 3041 2910 Carthaginiensium
3106 2841 3378 2902 Ectlesicr,

1899 2948 1916 2979 ι
1954 2930 2206 2996 praesenti
2239 2931 2457 2984 decreto
2487 2929 2760 2992 consensi,
2797 2938 2851 2983 et
2887 2931 3025 2984 lecto
3060 2931 3374 2997 subscripsi.

1900 3036 1918 3069 ι
1958 3019 2214 3073 Similiter
2243 3029 2294 3073 et
2325 3018 2511 3088 reliqui
2543 3019 2775 3087 episcopi
2812 3021 3256 3090 subscripserunt.
3296 3038 3313 3069 ο

1893 3387 2142 3444 ZONAR.
2202 3386 2459 3442 Omnibus
2493 3388 2581 3456 qui
2611 3388 2660 3441 in
2696 3388 2898 3457 synodo
2922 3389 3138 3441 aderant
3161 3389 3374 3456 placuit,

1824 3497 1881 3533 ut
1909 3483 1953 3534 si
1988 3495 2118 3547 quas
2147 3495 2173 3531 a
2205 3478 2408 3548 synodo
2442 3478 2694 3544 epistolas
2745 3479 3008 3532 conscribi
3045 3495 3173 3545 opus
3199 3479 3374 3544 fuerit,

1821 3571 1913 3638 qui
1976 3569 2026 3622 in
2086 3568 2279 3622 throno
2337 3565 2774 3634 Carthaginensis
2823 3566 3073 3620 Ecclesiae
3109 3569 3374 3635 praesidet,

1822 3677 1980 3729 quem
2030 3673 2082 3715 et
2123 3675 2308 3730 papam
2375 3661 2528 3713 initio
2592 3659 2780 3728 synodi
2847 3673 3125 3720 vocavere,
3165 3662 3377 3713 nomine

1823 3755 2199 3822 episcoporum
2229 3750 2463 3804 omnium
2498 3765 2588 3803 eas
2608 3751 2787 3804 dietet.
2823 3751 2949 3805 Illud
2970 3753 3127 3805 etiam
3157 3753 3374 3819 placuit,

1824 3851 1881 3892 ut
1899 3841 2084 3894 litterae
2110 3841 2338 3892 mandati
2357 3842 2458 3892 vim
2495 3839 2771 3903 habentes,
2789 3849 2842 3892 et
2863 3840 2987 3908 quid
3008 3840 3117 3892 Iieri
3133 3848 3375 3908 oporteat

1825 3929 2258 3995 prastzribentes,
2293 3928 2344 3979 in
2375 3928 2687 3980 Africanam
2719 3928 3043 3996 provinciam
3077 3931 3378 3984 Donatista-

1827 4035 1942 4070 rum
1972 4033 2130 4071 causa
2179 4016 2498 4086 proiecturis
2529 4017 2804 4080 darentur,
2843 4034 2939 4072 nec
2974 4019 3037 4072 iis
3067 4022 3372 4090 quidquam,

1827 4107 1927 4160 nisi
1956 4120 2020 4159 ex
2051 4106 2262 4159 illarum
2292 4107 2622 4174 praescripto,
2664 4108 2960 4177 transigere
2995 4109 3197 4162 liceret.

1826 4278 2050 4335 ARIST.
2097 4300 2114 4333 ι
2165 4280 2347 4336 Visum
2383 4290 2485 4348 est,
2522 4293 2579 4337 ut
2630 4299 2746 4351 qum
2775 4299 2800 4335 a
2843 4284 3045 4353 synodo
3101 4286 3368 4338 miitendae

249 4377 267 4407 ι
304 4360 550 4426 γίνεσθαι
597 4362 897 4430 γράμματα
944 4363 1091 4433 παρὰ
1152 4365 1242 4418 τοῦ
1304 4368 1361 4418 ἐν
1419 4370 1722 4438 Καρχηδόνι

1904 4381 2078 4425 «sunt
2129 4371 2339 4436 litterte,
2391 4375 2457 4426 ab
2504 4375 2753 4440 episcopo
2812 4374 3223 4442 Carthaginiensi
3274 4377 3371 4428 sub

252 4466 270 4498 ι
307 4452 601 4503 ἐπισκόπου
634 4451 719 4502 ἐπ’
749 4451 974 4519 ὀνόματι
1015 4455 1227 4505 πάντων
1277 4457 1581 4523 γράφεσθαι
1629 4463 1720 4514 καὶ

253 4556 272 4589 ι
301 4540 732 4606 ὑπογράφεσθαι.
765 4560 785 4594 ι

260 4628 342 4689 Ὠς
367 4630 478 4698 γὰρ
508 4630 803 4696 πρωτεύων
826 4633 934 4683 τῶν
963 4636 1022 4685 ἐν
1072 4636 1300 4707 Ἀφρικῇ
1355 4640 1572 4693 πάντων
1615 4643 1722 4695 τῶν

189 4717 505 4781 ἐπισκόπων,
536 4720 600 4770 τὰ
636 4721 784 4788 παρὰ
823 4723 920 4790 τῆς
986 4725 1203 4777 συνόδου
1269 4729 1548 4794 ὀφείλοντα
1598 4749 1725 4784 στα-

190 4805 326 4872 λῆναι
355 4811 655 4875 γράμματα
693 4812 828 4878 πρὸς
861 4814 986 4873 τοὺς
1009 4814 1108 4882 τῆς
1164 4815 1425 4885 Ἀφρικῆς
1459 4821 1722 4888 ἄρχοντας

190 4895 332 4949 ἕνεκα
363 4899 478 4950 τῶν
512 4900 867 4970 Δονατιστῷν,
897 4902 929 4969 ἢ
960 4904 1095 4970 πρὸς
1141 4906 1378 4974 ἐτέρους,
1412 4909 1607 4976 γράψει
1630 4913 1722 4962 καὶ

192 4985 498 5057 ὑπογράψει.
547 4989 879 5058 ᾭκονομὴθη
905 4991 960 5042 δέ
994 4992 1169 5056 τοῦτο,
1209 4994 1296 5047 διὰ
1348 4998 1408 5048 τὸ
1463 4997 1722 5066 δυσχερὲς

193 5067 329 5136 εἶναι,
362 5077 464 5128 καὶ
492 5077 685 5146 φόρτον
721 5079 1031 5149 ὁλόκληρον,
1067 5083 1270 5144 πάντας
1300 5087 1424 5147 τοὺς
1454 5089 1550 5148 τ⁷ς
1599 5107 1720 5139 συν-

192 5161 294 5213 όδου
321 5167 434 5226 τοῖς
465 5166 836 5233 στελλομένοις
872 5169 1001 5238 παρ’
1051 5171 1230 5223 αὐτῶν
1290 5176 1421 5241 πρὸς
1484 5177 1717 5241 βασιλεῖς

193 5249 221 5318 ἢ
253 5254 376 5321 πρὸς
405 5254 670 5324 ἄρχοντας
701 5256 1022 5324 γράμμασιν
1045 5261 1405 5329 ὑπογράφειν.

692 5347 894 5414 Πρᾶξις
936 5348 1179 5417 πέμπτη.

203 5450 216 5480 ι
259 5435 339 5486 Ἐν
361 5435 533 5507 ταύτῃ
563 5437 627 5504 τῇ
663 5434 864 5501 συνόδῳ
893 5433 960 5486 τὰ
1007 5436 1347 5503 προλαϐόντα
1394 5439 1719 5509 ψηφθσματα

261 5540 276 5570 ι
309 5523 594 5590 κυροῦνται
630 5522 722 5574 ἐπὶ
767 5521 875 5574 τῶν
907 5523 1263 5587 ἐνδοξοτάτων
1294 5525 1554 5594 βασιλέων
1601 5531 1718 5598 Ἀρ-

262 5629 277 5659 ι
306 5612 482 5664 καδίου
513 5614 608 5665 καὶ
641 5611 896 5678 Ὀνωρίου
921 5613 1026 5665 τῶν
1049 5613 1368 5680 Αὐγούστων
1389 5618 1606 5670 ὑπάτων
1650 5624 1715 5688 τῇ

265 5719 281 5750 ι
311 5705 409 5770 πρὸ
449 5703 504 5769 ἐξ
535 5703 826 5758 Καλανδῶν
853 5704 1238 5774 Σεπτεμϐρίιυν
1287 5707 1342 5761 ἐν
1377 5709 1711 5779 Μιὶςεδετανῇ

1900 4481 1918 4513 ί
1951 4463 2189 4516 omnium
2221 4465 2435 4517 nomine
2465 4465 2776 4517 scribantur
2807 4474 2858 4518 (τι
2889 4465 3306 4518 subscribantnr.
3348 4483 3366 4515 ι

1895 4643 1961 4698 Ut
1986 4644 2187 4713 primas
2222 4643 2363 4698 enim
2395 4644 2631 4697 omnium
2665 4644 2716 4696 in
2767 4645 2945 4699 Africa
2976 4647 3368 4714 episcOporum,

1825 4731 2048 4793 litteras,
2094 4745 2212 4798 quae
2242 4745 2269 4781 a
2301 4732 2504 4798 synodo
2544 4733 2678 4784 mitti
2714 4732 2905 4786 debent
2932 4733 2995 4785 ad
3035 4734 3222 4787 Africce
3257 4751 3370 4785 qu-

1822 4824 2074 4888 gistratus
2102 4822 2496 4874 Donatistarum
2550 4823 2720 4888 gratia
2752 4824 2830 4877 vel
2880 4826 3041 4877 etiam
3100 4824 3162 4877 ad
3217 4825 3370 4883 alios.

1823 4912 2012 4965 scribet
2047 4919 2100 4963 et
2135 4911 2451 4965 subscribet.
2490 4910 2616 4963 Illud
2655 4923 2831 4965 autem
2869 4913 3217 4965 constitutum
3247 4911 3365 4970 fuit.

1823 4999 1942 5065 quia
1976 4996 2182 5049 diIlieile
2231 5006 2332 5057 εει,
2380 5006 2433 5049 et
2462 5011 2598 5049 onus
2629 4998 2896 5064 generale,
2939 5009 2995 5048 ut
3045 5011 3229 5049 omnes
3280 4996 3368 5062 qui

1823 5097 1944 5140 sunt
1978 5088 2028 5138 in
2058 5088 2262 5154 synodo
2297 5085 2492 5138 litteris
2523 5100 2549 5137 a
2583 5100 2641 5138 se
2686 5088 2750 5139 ad
2809 5088 3156 5154 imperatores
3184 5094 3234 5138 et
3263 5100 3370 5135 ma-

1821 5182 2078 5246 gistratus
2110 5179 2285 5231 missis
2315 5177 2728 5232 subscriberent.

2394 5354 2536 5406 Am'o
2592 5357 2792 5421 quinta.

1899 5461 1914 5490 ‹
1944 5442 1997 5494 lu
2039 5440 2136 5494 hac
2166 5443 2369 5510 synodo
2401 5445 2750 5509 przecedentia
2800 5449 3011 5501 decreta
3037 5454 3367 5506 conlirman~

1824 5551 1841 5582 ι
1881 5543 1964 5583 tur
1996 5538 2093 5586 Sub
2142 5532 2541 5600 gloriosissimis
2596 5535 3003 5600 imperatoribus
3038 5542 3262 5595 Arcadio
3314 5559 3365 5598 ct

1827 5643 1842 5674 ι
1877 5621 2110 5676 ll0norio
2141 5624 2392 5689 Augustis
2445 5625 2770 5686 consulibus,
2807 5629 2867 5679 A.
2904 5629 2963 5679 D.
2993 5641 3143 5685 sexto
3169 5634 3363 5688 Kalen-

1831 5734 1846 5765 (
1883 5719 1975 5769 dus
2010 5714 2358 5782 Septembris;
2393 5715 2442 5768 in
2470 5715 2686 5770 civitate
2716 5717 3044 5787 Milevitana,
3078 5723 3128 5777 in
3157 5734 3368 5778 secreto
