4018 6310
167 380 259 441 309
1135 387 1215 445 IN
1255 385 1419 448 CAN.
1454 387 1746 447 LXXXIX
1789 387 1997 447 CONC.
2041 387 2420 448 CARTHAG.

3269 392 3375 454 310

237 516 252 542 ε
289 493 558 560 νεστέρως
618 494 1102 562 χειροτονηθέντας
1139 497 1214 563 μὴ
1250 495 1456 563 τολμᾷν
1485 495 1714 554 ἑαυτοὺς
1745 515 1757 550 Α

1893 515 1909 545 ι
1944 503 2070 548 sunt
2100 496 2369 562 prioribus
2403 507 2459 548 se
2515 509 2618 548 non
2654 496 2886 550 audeant
2914 508 3241 566 praeponere.
3273 498 3382 553 Va-

235 603 250 634 ι
288 585 564 652 προτιμᾷν
600 584 711 639 τῶν
734 585 1035 654 προτέρων.
1073 586 1390 648 Βαλεντίνος
1419 585 1716 647 ἐπίσκοπος

232 692 252 722 s
286 666 474 724 ιιῐπεν⁹
512 670 586 724 Τὸ
633 672 840 739 ἀγαθὸν
884 675 984 741 τῆς
1019 674 1294 742 ὑμετέρας
1344 672 1715 736 ἀνεξικακίας.

240 779 257 811 ι
289 760 383 812 ἰὰν
416 761 716 829 ἐπιτρέπῃ,
749 760 1055 823 ἀκολούθως
1077 762 1415 830 ἐξηγήσομαι
1443 762 1509 812 τά
1550 763 1608 812 ὲν
1639 759 1715 826 τῷ

237 870 253 899 ι
287 850 617 916 προλαϐόντι
650 850 827 919 χρόνῳ
867 853 947 912 εις
980 850 1079 918 τὴν
1116 851 1504 920 Καρχηδονίων
1523 850 1719 917 ἐκκλη-

237 961 254 989 s
289 940 408 993 σίαν
461 940 798 1009 πραχθέντα,
843 941 938 994 καὶ
976 942 1098 1004 ταῖς
1146 941 1256 993 τῶν
1294 940 1539 1008 ἀδελφῶν
1585 942 1719 993 ὑπο-

239 1050 255 1080 ι
289 1033 530 1100 γραφαῖς
584 1031 832 1100 φανερῶς
894 1031 1234 1100 κυρωθέντα,
1297 1032 1390 1083 καὶ
1439 1032 1586 1100 ἡμᾶς
1638 1030 1719 1082 ἔτι

237 1137 255 1169 ι
287 1120 379 1172 νῦν
433 1119 772 1187 φυλάξοντας
851 1121 1196 1189 ὁμολογήσω.
1266 1122 1477 1175 Ἐκεῖνο
1534 1120 1718 1173 τοίνυν

235 1228 250 1257 ι
283 1209 622 1276 ἐπιστάμεθα
651 1208 912 1278 ἀμίαντον
953 1209 1042 1262 ἀεὶ
1092 1211 1191 1278 τὴν
1249 1208 1716 1278 ὲκκλησιαστικὴν

226 1318 243 1350 r
275 1299 638 1366 φυλάττεσθαι
677 1299 1009 1351 κατάστασιν
1038 1299 1227 1360 οὕτως.
1277 1299 1350 1361 ὡς
1385 1299 1590 1369 μηδένα
1611 1278 1720 1349 τῶν

236 1408 252 1436 r
287 1388 532 1454 ἀδελφῶν
557 1389 762 1458 τολμᾷν
787 1389 979 1442 ἑαυτὸν
1022 1391 1297 1458 προτιμᾷν
1321 1404 1450 1439 ποτε
1478 1387 1587 1442 τῶν
1614 1389 1720 1456 πρὸ

241 1497 254 1526 ι
293 1477 455 1529 αὑτοῦ
477 1493 490 1507 ο
523 1477 659 1528 ἀλλὰ
691 1479 781 1530 καὶ
809 1476 845 1530 ἃ
881 1480 996 1539 ταῖς
1061 1477 1161 1546 τῆς
1217 1475 1437 1542 ἀγάπης
1503 1476 1720 1539 τάξεσιν

244 1588 258 1616 ι
295 1567 380 1620 ἀεὶ
412 1567 729 1635 παρεσχέθη
760 1568 872 1628 τοῖς
922 1567 1236 1634 προτέροιςο
1265 1564 1407 1633 άπερ
1441 1564 1491 1615 oi
1523 1563 1720 1615 έπακο⁸

237 1677 253 1708 ε
289 1656 604 1717 λουθοῦντες
622 1657 924 1725 χαριέντως
963 1654 1338 1718 κατεδέξαντο.
1383 1653 1600 1722 Ταύτην
1627 1649 1720 1705 οὖν

238 1763 256 1790 σ
286 1746 439 1810 τάξιν
476 1745 724 1799 κελεύσει
750 1747 784 1816 ή
819 1744 1056 1814 ὑμετέρα
1079 1744 1354 1813 άγιωσύνη
1395 1745 1720 1813 κρειττόνως

236 1856 251 1883 ι
287 1839 404 1896 ταῖς
429 1835 734 1904 ἡμετέραις
767 1835 1074 1897 διαλαλιαϊς
1101 1834 1420 1904 βεϐαιῶσαι.
1454 1833 1718 1902 Αὐρήλιος

242 1944 257 1974 ι
291 1927 588 1987 ὲπῐσκοπος
627 1919 779 1976 εἶπεν
801 1940 816 1956 ο
884 1927 996 1976 Οὐκ
1029 1924 1197 1994 ἐχρῆν
1230 1926 1326 1993 μιν
1356 1923 1527 1977 ταῦτα
1569 1924 1716 1992 ἡμᾶς

245 2035 262 2066 ι
293 2014 792 2083 έπαναλαμὸάνειν,
822 2017 871 2066 εί
895 2013 969 2083 μὴ
999 2015 1158 2083 τυχὸν
1203 2015 1564 2081 άκατανόητοι
1600 2011 1720 2065 διά-

288 2104 425 2157 νοιαί
478 2120 641 2157 τινων
686 2103 1023 2173 άνεφύησαν,
1072 2105 1128 2157 αί
1190 2106 1328 2174 πρὸς
1383 2105 1508 2165 τοὺς
1560 2105 1720 2174 ὄρους

253 2214 269 2244 ι
303 2195 529 2256 τούτους
579 2193 680 2257 τὰς
732 2194 1004 2263 ήμετὲρας
1080 2194 1362 2265 αἰσθήσεις
1410 2194 1717 2259 όξύνουσαι.

243 2306 259 2338 ι
303 2286 439 2340 Ἀλλ*
477 2285 666 2353 Επειδὴ
695 2284 838 2355 αὕτη
888 2286 1042 2356 κοινή
1075 2287 1228 2338 ἐστιν
1286 2286 1462 2352 αἰτία,
1504 2287 1572 2354 ἢν
1624 2284 1720 2337 νῦν

240 2397 258 2426 ε
292 2377 608 2443 ἐνεφάνισεν
636 2378 664 2430 δ
697 2375 928 2444 ἀδελφὸς
955 2377 1052 2428 καὶ
1085 2377 1496 2446 συλλειτουργδς
1529 2377 1716 2445 ήμῶν,

252 2485 268 2516 ι
301 2466 436 2518 ὥστε
468 2466 698 2519 ἕκαστον
725 2465 880 2534 ήμῶν
908 2466 1295 2532 επιγινώσκειν
1317 2466 1416 2536 τὴν
1447 2469 1596 2536 παρά
1624 2467 1719 2520 τοῦ

246 2571 261 2600 ι
295 2550 428 2604 Θεοῦ
461 2553 829 2620 ψηφισθείσαν
855 2553 1002 2622 αὐτῷ
1029 2551 1208 2617 τάξιν,
1263 2553 1357 2606 καὶ
1399 2555 1486 2607 ἶνα
1517 2554 1568 2606 οί
1622 2573 1720 2624 με·

248 2662 263 2692 ι
299 2643 677 2712 ταγενέστεροι
723 2646 835 2704 τοῖς
888 2644 1171 2713 προτέροις
1215 2645 1582 2714 ὰναφέρωσιν,
1629 2646 1722 2698 καὶ

253 2750 270 2782 r
309 2732 382 2800 μὴ
422 2732 767 2800 τολμήσωσιν
795 2733 944 2800 παρὰ
966 2733 1190 2803 γνώμην
1240 2735 1446 2787 τούτων
1494 2735 1546 2786 τί
1591 2751 1720 2786 ποτε

251 2840 266 2870 ι
298 2823 555 2890 πράττειν
576 2840 587 2851 ·
623 2823 708 2874 διὰ
747 2821 906 2875 τοῦτο
924 2822 1087 2889 λέγω,
1113 2822 1289 2886 καθὼς
1316 2824 1407 2876 τὸν
1429 2823 1558 2891 εμδν
1593 2823 1726 2876 ὑπο-

253 2915 480 2982 ιτρέχει
533 2913 819 2980 λογισμὸν,
882 2913 1006 2974 τοὺς
1069 2913 1547 2983 καταφρονοῦντας
1609 2914 1722 2965 τῶν

256 3023 273 3054 ι
309 3007 411 3072 πρὸ
435 3005 640 3067 αὐτῶν,
670 3005 762 3056 καί
798 3022 916 3058 τινα
945 3005 1390 3073 άποτολμῶντας,
1415 3004 1720 3067 κωλυτέους

255 3114 270 3141 ι
303 3095 572 3162 ἁρμοδίως
603 3090 743 3145 εἶναι
794 3094 902 3144 ἀπὸ
951 3093 1136 3160 πάσης
1170 3095 1269 3162 τῆς
1310 3094 1547 3145 συνόδου.
1590 3091 1730 3146 Ξάν-
1756 3104 1800 3161 c

257 3203 272 3233 ι
307 3183 503 3245 θιππος
565 3181 865 3244 ἐπίσκοπος
912 3182 1010 3250 τῆς
1051 3182 1276 3252 πρώτης
1331 3182 1598 3253 καθέδρας
1631 3183 1732 3252 τῆς

253 3293 270 3324 ι
309 3275 626 3345 Νουμηδίας
681 3271 835 3327 εἶπεν
864 3291 877 3305 ·
932 3275 1206 3328 Ἤκουσεν
1252 3277 1286 3345 ή
1351 3275 1571 3329 πάντων
1621 3275 1728 3328 τῶν

255 3385 272 3416 t
308 3366 547 3434 ἀδελφῶν
574 3367 854 3437 παρουσία
871 3367 968 3438 τὴν
998 3366 1422 3436 ἑξακολούθησιν
1456 3366 1549 3419 τοῦ
1581 3366 1732 3419 ἁδελ-

256 3475 271 3504 t
309 3457 403 3522 φοῦ
443 3458 538 3509 καὶ
564 3458 924 3525 συνιερεσέως
979 3457 1138 3526 ήμῶν
1170 3456 1472 3525 Αὐρηλίου,
1507 3458 1559 3508 τί
1591 3457 1730 3524 πρὸς

259 3562 274 3592 ι
305 3545 472 3599 ταῦτα
494 3546 890 3615 άποκρίνεταις
926 3546 1194 3612 Διοτίμιος
1230 3548 1529 3606 ἐπίσκοπος
1555 3541 1729 3597 εἵπενο

259 3652 274 3680 ε
309 3633 384 3685 Τά
408 3634 557 3702 παρὰ
585 3637 684 3703 τῆς
716 3633 896 3702 ψήφου
918 3650 949 3687 τ
969 3638 1025 3687 ’ν
1068 3636 1310 3704 ἀρχαίων
1339 3635 1624 3705 ὁρισθέντα
1653 3637 1723 3704 τῇ

261 3739 277 3770 ι
310 3722 547 3793 ὑμετέρᾳ
581 3723 888 3777 συναινέσει
941 3724 1336 3792 ἑκδοθήσεται⁸
1389 3725 1479 3778 ῐνα
1524 3724 1592 3776 τά
1641 3741 1739 3777 πε-

264 3830 280 3861 t
314 3813 605 3881 ριεχόμενα
657 3815 771 3875 τοϊς
827 3815 1244 3881 πεπραγμένοις
1299 3813 1409 3865 τῶν
1457 3814 1737 3884 προτέρων

261 3922 276 3950 s
314 3904 544 3957 συνόδων
574 3906 634 3956 έν
652 3907 721 3972 τῇ
743 3907 800 3956 ὲν
831 3904 1140 3974 Καρχηδόνι
1168 3903 1436 3974 έκκλησίᾳ
1468 3903 1611 3957 κατὰ
1633 3905 1734 3973 τὴν

265 4011 281 4040 ι
318 3992 586 4062 ὑμετέραν
648 3994 955 4045 συναίνεσιν
1023 3994 1478 4062 πεπληρωμένως
1542 3995 1732 4063 βέϐαια

267 4100 282 4128 ι
320 4084 462 4152 παρὰ
491 4084 630 4134 πᾶσι
685 4081 1052 4150 φυλαχθῶσιν.
1092 4082 1410 4150 Σύμπαντες
1438 4084 1486 4135 οί
1517 4085 1740 4136 ἐπίσκο-

262 4190 279 4221 ι
318 4189 407 4224 ποι
439 4169 631 4226 εἷπον
673 4173 735 4225 'H
778 4173 928 4235 τάξις
992 4173 1130 4241 αὕτη
1171 4175 1279 4224 άπὸ
1313 4173 1420 4224 τῶν
1475 4174 1732 4244 Πατέρων

265 4279 281 4310 ι
314 4263 399 4313 καὶ
433 4263 543 4315 ἀπὸ
568 4261 677 4314 τῶν
705 4262 946 4331 ἀρχαίων
987 4259 1290 4328 ἐφυλάχθη,
1334 4261 1426 4313 καὶ
1456 4263 1548 4328 ἀφ’
1578 4263 1734 4330 ἡμῶν

265 4370 281 4400 ι
319 4352 449 4406 κατὰ
474 4351 828 4420 συγχώρησιν
857 4348 993 4401 Θεοῦ
1044 4349 1450 4417 φυλαχθήσεται
1500 4351 1736 4415 σωζομέο

1903 601 1920 633 ι
1954 583 2191 636 lctitiuus
2222 582 2508 650 episcopus
2536 582 2674 635 dixit
2705 598 2757 635 :.
2777 581 2835 636 Si
2868 593 3060 636 vestrae
3109 585 3381 652 patientia:

1896 691 1914 723 ι
1953 676 2151 726 bonum
2185 672 2478 740 permittat.
2531 672 2719 724 ordine
2772 674 3003 726 narrabo
3050 688 3167 738 qua:
3215 673 3379 740 priori

1891 783 1907 812 4
1944 771 2182 829 tempore
2220 761 2271 814 in
2320 761 2824 828 Carthagiuensiutn
2858 759 3093 812 Ecclesia
3134 761 3294 828 facta,
3328 771 3379 816 et

1899 854 2109 908 «etiam
2169 854 2294 904 dum
2354 849 2578 903 fratrum
2633 850 3118 916 subscriptionibus
3193 863 3377 921 aperte

1897 964 1914 997 ι
1947 946 2262 999 conlirmata
2298 953 2442 1008 sunt,
2477 952 2530 997 et
2576 959 2671 997 nos
2702 954 3010 997 servaturos
3064 945 3373 1011 proﬁtebor,

1898 1057 1914 1085 ε
1950 1035 2080 1088 Illud
2116 1036 2297 1103 itaque
2343 1036 2542 1088 scimus
2591 1034 2900 1086 inviolatam
2947 1033 3371 1087 ecclesiasticam

1897 1144 1915 1174 ι
1949 1140 2163 1192 semper
2192 1124 2394 1178 servari
2446 1123 2805 1191 disciplinam,
2865 1125 2938 1177 ita
2993 1134 3049 1177 ut
3094 1127 3271 1179 nullus
3305 1143 3372 1182 ex

1888 1235 1905 1266 ι
1939 1214 2196 1268 lratribus
2241 1215 2431 1268 audeat
2463 1228 2698 1282 unquam
2729 1227 2786 1267 se
2819 1213 2885 1267 iis
2918 1229 3250 1282 prwponere,
3286 1217 3376 1286 qui

1906 1326 1922 1356 ε
1951 1314 2075 1357 ante
2102 1305 2276 1372 ipsum
2311 1303 2562 1357 fuerunt:
2617 1303 2706 1356 sed
2742 1313 2795 1356 et
2827 1318 2941 1367 quae
2973 1304 3258 1360 cltaritatis
3286 1321 3376 1359 or-

1897 1413 1914 1446 ι
1946 1395 2158 1448 dinibus
2187 1408 2401 1460 semper
2430 1391 2698 1460 prioribus
2735 1393 2954 1459 praebita
2981 1403 3126 1458 sunt,
3154 1408 3216 1448 ea
3247 1409 3377 1448 con-

1911 1504 1926 1535 ι
1973 1493 2260 1551 sequentes
2286 1482 2516 1535 libenter
2549 1491 2922 1548 susceperunt.
2955 1480 3108 1537 Hunc
3132 1498 3258 1552 ergo
3294 1499 3382 1536 or-

1887 1595 1902 1625 ι
1934 1575 2110 1627 dinem
2160 1573 2365 1638 iubebit
2402 1579 2579 1624 vestra
2631 1571 2888 1625 sanctitas
2955 1573 3142 1624 melius
3179 1573 3378 1625 nostris

1895 1683 1912 1714 ι
1950 1661 2452 1716 interlocutionibus
2503 1660 2767 1713 roborari.
2800 1661 3046 1713 Aurelius
3093 1661 3380 1728 episcopus

1896 1773 1914 1804 ι
1947 1753 2082 1808 dixit
2109 1769 2122 1804 :
2157 1749 2274 1804 Non
2305 1749 2581 1815 Oportebat
2607 1761 2703 1800 nos
2737 1747 2850 1800 haec
2871 1747 3083 1814 quidem
3114 1758 3376 1814 repetere,

1906 1863 1921 1894 ι
1954 1842 2053 1896 nisi
2090 1840 2228 1894 forte
2257 1840 2431 1891 minus
2456 1836 2815 1904 intelligibiles
2848 1835 3200 1903 quorumdam
3238 1838 3384 1904 cogi-

1904 1953 1923 1984 s
1955 1932 2185 1986 taliones
2233 1937 2432 1984 exortae
2472 1937 2669 1992 essent,
2703 1943 2819 1994 quia:
2853 1936 3068 1980 nostros
3100 1940 3290 1980 sensus
3318 1926 3384 1978 ad

1904 2043 1921 2074 ι
1957 2024 2069 2078 haec
2099 2021 2312 2076 decreta
2345 2018 2662 2072 excitarent.
2701 2017 2805 2070 Sed
2834 2016 2955 2085 quia
2992 2016 3106 2069 haec
3140 2029 3384 2069 commu-

1909 2133 1927 2166 ε
1963 2115 2047 2168 nis
2099 2126 2266 2166 causa
2319 2117 2421 2174 est,
2476 2124 2634 2176 quam
2684 2121 2824 2161 nunc
2858 2107 3094 2161 ostendit
3139 2105 3306 2158 frater
3331 2115 3386 2159 et

1906 2223 1922 2255 ι
1957 2202 2234 2268 coadjutor
2263 2209 2464 2263 noster,
2497 2199 2863 2267 unusquisque
2913 2206 3154 2251 nostrum
3187 2209 3389 2263 cogno-

1906 2317 1923 2348 ι
1959 2305 2073 2348 seat
2098 2293 2340 2348 ordinem
2373 2291 2474 2346 sibi
2502 2306 2530 2344 ε
2564 2289 2669 2344 Deo
2701 2289 3000 2353 decretum,
3030 2296 3085 2342 et
3116 2297 3174 2340 ut
3200 2294 3382 2354 poste-

1906 2403 1922 2434 ι
1951 2384 2120 2436 riores
2153 2380 2420 2449 prioribus
2466 2378 2732 2441 deferant,
2765 2387 2818 2431 et
2853 2392 2956 2430 non
2993 2377 3220 2429 audeant
3248 2387 3387 2444 pra:-

1909 2481 2038 2524 rter
2068 2483 2251 2524 eorum
2306 2470 2623 2521 sententiam
2673 2465 2878 2534 aliquid
2925 2479 3154 2530 unquam
3205 2477 3385 2531 agere,

1910 2579 1928 2612 ι
1966 2567 2244 2628 propterea
2278 2556 2418 2618 dico,
2466 2554 2907 2624 quemadmodum
2958 2552 3086 2604 milii
3139 2551 3282 2603 venit
3333 2550 3384 2601 in

1908 2670 1925 2701 ι
1959 2656 2215 2712 mentem,
2239 2646 2330 2716 qui
2353 2653 2708 2700 contemnunt
2737 2643 2860 2696 illos
2887 2643 2976 2710 qui
3006 2649 3128 2693 ante
3158 2655 3215 2692 se
3236 2648 3386 2698 sunt,

1907 2761 1923 2792 ι
1957 2749 2009 2795 et
2043 2739 2221 2805 aliqua
2284 2746 2484 2790 temere
2518 2738 2734 2798 audent,
2771 2748 2864 2788 eos
2902 2731 3284 2786 com'enienter
3319 2729 3385 2780 ab

1907 2850 1925 2882 ι
1960 2831 2106 2885 omni
2155 2831 2356 2898 synodo
2391 2826 2720 2880 coercendos
2754 2839 2891 2877 esse.
2945 2821 3250 2888 Xantippus
3277 2818 3390 2883 epi-

1908 2939 1926 2972 s
1957 2934 2150 2987 scapus
2180 2919 2364 2985 prima:
2390 2914 2654 2967 cathedrae
2687 2911 2946 2964 Numidiae
2974 2910 3138 2963 dixit:
3172 2908 3392 2959 Audivit

1919 3030 1933 3061 ι
1965 3009 2205 3062 omnium
2235 3007 2462 3058 fratrum
2495 3001 2779 3070 praesentia
2814 2998 3245 3068 prosecutionem
3283 2995 3391 3048 fra-

1913 3119 1930 3150 ι
1965 3099 2061 3150 tris
2094 3104 2148 3148 ct
2199 3092 2595 3146 consacerdotis
2647 3089 2814 3142 nostri
2849 3087 3090 3139 Aurelii:
3146 3085 3271 3154 quid
3325 3087 3390 3137 ad

1915 3207 1932 3238 ι
1967 3190 2080 3240 haec
2133 3180 2524 3249 respondetur?
2575 3178 2857 3232 Diatimius
2889 3178 3168 3246 eplSCOptlS
3217 3175 3385 3229 dixit:

1912 3299 1928 3329 ι
1961 3277 2086 3342 Quae
2119 3273 2186 3327 ab
2219 3272 2560 3340 antiquorum
2616 3267 2869 3336 sutiragio
2901 3267 3119 3320 definita
3154 3275 3298 3327 sunt,
3326 3282 3388 3316 ea

1915 3388 1930 3417 ε
1963 3376 2140 3420 vestro
2171 3360 2461 3418 consensui
2500 3359 2777 3413 tradentur
2806 3373 2819 3408 :
2857 3365 2914 3408 ut
2959 3371 3076 3422 quas
3108 3355 3389 3408 continen-

1909 3475 1926 3507 ι
1959 3465 2050 3509 tur
2103 3455 2153 3507 in
2187 3454 2318 3505 actis
2353 3449 2588 3518 priorum
2620 3445 2948 3516 synodornm
3002 3445 3054 3496 in
3105 3443 3391 3511 Carthagi-

1910 3567 1928 3598 ι
1961 3544 2110 3598 nensi
2142 3541 2400 3601 Ecclesia,
2453 3544 2630 3590 vestro
2677 3547 2939 3588 consensu
2977 3533 3131 3600 plene
3164 3533 3378 3582 lirmata

1912 3654 1930 3686 ι
1958 3633 2094 3699 apud
2128 3643 2316 3684 omnes
2363 3633 2666 3680 serventur.
2713 3621 2912 3676 Omnes
2958 3619 3200 3687 episcopi
3232 3617 3386 3670 dixe-

1916 3741 1934 3773 s
1968 3731 2094 3775 runt
2121 3738 2134 3774 :
2164 3718 2281 3786 Ipse
2308 3715 2442 3768 ordo
2471 3727 2499 3764 a
2535 3710 2785 3765 Patrlbus
2816 3718 2870 3762 et
2905 3708 2970 3761 ab
3002 3705 3235 3773 antiquis
3270 3720 3384 3758 ser-

1915 3831 1933 3863 ι
1962 3820 2116 3863 vatus
2133 3815 2236 3867 est,
2265 3814 2318 3857 et
2341 3819 2370 3856 a
2399 3802 2553 3854 nobis
2572 3799 2663 3852 Dei
2689 3798 3038 3866 permissione
3063 3796 3390 3856 servabitur,

1917 3917 1935 3949 ι
1966 3904 2180 3950 servato
2209 3892 2388 3959 utique
2415 3889 2534 3958 iure
2556 3888 2842 3957 primatum
2869 3884 3127 3937 Numidiae
3157 3895 3210 3936 et
3241 3883 3387 3934 Mau-

1916 4007 1932 4038 ε
1969 3986 2175 4041 ritanite
2203 3997 2268 4036 ex
2293 3981 2464 4033 indice
2488 3987 2541 4032 et
2571 3975 2847 4032 matricula
2877 3973 3155 4028 Numidiae.
3193 3971 3393 4028 Deinde

1914 4097 1931 4130 ι
1964 4075 2172 4146 placuit
2217 4070 2465 4125 omnibus
2504 4068 2792 4135 episcOpis,
2849 4066 2939 4134 qui
2969 4065 3021 4116 in
3053 4063 3153 4116 liae
3188 4064 3394 4131 synodo

1916 4161 2413 4227 «subscripserunt,
2477 4165 2535 4208 ut
2597 4153 2876 4208 matricula
2934 4160 2990 4206 et
3043 4150 3392 4219 archetypum

1917 4278 1934 4307 ι
1966 4252 2227 4308 Numidia:
2287 4247 2357 4302 sit
2413 4248 2572 4300 etiam
2632 4247 2683 4298 in
2740 4245 2910 4313 prima
2939 4241 3221 4305 cathedra,
3253 4239 3394 4292 etin

1917 4365 1934 4395 ε
1969 4340 2246 4408 metropoli
2275 4337 2653 4392 Constantina.
2690 4354 2708 4385 ι

269 4457 284 4486 ι
317 4457 402 4493 νου
468 4416 738 4508 ἐτι-ήμην
783 4437 878 4490 τοῦ
917 4437 1123 4490 δικκίου
1156 4437 1263 4489 τῶν
1305 4438 1697 4504 πρωτευόντων
1766 4439 1861 4506 τῆς
1931 4429 2256 4498 Νουμηδίας’
2288 4428 2382 4478 καὶ
2431 4422 2829 4492 Μαυριτανίας,
2880 4423 2942 4472 ἐκ
2975 4420 3068 4471 τοῦ
3147 4416 3395 4508 χαρτοοεξ

269 4548 285 4579 ι
323 4531 430 4582 σίου
467 4530 565 4583 καὶ
621 4505 909 4598 pomptle
961 4528 1060 4596 τῆς
1147 4527 1489 4595 Νουμηδίας.
1561 4505 1827 4580 Ἔπειταν
1869 4527 2034 4592 ἤρεσε
2080 4521 2210 4570 πᾶσι
2241 4517 2349 4574 τοῖς
2424 4512 2742 4578 ἐπισκόποις
2794 4512 2904 4569 τοῖς
2970 4512 3028 4561 ἐν
3097 4508 3265 4573 ταύτη
3327 4505 3394 4568 τῇ

269 4639 285 4668 ι
321 4620 514 4686 συνόδῳ
574 4597 978 4686 ὑπογράψασιν,
1039 4617 1124 4667 ἵνα
1171 4617 1232 4668 τὸ
1303 4617 1590 4686 ματρίκιον
1645 4619 1737 4669 καὶ
1804 4616 2109 4684 ἀρχέτυπον
2179 4607 2278 4676 τῆς
2345 4602 2656 4673 Νούμηδίας
2710 4600 2805 4652 κα)⁸
2863 4599 2942 4662 είς
3006 4597 3104 4667 τὴν
3171 4598 3394 4667 πρώτην

274 4726 290 4756 ι
324 4708 587 4779 καθέδραν
613 4702 670 4776 ᾖ.
696 4706 790 4758 καὶ
821 4708 899 4767 εἰς
930 4706 1029 4774 τὴν
1061 4706 1397 4774 μητρόπολιν
1447 4707 1880 4759 Κωνσταντίναν.
1917 4722 1937 4755 ι

269 4800 448 4852 ΒΔΛΣ.
494 4800 583 4861 Ὠς
613 4800 807 4863 ἔοικεν,
836 4799 935 4850 ούκ
960 4797 1265 4866 ἐτάχθησαν
1300 4796 1405 4859 ἔτι,
1434 4798 1555 4850 οὐδὲ
1594 4797 1734 4864 ώρί-

1915 4791 2104 4845 BALS.
2140 4789 2206 4843 Ut
2233 4787 2465 4848 videtur,
2513 4788 2749 4838 nondum
2805 4789 2962 4838 erant
3011 4781 3268 4844 ordinati,
3298 4795 3394 4834 nec

211 4886 398 4955 σθησαν
418 4889 564 4942 κατὰ
593 4889 684 4940 τὸν
708 4890 832 4940 τότε
871 4887 1060 4955 καιρὸν
1085 4888 1132 4940 ol
1188 4888 1368 4956 θρόνοι
1409 4887 1516 4940 τῶν
1546 4887 1741 4955 ἐκκλη-

211 4976 324 5028 σιῶν
350 4995 364 5008 ·
391 4981 482 5031 καὶ
498 4978 590 5031 διά
618 4977 776 5030 τοῦτο
801 4976 1006 5046 ὥρισαν
1031 4979 1078 5030 oi
1109 4977 1348 5045 Πατέρες
1364 4977 1743 5045 προτιμᾶσθαι

1850 4894 1974 4935 tunc
2007 4877 2265 4946 temporis
2320 4873 2600 4927 constituti
2658 4872 2832 4925 throni
2901 4868 3290 4924 ecclesiarum:
3346 4878 3398 4920 et

1850 4981 2132 5040 propterea
2166 4973 2471 5020 statuerunt
2501 4961 2688 5017 Patres
2719 4976 2813 5018 eos
2836 4961 3096 5031 praeponi,
3123 4960 3211 5028 qui
3247 4958 3397 5028 prius

1386 5088 1583 5146 Guill.
1619 5083 1944 5162 Beveregii
1992 5087 2177 5142 notas.

211 5195 511 5262 indulgentia
554 5195 836 5248 vindicare.
899 5190 1130 5245 Crateros
1183 5206 1300 5262 uero
1351 5191 1625 5262 episcOpoAs‘
1661 5205 1732 5241 se-

211 5258 411 5317 cundum
443 5263 799 5318 ordinationis
834 5276 942 5313 suc
975 5269 1193 5325 terupus,
1227 5261 1330 5311 sive
1363 5258 1733 5310 adconsiden-

213 5337 319 5386 dum
343 5337 392 5386 in
421 5335 667 5391 concilio.
701 5331 805 5383 sive
837 5329 902 5380 ad
940 5326 1388 5386 subscribendum.
1423 5329 1497 5378 vel
1521 5327 1575 5378 in
1607 5343 1734 5394 qua-

217 5405 320 5456 libet
358 5404 463 5456 alia
525 5420 602 5466 re,
663 5415 758 5452 sua
809 5398 1073 5451 attendere
1129 5396 1242 5448 loca
1300 5398 1644 5466 decernimus,
1688 5405 1736 5446 et

217 5487 406 5523 sitorum
436 5472 537 5526 sibi
564 5465 967 5535 prarogativum
989 5465 1229 5535 ordinum
1256 5465 1540 5517 riudicare.
1573 5465 1732 5535 Gre“.

220 5542 360 5601 l.vu,
391 5543 548 5608 epist.
586 5538 708 5592 114.
729 5532 908 5608 Βίης,
942 5535 1027 5608 λιιι
1081 5534 1260 5598 fallor,
1316 5549 1524 5586 canone
1566 5532 1738 5608 liuius

219 5600 920 5672 Concilii'9‘2,oconstitutum
941 5603 1224 5662 habemus,
1243 5609 1314 5672 Διιι
1341 5616 1464 5672 eum
1493 5600 1733 5672 episcopi

222 5668 538 5744 ordinantur1
588 5677 656 5734 ab
709 5672 1114 5730 urdinatoribus
1175 5669 1288 5728 suis
1345 5670 1552 5726 litteras
1597 5668 1736 5724 acci-

1843 5187 2016 5254 piant,
2049 5181 2328 5254 consulem
2381 5180 2495 5232 sive
2527 5190 2727 5254 annum
2777 5182 2831 5228 et
2866 5175 3005 5227 diem
3066 5175 3387 5254 indicantes,

1842 5243 1950 5315 uno
1982 5243 2216 5304 ordinati
2249 5257 2376 5302 sunt
2408 5265 2421 5298 :
2455 5247 2546 5314 qui
2579 5245 2817 5315 quidem-
2864 5258 3036 5296 canon
3079 5247 3130 5315 in
3163 5243 3396 5315 concilio

1847 5310 2149 5374 Milevitano
2207 5310 2528 5385 praesentem
2599 5310 2914 5385 immediate
2978 5312 3249 5385 sequitur,
3312 5310 3394 5385 his

1847 5390 2043 5446 verbis.
2101 5379 2295 5440 Deinde
2347 5384 2566 5447 placuit,
2607 5393 2661 5434 ut
2697 5382 2984 5448 quicunque
3037 5379 3274 5446 deinceps
3330 5381 3392 5428 ab

1843 5458 2096 5525 episcopis
2134 5458 2466 5513 ordinantur,
2500 5453 2562 5504 ab
2617 5449 3183 5525 ordinatoribttssuis,
3233 5462 3394 5525 manu

1844 5515 2027 5581 εστιιηὶ
2092 5526 2438 5589 subscriptus,
2488 5524 2833 5589 continentes
2862 5519 3124 5589 consulem
3156 5515 3396 5589 etdiem,

1848 5607 1901 5647 ut
1932 5595 2077 5648 nulla
2110 5584 2385 5646 altercatio
2439 5591 2503 5642 de
2534 5585 2909 5656 posterioribus
2955 5587 3026 5638 rel
3052 5584 3403 5639 (interioribus

1844 5667 2064 5719 oriatur.
2099 5661 2305 5718 Coucil.
2341 5659 2513 5714 Milcv.
2540 5674 2588 5713 c.
2626 5659 2707 5714 Η.
