4018 6310
655 316 748 378 3H

654 529 757 563 nun
793 515 992 569 habet:
1050 524 1143 572 sed
1175 527 1470 578 secundum
1528 529 1943 584 declarationem
2005 535 2198 586 factam

653 607 720 651 ab
748 603 1069 669 imperatore
1099 611 1313 662 domino
1345 613 1518 666 Leone
1549 621 1811 684 sapiente,
1850 638 1963 690 qua:
1995 625 2044 675 in
2078 643 2201 677 sau-

650 692 904 745 clissima:
937 695 1136 762 Magnae
1162 700 1253 754 Dei
1286 701 1537 758 Ecclesia:
1565 710 2008 778 cliat-tophylaeio
2042 731 2198 782 repo-

646 774 747 826 sita
783 788 885 845 est,
948 784 1298 839 ecclesiarum
1337 790 1512 844 throni
1565 793 1917 853 honoramur.
1971 801 2069 856 .lus
2104 821 2198 855 au-

653 873 757 914 tem
791 871 1106 933 prioritatis.
1145 878 1196 926 in
1233 886 1481 944 prmsenti
1515 900 1720 941 canone
1755 892 2108 957 declaratum,
2142 895 2194 947 in

645 953 973 1008 clericorum
996 965 1272 1018 ordinibus
1299 969 1475 1024 locum
1507 975 1680 1030 habet.
1718 979 2030 1034 llonoratur
2053 985 2194 1038 enim

645 1047 1037 1114 unusquisque,
1075 1065 1229 1119 prout
1259 1060 1528 1115 ordinatio
1566 1067 1732 1131 ipsius
1765 1080 1846 1122 est
1883 1073 2027 1138 prior
2065 1086 2196 1126 tem-

643 1143 791 1194 pore.
854 1132 908 1186 lu
950 1141 1114 1199 gradu
1171 1153 1352 1196 autem
1409 1152 1641 1202 omnium
1695 1157 2190 1213 eet-lesiasticornm

639 1215 935 1273 officiorum
975 1231 1242 1290 quomodo
1276 1233 1375 1286 hoc
1409 1252 1509 1288 nun
1539 1252 1785 1294 servatur
1820 1263 1829 1295 :
1884 1249 1975 1298 Sed
2007 1263 2068 1301 cx
2105 1266 2194 1304 νο-

639 1306 844 1362 luntate
887 1316 1213 1381 antistitum,
1252 1323 1340 1388 qui
1374 1340 1466 1378 eos
1495 1330 1766 1394 ordinant,
1803 1344 1972 1387 status
2004 1353 2187 1390 eorum

640 1399 954 1470 honoratur,
1005 1417 1055 1460 et
1093 1416 1362 1478 posterior
1391 1419 1709 1484 praeferatur
1738 1427 2055 1494 antiquiori,
2090 1435 2188 1485 tui-

638 1503 747 1543 ΙὊΓ.

701 1664 952 1722 ZONAR.
990 1671 1233 1730 Nondum
1281 1684 1535 1737 omnibus
1588 1688 1831 1743 ecclesiis
1884 1702 2006 1746 tunc
2059 1705 2190 1748 tem-

632 1756 778 1818 poris
807 1759 1084 1827 dignitatis
1138 1769 1286 1824 locus
1318 1781 1369 1824 et
1417 1777 1547 1827 ordo
1581 1779 1872 1844 prmﬁuitus
1924 1796 2058 1846 erat,
2093 1788 2185 1839 sed

631 1852 916 1916 przecipuis
979 1858 1141 1923 solis;
1205 1871 1352 1915 ntex
1410 1865 1511 1920 fine
1547 1868 1702 1935 hujus
1761 1874 1983 1926 canonis
2033 1875 2185 1930 facile

629 1955 883 2004 apparet:
921 1947 969 1996 iu
1004 1949 1230 2002 aliarum
1262 1970 1386 2006 vero
1425 1958 1774 2014 erclrsiarnm
1805 1963 2095 2030 episcopis,
2127 1975 2184 2018 ut

631 2029 864 2097 quisque
895 2037 1042 2099 prius
1077 2041 1140 2090 ad
1175 2043 1519 2112 episcOpatus
1546 2049 1805 2103 honorent
1835 2055 2039 2109 electus
2071 2056 2184 2109 fue-

629 2129 732 2184 rat,
770 2123 836 2172 ita
863 2125 1123 2195 dignitate
1151 2137 1362 2188 caeteris
1392 2142 1842 2206 anteponebatur.
1873 2144 2015 2201 Idem
2051 2164 2182 2219 ergo

627 2214 813 2278 synodi
851 2213 1039 2270 Patres
1071 2223 1276 2274 servati
1326 2224 1536 2291 juheut,
1573 2243 1629 2282 ut
1666 2235 2004 2302 antiquiores
2036 2242 2183 2294 scili-

628 2309 706 2352 cet
740 2305 976 2373 episcopi
1015 2309 1227 2364 honore.
1251 2315 1338 2378 iis,
1372 2318 1462 2385 qui
1498 2329 1619 2385 post
1651 2327 1817 2376 creati
1875 2339 2018 2389 sunt,
2048 2346 2182 2397 prae-

627 2389 866 2444 ferantur
894 2412 907 2447 :
968 2397 1221 2452 Ectzlesiis
1250 2418 1372 2456 vero
1400 2411 1716 2470 primatibus
1746 2414 2008 2473 Numidia:
2030 2420 2181 2474 Mau-

624 2479 935 2548 ritanizeque
973 2501 1067 2538 sua
1094 2489 1220 2555 jura
1259 2493 1308 2545 in
1349 2496 1523 2551 iudice
1571 2513 1624 2552 et
1675 2507 1954 2561 tuatricula
1995 2509 2182 2565 Numi-

622 2569 722 2620 di.e
755 2571 1016 2639 descripta
1061 2584 1266 2634 servari
1318 2587 1520 2641 volunt.
1573 2591 1869 2651 Exstabant
1918 2601 2091 2666 enim,
2124 2616 2179 2657 ut

619 2667 702 2711 est
736 2661 1046 2728 verisimile,
1083 2669 1132 2719 in
1182 2669 1426 2726 Numidia
1460 2689 1837 2738 commentarii
1876 2690 1987 2753 (eos
2034 2695 2176 2746 enim

621 2751 914 2804 u'iatricula:
947 2758 1161 2811 nomine
1218 2761 1595 2836 intelligimus)
1649 2774 1844 2839 quibus
1889 2779 2064 2846 aliqua
2112 2783 2177 2836 de

619 2842 806 2894 ordine
833 2843 972 2897 inter
1004 2861 1095 2901 eas
1135 2850 1401 2907 Ecclesias
1442 2861 1719 2916 retinendo
1741 2866 2172 2924 continebantur.

619 2928 833 2986 Servari
867 2952 1026 3003 porro
1059 2945 1352 2999 matricnlze
1385 2951 1732 3019 archetypum
1788 2957 1839 3009 in
1883 2961 2049 3024 prima
2087 2976 2175 3014 ca-

619 3023 830 3088 thedra,
862 3038 914 3080 et
945 3031 994 3081 in
1027 3032 1358 3090 Constantini
1392 3045 1669 3110 metropoli
1691 3049 2066 3107 decreverunt.

618 3113 839 3168 ARIST.
882 3136 901 3168 ι
930 3120 1180 3188 'l‘eip-nnn
1230 3132 1298 3191 ei,
1331 3132 1419 3195 qni
1454 3142 1503 3184 te
1549 3139 1842 3203 praecessit,
1888 3157 1989 3193 non
2025 3156 2172 3198 ante-

690 3225 706 3252 (
738 3221 903 3272 pones
937 3225 949 3259 :
985 3213 1079 3263 sed
1108 3219 1365 3282 sequeris.
1418 3218 1518 3283 Qui
1573 3237 1751 3276 autem
1802 3232 2008 3295 priores
2044 3250 2172 3288 con-

692 3313 710 3344 ι
740 3298 943 3362 temnit,
978 3301 1092 3368 ipse
1126 3307 1295 3369 magis
1332 3319 1411 3362 est
1446 3316 1889 3372 contemnendus.

689 3386 742 3439 In
774 3391 952 3443 Africa
1011 3404 1138 3447 tunc
1187 3401 1474 3466 temporis,
1521 3418 1621 3456 nec
1666 3405 1814 3471 alibi,
1868 3411 2170 3470 habuerunt

613 3479 954 3547 episcopatus
995 3484 1156 3536 ullam
1209 3487 1259 3537 itt
1298 3491 1470 3543 throni
1529 3495 1733 3549 honore
1789 3499 2166 3570 differentiam,

615 3571 710 3622 sed
743 3585 929 3624 ontues
963 3576 1184 3642 :equalis
1232 3591 1388 3633 erant
1422 3582 1666 3638 honoris.
1694 3588 1793 3653 Qui
1845 3603 2020 3648 autem
2059 3599 2168 3664 pri-

615 3673 734 3711 mus
764 3662 1044 3716 ordinatus
1074 3664 1173 3717 fuit
1225 3670 1532 3739 episcopuS,
1582 3676 1628 3727 ci
1677 3680 1767 3745 qui
1824 3693 1943 3748 post
1994 3662 2166 3752 ipsum

610 3749 894 3804 ordinatus
920 3765 1023 3815 est,
1062 3763 1115 3807 et
1153 3757 1203 3808 in
1233 3760 1489 3813 cathedra
1521 3774 1574 3815 et
1619 3766 1670 3818 in
1707 3770 1828 3823 aliis
1860 3777 2168 3838 qumstioui-

612 3841 714 3892 bus
747 3845 1023 3897 canonicis
1053 3848 1306 3911 pra-latus
1336 3851 1437 3904 fuit
1464 3873 1475 3907 :
1509 3864 1562 3907 ct
1593 3859 1669 3911 sic
1704 3861 1890 3930 reliqui
1912 3867 2165 3936 deinceps

605 3930 757 3994 juxta
792 3933 1191 3989 ordinationum
1230 3953 1447 3995 suarum
1483 3954 1726 4014 tempora
1757 3954 1944 4004 ordine
1972 3971 2166 4022 seque-

610 4033 825 4074 .iautur.
861 4021 1182 4091 Episcopum
1218 4027 1412 4094 itaque,
1463 4037 1551 4100 qui
1599 4053 1701 4088 non
1754 4040 1940 4095 fecerit
1974 4060 2164 4098 secun-

609 4117 733 4165 dmn
766 4114 903 4166 hanc
928 4115 1155 4169 fortnam
1203 4121 1255 4171 in
1290 4123 1536 4178 Afrorum
1589 4133 1826 4196 regione,
1874 4139 1964 4187 sed
2012 4155 2162 4189 ario-

608 4213 793 4269 ganter
825 4220 882 4258 se
910 4209 1162 4273 gesserit,
1213 4220 1264 4264 et
1317 4215 1435 4268 illos
1467 4219 1552 4283 qui
1591 4231 1714 4274 ante
1766 4239 1823 4276 se
1872 4237 1994 4278 sunt
2033 4247 2161 4284 con-

606 4298 826 4363 temptui
865 4299 1132 4363 habuerit,
1169 4303 1409 4357 decrevit
1442 4312 1678 4375 synodus
1712 4314 1762 4365 in
1798 4317 1988 4380 primis
2022 4337 2155 4375 cou—

609 4389 831 4455 tetnptui
860 4403 979 4443 esse
1010 4392 1174 4444 etiam
1209 4395 1303 4445 toti
1344 4401 1579 4463 synolo.

1178 4483 1404 4537 CANON
1464 4486 1574 4540 XC.

609 4586 626 4617 ι
672 4571 740 4621 Ι)ιι
769 4573 1201 4634 Quod—vult-deo
1229 4576 1563 4644 Centuriam,
1612 4585 1880 4650 qu0uiam,
1921 4605 2038 4640 cum
2067 4594 2159 4644 ad-

671 4677 688 4707 ι
722 4665 992 4713 versarius
1022 4662 1136 4726 ejus
1167 4667 1464 4731 petivisset.
1501 4681 1557 4719 ut
1593 4672 1655 4722 ad
1707 4687 1945 4727 nostram
1994 4694 2155 4747 syno-

673 4768 688 4797 ι
723 4750 848 4802 dum
897 4751 1343 4820 introduceretur,
1383 4757 1746 4826 interrogatus
1776 4781 1839 4814 an
1873 4768 1998 4819 velit
2035 4785 2152 4822 cum

665 4858 691 4884 rc
724 4841 839 4904 ipso
865 4841 1002 4904 apud
1033 4843 1314 4912 episcopos
1361 4851 1616 4913 experiri,
1677 4855 1902 4918 primum
1939 4861 2154 4925 quidem

672 4951 686 4975 σ
721 4942 794 4984 est
826 4933 1127 4998 pollicitus;
1160 4936 1265 4988 alio
1293 4949 1467 4992 autem
1499 4941 1584 4994 die
1615 4944 1711 4996 hoc
1735 4947 1780 4996 ei
1813 4964 1914 4999 non
1946 4954 2154 5017 placere

679 5039 695 5066 ι
732 5024 1024 5089 respondit,
1057 5035 1111 5078 et
1143 5030 1401 5088 recessit:
1437 5035 1635 5098 placuit
1667 5037 1914 5091 omnibus
1945 5045 2150 5109 episco-

669 5128 684 5155 ι
720 5111 821 5175 pis,
855 5122 908 5165 ιιι
962 5131 1116 5166 nemo
1150 5118 1246 5185 ipsi
1308 5121 1730 5184 Qnol-vnlt-deo
1777 5136 2150 5201 communicet,

676 5219 691 5245 ι
723 5199 895 5252 donec
926 5204 1041 5266 ejus
1092 5207 1355 5273 negotium
1391 5212 1546 5263 liuent
1597 5220 1883 5281 aut'ept'l‘il.
1923 5220 1978 5272 lii
2011 5227 2150 5276 enim

675 5313 689 5334 Δ
723 5287 923 5340 auferri
956 5293 1346 5362 episcopatum,
1405 5311 1527 5352 ante
1558 5305 1637 5355 sui
1674 5309 1866 5373 negotii
1926 5314 2148 5377 exitum,

671 5397 688 5428 ο
722 5380 844 5432 nulli
883 5392 1056 5449 potest
1089 5385 1394 5442 Christiano
1423 5390 1546 5458 jure
1577 5395 1766 5451 videri.
1803 5419 1818 5449 ι

671 5644 856 5699 UALS.
900 5656 948 5702 ct.
985 5647 1231 5705 ΖΟΝᾹΠ.
1305 5654 1587 5711 Accusatit
1638 5661 1901 5730 quispiam
1953 5668 2146 5722 dictum

1861 335 1959 393 ΤΠ
1973 336 2136 395 ΕΟΙ).
2171 340 2257 395 ΒΛ
2269 341 2560 404 LSAMON

654 426 882 476 ordinati
944 426 1170 482 fuerant.
1224 432 1384 502 623
1441 433 1550 490 lloc
1579 446 1754 490 autem
1809 441 1966 494 hodie
2025 443 2179 496 locnn

2303 451 2427 512 τοὺς
2456 459 2896 527 προγενεστέρως
2935 462 3433 529 χειροτονηθέντας.
3494 465 3741 534 Σήμερον
3795 469 3856 518 δὲ

3755 359 3862 421 312

2302 542 2458 595 τοῦτο
2471 547 2569 597 οὐκ
2591 549 2816 615 ἐνεργεῖ·
2833 551 2965 605 ἀλλὰ
2984 553 3123 604 κατὰ
3137 553 3234 623 τὴν
3258 555 3550 622 γενομένην
3566 557 3860 609 ὑποτύπω-

2301 648 2388 682 σιν
2421 635 2569 702 παρᾶ
2599 638 2690 687 τοῦ
2716 637 2975 706 βασιλέως
3003 643 3168 710 κυροῖ»
3193 645 3413 704 Λέοντος
3433 644 3720 710 τοῦΣοφοῦ
3753 647 3860 713 τὴν

2304 722 2394 772 καὶ
2416 725 2471 772 ὲν
2502 723 2578 790 τῷ
2615 728 3032 798 χαρτοςιυλακέῳ
3061 733 3158 798 τῆς
3213 732 3519 799 ἁγιωτάτης
3577 732 3672 783 τοῦ
3716 733 3857 785 Θεοῦ

2299 813 2556 882 Μεγάλης
2593 816 2921 885 Ἐκκλησίας
2973 820 3364 886 ἀποκειμένην,
3430 822 3478 871 οἱ
3541 821 3725 891 θρόνοι
3777 839 3864 872 τι-

2300 905 2508 972 μῶνται
2534 909 2640 959 τῶν
2695 912 3019 980 ἐκκλησιῶν.
3075 915 3148 965 Τὸ
3198 915 3254 966 δὲ
3297 916 3405 966 ἀπὸ
3452 915 3542 966 τοῦ
3585 915 3863 982 παρόντος

2302 997 2523 1058 κανόνος
2584 1000 3014 1071 ἀναφαινόμενον
3084 1004 3289 1056 δεκαιον
3337 1006 3434 1067 τῆς
3486 1006 3862 1073 προγενεσὶας

2295 1088 2506 1156 ἐνεργεῖ
2531 1093 2606 1152 εἰς
2635 1094 2701 1144 τὰ
2732 1095 2838 1144 τῶν
2877 1095 3153 1164 κληρικῶν
3181 1097 3450 1165 τάγματα.
3481 1099 3721 1163 Τιμᾶται
3743 1099 3860 1165 γὰρ

2295 1178 2524 1240 ἕκαστος
2589 1182 2731 1234 κατὰ
2783 1183 2880 1250 τὴν
2935 1187 3291 1252 προγενεσίαν
3351 1187 3445 1238 τοῦ
3504 1187 3697 1257 χρόνον
3751 1191 3860 1250 τῆς

2298 1271 2501 1332 οἰκείας
2531 1275 2883 1342 χειροτονίας.
2930 1276 3054 1329 Ἐπὶ
3078 1278 3133 1330 δὲ
3156 1279 3233 1345 τῷ
3281 1278 3474 1346 βαομῷ
3514 1281 3619 1332 τῶν
3648 1279 3863 1344 ἐκκλη-

2300 1361 2591 1413 σιαστικῶν
2620 1366 2979 1432 ἀρχοντικίων
3008 1366 3121 1427 πῶς
3169 1367 3328 1420 τοῦτο
3380 1370 3438 1420 οὐ
3491 1369 3855 1434 φυλάττεται,

2292 1449 2427 1503 ἀλλὰ
2453 1455 2596 1504 κατά
2630 1456 2728 1523 τὴν
2774 1458 3094 1525 προαίρεσιν
3134 1457 3243 1510 τῶν
3307 1459 3716 1526 σφραγιζιὶντων
3749 1461 3860 1527 ἀρ-

2291 1540 2521 1607 χιερέων
2545 1545 2575 1611 ἡ
2602 1547 2792 1607 στάσις
2814 1548 3200 1616 φιλοτιμεῖται,
3240 1549 3333 1600 καὶ
3385 1553 3412 1600 ὁ
3455 1550 3859 1617 μεταγενέστε-

2295 1645 2383 1694 ρος
2417 1638 2748 1700 προτιμᾶται
2773 1638 2863 1689 τοῦ
2906 1641 3353 1708 προγενεστέρου,
3379 1640 3693 1708 θαυμάζω.ν

2223 1758 2260 1810 Β
2355 1725 2592 1779 ΖΩΝΛΡ.
2643 1727 2805 1781 Οὔπω
2835 1732 2954 1782 τότε
3001 1732 3200 1794 πάσαις
3235 1734 3351 1793 ταῖς
3392 1733 3711 1799 ἐκκλησίαις
3757 1737 3860 1804 βα-

2290 1813 2421 1879 θμὸς
2454 1817 2547 1866 καὶ
2587 1817 2736 1881 τάξις
2769 1820 3043 1883 ἐτέτακτο,
3087 1821 3270 1888 μόναις
3316 1821 3370 1873 δὲ
3395 1823 3514 1882 ταῖς
3548 1823 3859 1892 ὑπερεχοὺ-

2288 1919 2426 1966 σαις,
2465 1907 2540 1965 ὼς
2563 1907 2706 1959 ἔστιν
2757 1911 2934 1978 εὑρεῖν
2964 1914 3026 1962 ἐκ
3059 1911 3151 1962 τοῦ
3189 1911 3371 1974 τέλους
3424 1911 3518 1963 τοῦ
3571 1915 3852 1982 παρόντος

2286 1995 2505 2053 κανόνος
2533 2013 2546 2027 ·
2590 1998 2639 2048 οἱ
2685 1999 2740 2051 δὲ
2781 2001 2890 2051 τῶν
2949 2001 3124 2052 ἄλλων
3181 2003 3490 2071 ἐκκλησιῶν
3546 2005 3852 2057 ἐπίσκοπει

2285 2088 2417 2150 πρὸς
2451 2089 2574 2148 τοὺς
2605 2090 2828 2156 χρόνους
2874 2091 2984 2143 τῶν
3022 2093 3364 2159 χειροτονιῶν
3412 2095 3589 2147 αὐτῶν
3621 2113 3854 2164 προετι-

2288 2170 2485 2236 μῶντο.
2513 2174 2681 2226 Τοῦτο
2719 2173 2810 2230 οὖν
2860 2179 2907 2230 οἱ
2937 2179 3035 2247 τῆς
3071 2179 3283 2232 συνόδου
3334 2182 3698 2249 φυλάττεσθαι.
3731 2186 3858 2238 δια-

2281 2263 2588 2328 τάττονται,
2623 2267 2762 2321 ῶστε
2813 2271 2937 2331 τοὺς
2995 2274 3575 2341 προχειροτονηθέντας
3620 2277 3858 2328 ἐπισκόο

2283 2370 2415 2413 πους
2453 2351 2559 2408 τῶν
2583 2363 3053 2430 μεταγενεστέρων
3093 2364 3562 2433 προτετιμῆσθαι·
3610 2370 3734 2426 ταῖς
3789 2369 3854 2420 δὲ

2282 2449 2682 2510 πρωτευούσαις
2739 2450 3054 2517 ἐκκλησίαις
3083 2452 3179 2521 τῆς
3222 2453 3531 2524 Νουμηδίας
3560 2455 3652 2506 καὶ
3683 2455 3854 2507 Μαυ-

2282 2534 2523 2599 ριτανῑας
2547 2537 2880 2606 φυλαχθῆναι
2924 2540 2985 2590 τὺ
3016 2541 3223 2593 δίκαιον
3261 2543 3324 2593 ἐκ
3368 2542 3459 2594 τοῦ
3491 2544 3857 2611 χαρτοθεσεου

2280 2623 2483 2673 καὶτοῦ
2518 2627 2804 2693 ματρικὶου
2837 2630 2931 2695 τῆς
2983 2629 3310 2698 Νουμηδίας.
3344 2626 3450 2683 Ἦν
3481 2634 3609 2699 γὰρ,
3635 2632 3717 2694 ὡς
3743 2634 3857 2686 ἔοι-

2281 2727 2391 2773 κεν,
2429 2714 2484 2764 ἐν
2506 2716 2565 2782 τῇ
2592 2715 2875 2786 Νουμηδὶᾳ
2909 2720 3199 2789 ἀπογραφή
3246 2738 3330 2784 τις
3367 2721 3526 2792 (αὕτη
3561 2722 3666 2791 γάρ
3725 2724 3850 2775 ἐστι

2278 2801 2335 2852 τὸ
2386 2807 2711 2872 ματρῖκιον),
2772 2811 3101 2878 περιέχουσά
3148 2831 3268 2865 τινα
3323 2816 3452 2880 περὶ
3484 2813 3691 2877 τάξεως
3752 2818 3855 2869 καὶ

2281 2893 2486 2959 βαθμοῦ
2541 2896 2649 2949 τῶν
2677 2899 2983 2967 εἰρημένων
3022 2904 3346 2970 ἐκκλησιῶν.
3395 2904 3748 2958 ’Δποκείσθαι
3791 2907 3850 2958 δὲ

2281 2982 2423 3043 ἔδοξε
2455 2985 2512 3035 τὸ
2563 2988 2843 3055 ματρεκιον
2897 2990 2956 3040 τδ
2986 2992 3348 3059 ἀρχαιότυπον
3380 2996 3458 3056 εἰς
3487 2994 3582 3060 τὴν
3613 2993 3849 3063 πρώτην

2199 3073 2242 3132 C
2277 3073 2565 3141 καθέδραν,
2613 3079 2704 3128 καὶ
2763 3082 2840 3141 εἰς
2891 3081 3221 3147 μητρόπολιν
3255 3083 3689 3136 Κωνσταντῐναν.

2280 3165 2500 3217 ΑΡΙΣΤ.
2579 3185 2594 3215 ι
2633 3169 2706 3218 Οὐ
2756 3172 3112 3236 προτιμήσεις
3170 3170 3264 3223 τοῦ
3311 3173 3416 3241 πρό
3448 3189 3538 3224 σου
3584 3176 3843 3235 σεαυτὸν.

2353 3271 2372 3301 ι
2411 3254 2523 3305 ἀλλ’
2579 3255 3048 3326 ἐπακολουθήσεις.
3143 3261 3200 3311 '0
3249 3261 3303 3312 δὲ
3347 3261 3687 3330 περιφρονῶν
3715 3265 3847 3324 τοὺς

2355 3362 2373 3393 ι
2411 3347 2706 3415 προτέρους
2735 3349 3225 3420 εὐκαταφρόνητος.
3267 3372 3282 3403 ι

2361 3434 2446 3485 Ἐν
2475 3438 2537 3502 τῇ
2584 3436 2812 3505 ’Λιρρικῇ
2836 3437 2908 3505 τῷ
2932 3441 3077 3501 τότε,
3123 3441 3244 3493 οὐδὲ
3301 3443 3554 3511 ἀλλαχοῦ,
3601 3440 3749 3512 εἶχον
3783 3447 3843 3497 αἱ

2277 3525 2564 3577 ὲπισκοπαὶ
2592 3529 2849 3595 διαφοράν
2876 3545 2989 3581 τινα
3031 3533 3111 3592 εἰς
3159 3532 3256 3601 τὴν
3286 3534 3379 3585 τοῦ
3416 3535 3603 3602 θρόνου
3646 3537 3840 3603 τιμὴν,

2277 3615 2410 3666 ἀλλὰ
2444 3616 2610 3665 πᾶσαι
2645 3612 2782 3684 ἦσαν
2832 3617 3081 3685 ἰσότιμοι.
3125 3619 3182 3672 Ὀ
3230 3622 3283 3672 δέ
3321 3624 3534 3693 πρῶτος
3583 3641 3836 3691 χειροτο-

2276 3703 2454 3769 νηθεὶς
2486 3705 2799 3767 ἐπίσκοπος,
2855 3707 2944 3758 τοῦ
2986 3709 3100 3773 μετ’
3155 3710 3314 3762 αὐτὸν
3345 3711 3838 3779 χειροτονηθέντος,

2273 3791 2328 3840 ἓν
2355 3809 2411 3842 τε
2443 3795 2506 3859 τῇ
2545 3792 2780 3862 καθέδρᾳ
2806 3797 2899 3846 καὶ
2924 3797 2978 3845 ἐν
3023 3799 3141 3857 ταῖς
3189 3797 3398 3858 λοιπαῖς
3423 3798 3680 3866 ζητήσεσι
3711 3803 3836 3859 ταῖς

2271 3882 2578 3940 κανονικαῖς
2624 3887 2953 3952 προετιμᾶτο
2982 3900 2992 3913 ·
3028 3887 3117 3937 καὶ
3141 3886 3314 3946 οὕτως
3361 3889 3408 3937 οἱ
3447 3889 3641 3952 ἐφεξῆς
3691 3889 3840 3939 κατὰ

2269 3968 2392 4028 τοὺς
2425 3970 2645 4035 χρόνους
2679 3973 2787 4023 τῶν
2815 3974 3152 4040 χειροτονιῶν
3183 3975 3362 4026 αὐτῶν
3408 3976 3832 4042 ἐπηκολούθουν.

2270 4057 2373 4107 Τὸν
2407 4059 2534 4123 γοῦν
2572 4063 2642 4128 μὴ
2695 4063 2833 4114 κατὰ
2880 4065 2969 4113 τὸν
2995 4064 3162 4117 τύπον
3195 4065 3382 4116 τοῦτον
3411 4064 3666 4116 ποιοῦντα
3707 4067 3835 4117 ἐπί-

2271 4163 2469 4198 σκοπον
2504 4151 2557 4200 ἐν
2589 4156 2653 4221 τῇ
2681 4153 2786 4204 τῶν
2815 4154 3004 4222 ἄφρων
3034 4154 3206 4223 χώρα,
3256 4157 3368 4208 ἀλλ’
3401 4158 3834 4222 ἀπαυθαδειαζόο

2271 4255 2448 4304 μενον,
2504 4243 2594 4294 καὶ
2628 4246 2749 4306 τοὺς
2779 4247 3075 4315 προτέρους
3130 4250 3580 4317 περιφρονοῦντα,
3631 4250 3832 4318 ὥρισεν

2268 4329 2299 4393 ἡ
2358 4329 2568 4393 σύνοδος
2627 4338 3098 4405 εὐκαταφρόνητον
3159 4335 3300 4390 εἶναι
3355 4341 3448 4391 καὶ
3498 4341 3603 4391 ἀπὸ
3642 4340 3830 4409 πάσης

2190 4405 2240 4460 D
2268 4417 2505 4468 συνόδου.

2863 4515 3100 4566 ΚΛΝΩΝ
3160 4517 3229 4580 τη

2269 4614 2284 4644 ι
2326 4599 2455 4665 Περὶ
2490 4601 2966 4656 Κουοδεουλτδαίου
2996 4607 3073 4658 ἔτι
3129 4609 3233 4677 μὴν
3270 4610 3363 4660 ’τοῦ
3415 4613 3779 4680 Κεντυριὰτου
3809 4658 3824 4678 ,

2338 4705 2353 4730 ι
2398 4689 2579 4756 ἐπειδὴ
2611 4692 2702 4742 τοῦ
2740 4695 2982 4746 ἐναντίου
3012 4698 3174 4748 αὐτοῦ
3219 4699 3539 4767 αἰτήσαντος
3575 4708 3723 4770 παρὰ
3756 4709 3820 4775 τῇ

2336 4793 2351 4821 ε
2394 4779 2636 4847 ἡμετέρᾳ
2691 4783 3062 4851 εἰσενεχθῆναι
3136 4788 3374 4852 συνόδῳ,
3435 4792 3730 4859 ἐρωτηθεὶς
3776 4797 3822 4846 εξ

2335 4881 2351 4909 ι
2398 4866 2502 4930 ἄρα
2533 4868 2774 4932 βούλεται
2813 4873 2930 4938 μετ’
2973 4875 3135 4924 αὖτοῦ
3174 4878 3324 4944 παρὰ
3351 4880 3462 4937 τοῖς
3497 4881 3821 4943 ἐπισκόποις

2336 4971 2350 4997 ι
2390 4953 2846 5024 ἀποπειραθῆναι,
2899 4963 3112 5028 πρῶτον
3171 4965 3267 5030 μὲν
3325 4966 3610 5034 ὑπέσχετο,
3662 4973 3816 5038 τῇδὲ

2335 5063 2346 5086 ι
2389 5043 2518 5112 iii.“
2568 5048 2746 5116 ἡμέρα
2785 5051 2943 5101 τοῦτο
2980 5054 3052 5121 μὴ
3095 5054 3348 5120 ἀρέσκειν
3388 5058 3534 5125 αὐτῷ
3587 5060 3819 5129 ἀπεκρί-

2334 5154 2345 5176 ‹
2387 5153 2529 5196 varo,
2587 5141 2678 5188 καὶ
2720 5140 3063 5206 ἀνεχώρησεν
3090 5159 3100 5170 '
3135 5143 3330 5210 ἤρεσεν
3363 5149 3492 5197 πᾶσι
3540 5149 3646 5208 τοῖς
3692 5151 3818 5200 ἐπι-

2329 5240 2342 5266 ι
2386 5223 2602 5283 axi-7.0:;
2633 5265 2645 5283 ,
2691 5226 2776 5276 ἵνα
2830 5230 3016 5295 μηδεὶς
3051 5231 3126 5296 τῷ
3187 5233 3334 5299 αὐτῷ
3369 5236 3815 5304 Κουοδϐουλτδέῳ

2333 5332 2344 5353 r
2385 5314 2703 5381 κοιτωκήσῃ,
2742 5316 2844 5377 ἕως
2892 5315 2951 5370 οἱ
2981 5320 3034 5368 τὸ
3071 5320 3188 5370 κατ’
3222 5323 3381 5373 αὑτὸν
3433 5328 3661 5393 πρᾶγμα
3711 5345 3813 5379 πε-

2333 5421 2348 5447 ι
2391 5405 2622 5471 ρατωθῇ.
2680 5406 2788 5473 Τὴν
2814 5411 2917 5476 γὰρ
2969 5413 3270 5479 ἐπισκοπὴν
3327 5418 3421 5467 ἀπ’
3455 5417 3613 5485 αὑτοῦ
3646 5419 3808 5484 ἀφαι-

2333 5517 2345 5540 ι
2390 5495 2606 5560 ρεθῆναι
2637 5497 2739 5562 πρὸ
2771 5499 2865 5563 τῆς
2899 5502 3172 5561 ἐκϐάσεως
3207 5506 3298 5555 τοῦ
3333 5508 3450 5557 κατ’
3478 5509 3637 5561 αὑτὸν
3667 5511 3808 5580 πρά-

2332 5601 2346 5622 ·
2397 5600 2600 5648 γματος
2630 5588 2802 5637 οὐδενὶ
2838 5590 3144 5660 Χριστιανῴ
3169 5595 3385 5647 δύναται
3410 5584 3604 5652 δόκεῖν.
3636 5620 3654 5649 ι

2319 5677 2509 5730 ΙΞᾹᾹΣ,
2543 5679 2629 5730 καὶ
2675 5681 2821 5732 ΖΩΝ.
2877 5685 3230 5753 Κατηγπίρησὲ
3275 5705 3354 5750 τις
3411 5691 3499 5741 τοῦ
3551 5694 3806 5762 ῥηθέντος
