4018 6310
511 318 621 379 315

1766 325 1866 382 ΤΗ
1876 325 1967 383 ΕΟ
1977 327 2039 385 D.
2081 325 2310 383 BALSA
2320 326 2475 385 ΜοΝ

3638 322 3751 387 316

510 430 716 501 synodo
743 428 959 496 placuit,
995 439 1050 482 ut
1087 429 1326 497 episcopi
1372 429 1564 499 singuli
1602 432 1668 484 ab
1698 432 1787 495 iis,
1820 448 1847 485 a
1876 435 2071 500 quibus

2199 431 2659 501 ςειροτονουμέγων
2712 432 2859 501 παρὰ
2919 432 3025 485 τῶν
3066 430 3515 501 χειροτονούντων
3553 432 3754 499 γράμ-

508 521 679 574 creati
711 531 852 582 sunt,
902 520 1174 588 episcopis
1227 520 1435 573 litteras
1483 520 1820 590 subslgnatas
1855 522 2068 589 accipe-

514 617 659 669 rent,
696 607 889 673 quibus
924 616 977 661 et
1009 607 1245 661 consulis
1288 623 1479 661 nomen
1516 619 1570 662 et
1602 610 1717 664 dies
1771 610 2071 663 ascribere-

516 706 623 749 tur.
660 696 869 763 Quippe
899 711 961 750 ex
1014 696 1327 751 consulibus
1386 706 1621 763 tempora
1673 699 2070 764 indicabantur,

2174 538 2318 588 ματα
2372 522 2668 591 λαμϐάνειν
2722 523 3227 592 ὑπογεγραμμένα,
3288 522 3609 589 περιέχοντα
3649 521 3754 572 τὸν

2173 608 2376 661 ὕπατον
2411 612 2505 662 καὶ
2538 612 2636 679 τὴν
2670 612 2902 680 ἡμέραν.
2964 612 3076 663 Καὶ
3106 612 3171 662 ἐκ
3213 608 3307 661 τοῦ
3337 608 3542 659 ὑπάτου
3574 606 3688 674 γὰρ
3720 608 3756 659 ὁ

2172 700 2360 767 καιρὸς
2387 700 2683 763 ἐδείκνυτο,
2717 704 2775 754 ἐν
2807 701 3092 769 δημοσίαις
3125 699 3472 767 ἀπογραφαῖς
3506 696 3752 747 ἑκάστου

515 801 634 837 cum
666 788 894 853 publicis
925 790 1289 842 monumentis
1334 789 1653 854 consignata
1690 799 1851 857 atque
1880 800 2072 843 testata

2199 786 2280 839 ῖῶν
2308 789 2526 841 ὑπάτων
2553 789 2886 860 δηλουμένου
2926 792 3055 842 πότε
3083 791 3407 840 ὑπάτευσεν.

516 877 851 942 singulorum
887 878 1166 931 consulum
1202 878 1418 930 nomina
1456 886 1751 933 exstarent.

517 967 743 1020 AllIST.
783 988 798 1018 ι
838 966 936 1032 Qui
973 969 1024 1019 in
1072 966 1252 1020 Africa
1296 968 1598 1034 ordinatur,
1634 969 1775 1023 illius
1822 971 1910 1038 qui
1958 985 2075 1022 ma-

595 1077 612 1108 ι
648 1074 773 1109 num
808 1058 1056 1123 imposuit
1103 1056 1309 1110 litteras
1354 1059 1570 1126 propria
1632 1074 1791 1110 mautt
1822 1062 2075 1127 scriptas,

592 1166 611 1196 ε
650 1148 785 1200 diem
824 1147 1208 1214 consulemque
1233 1147 1589 1208 continentes,
1626 1147 1886 1213 proferat.
1916 1166 1933 1198 ι

594 1322 664 1375 Ut
693 1321 838 1374 nulla
870 1322 1078 1375 oriatur
1105 1322 1475 1375 controversia
1514 1322 1582 1376 de
1617 1323 1884 1390 episcopis
1932 1326 2080 1391 prius

2176 960 2395 1012 ΑΡΙΣΤ.
2470 980 2487 1011 ι
2528 962 2586 1014 '0
2645 979 2723 1023 εις
2761 961 2859 1029 τὴν
2922 960 3185 1029 ’Δφρικὴν
3234 956 3759 1028 κεχειροτονημένος

2253 1067 2270 1098 ι
2309 1050 2655 1119 ἐπιφερέσθω
2718 1051 2810 1103 τοῦ
2873 1050 3274 1110 ἐπιτεθεικότος
3311 1052 3468 1117 χεῖρα
3518 1046 3751 1114 γραφὴν

2250 1157 2267 1189 ι
2308 1138 2613 1209 ἰδιόχειρον,
2644 1140 2741 1208 τὴν
2793 1142 3007 1211 ἡμέραν
3046 1141 3277 1209 ἔχουσαν
3314 1142 3405 1190 καὶ
3460 1138 3550 1189 τὸν
3601 1135 3752 1187 ὓπα-

2254 1249 2270 1279 l
2312 1246 2419 1281 τον.
2462 1249 2478 1279 Ι

2250 1321 2346 1370 Διὰ
2368 1321 2427 1372 τὸ
2455 1323 2525 1388 μή
2552 1338 2672 1373 τινα
2705 1321 2921 1373 ὑπεῖναι
2948 1320 3279 1387 ἀμφιδολίαν
3302 1319 3429 1386 περὶ
3458 1317 3567 1370 τῶν
3594 1318 3763 1387 πρῶ-

522 1424 613 1467 aut
642 1413 910 1481 posterius
941 1413 1202 1466 Ordinatis
1240 1414 1289 1464 in
1324 1413 1526 1474 Africa,
1558 1428 1671 1473 eos,
1704 1413 1793 1479 qui
1823 1414 2082 1467 ordinant

2199 1411 2321 1478 τονῆ
2354 1410 2579 1480 ὕστερον
2612 1410 3096 1479 χειροτονηθέντων
3131 1410 3446 1461 ἐπισκόπων
3476 1410 3531 1459 ἐν
3558 1410 3758 1477 Ἀςρρι-

525 1506 666 1566 illos,
703 1502 907 1555 litteras
938 1502 1151 1569 propria
1186 1517 1342 1553 manu
1373 1502 1611 1569 scriptas
1642 1502 1805 1565 diem,
1845 1518 1953 1570 quo
1988 1519 2079 1555 or-

531 1594 697 1645 dinati
732 1591 967 1656 fuerunt,
1002 1602 1053 1645 et
1086 1592 1481 1659 magistratum,
1518 1593 1608 1660 qui
1649 1593 1718 1646 ibi
1773 1603 1897 1648 tunc
1944 1610 2083 1662 pra:-

532 1683 655 1747 fuit,
698 1684 1018 1749 indicantes,
1054 1684 1181 1735 dare
1206 1682 1313 1734 illis
1341 1689 1581 1749 oportet.

981 1859 1142 1929 625
1174 1859 1405 1914 canos
1435 1857 1619 1912 XCIII.

543 1967 555 2000 ι
588 1948 655 2004 Ut
684 1952 773 2018 qui
808 1950 889 2004 vel
924 1951 1085 2003 semel
1117 1951 1166 2001 in
1202 1951 1426 2004 eccle°ia
1455 1952 1714 2017 legerunt,
1749 1963 1851 2001 non
1878 1949 2085 2017 possint

608 2061 624 2093 ε
656 2044 722 2095 ab
758 2043 877 2095 aliis
913 2044 1240 2109 promoveri.
1294 2042 1554 2096 Similiter
1588 2041 1807 2109 placuit,
1864 2050 1920 2092 ιιι
1966 2039 2089 2108 qui-

602 2152 618 2182 t
659 2147 871 2201 cunque
901 2133 950 2183 in
1004 2132 1231 2184 ecclesia
1258 2133 1337 2185 vel
1383 2131 1545 2184 semel
1592 2130 1798 2199 legerit,
1862 2132 1929 2182 ab
1985 2131 2087 2184 alia

604 2243 624 2273 ι
658 2224 881 2276 ecclesia
918 2222 981 2274 ad
1010 2222 1320 2275 clericutlttl
1371 2237 1473 2274 non
1518 2221 1839 2275 detineatur.
1876 2221 2088 2274 Etsub-

611 2333 625 2361 ι
660 2312 1009 2380 scripserunt,
1053 2312 1297 2363 Aurelius
1322 2312 1602 2378 episcopus
1652 2310 1903 2363 Ecclesia:
1953 2309 2087 2361 Car-

613 2423 628 2453 ι
667 2403 999 2470 thaginensis
1035 2402 1278 2469 praesenti
1314 2402 1528 2454 decreto
1557 2401 1823 2463 consensi,
1856 2411 1909 2453 et
1954 2402 2090 2454 lecto

611 2515 627 2542 ι
659 2495 969 2559 subscripsi.
1038 2491 1291 2545 Similiter
1319 2502 1370 2546 et
1398 2493 1587 2561 reliqui
1651 2493 1888 2560 episCttpi
1960 2490 2090 2544 sub-

611 2598 629 2628 σ
661 2583 1005 2649 scripserunt.
1047 2600 1075 2633 ιο

607 2752 800 2806 ΒΑιιδ.
837 2753 1081 2805 Nonnulli
1114 2755 1295 2806 dicunt
1330 2755 1393 2808 de
1424 2755 1521 2806 hnc
1552 2770 1775 2816 canmtc,
1814 2756 1952 2819 quod
1986 2754 2095 2805 Vult

541 2843 818 2905 clericum,
868 2844 956 2910 qui
1012 2846 1061 2896 in
1112 2844 1339 2897 ecclesia
1393 2845 1569 2910 aliqua
1617 2846 1941 2897 constitutus
1990 2854 2091 2906 est.

539 2948 649 2986 non
679 2935 887 2987 admitti
919 2952 1015 2988 nec
1048 2936 1287 2990 ordinari
1334 2937 1401 2988 ab
1436 2934 1541 2989 alio
1585 2934 1859 3003 episcopo,
1917 2936 1959 2989 si
2015 2934 2095 2988 vel

536 3024 706 3076 semel
748 3034 952 3075 tantum
1000 3026 1051 3077 in
1088 3023 1330 3086 ecclesia,
1388 3025 1440 3077 in
1478 3039 1579 3093 qua
1630 3026 1956 3077 constitutus
1988 3034 2089 3086 est,
2122 3059 2162 3113 ο

540 3110 751 3179 legerit.
783 3113 862 3163 Ad
893 3128 1043 3165 suam
1081 3115 1222 3165 enim
1260 3128 1473 3166 causam
1527 3114 1913 3167 delendendam
1966 3113 2094 3166 alle-

541 3198 761 3264 gabant,
797 3199 938 3267 quod
973 3216 1077 3253 non
1128 3200 1528 3253 existimaretur
1577 3200 1803 3254 clericus
1831 3202 2091 3264 ecclesiae,

542 3288 634 3353 qui
667 3288 717 3339 in
750 3304 808 3341 ea
854 3289 1017 3342 semel
1048 3287 1195 3358 legit.
1230 3289 1331 3340 Alii
1368 3297 1545 3341 autem
1582 3289 1787 3349 dicunt,
1821 3291 1960 3342 hanc
1992 3304 2093 3343 non

540 3388 668 3428 esse
697 3375 826 3429 satis
856 3376 1063 3428 ﬁrmam
1113 3377 1397 3431 rationem.
1428 3376 1504 3430 Ex
1542 3390 1605 3429 eo
1641 3378 1781 3428 enim
1818 3377 1957 3444 quod
2009 3391 2097 3430 οι·-

551 3466 767 3518 dinatus
796 3465 959 3518 fuerit
1005 3456 1057 3518 et
1091 3466 1457 3518 characterem
1505 3467 1822 3533 susceperit,
1862 3466 1921 3519 lit
1951 3467 2099 3534 quis-

549 3556 691 3621 piam
725 3554 972 3618 clericus,
1006 3555 1214 3608 etiamsi
1250 3556 1301 3607 in
1352 3554 1582 3608 ecclesia
1624 3570 1727 3607 non
1782 3558 1987 3625 legerit.
2037 3557 2099 3609 Et

548 3644 971 3712 interpretantur
998 3658 1258 3698 canonem
1290 3645 1353 3696 de
1386 3646 1467 3705 iis,
1505 3646 1593 3711 qui
1621 3645 1785 3697 solam
1825 3655 2097 3698 tonsuram

541 3734 615 3785 ab
644 3734 884 3788 antistite
938 3744 1280 3801 acceperunt,
1334 3743 1389 3787 et
1421 3750 1483 3786 ex
1520 3737 1929 3796 consuetudine,
1982 3747 2099 3787 tan-

543 3838 705 3890 quam
761 3838 856 3890 pro
914 3822 1083 3877 forma
1130 3824 1395 3888 lectionis,
1452 3824 1707 3875 dixerunt
1752 3824 2097 3891 apostolicam

542 3914 613 3963 ad
645 3911 979 3966 Timotheum
1016 3912 1333 3979 Epistolam,
1378 3928 1493 3977 seu,
1534 3912 1641 3965 Fili
1689 3913 1971 3978 Timotheo,
2026 3917 2097 3967 sis

548 4003 749 4055 sobrius
772 4005 822 4055 in
849 4006 1081 4057 omnibus
1100 4004 1178 4058 “z
1210 4012 1263 4057 et
1287 4005 1491 4066 dicunt,
1513 4019 1577 4057 ex
1614 4006 1861 4070 presenti
1893 4020 2101 4059 canone

545 4106 653 4144 non
703 4108 858 4160 posse
887 4108 1058 4160 eos,a
1111 4109 1269 4146 manu
1320 4094 1433 4161 ejus
1484 4094 1571 4159 qui
1620 4094 1762 4161 ipsos
1811 4096 2098 4161 ordinavit,

544 4193 771 4251 prepter
805 4184 973 4236 solam
1008 4184 1242 4251 episcopi
1279 4193 1575 4247 tonsuram,
1621 4185 1735 4237 sine
1769 4184 1884 4250 ejus
1916 4185 2103 4237 volun-

2181 1502 2273 1568 κῇ,
2301 1501 2382 1551 δεῖ
2404 1501 2529 1561 τοὺς
2559 1499 3000 1570 χειροτονοῦντας
3050 1500 3244 1561 αὐτοὺς
3277 1499 3582 1565 γράμματα
3611 1496 3761 1551 διδό-

2181 1608 2268 1643 ναι
2292 1592 2476 1653 αὐτοῖς
2526 1594 2880 1661 οίκειόχειρα,
2914 1591 3179 1658 δηλοῦντα
3229 1591 3327 1656 τὴν
3376 1587 3595 1657 ἡμέραν
3620 1587 3755 1640 καθ’

2184 1681 2251 1749 ἢν
2296 1681 2800 1751 ἐχειροτονήθησαν,
2866 1683 2959 1735 καὶ
3007 1682 3098 1733 τὸν
3154 1681 3333 1731 ἐκεῖσε
3382 1678 3460 1748 τῷ
3498 1678 3620 1729 τότε
3654 1676 3764 1745 ἆρ-

2190 1788 2371 1839 χοντα.

2774 1863 3012 1915 ΚΑΝΩΝ
3052 1862 3165 1927 an.

2190 1954 2323 2019 Περὶ
2365 1951 2455 2002 τοῦ
2491 1954 2618 2014 τοὺς
2657 1953 2759 2003 xiv
2804 1950 2949 2012 ἅπαξ
2986 1950 3043 2001 ἐν
3093 1953 3158 2019 τῇ
3196 1948 3459 2019 ἐκκλησίᾳ
3489 1948 3761 2015 ἀναγνόν-

2268 2059 2285 2090 ι
2322 2057 2418 2101 τας
2471 2041 2544 2108 μὴ
2576 2039 2829 2091 δᾶνασθαι
2891 2036 2993 2087 ὑπὸ
3049 2037 3224 2088 ἄλλων
3282 2034 3759 2106 προχειρίζεσθαι.

2264 2149 2280 2180 ι
2323 2131 2554 2197 Ὁμοίως
2600 2132 2813 2197 ἤρεσεν,
2854 2128 2939 2179 ἵνα
2970 2128 3122 2189 ὅστις
3149 2126 3346 2196 δήποτε
3380 2130 3437 2179 ἐν
3460 2126 3764 2195 ἐκκλησία,

2268 2240 2286 2271 ι
2321 2222 2420 2272 κᾶν
2454 2221 2598 2284 ἆπαξ
2648 2218 2885 2287 ἀναγνῷ,
2932 2218 3026 2270 ἀπ’
3070 2217 3237 2285 ἄλλης
3270 2217 3566 2286 ἐκκλησίας
3615 2217 3765 2287 πρὸς

2265 2331 2281 2361 ι
2317 2311 2588 2379 κλήρωσιν
2615 2310 2688 2377 μὴ
2716 2310 3030 2376 κατέχηται.
3048 2307 3156 2360 Καὶ
3180 2306 3506 2375 ὑπέγραψαν
3524 2320 3539 2334 θ
3577 2306 3769 2373 Αὐρή-

2263 2404 2427 2462 vita;
2464 2401 2761 2459 ἐπὶσκοπος
2788 2398 2884 2466 τῆς
2915 2399 2969 2449 ἐν
3009 2398 3319 2467 Καρχηδόνι
3351 2396 3647 2465 ἐκκλησίας
3678 2397 3764 2465 τῷ

2260 2511 2277 2541 ι
2322 2494 2545 2560 παρόντι
2576 2490 2886 2556 ψηφίσματι
2916 2488 3203 2557 συνῄνεσα,
3237 2488 3329 2539 καὶ
3357 2485 3766 2552 ἀναγνωσθέντι

2263 2599 2277 2624 ο
2315 2578 2624 2644 ὑπέγραψα.
2668 2574 2901 2643 Ὁμοίως
2932 2577 3023 2627 καὶ
3049 2575 3099 2626 οἱ
3133 2574 3309 2627 λοιποὶ
3338 2576 3630 2626 ἐπίσκοποι
3655 2574 3763 2626 ὑπ·-

2273 2686 2289 2714 ι
2331 2665 2594 2732 ἔγραψαν.
2641 2682 2658 2713 ι

2267 2757 2461 2808 ΒΑΛΣ.
2496 2754 2649 2814 Τινὲς
2687 2754 2783 2821 μὲν
2829 2754 3047 2819 λέγουσι
3082 2752 3211 2821 περὶ
3251 2750 3347 2803 τοῦ
3382 2751 3602 2814 κανόνος
3634 2753 3765 2805 τού-

2195 2862 2287 2896 του
2312 2847 2391 2898 ὅτι
2425 2843 2672 2912 βούλεται
2695 2842 2785 2895 τὸν
2813 2841 3193 2907 καταταγέντα
3249 2839 3514 2909 κληρικὸν
3542 2843 3621 2901 είς
3663 2842 3764 2893 ἐκ-

2200 2936 2427 3001 κλησίαν
2486 2936 2559 3002 μὴ
2616 2933 2864 3002 δέχεσθαι
2940 2933 3072 3001 μηδὲ
3148 2931 3573 3000 χειροτονεῖσθαι
3629 2930 3768 3001 παρ’

2200 3027 2386 3095 ἐτέρου
2415 3026 2732 3083 ἐπισκόπου,
2779 3024 2881 3076 κᾶν
2916 3024 3057 3088 ἅπαξ
3082 3022 3291 3089 ἀνέγνω
3320 3024 3399 3084 είς
3432 3022 3501 3091 ἢν
3525 3023 3766 3075 κατετά-

2196 3134 2265 3182 γη
2298 3116 2607 3183 ἐκκλησίαν.
2664 3114 3029 3183 Προεόάλοντο
3082 3114 3187 3180 γάρ
3233 3128 3402 3175 τινες,
3448 3112 3526 3173 ὡς
3555 3112 3770 3165 δικαιο-

2199 3206 2430 3273 λόγημα,
2481 3206 2540 3255 τὸ
2575 3205 2649 3273 μὴ
2697 3203 3005 3271 λογίζεσθαι
3038 3203 3297 3271 κληρικον
3328 3201 3627 3271 ἐκκλησίας
3669 3204 3769 3256 τὸν

2198 3295 2343 3357 ἅπαξ
2378 3297 2433 3345 ἐν
2466 3296 2599 3361 αὐτῇ
2631 3294 2951 3359 ἀναγνόντα.
2978 3293 3193 3361 Ἕτεροι
3219 3292 3275 3343 δὲ
3304 3292 3556 3357 λέγουσιν
3588 3292 3670 3345 ὅτι
3698 3296 3766 3346 τὸ

2196 3385 2433 3437 τοιοῦτον
2454 3384 2843 3451 δικαιολόγημα
2875 3382 3069 3451 σαθρόν
3095 3383 3262 3435 ἐστιν.
3286 3381 3425 3436 Ἀπὸ
3457 3382 3618 3451 μόνου
3646 3382 3760 3454 γὰρ

2198 3475 2290 3525 τοῦ
2343 3475 2710 3541 καταταγῆναι
2776 3474 2869 3525 καὶ
2948 3472 3347 3541 σφραγισθῆναι
3382 3471 3647 3541 κληρικός
3674 3491 3766 3536 τις

2200 3564 2422 3627 γίνεται,
2453 3564 2555 3614 κᾶν
2575 3562 2660 3614 ἐπ’
2687 3561 2981 3628 ἐκκλησίας
3028 3561 3125 3613 οὐκ
3156 3559 3389 3628 ἀναγνῷ.
3436 3562 3545 3613 Καὶ
3577 3562 3758 3630 ἑρμη-

2201 3653 2413 3704 νεύουσι
2450 3653 2540 3705 τὸν
2574 3652 2772 3705 κανόνα
2818 3652 2896 3711 είς
2936 3649 3059 3711 τοὺς
3086 3648 3409 3717 δεξαμένους
3444 3650 3612 3718 μόνην
3643 3652 3772 3701 ἐπι-

2201 3732 2421 3808 κουρίδα
2461 3744 2613 3809 παρὰ
2670 3743 2986 3810 ἀρχιερέως,
3021 3741 3116 3792 καὶ
3169 3739 3310 3792 κατὰ
3342 3739 3439 3809 τὴν
3470 3740 3765 3807 συνήθειαν

2201 3834 2471 3892 εἰπόντας,
2499 3830 2572 3891 ὡς
2609 3832 2666 3881 ἐν
2696 3829 2824 3881 εῖδει
2845 3829 3285 3896 ἀναγνώσματος,
3310 3828 3407 3895 τὴν
3434 3827 3570 3897 πρὸς
3600 3829 3769 3895 Τιμό-

2201 3917 2321 3969 θεον
2372 3916 2733 3985 ἀποστολικὴν
2778 3917 3087 3984 ἐπιστολὴν,
3134 3916 3302 3981 ἡγουν
3350 3915 3455 3977 τὸ,
3510 3914 3765 3981 Τέκνον,

2206 4006 2457 4073 Τιμόθεε,
2489 4006 2644 4072 νῆφε
2673 4006 2741 4059 ἐν
2785 4004 2935 4060 πᾶσι
2961 4021 2976 4036 ο
3004 4006 3094 4057 καὶ
3120 4005 3333 4071 λέγουσι
3366 4004 3502 4073 μηδέ
3532 4005 3758 4067 τούτους

2200 4097 2452 4148 δύνασθαι
2498 4097 2605 4149 ἀπὸ
2636 4096 2732 4150 τοῦ
2788 4097 3051 4165 παρόντος
3081 4096 3301 4157 κανόνος
3341 4097 3406 4147 ἐκ
3451 4095 3549 4163 τῆς
3581 4097 3768 4165 χειρὸς

2202 4185 2293 4237 τοῦ
2350 4189 2743 4253 σφραγίσαντος
2808 4186 3001 4247 αὐτοὺς
3044 4187 3133 4238 διὰ
3194 4185 3360 4254 μόνης
3417 4187 3767 4256 ἐπικουρίδος

546 4280 655 4324 tate
684 4271 935 4336 transire,
969 4280 1022 4324 et
1051 4272 1115 4323 ad
1152 4272 1307 4323 aliam
1341 4270 1623 4323 ecclesiam
1663 4270 1952 4324 transilire.
1988 4272 2096 4325 Etsi

2204 4277 2502 4327 ἐπισκόπου
2544 4275 2902 4342 μεταπίπτειν
2933 4276 3099 4343 χωρὶς
3127 4275 3350 4344 γνώμης
3401 4276 3633 4338 ἐκείνου,
3669 4281 3766 4331 καὶ

541 4364 690 4417 enim
724 4379 827 4417 non
858 4372 983 4416 sunt
1016 4363 1068 4416 in
1101 4363 1305 4415 clerum
1334 4362 1593 4423 ordinati,
1645 4362 1737 4415 sed
1773 4371 1949 4415 tamen
1987 4364 2096 4430 epi-

2201 4367 2279 4427 είς
2328 4366 2521 4434 ἑτέραν
2576 4364 2869 4431 ἐκκλησίαν
2916 4364 3283 4432 μεταϐαίνειν.
3347 4365 3461 4416 Κᾶν
3509 4366 3614 4434 γὰρ
3664 4366 3769 4418 οὐκ

549 4454 817 4521 scopalem
856 4463 1130 4505 tonsuram
1190 4460 1570 4519 susceperunt,
1623 4460 1676 4503 et
1730 4452 2096 4505 existimantur

2202 4455 2442 4522 ἔφθασαν
2486 4452 2859 4521 καταταγῆναι
2890 4454 2969 4515 εἰς
2997 4453 3221 4523 κλῆρον,
3273 4452 3385 4505 ἀλλ’
3409 4455 3555 4521 ὅμως
3589 4471 3769 4523 σφρα-

549 4559 669 4596 esse
703 4558 827 4610 pars
852 4544 1093 4596 ecclesiae
1125 4542 1266 4609 ejus,
1301 4542 1391 4609 qni
1432 4541 1536 4594 illis
1571 4557 1762 4595 manus
1816 4542 2095 4610 imposuit.

551 4632 617 4685 Et
648 4632 680 4684 ii
714 4633 962 4684 videntur
1012 4633 1140 4685 mihi
1192 4646 1452 4685 canonem
1507 4632 1809 4685 accuratius
1844 4632 2106 4700 interpre-

552 4734 669 4776 lurt.

621 4898 871 4951 ZONAR.
918 4900 1340 4955 innumerabiles
1367 4907 1580 4952 exstant
1630 4913 1863 4955 canones
1914 4901 2109 4968 quibus

552 4991 737 5043 clerici
789 5006 917 5044 suas
966 4993 1222 5047 ecclesias
1269 4995 1591 5058 relinquere,
1645 5002 1698 5045 et
1753 4994 1816 5045 ad
1865 4992 1999 5046 alias
2046 5006 2106 5045 se

554 5081 803 5135 conferre
833 5084 1200 5150 prohibentur.
1233 5083 1376 5137 Idem
1436 5085 1519 5136 hic
1551 5097 1762 5150 quoque
1796 5096 1964 5135 canon
1999 5098 2105 5135 non

555 5170 671 5222 sine
720 5170 897 5237 aliquo
946 5173 1105 5225 etiam
1151 5173 1415 5235 anctario,
1470 5174 1730 5227 decernit.
1790 5173 2104 5227 Auctarium

558 5272 685 5310 vero
713 5258 839 5311 illud
869 5272 970 5320 est,
1005 5270 1063 5314 ut
1093 5262 1136 5315 si
1194 5262 1273 5314 vel
1319 5261 1483 5316 semel
1539 5271 1743 5314 tantum
1784 5262 1834 5314 in
1881 5262 2105 5317 ecclesia

558 5348 738 5414 aliqua
775 5348 1065 5416 quiSpiant,
1100 5353 1247 5419 quasi
1279 5353 1393 5421 ejus
1421 5352 1563 5405 clero
1612 5352 1899 5420 ascriptus,
1964 5354 2108 5422 lege-

562 5438 655 5503 rit,
684 5438 736 5491 in
768 5439 867 5491 alia
894 5454 963 5494 ne
994 5440 1331 5497 admittatur.
1388 5441 1648 5497 Videntur
1677 5443 1817 5498 enim
1871 5444 2111 5503 nonnullﬁ

669 5614 712 5646 “
746 5614 786 5668 ll
810 5614 950 5670 Tim.
976 5630 1052 5681 Ix,
1080 5615 1130 5670 5.

2203 4548 2323 4613 γῖδα
2359 4545 2718 4615 ἐπισκοπικὴν
2780 4546 3050 4607 ἐδέξαντο,
3096 4547 3191 4597 καὶ
3241 4544 3548 4611 λογίζονται
3613 4546 3758 4614 μέρη

2206 4639 2302 4704 τῆς
2326 4636 2618 4701 ἐκκλησίας
2645 4636 2736 4687 τοῦ
2761 4636 3039 4703 χειροθετὴ
3052 4650 3241 4695 σαντος
3290 4633 3503 4695 αὐτούς.
3536 4635 3645 4686 Καὶ
3673 4635 3765 4685 δοσ-

2208 4720 2363 4771 κοῦσί
2392 4736 2480 4784 μοι
2511 4719 2709 4787 μᾶλλον
2731 4716 2874 4772 οὗτοι
2916 4719 3304 4789 ἁκριὸἐστερον
3325 4719 3415 4771 τὸν
3445 4720 3642 4771 κανόνα
3676 4720 3771 4789 ἐρ-

2211 4809 2464 4877 μηνεύειν

2282 4900 2521 4953 ΖΩΝΔΡ.
2551 4901 2750 4969 Μυρίοι
2782 4899 2997 4960 κανόνες
3029 4898 3186 4961 εἰσὶν,
3220 4900 3267 4950 oi
3319 4899 3619 4962 κωλύοντες
3640 4900 3771 4964 τοὺς

2210 4993 2501 5061 κληρικοὺς
2564 4992 2639 5059 μὴ
2686 4990 3119 5058 καταλιμπάνειν
3175 4988 3271 5050 τὰς
3325 4990 3530 5052 οἰκείας
3565 4991 3770 5060 ἐκκλη-

2211 5081 2350 5142 σίας,
2384 5080 2475 5132 xui
2534 5079 2928 5148 προσέρχεσθαι
2990 5077 3193 5139 ἄλλαις.
3251 5076 3423 5129 Τοῦτο
3472 5078 3564 5130 οὖν
3610 5081 3701 5132 xx‘t
3740 5082 3770 5133 ό

2210 5170 2397 5237 παρὼν
2456 5169 2633 5221 κανὼν
2665 5168 2801 5234 μετὰ
2840 5167 3156 5237 προσθήκης
3198 5167 3388 5236 ὁρίζει.
3432 5168 3496 5220 Ἦ
3522 5169 3578 5221 δὲ
3604 5186 3773 5239 προσ-

2215 5262 2354 5328 θήκη
2394 5258 2507 5310 ἐστὶ¹
2552 5262 2633 5323 τὸ,
2675 5257 2775 5309 κᾶν
2828 5257 2977 5320 arma
3014 5258 3223 5324 ἀνέγνω
3275 5261 3332 5309 ἐν
3366 5258 3649 5330 ἐκκλησίᾳ,
3692 5260 3769 5324 ὡς

2216 5355 2389 5403 ἐκεῖσε
2419 5350 2746 5415 καταταγεὶς
2768 5388 2781 5409 ,
2840 5349 2914 5417 μὴ
2970 5346 3369 5416 παραδέχεσθαι
3400 5349 3531 5416 παρ’
3574 5349 3769 5417 ἐτέρας

2218 5438 2533 5511 ἐκκλησίας.
2569 5440 2749 5494 Ἐοικε
2772 5438 2876 5507 γὰρ
2904 5438 2986 5491 ὅτι
3016 5435 3408 5506 προεσάλλοντο
3436 5437 3594 5492 τοῦτο
3621 5456 3769 5505 τινες
