4018 6310
253 396 356 458 317

1271 400 1385 472 tm
1423 409 1591 469 CAN.
1632 411 1824 469 xcut
1866 412 2074 471 coxo.
2101 413 2476 472 camnao.

3390 418 3491 480 318

251 508 330 571 ὡς
359 507 776 579 δικαιολόγημα,
825 513 905 565 ὅτι
937 516 983 566 ol
1015 515 1239 577 κανόνες
1295 516 1424 584 περὶ
1450 516 1560 567 τῶν
1608 517 1818 585 χρόνων

1939 533 2039 570 eam
2073 526 2472 576 excusationem
2506 524 2664 578 veluti
2695 525 2896 594 justam
2922 529 3294 596 prctcxuissc,
3324 544 3489 583 cauo-

250 599 372 652 τινὰ
403 599 600 669 διαρκῆ
638 603 976 671 ποιησάντων
1006 609 1063 658 έν
1116 607 1298 675 κλήρῳ
1328 607 1490 671 φασίν
1514 623 1526 637 ο
1564 609 1612 657 εί
1656 607 1709 657 δέ
1737 624 1821 668 τις

253 691 398 757 ἅπαξ
424 693 482 744 ἑν
514 691 778 764 ἐκκλησίᾳ
803 694 1030 762 ἀνέγνω,
1057 696 1270 762 ἐξέσται
1299 698 1467 766 αὐτῷ,
1491 697 1565 757 ώς
1595 698 1823 767 μηδενὸς

254 779 446 846 καιροῦ
498 783 802 850 γεγονότος,
843 783 1141 854 ἀναχωρεῖν
1181 788 1408 840 ικεῖθεν.
1447 785 1621 840 Τοῦτο
1662 783 1753 839 οὖν
1785 789 1818 856 ἡ

255 872 471 934 σύνοδος
491 873 877 942 ἀνατρέπουσα
911 875 1014 944 ἔφη
1044 876 1146 939 δτι,
1191 876 1308 929 Κᾶν
1341 876 1486 942 ἅπαξ
1531 877 1738 942 ἀνέγνω
1765 879 1823 930 ὲν

253 960 541 1031 ἐκκλησίᾳ,
572 964 938 1029 ἀπρόσδεκτος
972 963 1122 1016 ἔσται
1146 965 1415 1035 ἐκκλησίᾳ
1447 965 1632 1034 ἑτέρα.

1926 622 2021 661 nes
2050 609 2298 664 videlicet
2324 613 2388 664 de
2419 613 2508 676 iis,
2559 617 2650 683 qui
2686 616 2910 669 multum
2948 619 3206 685 temporis
3243 619 3292 670 iu
3331 619 3480 671 clero

1926 697 2182 764 egissent,
2218 715 2340 753 esse
2396 702 2812 772 intelligendos:
2867 707 2911 761 si
2959 708 3080 774 quis
3132 722 3260 760 vero
3320 707 3492 761 semel

1927 797 2132 841 tantum
2165 791 2218 843 in
2253 791 2476 845 ecclesia
2513 794 2754 862 legisset,
2783 796 2918 860 nihil
2953 797 3170 851 obstare
3203 799 3492 864 quominus

1926 875 2024 942 illi,
2064 887 2246 946 utpote
2279 882 2424 935 nullo
2457 892 2694 952 tempore
2729 885 2802 939 ibi
2836 887 2903 940 ab
2957 885 3046 940 illo
3086 897 3382 948 transacto,
3420 887 3486 940 ab

1923 980 1985 1020 ea
2039 970 2287 1023 secedere
2340 971 2549 1029 liceret.
2603 974 2966 1039 Quamobrem
3020 977 3122 1030 hoc
3159 977 3477 1042 improbato,

253 1055 491 1122 synodus
517 1069 660 1120 eum,
687 1057 776 1127 qui
809 1055 891 1110 vel
922 1055 1086 1110 semel
1116 1067 1322 1111 tantum
1359 1058 1410 1109 in
1449 1071 1554 1109 una
1585 1055 1812 1109 ecclesia
1847 1056 2066 1112 lectorls
2111 1075 2305 1116 munus
2332 1064 2548 1130 obierit,
2598 1065 2649 1118 in
2723 1065 2824 1119 alia
2877 1066 3042 1132 recipi
3124 1067 3345 1130 omnino
3402 1081 3492 1119 vc-

257 1151 359 1196 tat.

253 1231 474 1285 ΔΡΙΣΤ.
520 1250 538 1284 ι
579 1232 641 1285 Ὅ
671 1233 774 1287 κᾶν
807 1233 953 1301 απαξ
988 1238 1066 1298 είς
1111 1238 1406 1304 ἔκκλησίαν
1436 1241 1697 1306 ἀναγνοὺς
1728 1240 1821 1292 ὑπ’

504 1341 524 1373 ε
561 1323 726 1393 ἄλλης
758 1326 830 1395 μὴ
855 1327 1092 1396 δεχέσθω
1119 1329 1197 1390 είς
1222 1331 1514 1398 κλήρωσιν.
1551 1349 1567 1378 ι

324 1413 399 1464 τὸ
427 1412 707 1481 ἀλλότριον
763 1416 1027 1484 κληρικδν
1054 1415 1144 1481 ὑφ’
1178 1419 1364 1486 ἐτέρου
1413 1419 1818 1487 παραδέχεσθαι

255 1505 556 1556 ἐπισκόπου
605 1507 777 1558 πᾶσαι
832 1510 886 1558 at
918 1508 1124 1562 σύνοδοι
1152 1509 1488 1562 διεκώλυσαν
1510 1528 1521 1541 ·
1555 1512 1658 1564 κᾶν
1693 1512 1820 1577 γοῦν

254 1592 401 1656 ἅπαξ
439 1596 520 1655 εἰς
543 1595 839 1664 ἐκκλησίαν
883 1598 911 1649 ό
935 1598 1237 1667 κληρωθεὶς
1265 1602 1322 1652 ἐν
1348 1601 1482 1670 αὐτῇ
1536 1601 1632 1662 τάς
1670 1602 1822 1670 ἱερὰς

256 1681 474 1748 βίϐλους
497 1684 574 1752 τῷ
595 1683 710 1754 λαῷ
759 1687 1069 1753 ὑπανέγνω,
1119 1690 1210 1757 ὑφ’
1264 1689 1458 1760 ἑτέρας
1495 1691 1575 1752 είς
1621 1690 1820 1760 κλῆρον

255 1773 668 1842 παραδεχθῆναι
686 1777 746 1827 ού
769 1777 1218 1848 συγκεχώρηται.

1931 1240 2156 1294 AltlST.
2196 1261 2213 1292 ι
2249 1242 2346 1306 Qui
2397 1245 2558 1297 etiam
2597 1245 2764 1298 semel
2804 1255 3009 1300 tantum
3045 1246 3095 1298 in
3153 1245 3381 1299 ecclesia
3418 1245 3495 1300 le-

2133 1353 2150 1384 ι
2180 1336 2274 1403 git,
2307 1337 2373 1388 ab
2405 1337 2506 1387 alia
2531 1338 2582 1386 in
2617 1336 2812 1388 clerum
2852 1350 2919 1388 ne
2947 1336 3281 1388 admittatur.

2007 1423 2257 1475 Alienum
2330 1425 2586 1476 clericum
2640 1426 2707 1479 ah
2749 1426 2918 1478 altero
2974 1426 3182 1479 admitti
3237 1428 3492 1493 episcopo

1929 1528 2118 1565 omnes
2149 1515 2340 1582 synodi
2371 1524 2571 1567 vetant.
2605 1516 2860 1580 Quamvis
2895 1516 3077 1583 itaque
3113 1516 3278 1569 semel
3312 1519 3400 1584 qui
3439 1518 3493 1568 in

1928 1602 2152 1657 ecclesia
2221 1604 2448 1658 clericus
2481 1605 2559 1668 fit,
2616 1607 2666 1657 in
2697 1620 2759 1658 ea
2805 1620 2990 1659 sacros
3047 1606 3213 1660 libros
3286 1606 3481 1674 populo

1930 1693 2087 1760 legat,
2156 1697 2222 1747 ab
2274 1693 2375 1746 alia
2441 1695 2495 1748 in
2552 1694 2754 1748 clerum
2829 1695 2991 1764 recipi
3067 1711 3170 1751 non
3227 1694 3493 1766 permitti.

1932 1793 2037 1836 tur.

267 1863 353 1915 Ἐν
376 1865 550 1937 ταύτῃ
601 1868 668 1935 τῇ
711 1869 914 1938 συνόδῳ
966 1870 1359 1938 ἐμφανίζονται
1406 1887 1473 1928 τα
1508 1875 1820 1945 πραχθέντα

2004 1891 2022 1924 ι
2057 1873 2112 1926 In
2167 1873 2267 1927 hac
2320 1875 2523 1943 synodo
2573 1875 2884 1930 referuntur
2911 1884 3063 1946 gesta
3091 1877 3494 1944 episcoporum,

332 1973 351 2006 ι
384 1954 490 2006 ὑπὸ
520 1954 631 2007 τῶν
658 1956 834 2024 πέραν
863 1958 962 2025 τῆς
998 1957 1276 2031 θαλάσσης
1301 1962 1713 2016 ἀποσταλέντων
1737 1981 1824 2016 το-

329 2065 350 2097 ι
389 2049 716 2117 ποτηρητῶν
739 2051 1054 2104 ἑπισκόπων
1092 2054 1184 2104 ἐπὶ
1232 2053 1326 2105 τοῦ
1354 2054 1696 2117 ὲνδοξοτάτου
1731 2054 1826 2122 βα·-

324 2156 343 2189 ι
379 2139 570 2201 σιλέως
601 2139 886 2193 Θεοδοσίου
917 2142 1012 2194 τοῦ
1066 2143 1378 2210 Αὐγούστου
1416 2146 1510 2198 καὶ
1549 2145 1827 2214 Ῥουμορίο

328 2248 347 2279 ι
379 2229 470 2282 δου
498 2229 594 2283 τοῦ
625 2230 1011 2301 λαμπροτάτου
1046 2234 1248 2286 ὑπάτου
1278 2238 1344 2304 τῇ
1389 2235 1493 2304 πρὸ
1524 2236 1673 2289 ὀκτὼ
1711 2239 1828 2288 Κα-

327 2339 348 2370 ι
381 2321 588 2372 λανδῶν
635 2321 1028 2390 Σεπτεμϐρίων
1052 2325 1109 2375 ὲν
1153 2324 1462 2393 Καρχηδόνι
1490 2326 1570 2386 είς
1602 2325 1700 2386 τὴν
1734 2326 1826 2377 ἔκ-

329 2427 348 2460 ι
388 2409 622 2479 κλησὶαν
659 2410 978 2464 Σεκούνδου.
1015 2430 1033 2462 ι

258 2499 518 2568 Αὐρήλιος
549 2501 848 2563 ἐπίσκοπος
895 2502 951 2553 ἐν
985 2502 1134 2573 πάσῃ
1155 2505 1221 2572 τῇ
1261 2503 1465 2572 συνόδῳ
1489 2504 1826 2574 προκαθίσας

256 2593 287 2616 "
323 2592 688 2662 παρεστώτων
711 2592 818 2644 τῶν
863 2593 1121 2645 διακόνιον
1163 2590 1316 2645 εἴπεν
1339 2609 1354 2624 ο
1400 2613 1419 2645 ι
1456 2594 1626 2660 Λόγου
1657 2596 1822 2648 ἀπαιο

328 2698 350 2732 ι
383 2682 648 2750 τήσαντος
676 2684 709 2751 ὴ
746 2683 994 2751 ὑμετέρα
1024 2683 1322 2752 ἀδελφότης
1356 2686 1505 2753 παρὰ
1559 2685 1658 2751 τῆς
1684 2685 1822 2752 ὲμῆς

329 2793 352 2826 ι
389 2776 745 2846 μετριότητος
772 2778 851 2837 είς
877 2775 1080 2844 ταύτην
1108 2776 1206 2844 τὴν
1235 2775 1449 2827 σύνοδον
1476 2777 1821 2845 προετράπη.

334 2883 354 2917 ι
384 2865 660 2919 Ἔκπαλαι
679 2867 790 2935 γὰρ
827 2867 902 2927 ὡς
923 2867 1192 2936 μέμνηται
1216 2869 1246 2935 ἡ
1275 2867 1509 2934 ὑμετέρα
1528 2866 1827 2932 ἀγιωσύνη,

331 2975 350 3007 ι
383 2957 602 3010 συνόδου
632 2955 917 3024 λεχθείσης
936 2957 1337 3024 ἀπεστείλαμεν
1377 2954 1643 3019 ἀδελφοὺς
1668 2953 1828 3021 ἡμῶν

337 3067 356 3097 ι
389 3048 524 3117 πρὸς
553 3047 625 3100 τὰ
655 3047 832 3116 πέραν
867 3045 966 3112 τῆς
991 3045 1266 3114 θαλάσσης
1298 3043 1697 3113 τοποτηρητὰς,
1732 3044 1828 3106 οὓς

333 3159 352 3190 ι
388 3139 553 3208 ἐχρῆν
585 3138 646 3188 ὲν
675 3140 740 3206 τῇ
763 3135 1069 3188 συνελεύσει
1090 3137 1185 3202 τῆς
1213 3135 1483 3204 ὑμετέρας
1513 3134 1827 3201 ἁγιωσύνης
1854 3177 1897 3234 c

342 3247 360 3279 ι
396 3229 492 3298 τὴν
525 3230 746 3298 κίνησιν
775 3226 1138 3296 διηγήσασθαι
1166 3228 1263 3296 τῆς
1309 3226 1662 3295 ἔξανυθείσης
1692 3243 1825 3294 πρε-

333 3337 351 3370 ι
389 3319 574 3382 σδείας
597 3333 614 3350 ⁶
650 3319 747 3372 καὶ
770 3318 876 3370 κᾶν
914 3318 974 3368 έν
1007 3320 1070 3386 τῇ
1095 3317 1315 3386 χθεσινῇ
1354 3317 1536 3386 ἡμέρᾳ
1579 3315 1826 3382 περὶτοῦ

340 3430 358 3459 ι
394 3408 558 3462 αὑτοῦ
590 3409 920 3476 πράγματος
967 3406 1320 3467 καθεσθέντες
1372 3407 1435 3456 ἐκ
1483 3403 1592 3456 τῶν
1627 3403 1830 3470 έκκληο

337 3516 357 3550 ι
396 3497 696 3550 σιαστικῶν
758 3497 1103 3568 πραγμάτων
1169 3494 1444 3562 ἐπιμελῶς
1496 3493 1530 3545 ἃ
1584 3491 1830 3561 ἔπραξαν

338 3605 358 3640 ι
393 3587 860 3656 ἐψηλαφήσαμεν·
894 3590 1045 3656 ὅμως
1078 3591 1277 3657 πρέπει
1305 3590 1540 3657 σήμερον
1577 3588 1677 3655 τὴν
1704 3589 1833 3638 ἀνά-

339 3697 360 3731 s
395 3679 617 3748 ζήτησιν
641 3680 741 3748 τῆς
772 3678 1024 3747 χθεσινῆς
1056 3679 1266 3746 ὴμέρας
1289 3683 1401 3740 τοῖς
1455 3677 1833 3746 ἐκκλησιαστι-

340 3787 360 3822 r
394 3771 508 3830 κοῖς
547 3768 962 3837 πεπραγμένοις
1013 3767 1383 3835 ὲμὸεδαιῶσαι
1421 3768 1506 3820 διὰ
1538 3769 1663 3830 τοὺς
1714 3768 1833 3818 ἑπι-

341 3878 361 3911 ι
403 3859 634 3920 σκόπους
676 3857 786 3910 τῶν
828 3858 1107 3927 ἐπαρχιῶν
1157 3857 1256 3926 τῆς
1296 3857 1566 3926 Ἀφρικῆς
1596 3857 1723 3918 τοὺς
1760 3857 1832 3925 μὴ

345 3970 363 4002 ι
403 3947 880 4020 παραγενομένους
923 3950 980 3998 ιν
1003 3949 1068 4016 τῇ
1104 3947 1350 4017 παρούσῃ
1384 3948 1606 4015 συνόδῳ.
1646 3945 1708 3998 Ἥ
1738 3946 1836 3997 τά-

345 4060 363 4092 ι
396 4042 473 4107 ξις
508 4036 600 4093 οὖν
637 4039 858 4092 ἀπαιτεῖ
881 4038 986 4090 τῶν
1014 4038 1369 4105 πραγμάτων,
1403 4039 1488 4088 ἵνα
1514 4040 1570 4090 ὲν
1603 4035 1836 4105 πρώτοις

347 4150 364 4181 ι
399 4129 549 4198 πρὸ.
576 4128 685 4181 τῶν
739 4125 1004 4194 ἀδελφῶν,
1047 4126 1141 4176 καὶ
1188 4125 1482 4193 συνιερέων
1515 4125 1689 4192 ἡμῶν,
1731 4126 1838 4177 τῶν

343 4237 362 4271 ι
393 4219 529 4289 πρὸς
554 4217 762 4284 ταύτην
789 4215 887 4286 τὴν
933 4215 1149 4267 σύνοδον
1197 4217 1306 4269 εἴτε
1342 4217 1406 4267 ὲκ
1437 4214 1528 4267 τοῦ
1569 4215 1836 4278 Βυζακίου

344 4327 362 4360 ι
400 4310 507 4360 εἴτε
544 4304 653 4359 ἀπὸ
681 4303 1053 4373 Μαυριτανίας
1081 4303 1555 4372 παραγενομένων.
1592 4302 1836 4372 ζητήσωο

339 4414 357 4448 ι
389 4413 524 4465 μεν,
579 4394 696 4454 πῶς
749 4393 1048 4461 συμφέρειν
1111 4391 1436 4460 ψηφίζονται
1473 4394 1536 4460 τῇ
1590 4389 1840 4460 παρούσῃ

1929 1982 1946 2014 ι
1977 1964 2068 2032 qui
2134 1963 2293 2033 legati
2346 1967 2484 2019 ultre
2518 1981 2665 2020 mare
2693 1967 2839 2022 missi
2873 1976 3016 2031 sunt,
3050 1969 3151 2022 sub
3181 1967 3493 2021 clarissimo

1927 2072 1946 2106 ι
1984 2056 2306 2121 imperatore
2380 2055 2689 2111 Theodosio
2754 2059 3018 2126 Augusto,
3086 2068 3140 2112 et
3197 2058 3493 2111 liurnorido

1929 2164 1947 2197 ι
1977 2146 2342 2201 illustrissimo
2368 2149 2608 2209 consule,
2639 2149 2703 2201 Α.
2748 2148 2808 2204 D.
2844 2161 3034 2203 octavo
3079 2149 3347 2202 Kalendas
3403 2148 3499 2201 Se-

1930 2255 1948 2286 ι
1983 2237 2267 2305 ptembris,
2301 2236 2628 2309 Carthagine
2658 2241 2708 2293 in
2741 2241 2965 2295 ecclesia
3001 2240 3256 2295 Secundi.
3293 2261 3311 2293 ι

2008 2499 2262 2552 Aurelius
2321 2499 2604 2566 episcopus
2683 2503 2781 2557 toti
2864 2507 3069 2572 synodo
3150 2507 3483 2573 prmsidcns,

1933 2589 2235 2641 astantibus
2290 2590 2529 2643 diaconis
2556 2592 2729 2645 dixit:
2771 2611 2790 2643 ι
2834 2592 3062 2649 Ratione
3104 2596 3373 2663 exigente,
3404 2613 3496 2652 vc-

1931 2694 1950 2728 ι
1982 2685 2091 2729 stra
2132 2677 2444 2730 fraternitas
2497 2693 2527 2730 a
2559 2694 2677 2731 mea
2727 2680 3102 2736 mediocritate
3154 2684 3206 2736 in
3239 2685 3378 2738 hanc
3409 2700 3498 2755 sy-

1933 2785 1951 2817 ι
1983 2767 2178 2819 nodum
2230 2768 2466 2821 deducta
2501 2778 2604 2822 est.
2657 2768 2771 2824 Jam
2808 2771 2935 2824 olim
2989 2772 3155 2836 enim,
3213 2783 3273 2826 ut
3320 2784 3499 2828 vestra

1933 2873 1950 2904 ι
1989 2854 2228 2907 meminit
2261 2856 2544 2921 sanctitas,
2597 2856 2775 2911 habita
2839 2860 3042 2928 synodo
3084 2860 3329 2914 misimus
3383 2860 3490 2913 fra~

1935 2961 1952 2993 ι
1992 2954 2100 2996 tres
2131 2952 2343 2996 nostros
2371 2944 2507 2996 ultra
2562 2959 2711 3000 mare
2759 2945 2989 3014 legatos,
3039 2962 3172 3014 quos
3223 2948 3506 3014 oportebat

1935 3053 1953 3084 ι
1995 3035 2045 3086 in
2079 3043 2272 3086 vestra:
2304 3035 2606 3089 sanetitatis
2661 3047 2927 3090 conventu
2956 3035 3250 3104 perfuncta:
3281 3037 3507 3105 legatio—

1939 3142 1956 3172 ι
1995 3124 2078 3176 nis
2107 3138 2448 3192 progressum
2497 3139 2758 3184 narrare:
2813 3143 2935 3179 nam
2993 3126 3089 3179 etsi
3122 3126 3373 3180 hesterno
3418 3129 3507 3180 die

1936 3233 1954 3265 ι
1983 3216 2047 3265 de
2077 3229 2133 3268 re
2165 3216 2349 3268 eadem
2395 3215 2667 3278 sedentes,
2713 3233 2778 3271 ex
2813 3218 2972 3271 rebus
3005 3219 3394 3273 ecclesiasticis
3419 3219 3497 3271 div

1937 3321 1955 3354 ι
1992 3305 2219 3371 ligenter
2269 3318 2354 3364 ea,
2407 3320 2526 3371 quae
2574 3304 2834 3367 fecerunt,
2887 3308 3052 3377 626
3111 3308 3500 3362 tractavimus:

1937 3414 1956 3446 ι
1983 3405 2189 3462 Oportet
2222 3405 2399 3449 tamen
2431 3395 2589 3450 hodie
2626 3398 2890 3451 hesternas
2914 3400 3016 3452 diei
3048 3407 3336 3451 tratactum
3366 3399 3505 3452 actis

1939 3503 1959 3537 ι
1989 3485 2341 3539 ecclesiaticis
2358 3487 2698 3548 confirmare,
2723 3497 2940 3556 propter
2968 3490 3249 3556 episcopos
3285 3490 3503 3556 provin—

1940 3593 1958 3625 ι
1991 3577 2196 3627 ciarqu
2230 3573 2424 3628 Africa:
2455 3576 2546 3642 qui
2582 3577 2631 3627 in
2688 3577 2942 3644 praesenti
2992 3578 3196 3644 synodo
3227 3590 3330 3629 non
3362 3578 3504 3630 ade-

1941 3685 1958 3717 ι
1995 3676 2135 3718 rant.
2174 3664 2370 3718 Rerum
2406 3667 2583 3732 itaque
2631 3667 2766 3719 ordo
2812 3667 2999 3734 exigit,
3050 3675 3106 3718 ut
3154 3666 3207 3719 in
3260 3667 3504 3734 primisa

1942 3774 1959 3806 ι
1999 3756 2252 3808 fratribus
2280 3765 2333 3808 et
2364 3756 2842 3809 cunsacerdotibns
2879 3757 3101 3817 nostris,
3144 3757 3234 3823 qui
3264 3756 3328 3809 ad
3365 3758 3504 3810 hanc

1942 3865 1960 3897 ι
1993 3847 2276 3916 synodum,
2312 3845 2426 3899 sive
2479 3861 2543 3898 ex
2573 3843 2821 3914 Byzacio,
2851 3847 2959 3899 sive
2986 3861 3048 3900 ex
3074 3846 3388 3900 Mauritania
3415 3861 3506 3900 ac—

1943 3955 1959 3987 ι
1995 3945 2291 3996 cesserunt,
2329 3951 2652 4002 quaaramus,
2701 3938 2969 4004 quomodo
2995 3937 3238 3991 conferre
3266 3947 3507 3991 statuant

1943 4047 1962 4080 ι
2000 4028 2246 4096 praesenti
2282 4027 2504 4093 synodo.
2561 4025 2622 4078 Et
2656 4042 2774 4079 cum
2820 4027 3128 4080 attulissent
3157 4027 3503 4094 Philologius,

1945 4135 1962 4168 ι
1995 4117 2150 4179 Geta,
2181 4115 2568 4177 Vcnustianns,
2603 4113 2908 4168 Felicianus
2937 4115 3176 4183 episcopi
3213 4112 3506 4180 Byzaccuaa

1945 4225 1962 4257 ι
2003 4205 2316 4275 provinciae,
2351 4204 2561 4258 litteras
2599 4203 2904 4272 legationis,
2937 4218 3058 4271 quae
3085 4210 3136 4256 et
3165 4203 3313 4254 lectze
3343 4210 3507 4264 sunt;

1947 4316 1964 4348 ‹
1998 4305 2250 4365 ιιι-ωιεεοο
2279 4308 2455 4348 autem
2489 4309 2611 4347 cum
2661 4294 2971 4348 attulissent
3002 4293 3277 4346 Lucianus
3312 4299 3367 4344 et
3402 4288 3509 4342 Sil-

1948 4407 1966 4439 ι
2006 4402 2192 4449 vanus,
2222 4386 2383 4455 legati
2434 4383 2772 4438 Mauritaniae
2828 4382 3061 4449 regionis
3096 4379 3389 4438 Sitifensis,
3419 4378 3509 4430 lit-

345 4507 364 4541 ι
400 4487 623 4555 συνόδῳ.
654 4486 762 4537 Καὶ
791 4484 1258 4551 προσενεγκόντων
1290 4481 1622 4548 Φιλολογίου,
1675 4482 1828 4543 Γέτα,

1946 4497 1964 4528 ι
1995 4488 2138 4530 teras
2184 4477 2489 4545 legationis.
2539 4488 2724 4539 eatque
2779 4472 2927 4526 lectae
2983 4480 3206 4525 essent:
3256 4470 3508 4522 Aurelius

349 4600 366 4631 ι
403 4575 816 4638 Βενουστιανοῦ,
857 4573 1183 4637 Φιλικιανοῦ,
1217 4573 1324 4625 τῶν
1370 4573 1680 4625 ἐπισκόπων
1733 4572 1830 4640 τῆς

349 4687 365 4717 ι
398 4657 704 4732 Βυξακένῆς
733 4663 937 4732 χώρας,
972 4661 1037 4713 τὰ
1072 4661 1372 4730 γράμματα
1405 4664 1504 4728 τῆς
1532 4676 1834 4729 τοπετηρηο

345 4776 363 4806 ι
397 4757 535 4816 σίας,
566 4754 636 4806 τὰ
661 4755 757 4805 καὶ
784 4749 1220 4818 ἀναγνωσθέντα,
1243 4749 1322 4804 έτι
1349 4750 1405 4802 δὲ
1439 4751 1834 4819 προσενεγκόν-

345 4865 362 4898 ι
398 4863 506 4899 των
539 4841 838 4896 Λουκιανοῦ
862 4843 956 4895 καὶ
989 4840 1274 4905 Σιλὸανοῦ,
1316 4841 1426 4892 τῶν
1452 4840 1835 4910 τοποτηρητῶν

346 4937 490 5007 «τῆς
549 4933 929 5004 Μαυριτανίας
981 4930 1168 5001 χώρας
1222 4931 1321 4999 τῆς
1374 4931 1713 4999 Σιτιφένσης,
1767 4931 1835 4982 τὰ

343 5050 361 5080 ι
398 5030 704 5100 γράμματα
733 5025 831 5094 τῆς
880 5023 1304 5093 τοποτηρησίας,
1340 5025 1432 5075 καὶ
1463 5021 1666 5075 τούτων
1706 5025 1838 5074 ἀνα-

345 5139 362 5171 ι
391 5117 759 5186 γνωσθέντων,
788 5113 1048 5182 Αὐρήλιος
1081 5111 1373 5174 ἐπίσκοπος
1401 5108 1552 5164 εἶπεν
1573 5127 1587 5141 ⁸
1620 5112 1836 5164 Τούτων

347 5228 364 5258 ι
399 5208 509 5260 τῶν
541 5203 837 5278 ὶγγρᾶφων
860 5203 894 5270 ἠ
920 5201 1034 5270 ὐφὴ
1066 5204 1176 5264 τοῖς
1208 5204 1619 5270 πεπραγμένοις
1647 5201 1840 5264 συζευ-

349 5317 366 5349 ι
403 5297 579 5368 χθείη.
607 5294 744 5363 Περὶ
765 5293 873 5346 τῶν
909 5293 1002 5346 τοῦ
1049 5293 1316 5356 Βυζακίου
1369 5294 1680 5345 ιπισκὸπων
1707 5293 1844 5346 Nou-

351 5408 367 5438 ι
405 5388 593 5458 μήδιος
615 5386 908 5446 ἐπίσκοπος
946 5379 1096 5436 εἶπεν
1120 5399 1134 5414 ·
1173 5384 1515 5454 Προσέχομεν
1544 5386 1669 5446 τοὺς
1695 5385 1846 5438 ἀδελ-

352 5499 368 5529 ι
399 5479 531 5547 φοὺς
562 5479 657 5530 καὶ
683 5476 1115 5536 συνεπισκόπους
1141 5474 1327 5544 ἡμῶν,
1375 5477 1499 5538 τοὺς
1530 5477 1630 5545 τῆς
1674 5477 1846 5540 Βυζα-

351 5587 368 5618 ι
403 5566 583 5636 κηνῶν
610 5564 795 5636 χώρας
835 5565 929 5618 καὶ
975 5564 1351 5643 θιαυριτανίας
1397 5566 1734 5635 Σιτιφένσης,
1768 5569 1847 5630 είς

355 5679 370 5708 ι
410 5657 509 5727 τὴν
558 5656 775 5709 σύνοδον
803 5655 1181 5726 τοποτηρητὰς
1210 5655 1564 5709 ἀποστεῖλαν
1610 5657 1704 5710 νῦν
1751 5658 1845 5728 ζη-

352 5770 366 5800 ι
408 5750 678 5815 τήσωμεν,
699 5747 796 5801 ἐὰν
823 5747 1186 5818 τοποτηρηταὶ
1205 5747 1301 5817 τῆς
1328 5744 1642 5819 Νουμηδίας
1676 5767 1846 5822 παρε-

1942 4587 1959 4618 ι
1991 4569 2274 4636 episcopus
2298 4567 2430 4620 dixit
2459 4583 2471 4616 :
2499 4564 2699 4617 llorum
2723 4567 3040 4630 scriptorum
3069 4571 3350 4615 contextus
3370 4560 3509 4613 actis

1940 4675 1959 4708 ι
1991 4655 2363 4724 coniungatur.
2393 4657 2465 4710 De
2496 4655 2703 4725 Byzacii
2734 4653 2999 4722 episcopis
3025 4652 3285 4706 Nimidius
3304 4651 3514 4720 episco-

1943 4767 1960 4799 ι
1995 4762 2091 4815 pus
2113 4748 2241 4801 dixit
2272 4765 2284 4800 :
2315 4744 2804 4800 Animadvertimus
2826 4744 3121 4797 coufratres
3140 4752 3192 4795 et
3232 4744 3512 4810 cocpiscm

1945 4851 1964 4884 ι
1994 4846 2086 4901 pos
2104 4843 2314 4886 nostros
2342 4831 2733 4902 Byzacenorum
2756 4831 3046 4900 provincia:
3092 4839 3144 4884 et
3176 4830 3512 4884 Mauritania:

1947 4925 2268 4979 cSitifensis
2324 4925 2389 4978 ad
2441 4925 2701 4994 synodum
2767 4924 2966 4991 legatos
3054 4923 3310 4977 misisse:
3373 4936 3511 4974 nunc

1947 5035 1964 5066 ι
2005 5031 2306 5085 quaeramus
2333 5032 2397 5068 an
2427 5014 2580 5086 legati
2609 5012 2872 5068 Numidiae
2902 5023 3264 5076 accesserunt,
3286 5012 3370 5065 vel
3390 5011 3513 5064 Tri-

1947 5127 1964 5158 ‹
1999 5109 2248 5175 politauae
2311 5107 2517 5160 scilicet
2551 5107 2803 5176 regionis,
2858 5104 2939 5157 vel
2971 5105 3130 5157 etiam
3193 5104 3516 5160 Caesarianae

1951 5218 1968 5249 ι
2001 5199 2354 5253 Mauritaniae.
2379 5196 2451 5250 De
2477 5196 2814 5250 Mauritania;
2840 5191 3107 5248 Sitifensis
3128 5193 3390 5258 episcopis
3412 5191 3521 5243 Lu-

1954 5308 1972 5340 ι
2009 5290 2199 5342 cianus
2228 5298 2280 5342 et
2313 5285 2580 5356 Sylvanus
2609 5285 2847 5353 episcopi
2878 5282 3212 5337 Mauritaniae
3244 5281 3517 5336 Sitifensis

1953 5397 1971 5429 ι
2009 5379 2246 5448 regionis
2279 5378 2439 5446 legati
2469 5378 2714 5431 dixerunt
2743 5391 2755 5426 :
2793 5373 2927 5430 Sero
2951 5377 3015 5428 ad
3075 5374 3268 5426 fratres
3302 5383 3516 5427 nostios

1953 5489 1971 5522 ι
2003 5469 2321 5524 Caesariana)
2374 5467 2628 5538 synodica
2670 5466 2895 5536 epistola
2931 5465 3194 5535 pervenit,
3227 5477 3515 5534 postquam

1957 5580 1975 5614 ι
2008 5561 2082 5614 illi
2113 5559 2325 5614 venturi
2351 5566 2550 5623 erant;
2602 5557 2827 5612 omnino
2872 5567 3049 5610 tamen
3080 5557 3335 5611 venient:
3371 5563 3422 5606 et
3454 5553 3520 5608 do

1956 5671 1974 5702 ι
2008 5667 2193 5706 eorum
2225 5653 2419 5708 animis
2466 5652 2811 5717 conﬁdimus,
2863 5651 3006 5722 quod
3040 5651 3087 5709 si
3120 5653 3247 5720 quid
3285 5664 3518 5718 unquam

1959 5763 1974 5796 ι
2009 5744 2060 5800 in
2094 5744 2194 5801 hac
2230 5744 2434 5814 synodo
2483 5745 2593 5808 fiet,
2629 5744 2730 5801 iesi
2760 5758 2972 5800 auoaue
3001 5743 3120 5798 sine
3155 5740 3315 5795 dubio
3342 5755 3522 5795 asseu-
