4002 6314
526 349 632 409 32Ί

1786 342 2060 405 ΤΠΕΟῙ).
2112 340 2515 402 BALSAMON

3659 344 3762 405 324

602 464 786 520 «ιιιιιι,
814 464 871 509 ιιι
925 456 991 511 iis
1024 456 1278 523 etiam“,
1337 455 1426 523 qui
1484 454 1671 509 nolunt
1733 456 1836 508 dici
1899 455 2095 508 fratres

2278 471 2294 501 ι
2336 450 2573 511 οὼσεως.
2625 449 2995 517 Ἐπιστάμεοα
3050 450 3157 519 γὰρ
3235 454 3333 521 τὴν
3391 452 3618 520 ἀγάπην
3667 455 3761 505 τοῦ

598 565 617 597 ι
650 547 817 601 nostri
844 547 1125 605 dicamus:
1158 548 1376 602 Fratres
1406 546 1573 601 nostri
1603 546 1759 602 estis.
1792 544 1939 599 Hanc
1962 558 2089 614 ergo

590 652 609 685 ι
642 645 881 691 nostram
909 652 974 690 ex
1012 637 1235 703 pacifica
1283 622 1572 689 dilectione
1604 634 1669 687 ad
1703 648 1797 688 vos
1849 634 2092 703 proﬁcis-

602 742 619 773 ι
652 734 859 778 centem
917 727 1339 779 admonitionem
1388 738 1485 791 pro
1533 723 1706 776 nihilo
1759 722 1954 776 ducere
1982 737 2088 774 non

604 833 622 863 ι
654 813 898 879 debetis;
953 823 1005 867 ut
1036 817 1079 868 si
1118 816 1242 883 quid
1275 829 1371 868 nos
1397 814 1642 867 veritatis
1672 812 1870 866 habere
1898 811 2089 865 existi-

602 922 620 953 ς
652 906 833 968 matis,
864 905 915 957 id
950 921 1189 959 asserere
1219 908 1305 959 'ne
1335 905 1587 959 dubitetis
1616 923 1629 959 :
1684 905 1734 957 id
1770 913 1873 963 est,
1922 911 1979 955 ut
2002 918 2093 955 ve-

598 1014 615 1043 ι
652 1004 760 1047 stra
794 1005 975 1047 coacta
1032 997 1236 1064 synodo
1280 995 1492 1063 eligatis
1520 1009 1585 1047 ex
1619 994 1769 1046 Vobis
1798 993 1944 1060 ipsis,
1976 992 2094 1060 qui-

608 1102 624 1132 ι
659 1086 759 1137 bus
782 1094 971 1137 vestra:
1000 1084 1266 1146 ejusmodi
1292 1098 1468 1137 causae
1500 1083 1788 1150 probanda:
1822 1082 2090 1150 negotium

598 1192 617 1222 ι
647 1174 911 1226 conuuitti
963 1174 1191 1238 debeat;
1248 1182 1306 1227 ut
1352 1189 1449 1227 nos
1498 1189 1717 1240 quoque
1769 1174 1869 1224 hoc
1917 1173 2088 1239 ipsum

603 1282 619 1311 α
654 1265 831 1314 facere
863 1264 1133 1330 possimus
1163 1272 1216 1316 et
1260 1279 1324 1317 ex
1363 1275 1543 1317 nostra
1573 1264 1779 1331 synodo
1803 1263 2088 1330 eligantur,

600 1372 617 1403 ‹
648 1354 735 1419 qui
769 1353 963 1406 debent
993 1368 1113 1406 cum
1166 1354 1250 1417 iis,
1284 1356 1376 1422 qui
1410 1368 1471 1407 ex
1509 1354 1660 1407 vobis
1684 1354 1837 1406 electi
1872 1354 2093 1417 fuerint,

605 1458 621 1488 ι
663 1450 863 1495 statuto
910 1440 1027 1494 loco
1056 1452 1109 1495 et
1162 1450 1424 1509 tempore,
1474 1444 1729 1512 quidquid
1780 1458 1842 1497 ex
1872 1456 2093 1497 contro-

596 1549 613 1581 ι
648 1534 856 1596 versiae,
907 1534 1045 1600 quod
1098 1543 1339 1590 nostram
1388 1548 1418 1587 a
1452 1534 1601 1588 vobis
1652 1535 2089 1588 communionem

608 1640 625 1670 ι
658 1632 891 1689 separat,
946 1624 1166 1689 pacilice
1215 1625 1553 1688 examinari;
1609 1633 1663 1677 et
1726 1625 1939 1678 tandem
1994 1625 2091 1675 ali-

598 1730 614 1758 ι
652 1713 865 1778 quando
888 1714 1086 1766 auxilio
1118 1712 1324 1766 Domini
1346 1714 1436 1767 Dei
1460 1716 1625 1767 nostri
1654 1717 1906 1781 antiquus
1941 1731 2093 1767 error

596 1818 613 1848 ι
651 1800 807 1853 finem
868 1803 1115 1870 acripiat,
1166 1817 1234 1855 ne
1290 1803 1474 1870 tttique
1544 1816 1762 1871 propter
1811 1804 2085 1856 hominum
2128 1783 2166 1835 Β

596 1911 611 1939 ι
647 1892 1046 1956 persuasionem
1080 1893 1360 1946 imbecilla:
1408 1894 1601 1947 animae
1627 1906 1681 1948 et
1732 1895 1964 1963 imperiti
2013 1910 2095 1963 po-

604 2000 621 2029 ι
656 1982 760 2047 puli
813 1982 1070 2049 sarrilrga
1126 1984 1303 2050 aliqua
1358 1986 1697 2052 separatione
1747 1994 1991 2053 pereant.
2041 1984 2097 2037 Si

609 2092 625 2120 ι
661 2074 759 2125 hoc
804 2073 944 2123 enim
997 2072 1231 2127 fraterne
1280 2076 1627 2139 admiseritis,
1686 2077 1890 2130 veritas
1940 2075 2100 2127 facile

604 2183 619 2211 ι
655 2164 973 2230 apparebit:
1022 2164 1103 2217 sin
1154 2164 1205 2215 id
1238 2164 1417 2219 facere
1466 2167 1769 2229 nolueritis,
1814 2165 2099 2218 infidelitas

608 2273 625 2303 ‹
661 2265 834 2307 vestra
858 2254 1039 2305 statim
1070 2264 1443 2321 roguosretur.
1473 2255 1537 2309 Et
1564 2272 1685 2309 cum
1716 2257 1933 2309 recitata
1958 2266 2100 2310 esset

615 2364 629 2390 ι
667 2344 778 2395 brec
818 2343 1009 2404 forma,
1047 2342 1112 2395 ab
1142 2344 1394 2397 omnibus
1446 2346 1713 2412 episcopis
1743 2346 1941 2399 dictum
1974 2356 2097 2401 est:

608 2451 622 2479 ι
657 2430 763 2483 lloc
801 2431 954 2483 valde
982 2432 1193 2498 placet.
1227 2433 1335 2486 fiet.
1374 2434 1436 2485 Et
1467 2437 1900 2502 subscripserunt
1932 2453 1945 2487 :
1984 2436 2098 2488 Au-

614 2539 629 2568 I
674 2520 834 2572 rclius
870 2522 1155 2588 cpiscopus
1187 2520 1627 2591 Carthaginiensis
1655 2524 1915 2588 ecclesiae,
1954 2541 2095 2593 pra:-

611 2628 627 2658 ι
658 2611 797 2661 senti
828 2611 1039 2663 decreto
1068 2614 1311 2665 consensi
1342 2626 1396 2666 et
1429 2614 1564 2667 lecto
1593 2616 1909 2683 subscripsi.
1934 2616 2097 2669 Simi-

615 2717 631 2747 I
669 2699 786 2752 liter
824 2710 875 2753 et
927 2689 1116 2768 reliqui
1150 2702 1387 2769 episcopi
1420 2704 1877 2773 subscripserunt.
1913 2727 1933 2756 ι

611 3264 627 3294 ι
660 3243 781 3299 llaec
826 3244 1059 3313 synodus
1112 3246 1371 3301 adversus
1429 3247 1734 3305 Donatistas
1784 3253 1991 3322 legatos
2037 3258 2103 3309 ad

543 3355 558 3383 ‹
594 3338 941 3403 imperatores
979 3336 1126 3389 misit
1154 3354 1167 3389 :
1200 3338 1502 3395 clarissimo
1529 3342 1836 3411 imperatori
1872 3344 2105 3401 Honorio

542 3438 560 3471 ι
592 3425 831 3491 Augusto
886 3434 1094 3478 sextum
1147 3428 1354 3481 consuli
1402 3430 1467 3483 Α.
1526 3432 1582 3484 D.
1640 3446 1793 3487 sexto
1843 3434 2107 3490 Kalendas

543 3528 562 3561 ι
593 3512 763 3567 Julias
795 3515 1138 3583 Carthagine;
1174 3516 1227 3569 in
1262 3520 1491 3573 ecclesia
1544 3521 1782 3577 Basilica!
1814 3525 2101 3579 Secundae.

541 3623 558 3651 ‹
594 3607 645 3655 lu
682 3606 784 3656 hac
823 3608 1027 3673 synodo
1060 3606 1385 3675 legationem
1437 3624 1791 3680 susceperunt
1845 3613 2104 3669 Theasius

541 3714 559 3743 ι
592 3693 902 3749 etEvodius
932 3695 1187 3749 adversus
1239 3696 1565 3766 Donatistas,
1620 3700 1679 3754 In
1743 3718 1846 3772 qua
1897 3706 2105 3774 synodo

542 3804 561 3835 ς
598 3786 953 3852 compositum
985 3795 1068 3838 cst
1098 3788 1599 3845 commonitorium.
1623 3808 1641 3841 ι

610 4066 795 4120 BALS.
835 4068 941 4121 Nec
965 4083 1050 4132 ea,
1079 4084 1196 4137 quas
1218 4081 1344 4124 sunt
1367 4071 1418 4125 in
1444 4077 1691 4140 praesenti
1728 4074 2101 4146 collocatione;

541 4158 977 4224 interpretatione
1005 4160 1262 4227 indigent.
1290 4161 1363 4215 De
1395 4161 1686 4219 Donatistis
1713 4167 1858 4219 enim
1892 4171 2101 4236 specia-

539 4257 639 4298 ltnt
677 4258 817 4299 sunt.

617 4335 864 4391 ZUNAR.
902 4337 1229 4392 Postulatum
1279 4348 1380 4405 est,
1414 4352 1471 4395 ut
1521 4357 1605 4407 ea,
1642 4360 1759 4413 qua:
1786 4362 1880 4412 per
1907 4348 2105 4415 legatos

548 4426 839 4481 Donatistis
863 4438 1017 4480 erant
1045 4431 1424 4495 denuntiauda,
1450 4433 1498 4485 in
1532 4437 1735 4501 synodo
1765 4438 2101 4503 legerentur;

544 4534 663 4583 qua:
697 4520 910 4585 quidem
943 4530 1101 4587 prout
1131 4536 1159 4573 a
1190 4521 1378 4589 legatis
1432 4526 1724 4592 pr0posita,
1759 4535 1915 4581 erant
1962 4531 2103 4597 ejus-

548 4607 705 4664 modi.
739 4608 817 4661 Ad
854 4623 945 4661 vos
976 4610 1219 4678 inquiunt
1252 4614 1579 4678 authentico,
1634 4617 1735 4668 hoc
1764 4627 1865 4681 est,
1918 4631 2103 4673 aucto-

546 4695 701 4748 litate
732 4709 761 4748 a
797 4697 998 4764 synodo
1042 4712 1284 4768 accepta,
1335 4703 1725 4767 proficiScimur
1776 4722 1869 4759 vos
1903 4723 2103 4763 conve-
2150 4768 2151 4771 η

542 4785 663 4836 nire
697 4786 992 4852 cupientes,
1022 4796 1080 4840 ut
1132 4788 1197 4841 de
1228 4801 1403 4843 vestra
1436 4795 1811 4848 emendatione
1839 4796 2100 4851 laztamur.

542 4870 761 4927 Scimus
791 4890 1019 4945 namque
1052 4878 1237 4932 beatos
1270 4880 1477 4936 Domini
1530 4898 1679 4949 voce,
1735 4888 1882 4952 pacis
1928 4890 2103 4941 cousi-

544 4962 763 5016 liatorcs
800 4966 1085 5020 nominari.
1141 4967 1205 5020 Et
1254 4973 1499 5036 quamvis
1550 4972 1744 5029 fratres
1800 4978 1968 5031 nostri
2001 4979 2104 5032 dici

542 5052 750 5116 nolitis,
784 5071 813 5105 a
846 5054 1004 5109 nobis
1054 5070 1407 5125 separantes;
1456 5059 1654 5117 fratres
1688 5065 1785 5133 ipsi
1840 5068 2107 5121 nihilomi-

547 5156 648 5194 nus
680 5159 772 5196 vos
804 5145 1155 5213 appellamus.
1209 5150 1568 5213 Quamobrem
1623 5165 1859 5208 uostram
1908 5158 2044 5210 hanc
2076 5174 2103 5209 a

546 5232 830 5288 dilecttone
858 5236 1148 5303 profeczam
1185 5240 1624 5308 admonitionem,
1674 5261 1777 5312 qua
1810 5248 2012 5300 scilicet
2045 5262 2106 5301 ea

550 5324 604 5376 in
632 5325 826 5392 quibus
842 5326 1052 5395 decepti
1077 5330 1226 5391 estis,
1256 5336 1525 5389 memoria:
1552 5346 1741 5389 vestra:
1771 5339 2105 5406 subiicimus,

552 5428 617 5465 ne
649 5417 1011 5483 comemnite;
1062 5434 1243 5475 verum
1279 5422 1379 5475 sia
1427 5423 1577 5478 vobis
1626 5436 1770 5480 stare
1824 5430 2103 5481 veritatem

551 5504 865 5573 iulelligitis:
898 5508 1012 5575 ejus
1062 5525 1156 5565 vos
1186 5526 1399 5583 quoque
1450 5527 1743 5571 sectatores
1794 5533 1855 5571 ac
1909 5534 2102 5586 propu-

636 5675 699 5714 '"
738 5683 929 5739 Matth.
958 5700 1007 5747 ν,
1046 5686 1096 5738 7.

2280 558 2296 588 ι
2334 539 2538 606 Κυρίου
2575 537 2820 598 εἰπόντος
2847 550 2861 566 ⁸
2924 554 2940 587 t
2971 539 3243 607 Μακάριοι
3298 542 3346 592 oi
3406 541 3761 608 εἰρηνοποιοι,

2283 649 2299 677 ι
2341 630 2421 682 ὅτι
2453 629 2728 680 σύτοὶυίοὶ
2750 627 2882 680 Θεοῦ
2904 629 3313 698 κληθήσονται.»
3373 631 3683 698 ’Υπὲμνησε
3706 631 3765 682 δὲ

2275 742 2292 772 ι
2334 725 2423 772 καὶ
2452 722 2540 772 διά
2607 720 2701 773 τοῦ
2732 724 3032 789 προφήτου,
3079 722 3219 773 ὥστε
3262 723 3340 774 ἔτι
3373 723 3479 792 μὴν
3511 725 3603 776 καὶ
3650 725 3768 784 τοῖς

2276 828 2294 860 σ
2338 810 2411 879 μὴ
2438 810 2783 878 βουλομένοις
2812 810 3062 875 λέγεσθαι
3090 810 3338 878 ἀδελφοῖς
3376 812 3551 880 ἡμῶν,
3585 812 3767 877 λέγειν

2277 920 2294 950 ‹
2337 902 2499 969 ἡμᾶς,
2531 919 2550 950 ι
2579 901 2797 967 ἀδελφοὶ
2828 901 2985 969 ἡμῶν
3013 902 3188 955 ἐστε.»
3226 902 3448 971 Ταύτην
3469 904 3645 955 τοίνυν
3668 902 3773 969 τὴν

2277 1009 2295 1041 ‹
2356 991 2415 1054 ἐξ
2440 993 2660 1057 ἀγάπης
2688 992 2968 1059 εἰρηνικῆς
2990 993 3291 1061 ἐρχομένην
3314 994 3771 1061 ἡμετέρανάνάμ-

2292 1099 2310 1129 ι
2346 1098 2499 1148 νησιν
2525 1082 2871 1148 ἐξουθενῆσαι
2892 1082 2990 1132 οὐκ
3010 1082 3271 1147 ὀφείλετε.
3304 1083 3408 1141 ἵνα,
3438 1086 3529 1135 ἐὰν
3554 1084 3604 1134 τί
3632 1098 3771 1134 ποτε

2296 1193 2311 1220 ι
2350 1171 2601 1240 ἀληθείας
2620 1171 2762 1239 ἔχειν
2779 1173 2924 1238 ἡμᾶς
2946 1170 3151 1237 οἴησθε,
3169 1172 3544 1225 ἀντιλαϐέσθαι
3576 1172 3769 1224 τούτου

2277 1282 2295 1312 ι
2337 1264 2409 1331 μὴ
2428 1262 2771 1330 ἁμφιὸάὶητε
2791 1278 2804 1291 ο
2824 1260 2969 1312 τοῦτ’
2988 1262 3152 1324 ἔστιν,
3173 1262 3255 1313 ἵνα
3280 1262 3776 1331 συναχθείσηςξσυνι·

2280 1376 2298 1407 ι
2338 1356 2457 1408 όδου
2514 1354 2665 1419 ὑμῶν
2704 1353 3039 1418 ὲπιλέξοισθε

2284 1464 2299 1495 ι
2338 1444 2655 1509 ὀφείλοντας
2676 1445 2736 1495 τὸ
2762 1445 2991 1512 πρᾶγμα
3009 1444 3435 1511 ὲμπιστευθῆναι
3462 1445 3562 1511 τῆς
3578 1444 3774 1498 τοιαύο

2278 1555 2294 1585 ε
2335 1553 2434 1604 της
2467 1536 2620 1604 ὑμῶν
2653 1537 3047 1603 δικαιολογίας·
3077 1539 3227 1599 ὅπως
3252 1539 3347 1591 καὶ
3394 1540 3554 1606 ἡμεῖς
3602 1540 3773 1605 δυνη-

2282 1647 2298 1677 ι
2339 1628 2521 1697 θῶμεν
2561 1628 2623 1680 τὸ
2672 1630 2802 1680 αὐτὸ
2861 1630 3117 1698 ποιῆσαι·
3184 1629 3327 1681 τοῦτ’
3378 1631 3523 1683 εστιν
3580 1631 3665 1683 ῖνα
3703 1630 3772 1681 ἐκ

2280 1742 2296 1770 ι
2332 1722 2429 1790 τῆς
2455 1721 2734 1790 ἡμετέρας
2764 1722 2983 1773 συνόδου
3028 1722 3354 1789 ὲπιλεγῶσιν
3382 1726 3430 1775 οἱ
3462 1724 3773 1789 ὀφείλοντες

2274 1830 2291 1861 ι
2334 1813 2471 1878 μετὰ
2502 1810 2610 1862 τῶν
2641 1810 2704 1873 ἐξ
2762 1811 2913 1879 ὑμῶν
2957 1811 3318 1877 ἐπιλεγέντων
3371 1814 3429 1864 ὲν
3478 1812 3773 1881 ὡρισμένῳ

2278 1922 2294 1952 ι
2333 1906 2483 1973 τόπῳ
2505 1904 2601 1955 καὶ
2630 1903 2809 1971 καιρῷ
2840 1904 2948 1953 πᾶν
2982 1902 3040 1953 τὸ
3061 1902 3158 1970 τῆς
3188 1901 3468 1971 ζητήσεως
3490 1905 3775 1971 ἐχόμενον,

2273 2014 2289 2042 ι
2331 1995 2391 2047 τὸ
2420 1996 2515 2064 τὴν
2548 1994 2823 2063 ἡμετέραν
2849 1994 2941 2061 ἀφ’
2976 1994 3131 2062 ὑμῶν
3166 1995 3448 2046 κοινωνίαν
3510 1995 3769 2065 χωρίζον,

2277 2106 2293 2135 ι
2332 2088 2621 2156 εἰρηνικῶς
2646 2087 2894 2150 ἐξετάσαι
2915 2102 2929 2116 ·
2950 2089 3044 2140 καὶ
3067 2088 3169 2139 κάν
3194 2087 3289 2155 ὀψέ
3312 2104 3437 2140 ποτε
3455 2089 3520 2157 τῇ
3550 2088 3778 2157 βοηθείᾳ

2275 2195 2292 2226 t
2333 2177 2425 2230 τοῦ
2460 2179 2668 2247 Κυρίου
2721 2178 2814 2231 τοῦ
2847 2178 2981 2231 Θεοῦ
3023 2181 3177 2247 ἡμῶν
3204 2179 3351 2239 τέλος
3380 2181 3415 2247 ἡ
3447 2179 3648 2231 παλαιά
3683 2181 3775 2232 δέ-

2276 2285 2291 2312 ι
2333 2264 2489 2330 ξηται
2524 2266 2721 2333 πλάνη,
2794 2268 3003 2337 μήποτε
3057 2267 3145 2318 διά
3198 2270 3403 2336 πεῖσμα
3466 2268 3775 2336 ἀνθρώπων

2279 2374 2296 2405 ‹
2336 2354 2582 2416 ἀσθενεῖς
2615 2356 2788 2425 ψυχαὶ
2825 2358 2917 2409 καὶ
2947 2356 3163 2425 ἄπειροι
3202 2357 3324 2409 λαοὶ
3361 2358 3625 2426 ίεροσῦλῳ
3659 2360 3775 2410 τινὶ

2275 2444 2538 2514 χωρισμῷ
2570 2445 2911 2497 ἀπόλωνται.
2957 2447 3085 2499 Ἐὰν
3141 2447 3247 2515 γὰρ
3282 2448 3437 2501 τοῦτο
3469 2447 3774 2515 ἀδελφικῶς

2278 2558 2296 2587 ι
2338 2538 2723 2606 καταδέξησθε,
2750 2538 2987 2608 εὐχερῶς
3012 2541 3043 2608 ἡ
3067 2538 3291 2609 ἀλήθεια
3343 2542 3772 2609 διαφανήσεταιο

2282 2654 2297 2679 ι
2338 2631 2462 2681 εἰδὲ
2487 2629 2641 2684 τοῦτο
2688 2632 2912 2696 ποιῆσαι
2973 2630 3047 2699 μὴ
3101 2630 3387 2698 θελήσητε,
3448 2634 3477 2699 ἡ
3540 2631 3775 2684 ἀπιστία

2276 2740 2293 2771 ι
2332 2722 2483 2789 ὑμῶν
2511 2721 2709 2781 εὐθέως
2749 2721 3204 2789 γνωρισθήσεται.
3230 2723 3339 2774 Καὶ
3398 2723 3774 2790 ἀναγνωσθει-

2279 2831 2295 2861 ι
2338 2828 2426 2872 τος
2455 2810 2547 2861 τοῦ
2582 2812 2821 2863 τοιούτου
2853 2812 3049 2871 τύπου,
3094 2812 3199 2863 ἀπο
3226 2813 3442 2865 πάντων
3494 2816 3601 2865 τῶν
3647 2814 3778 2865 ἑπι-

2280 2920 2295 2950 ‹
2337 2903 2557 2953 σκόπων
2576 2900 2767 2970 ἐλέχθη
2791 2916 2802 2927 ·
2835 2901 2981 2952 Πάνυ
3004 2900 3230 2971 ἀρέσκει
3252 2917 3265 2932 ⁸
3284 2902 3438 2954 τοῦτο
3458 2905 3774 2968 γενήσεται,

2281 3017 2296 3044 ι
2340 2994 2447 3046 Καὶ
2483 2992 2826 3061 ὑπέγραψαν.
2859 2992 3122 3059 Αὐρήλιος
3147 2991 3440 3052 ἐπίσκοπος
3468 2995 3567 3061 τῆς
3613 2994 3774 3061 Καρ-

2284 3106 2300 3136 (
2342 3084 2578 3155 χηδόνων
2653 3082 2949 3151 ἐκκλησίας
3012 3082 3088 3151 τῷ
3175 3083 3398 3151 παρόντι
3459 3084 3776 3152 ψηφίσματι

2286 3195 2303 3225 ‹
2348 3175 2629 3242 συνῄνεσα,
2696 3172 2791 3223 καὶ
2858 3173 3381 3238 παραναγνωσθέντι
3444 3174 3769 3241 ὑπέγραψα.

2285 3286 2301 3314 ι
2355 3265 2589 3333 Ὁμοίως
2623 3264 2717 3315 καὶ
2752 3262 2800 3315 οί
2843 3262 3022 3313 λοιποὶ
3050 3262 3338 3314 ἐπίσκοποι
3374 3263 3718 3332 ὑπέγραψαν,
3752 3284 3771 3315 ι

2278 3358 2425 3424 Λῧτη
2459 3358 2492 3423 ὴ
2523 3354 2738 3416 σύνοδος
2762 3356 2901 3407 κατὰ
2923 3354 3028 3405 τῶν
3060 3355 3394 3407 Δονατιστῶν
3432 3356 3781 3423 πρεσϐευτὰς

2214 3450 2345 3515 πρὸς
2383 3449 2506 3506 τοὺς
2544 3444 2953 3514 αὐτοκράτορας
2976 3444 3265 3497 ἀπέστειλε
3308 3445 3385 3512 τῷ
3445 3446 3782 3517 ἐνδοξοτάτῳ

2210 3538 2418 3607 βασιλεῖ
2456 3535 2700 3603 Ὀνωρίῳ
2735 3534 3027 3601 Αὐγούστῳ
3054 3536 3127 3605 τῷ
3161 3536 3305 3604 ἕκτῳ
3334 3536 3526 3605 ὑπάτῳ
3558 3541 3622 3605 τῇ
3666 3540 3779 3605 πρὸ

2210 3629 2266 3693 ’ἐξ
2304 3624 2593 3678 Καλανδῶν
2622 3623 2856 3676 Ἰουλίων
2889 3624 2945 3676 ἐν
2979 3626 3284 3695 Καρχηδόνι
3311 3628 3390 3685 εἰς
3416 3628 3513 3696 τὴν
3575 3629 3781 3697 ἐκκλη-

2209 3721 2328 3771 σίαν
2358 3720 2455 3787 τῆς
2488 3715 2770 3784 βασιλικῆς
2804 3716 3127 3780 Σεκούνδης.
3176 3717 3261 3768 Ἐν
3284 3717 3452 3786 ταύτῃ
3480 3720 3543 3787 τῇ
3570 3719 3779 3789 συνόδῳ

2213 3807 2626 3875 τοποτηρησίαν
2658 3806 2978 3870 ἀνεδέξαντο
3010 3806 3235 3868 Θεάσιος
3262 3807 3355 3860 καὶ
3386 3808 3597 3869 Εὑόδιος
3629 3813 3776 3863 κατά

2206 3898 2314 3950 τῶν
2344 3896 2709 3949 Δονατιστῶν.
2762 3895 2849 3947 Ἐν
2880 3890 2911 3966 ᾖ
2944 3897 3147 3964 συνόδῳ
3199 3899 3502 3968 συνετάχθη
3560 3917 3776 3969 κομμο-

2206 3990 2459 4056 νιτόριον.

2276 4079 2469 4130 ΒΑΛΣ.
2502 4078 2640 4131 Οὔτε
2662 4079 2731 4129 τά
2771 4080 2828 4129 ἐν
2860 4081 2925 4145 τῇ
2956 4079 3209 4149 παρούσῃ
3258 4079 3447 4149 ὁμιλία
3474 4082 3773 4150 ἑρμηνείας

2207 4171 2442 4223 δέονται.
2477 4170 2643 4222 ἰδικά
2674 4171 2777 4237 γάρ
2808 4172 2914 4221 εἰσι
2962 4170 3092 4240 περὶ
3126 4171 3487 4223 Δονατιστῶν.

3107 1355 3167 1417 ἐξ
3215 1354 3367 1421 ὑμῶν
3404 1354 3581 1407 αὐτῶν
3639 1355 3773 1417 τοὺς

2280 4343 2523 4395 ΖΩΝΑΡ.
2570 4341 2843 4411 Ἐξῃτήθη
2894 4342 3310 4411 ἀναγνωσθῆναι
3359 4344 3426 4411 τῇ
3456 4342 3676 4412 συνόδῳ.
3738 4346 3779 4399 ἃ

2213 4432 2581 4501 ὲνετάλθησαν
2620 4434 2795 4493 εἰπεῖν
2824 4434 2871 4483 οἱ
2911 4432 3309 4493 ἀποσταλέντες
3356 4433 3490 4501 πρὸς
3532 4434 3653 4494 τοὺς
3673 4436 3776 4486 Δο-

2212 4523 2491 4583 νατιστάς.
2534 4521 2616 4572 Τὰ
2643 4521 2697 4572 δὲ
2724 4514 2863 4588 ἦσαν
2887 4519 3131 4583 τοιαῦτα,
3165 4520 3238 4583 ὼς
3269 4520 3377 4573 ἀπὸ
3425 4521 3534 4573 τῶν
3584 4537 3765 4590 πρεσ-

2209 4614 2372 4665 ϐειῶν
2394 4614 2686 4682 λεγόμενα,
2718 4614 2799 4665 ὃτι
2834 4612 3214 4681 Συνερχόμεθα
3249 4614 3375 4681 ὑμῖν
3412 4612 3773 4677 αὑθεντικῶς,

2210 4708 2376 4775 ἤγουν
2413 4705 2657 4768 ἐξουσίας
2699 4704 2961 4765 λαϐόντες
2990 4702 3139 4772 παρά
3174 4704 3269 4770 τῆς
3303 4703 3546 4765 συνόδου,
3595 4719 3776 4771 προσ-

2208 4797 2465 4863 ομιλῆσαι
2499 4797 2627 4862 ὑμῖν
2660 4792 3075 4863 ἐπιθυμοῦντες,
3121 4794 3355 4862 χαρῆναι
3388 4794 3481 4844 ἐπὶ
3518 4797 3584 4863 τῇ
3631 4794 3781 4862 διορ-

2209 4886 2371 4938 θώσει
2400 4885 2573 4953 ὑμῶν.
2614 4884 2849 4952 Οἴδαμεν
2881 4884 2989 4951 γὰρ
3016 4882 3104 4933 τὸν
3139 4882 3341 4949 Κύριον
3396 4881 3776 4951 μακαρίζοντα

2208 4977 2336 5037 τοὺς
2365 4974 2760 5043 είρηνοποιοὺς,
2800 4974 2892 5024 καὶ
2925 4972 2998 5041 μὴ
3033 4972 3282 5033 θέλοντας
3311 4972 3452 5040 ὑμᾶς
3476 4971 3766 5024 καλεῖσθαι

2211 5068 2473 5134 ἀδελφοὺς
2510 5066 2688 5135 ἡμῶν,
2715 5066 2827 5116 ἀλλ’
2852 5064 3243 5133 ἀποσχίζοντας
3273 5065 3369 5131 ἀφ’
3405 5064 3582 5133 ἡμῶν,
3609 5065 3777 5133 ἡμεῖς

2210 5158 2444 5227 λέγομεν
2483 5156 2805 5225 ὂτιάδελφοὶ
2853 5157 3011 5225 ἡμῶν
3052 5156 3197 5208 ἐστε.
3252 5156 3344 5207 Διὸ
3385 5156 3462 5225 μὴ
3494 5154 3779 5223 ἐξουθενήο

2216 5266 2346 5319 σητε
2381 5250 2481 5318 τὴν
2532 5248 2591 5311 ἐξ
2643 5249 2863 5315 ἀγάπης
2916 5246 3198 5317 εἰρηνικὴν
3240 5246 3550 5312 ἀνάμνησιν
3593 5244 3778 5314 ἡμῶν.

2213 5339 2494 5392 τουτέστιν
2524 5338 2606 5393 ὅτι
2624 5338 3111 5407 ἀναμιμνήσκομεν
3133 5337 3273 5407 ὑμᾶς
3302 5338 3412 5389 τῶν
3440 5337 3777 5406 σφαλμάτων

2215 5431 2401 5498 ὑμῶν·
2438 5430 2554 5481 ἀλλ’
2591 5430 2684 5480 ἐὰν
2712 5428 2897 5499 οἴησθε
2933 5428 3191 5498 ἀληθείας
3229 5428 3472 5497 ἔχεσθαι,
3511 5428 3774 5495 ἀντιλαμ-

2215 5520 2473 5574 ϐάνεσθαι
2506 5518 2921 5588 ταύτης,ἧγουν
2975 5519 3487 5590 ὑπεραγωνίσασθαι
3544 5518 3641 5585 τῆς
3682 5534 3770 5569 νο·
