4002 6314
251 352 360 415 3‘25

1255 350 1333 408 IN
1355 350 1519 408 CAN.
1565 348 1733 408 XCVI
1770 347 1971 407 CONC.
2015 346 2390 408 CARTIIAG.

3374 343 3478 406 3‘26

261 453 564 526 μιζομένης
597 455 726 524 ὑμῖν
773 452 1028 524 ἀληθείας
1075 453 1148 523 μὴ
1205 454 1576 523 ἀμφισάλητε.
1614 453 1821 506 Ἐπιλέ·

1927 445 2168 521 gnatores
2197 453 2310 507 ﬁeri
2341 469 2409 508 ne
2441 453 2717 508 dubitetis.
2750 452 2977 520 Aliquos
3010 465 3168 521 porro
3198 466 3260 507 ex
3295 463 3478 506 vestro

256 544 428 608 ξασθε
452 544 512 596 δέ
565 561 720 606 τινας
774 542 837 607 ιε
884 543 1060 611 ὐμῶν,
1117 546 1242 607 τοὺς
1296 542 1815 611 διαλεχθησομένους

261 637 378 696 τοῖς
420 635 902 704 ὲπιλεγησομένοις
935 635 998 686 ὲκ
1031 634 1128 699 τῆς
1149 634 1423 702 ἡμετέρας
1449 631 1668 684 συνόδου
1691 632 1820 698 περὶ

255 721 368 776 τῶν
396 723 737 791 χωριζόντων
760 723 905 791 ὑμᾶς
942 724 1007 775 ἐκ
1039 723 1135 789 τῆς
1174 723 1330 791 ἡμῶν
1359 723 1642 785 κοινωνίας
1663 739 1677 756 ·
1707 723 1817 786 ῖνα,

259 814 365 864 κᾶν
399 812 654 880 ,βραδέως
689 811 840 873 τέλος
895 815 928 876 ἡ
983 812 1189 864 παλαιά
1235 811 1455 880 δέξηται
1491 813 1715 880 πλάνη.9
1744 815 1817 883 μή

259 916 395 952 ποτε
427 900 515 951 διὰ
547 901 753 966 πεῖσμα
788 901 909 968 ἦτοι
942 900 1029 952 διὰ
1057 900 1294 968 ματαίαν
1320 901 1570 952 ἔνστασιν
1609 901 1821 968 ἀνθρὼ-⁵

255 1005 379 1040 πων
434 988 744 1041 ἀπόλωνται
796 989 1042 1050 ἀσθενεῖς
1086 987 1257 1056 ψυχαὶ
1297 989 1389 1039 καὶ
1440 989 1658 1056 ἄπειροι
1700 987 1819 1039 λαοὶ

255 1077 505 1146 (ἄπειροι
532 1077 565 1147 η
592 1077 732 1129 κατὰ
768 1077 994 1145 πλῆθος,
1023 1077 1056 1146 ἦ
1084 1077 1151 1128 δι’
1169 1075 1446 1142 ἁπλότητα
1473 1077 1566 1129 καὶ
1597 1079 1818 1142 ἄγνοιαν

252 1164 353 1218 τοῦ
395 1165 584 1232 καλοῦ)
626 1163 981 1234 χωριζόμενοι
1023 1166 1124 1233 τῆς
1172 1166 1464 1234 καθολικῆς
1493 1165 1818 1233 Ἐκκλησίας

255 1254 520 1323 ἱεροσύλῳ
550 1255 836 1323 χωρισμῷ.
865 1255 938 1306 re
969 1255 1076 1324 γὰρ
1105 1253 1282 1322 ψυχὰς
1309 1253 1608 1322 ἀνθρώπων
1631 1296 1644 1314 ,
1677 1256 1818 1325 ἱερὸν

255 1345 430 1406 οὔσας
454 1345 550 1398 καὶ
577 1346 724 1399 θεῖον
765 1349 974 1414 χρῆμα,
997 1346 1333 1398 ἀπόλλυσθαι
1377 1348 1440 1398 εκ
1469 1345 1561 1397 τοῦ
1607 1363 1818 1415 χωρισ-

255 1437 363 1502 tto-3
397 1437 496 1505 τῆς
519 1437 1160 1506 καθώικῆςῈκκλητίας
1183 1437 1485 1504 ἱεροσυλίαν
1525 1436 1814 1498 ἐκάλεσαν,

250 1526 330 1588 ὡς
356 1527 706 1596 συλουμινων
753 1527 864 1579 τῶν
896 1528 1055 1597 ιερῶν
1091 1525 1277 1595 ψυχῶν
1312 1525 1466 1594 παρὰ
1522 1526 1631 1576 τῶν
1671 1528 1817 1579 άπα-

249 1615 478 1671 ιεώντων
505 1619 710 1679 αὐτάς·
743 1618 776 1687 ἢ
827 1619 913 1670 ὅτι
941 1617 1014 1686 μὴ
1051 1617 1191 1670 κατὰ
1221 1616 1320 1684 τὴν
1363 1615 1662 1683 παράδοσιν
1719 1618 1818 1683 τῆς

250 1705 588 1773 Ἐκκλησίας
617 1705 686 1758 τὰ
722 1707 843 1774 ἱερά
874 1705 1172 1773 μετιόντες,
1226 1704 1302 1765 ὡς
1333 1703 1389 1755 δὲ
1414 1703 1597 1764 αὐτοῖς
1627 1703 1819 1754 δοκοῦν

1927 556 2150 596 numero
2175 543 2467 610 designate,
2498 543 2587 612 qui
2621 558 2740 598 cum
2760 543 2978 601 delectis
3006 558 3034 598 a
3063 553 3241 597 nostra
3273 544 3477 613 synodo

1927 632 2342 699 congrediantur
2392 635 2562 700 deque
2593 633 2680 697 iis,
2728 647 2956 702 quorum
3009 647 3171 686 causa
3206 648 3235 685 a
3290 642 3472 686 nostra

1925 722 2300 776 communione
2341 723 2581 796 separati.
2627 723 2754 777 estis
2808 722 3220 790 colloquantur;
3266 734 3322 775 ut
3354 737 3480 777 ι’·το

1925 811 2170 878 quamvis
2222 811 2510 878 aliquando
2559 821 2733 866 tamen
2807 812 2962 864 linem
3023 812 3275 878 antiquus
3323 825 3478 864 error

1925 897 2185 965 accipiat;
2223 914 2287 955 ue
2321 909 2539 969 pr0pter
2581 902 2808 968 aliquos,
2855 900 3015 954 stulte
3045 901 3201 957 nimis
3234 916 3295 953 ac
3329 915 3472 968 prm-

1930 989 2096 1042 lracte
2139 1003 2248 1042 sue
2278 991 2550 1042 sententia:
2597 989 2908 1050 retinentes,
2949 988 3226 1045 imbecilla
3282 990 3476 1043 anima:

1928 1077 2212 1144 pOpttliqtte
2241 1077 2656 1132 innumerabiles
2687 1078 2912 1130 exitiose
2945 1079 3234 1139 perdantur
3262 1079 3474 1144 (quam—

1925 1166 2006 1220 vis
2038 1166 2192 1230 illud,
2221 1169 2438 1236 ἄπειροι
2470 1169 2605 1232 λαοί,
2639 1167 2720 1220 vel
2751 1173 2818 1223 ob
2868 1166 3262 1220 multitudinem
3317 1164 3475 1217 innu-

1926 1258 2228 1317 merabiles,
2261 1259 2340 1312 vel
2376 1259 2445 1312 ob
2475 1259 2874 1328 simplicitatem
2909 1271 2971 1310 ac
3021 1271 3206 1312 rerum
3262 1256 3474 1322 imperi-

1927 1346 2053 1398 tiam
2085 1347 2300 1414 intelligi
2334 1347 2518 1411 liceat)
2553 1352 2618 1400 ab
2668 1346 2918 1402 Ecclesia:
2951 1344 3226 1400 catholicae
3255 1358 3476 1397 consor-

1927 1434 2001 1486 tio
2059 1437 2318 1504 sacrilega
2398 1437 2734 1504 separatione
2809 1435 3076 1502 disjuucti.
3157 1433 3472 1492 Animorum

1924 1541 2157 1594 namque
2180 1527 2444 1594 jacturam
2483 1529 2570 1595 qui
2621 1527 2950 1582 sacrosancti
2987 1533 3131 1587 sunt,
3191 1526 3480 1592 diviuoque

1927 1629 2146 1668 munere
2201 1616 2401 1670 homini
2457 1619 2590 1680 dati,
2649 1629 2868 1684 prepter
2923 1617 3052 1670 illud
3112 1616 3179 1667 ab
3235 1614 3474 1667 Ecclesia

1927 1705 2188 1761 catholica
2223 1708 2522 1772 dissidium,
2553 1709 2817 1777 sacrilegii
2868 1707 3082 1759 nomine
3131 1707 3251 1772 jure
3298 1705 3477 1774 appel-

249 1791 394 1846 αὐτὰ
426 1793 787 1862 ψηλαφῶντες
843 1795 938 1846 καὶ
999 1793 1530 1862 μεταχειριζόμενοι,
1588 1785 1822 1843 συλῶσιν

1927 1791 2135 1856 lavere;
2166 1796 2305 1863 quod
2361 1811 2528 1849 sacra!
2555 1797 2747 1850 animae
2777 1796 2844 1850 ab
2872 1797 2994 1857 illis,
3046 1797 3136 1863 qui
3188 1809 3279 1848 cas
3335 1795 3477 1847 deci-

246 1880 416 1946 αὐτά,
446 1883 522 1952 μὴ
552 1883 827 1953 χρώμενοι
860 1885 1043 1945 αὐτοῖς
1095 1882 1238 1936 κατά
1286 1881 1349 1936 τὸ
1403 1882 1492 1934 τοῦ
1545 1883 1816 1935 Δεσπότου

247 1970 489 2042 θέλημα.
544 1973 602 2027 '0
647 1973 757 2045 γὰρ
811 1973 966 2044 παρὰ
1049 1970 1274 2041 γνώμην
1344 1974 1488 2034 τινὸς
1550 1971 1818 2039 ψηλαφῶν

248 2064 494 2143 πρᾶγμα
531 2063 695 2118 αὑτοῦ
727 2063 967 2132 κλέπτης
995 2063 1245 2134 κρίνεται
1279 2064 1391 2128 τοῖς
1421 2061 1522 2130 τῆς
1547 2063 1818 2124 πολιτείας

247 2153 500 2220 θεσμοῖς.

1923 1885 2074 1952 piunt
2121 1885 2275 1951 quasi
2331 1884 2471 1938 l‘urto
2518 1887 2948 1941 subtrahantur:
3006 1885 3089 1940 vel
3140 1886 3302 1937 etiam
3350 1883 3476 1950 quin

1923 1987 2109 2028 contra
2157 1975 2609 2030 ecclesiastisticze
2668 1979 2973 2031 traditionis
3041 1977 3340 2030 institutum
3391 1990 3478 2028 res

1922 2081 2108 2123 sacras
2139 2069 2478 2130 invadentes,
2509 2083 2710 2136 easque
2745 2084 2839 2135 pro
2869 2068 3091 2121 arbitrio
3139 2073 3477 2121 centrectan-

1926 2165 2007 2210 tes
2041 2167 2093 2209 et
2125 2155 2582 2221 administrantes,
2616 2172 2766 2212 sacra
2800 2157 3080 2223 diripiunt;
3127 2170 3248 2210 cum
3282 2168 3479 2222 nequa-

244 2257 411 2312 quam
439 2259 507 2300 ex
558 2247 767 2303 Domini
799 2248 1074 2303 voluntate
1123 2247 1254 2316 ipsis
1287 2256 1536 2309 utantur,
1583 2247 1898 2314 Quicunque
1961 2248 2105 2302 enim
2165 2257 2358 2318 prater
2451 2249 2651 2303 domini
2713 2249 3039 2304 voluntatem
3125 2246 3348 2302 alterius
3423 2261 3482 2298 re

246 2335 421 2386 utitur
495 2351 618 2390 eum
665 2337 809 2406 leges
870 2353 1082 2406 quoque
1112 2338 1294 2392 civiles
1327 2337 1452 2390 furti
1511 2351 1659 2389 reum
1690 2351 1808 2389 esse
1850 2336 2164 2400 decernunt.

240 2423 470 2477 ΑΡΙΣΤ.
505 2442 525 2475 ι
569 2425 722 2477 Ἰιτω
754 2425 821 2477 τὰ
853 2427 986 2494 πρὸς
1031 2428 1158 2489 τοὺς
1199 2427 1518 2487 Δονατιστάς
1558 2426 1821 2496 λεχθησό-

321 2533 340 2564 ι
391 2531 529 2583 μενα
559 2517 685 2567 τάδε
708 2534 722 2546 ο
760 2516 1160 2587 Ἐπιθυμοῦμεν
1187 2517 1417 2587 χαρῆναι
1452 2520 1541 2570 ἐπὶ
1576 2521 1642 2588 τῇ
1672 2519 1822 2587 ὑμῶν

319 2621 339 2653 ι
383 2603 668 2672 διορθώσει
701 2620 718 2635 ο
769 2605 1162 2676 ἐκελεύσθημεν
1213 2608 1320 2676 γὰρ
1372 2609 1464 2659 καὶ
1514 2608 1646 2676 πρὸς
1701 2610 1822 2670 τοὺς

325 2711 344 2743 ι
399 2695 476 2761 μὴ
505 2693 865 2761 ἀνεχομένους
920 2693 1058 2748 εἶναι
1113 2695 1268 2762 ἡμῶν
1316 2697 1578 2762 ἀδελφοὺς
1623 2695 1824 2762 λέγειν,

319 2803 338 2834 ι
401 2781 644 2850 ’Δδελψοὶ
672 2785 827 2852 ἡμῶν
857 2786 999 2836 ὲστε.
1037 2783 1125 2836 Διδ
1148 2785 1514 2854 συνερχόμεθα
1549 2785 1693 2853 ὑμῖν,
1736 2786 1829 2838 καὶ

319 2893 338 2925 ι
391 2875 900 2942 ὑπομιμνήσκομεν,
924 2875 1069 2925 ὠσὶν
1091 2876 1146 2928 εἴ
1161 2892 1278 2926 τινα
1291 2870 1655 2938 ’δικαιολογίαν
1682 2878 1824 2945 ἔχειν

317 2983 337 3016 ι
391 2963 940 3033 οῐεσθε.ὲπιλέξησθε
988 2965 1111 3026 τοὺς
1145 2963 1345 3034 ταύτην
1402 2968 1826 3035 πιστευθησομέ-

317 3072 337 3104 s
391 3070 516 3116 νους
547 3053 876 3120 ἀπαντῆσαι,
914 3053 1225 3119 ὀφείλοντας
1255 3056 1311 3107 ὲν
1337 3053 1624 3122 ὡρισμένῳ
1676 3055 1824 3123 τόπῳ

1926 2428 2092 2498 B29
2124 2428 2347 2486 ARIST.
2405 2449 2423 2482 ι
2471 2432 2599 2498 ροισι
2643 2430 2707 2483 ad
2743 2431 3045 2488 Deitatistas
3077 2426 3321 2495 legenda,
3368 2428 3480 2481 haec

2005 2539 2022 2570 ι
2059 2532 2186 2574 sunt
2212 2538 2225 2574 :
2249 2520 2436 2576 Vestra
2468 2525 2696 2588 candere
2727 2522 3058 2573 eorrect‘une
3087 2518 3236 2571 nobis
3267 2520 3317 2570 in
3347 2519 3482 2570 votis

2007 2626 2023 2656 ι
2065 2617 2187 2662 est:
2221 2610 2271 2660 in
2306 2611 2570 2661 utandutis
2609 2609 2748 2662 enim
2783 2609 3104 2675 aeerpimus,
3141 2617 3192 2656 ut
3226 2605 3288 2657 iis
3319 2603 3480 2657 etiam

2009 2714 2026 2744 s
2069 2699 2155 2764 qui
2207 2699 2376 2749 nostri
2419 2711 2540 2750 esse
2576 2697 2768 2749 fratres
2797 2710 2936 2764 aegre
2985 2695 3179 2757 lerunt,
3207 2693 3480 2750 dicamus.

2007 2803 2023 2833 ι
2067 2784 2262 2839 fratres
2292 2787 2458 2838 nostri
2488 2787 2635 2839 estis.
2676 2772 2780 2839 Vos
2807 2786 2991 2852 itaque
3021 2785 3390 2842 convenimus,
3427 2792 3483 2831 et

2007 2893 2023 2923 ι
2072 2878 2438 2937 admouemus,
2488 2885 2564 2937 ut,
2591 2877 2632 2930 si
2665 2892 2765 2942 qua
2799 2890 2974 2928 causa:
3008 2883 3198 2926 vestra:
3245 2871 3482 2923 delensio

2006 2982 2022 3013 ι
2067 2966 2214 3020 vobis
2246 2981 2522 3033 superesse
2555 2966 2817 3025 videatur,
2841 2963 3087 3031 deligatis
3115 2963 3344 3027 aliquos,
3364 2959 3481 3027 qui.

2006 3072 2023 3104 ι
2066 3054 2160 3107 bus
2188 3056 2574 3114 committatur.
2604 3056 2693 3121 qui
2723 3055 2774 3107 in
2813 3055 3062 3111 condicto
3101 3054 3216 3105 loco
3246 3061 3300 3103 et
3342 3060 3479 3108 tem-

317 3161 337 3193 s
383 3143 478 3194 καὶ
503 3141 680 3210 καιρῷ
711 3157 727 3174 ·
752 3116 806 3192 εἰ
836 3116 890 3193 at
918 3116 1012 3209 μῆ,
1048 3141 1080 3209 ἠ
1111 3141 1335 3193 ἀπιστία
1383 3116 1534 3210 optim
1577 3116 1822 3196 ίντεῦθεν

2002 3157 2020 3190 ι
2064 3154 2193 3207 pore
2226 3141 2437 3209 prodire
2477 3116 2678 3198 debent
2724 3158 2738 3193 :
2786 3141 3019 3208 alioquin
3067 3139 3349 3196 infidelitas
3390 3153 3483 3191 ve-

314 3251 333 3284 ι
391 3231 689 3301 γνωρισθῇ.
727 3249 747 3283 ι
777 3232 1004 3298 Σαφής.

846 3321 1085 3374 ΚΑΝΩΝ
1115 3323 1245 3386 HQ".

243 3431 260 3461 ι
315 3411 399 3465 Τὸ
424 3413 865 3482 κομμονιτόριον,
896 3411 1032 3480 ὅπερ
1061 3410 1252 3466 ἔλαϐον
1283 3412 1332 3463 οι
1359 3412 1499 3466 κατὰ
1527 3411 1636 3464 τῶν
1664 3419 1826 3466 Δονα-

317 3521 340 3554 s
391 3504 594 3556 τιστῶν
629 3501 982 3570 πρεσϐευταί.
1032 3501 1462 3571 Κομμονιτόριον
1517 3505 1630 3564 τοῖς
1676 3503 1826 3558 ἀδελ-

321 3609 342 3643 ⁶
396 3593 522 3659 φοῖς
549 3591 766 3660 Θιασίῳ
793 3591 887 3643 καὶ
919 3589 1138 3659 Εὐοδίῳ,
1171 3592 1282 3652 τοῖς
1339 3589 1633 3660 πεμφθεῖσι
1697 3609 1821 3661 πρε-

318 3701 338 3735 ι
389 3683 647 3746 σόευταῖς
677 3685 740 3734 ἐκ
768 3683 866 3752 τῆς
911 3684 970 3736 ἐν
1025 3682 1331 3752 Καρχηδόνι
1388 3682 1630 3746 συνόδου,
1690 3682 1825 3749 πρὸς

315 3791 337 3824 s
388 3774 520 3833 τοὺς
541 3773 917 3836 ὲνδοξοτάτους
972 3772 1068 3824 καὶ
1113 3771 1688 3840 θρησκευτικωτάτους
1724 3771 1825 3823 αὖ-

314 3882 335 3914 s
386 3863 750 3930 τοκράτορας.
789 3862 979 3914 Ἠνίκα
1031 3861 1129 3931 τὴν
1170 3860 1264 3912 τοῦ
1318 3861 1524 3929 Κυρίου
1571 3860 1822 3929 βοήθειαν

314 3970 335 4002 s
384 3953 502 4012 τοῖς
533 3950 948 4010 εὐσεϐεστάτας
976 3949 1330 4019 προσελθοῦσι
1368 3949 1665 4018 βασιλεῦσι,
1700 3950 1822 4002 τού-

315 4059 336 4091 ε
385 4040 933 4108 τοιςιμφανίσουσιν,
956 4039 1094 4107 ποίῳ
1127 4041 1310 4108 τρόπῳ
1353 4039 1532 4108 τελείᾳ
1581 4039 1616 4109 ἢ
1676 4042 1821 4109 παρ’

316 4149 337 4182 ι
397 4131 569 4199 ῥησία
601 4131 741 4182 κατὰ
768 4132 866 4198 τὴν
891 4129 982 4182 τοῦ
1028 4129 1300 4196 ἁνωτέρου
1323 4128 1571 4181 ἐνιαυτοῦ
1608 4128 1823 4180 σύνοδον

313 4242 333 4272 ι
382 4223 435 4273 οἱ
467 4219 839 4289 πρωτεύοντες
871 4220 978 4271 τῶν
1008 4219 1339 4272 Δονατιστῶν
1373 4221 1483 4281 τοῖς
1539 4219 1824 4288 πολιχνιω-

317 4330 339 4361 ι
390 4311 568 4369 τικοῖς
602 4308 1015 4378 πεπραγμένοις
1067 4308 1336 4362 συνελθεῖν
1381 4308 1819 4378 προετράπησαν,

315 4419 333 4450 ι
389 4398 499 4459 ἶνα,
525 4397 571 4448 εί
605 4397 898 4466 ιθάρῤουν,
928 4397 1022 4452 τοῦ
1067 4397 1264 4450 οἰκείου
1298 4398 1565 4464 δόγματος
1608 4397 1817 4453 ἀντιλι-
1847 4433 1899 4492 D

319 4511 339 4541 s
393 4487 607 4552 δέσθαι,
634 4487 996 4554 ἐπιλεγέντων
1019 4487 1179 4541 τινῶν
1209 4487 1408 4541 ίκανὼν
1430 4490 1492 4540 ὲκ
1529 4486 1624 4541 τοῦ
1655 4488 1818 4540 αὑτοῦ

315 4601 334 4632 ι
391 4579 652 4648 ἀριθμοῦ.
689 4579 806 4648 μεθ’
835 4579 996 4648 ἡμῶν
1017 4579 1304 4647 είρηνικῶς
1335 4579 1698 4646 ἀμφέὸαλλον,
1731 4584 1822 4631 καὶ

313 4691 333 4719 s
391 4669 693 4736 ἠμερότητι
732 4667 1090 4736 Χριστιανικῇ
1124 4665 1506 4733 ἀναμφιϐόλως
1530 4661 1674 4734 εῐχον
1706 4669 1821 4718 ἑπι-

313 4778 335 4809 s
384 4758 582 4821 δεῖξαι,
613 4757 668 4807 εῐ
690 4757 758 4818 Ιτί
796 4758 916 4810 ποτ’
969 4755 1223 4824 ἀληθείας
1257 4758 1523 4823 μετεῖχον,
1575 4756 1721 4816 ὅπως
1761 4758 1823 4807 ὲκ

315 4871 334 4900 ι
387 4850 579 4902 τούτου
607 4851 641 4918 ἡ
669 4846 929 4916 καθολικὴ
959 4847 1310 4916 εἰλικρινότης
1334 4885 1349 4908 ,
1383 4847 1416 4913 ἡ
1449 4845 1681 4900 ἔκπαλαι
1712 4850 1822 4910 τοῖς

312 4959 339 4991 s
383 4941 646 5007 ἀνωτέρω
670 4937 1022 5005 διαλάμψασα
1063 4936 1299 5006 χρόνοις,
1343 4937 1438 4986 καὶ
1479 4935 1574 4987 νῦν
1625 4938 1822 5005 ὁμοίως

318 5049 339 5081 s
395 5029 486 5080 διά
509 5029 605 5095 τῆς
632 5027 888 5096 ἀπειρίας
912 5026 1006 5077 καὶ
1035 5024 1345 5090 μονοτονίας
1378 5023 1486 5075 τῶν
1517 5023 1820 5090 ἀντιλεγόν-

313 5141 333 5174 s
387 5136 499 5172 των
550 5116 892 5186 ὲγνωρίζετο.
938 5115 1077 5166 Ἀλλ’
1109 5115 1296 5184 ἐπειδὴ
1353 5115 1410 5169 τὸ
1467 5114 1544 5184 μὴ
1605 5115 1822 5186 θαρρεῖν

317 5233 339 5266 ε
395 5210 701 5278 συνείχοντο
731 5207 940 5276 σχεδὸν,
988 5207 1136 5259 οὐδὲν
1171 5208 1475 5275 ὶτόλμησαν
1530 5208 1822 5276 ἀποκρίνα-

314 5323 336 5355 s
395 5301 545 5354 σθαι.
597 5298 686 5354 Διὸ
715 5297 1046 5366 ιπισκοπικὴ
1073 5297 1165 5349 καὶ
1201 5298 1448 5367 είρηνικὴ
1503 5299 1650 5361 τάξις
1697 5301 1822 5367 περὶ

314 5416 335 5448 s
385 5395 515 5455 τοὺς
550 5391 823 5450 τοιούτους
864 5388 1238 5459 πεπλήρωται,
1295 5392 1535 5445 κάκεῖνοι
1581 5396 1643 5461 τῇ
1689 5393 1821 5462 ἀλη-

315 5507 334 5538 s
392 5483 517 5551 θείᾳ
548 5480 621 5550 μὴ
652 5479 973 5548 δυνηθέντες
1005 5479 1390 5549 ἀποκριθῆναι,
1441 5482 1521 5543 εἰς
1586 5482 1818 5545 ἀτόπους

313 5595 334 5624 ι
391 5571 516 5640 βίας
565 5569 1035 5640 μετεστράφησαν,
1097 5567 1171 5630 ὡς
1226 5570 1448 5632 πολλοὺς
1497 5571 1820 5635 ἐπισκόπους

310 5684 329 5714 s
386 5660 482 5712 καὶ
515 5655 738 5720 πολλοὺς
770 5657 1080 5728 κληρικοὺς,
1125 5659 1209 5712 ἶνα
1235 5658 1292 5710 τὸ
1327 5661 1452 5729 περὶ
1480 5660 1586 5714 τῶν
1616 5660 1814 5714 λαῖκῶν

2003 3248 2020 3280 ι
2063 3241 2172 3286 stra
2202 3233 2396 3287 exinde
2427 3243 2620 3300 pateat.
2652 3252 2672 3284 ι
2708 3228 3041 3300 Ρινερὶειιιισ.

2464 3320 2692 3380 CANON
2726 3320 2908 3374 XCVI.

1933 3448 1950 3478 ι
1986 3430 2490 3496 Commonitorium,
2533 3435 2672 3500 quod
2711 3443 3038 3498 acceperunt
3079 3430 3240 3500 legati
3290 3440 3480 3484 contra

1953 3530 1968 3546 η
2001 3535 2019 3567 ι
2063 3516 2399 3570 Donatistns.
2427 3518 2909 3581 yommonitorium
2952 3516 3208 3579 l'ratibus,
3250 3514 3480 3570 Tneasio

2001 3624 2020 3657 s
2063 3615 2118 3660 et
2160 3604 2386 3670 Evodio,
2432 3609 2614 3661 missis
2644 3607 2834 3676 legatis
2875 3622 2905 3659 a
2948 3610 3148 3676 synodo
3193 3605 3478 3674 Carthagi-

1999 3715 2018 3747 s
2059 3698 2208 3750 nensi
2241 3697 2307 3750 ad
2334 3697 2664 3752 clarissimos
2689 3705 2741 3750 et
2770 3697 3209 3763 religiosissimos
3247 3696 3480 3762 impera-

2000 3803 2018 3832 s
2057 3795 2225 3838 tores:
2270 3783 2496 3849 Quando
2537 3785 2631 3838 Dei
2679 3784 2878 3837 auxilio
2934 3783 3000 3842 ad
3042 3783 3479 3850 religiosissimos

1998 3895 2016 3923 ι
2061 3875 2406 3943 imperatores
2436 3875 2790 3937 accesserint,
2821 3875 2899 3926 eis
2927 3873 3164 3941 aperiat,
3209 3873 3479 3940 quomodo

1998 3983 2016 4015 ι
2058 3965 2210 4032 plena
2236 3965 2483 4019 libertate
2507 3967 2556 4018 in
2579 3967 2874 4032 superioris
2907 3965 3030 4016 anni
3061 3963 3269 4032 synodo
3299 3965 3475 4016 Dona-

2000 4075 2017 4107 ι
2064 4056 2309 4109 tistarum
2344 4057 2599 4122 primates
2631 4072 2694 4109 ne
2725 4066 2841 4109 acta
2868 4055 3043 4108 civilia
3077 4054 3365 4108 convenire
3385 4056 3480 4108 ad-

1998 4163 2017 4194 ι
2059 4145 2246 4197 moniti
2283 4143 2452 4208 fuere,
2478 4155 2530 4197 ut
2562 4145 2605 4197 si
2639 4160 2792 4196 suum
2833 4145 3024 4211 dog-na
3066 4143 3201 4196 tueri
3240 4142 3475 4196 conlide-

1999 4251 2016 4280 ι
2061 4241 2199 4296 rent,
2227 4231 2497 4299 aliquibus
2525 4232 2730 4286 idoneis
2757 4247 2818 4283 ex
2850 4231 3036 4284 colem
3073 4243 3301 4283 numero
3326 4231 3473 4283 elec-

2003 4342 2022 4374 ι
2067 4324 2154 4388 tis,
2176 4324 2454 4377 nobiscum
2473 4323 2693 4391 pacifice
2721 4322 3129 4382 contenderent.
3150 4331 3204 4375 et
3225 4335 3474 4374 mansue—

2000 4434 2018 4466 ι
2061 4413 2246 4467 tudine
2285 4399 2590 4465 Christiana
2625 4411 2774 4464 nobis
2801 4411 2936 4463 citra
2964 4410 3356 4463 dubitationem
3385 4424 3473 4462 os-

1999 4523 2016 4555 s
2065 4505 2365 4563 tenderent,
2399 4501 2445 4554 sl
2483 4501 2612 4566 quid
2637 4500 2882 4554 veritatis
2913 4509 3197 4553 tenerent:
3234 4509 3285 4551 ut
3313 4514 3376 4552 ex
3410 4512 3474 4551 eo

1996 4612 2014 4644 s
2058 4592 2322 4647 catholica
2380 4591 2686 4652 siucerilas,
2743 4604 2862 4657 quae
2937 4587 3046 4656 jam
3117 4589 3244 4642 olim
3316 4604 3474 4654 supe-

2002 4699 2018 4729 s
2065 4680 2295 4732 rioribus
2324 4678 2499 4730 illuxit
2532 4678 2881 4745 temporibus,
2907 4692 3047 4728 ntme
3075 4689 3286 4744 quoque
3323 4678 3475 4730 sitni-

1995 4789 2012 4820 s
2052 4769 2175 4822 liter
2203 4782 2295 4837 per
2315 4767 2798 4820 contradicentium
2834 4765 3194 4834 ignorantiam
3219 4775 3271 4817 et
3298 4767 3476 4832 pervi-

2000 4880 2016 4909 s
2057 4860 2264 4914 caciam
2304 4865 2682 4924 cognoscatur.
2732 4855 2836 4908 Sed
2873 4855 2994 4922 quin
3039 4869 3144 4906 non
3187 4853 3321 4907 satis
3351 4854 3478 4906 lide-

2001 4967 2018 4998 s
2065 4948 2214 5010 bant,
2257 4946 2366 5000 fere
2393 4945 2523 4998 nihil
2579 4945 2692 4997 ausi
2745 4949 2870 4996 sunt
2906 4943 3245 5012 respondere.
3299 4943 3479 5008 Quare

2000 5057 2017 5088 s
2059 5036 2309 5105 quoniam
2344 5035 2645 5102 episcopale
2678 5042 2730 5088 et
2761 5032 3038 5101 paciﬁcum
3075 5034 3127 5085 in
3154 5047 3250 5087 eos
3287 5033 3476 5100 imple-

2001 5147 2018 5180 s
2060 5138 2169 5180 tum
2197 5135 2283 5182 est
2306 5125 2558 5186 cilicium,
2594 5135 2648 5179 et
2679 5124 2752 5177 illi
2775 5123 2986 5176 veritati
3013 5122 3335 5190 respondero
3371 5138 3474 5174 non

2000 5237 2018 5269 s
2064 5217 2346 5279 valentes,
2397 5215 2465 5268 ad
2520 5212 2881 5270 exsecrandas
2924 5211 3206 5266 violentias
3231 5215 3475 5263 conversi

1998 5327 2016 5360 ι
2054 5317 2202 5368 sunt,
2250 5306 2386 5359 adeo
2427 5316 2481 5358 ut
2509 5309 2706 5360 multos
2732 5306 3013 5374 episcopos
3040 5310 3092 5355 et
3132 5300 3329 5360 multos
3369 5299 3476 5356 cle-

2001 5414 2018 5445 s
2063 5396 2222 5457 ricos,
2252 5401 2308 5446 ut
2339 5394 2402 5446 de
2431 5393 2579 5445 laicis
2619 5402 2846 5453 taceam,
2895 5388 3106 5443 insidiis
3131 5385 3430 5454 appeterint
3453 5420 3470 5447 ,

2003 5503 2018 5534 ι
2060 5496 2114 5538 et
2139 5495 2390 5553 praeterea
2417 5483 2578 5536 etiam
2607 5483 2812 5550 aliquas
2857 5479 3115 5534 ecclesias
3147 5475 3478 5538 invaserint,

2002 5596 2020 5627 s
2059 5585 2110 5630 et
2140 5576 2274 5628 alias
2299 5574 2550 5628 invadere
2577 5574 2754 5626 conati
2795 5571 2902 5624 sint
2937 5589 2950 5623 :
2991 5583 3177 5624 eorum
3207 5576 3286 5620 est
3325 5564 3481 5618 dein--

2003 5685 2019 5718 ι
2061 5680 2185 5736 ceps
2242 5665 2590 5720 humanitatis
2622 5663 2926 5736 providere,
2991 5670 3047 5714 ut
3092 5656 3352 5712 catholica
3380 5653 3486 5709 Ec-
