4002 6314
1771 346 2049 406 TllEOD.
2099 345 2111 402 l

2255 347 2329 405 SA
2339 344 2498 403 ΜοΝ
3666 338 3780 401 323

2262 478 2278 504 ι
2329 457 3054 528 σιωπήσωμεν,ὲπι6ουλαῖ;
3102 457 3340 525 συσχεῖν,
3394 456 3486 506 καί
3546 472 3667 506 τισι
3729 452 3787 503 δὲ

2269 567 2285 598 ι
2334 548 2412 600 ἔτι
2446 549 2549 616 μὴν
2572 549 2891 617 ἐκκλησίαις
2927 548 3227 616 ἐπέϐησαν,
3258 548 3350 599 καὶ
3384 543 3573 607 ἄλλαις
3612 542 3791 595 ἐπι).-

2336 639 2448 692 Θεῖν
2472 642 2670 709 ὁμοίως
2703 643 3098 710 ἐπειράθησαν,
3123 641 3221 706 τῆς
3247 637 3423 690 αὐτῶν
3457 635 3788 704 φιλανθρω-

507 347 615 408 327

583 481 600 510 ι
641 461 823 520 clesia,
862 475 979 526 qua:
1011 474 1103 513 eos
1139 462 1226 529 pio
1258 461 1307 514 in
1341 462 1557 518 Christo
1606 472 1759 513 utero
1793 463 1996 528 genuit,
2027 469 2079 511 et
2109 459 2158 517 Α

583 572 598 601 ι
641 553 744 604 fide
771 552 1187 607 confirmatione
1222 555 1373 617 aluit,
1413 567 1598 606 eorum
1647 567 1858 620 quoque
1890 551 2069 620 previ-

588 661 604 690 ι
646 640 824 692 dentia
855 641 1159 704 muniatur;
1203 656 1266 693 ne
1293 641 1430 693 forte
1460 644 1688 693 audaces
1719 650 1770 694 et
1802 640 2070 692 temerarii
2268 660 2286 690 ι

587 751 600 780 ι
650 729 915 790 lioiniues,
945 733 997 781 in
1049 731 1310 798 religiosis
1336 747 1520 784 eorum
1567 732 1920 799 temporibus,
1959 742 2071 784 ter-

2268 751 2283 780 ι
2334 732 2462 794 πίας
2486 732 2670 785 λοιπόν
2705 735 3254 799 ὲστιπρονοῇσισθαι,
3285 731 3369 782 ἵνα
3411 732 3440 796 ἠ
3499 726 3789 796 καθολικὴ

586 841 601 868 ι
656 835 776 872 rore
803 820 984 886 aliquo
1017 825 1067 872 ln
1101 821 1268 873 bonos
1301 822 1526 890 populos
1559 823 1891 875 dominatum
1923 821 2070 874 obti-

2268 843 2284 872 ι
2334 823 2654 888 Ἐκκλησία,
2687 825 2718 892 ὴ
2757 825 2950 885 αὐτοὺς
2988 822 3357 890 θρησκευτικῇ
3383 818 3609 889 Χριστῷ
3646 833 3788 882 γεν·

581 930 599 959 ι
647 923 840 974 neant;
884 911 1137 979 quoniam
1172 927 1266 964 eos
1307 915 1690 979 persuadentes
1725 927 2072 980 corrumpere

2268 931 2285 963 ι
2332 916 2541 978 νήσασχ
2569 915 2786 984 γαστρὶ,
2818 915 2907 965 καὶ
2939 917 3002 982 τῇ
3031 911 3316 982 βεϐαώσει
3373 910 3474 978 τῆς
3526 910 3788 965 πίστεως

584 1021 600 1050 ι
643 1018 748 1054 non
803 1013 1046 1071 possunt.
1096 1001 1381 1069 Cognitum
1427 1006 1569 1056 enim
1603 1014 1706 1070 est,
1755 1015 1807 1058 et
1868 1006 2074 1072 legibus

2271 1021 2286 1051 ι
2329 1003 2662 1071 ἐκθρέτζκασα,
2691 1006 2754 1072 τῇ
2781 1003 2957 1054 αὐτῶν
2979 1003 3058 1052 ἐτι
3093 1001 3196 1069 μὴν
3224 1001 3443 1069 προνοίᾳ
3467 995 3737 1066 ὀχυρωθῇ
3769 1011 3784 1023 ·

581 1113 596 1142 ι
643 1109 780 1162 saepe
814 1096 1206 1161 proclamalur,
1251 1111 1492 1162 quamam
1536 1112 1748 1156 eorum,
1785 1098 1874 1163 qui
1919 1112 2074 1163 sepa-

2269 1114 2284 1143 ι
2337 1096 2544 1161 μήποτε
2583 1096 2872 1163 προπετεῖς
2919 1092 3190 1159 ἅνθρωποι
3238 1089 3467 1141 ἐπὶτῶν
3516 1085 3786 1139 εὐσεϐῶν

585 1201 602 1231 ι
648 1194 818 1235 ratam
866 1183 1066 1235 habent
1105 1186 1599 1251 congregationem,
1634 1188 1967 1236 exsecranda
2001 1182 2078 1235 fa-

2268 1203 2285 1234 ι
2334 1186 2512 1237 αὐτῶν
2550 1187 2754 1253 χρόνων
2785 1184 2932 1252 φόϐῳ
2955 1184 3058 1233 τινὶ
3089 1181 3196 1233 τῶν
3223 1180 3463 1233 ἀσθενῶν
3486 1177 3636 1229 λαῶν
3675 1193 3793 1228 κα-

585 1293 602 1322 ι
643 1274 750 1326 ciat
799 1275 1111 1338 multitudo,
1154 1291 1270 1342 qua:
1301 1277 1460 1326 etiam
1519 1293 1657 1343 saepe
1701 1276 2072 1341 prtedictornm

2268 1293 2283 1322 ι
2332 1273 2849 1325 ταδυναστεύσωσιν.
2896 1273 3108 1338 Ἐπειδὴ
3127 1266 3786 1328 ὑποπείθοντεςτούτους,

586 1382 603 1412 ι
647 1365 1173 1432 religiosissimorum
1231 1367 1612 1434 imperatorum
1656 1367 1889 1419 decretis
1946 1381 2076 1418 cou-

2268 1382 2284 1413 ι
2327 1364 2689 1430 ἀποφαυλίσαι
2707 1365 2767 1415 οὐ
2782 1364 3053 1416 δύνανται.
3084 1359 3509 1428 Ἔγνωσταιγάρ
3531 1358 3626 1410 καὶ
3642 1358 3789 1409 πολ-

587 1476 603 1505 ι
650 1456 901 1508 demnata
932 1467 1074 1509 sunt.
1112 1458 1383 1510 Adversus
1429 1475 1555 1523 ergo
1589 1460 1803 1510 illorum
1837 1459 2077 1512 insanias

2270 1476 2284 1504 ι
2335 1455 2489 1515 λάκις
2513 1458 2624 1516 τοῖς
2657 1456 2840 1524 νόμοις
2884 1454 3141 1506 ὲκϐοᾶται
3193 1451 3297 1504 τῶν
3343 1447 3787 1518 παρασυναγόνσ

585 1565 601 1594 ι
647 1561 932 1612 possumus
955 1548 1135 1599 divina
1162 1548 1358 1599 auxilia
1390 1550 1672 1615 consequi,
1707 1565 1808 1600 non
1847 1551 2075 1612 insueta,

2273 1565 2288 1594 ι
2339 1550 2515 1615 τωνή
2571 1547 2831 1614 pastum;
2893 1547 3120 1612 πληθὺς,
3170 1546 3297 1596 ποῖα
3350 1539 3782 1610 διαπράττεται,

588 1656 603 1684 ι
647 1643 754 1689 nec‘
779 1638 947 1691 aliena
979 1679 991 1701 ,
1027 1639 1116 1690 sed
1168 1655 1196 1690 a
1228 1640 1429 1690 sanctis
1474 1639 1768 1707 Srripturis
1802 1657 1814 1692 :
1862 1642 2076 1706 quando

2269 1656 2285 1685 (
2337 1636 2399 1687 ἇτ
2412 1654 2493 1688 ινα
2515 1638 2607 1687 καὶ
2643 1637 2897 1698 πολλάκις
2927 1639 3036 1697 τοῖς
3061 1634 3422 1695 θεσπίσμασιν
3448 1629 3629 1684 αὐτῶν
3659 1625 3786 1680 τῶν

587 1747 603 1777 ι
643 1726 841 1782 Paulus
873 1731 1173 1796 apostolus,
1210 1741 1266 1782 ut
1293 1730 1432 1781 veris
1459 1731 1826 1796 apostolorum
1858 1730 2076 1782 Actibus

2268 1747 2284 1776 ι
2337 1727 2735 1796 προλεχθέντων
2770 1726 3169 1778 εὐσεϐεστάτων
3199 1721 3611 1791 αὐτοκρατόρων
3673 1735 3788 1771 κα-

591 1839 605 1868 ι
647 1821 980 1873 declaratum
1009 1831 1108 1884 est,
1139 1821 1485 1874 insolentium
1521 1833 1571 1872 et
1604 1821 1948 1874 factiosorum
1984 1821 2081 1870 ho-

2264 1841 2280 1867 ι
2332 1818 2747 1884 τεδικάσθησαν.
2785 1817 2938 1869 Κατά
2990 1811 3082 1868 οὖν
3135 1816 3232 1881 τῆς
3276 1813 3496 1865 ἐκείνων
3565 1809 3787 1877 μανίας

586 1930 601 1959 ‹
647 1911 846 1962 ιιιίιιιιιιι
897 1913 1352 1979 conspirationem
1402 1912 1620 1964 militari
1669 1912 1870 1962 auxilio
1917 1912 2080 1977 depu-

2263 1929 2278 1957 ι
2327 1907 2605 1974 δυνάμεθα
2633 1907 2946 1975 συμμαχίας
2987 1906 3135 1966 θείας
3163 1905 3366 1972 τυχεῖν,
3395 1903 3494 1953 οὐκ
3555 1898 3780 1967 ἀήθους

585 2021 602 2050 ι
649 2003 727 2054 lit.
803 2001 912 2055 Nos
957 2019 1084 2071 ergo
1129 2005 1228 2055 hoc
1269 2003 1527 2070 petimus,
1583 2014 1641 2055 ut
1683 2004 2081 2056 universalibus

2262 2023 2278 2051 ι
2324 2002 2399 2061 δὲ,
2463 1999 2582 2052 οὐδὲ
2629 1999 2935 2066 ἀλλοτρίας,
2991 1996 3105 2049 ἀλλ’
3136 1997 3242 2048 ἀπὸ
3269 1996 3376 2048 τῶν
3407 1993 3577 2061 ἁγίων
3608 1990 3778 2058 Γρα-

585 2112 600 2138 ι
649 2091 1008 2144 Ecclesiarum
1059 2094 1360 2155 ordinibus,
1396 2094 1446 2145 in
1495 2107 1816 2159 unaquaque
1861 2094 2080 2146 civitate

2260 2111 2276 2139 ι
2322 2090 2436 2157 φῶν
2469 2104 2482 2118 ·
2509 2091 2708 2141 ὁπόταν
2738 2089 2944 2147 Παῦλος
2973 2089 2998 2137 δ
3023 2086 3340 2146 ἀπόστολος,
3368 2083 3441 2143 ὼς
3474 2084 3595 2143 ταῖς
3625 2081 3783 2147 ἀλη-

585 2202 600 2232 ι
645 2191 696 2234 ct
725 2183 774 2232 in
799 2181 1029 2235 diversis
1072 2183 1226 2243 locis,
1255 2184 1551 2234 vicinarum
1578 2197 1913 2250 quarumque
1957 2197 2078 2250 pos~

2259 2199 2276 2230 ι
2327 2179 2500 2239 θιναῖς
2531 2179 2772 2246 Πράξεσι
2801 2177 2906 2229 τῶν
2939 2175 3250 2228 ἀποστόλων
3293 2172 3610 2240 δεδήλωται,
3670 2168 3786 2236 τὴν

590 2288 606 2318 ι
653 2272 982 2336 δσεμὶοιιιιιιι,
1031 2271 1149 2324 sine
1193 2286 1342 2323 mora
1395 2274 1640 2325 custodia
1676 2281 1727 2324 et
1773 2273 2077 2338 prmsidium

2266 2290 2281 2319 ι
2329 2270 2631 2336 σύμπνοιαν
2689 2268 2796 2320 τῶν
2835 2269 3084 2321 ἀτάκτων
3130 2265 3458 2331 ἀπεκίνησεν
3517 2259 3781 2328 βοηθείᾳ.

586 2375 603 2406 ι
654 2361 976 2426 priebeatur.
1026 2360 1196 2412 Simul
1249 2361 1353 2413 hoc
1399 2376 1612 2428 quoque
1638 2361 1923 2428 petendum
1957 2370 2077 2421 est,

2262 2381 2276 2408 ι
2337 2360 2526 2426 ἸΙμεῖς
2565 2361 2744 2411 τοίνυν
2770 2358 2925 2410 τοῦτο
2957 2356 3237 2424 αἰτοῦμεν,
3269 2357 3353 2406 ἵνα
3398 2356 3515 2412 ταῖς
3542 2349 3784 2402 καθολι-

583 2468 600 2498 ι
645 2459 701 2501 ιιι
743 2450 909 2516 legem
951 2450 1109 2502 latam
1155 2465 1183 2502 a
1227 2453 1326 2519 piae
1369 2454 1642 2504 memoria:
1681 2466 1867 2505 eorum
1920 2450 2081 2503 Patro

2261 2469 2276 2498 ι
2325 2452 2444 2512 καῖς
2466 2451 2651 2514 τάξεσι
2680 2451 2788 2501 τῶν
2821 2448 3124 2516 ἐκκλησιῶν
3185 2446 3286 2499 ἀνὰ
3327 2445 3562 2510 ἑκάστην
3609 2441 3782 2493 πόλιν

590 2557 606 2587 ι
651 2539 980 2602 Theodosio,
1008 2540 1074 2593 de
1108 2542 1291 2595 decem
1341 2543 1491 2595 libris
1523 2543 1636 2594 auri
1672 2542 1936 2594 adversus
1967 2543 2077 2593 Ine-

2258 2560 2272 2588 ι
2321 2541 2420 2592 ἀνὰ
2477 2540 2762 2609 διαφόρους
2818 2540 3010 2598 τόπους
3060 2538 3168 2589 τῶν
3227 2534 3579 2602 γειτονουσῶν
3630 2533 3780 2585 ἑκά·

584 2649 599 2676 ι
643 2629 840 2682 reticos
886 2631 975 2695 qui
1019 2631 1272 2682 ordinant
1331 2642 1384 2685 et
1453 2633 1773 2684 ordinantur
1823 2643 2076 2692 servent;

2261 2650 2276 2679 ι
2323 2649 2460 2683 στων
2492 2633 2758 2696 κτήσεων,
2788 2630 3168 2698 ἀνυπερθὲτως
3189 2625 3556 2693 παραφυλακὴ
3581 2640 3779 2690 παρα·

583 2739 601 2768 ι
647 2727 908 2785 prartcrea
955 2733 1135 2774 autent
1170 2733 1223 2774 et
1250 2723 1506 2776 adversus
1540 2739 1900 2790 possessores,
1937 2726 2074 2790 apud

2262 2740 2278 2768 ι
2326 2723 2510 2790 σχεοῇ.
2545 2725 2693 2790 "Ap:
2723 2722 2814 2773 καὶ
2845 2721 3002 2773 τοῦτο
3034 2720 3142 2770 δεῖν
3178 2718 3421 2785 αἰτῆσαι,
3479 2715 3622 2767 ὥστε
3671 2715 3780 2764 τὸν

581 2828 597 2860 ι
647 2827 783 2879 quos
853 2811 1068 2864 illorum
1140 2813 1353 2865 inventa
1438 2812 1604 2866 fuerit
1684 2815 2071 2882 congregatio:

2261 2831 2276 2860 ι
2320 2813 2481 2880 νόμον
2532 2814 2621 2864 τὸν
2689 2812 2974 2864 ἐκτεθέντα
3034 2810 3182 2878 παρά
3233 2809 3324 2859 τοῦ
3373 2809 3469 2874 τῆς
3504 2802 3779 2864 εὐσεϐοῦς

579 2918 596 2949 ι
647 2900 841 2954 deinde
886 2902 965 2955 sic
995 2916 1114 2953 eam
1152 2902 1322 2970 legem
1381 2905 1969 2972 conlirmarijnbeant.
2019 2915 2076 2956 ut

2259 2921 2275 2950 ι
2329 2904 2551 2971 μνήμης
2585 2904 2820 2971 Πατέρος
2850 2902 3028 2954 αὑτῶν
3049 2898 3350 2961 Θεοδοσίου,
3380 2899 3468 2949 τὸν
3498 2897 3624 2964 περὶ
3653 2896 3775 2948 τῶν

578 3008 596 3040 ι
644 2991 904 3045 adversus
946 3007 1038 3046 eos
1081 2997 1292 3055 valeat,
1340 3005 1556 3062 propter
1586 3009 1813 3061 quorum
1851 2993 2076 3047 insidias

2260 3015 2276 3042 ‹
2326 2995 2455 3046 δέκα
2487 2994 2578 3045 τοῦ
2609 2993 2835 3064 χρυσίου
2856 2993 3076 3062 λιτρῶν,
3104 2992 3194 3044 τόν
3223 2991 3364 3043 κατᾶ
3387 2990 3495 3041 τῶν
3518 3004 3775 3057 χειροτο-

577 3097 598 3131 ι
642 3082 701 3144 ii,
750 3084 838 3149 qui
867 3086 1146 3137 catholica:
1177 3085 1429 3138 Ecclesize
1451 3100 1634 3138 curam
1656 3087 1934 3152 gerebant,
1984 3101 2077 3152 per
2104 3126 2111 3160 ε

2259 3104 2274 3131 ι
2323 3084 2555 3136 νούντων
2581 3086 2674 3136 καὶ
2707 3083 3201 3153 χειροτονουμένων
3244 3080 3533 3150 αἰρετικῶν
3590 3079 3776 3145 φυλά-

577 3190 592 3218 ι
637 3172 1006 3226 testimonium
1044 3175 1269 3240 depositi
1317 3187 1437 3228 sunt
1470 3193 1482 3237 ;
1531 3187 1586 3228 ut
1615 3177 1714 3229 hoc
1739 3177 1928 3229 saltem
1963 3186 2073 3228 ter-

2257 3194 2272 3224 ι
2321 3175 2502 3238 ξωσιν,
2537 3176 2615 3225 ἔτι
2656 3175 2760 3243 μὴν
2787 3174 2883 3225 καὶ
2930 3173 3076 3225 κιτά
3132 3173 3239 3224 τῶν
3301 3171 3576 3240 κτητόρων
3625 3167 3772 3237 παρ’

576 3277 595 3308 ι
640 3275 765 3314 rore
802 3277 828 3312 a
866 3262 1133 3316 faciendis
1161 3265 1569 3328 scbismatilms,
1616 3277 1667 3318 et
1701 3266 1766 3318 ab
1799 3267 2074 3319 haeretico-

2259 3285 2275 3315 ι
2321 3261 2401 3326 οἷς
2431 3268 2462 3334 η
2496 3266 2719 3316 ἐκείνων
2777 3264 2972 3333 εὑρεθῇ
3036 3262 3372 3329 συναγωγή·
3424 3255 3524 3311 εἷθ’
3582 3257 3770 3319 οὕτως

577 3369 592 3400 ι
635 3368 748 3404 rum
790 3353 1133 3421 improbitate
1173 3368 1412 3418 ceSsent,
1465 3359 1554 3422 qui
1603 3359 1791 3411 aeterni
1826 3357 2070 3426 supplicii

2257 3375 2272 3403 ι
2324 3356 2684 3424 βεϐαιωθῆναι
2717 3357 2804 3406 τὸν
2836 3353 3095 3415 τοιοῦτον,
3129 3345 3202 3404 ὧν
3244 3352 3332 3403 διὰ
3377 3350 3476 3411 τὰς
3532 3349 3768 3399 ἐπιϐου-

579 3460 597 3491 ‹
641 3445 1097 3510 contemplatione
1127 3448 1366 3517 purgari,
1392 3460 1445 3502 et
1469 3451 1666 3518 corrigi
1698 3448 1976 3503 differunt.
2013 3448 2074 3501 ll-

2258 3466 2274 3500 ι
2329 3446 2421 3508 ὶὰς
2458 3449 2504 3498 0i
2536 3452 2634 3514 τῆς
2667 3447 2955 3514 καθολικῆς
2996 3443 3397 3514 προτραπέντες
3427 3442 3513 3493 διὰ
3544 3457 3768 3508 μαρτυ-

581 3553 597 3582 ‹
643 3535 730 3588 lud
787 3547 1041 3602 prteterea
1088 3543 1374 3604 petendum
1431 3549 1514 3593 est
1563 3550 1618 3591 ut
1651 3556 1837 3593 eorum
1874 3541 2074 3608 pietate

2261 3557 2276 3588 ι
2323 3540 2446 3608 ρίαν
2481 3540 2744 3591 ἀπέθεντο
2781 3556 2795 3570 ⁸
2830 3540 2914 3589 ἵνα
2949 3538 3048 3591 κᾶν
3080 3538 3254 3605 τούτῳ
3286 3537 3358 3604 τῷ
3392 3535 3538 3602 φόϐῳ
3567 3535 3632 3585 ἐκ
3658 3534 3764 3584 τοῦ

2266 3652 2281 3680 ι
2332 3633 2502 3682 ποιεῖν
2559 3632 2828 3698 σχίσματα
2886 3629 2980 3682 καὶ
3032 3629 3136 3682 ἀπὸ
3185 3629 3282 3696 τῆς
3327 3626 3436 3678 τῶν
3463 3625 3764 3694 αίρετικῶν

2253 3742 2268 3769 ι
2320 3720 2649 3789 φαυλότητος
2690 3722 3006 3772 παύσωνται
3056 3720 3104 3770 οἱ
3157 3721 3221 3786 τῇ
3281 3717 3599 3781 κατανοήσει
3651 3713 3764 3783 τῆς

2253 3831 2267 3859 ι
2319 3810 2539 3871 αἰωνίας
2581 3809 2854 3872 κολάσεως
2901 3808 3240 3876 καθαρθῆναι
3275 3808 3364 3857 καὶ
3398 3805 3764 3872 διορθωθῆναι

2254 3918 2268 3946 ι
2319 3898 2754 3966 ὑπερτιθέμενοι.
2802 3900 3032 3949 Κάκεῖνο
3071 3895 3149 3947 ἔτι
3212 3894 3317 3962 μὴν
3379 3895 3597 3963 αἰτῆσαι
3651 3893 3761 3956 δεῖ,

2263 4007 2279 4036 ι
2327 3989 2414 4040 ἵνα
2444 3992 2508 4055 τῇ
2542 3988 2719 4039 αὐτῶν
2748 3988 2999 4056 εὐσεϐείᾳ
3022 3989 3048 4038 ὁ
3077 3987 3170 4038 καὶ
3211 3987 3369 4053 μέχρι
3403 3984 3495 4035 τοῦ
3553 3983 3765 4050 παρόν-

2252 4096 2267 4124 ι
2312 4095 2400 4137 τος
2440 4079 2602 4145 νόμος
2625 4078 3053 4145 ὲπαναληφθείη,
3099 4079 3124 4128 ό
3155 4077 3252 4145 τὴν
3311 4077 3590 4144 εὐχέρειαν
3641 4074 3761 4127 τῶν

2255 4188 2270 4215 ι
2320 4168 2608 4235 αἱρετικῶν
2633 4168 3161 4236 ἁφαιρούμενος,τοῦ
3192 4167 3301 4218 εἴτε
3335 4165 3444 4218 ἀπὸ
3472 4163 3755 4231 διαθηκῶν

591 3645 607 3675 ι
653 3628 733 3680 lex
770 3643 888 3694 quae
946 3629 1108 3680 etiam
1155 3631 1431 3697 hucusque
1470 3631 1704 3693 duravit,
1766 3645 2070 3692 renovetur,

580 3739 594 3767 ι
640 3736 866 3786 qumque
915 3722 1025 3773 sive
1085 3737 1147 3774 ex
1197 3724 1603 3787 donationibus,
1646 3726 1760 3778 sive
1792 3739 1856 3777 ex
1909 3734 2074 3778 testae

577 3826 592 3856 ί
638 3811 833 3862 mentis
873 3813 1161 3878 quidquam
1197 3815 1441 3880 capiendi
1475 3815 1552 3867 vel
1602 3817 1958 3882 relinquendi,
1994 3829 2069 3879 et,

578 3919 591 3946 ι
636 3913 689 3950 ιιι
716 3901 882 3952 semel
907 3903 1108 3964 dicam,
1153 3905 1370 3968 propria
1407 3905 1489 3956 vel
1525 3905 1836 3972 relinquere
1873 3907 1952 3958 vel
1983 3922 2071 3959 ca-

575 4006 589 4034 ‹
638 4003 760 4051 pore
788 3987 922 4038 tollit
955 4000 1273 4054 poteSIatcm
1321 3989 1621 4054 lla'reticis,
1646 3993 1733 4060 qui
1766 3993 1815 4042 in
1842 3993 2072 4059 propria:

568 4089 583 4117 ι
631 4069 793 4138 630
825 4073 1190 4137 persuasionis
1220 4076 1423 4127 insania
1452 4076 1707 4128 excmcati
1742 4085 1886 4136 sunt,
1921 4086 1974 4126 et
2021 4076 2069 4127 in

558 4183 591 4208 -ι
641 4162 1040 4215 Donatistarum
1071 4180 1257 4220 errore
1282 4167 1466 4217 volunt
1491 4182 1830 4233 permanere.
1863 4167 1950 4219 Eis
1980 4183 2073 4219 au-

585 4272 599 4300 ι
655 4263 785 4315 tem,
813 4254 902 4319 qui
935 4255 1150 4306 unionis
1207 4268 1262 4309 et
1303 4258 1450 4323 pacis
1494 4258 1951 4324 contemplatione
1989 4274 2070 4309 se-

577 4359 590 4388 ι
634 4340 780 4408 ipsos
827 4344 1011 4394 volunt
1041 4346 1333 4412 corrigere,
1358 4361 1514 4412 supra
1538 4345 1720 4413 posita:
1750 4346 1880 4414 legis
1915 4362 2071 4413 aper-

580 4448 596 4478 ι
648 4438 732 4482 tus
763 4431 832 4482 sit
862 4446 1077 4495 sensus,
1117 4441 1172 4485 ut
1217 4435 1486 4500 acc3piant
1535 4434 1947 4498 lizereditatem;
2022 4435 2063 4486 si
2098 4435 2147 4492 D

579 4534 596 4565 ι
647 4517 710 4568 iis
735 4518 910 4570 adhuc
941 4520 1068 4584 ipsis
1094 4522 1143 4570 in
1176 4522 1548 4573 Itazrcticorum
1585 4537 1771 4575 errore
1796 4523 2066 4574 constitu-

579 4601 595 4654 ι
638 4607 706 4658 tis
739 4608 937 4673 aliquid
963 4625 1027 4662 ex
1056 4613 1343 4663 donatione
1369 4611 1449 4664 vel
1477 4612 1787 4664 brereditate
1805 4612 2024 4664 obvenit
2044 4627 2062 4663 :

577 4718 592 4746 ι
639 4701 882 4766 exceptis
914 4702 1118 4754 scilicet
1147 4704 1272 4763 illis,
1304 4705 1393 4770 qui
1424 4714 1707 4770 pOSIquam
1761 4705 1812 4754 in
1853 4703 1939 4769 jus
1973 4717 2065 4755 vo-

2255 4280 2270 4308 ι
2320 4260 2543 4320 τούτους
2583 4259 2842 4312 δύνασθαι
2869 4259 3164 4327 λαμϐάνειν
3200 4259 3251 4309 τί
3300 4273 3450 4318 ποτε,
3499 4256 3531 4324 ἢ
3577 4272 3758 4307 κατα·

2255 4371 2271 4399 ι
2320 4351 2631 4418 λιμπάνειν,
2662 4351 2754 4401 καὶ
2790 4351 2971 4410 ἁπλῶς
2997 4350 3194 4410 εἰπεῖν,
3225 4347 3316 4400 τοῦ
3345 4349 3452 4399 εἴτε
3478 4347 3719 4414 καταλιμ
3738 4375 3756 4384 -

2250 4461 2267 4491 ι
2317 4442 2504 4493 πάνειν
2533 4459 2602 4505 τι,
2638 4442 2746 4492 εἴτε
2773 4441 3068 4508 λαμϐάνειν
3096 4440 3161 4491 τὰ
3183 4439 3294 4493 ἴδια.
3325 4439 3614 4507 ἀφέληται.
3637 4437 3757 4490 τῶν

2250 4550 2265 4579 ι
2314 4535 2376 4600 τῇ
2409 4532 2576 4600 μανίᾳ
2611 4531 2703 4582 τοῦ
2775 4532 2914 4583 ἰδίου
2975 4533 3275 4598 πείσματος
3342 4528 3754 4596 τυφλωθὲν-των,

2247 4641 2260 4669 ι
2309 4615 2400 4671 καῖ
2467 4625 2521 4671 ἐν
2577 4624 2640 4688 τῇ
2679 4621 2788 4672 τῶν
2841 4620 3176 4672 Δονατιστῶν
3239 4619 3411 4688 πλάνῃ
3465 4616 3752 4684 ἐπιμένειν

2253 4730 2269 4760 ι
2319 4710 2682 4778 βουλομένων.
2712 4710 2833 4772 Τοῖς
2870 4711 2922 4762 δὲ
2957 4713 3020 4780 τῇ
3045 4711 3369 4778 κατανοήσει
3410 4707 3508 4775 τῆς
3560 4707 3752 4775 ἑνότη-

579 4803 594 4834 ι
643 4786 748 4838 cati
786 4786 1006 4852 fuerint,
1054 4789 1439 4842 exiSIimat-unt
1468 4805 1526 4842 se
1562 4790 1758 4842 debere
1781 4791 1845 4841 ad
1877 4792 2065 4842 callio-

2255 4819 2262 4849 l
2311 4817 2400 4861 τος
2436 4801 2781 4868 καὶεὶρήνης
2836 4801 3062 4862 ἑαυτοὺς
3113 4797 3505 4864 διορθώσασθαι
3561 4795 3751 4864 βουλο-

573 4897 585 4921 ι
635 4877 790 4929 lii-am
853 4878 1144 4932 Ecclesium
1181 4881 1430 4934 transire.
1467 4880 1538 4933 [)e
1570 4882 1632 4934 iis
1665 4881 1804 4934 enim
1835 4882 2062 4934 creden-

2255 4910 2262 4938 t
2315 4891 2497 4958 μένοις
2529 4891 2925 4960 ὑπερκειμένου
2954 4889 3045 4940 τοῦ
3086 4887 3327 4939 τοιούτου
3373 4888 3537 4954 νόμου
3599 4889 3751 4938 ἀνοι-

572 4985 588 5015 ι
639 4968 761 5019 ιΙυιιι
810 4978 911 5035 cst,
949 4985 1042 5023 eos
1082 4986 1184 5023 nou
1224 4985 1367 5023 metu
1422 4973 1662 5025 (celestis
1692 4973 1882 5041 judicii
1910 5012 1924 5033 .
1972 4975 2064 5026 sed

2255 4999 2260 5029 l
2310 4979 2462 5046 χθείη
2493 4984 2524 5046 ἡ
2560 4981 2818 5048 ἀκρόασις
2862 4979 2954 5029 τοῦ
2986 4977 3279 5045 λαμϐάνειν
3331 4977 3694 5045 κληρονομίαν
3727 4995 3744 5009 ·

565 5082 579 5108 ι
633 5073 860 5114 terrena:
896 5062 1268 5130 amplitudinis
1293 5061 1590 5114 insatiabili
1617 5061 1938 5128 cupiditate,
1971 5077 2062 5113 ca—

2255 5090 2258 5098 ν
2305 5073 2350 5121 εἰ
2382 5071 2471 5121 καὶ
2503 5069 2580 5121 ἔτι
2606 5071 2813 5132 τούτοις
2846 5071 3025 5130 αὐτοῖς
3077 5070 3135 5120 ὲν
3178 5071 3242 5137 τῇ
3289 5067 3395 5120 τῶν
3449 5068 3745 5136 αἱρετικῶν

574 5171 588 5199 ‹
638 5152 889 5205 tliolicam
917 5154 1168 5203 unionem
1203 5153 1558 5204 desiderasse.
1609 5153 1686 5204 Ad
1734 5154 1846 5205 haec
1884 5163 2060 5204 autem

2255 5180 2259 5208 l
2321 5161 2498 5230 πλάνῃ
2531 5161 2830 5212 καθεστῶσι
2857 5158 3231 5230 προσαρμόζει
3269 5157 3321 5209 τί
3346 5175 3474 5209 ποτε
3505 5159 3610 5209 ἁπδ
3637 5160 3747 5209 δω-

568 5262 583 5291 ι
625 5243 828 5307 omnia,
865 5245 1067 5296 auxilio
1099 5258 1232 5310 opus
1263 5254 1343 5296 est
1373 5244 1760 5312 dynastiarinm
1807 5246 2062 5297 uniuscuo

2255 5269 2260 5298 l
2313 5251 2499 5318 ρεᾶςῆ
2539 5250 2922 5318 κληρονομίας,
2957 5248 3305 5317 ἐξῃρημένων
3357 5249 3581 5300 ἐκείνων
3645 5248 3747 5317 δη-

570 5353 585 5382 ι
626 5333 823 5401 jusqoe
857 5335 1161 5399 provincim.
1211 5334 1376 5386 l’orro
1403 5345 1455 5386 et
1491 5334 1532 5385 si
1561 5333 1688 5400 quid
1712 5332 1851 5385 aliud
1888 5334 2061 5385 anim-

2255 5358 2259 5387 l
2304 5339 2435 5406 λαδὴ
2467 5340 2659 5400 οἵτινες
2697 5340 2834 5405 μετὰ
2860 5341 2917 5390 τὸ
2943 5343 3022 5399 είς
3049 5338 3203 5406 δίκην
3230 5337 3520 5407 ὲναχθῆναι
3555 5339 3742 5406 ἐλογί-

571 5425 961 5476 i::.lverterint
1054 5425 1442 5478 ecclesiastica:
1522 5424 1741 5475 utilitati
1791 5423 2060 5486 conferre,

2255 5449 2259 5478 l
2312 5446 2471 5481 σαιιτο
2501 5430 2754 5496 ὀφείλειν,
2787 5431 2921 5497 πρὸς
2961 5429 3056 5497 τὴν
3085 5429 3378 5497 καθολικὴν
3433 5427 3742 5496 μετελθεῖν.

575 5532 590 5561 ι
637 5515 733 5566 hoc
766 5515 1054 5582 peragendi
1103 5525 1157 5566 et
1207 5514 1520 5582 perliciendi
1555 5514 1775 5567 liberam
1824 5515 2065 5566 decerni-

2255 5539 2258 5569 l
2309 5522 2441 5588 Περὶ
2463 5519 2569 5586 γὰρ
2599 5518 2704 5572 τῶν
2733 5520 2988 5572 τοιούτων
3020 5520 3328 5570 πιστευτέον
3363 5517 3510 5568 ἐστὶν
3562 5519 3635 5585 μὴ
3661 5517 3746 5583 τῷ

575 5622 592 5653 ι
639 5621 758 5657 mus
787 5607 1128 5673 legationem.
1174 5607 1305 5660 Illud
1341 5622 1556 5674 quoque
1603 5607 1787 5659 adluec
1839 5606 2059 5673 placuit,

2255 5632 2257 5660 ε
2308 5611 2456 5679 φόϐῳ
2489 5611 2587 5678 τῆς
2605 5609 2854 5675 οὐρανίου
2887 5609 3136 5679 κρίσεως,
3169 5609 3302 5659 ἀλλὰ
3346 5611 3410 5678 τῇ
3467 5607 3749 5676 ἀπληστίᾳ

573 5713 591 5745 ι
635 5709 688 5750 ιιι
739 5698 929 5751 Ιίιιριιε
961 5715 1023 5752 ex
1057 5709 1241 5753 uestro
1292 5709 1556 5753 conventu
1612 5704 1676 5750 ad
1730 5699 2059 5752 clarissimos

2255 5719 2261 5750 ι
2314 5699 2410 5768 τῆς
2446 5702 2640 5769 γηῖνης
2662 5698 3038 5762 λυισιτελείας,
3076 5697 3172 5767 τὴν
3203 5694 3746 5766 καθολικὴνὲνότητα
