4002 6314
197 317 292 390 829
1179 332 1258 394 IN
1296 335 1455 396 CAN.
1495 331 1670 394 xcvr
1699 329 1901 392 conc.
1941 331 2304 392 manus.

3191 257 3313 379 33o

262 459 279 490 ι
321 442 654 511 sacruﬁcat.
689 445 828 515 Πρὸς
851 443 1052 507 τούτοις
1087 445 1142 497 δέ
1172 447 1300 497 πᾶσι
1327 445 1422 512 τῆς
1456 442 1696 511 βοηθείας
1721 465 1735 506 Α

1863 455 1884 490 ι
1921 441 2259 508 Imperatores
2298 447 2353 490 et
2377 434 2824 504 supereminentes
2871 436 3158 499 potestates
3184 425 3302 478 mit-

260 544 279 578 ι
322 529 475 598 χρεία
501 531 614 582 ἐστί
658 532 766 583 τῶν
805 530 1120 584 δυναστιιῶν
1165 531 1392 599 ἑκάστης
1437 528 1695 598 ἐπαρχίας

259 633 277 664 ι
325 617 478 679 ιδίας.
515 620 622 674 Καὶ
647 619 767 670 ἄλλο
793 620 870 683 δέ,
894 622 945 673 ετ
983 637 1037 672 τι
1089 621 1279 688 δήποτε
1316 619 1696 685 κατανοήσουσι

258 721 276 753 ι
315 708 379 774 τῇ
405 705 819 775 ἐκκλησιαστικῇ
843 707 1195 776 χρησιμότητι
1226 705 1546 767 λυσιτελοῦν,
1570 703 1694 756 τοῦ·

256 810 273 840 ι
314 808 370 842 το
393 792 806 860 διαπράττεσθαι
830 794 920 845 καὶ
968 792 1205 856 ἐξανύειν
1233 791 1565 855 αὐτεξούσιον
1591 790 1695 858 ψη·-

255 899 270 929 ι
314 880 580 946 φιζόαεθα
607 881 1017 950 τοποτηρησίαν.
1058 881 1287 932 Κάκείνο
1309 881 1363 931 δι
1411 879 1542 947 πρὸς
1578 877 1696 928 τού-

252 969 412 1028 ι⁹τοις
462 969 673 1037 ἤρεσεν,
718 969 804 1021 ίνα
852 970 1141 1038 γράμματα
1180 972 1243 1020 ὲκ
1296 968 1394 1034 τῆς
1434 967 1699 1035 ἡμετέρας

250 1077 266 1108 ι
312 1058 664 1118 συνελεύσεως
693 1058 826 1126 πρὸς
873 1061 991 1119 τοὺς
1051 1058 1410 1121 ἐνδοξοτάτους
1455 1057 1700 1124 βασιλέας

250 1165 269 1197 ι
311 1148 525 1207 καὶτὰς
548 1149 909 1215 ὑπερεχούσας
953 1147 1194 1210 ἐξουσίας
1237 1147 1593 1207 ἀποσταλῶσι,
1632 1148 1697 1199 δι’

249 1255 265 1285 r
303 1232 374 1287 ὧν
404 1236 887 1303 πληροφοροῦνται,
916 1236 989 1298 ώς
1017 1238 1083 1305 τῇ
1137 1238 1430 1288 συναινέσει
1489 1237 1698 1288 πάντων

247 1344 264 1375 ι
310 1325 464 1392 ἡμῶν
496 1326 586 1376 ἐπὶ
605 1325 661 1376 τὸ
698 1325 1077 1392 εὐτυχέστατον
1101 1327 1385 1391 κομιτᾶτυν
1433 1326 1554 1387 τοὺς
1610 1341 1700 1375 το-

247 1427 263 1458 ι
311 1413 618 1477 ποτηρητὰς
679 1410 804 1477 παρ’
869 1411 1023 1478 ἡμῶν
1096 1407 1234 1464 εἶναι
1288 1410 1699 1471 ἀποσταλέντας.

249 1517 265 1547 ι
319 1499 451 1550 Ἀλλ’
511 1502 694 1576 ἐπειδὴ
755 1503 865 1560 τοῖς
923 1501 1099 1561 αὐτοῖς
1157 1501 1439 1568 γράμμασι
1500 1501 1702 1562 πάντας

250 1608 265 1638 ι
310 1589 451 1653 ἡμᾶς
491 1588 800 1655 ὑπογράψαι
831 1588 1148 1656 βραδύτατόν
1176 1591 1310 1649 ἐστι,
1341 1590 1428 1642 ἵνα
1463 1589 1534 1656 μὴ
1583 1589 1700 1649 ταῖς

251 1694 268 1724 ι
309 1675 534 1725 ἐκάστου
573 1675 729 1740 ἡμῶν
758 1675 1096 1742 ὑπογραφαῖς
1119 1674 1188 1725 τὰ
1224 1675 1358 1726 αὑτά
1409 1675 1702 1744 γράμματα

244 1785 260 1816 ι
302 1764 672 1833 φορτωθῶσιν,
724 1763 997 1830 αἰτοῦμεν,
1048 1763 1240 1829 ἀδελφὲ
1290 1763 1554 1833 Αὑρήλιι,
1617 1763 1704 1815 ἵνα
1734 1745 1774 1796 Β

244 1873 260 1904 ι
302 1857 356 1907 ἐν
383 1854 590 1914 τούτοις
624 1854 657 1921 ή
683 1854 748 1921 σὴ
777 1854 962 1919 ἀγάπη
1004 1853 1311 1922 ὑπογράψαι
1342 1854 1428 1904 ἐπ’
1475 1852 1696 1921 ὀνόματι

249 1963 264 1991 ι
305 1944 514 1995 πάντων
575 1941 727 2008 ἡμῶν
779 1941 1105 2010 καταξιὼσῃ.
1172 1941 1280 1994 Καὶ
1340 1940 1697 2009 ὑπέγραψαν

243 2050 261 2081 ι
301 2034 562 2100 Αὐρήλιος
600 2032 888 2093 ἐπίσκοπος
915 2035 1011 2099 τῆς
1049 2034 1105 2084 ἐν
1156 2030 1458 2101 Καρχηδόνι
1500 2032 1696 2098 ἐκκλη-

251 2141 267 2171 ι
309 2122 424 2183 σίας
457 2121 531 2188 τῷ
560 2121 778 2189 παρόντι
820 2122 1124 2190 ψηφίσματι
1155 2121 1435 2191 συνῄνεσα,
1471 2121 1561 2175 καὶ
1597 2136 1703 2172 πα-

248 2231 262 2260 ι
304 2211 726 2278 ραναγνωσθὲντι
758 2210 1062 2279 ὑπέγραψα,
1091 2211 1288 2280 ὁμοίως
1317 2213 1410 2263 καὶ
1440 2212 1486 2263 οἱ
1523 2210 1695 2263 λοιποὶ

251 2319 267 2350 ι
303 2300 643 2368 ὑπίγραψαν.
674 2300 974 2367 Γράμματα
1003 2299 1083 2350 ἔτι
1121 2299 1227 2368 μὴν
1269 2300 1406 2365 πρὸς
1442 2300 1569 2358 τοὺς
1607 2301 1701 2368 ἄρα

247 2409 264 2438 ι
304 2406 489 2458 κοντας
538 2389 746 2457 πέμψαι
792 2389 889 2450 δεῖ,
949 2388 1032 2440 ίνα
1083 2389 1186 2450 ἕως
1243 2383 1304 2440 οὑ
1358 2387 1553 2457 Κύριος
1583 2391 1707 2450 τοὺς

251 2499 266 2529 ι
304 2481 672 2548 τοποτηρηιάς
732 2476 1063 2547 ὑποστρέψαι
1109 2477 1242 2546 πρὸς
1291 2478 1448 2546 ἡμᾶς
1480 2477 1703 2550 ἀξιώσῃ,

254 2585 268 2615 ι
302 2567 449 2635 παρά
480 2566 721 2634 φυλακὴν
747 2567 845 2617 ἀνα
882 2567 978 2627 τάς
1004 2565 1110 2617 τῶν
1140 2565 1346 2618 πόλεων
1387 2565 1566 2628 τάξεις
1609 2567 1703 2617 καὶ

253 2672 268 2704 ι
307 2659 572 2724 κτήτορας
597 2655 704 2706 τῶν
741 2653 956 2721 χωρίων
981 2653 1079 2723 τῆς
1129 2653 1418 2723 καθολικῆς
1481 2653 1709 2720 Ἐκκλη-

260 2764 273 2792 ι
311 2745 419 2806 σίας
484 2742 890 2810 ἐπιμερίσωσιν.
931 2744 1050 2795 Ἔτι
1112 2742 1215 2809 μὴν
1250 2743 1330 2794 δεῖ
1389 2742 1709 2809 προσζιὺξαι
1757 2744 1848 2795 καὶ

1871 543 1890 576 ι
1929 535 2123 589 tantur,
2151 526 2343 594 quibus
2370 522 2625 576 certiores
2651 520 2778 574 ﬂant
2802 519 3038 574 omnlurn
3065 522 3304 569 nostrtrm

1869 637 1886 668 ι
1924 632 2181 672 consensu
2221 619 2284 671 ad
2335 615 2698 671 beatissimum
2741 613 3047 667 comitatum
3116 607 3308 661 missos

1872 727 1889 757 ι
1928 721 2043 762 esse
2074 721 2103 758 a
2131 706 2278 760 nobis
2304 706 2520 770 legatos.
2547 703 2650 756 Sed
2672 702 2790 769 quia
2822 700 3003 753 iisdem
3030 696 3220 750 litteris
3236 696 3306 747 ab

1873 819 1892 847 ι
1927 800 2168 851 omnibus
2199 797 2454 852 subscribi
2501 805 2581 850 est
2635 795 3012 855 tardissimum,
3061 790 3308 842 uniuscu-

1873 906 1890 938 ι
1922 887 2112 954 jusque
2131 899 2363 941 nostrum
2388 884 2860 952 subscriptiOnibus
2889 880 3089 936 eadem
3123 879 3136 929 1
3165 887 3310 930 ttera

1875 995 1892 1026 ι
1930 984 2237 1038 onerentur,
2279 975 2524 1041 petimus,
2574 974 2734 1025 lrater
2759 970 2960 1031 Aureli,
2994 981 3050 1020 ut
3105 969 3185 1020 bis
3229 975 3314 1018 tua

1927 1065 2136 1118 dilectio
2181 1064 2391 1116 nomine
2416 1063 2647 1114 omnium
2677 1058 3012 1113 subscribere
3051 1058 3314 1124 dignetur.

1879 1172 1897 1203 ι
1934 1155 1996 1207 Ει
2025 1152 2495 1220 subscripserunt;
2546 1149 2792 1202 Aurelius
2836 1149 3112 1214 episcopus
3139 1146 3317 1199 Eccle-

1881 1260 1898 1291 ι
1938 1243 2026 1294 sia
2052 1240 2492 1308 Carthaginiensis
2535 1239 2786 1307 pradicto
2810 1239 3022 1291 decreto
3051 1235 3317 1298 consensi,

1878 1349 1895 1380 ι
1934 1340 1987 1382 et
2014 1330 2149 1383 lecto
2192 1327 2507 1395 subscripsi.
2566 1326 2820 1380 Similiter
2862 1333 2916 1380 et
2960 1324 3146 1391 reliqui
3188 1323 3322 1375 sub-

1883 1436 1902 1468 ι
1940 1419 2287 1484 scripserunt.
2337 1415 2549 1468 Littera
2577 1425 2826 1482 praterea
2875 1414 2939 1466 ad
2982 1412 3324 1480 magistratus

1880 1524 1897 1554 ι
1942 1503 2208 1556 mittenda
2235 1512 2372 1564 sunt,
2414 1514 2491 1565 ut,
2524 1507 2688 1555 donec
2732 1502 2978 1555 Dominus
3001 1499 3222 1554 voluerit
3250 1499 3325 1552 leo

1885 1614 1901 1644 r
1939 1605 2086 1661 gatos
2114 1596 2176 1647 ad
2203 1610 2298 1648 nos
2331 1594 2525 1656 redire,
2553 1593 2853 1661 praesidium
2874 1607 2968 1659 per
2997 1592 3211 1644 ordines
3240 1589 3322 1641 cio

1881 1702 1898 1733 ι
1939 1684 2154 1736 vitatum
2191 1694 2244 1738 et
2279 1697 2607 1751 possessores
2641 1681 2955 1747 pradiorum
3007 1677 3327 1732 universalis

1879 1790 1895 1820 ι
1935 1769 2181 1824 Ecclesia
2220 1770 2558 1823 distribuant.
2587 1769 2844 1821 Praterea
2888 1765 3170 1832 adiungere
3193 1777 3329 1831 quo-

1881 1877 1898 1909 ι
1935 1873 2038 1925 que
2079 1868 2289 1925 oportet
2313 1858 2378 1911 de
2411 1858 2622 1924 Equilio
2663 1867 2718 1909 ut
2759 1858 2875 1924 ejus
2912 1854 3234 1921 impudentia
3278 1861 3332 1905 et

1887 1945 2262 2013 «improbitas
2318 1960 2345 1996 a
2429 1944 2746 1997 dimcesibus
2807 1944 3137 2005 extrudatur,
3199 1953 3333 2008 quas

1884 2052 1901 2084 ι
1941 2048 1970 2086 a
2001 2035 2336 2088 curatoribus
2367 2032 2716 2101 Hipponensis
2743 2032 2993 2085 Ecclesia
3017 2029 3332 2086 sacerdotali

1885 2140 1902 2172 ι
1939 2122 2057 2188 jure
2100 2122 2198 2176 sibi
2226 2122 2477 2175 vindicat.
2512 2121 2673 2174 Porro
2695 2121 2882 2174 littera
2903 2135 3114 2189 quoque
3139 2123 3202 2172 all
3225 2119 3336 2188 epiv

1889 2228 1905 2260 ι
1948 2225 2162 2277 scopum
2193 2209 2445 2264 Romana
2490 2209 2740 2264 Ecclesia
2777 2210 3233 2264 commendatione
3265 2209 3338 2258 le-

1895 2317 1912 2349 ι
1958 2309 2199 2368 gatorum
2248 2299 2517 2351 mittenda
2560 2295 2704 2359 sdnt,
2753 2307 2808 2352 et
2835 2300 2899 2352 ad
2936 2298 3069 2352 alios
3117 2298 3204 2351 ubi
3254 2309 3338 2350 est

1875 2406 1894 2437 ι
1934 2388 2239 2455 imperator.
2280 2385 2344 2438 Et
2384 2387 2627 2440 similiter
2649 2387 3110 2455 subscripserunt.
3158 2386 3327 2437 Aure-

1887 2497 1905 2528 ι
1943 2478 2045 2531 lius
2089 2477 2367 2545 episcopus
2407 2475 2839 2545 Carthagineusis
2903 2474 3149 2528 Ecclesia
3206 2488 3341 2541 pra-

1890 2587 1907 2618 ι
1947 2567 2082 2620 senti
2132 2569 2344 2620 decreto
2383 2567 2653 2627 consensi,
2705 2577 2758 2618 et
2822 2564 2960 2618 lecto
3002 2564 3292 2632 subscripsi
3327 2581 3342 2617 :

1889 2672 1906 2704 ι
1947 2653 2193 2705 similiter
2217 2661 2269 2707 et
2294 2651 2484 2718 reliqui
2513 2653 2958 2720 subscripserunt.
2992 2673 3008 2702 ι

1921 2745 2045 2812 περί
2111 2742 2201 2794 τοῦ
2232 2743 2501 2807 Αίκυτίου,
2533 2744 2616 2796 ἵνα
2647 2746 2677 2812 ἡ
2725 2743 2960 2796 ἀναίδεια
3019 2743 3179 2796 αὑτοῦ
3212 2743 3345 2806 ἐξωσ

256 2857 271 2887 ι
310 2837 438 2904 θηθῇ
511 2833 620 2886 ἀπὸ
676 2832 782 2884 τῶν
847 2832 1176 2898 διοικήσεων,
1250 2829 1317 2892 ἃς
1369 2831 1433 2880 ἐκ
1479 2829 1586 2882 τῶν
1641 2829 1966 2898 φροντιστῶν
2027 2829 2126 2896 τῆς
2199 2831 2256 2881 ἐν
2291 2829 2511 2881 Ἰππῶνι
2574 2831 2863 2897 ἐκκλησίας
2935 2831 3214 2898 ίερατικῶν
3274 2832 3349 2882 δι-

252 2943 267 2974 ι
309 2925 468 2976 καίων
552 2921 685 2989 πρὸς
763 2920 951 2972 ἑαυτδν
1029 2918 1302 2969 διεκδικεῖ.
1388 2917 1498 2970 Καὶ
1546 2919 1840 2988 γράμματα
1912 2918 1969 2969 δέ
2033 2917 2166 2984 πρὸς
2227 2918 2319 2969 τὸν
2371 2919 2659 2970 ἐπίσκοπον
2714 2920 2809 2984 τῆς
2861 2919 3168 2987 Ῥωμαῖκῆς
3228 2923 3350 2972 Ἐκ-

253 3016 519 3085 ικλησίας
551 3015 677 3080 περὶ
703 3011 793 3062 τοῦ
822 3009 1154 3076 παραθέσθαι
1184 3010 1307 3070 τοὺς
1327 3012 1696 3078 τοποτηρητὲς
1770 3008 2083 3076 πεμφθῆναι
2151 3008 2439 3074 ὀφείλουσι,
2506 3011 2598 3059 καὶ
2658 3009 2788 3076 πρδς
2843 3009 2964 3068 τοὺς
3021 3009 3204 3072 ἀλλους
3269 3012 3344 3071 δὲ,

250 3102 428 3155 ιδπον
459 3102 649 3152 ἐστὶιιὸ
687 3096 954 3166 βασιλεύς.
989 3095 1094 3146 Καὶ
1172 3094 1488 3162 ὑπέγραψαν
1545 3097 1761 3165 ὁμοίως.
1831 3097 2089 3164 Αὐρήλιος
2163 3097 2459 3174 ἐπίσκοπος
2513 3099 2609 3166 τῆς
2673 3101 2728 3147 ἐν
2784 3098 3082 3166 Καρχηδόνι
3155 3100 3350 3168 ἐκκλη-

250 3214 266 3242 ι
310 3197 419 3256 σίας
443 3193 519 3262 τῷ
545 3192 764 3260 παρόντι
823 3190 1128 3258 ψηφίσματι
1194 3188 1473 3258 συνῄνεσα,
1548 3191 1638 3242 καὶ
1702 3189 2201 3260 παραναγνωσθέντι
2267 3191 2587 3261 ὑπέγραψαη
2648 3195 2842 3262 ὁμοῖως
2897 3197 2986 3246 καὶ
3051 3197 3096 3246 οἱ
3179 3195 3349 3248 λοιπο.

252 3304 268 3334 ι
308 3284 645 3352 ὑπέγραψαν.
681 3300 699 3333 ι

247 3377 426 3431 ΒΛᾹΣ.
462 3379 566 3428 Καὶ
597 3378 665 3428 τὰ
695 3379 748 3427 ἐν
771 3379 833 3443 τῇ
862 3377 1108 3446 παρούσῃ
1137 3377 1376 3446 διαλαλιᾷ
1405 3376 1716 3429 τυπωθέντα

1897 3372 2084 3427 BALS.
2135 3372 2190 3424 ln
2222 3372 2462 3439 prasenti
2497 3385 2706 3439 quoque
2751 3385 3012 3435 sermone,
3038 3387 3154 3439 qua
3191 3388 3220 3425 α
3247 3372 3350 3425 Pa-

194 3467 442 3534 πσράτῶν
478 3466 730 3531 Πατέρων
763 3463 849 3516 διὰ
876 3465 994 3525 αἱ),
1029 3465 1347 3525 Δονατιστάς
1405 3466 1544 3516 ἰδικά
1589 3468 1716 3526 εἰσι,

192 3559 270 3607 καί
317 3556 387 3623 μὴ
418 3554 778 3620 ὲξακουόμενα
802 3555 881 3613 εἰς
921 3553 1017 3620 τὴν
1069 3553 1174 3603 τῶν
1209 3553 1508 3620 ἐκκλησιῶν
1549 3553 1716 3604 κατάο

194 3664 376 3700 στασιν.
409 3647 520 3699 Καὶ
543 3645 627 3697 διὰ
656 3645 811 3696 τοῦτο
832 3644 949 3697 οὐδὲ
999 3647 1286 3713 ἑρμηνεία,
1327 3644 1537 3711 ἐδέησεν
1585 3645 1714 3711 ἡμῖν

190 3736 329 3802 χάριν
353 3734 596 3787 τούτωνρ

251 3823 483 3875 ΖΩΝΑΡ.
511 3821 632 3872 Τῶν
656 3824 983 3873 Δονατιστων
1014 3819 1089 3887 μὴ
1117 3819 1417 3885 δεξαμένων
1456 3818 1551 3887 τὴν
1583 3821 1718 3886 πρὸς

192 3914 361 3976 αὐτοὺς
390 3912 489 3978 τῆς
519 3912 733 3963 συνόδου
785 3909 1093 3977 πρεσϐείαν,
1143 3910 1192 3958 oi
1248 3906 1484 3976 Πατέρες
1539 3906 1720 3975 ἀθροι-

198 4001 385 4062 σθέντες
419 4000 580 4053 πάλιν
619 3998 904 4067 πρεσϐείαν
931 3996 1132 4048 στεῖλαι
1179 3997 1297 4048 κατ’
1351 3996 1526 4048 αὐτῶν
1584 3995 1716 4065 πρὸς

195 4090 266 4140 τὶν
293 4090 508 4157 βασιλω
537 4090 792 4156 Ὀνώριον
824 4088 1219 4141 ἐϐουλεύσαντο.
1260 4083 1434 4154 Ἥρχε
1467 4087 1570 4154 γὰρ
1599 4088 1715 4139 τότε

194 4177 272 4244 τῆς
307 4178 521 4245 Ῥώμης
581 4176 806 4228 καὶτῶν
845 4177 1111 4245 ἐσπερίων
1152 4174 1438 4244 Ὁνώριος·
1488 4176 1719 4235 καὶτοῖς

197 4267 544 4333 στελλομένοις
583 4265 854 4332 ἔγγραφον
901 4264 1239 4330 ἐνταλτὴριον
1296 4264 1582 4315 δεδώκασιν
1642 4266 1718 4323 εἰς

1827 3465 1994 3516 tribus
2030 3464 2281 3514 adversus
2315 3459 2617 3512 Donatistas
2639 3467 2832 3512 statuta
2865 3472 3007 3518 sunt.
3055 3469 3176 3510 sunt
3231 3474 3351 3525 spe—

1824 3552 1997 3612 cialia,
2030 3558 2084 3602 et
2105 3550 2169 3600 ad
2191 3548 2535 3600 ecclesiarum
2576 3545 3004 3598 constitutionem
3036 3560 3136 3598 u0n
3172 3555 3353 3599 exten-

1825 3641 2042 3692 duntur.
2098 3637 2162 3689 Et
2211 3636 2329 3688 ideo
2361 3649 2458 3687 nec
2493 3635 2923 3701 interpretatione
2956 3636 3164 3702 quidem
3214 3637 3354 3689 indi-

1825 3737 1970 3797 gent.

1895 3816 2141 3871 ZONAR.
2211 3815 2341 3871 Cum
2394 3816 2681 3871 Donatista
2709 3817 3024 3887 legationem
3082 3818 3146 3870 ad
3215 3818 3357 3884 ipsos

1823 3923 1852 3959 a
1881 3909 2081 3976 synodo
2114 3907 2330 3958 missam
2364 3905 2690 3971 rejecissent,
2723 3917 2982 3961 conventu
3016 3907 3155 3959 inter
3176 3921 3233 3960 sc
3261 3909 3354 3959 ha-

1824 3998 1934 4049 bito
1962 3996 2145 4049 Patres
2166 3995 2388 4047 alteram
2418 3996 2732 4065 legationem
2762 4006 2944 4050 contra
2971 3997 3112 4064 ipsos
3148 3995 3212 4048 ad
3253 3997 3354 4048 im—

1826 4095 2118 4151 peratorem
2164 4083 2456 4136 Honorium
2509 4086 2817 4138 mittendam
2866 4099 2985 4138 esse
3036 4097 3358 4138 censuerunt

1830 4173 2144 4240 (imperabat
2173 4173 2312 4223 enim
2366 4187 2429 4223 eo
2477 4181 2713 4238 tempore
2753 4175 2931 4227 Rmna
2978 4186 3027 4226 et
3077 4173 3351 4227 Occidenti

1831 4262 2154 4331 Honorius);
2181 4273 2339 4331 atque
2361 4275 2415 4316 ttt
2448 4278 2629 4317 eorum
2659 4280 2775 4331 qua
2817 4267 2953 4332 apud
2987 4267 3356 4332 imperatorem

196 4356 480 4424 ὑπόμνησιν
508 4348 580 4410 ὧν
607 4355 828 4420 ἔμελλον
863 4354 996 4422 πρὸς
1053 4353 1142 4403 τὸν
1197 4352 1412 4419 βασιλέα
1467 4353 1638 4403 εἰπεῖν
1694 4353 1720 4403 ὅ

1827 4352 2029 4420 agenda
2056 4351 2228 4403 forent
2259 4351 2471 4406 facilius
2501 4354 2895 4420 meminissent,
2935 4357 3108 4409 omnia
3146 4357 3360 4422 scriptis

197 4444 582 4510 κομμονιτόριον
619 4441 927 4507 ὠνόμασαν.
951 4438 1127 4492 Ἦσαν
1162 4439 1217 4491 δὲ
1267 4440 1329 4491 ea
1361 4440 1716 4506 ἐντεταλμένα

1829 4439 2138 4506 censiguata
2179 4440 2365 4507 legatis
2397 4441 2683 4503 tradidere,
2709 4452 2867 4507 atque
2904 4443 2951 4492 id
2987 4442 3167 4507 scripti
3194 4457 3360 4511 genus

195 4533 416 4596 τοιαῦτα,
453 4534 534 4585 ὅτι
553 4533 705 4584 Μετὰ
728 4530 1035 4598 παρῥησίας
1059 4527 1215 4597 ἡμῶν
1272 4527 1722 4596 προσκαλεσαμέι

1829 4525 2286 4580 commonitorium
2329 4527 2678 4593 appellavere.
2718 4529 2879 4580 Erant
2909 4542 3083 4580 autem
3118 4529 3359 4580 mandatu

197 4640 286 4674 νιυν
310 4627 426 4685 τοὺς
472 4621 851 4692 πρωτεύοντας
903 4619 1007 4670 τῶν
1073 4617 1401 4670 Δονατιστῶν
1435 4618 1722 4681 συνελθεῖν,

1835 4613 2094 4681 ejusmodi
2129 4629 2143 4668 :
2179 4615 2217 4665 A
2251 4614 2424 4678 nobis,
2453 4615 2715 4682 inquiunt,
2752 4632 2937 4686 magna
2982 4616 3139 4669 animi
3174 4598 3362 4671 tidueia

198 4716 292 4777 καὶ,
319 4717 365 4766 si
391 4691 704 4782 θαρροῦσιν,
739 4707 1115 4761 ἀντιλαδέσθαι
1148 4707 1240 4758 τοῦ
1278 4706 1478 4758 οἰκείου
1530 4707 1725 4775 δόγμα-

1830 4705 1891 4754 ad
1917 4718 2259 4772 congreSsum
2291 4703 2687 4758 Donatistarum
2714 4707 2964 4774 primates
2990 4711 3181 4774 vocati,
3204 4720 3364 4776 atque

195 4817 290 4864 τος,
337 4804 484 4863 ὅπως
540 4810 632 4852 καὶ
674 4799 767 4851 νῦν
825 4796 1165 4865 ἐγνωρίζειο,
1223 4795 1343 4847 ἀντὶ
1395 4795 1488 4847 τοῦ
1515 4798 1604 4847 καὶ
1635 4797 1727 4848 νῦν

1829 4793 1895 4845 ad
1923 4794 2006 4846 sui
2039 4794 2320 4862 dogmatis,
2352 4795 2395 4847 si
2429 4805 2631 4848 tantum
2663 4807 2961 4864 sperarent,
2991 4805 3363 4867 propllgttalin-

197 4892 525 4960 ἐφανεροῦτο,
559 4889 646 4941 διὰ
676 4889 772 4954 τῆς
819 4886 1070 4953 ἀπειρία,
1093 4886 1185 4937 καὶ
1221 4886 1544 4953 μονοτονίας,
1565 4886 1729 4954 ήγουν

1833 4897 1954 4934 nem
2004 4883 2209 4935 invitati
2243 4884 2387 4937 fuere
2415 4901 2431 4948 ;
2462 4895 2518 4936 ut
2544 4886 2641 4938 hoc
2677 4901 2889 4953 quoque
2923 4896 3157 4955 tempore
3179 4890 3364 4941 catho-

193 4981 276 5049 τῆς
300 4981 564 5048 ἀμαθείας
599 4981 689 5030 καὶ⁸
733 4975 1078 5043 αὑτογνώμου
1099 4976 1394 5038 ἐνστάσεως
1447 4977 1551 5026 τῶν
1580 4978 1728 5028 ἀντι-

1829 4969 1943 5023 lica
1984 4972 2219 5024 veritatis
2269 4971 2617 5038 liquidissima
2681 4976 2884 5041 puritas
2939 4977 3361 5029 aduersariorum

194 5067 464 5135 λεγόντων,
516 5071 548 5136 ἡ
604 5064 864 5131 καθολικὴ
905 5062 1282 5130 εἰλικρινότης,
1333 5065 1364 5130 ἡ
1418 5062 1724 5132 καθαρότης

1834 5069 1943 5112 tum
1971 5061 2231 5127 imperitia
2258 5071 2367 5113 tum
2405 5063 2688 5127 pertinacia
2717 5066 2886 5133 magis
2910 5067 3182 5133 magisque
3206 5067 3365 5117 illnn-

194 5158 370 5228 δηλαδὴ
420 5158 529 5209 τῶν
578 5158 672 5223 τῆς
717 5152 1007 5221 καθολικῆς
1055 5150 1375 5220 Ἐκκλησίας
1421 5153 1726 5218 δογμάτων.

1830 5159 2058 5203 tesceret
2079 5166 2140 5202 ac
2164 5151 2541 5204 illustraretur.
2572 5152 2701 5204 Nam
2729 5169 2850 5205 cum
2876 5169 3221 5224 congressum
3257 5158 3358 5206 nisi

193 5247 246 5296 Ei
286 5249 388 5316 γὰρ
441 5245 715 5311 συνῆλθον,
773 5244 954 5310 φησὶν,
1005 5240 1356 5308 ἐγνώσθησαν
1411 5243 1475 5292 ἂν
1527 5243 1608 5294 ὅτι
1668 5243 1727 5304 ἐξ

1834 5251 2190 5299 recusassent,
2238 5240 2352 5293 illos
2405 5254 2467 5292 ex
2510 5242 2619 5294 sola
2656 5243 2762 5294 veri
2812 5245 3136 5312 ignoratione
3181 5256 3368 5298 smin-

193 5335 436 5402 ἀμαθείας
493 5334 584 5386 καὶ
633 5333 863 5401 ματαίας
920 5330 1214 5389 ἐνστάσεως
1249 5330 1552 5382 ἐνίστανται
1600 5332 1728 5399 περὶ

1831 5345 1933 5396 que
1962 5330 2319 5382 obstinatiooe
2359 5331 2696 5396 opinionibus
2733 5334 2846 5387 suis
2896 5336 3244 5401 pertinaciter
3292 5338 3372 5386 in-

192 5417 256 5474 ὢν
311 5423 651 5486 δοξάζουσιν
737 5418 851 5470 ἀλλ’
909 5419 988 5468 ὅτι
1056 5419 1154 5467 οὐκ
1224 5417 1516 5485 ἐθάρρουν,
1580 5419 1727 5470 οὐδὲν

1838 5421 2025 5473 sistere
2058 5417 2216 5470 iacile
2249 5431 2583 5486 perspectum
2624 5423 2809 5474 luisset
2849 5440 2862 5473 :
2898 5440 3079 5477 verum
3111 5428 3230 5492 quia
3264 5441 3371 5476 sua:

195 5512 359 5577 σλεδὸν
417 5511 810 5578 ἀπεκρίθησαν.
877 5506 1028 5557 Ἐπεὶ
1076 5502 1195 5566 οὖν,
1249 5507 1347 5557 ὅσα
1422 5505 1526 5557 ἔδει
1584 5509 1728 5575 ἡμᾶς

1835 5523 2006 5560 causa
2041 5507 2178 5559 haud
2209 5508 2340 5559 Satis
2375 5508 2616 5573 ﬁderent,
2665 5525 2977 5577 responsum
3021 5514 3134 5565 fere
3169 5512 3370 5564 n'ullutu

194 5601 257 5660 ὡς
307 5600 636 5660 ἐπισκόπους
686 5595 942 5660 ποιῆσαι,
1002 5594 1288 5661 εἰρηνικῶς
1360 5596 1725 5665 ἐποιήσαμεν·

1836 5598 2046 5652 dedere.
2099 5596 2362 5659 Quoniam
2415 5598 2574 5664 igitur
2621 5614 2805 5654 omnes
2859 5602 3174 5670 episcopalis
3217 5601 3372 5656 uﬂicii

429 5689 700 5747 Parnot.
736 5686 853 5744 Gtt.
912 5684 1275 5745 CXXXVI".

2993 5693 3053 5754 11
