4002 6314
188 388 282 449 333

1219 374 1290 432 ΙΝ
1326 371 1487 432 CAN.
1522 363 1722 424 XCV”
1754 361 1956 420 CUNC.
1997 363 2363 420 CARTHAG.

3239 351 3338 413 334

194 489 537 558 τοπθτηρηταὶ
567 492 649 548 είς
689 487 748 539 τὸ
804 486 1115 555 κομιτᾶτον,
1143 485 1310 550 ἠγουν
1341 479 1417 534 εἰς
1447 474 1508 525 τὸ
1539 469 1708 523 παλά-

1821 477 2074 519 consensu
2118 465 2333 527 Patrum
2370 467 2568 534 legatos
2616 467 2678 517 ad
2728 465 3058 523 comitatum,
3097 462 3196 513 boe
3238 472 3338 520 est.

193 601 306 636 τιον.
341 577 918 650 Θρησκρυτικιητάτους
954 574 1004 626 δὲ
1023 572 1145 631 τοὺς
1173 571 1399 638 βασιλεῖς
1428 565 1697 622 ἐκάλεσεν,

199 677 301 743 ἦτοι
342 668 692 727 πιστοτάτους
737 666 829 716 καὶ
867 659 1448 731 Χριστιαννκωτὰτους,
1500 654 1573 714 ὡς
1609 652 1706 715 τῆς

201 761 465 832 θρησκείας
516 758 625 809 τῶν
681 753 1016 826 Χριστιανῶν
1069 749 1560 814 ἀντιποιουμένους.
1616 744 1708 841 EE;

201 851 450 916 ἀνακοπὴν
475 848 573 913 τῆς
632 847 750 913 βίας
798 847 892 896 καὶ
943 840 1168 905 ἀταξίας
1211 839 1319 891 τῶν
1377 839 1708 888 Δονατιστὼν

203 941 379 1010 γράψαι
433 940 548 990 δέον
590 938 699 997 τοῖς
748 938 972 1002 ἄρχουσι
1037 931 1144 982 τῶν
1214 928 1408 997 χωρῶν
1489 922 1710 975 ἐκείνων

200 1033 413 1099 ἔκριναν,
440 1030 524 1079 ἴνα
555 1027 685 1093 παρ’
708 1026 882 1077 αὐτῶν
899 1022 1267 1089 φυλάσσωνται
1310 1019 1363 1068 αί
1403 1012 1710 1079 ἐκκλησίαι,

204 1124 281 1176 καὶ
311 1125 354 1172 οἱ
378 1122 590 1188 ἔχοντες
619 1119 686 1170 τὰ
716 1115 912 1184 χωρία,
941 1113 1106 1182 ἦγουν
1134 1111 1244 1162 ὅσοι
1303 1107 1397 1171 τῆς
1417 1099 1710 1167 καθολικῆς

211 1205 509 1268 Ἐκκλησίας
562 1203 700 1254 είσί·
738 1201 990 1266 καὶπερὶ
1034 1196 1126 1248 τοῦ
1177 1197 1456 1254 Αίκυτίου,
1506 1188 1594 1240 ἵνα
1624 1188 1714 1238 ἐκ·

198 1297 397 1362 διωχθῇ,
432 1295 524 1345 καὶ
582 1293 744 1361 μήτι
803 1289 876 1350 ὡς
931 1287 1107 1356 ἱερεὺς
1164 1283 1371 1351 ἐκδικῇ.
1427 1279 1534 1332 Καὶ
1579 1275 1714 1345 πρὸς

199 1387 276 1438 τὸν
339 1383 549 1450 Ῥώμης
598 1380 803 1450 γράψαι
857 1375 1163 1428 τετύπωται
1211 1374 1339 1441 περὶ
1392 1368 1483 1420 τοῦ
1539 1382 1714 1435 παρα-

202 1475 366 1527 θέσθαι
418 1473 542 1530 τοὺς
596 1468 1016 1536 τοποτηρητάς,
1093 1467 1258 1536 ἤγουν
1307 1461 1566 1528 συστῆσαι
1614 1456 1711 1508 καὶ

204 1565 435 1632 γνωρίσαι
488 1561 567 1624 τῷ
619 1560 846 1628 βασιλεῖ,
898 1560 990 1609 καὶ
1042 1556 1177 1624 πρὸς
1216 1554 1338 1615 τοὺς
1379 1551 1564 1610 ἀλλους
1597 1549 1714 1598 ἐπι-

207 1656 414 1714 σκόπους
441 1652 545 1704 τῶν
577 1650 792 1718 χωρῶν,
827 1651 882 1699 ἐν
935 1643 1020 1707 αἷς
1056 1646 1303 1712 ἐνεδήμει
1346 1644 1464 1692 τότε
1505 1641 1532 1691 ὁ
1563 1637 1719 1702 βασι-

200 1743 323 1804 λεύς.

206 1998 396 2049 ΔΡῙΣΤ.
438 2016 458 2048 ι
503 1998 564 2048 Οἱ
593 1995 938 2064 γεννηθέντες
965 1994 1232 2060 εὐσεϐείᾳ,
1265 1994 1356 2044 καὶ
1382 1996 1560 2042 πίστει
1584 2004 1717 2057 τραο

265 2104 279 2134 ι
313 2087 488 2151 φέντες
510 2083 770 2152 βασιλεῖς,
802 2086 958 2150 χεῖρα
984 2081 1243 2150 παρέχειν
1272 2081 1386 2141 ταῖς
1406 2077 1719 2146 ἐκκλησίαις

272 2194 287 2225 ι
323 2175 638 2242 ὀφείλουσιν,
665 2174 785 2224 ἐπεὶ
820 2174 911 2225 καὶ
927 2172 1138 2224 Παύλου
1170 2171 1419 2238 δεομένου
1453 2183 1716 2233 στρατιω-

272 2283 286 2313 ι
322 2263 466 2330 τικῆς
499 2262 702 2330 χειρδ;,
740 2261 836 2330 τὴν
876 2261 981 2312 τῶν
1033 2259 1275 2312 ἀτάκτων
1313 2257 1519 2310 διέλυσε
1585 2255 1720 2324 σύμ-

271 2371 287 2401 I
322 2369 518 2404 πνοιαν.
556 2371 575 2403 θ

267 2444 360 2511 Τῆς
387 2444 490 2494 τῶν
514 2442 754 2495 εὐσεϐῶν
790 2442 1051 2512 βασιλέων
1091 2441 1408 2510 συμμαχίας
1450 2439 1544 2490 καὶ
1597 2438 1722 2506 βοη-

218 2531 338 2593 θείας
361 2535 412 2583 αί
447 2533 735 2600 ἐκκλησίαι
779 2533 864 2584 ἀεὶ
903 2534 1286 2601 προσδέονται·
1339 2532 1430 2584 καὶ
1455 2530 1722 2596 ὀςείλουσι

221 2621 388 2688 ταύτην
417 2622 682 2691 παρέχειν
711 2622 906 2677 αὐταῖς
931 2622 1004 2683 ὡς
1030 2623 1126 2688 τῆς
1152 2621 1383 2681 πίστεως
1418 2620 1568 2681 ὀντες
1592 2619 1723 2688 πρό-

228 2725 383 2777 μαχοι·
427 2713 513 2763 ἵνα
559 2713 633 2779 μὴ
671 2711 818 2779 παρά
861 2711 966 2762 τῶν
1014 2709 1304 2778 αἱρετικῶν
1425 2708 1532 2760 τῶν
1591 2707 1724 2758 ἀτά-

223 2812 335 2849 κτων
372 2801 838 2868 καταφρονῶνται.
876 2799 986 2853 Καὶ
1031 2800 1137 2866 γὰρ
1191 2799 1282 2850 καὶ
1310 2798 1338 2849 δ
1389 2797 1600 2859 Παῦλος
1629 2795 1725 2863 τὴν

217 2888 304 2939 τῶν
330 2891 570 2944 ἀτάκτων
617 2890 916 2959 σύμπνοιαν
966 2891 1322 2959 στρατιωτικῇ
1365 2886 1584 2957 βοηθείᾳ
1621 2885 1726 2938 διέ-

215 2975 336 3031 luas.

747 3073 968 3140 Πρᾶξις
1004 3072 1168 3136 ἕκτη.

281 3180 296 3212 ι
340 3164 419 3216 Ἐν
443 3164 613 3233 ταύτῃ
644 3159 708 3233 τῇ
739 3165 936 3230 συνόδῳ
979 3163 1046 3216 τὰ
1097 3162 1377 3232 ὁρισθέντα
1425 3165 1456 3232 ἡ
1499 3163 1724 3231 βραχεῖα

219 3264 236 3295 ι
272 3250 529 3316 σαφηνίζει
565 3250 876 3320 πρόσθεσις.
933 3252 1054 3302 Ἐπὶ
1089 3252 1410 3318 Στελίχωνος
1455 3251 1613 3302 πάλιν
1635 3249 1729 3302 καὶ¹

220 3357 235 3384 ι
272 3337 552 3406 ’Δ-δθεμίου,
585 3340 692 3392 τῶν
740 3341 1132 3408 λαμπροτάτων
1194 3339 1431 3403 ὑπάτων,
1484 3341 1547 3406 τῇ
1569 3339 1730 3390 δεκά-

224 3445 239 3474 ι
271 3445 329 3497 τη
355 3445 450 3498 προ
490 3430 766 3482 καλανδῶν
799 3429 1179 3498 Σεπτεμϐρίων
1231 3431 1287 3480 ἐν
1315 3428 1614 3496 Καρχηδόνι
1647 3430 1727 3487 είς

223 3519 352 3584 «τὴν
382 3518 671 3585 ἐκκλησίαν
722 3517 814 3570 τοῦ
876 3518 1124 3586 δευτέρου
1180 3516 1462 3583 κλίματος.
1513 3515 1591 3566 Τὰ
1635 3530 1731 3565 πε-

221 3623 237 3654 ι
271 3608 538 3673 πραγμένα
563 3609 662 3676 τῆς
696 3607 975 3676 παρούσης
1021 3606 1234 3659 συνόδου
1284 3606 1371 3657 διὰ
1399 3604 1555 3657 τοῦτο
1613 3606 1730 3668 ἐξο-

219 3713 236 3744 ι
262 3695 508 3766 λοκλήρου
550 3700 650 3751 οὐκ
678 3699 1019 3767 ἐγράφησαν,
1049 3697 1236 3765 ἐπειδὴ
1269 3696 1464 3766 μᾶλλον
1485 3696 1552 3746 τὰ
1591 3695 1732 3746 κατά

223 3801 238 3831 ι
267 3785 348 3835 τὸν
378 3789 552 3854 καιρδν
586 3789 855 3852 ἀναγκαῖα
880 3787 1020 3854 ἤπερ
1047 3785 1165 3836 τινὰ
1188 3783 1374 3851 γενικά
1400 3782 1728 3850 ὼρίσθησαν,

223 3891 238 3921 ι
271 3874 330 3924 δι’
362 3870 429 3927 ὧν
477 3876 698 3945 βραχεῖα
740 3876 982 3936 σύνθεσις
1013 3874 1117 3926 τῶν
1153 3872 1574 3944 σπουδβσμάτων
1635 3871 1732 3938 τῆς

221 3979 236 4011 ι
264 3965 420 4032 αὐτῆς
453 3967 668 4018 συνόδου
690 3965 1012 4034 διετυπώθη.
1053 3983 1071 4014 ι

776 4056 1009 4108 ΚΑΝΩΝ
1028 4053 1137 4119 ιιΖἎ

225 4163 237 4192 ι
267 4148 329 4198 Τὸ
382 4147 588 4214 βρέϐιον
619 4147 726 4199 τῶν
763 4146 1090 4212 κεφαλαίων.
1120 4147 1237 4198 ’Ὶνα
1289 4147 1543 4216 ἐλευθέρα
1573 4164 1724 4200 τοπο-

279 4258 292 4284 ι
328 4241 554 4306 τηρησξα
597 4240 662 4288 ἐκ
688 4237 875 4288 πασῶν
922 4239 1027 4287 τῶν
1061 4238 1336 4306 ἐπαρχιῶν
1369 4241 1445 4300 είς
1478 4241 1576 4308 τὴν
1609 4241 1733 4291 σύν-

279 4341 292 4368 ι
325 4322 436 4372 οδον
467 4323 740 4392 ἀποσταλῇ
768 4324 902 4391 πρὸς
930 4323 1200 4386 Μιζόνιον.
1238 4323 1618 4396 Τοποτηρηταὶ
1640 4329 1730 4378 καὶ

277 4433 291 4459 ι
324 4413 618 4480 γράμματα
645 4412 1016 4479 ἀποσταλῆναι
1044 4415 1514 4484 παρηγγέλθησαν,
1552 4418 1638 4469 διὰ
1672 4419 1730 4469 τὸ
1765 4437 1810 4494 ι)

278 4521 295 4548 ι
333 4503 557 4568 ἀσκελειν
597 4502 891 4572 ἐλευθέραν
941 4502 1219 4570 ἐκπέμψαι
1276 4507 1679 4574 τοποτηρησίαν
1717 4523 1729 4535 ·

277 4613 290 4636 ι
329 4593 428 4654 ἵνα,
464 4593 650 4660 ἐπειδὴ
682 4595 735 4643 ἐν
766 4593 1066 4660 Καρχηδόνι
1085 4593 1244 4662 μόνον
1278 4594 1468 4658 ἓνωσις
1496 4597 1731 4662 ἐγένετο,

279 4699 294 4727 ι
328 4680 606 4749 πεμφθῶσι
637 4683 941 4750 γράμματα
972 4683 1104 4752 πρὸς
1131 4684 1255 4744 τοὺς
1279 4685 1568 4753 ἄρχοντας,
1589 4687 1734 4750 ὅπως

280 4772 413 4821 «καὶ
447 4773 502 4822 ἐν
531 4774 652 4832 ταῖς
710 4772 895 4832 ἀλλαις
937 4772 1223 4842 ἐπαρχίαις
1271 4775 1366 4825 καὶ
1417 4775 1632 4827 πόλεσιν
1683 4780 1732 4829 οί

282 4878 296 4908 ι
327 4863 472 4913 αὐτοὶ
500 4864 763 4930 ἄρχοντες
793 4861 1026 4930 σπουδὴν
1058 4865 1523 4934 ἐπιχορηγηθῆναι
1552 4866 1736 4918 κελεύ-

278 4970 292 5000 ι
327 4969 454 5004 σωσι
495 4957 564 5022 τῇ
601 4952 834 5020 ἐνότητι,
876 4953 962 5005 ἶνα
986 4954 1323 5024 εὐχαριστίαι
1377 4955 1483 5008 ἀπὸ
1529 4958 1626 5026 τῆς
1675 4959 1734 5010 ἐν

277 5065 292 5094 ι
330 5049 624 5118 Καρχηδόνι
662 5047 984 5118 Ἐ’κκλησίας
1006 5048 1146 5116 ὑπὲρ
1166 5047 1341 5118 πάσης
1363 5049 1457 5117 τῆς
1477 5051 1733 5119 ’Λφρικῆς

274 5156 291 5187 ι
336 5143 454 5208 περὶ
501 5139 594 5191 τοῦ
630 5139 967 5209 ἀπελαθῆναι
1022 5141 1148 5203 τοὺς
1209 5142 1537 5204 Δονατιστάς
1597 5143 1734 5209 μετὰ

276 5247 292 5276 ι
322 5231 657 5297 γραμμάτων
709 5230 816 5282 τῶν
870 5229 1182 5281 ἐπισκόπων
1210 5231 1300 5281 ἐπὶ
1353 5229 1412 5282 τὸ
1445 5234 1732 5300 κομιτᾶτον

272 5334 288 5365 ι
334 5321 674 5387 πεμφθῶσιν.
733 5321 1040 5388 Γράμματα
1098 5322 1514 5392 ἀνεγνώσθησαν
1579 5325 1734 5376 ἰννο-

273 5425 289 5457 ι
324 5410 524 5461 κεντίου
557 5411 652 5462 τοῦ
703 5410 926 5474 πάππα,
964 5411 1050 5462 ἵνα
1077 5413 1124 5464 οἱ
1161 5413 1450 5465 ἐπίσκοποι
1481 5413 1555 5475 ὡς
1576 5414 1731 5484 ἔτυχε

279 5515 294 5546 ι
332 5499 462 5568 πρὸς
518 5500 587 5551 τά
632 5501 984 5568 περαματικά
1049 5502 1264 5554 ἀπιέναι
1309 5503 1381 5572 μὴ
1427 5504 1680 5558 δύνανται
1715 5522 1728 5538 ’

274 5605 291 5637 ι
320 5588 452 5656 ὅπερ
487 5589 643 5643 τοῦτο
671 5592 802 5643 αὐτὸ
826 5594 942 5652 ταῖς
981 5591 1224 5660 γνώμαις
1273 5593 1380 5644 τῶν
1415 5594 1732 5646 ἐπισκόπων

277 5679 786 5747 ιβεϐαιυῦται·ἱ’να
857 5682 941 5734 διὰ
993 5686 1090 5753 τὴν
1160 5686 1507 5754 εὐχαριστίαν
1575 5687 1701 5754 περὶ
1771 5688 1861 5740 τοῦ
1929 5683 2213 5754 διωχθῆναι
2265 5684 2385 5745 τοὺς
2439 5686 2760 5748 Δονατιστὲις

1815 551 1880 602 ad
1917 551 2173 619 palatium
2209 553 2401 606 missos
2446 567 2565 608 esse
2606 552 2944 605 doceremur.
2986 549 3341 616 Religiosissi-

1813 655 1926 692 mos
1952 651 2130 694 autem
2165 643 2534 710 imperatores,
2573 644 2673 696 hoc
2709 651 2826 705 est,
2877 639 3192 693 Christianae
3223 637 3342 691 ﬁdei

1814 731 2122 799 nominique
2150 734 2385 800 apprime
2416 733 2675 796 addictos,
2705 747 2765 785 ac
2797 731 3062 799 religionis
3084 728 3345 782 Christia—

1812 835 1895 873 nae
1923 821 2002 872 vel
2031 821 2258 872 maxime
2286 822 2578 873 retinentes
2631 820 2979 888 appellavere.
3036 817 3114 870 Ad
3136 829 3345 882 compe-

1813 910 2035 960 scendos
2065 907 2454 961 Donatistarum
2484 909 2692 962 furores
2711 917 2764 962 et
2790 908 3020 961 insanias
3047 949 3060 972 ,
3087 907 3347 975 prazfeCtis

1816 1011 1996 1050 carum
2025 999 2417 1065 provinciarum
2461 1000 2748 1052 mittendas
2789 1012 2906 1051 esse
2934 999 3138 1052 litteras
3165 998 3347 1051 decre-

1817 1099 2028 1151 verunt,
2056 1098 2108 1140 ut
2131 1090 2406 1153 ecclesias,
2434 1104 2633 1156 eosque
2659 1090 2746 1156 qui
2772 1091 2964 1158 praedia
2988 1090 3348 1156 possidebant,

1816 1178 1861 1232 si
1904 1178 1978 1230 illi
2019 1181 2271 1233 nimirum
2306 1181 2446 1233 inter
2491 1181 2797 1236 Catholicos
2830 1193 3194 1245 censerentur,
3251 1182 3347 1248 ipsi

1818 1266 2161 1322 defenderent
2191 1272 2292 1322 :de
2322 1270 2533 1339 Equitio
2569 1283 2780 1338 quoque
2808 1280 2864 1324 ut
2893 1270 3226 1334 extrudatur,
3259 1287 3354 1320 nec

1822 1357 1981 1410 ullam
2036 1359 2383 1412 sacerdotalis
2425 1359 2658 1412 muneris
2696 1367 2899 1425 partem
2948 1359 3168 1412 omnino
3198 1361 3356 1409 attin-

1821 1452 1927 1511 gat.
1959 1441 2241 1498 Mittendas
2263 1447 2443 1512 {etiam
2476 1445 2681 1499 litteras
2711 1447 2775 1497 ad
2812 1445 3110 1498 Romanum
3145 1447 3358 1514 episco~

1820 1550 1968 1602 pum,
2003 1543 2052 1586 ul
2089 1535 2289 1604 legatos
2319 1538 2505 1605 imper.
2539 1539 2717 1601 sistat,
2755 1539 2851 1591 hoc
2877 1547 2974 1598 est,
3021 1539 3356 1590 commendet

1821 1633 1981 1690 atque
2009 1625 2292 1689 conciliet;
2325 1641 2387 1678 ac
2416 1626 2468 1678 in
2502 1627 2743 1680 eamdem
2791 1628 3109 1680 sententiam
3145 1630 3210 1679 ad
3263 1641 3354 1679 ea-

1826 1729 1940 1766 rum
1979 1715 2260 1781 regionum
2293 1717 2588 1784 epiScOpos,
2627 1717 2675 1769 in
2708 1719 2898 1784 quibus
2935 1727 3058 1770 tunc
3105 1717 3356 1783 temporis

1749 1793 1796 1851 B
1825 1805 2118 1872 imperator
2165 1805 2548 1869 diversaretur,
2607 1808 2943 1860 scribendum
2997 1821 3117 1860 esse
3167 1817 3358 1860 Statue--

1818 1905 1965 1946 runt.

1815 1983 2036 2038 ARIST.
2099 2003 2116 2035 ι
2153 1985 2251 2050 Qui
2307 1985 2356 2037 in
2403 2001 2523 2038 vera
2565 1987 2816 2054 religione
2869 1987 2997 2048 nati.
3051 1998 3102 2039 et
3155 1987 3204 2038 in
3259 1987 3358 2039 ﬁde

1893 2094 1912 2126 ι
1954 2077 2162 2130 educati
2217 2078 2427 2130 fuerunt
2459 2077 2824 2144 imperatores,
2872 2093 3086 2130 manum
3130 2078 3361 2130 auxilia—

1896 2185 1914 2216 ι
1950 2168 2132 2221 tricem
2206 2168 2450 2222 ecclesiis
2503 2169 2754 2221 exhibere
2809 2172 3000 2223 debent
3056 2188 3068 2221 :
3115 2171 3358 2238 quoniam

1896 2275 1914 2305 ι
1959 2268 2010 2309 et
2046 2257 2208 2311 Paulo
2249 2258 2490 2310 militaris
2535 2274 2724 2311 manus
2759 2260 3044 2326 indigente,
3078 2259 3188 2312 lucc
3222 2259 3363 2311 inso-

1894 2363 1912 2394 ι
1947 2345 2164 2398 lentium
2187 2345 2630 2412 conspirationem
2659 2347 2944 2400 dissolvit.»

1893 2435 2105 2487 Piorum
2150 2435 2531 2502 imperatorum
2579 2435 2778 2488 auxilio
2814 2444 2864 2489 et
2893 2438 3200 2504 adjumento
3227 2454 3365 2491 sem-

1824 2538 1917 2591 per
1949 2524 2184 2591 indigent
2210 2524 2444 2578 ecclesize
2487 2543 2500 2578 :
2528 2535 2583 2579 et
2627 2526 2819 2578 debent
2853 2528 2981 2578 illud
3017 2527 3078 2581 iis
3108 2531 3362 2595 pnebere,

1825 2620 2004 2680 utpote
2048 2614 2137 2680 qui
2166 2612 2283 2668 tidei
2333 2625 2458 2669 sunt
2495 2629 2950 2684 propugnatores:
2983 2633 3046 2668 ne
3105 2620 3168 2668 ab
3195 2619 3362 2670 barre-

1826 2704 1944 2756 ticis
1997 2705 2156 2773 632
2206 2716 2294 2758 aut
2349 2707 2701 2774 immorigeris
2729 2707 2997 2774 despectui
3050 2709 3363 2762 habeantur.

1827 2790 2033 2846 Etenim
2070 2796 2180 2859 ipse
2233 2810 2440 2864 quoque
2472 2797 2665 2850 Paulus
2723 2797 3060 2851 insolentium
3095 2800 3368 2852 hominmn

1825 2884 2272 2951 conspirationem
2307 2886 2522 2940 militari
2567 2888 2770 2941 auxilio
2798 2890 3066 2943 discussit.

2428 3067 2578 3121 Actio
2615 3081 2782 3121 8011a.

1902 3172 1920 3204 ι
1963 3155 2088 3220 Quae
2127 3156 2177 3208 in
2224 3157 2324 3209 bac
2365 3160 2565 3227 synodo
2611 3163 2822 3212 deﬁnita
2856 3168 2976 3213 simt
3008 3161 3181 3213 brevis
3223 3161 3367 3228 adje-

1836 3265 1853 3297 ι
1889 3247 1996 3298 ctio
2041 3247 2296 3300 declarat.
2341 3249 2448 3302 Sub
2481 3250 2746 3304 Stelieone
2775 3268 2956 3304 rursus
2985 3265 3037 3305 et
3067 3254 3367 3314 Anthemio,

1835 3354 1854 3385 ι
1887 3336 2201 3390 clarissimis
2228 3339 2557 3403 consulibus,
2585 3341 2650 3394 ad
2677 3342 2936 3394 decimum
2964 3342 3064 3394 cal.
3094 3343 3364 3410 Septemb.

1837 3443 1854 3473 ι
1896 3426 2238 3495 Carthagine,
2295 3429 2343 3481 in
2399 3430 2619 3484 ecclesia
2677 3432 2894 3487 secundi
2945 3433 3192 3486 climatis.
3241 3434 3369 3488 Aeta

1834 3531 1854 3565 ι
1906 3517 2184 3582 praesentis
2229 3521 2415 3586 synodi
2471 3530 2746 3588 propterea
2802 3522 3004 3588 integre
3047 3524 3239 3588 scripta
3269 3539 3369 3574 llOlI

1836 3621 1854 3654 ι
1901 3616 2047 3670 sunt,
2094 3608 2341 3673 quoniam
2400 3611 2567 3679 magis
2619 3625 2736 3678 quae
2781 3622 2935 3664 erant
2991 3627 3086 3677 pro
3139 3623 3373 3678 tempore

1841 3713 1858 3744 ι
1896 3698 2222 3761 necessaria,
2251 3713 2408 3766 quam
2440 3700 2546 3753 ulla
2580 3701 2870 3768 generalia,
2906 3705 3186 3754 constituta
3221 3714 3370 3760 sttui;

1838 3801 1854 3831 ι
1913 3795 2130 3851 propter
2177 3800 2295 3852 qua:
2341 3787 2515 3842 brevis
2562 3790 2876 3856 compositio
2920 3806 3124 3854 eorum,
3157 3806 3276 3859 quae
3326 3795 3372 3843 iu

1839 3894 1856 3926 ι
1899 3875 1997 3930 bac
2029 3876 2231 3946 synodo
2264 3877 2501 3932 studiose
2535 3889 2653 3932 acta
2681 3889 2825 3944 sunt,
2858 3894 3106 3948 expressa
3139 3892 3238 3937 est.
3282 3901 3302 3934 ›

2371 4053 2597 4109 CANON
2624 4054 2832 4110 XCVII.

1891 4144 2222 4198 tireviculum
2249 4147 2502 4213 capitum.
2529 4146 2596 4201 Ut
2621 4148 2787 4202 libera
2823 4149 3018 4218 legatio
3043 4165 3103 4203 ex
3133 4153 3379 4204 omnibus

1909 4252 1926 4284 ι
1966 4235 2251 4302 provinciis
2285 4235 2349 4286 ad
2391 4236 2647 4302 synodum
2698 4237 2938 4290 mittatur
2968 4237 3018 4288 in
3055 4236 3368 4292 Mizonium.

1911 4344 1928 4375 ι
1967 4324 2146 4392 Legati
2179 4341 2388 4394 quoque
2414 4327 2618 4380 litteras
2649 4328 2858 4380 :nittore
2885 4327 3023 4392 jussi
3053 4339 3197 4390 sunt,
3240 4335 3375 4397 ιιιιυιί

1912 4436 1929 4466 ι
1982 4416 2211 4469 debeant
2242 4417 2486 4470 emittere
2520 4418 2738 4470 liberam
2761 4418 3074 4485 legationem
3109 4437 3120 4471 :
3154 4429 3228 4485 ut,
3259 4423 3378 4489 quin

1917 4525 1933 4556 ι
1977 4506 2301 4576 Carthagine
2343 4508 2509 4561 solum
2556 4508 2682 4560 unio
2715 4507 2851 4560 facta
2898 4520 2998 4573 est,
3046 4512 3232 4566 litterae
3264 4517 3382 4564 mit-

1918 4612 1934 4644 ι
1978 4603 2159 4645 tantur
2188 4595 2251 4646 ad
2286 4595 2648 4661 magistratus.
2685 4606 2739 4648 ut
2769 4597 2822 4649 in
2871 4598 2989 4650 aliis
3021 4616 3230 4668 quoque
3260 4619 3380 4668 pro-

1917 4700 1933 4731 ι
1974 4682 2162 4735 vinciis
2202 4693 2256 4735 et
2304 4683 2610 4737 civitatibus
2657 4684 2755 4751 ipsi
2802 4687 3381 4758 magistratusjubeaut

1916 4790 1933 4822 ι
1967 4772 2202 4825 studium
2229 4773 2469 4826 adhiberi
2499 4775 2677 4826 unioni
2704 4790 2718 4839 ;
2751 4786 2804 4827 ut
2830 4778 3116 4842 gratiarum
3145 4781 3382 4832 actiones

1918 4879 1936 4909 ι
1969 4862 2034 4915 ab
2063 4861 2298 4916 Ecclesia
2358 4863 2759 4933 Carthaginiensi
2805 4882 2900 4933 pro
2953 4877 3060 4918 tota
3110 4866 3284 4920 Africa
3319 4869 3384 4918 de

1916 4970 1932 5001 ι
1988 4954 2173 5020 ejectis
2207 4955 2494 5007 Donatistis
2543 4972 2663 5008 cum
2708 4955 2894 5010 litteris
2929 4958 3297 5025 episcoporum
3330 4959 3380 5010 in

1918 5060 1936 5092 ι
1993 5044 2299 5098 comitatum
2357 5045 2657 5099 mittantur.
2717 5045 2969 5100 Recitata:
3024 5060 3144 5099 sunt
3195 5047 3382 5099 littera:

1920 5155 1937 5186 ι
1990 5135 2282 5190 Innocentii
2325 5151 2489 5204 papae,
2543 5145 2598 5188 ut
2645 5137 2873 5204 episcopi
2917 5140 2978 5188 ad
3029 5137 3378 5189 transmarina

1908 5247 1925 5278 ι
1964 5244 2183 5298 pergere
2227 5228 2383 5281 facile
2429 5245 2532 5282 non
2567 5230 2827 5285 debeant°
2873 5233 3008 5298 quod
3050 5233 3220 5298 ipsum
3270 5232 3384 5297 epi-

1915 5339 1932 5370 ι
1989 5333 2270 5386 scoparum
2319 5320 2601 5373 sententiis
2649 5322 2997 5373 conﬁrmatur
3030 5340 3040 5373 :
3073 5334 3124 5374 ut
3173 5331 3384 5389 prapter

1912 5427 1931 5458 ι
1995 5412 2287 5478 gratiarum
2346 5412 2608 5465 actionem
2665 5418 2731 5463 ob
2778 5413 3021 5465 exclusos
3076 5414 3380 5464 Donatistus

1915 5521 1932 5553 ι
1971 5503 2077 5556 duo
2110 5503 2288 5555 clerici
2318 5503 2570 5556 Ecclesia:
2610 5503 3044 5572 Carthaginiensis
3071 5505 3134 5557 ad
3163 5504 3386 5557 comita-

1917 5603 2058 5644 ttum
2089 5593 2386 5645 mittantur.
2416 5610 2432 5641 ι

2837 5687 2926 5739 δύο
2994 5686 3241 5754 κληρικοὶ
3286 5683 3384 5754 τῆς

283 5792 298 5823 ι
336 5778 387 5828 ἐν
418 5778 721 5836 Kac-{ﬂow
767 5775 1084 5836 Ἐκκλησὶας
1107 5781 1206 5831 ’ἐπὶ
1239 5781 1296 5831 τ’»
1332 5782 1620 5832 muta-itm
1650 5783 1987 5835 πειιιδθῶσιν.
2024 5799 2039 5829 ι
