4002 6314
202 371 295 439 337

1225 388 1302 450 IN
1335 388 1496 447 CAN.
1531 388 1711 451 XCIX
1745 390 1953 451 CONC.
1989 392 2359 452 CARTIIAG.

3259 381 3360 442 338

264 505 282 536 ι
310 486 533 554 λυθῆναι
568 493 695 555 τοὺς
727 495 1069 556 Δονατιστάς.
1099 496 1294 563 Κοινῆς
1317 498 1505 567 χρείας
1528 497 1722 551 καλού-
1754 545 1758 556 .

1902 519 1921 552 ι
1957 510 2060 554 tur.
2107 497 2385 555 Communi
2430 507 2647 565 urgente
2686 496 3020 556 necessitate,
3062 494 3124 543 ad
3170 494 3363 559 princi-

271 594 289 625 ι
323 592 436 645 σης,
472 580 770 647 γράμματα
794 582 927 649 πρὸς
955 584 1049 651 τὴν
1080 584 1401 655 αύθεντικὴν
1427 586 1722 653 πεμπέσθω
1753 603 1764 613 ’

272 682 289 714 ι
319 668 606 738 καθέδραν,
639 670 735 722 καὶ
771 671 985 733 σύνοδος
1025 672 1277 739 γινέσθω,
1315 675 1441 729 ἐνθα
1467 674 1683 728 εὔθετον
1712 691 1724 705 ·

277 773 295 806 t
328 758 382 809 αί
409 757 465 811 δέ
497 760 570 828 μὴ
593 762 776 813 κοιναὶ
796 761 963 814 αίτίαι
998 763 1055 816 ἐν
1082 765 1203 827 ταῖς
1229 764 1390 826 ίδίαις
1439 765 1727 833 ἐπαρχίαις

278 864 295 895 ι
329 848 713 915 κρινέσθωσαν.
768 868 786 901 ι

277 936 339 987 Τὸ
367 936 463 1004 μὲν
492 936 554 988 ἐν
593 938 800 1011 ἑκάστῃ
826 940 1061 1013 ἐπαρχίᾳ
1082 941 1294 997 σύνοδον
1334 946 1455 999 κατ’
1480 945 1596 1007 ἔτος
1619 944 1729 997 τῶν

1904 609 1923 640 ‹
1982 590 2151 656 palem
2205 589 2385 643 sedem
2443 586 2635 639 litterae
2686 584 2985 647 mittantur,
3033 589 3087 635 et
3136 579 3363 649 Synmltts

1896 695 1913 727 ι
1969 676 2263 729 celebretur
2301 677 2355 727 in
2387 675 2505 727 loco
2550 671 2904 724 convenienti.
2961 669 3141 722 Causae
3189 677 3367 719 autem

1902 784 1921 816 ι
1955 765 2235 819 ordinaria:
2270 765 2320 817 in
2355 762 2581 832 propriis
2610 760 2897 828 provinciis
2948 758 3314 825 diiudicentur.

1898 937 1952 992 In
2007 939 2211 1006 singula
2265 938 2475 1006 quidem
2526 933 2792 1003 provincia
2854 933 3107 1003 synodum
3165 948 3369 1001 episco-

217 1027 508 1077 ἐπισκόπων
535 1027 701 1096 αὐτῆς
720 1029 984 1093 γίνεσθαι,
1002 1033 1095 1085 καὶ
1120 1034 1218 1095 τὰς
1243 1032 1733 1104 παρεμπιπτούσας

1861 1042 2025 1081 torum
2074 1029 2215 1082 illius
2258 1027 2543 1095 Quotannis
2593 1025 2871 1091 celebrari,
2906 1034 2956 1078 et
2983 1024 3371 1078 controversias

216 1114 267 1164 ἐν
285 1114 461 1174 αὐταῖς
490 1114 674 1177 ίδικῶς
699 1116 1158 1185 ἐκκλησιαστικάς
1210 1122 1543 1191 ἀμφιϐολίας
1576 1136 1732 1174 κανο-

218 1203 361 1265 νικῶς
393 1202 568 1271 ζητεῖν
595 1221 654 1258 τε
684 1208 779 1260 καὶ
801 1208 945 1261 λύειν
974 1211 1068 1263 καὶ
1098 1212 1129 1279 ἡ
1161 1212 1375 1272 σύνοδος
1402 1210 1538 1279 αὕτη
1561 1228 1731 1281 προσ-

217 1294 415 1345 τάττει·
454 1294 515 1345 τὸ
537 1294 595 1346 δὲ
630 1296 816 1349 πασῶν
872 1298 980 1350 τῶν
1027 1301 1301 1369 ἐπαρχιῶν
1348 1302 1445 1368 τῆς
1475 1300 1737 1369 Ἀφρικῆς

216 1382 327 1443 τοὺς
346 1382 679 1449 ,ἐπισκόπους
736 1388 1088 1457 συνέρχεσθαι
1138 1389 1194 1442 ἐν
1240 1406 1344 1442 τινι
1409 1390 1577 1459 τόπῳ,
1644 1391 1739 1445 καὶ

223 1473 389 1542 κοινὴν
415 1478 586 1528 ποιεῖν
616 1477 853 1540 σύνοδον,
881 1480 930 1530 εί
955 1479 1027 1548 μὴ
1068 1480 1245 1533 κοιναί
1292 1480 1429 1532 εἰσιν
1477 1482 1534 1532 si
1571 1482 1739 1534 αίτίαι

222 1560 281 1612 δι’
312 1562 371 1624 ἀς
393 1565 662 1631 ὀφείλουσι
697 1569 990 1632 συνελθεῖν,
1028 1568 1198 1631 ἄλλως
1227 1569 1470 1636 γίνεσθαι
1501 1570 1561 1622 ού
1602 1587 1734 1637 συγ-

225 1656 392 1720 χωρεῖ.
433 1654 699 1721 Ὀπηνίκα
733 1657 789 1709 δέ
813 1674 894 1717 τις
948 1658 1097 1726 κοινὴ
1148 1658 1298 1710 αἰτία
1337 1659 1520 1728 κοινὴν
1540 1659 1741 1729 ἀπαιτῇ

225 1741 450 1805 γενέσθαι
492 1742 734 1808 σύνοδον,
768 1745 903 1813 πρὸς
940 1746 1033 1796 τδν
1061 1746 1159 1815 τὴν
1216 1748 1438 1815 πρώτην
1474 1749 1741 1815 καθέδραν

229 1829 398 1895 ἔχοντα
425 1831 723 1885 ἐπίσκοπον
751 1833 1028 1900 ὀφείλουσι
1087 1835 1237 1905 παρά
1286 1837 1393 1888 τῶν
1440 1838 1747 1889 ἐπισκόπων

230 1920 520 1987 πέμπεσθαι
568 1923 895 1991 γράμματα,
928 1925 1019 1977 καὶ
1047 1924 1174 1976 ἔνθα
1230 1927 1296 1979 ἂν
1324 1928 1531 1988 ἐκεῖνος
1586 1927 1748 1997 κρίνῃ

228 2011 508 2079 ἐπιτήδειον
536 2008 678 2065 εἶναι
711 2013 1003 2080 συνελθεῖν,
1041 2016 1217 2069 ἐκεῖσε
1245 2018 1337 2069 καὶ
1388 2017 1745 2087 συναχθήσον-

229 2114 328 2151 ται.

767 2194 999 2250 ΚΑΝΩΝ
1035 2197 1150 2265 ιε’.

239 2298 256 2329 ι
297 2282 403 2335 ἰνα
423 2285 670 2353 αἱρετοὺς
694 2287 953 2350 δικαστὰς
978 2288 1051 2357 μὴ
1077 2289 1195 2352 ἐξὸν
1222 2288 1309 2355 εἴη
1334 2289 1754 2344 ἐκκαλέσασθαι.

303 2390 319 2421 t
369 2373 487 2425 Ἐὰν
514 2375 571 2427 δέ
625 2375 849 2443 γένηται
894 2377 1178 2444 ἐκκλητος,
1240 2379 1333 2430 καὶ
1378 2378 1689 2445 ἐπιλέξηται
1729 2380 1757 2428 δ

301 2478 317 2510 t
354 2464 787 2527 ἐκκαλεσάμενος
812 2466 1090 2531 δικαστὰς,
1118 2467 1211 2519 καὶ
1240 2467 1355 2534 μετ’
1387 2467 1549 2521 αὑτοῦ
1578 2469 1761 2521 κάκεί-

303 2569 319 2600 ι
350 2569 434 2613 νος
462 2554 588 2606 καθ’
606 2547 669 2606 οὗ
703 2555 1075 2621 ἐξεκαλέσατο,
1104 2556 1198 2609 τοῦ
1216 2556 1403 2631 λοιποῦ
1429 2558 1533 2609 ἀπὸ
1560 2557 1760 2609 τούτων

302 2658 320 2689 ι
348 2643 526 2710 μηδενὶ
551 2643 753 2706 ἐξέστω
781 2645 1147 2700 ἐκκαλεῖσθαι.
1187 2647 1323 2715 Περὶ
1349 2663 1548 2715 τοποτη
1560 2648 1761 2715 ρησιῶν

304 2732 623 2801 ιδιαφὸρων
688 2735 987 2804 ἐπαρχιῶν.
1063 2736 1186 2800 Ὑφ’
1237 2736 1295 2787 ἓν
1373 2736 1761 2805 τοποτηρησίαι

304 2839 319 2870 ι
347 2821 618 2891 διαφόρων
654 2824 931 2894 ἐπαρχιῶν
988 2828 1397 2895 ἐμςανισθεῖσαι
1470 2829 1764 2898 χαριέντως

304 2928 319 2959 ι
349 2912 821 2979 προσεδέχθησαν·
882 2914 1024 2968 τοῦτ’
1078 2916 1191 2968 ἔστι
1247 2916 1355 2968 τῶν
1426 2915 1765 2985 Νουμηδίων,

308 3019 325 3052 ι
356 3004 459 3057 τῶν
525 3006 877 3071 Βυζακηνῶν,
924 3008 1031 3060 τῶν
1078 3009 1317 3077 Μαύρων
1382 3011 1764 3077 Σιτιφενσιῶν·

1832 1117 2047 1186 proprie
2068 1117 2453 1171 ecclesiasticas
2476 1116 2527 1167 in
2551 1116 2612 1167 iis
2637 1115 2923 1167 incidentes
2945 1114 3194 1166 canonice
3234 1127 3374 1180 quae-

1838 1221 1956 1261 rere
2002 1206 2201 1273 pariter
2246 1220 2309 1259 ac
2355 1206 2580 1264 solvere,
2613 1214 2664 1256 et
2696 1204 2805 1256 haec
2835 1204 2989 1254 etiam
3029 1202 3259 1270 synodus
3284 1202 3376 1268 ju-

1839 1295 1948 1349 bet.
1974 1294 2220 1349 Omnium
2248 1301 2423 1347 autem
2463 1293 2654 1346 Africae
2688 1291 3076 1359 provinciarum
3104 1292 3376 1357 episcopos

1844 1387 1898 1439 in
1957 1386 2133 1450 aliquo
2188 1384 2305 1437 loco
2355 1384 2641 1438 convenire
2702 1391 2756 1435 et
2814 1394 3151 1433 communem
3209 1381 3379 1432 facere

1840 1474 2124 1545 synodum,
2172 1473 2270 1526 nisi
2317 1487 2622 1525 communes
2650 1472 2755 1523 sint
2785 1486 2978 1533 causa,
3009 1479 3219 1536 propter
3249 1484 3379 1537 quas

1846 1566 2134 1619 convenire
2165 1564 2379 1628 debent,
2406 1564 2557 1616 aliter
2586 1563 2696 1615 fieri
2729 1577 2830 1615 non
2860 1564 3136 1628 permittit.
3165 1560 3381 1625 Quando

1855 1663 2030 1707 autem
2075 1668 2234 1709 causa
2275 1653 2448 1721 aliqua
2481 1653 2776 1706 cnmmnnis
2801 1666 3131 1703 communem
3164 1650 3384 1717 requirit

1846 1743 2104 1798 celebrari
2164 1744 2444 1812 synodum,
2504 1742 2568 1795 ad
2628 1742 2956 1808 episcopum,
3012 1742 3098 1807 qui
3160 1741 3382 1805 primam

1847 1844 1989 1889 tenet
2030 1836 2360 1900 cathedram,
2385 1835 2572 1886 litterae
2606 1833 2672 1885 ab
2716 1831 2976 1898 episcopis
3010 1830 3143 1882 mitti
3170 1829 3384 1888 debent,

1852 1936 1905 1978 et
1940 1926 2024 1977 ubi
2066 1925 2152 1978 ille
2197 1925 2438 1978 idoneum
2471 1922 2790 1991 iudicaverit
2820 1920 3124 1985 convenire,
3158 1918 3227 1973 ibi
3263 1932 3386 1972 con-

1849 2016 2231 2086 gregztbunlttr.

2413 2193 2636 2250 CANON
2670 2192 2854 2249 XCIX.

1861 2303 1879 2337 ι
1916 2284 1993 2341 Ne
2032 2288 2099 2340 ab
2127 2287 2373 2341 electitiis
2399 2288 2673 2355 iudicibus
2705 2285 2969 2353 appellare
3001 2282 3177 2337 liceat.
3215 2279 3271 2336 Si
3302 2296 3394 2333 au-

1923 2394 1941 2427 ι
1975 2384 2079 2429 tem
2107 2377 2301 2431 emissa
2331 2379 2397 2430 sit
2425 2377 2730 2445 appellatio.
2761 2384 2815 2429 et
2842 2374 2928 2441 qui
2955 2372 3229 2441 appellavit
3258 2370 3398 2439 judi-

1937 2484 1955 2516 ι
1995 2480 2085 2521 ccs
2129 2467 2367 2533 elegerit.
2418 2474 2469 2518 et
2514 2480 2632 2521 cum
2664 2464 2753 2518 illo
2789 2464 2831 2516 is
2865 2476 3098 2531 quoque,
3143 2460 3398 2514 adversus

1930 2574 1947 2607 ι
1986 2570 2141 2622 quem
2194 2553 2501 2624 appellavit,
2536 2556 2601 2608 ab
2634 2554 2719 2608 bis
2766 2553 3012 2620 deinceps
3058 2550 3185 2604 nulli
3218 2550 3401 2618 appel—

1933 2661 1952 2695 ι
2008 2643 2116 2698 lare
2147 2644 2323 2697 liceat.
2359 2643 2431 2698 De
2461 2643 2788 2721 diversarum
2826 2627 3218 2710 provinciarum
3252 2640 3398 2705 lega-

1932 2752 1949 2783 ι
1994 2734 2252 2788 tionibus.
2302 2734 2639 2788 Diversarum
2675 2732 3070 2799 provinciarum
3102 2729 3407 2797 legationes

1930 2842 1948 2874 ι
1982 2824 2137 2876 simul
2176 2832 2565 2891 reprzescntatze
2596 2822 2824 2876 libenter
2851 2822 3096 2875 admissa!
3122 2828 3263 2883 sunt,
3297 2819 3415 2871 hoe

1938 2932 1955 2965 ι
1985 2924 2088 2978 est,
2109 2913 2493 2975 Numidiarum,
2515 2913 2582 2982 By
2594 2927 2932 2973 zacenornm,
2956 2910 3257 2963 Maurorum
3278 2909 3404 2962 Siti-

1935 3023 1953 3054 ι
2007 3004 2235 3057 fensium
2260 3021 2275 3066 ;
2305 3003 2551 3057 similiter
2581 3012 2755 3055 autem
2788 3010 2841 3056 et
2872 3001 3318 3057 Caesarianorum.
3348 3006 3403 3051 et

308 3109 326 3143 t
352 3095 549 3160 ὁμοίως
569 3096 626 3148 δέ
660 3097 753 3148 καὶ
773 3098 1177 3166 Καισαριανῶν,
1209 3098 1341 3151 ἀλλὰ
1385 3099 1477 3151 καὶ
1515 3099 1623 3151 τῶν
1660 3098 1758 3151 ἀπὸ

1944 3112 1962 3144 ι
1997 3094 2156 3147 etiam
2176 3082 2646 3161 Tripolitanorum.
2678 3093 2750 3147 De
2769 3093 3108 3147 exactoribus
3136 3088 3401 3143 Ecclesiae.

310 3200 325 3233 t
359 3184 687 3252 Τριπόλεως.
716 3187 850 3255 Περὶ
882 3188 1222 3241 ἱκδιὸαστῶν
1246 3187 1345 3256 τῆς
1420 3188 1760 3255 Ἐκκλησίας.

310 3291 328 3322 ι
367 3274 598 3341 Ἤρεσεν
629 3276 765 3343 πρὸς
787 3276 1015 3340 τούτοις,
1034 3276 1517 3337 ὧστεέκὸιὸαστὰς
1547 3276 1601 3329 ἐν
1632 3279 1767 3329 πᾶσι

311 3382 327 3414 ι
360 3368 464 3426 τοῖς
487 3366 586 3433 τῆς
607 3366 934 3435 Ἐκκλησίας
951 3368 1231 3436 χρειώδεσι
1259 3368 1420 3419 πέντε
1450 3367 1767 3435 ἐπιλεγῆναι

305 3471 322 3502 ι
360 3454 663 3522 αίτηθῆναι,
714 3456 912 3517 οἵτινες
946 3459 1004 3507 ἐν
1053 3457 1172 3518 ταῖς
1217 3455 1491 3523 διαφόροις
1520 3456 1770 3525 ἐπιμερι-

318 3561 334 3591 ι
365 3545 644 3613 σθήσονται
676 3546 987 3613 ἐπαρχίαις.
1012 3564 1029 3597 t

298 3633 477 3689 ΒΔΛΣ.
504 3635 584 3688 Τά
616 3635 719 3702 μέν
747 3635 877 3688 ἄλλα
910 3635 1003 3687 τοῦ
1041 3636 1306 3705 παρόντος
1356 3636 1575 3699 κανόνος
1633 3635 1773 3689 εἰσὶν

242 3723 548 3793 ἀλυσιτελῆ·
593 3725 624 3776 δ
687 3724 743 3775 δέ
766 3741 898 3795 φησι
966 3727 1095 3791 περὶ
1146 3727 1438 3796 αἱρετικῶν
1482 3728 1767 3793 δικαστῶν,

240 3813 458 3867 τοιοῦτόν
537 3817 708 3868 ἐστιν.
761 3815 1036 3884 Αίρετικοί
1096 3817 1235 3870 είσιν
1261 3854 1278 3881 ,
1318 3818 1368 3869 οἶ
1425 3819 1517 3871 καὶ
1568 3820 1772 3888 αἱρετοὶ

239 3899 478 3955 δικασταὶ
506 3904 781 3972 λέγονται,
828 3906 877 3957 οἱ
910 3906 1047 3958 κατά
1078 3905 1295 3975 θέλησιν
1325 3906 1635 3971 δικάζοντες
1664 3909 1772 3961 τῶν

241 3991 617 4060 δικαζομένων.
650 3995 818 4062 Φησὶν
849 3991 943 4048 οὖν
976 3997 1004 4047 ὁ
1034 3994 1214 4049 κανὼν
1238 3997 1338 4060 ὅτι,
1369 3997 1461 4050 ἐὰν
1486 3998 1645 4067 κριθῇ
1663 4015 1770 4065 τις,

247 4082 327 4131 καὶ
358 4082 791 4150 ἐκκαλεσάμενος
821 4084 1012 4152 ἐληται
1043 4084 1194 4153 παρὰ
1216 4084 1353 4153 τῷδέ
1382 4102 1490 4138 τινι
1536 4086 1613 4154 τῷ
1655 4089 1774 4139 ἐπι-

244 4166 413 4233 σκόπῳ
443 4168 509 4218 τὰ
532 4171 631 4237 τῆς
664 4169 927 4238 ἐκκλήτου
952 4174 1252 4238 γυμνάσαι,
1297 4174 1391 4224 καὶ
1410 4172 1530 4225 οὐδὲ
1563 4174 1591 4224 ὁ
1624 4174 1770 4225 ἀντί-

242 4252 374 4318 δικος
425 4258 558 4324 πρὸς
589 4257 752 4311 τοῦτο
785 4259 1073 4329 ἀντιπέσῃ,
1105 4260 1281 4313 οὐδενὶ
1312 4260 1515 4313 τούτων
1540 4260 1632 4312 τοῦ
1663 4262 1774 4313 λοι-

1938 3203 1957 3236 ι
2011 3184 2218 3238 Placuit
2250 3198 2526 3253 praeterea.
2583 3194 2643 3238 ut
2695 3194 2980 3238 exactores
3030 3184 3086 3237 in
3135 3182 3405 3243 omnibus,

1946 3292 1963 3322 ο
2004 3288 2122 3344 quae
2164 3275 2361 3329 fuerint
2392 3274 2641 3329 Ecclesia:
2676 3273 2999 3337 necessaria,
3026 3273 3260 3340 quinque
3286 3269 3405 3339 eligi

1943 3383 1959 3415 ι
1998 3374 2265 3434 petantur,
2286 3365 2374 3433 qui
2396 3365 2447 3418 in
2479 3363 2699 3419 diversis
2723 3363 3009 3432 provinciis
3027 3362 3346 3414 dividantur.
3381 3376 3399 3408 ι

1935 3636 2125 3693 BALS.
2177 3637 2290 3692 Alia
2364 3636 2573 3704 quidem
2647 3637 2923 3703 prmsentis
2996 3637 3219 3691 canonis
3288 3648 3412 3690 sunt

1872 3729 2076 3783 inutilia
2126 3744 2139 3779 :
2182 3726 2322 3796 quod
2358 3738 2531 3780 autem
2580 3726 2706 3780 dicit
2733 3727 2798 3780 de
2828 3727 3076 3780 clectitiis
3114 3726 3408 3791 iudicibus.

1870 3828 1953 3871 est
2005 3817 2281 3886 eiusmodi.
2346 3817 2572 3870 Electitii
2635 3824 2761 3871 Sunt
2809 3815 3039 3883 iudices,
3106 3819 3193 3885 qui
3251 3819 3410 3871 etiam

1872 3908 2025 3963 electi
2075 3909 2344 3969 dicuntur,
2393 3909 2481 3977 qui
2512 3923 2575 3961 ex
2610 3908 2931 3976 litigantium
2976 3906 3245 3960 voluntate
3276 3908 3415 3976 judi-

1872 4006 2015 4051 cant.
2052 3995 2189 4051 Dicit
2222 4012 2350 4067 ergo
2378 4012 2572 4061 canon,
2606 3997 2747 4066 quod
2778 3997 2822 4048 si
2875 3996 2994 4064 quis
3030 3995 3188 4049 fuerit
3210 3997 3414 4062 judica-

1872 4096 1979 4144 tus.
2028 4097 2230 4142 etcum
2262 4087 2627 4155 appellaverit,
2662 4086 2885 4140 voluerit
2921 4087 2986 4140 ab
3015 4086 3136 4149 hoc,
3173 4083 3416 4155 quisquis

1873 4179 1920 4232 is
1972 4178 2063 4242 sit,
2110 4177 2361 4244 episcopo
2404 4176 2469 4230 de
2504 4190 2597 4229 sua
2653 4174 3008 4241 appellatione
3051 4174 3318 4245 cognosci,
3364 4183 3420 4227 et

1875 4285 1974 4325 nec
2003 4269 2345 4324 adversarius
2382 4268 2430 4321 ei
2462 4267 2862 4332 contradixerit,
2893 4266 3017 4321 nulli
3049 4283 3231 4321 eorum
3263 4266 3417 4320 dein-

246 4346 333 4395 ποῦ
379 4346 973 4413 ἐξέσταιέκκαλεῖσθαι
1005 4349 1145 4401 κατὰ
1175 4350 1272 4416 τῆς
1332 4349 1660 4418 ἀποφάσεως
1683 4351 1758 4403 rei

1876 4373 2001 4428 ceps
2040 4359 2223 4413 licebit
2267 4356 2531 4424 appellare
2561 4358 2818 4409 adversus
2846 4358 3163 4411 sententiam
3201 4356 3420 4422 iudicis.

242 4434 583 4491 δικαστοῦ.δν
614 4438 845 4504 inputo!
878 4438 1143 4488 ἀντίδικοι
1200 4436 1541 4507 ᾑρετίσαντο.
1583 4440 1688 4491 Καὶ
1746 4442 1758 4492 ί

1878 4463 2032 4512 quem
2061 4454 2289 4514 uterque
2315 4444 2663 4499 adversarius
2691 4444 2871 4511 elegit.
2903 4449 2979 4497 Ac
3011 4446 3062 4497 in
3094 4446 3176 4498 bis
3203 4446 3417 4514 quidem

248 4526 335 4589 μὲν
384 4527 559 4580 κανὼν
608 4530 668 4579 ἐν
706 4527 914 4588 τούτοις
973 4526 1274 4588 ἀκολούθως
1330 4530 1439 4589 τοῖς
1480 4528 1758 4580 πολιτικοῖ‹

1876 4535 2124 4590 consistit
2151 4548 2346 4597 canon,
2377 4532 2577 4599 legibus
2604 4532 2849 4584 civilibus
2873 4531 3273 4598 convenienter,
3301 4548 3421 4602 qua!

243 4615 344 4674 τοῖς
371 4616 635 4681 κειμένοις
668 4618 723 4665 ἐν
756 4616 831 4683 τῷ
851 4616 1089 4685 δευτέρῳ
1133 4617 1295 4686 τίτλῳ
1331 4617 1424 4668 τοῦ
1460 4617 1504 4679 ζ’
1537 4616 1644 4685 βιδ.
1670 4616 1758 4668 τῶι

1876 4622 1989 4677 sitae
2018 4632 2141 4675 sunt
2177 4621 2228 4673 in
2268 4622 2351 4673 tit.
2378 4620 2413 4675 3
2454 4619 2546 4673 lib.
2578 4634 2650 4670 vit
2691 4617 2908 4671 Basilio.
2957 4628 3009 4672 et
3040 4634 3157 4684 quae
3183 4628 3421 4672 statuunt

246 4701 557 4765 Βασιλικῶν,
585 4704 678 4755 καὶ
701 4704 1090 4773 διοριζομένοις
1140 4708 1283 4758 κατά
1309 4708 1409 4774 τῆς
1450 4706 1629 4772 ψήφου
1669 4706 1758 4758 τῶι

1878 4712 2132 4765 adversus
2167 4709 2523 4765 eleCtitiorum
2557 4707 2790 4776 iudicum
2825 4710 3143 4762 sententiam
3166 4722 3269 4762 non
3304 4709 3420 4763 dari

247 4794 464 4859 αἱρετῶν
491 4795 763 4847 δικαστῶν
793 4794 1056 4863 ἔκκλητον
1105 4795 1177 4865 μὴ
1211 4795 1467 4848 δίδοσθαι.
1499 4796 1588 4864 Μὴ
1618 4796 1758 4865 sirm;

1876 4801 2305 4867 appellationem.
2371 4796 2448 4850 Ne
2502 4797 2704 4850 dixeris
2763 4804 2939 4849 autem
3004 4796 3101 4851 bos
3158 4798 3420 4852 electitios

244 4880 442 4946 δέτοίις
499 4884 775 4943 τοιούτους
808 4884 1054 4953 αἱρετοὺς
1109 4886 1368 4948 δικαστὰς
1424 4886 1756 4939 καθίστασθε.

1872 4890 2079 4958 judices
2132 4888 2383 4942 constitui
2443 4902 2565 4942 cum
2612 4886 2825 4940 datione
2872 4899 3041 4955 pinna:
3077 4887 3243 4940 instar
3274 4889 3422 4941 arbi-

248 4973 373 5037 μετὰ
394 4974 591 5029 δόσεως
624 4975 930 5044 προστίμου
953 4977 1089 5029 κατά
1107 4962 1204 5046 τήν
1233 4976 1392 5044 φύσιν
1418 4977 1525 5027 τῶν
1546 4978 1758 5045 αἱρετῶπ

1878 4987 2103 5030 trorum.
2129 4976 2183 5029 Si
2206 4976 2325 5043 quis
2347 4984 2523 5029 autem
2548 4974 2765 5046 dixerit,
2793 4975 2937 5042 quod
2960 4972 3224 5044 635nm
3252 4989 3421 5042 paenae

245 5063 516 5120 δικαστῶν.
555 5067 613 5119 El
642 5067 697 5119 δὲ
729 5084 811 5130 τις
841 5067 967 5138 είπῃ
990 5068 1084 5130 ὡς,
1125 5068 1530 5139 προστίμουμὴ
1565 5070 1758 5137 ὲπερω·

1877 5063 2147 5130 stipulatio
2188 5061 2567 5126 intercesserit,
2631 5059 3015 5113 condemnatus
3049 5060 3182 5112 citra
3256 5061 3418 5114 nllttm

246 5156 509 5224 τηθέντος,
554 5156 849 5219 ἀκινδύνως
879 5159 907 5210 6
939 5158 1356 5219 καταδικασθεὶς
1377 5159 1439 5209 ού
1470 5158 1758 5228 πειθαρχή-

1878 5152 2240 5221 praejudicium
2282 5151 2559 5205 sententiae
2590 5165 2692 5203 non
2757 5150 2961 5217 parebit
2989 5191 3019 5217 ,η
3044 5150 3240 5216 audiet,
3280 5152 3422 5219 quod

249 5262 323 5298 σει
346 5250 406 5315 τῇ
452 5248 640 5317 ψήφῳ,
670 5247 892 5313 ἀκούσει
938 5250 1044 5319 ὅτι,
1093 5250 1185 5302 τδν
1242 5250 1315 5319 μὴ
1348 5250 1542 5317 ΔΙέχοντα
1574 5250 1778 5303 δικαιο-

244 5336 414 5391 δοσίαν
433 5341 529 5392 ἐὰν
545 5340 890 5410 αίρετίσηταί
926 5358 1032 5405 τις,
1067 5342 1160 5393 καὶ
1196 5343 1492 5411 πρόστιμον
1516 5344 1613 5394 οὐκ
1650 5344 1778 5393 ἐπε-

253 5428 477 5496 mea,
516 5430 589 5499 μὴ
613 5430 866 5498 ἐμμένων
888 5434 953 5500 τῇ
982 5432 1147 5499 ψήφῳ
1200 5432 1385 5495 αὐτοῦ,
1417 5433 1778 5501 ἁποκριματί-

251 5528 379 5577 στῶς
406 5517 645 5588 ἀθετήσῃ
678 5519 779 5586 τὴν
807 5521 928 5573 κατ’
958 5521 1124 5573 αὑτοῦ
1159 5520 1442 5588 ἀπόφασιν
1464 5537 1479 5553 ο
1525 5523 1777 5587 ἐπιλεξὰ-

252 5616 399 5664 pavo;
434 5604 489 5657 δέ
537 5605 801 5675 δικαστὴν
854 5607 1248 5661 ἐκκαλέσασθαι
1297 5609 1435 5661 κατὰ
1471 5611 1569 5677 τῆς
1599 5610 1778 5679 ψήφου

250 5690 396 5746 αὑτοῦ
420 5694 479 5746 ού
519 5694 767 5757 δύναται,
793 5695 971 5761 καθὼς
1003 5698 1159 5750 τοῦτο
1195 5698 1521 5766 παρίσταται
1558 5700 1648 5751 καὶ
1670 5701 1776 5752 ἀπὸ

1877 5247 1920 5299 si
1953 5247 2072 5314 quis
2094 5259 2236 5307 eum,
2262 5244 2352 5313 qui
2380 5242 2799 5312 iurisdictionem
2833 5257 2937 5296 non
2971 5242 3148 5307 habet,
3184 5245 3420 5310 elegerit.

1880 5355 1977 5392 nec
2009 5354 2221 5408 pinnam
2253 5336 2577 5404 promiserit,
2608 5336 2649 5389 si
2694 5352 2797 5389 non
2847 5346 2949 5390 stet
2978 5338 3092 5407 ejus
3124 5342 3419 5404 sententiae,

1881 5430 1999 5483 sine
2052 5428 2158 5481 ullo
2199 5428 2507 5496 praeiudicio
2548 5427 2742 5494 poterit
2793 5428 2906 5490 eius
2954 5431 3273 5483 sententiam
3324 5448 3422 5500 pro

1881 5522 2047 5574 niltilo
2086 5519 2283 5574 ducere
2333 5520 2469 5588 :qui
2526 5528 2699 5571 autem
2751 5517 2986 5589 judicent
3049 5521 3287 5589 elegerit.
3348 5525 3415 5576 ab

1878 5610 1993 5678 ejus
2027 5608 2285 5665 sententia
2341 5609 2612 5678 appellare
2670 5625 2774 5663 non
2836 5620 3040 5679 potest;
3094 5613 3231 5664 sicut
3273 5614 3324 5666 id
3355 5631 3417 5667 ex

1882 5700 2129 5770 praesenti
2185 5714 2387 5755 canone
2427 5698 2742 5754 ostenditur.
2797 5699 2916 5754 ll.cc
2959 5711 3155 5779 auten,
3199 5714 3254 5754 ut
3291 5703 3417 5755 mihi
