4002 6314
623 363 722 424 339

1837 359 2105 416 THEOD.
2144 359 2530 417 BALSAMON

3658 341 3766 406 340

618 474 826 538 quidem
874 473 1102 537 videtur,
1132 471 1482 526 servabuntur
1510 471 1562 522 in
1604 470 1782 522 causis
1822 466 2124 522 ecclesiasti-

2239 476 2329 526 τοῦ
2362 474 2618 542 παρόντος
2645 473 2878 531 κανόνος.
2931 469 3110 522 Ταῦτα
3140 467 3195 520 δέ
3251 466 3629 533 κρατήηλυσιν,
3685 461 3770 520 ὡς

617 560 711 621 cis,
746 568 798 610 ιιι
826 559 933 612 vult
961 560 1042 612 hic
1074 573 1265 611 canon.
1295 557 1402 611 Lex
1428 558 1568 610 enim
1596 555 1764 608 civilis
1789 553 2041 622 permittit
2067 553 2138 617 ei,

614 648 700 712 qui
722 649 948 713 judicem
979 647 1244 710 petiverit,
1279 646 1360 700 vel
1385 645 1562 712 aliquo
1585 644 1686 696 alio
1717 643 1868 696 modo
1900 643 2137 710 elegerit.

613 738 892 791 habentem
916 737 1352 803 jurisdictiouem,
1377 751 1406 789 a
1427 733 1688 790 sententia
1714 735 1830 802 ejus
1853 732 2134 801 appellare.

682 1006 924 1059 ZONAR.
959 1007 1040 1060 Ab
1073 1007 1288 1059 arbitris
1322 1005 1556 1056 civilium
1589 1019 1797 1072 quoque
1840 1004 2009 1068 legum
2041 1002 2135 1054 de-

608 1109 752 1150 crvto
785 1097 922 1148 nulla
955 1098 1102 1149 datur
1134 1096 1455 1162 provocatio.
1488 1093 1625 1145 Idem
1656 1109 1782 1162 ergo
1811 1091 1895 1146 hic
1927 1106 2135 1160 quoque

607 1201 772 1236 canon
821 1187 1020 1238 statuit.
1073 1185 1202 1237 Nam
1239 1185 1280 1237 si
1313 1184 1450 1250 quis,
1483 1183 1671 1250 inquit,
1712 1184 1777 1235 ab
1812 1198 1916 1235 uno
1961 1182 2136 1248 judice

607 1273 884 1324 damnatus
934 1273 996 1323 ad
1039 1274 1260 1324 alterum
1313 1270 1697 1337 provocaverit,
1743 1268 2135 1337 eumqucjudi-

606 1377 740 1421 cem,
788 1363 876 1415 illo
921 1373 1102 1414 contra
1148 1376 1301 1427 quem
1348 1361 1672 1426 provocavit.
1719 1359 2020 1412 adversario
2049 1357 2132 1411 ni-

606 1453 798 1503 mirt'm
844 1467 959 1508 suo.
993 1453 1373 1511 consentiente,
1402 1449 1658 1518 eli-gerit;
1703 1451 1874 1503 neutri
1909 1448 2134 1514 amplius

601 1544 668 1596 ab
703 1544 812 1607 ejus
843 1544 1124 1603 sententia,
1162 1557 1318 1609 quem
1356 1552 1574 1607 uterque
1601 1542 1828 1607 judicent
1858 1539 2129 1607 delegerit,

601 1633 776 1685 licebit
829 1647 1135 1699 provocare.
1171 1634 1224 1686 ln
1277 1633 1423 1693 illud,
1453 1632 1518 1684 de
1559 1632 1884 1684 diversarum
1913 1629 2132 1696 provin-

601 1723 801 1774 ciarum
862 1723 1065 1786 legatis.
1119 1725 1363 1789 Legatos,
1414 1735 1548 1787 quos
1599 1721 1799 1789 synodo
1854 1717 2128 1771 adfuturos

600 1820 964 1872 speraverant,
993 1811 1101 1878 jam
1134 1826 1322 1865 omnes
1359 1811 1516 1863 simul
1547 1809 1910 1871 advenientes,
1940 1821 2126 1876 magna

603 1900 792 1952 lictitiae
825 1901 1210 1969 signiﬁcatione
1260 1901 1443 1968 synodi
1498 1900 1679 1953 Patres
1724 1912 1998 1965 excepere.
2045 1897 2126 1968 [In

595 1991 741 2053 illud,
789 1993 851 2043 de
883 1993 1216 2044 exactoribus
1266 1991 1559 2061 Ecclesia]
1607 1990 1756 2062 [Rrec
1803 2005 2014 2058 quoque
2062 1989 2126 2044 ad

595 2097 924 2134 communem
959 2083 1240 2134 utilitatem
1277 2084 1490 2135 mimine
1524 2081 1834 2152 pertinent.]

599 2169 821 2224 ARIST.
889 2169 1058 2224 «Uno
1121 2169 1440 2238 litigantium
1501 2172 1817 2237 appellante,
1870 2173 1912 2224 si
1967 2186 2125 2224 amno

664 2279 682 2311 ι
741 2261 1026 2313 electitium
1067 2259 1296 2325 judicem
1343 2260 1618 2328 elegerint,
1664 2275 1729 2313 ne
1764 2261 1986 2329 amplius
2029 2275 2124 2329 ap-

660 2367 681 2400 ι
721 2350 966 2417 pellent.»

662 2439 768 2492 Lex
813 2439 1022 2507 quidem
1064 2439 1234 2493 civilis
1261 2440 1335 2492 sic
1359 2440 1521 2493 sentit
1565 2440 1627 2493 de
1649 2437 1915 2505 iudicibus
1941 2439 2122 2493 electi-

589 2531 700 2594 tiis,
739 2537 796 2581 ut
836 2543 936 2583 non
962 2530 1116 2582 aliter
1146 2527 1433 2582 electitium
1463 2531 1819 2583 constituatur
1839 2529 2120 2594 judicium,

590 2620 689 2673 nisi
736 2622 883 2687 prius
916 2621 1140 2687 quisque
1171 2619 1485 2686 litigantium
1529 2634 1697 2685 paena:
1724 2619 2119 2688 stipulationem

589 2717 865 2776 proponat,
910 2710 1048 2777 quod
1092 2711 1398 2777 quicunque
1437 2725 1501 2762 ex
1542 2711 1606 2764 iis
1636 2713 1896 2764 sententia
1930 2711 2122 2780 judicis

587 2803 652 2853 ab
687 2801 814 2868 ipsis
841 2801 991 2853 electi
1043 2815 1144 2853 non
1175 2801 1479 2868 acquiescit,
1529 2817 1736 2867 poenam
1782 2801 1923 2854 illam
1970 2803 2120 2855 alteri

593 2891 875 2954 persolvat,
922 2890 1008 2958 qui
1032 2890 1290 2958 judicium
1336 2891 1588 2946 admittit.
1616 2893 1729 2945 Non
1757 2893 1895 2944 enim
1925 2906 2122 2957 cogun-

589 2988 676 3033 tur
716 2982 1030 3034 sententiam
1074 2981 1212 3034 illius
1259 2981 1523 3049 recipere;
1575 2983 1664 3035 sed
1709 2982 1832 3034 illud
1860 2981 1996 3047 apud
2029 2996 2119 3034 eos

2241 564 2363 631 ἐμοὶ
2408 563 2571 624 δοκεῖ,
2611 563 2701 613 καὶ
2738 563 2817 622 εις
2849 560 2942 620 τὰς
2973 557 3427 618 ἐκκλησιαστικὰς
3460 553 3771 609 ὑποθέσεις,

2238 653 2375 706 κατὰ
2407 653 2494 703 τὸν
2533 651 2772 716 παρόντα
2814 651 3028 700 κανόνα.
3061 648 3116 699 ’0
3163 646 3268 711 γὰρ
3306 641 3570 697 πολιτικὸς
3602 639 3771 703 νόμας

2237 743 2469 810 ἐκχωρεῖ
2495 739 2574 808 τῷ
2604 740 2894 806 ζητήσαντι
2929 737 3204 797 δικαστὴν,
3245 735 3275 799 ἢ
3319 733 3409 782 καὶ
3446 731 3616 782 ἄλλως
3647 744 3773 786 πως

2237 829 2623 896 ἐπιλεξαμένῳ,
2641 828 2778 896 πλὴν
2810 829 2995 893 ἔχοντα
3016 823 3392 883 δικαιοδοσίαν,
3422 816 3775 870 ἐκκαλεῖσθαι

2237 922 2377 974 κατὰ
2407 922 2506 985 τῆς
2536 921 2716 987 ψήφου
2749 916 2935 970 αὑτοῦ.

2306 1007 2543 1061 ΖΩΝΑΡ.
2575 1005 2727 1058 Κατὰ
2780 1003 3006 1072 αἱρετῶν
3040 1001 3305 1052 δικαστῶν
3339 999 3430 1050 καὶ
3472 999 3578 1056 τοῖς
3609 995 3779 1046 πολι-

2234 1100 2405 1159 τικοῖς
2434 1097 2614 1163 νόμοις
2645 1095 2704 1147 οὗ
2734 1095 2928 1147 δίδοται
2956 1093 3236 1160 ἔκκλητος.
3271 1088 3436 1140 Τοῦτο
3475 1086 3565 1138 οὖν
3587 1086 3680 1136 καὶ
3738 1083 3772 1132 6

2235 1187 2412 1238 κανὼν
2458 1182 2613 1247 οὗτος
2649 1184 2813 1251 λέγει.
2858 1183 2983 1235 Ἐὰν
3022 1180 3128 1250 γὰρ
3162 1179 3321 1246 κριθῇ
3354 1195 3455 1238 τις,
3492 1178 3638 1243 φησὶ,
3664 1173 3774 1227 καὶ

2234 1275 2666 1342 ἐκκαλεσάμενος
2730 1272 2919 1340 ἐληται
2986 1270 3330 1337 δικαστήριον
3384 1266 3775 1330 ἐκκλητάριον,

2233 1365 2325 1416 καὶ
2356 1365 2471 1432 μετ’
2501 1363 2664 1417 αὐτοῦ
2688 1363 2935 1418 κάκεῖνος
2960 1361 3149 1427 ἕληται
3181 1358 3392 1417 τοῦτον,
3421 1356 3544 1408 καθ’
3561 1348 3618 1406 οὗ
3643 1355 3770 1419 ἐξε-

2233 1458 2516 1519 καλέσατο,
2556 1457 2722 1524 ἥγουν
2748 1455 2776 1506 ό
2812 1452 3078 1512 ἀντίδικος
3109 1448 3295 1509 αὐτοῦ,
3348 1447 3520 1500 οὐδενὶ
3555 1444 3773 1497 τούτων

2231 1547 2324 1600 τοῦ
2376 1545 2563 1598 λοιποῦ
2600 1545 2816 1608 ἐξέσται
2872 1543 3216 1594 ἐκκαλεῖσθαι
3259 1538 3394 1591 κατὰ
3433 1537 3532 1604 τῆς
3576 1535 3770 1600 ψήφου

2230 1639 2324 1690 τοῦ
2376 1639 2648 1698 δικαστοῦ,
2689 1637 2747 1690 ὃν
2803 1636 2968 1703 ἄμφω
3013 1635 3060 1685 οῖ
3115 1631 3371 1700 ἀντίδικοι
3418 1627 3771 1698 ᾑρετίσαντο.

2230 1725 2336 1786 Οὓς
2390 1726 2614 1795 ἦλπιζον
2653 1725 2827 1777 ἐλθεῖν
2861 1726 2937 1783 είς
2965 1722 3061 1790 τὴν
3099 1720 3312 1772 σύνοδον
3366 1712 3778 1783 τοποτηρητὰς,

2233 1816 2320 1883 ὑφ’
2353 1817 2430 1878 ἐν,
2461 1817 2625 1883 ἤγουν
2661 1813 2818 1878 ὁμοῦ,
2851 1812 3101 1870 ἐλθόντας
3132 1809 3272 1877 μετὰ
3304 1807 3476 1874 χαρᾶς
3504 1802 3778 1872 προσεδέ-

2234 1905 2391 1970 ξαντο
2415 1906 2464 1955 ot
2499 1906 2595 1969 τῆς
2625 1903 2864 1954 συνόδου.
2902 1900 3009 1953 Καὶ
3039 1899 3207 1952 ταῦτα
3233 1898 3328 1948 οὐκ
3353 1897 3432 1958 είς
3465 1893 3650 1962 κοινὴν
3675 1894 3772 1944 οῖ-

2230 1995 2480 2063 κονομίαν
2505 1994 2721 2064 ὁρῶσιν.

2223 2174 2441 2226 ΔΡῐΣΤ.
2481 2191 2499 2222 ι
2551 2173 2700 2234 Ἐνδς
2740 2172 2843 2224 τῶν
2901 2172 3358 2240 ἀντικρινομένων
3390 2168 3780 2233 ἐκκαλεσαμέ-

2299 2285 2318 2316 ι
2358 2282 2469 2324 νου,
2505 2266 2570 2314 ἂν
2609 2263 2773 2328 ἄμφω
2823 2261 3035 2330 αἱρετὸν
3088 2260 3436 2324 ἐπιλόξωνται
3479 2259 3769 2326 δικαστὴν,

2297 2373 2316 2404 ι
2362 2353 2557 2422 μηκέτι
2591 2349 3050 2404 ἐκκαλείσθωσαν.
3091 2369 3110 2402 ι

2304 2442 2360 2492 Ὀ
2396 2441 2490 2508 μὲν
2539 2439 2808 2498 πολιτικὸς
2837 2442 2997 2504 νόμος
3054 2436 3194 2488 οὕτω
3239 2438 3426 2504 φρονεῖ
3475 2436 3604 2503 περὶ
3649 2436 3771 2487 τῶν

2223 2529 2454 2597 αίρετῶν
2509 2527 2797 2593 δικαστῶν,
2836 2525 2973 2577 ὥστε
3021 2526 3092 2591 μὴ
3147 2526 3318 2587 ἄλλως
3365 2525 3575 2595 αἱρετὸν
3609 2525 3769 2578 συνι-

2224 2617 2446 2669 στασθαι
2475 2615 2851 2684 δικαστήριον,
2886 2616 2934 2666 εί
2970 2615 3044 2683 μὴ
3071 2614 3333 2684 πρότερον
3364 2615 3590 2676 ἕκαστος
3642 2615 3761 2666 τῶν

2225 2705 2560 2776 κρινομένων
2596 2707 2894 2776 πρόστιμον
2949 2705 3288 2773 ἐπερωτηθῇ,
3323 2705 3419 2766 ὡς,
3461 2699 3570 2765 οἶος
3601 2704 3666 2756 ἂν
3696 2705 3765 2769 ἐξ

2223 2798 2404 2851 αὐτῶν
2435 2800 2531 2850 οὐκ
2583 2797 2816 2866 ἐμμείνῃ
2860 2799 2924 2866 τῇ
2957 2798 3223 2862 ἀποφάσει
3269 2797 3362 2848 τοῦ
3417 2794 3771 2861 ἐπιλεγέντος

2224 2890 2352 2960 παρ’
2397 2890 2574 2941 αὐτῶν
2601 2888 2875 2948 δικαστοῦ,
2907 2887 3289 2939 καταϐαλεῖται
3319 2885 3475 2938 τοῦτο
3504 2885 3563 2936 τὸ
3584 2885 3725 2952 πρόσ
3743 2916 3762 2925 -

2220 2997 2374 3048 τιμον
2416 2978 2551 3047 πρὸς
2583 2976 2672 3028 τὸν
2716 2977 2902 3044 ἕτερον
2946 2975 3036 3026 τὸν
3080 2975 3367 3042 δεχόμενον
3398 2976 3496 3040 τὴν
3526 2973 3765 3038 διάγνω-

589 3071 820 3134 ponitur.
861 3068 1142 3136 Propterea
1177 3085 1271 3122 nec
1299 3071 1576 3138 appellatio
1625 3081 1806 3123 contra
1854 3073 1968 3136 ejus
1995 3086 2118 3124 sen-

2224 3085 2328 3121 σιν.
2387 3067 2460 3119 Ob
2510 3068 2614 3134 γὰρ
2668 3065 3066 3131 ἁναγκάσονται
3125 3064 3369 3132 δέχεσθαι
3418 3063 3513 3131 τὴν
3573 3063 3759 3129 ψῆφον

586 3162 805 3214 tentiam
828 3161 997 3213 locum
1017 3160 1190 3221 habet,
1209 3161 1329 3229 quia
1350 3163 1524 3216 etsine
1546 3162 1893 3228 appellatione
1912 3163 2018 3223 ille,
2037 3165 2118 3215 cui

585 3252 844 3318 displicet,
873 3264 1077 3318 poenam
1109 3259 1312 3303 tantum
1340 3251 1644 3316 persolvens
1669 3252 1734 3303 ab
1759 3265 1820 3302 ea
1844 3259 2016 3317 potest
2041 3266 2122 3304 re-

583 3342 790 3394 cedere.
817 3338 923 3392 Lex
955 3350 1129 3393 autem
1153 3349 1206 3393 et
1240 3339 1360 3392 illud
1389 3339 1537 3401 dicit,
1569 3341 1706 3408 quod
1734 3340 1918 3407 judex,
1944 3341 2032 3407 qui
2067 3342 2117 3393 in

588 3440 763 3494 partes
804 3429 1228 3494 iurisdictionem
1275 3428 1455 3492 habet,
1499 3437 1551 3480 et
1597 3445 1689 3493 pcr
1716 3430 1980 3496 propriam
2025 3445 2120 3483 au-

585 3519 883 3571 ctoritatem
912 3533 1006 3571 eos
1039 3517 1276 3582 judicare
1303 3528 1496 3582 potest,
1525 3517 1681 3585 judea'
1716 3519 1979 3571 electilins
2015 3535 2116 3572 non

587 3611 696 3661 ﬁat.
739 3608 983 3662 Canones
1031 3617 1202 3660 autem
1239 3622 1339 3658 non
1379 3609 1447 3658 ita
1515 3609 1578 3659 de
1622 3608 1891 3674 judicibus
1937 3609 2118 3663 electi-

585 3703 672 3751 tiis
717 3708 986 3758 statuunt;
1035 3699 1125 3750 sed
1157 3700 1428 3760 mandant,
1465 3698 1603 3763 quod
1633 3699 1674 3748 si
1709 3699 1976 3766 litigantes
2008 3701 2117 3766 epi-

582 3789 726 3854 scopi
755 3787 834 3839 vel
863 3785 1039 3839 clerici
1070 3786 1272 3852 aliquos
1300 3787 1665 3852 episcOpornm
1693 3790 1943 3856 elegerint
1965 3789 2111 3856 juili-

581 3893 669 3932 ces
691 3877 964 3940 electitios,
986 3883 1036 3928 et
1060 3875 1125 3927 ab
1150 3876 1226 3929 eis
1245 3875 1469 3942 judicari
1497 3876 1780 3938 voluerint,
1802 3879 2119 3930 condemna-

583 3981 670 4022 tus
703 3983 803 4020 non
833 3968 1054 4035 amplius
1084 3966 1389 4019 admittetur
1411 3977 1590 4018 contra
1620 3980 1803 4018 eorum
1831 3982 2117 4032 provocare
2148 3986 2153 3991 ·

581 4059 928 4122 sententiam,
961 4058 1050 4110 sed
1087 4057 1134 4110 ei
1169 4056 1326 4108 etiam
1358 4055 1554 4108 invitus
1585 4057 1911 4123 acquiescet.
1943 4058 2114 4110 Causa

581 4161 779 4211 autem,
811 4159 865 4200 ut
889 4147 1041 4200 nobis
1066 4146 1277 4213 quidem
1306 4145 1531 4208 videtur,
1559 4152 1774 4212 propter
1799 4160 1953 4212 quam
1983 4160 2113 4198 con-

579 4251 656 4292 tra
699 4238 955 4304 judicium
992 4250 1172 4289 eorum
1222 4234 1490 4302 appellare
1532 4249 1632 4286 non
1678 4236 2026 4302 permittitur,
2064 4237 2114 4288 in

579 4328 784 4381 decimo
831 4326 1019 4392 quinto
1069 4326 1253 4393 synodi
1303 4325 1576 4392 prresentis
1625 4340 1828 4379 canone
1880 4342 1907 4378 a
1961 4329 2112 4380 nobis

579 4416 849 4470 scribitur.

2223 3157 2382 3211 αὐτοῦ
2409 3170 2425 3186 ⁶
2463 3157 2595 3209 ἀλλὰ
2628 3155 2760 3222 παρ’
2785 3155 2966 3214 αὐτοῖς
3015 3154 3172 3205 τοῦτο
3218 3155 3413 3204 κεῖται.
3467 3153 3565 3203 Διὰ
3599 3152 3764 3203 τοῦτο

2230 3249 2352 3299 οὐδέ
2385 3247 2641 3312 ἐκκλητος
2675 3245 2815 3296 κατὰ
2842 3246 2937 3312 τῆς
2972 3243 3293 3310 ἀποοράσεως
3356 3241 3518 3293 αὑτοῦ
3575 3241 3764 3310 χώραν

2220 3337 2354 3405 εχει,
2390 3339 2474 3389 διὰ
2497 3338 2556 3388 τὸ
2581 3337 2672 3387 καὶ
2700 3335 2865 3403 χωρὶς
2910 3333 3174 3401 ἐκκλήτου
3199 3331 3452 3386 δύνασθαι
3497 3331 3587 3384 τδν
3618 3335 3766 3383 ἀπα-

2226 3429 2560 3496 ρεσκόμενον
2597 3425 2755 3493 μόνον
2780 3424 2838 3475 τὸ
2862 3423 3158 3491 πρόστιμον
3186 3422 3558 3474 καταλασόντα
3614 3422 3765 3473 ὐπα-

2220 3524 2481 3589 ναχωρεῖν
2525 3517 2706 3570 αὐτοῦ.
2743 3518 2907 3581 Λέγει
2962 3514 3015 3565 δὲ
3063 3514 3156 3565 καὶ
3199 3514 3352 3565 τοῦτο
3385 3514 3411 3564 ό
3457 3514 3638 3579 νόμος,
3682 3513 3765 3575 ὡς·

2217 3616 2245 3666 ὁ
2286 3613 2590 3682 πρόσφορος
2625 3609 2699 3658 ῶν
2731 3609 2838 3667 τοῖς
2876 3605 3068 3673 μέρεσι
3101 3603 3372 3670 δικαστὴς.
3408 3601 3499 3652 καὶ
3536 3601 3762 3668 δυ’-ἀμεο

2217 3718 2303 3762 νος
2353 3699 2592 3760 δικάζειν
2654 3697 2834 3754 αὐτοῖς
2897 3694 3001 3745 ἀπὸ
3060 3693 3302 3753 ἐξουσίας
3351 3690 3484 3750 ίδίας
3542 3691 3760 3758 uipera;

2214 3791 2469 3857 δικαστὴς
2502 3791 2561 3840 ού
2655 3789 2884 3852 γίνεται.
2939 3786 2999 3836 Οί
3029 3783 3084 3834 δὲ
3113 3785 3328 3842 κανόνες
3359 3783 3454 3849 οὐχ
3474 3781 3612 3832 οὕτω
3633 3782 3762 3848 περὶ

2213 3881 2322 3932 τῶν
2345 3879 2572 3947 αἱρετῶν
2601 3875 2870 3928 δικαστῶν
2891 3871 3285 3925 διατάττονται·
3321 3872 3458 3922 ἀλλὰ
3494 3873 3762 3939 προστάτ-

2214 3987 2396 4023 τουσιν
2429 3969 2522 4030 ῶς,
2551 3967 2644 4020 ἐὰν
2677 3967 2725 4018 oi
2781 3965 3214 4032 ἀντικρινόμενοι
3249 3964 3531 4014 ἐπίσκοποι
3569 3962 3600 4029 ἦ
3630 3963 3760 4029 κληι

2219 4060 2360 4130 ρικοὶ
2419 4056 2772 4121 ἐπιλέξωνταί
2814 4073 2963 4116 τινας
3003 4054 3109 4106 τῶν
3144 4052 3455 4106 ἐπισκόπων
3506 4053 3759 4118 αἱρετοὺς

2213 4149 2490 4209 δικαστὰς,
2524 4150 2615 4199 καὶ
2647 4146 2772 4215 παρ’
2808 4147 2989 4203 αὐτοῖς
3035 4144 3283 4210 κριθῆναι
3311 4141 3603 4210 θελήσωσιν
3625 4141 3758 4194 οὐκ-

2214 4245 2292 4299 έτι
2349 4245 2376 4293 ό
2447 4242 2862 4300 καταδικασθεὶς
2913 4237 3403 4305 παραδεχθήσεται,
3457 4235 3596 4287 κατὰ
3653 4235 3757 4301 τῆς

2213 4331 2544 4398 ἀποφάσεως
2615 4328 2794 4381 αὐτῶν
2857 4326 3290 4391 ἐκκαλούμενος·
3344 4324 3478 4375 ἀλλὰ
3540 4324 3755 4389 στέρξει

2148 4408 2196 4464 υ
2221 4421 2423 4485 ταύτην
2451 4421 2544 4470 καὶ
2570 4419 2735 4468 ἄκων.
2781 4416 2842 4467 Ἥ
2869 4417 2922 4467 δὲ
2949 4416 3115 4475 αἰτία,
3139 4415 3278 4465 κατὰ
3301 4414 3358 4464 τὸ
3382 4415 3510 4480 ἡμῖν
3536 4413 3750 4475 δοκοῦν,

579 4510 644 4562 δι’
675 4509 741 4577 ἢν
771 4508 828 4558 οὐ
872 4507 1229 4573 συγχωρεῖται
1257 4505 1394 4556 κατὰ
1433 4507 1524 4571 τῆς
1554 4505 1894 4570 διαγνώσεως
1926 4507 2102 4559 αὐτῶν
2143 4509 2506 4572 ἐκκαλεῖσθαι,
2560 4510 2769 4576 ἐγράφη
2804 4509 2932 4573 παρ’
2964 4507 3119 4575 ἡμῶν
3147 4508 3204 4557 ἐν
3267 4506 3343 4574 τῷ
3414 4505 3756 4558 πεντεκαιδε-

577 4602 726 4670 κάτῳ
749 4600 930 4651 κανόνι
958 4599 1053 4666 τῆς
1085 4597 1356 4665 παρούσης
1387 4597 1622 4649 συνόδου.

1184 4686 1404 4740 CANON
1447 4688 1500 4741 C.

581 4803 600 4833 ε
637 4783 702 4837 Ut
747 4783 811 4835 ab
847 4778 1260 4847 imperatoribus
1291 4787 1496 4844 petatur
1522 4786 1861 4845 patronorqu
1904 4796 2109 4835 assmu-

655 4891 673 4921 ι
726 4871 832 4937 ptio
859 4881 953 4936 pro
973 4866 1234 4933 capitibus
1251 4865 1520 4918 Ecclesiae.
1541 4866 1738 4920 Placuit
1753 4879 2024 4934 praeterea,
2049 4879 2107 4922 ut

645 4984 660 5009 ι
693 4959 903 5013 nomine
929 4958 1161 5011 omnium
1192 4957 1585 5024 provinciarum
1615 4957 1902 5024 profecturi
1931 4959 2107 5027 legali,

649 5069 666 5099 ι
712 5047 1016 5100 Vincentius
1059 5055 1111 5098 et
1152 5045 1578 5107 Fortunatianus,
1616 5054 1794 5111 petant
1843 5062 1870 5098 a
1915 5047 2108 5112 glorio-

653 5159 667 5185 ι
707 5137 932 5191 sissimis
974 5135 1406 5202 imperatoribus,
1445 5144 1499 5186 ut
1527 5134 1681 5186 detur
1717 5135 1946 5189 Licuitas
1993 5154 2113 5190 con-

657 5245 671 5272 ι
729 5224 978 5277 stitnendi
1026 5223 1332 5276 defensores
1377 5221 1746 5282 scholasticos,
1792 5223 1982 5288 quibus
2015 5225 2110 5277 hoc

654 5341 667 5366 ε
709 5332 875 5382 ῳ-υιιι
909 5329 1097 5366 munus
1137 5315 1464 5381 negotiorum
1497 5313 1942 5367 delendemlorum
1975 5331 2112 5370 curre

649 5429 664 5452 ς
703 5407 808 5458 sit:
842 5415 893 5458 et
923 5413 976 5456 ut
1004 5414 1250 5469 tanquam
1287 5405 1566 5471 provincia:
1595 5405 1898 5458 sacerdotes
1927 5407 2106 5468 iidem,

653 5516 665 5542 ι
701 5496 1045 5548 ecclesiarum
1093 5493 1397 5546 defensione
1427 5503 1687 5561 suscepta,
1723 5494 1874 5547 facile
1907 5496 2110 5562 possint

653 5609 666 5634 ι
723 5601 816 5652 pro
858 5588 1078 5655 negotiis
1129 5585 1394 5646 Ecclesiae.
1424 5588 1628 5653 quoties
1671 5588 1961 5640 necessitas
1987 5601 2112 5639 exe-

649 5701 667 5728 ι
700 5681 847 5743 μϊῗι,
878 5682 939 5731 ςιιί
973 5680 1322 5733 rrsistrndnm
1353 5681 1414 5732 iis
1453 5695 1564 5738 qua:
1599 5689 1807 5742 nrg-‘nt,
1845 5689 1895 5732 et.
1930 5693 2109 5732 ncces-

2783 4687 3012 4739 KA-NQN
3049 4686 3124 4739 P'.

2221 4800 2238 4832 ι
2275 4781 2383 4835 Ἴνσ
2417 4781 2523 4834 ἀπὸ
2557 4780 2664 4831 τῶν
2688 4779 2950 4847 βασιλέων
2969 4781 3161 4847 αίτηθῇ
3193 4781 3507 4849 συνηγόρων
3544 4781 3757 4848 ἀντίλη-

2293 4891 2311 4922 ι
2343 4873 2434 4940 ψις
2459 4871 2600 4938 ὑπὲρ
2623 4871 2731 4921 τῶν
2749 4871 3061 4938 κεφαλαίων
3090 4873 3186 4937 τῆς
3220 4871 3566 4940 Ἐκκλησίας.
3591 4874 3752 4941 Ἤρε-

2293 4980 2311 5012 ι
2355 4978 2442 5013 σεν
2485 4962 2560 5012 ἔτι
2590 4961 2715 5029 μὴν,
2740 4962 2822 5012 ἵνα
2858 4962 2914 5023 ἐξ
2946 4961 3203 5027 ὀνόματος
3226 4962 3413 5014 πασῶν
3460 4963 3566 5014 τῶν
3583 4965 3754 5035 ἐπαρ-

2296 5069 2312 5099 ι
2348 5051 2481 5119 χιῶν
2521 5052 2570 5101 οἱ
2604 5049 3061 5118 πορευθησόμενοι
3093 5050 3447 5117 πρεσϐευταὶ,
3481 5053 3751 5114 Βικέντιος

2293 5154 2308 5184 ι
2347 5137 2437 5186 καί
2461 5135 2950 5203 Φουρτυνατιανὸς,
2981 5138 3277 5204 αἰτήσωσιν
3311 5139 3419 5189 ἀπὸ
3450 5137 3558 5190 τῶν
3602 5140 3749 5192 ἐνδο-

2293 5251 2309 5282 ι
2353 5232 2584 5296 ξοτὰτων
2635 5231 2915 5298 βασιλέων,
2973 5231 3111 5283 ὥστε
3166 5232 3381 5300 δοθῆναι
3431 5232 3612 5284 ἄδειαν
3657 5232 3748 5283 τοῦ

2292 5343 2308 5372 ι
2350 5325 2688 5389 καταστῆσαι
2714 5324 2951 5382 ἐνδίκους
2976 5322 3380 5388 σχολαστικοὺς,
3400 5324 3592 5384 οἵτινες
3619 5321 3750 5374 αὐτὸ

2292 5429 2309 5459 ι
2350 5409 2504 5460 τοῦτο
2527 5410 2582 5460 τὸ
2610 5410 2977 5478 λειτούργημα
3002 5409 3094 5460 τοῦ
3124 5411 3352 5461 ἐκδικεῖν
3371 5414 3435 5462 τὰ
3454 5412 3753 5478 πράγματα

2293 5518 2308 5548 ι
2351 5501 2687 5566 ἐπιτήδευμα
2732 5500 2912 5567 ἔχουσι
2936 5516 2949 5530 ⁸
2981 5500 3074 5552 καὶ
3106 5501 3190 5550 ἵνα
3219 5500 3291 5559 ὠς
3321 5501 3484 5567 ἱερεῖς
3514 5502 3626 5559 τοῖς
3655 5501 3753 5566 τῆς

2295 5609 2311 5637 ι
2357 5589 2620 5656 ἐπαρχίας
2673 5591 2719 5640 οἱ
2786 5589 2960 5649 αὐτοὶ,
3041 5592 3085 5640 οἱ
3139 5589 3236 5656 τὴν
3311 5590 3589 5654 ἐκδίκησιν
3645 5589 3752 5639 τῶν

2290 5699 2305 5726 ι
2349 5679 2644 5746 ἐκκλησιῶν
2713 5679 3109 5747 ἀναδεξάμενοι,
3166 5678 3403 5744 εὐχερῶς
3453 5677 3748 5744 δυνηθῶσιν
