4002 6314
629 361 732 425 343
1851 376 1952 435 ΤΗ
1961 375 2125 437 EOD.

1201 487 1280 538 CA
1293 486 1420 540 NON
1473 487 1574 541 Cll.

630 585 648 615 ι
690 567 757 617 De
811 572 1040 638 populis,
1077 576 1162 641 qui
1199 591 1468 644 nunquam
1515 579 1812 633 habuerunt
1845 581 2141 649 episcopos.

693 677 711 707 ι
753 660 880 712 Illud
928 678 1138 730 quoque
1183 668 1424 732 placuit,
1483 678 1541 720 ut
1611 671 1802 736 populi,
1852 671 1939 739 qui
2004 684 2111 724 nun

694 759 710 791 ι
757 757 910 808 quam
979 751 1217 815 proprios
1268 752 1545 820 episcopos
1597 753 1851 816 habuere,
1915 757 2014 808 nisi
2077 757 2142 810 ab

693 850 710 879 ι
756 834 997 887 universa
1050 839 1251 905 synodo
1300 841 1710 911 uniuscujusque
1759 845 2040 911 provinciae
2090 854 2143 896 et

696 941 713 971 ι
754 924 979 986 primate
1029 927 1118 979 liat
1162 929 1429 982 decretum
1471 973 1485 995 ,
1534 943 1585 983 et
1653 947 1913 987 consensu
1958 933 2096 987 illius
2123 972 2139 997 ,

691 1033 707 1062 ι
752 1018 849 1067 sub
894 1017 1045 1084 cujus
1097 1020 1314 1074 dioecesi
1358 1024 1701 1079 conStituilur
1743 1026 1851 1078 hmc
1893 1025 2139 1089 ecclesia,

690 1122 706 1151 ι
752 1118 1081 1171 nequaquam
1122 1110 1494 1162 admittautur.
1524 1130 1541 1162 ι

683 1193 869 1247 BALS.
911 1194 1018 1247 Hoc
1053 1197 1103 1247 in
1139 1198 1259 1251 aliis
1290 1214 1498 1264 quoque
1538 1201 1864 1260 diversarum
1910 1204 2138 1272 synodo-

613 1299 728 1335 rum
764 1287 1052 1338 canonilnts
1085 1287 1358 1341 decretum
1389 1299 1509 1350 est:
1557 1307 1621 1343 ne
1669 1293 1759 1344 liat
1788 1293 1992 1346 scilicet
2023 1295 2139 1358 epi-

610 1386 803 1438 scapus
828 1375 878 1425 in
919 1390 1019 1441 qua
1048 1390 1152 1430 non
1186 1377 1348 1448 636
1373 1380 1649 1432 consuevit
1694 1379 1819 1432 olim
1869 1383 2004 1434 lieri.
2036 1383 2138 1435 nisi

610 1461 1049 1526 me‘tropolitanus
1087 1466 1312 1518 voluerit
1360 1467 1427 1531 (is
1479 1469 1618 1520 enim
1663 1477 1742 1523 est
1791 1472 1988 1537 primas
2017 1486 2139 1537 pro-

609 1551 841 1617 vinciar),
873 1563 924 1603 et
973 1555 1251 1622 episcopus
1288 1558 1638 1618 consenserit,
1686 1558 1749 1609 ad
1799 1571 1954 1624 quem
2004 1558 2139 1612 forte

608 1642 838 1704 pertinet
885 1644 1135 1708 parmcia,
1177 1657 1230 1696 ut
1275 1660 1392 1712 quae
1433 1652 1502 1698 sit
1553 1646 1603 1698 in
1632 1647 1747 1714 ejus
1781 1647 2035 1710 dimcesi;
2075 1661 2138 1701 ac

605 1731 891 1793 provinciae
912 1734 1123 1798 quidem
1153 1734 1398 1789 decernet
1422 1737 1676 1804 synodus.

675 1817 921 1872 ZONAR.
978 1820 1089 1874 Hoc
1135 1823 1185 1874 in
1233 1823 1350 1877 aliis
1374 1839 1583 1895 quoque
1614 1827 1944 1881 diversarum
1977 1841 2137 1896 syno-

607 1909 793 1960 dormn
843 1910 1135 1964 canonlbus
1184 1911 1454 1965 decretum
1499 1923 1581 1966 est
1617 1953 1636 1977 ,
1683 1931 1748 1968 ne
1802 1915 1889 1968 fiat
1937 1916 2138 1969 scilicet

605 1996 884 2064 episcopus
938 2000 987 2050 in
1035 1999 1290 2064 parmcia,
1343 1999 1393 2052 in
1443 2015 1544 2066 qua
1581 2016 1684 2052 non
1710 2002 1979 2055 consuevit
2011 2002 2134 2054 olim

606 2088 719 2138 tieri
747 2102 760 2147 ;
794 2087 894 2138 nisi
933 2087 1369 2152 metropolitanus
1409 2088 1636 2142 voluerit
1660 2090 1728 2159 (is
1757 2090 1897 2143 enim
1925 2099 2002 2143 est
2024 2092 2135 2158 pri-

604 2189 720 2226 mas
744 2175 1069 2243 provinciae),
1095 2186 1148 2230 et
1187 2178 1464 2244 episcOpus
1506 2180 1856 2242 consenserit,
1884 2181 1948 2231 ad
1980 2195 2134 2248 quem

605 2260 741 2314 forte
763 2264 990 2329 pertinet
1019 2267 1268 2331 parcecia,
1307 2276 1364 2318 ut
1396 2281 1510 2332 qua:
1559 2268 1627 2320 sit
1653 2269 1703 2320 in
1743 2269 1856 2336 ejus
1876 2269 2133 2335 dimcesi;

605 2363 667 2402 ac
697 2351 761 2404 de
793 2365 852 2404 ea
879 2353 1089 2420 quidem
1123 2354 1402 2420 provincia:
1424 2361 1657 2426 synodus
1683 2357 1931 2412 decernet

603 2524 826 2580 ARIST.
863 2546 882 2578 ι
929 2528 1029 2592 Qui
1067 2545 1335 2597 nunquam
1362 2535 1586 2587 antehac
1620 2535 1895 2603 proprium
1931 2536 2133 2591 habue-

681 2631 699 2664 ι
740 2625 860 2667 rant
891 2619 1216 2684 episcOpum,
1251 2622 1348 2673 nisi
1375 2623 1624 2676 universa
1657 2627 1943 2690 provincia!
1975 2639 2131 2693 syno-

677 2722 696 2752 ι
739 2706 834 2759 dus
864 2709 1078 2774 ejusque
1099 2711 1296 2775 primas
1337 2711 1485 2776 juxta
1511 2714 1826 2767 sententiam
1860 2714 2020 2778 illius,
2047 2715 2134 2768 cui

679 2812 698 2844 ι
738 2794 971 2861 subjecta
1035 2807 1116 2851 est
1163 2801 1437 2866 provincia
1489 2802 1540 2855 in
1593 2817 1694 2869 qua
1742 2804 1968 2857 ecclesia
2014 2813 2132 2866 est,

678 2901 697 2932 ι
740 2883 1146 2951 subscripserit,
1183 2888 1337 2939 aliter
1368 2903 1472 2941 non
1501 2889 1789 2950 habebunt.
1833 2909 1850 2940 ι

670 2971 727 3025 Si
758 2973 989 3039 parcecia
1039 2973 1215 3042 aliqua
1265 2979 1514 3044 episcopo
1560 2978 1796 3044 subjecta
1848 2977 2029 3042 fuerit,
2077 2991 2131 3034 et

601 3060 887 3120 multitudo
917 3063 968 3113 in
1011 3076 1071 3114 ea
1108 3063 1382 3129 proprium
1417 3064 1615 3120 habere
1659 3066 1879 3120 voluerit
1922 3069 2131 3136 episco-

601 3167 750 3220 pum,
806 3151 962 3206 facile
1012 3167 1117 3206 non
1165 3155 1535 3221 exaudientur,
1580 3157 1671 3210 sed
1709 3173 1829 3212 cum
1872 3159 2131 3226 approba-

601 3243 745 3295 tione
778 3242 939 3296 totius
983 3245 1264 3310 provinciae
1289 3245 1497 3314 synodi,
1537 3245 1782 3315 illiusque
1829 3249 2133 3317 metropoli-

605 3338 709 3391 ttn;
745 3338 798 3381 et
842 3332 1073 3396 episcOpi
1130 3332 1290 3386 etiam
1366 3336 1450 3387 cui
1502 3336 1735 3401 parmcia
1793 3336 1878 3388 illa
1927 3337 2127 3400 subest,

600 3431 862 3472 consensu
898 3419 1024 3471 illud
1054 3420 1165 3472 lict.

1160 3610 1383 3665 CANON
1433 3611 1563 3665 Clli.

605 3717 625 3748 ‹
661 3699 734 3752 De
799 3701 1002 3766 populis
1079 3711 1132 3754 et
1187 3703 1506 3756 dioecesibus
1537 3743 1551 3768 ,
1598 3720 1715 3773 qua
1757 3720 1784 3757 ιι
1845 3705 2132 3760 Donatistis

679 3805 695 3835 ι
738 3797 1138 3840 convertuntur.
1196 3788 1262 3842 Ut
1319 3792 1522 3843 scilicet
1572 3793 1644 3844 illi
1696 3793 1904 3861 pepuli,
1950 3795 2041 3862 qui
2100 3811 2129 3847 ιι

680 3896 696 3924 4
741 3877 1024 3932 Donatistis
1051 3889 1450 3945 convertuntur,
1483 3893 1536 3934 et
1562 3891 1754 3949 praeter
1794 3883 1976 3950 synodi
2014 3897 2133 3936 sen-

686 3987 703 4016 ι
745 3971 961 4022 tentiam
1015 3972 1294 4037 episeOpos
1329 3971 1622 4024 hnbUcrttnl
1648 4011 1662 4034 ,
1708 3987 1798 4025 eos
1851 3973 1963 4025 sine
2003 3986 2131 4025 con-

677 4077 692 4105 ε
735 4059 991 4109 πονοι-δίο
1027 4058 1217 4110 habere
1244 4059 1385 4125 digni
1424 4071 1738 4113 censeantur
1770 4079 1782 4113 :
1829 4063 1915 4130 qui
1959 4071 2130 4114 autem

676 4165 690 4192 ι
728 4143 904 4212 populi
960 4143 1263 4210 episc0pum
1317 4144 1638 4209 habuerunt,
1693 4156 1744 4199 et
1793 4163 1857 4200 eo
1930 4159 2132 4200 mortuo

679 4250 693 4283 ι
733 4235 1001 4301 proprium
1035 4233 1341 4300 episcopum
1373 4235 1568 4289 habere
1609 4237 1910 4301 uoluerunt,
1945 4241 2033 4291 sed
2064 4240 2128 4290 ad

682 4343 696 4369 ι
736 4321 965 4388 alicujus
1019 4324 1154 4375 alius
1187 4323 1420 4390 episcopi
1453 4325 1705 4377 diamesin
1747 4341 2039 4391 recurrere,
2081 4326 2128 4378 id

675 4431 690 4458 ι
734 4427 833 4462 non
895 4415 1049 4465 debet
1108 4415 1186 4464 eis
1241 4411 1438 4476 negari.
1505 4411 1970 4467 Verumenimvero
2037 4418 2133 4468 hoc

669 4517 686 4548 ι
727 4514 938 4566 quoque
984 4500 1204 4552 relatum
1253 4511 1353 4560 est,
1396 4502 1534 4569 quod
1579 4503 1834 4570 episcopi,
1883 4505 1971 4572 qui
2009 4515 2131 4558 ante

670 4606 686 4636 ι
727 4587 890 4657 legem
921 4591 1316 4656 imperatoriam
1349 4591 1415 4644 de
1444 4592 1643 4645 unione
1668 4594 1879 4646 allatam
1910 4597 2128 4663 populos

674 4696 691 4724 ι
731 4677 794 4730 ad
826 4680 1145 4739 catholicam
1173 4682 1458 4736 Ecclesiam
1489 4693 1830 4748 comrertunt,
1864 4701 1996 4753 quos
2032 4688 2129 4752 ipsi

675 4788 691 4816 ι
729 4767 1011 4829 habebant,
1035 4784 1128 4824 eos
1155 4781 1333 4826 tenere
1357 4774 1550 4827 debent
1575 4792 1588 4829 :
1619 4786 1739 4842 post
1761 4777 1925 4844 legem
1952 4787 2128 4833 autem

677 4874 694 4904 ι
733 4857 946 4910 uniouis
989 4867 1044 4909 et
1083 4858 1242 4924 ultra,
1280 4870 1492 4926 eportet
1530 4877 1715 4916 omnes
1753 4866 2004 4918 ecclesias
2029 4904 2043 4926 ,
2083 4874 2134 4919 et

667 4965 682 4995 ι
723 4960 907 4999 earum
932 4947 1212 5010 dimceses,
1259 4950 1377 5002 etsi
1417 4951 1518 5002 ulla
1557 4952 1664 5004 sint
1687 4952 1914 5007 fortasse
1937 4955 2136 5008 instru-

673 5052 691 5084 ι
738 5044 942 5099 menta,
973 5051 1090 5104 qua:
1117 5038 1182 5088 ad
1220 5037 1460 5104 ipsarum
1489 5039 1838 5093 ecclesiarum
1862 5041 1981 5107 jura
2018 5059 2137 5110 per-

668 5141 686 5172 ι
728 5123 927 5177 tineaut
957 5164 972 5186 ,
1019 5140 1046 5176 a
1094 5126 1368 5185 catholicis
1412 5127 1676 5195 episcopis
1714 5129 2005 5192 vindicari,
2043 5133 2131 5200 qui

662 5232 681 5261 ι
721 5225 841 5267 sunt
875 5215 926 5268 in
963 5215 1063 5268 illis
1099 5214 1229 5276 iet-is
1250 5217 1298 5267 in
1318 5215 1508 5284 quibus
1532 5216 1598 5268 ab
1627 5217 1893 5273 haereticis
1924 5220 2132 5274 detine-

662 5325 677 5352 ‹
715 5306 943 5369 bantur;
980 5308 1090 5360 sive
1114 5307 1174 5358 ad
1209 5305 1521 5359 catholicam
1555 5307 1848 5362 Ecclesiam
1880 5313 2131 5380 deinceps

665 5414 680 5442 σ
725 5409 1127 5460 convertantur,
1153 5399 1265 5451 sive
1289 5414 1423 5460 non;
1449 5400 1568 5451 etsi
1601 5399 1773 5467 aliqua
1802 5416 1982 5453 eorum
2012 5412 2129 5468 post

661 5503 677 5524 ι
719 5499 885 5552 regem
915 5489 1306 5556 imperatoriam
1334 5498 1676 5555 usurparunt,
1702 5487 1902 5542 debent
1929 5499 1982 5543 et
2016 5492 2125 5544 haec

658 5598 669 5620 ι
714 5575 938 5628 restitui.
971 5595 987 5625 ι

657 5685 672 5715 ι
731 5665 1060 5736 ηιαῖσθησιν
1118 5671 1178 5722 ἐκ
1210 5671 1414 5724 τούτων
1487 5673 1888 5741 κατεχρήσαντο
1953 5671 2090 5742 μετὰ
2134 5673 2223 5727 τὸν
2299 5677 2577 5745 βασιλικὸν
2663 5677 2918 5746 ὁρισμὸν,

660 5777 678 5813 ι
724 5758 965 5812 cnseat.
1005 5777 1021 5811 ι

2170 378 2256 434 ΒΑ
2268 378 2557 438 LSAMON

2175 489 2224 550 Δ

3683 377 3797 440 3ίᾶ

2814 494 3042 546 ΚΑΝΩΝ
3077 491 3192 546 ΡΒ’.

2250 594 2267 624 t
2316 580 2446 647 Περι
2479 583 2583 633 τῶν
2607 585 2744 634 λαῶν
2771 585 2876 634 τῶν
2909 584 3171 651 μηδέποτε
3203 583 3524 646 ἐπισκόπους
3551 580 3792 649 ἐσχηκό-

2319 685 2336 715 ι
2386 686 2506 722 των.
2541 673 2767 739 Ἥρεσεν
2812 676 3046 736 κάκεῖνο,
3108 674 3194 725 ἵνα
3226 674 3389 741 ὄχλοι,
3426 674 3473 724 oi
3515 673 3789 734 μηδέποτε

2311 773 2328 804 ι
2380 756 2537 817 ἰδίους
2567 760 2850 825 ἐσχηκότες
2870 761 3216 820 ἐπισκόπους,
3239 761 3284 810 εί
3311 761 3383 826 μὴ
3401 761 3461 809 ἐκ
3483 757 3657 823 πάσης
3681 755 3790 819 τῆς

2322 863 2338 895 ι
2389 846 2600 897 συνόδου
2625 847 2852 914 ἑκάστης
2880 847 3138 916 ἐπαρχίας
3166 848 3255 898 καὶ
3286 846 3376 897 τοῦ
3418 846 3791 912 πρωτεύοντος.

2317 953 2334 984 ι
2377 934 2624 1002 ψήφισμα
2650 936 2886 1002 γένηται,
2918 939 3009 988 καὶ
3037 938 3170 988 κατὰ
3201 935 3498 986 συντιίνεσιν
3538 933 3788 996 ἐκείνου,

2317 1044 2332 1071 ι
2381 1020 2580 1084 οὗτινος
2638 1025 2738 1076 ὑπὸ
2781 1025 2875 1092 τὴν
2926 1026 3183 1093 διοίκησιν
3213 1025 3526 1078 καθίσταται
3576 1021 3793 1090 suam

2315 1133 2334 1164 ι
2377 1113 2654 1182 ἐκκλησία,
2679 1114 2931 1182 μηδαμῶς
2965 1114 3235 1175 δέξωνται.
3276 1133 3293 1162 ι

2304 1202 2496 1256 ΒΑΛΣ.
2563 1201 2726 1254 Τοῦτο
2782 1201 2875 1253 καὶ
2937 1204 2993 1253 ἐν
3053 1201 3230 1262 ἄλλοις
3279 1201 3464 1254 κανόσι
3512 1201 3795 1266 διαφόρων

2241 1290 2468 1343 συνόδων
2497 1290 2725 1360 ὡρίσθη,
2749 1291 2983 1357 δηλονότι
3018 1291 3077 1341 τὸ
3103 1291 3176 1359 μὴ
3204 1289 3443 1356 γίνεσθαι
3491 1289 3790 1339 ἐπίσκοπον

2239 1382 2295 1431 ἐν
2327 1381 2584 1450 παροικίᾳ
2608 1382 2663 1433 ἐν
2751 1377 2818 1449 ἦν
2841 1379 2958 1441 ἔθος
2985 1379 3210 1432 ἔκπαλαι
3245 1379 3510 1444 γίνεσθαι,
3537 1377 3585 1428 εί
3626 1375 3703 1442 μὴ
3754 1375 3788 1424 ὁ

2242 1469 2631 1536 μητροπολίτης
2681 1469 2888 1538 θελήσει
2914 1464 3084 1539 (οὗτος
3113 1470 3218 1539 γάρ
3242 1470 3386 1520 ἐστιν
3429 1470 3455 1518 ὁ
3486 1468 3787 1534 πρωτεύων

2236 1559 2333 1624 τῆς
2363 1560 2668 1628 ἐπαρχίας),
2704 1561 2799 1612 καὶ
2832 1561 2859 1610 ὁ
2881 1560 3175 1620 ἐπίσκοπος
3209 1558 3529 1619 συναινέσει,
3555 1550 3598 1622 ᾧ
3649 1557 3788 1614 ἴσως

2238 1652 2270 1718 ή
2301 1649 2553 1718 παροικία
2580 1649 2817 1716 διαφέρει
2844 1649 2918 1711 ὡς
2943 1649 3144 1719 ἐνορία,
3174 1650 3266 1701 xui.
3297 1651 3328 1718 ή
3370 1649 3465 1716 τῆς
3518 1646 3788 1714 ἐπαρχίας

2237 1738 2523 1806 ψηφίσεται
2559 1737 2788 1799 σύνοδος.
2851 1793 2864 1798 _

2317 1825 2553 1880 ΖΩΝΔΡ.
2601 1827 2766 1879 Τοῦτο
2809 1827 2900 1880 καὶ
2961 1830 3016 1880 ἐν
3054 1828 3229 1885 ἄλλοις
3288 1826 3472 1877 κανόσι
3515 1825 3788 1890 διαφόρων

2239 1917 2467 1969 συνόδων
2498 1917 2722 1984 ὡρίσθη,
2745 1919 2804 1970 τὸ
2839 1919 2911 1987 μὴ
2956 1918 3193 1983 γίνεσθαι
3228 1915 3518 1967 ἐπίσκοπον
3564 1915 3618 1963 ἐν
3643 1929 3790 1978 παρα

2235 2006 2450 2068 οικίαις,
2492 2010 2548 2075 ἐν
2595 2002 2682 2069 αἷς
2703 2009 2801 2059 οὐκ
2823 2005 2888 2077 ἦν
2915 2008 3031 2069 ἔθος
3061 2007 3290 2058 ἔκπαλαι
3315 2006 3578 2070 γίνεσθαι.
3608 2003 3656 2052 εἱ
3705 2002 3783 2068 μὴ

2233 2098 2261 2147 ὀ
2315 2096 2703 2165 μητροπολίτης
2750 2097 2995 2165 θελήσει·
3045 2096 3195 2157 οὗτος
3236 2096 3341 2162 γάρ
3387 2095 3533 2145 ἐστιν
3568 2092 3595 2141 ὁ
3626 2107 3782 2157 πρω·

2235 2187 2401 2236 τεύων
2428 2189 2524 2254 τῆς
2572 2187 2941 2255 ἐπαρχίαςνέν
3037 2188 3089 2238 αί
3123 2185 3400 2252 παροικίαι
3435 2182 3774 2233 ὑπόκεινται·

2235 2273 2327 2325 καὶ
2359 2274 2387 2324 ὁ
2421 2273 2714 2334 ἐπίσκοπος
2749 2274 3070 2338 συναινέσει,
3102 2267 3142 2338 ᾧ
3173 2275 3352 2338 ίσωςή
3382 2271 3635 2338 παροικία
3664 2269 3786 2319 δια-

2233 2362 2404 2430 φέρει,
2434 2362 2505 2423 ὠς
2535 2363 2637 2414 ὑπὸ
2659 2364 2755 2432 τὴν
2779 2363 3041 2430 διοίκησιν
3073 2362 3233 2413 αὑτοῦ
3259 2357 3410 2423 οὖσα,
3441 2361 3534 2411 καὶ
3596 2361 3627 2424 ὴ
3680 2359 3785 2424 τῆς

2235 2450 2496 2516 ἐπαρχίας
2526 2451 2817 2519 ψηφίσεται
2843 2450 3070 2511 σύνοδος.

2239 2535 2448 2587 ΑΡΙΣΤ.
2480 2554 2498 2585 ι
2543 2536 2603 2588 Oi
2637 2537 2896 2606 μηδέποτε
2924 2539 3135 2606 σχόντες
3184 2538 3311 2589 ίδιον
3358 2536 3673 2593 ἐπίσκοπον,
3726 2533 3780 2582 εί

2311 2642 2328 2674 ι
2378 2626 2448 2694 μὴ
2481 2627 2625 2680 πᾶσα
2659 2627 2691 2693 ή
2730 2627 2824 2692 τῆς
2843 2619 3102 2695 ἐπαρχίας
3137 2626 3351 2686 σύνοδος
3393 2625 3485 2676 καὶ
3542 2625 3569 2674 ὁ
3625 2637 3780 2689 πρωο

2307 2733 2325 2766 ι
2369 2715 2537 2767 τεύων
2568 2716 2734 2778 αὐτῆς
2768 2715 2996 2784 γράψειε
3024 2714 3162 2768 κατὰ
3193 2715 3413 2781 γνώμην
3435 2710 3552 2774 τοῦ,
3577 2711 3664 2778 ὑφ’
3721 2709 3783 2760 δν

2316 2824 2334 2854 ι
2373 2807 2664 2875 ήέπαρχία
2695 2809 2750 2858 ἐν
2871 2809 2899 2876 ἡ
2938 2806 3074 2874 αὑτὴ
3127 2804 3421 2872 ἐκκλησία,
3456 2803 3623 2862 ἄλλως
3679 2800 3783 2868 οὐκ

2307 2911 2326 2942 ι
2370 2894 2568 2956 ἕξουσι.
2609 2912 2628 2943 ι

2315 2983 2437 3034 Ἐὰν
2495 2984 2753 3052 παροικία
2804 3003 2886 3048 τις
2941 2986 3108 3038 ἐτέλει
3157 2986 3259 3038 ὑπὸ
3322 2984 3632 3043 ἐπίσκοπον,
3682 2980 3784 3032 καὶ

2159 3091 2204 3150 C
2234 3073 2503 3144 ἠϐουλήθη
2532 3076 2560 3126 6
2599 3078 2655 3127 ὲν
2672 3077 2807 3145 αὐτῇ
2840 3078 2992 3145 ιχ)ος
3027 3077 3152 3129 ίδιον
3183 3079 3326 3145 σχεῖν
3357 3077 3666 3135 ἐπίσκοπον,
3697 3071 3783 3133 ὡς

2237 3163 2444 3232 ἔτυχεν,
2481 3165 2579 3216 οὐκ
2616 3165 3095 3233 είσακουσθήσεται
3125 3181 3138 3194 ·
3182 3165 3314 3215 ἀλλᾶ
3373 3162 3506 3231 μετὰ
3555 3160 3789 3226 δοκιμα-

2239 3255 2354 3315 σίας
2385 3254 2562 3320 πάσης
2585 3254 2680 3320 τῆς
2703 3255 2912 3306 συνόδου
2942 3255 3035 3321 τῆς
3069 3255 3353 3322 ἐπαρχίας,
3389 3252 3484 3304 καὶ
3534 3249 3624 3301 τού
3674 3264 3790 3316 μη·

2237 3342 2549 3411 τροπολίτου
2576 3344 2765 3408 αὐτῆς,
2802 3345 2936 3412 πρὸς
2969 3343 3023 3393 δέ
3055 3344 3142 3395 καὶ
3165 3342 3514 3400 συναινέσεως
3543 3337 3630 3390 τοῦ
3657 3337 3788 3387 ἐπι-

2239 3433 2460 3498 σκόπου,
2520 3437 2607 3501 ὑφ’
2654 3437 2711 3487 ὃν
2757 3438 2789 3504 ή
2857 3436 3076 3505 τοιαύτη
3129 3435 3382 3504 παροικία
3440 3430 3786 3489 καθίσταται,

2238 3519 2392 3572 τοῦτο
2417 3523 2727 3592 γενήσεται.

2824 3615 3058 3667 ΚΛΝΩΝ
3079 3613 3195 3668 Pl".

2246 3722 2262 3753 ι
2307 3704 2435 3768 Περὶ
2491 3705 2631 3756 λαῶν
2681 3705 2771 3758 καὶ
2812 3706 3123 3773 διοικήσεων
3168 3701 3403 3755 τῶνάπὸ
3452 3696 3791 3753 Δονατιστῶν

2308 3809 2326 3841 ι
2371 3795 2821 3860 ἐπιστρεφόντων.
2873 3793 2986 3843 Ἵνα
3025 3792 3220 3859 δηλαδὴ
3272 3791 3491 3842 ἐκείνων
3539 3789 3587 3839 οἱ
3637 3785 3789 3845 λαοὶ,

2314 3897 2331 3927 ι
2377 3882 2422 3932 oi
2475 3883 2581 3934 ἀπὸ
2642 3882 2746 3932 τῶν
2803 3883 3132 3933 Δονατιστῶν
3189 3883 3624 3949 ἐπιστρέφοντες.
3683 3875 3791 3926 καὶ

2313 3988 2330 4022 ι
2373 3971 2694 4033 ἐπισκόπους
2718 3973 3004 4040 ἐσχηκότες
3023 3972 3166 4038 παρὰ
3188 3968 3406 4038 γνώμην
3425 3970 3519 4037 τῆς
3544 3962 3788 4029 ἀυνάδουι

2317 4078 2335 4109 ι
2379 4063 2598 4123 τούτους
2636 4061 3010 4130 ἁναμφιὸό).ως
3044 4061 3184 4128 ἔχειν
3221 4059 3520 4120 ἁξιωῖδῶσιν
3544 4059 3562 4084 ’λ
3586 4057 3790 4114 οῑτινες

2316 4170 2332 4198 ι
2377 4150 2429 4200 δέ
2461 4150 2576 4202 λαοὶ
2608 4152 2900 4218 ἐσχήκασιν
2930 4149 3242 4211 ἐπίσκοπον,
3268 4148 3361 4197 καὶ
3389 4146 3568 4197 τούτου
3601 4143 3794 4193 τελευ-

2311 4257 2328 4290 ι
2376 4241 2634 4306 τήσαντος
2663 4243 2762 4290 οὐκ
2806 4240 3072 4307 ἠθέλησαν
3107 4240 3232 4290 ἴδιον
3275 4236 3565 4288 ἐπίσκοπον
3618 4231 3788 4298 ἐχειν,

2317 4351 2333 4377 ι
2383 4331 2515 4384 ἀλλὰ
2542 4331 2673 4399 πρὸς
2699 4332 2855 4383 ἄλλου
2883 4332 3022 4390 τινος
3055 4329 3346 4383 ἐπισκόπου
3369 4325 3629 4391 διοίκησιν
3655 4323 3792 4373 ἀνα-

2317 4439 2333 4471 (
2378 4421 2603 4489 δραμεῖν
2655 4422 2872 4489 ἀνήκειν
2908 4437 2920 4449 ο
2961 4418 3115 4470 τοῦτο
3170 4417 3246 4486 μὴ
3283 4415 3518 4478 ὀφείλειν
3567 4413 3784 4469 τούτοις

2311 4528 2327 4559 ι
2375 4510 2685 4578 ἀρνηθῆναι.
2748 4511 2820 4560 Οὐ
2877 4508 2981 4576 μὴν
3034 4506 3166 4558 ἀλλὰ
3233 4505 3449 4556 κάκεῖνο
3493 4498 3791 4570 ἀνηνέχθη,

2315 4618 2332 4646 ι
2377 4600 2454 4649 ὅτι
2485 4600 2531 4648 οἱ
2560 4598 2841 4648 ἐπίσκοποι
2871 4600 2918 4648 οἱ
2962 4597 3063 4664 πρὸ
3121 4595 3213 4647 τοῦ
3274 4591 3547 4662 βασιλικοῦ
3595 4591 3789 4657 νόμου,

2166 4407 2208 4462 D

2315 4707 2331 4738 ι
2378 4689 2468 4739 τοῦ
2501 4689 2627 4757 περὶ
2657 4689 2902 4756 ἐνότητος
2954 4685 3438 4757 προκομιζομένου,
3471 4684 3659 4740 οἵτινες
3691 4681 3796 4746 δή-

2308 4795 2326 4825 ι
2378 4794 2506 4829 ποτε
2552 4778 2682 4845 πρὸς
2745 4776 2843 4844 τὴν
2892 4775 3180 4843 καθολικὴν
3224 4774 3606 4838 ἐπιστρέφουσι
3660 4767 3796 4828 τοὺς

2315 4885 2334 4916 ι
2377 4867 2555 4929 λαοὺς,
2583 4853 2674 4927 οὓς
2708 4862 2850 4936 εἶχον
2889 4867 3061 4926 αὐτοὶ,
3090 4866 3309 4925 τούτους
3365 4860 3608 4927 κατέχειν
3643 4856 3789 4921 όφεί⁹

2314 4975 2332 5007 ι
2374 4955 2556 5008 λουσιν
2586 4971 2602 4987 ο
2670 4957 2805 5024 μετὰ
2858 4956 2914 5011 δὲ
2968 4957 3058 5007 τὸν
3110 4955 3270 5022 νόμον
3292 4952 3389 5016 τῆς
3421 4951 3665 5017 ἐνότητος
3692 4948 3793 4998 καὶ

2315 5063 2333 5095 ι
2380 5046 2636 5098 ἐπέκεινα
2665 5048 2768 5115 χρὴ
2802 5047 2979 5110 πάσας
3003 5047 3098 5106 τὰς
3124 5041 3417 5108 ἐκκλησίας
3442 5038 3534 5096 καὶ
3589 5037 3772 5105 διοική

2319 5155 2336 5178 α
2382 5153 2492 5197 σεις
2524 5137 2723 5198 αὐτῶν,
2755 5137 2848 5189 καὶ
2880 5137 2972 5187 ἐάν
3000 5151 3124 5186 τινα
3149 5132 3306 5200 τυχὸν
3327 5125 3799 5194 ὧσιδικαιὼματα

2319 5245 2336 5276 ι
2385 5229 2490 5286 tot;
2515 5228 2743 5289 δικαίοις
2779 5228 3045 5294 ἀνήκοντα
3095 5224 3200 5276 τῶν
3249 5220 3427 5288 αὐτῶν
3463 5217 3798 5286 ἐκκλησιῶν,

2309 5336 2327 5366 ι
2373 5317 2753 5370 διεκδικείσθαι
2772 5318 2873 5368 ὑπὸ
2895 5315 3001 5367 τῶν
3025 5312 3322 5366 καθολικῶν
3351 5311 3657 5364 ἐπισκόπων
3683 5305 3801 5356 τῶν

2305 5424 2325 5456 ι
2373 5409 2429 5456 ὲν
2463 5410 2573 5467 τοῖς
2608 5408 2788 5472 τόποις
2824 5407 3046 5465 ἐκείνοις
3079 5406 3136 5456 ἐν
3157 5399 3236 5464 οἷς
3280 5402 3590 5471 κατείχοντο
3639 5398 3798 5466 παρὰ

2303 5515 2321 5547 ι
2365 5497 2472 5549 τῶν
2503 5498 2809 5567 αἱρετικῶν,
2833 5497 2942 5548 εἴτε
2974 5493 3411 5564 ἐπιστρεφόντων
3440 5491 3627 5544 λοιπδν
3653 5488 3799 5554 πρὸς

2301 5605 2319 5636 ι
2356 5588 2454 5654 τὴν
2485 5587 2798 5656 καθολικὴν,
2824 5586 2931 5645 εἴτε
2963 5586 3035 5655 μὴ
3060 5584 3522 5654 ἐπιστρεφόντων.
3564 5580 3674 5634 Καὶ
3693 5579 3796 5640 ἐὰν

3013 5673 3215 5728 ὀφείλει
3285 5673 3454 5727 ταῦτα
3526 5666 3795 5727 ἁποκαθί.
