4002 6314
272 316 278 320 ’
316 319 430 383 345

1345 333 1424 393 ΙΝ
1458 334 1618 396 CAN.
1655 336 1789 397 CIII
1817 337 2024 400 CONC.
2063 341 2438 402 CAR'I‘IIAG.

3404 345 3521 406 346

391 431 743 497 ΒΑᾹΣ.Τοῖ)ς
774 435 878 488 ἀπὸ
900 439 1000 507 τῆς
1049 440 1310 508 αἱρέσεως
1361 445 1469 496 τῶν
1531 447 1862 500 Δονατιστῶν

2034 451 2230 507 BALS.
2287 454 2388 507 Eos
2421 454 2510 522 qui
2547 467 2574 505 a
2610 454 3010 508 Donatistarum
3045 451 3236 506 haeresi
3284 455 3512 505 conver-

314 522 740 590 ἐπιστρέφοντας
775 526 1064 596 διορίζεται
1112 532 1139 582 δ
1187 532 1363 584 κανὼν
1393 530 1527 585 εἶναι
1586 529 1689 585 ὑπό
1737 536 1862 595 τοὺς

316 613 647 676 ἐπισκόπους
674 615 869 677 αὐτῶν,
903 619 994 670 ἐὰν
1026 622 1117 673 καὶ
1152 623 1302 674 αὐτοὶ¹
1336 624 1720 693 ἐπιστρέψων.
1753 626 1862 676 Καὶ

316 702 456 754 ἄλλα
479 703 532 754 δέ
564 705 679 758 τινὰ
717 723 878 778 φησιν
909 709 1279 762 ἀποϐλέποντα
1308 713 1440 780 πρός
1466 716 1732 782 σωτηρίαν
1757 715 1863 766 τῶν

314 793 653 842 Δονατιστῶν
702 797 793 846 καὶ
833 795 940 848 τῶν
989 797 1106 849 κατ’
1143 799 1336 860 αὐτοὺς
1379 801 1687 872 ἐκκλησιῶν
1724 804 1864 872 μετὰ

313 876 628 945 διόρθωσιν.

387 970 632 1027 ΖΩΝΑΡ.
690 975 753 1026 Ol
820 978 1231 1047 ἐπιστρέφοντες
1283 982 1423 1040 λαοὶ.
1485 983 1649 1049 φασιν
1689 983 1737 1034 οί
1763 983 1862 1049 τῆς

313 1059 562 1122 συνόδου)
594 1063 655 1114 ὲκ
674 1063 772 1130 τῆς
799 1067 1058 1136 αἱρέσεως
1079 1070 1182 1120 τῶν
1208 1072 1553 1133 Δονατιστῶν,
1586 1072 1670 1124 ῐνα
1699 1071 1861 1140 ἔχωσι

308 1148 446 1209 τοὺς
488 1152 835 1217 ἐπισκόπους,
887 1157 980 1218 οὓς
1029 1153 1202 1226 εἶχον,
1265 1162 1312 1211 εί
1379 1162 1617 1212 κάκεῖνοι
1661 1162 1859 1230 δηλαδὴ

307 1239 669 1305 ἐπέστρεφεν,
720 1244 767 1294 εί
824 1246 879 1296 δέ
930 1262 1070 1308 τινες
1099 1247 1204 1297 τῶν
1256 1248 1702 1315 ἐπιστρεφόντων,
1755 1249 1861 1299 τῶν

307 1329 630 1380 ἐπισκόπων
657 1333 831 1384 αὐτῶν
857 1329 1304 1401 τελευτησάντων,
1353 1339 1450 1390 οὐκ
1492 1339 1646 1404 ἔσχον
1706 1338 1860 1388 ἄλλον

306 1417 629 1481 ἐπίσκοπον,
673 1415 786 1472 ἀλλ’
828 1421 1017 1488 ἐτέρας
1073 1425 1382 1494 διοικήσεως
1425 1429 1706 1493 ἐπισκόπῳ
1768 1429 1859 1478 τοῦ

306 1504 479 1558 τόπου
538 1507 824 1575 ἀνήκοντες
850 1550 864 1572 ,
906 1513 1096 1579 ἐκείνῳ
1135 1514 1552 1581 προσετέθησαν,
1621 1515 1861 1566 ἔστιιισαν

307 1591 410 1642 ὑπ’
436 1594 653 1659 ἐκεῖνον,
690 1600 780 1650 καὶ
814 1600 885 1667 μὴ
915 1599 1066 1652 τοῦτο
1096 1602 1271 1663 αὐτοῖς
1300 1604 1576 1672 ἀρνηθείη,
1608 1605 1724 1656 ἀντὶ
1748 1604 1860 1668 τοῦ,

312 1684 390 1750 μὴ
422 1689 836 1757 ἐπαγορευθείη,
864 1690 935 1759 μὴ
958 1691 1216 1760 κωλυθείη
1249 1707 1262 1722 ⁸
1293 1695 1384 1745 καὶ
1412 1695 1522 1745 ὅσοι
1549 1691 1602 1746 δὲ
1638 1696 1859 1747 ἐπίσκο-

1965 551 2172 606 luntnr,
2204 545 2386 595 statuit
2423 558 2680 597 canoncm
2719 559 2839 597 esse
2883 544 2980 596 sub
3005 543 3114 595 suis
3141 542 3433 609 episcopis,
3461 541 3506 594 si

1963 630 2061 696 ipsi
2108 633 2710 685 .ctiam'couvertantnr.
2751 632 2865 683 Alia
2914 646 3127 700 quoque
3175 630 3338 692 dicit,
3388 644 3508 696 qua

1963 731 2207 784 spectant
2258 724 2321 772 ad
2354 726 2578 776 salutem
2615 724 3012 778 Donatistarum
3049 732 3101 776 et
3147 735 3364 776 suarum
3418 734 3508 773 ec-

1962 811 2246 864 clesiarum
2279 827 2393 881 post
2419 814 2827 867 correctionem.

2032 982 2278 1037 ZONAR.
2321 985 2383 1039 Ut
2446 986 2643 1053 populi,
2679 988 2764 1054 qui
2791 1002 2848 1039 se
2875 989 2938 1038 ab
2982 987 3169 1040 haeresi
3204 986 3507 1039 Donatista-

1962 1085 2078 1123 rum
2130 1072 2193 1120 ad
2243 1071 2360 1124 Ildci
2391 1075 2668 1127 veritatem
2701 1085 3038 1140 converlttnl,
3090 1075 3278 1126 iisdem
3311 1074 3506 1139 quibus

1964 1170 2139 1222 antea,
2191 1162 2234 1213 si
2285 1162 2440 1213 modo
2479 1163 2551 1214 illi
2590 1179 2798 1229 quoque
2835 1174 3034 1217 rcClam
3069 1164 3225 1214 Iidem
3275 1161 3504 1230 amplexi

1964 1263 2102 1314 sunt,
2149 1253 2410 1316 episcopis
2447 1253 2822 1318 subiiciantur,
2857 1256 3040 1322 synodi
3092 1255 3272 1306 Patres
3307 1253 3510 1312 consti-

1965 1352 2155 1403 tuunt;
2190 1351 2350 1407 utque
2400 1344 2554 1394 iidem
2587 1345 2783 1409 populi,
2827 1347 2869 1395 si
2899 1354 3014 1410 post
3046 1359 3262 1396 suorum
3306 1345 3510 1409 episco-

1961 1447 2149 1498 porum
2202 1432 2403 1482 obitum
2443 1434 2603 1483 alium
2653 1433 2960 1497 episcopum
3007 1447 3111 1482 non
3156 1433 3503 1489 obtinuerint,

1963 1520 2052 1570 sed
2103 1520 2324 1571 alterius
2354 1521 2647 1572 dimceseos
2679 1521 2928 1586 episcopo
2958 1560 2970 1581 ,
3005 1520 3119 1583 ejus
3152 1519 3237 1582 qui
3277 1518 3507 1569 decessit

1966 1609 2211 1671 ﬁnitimo,
2268 1623 2326 1660 se
2369 1609 2696 1674 adjuuxerc,
2747 1611 3031 1673 quominus
3087 1609 3229 1659 illum
3276 1606 3508 1658 habeant

1965 1700 2177 1750 minime
2218 1700 2609 1764 impediantur;
2664 1709 2768 1749 tum
2821 1707 2876 1751 ut
2930 1697 3159 1762 episcopi
3211 1696 3508 1748 Donatista-

307 1791 406 1826 ποι
434 1777 542 1826 τῶν
576 1779 908 1831 Δονατιστῶν
927 1783 1045 1841 τοὺς
1063 1781 1153 1832 ὑπ’
1173 1784 1364 1845 αὐτοὺς
1393 1785 1549 1845 λαοὺς
1582 1786 1858 1850 προσαγά-

1965 1803 2096 1846 rum,
2155 1787 2458 1853 quicunque
2519 1786 2736 1851 populos
2791 1800 2918 1839 suos
2974 1785 3221 1838 Ecclesiae
3256 1781 3508 1834 concilia-

305 1881 455 1930 γωσι
480 1869 544 1935 τῇ
586 1867 899 1937 Ἐκκλησία,
927 1871 1075 1922 αὐτοὶ
1099 1874 1187 1924 καὶ
1219 1873 1358 1940 μετὰ
1376 1873 1473 1940 τὴν
1501 1874 1858 1944 προσαγωγὴν

305 1954 553 2006 ἔστωσαν
595 1958 795 2009 τούτων
823 1961 1126 2013 ἐπίσκοποι.
1189 1963 1344 2014 Μετὰ
1373 1962 1427 2014 δὲ
1459 1962 1548 2014 τὸν
1577 1965 1740 2031 νόμον
1763 1968 1859 2031 τῇς

305 2045 557 2111 ἐνότητος
599 2047 808 2113 (γέγονε
853 2049 958 2118 γὰρ
1002 2051 1148 2117 παρὰ
1200 2051 1309 2102 τῶν
1352 2053 1688 2120 κρατούντων
1738 2054 1860 2107 τότε

306 2133 478 2200 νόμος
523 2136 785 2204 ἑνωθῆναι
816 2139 914 2198 τὰς
945 2140 1232 2206 ἐκκλησίας
1265 2144 1360 2209 τῆς
1403 2144 1683 2213 Ἀφρικῆς)
1733 2145 1858 2213 χρὴ,

304 2223 466 2288 φασὶ,
495 2225 664 2287 πάσας
681 2227 776 2288 τὰς
807 2230 1093 2298 ἐκκλησίας
1133 2233 1226 2282 καὶ
1265 2233 1360 2293 τὰς
1401 2234 1707 2302 διοικήσεις,
1743 2237 1864 2305 ἦτοι

303 2316 410 2376 τὰς
443 2318 750 2384 οἰκονομίας
784 2318 936 2387 ἢτὰς
988 2322 1216 2390 ἐνορίας,
1269 2326 1364 2376 καὶ
1408 2327 1470 2377 τὰ
1521 2326 1863 2392 δικαιώματα

302 2405 420 2456 τῶν
441 2406 617 2458 αὐτῶν
639 2409 960 2476 ἐκκλησιῶν,
982 2413 1298 2466 διοικεῖσθαι
1353 2415 1455 2467 ὑπὸ
1488 2416 1597 2467 τῶν
1643 2415 1862 2466 καθολι-

303 2495 446 2547 κὼν.
478 2496 810 2559 Καθολικοὺς
830 2499 885 2550 δὲ
919 2502 1246 2562 ἐπισκόπους
1274 2503 1305 2570 ἦ
1338 2504 1463 2564 τοὺς
1509 2505 1603 2571 τῆς
1653 2504 1864 2556 καθολι-

304 2588 411 2650 κῆς
448 2584 770 2654 Ἐκκλησίας
802 2588 1060 2655 ἐξάρχους
1090 2589 1246 2650 ὄντας
1277 2591 1444 2656 λέγει,
1477 2592 1508 2660 ἦ
1563 2593 1686 2654 τοὺς
1713 2593 1862 2660 πρὼ.

305 2691 454 2734 τιυς,
487 2677 654 2744 ἤγουν
679 2679 802 2738 τοὺς
839 2680 1257 2747 μητροπολίτας,
1303 2681 1412 2732 εἴτε
1450 2682 1862 2749 ἐπιστρέφουσιν

303 2769 353 2817 οἱ
383 2768 667 2834 σίρετικοκ,
700 2767 801 2817 εἴτε
830 2770 924 2838 μή.
964 2770 1022 2820 Εἰ
1051 2769 1107 2821 δὲ
1141 2770 1232 2821 καί
1256 2787 1395 2822 τισιν
1418 2772 1479 2822 ἐκ
1510 2771 1614 2823 τῶν
1643 2772 1861 2824 δικαίων

298 2857 421 2906 τῶν
452 2856 754 2925 ἐκκλησιῶν
781 2863 1186 2928 κατεχρήσαντο
1215 2863 1260 2910 οἱ
1304 2862 1566 2926 αίρετικοὶ
1602 2861 1738 2929 μετὰ
1771 2863 1861 2914 τὸν

299 2949 494 3022 νόμον.
521 2951 638 3001 ἀντὶ
658 2950 775 3014 τοῦ,
804 2951 1207 3020 ἐξεποιήσαντο,
1248 2949 1519 3018 ὀφείλουσι
1558 2953 1651 3002 καὶ
1694 2951 1864 3003 ταῦτα

1961 1886 2104 1936 runt,
2146 1877 2328 1928 codem
2377 1890 2482 1942 quo
2547 1884 2699 1928 antea
2730 1876 2870 1940 jure,
2918 1877 2967 1926 in
3020 1873 3236 1926 eosdem
3285 1871 3508 1938 populos

1957 1965 2190 2032 epismpi
2259 1967 2629 2017 auctoritatem
2699 1966 2990 2018 obtineant.
3039 1962 3166 2015 Post
3205 1962 3370 2026 legem
3427 1969 3509 2010 ta-

1959 2069 2079 2107 men
2123 2056 2186 2106 de
2229 2057 2510 2108 concordia
2551 2055 2710 2106 latam
2747 2055 2869 2122 (fuit
2913 2055 3053 2105 enim
3091 2053 3172 2105 lcx
3211 2049 3279 2101 ab
3318 2052 3508 2114 imper.

1960 2146 2023 2196 de
2087 2145 2432 2197 ecclesiarum
2512 2145 2704 2196 Africa:
2780 2144 3063 2197 concordia
3137 2155 3202 2194 eo
3272 2149 3510 2204 tempore

1961 2233 2327 2301 promulgata)
2385 2235 2639 2287 ecclesias
2699 2249 2882 2286 omnes
2950 2244 3002 2286 et
3064 2234 3342 2297 dimcescs,
3397 2246 3512 2286 sive

1961 2320 2497 2382 administrationes.
2553 2330 2641 2372 aut
2703 2322 2982 2388 regiones,
3035 2333 3141 2376 tum
3192 2324 3308 2390 jura
3373 2339 3509 2393 quo-

1962 2424 2065 2476 que
2115 2410 2179 2461 ad
2226 2425 2315 2462 eas
2354 2411 2605 2464 ecclesias
2657 2413 2950 2477 spectantia
3001 2411 3068 2464 ab
3121 2413 3384 2478 episcopis
3414 2429 3508 2466 ca-

1963 2498 2173 2552 tholicis
2224 2500 2389 2552 asscri
2436 2513 2498 2552 ac
2569 2500 2825 2551 vindicari
2877 2510 3126 2565 oportere
3187 2500 3506 2555 decernunt.

1962 2592 2263 2646 Catltolicos
2304 2608 2426 2645 vero
2451 2594 2727 2660 episcopos
2776 2593 3048 2662 intelligit,
3089 2596 3250 2664 637
3303 2596 3382 2648 vel
3413 2611 3509 2650 cos

1963 2684 2050 2750 qui
2101 2683 2167 2736 ab
2217 2683 2368 2735 initio
2405 2683 2455 2734 in
2496 2682 2750 2735 Ecclesia:
2797 2684 3076 2737 catholica:
3124 2686 3365 2750 partibus
3403 2695 3509 2737 ste-

1963 2782 2158 2832 terunt,
2199 2771 2279 2826 vel
2316 2772 2589 2840 primates.
2635 2773 2732 2826 hoc
2774 2781 2873 2838 est,
2909 2775 3364 2840 metropolitanos,
3397 2776 3509 2826 sive

1964 2862 2201 2917 ltmretici
2251 2862 2314 2915 ad
2362 2863 2642 2914 sanitatem
2692 2863 2980 2924 redierint.
3022 2863 3135 2916 sive
3169 2879 3294 2916 non.
3354 2864 3504 2927 Quod

1965 2955 2006 3006 si
2033 2954 2191 3005 etiam
2228 2953 2386 3005 rebus
2415 2953 2477 3004 ad
2517 2951 2813 3005 Ecclesiam
2843 2952 3246 3017 pertinentibus
3277 2953 3509 3005 bmretiri

299 3039 801 3092 ἀποκαθίστασθαι.
847 3041 1170 3110 Προσφόρως
1197 3039 1250 3092 δὲ
1285 3041 1579 3109 ἐχρήσαντο
1612 3044 1677 3110 τῇ
1725 3042 1863 3106 λέξει

1969 3049 2083 3108 post
2108 3040 2272 3111 legem
2309 3041 2693 3110 promulgatam
2743 3041 2895 3095 abusi
2945 3043 3071 3106 sint,
3117 3045 3217 3095 hoc
3260 3051 3360 3104 est.
3415 3057 3513 3096 eas

294 3129 406 3181 τοῦ
429 3131 1227 3200 κατεχρήσαντο.ῑίατάλρτῖσις
1275 3131 1383 3197 γάρ
1438 3131 1583 3182 ἐστιν
1628 3133 1660 3198 ἡ
1717 3134 1868 3200 παρὰ

292 3221 362 3273 τὸ
402 3219 518 3272 δέον
547 3221 761 3287 χρῆσις.
796 3220 903 3270 Καὶ
923 3221 970 3270 οί
1000 3219 1373 3287 ἐκποιοὺμενοι
1401 3214 1493 3271 οὖν
1521 3219 1589 3271 τὰ
1629 3220 1739 3272 τῶν
1769 3222 1858 3272 ἐκ-

294 3310 548 3375 κλησιῶν
571 3311 948 3377 καταχρῶνται
979 3301 1158 3371 α’ὑτοϊς
1182 3326 1194 3340 ·
1239 3311 1300 3362 οὐ
1333 3309 1439 3378 γὰρ
1489 3310 1564 3373 ὡς
1614 3310 1731 3362 δέον
1771 3312 1869 3371 αἱρ-

293 3402 423 3460 τοῖς
453 3399 1097 3467 χρῶνται.’Δκουέτωσαν
1150 3400 1318 3457 ταῦτα
1354 3403 1402 3452 οί
1436 3401 1605 3461 ἀδεῶς
1647 3402 1715 3453 τὰ
1759 3400 1866 3453 τῶν

295 3489 611 3557 ἐκκλησιῶν
661 3489 1058 3560 ἐκποιούμενοι,
1110 3491 1202 3544 καὶ
1241 3493 1289 3543 oi
1334 3490 1708 3554 συναινοῦντες
1769 3493 1865 3544 αὐ-

293 3581 440 3638 τοῖς.

1967 3130 2270 3193 alienarint,
2309 3132 2514 3183 restitui
2558 3145 2768 3198 quoque
2822 3131 2938 3183 illas
2975 3131 3259 3197 oportebit.
3329 3132 3512 3198 Appo-

1969 3221 2073 3272 site
2127 3229 2302 3272 autem
2354 3220 2453 3274 hoc
2506 3220 2624 3274 loco
2657 3221 2909 3274 abutendi
2947 3221 3163 3274 verbum
3192 3221 3506 3274 adhibttere.

1967 3308 2060 3361 Est
2077 3325 2302 3378 namque
2325 3310 2490 3372 abuti,
2516 3325 2571 3362 re
2600 3310 2771 3377 aliqua
2793 3318 2984 3378 preter
3003 3312 3049 3362 id
3070 3310 3208 3377 quod
3232 3313 3383 3365 decet
3409 3312 3510 3373 uti,

1972 3402 2111 3469 quod
2137 3400 2317 3468 procul
2355 3401 2512 3454 dubio
2547 3399 2745 3453 faciunt
2783 3403 2841 3460 ii.
2868 3417 2894 3453 a
2923 3403 3113 3468 quibus
3141 3401 3504 3454 ecclesiastica

1968 3505 2054 3544 res
2098 3506 2415 3559 quocunque
2471 3491 2625 3544 modo
2686 3491 2991 3545 alienatur:
3049 3507 3152 3544 non
3212 3492 3378 3555 enim,
3447 3503 3506 3542 ut

1966 3593 2196 3650 oportet.
2229 3583 2313 3635 bis
2349 3593 2592 3636 utuntur.
2622 3580 2981 3638 Audianthaec
3011 3585 3100 3651 qui
3127 3598 3220 3651 per
3248 3598 3510 3638 summam

294 3672 576 3727 licentiam
629 3672 876 3730 Ecclesia:
937 3675 1076 3730 bona
1131 3675 1476 3741 distrahunt,
1533 3676 1728 3746 quique
1792 3692 1850 3733 se
1886 3677 2000 3747 ejus
2039 3677 2248 3732 consilii
2284 3678 2644 3748 adscriptorcs
2689 3678 3101 3745 laudatoresque
3125 3692 3231 3729 non
3265 3677 3511 3731 dubitant

294 3767 569 3838 proﬁteri.

297 3858 534 3913 APIET.
582 3876 600 3908 ι
646 3860 708 3912 Οἱ
757 3860 863 3914 ἀπὸ
889 3861 1220 3914 Δονατιστῶν
1277 3863 1699 3931 ἐπιστρέψαντες
1731 3865 1854 3933 ἐχέο

388 3966 407 3997 ι
447 3965 629 4001 τωσαν
681 3950 805 4010 τοὺς
873 3950 1030 4013 ἰδίους
1089 3953 1435 4015 ἐπισκόπους,
1499 3955 1546 4005 εί
1585 3954 1677 4005 καὶ
1704 3956 1855 4023 παρὰ

382 4057 402 4085 ι
448 4038 675 4108 γνώμην
696 4041 791 4107 τῆς
818 4041 1036 4093 συνόδου
1063 4041 1283 4104 τούτους
1323 4043 1500 4111 ἔσχον,
1542 4045 1636 4095 καὶ
1668 4046 1851 4095 τελευ-

390 4147 408 4177 σ
455 4129 658 4200 τῶντος
686 4132 1006 4191 ἐπισκόπου,
1035 4133 1083 4182 εί
1126 4132 1197 4200 μὴ
1227 4132 1502 4200 βούλονται
1533 4132 1688 4185 ἄλλον
1715 4136 1859 4185 ἀντι-

378 4238 400 4271 (
448 4222 802 4290 καταστῆναι,
833 4218 960 4284 sar;
998 4224 1165 4289 ἑτέρῳ
1197 4227 1600 4294 προσχωρῆσαι,
1639 4225 1856 4289 ἐξέστω·

388 4329 405 4363 ι
450 4313 544 4362 καὶ
571 4312 620 4362 οί
647 4311 954 4373 ἐπίσκοποι,
986 4313 1034 4364 oi
1072 4313 1176 4381 πρὸ
1214 4314 1310 4382 τῆς
1343 4315 1584 4376 ἐνώσεως
1617 4316 1863 4378 ἐπιστρέ-

386 4420 406 4452 ‹
450 4402 671 4468 ψαντες,
705 4399 832 4460 τοὺς
861 4398 1021 4463 λαοὺς
1050 4401 1142 4464 οὒς
1168 4397 1333 4470 εἶχον,
1365 4404 1656 4472 ἐχέτωσαν.
1698 4404 1851 4459 Μετᾶ
1888 4386 1928 4438 θ

385 4510 404 4541 ι
449 4493 506 4545 δὲ
559 4492 655 4560 τὴν
724 4493 850 4558 περὶ
921 4492 1169 4561 ἐνότητος
1247 4493 1528 4562 βασιλικὴν
1600 4493 1863 4555 κέλευσιν,

383 4603 402 4636 ι
444 4587 645 4654 ἑκάστη
689 4586 978 4651 Ἑκκλησῗα
1000 4587 1067 4639 τὰ
1099 4587 1200 4638 ἴδια
1235 4587 1416 4639 δίκαια
1441 4587 1738 4639 ἐκδικείτω.
1780 4604 1798 4636 ι

377 4679 441 4729 Ol
478 4678 793 4729 Δονατισιταὶ⁵
820 4677 1209 4745 ἀποσχίσαντες
1252 4679 1475 4740 ἑαυτοὺς
1504 4677 1603 4744 τῆς
1641 4677 1864 4746 Ἐκκλη-

302 4768 452 4830 σίας,
518 4766 612 4818 καὶ
670 4765 830 4828 ἰδίους
885 4767 1096 4834 ἔχοντες
1149 4769 1498 4830 ἐπισκόπους,
1554 4767 1862 4836 ὡρίσθησαν

299 4859 406 4920 ὡς,
449 4856 544 4908 ἐὰν
573 4855 982 4925 ἐπιστραφῶσιν
1023 4858 1176 4916 αὐτοί
1213 4874 1270 4908 τε
1334 4858 1424 4909 καὶ
1475 4859 1522 4910 οἱ
1579 4857 1863 4910 ἐπίσκοποι

306 4947 495 5000 αὐτῶν
523 4947 659 5017 πρὸς
711 4948 808 5015 τὴν
838 4946 1128 5014 καθολικὴν
1183 4946 1529 5016 Ἐκκλησίαν,
1565 4949 1866 5018 ἀναμφιϐό-

305 5031 423 5092 λως
479 5031 675 5093 αὐτοὺς
735 5032 896 5084 πάλιν
951 5034 1281 5095 ἐπισκόπους
1339 5034 1506 5103 ἔχειν,
1567 5037 1666 5088 κᾶν
1716 5037 1863 5104 παρὰ

306 5119 537 5189 γνώμην
579 5122 677 5189 τῆς
703 5122 918 5180 συνόδου
947 5124 1249 5191 γεγόνασιν.
1304 5125 1365 5176 El
1396 5126 1472 5188 δὲ,
1512 5127 1864 5196 τελευτησάν-

304 5229 422 5264 των
442 5212 618 5275 αι’ρτῶν
645 5212 711 5282 δὴ
737 5213 845 5265 τῶν
863 5215 1192 5278 ἐπισκόπων,
1220 5217 1282 5269 οὐ
1305 5216 1619 5286 θελήσουσιν
1647 5219 1864 5286 ἐτέρους

304 5301 428 5356 ἀντ’
490 5303 710 5356 ἐκείνων
750 5307 900 5373 σχεῖν
952 5307 1283 5369 ἐπισκόπους
1358 5308 1696 5373 ίδιαιτάτους,
1747 5310 1861 5363 ἀλλ’

308 5392 423 5445 ὑπὸ
454 5391 703 5457 ἐξουσίαν
749 5410 809 5448 τε
861 5395 956 5447 καὶ
1007 5395 1270 5464 διοίκησιν
1329 5399 1422 5450 καὶ
1480 5389 1675 5453 ἄλλων’
1705 5400 1864 5451 τινῶν

299 5483 619 5537 ἐπισκόπων
677 5485 954 5552 γενέσθαι,
1001 5485 1140 5539 ὥστε
1175 5488 1249 5555 μὴ
1301 5487 1617 5555 λογίζεσθαι
1667 5489 1862 5550 αὐτοὺς

300 5572 465 5640 αὖθις
499 5576 893 5644 σχισματικοὺς
928 5579 1019 5628 καὶ
1055 5577 1176 5630 καθ’
1203 5578 1428 5640 ἑαυτοὺς
1461 5578 1669 5631 ἐθέλειν
1693 5577 1853 5644 εἶναι,

306 5663 431 5720 ἀλλ’
455 5663 556 5719 ὑπὸ
574 5666 684 5735 -τήν
709 5664 997 5735 καθολικὴν
1020 5667 1303 5722 τάττεσθαι
1361 5667 1706 5739 Ἐκκλησίαν,
1745 5668 1857 5734 ἐξέ-

1963 3859 2192 3915 ARIST.
2226 3878 2244 3912 ι
2285 3860 2385 3928 Qui
2417 3876 2446 3914 a
2481 3860 2773 3915 Donatistis
2805 3861 3048 3915 conversi
3079 3868 3228 3920 sunt,
3268 3861 3514 3927 proprios

2033 3972 2050 4003 ι
2101 3952 2370 4006 retineant
2413 3953 2718 4021 episcopos,
2760 3952 2861 4005 etsi
2905 3961 3098 4020 prmter
3141 3950 3329 4019 synodi
3380 3965 3508 4004 seu-

2037 4061 2055 4092 ι
2105 4042 2328 4096 tentiam
2370 4056 2463 4094 eos
2510 4043 2833 4103 habuerint;
2873 4051 2926 4093 et
2965 4040 3217 4107 episcopo
3261 4041 3366 4091 vita
3423 4039 3516 4091 de-

2038 4152 2058 4184 ι
2105 4134 2305 4197 functo,
2347 4132 2390 4185 si
2435 4132 2596 4183 alium
2640 4131 2758 4199 ejus
2787 4130 2903 4184 loco
2935 4129 3184 4183 substitni
3218 4129 3507 4188 noluerint.

2035 4243 2055 4276 ι
2102 4225 2193 4277 sed
2245 4223 2399 4277 alteri
2451 4224 2750 4285 adhmrerc,
2795 4222 2989 4286 liceat;
3036 4230 3086 4274 et
3112 4218 3370 4287 episcopi,
3421 4219 3514 4286 qui

2040 4334 2057 4365 ι
2105 4325 2228 4368 ante
2260 4315 2507 4367 unionem
2533 4312 2776 4364 conversi
2812 4320 2957 4372 sunt,
2997 4310 3218 4377 populos
3240 4323 3375 4376 quos
3416 4309 3516 4360 lta-

2045 4424 2063 4453 σ
2111 4405 2363 4469 buerunt,
2400 4405 2652 4456 habeant.
2689 4402 2815 4454 Post
2853 4401 3255 4468 imperatorium
3296 4413 3421 4452 vero
3452 4399 3552 4450 de‘

2042 4514 2058 4546 ι
2109 4495 2302 4547 unione
2331 4495 2636 4546 mandatum
2661 4504 2995 4561 unaquaque
3034 4489 3266 4544 Ecclesia
3301 4489 3513 4556 propria

2044 4603 2062 4636 ι
2107 4599 2198 4636 sua
2230 4584 2351 4650 jura
2387 4582 2654 4636 defendat.
2697 4599 2714 4630 ι

2035 4678 2108 4728 De
2141 4675 2428 4730 Donatistis
2460 4675 2550 4741 qni
2596 4675 2661 4724 ab
2689 4671 2926 4727 Ecclesia
2963 4687 3019 4725 sc
3055 4670 3419 4730 absciderunt.
3464 4679 3515 4721 et

1965 4767 2209 4836 proprios
2251 4765 2549 4838 habuerunt
2592 4766 2890 4831 epiSCOpos,
2926 4763 3252 4821 decernitur,
3296 4763 3434 4822 quod
3466 4762 3512 4813 si

1967 4860 2066 4924 ipsi
2091 4867 2143 4910 et
2178 4857 2415 4925 ipsorum
2450 4854 2684 4922 episeopi
2745 4856 2809 4904 ad
2851 4852 3166 4905 catholicam
3220 4852 3512 4905 Ecclesiatn

1963 4956 2369 5007 convertantur,
2401 4947 2515 4997 sine
2547 4943 2912 4996 controversia
2947 4942 3018 4994 illi
3056 4944 3245 4995 iterum
3281 4942 3514 5002 habeant

1963 5039 2268 5107 episcopos.
2305 5036 2550 5104 quamvis
2579 5045 2770 5101 prarter
2804 5033 2993 5101 synodi
3041 5033 3360 5085 sententiam
3389 5033 3514 5085 facti

1961 5129 2130 5182 fuere.
2159 5127 2212 5182 Si
2239 5137 2414 5179 autem
2442 5139 2560 5178 cum
2589 5124 2821 5190 episcopi
2849 5124 3084 5190 ipsorum
3118 5133 3339 5175 mortem
3365 5124 3514 5174 obic-

1962 5218 2093 5278 rint,
2124 5216 2311 5271 nolunt
2340 5215 2473 5267 alios
2501 5229 2685 5267 eorum
2711 5213 2827 5265 loco
2851 5213 3129 5281 episcopos
3164 5213 3358 5266 habere
3386 5227 3506 5280 pro-

1961 5309 2127 5376 prios,
2162 5307 2252 5360 sed
2283 5307 2509 5360 aliorum
2557 5304 2910 5371 quorumdam
2956 5305 3323 5372 episcoporum
3368 5314 3512 5372 pote-

1967 5397 2090 5449 stati
2125 5406 2179 5447 et
2233 5394 2448 5448 ditem-si
2499 5394 2760 5453 subesse.
2810 5403 2867 5443 ιιι
2919 5409 3022 5444 non
3088 5403 3364 5460 putaretur
3413 5409 3508 5449 eos

1961 5485 2335 5538 schismaticos
2381 5485 2575 5537 iterum
2606 5493 2658 5535 ct
2696 5496 2790 5550 per
2826 5485 3030 5549 seipsos
3061 5498 3178 5535 csse
3213 5485 3366 5546 velle,
3410 5487 3502 5537 sed

1965 5577 2064 5628 sub
2113 5576 2373 5628 catholica
2423 5573 2661 5626 Ecclesia
2703 5572 2992 5635 constitui;
3041 5573 3220 5625 licebit
3259 5572 3339 5626 eis
3378 5573 3504 5626 illud

1959 5668 2156 5723 facere.
2188 5667 2291 5722 Sed
2326 5677 2376 5722 ct
2406 5663 2798 5721 Doaastitarnui
2828 5665 3085 5733 episcopi,
3162 5665 3252 5733 qui
3293 5675 3412 5719 ante
3449 5666 3496 5719 le
