4002 6314
656 291 760 352 359

1930 308 2027 370 ΤΗ
2037 309 2200 373 ΕΟΙ).
2238 310 2624 377 BALSAMON

3715 329 3815 393 360

726 403 968 460 ZONAR.
999 406 1053 461 Si
1100 409 1241 476 quis,
1276 410 1476 478 inquit,
1507 414 1554 465 in
1589 413 1788 481 Africa,
1820 420 2048 488 cpiscOpi
2098 426 2178 475 sui

2348 431 2586 486 ΖΩΝΑΡ.
2633 433 2753 488 Ἐάν
2779 451 2882 497 τις,
2923 439 3102 504 φησιν,
3138 437 3374 499 ἀποστὰς
3413 439 3505 506 τῆς
3531 443 3817 502 κοινωνίας

654 498 1023 548 ιοιιιιιιυηιοηο
1055 499 1345 564 repudiata,
1374 515 1429 553 se
1458 501 1602 556 illinc
1627 515 1832 560 secreto
1850 509 2177 573 subduxerit,

652 587 812 645 atque
847 581 899 632 in
926 585 1306 639 transmarinas
1348 587 1588 654 regiones
1613 629 1628 651 ,
1661 594 2046 647 communionis
2072 597 2180 649 evi-

656 669 823 722 tanda
848 685 1032 733 causa,
1061 677 1416 739 transmearit,
1448 678 1699 732 clericatu
1725 682 2055 747 multabitur,
2083 687 2179 738 hoc

651 769 755 822 est,
788 774 816 812 a
841 760 982 813 clero
1011 762 1238 825 excidet,
1269 778 1581 832 omnemque
1623 769 1882 823 clericalis
1910 773 2178 841 dignitatis

651 848 901 900 honorem
929 853 1152 905 amittet.

650 936 872 992 ARlST.
909 957 927 990 ι
960 940 1057 1004 Qui
1093 943 1143 993 in
1182 943 1358 996 Africa
1398 946 1773 1000 communione
1812 949 2069 1014 priVatnr,
2113 952 2176 1004 ad

721 1044 740 1077 ‹
775 1030 1155 1081 transmarinas
1185 1040 1362 1094 partes
1414 1047 1470 1084 se
1495 1033 1816 1100 subripieus,
1850 1043 1905 1085 ut
1938 1035 2009 1087 ibi
2032 1049 2178 1088 com-

721 1133 738 1164 ι
778 1118 1031 1177 municet,
1072 1118 1213 1170 clero
1246 1121 1460 1174 excidit.
1501 1142 1520 1171 ι

716 1202 1003 1272 Episcopus
1035 1207 1112 1256 vel
1163 1209 1389 1260 clericus
1426 1209 1478 1261 in
1529 1208 1708 1263 Africa
1749 1225 2076 1281 segregatus,
2126 1214 2170 1266 si

614 1301 796 1345 .traus
825 1307 967 1346 mare
1002 1308 1061 1347 se
1086 1295 1362 1349 conferens
1394 1297 1505 1350 sive
1552 1298 1828 1352 discedens
1852 1339 1867 1365 ,
1897 1302 2176 1368 episcOpos

645 1381 718 1433 ibi
740 1382 1057 1436 constitutos
1088 1384 1308 1439 subdole
1331 1386 1548 1449 alliciat,
1582 1396 1636 1440 et
1667 1389 1728 1439 ad
1751 1391 2173 1443 communionem

642 1485 763 1522 eum
798 1473 1112 1535 admittant,
1139 1475 1331 1541 gradus
1360 1475 1438 1528 sui
1476 1476 1684 1542 jactura
1711 1477 2067 1533 damnabitur.

1206 1646 1428 1702 CANON
1461 1650 1593 1704 CIX.

645 1751 664 1784 ι
707 1733 775 1788 Ut
805 1738 890 1803 qui
927 1735 979 1789 in
1011 1739 1315 1791 comltatum
1377 1742 1799 1807 proﬁciscuntur,
1858 1756 1910 1797 et
1951 1744 2170 1799 Cartha-
2201 1719 2242 1772 B

713 1844 730 1873 ι
769 1829 972 1893 ginensi
1011 1838 1062 1880 et
1094 1829 1332 1882 Romano
1355 1832 1616 1884 sacerdoti
1640 1848 1853 1885 causam
1887 1849 2042 1887 suam
2074 1851 2169 1886 cu-

716 1935 734 1968 i
778 1928 894 1971 rent
927 1919 1230 1972 ostendere.
1261 1918 1484 1984 Placuit,
1516 1931 1570 1974 ut
1621 1923 1927 1990 quicunque
1982 1925 2032 1977 in
2074 1939 2169 1977 co-

722 2008 1020 2059 ciuitatum
1069 2008 1336 2074 proticisci
1399 2010 1661 2076 voluerit,
1717 2012 1767 2065 in
1831 2014 2168 2076 dimissoria,

722 2113 739 2141 ε
772 2109 887 2161 quae
903 2097 964 2146 ad
984 2095 1576 2150 Ecvlesiamltomanam
1599 2100 1839 2160 mittitur,
1865 2102 2164 2164 intimetur;

715 2202 730 2230 ι
762 2194 814 2235 et
845 2196 899 2235 ut
939 2185 1045 2237 illic
1075 2198 1329 2252 praeterea
1364 2189 1587 2254 accipiat
1611 2190 1813 2242 litteras
1851 2191 1900 2242 in
1942 2192 2166 2244 comita-

718 2289 734 2318 ι
769 2284 899 2324 tum.
931 2271 1105 2337 Quare
1163 2277 1205 2327 si
1263 2276 1402 2343 quis,
1481 2288 1696 2344 accepta
1744 2279 2042 2330 dimissoria
2101 2281 2165 2332 ad

714 2379 732 2408 ‹
775 2359 989 2413 Romam
1019 2373 1245 2423 tantum,
1281 2366 1638 2430 prmtertnissa
1689 2370 2025 2430 necessitate,
2052 2384 2169 2434 pro-

719 2473 736 2505 ι
779 2466 897 2519 pter
942 2470 1097 2519 quam
1155 2461 1360 2519 oportet
1411 2467 1531 2505 eum
1561 2454 1610 2505 in
1651 2455 1957 2507 comitatum
2003 2457 2164 2523 proli-

715 2568 733 2595 ι
779 2547 928 2605 cisci,
955 2543 1178 2597 voluerit
1206 2554 1346 2595 recta
1379 2543 1454 2596 ire
1496 2544 1546 2596 in
1578 2545 1902 2609 comitatum,
1930 2561 2167 2601 commu-

721 2653 740 2684 ε
775 2636 930 2687 nione
955 2638 1292 2688 movebitur:
1337 2636 1421 2690 sin
1466 2647 1642 2689 autem
1697 2637 1806 2688 illic
1856 2639 2034 2690 Roma
2082 2652 2166 2690 re-

713 2744 734 2774 ι
772 2725 986 2790 pentina
1018 2737 1200 2778 exorta
1255 2727 1416 2779 fuerit
1457 2728 1745 2780 necessitas
1795 2728 1952 2779 eundi
1989 2729 2039 2779 in
2072 2743 2164 2779 co-

713 2833 731 2861 c
772 2814 1031 2874 mitatum,
1058 2816 1223 2881 ipsam
1258 2814 1496 2867 Romano
1522 2816 1768 2880 episc0po
1794 2816 2159 2867 iieCCSsitatem

710 2921 727 2949 ε
764 2905 1027 2966 OStendat,
1077 2915 1129 2957 ct
1189 2905 1390 2957 deferat
1427 2906 1736 2970 rescriptum
1773 2903 1940 2968 ipsius
1985 2903 2162 2956 Roma:

703 3011 721 3041 ‹
755 2994 1003 3062 episcopi.
1035 2995 1356 3047 Dimissoriac
1392 3003 1589 3055 autem,
1621 3010 1734 3061 quae
1759 3010 1784 3042 a
1851 2994 2159 3058 primatibus
2189 3017 2229 3072 ο

707 3100 727 3132 ι
776 3085 854 3134 vel
895 3084 1297 3150 quibuscunque
1336 3085 1597 3151 cpiscopis
1660 3085 1853 3133 dantur
1940 3083 2162 3147 prepriis

711 3190 730 3221 ι
756 3173 986 3235 clericis,
1015 3173 1150 3224 diem
1183 3172 1396 3224 Pasclue
1427 3172 1683 3223 habeant:
1722 3172 1764 3221 si
1827 3178 1998 3222 autem
2047 3168 2162 3221 dies

715 3279 734 3313 ι
770 3262 987 3315 Pascha:
1026 3259 1140 3327 ejus
1165 3261 1286 3312 anni
1315 3262 1385 3312 sit
1410 3260 1664 3320 incertus,
1712 3259 1827 3325 ejus
1854 3259 1991 3324 quod
2028 3273 2158 3324 pra:-

713 3370 736 3400 ‹
764 3353 923 3402 cessit
956 3351 1303 3417 adjuugatur;
1339 3347 1605 3415 quomodo
1635 3345 1770 3399 solet
1823 3345 1983 3397 scribi
2045 3353 2161 3409 post

710 3457 727 3489 ι
764 3439 1097 3490 consulatum
1159 3437 1211 3488 in
1271 3438 1334 3489 iis
1386 3452 1502 3502 qua:
1559 3435 1768 3502 publice
1819 3443 1963 3498 gesta
2018 3442 2158 3484 sunt.

710 3546 730 3578 ι
775 3528 973 3579 Plat-uit
1005 3538 1177 3579 autem
1206 3535 1258 3577 ct
1302 3525 1448 3587 illud,
1486 3535 1542 3576 ut
1579 3526 1831 3576 adversus
1863 3522 2158 3575 Donatistas

706 3637 724 3666 ‹
760 3627 810 3668 ct
836 3617 1068 3676 Gnaeus,
1097 3628 1146 3668 ct
1174 3631 1356 3667 eorum
1415 3615 1839 3680 superstitiones,
1881 3614 2027 3665 missi
2089 3613 2160 3663 le-

712 3725 731 3754 ί
769 3707 875 3773 εαιί
909 3722 970 3758 ex
997 3706 1096 3757 hac
1130 3704 1416 3757 venerabili
1466 3705 1666 3772 synodo
1731 3703 1982 3770 quidquid
2033 3701 2159 3752 utile

712 3815 731 3845 ε
761 3796 1262 3858 animadverterent,
1331 3794 1395 3844 ab
1443 3793 1817 3845 illustrissimis
1871 3793 2158 3859 imperato-

712 3905 730 3932 ι
767 3886 910 3935 ribtts
935 3893 1137 3948 petant.
1173 3882 1377 3933 Placuit
1409 3892 1663 3946 praeterea
1693 3880 1925 3931 omnium
1952 3881 2158 3944 episco-

715 3991 732 4018 ο
772 3985 954 4036 porum
988 3981 1192 4036 rogatu,
1223 3979 1278 4020 ut
1301 3969 1547 4020 omnibus
1575 3982 1692 4034 qua:
1723 3967 1838 4018 dari
1870 3968 2062 4018 debent
2092 3981 2156 4017 ex

715 4076 732 4107 ι
780 4059 875 4109 hac
901 4059 1100 4125 synodo
1139 4056 1379 4123 epistolis
1421 4061 1507 4106 tua
1570 4053 1826 4105 sanctitas
1875 4052 1985 4104 sola
2034 4054 2159 4104 sub-

706 4168 725 4197 ι
757 4147 968 4198 scribat.
1007 4145 1069 4196 Et
1093 4145 1545 4212 subscripserunt.
1586 4144 1831 4196 Aurelius
1876 4143 2157 4210 cpiscopus

711 4255 730 4284 ε
766 4234 1200 4301 Carthaginiensis
1232 4233 1479 4286 Ecclesiae
1503 4233 1746 4300 prseseuti
1781 4232 1996 4285 decreto
2025 4247 2154 4286 con-

704 4344 723 4372 ‹
765 4325 925 4385 scnsi,
952 4334 1003 4376 ct
1035 4325 1168 4377 lecto
1192 4323 1504 4389 subscripsi.
1555 4322 1810 4375 Similiter
1857 4333 1910 4375 et
1965 4322 2152 4389 reliqui
2183 4316 2227 4371 Ι)

705 4432 722 4463 ι
755 4413 984 4478 θ’ήδοορί
1005 4412 1454 4478 subseripseruut.
1481 4429 1499 4462 υ

690 4867 878 4920 BALS.
932 4865 1172 4920 Praesens
1224 4881 1394 4919 canon
1457 4865 1734 4930 decernit,
1785 4883 1904 4920 cum
1970 4870 2158 4922 litteris

618 4956 936 5010 dimissuriis
991 4957 1230 5021 primatis
1284 4972 1375 5008 seu
1422 4957 1816 5022 metr0politani
1891 4958 2154 5024 proﬁcisci

619 5049 1335 5114 cpiscoliosincomitatum,
1396 5061 1487 5099 seu
1545 5047 1632 5098 ubi
1695 5058 1778 5100 est
1836 5062 2015 5101 comes
2073 5050 2156 5101 vel

621 5136 930 5203 imperator.
955 5135 1203 5200 Quaedam
1230 5137 1327 5188 alia
1349 5150 1559 5203 quoque
1577 5137 1814 5188 decernit
1833 5138 2154 5205 specialiter,

618 5237 668 5277 et
701 5240 817 5291 qua:
849 5241 954 5277 non
985 5237 1106 5278 sunt
1131 5228 1181 5277 in
1216 5239 1496 5278 commune
1541 5225 1721 5290 utilia;
1749 5239 1801 5279 et
1860 5236 2141 5294 propterea

617 5328 715 5366 nec
741 5318 976 5379 exposita
1015 5317 1225 5381 quidem
1288 5325 1432 5366 sunt.

681 5401 838 5470 643
883 5400 1127 5454 ZONAR.
1160 5401 1343 5453 Plures
1376 5417 1589 5469 quoque
1638 5403 1728 5456 alii
1782 5418 2032 5468 canones,
2088 5421 2153 5457 ne

616 5494 810 5557 absque
842 5492 1160 5545 diutis-seriis
1195 5492 1453 5558 epistolis,
1482 5507 1507 5543 a
1532 5494 1840 5558 primatibus
1887 5504 1940 5546 et
1985 5510 2011 5545 a
2039 5509 2158 5559 pro-

619 5583 828 5634 Vltlcinli
893 5586 1094 5645 δγιιυύι)
1145 5581 1436 5647 concessis,
1493 5582 1735 5649 episcopo-
1777 5585 2021 5650 cuiquam
2091 5585 2154 5637 ad

2279 519 2371 571 τοῦ
2399 521 2692 575 ἐπισκόπου
2721 524 2883 576 αὑτοῦ
2927 527 2985 576 ὲν
3009 529 3073 594 τῇ
3115 527 3342 596 ’Δφρικῇ
3399 534 3634 597 μεταστῇ
3673 533 3816 599 ἐκεῖ-

2278 609 2368 660 θεν
2393 609 2582 677 λάθρα,
2612 613 2700 662 καὶ
2719 614 2799 672 είς
2830 614 2896 666 τά
2922 617 3090 681 πέραν
3127 615 3225 682 τῆς
3259 616 3519 685 Ἀφρικῆς
3551 618 3808 681 ἀπέλθοι,

2276 697 2364 749 ἵνα
2398 700 2472 766 μὴ
2499 702 2780 753 ἀπαιτοίτο
2809 707 3197 769 συγκοινωνετν,
3247 705 3647 775 ζημιωθήσεται
3681 712 3814 773 περὶ

2279 787 2376 854 τὴν
2403 789 2672 856 κλήρωσιν
2691 791 2875 853 αὐτοῦ,
2908 792 3199 853 τουτέστιν,
3223 797 3527 848 ἐκπεσεῖται
3555 795 3647 846 τοῦ
3680 797 3817 864 κλή-

2279 890 2369 940 ρου
2398 880 2486 925 καὶ
2521 876 2614 943 τῆς
2641 877 2726 928 διὰ
2753 879 2843 930 τοῦ
2877 880 3127 948 κληρικὺς
3159 879 3296 933 εἶναι
3329 884 3513 951 τιμῆς.

2275 960 2490 1014 ΔΡΙΣΤ.
2549 984 2564 1012 ι
2593 963 2649 1015 '0
2705 969 2758 1016 ὲν
2785 969 2848 1034 τῇ
2884 965 3112 1034 Ἀφρικῇ
3159 970 3532 1035 ἀκοινώνητος,
3570 973 3683 1034 τοῖς
3721 972 3816 1023 πέ-

2386 1069 2403 1099 ι
2436 1066 2529 1117 ραν
2556 1052 2810 1120 ὑφέρπων
2839 1055 2972 1123 πρὸς
3001 1055 3300 1120 κοινωνίαν,
3331 1059 3661 1126 ἀπλήρωτος.
3680 1077 3700 1111 ι

2353 1224 2409 1274 ’0
2436 1227 2491 1275 ὲν
2519 1228 2582 1294 τῇ
2615 1225 2838 1295 ’Δφρικῇ
2887 1225 3259 1297 ἀφωρισμένος
3306 1235 3594 1296 mm“;
3622 1235 3654 1303 ἢ
3686 1236 3812 1304 κη’

2277 1314 2444 1380 ρικὸς,
2478 1315 2572 1365 ἐὰν
2619 1316 2788 1384 πέραν
2816 1314 3086 1387 θαλάσσης
3129 1319 3398 1388 ὑφέρπων,
3449 1324 3610 1390 ήγουν
3632 1326 3809 1392 άπερο

2273 1403 2516 1470 χόμενος,
2565 1405 2687 1465 τοὺς
2715 1407 2890 1456 ἐκεῖσε
2938 1407 3266 1470 ἐπισκόπους
3303 1410 3564 1479 ὕποσύρῃ,
3607 1414 3699 1464 καὶ
3731 1413 3810 1474 είς

2272 1491 2550 1543 κοινωνίαν
2597 1493 2752 1545 αὑτὸν
2792 1494 3204 1563 προσδέξωνταις
3254 1498 3343 1549 τὸν
3400 1499 3603 1567 βαθμὸν
3643 1500 3808 1554 αὑτοῦ

2273 1577 2691 1648 ζημιωθήσεται.

2832 1672 3065 1725 ΚΔΝΩΝ
3135 1672 3254 1731 ΡΘ’.

2275 1775 2292 1806 ι
2329 1757 2443 1808 Ἰνα
2469 1758 2515 1809 οἱ
2545 1759 2635 1812 ἐπὶ
2681 1760 2739 1812 τὸ
2773 1767 3055 1828 κομιτᾶτον
3096 1767 3444 1833 πορευόμενοι
3473 1767 3569 1836 τὴν
3609 1772 3791 1824 αίτίαν

2343 1865 2359 1896 ι
2397 1848 2597 1901 ἑαυτῶν
2631 1852 2720 1902 καὶ
2747 1852 2818 1919 τῷ
2842 1855 2896 1903 ἐν
2927 1856 3225 1922 Καρχηδόνι
3269 1856 3357 1908 καὶ
3395 1859 3470 1928 τῷ
3511 1859 3802 1927 Ῥωμαῖκῷ

2345 1953 2361 1984 ι
2399 1937 2532 2003 ίερεῖ
2549 1940 2909 1993 σπουδάσωσιν
2925 1945 3234 2011 ἐμφανίσαι.
3254 1947 3502 2016 Ἤρεσειν,
3525 1949 3608 2000 ἵνα
3629 1953 3804 2000 ὁστισ-

2337 2045 2354 2076 ι
2388 2025 2580 2092 δήποτε
2606 2028 2735 2094 πρὸς
2783 2030 2840 2080 τὸ
2869 2035 3157 2098 κομιτᾶτον
3204 2036 3530 2104 πορευθῆναι
3563 2037 3798 2106 θελήσοι,

2343 2133 2360 2164 ι
2395 2116 2452 2166 ὲν
2475 2119 2537 2182 τῇ
2584 2117 2900 2187 ἀπολυτικῇ,
2932 2124 2997 2190 τῇ
3052 2125 3142 2175 ἐπὶ
3169 2127 3230 2194 τῇ
3262 2125 3550 2197 Ἐκκλησία
3591 2129 3799 2196 Ῥώμης

2340 2223 2357 2253 ι
2394 2209 2733 2274 πεμπομένη,
2783 2212 3078 2278 κατάδηλος
3127 2215 3369 2282 γένηται.
3421 2217 3513 2268 καὶ
3544 2214 3630 2269 ῖνα
3663 2216 3800 2270 ἐκεῖ·

2343 2312 2360 2344 r
2400 2292 2488 2346 θεν
2514 2295 2592 2348 ἐτι
2622 2299 2724 2366 μὴν
2757 2299 3083 2369 άπολυτικὴν
3123 2303 3259 2374 λάϐῃ
3291 2306 3379 2357 ἐπὶ
3411 2306 3468 2357 τὸ
3494 2311 3796 2375 κομιτᾶτοκ..

2343 2403 2362 2433 r
2397 2387 2485 2436 Διὸ
2535 2386 2626 2438 ἐὰν
2669 2387 2845 2440 λαδὼν
2884 2392 3212 2462 ἀπολυτικὴν
3258 2394 3391 2463 πρὸς
3439 2397 3535 2465 τὴν
3578 2396 3798 2463 Ῥώμην

2340 2490 2357 2520 ι
2401 2471 2576 2540 μόνον,
2614 2477 2889 2542 σιωπήσας
2917 2475 3010 2546 τὴν
3034 2479 3292 2548 ἀνάγκην,
3323 2481 3388 2535 δι’
3429 2483 3493 2551 ἢν
3527 2483 3604 2543 είς
3631 2483 3690 2533 τὸ
3716 2499 3798 2533 κο-

2336 2579 2353 2610 ι
2394 2564 2613 2628 μιτᾶτον
2641 2565 2802 2616 αὑτὸν
2855 2566 2956 2634 χρὴ
2992 2569 3336 2637 πορευθῆναι,
3366 2570 3560 2641 θελήσῃ
3596 2573 3797 2631 εὐθέως

2341 2667 2357 2698 ι
2395 2649 2476 2709 είς
2506 2650 2564 2704 τὸ
2589 2655 2872 2719 κομιτᾱτον
2900 2653 3128 2721 βαδίσαι,
3160 2657 3454 2727 ἀποκινηθῇ
3485 2663 3581 2728 τῆς
3611 2676 3796 2713 κοινω-

2339 2753 2357 2784 ι
2399 2735 2536 2796 νίας.
2606 2739 2726 2790 Ἐὰν
2760 2740 2813 2791 δὲ
2858 2742 3034 2792 ἐκεῖσε
3092 2745 3146 2794 ἐν
3200 2747 3263 2812 τῇ
3333 2745 3516 2816 Ῥώμῃ
3561 2749 3794 2814 αίφνιδῖα

2347 2841 2363 2871 ι
2395 2824 2600 2891 ἀνάγκη
2632 2827 2841 2895 ἀναφυῇ
2878 2830 2968 2881 τοῦ
3000 2831 3251 2883 ἀπελθεῖν
3280 2836 3356 2895 είς
3385 2835 3444 2886 τὺ
3489 2841 3793 2903 κομιτᾶτον,

2334 2931 2351 2963 ι
2392 2916 2659 2984 ὲμφανίσῃ
2685 2919 2848 2985 αὐτὴν
2869 2919 2965 2987 τὴν
2997 2922 3234 2989 ἀνάγκην
3257 2922 3331 2991 τῷ
3363 2926 3638 2994 ὲπισκόπῳ
3672 2927 3791 2978 Ῥώι

2337 3022 2354 3052 ε
2392 3022 2516 3073 μης,
2570 3007 2661 3058 καὶ
2713 3011 3057 3079 παρακομίσῃ
3107 3014 3435 3082 ἀντίγραφον
3482 3017 3574 3067 τοῦ
3631 3017 3794 3069 αὐτοὶ

2337 3110 2354 3140 ι
2396 3096 2488 3158 τῆς
2527 3096 2743 3164 Ῥώμης
2787 3099 3103 3151 ἐπισκόπου.
3159 3105 3218 3153 Ai
3270 3104 3589 3159 ἀπολυτικαὶ
3636 3108 3714 3168 δὲ,
3744 3111 3794 3158 αἱ

2342 3201 2358 3230 ι
2397 3184 2501 3233 ἀπὸ
2527 3185 2628 3234 τῶν
2664 3189 3042 3252 πρωτευόντων
3081 3190 3111 3259 ἧ
3158 3193 3264 3244 τῶν
3311 3195 3638 3263 οίωνδήποτε
3689 3201 3794 3246 ἐπτι-

2337 3289 2354 3320 ι
2396 3274 2609 3323 σκὸπων
2641 3278 2750 3334 τοῖς
2784 3277 2932 3337 ἰδίοις
2984 3279 3261 3347 κληρικοίς
3307 3284 3592 3350 διδόμεναι,
3627 3289 3791 3353 σχῶσι

2337 3379 2354 3408 ι
2396 3359 2489 3428 τὴν
2515 3363 2720 3430 ἡμέραν
2775 3364 2865 3415 τοῦ
2898 3367 3109 3434 Πάσχα·
3144 3369 3233 3419 ἐὰν
3265 3370 3319 3421 δὲ
3357 3373 3530 3439 ήμέρα
3561 3375 3653 3424 τοῦ
3689 3377 3783 3426 Πλ-

2332 3464 2349 3497 ι
2384 3464 2482 3516 σχα
2504 3449 2595 3500 τοῦ
2623 3452 2782 3502 αὑτοῦ
2808 3455 3050 3506 ἐνιαυτοῦ
3098 3458 3392 3525 κατάδηλος
3428 3462 3523 3511 οὐκ
3569 3461 3732 3523 ἔστιν,
3760 3465 3788 3528 ή

2324 3554 2342 3587 ι
2379 3538 2468 3588 τοῦ
2519 3545 2968 3612 προηγησαμένου
3033 3549 3366 3618 προσζευχθῇ
3398 3564 3412 3578 ·
3485 3550 3543 3602 ὃν
3595 3555 3790 3621 τρόπον

2337 3646 2349 3675 ι
2388 3628 2542 3679 εῐωθε
2605 3633 2737 3697 μετὰ
2794 3634 2892 3701 τὴν
2939 3636 3194 3687 ὑπατείαν
3235 3641 3539 3705 γράφεσθαι
3595 3643 3655 3692 ὲν
3688 3644 3791 3700 τοῖς

2332 3736 2348 3765 ι
2385 3718 2658 3785 δημοσίοις
2704 3727 3121 3792 πεπραγμένοις.
3192 3728 3386 3794 Ἥρεσε
3441 3731 3497 3781 δὲ
3555 3732 3790 3793 κάκεῖνς,

2333 3824 2350 3854 ι
2388 3807 2521 3858 ὥστε
2550 3810 2686 3862 κατὰ
2731 3812 2836 3862 τῶν
2884 3817 3213 3868 Δονατιστῶν
3244 3818 3337 3870 καὶ
3371 3818 3476 3870 τῶν
3511 3820 3789 3888 Ἑλλήνων,

2331 3915 2348 3944 ι
2385 3897 2613 3947 καὶτῶν
2668 3899 2970 3968 θρησκειῶν
3009 3906 3206 3969 αὐτῶν,
3274 3909 3398 3968 τοὺς
3453 3912 3792 3976 πεμφθέντας

2332 4000 2347 4029 ι
2385 3989 2757 4052 τοποτηρητὰς
2811 3990 2874 4039 ἐκ
2904 3991 3001 4057 τῆς
3055 3995 3238 4058 τιμίας
3287 3994 3484 4062 ταύτης
3537 4002 3790 4060 συνόδου,

2330 4087 2347 4120 ι
2388 4071 2491 4121 πᾶν
2529 4073 2702 4124 ὁτιοῦν
2746 4077 3010 4144 χρήσιμον
3043 4080 3342 4143 συνιδῶσιν,
3379 4083 3441 4134 ἐκ
3471 4083 3574 4135 τῶν
3595 4086 3794 4150 ἐνδοξο-

2331 4175 2348 4206 ι
2380 4160 2552 4209 τάτων
2588 4163 2909 4229 αἰτήσασθαι
2949 4165 3231 4232 βασιλέων.
3292 4170 3522 4239 Ἦρεσεν
3552 4173 3631 4224 ἔτι
3691 4177 3791 4242 μὴν

2331 4266 2348 4295 ι
2380 4250 2444 4316 τῇ
2478 4249 2687 4317 αἰτήσει
2722 4253 2934 4304 πάντων
2977 4255 3084 4306 τῶν
3113 4259 3440 4325 ἐπισκόπων,
3484 4263 3572 4314 ἵνα
3598 4266 3792 4325 πάσαις

2331 4354 2347 4385 ι
2386 4340 2498 4399 ταῖς
2529 4339 2860 4404 όφειλούσαις
2881 4343 3095 4412 δοθῆναι
3127 4349 3188 4398 ἐκ
3211 4349 3305 4419 τῇς
3339 4351 3553 4402 συνόδου
3582 4355 3790 4405 ὲπιστο-

2332 4444 2349 4474 ι
2387 4427 2500 4487 λαῖς
2530 4431 2559 4494 ή
2590 4429 2653 4497 σὴ
2682 4431 2952 4499 ἁγιωσύνη
2983 4435 3115 4502 μόνη
3148 4437 3457 4510 ὑπογράφῃ.
3532 4442 3639 4492 Καὶ
3669 4443 3792 4494 ὑπέ-

2336 4535 2351 4564 σ
2391 4520 2618 4584 mum.
2680 4521 2938 4587 Αὐρήλιος
2990 4525 3278 4588 ἐπίσκοπος
3318 4530 3414 4596 τῆς
3473 4532 3529 4580 ὲν
3572 4532 3788 4600 Καρχη-

2333 4624 2348 4654 ι
2383 4605 2490 4656 δόνι
2536 4607 2858 4675 Ἐκκλησίας
2888 4610 2962 4678 τῷ
2992 4614 3212 4680 παρόντι
3243 4616 3547 4685 ψηφίσματι
3575 4619 3789 4688 συνῄνε-

2330 4714 2346 4744 ι
2386 4713 2468 4758 σα,
2533 4697 2625 4748 καὶ
2659 4703 3165 4766 παραναγνωσθέντι
3218 4705 3524 4775 ὑπέγραψα.
3566 4709 3788 4776 Ὁμοίως

2331 4802 2347 4830 ι
2382 4785 2468 4835 καὶ
2489 4785 2537 4836 οἱ
2568 4785 2739 4838 λοιποὶ
2767 4789 3049 4841 ἐπίσκοποι
3094 4792 3430 4862 ὑπέγραψαν.
3477 4815 3496 4847 ι

2327 4872 2516 4923 ΒΑΛΣ.
2533 4873 2591 4924 Ὀ
2613 4876 2798 4943 παρὼν
2821 4877 2998 4929 κανὼν
3029 4878 3272 4943 θεσπίζει
3297 4886 3435 4951 μετὰ
3454 4889 3780 4956 ἁπολυτικῆς

2259 4962 2468 5027 γραφῆς
2487 4961 2579 5012 τοῦ
2602 4966 2963 5031 πρωτεύοντος
2987 4969 3105 5038 ήτοι
3123 4970 3215 5022 τοῦ
3250 4977 3634 5041 μητροπολίτου
3661 4981 3789 5029 ἀπο·

2254 5053 2441 5119 δημείν
2462 5055 2582 5115 τοὺς
2605 5057 2928 5119 ἐπισκόπους
2951 5061 3030 5120 είς
3053 5062 3111 5110 τὸ
3150 5066 3459 5130 κομιτᾶτον,
3479 5068 3640 5136 ήγουν
3672 5069 3789 5118 ἔνθα

2255 5143 2400 5193 ἐστὶν
2434 5144 2675 5212 ὁκόμης,
2703 5147 2818 5213 ήτοι
2861 5151 2887 5200 ὁ
2929 5150 3198 5217 βασιλεύς.
3236 5156 3338 5206 Καὶ
3382 5157 3517 5210 ἄλλα
3569 5159 3624 5209 δέ.
3675 5175 3789 5209 τινα

2255 5232 2420 5298 ὁρίζει
2452 5232 2626 5294 temo;
2654 5237 2747 5287 καὶ
2801 5238 2875 5306 μὴ
2914 5243 3062 5309 κοινῇ
3116 5245 3515 5311 χρησιμεύοντα
3540 5263 3554 5276 ·
3591 5249 3680 5298 καὶ
3711 5245 3789 5298 διὰ

2258 5321 2414 5371 τοῦτο
2437 5323 2554 5372 οὐδὲ
2585 5325 3024 5393 ήρμηνεύθησαν.

2324 5411 2561 5463 ΖΩΝΑΡ.
2623 5415 2730 5466 Καὶ
2779 5416 2924 5467 ἄλλοι
2985 5420 3206 5481 κανόνες
3238 5423 3478 5491 διάφοροι
3515 5425 3640 5492 περὶ
3689 5425 3775 5477 τοῦ

2263 5503 2339 5568 μὴ
2379 5500 2574 5565 ἐξεῖναι
2633 5507 2743 5566 τοῖς
2800 5507 3109 5570 ἐπισκόποις
3161 5514 3326 5581 χωρὶς
3353 5515 3642 5568 ἐπιστολῶν
3669 5519 3788 5568 dm-

2261 5590 2491 5643 λυτικῶν
2527 5592 2634 5644 τῶν
2688 5597 3065 5654 πρωτευόντων
3099 5602 3276 5655 αὐτῶν
3309 5603 3401 5655 καὶ
3430 5608 3525 5667 τῆς
3580 5607 3789 5660 συνόδου
