4002 6314
264 305 352 370 361

1303 307 1380 373 IN
1408 310 1568 371 CAN.
1610 309 1735 370 CIX
1765 309 1968 369 CONC.
2001 304 2367 367 CAR'I‘HAG.

3304 290 3409 354 3G2

266 422 353 487 τῆς
383 417 642 487 δπαρχίας
667 422 878 488 ἐκείνης
913 422 1129 477 amem
1165 424 1296 492 πρὸς
1323 421 1540 489 βασιλέα
1564 419 1775 487 ὁρίζου-

1878 416 2244 482 imperatorem
2287 415 2548 482 proficisci
2591 414 2765 475 liceat,
2796 414 3110 468 decrevere'
3141 411 3255 464 lucc
3282 422 3405 462 vero

270 506 518 575 σιν·ἀῦτη
544 509 598 561 δὲ
620 511 714 561 καί
748 528 798 562 τι
830 512 986 563 πλέον
1012 511 1199 579 ὁρίζει,
1236 510 1294 561 τὸ
1321 508 1416 568 τὰς
1452 508 1776 566 ἀπολυτικὰς

266 594 528 657 ἑπιστολὰς
591 599 799 666 καὶτῷ
857 600 1054 668 πάππα
1096 597 1311 665 Ῥώμης
1368 593 1774 663 ἐμφανίζεσθαι.

270 681 371 734 Καὶ
406 684 540 735 ἔοικε
566 684 721 737 τοῦτο
746 689 858 747 τοῖς
880 688 937 737 ἐν
982 686 1212 755 Ἀφρικῇ
1266 683 1660 745 ἐπιτάττεσθαι,
1689 682 1777 734 ῖνα

267 771 685 837 ἑμφανιζομένων
717 774 794 840 τῷ
824 773 1022 841 πάππα
1064 773 1171 824 τῶν
1224 770 1566 822 άπολυτικῶν
1600 768 1693 820 καὶ
1718 768 1777 831 ἐξ

267 860 450 910 ικείνου
499 860 636 929 λάϐῃ
686 861 1013 930 ἀπολυτικὴν
1064 861 1159 912 ἐπὶ
1202 860 1263 911 τὸ
1295 862 1603 925 κομιτᾶτον.
1653 858 1774 909 Ἐὰν

267 942 344 996 οὖν
368 946 555 1011 λαϐὼν,
584 952 769 1015 φησιν,
789 947 1116 1015 άπολυτικὴν
1158 946 1263 998 άπὸ
1297 948 1392 1014 τῆς
1419 946 1620 1004 οἰκείας
1650 960 1776 997 συν·

267 1031 388 1094 όδου,
436 1035 525 1085 καί
561 1033 807 1086 ἀπελθὼν
833 1037 912 1096 εἰς
949 1035 1045 1101 τὴν
1093 1031 1328 1099 Ῥώμην,
1382 1030 1480 1083 οὐκ
1516 1031 1643 1101 εἴπῃ
1675 1031 1776 1082 κά-

267 1122 339 1171 κεί
379 1120 469 1187 τὴν
524 1122 704 1196 αἰτίαν
748 1123 815 1174 δι’
856 1123 921 1191 ἢν
978 1123 1161 1175 ἄπεισι
1210 1120 1344 1187 πρὸς
1394 1121 1482 1171 τὸν
1536 1120 1773 1185 βασιλέα,

264 1210 378 1261 ἀλλὰ
406 1212 681 1279 σιωπήσας
718 1211 953 1279 ἀπέλθῃ,
984 1209 1427 1278 ἀφορισθήσεται.
1451 1209 1575 1259 Ἐὰν
1601 1208 1657 1259 δέ
1696 1225 1775 1268 τις

262 1300 319 1365 τῇ
358 1298 530 1368 Ῥώμῃ
559 1300 804 1367 ἐνδημῶν
824 1303 924 1368 σχῇ
955 1299 1196 1366 ἀνάγκην
1236 1296 1565 1363 ἀναφυείσης
1588 1295 1777 1363 ἁθρόον

265 1388 421 1449 αἰτίας
455 1388 709 1441 ἀπελθεῖν
746 1391 826 1451 εἰς
866 1389 925 1440 τὸ
964 1389 1273 1455 κομιτᾶτον,
1309 1387 1394 1438 ῖνα
1445 1385 1522 1453 τῷ
1560 1385 1776 1452 Ῥώμης

262 1477 486 1544 ἀρχιερεῖ
531 1475 743 1546 δηλώσῃ
774 1477 870 1546 τὴν
896 1477 1094 1538 αἰτίαν,
1130 1477 1222 1527 καὶ
1258 1473 1400 1543 λάϐῃ
1437 1476 1651 1541 γραφὴν
1681 1472 1775 1525 τοῦ

272 1565 467 1635 Ῥώμης
495 1568 846 1635 ἀπολυτικήν.
884 1569 946 1620 Al
972 1568 1028 1619 δὲ
1049 1566 1156 1619 τῶν
1186 1566 1590 1633 πρωτευόντων,
1619 1564 1774 1630 φησὶ,

262 1654 515 1722 γινόμεναι
570 1656 895 1708 ἀπολυτικαὶ
946 1658 1057 1717 τοῖς
1112 1654 1446 1716 ἐπισκόποις,
1504 1655 1536 1720 ἢ
1582 1655 1645 1706 ἐκ
1669 1654 1776 1705 τῶν

263 1712 562 1811 οἰωνδήποτε
597 1746 905 1798 ἐπισκόπων
935 1712 1051 1803 τοῖς
1092 1744 1370 1812 κληρικοῖς
1406 1712 1608 1805 αὐτών,
1654 1742 1773 1811 ιχέ-
1806 1712 1846 1765 Β

263 1850 421 1886 τωσαν
469 1837 566 1902 τὴν
617 1836 825 1905 ήμὲραν
870 1834 964 1886 τοῦ
1024 1834 1233 1902 Πάσχα⁶
1267 1834 1363 1884 ἐὰν
1401 1833 1457 1884 δὲ
1482 1832 1559 1884 ἔτι
1588 1832 1777 1900 ἄδηλός

261 1924 388 1973 εστιν
422 1922 454 1990 ή
489 1924 668 1991 ἡμέρα
727 1924 819 1976 τοῦ
878 1921 1066 1991 Πάσχα
1119 1922 1211 1973 τοῦ
1262 1920 1507 1973 ἐνιαυτοῦ
1540 1921 1774 1983 ἐκείνου,

262 2012 532 2078 γραφέσθω
576 2014 611 2078 ἠ
637 2010 728 2071 τοῦ
773 2009 1132 2079 παρελθόντος
1169 2008 1358 2075 Πάσχα
1378 2009 1581 2076 ήμέρα.
1611 2001 1777 2060 Τοῦτο

266 2099 335 2161 δὲ,
370 2096 536 2168 οἶμαι,
579 2100 755 2161 ἔδοξεν
790 2100 929 2151 οῦτω
961 2098 1220 2165 γίνεσθαι,
1267 2097 1352 2148 ῐνα
1381 2096 1697 2164 κηρύττοιτο
1742 2100 1774 2165 ή

261 2189 424 2256 ἡμέρα
466 2189 559 2240 τοῦ
608 2190 807 2258 Πάσχα
835 2188 927 2239 τοῦ
979 2188 1221 2240 ἐνιαυτοῦ
1270 2185 1473 2238 ἐκείνου
1520 2185 1640 2255 (ήδη
1671 2187 1779 2256 γὰρ

262 2278 342 2328 καὶ
360 2280 410 2327 ὲν
438 2277 762 2347 προλαϐοῦσι
793 2279 1008 2330 κανόσιν
1037 2276 1281 2345 ἀπῄτησε
1310 2276 1342 2345 ή
1378 2274 1593 2336 σύνοδος
1640 2275 1779 2345 αὕτη

263 2366 433 2427 ἰντιῖς
459 2367 689 2431 ἑτησίοις
743 2365 973 2425 συνόδοις
1022 2365 1184 2432 δήλην
1235 2364 1474 2429 γίνεσθαι
1528 2365 1623 2429 τὴν
1645 2366 1772 2432 ήμέ-

266 2466 350 2518 ραν
397 2452 485 2504 τοῦ
541 2452 728 2520 Πάσχα
783 2453 1006 2503 ἑκάστου
1069 2450 1359 2514 ἐνιαυτοῦ),
1417 2452 1449 2521 ή
1489 2454 1579 2504 καὶ
1616 2453 1707 2507 ἶνα
1752 2454 1788 2503 ό

262 2542 458 2607 χρόνος,
517 2541 637 2593 καθ’
682 2541 739 2592 ὃν
791 2542 1005 2593 ἄπεισιν
1044 2542 1071 2590 ό
1115 2538 1291 2591 ἀπιὼν
1350 2542 1484 2607 πρὸς
1528 2543 1587 2593 τὸ
1633 2541 1782 2610 pact.

262 2629 404 2690 λιιον,
430 2631 580 2697 δῆλος
602 2626 670 2701 ᾗ.’
688 2631 845 2696 ὅπερ,
869 2629 1055 2698 φησὶν,
1109 2629 1260 2681 είωθε
1286 2630 1527 2695 γίνεσθαι
1559 2632 1653 2683 καὶ
1686 2630 1779 2684 ἐπὶ

264 2718 358 2769 τών
381 2718 648 2787 δημοσίων
676 2717 949 2786 πράξεων.
981 2718 1069 2769 Ἐν
1102 2719 1209 2787 γὰρ
1256 2718 1438 2787 βιϐλίῳ
1480 2719 1585 2771 τῶν
1616 2720 1777 2771 Βασι-

264 2804 410 2857 λικῶν
462 2806 566 2873 κβ’,
614 2804 749 2857 τίτλ.
778 2803 806 2856 ι’
841 2805 1147 2873 γέγραπται
1195 2804 1263 2856 τὰ
1312 2805 1539 2872 ἀγοραῖα
1582 2804 1779 2874 συμϐό-

262 2892 371 2945 λαια
392 2893 731 2959 tramittens
762 2894 923 2960 ἔχειν,
956 2895 1049 2945 καὶ
1072 2895 1129 2943 ὲν
1160 2892 1342 2952 αὐτοῖς
1374 2892 1678 2960 γεγράφθαι
1710 2893 1777 2945 τὰ

1879 506 2113 571 synodus
2155 505 2351 570 aliquid
2389 504 2613 570 amplius
2653 502 2859 565 statuit,
2896 501 3144 554 nimirum
3190 507 3247 551 ut
3293 495 3403 551 Ro-
3442 506 3451 519 ‘

1878 605 2032 644 mano
2103 605 2249 657 papae
2305 589 2617 642 dimissoriae
2670 590 2770 641 illa:
2814 590 3001 641 litterae
3033 585 3403 638 ostendantur.

1879 679 2029 745 Quod
2068 681 2279 747 quidem
2302 679 2566 733 Africanis
2598 679 2794 732 idcirco
2839 677 3044 729 videtur
3068 676 3400 741 imperatum,

1881 781 1940 823 ut
1994 772 2197 826 traditis
2222 786 2369 840 papa
2395 771 2586 824 litteris
2617 771 2683 822 ab
2710 784 2773 824 eo
2802 770 3153 823 dimissoriam
3186 767 3404 821 alteram

1880 858 1932 911 in
1971 860 2278 912 comitatum
2310 860 2593 927 accipiant.
2627 859 2681 913 Si
2706 859 2824 926 quis
2865 858 3047 925 igitur,
3077 858 3268 923 inquit,
3319 871 3409 909 ac-

1880 958 2029 1014 cepta
2060 963 2086 1000 a
2140 964 2232 1002 sua
2266 950 2466 1016 synodo
2502 948 2823 1009 dimissoria,
2865 946 3195 1012 Romamque
3234 943 3407 1010 profe-

1880 1043 2016 1099 ctus,
2035 1036 2104 1088 ibi
2124 1050 2333 1103 quoque
2355 1051 2569 1090 causam
2602 1051 2707 1090 sua:
2739 1036 2803 1088 ad
2840 1035 3206 1102 imperatorem
3228 1032 3409 1085 itionis

1878 1138 1980 1177 non
2032 1124 2367 1188 indicaverit,
2414 1126 2504 1177 sed
2553 1125 2767 1177 silentio
2806 1125 3135 1185 discesserit,
3168 1137 3407 1189 segrega-

1878 1213 2019 1266 tioue
2057 1214 2320 1280 punietur.
2370 1214 2519 1278 Quod
2565 1214 2611 1267 si
2666 1215 2864 1267 interea
2908 1212 3031 1265 dum
3074 1211 3192 1280 quis
3230 1212 3408 1265 Romae

1878 1310 2256 1366 commoratur,
2295 1312 2479 1356 exorta
2533 1310 2747 1369 repente
2780 1317 2961 1365 causa,
3009 1303 3058 1354 in
3092 1301 3403 1356 comitatum

1879 1388 2143 1453 proﬁcisci
2165 1404 2382 1444 necesse
2419 1391 2639 1456 habeat;
2673 1406 2730 1446 re
2752 1406 2871 1445 cum
2907 1391 3145 1445 antistite
3173 1391 3409 1443 Romano

1878 1478 2286 1541 communicata,
2334 1479 2690 1533 dimissoriam
2741 1482 2807 1533 ab
2855 1493 2918 1533 eo
2956 1480 3232 1546 epistolam
3268 1478 3407 1533 acci-

1876 1564 2004 1631 piat.
2038 1563 2164 1628 Qua
2190 1581 2334 1631 vero,
2360 1568 2547 1636 inquit,
2580 1569 2768 1622 littera:
2798 1570 3117 1623 dimissorise
3143 1568 3408 1636 episcopis

1876 1666 1903 1702 a
1931 1666 2026 1705 suo
2055 1655 2301 1720 primate,
2331 1666 2415 1707 aut
2466 1657 2674 1710 clericis
2700 1658 2765 1711 ab
2798 1658 3069 1726 episcopo,
3103 1657 3405 1711 concedun-

1880 1747 1985 1801 tur,
2018 1738 2071 1792 in
2105 1739 2169 1793 iis
2203 1742 2316 1794 dies
2339 1739 2556 1796 Pascha
2591 1742 2659 1795 sit
2684 1744 2969 1810 inscripta:
3006 1758 3120 1809 qu:e
3152 1742 3195 1794 si
3238 1743 3411 1795 adhuc

1880 1828 2078 1881 incerta
2110 1829 2178 1882 sit
2207 1867 2222 1892 ,
2248 1830 2364 1896 ejus
2396 1830 2513 1885 loco
2556 1831 2846 1900 superioris
2892 1829 3014 1883 anni
3046 1828 3258 1884 Pascha:
3297 1829 3409 1885 dies

1879 1926 2185 1981 reponatur.
2241 1920 2297 1972 Id
2345 1929 2515 1973 autem
2546 1935 2605 1973 ea
2639 1922 2705 1975 de
2736 1935 2893 1975 causa
2941 1920 3243 1975 institutum
3290 1933 3408 1973 esse

1879 2006 2127 2065 arbitror,
2159 2017 2214 2059 ut
2238 2008 2359 2075 ejus
2388 2010 2508 2060 anni
2534 2009 2749 2063 Pascha:
2772 2010 2883 2063 dies
2910 2009 3245 2078 evulgaretur
3269 2007 3407 2077 (eam

1879 2107 2104 2161 namque
2124 2098 2235 2161 jam
2269 2096 2606 2162 superiorum
2638 2112 2850 2165 quoque
2891 2112 3154 2151 canonum
3193 2098 3410 2151 decreto

1878 2184 2159 2249 quotannis
2186 2184 2440 2252 synodico
2465 2196 2728 2240 conventu
2760 2187 2843 2242 edi
2879 2189 2990 2242 haec
3021 2189 3131 2252 ipsa
3182 2188 3411 2257 synodus

1878 2272 2280 2341 constituerat),
2311 2274 2392 2326 vel
2431 2276 2590 2328 etiam
2621 2286 2677 2329 ut
2709 2276 2870 2339 illius,
2901 2278 2990 2345 qui
3012 2279 3076 2330 ad
3118 2277 3406 2345 imperato-

1880 2376 1989 2414 rem
2056 2362 2437 2430 proficiscitur,
2484 2365 2737 2420 absentia:
2789 2376 2996 2435 tempus
3044 2367 3401 2428 indicaretur;

1878 2452 2018 2518 quod
2048 2454 2097 2504 in
2121 2450 2269 2527 Actis
2294 2469 2501 2521 quoque
2529 2456 2777 2522 publicis,
2811 2456 3001 2525 inquit,
3035 2457 3220 2511 eodem
3250 2458 3409 2510 modo

1880 2541 1992 2594 fieri
2017 2541 2169 2596 solet.
2217 2540 2347 2594 Nam
2383 2544 2472 2597 lib.
2517 2560 2626 2598 xm
2669 2545 2751 2601 tit.
2781 2546 2846 2599 10
2904 2547 3117 2600 Basilic.
3148 2548 3411 2601 sancitum

1878 2639 2045 2695 est,ut
2085 2628 2138 2681 in
2180 2630 2476 2684 forentibus
2506 2632 2700 2686 tabulis
2710 2633 3030 2701 ‘protocolla
3061 2632 3411 2701 adjiciantur;

1880 2720 1931 2772 in
1959 2720 2154 2787 quibus
2202 2720 2538 2789 imperatoris
2568 2732 2622 2776 et
2655 2725 2941 2777 consulum
2983 2723 3101 2793 ejus
3144 2725 3266 2777 anni
3312 2738 3413 2776 no-

1878 2810 2044 2875 mina,
2076 2810 2287 2878 aliaque
2309 2826 2372 2864 eo
2401 2812 2516 2866 loco
2548 2812 2828 2879 explicata,
2867 2813 3256 2869 describantur.
3285 2814 3414 2880 Qua:

1878 2900 2095 2965 quidem
2125 2902 2320 2955 nostris
2354 2902 2680 2970 temporibus
2712 2903 2912 2970 passim
2934 2904 3193 2972 neglecta,
3217 2905 3268 2957 in
3300 2918 3411 2957 em-

263 2986 355 3035 τιῖιν
404 2985 739 3054 κρατούντων
800 2986 1053 3035 ἑκάστοτε
1108 2981 1366 3049 βασιλέων
1404 2982 1657 3050 ὀνόματα,
1685 2984 1775 3036 καὶ

1880 2988 2201 3053 pliyteuticis
2228 2990 2592 3045 tantummodo
2613 2991 2887 3047 conventis
2907 2993 3080 3046 adhuc
3110 3002 3409 3047 servantur.

261 3076 344 3135 τὰς
393 3075 665 3135 ὑπατείας,
727 3074 822 3125 xal.
883 3073 982 3124 ὅσα
1042 3073 1156 3123 ἐκεῖ
1203 3072 1537 3124 ἀπαιτεῖται.
1586 3072 1652 3122 Ἀ
1687 3071 1772 3137 ἐφ’

263 3163 399 3231 ἡμῶν
429 3166 482 3215 ὲν
518 3165 613 3233 μὲν
644 3166 753 3225 τοῖς
789 3162 965 3222 ἄλλοις
994 3160 1458 3227 καταπεφρόνητο,
1479 3164 1533 3212 ὲν
1564 3160 1618 3212 δὲ
1666 3162 1777 3223 τοῖς

260 3255 644 3319 ὲμφυτευτικοίς
677 3253 969 3320 ὲγγράςξοις
1019 3252 1098 3302 ἔτι
1150 3248 1404 3311 ἐσώζετο.
1443 3248 1686 3318 Ἐνεδόθη
1719 3249 1775 3300 δὲ

261 3344 357 3403 τοῖς
388 3344 749 3408 στελλομένοις
784 3343 919 3410 πρὸς
963 3340 1053 3391 τὸν
1099 3340 1341 3407 βασιλέα,
1368 3340 1395 3390 ὃ
1438 3341 1500 3391 ἂν
1545 3341 1776 3408 νοήσωσι

262 3431 505 3499 χρήσιμον
562 3432 679 3499 ήτοι
747 3430 1019 3498 ὠφέλιμον
1076 3430 1189 3489 τοῖς
1225 3430 1429 3491 πιστοῖς
1478 3430 1614 3480 κατὰ
1664 3428 1773 3479 τῶν

257 3520 563 3573 Δονατιστῶν
584 3522 675 3572 καὶ
699 3520 1079 3587 τῶνἙλλήνων
1094 3556 1110 3582 ,
1138 3518 1399 3570 αἰτεῖσθαι
1417 3513 1572 3568 τοῦτο
1594 3519 1655 3569 ἐκ
1677 3518 1769 3569 τοῦ

1878 3075 2086 3145 Legatis
2128 3078 2361 3143 demum,
2394 3082 2483 3147 qui
2514 3081 2580 3133 ad
2621 3080 2997 3149 imperatorem
3044 3084 3409 3147 mittebantur,

1876 3167 2129 3234 quidquid
2176 3167 2419 3221 ﬁdelibus
2476 3179 2657 3223 contra
2713 3171 3016 3226 Donatistas
3065 3182 3157 3224 aut
3199 3172 3413 3227 ϐιαιως

1878 3254 2126 3322 prodesse
2155 3268 2307 3321 posse
2334 3255 2711 3324 intellexerint,
2746 3260 2811 3312 ab
2839 3274 2903 3313 eo
2944 3260 3241 3328 postulandi
3273 3259 3412 3314 facta

1876 3353 1956 3395 est
1991 3342 2250 3397 facultas:
2285 3359 2509 3413 quaeque
2552 3347 2740 3414 synodi
2774 3347 2986 3401 nomine
3016 3348 3206 3402 littera:
3236 3350 3411 3403 mitte-

1875 3439 2078 3496 rentur,
2124 3440 2182 3485 ut
2216 3446 2293 3485 eae
2332 3435 2535 3487 Aurelii
2580 3435 2811 3503 episcopi
2843 3436 3191 3505 chirographo
3230 3440 3412 3493 muni-

1879 3528 2080 3584 rentur,
2117 3520 2385 3575 decretum
2416 3531 2518 3577 est.

256 3612 764 3682 κρατοῦντος.Ἔδοξε
787 3612 842 3664 δὲ
876 3612 969 3664 καὶ
990 3612 1056 3664 τὰ
1086 3611 1345 3679 μέλλοντα
1375 3610 1624 3676 γενέσθαι
1652 3612 1947 3679 γράμματα
1973 3615 2037 3665 ὲκ
2057 3615 2152 3682 τῆς
2182 3617 2396 3669 συνόδου
2421 3617 2796 3689 ὑπογραφῆναι
2821 3620 2969 3689 παρὰ
3000 3619 3084 3672 τοῦ
3111 3621 3410 3674 ἐπισκόπου

252 3707 514 3775 Λύρηλίου.

254 3797 449 3851 ΑΡΙΣΤ.
500 3816 517 3847 ι
567 3796 627 3847 '0
659 3794 726 3847 δι’
762 3795 1004 3862 ἀνάγκην
1042 3792 1158 3844 τινὰ
1202 3788 1334 3858 πρὸς
1389 3792 1448 3841 τὸ
1483 3792 1771 3857 κομιτᾶτον

316 3904 332 3935 ι
372 3885 791 3952 ἁπελευσόμενος
820 3883 1034 3951 ἔμφανῆ
1058 3880 1260 3947 ταύτην
1285 3880 1501 3932 ποιείτω
1528 3880 1605 3948 τῷ
1628 3881 1773 3947 Καρ-

317 3992 333 4023 ι
374 3975 588 4042 χηδόνοε
616 3974 751 4041 ἱερεῖ
792 3974 884 4024 καὶ
915 3971 989 4038 τῷ
1028 3970 1267 4037 Ῥώμης,
1304 3970 1394 4019 καὶ
1438 3969 1768 4038 ἀπολυτικὴν

320 4081 337 4112 ι
374 4063 656 4132 επιστολὴν
714 4060 1076 4129 λαμϐανέτω,
1116 4058 1149 4125 ἢ
1198 4058 1553 4124 ἀκοινώνητος
1606 4058 1766 4113 ἔστω.

317 4170 333 4201 ι
379 4154 493 4205 Πᾶν
558 4150 738 4204 ὁτιοῦν
795 4154 908 4209 τοῖς
950 4148 1343 4215 τοποτηρηταῖς
1384 4145 1538 4208 δόξαν
1580 4150 1768 4215 χρήσι-

309 4258 329 4291 ι
372 4259 464 4309 μον
527 4240 666 4293 κατὰ
730 4237 1063 4290 Δονατιστῶν
1089 4275 1105 4299 ,
1159 4235 1254 4287 καὶ
1325 4234 1623 4300 Ἑλλήνων,
1673 4239 1767 4287 καί¹

1879 3788 2106 3843 ARIST.
2170 3809 2187 3840 ι
2226 3791 2323 3855 Qui
2376 3805 2590 3862 propter
2636 3795 2867 3863 aliquam
2912 3799 3282 3851 necessitatem
3344 3800 3415 3852 ad

1953 3895 1971 3925 ι
2011 3878 2325 3931 comitatum
2382 3882 2623 3933 abiturus
2668 3890 2785 3943 est,
2834 3898 2951 3936 eam
3002 3885 3409 3954 Carthaginensi

1954 3982 1971 4013 ι
2018 3966 2279 4019 sacerdoti
2307 3983 2368 4022 ac
2396 3968 2635 4023 Romano
2672 3970 3005 4024 manifestam
3037 3972 3221 4036 faciat,
3251 3987 3303 4026 et
3332 3975 3413 4028 di-

1950 4073 1969 4105 ι
2016 4055 2315 4109 missoriam
2373 4060 2602 4126 accipiat
2647 4060 2949 4128 epistolam,
2997 4062 3150 4116 aliter
3197 4080 3412 4118 excom-

1950 4164 1967 4194 ι
2016 4146 2333 4199 municetur.
2368 4148 2731 4216 Quodcunque
2759 4150 2943 4217 legatis
2986 4151 3117 4204 utile
3151 4152 3414 4205 videbitur

1952 4252 1970 4284 ι
2014 4245 2200 4288 cOntra
2246 4236 2568 4298 Donatistas.
2602 4244 2693 4291 aut
2720 4239 2957 4302 (ἔνι-εσσε.
2989 4254 3280 4308 eorumque
3319 4257 3413 4296 su-

308 4349 325 4381 ι
368 4332 473 4382 τῶν
526 4328 833 4399 θρησκειῶν
877 4325 1102 4388 αὐτῶν,
1170 4322 1426 4376 αἰτείσθω
1484 4324 1547 4375 ἐκ
1612 4323 1767 4391 βασι-

1945 4340 1963 4372 ι
2009 4322 2370 4388 oerStitiones,
2399 4324 2526 4377 illud
2553 4327 2619 4378 ab
2649 4326 2970 4394 imperatore
3000 4337 3229 4395 petatur.
3276 4344 3298 4378 ι

309 4438 327 4470 ι
368 4420 518 4481 λέως.
551 4437 569 4469 ι

311 4508 364 4560 '0
389 4510 491 4560 ἀπὸ
528 4503 792 4574 ’Δφρικῆς
817 4504 902 4556 διὰ
927 4506 1167 4571 ἀνάγκην
1219 4502 1339 4554 τινὰ
1371 4501 1575 4571 μέλλων
1601 4504 1769 4555 ἀπελ-

246 4594 341 4648 θεῖν
370 4600 425 4649 ἐν
455 4596 534 4666 τῷ
584 4596 878 4663 κομιτάτῳ,
936 4594 1213 4645 τουτέστιν
1266 4593 1394 4646 ἔνθα
1443 4597 1470 4646 ό
1519 4594 1770 4660 βασιλεύς

244 4684 361 4749 ἐστι,
384 4685 486 4737 κᾶν
512 4684 767 4751 κληρικός
812 4683 947 4745 ἐστι,
978 4680 1077 4733 κᾶν
1103 4680 1418 4742 ἐπίσκοπος,
1471 4683 1768 4750 κατάδηλον

246 4771 326 4841 τήν
350 4773 525 4824 αἰτίαν
580 4772 799 4823 ποιείτω
820 4770 896 4838 τῷ
928 4754 1023 4835 τῆς
1066 4770 1406 4839 Καρχηδόνος
1459 4770 1761 4839 ὲπισκόπῳ,

246 4862 477 4913 κάκεῖθεν
509 4862 811 4931 γράμματα
841 4857 1153 4928 λαμϐάνων,
1194 4861 1287 4912 καὶ
1334 4860 1468 4928 πρὸς
1511 4861 1599 4912 τὸν
1638 4860 1770 4912 Ῥώ-

246 4968 339 5022 μης
386 4951 833 5021 παραγινόμενος,
875 4947 1212 5018 ὲμφανιζέτω
1274 4949 1463 5001 ἑαυτὸν
1520 4948 1596 5017 τῷ
1650 4952 1770 5004 ἐπι-

246 5046 411 5113 σκότιῳ
465 5042 700 5110 Ῥώμης
734 5042 827 5093 καὶ
873 5039 972 5107 τὴν
1026 5038 1203 5090 αἰτίαν
1249 5037 1450 5103 λεγέτω
1489 5038 1555 5089 δι’
1594 5039 1660 5106 ἢν
1691 5041 1769 5101 εἰς

246 5132 575 5201 τὸνβασιλέα
629 5130 943 5199 πορεύεται,
1001 5132 1092 5179 καὶ
1140 5126 1234 5178 τοῦ
1312 5128 1526 5195 Ῥώμης
1550 5125 1770 5196 sema.

250 5238 419 5284 σαντος
450 5221 673 5288 ταύτην,
724 5218 816 5269 καὶ
848 5215 1066 5283 εῦλογον
1112 5212 1248 5269 εἷναι
1280 5217 1582 5285 κρίναντος,
1630 5219 1769 5287 λαμ-

247 5311 435 5364 ϐανέτω
458 5313 552 5363 καὶ
577 5311 635 5375 ἒξ
669 5309 878 5361 ἐκείνου
904 5308 1227 5376 γράμματα,
1260 5305 1590 5376 προστασίαν
1609 5306 1767 5359 αὑτοῦ

247 5403 364 5471 πρὸς
400 5403 492 5455 τὸν
518 5399 739 5468 βασιλέα
780 5398 1105 5467 παρέχοντα.
1145 5394 1330 5457 Ὅστις
1357 5394 1411 5448 δὲ
1442 5396 1473 5466 ή
1506 5396 1609 5448 τῶν
1656 5398 1770 5449 ὲπιο

246 5493 439 5543 σκόπων
468 5490 503 5557 ἦ
542 5490 649 5541 τῶν
672 5488 948 5555 κληρικῶν
990 5485 1162 5546 ἄλλως
1192 5487 1324 5553 πρὸς
1362 5487 1419 5537 τὸ
1469 5488 1759 5553 κομιτᾶτον

244 5578 455 5651 ἀπέλθῃ,
494 5578 854 5645 ἀκοινώνητος
883 5577 1057 5629 ἔσται.
1095 5577 1204 5628 Καὶ
1245 5574 1396 5642 ζήτει
1434 5577 1632 5626 κανόνα
1681 5577 1766 5629 ὲν-

458 5669 725 5729 Ριτιιοι.
769 5671 882 5728 (in.
929 5665 1311 5729 CXXXVIII.

1940 4489 2040 4556 Qui
2083 4490 2150 4545 ab
2175 4492 2357 4546 Africa
2405 4505 2619 4563 propter
2667 4498 3041 4552 necessitatem
3087 4499 3321 4567 aliquam
3355 4502 3407 4554 in

1871 4582 2181 4635 comitatum
2225 4594 2307 4637 est
2358 4586 2622 4652 abiturus,
2652 4588 2701 4640 id
2729 4600 2832 4651 est,
2868 4588 2957 4642 ubi
2992 4590 3282 4657 imperator
3304 4602 3406 4656 est,

1869 4674 2114 4736 quamvis
2159 4674 2389 4729 clericus
2424 4678 2493 4729 sit
2539 4687 2632 4731 aut
2671 4680 2977 4747 episcopus,
3015 4696 3230 4734 causam
3255 4697 3407 4737 suam

1870 4760 2120 4828 episcopo
2173 4761 2580 4833 Carthaginiensi
2625 4769 2963 4822 manifestam
3013 4770 3217 4837 reddat,
3253 4782 3307 4826 et
3339 4772 3407 4824 ab

1870 4862 1933 4901 eo
1956 4848 2159 4904 litteras
2187 4853 2473 4920 accipiens,
2503 4863 2554 4906 et
2582 4856 2644 4907 ad
2673 4854 2857 4909 Roma:
2877 4860 3183 4925 episcopum
3204 4875 3261 4912 se
3283 4874 3413 4914 con-

1870 4934 2068 5000 ferens,
2109 4938 2361 5005 episcopo
2404 4940 2647 4994 ROuiano
2695 4956 2755 4995 se
2800 4946 3069 5007 ostendat,
3112 4956 3166 4999 et
3194 4961 3407 5000 causam

1872 5026 2012 5079 dicat
2034 5040 2203 5093 quare
2232 5030 2295 5080 ad
2326 5028 2700 5096 imperatorem
2746 5034 3099 5099 proficiscitur
3132 5052 3147 5089 :
3182 5046 3236 5089 et
3289 5037 3407 5104 epi-

1869 5132 2029 5185 scopo
2054 5118 2291 5170 Romano
2316 5132 2433 5171 eam
2459 5121 2801 5187 approbante,
2826 5130 2878 5176 et
2899 5123 3096 5191 justam
3118 5140 3238 5179 esse
3268 5126 3414 5192 judi-

1869 5217 2044 5271 cante,
2096 5208 2325 5275 accipiat
2353 5219 2406 5261 et
2442 5209 2510 5262 ab
2536 5225 2602 5264 eo
2628 5210 2856 5276 litteras,
2902 5213 3263 5269 dimissionem
3296 5216 3414 5283 ejus

1870 5304 1935 5356 ad
1964 5302 2340 5369 imperatorem
2372 5300 2710 5355 exhibentes.
2758 5302 3070 5372 Quicunque
3097 5311 3272 5357 autem
3299 5306 3412 5357 sive

1869 5406 1933 5446 ex
1961 5390 2223 5459 episcopis
2252 5389 2362 5442 sive
2393 5403 2422 5443 e
2448 5390 2659 5445 clericis
2693 5391 2848 5445 aliter
2874 5392 2926 5446 in
2952 5393 3257 5447 comitatum
3282 5408 3407 5461 pro-

1873 5482 2158 5542 ficiscetur,
2196 5479 2686 5533 excommunicalus
2728 5482 2851 5535 erit.
2894 5482 3082 5547 Quaere
3113 5483 3271 5537 etiam
3306 5500 3410 5534 uu-

1871 5573 2135 5629 decimum
2164 5565 2356 5639 synodi
2389 5568 2736 5625 Antiocltena:
2766 5586 3044 5637 canonem,
3070 5584 3124 5625 et
3156 5586 3413 5627 canonum

2994 5660 3062 5722 12
