4002 6314
568 321 672 377 363]
1800 311 2070 371 'I‘iiEUD.
2112 308 2505 367 BALSAMUN
3647 297 3760 362 361

568 427 755 492 synodi
792 421 1121 474 Sardicensis
1144 435 1361 472 nonum.
1400 419 1579 487 Leg..ti
1607 433 1636 472 e
1669 420 1872 487 synodo
1905 420 1968 469 ad
2003 419 2103 469 im-

2239 416 2426 466 έκατον
2475 414 2569 480 τῆς
2618 414 2674 463 ἐν
2743 414 3048 480 Ἀντιοχείᾳ
3107 414 3342 474 συνόδου,
3398 414 3488 462 καὶ
3544 411 3642 476 τῆς
3699 412 3761 458 ἐν

571 517 869 572 peratorem
907 504 1050 557 missi
1073 504 1303 571 episcopi
1331 502 1584 555 adversus
1611 501 1824 554 Gnaeos
1851 509 1902 552 et
1931 502 2098 551 luere-

2234 503 2440 571 ἰαρδικῇ
2478 503 2690 552 συνόδου
2720 503 2918 553 κανόνα
2951 501 3016 553 0⁸.
3074 501 3330 570 [Ιρὲεϐεις
3355 501 3417 550 ἐκ
3463 499 3560 563 τῆς
3591 497 3761 548 συνύ-

581 599 734 661 ticos,
769 594 1037 647 licentiam
1089 600 1406 659 acceperunt
1447 592 1797 659 quodcunque
1851 586 2104 640 Ecclesiae

2234 605 2293 640 ου
2353 590 2486 656 πρὸς
2536 594 2624 641 τὸν
2678 589 2904 656 βασιλέα
2955 589 3239 650 σταλέντες
3267 590 3553 639 ἐπίσκοποι
3606 587 3763 636 κατᾶ

572 689 846 742 catholicae
875 683 1209 739 commodum
1247 680 1357 734 fore
1383 680 1730 748 cognoverint
1753 686 1935 728 contra
1959 673 2106 725 Grat-

2239 680 2310 730 ὦν
2351 681 2617 748 Ἑλλήνων
2657 681 2887 731 καὶτῶν
2949 681 3245 749 αἰρετικῶν
3297 680 3476 730 ἄδειαν
3533 675 3759 737 ἔλαϐον,

572 796 755 835 corum
782 787 834 831 et
864 776 1262 830 Donatistarum
1297 771 1627 838 religionem,
1659 767 1785 820 illud
1835 766 1901 819 ab
1937 764 2108 828 impe-

2234 771 2314 821 πᾶν
2337 769 2365 821 ὃ
2400 786 2448 819 τι
2479 769 2543 821 ἂν
2592 771 2866 838 συμφέρον
2893 772 2956 837 τῇ
2999 770 3256 837 καθολικῇ
3289 767 3586 833 Ἐκκλησία
3620 781 3763 816 συν-

575 878 752 924 ratore
787 874 984 933 petere,
1015 862 1258 933 quamvis
1289 859 1415 914 illud
1437 857 1773 927 peculiariter
1802 854 2106 907 mandatum

2234 860 2379 922 δωσι,
2422 863 2560 911 κατὰ
2607 860 2701 926 τῆς
2739 859 3033 927 θρησκείας
3067 861 3175 910 τῶν
3233 857 3496 924 Ἐλλήνων
3525 857 3614 906 καὶ
3644 855 3765 906 τᾶν

573 976 675 1014 non
707 961 1025 1013 habuerunt.

2234 949 2561 1011 ιονατιστῶν,
2624 947 2778 1000 τοῦτο
2835 950 3049 1015 αἰτῆσαι
3103 951 3166 1000 ἐκ
3215 946 3495 1014 βασιλέως,
3543 945 3647 996 κᾶν
3682 943 3766 1010 μὴ

1059 1129 1222 1201 su
1247 1123 1474 1181 CANON
1509 1121 1620 1177 cx.

581 1249 596 1277 ,ι
643 1225 886 1296 Sypodus
913 1231 1098 1276 contra
1143 1220 1356 1272 Graecos
1386 1225 1439 1270 et
1475 1211 1770 1268 haereticos.
1813 1207 1923 1261 Sub
1947 1205 2109 1258 Basso

653 1339 669 1368 ι
716 1326 768 1369 et
791 1314 1052 1381 Philippo,
1079 1307 1396 1363 clarlssimis
1423 1301 1746 1364 consulibus,
1781 1299 1844 1350 Α.
1873 1296 1933 1348 D.
1961 1303 2109 1348 sexto

654 1427 670 1456 ι
719 1405 926 1457 decimo
958 1399 1206 1454 calendas
1234 1394 1420 1456 Julias,
1451 1389 1773 1456 Carthagine
1812 1386 1863 1438 in
1903 1390 2111 1438 secreto

653 1519 668 1544 ι
718 1495 994 1547 Βοειίιιιιω
1035 1487 1291 1543 ecclesiae.
1333 1485 1390 1538 In
1427 1483 1526 1535 hac
1559 1479 1758 1548 synodo
1793 1474 2108 1543 legationem

654 1605 670 1634 ι
719 1592 1006 1647 suscepere
1034 1575 1336 1630 Restitutus
1377 1581 1431 1625 et
1487 1566 1828 1620 Florentinus
1875 1557 2111 1627 episcopi

660 1693 677 1722 ι
721 1671 978 1724 adversus
1004 1664 1214 1719 Graecos
1239 1668 1293 1714 et
1325 1656 1624 1717 haereticos,
1649 1654 1702 1704 in
1729 1651 1821 1702 illo
1852 1657 2109 1713 tempore,

2213 1035 2390 1096 ἰδικῶς
2425 1036 2552 1087 αὐτὸ
2583 1032 2728 1105 εἰχον
2760 1036 3160 1104 ἐντεταλμένον.

2755 1127 2988 1178 ΚΑΝΩΝ
3027 1127 3128 1178 Pl'.

2217 1232 2233 1264 ι
2281 1213 2499 1276 Σύνοδος
2531 1217 2668 1268 κατὰ
2701 1214 2808 1266 τῶν
2850 1215 3114 1284 Ἐλλήνων
3145 1220 3236 1268 καὶ
3262 1213 3569 1284 αἱρετικῶν.
3632 1213 3768 1263 Ἐπὶ

2289 1319 2304 1351 ι
2353 1300 2560 1353 Βάσσου
2597 1303 2688 1354 καί
2716 1303 3002 1366 Φιλίππου,
3033 1303 3141 1355 τῶν
3178 1304 3578 1371 λαμπροτάτων
3610 1302 3766 1353 barci-

2286 1409 2304 1442 ι
2345 1407 2450 1443 των
2479 1395 2543 1460 τῇ
2590 1392 2693 1460 πρὸ
2725 1391 2785 1456 ἐξ
2819 1395 2912 1444 καὶ
2943 1393 3142 1463 δεκάτῃ
3192 1393 3467 1445 καλανδῶν
3495 1390 3766 1449 Ἰουλίων,

2286 1496 2304 1529 ι
2349 1479 2407 1530 ἐν
2456 1479 2763 1548 Καρχηδόνι
2834 1481 2912 1540 εἰς
2969 1480 3028 1530 τὸ
3076 1481 3343 1547 σήκρητον
3395 1477 3491 1544 τῆς
3557 1477 3770 1527 Ῥεστί-

2285 1585 2306 1618 ε
2349 1567 2874 1637 τούτηςέκκλησίας.
2900 1569 2988 1620 Ἐν
3023 1568 3192 1639 ταύτῃ
3226 1567 3424 1635 συνόδῳ
3465 1565 3769 1635 πρεσϐείαν

2285 1675 2304 1708 ι
2351 1657 2662 1720 ἀνεδέξαντο
2701 1657 3059 1719 Ῥεστιτοῦτος
3110 1658 3206 1708 καὶ
3230 1656 3534 1724 Φλορέντιος
3556 1657 3604 1706 οἱ
3637 1653 3768 1704 ἐπί-

652 1782 667 1810 ι
715 1775 818 1827 quo
847 1758 1076 1808 Severus
1099 1763 1152 1805 et
1178 1747 1442 1802 Macarius
1467 1741 1690 1811 depositi
1718 1745 1840 1793 sunt
1868 1753 1882 1787 :
1914 1743 1976 1827 et
1994 1746 2115 1802 pro-

2288 1762 2308 1796 ι
2352 1760 2545 1797 σκοποι
2571 1745 2710 1797 κατὰ
2737 1745 2842 1796 τῶν
2881 1743 3142 1814 Ἐλλήνων
3170 1744 3263 1796 καὶ
3313 1744 3418 1794 τῶν
3471 1740 3768 1810 αἰρετικῶν

660 1868 675 1899 ι
722 1820 837 1915 pter
867 1856 1048 1897 eorum
1072 1851 1282 1893 causam
1309 1833 1560 1893 Evodius,
1582 1826 1841 1881 Theasius
1857 1833 1911 1878 et
1940 1820 2119 1873 Victor

660 1959 675 1988 ι
725 1932 957 2004 episc0pi
985 1929 1106 1984 cesi
1133 1935 1279 1981 sunt.

660 2212 676 2244 ι
726 2190 970 2260 Synodus
1001 2189 1066 2242 de
1089 2185 1393 2256 cognitione
1434 2181 1825 2248 episcoporum.
1861 2173 1972 2228 Sub
2006 2171 2122 2240 glo-

593 2303 608 2330 ι
660 2277 967 2333 riosissimis
994 2265 1430 2342 imperatoribus,
1465 2268 1701 2331 Honorio
1729 2265 2034 2332 septimum,
2069 2268 2123 2314 et

592 2392 608 2421 ι
651 2367 950 2423 Theodosio
993 2363 1246 2424 tertium,
1291 2361 1546 2429 Augustis
1603 2355 1910 2410 cousulibus
1943 2353 2006 2404 A.
2058 2352 2119 2404 ί).

597 2480 612 2510 ι
661 2460 868 2512 decimo
904 2455 1133 2522 septimo
1177 2450 1424 2503 calendas
1457 2445 1642 2506 Julias,
1687 2441 2008 2506 Carthagine
2070 2437 2122 2490 in

594 2569 610 2599 ι
660 2547 916 2601 Secundae
944 2542 1188 2610 ecclesia.
1222 2541 1278 2593 In
1306 2540 1405 2592 hac
1434 2535 1636 2606 synodo
1658 2533 1875 2600 placuit,
1895 2540 1951 2583 ut
1989 2540 2123 2580 unus

593 2658 612 2688 ι
657 2638 933 2705 episcOpus
987 2648 1088 2686 non
1133 2629 1382 2684 vendicet
1426 2626 1527 2680 sibi
1573 2623 1950 2691 cognitionem.
1991 2620 2122 2671 Acta

597 2746 614 2776 ι
659 2723 937 2792 prementis
994 2719 1182 2791 synodi
1243 2732 1346 2770 non
1404 2723 1527 2770 sunt
1575 2712 1794 2776 scripta,
1845 2717 2122 2778 propterea

595 2836 612 2865 ι
657 2815 792 2882 quod
839 2811 1142 2879 specialiter
1189 2807 1261 2860 ob
1301 2807 1442 2858 illam
1491 2803 1782 2871 regionem,
1825 2807 1878 2850 et
1928 2811 2034 2849 non
2068 2797 2122 2847 in

598 2923 616 2955 ι
659 2916 936 2957 commune
969 2909 1183 2967 peracta
1211 2907 1350 2950 sunt.
1396 2915 1413 2945 ι

660 2989 852 3042 BALS.
887 2988 1014 3054 Quae
1047 2989 1098 3039 in
1128 2985 1372 3052 praesenti
1417 2997 1620 3035 canone
1660 2980 1856 3047 scripta
1892 2986 2033 3038 sunt,
2070 2983 2129 3026 ut

2293 1853 2312 1885 ι
2358 1836 2416 1886 ἐν
2442 1835 2634 1904 ἐκείνῳ
2684 1833 2761 1902 τῷ
2813 1835 2988 1903 καιρῷ
3031 1833 3151 1886 καθ’
3171 1833 3230 1884 δν
3258 1833 3488 1900 Σευῆρος
3519 1831 3615 1883 καὶ
3643 1831 3770 1882 Μα-

2295 1942 2312 1974 ι
2357 1923 2542 1991 κὰριος
2575 1921 2934 1992 ἀνῃρέθησαν,
2963 1921 3054 1974 καὶ
3093 1921 3180 1973 διὰ
3210 1919 3315 1972 τῶν
3341 1919 3539 1972 τούτων
3580 1917 3770 1968 αἰτίαν

2293 2033 2312 2065 ι
2355 2015 2588 2078 Εὐόδιος,
2649 2015 2874 2076 Θεὰσιος
2937 2013 3031 2065 καὶ
3079 2013 3314 2081 Βίκτωρ,
3373 2013 3422 2063 οἰ
3451 2009 3770 2068 ἐπίσκοποι,

2294 2121 2313 2155 ι
2361 2105 2693 2173 ἐσφάγησαν.

2295 2214 2313 2247 ι
2359 2194 2581 2256 Σύνοδος
2613 2194 2739 2262 περί
2769 2194 3106 2262 διαγνώσεως
3140 2193 3464 2245 ἐπισκόπων.
3505 2188 3627 2240 Ἐπί
3658 2185 3773 2236 τῶν

2229 2303 2247 2336 ι
2296 2283 2644 2347 ἐνδοξοτάτων
2674 2283 2933 2351 βασιλέων
2981 2282 3235 2352 Ὀνωρίου
3289 2281 3348 2331 τδ
3391 2279 3634 2345 ἕϐδομον,
3671 2274 3774 2326 καὶ

2230 2392 2247 2424 ι
2293 2372 2567 2424 Θεοδοσίου
2593 2373 2679 2438 ,τὸ
2721 2371 2926 2440 τρίτον,
2977 2371 3085 2422 τῶν
3135 2370 3458 2436 Αὐγούστων
3516 2367 3768 2420 ἰπάτων,

2227 2480 2245 2513 ι
2290 2464 2357 2531 τῇ
2386 2459 2490 2528 πρὸ
2519 2459 3120 2522 δεκαεπτὰ-καλανδῶν,
3165 2457 3394 2510 Ἰουλίων
3422 2457 3495 2514 εἰς
3551 2455 3776 2520 Καρχη-

2231 2571 2248 2603 ι
2291 2553 2418 2604 δόνα
2443 2551 2500 2602 ἐν
2529 2553 2594 2618 τῇ
2628 2547 2922 2617 Σεκούνδης
2973 2547 3252 2617 ἐκκλησίᾳ.
3309 2545 3400 2607 Εἰς
3449 2543 3649 2609 ταύτην
3675 2542 3776 2610 τὴν

2229 2656 2246 2688 ι
2295 2637 2507 2690 σύνοδον
2539 2638 2754 2705 ηρεσεν,
2783 2635 2922 2688 ὥστε
2961 2636 3054 2687 ἕνα
3103 2635 3392 2686 ἐπίσκοπον
3427 2632 3502 2700 μὴ
3539 2632 3778 2680 ἐκδικεῖν

2231 2747 2249 2780 ι
2295 2726 2486 2780 ἐαυτοῦ
2517 2726 2824 2792 διάγνωσιν.
2873 2724 2953 2776 Τὰ
2984 2725 3344 2793 πεπραγμένα
3368 2712 3462 2789 τῆς
3493 2720 3779 2788 παρούσης

2229 2836 2246 2869 ι
2297 2817 2511 2870 συνόδου
2543 2817 2629 2868 διὰ
2665 2816 2818 2868 τοῦτο
2842 2816 2941 2868 οὐκ
2971 2814 3202 2884 ἐγράφη,
3238 2812 3417 2881 ἐπειδὴ
3466 2810 3777 2878 ἐπιχωρίως

2232 2926 2250 2956 ι
2295 2907 2387 2957 καὶ
2414 2905 2473 2955 οὺ
2505 2906 2643 2956 κατὰ
2676 2905 2854 2955 κοινοῦ
2887 2904 3333 2967 ἐπετελέσθησαν.
3371 2919 3390 2950 ι

2297 2994 2491 3044 ΒΑΛΣ.
2536 2991 2615 3043 Τὰ
2646 2994 2702 3042 ἐν
2735 2991 2808 3058 τῷ
2839 2991 3063 3058 παρόντι
3116 2989 3297 3040 κανόνι
3343 2986 3664 3053 δηλωθέντα,
3697 2987 3778 3046 ὡς

594 3080 893 3150 specialiter
933 3078 1156 3145 prolata,
1209 3075 1544 3142 expositione
1588 3087 1689 3126 non
1752 3077 1929 3137 egent.
1972 3064 2127 3130 Quod

2234 3084 2411 3143 ἰδικῶς
2444 3080 2832 3149 ἐκφωνηθέντα
2887 3078 3193 3147 ἐξηγήσεως
3239 3079 3296 3128 οὑ
3329 3077 3558 3129 δέονται.
3589 3077 3659 3126 Τὸ
3719 3076 3777 3125 δὲ

594 3183 767 3227 autem
799 3173 996 3224 dictum
1040 3177 1155 3230 est,
1206 3179 1363 3218 unum
1405 3163 1706 3230 episcopum
1743 3159 1842 3213 sibi
1890 3171 1995 3209 non
2028 3156 2124 3207 de-

595 3267 716 3316 bere
743 3262 1020 3315 tendicare
1040 3257 1418 3325 cognitionem,
1447 3264 1525 3305 est
1548 3250 1910 3318 accipiendum
1938 3261 2126 3302 secun-

595 3356 722 3406 dum
752 3365 1010 3403 canonem
1043 3349 1102 3398 Η
1141 3347 1415 3413 prmsentis
1449 3342 1654 3410 synodi.

666 3437 914 3492 ZONAR.
952 3435 1021 3489 Ut
1053 3437 1116 3488 de
1143 3435 1453 3487 clericorum
1485 3432 1664 3483 causis
1688 3445 1714 3481 a
1747 3443 1844 3481 suo
1875 3427 2128 3494 cujusque

596 3531 843 3596 episcopo
893 3525 1006 3594 judi
1041 3534 1180 3588 etnr,
1238 3537 1376 3574 nono
1427 3532 1632 3589 quarta;
1680 3517 1866 3586 synodi
1923 3529 2129 3570 canone

597 3620 936 3673 constitutum
964 3625 1046 3668 est
1075 3631 1088 3666 :
1125 3615 1166 3665 si
1206 3626 1350 3675 vero,
1379 3611 1456 3661 vel
1481 3609 1702 3662 clericus
1737 3621 1854 3659 cum
1886 3605 2130 3671 episcopo

598 3722 716 3769 suo,
767 3705 846 3757 vel
895 3705 997 3756 duo
1040 3702 1180 3754 inter
1208 3715 1264 3753 se
1306 3700 1538 3767 cpiscOpi
1586 3695 1854 3764 quidpiam
1900 3694 2132 3745 habeant

597 3793 1012 3853 controversiae,
1069 3803 1232 3856 penes
1281 3789 1538 3854 synodum
1593 3785 1708 3850 ejus
1755 3783 1829 3836 rei
1874 3783 2130 3849 judicium

601 3899 742 3938 esse.
769 3881 910 3934 Idem
931 3882 1031 3933 hoc
1058 3893 1263 3931 canone
1291 3877 1498 3929 videtur
1524 3889 1641 3927 esse
1667 3874 1965 3936 sancitum;
1999 3883 2056 3923 nt
2086 3872 2132 3924 si

602 3972 706 4023 duo
741 3967 986 4021 nimirum
1013 3969 1156 4019 inter
1188 3979 1245 4018 se
1268 3964 1500 4032 episcopi
1530 3963 1756 4030 litigent,
1777 3960 1858 4012 vel
1884 3962 2135 4013 adversus

603 4060 905 4129 episcopum
940 4056 1164 4108 clericus
1192 4055 1452 4107 actionem
1488 4051 1743 4112 intendat,
1791 4063 1857 4102 ne
1889 4049 1990 4101 sibi
2024 4048 2135 4114 epi-

604 4163 792 4216 sc0pus
852 4145 1116 4214 quispiam
1178 4143 1294 4211 ejus
1341 4157 1516 4196 causa:
1563 4140 1926 4208 cognitionem
1987 4139 2136 4190 solus

608 4247 880 4302 assumat,
917 4236 1007 4289 sed
1033 4250 1093 4288 ea
1126 4235 1192 4286 ad
1227 4234 1410 4302 synodi
1453 4229 1790 4300 provincialis
1815 4236 2134 4280 conventum

609 4329 882 4378 referatur.

610 4416 834 4470 ARIST.
899 4434 916 4466 ι
963 4415 1112 4469 Unus
1161 4416 1436 4484 episcOpus
1487 4411 1840 4480 cognitionem
1906 4408 2005 4462 sibi
2068 4421 2134 4459 ne

1184 4519 1202 4552 ι
1245 4500 1506 4553 vendicet.
1548 4515 1567 4548 ι

679 4591 790 4644 Non
844 4600 1048 4642 tantum
1101 4589 1259 4642 unius
1308 4588 1541 4656 episcopi
1573 4586 1852 4654 judicium,
1900 4583 1991 4638 sed
2041 4595 2137 4633 nec

611 4682 719 4733 duo
751 4678 1015 4732 suﬂiciunt
1046 4681 1109 4730 ad
1156 4677 1447 4746 presbyteri
1479 4675 1561 4730 vel
1601 4676 1808 4728 diaconi
1852 4671 2137 4739 depositio-

617 4787 758 4823 nem.
783 4771 886 4822 Sed
913 4769 956 4822 si
994 4769 1274 4836 episcopus
1307 4769 1378 4821 sit
1408 4775 1709 4831 accusatus,
1743 4767 1788 4818 si
1833 4763 1984 4817 multi
2026 4760 2140 4828 epi-

614 4858 757 4924 scopi
788 4856 1071 4908 eouvenire
1101 4871 1202 4907 non
1231 4864 1475 4923 possunt,
1496 4869 1524 4906 a
1552 4853 1831 4907 duodecim
1865 4849 2137 4904 minimum

615 4947 873 5014 episcopis
910 4943 1266 5011 judicabitur;
1313 4943 1358 4996 si
1420 4942 1695 5010 presbyter
1732 4951 1929 5000 autem,
1970 4953 2000 4990 a
2046 4951 2140 4992 sex

617 5035 895 5102 episcopis,
934 5042 986 5086 et
1006 5047 1103 5105 suo
1132 5034 1416 5100 episcopo;
1453 5033 1535 5085 sin
1587 5041 1760 5082 autem
1802 5029 2080 5089 diaconus,
2110 5040 2140 5077 a

618 5125 783 5177 tribus
806 5133 858 5175 et
886 5136 982 5177 suo
1012 5123 1294 5189 episcopo:
1332 5122 1774 5189 quemadmodum
1804 5119 2143 5171 duodecimus

620 5225 669 5269 et
693 5215 975 5267 vicesimus
1001 5213 1156 5281 hujus
1186 5211 1372 5280 synodi
1402 5226 1573 5265 canon
1598 5216 1851 5264 statuunt.
1886 5208 2004 5260 Non
2043 5208 2140 5275 igi-

622 5319 705 5358 tur
729 5303 1007 5371 episcopus
1037 5317 1174 5355 unus
1228 5318 1286 5356 se
1309 5301 1540 5367 iudicem
1574 5303 1858 5355 constituet
1887 5300 1936 5351 in
1959 5299 2143 5352 crimi-

623 5392 771 5443 nibus
801 5390 1092 5459 presbyteri
1120 5398 1211 5442 aut
1234 5389 1464 5454 diaconi,
1486 5396 1539 5441 et
1560 5403 1711 5441 suum
1745 5387 1990 5440 defendet
2010 5385 2147 5452 judi-

625 5482 782 5541 cium,
813 5493 866 5535 et
895 5482 960 5534 ad
984 5495 1114 5548 Opus
1158 5480 1284 5533 illud
1314 5480 1598 5548 perducet;
1626 5479 1725 5532 nisi
1764 5479 2000 5533 accusati
2043 5479 2148 5531 sint

626 5582 654 5623 e
675 5582 895 5624 numero
913 5569 1248 5634 clericorum,
1275 5567 1364 5635 qui
1387 5575 1505 5621 sunt
1526 5569 1666 5620 intra
1691 5565 1956 5618 diaconos.
1987 5562 2056 5618 De
2083 5563 2147 5618 iis

2229 3171 2390 3239 ῥηθὲν
2419 3169 2575 3238 χάριν
2604 3167 2694 3219 τοῦ
2737 3167 2812 3235 μὴ
2843 3166 3124 3218 διεκδικεῖν
3152 3165 3248 3217 ἕνα
3280 3164 3569 3215 ἐπίσκοπον
3592 3162 3777 3228 ἐαυτῷ

2226 3260 2532 3326 διάγνωσιν,
2593 3257 2890 3325 ἐκληπτέον
2944 3255 3082 3308 κατὰ
3115 3256 3206 3306 τὸν
3241 3255 3522 3307 ἑνδέκατον
3572 3254 3781 3303 κανόνα

2225 3349 2324 3417 τῆς
2374 3347 2648 3417 παρούσης
2681 3347 2915 3398 συνόδου.

2298 3438 2535 3489 ΖΩΝΛΡ.
2587 3437 2648 3487 '0
2690 3435 2908 3495 ἐννατος
2963 3437 3140 3488 κανὼν
3171 3436 3267 3502 τῆς
3300 3433 3561 3502 τετάρτης
3622 3433 3781 3483 συνό-

2227 3525 2315 3576 δου
2339 3527 2460 3586 τοὺς
2497 3527 2784 3594 κληρικοὺς
2821 3525 2990 3591 ὁρίζει
3045 3524 3194 3590 παρὰ
3254 3525 3365 3583 τοῖς
3409 3522 3625 3579 οἰκείοις
3659 3523 3782 3570 ἐπι-

2231 3615 2452 3677 σκόποις
2506 3615 2842 3675 δικάζεσθαισ
2897 3615 2944 3665 εἰ
2992 3614 3046 3666 δέ
3074 3615 3331 3681 κληρικὸς
3365 3613 3497 3679 πρὸς
3527 3613 3617 3661 τδν
3651 3612 3780 3661 ἐπί-

2231 3721 2430 3757 σκοπον
2484 3704 2646 3755 αὐτοῦ
2717 3704 2829 3772 ἔχει
2882 3703 3153 3765 ὑπόθεσιν,
3203 3702 3233 3768 ἢ
3279 3701 3572 3760 ἐπίσκοπος
3639 3698 3781 3765 πρὸς

2229 3791 2549 3852 ἐπίσκοπον,
2583 3790 2730 3856 παρὰ
2764 3793 2827 3857 τῇ
2861 3790 3058 3858 συνόδῳ
3109 3790 3206 3857 τῆς
3255 3787 3523 3856 ἐπαρχίας
3563 3785 3780 3847 δικάζέ⁸

2232 3879 2376 3932 σθαι.
2414 3879 2584 3930 Τοῦτο
2616 3875 2708 3930 οὖν
2757 3879 2900 3929 εοικε
2947 3879 3039 3930 καὶ
3064 3879 3090 3930 ό
3116 3877 3303 3946 παρὼν
3363 3876 3536 3929 κανὼν
3561 3875 3783 3926 διατάτο

2230 3967 2456 4031 τεσθσι,
2517 3968 2654 4019 ὥστε
2705 3968 3016 4019 ἐπισκόπων
3075 3967 3168 4018 δύο
3236 3967 3388 4035 δίκην
3431 3967 3677 4033 ἐχόντων,
3745 3964 3779 4031 ἢ

2232 4056 2493 4124 κληρικοῦ
2547 4057 2686 4110 κατὰ
2731 4057 3025 4108 ἐπισκόπου
3090 4056 3391 4122 ἐνάγοντος,
3441 4055 3513 4123 μὴ
3542 4054 3636 4106 ’ἐνα
3659 4053 3783 4104 ἐπί-

2236 4163 2430 4197 σκοπον
2454 4146 2634 4214 ζητεῖν
2658 4145 2752 4213 τὴν
2783 4147 2907 4213 περί
2960 4145 3135 4195 αὐτῶν
3167 4143 3432 4194 ποιεῖσθαι
3469 4143 3780 4208 διάγνωσιν,

2236 4235 2369 4285 ἀλλὰ
2407 4233 2503 4302 τὴν
2539 4236 2750 4287 σύνοδον
2798 4235 2895 4302 τῆς
2918 4234 3179 4301 ἐπαρχίας
3205 4233 3463 4295 δικάζειν.

2239 4409 2454 4462 ΑΡΙΣΓ.
2535 4427 2554 4460 ι
2611 4404 2702 4471 Εἰς
2767 4411 3053 4472 ἐπίσκοπος
3126 4412 3198 4480 μὴ
3275 4410 3553 4462 ἐκδικείτω
3603 4409 3782 4476 ἐαυτῷ

2791 4518 2808 4549 ι
2853 4501 3156 4566 διάγνωσιν.
3200 4519 3216 4549 t

2305 4587 2378 4638 Οὐ
2421 4587 2575 4655 μόνον
2601 4588 2716 4648 ἐνὸς
2774 4564 3069 4639 ἐπισκόπου
3125 4588 3438 4654 διάγνωσις,
3497 4588 3617 4641 ἀλλ’
3659 4564 3780 4640 οἶδέ

2237 4678 2329 4730 δύο
2395 4678 2714 4744 ἀρκέσουσιν
2775 4679 2853 4738 εἰς
2929 4677 3243 4744 καθαίρεσιν
3323 4677 3690 4747 πρεσϐυτέρου
3745 4680 3780 4747 ἢ

2236 4767 2500 4819 διακόνου.
2560 4765 2698 4816 Ἀλλ’
2753 4767 2800 4817 εἰ
2833 4767 2928 4833 μὲν
2962 4767 3252 4826 ἐπίσεεοπός
3295 4769 3445 4819 ἐστιν
3481 4769 3508 4817 ὁ
3544 4783 3781 4835 κατηγο-

2241 4858 2523 4924 ρούμενος,
2555 4858 2602 4906 εἰ
2636 4857 2707 4923 μὴ
2733 4856 2955 4910 δυνατὸν
2983 4857 3210 4919 πολλοὺς
3236 4856 3511 4909 συνελθεῖν
3567 4858 3785 4909 ἐπισκόι

2241 4960 2393 5007 πους,
2433 4942 2582 5011 παρὰ
2617 4944 2822 5017 δώδεκα
2874 4948 2934 4996 τὸ
2974 4945 3250 5014 ἐλάχιστον
3303 4946 3614 4998 ἐπισκόπων
3663 4963 3784 5014 κρι-

2242 5035 2480 5101 οήσεται“
2513 5036 2560 5084 εἰ
2617 5035 2670 5085 δὲ
2726 5035 3104 5104 πρεσϐύτερος,
3159 5034 3309 5104 παρὰ
3363 5034 3419 5100 ἓξ
3475 5035 3784 5087 ἐπισκόπων

2242 5125 2338 5177 καὶ
2370 5123 2462 5174 τοῦ
2488 5123 2616 5176 ἰδίου
2650 5125 2969 5177 ἐπισκόπου·
2993 5128 3039 5177 εἰ
3063 5125 3117 5176 δέ
3145 5126 3409 5188 διάκονος,
3436 5126 3584 5192 παρὰ
3611 5125 3782 5193 τριῶν

2242 5212 2462 5266 καὶτοῦ
2519 5213 2645 5264 ἰδίου
2699 5215 3018 5278 ἐπισκόπου,
3079 5214 3209 5274 ὼςό
3261 5214 3556 5275 δωδέκατος
3603 5211 3782 5265 κανὼν

2246 5308 2336 5355 καὶ
2370 5304 2398 5354 δ
2432 5304 2672 5362 εἰκοστὸς
2693 5303 2788 5371 τῆς
2813 5305 3030 5356 συνόδου
3055 5304 3256 5373 ταύτης
3304 5305 3806 5372 διαλαμϐάνουσιν..

2246 5392 2356 5444 Οὐκ
2384 5387 2473 5443 οὖν
2502 5391 2792 5453 ἐπίσκοπος
2819 5395 2896 5454 εἰς
2927 5393 3181 5462 δικαστὴν
3238 5395 3427 5447 ἑαυτὸν
3459 5393 3547 5445 ἐπ’
3581 5392 3787 5461 ἐγκλὴο

2253 5497 2383 5550 μασι
2407 5483 2732 5550 καταστήσει
2759 5483 3125 5554 πρεσϐυτέρου
3154 5523 3166 5545 ,
3196 5484 3228 5551 ἢ
3255 5484 3501 5536 διακόνου
3521 5524 3536 5546 ,
3565 5484 3658 5534 καὶ
3687 5484 3785 5551 τὴν

2250 5569 2450 5624 οἰκείαν
2475 5569 2798 5636 διεκδικήσει
2832 5571 3135 5638 διάγνωσιν,
3173 5573 3262 5626 καί
3290 5574 3368 5634 εἰς
3403 5572 3558 5642 ἔργον
3583 5571 3786 5641 ταύτην
