4002 6314
617 371 729 430 367

699 520 714 548 ι
751 497 1049 551 Theodosio
1105 496 1213 550 Vill
1278 497 1540 551 consulib.
1578 498 1680 552 cal.
1738 497 1914 562 Maiis,
1972 497 2157 552 Cat-th.
2191 484 2230 536 Α

699 616 712 638 .
761 593 810 641 in
838 600 1043 642 secreto
1099 587 1280 642 Fausti
1319 591 1582 655 ecclesiae,
1640 591 1858 646 Aurelio
1909 591 2159 660 episcOpo

707 702 715 721 τ
744 683 1015 733 universa:
1046 682 1245 748 synodo
1272 682 1603 748 przesidente,
1625 682 1959 735 adstantibus
1990 682 2164 734 diaco-

702 794 717 821 ι
763 773 843 825 nis
865 791 876 825 :
902 773 1095 840 placuit
1120 773 1366 825 omnibus
1388 773 1648 840 episcopis
1673 772 1918 826 Ecclesia:
1937 771 2162 826 Cartha-

703 881 716 910 ι
754 861 1010 930 ginensis,
1041 863 1091 911 in
1129 871 1308 913 S:IltCla
1341 861 1544 928 synodo
1570 859 1893 923 constitutis,
1929 875 2156 927 quorum

703 968 720 996 ‹
765 947 975 1000 nomina
1025 958 1076 999 ct
1101 948 1522 1014 subscriptiones
1572 949 1786 1002 inserta:
1845 959 1984 1014 sunt,
2019 949 2162 1016 quod

687 1061 700 1090 ι
739 1041 905 1092 Atiam
940 1041 1180 1092 mortalis
1209 1056 1235 1091 a
1268 1040 1372 1093 Deo
1401 1039 1574 1093 factus
1600 1057 1703 1094 non
1728 1051 1844 1094 est:
1882 1047 1936 1092 ut
1964 1039 2008 1094 si
2043 1040 2162 1107 quis

700 1147 716 1177 ι
755 1131 944 1181 dixerit
984 1130 1364 1196 protoplastum
1402 1131 1568 1182 Adam
1634 1131 1704 1184 ita
1751 1130 2020 1182 hominem
2081 1129 2162 1182 fa-

695 1238 710 1267 ε
751 1228 893 1270 ctum
922 1232 1038 1270 esse
1061 1218 1357 1277 mortalem,
1391 1228 1447 1271 ut
1471 1220 1580 1272 sive
1611 1229 1869 1287 pecasset,
1898 1220 2010 1274 sive
2039 1235 2160 1282 non,

703 1326 718 1356 ‹
777 1317 916 1360 esset
952 1309 1004 1360 in
1049 1322 1270 1375 corpore
1306 1310 1615 1373 moriturus,
1649 1309 1699 1362 id
1731 1317 1830 1375 est,
1878 1324 1907 1362 e
1942 1323 2163 1376 corpore

712 1417 728 1447 ι
776 1412 1222 1461 excessurus,non
1254 1407 1470 1466 propter
1499 1399 1746 1452 meritum
1802 1399 2025 1466 peccati,
2071 1398 2162 1451 se.l

696 1507 710 1535 ι
760 1503 852 1556 per
892 1498 1092 1542 natura:
1123 1491 1512 1552 necessitatem,
1544 1489 1612 1543 sit
1666 1490 1968 1545 anathema.

694 1945 876 1997 llALS.
912 1953 963 1999 cl
994 1945 1240 1999 ZONAR.
1276 1948 1413 2001 Deus
1433 1949 1599 2002 Adam
1631 1961 1728 2003 nec
1762 1952 2042 2005 mortalem
2081 1951 2157 2003 fe-

622 2037 713 2096 (.it,
753 2051 848 2088 nec
880 2037 1255 2099 immortalem,
1290 2039 1378 2092 scd
1407 2039 1636 2092 medium
1665 2039 1806 2093 inter
1837 2041 2160 2108 magnitudi-

625 2141 739 2179 nem
759 2136 807 2177 ct
830 2126 1202 2190 humilitatem,
1218 2137 1270 2180 et
1289 2144 1405 2182 cum
1423 2143 1540 2181 eum
1560 2143 1665 2181 sua:
1683 2131 2161 2196 potestatisliberi-

623 2231 726 2276 que
749 2217 951 2270 arbitrii
972 2226 1268 2284 compotem
1299 2219 1530 2284 fecisset,
1557 2221 1755 2274 dimisit
1780 2238 1790 2280 :
1813 2230 1872 2274 ut
1891 2223 2159 2286 utrolibet,

625 2310 736 2360 sive
758 2309 822 2361 ad
854 2309 1121 2370 virtutem,
1145 2311 1255 2362 sive
1285 2312 1348 2360 ad
1385 2311 1567 2362 vitium
1601 2312 1927 2373 inclinasset,
1955 2313 2034 2366 vel
2067 2319 2165 2366 im-

627 2400 1021 2460 mortalitatem,
1045 2400 1122 2452 vel
1161 2401 1530 2453 mortalitatem
1554 2403 1854 2456 sortiretur.
1889 2404 1997 2457 Etsi
2020 2405 2159 2458 enim

626 2505 839 2543 carnem
864 2502 986 2542 tunc
1007 2504 1215 2558 quoque
1239 2492 1458 2544 habebat
1485 2493 1660 2556 homo,
1710 2509 1813 2546 non
1836 2505 2008 2548 tamen
2036 2511 2166 2563 qua-

629 2582 727 2633 lem
753 2596 910 2634 nunc.
933 2580 996 2631 Et
1026 2583 1122 2634 hoc
1142 2582 1210 2632 ait
1230 2579 1513 2648 Gregorius
1535 2582 1833 2653 Theologus
1859 2600 1975 2638 cum
1998 2586 2163 2642 dicit:

629 2670 879 2724 Pelliceas
911 2685 1118 2738 quoque
1145 2681 1320 2724 vestes
1340 2672 1526 2735 induit,
1550 2672 1684 2727 forte
1709 2674 2009 2728 densiorem
2047 2691 2168 2729 car-

630 2779 748 2818 nem
779 2771 830 2818 et
871 2763 1144 2816 mortalem
1173 2771 1225 2815 et
1252 2764 1606 2817 resistentem.
1639 2765 1811 2829 Quare
1841 2778 1962 2820 ante
1997 2779 2171 2821 trans-

631 2854 960 2923 gressionem
1011 2867 1106 2905 nec
1142 2853 1300 2906 densa
1329 2861 1444 2905 erat
1463 2866 1587 2906 caro
1609 2855 1821 2916 Adami,
1851 2869 1950 2908 nec
1979 2867 2165 2908 natura

635 2945 887 2997 mortalis.
920 2943 1150 2997 Fuerunt
1181 2953 1354 2996 autem
1393 2944 1484 3011 qui
1525 2945 1759 2997 dicerent
1783 2959 1902 2998 eum
1951 2954 2004 2998 et
2033 2961 2172 2999 mor-

634 3035 792 3088 talem
819 3036 884 3087 ab
918 3034 1068 3087 initio
1105 3034 1301 3086 factum
1330 3049 1470 3097 esse,
1505 3041 1557 3086 et
1608 3035 1922 3087 moriturum
1986 3037 2168 3100 fuisse,

1842 369 1940 427 TII
1954 367 2112 429 EOD.
2158 368 2199 426 B
2222 370 2545 428 \LSAMON

3697 367 3794 434 368

2339 519 2356 550 ι
2413 501 2664 570 Ὀνωρίου
2690 499 2995 568 Αὐγούστου
3029 501 3088 553 τὸ
3125 502 3448 564 δωδέκατον,
3491 502 3586 554 καὶ
3623 501 3804 553 Θεοδο-

2340 609 2357 641 ‹
2403 591 2519 643 σίου
2592 592 2652 642 τὸ
2734 591 2956 658 ὃγδοον,
3018 593 3124 644 τῶν
3209 593 3464 655 ὑπάτων,
3519 590 3803 650 καλάνδαις

2340 700 2355 731 ι
2404 683 2616 745 Μαΐαις,
2669 683 2746 742 είς
2795 682 3116 751 Καρχηδόνα
3160 684 3216 733 ὲν
3267 683 3344 751 τῷ
3392 683 3654 752 σηκρήτῳ
3708 683 3804 748 τῆς

2340 791 2356 821 ι
2404 772 2642 822 Φαύστου
2687 770 3011 837 ἐκκλησίας,
3063 769 3336 837 Αύρηλίου
3374 770 3468 821 τοῦ
3505 769 3805 821 ἐπισκόπου

2343 883 2359 914 ι
2407 863 2670 932 συμπάσῃ
2699 863 2761 930 τῇ
2796 860 2995 928 συνόδῳ
3033 859 3488 927 προκαθίσαντος,
3524 859 3805 925 παρεστῶ-

2340 974 2356 1005 ι
2400 971 2504 1005 των
2553 954 2659 1003 τῶν
2690 952 2972 1012 διακόνων,
3029 950 3225 1019 ῆρεσεν
3271 952 3403 1001 πᾶσι
3439 951 3551 1009 τοῖς
3582 948 3806 999 ἐπισκό-

2342 1063 2358 1093 ι
2403 1061 2520 1106 ποις
2549 1044 2644 1110 τῆς
2689 1044 2745 1094 ἐν
2774 1040 3073 1110 Καρχηδόνι
3115 1041 3432 1108 ἐκκλησίας,
3471 1039 3602 1108 ἁγίᾳ
3658 1037 3809 1088 συνό-

2337 1156 2354 1187 ι
2404 1136 2477 1204 δῳ
2498 1127 2938 1197 καθεστῶσιν,ὧν
2961 1133 3026 1184 τὰ
3045 1132 3284 1200 ὀνόματα
3308 1132 3398 1182 καί
3420 1134 3473 1184 αί
3499 1131 3813 1200 ὑπογραφαὶ

2339 1246 2355 1277 ι
2405 1226 2744 1294 ἐνετέθησαν,
2792 1226 2871 1277 ὅτι
2931 1224 3103 1292 Ἀδὰμ
3151 1223 3339 1290 θνητὸς
3387 1222 3495 1274 ἀπὸ
3535 1221 3630 1273 τοῦ
3678 1219 3810 1273 Θεοῦ

2341 1336 2357 1368 ι
2405 1319 2501 1370 οὐκ
2530 1317 2743 1384 ἐγένετο
2768 1331 2781 1346 ⁶
2812 1315 2897 1367 ἵνα
2925 1315 3072 1375 ὅστις
3113 1314 3313 1382 δήποτε
3346 1313 3476 1382 λέγῃ
3509 1312 3599 1364 τὸν
3644 1311 3812 1378 ’Δδὰμ

2345 1428 2361 1457 ι
2411 1407 2499 1457 τὸν
2530 1403 2952 1474 πρωτόπλαστον
2983 1401 3268 1469 ἄνθρωπον
3299 1397 3490 1466 θνητὸν
3521 1397 3812 1464 γενόμενον

2338 1517 2358 1548 ‹
2403 1497 2595 1560 οὓτως,
2630 1493 2724 1558 ὡς,
2758 1495 2863 1545 εἴτε
2914 1493 3242 1561 ἁμαρτήσει,
3286 1491 3398 1542 εἴτε
3439 1490 3511 1558 μὴ
3552 1485 3809 1554 ἁμαρτή-

2341 1608 2359 1641 ι
2408 1605 2509 1650 σει,
2564 1583 2913 1653 τεθνήξεσθαι
2959 1586 3016 1634 ὲν
3069 1581 3149 1651 τῷ
3181 1580 3428 1648 σώματι,
3475 1577 3621 1631 τοῦτ’
3665 1577 3812 1629 εστιν

2343 1699 2359 1730 ι
2406 1679 2637 1742 ἐξελθεῖν
2660 1678 2722 1729 ὲκ
2746 1675 2836 1728 τοῦ
2861 1675 3127 1743 σώματος,
3157 1673 3230 1740 μὴ
3261 1673 3326 1740 τῇ
3353 1671 3478 1739 ἀξίᾳ
3504 1673 3601 1736 τῆς
3633 1670 3812 1737 ἁμαρο

2347 1790 2365 1822 ι
2409 1769 2547 1833 τίας,
2582 1767 2716 1820 ἀλλὰ
2756 1769 2821 1837 τῇ
2873 1765 3087 1834 ἀνάγκη
3136 1764 3235 1831 τῆς
3294 1762 3528 1830 φύσεως,
3564 1758 3813 1826 ἀνάθεμα

2349 1883 2365 1913 ι
2410 1862 2570 1914 ἔστω.
2614 1879 2632 1910 ι

2344 1954 2536 2006 ΒΑΛΣ.
2575 1951 2668 2003 καὶ
2718 1947 2868 2002 ΖΩΝ.
2904 1947 3006 2000 Τὸν
3049 1945 3215 2014 Ἀδὰμ
3251 1947 3278 1998 6
3328 1943 3458 2005 Θεὸς
3511 1943 3571 1996 οὐ
3626 1941 3816 2010 θνητὸν

2274 2047 2522 2103 ἔπλασεν,
2558 2042 2676 2094 οὐδὲ
2712 2042 2893 2110 μέντοι
2933 2037 3226 2099 ἀθάνατον,
3260 2035 3425 2104 μέσον
3454 2034 3510 2086 δὲ
3555 2032 3813 2102 μεγέθους

2277 2138 2368 2190 καὶ
2413 2133 2818 2201 ταπεινότητος,
2851 2129 2945 2182 καὶ
2991 2126 3339 2190 αὐτεξούσιον
3379 2126 3609 2194 ποιήσας
3639 2123 3817 2185 αὐτὸν,

2274 2232 2474 2291 εἴασεν,
2512 2227 2650 2279 ὥστε
2678 2224 2984 2294 ὁποτέρωσε
3022 2223 3226 2284 νεύσει,
3261 2220 3370 2270 εἴτε
3419 2219 3556 2286 πρὸς
3614 2217 3816 2284 ἀρετὴν

2273 2320 2380 2371 εἴτε
2414 2317 2548 2387 πρὸς
2596 2316 2815 2378 κακίαν,
2849 2312 3240 2382 κληρώσασθαι
3276 2309 3440 2362 αὐτὸν
3472 2310 3502 2378 ἢ
3557 2306 3657 2376 τὴν
3685 2305 3821 2359 άθα·

2275 2412 2465 2463 νασίαν
2506 2411 2537 2479 ἢ
2581 2410 2678 2478 τὴν
2713 2408 3033 2477 θνητότητα.
3077 2405 3196 2458 Κᾶν
3226 2403 3335 2472 γὰρ
3373 2401 3552 2471 σάρκα
3582 2395 3695 2468 εἶχε
3729 2398 3820 2450 καὶ

2273 2504 2392 2554 τότε
2421 2504 2447 2553 6
2472 2502 2770 2565 ἅνθρωπος,
2801 2479 2916 2548 άλλ⁹
2945 2497 3042 2563 οὐχ
3071 2497 3188 2548 οἵαν
3218 2495 3335 2546 νῦν.
3370 2493 3478 2544 Καὶ
3513 2490 3668 2543 τοῦτό
3721 2507 3821 2556 φη-

2282 2611 2363 2645 σιν
2405 2594 2430 2643 6
2466 2589 2728 2654 Θεολόγος
2773 2587 3094 2655 Γρηγόριος,
3141 2584 3313 2649 λέγων
3341 2600 3355 2612 ·
3393 2584 3501 2635 Καὶ
3552 2581 3678 2642 τοὺς
3706 2580 3822 2648 δερσ

2282 2684 2534 2752 ματίνους
2563 2677 2918 2747 ἀμφιέννυται
2950 2674 3204 2742 χιτῶνας,
3231 2673 3358 2734 ἴσως
3386 2671 3484 2740 τὴν
3512 2670 3824 2740 παχυτέραν

2284 2773 2458 2840 σάρκα
2511 2770 2602 2822 καὶ
2645 2765 2840 2837 θνητὴν
2877 2766 2972 2817 καὶ
3014 2764 3326 2816 ἀντίτυπον.
3361 2762 3520 2814 Ὥστε
3576 2761 3684 2830 πρὸ
3725 2759 3824 2826 τῆς

2280 2859 2644 2929 παραϐάσεως
2694 2856 2816 2908 οὕτε
2874 2858 3072 2923 παχεῖα
3121 2849 3187 2923 ἦν
3234 2855 3264 2923 η
3323 2852 3461 2921 σὰρξ
3518 2852 3596 2922 τῷ
3633 2851 3825 2918 ’Δδὰμ,

2281 2953 2402 3006 οὔτε
2439 2951 2596 3018 φύσει
2640 2949 2828 3017 θνητή.
2866 2943 3041 2999 Ἷισαν
3066 2947 3109 2998 δ’
3139 2947 3187 2998 οἱ
3221 2945 3469 3012 λέγοντες
3504 2945 3585 2997 ὅτι
3635 2941 3826 3013 θνητὸς

2282 3046 2340 3108 ἐξ
2376 3043 2552 3113 ἀρχῆς
2591 3041 2836 3107 ἐπλάσθη
2860 3039 2951 3093 καὶ
2969 3039 3147 3102 θαγεῖν
3172 3037 3384 3107 ἔμελλε,
3423 3038 3526 3089 κᾶν
3555 3036 3634 3106 μὴ
3682 3052 3827 3104 παρ-

631 3125 840 3178 etiamsi
870 3127 1178 3178 mandatum
1220 3140 1320 3176 non
1354 3135 1492 3177 esset
1532 3136 1894 3195 transgressus
1950 3136 2040 3180 :et
2073 3143 2175 3179 non

2285 3139 2383 3203 έὸη
2443 3139 2565 3203 ιτὴν
2648 3135 2892 3197 ἐντολὴν,
2945 3136 3039 3185 καὶ
3090 3133 3210 3200 ούχλ⁵
3266 3131 3353 3184 διὰ
3404 3131 3501 3199 τὴν
3552 3129 3827 3200 ἁμαρτίαν

635 3227 850 3285 propter
876 3225 1148 3284 peccatum
1183 3216 1478 3280 ingressam
1508 3231 1625 3270 esse
1657 3227 1905 3280 mortem,
1938 3219 2028 3270 sed
2053 3232 2178 3285 pro-

635 3323 751 3372 pter
792 3316 1057 3367 naturam,
1092 3320 1210 3372 quae
1259 3305 1354 3356 fuit
1393 3306 1512 3357 talis
1552 3308 1618 3358 ab
1652 3307 1822 3359 initio.
1877 3306 1980 3359 Eos
2031 3321 2178 3374 ergo,

637 3397 725 3462 qui
758 3397 829 3448 ita
859 3395 1112 3458 sentiunt,
1168 3393 1321 3461 hujus
1365 3396 1550 3463 synodi
1609 3394 1793 3448 Patres
1847 3396 2181 3449 anathemate

641 3486 982 3537 damnarunt.

644 3574 867 3629 ARIST.
907 3595 924 3624 ι
967 3575 1066 3639 Qui
1095 3573 1475 3644 protoplastum
1497 3575 1656 3628 etiam
1688 3576 1801 3629 sine
1828 3587 2042 3643 peccato
2092 3591 2182 3642 per

716 3683 734 3714 ι
771 3674 971 3718 natura:
995 3666 1368 3718 necessitatem
1403 3666 1722 3718 moriturum
1763 3664 1930 3719 fuisse
1964 3666 2176 3730 asserit,

717 3773 732 3805 ι
774 3756 1054 3808 anathema
1087 3755 1172 3808 sit.
1208 3774 1226 3805 ο

1089 3891 1248 3960 646
1295 3889 1520 3944 CANON
1576 3891 1732 3945 CXll.

649 4027 665 4056 ι
708 4007 857 4072 Quod
884 4007 1115 4060 infantes
1145 4007 1197 4058 in
1247 4015 1583 4074 peccatorum
1619 4005 1983 4059 remissionem
2012 4004 2184 4072 bapti—

721 4121 736 4150 ι
775 4097 1257 4166 ῑιιηιυτηὸἱιιιίιίιοι·
1284 4098 1496 4165 placuit,
1517 4106 1574 4148 ut
1594 4096 1895 4164 quicunque
1917 4110 2107 4163 parvos
2132 4107 2185 4149 et

723 4212 737 4240 ι
767 4205 951 4244 recens
980 4200 1128 4242 natos
1153 4188 1383 4240 infantes
1411 4191 1476 4238 ab
1508 4199 1657 4240 utero
1687 4188 1871 4239 matris
1898 4186 2179 4253 baptizan-

711 4301 724 4329 ι
775 4281 866 4333 dos
891 4294 1006 4331 esse
1033 4287 1224 4346 negat,
1255 4277 1336 4329 νμι
1368 4277 1494 4329 dicit
1524 4277 1575 4329 in
1605 4277 1966 4330 remissionem
1995 4290 2186 4342 pecca-

708 4392 722 4419 τ
770 4381 940 4422 torum
1001 4368 1280 4435 baptizari,
1312 4383 1412 4420 non
1442 4377 1698 4419 antemex
1748 4367 1901 4434 primi
1953 4365 2186 4432 parentis

714 4482 728 4508 ‹
768 4461 934 4512 Adam
955 4467 1169 4526 peccato
1192 4459 1478 4525 quidquam
1495 4457 1723 4519 trahere,
1751 4455 1889 4523 quod
1908 4453 2095 4506 debeat
2115 4453 2191 4504 la-
2223 4435 2264 4487 θ

721 4572 735 4600 ι
777 4566 932 4603 vacro
967 4549 1379 4616 regenerationis
1429 4546 1640 4615 purgari
1679 4544 1840 4617 (unde
1871 4555 1954 4599 est
2001 4558 2188 4598 conse-

714 4662 729 4691 ι
773 4657 957 4709 quens,
977 4641 1114 4709 quod
1133 4641 1182 4692 in
1202 4641 1283 4693 his
1309 4638 1473 4691 forma
1498 4637 1827 4705 baptismatis
1850 4636 1900 4687 in
1920 4636 2192 4688 remissio-

722 4752 736 4780 ι
801 4744 916 4784 nem
943 4738 1270 4798 peccatorum
1292 4744 1391 4780 non
1422 4741 1564 4791 vera,
1585 4727 1676 4780 sed
1695 4727 1814 4780 ﬁcta
1840 4726 2187 4793 intelligitur),

725 4841 739 4870 ι
781 4823 850 4875 sit
895 4821 1171 4873 anathema
1210 4836 1222 4871 :
1273 4820 1518 4886 quoniam
1565 4832 1668 4870 non
1704 4816 1855 4869 aliter
1904 4816 2193 4882 intelligere

725 4932 739 4960 ‹
783 4921 990 4979 oportet
1017 4910 1153 4978 quod
1177 4912 1240 4963 ab
1266 4909 1512 4976 Apostolo
1529 4909 1727 4961 dictum
1745 4915 1876 4968 est,t
1906 4906 2002 4959 Pcr
2029 4921 2191 4958 unum

724 5021 741 5049 ι
787 5002 1046 5054 hominem
1081 4997 1634 5066 peccatumiintroivit
1685 5000 1736 5051 in
1797 4996 2092 5059 mundum,
2146 5005 2200 5048 et

722 5112 737 5141 ‹
778 5106 867 5158 per
899 5101 1172 5158 peccatum
1202 5104 1364 5153 mors,
1405 5098 1456 5143 et
1490 5091 1567 5143 sic
1620 5090 1670 5142 in
1717 5104 1901 5143 omnes
1956 5087 2199 5140 homines

736 5202 752 5231 ι
792 5181 1046 5249 pervasit,
1079 5181 1131 5233 in
1162 5196 1265 5248 quo
1303 5196 1486 5236 omnes
1524 5187 1876 5248 peccaverunt
1913 5178 1998 5230 δίε
2042 5195 2058 5227 ι
2096 5176 2200 5230 nisi

735 5362 778 5391 5‘
814 5360 970 5414 Rom.
1009 5375 1059 5425 v,
1095 5359 1179 5411 12.

2283 3224 2597 3292 ἐπεισῆλθεν
2627 3225 2653 3274 6
2684 3222 2927 3284 θάνατος,
2960 3221 3091 3272 ἀλλὰ
3128 3221 3214 3272 διὰ
3242 3220 3338 3287 τὴν
3381 3220 3540 3286 φύσιν
3573 3216 3828 3285 τοιαύτην

2281 3315 2564 3380 γεγονυῖαν
2612 3311 2871 3379 ἀρχῆθεν.
2898 3310 3018 3360 Τῶν
3062 3306 3156 3362 οὖν
3191 3308 3363 3362 ταῦτα
3404 3308 3749 3378 φρονούντων
3777 3307 3824 3356 οί

2278 3404 2374 3471 τῆς
2408 3401 2622 3453 συνόδου
2652 3400 2853 3468 ταύτης
2885 3399 3121 3469 Πατὲρες
3154 3398 3592 3468 κατεψηφίσαντο
3615 3398 3676 3450 τὺ
3705 3395 3829 3450 ἀνάι

2284 3493 2338 3544 οε
2349 3511 2440 3554 μα.

2285 3586 2502 3638 ΑΙἸΣΤ.
2575 3603 2592 3634 ι
2649 3585 2704 3638 Ὀ
2748 3587 2839 3638 τὸν
2882 3585 3303 3653 πρωτόπλαστον
3345 3579 3687 3649 δογματίζων
3741 3578 3832 3630 καὶ

2361 3693 2377 3724 ι
2428 3675 2546 3742 δίχα
2578 3673 2675 3741 τῆς
2707 3675 2976 3742 ἁμαρτίας
3003 3673 3420 3741 τεθνηξόμενον,
3455 3670 3542 3722 διὰ
3581 3668 3829 3736 ἀνάγκην

2365 3785 2381 3814 ι
2423 3765 2519 3830 τῆς
2551 3764 2784 3831 φύσεως,
2821 3766 2933 3834 ητω
2965 3764 3270 3829 ἀνάθεμα.»

2855 3895 3090 3947 ΚΑΝΩΝ
3122 3895 3263 3947 ΡΙΒ’.

2291 4028 2308 4055 ι
2351 4007 2470 4057 Ὀτι
2501 4005 2567 4056 τὰ
2597 3999 2768 4074 μικρὰ
2797 4006 2873 4065 εἰς
2897 4003 3087 4070 ἄφεσιν
3126 4001 3410 4069 ἁμαρτιῶν
3457 4000 3831 4069 βαπτίζονται.

2362 4115 2379 4145 ι
2435 4095 2667 4164 Ὁμοίως
2699 4095 2914 4162 ἦρεσεν,
2944 4093 3029 4143 ἵνα
3054 4091 3405 4159 ὁστισδήποτε
3440 4091 3506 4142 τὰ
3541 4091 3717 4158 μικρὰ
3743 4092 3833 4140 καὶ

2365 4210 2382 4242 ι
2428 4189 2746 4256 νεογέννητα
2801 4189 2864 4238 ὲκ
2918 4187 3024 4238 τῶν
3088 4184 3372 4252 γαστέρων
3419 4182 3525 4235 τῶν
3586 4183 3832 4252 μητέρων

2367 4301 2383 4331 ι
2432 4281 2800 4350 βαπτιζόμενα
2859 4281 3143 4348 ἀρνεῖται,
3204 4277 3236 4345 ἢ
3293 4276 3438 4343 λέγει
3507 4278 3585 4336 είς
3646 4277 3834 4342 ἄφεσιν

2366 4392 2383 4422 ι
2432 4371 2712 4440 ἁμαρτιῶν
2757 4368 2894 4421 αὐτὰ
2936 4367 3312 4437 βαπτίζεσθαι,
3348 4366 3514 4435 μηδὲν
3558 4365 3613 4417 δὲ
3651 4368 3715 4417 ὲκ
3744 4366 3836 4432 τῆς

2369 4481 2386 4511 ι
2433 4460 2524 4512 τοῦ
2599 4459 2764 4526 Ἀδὰμ
2814 4459 2991 4509 ἕλκειν
3060 4456 3391 4524 προγονικῆς
3448 4455 3724 4523 ἁμαρτίας
3782 4455 3838 4504 τὸ

2373 4570 2388 4599 ι
2436 4549 2644 4615 ὀφεῖλον
2675 4546 3014 4615 καθαρθῆναι
3069 4544 3146 4613 τῷ
3183 4545 3390 4613 λουτρῷ
3445 4544 3544 4611 τῆς
3579 4544 3841 4608 παλιγγε-

2373 4657 2388 4688 ι
2434 4635 2612 4698 νεσίας
2645 4635 2785 4703 (ὅθεν
2812 4635 3016 4700 γίνεται
3050 4633 3336 4685 ἀκόλουθον
3369 4634 3448 4684 ὅτι
3492 4635 3551 4683 ἐν
3587 4634 3792 4692 τούτοις
3813 4631 3840 4680 ό

2373 4747 2389 4777 ι
2435 4727 2598 4787 τύπος
2629 4727 2718 4776 τοῦ
2765 4727 2844 4784 εἰς
2900 4724 3092 4791 άρεσιν
3137 4722 3418 4790 ἁμαρτιῶν
3469 4721 3840 4789 βαπτίσματος

2374 4836 2390 4866 ι
2436 4817 2535 4866 ούκ
2567 4814 2789 4883 ἀληθὴς,
2819 4813 2949 4865 ἀλλὰ
3005 4813 3235 4872 πλαστὸς
3293 4811 3539 4880 νοεῖται),
3593 4811 3838 4877 ἀνάθεμα

2375 4925 2390 4953 ι
2440 4905 2521 4973 εἴη
2551 4920 2563 4933 ο
2599 4903 2782 4972 ἐπειδὴ
2805 4905 2903 4953 οὑκ
2929 4903 3099 4963 άλλως
3129 4904 3210 4953 δεῖ
3238 4905 3428 4971 νοῆσαι
3469 4903 3527 4955 τὸ
3558 4902 3841 4971 είρημένον

2377 5013 2394 5043 ι
2439 4996 2511 5061 τῷ
2553 4992 2876 5059 Ἀποστόλῳ,
2915 5010 2932 5040 ι
2968 4991 3045 5042 Δι’
3080 4993 3196 5052 sva,-
3220 4980 3510 5060 ἀνθρώπου
3532 4994 3564 5060 ἡ
3599 4991 3838 5060 ἁμαρτία

2379 5102 2395 5132 ι
2441 5081 2686 5149 εἰσῆλθεν
2715 5083 2792 5141 είς
2830 5080 2920 5131 τὸν
2952 5080 3175 5148 κόσμον,
3203 5083 3293 5132 καὶ
3323 5082 3408 5132 διὰ
3452 5083 3548 5150 τῆς
3571 5079 3842 5149 ἁμαρτίας

2378 5194 2392 5224 ι
2440 5176 2466 5224 6
2521 5173 2764 5237 θάνατος,
2816 5173 2906 5223 καὶ
2939 5172 3110 5232 οὓτως
3157 5173 3235 5232 είς
3288 5172 3495 5233 πάντας
3527 5173 3841 5241 ἀνθρώπους

1859 5469 2042 5529 Guill.
2077 5467 2391 5543 Beveregii
2433 5473 2622 5527 nota).

664 5603 791 5655 rint.
821 5597 1168 5650 Massalianos
1198 5604 1371 5647 autem
1406 5593 1658 5644 Euchitas
1695 5592 1866 5644 dictos
1888 5604 2007 5643 esse
2066 5587 2196 5638 Ilur-

667 5668 986 5733 tnennpulus
1018 5666 1175 5715 etiam
1221 5663 1457 5733 tradidit,
1478 5670 1556 5733 et_
1573 5661 1832 5733 rationem
1866 5659 1994 5733 _l_:i._s_
2015 5659 2191 5733 verbis

667 5725 935 5801 rcddit,’l‘6
962 5735 1017 5786 δε
1044 5734 1150 5787 τῶν
1206 5730 1597 5785 Μασσαλιανῶν
1635 5730 1801 5798 ὄνομα
1864 5725 2189 5794 ἐξελληνιςό-

2308 5605 2482 5656 μενον,
2518 5587 2940 5656 Εὑχίτας-δηλοῦ
2978 5584 3110 5656 mit-‘9
3135 5585 3243 5654 γὰρ
3278 5585 3405 5653 παρ’
3420 5584 3615 5656 αὐτοῖς
3665 5582 3724 5635 τὺ
3751 5582 3844 5650 τῆς

2301 5653 2460 5725 εὐχῆς
2491 5653 2680 5724 ὄνομα.
2716 5653 3041 5721 llarmenOp.
3067 5655 3130 5706 de
3165 5653 3296 5707 sect.
3330 5670 3378 5707 c.
3410 5653 3494 5706 18.
