4002 6314
236 344 339 409 369

1222 361 1301 419 IN
1341 358 1501 419 CAN.
1540 360 1727 418 CXIII
1770 359 1971 420 CONC.
2014 361 2377 421 CAR'I‘IIAG.

3304 361 3405 424 3-70

306 474 325 503 ι
374 456 607 525 διῆλθεν,
632 462 688 513 ὲν
716 454 759 528 ᾧ
787 463 981 525 πάντες
1010 466 1275 533 ἥμαρτον,
1300 466 1346 517 εἰ
1376 465 1450 534 μὴ
1477 465 1535 517 ὃν
1566 465 1765 533 τρόπον

1944 483 1961 514 ι
1997 465 2439 533 quemadmodum
2466 464 2723 521 catholica
2750 466 2981 523 Ecclesia
3008 506 3022 530 ,
3046 481 3163 536 quin
3211 467 3404 536 ubique

304 561 323 592 ι
368 546 403 614 ἡ
431 548 693 617 καθολικὴ
744 552 1028 620 Ἐκκλησία
1069 557 1100 622 ἡ
1145 555 1413 623 πανταχοῦ
1445 554 1769 623 διακεχυμέ-

304 652 323 683 ι
372 654 436 705 νη
463 655 521 691 τε
553 643 646 692 καὶ
678 642 966 713 ήπλωμένη
1000 645 1085 697 ἀεὶ
1128 648 1365 713 ἐνόησεν.
1388 648 1485 699 Διά
1531 646 1639 714 γὰρ
1685 648 1772 698 τὸν

298 744 319 775 ο
362 732 559 781 κανόνα
608 731 793 783 τοῦτον
832 733 933 802 τῆς
984 736 1217 797 πίστεως
1264 737 1354 787 καὶ
1382 737 1429 788 oi
1486 737 1690 803 μικροὶ,
1722 737 1769 787 oi

300 834 320 865 ι
370 818 533 884 μηδὲν
560 820 967 890 ἁμαρτημάτων
997 827 1075 887 είς
1108 827 1327 887 ἑαυτοὺς
1351 826 1429 877 ἔτι
1456 827 1561 895 μὴν
1586 826 1768 894 πλημ-

298 925 315 953 ι
366 907 547 970 μελεϊν
579 908 883 976 δυνάμενοι,
918 914 998 976 είς
1033 915 1223 978 ἀψεσιν
1270 913 1551 983 ἁμαρτιῶν
1580 915 1767 983 άληθι.

295 1012 312 1042 ι
359 995 465 1057 νῶς
516 996 911 1065 βαπτίζονται·
954 1004 1039 1056 ἴνα
1072 1003 1315 1073 καθαρθῇ
1369 1007 1425 1057 ὲν
1459 1006 1639 1065 αὐτοῖς
1682 1004 1769 1055 διὰ

292 1101 309 1130 σ
357 1084 459 1151 τῆς
508 1086 947 1155 παλιγγενεσίας,
979 1094 1114 1161 ὅπερ
1146 1092 1401 1146 εἵλκυσαν
1434 1095 1498 1146 ἐκ
1526 1093 1623 1160 τῆς
1665 1093 1764 1159 ἁρ-

290 1190 310 1221 σ
357 1177 687 1239 χαιογονίας.
725 1197 743 1228 ι

289 1263 484 1315 ΒΛΛΣ.
519 1268 613 1317 καὶ
646 1269 796 1322 ΖΩΝ.
830 1271 1049 1338 Ἔλεγον
1082 1289 1223 1334 τινες
1250 1274 1317 1326 τά
1359 1272 1550 1338 νεογνά
1579 1270 1763 1323 παιδία

218 1349 291 1420 μὴ
334 1353 418 1414 εἰς
451 1354 642 1422 ἄφεσιν
702 1360 981 1428 ἁμαρτιῶν
1034 1360 1421 1429 βαπτίζεσθαιθ
1481 1363 1613 1430 μηδὲ
1660 1362 1764 1430 γὰρ

213 1438 361 1507 ἔχειν
398 1443 534 1495 αι’)τά
568 1446 863 1514 ἁμαρτίας,
899 1450 1016 1501 ἐπεὶ
1056 1452 1189 1519 μηδὲ
1241 1452 1544 1519 πεφύκασιν
1572 1454 1758 1521 ἁμαρ⁶

212 1533 418 1595 τανειν,
453 1533 531 1587 ἔτι
576 1537 650 1603 μὴ
683 1536 871 1606 ἔχοντα
896 1541 1164 1609 διάκρισιν
1200 1540 1291 1593 τοῦ
1333 1540 1499 1593 καλοῦ
1536 1542 1627 1594 καὶ
1670 1540 1763 1593 τοῦ

210 1622 472 1689 χείρονος.
528 1624 697 1677 Τοῦτο
762 1622 855 1679 οῦν
906 1628 1234 1696 ἀπαγορεύει
1288 1632 1320 1697 ἡ
1386 1630 1619 1692 σύνοδος,
1672 1630 1763 1681 καὶ

208 1706 338 1771 τοὺς
376 1714 703 1781 φρονοῦντας
746 1715 906 1779 οὕτω,
941 1718 1036 1768 καὶ
1063 1718 1319 1785 λέγοντας
1365 1719 1437 1787 μή
1484 1736 1535 1769 τι
1572 1721 1633 1769 ἐκ
1666 1718 1763 1785 τῆς

207 1801 302 1852 τοῦ
345 1801 515 1866 Ἀδὰμ
542 1805 869 1871 προγονικῆς
908 1782 1181 1873 ἁμαρτίας
1210 1782 1522 1874 ἐφέλκεσθαι
1550 1811 1673 1869 τοὺς
1704 1782 1761 1872 si
1797 1782 1834 1832 Β

207 1890 441 1953 ἐκείνου,
469 1891 610 1943 ὥστε
660 1894 974 1961 καθάρσεως
1008 1896 1220 1949 δέεσθαι
1270 1898 1364 1965 τῆς
1409 1900 1470 1950 ὲκ
1499 1901 1589 1951 τοῦ
1618 1900 1761 1951 θείου

206 1977 436 2048 λουτροῦ
480 1980 573 2033 τοῦ
618 1981 991 2051 βαπτίσματος
1038 1986 1105 2037 τὰ
1149 1988 1356 2050 παιδία,
1400 1990 1763 2053 ποιεῖταιύπδ

205 2065 479 2136 ἀνάθεμα,
509 2068 747 2138 λέγουσα
795 2073 877 2123 ὅτι
919 2072 981 2124 ὲκ
1010 2074 1198 2127 τούτου
1228 2074 1513 2129 ἀκολουθεῖ
1535 2077 1593 2129 τὸ
1622 2078 1759 2130 vos?-

207 2152 355 2219 σθαι,
392 2156 466 2215 ὠς
501 2156 530 2207 ὀ
561 2157 729 2220 τύπος
761 2159 851 2211 τοῦ
882 2162 959 2221 είς
989 2160 1181 2230 ἄφεσιν
1214 2164 1493 2231 ἁμαρτιῶν
1571 2164 1762 2231 βαπτί-

214 2260 425 2311 σματος
460 2246 561 2299 οὐκ
615 2248 820 2317 ἀληθής
867 2253 1033 2316 ἔστιν,
1093 2252 1223 2306 ἀλλὰ
1252 2253 1651 2324 πεπλασμένος,
1706 2258 1763 2306 ὲν

212 2336 418 2399 τούτοις
438 2340 551 2400 τοϊς
577 2343 809 2408 νεογνοῖς
840 2342 1060 2411 δηλαδή.
1080 2339 1210 2396 Εἶτα
1240 2346 1334 2397 καὶ
1359 2345 1756 2409 κατασκευάζει

204 2424 294 2475 τὸν
327 2428 531 2479 οἰκεῖον
558 2429 735 2496 λόγον,
768 2433 993 2501 χρήσεις
1042 2435 1107 2486 ἐκ
1152 2434 1242 2486 τοῦ
1278 2435 1511 2502 μεγάλου
1545 2435 1756 2489 Παύλου

206 2516 555 2583 παράγουσα.
608 2520 731 2583 Πῶς
777 2522 907 2591 γὰρ,
960 2525 1145 2590 φησιν,
1194 2525 1364 2588 ἄλλως
1409 2529 1623 2595 νοητέον
1676 2528 1755 2588 τδ,

204 2607 280 2657 Δι’
306 2607 446 2673 ἐνὸς
480 2608 795 2676 ἀνθρώπου
846 2612 1129 2679 εἰσῆλθεν
1170 2617 1207 2682 ἠ
1254 2616 1507 2683 ἁμαρτία
1535 2620 1622 2681 εὶς
1654 2618 1759 2670 τὸν

204 2696 455 2764 κόσμον,
489 2699 589 2751 καὶ
634 2699 732 2754 διὰ
790 2702 898 2767 τῆς
946 2704 1229 2770 ἁμαρτίας
1276 2709 1308 2758 ό
1359 2706 1630 2771 θάνατος,
1662 2709 1757 2762 καί

203 2788 389 2853 οὕτως
412 2791 502 2854 εἰς
530 2790 757 2856 πάντας
784 2793 1127 2860 ἀνθρώπους
1155 2795 1418 2863 διῆλθεν.
1442 2800 1510 2851 ἐν
1538 2793 1585 2865 ᾧ
1616 2804 1761 2852 πάν-

201 2897 298 2944 τες
320 2882 594 2947 ἥμαρτον
624 2885 673 2934 εί
704 2884 777 2951 μὴ
806 2883 880 2946 ὠς
904 2886 1088 2953 ἐνόησε
1108 2887 1262 2939 τοῦτο
1294 2888 1325 2956 ἡ
1349 2888 1606 2959 καθολικὴ
1643 2891 1758 2942 Ἑκ-

201 2971 419 3035 κλησία,
453 2970 488 3037 ἡ
521 2970 794 3039 πανταχοῦ
820 2973 1178 3041 διακεχυμένη
1224 2993 1281 3027 τε
1310 2977 1402 3028 καὶ
1435 2978 1755 3048 ἠπλωμένη,

1954 572 1973 603 ι
2010 553 2195 607 diﬂ‘usa
2228 564 2308 608 est
2333 564 2386 607 et
2408 555 2627 622 simplex
2656 595 2671 621 ,
2704 572 2911 624 semper
2954 557 3230 611 intellexit.
3276 556 3405 611 Pro-

1956 662 1973 693 ι
2007 652 2122 707 pter
2145 643 2283 695 hanc
2310 642 2448 695 enim
2494 644 2610 696 ﬁdei
2642 646 2872 713 regulam
2900 645 3137 699 infantes
3173 660 3403 714 quoque,

1953 750 1970 781 ι
2008 731 2096 797 qui
2135 731 2332 784 nullum
2366 748 2429 786 ex
2462 748 2517 787 se
2538 744 2809 802 peccatum
2849 736 3183 791 committere
3221 744 3404 804 potuc-

1952 840 1969 869 ι
2010 828 2151 882 runt,
2185 835 2309 874 vere
2339 822 2391 873 in
2438 835 2773 887 peccatorum
2829 822 3188 877 remissionew
3239 824 3407 891 bapti-

1959 928 1976 959 ι
2010 919 2221 973 zantur,
2282 918 2338 961 ut
2390 925 2482 978 per
2534 911 3013 979 regenerationem.
3050 909 3101 961 in
3156 912 3233 962 eis
3285 926 3405 963 tere

1946 1017 1964 1047 ι
1997 999 2299 1064 mundetur,
2332 999 2470 1066 quod
2526 998 2591 1051 ab
2638 998 2848 1052 antiaua
2889 998 3092 1065 origine
3127 1008 3405 1053 contraxe.

1946 1106 1963 1136 ι
2010 1098 2148 1142 runt.
2198 1108 2213 1140 I

1940 1261 2131 1317 BALS.
2164 1272 2215 1316 ct
2244 1263 2488 1317 ZONAR.
2521 1265 2770 1318 Dicebant
2794 1266 3005 1330 quidam
3036 1306 3049 1327 ,
3086 1281 3269 1319 recens
3313 1282 3407 1318 na-

1872 1361 1951 1403 tos
1987 1352 2217 1405 infantes
2246 1353 2297 1404 in
2333 1353 2695 1406 remissionem
2724 1363 3063 1419 peccatorum
3095 1368 3201 1406 non
3236 1356 3408 1421 bapti-

1869 1442 1980 1494 zari
2014 1458 2027 1495 :
2061 1456 2152 1495 eos
2176 1443 2316 1495 enim
2349 1456 2450 1495 non
2478 1442 2674 1496 habere
2706 1453 2975 1510 peccatum
3001 1483 3014 1505 ,
3048 1458 3164 1495 cum
3198 1457 3288 1511 per
3312 1459 3406 1495 na.

1872 1542 2044 1585 turam
2068 1534 2243 1585 adhuc
2274 1547 2492 1598 peccare
2522 1549 2628 1588 non
2660 1535 2881 1603 possint,
2917 1544 2973 1587 ut
3002 1536 3088 1603 qui
3139 1535 3329 1587 bonum
3357 1544 3408 1587 ct

1870 1622 2061 1675 malum
2090 1622 2394 1677 discernere
2419 1633 2704 1690 nequeant.
2738 1623 2845 1677 IIoc
2873 1639 2997 1691 ergo
3025 1624 3270 1691 prohibet
3315 1640 3403 1691 sy-

1869 1713 2058 1776 nodus,
2088 1719 2139 1765 et
2164 1725 2273 1774 eos,
2301 1713 2389 1780 qui
2420 1713 2488 1765 ita
2519 1715 2773 1775 sentiunt,
2819 1722 2870 1766 et
2912 1714 3090 1766 dicunt
3136 1713 3249 1766 illos
3276 1751 3290 1774 ,
3318 1716 3404 1779 qui

1862 1804 1927 1855 ab
1952 1804 2065 1870 ipso
2100 1805 2503 1866 descenderunt,
2533 1805 2659 1857 nihil
2690 1821 2751 1858 ex
2785 1805 2936 1872 primi
2968 1804 3201 1872 parentis
3239 1807 3402 1855 Adam

1863 1901 2079 1959 peccato
2111 1894 2344 1956 trahere,
2373 1901 2429 1946 ut
2490 1892 2724 1946 infantes
2789 1907 2851 1946 ex
2918 1900 3104 1945 sancto
3157 1892 3403 1958 baptismi

1864 1981 2074 2035 lavacro
2100 1982 2439 2035 mundationc
2468 1997 2599 2048 opus
2650 1984 2896 2045 habeant,
2922 1982 3245 2039 anathemati
3277 1983 3405 2035 sul:-

1856 2070 1993 2139 jicit.
2022 2072 2223 2134 dicens.
2245 2075 2386 2141 quod
2413 2087 2474 2126 ex
2507 2075 2607 2128 hoc
2630 2088 2965 2142 consequens
2984 2083 3066 2127 cst
3086 2074 3397 2141 intelligere,

1860 2163 1999 2230 quod
2025 2161 2192 2215 forma
2229 2163 2635 2231 baptismatisin
2670 2164 3035 2216 remissionem
3066 2170 3397 2230 peccatorum

1861 2264 1962 2302 non
1999 2261 2079 2304 est
2111 2264 2258 2316 vera,
2290 2252 2381 2304 sed
2421 2251 2565 2312 ﬁcta.
2597 2252 2647 2304 in
2700 2250 2782 2303 his
2832 2251 3037 2303 scilicet
3093 2250 3401 2305 infantibus.

1861 2338 2059 2394 Deinde
2089 2357 2238 2395 suam
2271 2356 2477 2410 quoque
2506 2342 2765 2395 rationem
2803 2342 3105 2405 conﬁrmat,
3130 2354 3192 2393 cx
3216 2356 3403 2407 magno

1858 2428 2023 2484 Paulo
2058 2433 2368 2485 sententiam
2415 2431 2702 2506 adducens.
2752 2434 3024 2496 Quomodo
3076 2431 3255 2495 enim,
3320 2432 3401 2482 iu-

1862 2524 1993 2589 quit,
2028 2522 2179 2575 aliter
2220 2529 2301 2575 est
2332 2522 2747 2589 intelligendum,
2795 2522 2934 2587 quod
2985 2530 3255 2588 peccatum
3313 2537 3391 2586 ρει

1861 2628 2019 2665 suntm
2046 2611 2297 2664 hominem
2328 2613 2615 2678 ingressum
2642 2620 2714 2665 est
2746 2614 2795 2665 in
2828 2613 3097 2675 mundum,
3116 2625 3163 2665 et
3188 2628 3402 2680 perpcc-

1860 2712 2029 2755 culum
2056 2718 2213 2765 mors,
2245 2716 2292 2757 et
2323 2702 2396 2755 sic
2424 2707 2481 2758 in
2511 2718 2681 2756 nnmes
2714 2704 2939 2755 homines
2961 2703 3203 2768 pervenit,
3226 2703 3278 2754 in
3305 2720 3402 2771 quo

1861 2809 2032 2847 omnes
2068 2803 2398 2859 peccaverunt
2423 2834 2437 2860 ,
2475 2795 2572 2847 nisi
2606 2792 3046 2861 quemadmodum
3107 2793 3209 2845 hoc
3249 2792 3404 2844 intel-

1860 2883 1991 2937 lexit
2037 2884 2296 2937 catholica
2353 2886 2610 2949 Ecclesia,
2644 2900 2762 2952 quae
2788 2884 2979 2951 ubique
3011 2883 3197 2936 tlill'usa
3245 2866 3325 2935 est
3350 2894 3403 2934 et

1860 2973 2104 3041 simplex,
2132 2975 2182 3025 in
2228 2984 2337 3027 toto
2382 2975 2588 3030 scilicet
2637 2974 2834 3029 mundo
2878 2976 3113 3041 dispersa
3172 2971 3398 3024 ﬁdelium

201 3058 366 3124 iﬁyouv
395 3061 427 3127 ἡ
459 3060 519 3111 ὲν
543 3059 649 3127 ὅλῳ
677 3062 753 3128 τῷ
799 3060 986 3131 κόσμῳ
1017 3063 1384 3134 ἐσκεδασμὲνη
1420 3066 1624 3137 πληθὺς
1650 3069 1756 3120 τῶν

1863 3059 2187 3114 multitudo?

198 3150 431 3215 πιστῶν;

197 3239 424 3291 ΔΡΙΣΤ.
491 3256 510 3290 ι
561 3239 621 3293 ’0
667 3240 733 3292 τὰ
764 3242 952 3306 νεογνά
1015 3245 1108 3297 καὶ
1164 3245 1531 3314 βαπτιζόμενα
1584 3248 1759 3313 λέγων

270 3345 291 3378 ι
340 3328 510 3395 μηδὲν
535 3328 713 3380 ἕλκειν
746 3330 809 3381 ὲκ
853 3330 948 3398 τῆς
974 3330 1066 3382 τοῦ
1109 3332 1277 3401 Ἀδὰμ
1302 3336 1576 3405 ἁμαρτίας
1609 3337 1758 3406 ὀφεῖ-

261 3439 280 3469 c
326 3419 420 3470 λον
443 3419 780 3485 καθαρθῆναι
810 3419 884 3487 τῷ
922 3420 1273 3489 βαπτίσματι,
1309 3407 1579 3493 ἐπάρατος
1604 3445 1616 3457 °
1670 3430 1758 3482 διὰ

265 3530 283 3561 ι
330 3511 442 3577 γὰρ
493 3509 585 3561 τοῦ
640 3510 757 3572 ἐνὸς
803 3511 895 3563 καὶ
929 3513 957 3565 ὁ
987 3511 1218 3577 θάνατος
1272 3517 1362 3569 καὶ
1422 3518 1454 3587 ἡ
1511 3519 1754 3590 ἁμαρτία

260 3618 279 3650 ι
325 3600 692 3670 παγκόσμιος.
736 3620 754 3653 ι

759 3694 995 3747 ΚΑΝΩΝ
1022 3694 1163 3749 ΡΙΓ.

201 3804 220 3837 ι
260 3785 393 3838 Ὀτι
420 3784 453 3852 ἡ
484 3783 576 3836 τοῦ
608 3783 745 3837 Θεοῦ
770 3784 929 3853 χάρις
958 3785 1018 3837 οὗ
1050 3786 1211 3855 μόνον
1238 3787 1431 3855 ἄφεσιν
1473 3794 1751 3859 χαρίζεται

270 3890 291 3923 σ
335 3870 643 3940 ἁμαρτιῶν,
667 3871 807 3923 ἀλλά
835 3874 930 3924 καὶ
959 3873 1209 3942 βοήθειαν
1262 3876 1488 3946 παρέχει
1520 3878 1612 3931 τοῦ
1648 3897 1754 3948 μη-

264 3981 282 4014 ι
330 3962 452 4014 κέτι
480 3960 832 4030 ἁμαρτάνειν.
874 3961 1104 4032 Ὁμοίως
1136 3966 1353 4036 ἤρεσεν,
1387 3968 1477 4021 ἴνα
1505 3971 1747 4041 ὁστισδὴ·

270 4071 289 4102 ι
335 4068 467 4104 ποτε
505 4052 648 4103 ετποι
678 4050 778 4119 τὴν
801 4052 962 4120 χάριν
1001 4053 1095 4106 τοῦ
1117 4054 1250 4109 Θεοῦ
1280 4073 1419 4126 ῃτινι
1445 4058 1749 4112 δικαιοῦται

267 4161 284 4191 ι
328 4140 421 4193 διὰ
464 4140 638 4208 Ἰησοῦ
689 4139 925 4209 Χριστοῦ
980 4142 1075 4195 τοῦ
1132 4146 1334 4213 Κυρίου
1390 4147 1567 4214 ἡμῶν,
1615 4149 1750 4217 πρὸς

257 4249 277 4281 ι
333 4229 505 4298 μόνην
529 4229 723 4295 ἄφεσιν
778 4232 1057 4300 ἁμαρτιῶν
1112 4236 1320 4302 ἰσχύειν
1370 4236 1479 4288 τῶν
1521 4238 1622 4306 ἥδη
1653 4256 1749 4292 πε-

260 4338 278 4369 ι
325 4319 828 4387 πλημμελημένων,
853 4323 949 4374 καὶ
981 4322 1054 4392 μὴ
1085 4324 1346 4393 παρέχειν
1377 4325 1456 4378 ἔτι
1489 4328 1593 4396 μὴν
1626 4328 1749 4397 βοή-

261 4437 279 4460 .
329 4410 483 4463 θείαν
506 4410 641 4477 προς
666 4409 726 4461 τὸ
751 4411 825 4479 μὴ
848 4411 1011 4481 ἔτερα
1034 4414 1487 4483 πλημμελεῖσθαι,
1504 4418 1751 4487 ἀνάθεμα
1782 4408 1824 4460 η

253 4517 272 4549 ι
318 4501 428 4567 εἴη.
468 4499 589 4551 Ὅτι
646 4502 679 4569 ἡ
733 4501 887 4570 χάρις
935 4502 1025 4554 τοῦ
1053 4504 1182 4557 Θεοῦ
1229 4504 1287 4555 οὐ
1339 4505 1496 4573 μόνον
1549 4508 1747 4572 γνῶσιν

255 4609 272 4638 ι
319 4590 572 4657 παρέχει,
607 4581 682 4641 ὧν
731 4591 812 4642 δεῖ
868 4592 1143 4659 ⁴πράττειν,
1192 4593 1325 4645 ἀλλὰ
1380 4597 1472 4648 καὶ
1529 4596 1748 4665 ἀγάπην

260 4700 277 4729 ι
327 4680 411 4731 ἔτι
454 4681 562 4749 μὴν
589 4683 816 4749 ἐμπνέει
851 4682 1001 4750 ἡμῖν,
1037 4683 1121 4735 ἵνα
1168 4684 1195 4735 δ
1247 4686 1340 4737 ἐάν
1369 4687 1744 4754 ἐπιγινώσκω-

255 4789 273 4820 ι
319 4786 441 4837 μεν,
477 4770 572 4823 καὶ
603 4771 888 4842 πληρῶσαι
924 4773 1252 4843 ἰσχύσωμεν.
1298 4776 1529 4844 Ὁμοίως
1559 4780 1741 4831 ὁστισ-

256 4881 271 4907 ι
321 4861 523 4927 δήποτε
577 4864 721 4913 εἴποι
779 4862 877 4931 τὴν
926 4864 1096 4933 αὐτὴν
1126 4866 1285 4933 χάριν
1335 4866 1426 4918 τοῦ
1459 4866 1617 4931 Θεοῦ,
1644 4870 1742 4938 τὴν

257 4970 274 4997 ι
322 4949 414 5002 διὸ,
460 4950 637 5019 Ἰησοῦ
669 4940 904 5019 Χριστοῦ
940 4953 1032 5005 τοῦ
1066 4955 1270 5024 Κυρίου
1299 4955 1475 5022 ἡμῶν,
1509 4960 1587 5019 είς
1619 4958 1745 5010 τοῦ·

258 5058 275 5087 ι
320 5056 385 5091 το
420 5039 578 5107 μόνον
604 5042 732 5109 ἡμῖν
764 5039 997 5109 βοηθεῖν,
1027 5044 1163 5112 πρὸς
1189 5045 1249 5095 τὸ
1277 5044 1349 5113 μὴ
1385 5046 1741 5115 ἁμαρτάνειν,

258 5148 276 5179 ι
318 5130 403 5180 ὅτι
430 5129 514 5181 διὰ
546 5130 751 5197 ταύτης
784 5132 916 5198 ἡμῖν
948 5132 1389 5191 ἀποκαλύπτεται
1442 5138 1534 5188 καὶ
1585 5155 1741 5203 φανε·

260 5237 277 5268 ι
324 5216 517 5288 ροῦται
575 5219 608 5285 ἡ
667 5220 869 5285 γνῶσις
926 5222 1034 5275 τῶν
1087 5223 1535 5292 ἁμαρτημάτων,
1602 5227 1740 5279 ὥστε

253 5329 268 5356 ι
313 5307 607 5371 γινώσκειν
636 5308 672 5361 ἃ.
704 5310 787 5360 δεῖ
810 5312 1109 5380 ἐπιζητεῖν,
1142 5314 1305 5368 καὶᾶ
1334 5316 1416 5367 δεῖ
1449 5316 1740 5381 ἐκκλίνειν,

256 5417 275 5447 ι
313 5398 377 5451 οὐ
409 5398 514 5468 μὴν
559 5398 629 5449 δι’
662 5398 833 5468 αὐτῆς
880 5402 1010 5469 ἡμῖν
1066 5405 1421 5473 παρέχεσθαι,
1466 5406 1552 5458 ἵνα
1603 5408 1739 5475 ὅπερ

259 5506 278 5537 ‹
322 5487 540 5555 γνῶμεν
578 5490 854 5552 ποιητέον,
884 5493 973 5544 καὶ
1012 5492 1236 5563 ποιῆσαι
1265 5494 1342 5548 ἔτι
1378 5496 1482 5567 μὴν
1525 5496 1741 5564 ἀγαπήο

257 5596 274 5627 ι
322 5594 505 5644 σωμεν
548 5578 644 5630 καὶ⁸
684 5579 1014 5652 ίσχύσωμεν,
1044 5585 1289 5655 ἀνάθεμα
1345 5588 1449 5657 εἴη.
1484 5586 1588 5639 Τοῦ
1626 5587 1732 5656 γὰρ

250 5695 294 5723 ⁵³
324 5692 337 5744 l
382 5692 504 5746 (lor.
532 5708 649 5756 vm,
687 5694 741 5750 2.

1859 3241 2079 3296 ARIST.
2120 3260 2137 3294 ι
2177 3243 2273 3309 Qui
2299 3244 2523 3297 infantes
2577 3258 2763 3297 recens
2798 3252 2951 3296 natos
2996 3253 3048 3296 et
3106 3240 3401 3307 baptizatos

1935 3350 1954 3382 ι
1992 3332 2121 3384 nihil
2157 3348 2217 3385 ex
2252 3334 2435 3385 Adumi
2467 3344 2681 3399 peccato
2712 3334 2918 3385 trahere
2945 3371 2959 3394 ,
3001 3331 3142 3396 quod
3202 3333 3399 3395 bantls-

1934 3440 1952 3471 ι
1992 3432 2130 3475 male
2161 3422 2399 3475 mundari
2432 3422 2606 3481 debet.
2635 3422 2842 3485 asserit,
2875 3420 3239 3475 exsecrandus
3271 3430 3351 3472 est
3384 3437 3397 3472 :

1931 3529 1947 3559 ι
1990 3524 2083 3579 per
2111 3526 2269 3563 unum
2299 3511 2438 3563 enim
2466 3518 2518 3563 et
2542 3525 2687 3564 mors
2706 3519 2759 3564 et
2780 3519 3050 3580 peccatum
3085 3512 3390 3569 universum

1932 3620 1949 3653 ι
1984 3603 2235 3656 mundum
2268 3601 2485 3656 invasit.
2536 3621 2552 3653 ι

2414 3691 2639 3746 CANO‘N
2663 3691 2843 3745 CXIII.

1864 3797 1880 3829 ι
1919 3780 2068 3844 Quod
2096 3780 2183 3832 Dei
2221 3780 2387 3847 gratia
2419 3794 2521 3831 non
2550 3780 2722 3832 solum
2755 3780 2975 3847 lui-gitur
3028 3781 3397 3836 remissionem

1931 3887 1948 3917 ι
1990 3877 2351 3935 peccatorum,
2377 3868 2466 3920 sed
2499 3870 2656 3921 etiam
2689 3870 2887 3937 prabet
2910 3870 3185 3937 auxilium,
3212 3881 3267 3924 ut
3296 3887 3397 3925 non

1930 3978 1947 4009 ι
1982 3958 2209 4028 amplius
2241 3968 2507 4024 peccetur.
2544 3957 2797 4013 Similiter
2824 3960 3042 4029 placuit,
3091 3970 3147 4014 ut
3172 3964 3399 4030 quicun-

1928 4068 1946 4099 ι
1983 4063 2086 4117 que
2113 4049 2309 4103 dixerit
2344 4048 2434 4100 Dei
2467 4048 2713 4115 gratiam,
2748 4064 2848 4117 qua
2888 4050 3209 4117 justiﬁeatur
3235 4052 3399 4105 homo

1932 4158 1947 4190 ι
1980 4154 2074 4208 per
2098 4138 2279 4193 Jesum
2311 4138 2579 4193 Christum
2616 4141 2889 4193 Dominum
2920 4152 3155 4195 nostrum
3183 4180 3197 4205 ,
3223 4144 3398 4197 valere

1927 4251 1943 4281 ι
1980 4230 2046 4283 ad
2080 4231 2245 4283 solam
2267 4230 2376 4297 jam
2409 4231 2813 4289 commissorum
2836 4241 3173 4300 peccatorum
3204 4235 3393 4287 remis-

1928 4337 1943 4368 ι
1985 4320 2212 4381 sionem,
2250 4328 2431 4372 etnon
2470 4320 2707 4387 praebere
2732 4329 2987 4387 prmterea
3019 4322 3297 4385 auxilium,
3343 4331 3401 4377 ιιι

1930 4428 1947 4460 ι
1992 4426 2094 4463 non
2126 4410 2373 4478 deinceps
2397 4420 2665 4478 peccetur,
2696 4411 2765 4464 sit
2798 4414 3101 4465 anathema.
3130 4413 3276 4477 Quod
3312 4413 3396 4464 1)ιοί

1931 4520 1947 4549 ι
1986 4500 2152 4568 gratia
2186 4516 2288 4554 non
2339 4503 2536 4569 praebet
2585 4501 2753 4555 solam
2808 4504 3162 4570 cognitionem
3215 4517 3397 4556 eorum

1928 4605 1945 4636 ι
1982 4601 2099 4654 qua!
2131 4597 2339 4655 oportet
2371 4587 2544 4642 facere
2572 4628 2585 4653 ,
2617 4589 2709 4643 sed
2748 4589 3085 4643 dilectionem
3139 4602 3394 4659 [διέξιθι-«ῆι

1928 4696 1946 4726 ι
1982 4678 2132 4733 nobis
2160 4680 2409 4748 inspirat,
2440 4690 2494 4731 ut
2521 4681 2661 4748 quod
2688 4682 3078 4748 cognoscimus,
3107 4682 3263 4735 etiam
3298 4683 3396 4732 ἰηι-

1926 4785 1942 4815 ι
1985 4767 2128 4834 plere
2173 4768 2465 4822 valeamus.
2500 4767 2757 4821 Similiter
2786 4808 2799 4830 ,
2853 4771 3155 4838 quicunque
3207 4771 3399 4824 dixerit

1922 4875 1939 4906 ι
1974 4859 2211 4910 eamdem
2242 4857 2331 4911 Dei
2366 4859 2612 4926 gratiam,
2634 4874 2751 4926 quae
2786 4870 2865 4912 est
2888 4875 2980 4927 per
3012 4859 3192 4914 Jcsum
3229 4861 3389 4915 Citri-

1920 4967 1935 4994 ι
1971 4954 2110 4999 stum
2145 4945 2422 5000 Dominum
2478 4958 2741 5011 nostrum,
2793 4948 2857 5000 ad
2920 4948 3019 5001 hoc
3072 4949 3242 5003 solum
3301 4966 3396 5003 nos

1918 5055 1934 5085 ι
1976 5037 2247 5104 adjuvare.
2283 5053 2347 5091 ne
2379 5052 2679 5103 peccemus,
2713 5039 2837 5105 quia
2872 5053 2965 5106 per
2990 5052 3106 5093 eam
3130 5038 3394 5094 revelatur

1918 5144 1935 5175 ι
1974 5126 2124 5179 nobis
2150 5135 2205 5178 et
2238 5127 2604 5181 manifestatur
2628 5130 2861 5196 cognitio
2893 5130 3119 5197 peccati,
3163 5140 3213 5183 ut
3250 5132 3389 5185 scia-

1919 5234 1938 5266 ι
1970 5232 2085 5270 mus
2110 5233 2227 5285 qua:
2248 5218 2410 5285 φιτυτί
2442 5228 2494 5272 ct
2514 5234 2631 5287 quas
2653 5220 2809 5273 vitari
2831 5229 3071 5289 oporteat
3103 5237 3117 5273 :
3159 5236 3267 5275 non
3297 5236 3391 5274 au-

1918 5325 1936 5357 ι
1979 5316 2199 5374 temper
2226 5322 2341 5359 eam
2386 5310 2606 5374 praeberi
2632 5348 2648 5371 ,
2682 5319 2737 5364 ut
2767 5312 2905 5380 quod
2954 5311 3253 5367 faciendum
3296 5327 3392 5366 eo-

1919 5418 1935 5449 ι
1974 5401 2272 5467 gnovimtts,
2299 5399 2457 5452 etiam
2495 5399 2672 5455 facere
2699 5403 2980 5471 diligamus
3014 5411 3066 5457 et
3097 5402 3387 5468 valeamus,

1917 5510 1933 5538 ι
1970 5493 2037 5542 sit
2070 5490 2370 5544 anathema.
2394 5490 2524 5544 Cum
2552 5494 2691 5545 enim
2714 5494 2839 5545 dicit
2860 5494 3139 5568 Appsmlus
3171 5492 3388 5547 :Scien-

1921 5597 1935 5631 ι
1978 5582 2048 5632 lia
2102 5580 2289 5647 inﬂat,
2332 5581 2559 5634 chariles
2607 5593 2775 5637 autem
2825 5585 3049 5651 mli/ica!
3089 5587 3132 5618 "
3170 5604 3185 5654 ;
3228 5583 3387 5657 647
