4002 6314
545 352 644 413 871

624 570 643 600 ι
684 553 887 606 dandos
918 551 1116 606 habere
1146 569 1240 606 nos
1274 553 1363 606 Dei
1397 554 1622 622 gratiam
1656 594 1670 617 ,
1709 554 1772 605 ad
1801 556 2111 609 aediﬁcatio-

625 663 640 690 ι
688 659 804 697 nem
844 653 1018 697 autem
1054 659 1157 698 non
1192 645 1389 698 habere
1419 661 1432 709 ;
1461 648 1676 711 quando
1709 655 1994 714 utrumque
2031 657 2113 700 est

625 753 640 783 ι
679 736 875 788 donum
927 735 1018 788 Dei
1054 776 1065 797 ,
1095 744 1146 789 et
1174 735 1313 790 scire
1339 736 1464 802 quid
1510 734 1688 788 facere
1737 743 1980 803 oporteat
2010 776 2024 799 ,
2061 747 2114 789 ct

625 842 643 872 ι
682 838 862 877 amare
898 825 1092 877 bonum
1119 825 1260 893 quod
1310 826 1486 876 facere
1525 831 1774 890 oportet,
1828 834 1886 876 ut
1939 825 2112 876 chari-

621 934 638 965 ‹
673 923 780 968 tate
825 915 1121 968 aediﬁcante
1155 955 1168 971 .
1217 914 1441 969 scientia
1515 913 1699 966 innare
1755 929 1858 966 non
1915 914 2106 967 valeat.

624 1027 641 1057 ε
679 1007 1139 1072 Quemadmodum
1169 1008 1309 1061 enim
1357 1008 1421 1059 de
1461 1006 1568 1059 Deo
1589 1006 1847 1072 scriptum
1872 1016 1975 1070 est,
2010 1004 2114 1070 Qui

622 1116 639 1148 ι
672 1100 817 1152 docet
873 1098 1133 1150 hominem
1189 1097 1459 1150 scientiam
1492 1096 1536 1129 ⁵³
1587 1110 1600 1147 :
1661 1097 1737 1148 sic
1769 1097 1928 1148 etiam
1979 1095 2111 1148 scii-

524 1201 531 1204 ··
619 1208 636 1238 ι
670 1199 814 1255 ptum
841 1200 944 1253 est,
971 1188 1218 1242 Charitas
1244 1205 1306 1242 ea:
1337 1188 1443 1241 Deo
1477 1203 1551 1240 est
1583 1188 1648 1243 ⁵³.
1684 1206 1701 1238 ι

612 1463 804 1516 ηλις.
845 1473 896 1517 et
929 1460 1181 1516 ZONAR.
1215 1461 1455 1515 Gratiam
1497 1476 1616 1529 qure.
1657 1458 1812 1512 nobis
1850 1458 1900 1510 in
1933 1458 2110 1525 bapti-

542 1563 714 1608 smate
770 1569 865 1622 per
920 1553 1202 1609 Dominum
1271 1559 1516 1604 nostrum
1573 1549 1758 1604 Jesum
1825 1549 2107 1602 Christum

542 1646 940 1713 suppeditatur,
972 1645 1250 1699 credimus
1285 1661 1384 1698 non
1420 1644 1594 1698 solum
1647 1643 1778 1696 dare
1828 1643 1982 1695 nobis
2021 1657 2109 1694 re-

540 1740 854 1795 missionem
908 1747 1252 1807 peccatorum
1292 1737 1399 1806 jam
1437 1736 1736 1796 factorum,
1797 1737 1892 1789 sed
1941 1735 2105 1787 etiam

1789 353 1888 411 ΤΗ
1902 354 2065 413 ΕΟΟ.
2103 357 2188 412 ΒΑ
2202 357 2328 416 LSA
2342 357 2500 415 ΜοΝ

626 479 642 508 ‹
684 459 835 513 valde
873 460 1088 530 impium
1117 468 1198 514 est
1225 460 1469 526 credere,
1523 461 1586 513 ad
1633 477 1727 514 nos
1759 462 1974 530 quidem
2027 466 2108 518 in-
2142 471 2183 522 Α

3671 361 3772 420 3Ἰ2

2281 488 2298 517 ι
2352 468 2670 520 Ἀποστόὶου
2713 469 3000 534 λέγοντος,
3053 470 3126 521 ’Ἠ
3172 468 3393 535 γνῶσις
3440 472 3681 536 φυσιοῖ,
3728 469 3768 532 ἠ

2292 575 2308 605 ι
2353 556 2550 622 ἀγάπη
2579 556 2894 624 οἰκοδομεῖ,
2934 556 3130 616 ἀσεϐὲς
3175 558 3315 609 πάνυ
3351 558 3468 609 ἐστὶ
3494 557 3772 610 πιστεύειν

2291 665 2307 695 ι
2351 649 2484 715 πρὸς
2517 647 2615 713 μὲν
2650 647 2706 699 τὸ
2736 645 2963 712 φυσιοῦν
2993 648 3138 717 ἡμᾶς
3170 647 3319 714 ἔχειν
3347 649 3443 717 τὴν
3490 648 3649 716 χάριν
3677 648 3773 699 τοῦ

2283 758 2299 788 ι
2350 739 2506 800 Θεοῦ,
2557 738 2692 807 πρὸς
2743 740 2796 790 δὲ
2850 737 3138 807 οἰκοδομὴν
3193 741 3266 806 μὴ
3330 738 3518 808 ἔχειν’
3568 738 3773 790 ὁπόταν

2288 849 2307 879 ι
2351 833 2605 900 ἑκάτερον
2640 832 2809 900 δῶρόν
2857 833 2974 883 ἐστι
3011 829 3103 883 τοῦ
3136 829 3292 891 Θεοῦ,
3327 836 3418 882 καὶ
3465 829 3526 880 τὸ
3573 830 3780 881 εἰδέναι

2289 941 2304 970 ι
2356 922 2406 973 τί
2459 923 2635 973 ποιεῖν
2683 921 2782 982 δεῖ,
2820 922 2912 973 καὶ
2962 923 3024 973 τὸ
3067 921 3286 989 ἀγαπᾷν
3315 919 3375 972 τὸ
3405 918 3607 986 ἀγαθὴν
3635 920 3662 971 ὃ
3696 920 3782 970 δεῖ

2289 1033 2306 1062 ι
2357 1017 2529 1064 ποιεῖν
2557 1031 2570 1044 ·
2607 1015 2714 1075 ἵνα,
2739 1015 2835 1080 τῆς
2862 1014 3081 1081 ἀγάπης
3116 1010 3527 1078 οἰκοδομούσης,
3557 1013 3589 1077 ἢ
3634 1011 3780 1076 γνῶ-

2285 1125 2300 1154 ‹
2350 1122 2432 1166 at;
2489 1103 2715 1172 φνσιοῦν
2768 1103 2842 1173 μὴ
2877 1103 3102 1170 δυνηθῇ.
3135 1101 3350 1167 Ὠσπερ
3406 1099 3514 1165 γὰρ
3565 1100 3630 1150 ὲκ
3681 1099 3778 1151 τοῦ

2283 1213 2301 1245 ι
2344 1193 2479 1246 Θεοῦ
2511 1195 2834 1264 γέγραπται,
2872 1193 2935 1245 Ὀ
2966 1190 3270 1244 διδάσκων
3289 1189 3604 1254 ἅνθρωποι»
3627 1189 3782 1255 fro.)-

2280 1306 2297 1336 ι
2337 1301 2480 1339 σιν·
2530 1284 2701 1346 οὕτως
2765 1285 2846 1337 ἔτι
2898 1283 3004 1353 μὴν
3056 1285 3405 1349 γέγραπται,
3466 1279 3528 1334 Ἡ
3579 1281 3782 1348 ἀγάπη

2286 1397 2303 1427 ι
2352 1377 2418 1429 ἐκ
2453 1377 2557 1429 τοῦ
2599 1376 2745 1430 Θεοῦ
2771 1376 2958 1428 ἐστιν.
2983 1394 3000 1425 ι

2283 1469 2475 1520 ΒᾹΛΣ.
2514 1469 2606 1519 καὶ
2645 1467 2888 1520 ΖΩΝΛΡ.
2924 1465 3033 1536 Τὴν
3066 1466 3124 1518 ὲν
3154 1465 3230 1534 τῷ
3265 1466 3404 1531 ἁγίῳ
3442 1462 3782 1532 βαπτίσματι

2212 1559 2622 1628 χορηγουμένην
2643 1561 2773 1627 ἡμῖν
2796 1560 2955 1628 χάριν
2973 1557 3060 1611 διὰ
3081 1557 3175 1612 τοῦ
3199 1557 3403 1625 Κυρίου
3424 1554 3580 1623 ἡμῶν
3604 1551 3783 1619 Ἰησοῦ

2210 1648 2446 1717 Χριστοῦ
2493 1648 2820 1718 πιστεύομεν
2868 1649 2943 1717 μὴ
2991 1653 3150 1715 μόνον
3199 1647 3393 1714 ἄφεσιν
3436 1643 3631 1698 διδόναι
3672 1641 3784 1693 τῶν

2212 1739 2615 1808 πεπραγμένων
2657 1740 2787 1807 ἡμῖν
2831 1739 3266 1808 ἁμαρτημάτων,
3312 1735 3448 1787 ἀλλὰ
3490 1735 3582 1786 καὶ
3621 1733 3786 1785 om-

541 1842 860 1901 potestatem
915 1845 979 1883 ne
1016 1829 1244 1896 amplius
1293 1841 1598 1896 peccemus,
1665 1826 1767 1878 nisi
1820 1840 1917 1880 nos
1964 1827 2111 1895 ipsos

2234 1848 2306 1882 ιιν
2337 1829 2470 1898 πρὸς
2496 1829 2554 1881 τὸ
2585 1829 2658 1898 μὴ
2689 1829 2850 1881 πάλιν
2877 1831 3023 1897 ἡμᾶς
3052 1828 3408 1898 ἁμαρτάνειν,
3438 1826 3487 1879 εί
3519 1824 3594 1895 μὴ
3621 1824 3786 1892 ἡμεῖς

542 1939 639 1991 per
668 1923 966 1977 socordiam
997 1921 1235 1989 peccatis
1281 1918 1670 1973 tradiderimus
1705 1934 1720 1971 :
1770 1931 1863 1971 eos
1902 1927 2104 1980 autem,

544 2013 634 2081 qui
668 2029 772 2066 non
807 2012 884 2064 sic
915 2010 1250 2071 existimant,
1281 2016 1333 2062 et
1380 2009 1564 2062 dicunt
1603 2017 1947 2076 peccatorum
1990 2016 2106 2060 tan-

548 2111 656 2153 tum
716 2099 1084 2154 remissionem
1144 2100 1381 2151 divinum
1444 2097 1576 2150 dare
1624 2099 1936 2159 lavacrum,
2004 2113 2106 2148 non

548 2203 724 2247 autem
779 2192 940 2246 etiam
993 2189 1251 2243 auxilium
1310 2188 1374 2240 ad
1435 2187 1711 2252 futurum,
1768 2188 2109 2240 anathemate

543 2284 977 2339 condemnarunt
1015 2282 1225 2334 Patres.
1277 2279 1388 2334 Hoc
1433 2293 1646 2346 quoque
1679 2280 1926 2330 dicebant
1959 2295 2065 2330 non
2088 2307 2111 2318 -

547 2377 697 2436 nulli,
730 2377 871 2441 quod
907 2373 996 2424 Dei
1033 2372 1202 2440 gratia
1240 2371 1396 2423 nobis
1440 2369 1542 2422 fert
1593 2370 1848 2422 auxilium
1883 2369 1948 2422 ad
2002 2384 2108 2422 non

546 2466 901 2534 peccandum,
935 2464 1053 2532 (per
1081 2479 1196 2516 eam
1243 2464 1385 2514 enim
1421 2463 1778 2530 cognitionem
1818 2460 2111 2526 accipimus

545 2573 728 2611 eorum
762 2573 878 2626 qua:
912 2557 1088 2610 facere
1125 2568 1177 2609 et
1225 2555 1410 2624 fugere
1466 2554 1726 2622 oportet),
1776 2569 1878 2606 non
1930 2561 2110 2605 autem

545 2653 706 2704 etiam
740 2652 802 2703 ad
853 2649 1274 2718 ingencrandum
1331 2646 1545 2700 honesti
1596 2646 1923 2710 virtutisque
1982 2645 2113 2698 dile-

546 2741 801 2800 ctionem,
837 2746 896 2790 ut
927 2737 1126 2790 bonum
1155 2736 1294 2801 quod
1338 2733 1764 2802 cognoverimus.
1805 2733 1854 2784 id
1889 2741 1940 2782 et
1969 2743 2111 2783 ame-

547 2848 666 2886 mus
695 2840 748 2884 et
804 2830 984 2882 facere
1017 2826 1314 2880 valeamus.
1365 2823 1471 2877 Eos
1511 2838 1660 2890 ergo,
1714 2822 1805 2890 qui
1832 2822 1946 2874 haec
1993 2821 2110 2887 opi-

545 2934 763 2987 nantur,
813 2920 1051 2992 synodus
1095 2916 1536 2980 anathematizat,
1591 2915 1777 2967 dicens
1823 2923 2113 2980 utrumque

544 3034 664 3072 esse
696 3017 892 3071 donum
927 3015 1042 3080 Dei,
1080 3023 1130 3067 et
1159 3011 1437 3067 scientiam
1467 3009 1885 3070 eteharitatem;
1924 3020 2108 3074 quem-

2210 1921 2295 1973 διὰ
2337 1921 2610 1990 ῥαθυμίαν
2644 1921 2887 1986 ἐκδῶμεν
2929 1919 3153 1980 ἑαυτοὺς
3198 1919 3526 1988 ἁμαρτίαις·
3568 1915 3691 1975 τοὺς
3727 1914 3789 1966 δὲ

2214 2015 2286 2083 μὴ
2318 2014 2459 2066 οὕτω
2484 2013 2828 2077 δοξάζοντας,
2858 2013 2996 2063 ἀλλὰ
3027 2012 3201 2079 μκένων
3231 2011 3339 2062 τῶν
3371 2007 3787 2078 ἁμαρτημάτων

2210 2105 2468 2172 λέγοντας
2499 2103 2691 2171 ἄφεσιν
2719 2103 2916 2156 διδόναι
2944 2102 3003 2154 τὸ
3037 2103 3178 2154 Θεῖον
3210 2101 3464 2168 λουτρὸν,
3497 2099 3568 2167 μὴ
3601 2097 3786 2165 μέντοι

2211 2198 2308 2248 καὶ
2346 2197 2482 2265 πρὸς
2514 2196 2573 2246 τὸ
2612 2195 2802 2264 μέλλον
2842 2194 3123 2262 βοήθειαν,
3159 2193 3464 2262 ἁναΟέματι
3502 2189 3792 2242 κατεδίκα-

2214 2306 2310 2341 σαν
2336 2290 2383 2340 οἱ
2417 2289 2677 2355 Πατὲρες.
2710 2288 2818 2340 Καὶ
2847 2285 3005 2338 τοῦτο
3034 2304 3178 2348 τινες
3209 2285 3415 2351 ἔλεγον,
3445 2285 3526 2336 ὅτι
3559 2285 3590 2351 ἡ
3623 2283 3785 2350 χάρις

2212 2377 2303 2430 τοῦ
2335 2377 2468 2430 Θεοῦ
2503 2380 2580 2438 εἰς
2611 2377 2767 2428 τοῦτο
2799 2377 2928 2446 ἡμῖν
2962 2375 3179 2445 βοηθεῖ,
3215 2377 3291 2434 είς
3321 2374 3381 2426 τδ
3419 2374 3494 2442 μὴ
3525 2372 3785 2440 ἁμαρτά-

2213 2487 2325 2522 νειν
2377 2468 2666 2537 (διἀύτὴς
2720 2469 2826 2537 γὰρ
2876 2467 3076 2532 γνῶσιν
3128 2465 3480 2534 λαμὸάνομεν
3527 2464 3647 2514 τίνα
3705 2461 3788 2512 δεῖ

2214 2561 2386 2611 ποιεῖν
2418 2559 2510 2610 καὶ
2543 2559 2656 2610 τίνα
2693 2559 2936 2623 φεύγειν)
2964 2574 2975 2587 ·
3009 2558 3067 2607 ού
3109 2557 3212 2625 μὴν
3245 2556 3336 2607 καὶ
3369 2556 3449 2616 εἰς
3478 2554 3536 2604 τὸ
3569 2553 3792 2620 ἀγάπην

2212 2648 2321 2700 τῶν
2353 2647 2528 2700 καλῶν
2560 2650 2650 2698 καὶ
2684 2647 2781 2715 τῆς
2816 2645 3022 2714 ἀρετῆς
3054 2646 3304 2713 ἐμποιεῖν
3339 2645 3467 2711 ἡμῖν
3488 2681 3502 2704 ,
3536 2641 3624 2692 ἵνα
3653 2640 3794 2707 ὅπερ

2212 2738 2428 2805 γνῶμεν
2462 2737 2625 2789 καλὸν
2648 2777 2662 2799 ,
2696 2736 2854 2788 τοῦτο
2890 2738 2984 2788 καὶ
3021 2736 3402 2802 ἁγαπήσωμεν
3435 2732 3528 2783 καὶ
3565 2728 3795 2795 ποιῆσαι

2217 2832 2542 2900 ἰσχύσωμεν.
2579 2831 2714 2890 Τοῦς
2755 2825 2846 2879 οῦν
2878 2829 3104 2879 τοιαῦτα
3147 2824 3470 2887 δοξάζοντας
3511 2822 3794 2888 ἀναθεμα-

2213 2921 2351 2983 τίζει
2381 2922 2412 2989 ἡ
2446 2919 2682 2984 σύνοδος,
2708 2919 2940 2987 λέγουσα
2967 2919 3046 2970 ὅτι
3078 2919 3168 2969 καὶ
3193 2917 3360 2984 ἄμφω
3389 2913 3537 2984 δῶρά
3563 2915 3668 2965 εἰσι
3697 2913 3793 2965 τοῦ

2215 3011 2378 3076 Θεοῦ,
2409 3012 2439 3080 ἦ
2469 3027 2526 3063 τε
2555 3012 2755 3076 γνῶσις
2784 3011 2876 3061 καὶ
2903 3012 2934 3078 ἡ
2970 3008 3158 3075 ἀγάπη
3187 3047 3200 3068 ,
3235 3005 3416 3066 καθὼς
3450 3005 3795 3072 γέγραπται,

547 3111 835 3164 admodum
893 3110 1155 3175 scriptum
1203 3117 1305 3169 ρει,
1336 3102 1439 3168 Qui
1474 3103 1619 3155 docet
1654 3101 1910 3153 hominem
1944 3098 2112 3150 scien-

2234 3102 2287 3154 ’0
2337 3101 2640 3155 διδάσκων
2686 3102 3002 3167 ἄνθρωπον
3053 3099 3297 3168 γνῶσιν.
3346 3098 3453 3149 Καὶ
3504 3096 3684 3156 πάλιν,
3726 3094 3802 3146 ἰι

546 3203 711 3266 tiam;
753 3210 805 3252 et
841 3213 1054 3263 rursus,
1089 3197 1336 3251 Charitas
1366 3211 1429 3247 cx
1465 3192 1567 3245 Deo
1610 3202 1703 3252 est,
1748 3190 1957 3254 Alioqui
2013 3189 2110 3237 im-

545 3292 692 3358 pium
731 3299 814 3343 eSt
844 3289 1050 3349 dicere,
1086 3287 1224 3352 quod
1281 3285 1481 3336 bonum
1541 3281 1757 3349 quidem
1807 3293 1963 3331 nosse
2016 3277 2110 3328 dat

547 3380 701 3435 nobis
742 3379 831 3433 Dei
869 3379 1060 3444 gratia,
1098 3375 1420 3429 charitatem
1469 3382 1650 3424 autem
1701 3367 1820 3435 ejus
1870 3382 1975 3419 non
2009 3365 2112 3418 im-

547 3472 730 3534 mittit,
770 3486 870 3524 nce
903 3469 1056 3523 nobis
1110 3468 1203 3520 dat
1256 3466 1400 3518 vires
1453 3477 1658 3531 nosque
1711 3457 2022 3521 confirmat,
2058 3466 2115 3508 ut

548 3564 748 3615 bonum
779 3561 830 3613 in
856 3557 971 3625 ejus
1007 3557 1294 3610 dilectione
1331 3552 1613 3605 {acia-nus.
1655 3547 1822 3600 Al'l‘ert
1851 3554 2027 3598 autem
2062 3550 2115 3596 et

547 3655 600 3704 in
633 3651 760 3704 dicti
790 3650 870 3704 sui
904 3646 1372 3702 conﬁrmationem
1409 3641 1554 3712 quod
1587 3639 1716 3693 dicit
1766 3637 2059 3706 Aposmlus
2097 3653 2111 3688 :

551 3743 789 3796 Srientia
843 3740 1022 3805 inflat,
1073 3735 1307 3788 Charitas
1362 3748 1480 3785 vero
1535 3730 1788 3795 mdi/icat.
1836 3725 2117 3793 Quomodo

549 3848 677 3900 ergo
710 3846 812 3885 non
845 3837 927 3882 cst
957 3826 1176 3893 impium
1211 3823 1411 3884 dicere,
1443 3819 1506 3871 ad
1538 3815 1832 3870 inﬂandum
1871 3814 2114 3879 quidem,

551 3939 644 3977 seu
674 3924 736 3976 ad
771 3935 962 3974 vanam
1022 3913 1446 3985 ingenerandum
1496 3909 1830 3975 opinionem,
1881 3903 2116 3957 divinam

553 4017 706 4071 nobis
735 4012 964 4084 gratiam
999 4006 1246 4063 conferre
1278 4044 1293 4069 ,
1332 4002 1423 4056 sed
1460 4001 1524 4054 ad
1555 3997 1933 4053 aediﬁcandum
1985 3994 2118 4046 nihil

554 4110 678 4161 dare
711 4103 940 4156 auxilii?

551 4199 779 4255 ARIST.
835 4199 889 4250 in
943 4194 1077 4250 Can.
1143 4193 1260 4246 H9.
1316 4210 1333 4242 ι
1377 4189 1478 4254 Qui
1514 4187 1604 4239 Dei
1665 4185 1891 4254 gratiam
1952 4182 2121 4234 solam

623 4307 643 4339 ι
685 4303 898 4350 eorum,
952 4299 1070 4352 quae
1121 4283 1234 4350 jam
1295 4279 1706 4340 commisimus,
1773 4279 2116 4340 peccatorum

631 4399 650 4428 ι
695 4375 1070 4431 remissionem
1130 4369 1385 4423 exhibere
1446 4367 1737 4434 opinatur,
1807 4378 1911 4416 non
1991 4373 2123 4414 vero

633 4487 652 4521 ι
696 4478 882 4522 contra
908 4464 1088 4518 futura
1121 4461 1380 4514 auxilium
1412 4477 1424 4512 :
1454 4459 1538 4511 bis
1561 4457 1931 4512 exsecrandus
1954 4462 2061 4507 est.
2096 4471 2112 4502 ο
2158 4475 2200 4528 ι)

554 4559 780 4617 ARIST.
815 4560 867 4613 in
909 4556 1043 4610 Can.
1079 4554 1203 4608 H3.
1249 4571 1267 4602 ι
1304 4550 1407 4618 Qui
1439 4549 1590 4612 dicit,
1617 4549 1760 4615 quod
1802 4546 1893 4599 Dei
1945 4545 2123 4614 gratia

633 4673 652 4706 ι
696 4653 757 4706 ad
793 4653 896 4706 hoc
935 4656 1140 4703 tantum
1176 4646 1330 4699 nobis
1380 4643 1700 4712 opitulatur,
1755 4646 1813 4692 υι
1865 4637 2124 4701 sciamus,

633 4766 653 4799 ι
695 4747 823 4816 quid
857 4743 1039 4796 facere
1076 4747 1310 4808 oportet,
1338 4746 1390 4790 et
1422 4736 1550 4805 quid
1573 4733 1810 4801 effugere
1833 4772 1847 4795 ,
1889 4731 1983 4785 sed
2019 4746 2122 4785 non

635 4858 652 4889 ι
699 4838 861 4890 etiam
898 4843 953 4886 ut
992 4832 1270 4900 cognitum
1316 4839 1580 4887 amemus,
1633 4835 1686 4877 et
1723 4823 1986 4892 perlicere
2029 4837 2123 4874 va-

638 4949 655 4980 ι
700 4929 903 4982 leamus
938 4942 953 4978 :
991 4923 1064 4977 sit
1108 4922 1416 4974 anathema.
1462 4935 1484 4968 ι

1107 5008 1340 5067 CANON
1397 5006 1582 5062 CXIV.

563 5131 580 5162 ι
629 5111 782 5176 Quod
827 5108 944 5165 sine
977 5107 1068 5161 Dei
1110 5106 1280 5175 gratia
1330 5102 1461 5155 nihil
1505 5113 1792 5169 possumus
1845 5097 2126 5168 perlicere.

641 5218 657 5250 ι
690 5195 1186 5265 Similitcrplacuit,
1205 5194 1582 5262 utquicunque
1600 5190 1818 5255 dixerit,
1845 5199 2125 5258 prepterca

642 5306 657 5338 ι
702 5291 880 5340 datam
934 5299 1059 5340 esse
1113 5284 1266 5337 nobis
1307 5281 1717 5349 justiﬁcationis
1769 5281 2018 5352 gratiam,
2073 5287 2130 5330 ut

643 5398 659 5429 ι
705 5379 844 5446 quod
878 5392 974 5445 per
1006 5377 1234 5429 liberum
1273 5374 1558 5426 arbitrium
1606 5373 1785 5426 facere
1819 5386 2126 5439 possumus,

651 5490 667 5518 ι
713 5469 922 5523 facilius
968 5483 1063 5536 per
1113 5467 1347 5535 gratiam
1399 5480 1755 5534 peragamus;
1807 5465 2030 5533 perinde
2072 5478 2134 5517 ac

649 5583 663 5611 ι
709 5562 774 5625 si,
825 5560 1072 5630 quamvis
1105 5574 1206 5612 non
1243 5559 1366 5612 data
1421 5566 1564 5612 esset
1611 5558 1807 5626 gratia,
1846 5555 2135 5611 dilliculter

648 5742 853 5796 "‘Psal.
900 5756 1048 5808 ηιμ,
1101 5740 1183 5793 10.
1261 5739 1301 5764 ⁵³
1340 5738 1534 5794 Huan.
1576 5756 1635 5804 tt,
1691 5738 1772 5802 lC,

2214 3195 2415 3263 ἀγάπη
2461 3196 2528 3247 ἐκ
2570 3194 2673 3247 τοῦ
2716 3195 2863 3246 Θεοῦ
2905 3193 3094 3244 ἐστιν.
3134 3191 3241 3244 Καὶ
3284 3190 3456 3249 ἄλλως
3499 3187 3551 3239 δὲ
3595 3185 3800 3246 tio-36%.;

2215 3290 2332 3340 ἐστι
2375 3291 2434 3340 τὸ
2472 3290 2651 3354 λέγειν
2690 3290 2770 3339 ὅτι
2810 3286 3098 3353 γινώσκειν
3138 3286 3235 3352 μὲν
3279 3285 3337 3334 τὸ
3381 3282 3545 3334 καλὸν
3584 3281 3800 3332 δίδωσιν

2218 3383 2346 3450 ἡμῖν
2376 3383 2407 3448 ἡ
2445 3380 2562 3431 Θεία
2598 3380 2782 3447 χάρις,
2816 3379 3034 3444 ἀγάπην
3065 3377 3120 3427 δὲ
3157 3375 3320 3427 αὑτοῦ
3356 3376 3455 3426 οὐκ
3489 3372 3800 3436 ἐντίθησιν,

2218 3471 2337 3524 οὐδὲ
2369 3472 2654 3537 ἐνδυναμοῖ
2682 3470 2828 3538 ἡμᾶς
2860 3469 2938 3529 εἰς
2967 3469 3024 3518 τὸ
3054 3465 3384 3534 ἐργάζεσθαι
3415 3465 3474 3514 τὸ
3506 3460 3708 3529 ἀγαθὸν
3742 3462 3801 3511 ὲν

2219 3564 2408 3632 ἁγὰτρῃ
2441 3561 2620 3614 αὑτοῦ.
2654 3562 2758 3612 Καὶ
2790 3560 3051 3627 προφέρει
3084 3558 3150 3608 τὰ
3178 3557 3512 3608 ἀποοτολικὰ
3545 3552 3684 3618 ρητὰ
3721 3552 3804 3612 είς

2218 3656 2314 3724 τὴν
2347 3653 2438 3704 τοῦ
2477 3653 2632 3718 λόγου
2671 3651 3050 3719 κατασκευὴν,
3085 3649 3150 3700 τε
3185 3648 3411 3712 λέγοντα
3433 3661 3448 3677 ·
3481 3645 3540 3699 Ἡ
3575 3641 3804 3711 γνῶσις

2221 3746 2446 3813 φυσιοῖ,
2477 3747 2513 3808 ἡ
2542 3743 2607 3796 δὲ
2633 3743 2833 3809 ἀγάπη
2864 3739 3177 3807 οἰκοδομεῖ.
3208 3739 3328 3799 Πῶς
3361 3731 3450 3788 οὖν
3478 3735 3575 3786 οὐκ
3604 3734 3805 3795 ἀσεϐὲς

2221 3837 2279 3887 τὸ
2308 3837 2484 3902 λέγειν
2516 3837 2645 3903 πρ’.ς
2681 3835 2778 3901 μὲν
2809 3834 2867 3884 τὸ
2895 3829 3122 3898 φυσιοῦν
3142 3870 3155 3890 ,
3186 3830 3352 3896 ἤγουν
3383 3827 3442 3878 τὸ
3476 3827 3653 3891 οἴησιν
3684 3824 3803 3891 ὲμ-

2224 3922 2439 3985 ποιοῦν,
2475 3922 2756 3991 συνεργεῖν
2789 3922 2920 3988 ἡμῖν
2951 3920 3049 3988 τὴν
3084 3918 3231 3970 Θείαν
3264 3916 3455 3986 χάριν,
3489 3913 3623 3982 πρὸς
3655 3912 3711 3965 δὲ
3744 3912 3809 3963 τὸ

2223 4015 2525 4081 οἰκοδομεῖν
2560 4015 2631 4082 μὴ
2661 4013 3008 4074 ἐπικουρεῖκ

2224 4197 2443 4252 ΑΡΙΣΤ.
2526 4213 2544 4244 ι
2585 4195 2642 4247 Ὀ
2685 4193 2920 4258 δοξάζων
2962 4190 3062 4260 τὴν
3103 4187 3197 4241 τοῦ
3246 4186 3379 4240 Θεοῦ
3432 4187 3590 4256 χάριν
3637 4187 3809 4252 μόνην

2303 4308 2320 4338 ι
2367 4288 2557 4352 ἄφεσιν
2590 4285 2698 4337 τῶν
2731 4286 2830 4356 ἥδη
2869 4280 3419 4350 πεπλημμελημένων
3453 4277 3629 4345 ἔχειν,
3668 4276 3808 4326 ἀλλὰ

2301 4399 2318 4430 ι
2374 4379 2448 4448 μὴ
2474 4377 2571 4432 καὶ
2595 4377 2700 4430 τῶν
2727 4376 3028 4447 μελλόντων
3057 4372 3330 4442 βοήθειαν,
3358 4367 3742 4436 διτεπὰρατος.
3781 4384 3800 4417 ι

2235 4548 2454 4605 ΛΡιΣΤ.
2519 4566 2536 4597 ι
2577 4548 2633 4599 ’0
2668 4546 2842 4612 λέγων
2873 4546 2957 4596 ὅτι
2991 4545 3024 4612 ἡ
3061 4540 3216 4610 χάρις
3248 4539 3339 4592 τοῦ
3378 4536 3513 4589 Θεοῦ
3549 4537 3624 4596 εἰς
3657 4533 3815 4585 τοῦτο

2313 4659 2330 4689 ι
2383 4640 2539 4708 μόνον
2571 4639 2702 4705 ἡμῖν
2737 4635 2939 4705 βοηθεῖ,
2971 4635 3030 4687 τδ
3060 4632 3262 4685 ειδέναι
3291 4631 3345 4684 τί
3376 4629 3455 4681 δεῖ
3485 4628 3679 4685 ποιεῖν,
3716 4626 3815 4677 καὶ

2313 4750 2330 4782 ι
2377 4729 2427 4781 τί
2467 4729 2772 4781 ἐκκλίνειν·
2822 4725 2938 4778 ἀλλ’
2966 4724 3083 4793 οὐχὶ
3126 4722 3221 4775 καὶ
3261 4721 3341 4782 είς
3384 4718 3443 4771 τὸ
3485 4717 3705 4784 ἀγαπᾷν
3753 4714 3814 4765 τὸ

2311 4842 2328 4874 ι
2375 4820 2741 4888 ἐπιγνωσθὲν,
2795 4819 2885 4870 καὶ
2938 4818 3112 4868 ποιεῖν
3160 4810 3458 4876 δύνασθαι,
3509 4809 3623 4878 ἤτω
3673 4804 3812 4858 ἀνά-

2313 4934 2329 4964 ι
2376 4913 2534 4981 Θεμα.
2584 4930 2602 4963 ι

2816 4997 3055 5054 ΚΛΝΩΝ
3094 4995 3233 5051 PIA'.

2243 5119 2261 5147 ι
2289 5098 2410 5148 Ὅτι
2437 5094 2564 5148 ἄνευ
2595 5095 2687 5161 τῆς
2715 5091 2809 5143 τοῦ
2842 5088 2977 5142 Θεοῦ
3007 5087 3224 5156 χάριτος
3252 5083 3404 5136 οὐδὲν
3431 5079 3630 5148 ἀγαθὸν
3657 5076 3814 5129 δυνά-

2316 5208 2332 5238 ι
2384 5186 2521 5250 μεοα
2549 5180 2812 5252 πληροῦν.
2843 5178 3073 5246 Ὀμοίως
3102 5175 3312 5245 ῆρεσεν,
3346 5173 3430 5223 ἶνα
3456 5168 3812 5235 ὁστισδήποτε

2318 5300 2333 5329 ι
2383 5279 2525 5331 εἴποι
2562 5276 2645 5328 διὰ
2676 5274 2833 5326 τοῦτο
2859 5271 2957 5338 τὴν
2987 5272 3146 5338 χάριν
3178 5267 3307 5335 ἡμῖν
3337 5263 3434 5331 τῆς
3466 5260 3814 5324 δικαιοσύνης

2313 5388 2328 5418 ι
2375 5366 2639 5426 δεδόσθαι,
2685 5365 2771 5415 ἵνα
2812 5363 2948 5428 ὅπερ
2986 5359 3160 5410 ποιεῖν
3200 5355 3289 5407 διὰ
3331 5352 3423 5405 τοῦ
3467 5345 3814 5412 αὐτεξουσίου

2315 5480 2332 5514 ι
2379 5456 2678 5528 δυνάμεθα,
2712 5451 3118 5523 εὐχερεστέρους
3147 5445 3444 5516 πληρῶμιν
3470 5443 3557 5494 διὰ
3585 5439 3681 5506 τῆς
3712 5436 3814 5528 χάη

2315 5573 2333 5604 ι
2384 5567 2527 5624 ριτο;
2556 5567 2568 5579 ·
2607 5548 2807 5600 ὡσανεὶ
2846 5545 2936 5597 καὶ
2974 5546 3020 5595 εἰ
3061 5544 3092 5612 ἡ
3134 5540 3292 5610 χάρις
3337 5537 3409 5607 μὴ
3452 5533 3679 5592 ἐδίδοτο,
3711 5527 3820 5582 οὐκ
