4002 6314
311 378 420 438 373

377 598 399 631 1
446 580 655 649 εκείνης
691 579 771 632 ἔτι
814 580 920 650 μὴν
956 578 1237 648 πληρῶσαι
1270 582 1367 642 τὰς
1406 581 1554 642 θείας
1610 585 1857 648 ἐντολάς·

380 687 401 719 1
451 670 693 737 ἀνάθεμα
726 668 833 738 εἴη.
868 671 1001 738 Περὶ
1034 670 1140 738 γὰρ
1172 671 1282 721 τῶν
1314 673 1539 741 καρπῶν
1571 674 1679 727 τῶν
1714 677 1856 727 ὲντο-

379 777 403 810 1
448 759 556 812 λῶν
582 762 609 812 ὁ
638 759 838 830 Κύριος
867 762 965 813 οὐκ
997 758 1146 813 εἶπεν
1166 777 1178 792 ·
1213 763 1394 830 Χωρὶς
1420 764 1555 833 ἐμοῦ
1585 764 1859 834 δυσχερῶς

380 865 402 897 1
447 847 669 900 δύνασθε
706 851 903 901 ποιεῖν’
941 850 1053 903 ἀλλ’
1079 847 1254 902 εἶπεν·
1329 869 1347 901 1
1382 851 1559 917 Χωρίς
1605 853 1749 921 ἐμοῦ
1785 847 1871 906 οὔ

382 956 404 988 1
446 938 695 992 δύνασθε
723 941 940 994 ποεεῖν.
967 959 984 991 ι

378 1027 570 1081 ΒΑΛΣ.
604 1029 807 1095 Μυρίαι
836 1030 978 1093 δόξαι
1006 1030 1431 1099 διεστραμμέναι
1460 1028 1627 1103 ἦσαν,
1656 1026 1731 1086 ὧν
1763 1033 1859 1102 μία

301 1117 401 1169 καὶ
432 1116 570 1186 αὕτη
598 1118 631 1187 ἠ
656 1118 886 1185 λέγουσα
916 1121 997 1173 ὅτι
1026 1121 1405 1187 αὐτεξουσίως
1432 1124 1578 1191 ἡμᾶς
1606 1124 1859 1191 ἐποίησεν

298 1211 329 1259 ὁ
368 1208 522 1269 Θεὸς,
561 1210 648 1262 ἵνα
687 1209 970 1278 δυνώμεθα
1013 1212 1105 1263 καὶ
1140 1214 1237 1281 τῆς
1281 1213 1430 1274 θείας
1472 1215 1691 1281 χάριτος
1730 1216 1855 1267 ἄνευ

299 1287 545 1365 πληροῦν
567 1297 665 1359 τὰς
696 1300 910 1362 ἐντολάς
930 1316 945 1330 ’
977 1301 1009 1369 ἠ
1038 1300 1091 1351 δὲ
1125 1302 1242 1353 θεία
1268 1303 1428 1370 χάρις
1456 1304 1534 1364 εἰς
1559 1303 1619 1355 τὸ
1645 1302 1859 1371 εὐχερέ-

299 1375 493 1453 στερον
520 1387 686 1449 αὑτὰς
718 1387 1056 1443 πληροῦσθαι
1094 1392 1221 1461 παρ’
1248 1392 1404 1460 ἡμῶν
1434 1394 1596 1448 ποιεῖ.
1632 1391 1857 1445 Ἠδυνά-

301 1474 443 1541 μεθα
486 1475 592 1543 γὰρ
636 1478 729 1527 καὶ
766 1478 865 1546 τῆς
910 1479 1057 1540 θείας
1102 1482 1320 1549 χάριτος
1369 1481 1444 1550 μὴ
1489 1481 1858 1551 συνεργούσης

300 1563 543 1633 πληροῦν
575 1564 797 1628 ταύτας,
832 1566 1256 1636 δυσχερέστερον
1287 1569 1363 1622 δὲ.
1402 1571 1525 1633 Τοῖς
1560 1571 1653 1624 οῦν
1684 1571 1857 1624 ταῦτα

297 1652 549 1720 λέγουσιν
576 1655 824 1725 ἀνάθεμα
853 1657 1046 1725 ἐπάγει
1075 1660 1107 1728 ή
1141 1660 1377 1722 σύνοδος.

1372 380 1452 439 IN
1491 384 1653 443 CAN.
1700 386 1875 447 CXIV
1903 388 2109 450 CONC.
2153 390 2525 453 CAIlTHAG.

378 508 398 540 1
448 491 686 559 εὐχερῶς
736 489 871 557 μὲν,
918 488 1031 541 ἀλλ’
1060 488 1205 556 ὅμως
1255 489 1554 559 ἐδυνάμεθα
1600 496 1694 546 καὶ
1738 496 1859 563 δίχα
1890 500 1933 554 Α

3389 393 3493 459 374

2040 522 2056 547 ι
2100 502 2334 567 quidem,
2400 504 2491 557 sed
2543 512 2715 556 tamen
2766 505 2925 557 etiam
2980 504 3095 557 sine
3157 504 3265 567 illa,
3314 503 3493 556 divina

2039 608 2055 637 1
2101 599 2361 657 prarcepta
2409 592 2629 658 exsequi
2701 606 3028 657 possumus:
3064 592 3132 644 sit
3184 595 3490 649 anathema.

2041 698 2057 727 1
2105 679 2173 732 De
2204 680 2464 736 fructibus
2505 682 2645 733 enim
2685 682 3056 735 mandatorum
3093 681 3346 733 Dominus
3387 696 3491 733 non

2047 786 2063 815 1
2112 767 2265 829 dixit,
2301 767 2428 821 Sine
2460 783 2545 821 me
2572 768 2839 822 diﬂicilius
2873 769 3094 835 potestis
3128 768 3309 821 facere
3337 784 3349 819 :
3383 770 3496 825 sed.

2036 873 2052 903 ι
2098 855 2217 909 Sine
2240 874 2315 911 me
2342 856 2472 910 ι-ἔΙιὶί
2499 856 2671 923 facere
2694 859 2930 925 potestis.
2970 877 2987 909 ι

2031 1033 2222 1088 BALS.
2252 1034 2669 1088 Innumerabiles
2696 1046 2850 1088 erant
2898 1050 3162 1101 perversa:
3200 1039 3496 1103 Opininncs.

1960 1141 2183 1192 quarum
2230 1141 2332 1178 una
2368 1137 2484 1179 erat
2522 1128 2680 1179 etiam
2729 1140 2848 1193 quae
2898 1127 3129 1190 dicebat,
3164 1129 3304 1195 quod
3357 1128 3497 1182 Deus

1961 1215 2106 1267 dedit
2136 1215 2291 1268 nobis
2316 1216 2539 1267 liberum
2578 1216 2888 1281 arbitrium,
2926 1226 2981 1268 ut
3031 1231 3309 1283 possemus
3336 1220 3496 1271 etiam

1960 1304 2077 1358 sine
2108 1303 2284 1357 divina
2318 1306 2490 1373 gratia
2526 1306 2614 1359 Dei
2656 1309 2907 1361 mandata
2968 1308 3237 1376 complere
3273 1326 3284 1360 :
3320 1308 3496 1362 divina

1961 1401 2136 1444 autem
2175 1395 2344 1461 gratia
2377 1394 2441 1446 ad
2474 1408 2532 1446 ea
2568 1394 2780 1448 facilius
2807 1396 3129 1463 perficienda
3165 1411 3318 1448 suum
3352 1396 3499 1447 nobis

1960 1482 2159 1551 prrebet
2193 1483 2472 1536 auxilium.
2505 1483 2792 1537 Possemus
2841 1484 2980 1537 enim
3032 1483 3118 1535 illa
3166 1488 3327 1536 etiam
3383 1486 3500 1537 sine

1961 1572 2137 1624 divina
2168 1586 2319 1637 opem
2354 1571 2557 1625 ferente
2588 1573 2779 1639 gratia,
2814 1571 2905 1625 sed
2933 1570 3223 1634 difficilius,
3257 1573 3497 1639 exsequi.

1959 1661 2027 1714 Iis
2083 1674 2233 1727 ergo,
2282 1659 2371 1728 qui
2422 1661 2536 1714 hazc
2570 1661 2775 1724 dicunt,
2818 1661 3107 1715 anathema
3154 1660 3362 1716 inducit
3411 1678 3503 1733 sy-

1957 1750 2151 1803 nodus.

368 1830 615 1883 ΖΩΝΑΡ.
660 1832 863 1902 Μυρίαι
908 1833 1053 1899 δόξαι
1102 1834 1529 1905 διεστραμμέναι
1571 1833 1739 1909 ἦσαν,
1785 1832 1858 1891 ὧν

2032 1839 2282 1894 ZONAR.
2306 1838 2726 1893 Innumerabiles
2745 1847 2899 1893 erant
2917 1852 3177 1906 perversa:
3198 1840 3497 1907 opiniones,

301 1920 404 1988 μία
454 1922 549 1976 καὶ
599 1923 737 1991 αῦτη
790 1925 824 1992 ἡ
879 1924 1108 1990 λέγουσα
1155 1927 1236 1979 ὅτι
1287 1928 1662 1993 αὐτεξουσίους
1713 1932 1861 2000 ἡμᾶς

292 2009 551 2079 ἐποίησεν
582 2012 611 2063 δ
642 2013 794 2076 Θεὸς,
832 2013 918 2065 ίνα
948 2014 1228 2082 δυνώμεθα
1262 2019 1355 2070 καὶ
1385 2018 1480 2087 τῆς
1515 2014 1664 2082 θείας
1698 2020 1859 2090 χάρι-

290 2115 385 2160 τος
421 2099 548 2152 ἄνευ
584 2100 821 2169 πληροῦν
850 2101 949 2164 τὰς
981 2102 1215 2165 ἐντολάς.
1252 2102 1317 2155 Ἦ
1347 2104 1403 2155 δὲ
1440 2104 1557 2157 θεία
1592 2106 1749 2175 χάρις
1779 2108 1859 2168 είς

292 2189 356 2240 τδ
380 2188 763 2259 εὐχεριστερον
787 2192 955 2254 αὑτὰς
981 2192 1312 2260 πληροῦσθαι
1340 2192 1470 2262 παρ’
1491 2194 1646 2263 ἡμῶν
1674 2212 1859 2263 συνερ-

294 2281 399 2346 γεῖ.
430 2280 769 2348 Ἦδυνάμεθα
793 2280 900 2349 γὰρ
922 2281 1129 2349 καὶτῆς
1154 2281 1303 2343 θείας
1326 2281 1545 2351 χάριτος
1573 2282 1647 2353 μὴ
1673 2300 1860 2351 συνερ-

294 2368 499 2439 γούσης
532 2370 773 2439 πληροῦν
804 2370 1020 2437 ταύτας,
1055 2371 1472 2441 δυσχερέστερον
1501 2373 1580 2425 δέ.
1612 2374 1735 2437 Τοῖς
1766 2370 1859 2427 οῦν

294 2455 467 2509 ταῦτα
499 2456 746 2524 λέγουσιν
779 2457 1024 2525 ἀνάθεμα
1057 2458 1250 2524 ἐπάγει
1279 2459 1312 2527 ἡ
1350 2456 1592 2523 σύνοδος,
1629 2459 1859 2526 λέγουσα

292 2548 356 2597 τὸ
385 2547 491 2598 πᾶν
516 2545 614 2614 τῆς
641 2544 789 2607 θείας
815 2547 1032 2615 χάριτος
1059 2542 1218 2611 εἶναι,
1245 2546 1339 2599 καὶ
1365 2548 1491 2601 ἄνευ
1518 2548 1729 2616 ἐκείνης
1757 2565 1861 2619 μη-

288 2636 380 2689 δὶν
407 2636 555 2704 ἡμᾶς
587 2634 900 2705 κατορθοῦν.
928 2637 1087 2706 Φέρει
1121 2637 1177 2689 δὲ
1214 2638 1304 2690 καὶ
1340 2640 1643 2707 μαρτυρίαν
1673 2639 1736 2691 ἐκ
1763 2639 1857 2692 τοῦ

296 2728 524 2794 Κυρίου.
560 2727 825 2794 λέγοντος,
862 2730 1049 2793 Χωρίς
1082 2729 1229 2797 ἐμοῦ
1260 2732 1331 2782 οὐ
1366 2728 1630 2784 δύνασθε
1667 2728 1859 2782 ποιεῖν

292 2811 496 2874 οὐδὲν,
541 2813 635 2865 καὶ
677 2814 776 2864 οὐκ
820 2809 962 2875 εἷπε,
1008 2816 1188 2881 φησὶν,
1233 2817 1307 2867 Οὐ
1353 2814 1581 2867 δύνασθε
1625 2815 1859 2884 εὐχερῶς

293 2904 471 2953 ποιεῖν
490 2918 503 2931 ·
536 2900 673 2967 ἀλλ’,
704 2902 893 2955 Οὐδὲν
920 2903 1183 2957 δύνασθε
1212 2905 1423 2957 ποιεῖν.

1959 1941 2187 1995 quarum
2223 1940 2325 1979 una
2360 1936 2477 1980 erat
2518 1926 2682 1979 etiam
2727 1940 2844 1992 quae
2886 1926 3118 1989 dicebat,
3165 1927 3309 1994 quod
3361 1926 3502 1980 Dens

1962 2017 2105 2071 dedit
2131 2017 2289 2071 nobis
2318 2016 2543 2071 liberum
2582 2015 2888 2079 arbitrium,
2934 2026 2992 2067 ut
3016 2029 3291 2082 possemus
3337 2015 3498 2069 etiam

1962 2106 2080 2161 sine
2127 2105 2306 2160 divina
2361 2105 2527 2173 gratia
2552 2104 2645 2158 Dei
2675 2105 2925 2157 mandata
2980 2103 3289 2171 complere:
3324 2104 3499 2157 divina

1961 2204 2139 2248 autem
2179 2193 2345 2261 gratia
2375 2191 2441 2245 ad
2472 2206 2533 2245 ea
2560 2190 2765 2244 facilius
2794 2189 3111 2257 perficienda
3163 2204 3317 2242 suum
3348 2188 3503 2242 nobis

1961 2282 2162 2350 praebet
2190 2281 2467 2334 auxilium.
2505 2279 2673 2351 658
2696 2277 2985 2332 Possemus
3016 2279 3157 2331 enim
3203 2277 3292 2328 illa
3342 2276 3501 2331 etiam

1962 2373 2078 2425 sine
2138 2371 2317 2425 divina
2366 2384 2523 2438 opem
2568 2368 2771 2422 ferente
2813 2368 3005 2436 gratia,
3060 2367 3151 2420 sed
3207 2365 3503 2423 dilliciiins,

1960 2461 2201 2530 exsequi.
2231 2460 2299 2514 lis
2328 2473 2473 2528 ergo,
2502 2458 2590 2526 qui
2616 2458 2729 2512 haec
2757 2458 2960 2521 dicunt,
2985 2457 3268 2510 anathema
3299 2456 3505 2509 inducit

1959 2551 2219 2621 synodus,
2250 2563 2519 2613 asserens,
2567 2557 2737 2603 totum
2784 2547 2973 2617 gratiae
3012 2561 3135 2601 esse
3187 2546 3402 2610 divinae,
3441 2561 3504 2599 ac

1961 2641 2078 2694 sine
2139 2639 2227 2693 illa
2275 2639 2410 2693 nihil
2459 2653 2488 2690 a
2544 2636 2699 2691 nobis
2729 2645 2873 2690 recte
2924 2636 3010 2703 agi
3072 2649 3252 2703 posse.
3293 2632 3505 2687 Profert

1961 2740 2135 2783 autem
2166 2739 2219 2781 et
2243 2726 2605 2781 testimonium
2639 2723 2885 2793 ,Domini.
2936 2724 3163 2777 dicentis
3201 2740 3216 2777 :
3256 2720 3380 2776 Sine
3426 2740 3506 2775 me

1962 2816 2091 2868 nihil
2125 2818 2337 2870 omnino
2363 2816 2579 2883 potestis
2621 2815 2791 2883 facere
2814 2814 2894 2866 “:
2922 2826 3093 2879 neque
3132 2811 3285 2875 dixit,
3313 2811 3502 2878 inquit,

1960 2905 2139 2959 Facile
2171 2905 2346 2959 facere
2401 2919 2503 2958 non
2559 2901 2819 2972 potestis;
2878 2900 2993 2967 sed,
3053 2898 3206 2953 Nihil
3293 2899 3506 2965 potestis

1958 2994 2150 3062 facere.

288 3080 515 3133 APIST.
571 3099 590 3130 1
619 3081 679 3132 Ὀ
704 3080 985 3148 κηρύττων
1005 3081 1086 3133 ὅτι
1113 3081 1204 3135 καὶ
1229 3081 1350 3149 δίχα
1370 3080 1468 3149 τῆς
1494 3082 1710 3151 χάριτο;
1737 3082 1857 3135 δυσ-

1961 3086 2187 3142 ARIST.
2226 3105 2244 3138 1
2285 3086 2384 3153 Qui
2421 3086 2697 3154 praedicat.
2732 3083 2873 3151 quod
2902 3090 2957 3137 et
3004 3094 3122 3135 stne
3167 3089 3338 3147 gratia
3368 3076 3505 3129 dil'li—

364 3190 383 3220 1
429 3170 765 3239 χερεστέρως
781 3209 797 3233 ,
825 3170 938 3222 ἀλλ’
958 3169 1049 3222 οῦν
1073 3169 1452 3238 ἑκπληροῦμεν
1474 3171 1569 3231 τὰς
1596 3172 1813 3234 ἐντολὰς
1834 3213 1847 3236 ,

366 3280 386 3310 1
432 3262 863 3327 τρισκατάρατος
890 3275 905 3289 σ
946 3276 965 3310 1
1010 3260 1193 3324 prlc
1224 3260 1333 3326 γὰρ
1361 3258 1527 3325 ἐμοῦ,
1571 3278 1590 3309 ο
1629 3262 1792 3329 φησιν
1824 3262 1853 3313 ὁ

371 3369 390 3400 1
444 3352 475 3399 K
492 3350 659 3416 ύριος,
690 3350 760 3401 οὺ
787 3348 1049 3404 δύνασθε
1070 3348 1262 3401 ποιεῖν
1285 3347 1483 3401 οὐδὲν.
1510 3367 1528 3400 ι

362 3440 470 3492 Τοῦ
502 3439 793 3505 Πελαγίου,
822 3440 913 3491 καὶ
944 3438 1289 3502 Κελεστίνου,
1319 3440 1412 3491 καὶ
1438 3439 1728 3509 Νεστορίου
1754 3438 1848 3492 τοῦ

293 3530 707 3598 ματιιόφρονος,
757 3528 1072 3597 ὁμοφρόνων
1110 3532 1427 3597 γεγονότων,
1474 3531 1607 3584 ἀλλὰ
1645 3533 1741 3586 καὶ
1784 3534 1851 3585 τὰ

285 3622 397 3673 τῶν
433 3619 708 3671 δυσσεϐῶν
745 3620 1057 3687 Μανιχαίων
1093 3621 1426 3688 φρονούντων
1463 3621 1557 3673 καὶ
1592 3622 1849 3690 δογματι-

290 3708 508 3772 ζόντων,
540 3710 630 3761 καὶ
656 3708 823 3759 ταῦτα
855 3708 999 3776 ἆπερ
1027 3709 1060 3776 ἠ
1094 3707 1302 3770 σύνοδος
1331 3709 1735 3776 ἀναθεματίζει,
1761 3711 1851 3763 οῦ-

291 3799 424 3851 ποτὲ
448 3815 527 3859 τις
554 3797 721 3849 ταῦτα
754 3798 1024 3866 φρονήσας
1046 3800 1156 3861 τοῖς
1185 3799 1523 3865 Χριστιανοτς
1556 3801 1849 3871 συνταχθῆ-

292 3902 466 3949 σεται,
510 3887 644 3938 ἀλλὰ
686 3886 785 3954 τῆς
819 3886 1142 3955 Ἐκκλησίας
1181 3887 1729 3956 ὲξοστρακισθήσεται
1771 3891 1848 3951 ὡς

290 3976 603 4043 ἀλλότριος,
638 3977 729 4026 καὶ
768 3976 1044 4045 χωρισμὸν
1077 3976 1187 4029 ἀπὸ
1219 3977 1416 4044 ταύτης
1459 3980 1549 4029 καὶ
1585 3978 1677 4030 τοῦ
1716 3978 1851 4031 Θεοῦ

291 4066 657 4134 κληρώσεται.
695 4066 831 4117 Φασὶ⁹
872 4066 929 4118 δέ
969 4082 1113 4128 τινες
1153 4067 1277 4129 τοὺς
1320 4067 1567 4129 ἀνοσίους
1610 4069 1851 4135 τούτους,

290 4158 386 4210 τὸν
421 4157 740 4209 Κελεστῖνον
772 4156 972 4225 δηλαδὴ
1008 4157 1101 4209 καὶ
1136 4157 1426 4223 Πελάγιον,
1465 4161 1603 4226 μήτε
1636 4159 1858 4211 ἐπισκό-

291 4263 459 4308 πους,
494 4247 632 4314 μήτε
664 4245 1093 4315 πρεσσυτέρους,
1129 4247 1263 4314 μήτε
1293 4247 1427 4309 ὅλως
1453 4247 1546 4300 τοῦ
1579 4248 1850 4318 ίερατικοῦ

292 4334 550 4401 γενέσθαι
580 4334 859 4401 τάγματος
884 4349 898 4364 ’
931 4333 1047 4386 ἀλλ’
1068 4334 1270 4387 ὡσανεὶ
1301 4336 1629 4403 μονάζοντας
1662 4337 1855 4405 ὄντας,

2042 3196 2059 3228 1
2102 3177 2260 3229 cilius
2284 3176 2519 3243 quidem.
2548 3176 2640 3227 sed
2689 3182 2867 3225 tamen
2898 3170 3174 3239 explemns
3218 3169 3463 3220 mandata
3489 3204 3502 3227 ,

2041 3285 2059 3317 1
2108 3274 2188 3318 ter
2243 3263 2602 3318 exsecrandus
2644 3270 2727 3314 est
2782 3277 2797 3314 :
2857 3259 2985 3312 dicit
3037 3258 3178 3309 enim
3227 3255 3503 3318 Dominus,

2040 3373 2060 3405 1
2108 3353 2231 3408 Sine
2259 3370 2335 3405 me
2369 3352 2500 3405 nihil
2524 3352 2734 3404 omnino
2769 3349 2942 3417 facere
2980 3350 3216 3415 potestis.
3262 3366 3281 3398 ι

2036 3444 2248 3514 Pelagio
2270 3453 2321 3496 et
2341 3442 2605 3497 Celestino
2624 3446 2679 3494 et
2706 3438 2955 3493 Nestorio
2979 3438 3209 3517 absurda
3234 3436 3502 3504 sapiente,

1959 3532 2442 3592 consentientibus,
2491 3541 2545 3585 et
2578 3528 2861 3595 impiorum
2910 3525 3325 3579 Manichaeorum
3376 3524 3508 3590 dog-

1963 3634 2100 3678 mata
2124 3632 2178 3677 et
2208 3637 2268 3681 ea
2298 3636 2415 3691 qum
2436 3618 2671 3689 synodus
2693 3616 3117 3670 anathematizat
3147 3612 3506 3669 sentientibus

1960 3725 2016 3768 et
2067 3709 2504 3782 praedicantibus,
2558 3706 2647 3775 qui
2699 3707 2884 3759 eadem
2942 3704 3106 3759 sentit
3163 3703 3305 3756 inter
3346 3701 3506 3754 Citri-

1964 3803 2168 3857 stianos
2199 3815 2301 3853 non
2330 3798 2656 3856 collocatur,
2692 3794 2785 3847 sed
2831 3807 2896 3849 ex
2950 3791 3190 3847 Ecclesia
3239 3792 3507 3860 relegatur

1963 3901 2021 3943 ut
2047 3890 2278 3951 alienus,
2328 3898 2381 3941 et
2426 3888 2491 3938 ab
2521 3898 2583 3938 ea
2614 3885 2814 3951 pariter
2855 3891 2913 3937 et
2963 3881 3072 3935 Deo
3117 3880 3505 3950 segregabitur.

1963 3983 2160 4036 Dicunt
2210 3990 2387 4033 autem
2421 3975 2639 4045 quidam
2699 3974 2889 4041 impios
2939 3972 3077 4038 illos,
3110 3985 3301 4038 nempe
3351 3970 3508 4025 Cele-

1960 4072 2155 4126 stinum
2183 4078 2238 4123 et
2269 4066 2562 4133 Pelagium,
2597 4078 2696 4118 nec
2719 4065 3002 4131 episcopos
3031 4076 3132 4116 nec
3163 4062 3507 4128 presbyteros

1964 4174 2062 4214 nec
2090 4157 2308 4211 omnino
2344 4157 2408 4209 de
2432 4155 2623 4207 ordine
2652 4151 2970 4205 sacerdotali
3001 4147 3207 4214 fuisse;
3238 4149 3330 4202 sed
3354 4148 3507 4214 quasi

1963 4247 2252 4302 monachos
2272 4242 2609 4304 exsistentes,
2633 4246 2686 4293 et
2709 4239 2954 4294 civitates
2985 4246 3422 4307 pertranseunles
3447 4247 3501 4289 et

1959 4337 2361 4392 consentientes
2378 4339 2568 4386 contra
2594 4330 2895 4392 veritatem,
2917 4329 2971 4381 in
2994 4327 3291 4381 Ecclesiam
3326 4338 3506 4380 autem

293 4426 381 4476 καὶ
407 4424 788 4493 διερχομένους
808 4422 904 4485 τὰς
929 4423 1130 4485 πόλεις,
1156 4426 1249 4476 καὶ
1273 4426 1691 4493 συμφωνοῦντας
1715 4429 1855 4480 κατὰ

1961 4431 2300 4498 insurgentes
2357 4424 2461 4478 sub
2534 4419 2831 4490 TheOphilo
2874 4418 3208 4471 Alexandriae
3259 4417 3511 4485 episcopo

290 4516 392 4581 τῆς
440 4513 726 4581 ἀληθείας,
773 4513 1180 4575 ὲπαναστάντας
1228 4514 1283 4566 δὲ
1324 4520 1389 4587 τῇ
1426 4517 1718 4589 Ἐκκλησία
1766 4520 1858 4571 ἐπὶ

1961 4529 2014 4574 et
2047 4513 2357 4571 lnnocentio
2390 4512 2598 4574 Roma,
2632 4518 2685 4563 et
2714 4518 2835 4577 post
2888 4506 3055 4560 multa
3105 4506 3403 4561 certamina
3446 4504 3513 4557 ab

291 4601 551 4669 Θεοφίλου
583 4601 676 4653 τοῦ
713 4601 1011 4654 ἐπισκόπου
1046 4603 1469 4671 Ἀλεξανδρείας,
1506 4608 1596 4660 καὶ
1632 4607 1855 4660 Ἰνοκεν-

289 4694 408 4743 τίου
442 4689 536 4743 τοῦ
571 4691 817 4761 Ῥώμης,
848 4694 941 4743 καὶ
972 4694 1110 4760 μετᾶ
1141 4693 1368 4757 πολλοὺς
1397 4695 1611 4762 ἀγῶνας
1640 4697 1732 4749 ὑπ’
1755 4697 1856 4749 αὐ-

290 4782 401 4832 τῶν
439 4781 503 4850 δὴ
551 4782 659 4832 τῶν
702 4781 1014 4834 ἐπισκόπων
1059 4783 1350 4851 ἐγγράφως
1392 4786 1853 4854 κατακριθέντας·

292 4875 441 4930 £321;
479 4871 611 4938 γοῦν
645 4871 678 4940 ἦ
713 4872 800 4923 τὸν
838 4872 1011 4941 ’Δδὰμ
1048 4872 1238 4938 θνητὸν
1271 4874 1330 4936 ιξ
1368 4875 1541 4943 ἀρχῆς
1577 4875 1684 4927 ἀπὸ
1724 4875 1859 4928 Θεοῦ

293 4962 547 5028 γενέσθαι
586 4962 932 5030 δογματίζει,
971 4966 1060 5015 καὶ
1099 4964 1185 5014 διὰ
1229 4964 1473 5032 ἀνάγκην
1506 4965 1605 5033 τῆς
1648 4966 1860 5032 φύσεως

292 5051 710 5120 τεθνηξόμενον,
746 5052 846 5105 κᾶν
873 5070 932 5104 τε
961 5054 1204 5122 ἥμαρτε,
1239 5052 1339 5105 κᾶν
1370 5071 1427 5105 τε
1463 5057 1533 5122 μή
1561 5070 1573 5083 ·
1607 5055 1638 5124 ἢ
1672 5044 1737 5107 τᾶ
1768 5056 1860 5121 νή-

296 5158 395 5192 πια
426 5142 571 5207 λέγει
609 5142 682 5209 μὴ
712 5144 788 5203 είς
818 5142 1014 5208 ἄφεσιν
1044 5144 1328 5212 ἁμαρτιῶν
1362 5141 1753 5211 βαπτίζεσθαι,
1783 5144 1858 5208 ὡς

296 5231 465 5300 μηδὲν
502 5233 565 5282 ἐκ
605 5230 702 5296 τῆς
741 5232 833 5284 τοῦ
872 5231 1041 5300 ’Δδαμ
1084 5233 1414 5302 προγονικῆς
1457 5234 1727 5303 ἁμαρτίας
1767 5235 1855 5285 ἕλ-

294 5337 482 5376 κοντα·
526 5324 619 5376 καὶ
665 5322 835 5393 ταῦτα
875 5322 969 5376 τοῦ
1010 5325 1327 5377 ¹Δποστόλου
1379 5326 1631 5393 βοῶντος,
1659 5327 1731 5389 ὡς
1773 5325 1852 5379 Δι’

289 5413 433 5475 ἐνὸς
474 5391 786 5479 ἀνθρώπῖου
829 5414 866 5481 ἡ
906 5414 1157 5481 ἁμαρτία
1198 5416 1285 5480 εις
1325 5391 1428 5467 τείν
1466 5416 1693 5483 κόσμον
1730 5420 1857 5469 εἱσι

291 5502 477 5570 ἦλθε,
516 5506 609 5558 καί
647 5504 742 5559 διὰ
780 5505 885 5571 τῆς
919 5507 1204 5575 ἠιιαρτΙας
1238 5511 1269 5561 ό
1304 5509 1586 5573 θάνατος·
1627 5512 1658 5577 ἦ
1698 5510 1854 5562 πάλιν

368 5681 417 5711 ⁸⁵
445 5678 601 5735 Jmtn.
635 5698 719 5744 xv,
759 5682 811 5733 Si.

1962 4614 2092 4681 ipsis
2120 4610 2285 4666 etiam
2315 4602 2587 4676 episcopis
2634 4600 2851 4668 scriptis
2896 4598 3061 4651 fuisse
3110 4596 3510 4649 condemnatos.

1962 4702 2281 4769 Quicunque
2312 4710 2441 4765 ergo
2468 4695 2731 4746 Adatnum
2763 4704 2793 4742 a
2826 4688 2933 4743 Deo
2979 4686 3256 4740 mortalem
3314 4683 3513 4737 factum

1963 4793 2125 4845 fuisse
2146 4791 2327 4849 docet,
2352 4795 2407 4837 et
2425 4798 2520 4852 per
2542 4791 2745 4834 natura:
2770 4778 3145 4833 necessitatem
3170 4775 3511 4833 moriturum,

1964 4882 2079 4936 sive
2108 4883 2407 4949 peccasset,
2445 4874 2558 4931 sive
2589 4886 2691 4925 non
2714 4909 2730 4933 ,
2767 4879 2859 4923 aut
2889 4867 3121 4921 infantes
3154 4880 3260 4919 non
3303 4864 3355 4916 in
3389 4878 3501 4931 pec-

1965 4982 2205 5026 calorum
2242 4964 2618 5022 remissionem
2673 4961 2974 5029 baptizatos
3006 4959 3155 5023 dicit,
3205 4965 3262 5009 ut
3310 4956 3438 5008 nihil
3486 4972 3513 5005 :1

1962 5058 2234 5128 primitivo
2275 5054 2464 5109 Adami
2510 5056 2733 5120 peccato
2782 5045 3142 5107 attrahentes;
3199 5055 3317 5094 cum
3373 5040 3515 5106 Apo-

1963 5150 2129 5204 stolus
2150 5148 2263 5201 haec
2273 5145 2490 5204 clamet,
2518 5139 2657 5209 quod
2676 5154 2765 5204 per
2794 5151 2954 5189 unum
2970 5134 3226 5186 hominem
3244 5140 3513 5199 peccatum

1964 5242 2017 5292 in
2053 5239 2303 5291 mundum
2336 5234 2493 5297 venit,
2526 5240 2573 5285 et
2603 5245 2694 5300 per
2736 5237 3002 5298 peccatum
3034 5240 3209 5286 mors;
3241 5222 3320 5276 vel
3352 5222 3512 5275 etiam

1964 5327 2480 5394 sentit‘baptismum
2506 5332 2847 5391 peccatorum
2874 5317 3089 5388 quidem
3141 5314 3510 5369 remissionem

1965 5417 2174 5484 largiri,
2212 5430 2315 5469 non
2346 5423 2522 5466 autem
2560 5422 2613 5467 et
2638 5410 2873 5480 prmbcrc
2905 5406 3163 5462 auxilium
3195 5418 3260 5456 nc
3288 5401 3513 5467 amplius

1966 5519 2235 5576 peccetur,
2268 5505 2357 5561 scd
2390 5514 2574 5558 nostro
2618 5503 2730 5555 sulu
2785 5505 2975 5551 conatu
3032 5495 3159 5550 illud
3199 5490 3465 5548 cmundari
3492 5528 3511 5554 ,
