4002 6314
538 408 642 467 375

1753 402 1854 461 T11
1866 402 2031 461 EOD.
2062 398 2291 459 BALSA
2303 400 2459 459 ΜοὛ

3660 405 3766 467 3‘76

541 516 626 569 Vel
678 512 805 568 illttd
856 514 1016 568 etiam
1076 512 1333 577 admittit,
1381 521 1435 569 et
1495 513 1585 566 Dei
1623 514 1851 581 gratiam
1894 527 1990 566 nos
2019 512 2102 571 _ad

2261 515 2396 563 εονεί
2424 510 2483 562 τὸ
2516 509 2798 579 βάπτισμα
2829 511 2935 563 τῶν
2970 511 3071 581 μὲν
3102 512 3204 582 ἤδη
3238 511 3643 581 ἡμαρτημένων
3673 514 3781 567 δω-

543 605 795 657 mandata
829 603 995 671 ipsius
1020 603 1279 671 explenda
1329 604 1582 671 adjuvare
1636 604 1965 668 arbitratur;
2007 604 2100 657 sed

546 692 722 753 docet,
755 690 896 758 quod
922 702 975 745 et
1005 693 1119 746 sine
1151 695 1323 761 gratia
1355 708 1417 746 ea
1467 693 1730 760 perﬁcere
1788 707 2099 763 possumus.

543 782 636 835 sed
667 796 786 835 cum
816 781 1126 837 dillicultate
1155 799 1169 839 :
1208 785 1273 837 sit
1309 786 1615 838 anathema.
1651 784 1762 837 Nec
1800 785 1941 837 enim
1970 782 2105 836 dixit

545 871 821 935 Dominus,
856 874 996 941 quod
1027 872 1155 926 Sine
1190 889 1275 925 me
1318 888 1378 926 ea
1429 874 1713 927 difﬁculter
1752 873 1975 942 potestis
2027 874 2105 924 ra-

544 976 696 1029 eere;
730 964 818 1017 sed
856 963 995 1031 quod
1026 963 1148 1017 Sine
1179 980 1257 1016 me
1288 963 1419 1016 nihil
1453 966 1670 1031 potestis
1700 967 1895 1033 facere.

2214 606 2421 673 ρεῖσθαι
2454 606 2681 671 ἄφεσιν,
2718 608 2791 672 μὴ
2826 604 3086 673 παρέχειν
3118 605 3173 657 δὲ
3208 603 3457 674 βοήθειαν
3489 606 3582 656 καὶ
3616 606 3692 665 είς
3718 607 3788 658 1:6

2214 692 2410 760 μηκέτι
2443 690 2777 758 ἀμαρτῆσαι,
2810 690 2922 741 ἀλλ’
2950 690 3006 755 ἐξ
3039 692 3313 760 ἡμετέρας
3346 693 3514 760 μόνης
3547 694 3784 763 σπουδῆς

2210 781 2366 833 τοῦτο
2397 779 2791 849 κατορθοῦσθαι
2816 798 2829 811 ·
2866 781 2899 851 ἢ
2937 783 3028 835 καὶ
3058 781 3215 835 τοῦτο
3249 782 3345 851 μὲν
3374 784 3741 853 παραδέχεται
3765 827 3781 851 ,

2214 872 2307 923 καὶ
2342 872 2437 939 τὴν
2474 872 2566 923 τοῦ
2604 872 2739 924 Θεοῦ
2776 874 2934 942 χάριν
2967 872 3181 937 δοξάζει
3223 873 3491 941 ἐνισχύειν
3524 874 3669 941 ἡμᾶς
3700 877 3787 937 εἰς

2215 966 2274 1015 τὸ
2307 965 2404 1025 τὰς
2442 966 2657 1027 ἐντολὰς
2700 964 3005 1033 ἐκπληροῦν
3026 981 3039 996 ·
3075 965 3312 1018 διδόσκει
3343 967 3397 1018 δὲ
3430 968 3503 1028 ὡς
3538 968 3629 1019 καὶ
3660 966 3787 1036 δίχα

544 1057 643 1122 τῆς
678 1056 893 1124 χάριτος
924 1055 1215 1124 κατορθοῦκ
1249 1057 1416 1119 αστὰς
1449 1058 1781 1125 ἠδυνάμεθα,
1843 1056 1980 1125 πλὴν
2049 1055 2185 1123 μετά
2218 1055 2551 1124 δυσχερείας,
2585 1057 2697 1125 ἤτω
2732 1056 2994 1123 ἀνάθεμα.
3030 1056 3164 1109 Οὐδὲ
3199 1058 3306 1126 γάρ
3341 1052 3494 1110 εἶπεν
3522 1058 3549 1110 6
3581 1058 3789 1129 Κύριος

549 1152 621 1213 ὡς
650 1150 829 1217 Χωρὶς
856 1151 990 1218 ἐμοῦ
1017 1152 1294 1221 δυσχερῶς
1318 1154 1547 1205 δύνασθε
1574 1159 1745 1207 ποιεῖν
1769 1153 1960 1216 αὑτὰς,
1986 1151 2123 1217 ἀλλ’,
2154 1151 2234 1204 ὅτι
2266 1153 2449 1219 Χωρὶς
2484 1153 2629 1221 ἐμοῦ
2663 1152 2843 1207 οὐδὲν
2872 1153 3138 1207 δύνασθε
3173 1152 3385 1208 ποιεῖν.

1113 1244 1340 1301 CANON
1387 1249 1548 1301 CXV.

558 1355 574 1384 ι
625 1336 775 1401 Quod
812 1354 915 1391 non
949 1338 1118 1392 solum
1153 1339 1393 1404 humilis,
1422 1342 1513 1394 sed
1544 1343 1706 1393 etiam
1737 1355 1863 1394 vera
1890 1350 1969 1393 est
2000 1341 2111 1393 hmc

629 1446 646 1475 ‹
692 1444 791 1480 vox
828 1438 1177 1484 sanctorum:
1212 1429 1266 1483 Si
1303 1431 1598 1485 dixerimus
1642 1433 1781 1499 quod
1833 1440 2109 1498 peccatum

631 1536 646 1565 ι
698 1533 800 1569 non
837 1518 1117 1583 habemus,
1145 1534 1240 1573 nos
1285 1521 1427 1587 ipsos
1462 1522 1795 1574 seducimus.
1851 1521 2112 1573 Similiter

630 1626 645 1655 ε
694 1608 913 1675 placuit,
945 1610 1172 1676 utquod
1221 1609 1357 1661 dixit
1410 1622 1628 1663 sanctus
1684 1609 1921 1665 Joannes
1973 1625 2104 1679 apo-

633 1718 647 1747 ι
697 1700 864 1752 stolus
900 1719 912 1752 :
948 1698 1005 1752 Si
1038 1700 1341 1763 dixerimus,
1373 1701 1509 1766 quod
1560 1710 1831 1767 peccatum
1878 1717 1980 1752 non
2014 1702 2111 1751 ha-

631 1808 647 1837 ι
694 1792 891 1857 bemus,
929 1808 1025 1843 nos
1053 1791 1193 1859 ipsos
1220 1791 1533 1854 reducimus,
1566 1798 1615 1842 et
1643 1792 1836 1844 veritas
1882 1793 1938 1844 in
1962 1793 2109 1844 nobis

634 1901 650 1930 ι
694 1899 794 1934 non
822 1893 894 1935 est
920 1884 1002 1946 5‘;
1038 1885 1349 1949 quicunque
1380 1882 1457 1935 sic
1510 1883 1881 1951 accipiendum
1918 1884 2111 1937 existi-

632 1990 650 2021 ι
695 1973 939 2036 maverit,
970 1982 1025 2025 ut
1052 1974 1193 2026 dicat
1224 1988 1317 2039 per
1364 1972 1725 2026 humilitatem
1783 1990 1888 2026 non
1917 1974 2112 2028 debere

637 2063 871 2115 :dicere
927 2076 1025 2117 nos
1056 2079 1161 2115 non
1219 2063 1419 2117 habere
1476 2072 1779 2131 peccatum,
1836 2080 1938 2117 non
1971 2066 2112 2132 quod

636 2171 652 2201 ι
694 2167 818 2205 vere
848 2154 919 2206 ita
948 2162 1049 2215 est,
1083 2153 1153 2206 sit
1194 2158 1503 2206 anathema.
1563 2153 1916 2221 Prosequitur
1970 2155 2112 2207 enim

632 2263 649 2294 ι
693 2244 986 2313 apostolus.
1023 2256 1075 2297 et
1099 2244 1176 2298 sic
1208 2243 1486 2313 subiungit
1528 2265 1538 2298 :
1574 2244 1665 2299 Sin
1694 2256 1866 2297 autem
1898 2255 2114 2312 peccata

637 2352 653 2382 ι
699 2342 875 2385 nostra
909 2335 1132 2405 confessi
1181 2336 1461 2401 fuerimus,
1518 2336 1687 2402 fidelis
1727 2345 1803 2388 εει
1840 2344 1889 2388 et
1936 2335 2115 2403 justus

636 2442 652 2473 ι
695 2424 784 2491 qui
817 2435 1033 2492 peccata
1066 2426 1211 2477 nobis
1254 2428 1503 2492 remittet,
1534 2436 1582 2479 et
1612 2426 1859 2495 purgabit
1912 2444 2004 2481 nos
2052 2429 2115 2480 ab

638 2530 654 2560 ι
700 2517 843 2566 οηιηὶ
894 2515 1159 2583 injustitia
1182 2516 1250 2569 ".
1308 2516 1413 2571 Ubi
1465 2517 1625 2585 plane
1677 2527 1952 2571 ostensum
2010 2528 2115 2582 est,

642 2623 659 2654 ι
704 2604 807 2659 hoc
839 2620 947 2659 non
982 2606 1152 2662 solum
1188 2607 1483 2671 humiliter,
1519 2608 1613 2663 sed
1647 2607 1809 2661 etiam
1837 2623 1959 2663 vere
1990 2609 2115 2663 dici.

640 2712 658 2741 ε
702 2692 917 2748 Poterat
949 2696 1089 2748 enim
1125 2698 1402 2763 apostolus
1443 2699 1658 2754 dicere:
1705 2702 1761 2755 Si
1797 2702 2118 2764 dixerimus,

642 2801 658 2831 ι
704 2784 844 2849 quod
874 2792 1157 2851 peccatum
1196 2798 1299 2837 non
1331 2786 1610 2842 habemus.
1644 2804 1739 2843 nos
1768 2792 1913 2855 ipsos
1942 2790 2119 2843 extol-

645 2893 660 2919 σ
712 2873 891 2935 limus,
946 2881 998 2926 et
1051 2873 1327 2927 humilitas
1397 2890 1505 2929 non
1559 2889 1638 2931 cst
1693 2880 1743 2931 iu
1796 2880 1949 2933 nobis
1983 2898 1995 2933 :
2029 2882 2119 2933 sed

649 2985 665 3015 ι
709 2980 827 3019 cum
867 2965 1020 3029 dixit,
1055 2964 1165 3017 Nos
1196 2968 1333 3034 ipso:
1362 2969 1679 3033 seducimus,
1710 2978 1789 3031 et,
1822 2970 1937 3022 Non
1968 2982 2041 3023 est
2068 2971 2119 3021 iu

644 3073 659 3102 ι
704 3054 848 3107 nobis
882 3056 1113 3116 veritas;
1148 3066 1329 3122 aperte
1374 3057 1605 3109 ostendit
1663 3072 1783 3109 eum
1818 3058 1908 3125 qui
1968 3056 2118 3119 dicit,

647 3164 663 3193 (
711 3160 765 3197 se
798 3159 902 3197 non
942 3145 1139 3198 habere
1173 3155 1477 3214 peccatum,
1509 3161 1609 3199 non
1635 3161 1758 3201 vere
1803 3148 2002 3213 dicere,
2031 3148 2123 3201 sed
2154 3168 2199 3228 ε

646 3254 663 3283 ι
712 3236 946 3289 mentiri.
986 3254 1004 3283 ι

638 3324 831 3377 BALS.
879 3337 929 3378 et
968 3323 1217 3378 ZONAR.
1255 3327 1479 3392 Quidam
1524 3329 1574 3381 id
1617 3329 1755 3396 quod
1806 3328 1934 3381 dicit
1988 3330 2130 3397 Apo-

569 3416 774 3469 stolus:
824 3413 881 3468 Si
934 3415 1249 3477 dixerimus,
1298 3418 1435 3486 quod
1486 3431 1757 3485 peccatum
1822 3437 1924 3473 non
1972 3420 2130 3473 habe-

573 3523 708 3571 mus,
750 3522 841 3559 nos
867 3507 1003 3573 ipso:
1031 3507 1323 3561 seducimus
1354 3525 1371 3561 :
1398 3510 1474 3563 sic
1502 3522 1844 3578 acceperunt,
1869 3512 2008 3578 quod
2041 3524 2131 3577 per

578 3596 932 3650 humilitatem
974 3598 1074 3652 hoc
1104 3608 1316 3665 oportet
1348 3600 1548 3663 dicere,
1580 3616 1681 3654 non
1709 3616 1802 3668 per
1829 3603 2130 3654 veritatem.

576 3688 682 3740 lius
712 3701 858 3756 ergo,
886 3689 973 3754 qui
1027 3690 1252 3754 apostoli
1298 3689 1503 3741 dictum
1558 3692 1634 3743 sic
1684 3692 2129 3758 interpretantur,

574 3778 919 3831 anathemate
972 3783 1328 3832 condemnant
1386 3780 1551 3848 649
1609 3781 1837 3844 Ρ..ιιέε,
1894 3784 2133 3836 dicentes

574 3868 715 3935 quod
748 3882 811 3921 ex
846 3869 1085 3935 proxime
1109 3871 1459 3935 sequentibus
1494 3869 1741 3937 Epistolte
1770 3872 1951 3925 verbis
1989 3873 2134 3926 clare

577 3958 878 4011 ostenditur
933 3958 1156 4026 apostoli
1220 3960 1514 4024 sententia,
1571 3960 1952 4028 subjungentis
1987 3979 2000 4015 :
2041 3962 2134 4017 Sin

579 4060 749 4102 autem
782 4050 1124 4116 conﬁteantur
1158 4060 1371 4115 peccata
1401 4063 1602 4115 nostra,
1636 4062 1689 4105 et
1718 4069 1836 4120 quae
1881 4053 2136 4122 deinceps

583 4151 903 4208 sequuntur.
929 4138 1047 4193 Jam
1084 4155 1210 4193 vero
1246 4140 1409 4193 David
1450 4157 1663 4210 quoque
1697 4144 1828 4197 dicit
1860 4163 1871 4198 :
1916 4145 1979 4196 In
2014 4161 2135 4208 pec-

580 4233 711 4283 ratis
739 4230 971 4298 concepit
996 4247 1071 4282 me
1102 4241 1267 4281 mater
1288 4247 1398 4283 utea
1424 4233 1489 4284 δ’.
1521 4232 1632 4285 Nisi
1656 4235 1795 4287 enim
1830 4236 1911 4288 lex
1939 4238 2137 4302 nuptiis

580 4336 734 4389 opem
762 4321 948 4385 ferret,
982 4324 1155 4374 coitus
1205 4331 1481 4389 peccatum
1531 4323 1960 4389 existimaretur,
2012 4327 2134 4381 libi-

581 4416 757 4467 dinem
789 4414 1075 4480 earnisque
1107 4412 1487 4479 appetitionem
1529 4414 1750 4477 habens,
1792 4432 1911 4483 qua:
1958 4418 2132 4486 ipsum

582 4506 853 4567 incitaret,
889 4506 1095 4558 etiamsi
1159 4505 1450 4558 liberorum
1478 4508 1647 4573 gratia
1684 4508 1855 4561 ﬁeret.
1895 4510 1961 4563 Et
1997 4512 2135 4576 ideo,

582 4597 649 4648 In
674 4598 921 4662 peccatis,
962 4598 1092 4649 dixit
1143 4596 1329 4659 David,
1383 4599 1617 4665 concepit
1668 4616 1746 4651 me
1804 4613 1971 4655 mater
2002 4620 2137 4658 mea.

590 4689 645 4742 Si
682 4688 824 4741 enim
860 4688 1036 4739 carnis
1064 4686 1407 4753 cupiditatem
1452 4701 1666 4739 causam
1704 4689 1894 4743 habeat
1946 4706 2137 4759 corpo-

587 4796 701 4833 ium
733 4778 1029 4847 generatio,
1063 4779 1184 4830 talia
1221 4785 1342 4828 sunt
1368 4778 1587 4831 omnino
1634 4788 1687 4832 et
1731 4795 1849 4847 qua:
1899 4798 1958 4835 ex
2011 4785 2139 4852 ipsis

584 4878 924 4934 generantur.

584 4958 808 5012 ARIST.
848 4978 867 5009 ι
908 4958 1029 5024 Qui,
1078 4959 1345 5027 Thcologo
1391 4959 1603 5013 dicente
1644 4979 1655 5013 :
1695 4979 1711 5010 ι
1742 4959 1797 5013 Si
1822 4961 2135 5027 dixerimus,

660 5067 677 5097 ι
720 5052 861 5117 quod
892 5060 1173 5117 peccatum
1226 5054 1276 5103 in
1320 5051 1474 5104 nobis
1497 5067 1603 5104 non
1637 5060 1737 5115 est,
1784 5054 2140 5119 nosmetipsos

660 5158 679 5190 ι
721 5140 1071 5204 seducimus;
1102 5158 1118 5190 ι
1143 5140 1518 5206 interpretatur
1547 5150 1725 5193 utnon
1749 5156 1889 5205 vere,
1923 5142 2016 5194 sed
2047 5143 2142 5194 hu-

664 5250 681 5278 c
725 5231 919 5284 iniliter
946 5232 1046 5283 hoc
1074 5232 1269 5283 dixerit
1303 5249 1314 5283 :
1351 5231 1629 5293 anathema
1683 5233 1770 5285 sit.
1809 5250 1825 5281 ι

662 5321 1101 5388 Quandoquidem
1127 5335 1311 5374 onmes
1342 5338 1525 5374 sumus
1552 5322 1602 5374 in
1632 5324 1881 5388 peccatis,
1908 5333 1960 5377 et
1988 5338 2143 5377 nemo

592 5427 809 5479 purnsa
844 5412 1108 5471 sordibus.
1148 5413 1357 5464 etiamsi
1394 5428 1529 5465 unus
1574 5414 1687 5466 dies
1733 5424 1841 5465 tota
1890 5416 1959 5466 sit
2003 5414 2143 5468 illius

596 5508 698 5558 vita
736 5524 747 5557 :
784 5504 1110 5556 anathemati
1135 5504 1401 5557 obnoxius
1428 5515 1529 5566 est,
1566 5506 1654 5573 qui
1680 5505 1832 5570 dicit,
1865 5506 2143 5561 humiliter

594 5604 647 5648 et
678 5612 777 5648 non
807 5609 931 5648 vere
958 5596 1023 5645 ab
1052 5594 1291 5662 apostolo
1319 5594 1421 5648 dici
1455 5612 1468 5648 :
1505 5595 1654 5657 Quod
1687 5597 1729 5647 si
1760 5596 1981 5649 dicimus
2005 5603 2141 5667 quod

660 5781 918 5836 “Uouit.
980 5797 1011 5848 I,
1064 5782 1146 5835 10.
1218 5782 1412 5836 “ibid.
1468 5780 1497 5835 9
1562 5779 1771 5834 "Péttl-
1811 5795 1862 5846 L,
1908 5780 1954 5831 'i.

2784 1244 3023 1298 ΚΑΝΩΝ
3062 1246 3210 1298 ΡῐΕ⁰.

2215 1357 2232 1388 t
2264 1338 2386 1390 Ὅτι
2420 1339 2478 1390 οὐ
2521 1339 2677 1405 μόνον
2711 1337 2973 1405 ταπεινὴ,
3009 1338 3144 1390 ἀλλά
3178 1337 3272 1389 καλ⁴
3306 1336 3536 1406 ἀληθινὴ
3571 1340 3601 1406 ἡ
3636 1336 3788 1407 φωνὴ

2281 1448 2297 1478 ι
2345 1429 2451 1481 τῶν
2480 1429 2649 1495 ἁγίων
2678 1429 2826 1479 ἐστὶν
2855 1427 2995 1495 αῦτη
3020 1444 3033 1457 ·
3069 1429 3194 1479 Ἐἀν
3225 1429 3470 1496 εἴπωμεν
3490 1427 3571 1478 ὅτι
3600 1428 3785 1496 ἀμαρ-

2287 1538 2304 1568 t
2352 1518 2473 1571 τίαν
2520 1520 2617 1571 οὐκ
2662 1519 2892 1587 ἔχομεν,
2938 1517 3164 1579 ἑαυτοὺς
3209 1516 3519 1584 πλανῶμεν.
3556 1516 3792 1583 Ὁμοίως

2293 1628 2311 1659 ι
2358 1611 2573 1678 ἥρεσεν,
2606 1611 2693 1662 ἵνα
2722 1612 2859 1677 ὅπερ
2891 1604 3043 1661 εἶπεν
3072 1611 3099 1659 6
3128 1608 3279 1672 ἀγιος
3314 1606 3566 1675 Ἰωάννης
3594 1609 3620 1659 6
3649 1606 3796 1659 ἀπό-

2296 1720 2313 1751 ι
2364 1702 2543 1761 στολος
2571 1718 2585 1732 ·
2630 1702 2768 1754 Ἐὰν
2794 1702 3050 1768 εἴπωμεν
3072 1700 3161 1752 ὅτι
3190 1700 3480 1767 ἁμαρτίαν
3520 1701 3631 1751 οὐκ
3659 1699 3798 1763 ἔκο-

2296 1810 2312 1840 ι
2350 1808 2485 1858 μεν,
2542 1791 2793 1856 ἑαυτοὺς
2827 1790 3163 1859 ἁπατῶμεν,
3206 1790 3301 1841 καὶ
3352 1790 3601 1854 ἀλήθεια
3652 1789 3801 1856 ἡμῖν

2292 1901 2309 1933 t
2355 1886 2464 1937 οὐκ
2521 1884 2727 1937 ἔστιν’
2802 1883 3157 1951 ὁστισδηποτε
3204 1882 3352 1933 οὓτω
3407 1880 3800 1949 παραληπτέον

2291 1992 2309 2023 ι
2358 1975 2592 2043 νομίσει,
2618 1976 2691 2035 ὡς
2715 1976 2888 2026 εἰπεῖν
2911 1974 3000 2025 διά
3020 1971 3521 2040 ταπεινοφροσύνην
3548 1971 3621 2040 μὴ
3644 1971 3797 2039 ὀφεί-

2292 2082 2310 2113 ι
2357 2063 2468 2115 λειν
2498 2063 2749 2131 λέγεσθαι
2778 2065 2926 2131 ἡμᾶς
2964 2063 3038 2131 μὴ
3074 2063 3216 2130 ἔχειν
3251 2061 3547 2130 ἁμαρτίαν,
3577 2060 3679 2129 οὐχ
3712 2062 3796 2113 ὅτι

2292 2172 2310 2204 ι
2357 2154 2570 2222 ἀληθῶς
2603 2152 2776 2215 οῦτως
2811 2152 2993 2212 ἐστὶν,
3028 2152 3279 2221 ἀνάθεμα
3313 2151 3418 2220 εἴη.
3457 2151 3798 2203 Ἐπακολου-

2294 2264 2311 2295 ι
2359 2244 2443 2296 θεῖ
2477 2244 2584 2312 γάρ
2616 2247 2641 2295 6
2673 2244 2969 2304 ἀπόστολος
3002 2244 3095 2295 καὶ
3132 2242 3561 2309 προσζεύγνυσιν
3590 2239 3799 2303 οὕτως’

2294 2355 2311 2389 t
2352 2336 2485 2390 Ἐὰν
2511 2333 2577 2389 δὲ
2617 2334 3087 2404 ὁμολογήσωμεν
3125 2334 3231 2397 τὰς
3285 2333 3571 2400 ἁμαρτίας
3600 2331 3792 2399 ἡμῶν.

2295 2447 2312 2479 ι
2362 2430 2572 2492 πιστός
2604 2428 2731 2480 ἐστι
2775 2426 2867 2479 καὶ
2902 2426 3153 2490 δίκαιος,
3201 2424 3374 2488 ὅστις
3400 2422 3621 2491 ἀφήσει
3655 2423 3806 2489 ἡμῖν

2298 2538 2315 2567 ι
2360 2520 2465 2583 τὰς
2496 2519 2800 2586 ἁμαρτίας,
2825 2518 2919 2569 καὶ
2951 2515 3259 2581 καθαρίσει
3286 2512 3438 2579 ἡμᾶς
3456 2512 3573 2565 ἀπὸ
3595 2510 3803 2576 πάσης

2299 2626 2315 2658 ι
2362 2608 2617 2672 ἀδικίας.
2650 2608 2815 2659 Ἔνθα
2857 2608 2995 2660 πάνυ
3036 2606 3332 2674 δεδήλωται
3364 2604 3519 2655 τοῦτο
3546 2602 3806 2671 μὴμόνον

2298 2717 2316 2747 ι
2363 2698 2820 2765 ταπεινοτρρόνως,
2846 2696 2958 2747 ἀλλ’
2982 2696 3061 2746 ἔτι
3092 2695 3196 2763 μὴν
3225 2693 3491 2758 ἀληθινῶς
3515 2689 3800 2757 λέγεσθαι.

2300 2808 2317 2839 ι
2356 2789 2615 2842 Ἠδύνατο
2641 2788 2747 2854 γὰρ
2774 2789 2798 2838 6
2825 2786 3121 2847 ἀπόστολος
3148 2786 3345 2847 εἰπεῖν,
3381 2783 3507 2835 Ἐἀν
3532 2782 3803 2850 είπωμεν.

2301 2900 2320 2931 t
2366 2882 2477 2933 Οὐκ
2514 2880 2707 2949 ἔχομεν
2742 2877 3037 2947 ἁμαρτίαν,
3076 2877 3301 2935 ἑαυτοὺς
3336 2873 3662 2942 ἐξυψοῦμεν,
3704 2873 3802 2925 καὶ

2300 2990 2317 3021 ι
2364 2971 2832 3040 ταπεινοφροσύνη
2870 2971 2923 3020 ὲν
2954 2970 3086 3036 ἡμῖν
3116 2970 3213 3019 οὐκ
3248 2966 3393 3017 ἐστιν
3421 2982 3433 2995 ·
3466 2966 3581 3017 ἀλλ’
3608 2964 3802 3021 εἰπὼν.

2302 3081 2318 3111 ι
2361 3060 2641 3125 Ἑαυτοὺς
2656 3058 2987 3126 ἀπατῶμεν,
3010 3058 3124 3121 καὶ,
3151 3057 3417 3122 Ἀλήθεια
3442 3056 3511 3107 ἐν
3532 3054 3673 3122 ἡμῖν
3698 3056 3813 3107 οὐκ

2309 3171 2325 3201 ι
2374 3153 2540 3215 ἐστι,
2588 3152 2728 3202 πάνυ
2782 3150 3027 3213 ἀπέδειξε
3080 3149 3169 3199 τὸν
3215 3148 3440 3211 λέγοντα
3493 3147 3683 3198 burim
3733 3150 3812 3213 μὴ

2310 3262 2328 3293 ι
2376 3243 2519 3311 ἔχειν
2542 3242 2836 3309 ἁμαρτίαν,
2869 3240 2939 3306 μὴ
2963 3239 3264 3306 ἀληθεύειν,
3290 3237 3422 3288 ἀλλά
3443 3236 3753 3303 ψεύδεσθαι.
3786 3257 3805 3287 ε

2304 3330 2499 3382 ΒΑΛΣ.
2538 3328 2630 3379 καὶ
2668 3328 2819 3379 ΖΩΝ.
2856 3327 3011 3387 Τινὲς
3046 3326 3107 3377 τὸ
3141 3324 3497 3377 ἀποστολικὺν
3532 3326 3715 3393 ῥητὸν,
3750 3326 3817 3377 τὸ

2231 3420 2411 3487 λέγον,
2446 3418 2589 3471 Ἐὰν
2619 3418 2898 3484 εἴπωμεν,
2942 3416 3258 3483 Ἀλιαρτίαν
3288 3416 3397 3468 οὐκ
3416 3415 3651 3483 ἔχομεν,
3670 3415 3812 3467 ἐαυ-

2232 3510 2373 3570 τοὺς
2408 3507 2745 3574 ἀπατῶμει·,
2782 3508 2951 3567 οὓτως
2986 3505 3432 3574 ὲξελαμὸἀνοντο,
3470 3506 3549 3556 ὅτι
3583 3504 3669 3555 διὰ
3707 3520 3809 3555 ταο

2237 3597 2668 3666 πεινοφροσύνην
2702 3597 2780 3647 δεῖ
2815 3596 2973 3647 τοῦτο
3014 3596 3215 3662 λέγειν,
3254 3597 3344 3647 καὶ
3388 3595 3447 3645 οὐ
3495 3596 3628 3663 πρὸς
3671 3592 3810 3662 ἀλήο

2236 3689 2405 3740 θειαν.
2437 3689 2573 3749 Τοὺς
2604 3687 2695 3739 οὖν
2721 3686 2891 3747 οῦτως
2921 3686 3317 3754 ὲρμηνεύοντας
3346 3684 3411 3735 τὰ
3441 3684 3704 3752 εἰρημένα
3732 3684 3815 3751 τῷ

2249 3779 2557 3848 Ἀποστόλῳ
2602 3777 2902 3845 ἀναθέματι
2947 3776 3403 3839 καταδικάζουσιν
3442 3777 3490 3827 ot
3536 3776 3813 3844 Πατέρες,

2235 3870 2483 3935 λέγοντες
2524 3871 2604 3921 ὅτι
2647 3872 2711 3920 ὲκ
2750 3868 2855 3918 τῶν
2900 3868 3027 3933 ἑξῆς
3072 3868 3332 3935 ῥημάτων
3374 3867 3470 3932 τῆς
3504 3866 3815 3929 ἐπιστολῆς

2236 3960 2506 4011 δείκνυται
2552 3958 2830 4027 προδήλως
2871 3958 2962 4009 τοῦ
3010 3958 3383 4025 ἀποστόλουνή
3434 3956 3648 4021 ἔννοια,
3706 3958 3813 4007 ἑπ-

2238 4051 2479 4115 ἀγοντος⁶
2499 4052 2630 4102 Ἐὰν
2646 4050 2711 4101 δὲ
2725 4049 3187 4117 ὁμολογήσωμεν
3204 4049 3305 4111 τὰς
3318 4048 3607 4115 ἁμαρτίας
3620 4044 3812 4112 ἡμῶν,

2238 4145 2330 4193 καὶ
2366 4143 2465 4193 ὅσα
2506 4142 2723 4211 ἐφεξῆς.
2763 4143 2870 4193 Καὶ
2905 4143 2931 4193 6
2966 4140 3129 4192 Δαόὶδ
3166 4140 3221 4192 δὲ
3267 4140 3413 4204 λέγει
3438 4156 3450 4168 ’
3490 4140 3590 4189 Ἔν
3629 4136 3820 4204 ἀμαρ-

2238 4234 2386 4297 τιάις
2420 4233 2715 4298 ἐκίσσησέ
2745 4247 2819 4298 με
2852 4232 2889 4296 ἡ
2919 4231 3114 4297 μήτηρ
3145 4248 3283 4294 μου.
3318 4228 3377 4279 Εἰ
3414 4226 3487 4295 μὴ
3522 4226 3625 4292 γάρ
3662 4228 3688 4276 6
3722 4226 3813 4277 v6-

2243 4342 2337 4392 μος
2387 4323 2676 4392 ἐπεκούρει
2717 4322 2792 4389 τῷ
2837 4321 3019 4390 γάμῳ,
3066 4320 3308 4388 ἀμαρτία
3353 4320 3418 4372 ἂν
3463 4317 3734 4384 ἐλογίζετο
3781 4317 3813 4385 ἡ

2245 4416 2388 4484 μίξις
2411 4456 2425 4477 ,
2461 4414 2816 4483 φιλοσαρκίαν
2852 4416 2947 4467 καὶ
2986 4412 3160 4482 δρεξιν
3196 4410 3464 4480 σαρκικὴν
3500 4409 3690 4479 ἔχουσα
3730 4424 3815 4458 κι-

2243 4507 2439 4557 νοῦσαν
2468 4510 2545 4567 εἰς
2580 4508 2775 4573 αὐτὴν,
2812 4506 2915 4557 κᾶν
2944 4505 3031 4557 διὰ
3066 4502 3411 4558 παιδοποιίαν
3444 4503 3685 4567 γένηται.
3719 4499 3815 4550 Διὸ

2243 4598 2359 4661 καὶ,
2392 4599 2493 4652 Ἑν
2521 4599 2847 4665 ἁμαρτίαις,
2875 4590 3028 4646 εἶπεν
3053 4598 3081 4647 6
3116 4594 3297 4655 Δαϐὶδ,
3346 4591 3643 4656 ὲκίσσησέ
3667 4605 3745 4656 με
3774 4588 3812 4653 ἡ

2237 4688 2434 4756 μήτηρ
2461 4706 2598 4755 μου.
2632 4690 2692 4741 Et
2724 4689 2831 4755 γὰρ
2858 4687 3036 4737 αἰτίαν
3063 4685 3176 4752 ἔχει
3206 4685 3307 4751 τὴν
3337 4682 3432 4750 τῆς
3466 4679 3663 4748 σαρκὸς
3692 4680 3818 4728 ἐπι-

2245 4782 2441 4849 θυμίαν
2468 4781 2575 4831 τῶν
2606 4779 2869 4847 σωμάτων
2894 4779 2926 4845 ἡ
2959 4777 3188 4843 γένεσις,
3220 4771 3440 4825 τοιαῦτα
3472 4771 3685 4830 πάντως
3718 4769 3818 4819 καὶ

2242 4872 2310 4923 τὰ
2340 4872 2395 4936 ἐξ
2426 4872 2601 4924 αὐτῶν
2631 4870 2961 4939 γεννώμενα.

2246 4962 2463 5015 ΑΙῚΣΤ.
2531 4978 2549 5010 ι
2587 4962 2664 5021 Ὀ,
2699 4958 2790 5011 τοῦ
2826 4958 3083 5021 Θεολὸγου
3117 4955 3390 5020 λέγοντος’
3435 4971 3452 5002 ι
3490 4951 3611 5002 Ἐὰν
3646 4952 3819 5001 eimo-

2322 5071 2340 5102 ι
2391 5069 2486 5119 μεν
2510 5052 2589 5102 ὅτι
2617 5050 2856 5118 ἁμαρτία
2881 5050 2937 5100 ὲν
2963 5049 3092 5115 ἡμῖν
3115 5048 3211 5097 οὐκ
3240 5045 3402 5107 ἔστιν,
3428 5042 3650 5103 ἑαυτοὺς
3674 5040 3821 5092 ἀπα-

2322 5162 2340 5193 ι
2388 5142 2585 5209 στῶμεν,
2634 5162 2650 5192 ι
2697 5138 3127 5208 παρερμηνεύων
3161 5138 3240 5188 ὅτι
3275 5136 3373 5187 οὑκ
3411 5133 3643 5200 ἀληθῶς,
3682 5130 3820 5185 ἀλλὰ

2323 5254 2339 5281 ι
2389 5232 2821 5299 ταπεινοφρόνως
2854 5230 3037 5298 εἴρηκε
3067 5228 3243 5291 τοῦτ’),
3276 5226 3541 5293 ἀνάθεμα.
3588 5242 3606 5273 ι

2334 5323 2549 5389 Ἐπειδὴ
2602 5323 2796 5383 πάντες
2843 5322 2898 5372 ὲν
2943 5320 3231 5388 ἁμαρτίαις
3279 5318 3464 5385 ἐσμὲν,
3507 5315 3599 5367 καὶ
3640 5314 3819 5375 οὐδεὶς

2253 5414 2487 5482 καθαρὸς
2526 5413 2631 5463 ἀπὸ
2673 5412 2868 5479 ρύπου,
2902 5411 3093 5463 οὐδ’ἆν
3132 5412 3227 5479 μία
3260 5410 3440 5477 ἡμέρα
3478 5408 3593 5467 ὅλος
3629 5408 3657 5457 6
3700 5404 3817 5472 βίος

2252 5502 2410 5555 αὐτοῦ
2431 5504 2596 5553 ἐστιν’
2629 5500 2923 5568 ἁναθὲματι
2947 5500 3099 5551 ἔσται
3120 5500 3297 5568 ἔνοχος
3316 5501 3342 5549 6
3361 5498 3530 5563 λέγων
3559 5510 3813 5547 ταπεινο-

2253 5599 2479 5669 gap/non,
2502 5598 2593 5649 καὶ
2623 5595 2696 5664 μὴ
2724 5596 2932 5665 ἀληθῶς
2963 5596 3108 5665 παρᾶ
3133 5594 3225 5650 τοῦ
3246 5593 3542 5647 ἀποστόλου
3561 5590 3815 5659 εἰρῆσθαι
