4002 6314
677 349 781 410 379

1917 370 2192 431 THEOD.
2238 374 2631 437 BALSAMON

3748 395 3850 454 380

675 451 806 517 ipsis
841 473 852 507 :
891 467 942 507 et
997 458 1266 517 adducunt
1315 466 1614 521 testimonia
1666 486 1833 526 sacrae
1879 475 2164 545 Scriptum

2267 514 2274 537 ι
2303 483 2414 532 τεῒν
2445 483 2541 548 τὴν
2572 485 2761 550 ἄφεσιν
2792 484 2899 538 τῶν
2931 487 3207 556 ἁμαρτιῶν
3227 529 3240 552 ,
3271 489 3403 543 ἀλλά
3435 503 3523 546 καὶ
3555 499 3689 565 ὑπὲρ
3717 503 3843 551 ἐαυ-

673 554 834 594 unum
868 547 1075 610 quidem
1102 564 1164 603 ex
1201 551 1432 618 Epistola
1484 556 1667 612 Jacobi
1723 561 1904 617 fratris
1954 565 2161 621 Domini
2190 610 2204 636 ,

675 629 872 697 reliqua
901 647 1074 688 autem
1107 653 1169 692 ex
1204 639 1381 696 Veteri
1406 642 1771 705 Testamento.

667 822 888 879 AliIST.
932 847 949 878 ι
987 829 1082 893 Qui
1126 835 1249 887 illud
1285 854 1296 886 :
1333 837 1545 893 Dimitte
1594 845 1736 897 nobis
1766 848 1938 901 debita
1988 863 2200 919 nostra;

745 933 760 962 ι
803 932 918 983 quae
943 923 1226 976 multorum
1251 939 1376 979 sunt
1405 929 1606 995 dicere,
1639 943 1693 987 et
1742 951 1845 990 non
1874 953 1990 1005 quae
2019 944 2198 1008 singu-

739 1022 756 1053 ι
801 1007 968 1059 Inrutn
1001 1020 1052 1063 et
1077 1018 1307 1081 propria,
1343 1022 1578 1087 exponit,
1607 1027 1888 1080 anathema
1925 1031 1996 1084 sit
2026 1049 2040 1083 :
2073 1047 2193 1086 cum

737 1110 756 1139 ι
799 1093 1068 1150 υςιιιιθιειιι
1095 1103 1253 1153 etiant
1303 1120 1421 1158 cum
1458 1110 1635 1163 ntultis
1679 1113 1940 1168 dicentem
1975 1119 2189 1173 videat:

733 1199 751 1229 ι
795 1179 1068 1250 Confessus
1106 1206 1218 1242 sunt
1257 1197 1466 1257 peccata
1516 1212 1646 1259 mea,
1673 1209 1721 1252 et
1767 1215 1974 1267 peccata
2018 1211 2194 1273 populi

731 1286 749 1318 ι
790 1287 908 1324 ιηιί.
953 1294 973 1326 1

733 1359 832 1424 Qui
866 1379 1139 1435 perperam
1187 1372 1590 1443 interpretatur,
1623 1382 1759 1448 quod
1814 1387 1982 1438 sancti
2033 1386 2185 1450 illud,

655 1450 870 1504 Remitte
922 1459 1065 1510 nobis
1098 1463 1291 1528 debita,
1351 1467 1612 1534 dicentes,
1675 1487 1779 1525 non
1839 1490 1935 1542 pro
1991 1477 2184 1545 seipsis

652 1553 930 1603 precantes
969 1547 1094 1601 illud
1118 1551 1320 1617 dicunt,
1353 1566 1537 1610 utnon
1584 1561 1840 1616 habentes
1884 1576 2181 1631 peccatum,

648 1644 710 1681 ac
742 1629 860 1684 ideo
893 1639 1193 1700 precatione
1227 1642 1324 1696 ista
1361 1660 1460 1698 non
1501 1648 1772 1716 indigent,
1805 1629 1896 1706 sed
1932 1669 2028 1722 pro
2058 1670 2182 1723 pec-

645 1722 913 1776 catoribus
937 1728 1234 1783 oralionem
1264 1733 1420 1786 istam
1456 1735 1561 1790 Deo
1599 1739 1850 1805 oderunt,
1899 1722 2176 1800 anathema

643 1809 732 1862 sit.
763 1812 993 1868 Sanctus
1020 1821 1158 1872 enim
1189 1833 1240 1876 et
1271 1827 1448 1888 justus
1495 1837 1612 1882 erat
1632 1833 1903 1898 apostolus
1925 1833 2174 1902 Jacobus,

643 1901 857 1964 quando
885 1904 1040 1965 dixit,
1073 1907 1138 1961 In
1168 1913 1342 1964 multis
1376 1917 1510 1968 enim
1552 1934 1822 1984 percautus
1877 1939 2046 1978 omnes
2075 1939 2093 1976 :
2126 1901 2178 1979 et

643 1987 829 2044 Daniel
858 1992 906 2044 in
936 1998 1175 2053 oratione
1201 2003 1314 2068 ejus
1345 2023 1560 2062 numero
1586 2011 1778 2078 plurali
1808 2015 2008 2081 dicens,
2042 2015 2174 2069 Pec-

635 2081 883 2144 cavimus,
939 2085 1096 2154 legem
1153 2098 1468 2162 transgressi
1496 2115 1672 2156 sumus
1720 2111 1772 2157 et
1806 2119 2029 2174 czetera;
2077 2110 2172 2163 de-

632 2171 755 2223 inde
790 2185 841 2226 et
872 2175 1216 2242 singulariter
1241 2186 1459 2249 addens,
1493 2190 1773 2256 Confessus
1801 2212 1916 2248 sum
1958 2211 2169 2263 peccata

633 2275 767 2325 mea,
803 2273 849 2314 et
875 2278 1083 2332 peccata
1117 2275 1295 2338 populi
1326 2279 1424 2329 mei
1458 2278 1680 2335 Domino
1715 2283 1824 2337 Deo
1857 2304 1988 2341 mea.

1168 2445 1394 2504 CANON
1431 2454 1632 2511 CXVII.

635 2545 651 2574 σ
697 2528 847 2594 Quod
879 2548 905 2585 a
933 2538 1132 2590 sanctis
1167 2555 1288 2594 vere
1321 2545 1538 2608 dicitur,
1572 2548 1785 2604 Dimitte
1827 2554 1971 2607 nobis
1995 2558 2164 2609 debita

700 2639 719 2670 ι
759 2636 932 2675 nostra
957 2628 1018 2677 ⁵⁸.
1059 2627 1313 2684 Similiter
1344 2634 1560 2700 placuit,
1608 2649 1663 2691 ut
1697 2643 1999 2710 quicunque
2052 2648 2165 2700 II:ch

699 2729 716 2759 ι
758 2716 914 2766 verba
964 2716 1234 2774 Orationis
1288 2724 1592 2788 Dentinicze,
1647 2732 1734 2780 ubl
1787 2733 2032 2798 dicimus,
2070 2737 2160 2789 Di-

697 2821 715 2850 ι
757 2805 897 2858 mitte
958 2809 1103 2861 nobis
1156 2812 1326 2865 debita
1376 2825 1569 2876 nostra,
1623 2821 1698 2871 sic
1743 2821 1922 2876 volunt
1975 2826 2077 2877 dici
2133 2843 2160 2879 a

697 2909 713 2940 ι
757 2896 980 2959 sanctis,
1011 2907 1146 2951 utea
1179 2901 1468 2968 humiliter,
1519 2921 1626 2958 non
1666 2924 1789 2963 vere
1839 2914 1977 2967 dicta
2017 2915 2157 2981 sint;

698 3001 714 3031 ι
758 2984 860 3035 sint
891 2986 1192 3040 anathema.
1226 2991 1353 3054 Quis
1379 2994 1520 3046 enim
1569 2995 1703 3051 ferat
1750 3015 2076 3068 precantem,
2104 3018 2156 3060 et

692 3093 710 3122 ι
755 3090 860 3128 non
917 3077 1242 3144 hominibus,
1305 3086 1393 3137 sed
1452 3088 1554 3140 Deo
1610 3095 1952 3148 mentientem

694 3183 711 3215 ι
756 3164 918 3218 labris
941 3167 1101 3234 dicat,
1137 3173 1269 3229 velle
1297 3174 1393 3226 sibi
1424 3179 1618 3230 remitti
1641 3218 1654 3241 ,
1687 3184 1778 3234 sed
1809 3188 1968 3238 corde
1994 3189 2154 3248 dicat,

694 3273 711 3305 ι
753 3270 810 3308 se
839 3271 940 3307 non
970 3259 1164 3312 habere
1195 3272 1432 3328 peccata,
1459 3279 1576 3334 qua:
1608 3269 1708 3322 sibi
1740 3274 2108 3328 dimittantur?
2135 3298 2151 3327 ι

689 3600 876 3654 BALS.
908 3601 1149 3658 Prmsens
1177 3621 1385 3674 quoque
1415 3625 1582 3665 canon
1623 3625 1703 3668 est
1749 3618 1984 3683 ejusdem
2034 3640 2157 3678 sen-

615 3692 812 3754 tcntim,
845 3708 965 3745 cmn
990 3695 1137 3759 dicit,
1170 3695 1298 3764 Quis
1328 3701 1469 3752 enim
1502 3717 1622 3756 eum
1657 3706 1811 3771 feret,
1845 3711 1933 3778 qui
1979 3716 2153 3770 verbis

611 3784 824 3849 quidem
847 3786 980 3850 petit
1005 3789 1368 3844 remissionem
1403 3804 1761 3860 peccatorum,
1787 3802 1950 3854 corde
1971 3817 2149 3859 autem

613 3886 669 3923 se
692 3888 794 3924 non
820 3874 1014 3928 habere
1040 3889 1258 3942 peccata
1284 3881 1583 3948 existimet;
1616 3893 1664 3938 et
1691 3902 1792 3940 non
1823 3889 2150 3960 hominibus,

612 3961 704 4011 sed
743 3961 846 4016 Deo
877 3965 1166 4018 mentitur?

681 4046 929 4104 ZONAR.
968 4052 1209 4108 Prresens
1233 4073 1442 4127 quoque
1466 4076 1634 4118 canon
1658 4077 1740 4121 est
1761 4071 1995 4138 ejusdem
2027 4089 2149 4128 sen-

611 4141 810 4204 tentiae,
838 4153 889 4192 et
929 4145 1252 4200 anathemati
1286 4149 1496 4216 subjicit
1534 4169 1677 4222 eum,
1725 4162 1813 4227 qui
1861 4162 1935 4216 ita
1967 4166 2145 4229 sentit,

609 4232 826 4284 dicens:
860 4232 988 4297 Quis
1017 4237 1158 4289 enint
1205 4253 1324 4291 eum
1353 4243 1508 4310 ferat,
1544 4245 1646 4300 hoc
1676 4260 1776 4313 est,
1833 4255 1953 4319 quis
1987 4257 2150 4308 susti-

609 4329 732 4374 neat
789 4331 842 4375 et
870 4323 1099 4388 patiatur
1131 4341 1274 4391 eum,
1307 4331 1397 4396 qui
1431 4333 1606 4388 verbis
1637 4339 1847 4401 quidem
1883 4344 2010 4408 petit
2058 4361 2145 4397 re-

2003 3114 2015 3148 :
2068 3099 2153 3165 qui
2182 3117 2226 3176 ρ

2306 571 2433 622 τῶν.
2468 574 2573 625 Καὶ
2609 579 2905 641 μαρτυρίας
2935 579 3252 645 ἐπιφέρουσι
3287 586 3586 649 γραφικὰς,
3625 588 3747 653 μίαν
3779 592 3842 643 ἐκ

2306 662 2401 730 τῆς
2431 667 2715 733 ἐπιστολῆς
2745 669 2833 718 τοῦ
2863 670 3176 736 ἁδελφοθέου
3211 672 3492 737 Ἰακώϐου,
3521 676 3613 737 τὰς
3640 679 3693 729 δὲ
3726 680 3838 731 λοι-

2303 752 2410 812 πὰς
2439 755 2500 804 ὲκ
2525 759 2621 822 τῆς
2651 758 3004 824 παλαιοτέρας
3034 759 3268 828 Γραερῆς.

2299 840 2514 895 ΑΡΙΣΤ.
2555 862 2572 893 ι
2614 845 2672 896 '0
2705 846 3072 914 παραφράζων
3098 849 3175 912 τὸ,
3209 850 3387 916 Ἄφες
3416 853 3554 918 ἡμῖν
3592 855 3661 906 τὰ
3683 857 3837 922 ὀφει-

2379 949 2397 980 ι
2440 932 2673 998 λήματα
2719 935 2917 1001 ἡμῶν,
2961 939 3026 988 τὰ
3071 938 3177 989 τῶν
3246 939 3451 993 πολλῶν
3494 943 3695 1007 λέγειν,
3740 949 3836 997 καὶ

2375 1037 2393 1070 ι
2436 1022 2530 1089 οὐχ
2560 1023 2784 1074 ἑκάστου
2815 1025 2907 1077 καὶ
2931 1026 2998 1076 τὰ
3021 1029 3211 1087 οἰκεῖα,
3239 1029 3483 1096 ἀνάθεμα
3503 1045 3514 1058 ⁸
3545 1033 3678 1096 μετὰ
3708 1033 3834 1083 πολ-

2371 1128 2389 1159 ι
2435 1109 2540 1162 λῶν
2581 1115 2670 1163 καὶ
2710 1114 2907 1182 Δανιὴλ
2947 1114 3156 1182 βλέπων
3198 1115 3442 1183 λέγοντα,
3503 1120 3828 1187 Ἐξωμολο-

2368 1218 2386 1249 ι
2433 1201 2660 1267 γούμην
2696 1203 2799 1266 τὰς
2820 1205 3102 1271 ἀμαρτΙας
3127 1221 3264 1272 μου,
3305 1205 3529 1271 καὶτὰς
3549 1209 3832 1277 ἁμαρτίας

2365 1306 2383 1338 ι
2426 1288 2531 1340 τοῦ
2561 1289 2713 1343 λαοῦ
2730 1308 2867 1357 μου.
2913 1311 2932 1343 t

2375 1380 2431 1433 '0
2463 1383 2887 1450 παρερμηνεὺων
2915 1383 2988 1446 ὡς
3018 1387 3067 1438 οἱ
3095 1387 3237 1453 ἅγιοι
3266 1388 3353 1452 τὸ,
3385 1391 3563 1455 Ἀςρες
3593 1392 3730 1458 ἡμῖν
3761 1395 3832 1447 τὰ

2287 1470 2650 1539 ὀφειλήματα
2669 1512 2683 1532 ,
2715 1472 2989 1537 λέγοντες,
3024 1475 3121 1543 οὐχ
3151 1476 3286 1544 ὑπὲρ
3319 1478 3523 1530 ἑαυτῶν
3551 1481 3829 1547 εὐχόμενοι

2283 1560 2437 1614 τοῦτο
2483 1563 2752 1628 λέγουσιν,
2793 1564 2867 1624 ὡς
2913 1565 2985 1633 μὴ
3027 1564 3238 1633 ἔχοντες
3281 1568 3570 1635 ἁμαρτίας,
3612 1570 3702 1628 καὶ
3739 1571 3829 1622 διὰ

2281 1645 2435 1699 τοῦτο
2465 1648 2598 1716 μηδὲ
2623 1649 2859 1718 δεόμενοι
2883 1651 2978 1718 τῆς
3011 1652 3272 1722 αίτήσεως
3296 1653 3494 1724 ταύτης
3513 1672 3526 1686 ·
3552 1655 3661 1707 ἀλλ’
3687 1657 3825 1724 ὑπὲρ

2279 1736 2386 1788 τῶν
2412 1737 2746 1806 ἁμαρτωλῶν
2771 1738 2867 1808 τὴν
2899 1741 3103 1794 ἱκεσίαν
3129 1742 3332 1810 ταύτην
3361 1746 3714 1813 προσφέρουσι
3745 1748 3824 1815 τῷ

2207 1801 2252 1860 Β
2279 1823 2413 1892 Θεῷ,
2580 1801 2860 1896 ἀνάθεμα·
2887 1829 3037 1896 ἅγιος
3065 1831 3170 1899 γὰρ
3199 1801 3300 1882 καὶ.
3319 1801 3524 1894 δίκαιος
3545 1801 3610 1902 ην
3639 1801 3825 1912 Ίᾲκωῖ-

2277 1913 2370 1976 60;
2417 1916 2446 1966 6
2497 1917 2825 1982 ἀπόστολος,
2872 1920 2960 1971 ὅτε
3012 1917 3233 1985 ἔλεγεν
3274 1920 3372 1973 Ἐγ
3419 1924 3668 1989 πολλοῖς
3714 1927 3823 1993 γὰρ

2275 2002 2683 2073 ἁμαρτάνομεν
2707 2007 2925 2073 πάντες
2944 2024 2957 2038 ⁶
2985 2009 3076 2061 καὶ
3105 2013 3130 2062 6
3153 2011 3350 2082 Δανιὴλ
3373 2012 3429 2063 ἐν
3451 2015 3514 2081 τῇ
3546 2018 3816 2082 προσευχῇ

2273 2091 2436 2144 αὑτοῦ
2474 2093 2841 2162 πληθυντικῶς
2869 2098 3070 2164 λέγων⁸
3101 2101 3480 2169 Ἠμάρτομεν,
3512 2103 3817 2169 ἠνομήσα-

2267 2195 2402 2245 μεν,
2436 2181 2530 2230 καὶ
2557 2181 2621 2232 τὰ
2654 2181 2844 2234 λοιπά.’
2876 2180 2991 2236 εἶτα
3025 2187 3116 2238 καὶ
3151 2188 3328 2250 ίδικῶς
3362 2191 3576 2254 ἐπάγων
3602 2207 3615 2219 ·
3649 2192 3823 2253 Ἐξω-

2267 2270 2654 2337 μολογθούμην
2682 2271 2785 2335 τὰς
2816 2274 3099 2340 ἁμαρτίας
3125 2294 3264 2343 μου,
3287 2279 3379 2329 καὶ
3405 2279 3509 2344 τὰς
3538 2281 3824 2346 ἁμαρτίας

2270 2357 2374 2408 τοῦ
2403 2358 2554 2410 λαοῦ
2578 2377 2694 2426 μου
2724 2363 2912 2428 Κυρίῳ
2942 2361 3018 2426 τῷ
3050 2363 3169 2428 Θεῷ
3196 2382 3333 2433 μου.

2841 2454 3072 2504 ΚΑΝΩΝ
3108 2453 3249 2508 ΡΙΖ’.

2278 2555 2295 2585 ι
2323 2537 2441 2588 Ὀτι
2484 2540 2696 2608 ἀληθῶς
2736 2541 2842 2593 ὰπὸ
2882 2543 2984 2593 τῶν
3026 2544 3191 2621 ἁγίων
3231 2545 3446 2612 λέγεται
3497 2547 3574 2610 τὸ,
3647 2550 3818 2613 Ἄφες

2343 2646 2358 2676 ι
2405 2629 2546 2694 ἡμῖν
2593 2631 2662 2682 τὰ
2702 2631 3063 2700 ὀφειλήματα
3110 2631 3297 2701 ἡμῶν.
3348 2636 3573 2703 Ὁμοίως
3627 2639 3818 2705 ἤρεσεν

2348 2736 2364 2767 ι
2415 2720 2498 2770 ἵνα
2527 2722 2723 2784 οἵτινες
2752 2723 2946 2790 δήποτε
2976 2723 3108 2775 αὐτὰ
3137 2726 3203 2774 τὰ
3234 2725 3453 2792 ῥήματα
3483 2726 3582 2792 τῆς
3614 2730 3819 2779 Δεσπο-

2341 2827 2359 2858 ι
2404 2812 2559 2877 τικῆς
2605 2812 2815 2879 Εὑχῆς,
2862 2813 2993 2864 ὅπου
3037 2812 3290 2882 λέγομενῖ,
3360 2815 3524 2882 Ἄφες
3562 2815 3704 2882 ἡμῖν
3741 2818 3818 2870 τὰ

2337 2913 2357 2948 ι
2402 2900 2764 2967 ὀφειλήματα
2792 2901 2993 2967 ἡμῶν,
3057 2902 3197 2954 οὕτω
3251 2903 3522 2970 βούλονται
3561 2905 3664 2957 ἀπὸ
3705 2907 3816 2960 τῶν

2342 3007 2358 3039 ι
2403 2990 2569 3056 ἁγίων
2592 2991 2860 3050 λέγεσθαι,
2884 2993 2956 3054 ὡς
2979 2994 3415 3062 ταπεινοφρόνως
3441 2997 3532 3046 καὶ
3560 2998 3655 3048 οὐκ
3681 2997 3814 3064 άλη-

2338 3098 2353 3127 ι
2402 3079 2507 3142 θῶς
2533 3081 2698 3132 ταῦτα
2728 3081 2995 3149 λεχθῆναι,
3025 3083 3266 3151 ἀνάθεμα
3295 3086 3402 3152 εἴη.
3431 3085 3524 3145 Τίς
3553 3087 3657 3153 γὰρ
3686 3087 3800 3137 ὑπε-

2341 3189 2357 3220 ι
2405 3175 2584 3236 νέγκοι
2623 3173 2708 3223 τὸν
2741 3174 3046 3240 εὐχόμενον,
3089 3174 3179 3224 καὶ
3221 3174 3294 3240 μὴ
3337 3173 3658 3242 ἀνθρώποις,
3695 3177 3814 3228 ἀλλ’

2335 3279 2352 3308 ι
2400 3262 2545 3328 αὐτῷ
2580 3261 2654 3328 τῷ
2696 3263 2881 3329 Κυρίῳ
2916 3264 3268 3329 ψευδόμενον,
3304 3264 3393 3318 τὸν
3425 3270 3536 3328 τοῖς
3578 3268 3813 3334 χείλεσιν

2334 3367 2350 3398 ι
2398 3350 2557 3401 αὑτοῦ
2598 3351 2817 3415 λέγοντα
2857 3353 3026 3410 Θέλειν
3070 3353 3360 3420 ἀφεθῆναι,
3402 3359 3464 3422 τῇ
3506 3356 3560 3407 δὲ
3605 3357 3804 3427 καρδίᾳ

2332 3455 2348 3486 ι
2397 3438 2617 3504 λέγοντα
2645 3439 2738 3500 τὰς
2770 3438 3082 3505 ὀφειλούσας
3112 3442 3376 3508 ἀφεθῆναι
3407 3444 3677 3511 ἁμαρτίας
3708 3448 3806 3496 αὑ-

2333 3547 2349 3576 ι
2395 3529 2490 3596 τῷ,
2521 3529 2592 3596 μὴ
2621 3529 2794 3596 ἐχειν;
2842 3549 2859 3579 ι

2323 3620 2508 3672 ΒΑΛΣ.
2559 3621 2666 3673 Καὶ
2710 3622 2736 3671 6
2785 3619 2973 3688 παρὼν
3021 3620 3197 3674 κανὼν
3245 3623 3339 3688 τῆς
3386 3623 3552 3690 αὐτῆς
3600 3625 3806 3688 ἑννοίας

2253 3711 2388 3769 ἐστὶ,
2425 3711 2615 3776 λέγων,
2650 3710 2742 3772 Τίς
2775 3712 2883 3780 γὰρ
2917 3709 3162 3773 ἀνέξεται
3196 3712 3286 3763 τὸν
3319 3715 3428 3775 τοῖς
3465 3715 3667 3782 ῥήμασι
3707 3717 3808 3783 μὲν

2251 3801 2438 3866 ἄφεσιν
2473 3799 2799 3866 σφαλμάτων
2829 3799 3110 3862 αἰτοῦντα,
3140 3803 3203 3868 τῇ
3233 3801 3288 3852 δὲ
3325 3802 3517 3872 καρδίᾳ
3552 3804 3624 3874 μὴ
3656 3805 3803 3873 ἔχειν

2250 3891 2591 3958 λογιζόμενον
2621 3889 2917 3958 ἁμαρτίας,
2948 3891 3040 3942 καὶ
3074 3889 3172 3942 οὐκ
3202 3891 3532 3961 ἀνθρώποις,
3565 3895 3698 3947 ἀλλὰ
3725 3896 3804 3964 τῷ

2251 3981 2441 4047 Κυρίῳ,
2461 3980 2788 4047 ψευδόμενον
2806 3997 2821 4043 ;

2321 4069 2564 4122 ΖΩΝΑΡ.
2605 4071 2714 4122 Καὶ
2752 4071 2779 4120 6
2818 4068 3008 4139 παρὼν
3044 4069 3224 4122 κανὼν
3264 4070 3361 4139 τῆς
3399 4070 3565 4137 αὐτῆς
3606 4073 3809 4136 ἑννοίας

2249 4159 2364 4211 ἐστὶ
2383 4201 2397 4224 ,
2429 4158 2522 4211 καὶ
2549 4158 2846 4226 ἀναθέματι
2877 4159 3055 4228 ἔνοχον
3085 4162 3314 4210 ποιεῖται
3343 4157 3431 4212 τὸν
3461 4161 3527 4212 τὰ
3556 4160 3691 4212 αὐτὰ
3718 4161 3809 4213 δο-

2248 4247 2498 4312 ξάζοντα,
2539 4247 2732 4312 λέγων,
2773 4246 2868 4308 Τίς
2907 4246 3012 4314 γὰρ
3057 4245 3364 4311 ὑπενέγκοι,
3401 4245 3521 4296 ἀντὶ
3552 4246 3668 4308 τοῦ,
3705 4247 3804 4310 Τίς

2245 4339 2352 4407 γὰρ
2385 4336 2662 4405 ὑπομείνοι
2696 4339 2788 4388 καὶ
2819 4336 3171 4402 καταδέξηται
3201 4335 3289 4386 τὸν
3316 4337 3426 4397 τοῖς
3462 4337 3664 4405 ῥήμασι
3702 4337 3802 4405 μὲν

611 4410 915 4464 missionem
949 4424 1308 4481 peccatorum,
1339 4423 1496 4474 corde
1518 4433 1694 4477 autem
1727 4441 1782 4480 se
1814 4446 1914 4482 non
1950 4435 2144 4488 habere

2267 4428 2439 4493 ἱφεσιν
2472 4425 2798 4493 σφαλμάτων
2829 4423 3114 4488 αἰτοῦντα,
3144 4427 3210 4492 τῇ
3242 4424 3298 4475 δὲ
3327 4425 3521 4492 καρδέᾳ
3555 4425 3626 4493 μὴ
3658 4426 3803 4493 ἔχειν

607 4503 820 4563 peccata
877 4499 1178 4569 existimet;
1237 4515 1291 4558 et
1349 4523 1451 4560 non
1516 4510 1841 4579 hominibus,
1888 4521 1978 4573 sed
2040 4524 2142 4577 Deo

604 4591 897 4643 incutitur?

1115 4684 1340 4740 CANON
1399 4690 1629 4746 CXVIII.

609 4783 627 4815 ι
675 4769 744 4820 De
775 4771 1003 4838 populis,
1035 4773 1122 4840 qui
1147 4792 1173 4826 :t
1209 4775 1504 4833 Donatistis
1534 4797 1948 4843 convertuntur.
1983 4790 2144 4844 Simi-

679 4875 698 4905 ι
743 4859 863 4912 liter
893 4863 1110 4928 placuit,
1151 4869 1400 4932 quoniam
1448 4881 1569 4926 ante
1617 4875 1817 4943 aliquot
1865 4895 2032 4936 annos
2089 4885 2140 4936 in

676 4963 693 4994 ι
739 4946 839 4999 hac
867 4949 1089 5002 ecclesia
1147 4952 1300 5018 plena
1359 4960 1560 5022 synodo
1607 4961 1880 5016 deﬁnitum
1930 4978 2031 5032 est,
2087 4980 2142 5021 ut

679 5050 696 5081 ι
740 5049 1066 5103 ιιιιιιιοιιιιιιιιθ
1114 5039 1372 5104 ecclesiae,
1430 5043 1482 5096 in
1539 5047 1756 5101 dimcesi
1811 5053 1962 5116 sine,
2018 5068 2142 5110 ante

676 5143 694 5173 ι
737 5124 877 5192 leges
926 5130 991 5179 de
1047 5127 1337 5184 Donatistis
1406 5135 1576 5188 editas
1639 5139 1912 5196 catholica:
1990 5145 2140 5199 factm

679 5233 695 5262 ι
741 5213 958 5281 fuerint,
990 5220 1054 5272 ad
1092 5220 1387 5275 illas-sedes
1416 5227 1766 5294 pertinerent,
1794 5245 1889 5298 per
1915 5249 2136 5300 quarum

677 5321 693 5352 ι
740 5305 1012 5374 episcopos
1039 5325 1305 5378 persuasae
1337 5315 1612 5370 catholicae
1670 5321 1852 5372 unioni
1901 5336 2137 5377 commu-

680 5415 697 5442 ο
741 5398 1016 5465 nicarunt;
1051 5412 1166 5469 post
1196 5404 1338 5473 leges
1374 5418 1570 5472 autent,
1618 5426 1948 5480 qnmcuttque
1991 5429 2135 5467 cont-

677 5505 693 5535 ι
737 5489 1094 5557 tnunicarunt,
1156 5497 1218 5547 ad
1278 5497 1393 5551 illas
1452 5500 1812 5565 pertinerent,
1874 5504 1938 5558 ad
2006 5521 2140 5572 quas

616 5670 657 5696 ελ
682 5668 871 5723 MttlIIt.
910 5686 979 5739 \‘t,
1012 5673 1090 5727 1-5.

2243 4515 2588 4585 λογιζόμενον
2619 4517 2922 4583 ἁμαρτίας,
2953 4513 3042 4565 καὶ
3072 4514 3170 4564 οὐκ
3203 4514 3536 4582 ἀνθρώποις,
3568 4515 3698 4567 ἀλλὰ
3724 4517 3804 4585 τῷ

2247 4608 2434 4675 Κυρίῳ
2465 4606 2789 4674 ψευδόμενον
2811 4623 2825 4671 ;

2815 4696 3048 4750 ΚΑΝΩΝ
3081 4694 3227 4749 PIH'.

2251 4805 2270 4837 ι
2319 4788 2453 4855 Περὶ
2502 4788 2610 4838 τῶν
2656 4787 2799 4840 λαῶν
2844 4785 2951 4836 τῶν
2997 4785 3100 4836 ἀπὸ
3145 4785 3252 4837 τῶν
3298 4783 3633 4837 Δονατιστῶν
3679 4784 3802 4834 ἔπι-

2321 4895 2339 4927 (
2387 4877 2741 4944 στρεφόντων.
2775 4875 3005 4943 Ὁμοίως
3035 4875 3252 4943 ἤρεσεν,
3287 4872 3474 4944 ἐπειδὴ
3507 4875 3610 4944 πρό
3637 4890 3800 4923 τινων

2320 4984 2337 5014 ι
2382 4964 2641 5017 ἐνιαυτῶν
2669 4967 2724 5018 ὲν
2748 4966 2915 5036 ταύτῃ
2934 4970 2996 5036 τῇ
3021 4963 3283 5033 ἐκκλησίᾳ
3308 4964 3704 5033 πεπληρωμένη
3727 4966 3796 5032 τῇ

2318 5069 2334 5100 ι
2385 5049 2581 5118 συνόδῳ
2621 5050 2860 5118 ὡρίσθη,
2905 5053 2995 5104 ἶνα
3028 5046 3329 5120 οἱαιδῆποτε
3375 5053 3694 5120 ἐκκλησίαι,
3736 5053 3798 5102 ὲν

2319 5160 2334 5190 ι
2380 5140 2639 5208 διοικήσει
2669 5142 3034 5205 καθεστῶσαι,
3064 5143 3165 5211 πρὸ
3195 5143 3300 5195 τῶν
3327 5143 3510 5211 νόμων
3538 5143 3640 5193 τῶν
3669 5145 3798 5211 περὶ

2329 5251 2346 5281 ι
2392 5231 2503 5284 τῶν
2537 5234 2869 5285 Δονατιστῶν
2925 5235 3244 5287 ὲντεθέντων
3278 5234 3560 5286 καθολικαὶ
3592 5233 3795 5300 γένων-

2316 5344 2331 5374 ι
2379 5341 2502 5386 ται,
2545 5326 2776 5387 ἐκείνοις
2814 5328 2925 5387 τοῖς
2965 5326 3173 5396 Θρὸνοις
3213 5327 3513 5394 ἀνήκωσιν,
3557 5319 3790 5378 ὧντινων

2319 5435 2336 5466 ι
2381 5417 2468 5468 διὰ
2504 5417 2610 5467 τῶν
2649 5417 2958 5470 ἐπισκόπων
2999 5421 3387 5486 προτραπείσαι
3425 5421 3490 5488 τῇ
3535 5419 3795 5488 καθολικῇ

2323 5525 2338 5555 ι
2390 5508 2540 5576 ἐνάτη
2555 5526 2596 5559 τι
2624 5498 2982 5576 ἐκοινώνησα-ι
3004 5525 3015 5537 ·
3050 5509 3182 5575 μετὰ
3211 5509 3263 5560 δὲ
3293 5510 3412 5571 τοὺς
3441 5511 3635 5577 νόξωυς
3660 5510 3802 5561 οἶαι·-
