4002 6314
227 357 338 418 385

1343 350 1424 413 ΙΝ
1454 352 1616 415 CAN.
1651 354 1798 413 CXX
1827 351 2034 412 CONU.
2069 351 2250 410 CAR'.
2266 349 2436 410 HAG.

3319 349 3421 411 383

308 464 500 520 ΒΑΛΣ.
545 462 629 526 Ὠς
675 463 847 526 ἔοικε,
893 463 1046 532 νόμοι
1104 463 1609 533 προεθεσπίσθησαν
1655 464 1781 530 περί

1951 459 2145 514 BALS.
2183 461 2246 515 Ut
2273 473 2354 514 est
2389 457 2701 525 verisimile,
2734 460 2876 528 leges
2906 462 2972 515 tle
3003 461 3272 529 regionum
3303 463 3425 514 lini-

230 550 347 602 τῶν
391 549 630 619 ἐνοριῶν.
676 551 824 602 Ἐπεὶ
846 550 900 602 δέ
930 553 1022 602 καὶ
1053 551 1188 619 μετᾶ
1234 553 1294 603 τδ
1349 552 1570 613 τούτους
1598 554 1777 616 ἐκφω-

232 638 464 707 νηθῆναι
495 638 808 705 ἁμφιῦολίαι
834 638 1152 700 ἀνέκυπτον,
1193 638 1396 706 ῶρισαν
1426 639 1476 690 οῖ
1509 638 1777 704 Πατέρες,

235 729 350 791 ἴνα,
401 731 492 781 ἐὰν
525 730 819 790 ὲπίσκοπός
847 746 930 791 τις
959 731 1298 799 μεταστρέψῃ
1331 730 1464 797 πρὸς
1497 729 1592 798 τὴν
1624 729 1780 798 ὀρθό-

234 818 387 880 6οξον
417 820 617 880 πίστιν,
650 822 810 870 τόπον
843 821 983 883 τινὰ,
1009 821 1175 888 ἤγουν
1210 821 1503 887 παροικίαν
1550 819 1780 886 ἔχουσαν

237 908 567 976 αἱρετικοῦς,
601 910 694 960 καὶ
727 910 929 979 κατέχῃ
960 909 1127 977 αὐτὴν
1164 902 1257 960 ἐπι
1295 907 1552 973 τριετίαν,
1584 907 1782 969 ζῶντος

238 998 338 1050 καὶ
385 998 551 1049 ταῦτα
601 998 692 1048 τοῦ
745 998 1121 1065 δικαιουμένου
1162 997 1245 1049 ἐπ’
1293 998 1426 1066 αὐτῇ
1479 996 1780 1049 ἐπισκόπου

233 1089 336 1141 καὶ
371 1088 749 1156 ἡσυχάζοντος,
783 1089 976 1156 μηκέτι
1014 1087 1139 1155 περὶ
1171 1087 1370 1153 ταύτης
1396 1085 1614 1154 ὀχληθῇ.
1662 1085 1781 1136 Ἐὰν

234 1179 298 1231 δὲ
349 1181 407 1231 ἐν
449 1181 516 1247 τῇ
553 1179 841 1245 ἐπισκοπῇ,
891 1171 925 1246 ᾖ
976 1176 1187 1242 λέγεται
1242 1175 1515 1244 διαφέρειν
1543 1177 1570 1226 ὁ
1599 1176 1782 1236 τόπος,

234 1270 342 1320 οὐκ
385 1264 452 1333 ἦν
498 1268 811 1330 ἐπίσκοπος,
848 1268 880 1333 ἡ
925 1266 1250 1334 παραδρομὴ
1292 1266 1388 1332 τῆς
1414 1264 1659 1331 τριετίας
1687 1263 1785 1316 οὐκ

241 1357 525 1426 ἐμποδίσει
555 1357 644 1407 τὸν
675 1356 812 1424 μετὰ
835 1354 1002 1407 ταῦτα
1033 1355 1368 1423 ψηφισθέντα
1399 1352 1785 1406 ἀνακαλεῖσθαι

235 1448 338 1516 τὴν
373 1446 604 1513 ἐνορίαν.
637 1447 707 1496 Τὸ
750 1445 880 1498 αὐτὸ
927 1445 980 1497 δέ
1016 1447 1236 1513 κρατεῖν
1283 1444 1376 1495 καὶ
1418 1446 1511 1496 ἐπὶ
1550 1444 1658 1494 τῶν
1692 1447 1787 1493 Ao-

239 1535 507 1589 νατιστῶν
567 1533 1015 1602 ἐπιστρεφόντων.
1081 1533 1188 1585 Καὶ
1241 1536 1268 1585 ὁ
1333 1531 1428 1600 μὲν
1484 1530 1664 1584 κανὼν
1731 1533 1788 1581 ἐν

238 1626 472 1686 τούτοις.
502 1625 573 1676 Σὺ
625 1625 680 1675 δέ
721 1623 954 1691 γίνωσκε
990 1626 1068 1676 ὅτι
1102 1626 1169 1678 τὰ
1229 1621 1656 1692 ἐκκλησιαστικὰ
1707 1621 1787 1672 δίο

243 1731 402 1775 καια,
432 1713 498 1764 τὰ
530 1714 654 1780 περὶ
681 1711 788 1763 τῶν
827 1712 1047 1781 ἑνοριῶν
1090 1712 1290 1780 δηλαδὴ
1339 1713 1429 1764 καὶ
1455 1709 1562 1760 τῶν
1594 1709 1784 1772 ἄλλων,

239 1805 294 1855 εί
330 1803 428 1869 μὲν
480 1801 619 1854 κατὰ
666 1801 990 1870 Ἐκκλησίας
1032 1801 1358 1869 ἀρμόζουσι,
1401 1800 1488 1852 δια
1539 1814 1788 1866 τριακον-
1823 1793 1863 1847 Β

237 1893 464 1953 ταετίας
512 1890 920 1943 ἀποκλείονται’
972 1892 1020 1942 εἰ
1065 1890 1120 1942 δέ
1171 1890 1310 1942 κατὰ
1350 1887 1652 1958 προσώπων
1701 1887 1787 1939 διὰ

239 1983 820 2050 τεσσαρακονταετίας.
852 1983 962 2034 Καὶ
993 1982 1262 2049 ἀνάγνωθι
1293 1982 1353 2034 τὸ
1387 1982 1566 2047 τρίτον
1588 1980 1786 2046 κεφάλ.

241 2073 338 2127 τοῦ
359 2074 540 2142 τρίτου
569 2073 746 2123 τίτλον
778 2070 869 2124 τοῦ
905 2076 944 2121 ε’
979 2070 1183 2137 βιϐλίου
1231 2070 1338 2121 τῶν
1367 2068 1666 2120 Βασιλικῶν
1697 2066 1789 2118 καὶ⁵

241 2166 309 2216 rb
353 2165 656 2216 τελευταῖον
715 2162 1006 2230 κεφάλαιον
1052 2161 1143 2213 τοῦ
1195 2160 1443 2228 δευτέρου
1484 2159 1661 2211 τίτλου
1696 2159 1788 2210 τοῦ

244 2255 414 2308 αὑτοῦ
473 2255 698 2324 βιδλίου,
756 2255 934 2320 λέγον,
987 2253 1139 2304 Πᾶσα
1188 2255 1377 2322 ἀγωγὴ
1440 2253 1789 2321 προσήκουσα

248 2347 433 2414 σεπτῴ
505 2348 656 2414 οἴκῳ,
715 2346 824 2396 εἴτε
887 2344 1210 2414 προσωπικὴ
1277 2345 1386 2394 εἴτε
1441 2336 1788 2410 ὑποθηκαρία

246 2438 422 2501 ἐστὶν,
455 2438 551 2503 οὐχ
601 2435 912 2503 ὑπερὸαίνει
965 2434 1031 2486 τὰ
1079 2433 1485 2502 τεσσαράκοντα
1538 2431 1654 2500 ἐτη,
1685 2431 1791 2482 τῶν

248 2527 600 2598 ἀρμοζουσῶν
631 2527 842 2595 ἑκάστῳ
887 2525 1018 2593 οἴκῳ
1046 2525 1266 2592 τοιούτῳ
1299 2524 1488 2589 εὐαγεῖ
1528 2522 1794 2591 προσκαί-

249 2633 362 2682 ρων
418 2611 794 2685 παραγραφῶν
856 2613 1240 2681 φυλαττουσῶν
1299 2614 1481 2680 μέντοι
1542 2627 1604 2678 γε
1669 2613 1794 2672 τοὺς

249 2708 484 2769 οἰκείους
531 2708 774 2778 χρόνους.
803 2705 966 2757 ’Ὥστε
1023 2704 1088 2756 τὰ
1135 2704 1225 2755 τοῦ
1281 2707 1541 2769 παρόντος
1573 2702 1795 2762 κανόνος

257 2798 559 2866 ἐσχόλασαν
612 2797 715 2847 ὑπὸ
754 2796 863 2846 τῶν
896 2793 1148 2846 τοιούτων
1188 2792 1498 2861 κεφαλαίων
1531 2792 1640 2845 ἀπὸ
1669 2809 1798 2843 νεα-

249 2887 360 2954 ρῶν
398 2886 830 2938 Ἰουστινιανείων
853 2883 1041 2936 ὄντων.

323 3017 564 3070 ΖΩΝΑΡ.
605 3016 696 3078 Ἐξ
719 3013 1002 3083 ἀναφορῶν
1039 3015 1144 3066 τῶν
1191 3015 1289 3082 τῆς
1323 3015 1561 3068 ’συνόδου
1594 3014 1794 3083 ταύτης

1887 553 1986 604 bus
2015 551 2160 617 prius
2196 552 2314 603 latae
2351 551 2597 604 fuerant:
2645 551 2738 603 sed
2773 552 2894 619 quia
2949 560 3224 620 postquam
3273 552 3428 605 editae

1886 653 2048 702 sunt,
2089 641 2470 694 comroversim
2509 656 2799 704 emersere,
2853 653 3155 696 statuerunt
3203 642 3424 703 Patres.

1887 742 1944 784 ut
1970 732 2014 784 si
2040 730 2158 798 quis
2184 731 2464 797 episcopus
2488 732 2552 784 ad
2575 731 2729 784 tidem
2765 732 3116 784 orthodoxam
3148 742 3428 786 converte-

1888 822 1956 872 rit
1984 822 2156 872 locum
2186 819 2413 887 aliquem
2447 833 2536 872 seu
2575 822 2881 886 paroreiam,
2910 835 3027 887 qua
3060 823 3215 873 habet
3262 821 3431 874 haere-

1891 909 2040 973 ticos,
2071 919 2123 961 et
2157 923 2273 960 eam
2299 909 2525 961 triennin
2554 909 2862 973 detinuerit,
2902 911 3056 977 idque
3089 912 3237 974 vivo,
3262 913 3350 979 qui
3379 913 3429 964 in

1888 1012 1950 1051 ea
1976 998 2064 1062 jus
2105 998 2284 1059 habet,
2313 997 2562 1064 episcopo
2584 1008 2636 1052 et
2663 1008 2866 1051 tacente
2885 1040 2898 1062 ,
2930 1000 2995 1051 de
3029 1014 3089 1053 ea
3118 1015 3182 1051 ne
3205 1002 3431 1068 amplius

1893 1085 2152 1137 turbetur.
2188 1083 2280 1136 Sin
2310 1095 2485 1137 autem
2516 1086 2567 1137 in
2599 1087 2934 1154 episcOpatu,
2968 1087 3030 1138 ad
3054 1101 3208 1154 quem
3232 1087 3425 1141 dicitur

1891 1174 2039 1226 locus
2081 1175 2368 1240 pertinere,
2397 1189 2499 1226 non
2533 1183 2649 1227 erat
2681 1175 2995 1242 episcopus;
3022 1175 3198 1243 lapsus
3223 1178 3430 1230 triennii

1891 1279 1993 1316 non
2022 1265 2272 1330 impediet
2307 1279 2450 1326 eum,
2469 1265 2558 1331 qui
2594 1273 2773 1330 postea
2797 1266 2996 1317 electus
3021 1274 3122 1328 est,
3149 1267 3433 1334 quominus

1892 1356 2182 1420 parmciam
2213 1368 2362 1405 suam
2401 1363 2630 1407 revocet.
2659 1353 2716 1405 Id
2769 1355 2938 1421 ipsum
2973 1366 3146 1408 autem
3190 1366 3432 1409 servatur

1890 1453 1942 1496 et
1976 1444 2026 1494 in
2054 1443 2358 1497 Donatistis.
2386 1442 2477 1508 qui
2508 1453 2908 1500 convertuntur.
2937 1443 3009 1498 Ac
3041 1445 3093 1498 in
3132 1445 3196 1499 iis
3221 1446 3432 1514 quidem

1892 1534 2136 1586 consistit
2164 1549 2358 1586 canon.
2394 1533 2472 1586 Tu
2518 1545 2691 1588 autem
2723 1537 2862 1589 scias
2884 1575 2899 1599 ,
2940 1539 3080 1602 quod
3113 1536 3234 1602 jura
3264 1539 3434 1590 eccle-

1893 1625 2134 1683 siastica,
2169 1640 2286 1690 quae
2317 1635 2439 1677 sunt
2468 1627 2671 1678 scilicet
2710 1627 2774 1680 de
2806 1629 3078 1696 regionum
3111 1627 3298 1681 llnibus
3329 1668 3344 1691 ,
3380 1638 3435 1681 et

1894 1715 2034 1777 aliis,
2066 1716 2108 1768 si
2134 1715 2388 1767 adversus
2415 1715 2626 1783 quidem
2657 1715 2952 1770 Ecclesium
2984 1727 3307 1784 competunt,
3335 1718 3433 1772 tri-

1892 1807 2033 1875 ginta
2068 1806 2220 1859 annis
2246 1807 2603 1860 excluduntur
2641 1823 2654 1857 :
2682 1809 2764 1859 sin
2796 1817 2971 1860 autem
3023 1811 3279 1863 adversus
3311 1824 3435 1877 per-

1894 1911 2078 1959 SOIlaS,
2113 1897 2465 1964 quadraginta
2497 1899 2670 1951 annis.
2700 1897 2764 1950 Et
2800 1899 2910 1966 lege
2935 1912 3092 1966 caput
3116 1901 3180 1964 5,
3209 1901 3343 1953 titul.
3375 1901 3430 1966 '5,

1895 1987 1982 2037 lib.
2017 2002 2046 2036 v
2085 1984 2296 2038 Basilic.
2319 1986 2637 2038 etultimum
2663 1998 2821 2055 caput
2856 1989 2936 2042 tit.
2966 1987 3001 2039 2
3025 1990 3258 2056 ejusdem
3288 1989 3429 2054 libri,

1892 2074 2032 2141 quod
2060 2074 2207 2134 dicit,
2237 2075 2422 2127 Omnis
2447 2077 2610 2137 actio,
2643 2089 2760 2142 quae
2793 2077 2856 2130 ad
2893 2079 3219 2131 venerabiles
3247 2080 3434 2132 domos

1893 2163 2125 2230 pertinet
2151 2201 2165 2224 ,
2199 2164 2308 2216 sive
2339 2163 2409 2217 sit
2464 2165 2758 2230 personalis
2791 2203 2806 2228 ,
2862 2167 2971 2218 sive
3009 2166 3386 2235 hypotltecaria
3415 2205 3430 2229 ,

1895 2254 2246 2319 quadraginta
2301 2267 2470 2306 annos
2536 2268 2639 2307 non
2695 2256 2924 2320 excedit,
2990 2257 3433 2310 convenientibus

1900 2344 2182 2410 unicuique
2229 2343 2486 2410 ejusmodi
2550 2354 2749 2400 Sanctae
2813 2345 2993 2397 domui
3058 2346 3436 2411 temporalibus

1895 2434 2373 2502 prtescriptionibus
2404 2448 2496 2487 sua
2529 2447 2762 2501 tempora
2827 2436 3184 2489 servantibus.
3233 2435 3435 2499 Quam-

1895 2525 2075 2579 obrem
2108 2540 2221 2592 qua:
2255 2525 2304 2577 in
2342 2525 2582 2591 praesenti
2603 2539 2807 2578 canone
2829 2527 3176 2580 continentur
3219 2537 3436 2594 propter

1897 2617 2006 2670 hac
2028 2619 2220 2684 capita.
2245 2631 2360 2672 aute
2386 2631 2450 2670 ex
2478 2614 2762 2670 Iustiniani
2796 2618 3014 2671 novellis
3059 2626 3203 2681 sunt,
3251 2617 3435 2671 exole‘

1899 2716 2109 2760 verunt.

1969 3011 2213 3067 ZONAR.
2247 3013 2321 3066 Ex
2357 3013 2448 3075 iis,
2493 3025 2611 3080 qua
2645 3010 2830 3079 synodi
2871 3009 3053 3063 Patres
3109 3008 3394 3062 retulerant
3420 3047 3437 3070 ,

252 3108 511 3173 Ιιατέρων
570 3107 724 3173 νόμοι
781 3104 1064 3171 ἐτέθησαν,
1109 3099 1284 3170 οἴμαι,
1337 3104 1485 3174 παρὰ
1537 3105 1790 3173 Ὀνωρίου

1899 3103 2038 3170 leges
2070 3103 2135 3155 ab
2164 3102 2487 3167 imperatore
2522 3100 2802 3170 (llonorio,
2831 3100 2882 3152 ni
2920 3099 3105 3163 fallor;
3134 3107 3253 3152 nam
3301 3100 3346 3152 is
3375 3113 3438 3150 ea

249 3197 343 3248 τσῦ
377 3194 637 3263 βασιλέως
663 3209 676 3222 ·
719 3193 922 3253 ἐκεῖνος
968 3191 1076 3260 γὰρ
1114 3187 1247 3260 ἦρχε
1299 3193 1417 3243 τότε
1467 3193 1575 3244 τῶν
1630 3195 1794 3244 ἐσπε-

252 3285 408 3350 ρίων.
438 3286 604 3351 Φησ¹ιν
651 3279 738 3334 οὖν
773 3285 800 3333 ὁ
847 3281 1024 3334 κανὼν
1057 3282 1154 3344 ὡς,
1183 3283 1229 3332 εί
1260 3282 1396 3350 μετὰ
1444 3283 1568 3343 τοὺς
1599 3283 1796 3349 νόμους

263 3375 580 3441 ἐπιστρέψει
614 3374 774 3425 τόπον
799 3373 939 3436 τινὰ,
970 3373 1134 3441 ἧγουν
1158 3372 1386 3440 ἐνορίαν,
1420 3372 1450 3440 ἢ
1483 3371 1796 3440 παροικίαν,

252 3467 374 3533 ἦτοι
397 3465 486 3514 τὸν
514 3464 568 3512 ἐν
603 3463 736 3530 αὐτῇ
769 3462 917 3524 λαὸν,
951 3462 1242 3521 ἐπίσκοπος
1277 3461 1410 3526 πρὸς
1439 3462 1535 3528 τὴν
1577 3463 1799 3529 ἑνότητα

252 3555 355 3621 τῆς
410 3553 701 3619 καθολικῆς
771 3551 1112 3619 Ἐκκλησίας.
1153 3553 1245 3602 καὶ
1303 3552 1400 3620 τὴν
1450 3552 1660 3620 ἐνορίαν
1701 3569 1796 3603 κα-

252 3645 432 3715 τάσχῃ
482 3644 540 3694 ἐν
581 3642 791 3711 τριετίᾳ
837 3642 1061 3710 μηδενὸς
1111 3642 1554 3710 ἀντιποιουμένου
1609 3645 1796 3709 ah?!“

251 3736 444 3786 ἔκτοτε
473 3731 636 3785 αὐτοῦ
669 3731 840 3795 ἔσται,
869 3732 1144 3784 τουτέστιν
1172 3732 1345 3783 οὐδενὶ
1379 3731 1595 3794 ἐξέσται
1630 3734 1799 3801 αὐτὴν

257 3824 502 3890 ὲκνικᾷν.
557 3822 682 3873 Ἐὰν
726 3821 781 3871 δέ
820 3822 877 3872 ἐν
905 3822 971 3886 τῇ
1005 3821 1299 3888 ἐπισκοπῇ,
1420 3821 1633 3887 λέγεται
1681 3822 1799 3872 δια-

255 3916 443 3982 φέρειν
472 3916 498 3963 ὁ
529 3913 710 3976 τὸτιος,
738 3911 834 3961 οὐκ
859 3905 927 3979 ἦν
952 3911 1244 3971 ἐπίσκοπος
1271 3912 1409 3962 κατά
1436 3912 1534 3980 τὴν
1563 3913 1799 3980 τριετίαν

256 4004 489 4070 ἐκείνην,
520 4002 662 4063 ὅστις
716 4000 934 4064 ἔμελλεν
985 3998 1265 4066 ἐκνικῆσαι
1316 4001 1496 4064 αὐτὸν,
1529 4001 1641 4054 ἀλλ’
1675 4002 1800 4069 ἐχή-

258 4105 417 4155 ρευεν
466 4089 500 4154 ὴ
547 4087 817 4153 ἐπισκοπὴ
849 4086 1203 4154 προεστῶτος,
1236 4087 1296 4137 οὐ
1330 4090 1800 4156 προκριματισθή-

259 4194 410 4228 σεται
444 4178 501 4226 ἐν
526 4177 588 4242 τῇ
626 4175 868 4242 μάτρικι,
897 4176 1013 4225 ἀντὶ
1037 4175 1129 4225 τοῦ
1164 4176 1222 4224 οὐ
1257 4175 1584 4244 βλαϐήσεται
1615 4179 1678 4228 ἐκ
1702 4176 1793 4228 τοῦ

259 4267 674 4332 καταγραφῆναι
722 4266 779 4314 ἐν
828 4263 893 4331 τῇ
951 4265 1238 4332 ἀπογραφῇ
1279 4265 1384 4315 τῶν
1418 4266 1798 4334 ηδιαφερόντων

256 4358 322 4423 τῇ
354 4353 642 4421 ἐκκλησίᾳ,
671 4351 706 4419 ἡ
752 4352 840 4402 ἐπ)⁵
889 4352 1126 4419 τριετίαν
1177 4354 1413 4421 ἐνεμήθη
1467 4355 1649 4418 αὑτὸν,
1683 4355 1798 4408 ἀλλ’

260 4419 473 4504 ἐξέσται
514 4419 602 4506 ντῷγ
654 4438 1215 4508 χειροτονηθησομένῳ
1255 4419 1536 4510 ἐπισκόπῳ
1571 4444 1800 4511 ζητῆσαι
1838 4419 1877 4470 D

261 4527 355 4576 καὶ
398 4523 690 4592 ἐκνικῆσατ
711 4523 892 4585 αὑτὸν,
943 4525 1094 4586 ἐντὸς
1137 4529 1380 4594 τριετίας
1423 4528 1798 4598 ψηφιζομένης

259 4614 353 4665 ἀπ’
383 4614 548 4680 αὐτῆς
605 4617 703 4680 τῆς
755 4613 986 4681 ἡμέρας,
1019 4613 1140 4666 καθ’
1183 4616 1248 4684 ἢν
1286 4617 1520 4682 ἐγένετο.
1551 4619 1719 4670 Τοῦτο
1743 4621 1800 4673 δὲ

259 4703 479 4770 κρατεῖν
505 4701 593 4751 καὶ
617 4702 706 4752 ἐπὶ
736 4701 837 4752 τῶν
869 4702 1220 4767 Δονατιστῶν,
1257 4703 1418 4768 ὥστε,
1446 4706 1541 4758 ἐὰν
1585 4709 1806 4760 ἐπίσκο-

261 4809 360 4852 πος
391 4791 566 4842 αὐτῶν
597 4792 894 4860 ἐπιστρέψῃ
925 4795 1016 4844 καὶ
1043 4793 1216 4862 ἐνωθῇ
1271 4799 1336 4864 τῇ
1384 4796 1644 4868 καθολικῇ
1684 4800 1804 4851 Ἐκε-

259 4885 478 4951 κλησίᾳ,
513 4879 571 4934 οὗ
593 4885 752 4933 τόπον
788 4886 906 4935 τινὰ
953 4884 1138 4953 ἕτερος
1187 4902 1437 4954 κατειχεν
1480 4889 1799 4954 ἐπίσκοπος,

259 4973 410 5039 ἐχειν
459 4971 619 5022 αὑτὸν
679 4971 862 5024 ἄδειαν
913 4974 1060 5034 ἐντὸς
1101 4975 1382 5040 τριετίας,
1429 4976 1803 5046 ψηφιζομένης

258 5063 440 5124 ἐξότου
502 5059 866 5126 ἐπέστρεψεν,
914 5061 1201 5130 ἀναζητεῖν
1254 5065 1380 5125 τοὺς
1436 5066 1633 5128 τόπους
1679 5071 1803 5130 τοὺς

257 5148 560 5216 ἀνήκοντας
585 5149 650 5215 τῇ
684 5147 948 5216 ἐκκλησίᾳ
978 5149 1163 5203 αὑτοῦ.

259 5465 479 5517 ΑΡΙΣΤ.
552 5483 570 5514 ι
618 5464 674 5517 Ὀ
735 5467 1120 5535 μεταστρέφων
1191 5471 1270 5532 είς
1328 5472 1654 5540 ὀρθοδοξιαν,
1709 5492 1804 5526 και

338 5570 358 5604 t
402 5555 639 5620 κατέχων
655 5554 750 5604 ἐπὶ
779 5555 1019 5622 τριετίαν
1038 5557 1137 5627 τήν
1159 5560 1581 5628 ἐπιστραφείσαν
1601 5566 1802 5630 χώραν,

336 5660 358 5689 ι
396 5641 527 5694 Ξστω
556 5643 910 5711 ἀνέγκλητος.
944 5647 1046 5698 Καὶ
1089 5649 1117 5697 ὁ
1153 5652 1541 5717 μεταστρέφων
1583 5652 1798 5702 ἐπίσκο-

1903 3199 2211 3258 tempestate
2241 3189 2508 3245 Occidenti
2564 3189 2822 3258 prmerat)
2876 3190 3103 3242 conditae
3151 3187 3318 3241 fuere.
3374 3186 3436 3240 Si

1902 3282 2018 3348 quis
2038 3283 2194 3350 igitur
2227 3284 2524 3348 episc0pus,
2547 3281 2712 3346 inquit
2741 3295 2931 3342 canon,
2961 3289 3076 3348 post
3113 3280 3253 3347 leges
3282 3279 3438 3340 latas,

1902 3369 2074 3424 locum
2119 3371 2373 3436 aliquem,
2409 3369 2677 3436 regionem
2716 3369 2961 3421 videlicet
3002 3378 3084 3419 aut
3115 3369 3398 3436 parmciam
3425 3408 3441 3432 ,

1903 3459 2120 3525 ejusque
2151 3459 2246 3511 loci
2278 3458 2548 3524 populum,
2588 3456 2832 3510 Ecclesia:
2866 3457 3142 3510 catholicae
3180 3457 3444 3524 adiunxe-

1906 3554 1995 3617 rit,
2029 3565 2248 3617 eamque
2271 3550 2535 3614 regionem
2568 3547 2780 3600 triennii
2814 3547 2987 3614 spatio
3035 3549 3243 3600 nemine
3283 3561 3446 3614 repu-

1905 3649 2098 3706 gnante
2130 3640 2443 3701 obtinuerit,
2475 3654 2537 3692 ex
2566 3653 2629 3691 eo
2671 3648 2904 3706 tempore
2961 3638 3124 3704 ipsius
3157 3638 3292 3699 erit,
3346 3638 3446 3692 hoc

1903 3737 2018 3789 est,
2053 3727 2284 3788 nemini,
2315 3737 2370 3778 ut
2399 3742 2517 3779 eum
2547 3727 2719 3780 locum
2754 3727 2851 3780 sibi
2898 3722 3148 3779 \‘endicet
3172 3765 3185 3788 ,
3245 3727 3447 3794 judicio

1904 3817 2131 3879 experiri
2157 3816 2352 3870 licebit.
2388 3815 2443 3869 Si
2479 3827 2653 3869 tamen
2684 3818 2798 3878 ejus
2823 3816 3183 3883 episc0patus,
3205 3815 3270 3869 ad
3291 3831 3446 3884 quem

1904 3906 2050 3960 locus
2075 3908 2160 3960 ille
2208 3909 2472 3973 pertinere
2501 3907 2714 3968 dicitur.
2753 3905 2928 3959 nullus
2958 3920 3019 3958 eo
3065 3915 3300 3974 tempore
3337 3908 3448 3975 epi-

1905 4007 2096 4058 sc0pus
2143 3993 2383 4045 exstabat
2436 3991 2582 4045 illum
2639 3994 3039 4057 vendicaturus,
3104 3996 3193 4047 sed
3230 3996 3444 4049 viduata

1906 4081 2153 4150 praefecte
2184 4081 2416 4135 Ecclesia
2462 4085 2707 4146 vacabat,
2764 4099 2867 4136 non
2912 4085 3339 4151 pra-judicabitur
3391 4088 3443 4138 in

1907 4169 2212 4233 matricnla;
2247 4171 2347 4223 hoc
2375 4179 2475 4233 est,
2511 4173 2756 4239 quamvis
2791 4173 2842 4224 in
2879 4174 2993 4240 ejus
3021 4174 3270 4226 Ecclesiae
3299 4175 3450 4227 tabu-

1905 4258 2004 4321 las,
2031 4272 2148 4326 quae
2176 4272 2298 4310 eum
2324 4258 2551 4311 triennio
2579 4259 2831 4324 possedit,
2864 4260 2908 4313 is
2931 4259 3079 4311 locus
3120 4261 3318 4312 relatus
3355 4261 3445 4324 sit,

1912 4363 2015 4401 non
2059 4357 2233 4399 tamen
2288 4362 2349 4401 ea
2381 4351 2492 4401 'res
2557 4351 2859 4416 episcopum
2885 4386 2900 4412 ,
2947 4347 3105 4418 653
3148 4349 3235 4416 qui
3264 4359 3448 4414 postea

1907 4447 2116 4490 creatus
2144 4435 2323 4499 fuerit,
2383 4437 2534 4490 laedet
2559 4453 2575 4501 ;
2603 4438 2696 4491 sed
2730 4453 2848 4490 eum
2892 4438 3103 4491 triennii
3135 4438 3308 4505 spatio
3335 4479 3351 4502 ,
3381 4436 3448 4490 ab

1906 4540 1968 4578 eo
1996 4527 2099 4589 die,
2133 4539 2237 4593 quo
2260 4525 2539 4592 episcopus
2564 4524 2734 4578 factus
2769 4535 2871 4588 est,
2905 4526 3256 4588 recensendo,
3295 4537 3448 4591 repe-

1909 4625 2018 4670 tere
2042 4617 2244 4684 acjure
2296 4632 2394 4670 suo
2454 4617 2651 4685 poterit
2697 4618 2996 4673 \‘endicare.
3041 4617 3188 4682 Quod
3239 4617 3449 4686 quidem

1907 4709 2065 4760 etiam
2097 4707 2147 4759 in
2173 4707 2256 4770 iis,
2282 4721 2397 4771 qua:
2422 4705 2483 4757 ad
2509 4705 2810 4760 Donatistae
2837 4717 3105 4774 spectant,
3130 4708 3448 4761 servandum

1905 4811 2020 4850 esse
2050 4796 2472 4861 decernitur;ut
2500 4797 2543 4847 si
2601 4798 2723 4862 quis
2770 4797 3027 4848 nimirum
3069 4797 3347 4864 cpiscOpus
3384 4811 3452 4851 ex

1904 4903 1968 4942 eo
1997 4903 2217 4942 numero
2244 4903 2301 4941 se
2327 4903 2536 4940 rursum
2575 4890 2638 4939 ad
2674 4888 2922 4942 Ecclesia:
2975 4891 3252 4943 catholica:
3279 4891 3453 4944 unita-

1909 4987 2011 5029 tem
2043 4977 2360 5045 aggregarit,
2390 4975 2536 5044 cujus
2570 4977 2799 5043 aliquam
2841 4978 3111 5046 regionem
3155 4980 3291 5032 alius
3332 4980 3452 5048 epi-

1906 5081 2097 5131 scopus
2128 5066 2423 5134 detinebat,
2438 5066 2548 5120 loca
2588 5069 2652 5117 ad
2680 5066 2968 5121 Ecclesium
3004 5083 3152 5122 suam
3185 5073 3453 5138 pertinen-

1909 5155 1998 5216 tia,
2027 5156 2184 5206 trium
2226 5169 2485 5206 annorum
2537 5156 2838 5220 intervallo,
2867 5173 2929 5210 ex
2981 5173 3086 5226 quo
3117 5173 3238 5212 cum
3268 5159 3454 5213 Eccle-

1906 5245 1989 5297 sia
2047 5245 2098 5295 in
2153 5244 2375 5311 gratiam
2429 5245 2622 5308 rediit,
2688 5248 2959 5314 repetendi
3037 5248 3229 5303 habeat
3283 5249 3452 5303 iaculo

1911 5345 2094 5386 tatem.

1907 5468 2127 5522 ARIST.
2164 5487 2181 5518 ι
2226 5468 2321 5532 Qui
2350 5469 2614 5536 regionem
2647 5470 2712 5522 ad
2740 5471 3096 5523 orthodoxam
3132 5471 3286 5524 [idem
3315 5483 3449 5525 con-

1985 5579 2002 5610 ι
2044 5561 2223 5621 vertit,
2258 5568 2310 5613 et
2338 5574 2651 5612 conversam
2685 5574 2778 5627 per
2811 5562 3098 5614 triennium
3136 5561 3358 5626 detinet,
3386 5565 3457 5616 sit

1982 5668 2000 5702 ι
2045 5661 2191 5706 extra
2224 5650 2431 5717 culpam
2472 5665 2482 5700 :
2517 5659 2570 5704 et
2599 5651 2876 5718 episcopus
2906 5667 2935 5705 a
2969 5651 3174 5708 Donato
3220 5667 3452 5709 conver-
