4002 6314
249 348 358 410 385

1365 342 1445 405 ΙΝ
1474 345 1638 408 CAN.
1673 346 1819 406 CXX
1849 344 2054 404 CONL‘.
2090 345 2271 403 CARZ
2287 342 2456 403 HAG.

3340 342 3442 404 383

327 455 520 512 ΒΑΛΣ.
565 454 649 518 Ὠς
697 454 869 517 ἔοικε,
913 455 1066 524 νόμοι
1124 456 1630 526 προεθεσπίσθησαν
1675 457 1801 523 περὶ

1973 452 2166 507 BALS.
2203 453 2268 508 Ut
2294 466 2374 507 est
2409 451 2721 518 verisimile,
2755 453 2896 521 leges
2927 455 2993 508 de
3024 455 3294 523 regionum
3323 457 3446 508 tlni-

251 541 366 593 τῶν
411 541 650 610 ἐνοριῶν.
696 542 845 594 Ἐπεὶ
866 542 920 594 δὲ
950 545 1042 594 καὶ
1073 543 1209 611 μετᾶ
1255 546 1316 595 τι
1369 545 1591 606 τούτους
1619 547 1798 608 ἐκφω-

254 629 484 698 ντῲἦναι
515 629 827 696 ἀμφιϐολίαι
855 630 1172 692 ἀνέκυπτον,
1213 631 1417 698 ὥρισαν
1446 632 1496 683 oi
1529 631 1797 696 Πατέρες,

257 720 370 782 ἵνα,
421 721 513 772 ἐάν
545 721 839 782 ἐπίσκοπός
867 738 950 783 τις
979 722 1319 792 μεταστρέψῃ
1351 722 1485 790 πρὸς
1517 721 1612 790 τὴν
1644 723 1800 790 ὀρθό-

255 809 408 872 δοξον
437 811 637 872 πίστιν,
669 813 830 862 τόπον
863 813 1003 875 τινα,
1029 813 1195 880 ἤγουν
1231 813 1523 880 παροικίαν
1570 812 1800 878 ἔχουσαν

257 899 586 967 αἱρετικοῦς,
620 902 714 952 καὶ
747 902 949 971 κατέχῃ
980 901 1147 969 αὐτὴν
1184 895 1278 952 ἐπὶ
1315 900 1572 965 τριετίαν,
1605 899 1801 961 ζῶντος

259 990 359 1042 καὶ
406 989 571 1040 ταῦτα
621 990 712 1041 τοῦ
764 989 1141 1057 δικαιουμένου
1182 989 1265 1041 ἐπ’
1312 990 1446 1058 αὐτῇ
1499 989 1800 1042 ἐπισκόπου

254 1081 355 1132 καὶ
392 1074 769 1147 ἡσυχάζοντος,
803 1081 996 1148 μηκέτι
1033 1080 1160 1148 περὶ
1191 1079 1390 1145 ταύτῆς
1417 1078 1634 1147 όχληθῇ.
1681 1078 1801 1128 Ἐὰν

255 1171 316 1223 δὲ
369 1173 426 1222 ἐν
470 1172 535 1239 τῇ
572 1171 861 1237 ἐπισκοπῇ,
911 1163 944 1238 ᾗ
995 1168 1208 1234 λέγεται
1262 1168 1535 1237 διαφέρειν
1563 1170 1590 1219 ὁ
1619 1168 1802 1228 τόπος,

255 1261 362 1312 οὐκ
407 1255 472 1326 ἦν
518 1260 831 1322 ἐπίσκοπος,
868 1259 900 1325 ἡ
945 1258 1269 1326 παραδρομὴ
1311 1259 1408 1325 τῆς
1433 1257 1678 1324 τριετίας
1707 1256 1805 1309 οὐκ

261 1348 545 1418 ἐμποδίσει
575 1349 664 1399 τὸν
696 1348 832 1415 μετά
855 1347 1022 1399 ταῦτα
1053 1347 1388 1415 ψηφισθέντα
1419 1345 1804 1398 ἀνακαλεῖσθαι

255 1439 358 1507 τὴν
394 1438 623 1505 ἐνορίαν.
656 1438 727 1488 Τὸ
770 1437 900 1490 αὐτὸ
947 1438 1000 1488 δέ
1036 1439 1256 1505 κρατεῖν
1303 1437 1396 1488 καὶ
1438 1438 1530 1489 ἐπὶ
1569 1437 1677 1488 τῶν
1711 1441 1806 1487 Δο-

261 1526 526 1580 νατιστῶν
586 1525 1035 1593 ἐπιστρεφόντων.
1101 1526 1208 1577 Καὶ
1261 1528 1288 1577 ὁ
1352 1524 1448 1593 μὲν
1503 1523 1683 1577 κανὼν
1750 1527 1807 1574 ἐν

260 1617 491 1677 τούτοις.
522 1616 593 1667 Σὺ
644 1616 700 1667 δὲ
741 1615 974 1683 γίνωσκε
1010 1617 1089 1669 ὅτι
1123 1618 1188 1670 τὰ
1249 1614 1676 1684 ἐκκλησιαστικὰ
1726 1614 1805 1664 δί-

263 1721 421 1767 καια,
451 1705 518 1756 τά
549 1705 673 1772 περὶ
700 1703 808 1755 τῶν
847 1705 1067 1772 ἑνοριῶν
1110 1704 1309 1772 δηλαδὴ
1359 1706 1449 1756 καὶ
1475 1702 1582 1753 τῶν
1614 1701 1802 1765 ἄλλων,

259 1797 312 1846 εί
349 1794 446 1860 μὲν
500 1793 637 1844 κατά
685 1793 1010 1862 Ἐκκλησίας
1053 1793 1378 1861 ἀρμόζουσι,
1421 1792 1507 1844 διά
1558 1807 1807 1858 τριακον·
1841 1785 1882 1840 Β

259 1884 484 1944 ταετίας
531 1881 940 1934 ἀποκλείονται·
992 1884 1039 1933 εί
1085 1881 1139 1934 δέ
1191 1882 1329 1934 κατά
1369 1880 1672 1950 προσώπων
1720 1879 1806 1931 διὰ

261 1974 840 2041 τεσσαρακονταετίας.
872 1975 982 2026 Καὶ
1013 1973 1282 2041 ἀνάγνωθι
1312 1974 1372 2026 τὸ
1407 1975 1586 2040 τρίτον
1607 1973 1804 2038 κεφάλ.

262 2064 356 2118 τοῦ
378 2065 559 2134 τρίτου
589 2064 766 2114 τίτλου
797 2062 888 2115 τοῦ
924 2068 964 2113 ε’
997 2063 1202 2129 βιϐλίου
1251 2062 1358 2113 τῶν
1386 2060 1686 2113 Βασιλικῶν
1717 2058 1808 2110 καὶ

263 2157 328 2208 ea
372 2157 674 2207 τελευταῖον
734 2154 1025 2221 κεφάλαιον
1071 2153 1162 2205 τοῦ
1215 2153 1463 2220 δευτέρου
1504 2152 1680 2203 τίτλου
1715 2151 1806 2203 τοῦ

265 2246 433 2299 αὑτοῦ
492 2247 716 2315 βιῦλίου,
775 2247 952 2312 λέγον,
1007 2245 1159 2296 Πᾶσα
1207 2247 1397 2314 ἀγωγὴ
1459 2245 1807 2314 προσήκουσα

271 2339 452 2406 σεπτῷ
524 2339 676 2406 οῐκῳ,
733 2338 843 2388 εἴτε
906 2337 1228 2406 προσωπικὴ
1297 2337 1405 2386 εἴτε
1460 2329 1806 2402 ὑποθηκαρία

269 2429 442 2492 ἐστὶν,
475 2430 570 2496 οὐχ
620 2426 932 2494 ὑπερϐαίνει
983 2426 1050 2478 τὰ
1099 2425 1504 2494 τεσσαράκοντα
1556 2423 1673 2492 ἐτη,
1704 2423 1809 2474 τῶν

272 2519 618 2589 ἀρμοζουσῶν
650 2519 862 2587 ἑκάστῳ
906 2517 1036 2585 οἴκῳ
1065 2517 1286 2584 τοιούτῳ
1318 2517 1506 2580 εὐαγετ
1547 2515 1812 2584 προσκαί-

273 2625 383 2673 ρων
437 2604 812 2677 παραγραφῶν
875 2606 1259 2673 φυλαττουσῶν
1319 2606 1500 2673 μέντοι
1561 2619 1623 2670 γε
1687 2604 1811 2664 τοὺς

272 2699 504 2760 οἰκείους
551 2700 793 2769 χρόνους.
821 2697 984 2748 Ὠστε
1041 2697 1107 2748 τὰ
1153 2696 1244 2748 τοῦ
1300 2699 1559 2762 παρόντος
1593 2694 1814 2754 κανόνος

280 2789 578 2857 ἐσχόλασαν
630 2789 734 2839 ὑπὸ
773 2787 882 2838 τῶν
914 2786 1167 2838 τοιούτων
1207 2784 1516 2854 κεφαλαίων
1549 2785 1658 2836 ἀπὸ
1689 2801 1816 2835 νεα-

271 2878 382 2946 ρῶν
419 2877 848 2929 Ἰουστινιανείων
872 2875 1059 2928 ὄντων.

343 3008 583 3060 ΖΩΝΑΡ.
623 3007 714 3070 Ἐξ
738 3006 1020 3074 ἀναφορῶν
1057 3007 1162 3058 τῶν
1210 3007 1308 3073 τῆς
1342 3008 1579 3060 ’συνόδου
1612 3007 1812 3075 ταύτης

1907 545 2007 597 bus
2036 544 2180 610 prius
2217 544 2334 596 lata:
2372 545 2618 597 fuerant:
2665 543 2757 596 sed
2793 545 2914 612 quia
2970 553 3245 614 postquam
3294 545 3450 599 edita:

1907 645 2028 688 sunt
2055 674 2068 696 ,
2110 635 2490 687 controversia:
2530 649 2820 697 emersere,
2873 646 3176 690 statuerunt
3224 635 3446 697 Patres.

1907 734 1964 776 ut
1991 725 2034 777 si
2061 723 2179 791 quis
2205 725 2484 790 episcopus
2508 725 2572 777 ad
2596 723 2749 777 tidem
2786 725 3137 777 orthodoxam
3169 736 3450 780 converte-

1908 815 1976 865 rit
2004 814 2176 864 locum
2206 812 2433 880 aliquem
2467 827 2556 865 seu
2595 815 2902 879 parceciam,
2931 828 3048 880 quae
3081 816 3235 867 habet
3282 815 3452 868 hatre-

1911 902 2059 965 ticos,
2091 911 2142 954 et
2177 916 2293 954 eam
2319 902 2545 954 triennio
2574 901 2882 967 detinuerit,
2922 904 3076 971 idque
3109 905 3258 968 vivo,
3282 907 3370 973 qui
3399 906 3449 958 in

1909 1005 1970 1043 ea
1996 990 2084 1054 jus
2125 991 2304 1052 habet,
2333 990 2582 1058 episcopo
2604 1001 2656 1044 et
2684 1001 2886 1045 tacente
2906 1034 2919 1056 ,
2951 993 3015 1045 de
3049 1007 3110 1046 ea
3139 1008 3202 1045 ne
3225 996 3451 1062 amplius

1913 1078 2172 1130 turbetur.
2207 1076 2300 1130 Siti
2330 1088 2505 1130 autem
2535 1079 2587 1130 in
2619 1080 2954 1147 episcOpatu,
2988 1081 3051 1132 ad
3075 1094 3229 1148 quem
3252 1081 3445 1135 dicitur

1910 1167 2060 1220 locus
2101 1168 2388 1234 pertinere,
2417 1181 2519 1219 non
2553 1177 2668 1220 erat
2701 1168 3015 1236 episcopus;
3042 1169 3218 1237 lapsus
3243 1172 3450 1225 triennii

1911 1272 2012 1309 non
2041 1258 2291 1324 impediet
2327 1273 2470 1320 eum,
2489 1259 2578 1325 qui
2614 1267 2794 1324 postea
2817 1259 3016 1312 electus
3041 1268 3142 1321 est,
3169 1261 3454 1328 quominus

1911 1349 2201 1414 parteciam
2233 1361 2381 1399 suam
2420 1356 2650 1400 revocet.
2680 1346 2735 1399 ω
2789 1349 2959 1415 ipsum
2993 1360 3166 1401 autem
3211 1360 3452 1403 servatur

1910 1447 1962 1490 et
1995 1438 2046 1487 in
2073 1436 2378 1490 Donatistis.
2405 1436 2496 1502 qui
2528 1446 2928 1494 convertuntur.
2956 1438 3030 1492 Ac
3061 1440 3113 1492 in
3152 1439 3216 1493 iis
3241 1440 3452 1508 quidem

1912 1527 2155 1579 consistit
2183 1541 2377 1579 canon.
2413 1526 2491 1579 Tu
2537 1538 2711 1582 autem
2743 1531 2882 1583 scias
2905 1569 2918 1593 ,
2961 1533 3099 1596 quod
3133 1530 3254 1596 jura
3284 1533 3454 1584 eccle-

1913 1618 2153 1676 siastica,
2188 1633 2306 1684 qua:
2337 1629 2459 1670 sunt
2488 1619 2691 1672 scilicet
2729 1621 2794 1674 de
2825 1623 3098 1690 regionum
3131 1622 3318 1674 tlnibus
3349 1663 3364 1686 ,
3400 1633 3454 1676 et

1914 1707 2053 1770 aliis,
2085 1709 2127 1761 si
2154 1709 2408 1760 adversus
2435 1708 2645 1777 quidem
2677 1709 2972 1763 Ecclesium
3004 1721 3327 1778 competunt,
3354 1712 3453 1766 tri-

1911 1800 2053 1867 ginta
2087 1799 2240 1852 annis
2266 1800 2622 1853 excluduntur
2661 1816 2673 1851 :
2702 1803 2783 1852 sin
2815 1811 2991 1854 autem
3042 1804 3298 1857 adversus
3330 1819 3454 1872 per-

1913 1904 2097 1951 sonas,
2133 1889 2484 1957 quadraginta
2516 1892 2689 1944 annis.
2720 1891 2784 1944 Et
2820 1892 2929 1960 lege
2955 1895 3199 1960 caput5,
3229 1895 3363 1947 titul.
3395 1895 3450 1959 3,

1913 1980 2002 2030 lib.
2037 1994 2066 2029 v
2104 1977 2314 2032 Basilio.
2339 1980 2656 2032 etultimunt
2682 1991 2841 2049 caput
2875 1983 2956 2036 tit.
2985 1981 3021 2033 2
3044 1985 3276 2050 ejusdem
3307 1983 3448 2049 libri,

1910 2067 2050 2134 quod
2079 2067 2226 2127 dicit,
2257 2067 2442 2120 Omnis
2465 2070 2629 2130 actio,
2663 2083 2780 2136 quae
2813 2071 2877 2123 ad
2913 2072 3238 2126 venerabiles
3267 2073 3454 2126 domos

1913 2155 2184 2222 pertinet,
2218 2157 2327 2208 sive
2359 2157 2428 2210 sit
2483 2159 2778 2223 personalis
2811 2197 2825 2222 ,
2882 2161 2990 2212 sive
3029 2160 3406 2228 hypothecaria
3433 2199 3449 2224 ,

1914 2247 2264 2312 quadraginta
2320 2260 2489 2299 annos
2555 2261 2658 2301 n0n
2714 2250 2944 2314 excedit,
3009 2251 3452 2304 convenientibus

1918 2337 2200 2403 unicuique
2248 2336 2505 2402 ejusmodi
2569 2347 2768 2394 sanctae
2833 2338 3012 2390 domui
3077 2339 3455 2404 temporalibus

1913 2427 2393 2494 prescriptionibus
2423 2441 2516 2480 sua
2549 2439 2781 2494 tempora
2846 2429 3204 2482 servantibus.
3253 2428 3455 2492 Quam-

1914 2517 2094 2571 obrem
2126 2533 2240 2585 qua:
2273 2518 2323 2570 in
2360 2519 2601 2584 praesenti
2622 2533 2826 2572 canone
2847 2521 3194 2573 continentur
3238 2529 3454 2588 propter

1915 2609 2025 2662 hac
2047 2611 2238 2676 capjta.
2263 2624 2380 2664 aute
2405 2625 2468 2662 ex
2497 2607 2781 2663 Iustiniani
2815 2611 3032 2664 novellis
3078 2619 3222 2674 sunt,
3270 2611 3454 2664 exole-

1918 2708 2128 2754 verunt.

1988 3004 2232 3060 ZONAR.
2265 3006 2340 3059 Ex
2375 3006 2466 3067 iis,
2511 3018 2628 3072 quae
2663 3002 2848 3072 synodi
2889 3002 3071 3056 Patres
3127 3001 3455 3064 retulerant,

274 3098 530 3164 ῐιατέρων
589 3098 742 3164 νόμοι
800 3096 1082 3162 ἐτέθησαν,
1127 3091 1302 3161 οἶμαι,
1355 3097 1503 3166 παρὰ
1555 3098 1809 3165 Ὀνωρίου

1917 3095 2056 3163 leges
2089 3095 2153 3147 ab
2183 3094 2505 3160 imperatore
2541 3092 2820 3163 (llonorio,
2849 3093 2900 3145 ni
2938 3091 3124 3156 fallor;
3152 3099 3271 3144 nam
3320 3093 3364 3145 ls
3394 3106 3456 3143 ea

272 3187 366 3238 της
399 3184 656 3253 βασιλέως
683 3201 694 3212 ·
738 3184 940 3245 ἐκεῖνος
987 3183 1094 3253 γὰρ
1132 3179 1265 3252 ἦρχε
1317 3185 1436 3235 τότε
1486 3185 1594 3236 τῶν
1647 3187 1812 3236 ἐσπε-

274 3275 428 3341 ρίων.
457 3276 623 3342 ⁴ινησὶν
671 3269 757 3326 οὖν
793 3276 820 3325 ό
866 3273 1042 3325 κανὼν
1076 3273 1172 3336 ὡς,
1201 3275 1248 3324 εί
1279 3273 1414 3342 μετά
1463 3275 1585 3335 τοὺς
1617 3275 1814 3341 νόμους

285 3366 600 3432 ἐπιστρέψει
632 3365 793 3416 τόπον
818 3365 958 3428 τινὰ,
989 3364 1152 3433 ἦγουν
1176 3364 1405 3432 ἐνορίαν,
1439 3365 1468 3431 ἢ
1501 3363 1814 3432 παροικίαν,

275 3458 395 3523 ἦτοι
417 3456 505 3505 τὸν
532 3455 586 3504 ἐν
621 3455 754 3522 αὐτῇ
788 3453 936 3515 λαὸν,
970 3454 1260 3513 ἐπίσκοπος
1295 3453 1427 3519 πρὸς
1457 3454 1554 3520 τὴν
1595 3455 1816 3521 ἑνότητα

273 3546 377 3612 τῆς
429 3544 720 3610 καθολικῆς
790 3543 1130 3611 Ἐκκλησίας.
1171 3545 1264 3594 καὶ
1321 3544 1417 3612 τὴν
1468 3544 1677 3612 ἐνορίαν
1719 3562 1814 3596 κα-

273 3636 451 3706 τάσχῃ
501 3635 559 3685 ἐν
600 3633 810 3702 τριετίᾳ
855 3634 1079 3701 μηδενὸς
1129 3634 1572 3703 ἀντιποιουμένου
1627 3637 1815 3702 αὐτῆς,

269 3726 462 3776 ἐκτοτε
493 3722 654 3775 αὑτοῦ
689 3723 858 3787 ἔσται,
888 3723 1162 3775 τουτέστιν
1190 3724 1363 3775 οὐδενὶ
1396 3723 1613 3787 ἐξέσται
1649 3726 1817 3793 αὐτὴν

276 3815 520 3882 ὲκνικᾷν.
576 3813 700 3864 Ἐἀν
744 3811 800 3862 δέ
839 3814 896 3863 ἐν
923 3814 989 3877 τῇ
1024 3813 1317 3880 ἐπισκοπῇ,
1438 3813 1650 3879 λέγεται
1699 3813 1817 3864 δια-

275 3907 462 3973 φέρειν
490 3908 516 3954 ό
548 3904 728 3968 τόπος,
756 3901 854 3952 οὐκ
877 3897 946 3971 ἦν
971 3902 1263 3962 ἐπίσκοπος
1289 3903 1427 3954 κατά
1454 3904 1551 3972 τὴν
1580 3905 1817 3972 τριετίαν

277 3996 508 4062 ἐκείνην,
538 3993 680 4054 ὅστις
734 3991 953 4055 ἔμελλεν
1004 3990 1283 4058 ἐκνικῆσαι
1334 3992 1514 4056 αὑτὸν,
1547 3993 1659 4045 ἀλλ’
1693 3995 1818 4061 ἐχή-

277 4097 436 4147 ρευεν
485 4080 518 4146 ἡ
566 4078 835 4146 ἐπισκοπὴ
867 4077 1221 4145 προεστῶτος,
1254 4079 1314 4129 οὺ
1347 4081 1817 4147 προκριματισοή-

278 4185 427 4219 σεται
462 4169 519 4218 ἐν
543 4168 607 4234 τῇ
644 4166 884 4234 μάτρικι,
915 4168 1031 4218 ἀντὶ
1056 4167 1147 4217 τοῦ
1182 4168 1240 4216 οὐ
1275 4167 1602 4236 βλαϐήσεται
1633 4171 1696 4220 ὲκ
1720 4168 1811 4219 τοῦ

278 4259 692 4324 καταγραφῆναι
740 4257 796 4306 ἐν
846 4255 910 4323 τῇ
969 4257 1256 4324 ἀπογραφῇ
1297 4257 1402 4307 τῶν
1436 4258 1816 4325 -διαφερόντων

275 4350 340 4414 τῇ
372 4345 659 4412 ἐκκλησίᾳ,
689 4344 722 4412 ἢ
769 4345 858 4394 ἐπὶ
906 4343 1144 4411 τριετίαν
1193 4346 1430 4413 ἐνεμήθη
1485 4347 1666 4410 αὑτὸν,
1701 4347 1815 4399 ἀλλ’

278 4411 490 4496 ἐξέσται
540 4411 618 4498 τῷ
671 4411 1232 4500 χειροτονηθησομένῳ
1273 4411 1554 4503 ἐπισκόπῳ
1589 4436 1817 4503 ζητῆσαι
1855 4411 1895 4462 D

278 4518 373 4568 καὶ
415 4515 707 4583 ἐκνικῆσαι-
729 4515 909 4577 αὐτὸν,
961 4516 1112 4578 ἐντὸς
1155 4522 1398 4587 τριετίας
1441 4519 1816 4590 ψηφιζομένης

278 4605 371 4657 ἀπ’
401 4605 565 4672 αὐτῆς
623 4608 720 4671 τῆς
773 4605 1004 4672 ἡμέρας,
1036 4605 1157 4658 καθ’
1201 4609 1266 4676 ἥν
1303 4609 1537 4675 ἐγένετο.
1568 4612 1736 4663 Τοῦτο
1761 4614 1817 4666 δὲ

278 4695 496 4762 κρατεῖν
522 4692 611 4743 καὶ
635 4694 722 4743 ἐπὶ
754 4693 855 4744 τῶν
887 4695 1237 4759 Δονατιστῶν,
1275 4695 1436 4760 ὥστε,
1464 4699 1558 4750 ἐὰν
1602 4702 1822 4752 ἐπίσκο-

279 4799 378 4843 πος
408 4783 584 4833 αὐτῶν
615 4783 912 4852 ἐπιστρέψῃ
943 4787 1034 4836 καὶ
1061 4785 1233 4854 tmen
1289 4791 1354 4856 τῇ
1402 4788 1660 4859 καθολικῇ
1701 4792 1821 4843 Ἐκ-

278 4875 494 4942 κλησίᾳ,
529 4870 588 4925 οὗ
610 4876 769 4925 τόπον
805 4877 924 4926 τινὰ
971 4875 1156 4944 ἐτερος
1204 4894 1454 4946 κατειχεν
1498 4881 1816 4946 ἐπίσκοπος,

278 4964 426 5029 ἐχειν
476 4961 636 5013 αὐτὸν
696 4963 880 5015 ἄδειαν
931 4965 1078 5026 ἐντὸς
1119 4967 1399 5032 τριετίας,
1447 4967 1820 5038 ψηφιζομένης

277 5054 456 5114 ἐξότου
518 5051 883 5118 ἐπέστρεψεν,
931 5051 1218 5120 ἀναζητεῖν
1271 5057 1397 5116 τοὺς
1453 5058 1650 5120 τόπους
1697 5062 1820 5122 τοὺς

277 5138 576 5206 ἀνήκοντας
603 5140 668 5206 τῇ
702 5138 966 5208 ἐκκλησίᾳ
995 5141 1180 5194 αὑτοῦ.

279 5455 496 5508 ΑΡΙΣΤ.
570 5473 588 5504 ι
636 5455 692 5507 Ὀ
752 5458 1138 5526 μεταστρέφων
1209 5463 1287 5523 είς
1347 5463 1672 5531 ὁρθοδοξιαν,
1727 5485 1821 5518 και

356 5561 377 5594 ι
419 5546 658 5611 κατέχων
674 5544 768 5595 ἐπὶ
796 5547 1037 5612 τριετίαν
1056 5547 1154 5618 τὴν
1177 5551 1598 5619 ἐπιστραφεῖσαν
1618 5557 1818 5622 χώραν,

355 5650 376 5679 ε
412 5631 546 5684 ἔστω
576 5633 928 5701 ἀνέγκλητος.
961 5637 1064 5689 Καὶ
1107 5639 1134 5688 ό
1170 5643 1558 5708 μεταστρέφων
1600 5643 1816 5695 ἐπίσκο-

1921 3192 2229 3251 Iempcstate
2259 3182 2526 3237 Occidenti
2581 3181 2840 3250 praeerat)
2894 3182 3121 3235 condita:
3168 3179 3336 3234 fuere.
3392 3179 3455 3232 Si

1921 3274 2036 3340 quis
2057 3275 2212 3342 igitur
2245 3276 2542 3340 episc0pns,
2565 3274 2730 3339 inquit
2759 3287 2949 3334 canon,
2979 3281 3094 3340 post
3131 3273 3271 3340 leges
3300 3272 3456 3333 latas,

1920 3361 2092 3416 locum
2137 3363 2391 3428 aliquem,
2427 3361 2695 3428 regionem
2733 3361 2979 3413 videlicet
3019 3371 3102 3412 aut
3133 3361 3416 3428 parteciam
3443 3401 3459 3424 ,

1921 3451 2138 3518 ejusque
2169 3452 2264 3504 loci
2296 3451 2566 3516 populum,
2605 3449 2850 3502 Ecclesiae
2884 3450 3161 3502 catholicae
3198 3450 3462 3516 adiunxe-

1924 3545 2013 3609 rit,
2047 3557 2266 3609 eamque
2289 3543 2553 3607 regionem
2585 3539 2797 3593 triennii
2832 3540 3004 3606 spatio
3053 3541 3261 3592 nemine
3301 3555 3464 3607 repu-

1923 3641 2116 3698 gnante
2148 3632 2461 3694 obtinuerit,
2493 3647 2554 3684 ex
2584 3646 2646 3684 eo
2688 3641 2922 3698 tempore
2979 3631 3142 3698 ipsius
3176 3631 3310 3692 erit,
3364 3631 3464 3684 hoc

1921 3729 2036 3782 est,
2071 3720 2302 3780 nemini,
2333 3730 2388 3770 ut
2417 3734 2534 3772 eum
2564 3719 2736 3772 locum
2771 3720 2870 3772 sibi
2917 3714 3166 3772 v'endicet
3189 3757 3202 3781 ,
3263 3719 3466 3788 judicio

1922 3810 2148 3871 experiri
2174 3809 2370 3862 licebit.
2406 3809 2461 3862 Si
2497 3819 2671 3861 tamen
2701 3811 2816 3872 ejus
2840 3808 3287 3876 episcopatus,ad
3308 3823 3464 3877 quem

1923 3898 2068 3952 locus
2093 3900 2177 3952 ille
2225 3901 2490 3966 pertinere
2519 3900 2732 3960 dicitur.
2770 3898 2945 3952 nullus
2976 3913 3037 3952 eo
3083 3908 3319 3967 tempore
3355 3902 3466 3968 epi-

1922 3999 2114 4051 sc0pus
2161 3986 2401 4038 exstabat
2453 3983 2600 4038 illum
2659 3987 3057 4050 vendicatnrus,
3122 3988 3211 4040 sed
3248 3989 3462 4041 viduata

1924 4073 2171 4142 praefecm
2202 4073 2434 4127 Ecclesia
2479 4077 2724 4138 vacabat,
2782 4093 2885 4129 non
2929 4078 3356 4144 pra'judicabitur
3409 4080 3460 4130 in

1926 4161 2229 4226 rnatricttla;
2265 4163 2364 4215 hoc
2392 4172 2493 4225 est,
2529 4166 2774 4231 quamvis
2809 4165 2860 4217 in
2896 4167 3011 4233 ejus
3038 4167 3288 4220 Ecclesia:
3317 4168 3468 4219 tabu-

1924 4249 2022 4313 las,
2048 4265 2166 4318 qute
2194 4265 2316 4302 eum
2342 4250 2568 4303 triennio
2596 4252 2849 4316 possedit,
2882 4253 2926 4305 is
2949 4252 3097 4304 locus
3137 4253 3335 4306 relatus
3373 4254 3462 4317 sit,

1930 4355 2032 4392 non
2078 4349 2250 4391 tamen
2305 4354 2366 4392 ea
2399 4343 2509 4392 'res
2573 4343 2918 4408 episcopum,
2965 4340 3123 4410 353
3165 4342 3252 4408 qui
3281 4352 3466 4407 postea

1924 4439 2135 4482 creatus
2163 4427 2341 4491 fuerit,
2401 4429 2552 4482 Izedet
2577 4445 2592 4493 ;
2620 4430 2713 4483 sed
2747 4445 2866 4483 eum
2909 4431 3121 4483 triennii
3152 4431 3326 4498 spatio
3353 4471 3369 4494 ,
3398 4429 3466 4482 ab

1924 4531 1986 4570 eo
2014 4519 2117 4580 die,
2151 4530 2255 4585 quo
2277 4517 2556 4584 episcopus
2581 4516 2751 4570 factus
2786 4527 2888 4580 est,
2923 4519 3274 4580 recensendo,
3313 4529 3465 4583 repe-

1927 4618 2036 4662 tere
2060 4623 2121 4661 ac
2144 4609 2262 4677 jure
2313 4623 2412 4662 suo
2472 4610 2668 4677 poterit
2715 4611 3014 4665 \‘endicare.
3059 4610 3206 4674 Quod
3255 4610 3467 4678 quidem

1924 4700 2082 4753 etiam
2115 4699 2165 4751 in
2191 4700 2273 4762 iis,
2299 4713 2415 4764 quae
2439 4698 2501 4749 ad
2527 4698 2827 4752 Donatistas
2854 4710 3122 4767 spectant,
3147 4701 3466 4753 servandum

1923 4803 2038 4842 esse
2068 4788 2408 4852 decernitur;
2436 4797 2489 4839 ut
2517 4789 2561 4839 si
2618 4790 2740 4855 quis
2787 4788 3044 4840 nimirum
3086 4788 3365 4856 episcOpus
3401 4803 3469 4843 ex

1922 4895 1985 4934 eo
2015 4895 2234 4934 numero
2262 4894 2318 4933 se
2344 4895 2553 4932 rursum
2593 4881 2656 4931 ad
2691 4881 2939 4934 Ecclesiae
2991 4882 3270 4935 catholicae
3297 4883 3470 4936 unita-

1927 4979 2028 5022 tem
2060 4967 2378 5037 aggregarit,
2407 4967 2554 5035 cujus
2587 4969 2816 5035 aliquam
2858 4970 3128 5039 regionem
3173 4972 3309 5024 alius
3349 4973 3469 5040 epi-

1923 5073 2114 5124 scopus
2145 5058 2440 5126 detinebat,
2456 5057 2565 5111 loca
2606 5062 2670 5110 ad
2697 5057 2985 5114 Ecclesium
3022 5076 3170 5114 suam
3203 5066 3470 5130 pertinen-

1927 5147 2016 5208 tia,
2044 5147 2200 5198 trium
2244 5160 2503 5198 annorum
2554 5149 2856 5213 intervallo,
2885 5165 2946 5202 ex
2999 5165 3104 5219 quo
3134 5166 3254 5205 cum
3285 5151 3471 5206 Eccle-

1923 5237 2006 5288 sia
2064 5237 2116 5287 in
2171 5236 2392 5302 gratiam
2446 5237 2639 5300 rediit,
2706 5241 2976 5307 repetendi
3055 5241 3246 5296 habeat
3300 5241 3470 5296 facul-

1927 5337 1978 5378 ta
1989 5337 2112 5378 tem.

1925 5460 2144 5514 ARIST.
2181 5480 2198 5510 ι
2243 5459 2338 5524 Qui
2367 5461 2631 5528 regionem
2665 5463 2729 5514 ad
2757 5463 3113 5515 orthodoxam
3149 5463 3304 5516 tidem
3332 5477 3466 5518 con-

2002 5571 2019 5602 ι
2061 5553 2240 5613 vertit,
2275 5559 2328 5605 et
2355 5567 2668 5604 conversam
2702 5567 2795 5620 per
2828 5555 3115 5606 triennium
3153 5554 3375 5618 detinet,
3403 5556 3474 5609 sit

1999 5661 2017 5694 ι
2062 5653 2208 5698 extra
2241 5641 2448 5709 culpam
2489 5658 2500 5693 :
2534 5651 2586 5697 et
2616 5643 2894 5711 episcopus
2923 5659 2952 5698 a
2987 5643 3191 5700 Donato
3237 5659 3469 5701 convcr-
