4002 6314
540 285 644 349 387

619 502 634 531 ι
675 483 1035 550 repetat,jure
1068 493 1207 550 agat.
1231 502 1249 534 ι

620 577 749 624 Ante
796 573 938 639 leges
1007 575 1395 640 imperatorias,
1451 580 1896 637 quemadmodum
1942 588 1992 630 et
2042 594 2091 630 .n

539 663 832 716 centesimo
875 663 1081 715 decimo
1126 666 1350 731 septimo
1397 682 1599 721 canone
1655 672 1907 736 seriplum
1972 680 2091 732 est,

541 756 583 805 si
614 754 733 821 quis
759 753 1039 820 cpiscopus
1087 756 1154 807 ab
1197 754 1386 810 hzeresi
1415 757 1590 824 aliqua
1628 759 1691 810 ad
1727 758 1880 810 tidem
1909 761 2094 809 ortho-

541 843 732 893 domm
762 844 1052 910 paroeciam
1095 843 1324 910 aliquam
1357 847 1639 907 conivertit,
1675 846 1740 897 ah
1761 862 1824 897 eo
1857 858 2093 910 tempore

541 946 658 982 eam
699 932 1027 1006 possidebat,
1065 944 1118 984 et
1144 949 1243 985 non
1276 943 1483 999 poterat
1512 935 1781 1001 quispiam
1813 935 2093 1001 episcopo-

543 1037 680 1082 rum,
719 1022 782 1071 ad
819 1036 978 1088 quem
1006 1023 1251 1074 diteccsis
1282 1022 1370 1073 illa
1413 1023 1736 1089 pertinebat,
1769 1039 1886 1076 eam
1943 1039 2090 1077 revo-

539 1125 684 1161 care.
713 1111 778 1161 At
803 1119 919 1176 post
952 1111 1094 1177 leges
1122 1112 1186 1163 de
1217 1125 1279 1162 eo
1301 1110 1455 1174 latas,
1492 1112 1695 1181 synodo
1725 1112 1923 1180 placuit
1949 1129 2090 1177 eum,

538 1197 628 1262 qui
672 1198 943 1265 regionem
977 1200 1211 1265 aliquam
1264 1199 1328 1251 ad
1372 1198 1528 1251 ﬁdem
1567 1198 1920 1254 orthodoxam
1962 1216 2090 1253 con-

547 1287 722 1350 vertit,
759 1299 810 1340 et
846 1304 939 1355 per
970 1290 1257 1341 trienniunt
1287 1304 1401 1341 eam
1442 1291 1695 1356 possedit,
1730 1307 1757 1342 a
1793 1292 2004 1344 nemine
2035 1301 2094 1344 ut

539 1390 656 1426 eam
685 1387 963 1443 repetente
984 1379 1221 1431 molestia
1239 1377 1486 1430 allectum
1506 1379 1831 1447 inculpatum
1851 1395 2088 1444 manere,

538 1477 591 1517 et
618 1480 733 1518 eam
769 1465 836 1517 ab
868 1467 969 1519 isto
1007 1482 1110 1517 non
1140 1468 1368 1534 amplius
1409 1468 1610 1534 repeti,
1669 1467 1711 1519 si
1769 1468 1904 1520 intra
1939 1470 2094 1520 trien-

541 1555 687 1606 nium
715 1555 918 1608 exstitit
948 1556 1250 1623 episcopus,
1286 1557 1373 1624 qui
1403 1572 1518 1609 eam
1549 1567 1831 1623 repeteret,
1855 1569 1906 1610 et
1937 1559 2091 1625 quie-

543 1644 637 1695 vit.
670 1645 724 1697 Si
761 1647 900 1698 enim
955 1647 1204 1709 ecclesia,
1241 1665 1357 1714 quat:
1408 1648 1461 1700 in
1500 1648 1770 1714 regionem
1829 1649 1975 1700 illam
2023 1649 2088 1701 ab

545 1735 731 1786 haeresi
767 1752 1105 1798 conversam,
1142 1737 1228 1802 jus
1278 1737 1454 1798 habet,
1492 1737 1743 1805 episcopo
1800 1739 2088 1801 vacaverit,

543 1827 767 1891 proinde
793 1827 1068 1880 triennalis
1083 1843 1273 1880 cursus
1296 1829 1342 1880 ei
1374 1831 1602 1892 nocebit,
1633 1838 1912 1896 postquam
1953 1830 2004 1880 in
2027 1844 2089 1883 ea

544 1914 600 1965 tit
631 1916 931 1981 episc0pus.
980 1917 1083 1970 Sed
1113 1930 1166 1971 et
1213 1918 1442 1985 parteeia
1475 1918 1650 1986 aliqua
1695 1918 2090 1972 Donatistarum

537 2006 799 2072 episcopi,
825 2006 868 2057 si
898 2006 962 2058 ad
997 2008 1315 2059 catholicam
1372 2008 1667 2062 Ecclesiam
1724 2019 2089 2074 convertatur,

539 2109 593 2150 et
617 2099 682 2150 ab
707 2113 768 2150 eo
800 2097 888 2165 qui
921 2099 1091 2166 ipsam
1125 2100 1188 2150 ad
1225 2100 1380 2150 fidem
1423 2101 1687 2154 convertit
1735 2101 2089 2154 orthodoxam

542 2188 629 2239 diu
661 2186 879 2239 detenta
909 2187 1043 2248 fuit;
1083 2197 1261 2253 postea
1305 2199 1478 2240 autem
1532 2200 1586 2241 et
1647 2191 1755 2256 ipse
1817 2190 2089 2243 Donatista

539 2277 828 2343 episc0pus
855 2277 919 2327 ad
950 2274 1067 2327 ﬁdei
1117 2274 1404 2329 Catholica:
1431 2278 1638 2329 accedit
1691 2279 1939 2332 unionem
1968 2297 1980 2331 ε
2015 2280 2050 2334 li
2071 2309 2093 2321 -

543 2367 683 2418 cebit
710 2367 756 2418 ei
792 2366 933 2418 intra
983 2365 1295 2429 triennium,
1327 2381 1356 2418 a
1385 2380 1489 2433 quo
1536 2381 1827 2421 conversus
1857 2380 1956 2432 est,
2001 2384 2095 2436 pa-

546 2455 763 2507 roeciam
831 2455 898 2509 ad
967 2456 1218 2509 thronum
1294 2471 1449 2510 suum
1515 2457 1869 2523 pertinentem
1933 2474 2092 2514 revo-

543 2559 682 2600 care.

1091 2811 1316 2866 CANON
1350 2813 1535 2867 CXXI.

552 2918 570 2948 α
618 2898 688 2953 De
723 2900 786 2952 iis
817 2901 909 2968 qui
941 2901 1201 2955 invadunt
1231 2905 1474 2972 populos,
1517 2920 1652 2973 quos
1701 2917 1888 2974 putant
1937 2924 2002 2961 ao
2036 2929 2095 2964 se

622 3009 639 3040 ε
677 2992 974 3059 pertinere,
1008 3006 1202 3061 praater
1243 2996 1567 3049 voluntatem
1619 3013 1803 3050 eorum
1840 3000 1929 3066 qui
1980 3000 2097 3052 illos
2125 3009 2168 3068 (ι

621 3099 638 3131 ι
682 3083 977 3150 possident.
1008 3083 1266 3138 Similiter
1301 3086 1518 3152 placuit,
1559 3097 1614 3140 ut
1645 3090 1951 3155 quicunque
1978 3090 2092 3154 epi-

623 3191 642 3224 ‹
679 3175 824 3240 scopi
867 3175 1108 3240 populos,
1138 3190 1273 3241 quos
1304 3176 1372 3226 ad
1419 3191 1569 3228 suam
1607 3178 1785 3231 sedem
1831 3179 2098 3244 pertinere

626 3283 642 3314 ι
685 3266 1015 3328 existimant,
1049 3281 1152 3318 non
1189 3267 1259 3318 ita
1290 3276 1556 3334 repetant,
1595 3279 1650 3320 ut
1677 3269 1794 3320 aliis
1833 3270 2098 3336 episcopis

625 3376 640 3405 I
675 3356 1040 3425 iudicantibus
1067 3358 1167 3410 hoc
1218 3368 1412 3424 agant,
1459 3361 1547 3409 sed
1600 3358 1840 3424 populos,
1889 3360 1976 3425 qui
2033 3359 2099 3411 ab

624 3465 640 3495 ι
683 3445 806 3497 aliis
835 3446 1162 3510 detinentur,
1195 3447 1470 3509 invadant,
1507 3447 1618 3498 sive
1647 3446 1809 3498 velint
1856 3447 1967 3500 sive
2012 3463 2100 3500 no-

627 3551 644 3583 ι
685 3533 800 3596 lint,
837 3547 1012 3585 causae
1043 3547 1152 3586 suae
1181 3535 1389 3600 jactura
1422 3533 1714 3586 multentur
1743 3553 1757 3587 :
1793 3543 1846 3587 et
1873 3537 2100 3603 quicun-

623 3641 640 3672 ι
679 3636 781 3691 que
807 3621 988 3689 utique
1018 3623 1119 3675 hoc
1154 3623 1416 3684 fecerunt,
1443 3622 1487 3674 si
1518 3635 1619 3674 non
1656 3623 1793 3675 inter
1820 3623 2099 3691 episcopos

623 3733 641 3766 ι
677 3728 939 3769 consensu
973 3714 1244 3782 negotium
1289 3714 1524 3778 finiatur,
1572 3715 1662 3768 sed
1701 3717 1873 3768 adhuc
1925 3715 1992 3768 de
2035 3732 2099 3769 eo

623 3825 640 3855 ι
688 3805 1044 3869 contendant;
1082 3805 1127 3857 is
1156 3805 1220 3856 ah
1256 3819 1319 3858 eo
1353 3804 1611 3868 discedat,
1648 3821 1801 3873 quem
1821 3815 2095 3860 ostensum

621 3914 642 3947 ι
679 3896 838 3949 fuerit
890 3896 1147 3962 neglectis
1194 3894 1464 3960 judicihus
1489 3895 1868 3949 ecclesiasticis
1897 3899 1946 3950 in
1977 3912 2096 3949 eum

625 4006 640 4037 ι
679 3990 932 4055 impetum
957 3986 1171 4040 fecisse.
1206 3986 1312 4038 Nec
1337 3985 1436 4038 sibi
1473 3987 1734 4052 quispiam
1768 3987 2097 4050 blandiatur,

623 4094 641 4126 ι
684 4077 728 4130 si
763 4091 792 4128 a
823 4077 1053 4142 primate
1083 4076 1146 4127 de
1183 4074 1503 4140 possidendo
1551 4075 1760 4126 litteras
1809 4076 2094 4140 acceperit.

625 4182 644 4216 ι
685 4165 789 4218 Sed
813 4165 928 4219 sive
958 4163 1151 4214 habeat
1204 4161 1429 4221 litteras,
1460 4160 1572 4213 sive
1622 4178 1747 4222 non,
1808 4161 2098 4214 conveniat

626 4272 644 4304 ι
680 4267 802 4307 eum
834 4251 921 4319 qui
948 4250 1204 4318 possidet,
1238 4259 1291 4302 et
1319 4249 1386 4301 ab
1411 4263 1474 4300 eo
1509 4249 1714 4300 litteras
1741 4248 1966 4316 accipiat
1993 4265 2005 4311 ;
2041 4259 2098 4300 ut

623 4362 643 4396 ι
682 4343 729 4398 is
770 4343 1010 4395 videatur
1063 4339 1300 4409 paciﬁca,
1347 4354 1463 4406 qua:
1507 4339 1570 4390 ad
1632 4340 1802 4405 ipsum
1842 4339 2090 4403 pertinet,
2127 4333 2170 4389 υ

627 4453 644 4484 ι
682 4432 974 4485 Ecclesiam
1036 4429 1354 4498 possidere:
1391 4430 1470 4481 sin
1519 4437 1694 4480 autem
1751 4428 1837 4480 ille
1890 4440 2102 4480 contra-

627 4543 644 4573 ι
695 4524 826 4575 riam
858 4523 1203 4589 quzestionem
1262 4520 1496 4583 referat;
1538 4522 1654 4587 ipsa
1699 4534 1908 4587 quoque
1961 4520 2100 4570 inter

627 4631 646 4662 ι
687 4612 964 4678 episcopos
991 4609 1286 4674 jmlicautes
1316 4609 1550 4670 liniatur,
1599 4608 1712 4660 sive
1737 4622 1869 4672 quos
1901 4606 2102 4673 primas

633 4717 651 4749 ι
689 4701 734 4750 ei
765 4699 985 4759 dederit,
1023 4698 1135 4750 sive
1159 4711 1294 4764 quos
1335 4695 1431 4763 ipsi
1468 4695 1670 4747 vicinos
1708 4709 1974 4747 c0nsensu
2012 4694 2104 4744 tle-

628 4804 647 4839 ι
693 4789 935 4856 legerint.
974 4804 992 4834 ι

626 5073 818 5126 BALS.
864 5074 970 5126 Lex
1021 5087 1232 5141 quoque
1285 5073 1456 5125 civilis
1508 5072 1715 5133 statuit,
1754 5071 1928 5138 utqui
1986 5073 2103 5126 sine

559 5163 898 5229 magistratus
924 5162 1248 5214 auctoritate
1280 5175 1388 5214 rem
1422 5159 1687 5226 propriam
1719 5159 2023 5221 abstulerit,
2053 5162 2099 5212 is

556 5255 622 5304 ab
657 5269 719 5306 ea
755 5256 988 5306 excidat.
1021 5252 1262 5306 Przcsens
1287 5268 1498 5321 quoque
1531 5266 1701 5305 canon
1747 5250 2011 5315 decernit,
2051 5263 2106 5305 ut

556 5347 642 5412 qui
677 5361 734 5396 se
764 5345 930 5412 plebis
955 5344 1033 5396 vel
1069 5345 1300 5412 regionis
1327 5343 1418 5410 jus
1448 5345 1645 5396 habere
1671 5343 2004 5408 existimant,
2038 5359 2102 5396 ne

557 5448 673 5486 eam
711 5449 802 5484 sua
834 5433 1153 5485 auctoritate
1179 5433 1596 5500 apprehendant,
1635 5434 1745 5487 sive
1795 5436 1896 5486 hoc
1940 5434 2104 5485 velint

561 5522 757 5590 populi.
785 5523 893 5575 sive
921 5521 1122 5588 nolint;
1157 5523 1248 5574 scd
1288 5537 1404 5590 qua:
1430 5522 1496 5573 ab
1528 5523 1648 5574 aliis
1673 5523 1937 5591 episc0pis
1967 5523 2102 5574 deti-

562 5624 776 5679 ncutur,
813 5614 1074 5682 ejusmodi
1108 5615 1370 5682 regiones,
1406 5628 1524 5669 cum
1580 5614 1860 5681 episcopali
1903 5614 2106 5679 iudicio

1785 276 1827 336 Τ
1840 281 1883 337 ll
1896 279 1987 338 EO
1999 281 2058 338 D.
2107 275 2496 339 BALSAMON

619 418 633 443 ι
675 409 784 453 sus,
819 393 862 444 si
896 393 1031 444 intra
1064 392 1369 453 triennium,
1417 405 1444 442 a
1489 405 1595 460 quo
1646 404 1936 444 ουιιτετδυε
1989 399 2087 452 est,
2123 396 2162 448 Α

3643 273 3748 337 $53

2273 409 2289 440 ι
2332 409 2428 450 πός
2458 390 2565 442 ἀπὸ
2595 389 2847 453 Δονάτου,
2880 389 2924 438 εἰ
2956 388 3098 447 ἐντὸς
3143 385 3384 453 τριετίας
3414 386 3508 451 ἀφ’
3535 380 3596 440 οὗ
3652 390 3749 439 ἐπ-

2275 501 2290 530 ι
2331 481 2590 549 έστρεψεν
2613 481 2796 546 ἐνάγει
2816 513 2837 543 φ
2860 479 3121 544 ἐναγέτω.

2267 571 2376 637 "pb
2406 570 2504 636 μὲν
2535 570 2643 621 τῶν
2674 569 2964 636 βασιλικῶν
3000 569 3200 635 νόμων,
3228 567 3408 629 καθὼς
3437 567 3530 618 καὶ
3558 569 3613 619 ἐν
3668 568 3746 636 τῷ

2201 660 2476 728 ἑκατοστῷ
2535 658 2977 725 ἑπτακαιδεκάτῳ
3031 659 3213 708 κανόνι
3268 657 3502 724 ἐγράφη,
3553 656 3608 707 εἴ
3660 674 3748 719 τις

2194 751 2491 809 ἐπίσκοπος
2521 748 2626 799 ἀπὸ
2657 747 2922 817 αἱρέσεώς
2948 765 3091 808 τινος
3133 748 3210 809 είς
3244 745 3550 814 όρθοδοξίαν
3614 764 3744 813 μετ·

2193 839 2423 904 έστρεψε
2457 839 2749 906 παροικίαν
2768 840 2906 899 τινα,
2940 839 3157 904 κατεῖχε
3179 838 3379 902 ταύτην
3396 835 3748 900 ἀπέντεῦθεν,

2193 929 2286 976 καί
2326 928 2423 978 οὐκ
2453 925 2682 992 ἡδύνατό
2709 943 2792 987 τις
2825 924 2934 976 τῶν
2976 924 3308 986 ἐπισκόπων,
3342 915 3491 988 ᾧτινι
3542 923 3575 989 ἡ
3627 938 3748 972 τοι·

2194 1018 2332 1085 αὐτη
2365 1016 2531 1083 ἀνῆκε
2571 1016 2852 1084 διοίκησις,
2903 1012 3290 1067 ἀνακαλεῖσθαι
3348 1013 3531 1079 αὑτήν.
3589 1012 3752 1063 Μετὰ

2194 1108 2248 1158 δὲ
2285 1109 2403 1169 τοὺς
2437 1112 2560 1175 περὶ
2603 1107 2791 1162 τούτου
2850 1107 3046 1171 νόμους
3095 1104 3256 1172 ῆρεσε
3296 1107 3359 1172 τῇ
3402 1103 3604 1170 συνόδῳ
3656 1099 3750 1154 τὸν

2200 1199 2650 1266 μεταστρέψαντα
2681 1200 2760 1259 είς
2804 1200 2902 1266 τὴν
2929 1195 3242 1265 όρθοδοξίαν
3266 1195 3449 1262 χώραν
3476 1196 3621 1256 τινὰ,
3654 1183 3750 1244 καὶ

2193 1288 2284 1338 ἐπὶ
2317 1287 2552 1352 τριετίαν
2614 1286 2951 1354 κατασχόντα
3003 1285 3192 1352 αὐτὴν,
3267 1284 3341 1351 μὴ
3407 1282 3556 1346 παρά
3601 1296 3749 1340 τινος

2191 1375 2510 1443 ὀχληθέντα,
2543 1375 2617 1437 ὡς
2635 1376 2837 1442 ταύτην
2872 1373 3337 1441 ἀναζητήσαντος,
3375 1371 3557 1440 μένειν
3589 1368 3749 1434 ἀνέγ-

2193 1465 2409 1534 κλητον,
2441 1469 2537 1518 καὶ
2572 1465 2769 1534 μηκέτι
2797 1465 2999 1531 ταύτην
3024 1459 3409 1527 ἀναζητεῖσθαι
3437 1460 3528 1510 ἀπ’
3559 1457 3746 1520 αὐτοῦ,

2193 1557 2349 1622 εῐπερ
2373 1556 2520 1614 me;
2545 1557 2642 1623 τῆς
2677 1555 2919 1624 τριετίας
2963 1553 3207 1620 ὑπῆρχεν
3233 1551 3527 1612 ἐπίσκοπος
3562 1551 3588 1602 ό
3619 1548 3750 1616 μέλ-

2193 1645 2298 1697 λων
2325 1647 2663 1715 ἀναζητῆσαι
2704 1647 2891 1715 αὐτὴν,
2927 1645 3022 1698 καὶ
3052 1645 3341 1713 ἡσύχασεν.
3376 1642 3434 1693 Εἰ
3477 1642 3585 1707 γὰρ
3617 1639 3747 1706 ἐχή-

2196 1755 2350 1807 ρευεν
2383 1736 2679 1790 ἐπισκόποῦ
2719 1742 2750 1806 ὴ
2785 1736 3070 1804 ἐκκλησία,
3103 1737 3134 1802 ἡ
3170 1732 3524 1800 δικαιουμένη
3553 1732 3644 1781 ἐπὶ
3679 1731 3743 1798 τῇ

2193 1828 2344 1897 χώρᾳ
2373 1827 2554 1897 ἐκείνῃ
2581 1833 2645 1896 τῇ
2674 1830 2781 1880 ἀπὸ
2810 1830 2908 1896 τῆς
2947 1828 3209 1895 αἱρέσεως
3290 1821 3748 1890 μεταστραφείη,

2193 1919 2376 1969 ἔκτοτε
2445 1920 2476 1987 ή
2521 1917 2845 1986 παραδρομὴ
2901 1916 2992 1969 τοῦ
3028 1913 3270 1985 τριετοῦς
3337 1913 3527 1980 χρόνου
3583 1910 3745 1963 αὑτὸν

2198 2005 2410 2075 βλάψει,
2446 2007 2576 2074 μεθὸ
2611 2008 2835 2074 γένηται
2864 2005 2950 2057 ἐπ’
2977 2006 3111 2073 αὐτῇ
3129 2004 3440 2062 ἐπίσκοπνς.
3463 2001 3620 2052 Ἀ).λά
3654 1998 3748 2051 καὶ

2198 2096 2454 2165 παροικία
2501 2113 2581 2157 τις
2616 2097 2913 2147 ἐπισκόπου
2942 2096 3049 2146 τῶν
3103 2093 3456 2153 Δονατιστῶν,
3489 2084 3587 2144 ἐὰν·
3614 2090 3750 2158 πρὸς

2193 2188 2289 2254 τὴν
2316 2187 2612 2245 καθολικὴν
2659 2187 3000 2256 μεταστρέψῃ
3049 2186 3391 2253 Ἐκκλησίαν,
3421 2185 3514 2235 καὶ
3572 2199 3746 2235 κατα-

2197 2278 2356 2346 σχεθῇ
2389 2278 2482 2330 ἐπὶ
2515 2278 2680 2329 πολὺν
2705 2279 2895 2347 χρόνον
2932 2279 3080 2346 παρά
3134 2276 3228 2328 τοῦ
3277 2274 3750 2344 μεταστρέψαντος

2196 2369 2362 2435 αὐτὴν
2382 2371 2460 2430 είς
2484 2373 2580 2436 τὴν
2607 2367 2913 2434 ὀρθοδοξίαν
2931 2385 2944 2398 ·
2982 2363 3098 2419 εἶτα
3142 2366 3414 2435 προσέλθῃ
3443 2367 3507 2433 τῇ
3535 2363 3750 2430 ἐνότητι

2195 2459 2294 2524 τῆς
2319 2457 2610 2522 καθολικῆς
2645 2457 2876 2517 πίστεως
2901 2457 2993 2508 καὶ
3024 2459 3049 2508 ὁ
3079 2454 3404 2516 Δονατιστὴς
3425 2453 3747 2511 ἐπίσκοπος,

2196 2548 2408 2610 ἐξέσται
2446 2548 2590 2615 αὐτῷ
2640 2551 2788 2609 ἐντὸς
2821 2549 3079 2616 τριετίας,
3145 2548 3235 2614 ἀφ’
3266 2542 3325 2598 οὗ
3388 2541 3747 2611 ὑπέστρεψεν,

2198 2635 2585 2686 ἀνακαλεῖσθαι
2616 2637 2712 2704 τὴν
2751 2638 3060 2705 ἀνήκουσαν
3085 2636 3161 2702 τῷ
3196 2634 3370 2702 θρόνῳ
3399 2629 3560 2682 αὑτοῦ
3607 2645 3749 2698 παρ-

2196 2727 2385 2780 οικίαν.

2743 2817 2976 2868 ΚᾹΝΩΝ
3023 2817 3201 2868 PKA'.

2209 2929 2224 2959 ι
2265 2905 2394 2977 Περὶ
2423 2908 2530 2960 τῶν
2554 2912 2663 2969 τοῖς
2689 2909 2857 2970 λαοῖς,
2880 2907 2970 2969 οὒς
3009 2909 3320 2974 νομίζουσιν
3379 2905 3557 2964 αὐτοῖς
3614 2903 3752 2968 ἀνή-

2275 3018 2292 3048 ι
2331 3014 2466 3061 κειν,
2496 2998 2886 3050 ἐπιϐαινόντων
2935 2996 3084 3063 παρὰ
3134 2993 3357 3062 γνώμην
3404 2991 3511 3046 τῶν
3551 2991 3752 3051 αὐτοὺς

2276 3109 2292 3138 ι
2331 3090 2686 3155 κατεχόντων.
2731 3089 2964 3154 Ὁμοίως
3022 3087 3238 3154 ἤρεσεν,
3299 3085 3384 3134 ἵνα
3447 3083 3751 3149 οίοιδήποτε

2277 3200 2292 3230 ι
2331 3183 2616 3231 ἐπίσκοποι
2647 3181 2714 3231 τὰ
2755 3178 2951 3246 πλήθη.
3006 3177 3039 3228 ὃ.
3090 3175 3372 3242 νομίζουσι
3449 3175 3525 3242 τῲ
3575 3173 3752 3241 θρόνῳ

2279 3291 2293 3318 ι
2337 3271 2516 3321 αὐτῶν
2566 3271 2806 3336 ἀνήκειν,
2852 3269 2927 3337 μὴ
2974 3268 3144 3329 οὕτως
3194 3267 3554 3333 ἀναζητῶσιν,
3609 3263 3752 3315 ὥστε

2279 3381 2294 3409 ι
2335 3362 2506 3412 ἄλλων
2547 3361 2858 3411 ἐπισκόπων
2908 3362 3208 3427 κρινόντων
3259 3357 3412 3409 τοῦτο
3467 3356 3751 3424 πράττεῖν,

2281 3469 2298 3499 ‹
2343 3451 2586 3502 ἀλλ’ὺπδ
2635 3452 2822 3518 ἐτέρου
2887 3451 3275 3517 κατεχομένοις
3327 3447 3598 3498 ἐπελθωσι
3637 3447 3754 3506 τοῖς

2286 3565 2302 3592 ‹
2345 3543 2509 3604 λαοῖς,
2549 3541 2658 3592 εἴτε
2701 3542 2939 3593 θέλουσιν
2963 3541 3070 3590 εἴτε
3117 3542 3192 3607 μὴ
3230 3539 3464 3599 θέλουσι,
3494 3537 3586 3588 τοῦ
3619 3537 3750 3588 ἰδίου

2279 3652 2293 3680 ι
2338 3636 2660 3699 πράγματος
2690 3631 2785 3698 τὴν
2821 3631 3022 3698 ζημίαν
3051 3629 3417 3695 ὑπομείνωσιν
3440 3643 3455 3658 °
3491 3628 3585 3680 καὶ
3615 3626 3752 3678 οετιο

2280 3739 2294 3768 ι
2334 3736 2417 3778 ve;
2449 3718 2646 3786 δήποτε
2670 3718 2827 3770 τοῦτο
2852 3718 3134 3780 ἐποίησαν,
3166 3719 3210 3768 εί
3249 3718 3375 3786 μὴή
3411 3718 3608 3784 μεταξὺ
3640 3715 3753 3766 τῶν

2281 3829 2297 3860 ‹
2337 3813 2648 3862 ἐπισκόπων
2695 3809 2990 3870 συναίνεσις
3029 3809 3369 3876 ἐπερατώθη,
3404 3809 3514 3860 ἀλλ’
3567 3811 3755 3876 ἀκμὴν

2273 3920 2289 3951 ι
2332 3901 2575 3969 περὶτοῦ
2602 3899 2765 3951 αὑτοῦ
2815 3900 3228 3966 φιλονεικοῦσιν,
3283 3901 3494 3960 ἐκεῖνος
3538 3901 3751 3968 ἀποστῇ

2275 4010 2292 4040 ι
2327 3992 2551 4051 ἐκεῖθεν,
2621 3991 2749 4060 περὶ
2808 3985 2866 4040 οὗ
2900 3990 3154 4057 δειχθείη,
3206 3993 3287 4042 ὅτι
3321 3990 3597 4058 παρεάσας
3629 3991 3758 4052 τοὶ-ς

2283 4098 2299 4129 ι
2337 4079 2822 4146 ἐκκλησιαστικοὺς
2849 4078 3105 4138 δικαστὰς
3135 4077 3319 4142 ἔφοδον
3345 4080 3616 4146 εποίησεν.
3642 4078 3756 4129 Καὶ

2275 4190 2292 4220 ι
2331 4169 2402 4238 μὴ
2432 4170 2621 4221 ἐαυτόν
2649 4187 2733 4229 τις
2756 4168 3082 4237 κολακεύσῃ,
3108 4169 3157 4218 εί
3183 4169 3245 4218 ἐκ
3274 4168 3366 4219 τοῦ
3389 4168 3756 4236 πρωτεύοντος

2275 4280 2292 4310 ι
2334 4261 2636 4330 γράμματα
2671 4260 2797 4327 περὶ
2828 4259 2920 4309 τοῦ
2953 4259 3205 4325 κατέχειν
3230 4257 3440 4310 ἔλαϐεν.
3482 4256 3618 4308 Ἀλλ’
3642 4257 3755 4308 εἴτε

2274 4373 2289 4403 ι
2327 4355 2632 4420 γράμματα
2682 4352 2814 4418 ἔχει,
2861 4351 2967 4400 εἴτε
3015 4350 3113 4400 οὐκ
3199 4350 3336 4418 ἔχει,
3401 4349 3627 4417 συνέλθῃ
3675 4350 3756 4417 τῷ

2272 4461 2290 4492 ι
2330 4448 2632 4510 κατέχοντι,
2677 4444 2771 4493 καί
2823 4442 2950 4509 παρ’
3000 4438 3164 4491 αὐτοῦ
3218 4439 3520 4507 γράμματα
3578 4438 3754 4502 λάϐοι,

2281 4555 2297 4584 ι
2339 4534 2479 4584 ὥστε
2529 4534 2764 4599 φανῆναι
2789 4532 2973 4583 τοῦτον
3011 4531 3301 4599 είρηνικῶς
3328 4533 3427 4598 τὴν
3453 4529 3598 4596 αὑτῷ
3623 4531 3760 4598 ἀνή-

2283 4643 2298 4671 ι
2338 4638 2538 4673 κουσαν
2571 4621 2820 4687 κατέχειν
2877 4619 3203 4688 ἐκκλησίαν·
3263 4621 3358 4671 ἐὰν
3398 4620 3454 4671 δέ
3509 4621 3762 4682 κάκεῖνός

2283 4733 2300 4762 ι
2333 4730 2452 4763 τινα
2489 4709 2716 4778 ζήτησιν
2745 4712 3106 4778 ἀντεναγάγῃ,
3144 4711 3232 4760 καῖ¹
3271 4710 3408 4777 αὑτὴ
3460 4712 3750 4779 περατιυθῇ

2283 4825 2299 4851 ι
2339 4802 2538 4869 μεταξὺ
2576 4801 2886 4854 ἐπισκόπων
2920 4803 3231 4869 κρινόντων,
3271 4800 3387 4851 εἴτε
3429 4799 3521 4862 οὓς
3549 4802 3576 4851 ό
3609 4816 3760 4865 πρω-

2283 4914 2300 4944 ι
2337 4894 2505 4945 τεόων
2545 4895 2727 4954 αὐτοῖς
2781 4893 2875 4960 δῷ,
2929 4892 3036 4943 εἴτε
3089 4891 3181 4952 οὒς
3228 4889 3576 4957 γειτνιῶντας
3615 4889 3760 4941 κατὰ

2283 5002 2299 5031 ι
2337 4982 2635 5032 συναίνεσιν
2664 4979 3038 5044 ἐπιλέξωνται.
3068 4998 3088 5031 ι

2288 5072 2481 5124 ΒΑΛΣ.
2536 5072 2645 5122 Καὶ
2696 5073 2722 5123 ὁ
2775 5070 3046 5130 πολιτικὸς
3112 5069 3272 5136 νόμος
3329 5068 3612 5137 διορίζεται
3663 5065 3760 5119 τὸν

2209 5163 2456 5230 ἀνάρχως
2483 5161 2542 5212 τὸ
2571 5161 2702 5212 ἴδιον
2734 5161 3066 5228 ἀφελόμενον
3119 5160 3403 5212 ἐκπίπτειν
3438 5158 3618 5212 αὑτοῦ.
3645 5158 3757 5209 Καὶ

2209 5255 2235 5304 ό
2266 5251 2451 5320 παρὼν
2481 5251 2536 5301 δὲ
2569 5249 2748 5301 κανὼν
2775 5251 3062 5319 διορίζεται
3090 5251 3213 5311 τοὺς
3249 5249 3599 5312 ἐπισκόπους,
3631 5249 3759 5309 τοὺς

2209 5340 2522 5408 νομίζοντας
2545 5339 2686 5408 ἔχειν
2713 5340 2914 5393 δεκαιον
2935 5341 3192 5410 πλήθους,
3219 5341 3387 5409 ἤγουν
3416 5341 3645 5407 ἐνορὶας,
3679 5340 3761 5408 μὴ

2212 5431 2538 5493 αὑθεντικῶς
2569 5431 2981 5501 ἐπιδράττεσθαι
3003 5431 3231 5500 ταύτης,
3261 5431 3358 5482 κᾶν
3383 5430 3573 5483 θέλωσι
3601 5429 3762 5481 τοῦτο

2212 5525 2257 5574 oi
2286 5524 2425 5585 λαοὶ,
2457 5523 2558 5576 κᾶν
2589 5523 2664 5591 μὴ
2694 5524 2940 5587 θέλωσιν,
2981 5523 3114 5576 ἁλλά
3162 5523 3384 5617 ἐκνικίᾷν
3412 5524 3503 5582 τὰς
3539 5538 3766 5588 κατεχο-

2219 5613 2383 5681 μένας
2426 5612 2553 5682 παρ’
2613 5613 2815 5683 ἐτέρων
2883 5617 3193 5666 ἐπισκόπων
3246 5612 3498 5675 τοιαύτας
3550 5612 3762 5683 ἐνορίαῖ
