4002 6314
170 349 274 411 389

1180 346 1254 404 lN
1307 346 1470 407 CAN.
1508 339 1686 403 CXXI
1725 339 2342 399 CONC.'CA1{THAG.

3255 337 3358 397 390

171 462 308 522 μετὰ
363 456 592 522 κρὶσεω..
648 453 1047 522 ἐπισκοπικῆς·
1105 456 1152 505 εἰ
1229 455 1284 504 δέ
1340 452 1711 518 αύτεκδῖκητοῑ

1818 449 2065 502 evincaut
2102 465 2114 500 :
2143 449 2222 498 sin
2255 453 2429 497 autem
2459 443 2692 510 sibiipsis
2729 443 2814 508 jus
2843 442 3088 506 dixerint,
3126 448 3200 501 rei
3237 464 3359 515 prn-

168 542 447 608 γένωνται,
479 541 680 608 ζημίαν
732 541 1020 608 ὑπομένειν
1051 540 1144 591 τοῦ
1195 539 1324 592 ἰδίου
1367 540 1714 607 πράγματος,

169 635 334 699 ἡγουν
363 633 650 684 ἐκπίπτειν
675 631 766 684 τοῦ
796 631 994 683 οἰκείου
1031 631 1260 682 δικαίου.
1288 631 1455 681 Τοῦτο
1479 631 1532 680 δὲ
1565 628 1717 680 ἔσται

171 723 262 773 καὶ
295 724 370 783 εἰς
397 724 522 783 τοὺς
571 723 707 790 μετὰ
755 719 1123 790 προκάταρξιν
1183 720 1258 788 μὴ
1319 721 1716 786 ἁναμείναντας

169 815 263 878 τὴν
299 810 651 879 ὲπισκοπικὴν
678 811 980 872 δικαίωσιν,
1006 809 1142 861 ἀλλὰ
1165 807 1496 867 αὑθεντικῶς
1518 808 1709 858 ἐπιλαο

171 901 421 966 εομένους
449 901 544 960 τῆς
578 899 814 967 ἐνορίας.
865 898 974 949 Καὶ
1023 897 1098 966 μή
1124 913 1227 958 τις,
1285 896 1464 962 φησὶν,
1528 893 1716 945 ἑαυτὸν

174 988 486 1056 κολακεύσῃ,
506 989 625 1040 ἀντὶ
643 987 762 1050 τοῦ,
782 987 1059 1058 ἀπατήσῃ,
1091 987 1171 1038 ὅτι
1203 986 1265 1037 ἐκ
1291 984 1384 1036 τοῦ
1413 985 1744 1051 πρωτεύσνη

171 1097 256 1142 τος
283 1082 398 1148 ἦτοι
426 1079 515 1130 τοῦ
559 1077 951 1147 μητροπολίτου
1009 1076 1310 1144 γράμματα
1359 1074 1549 1126 ἐλαϐεν
1597 1074 1718 1124 ἐπι-

171 1169 428 1236 τρέποντα
452 1166 598 1232 αύτῷ
619 1167 716 1232 τὴν
743 1165 837 1217 τοῦ
872 1165 1038 1216 τόπου
1068 1165 1422 1232 κατάσχεσιν.
1459 1163 1576 1212 Εἴτε
1608 1160 1716 1229 γὰρ

173 1257 281 1322 ἔχει
313 1256 630 1324 γράμματα,
665 1254 772 1305 εἴτε
811 1254 910 1306 οὐκ
939 1253 1074 1320 ἔχει,
1103 1254 1151 1304 εἰ
1185 1251 1257 1320 μὴ
1275 1251 1365 1303 τοῦ
1395 1251 1716 1318 κατέχοντος

173 1349 258 1396 τὸν
295 1342 416 1396 λαὸν
454 1345 544 1396 τὸν
579 1343 945 1410 ἐκνικώμενον
972 1343 1113 1412 λάϐῃ
1173 1343 1495 1409 γράμματα,
1523 1338 1589 1391 δι’
1642 1332 1718 1390 ὧν

175 1435 476 1501 φανήσεται
510 1434 652 1486 κατὰ
684 1435 911 1499 γνώμην
941 1431 1145 1483 ἐκείνου
1201 1431 1488 1499 εἰρηνικῶς
1516 1446 1715 1486 ,κατα-

178 1523 320 1591 σχὼν
353 1524 446 1593 τὴν
475 1524 834 1591 διαφέρουσαν
861 1511 1257 1589 αύτῷἐῖιορίαν,
1289 1521 1602 1571 ἐκπεσεῖται
1623 1518 1716 1569 τοῦ

172 1613 371 1664 δικαίου
407 1612 588 1665 αὑτοῦ.
643 1611 766 1664 Ἐὰν
800 1611 856 1662 δὲ
916 1612 1009 1662 καί
1060 1610 1384 1676 ἐναγόμενος
1421 1609 1714 1678 ἀντενάγῃ,

171 1703 439 1752 τουτέστιν
462 1700 878 1769 ἁνταιτιάσηται
900 1701 990 1751 τὸν
1022 1699 1303 1765 ἐνάγοντα,
1347 1697 1432 1749 ἵνα
1463 1700 1554 1750 καὶ
1581 1698 1715 1766 αὕτη

1821 537 1948 603 prim
1979 535 2245 603 jacturam
2268 535 2591 595 sustineant,
2624 533 2825 588 scilicet
2853 551 2879 585 a
2906 551 3002 585 suo
3048 537 3171 604 jure
3214 542 3362 592 exci-

1817 629 1965 681 dant.
1989 624 2150 694 655
2186 625 2295 678 Hoc
2323 639 2533 692 quoque
2560 626 2638 678 eis
2666 625 2896 688 eveniet,
2943 627 3032 693 qui
3081 639 3198 695 post
3248 644 3363 682 cm—

1817 728 1964 786 ptum
1991 703 2252 782 judicium
2287 716 2636 783 episcopalem
2672 717 2992 770 sententiam
3038 735 3140 771 non
3169 713 3364 787 exspe-

1816 808 2105 868 ctaveriut,
2141 808 2231 860 sed
2265 822 2357 860 sua
2393 808 2713 861 auctoritate
2762 810 3027 875 regionem
3066 811 3364 876 apprehen-

1817 896 2013 949 derint.
2045 894 2150 948 Nec
2177 897 2316 963 quis,
2347 896 2540 963 inquit,
2587 897 2687 950 sibi
2739 897 2836 964 ipsi
2900 898 3220 963 blandiatur,
3265 902 3363 952 hee

1817 991 1920 1046 est,
1955 984 2188 1049 seipsum
2214 983 2464 1050 decipiat,
2495 985 2635 1051 quod
2668 1000 2694 1036 a
2726 985 2950 1053 primate
2978 1002 3068 1040 seu
3100 1000 3361 1056 metrOpo-

1817 1071 1982 1124 litano
2011 1072 2217 1126 litteras
2247 1077 2511 1140 acceperit
2546 1074 2644 1127 loci
2685 1077 3070 1142 possessionem
3097 1078 3143 1130 ei
3177 1091 3363 1128 conce-

1819 1163 2024 1214 dentes.
2055 1161 2176 1215 Sive
2197 1163 2338 1215 enim
2368 1163 2564 1216 haheat
2589 1163 2817 1226 litteras,
2853 1166 2965 1217 sive
3003 1181 3108 1218 non
3150 1167 3361 1229 habent,

1819 1251 1922 1304 nisi
1954 1250 2094 1318 ejus,
2140 1251 2228 1318 qui
2264 1251 2516 1318 p0pulum
2573 1254 2636 1305 de
2699 1268 2804 1319 quo
2860 1265 2940 1306 est
2999 1255 3360 1307 CunlI'OVL‘l'Sizt

1819 1344 2046 1405 detinet,
2083 1343 2288 1396 litteras
2312 1344 2597 1410 acceperit,
2632 1358 2726 1411 per
2753 1357 2887 1410 quas
2918 1353 3171 1410 appareat
3203 1358 3261 1396 se
3303 1359 3366 1395 ex

1820 1435 1962 1488 illius
1995 1434 2258 1487 sententia
2287 1447 2425 1494 eam,
2452 1449 2567 1500 qua:
2591 1435 2655 1484 ad
2686 1433 2858 1496 ipsum
2892 1433 3149 1499 pet-tinet.
3193 1432 3369 1500 regio-

1819 1541 1943 1578 ncm
1985 1525 2204 1594 paciﬁce
2238 1526 2552 1589 obtinuisse,
2599 1540 2625 1576 a
2657 1525 2776 1592 jure
2831 1539 2930 1577 suo
2983 1524 3211 1577 excidet.
3273 1525 3367 1576 Sin

1813 1621 1994 1685 putem
2023 1628 2145 1665 reus
2171 1611 2489 1665 contrariam
2514 1613 2865 1678 quzestionem
2890 1612 3099 1675 inferat,
3141 1615 3239 1664 hoc
3262 1623 3366 1677 est,

1819 1713 1962 1763 eum,
1998 1703 2090 1768 qui
2125 1704 2176 1754 in
2211 1703 2376 1768 ipsum
2409 1703 2681 1754 actionem
2742 1702 2984 1765 intendit,
3029 1701 3368 1755 reconveniat

171 1791 476 1859 ήύπόθεσις
521 1759 810 1858 περατωθΙῇ
843 1759 1140 1860 κρινόντων
1166 1788 1498 1841 ἐπισκόπων.
1548 1789 1610 1839 Oi
1659 1759 1711 1838 δέ

1820 1803 1917 1842 seu
1955 1791 2351 1851 recriminetur.
2407 1800 2463 1844 ut
2513 1792 2624 1858 ipsa
2669 1807 2880 1860 quoque
2938 1807 3098 1845 causa
3155 1792 3369 1845 ﬁniatur

172 1882 436 1950 κρίνοντες
465 1879 497 1948 ἢ
529 1879 680 1949 παρὰ
725 1879 817 1931 τοῦ
871 1879 1242 1946 πρωτεύοντος
1290 1877 1627 1947 δοθήσονται,
1677 1876 1710 1946 ἢ

172 1972 304 2020 κατὰ
360 1968 662 2020 συναίνεσιν
725 1968 833 2020 τῶν
910 1968 1194 2020 ἀντιδίκων
1279 1967 1710 2033 ἐπιλεγήσονται.

179 2059 465 2128 Ἑρωτήσει
497 2058 552 2110 δέ
585 2074 688 2121 τις,
727 2059 800 2120 ὡς
825 2057 1097 2126 διαφόρων
1143 2057 1379 2110 κανόνων
1407 2056 1716 2125 διοριζομέ⁴

171 2167 271 2202 νων
300 2148 680 2218 καθαιρεῖσθαι
710 2148 833 2211 τοὺς
871 2150 930 2201 ἐν
962 2149 1268 2216 ἀλλοτρίαις
1319 2149 1548 2217 ἐνορίαις
1594 2151 1712 2200 huc

170 2240 421 2289 σκοπικόν
449 2255 498 2288 τι
534 2237 892 2305 ἐνεργοῦντας
941 2238 1090 2307 παρὰ
1136 2237 1361 2306 γνώμην
1413 2239 1522 2290 τῶν
1583 2256 1714 2292 κατ-

171 2327 388 2391 εχόντων
406 2329 592 2392 αὑτὰς,
615 2329 728 2390 πῶς
755 2330 782 2380 6
811 2327 999 2396 παρὼν
1016 2327 1194 2380 κανὼν
1221 2331 1312 2380 ἐπὶ
1337 2329 1469 2400 μόνῃ
1499 2329 1712 2380 ἐκπτώ-

173 2430 246 2466 σει
279 2415 370 2467 τοῦ
401 2417 690 2486 προσόντος
747 2417 876 2480 ἴσως
922 2417 1130 2470 δικαίου
1185 2418 1330 2486 αύτῷ
1397 2420 1711 2486 κατακρίνει

168 2505 250 2555 τὸν
275 2503 372 2572 τὴν
402 2505 590 2571 ἔφοδον
617 2507 952 2572 ποιήσαντας
990 2507 1189 2570 Λύσις.
1225 2506 1486 2558 Ἐνταῦοα
1509 2507 1709 2559 ὑπόθου

169 2594 338 2647 δίκαια
372 2594 517 2662 ἔχειν
546 2597 758 2665 ἐνορίας
787 2595 879 2647 τον
910 2597 1350 2664 αύτονομήσαντα
1390 2598 1707 2659 ἐπίσκοπον,

170 2685 256 2733 καὶ
285 2682 370 2734 διὰ
400 2684 554 2735 τοῦτο
604 2684 918 2751 καθαιρέσει
974 2684 1072 2754 μὲν
1131 2686 1226 2754 οὐχ
1279 2685 1584 2748 ὑπόκειται,
1622 2688 1710 2738 ἐκ.

169 2771 346 2822 πίπτει
373 2772 428 2824 δέ
462 2772 554 2823 τοῦ
593 2774 790 2826 οἰκείου
813 2774 1045 2826 δικαίου.
1095 2775 1158 2826 Εἰ
1212 2777 1319 2841 γὰρ
1365 2777 1503 2843 φανῇ
1570 2777 1706 2843 μετὰ

169 2861 411 2929 ἀληθείας
443 2859 582 2914 εἶναι
611 2864 895 2931 ἀλλοτρίαν
949 2865 1044 2933 τὴν
1101 2864 1358 2931 τοιαύτην
1401 2865 1613 2932 ινορίαν
1649 2866 1710 2928 ἐξ

168 2948 428 3017 ὀχλήσεως
464 2950 557 3002 τοῦ
583 2951 842 3012 παθόντος
866 2952 961 3019 τὴν
1003 2952 1189 3018 ἔφοδον
1240 2951 1561 3016 ἐπισκόπου,
1617 2951 1709 3002 καὶ

171 3040 664 3110 καθαιρεθήσεταιό
715 3043 1049 3107 ἀτακτήσας.
1113 3043 1234 3095 Ἔτι
1280 3044 1543 3112 ἐρωτήσει
1603 3060 1706 3106 τις,
1740 3086 1782 3143 c

168 3126 234 3188 ὡς
261 3128 350 3180 τοῦ
401 3131 758 3200 πεποιηκότος
807 3131 903 3199 τὴν
952 3131 1137 3198 ἔφοδον
1191 3134 1491 3184 ἐπισκόπου
1539 3132 1712 3194 οὕτως

175 3218 485 3280 ἐκπεσόντος
515 3221 607 3270 τοῦ
639 3219 994 3272 ἐπισκοπικοῦ
1041 3221 1248 3272 δικαίου
1279 3222 1443 3273 αὑτοῦ
1499 3222 1711 3278 ἐνδυνα-

173 3322 277 3372 μως
303 3307 377 3367 ὡς
401 3309 493 3359 ἐπὶ
531 3309 707 3377 οἰκείᾳ
739 3309 922 3376 ἐνορία
960 3300 1340 3360 ἑπισκοπέύσει
1389 3312 1416 3360 ὁ
1468 3312 1714 3378 κατέχων

171 3397 345 3466 αὐτὴν,
385 3400 416 3448 il
457 3401 921 3468 τιμωρηθήσεται,
950 3400 1024 3462 ὡς
1072 3401 1129 3452 ἐν
1181 3401 1376 3466 είδήσει
1429 3401 1712 3469 ἀλλοτρίαν

171 3487 370 3554 ἐνορίαν
398 3489 646 3553 κατέχων
677 3493 767 3540 καὶ
816 3491 1109 3558 ἰερουργῶν
1168 3492 1224 3542 ἐν
1267 3492 1441 3559 aii-cii;
1497 3494 1707 3557 Λύσις.

173 3575 346 3643 Νόμος
382 3579 496 3628 ἐστί
564 3577 760 3644 λέγων,
810 3579 1133 3640 Κελεύοντος
1187 3581 1437 3648 ἄρχοντος
1489 3580 1712 3641 δικαίως

171 3669 453 3734 νεμόμεθα,
479 3670 575 3719 καὶ
615 3667 735 3718 ἐπεὶ
773 3669 800 3719 ό
838 3667 1025 3719 παθὼν
1069 3668 1167 3736 τὴν
1199 3668 1383 3735 ἔφοδον
1418 3669 1711 3730 ἐπίσκοπος

172 3757 266 3807 ἀπὸ
286 3757 377 3808 τοῦ
400 3759 622 3819 κανόνος
652 3758 1017 3820 δεδικαίωται,
1053 3760 1128 3819 ὠς
1182 3757 1273 3808 τοῦ
1308 3759 1711 3824 ἀτακτήσαντος

171 3849 491 3912 λογισθέντος
531 3850 793 3916 μηδέποτε
823 3853 970 3917 σχεῖν
1006 3848 1214 3901 δίκαιον
1249 3851 1326 3911 εἰς
1344 3849 1442 3917 τὴν
1473 3849 1708 3913 ἐνορίαν,

175 3937 644 4006 ἁποκριματίστως
676 3941 961 4007 ἐνεργήσει
1018 3940 1349 3991 ἐπισκοπικὰ
1397 3939 1581 3990 δίκαια
1628 3939 1708 4001 είς

177 4029 232 4096 ἦν
263 4031 477 4094 κατέχει
508 4029 739 4096 ἐνορίαν,
769 4031 872 4080 κᾶν
903 4025 972 4098 ἦν
999 4046 1125 4080 ποτε
1169 4028 1440 4097 ἀλλοτρία.
1471 4028 1536 4078 Τί
1567 4027 1643 4088 δὲ,
1663 4030 1704 4094 ’ή

175 4115 353 4178 ἀταξία
395 4117 487 4166 καί
533 4115 716 4182 ἔφοδος
774 4115 867 4167 τοῦ
929 4115 1350 4183 κατακριθέντος
1405 4115 1705 4165 ἐπισκόπου

174 4205 473 4272 λυμανεῖται
495 4205 563 4256 τὰ
599 4204 780 4256 δίκαια
805 4204 904 4271 τῆς
957 4202 1272 4271 ἐκκλησίας,
1321 4202 1413 4254 καί
1450 4202 1706 4253 ἀποκλει-

175 4293 415 4361 comm:
437 4296 462 4344 6
494 4293 634 4360 μετὰ
671 4291 857 4343 τοῦτον
888 4290 1464 4360 χειροτονηθησόμενος
1488 4289 1706 4341 ἐπίσκο-

1813 1876 2178 1942 judicantihus
2204 1880 2470 1947 episc0pis
2507 1897 2518 1931 :
2561 1880 2651 1947 qui
2687 1893 2860 1933 autem
2903 1879 3164 1947 judicant,
3226 1879 3304 1930 vel
3338 1894 3364 1928 λ

1819 1966 2046 2031 primate
2079 1969 2368 2034 dabuntur,
2403 1970 2482 2022 vel
2508 1985 2571 2022 ex
2619 1985 2880 2024 consensu
2934 1969 3364 2022 adversariorum

1819 2055 2101 2122 eligentur.
2175 2057 2589 2125 lnterrogaverit
2655 2072 2830 2112 autem
2883 2060 3183 2127 quispiam,
3227 2058 3364 2112 Cum

1819 2145 2014 2196 diversi
2050 2157 2283 2198 canones
2313 2145 2572 2199 deliniant
2610 2162 2702 2201 eos
2749 2151 3108 2214 deponendos,
3167 2147 3257 2214 qui
3313 2148 3363 2196 in

1818 2234 2006 2286 alienis
2037 2234 2358 2289 dicecesibus
2381 2237 2682 2305 episcOpale
2714 2238 2836 2305 quid
2866 2246 3139 2299 exercent,
3172 2248 3366 2303 praeter

1818 2324 2140 2376 Sententiatn
2199 2341 2380 2378 eorum
2423 2328 2488 2379 ad
2527 2343 2659 2394 quos
2727 2328 3036 2394 pertinent;
3097 2328 3363 2394 quomodo

1817 2426 2050 2479 praasens
2077 2428 2245 2467 canon
2280 2417 2391 2467 sola
2425 2417 2582 2481 juris,
2615 2421 2751 2484 quod
2787 2417 2924 2468 forte
2961 2416 3135 2480 habet,
3189 2418 3366 2483 priva-

1820 2502 1961 2553 tione
1984 2517 2105 2554 eum
2149 2505 2488 2567 condemnat,
2516 2505 2604 2570 qui
2649 2505 2945 2558 invaserit?
2985 2504 3203 2558 Salutio.
3270 2504 3367 2557 llic

1816 2601 2052 2656 suppoue
2076 2591 2407 2658 episcopum,
2452 2594 2540 2659 qui
2586 2593 2686 2647 sibi
2722 2595 2804 2661 jus
2834 2594 2988 2656 dixit,
3029 2595 3117 2662 jus
3175 2595 3370 2648 habere

1817 2676 2064 2730 ditecesis
2093 2697 2106 2730 :
2133 2690 2183 2731 et
2214 2692 2488 2747 propterea
2519 2684 2835 2750 depositioni
2867 2683 3078 2750 quidem
3112 2699 3212 2736 non
3243 2683 3370 2735 sub-

1811 2763 2012 2831 jicitur,
2037 2768 2128 2821 sed
2153 2772 2501 2839 propriojure
2522 2774 2740 2826 excidit.
2765 2771 2821 2826 Si
2838 2773 2976 2826 enim
2997 2788 3181 2826 revera
3207 2790 3368 2841 appa-

1819 2857 1988 2909 ruerit
2016 2859 2241 2911 alienam
2267 2876 2384 2914 esse
2405 2862 2682 2928 dimcesin,
2709 2878 2775 2916 ex
2799 2865 3079 2916 vexatione
3107 2864 3364 2930 epismpi,

1817 2946 1905 3011 qui
1936 2946 2221 2999 violentam
2253 2951 2577 3003 invasionem
2606 2967 2796 3019 passus
2819 2960 2920 3014 est,
2952 2954 3248 3020 deponetur
3275 2954 3362 3019 qni

1815 3048 1874 3087 se
1906 3035 2200 3090 insolenter
2230 3045 2284 3090 et
2306 3042 2531 3105 superbe
2558 3042 2748 3108 gessit.
2781 3043 3045 3094 Praeterea
3073 3043 3369 3110 interregn-

1816 3127 1956 3178 verit
1981 3126 2272 3193 quispiam,
2309 3128 2440 3182 Cum
2489 3132 2532 3184 is
2559 3133 2647 3199 qui
2681 3132 2870 3185 invasit
2918 3133 3197 3199 episcopus
3247 3133 3367 3200 jure

1817 3228 1914 3267 suo
1943 3215 2014 3267 ita
2050 3217 2332 3280 exciderit,
2366 3219 2457 3286 qui
2487 3234 2601 3272 eam
2629 3220 2850 3285 detinet,
2885 3221 2984 3274 rite
3034 3231 3280 3288 tanquam
3315 3225 3364 3274 in

1815 3307 2033 3373 propria
2071 3306 2284 3359 dioecesi
2307 3309 2670 3376 episcopatum
2703 3320 2874 3376 geret,
2909 3324 2974 3361 an
3002 3313 3270 3377 punietur,
3306 3321 3362 3363 ut

1815 3395 1904 3461 qui
1941 3399 2179 3465 prudens
2212 3407 2263 3449 et
2288 3398 2464 3452 sciens
2493 3399 2723 3454 alienam
2765 3401 3018 3454 dimcesiu
3055 3403 3274 3456 detinet.
3310 3414 3363 3455 et

1817 3487 1870 3538 in
1898 3501 1958 3540 ea
1988 3502 2140 3540 sacra
2167 3486 2454 3540 celebrat?
2496 3487 2720 3541 Salutio.
2772 3489 2877 3542 Lex
2916 3499 2998 3542 est
3045 3507 3164 3560 qua:
3213 3491 3363 3552 ditit,

1814 3573 2041 3628 lubente
2070 3578 2381 3644 magistratu
2408 3576 2550 3642 juste
2582 3579 2913 3646 possidemus
2950 3595 2965 3632 :
2994 3590 3044 3631 et
3080 3582 3204 3647 quia
3249 3585 3366 3650 cpi.

1812 3678 2025 3732 scopus,
2056 3665 2146 3732 qui
2192 3666 2294 3716 vim
2329 3679 2518 3734 passus
2548 3676 2651 3729 est,
2689 3682 2717 3719 a
2743 3681 2947 3721 canone
2985 3667 3075 3736 jus
3131 3673 3358 3736 accepit,

1815 3764 1997 3821 utpote
2024 3770 2146 3806 cum
2204 3753 2271 3816 is,
2308 3755 2400 3822 qui
2452 3769 2511 3809 se
2565 3755 2852 3810 insolenter
2905 3767 2955 3811 et
3014 3759 3367 3815 immoderate

1813 3847 1992 3911 gessit,
2023 3845 2224 3896 nullum
2255 3846 2345 3912 jus
2395 3844 2446 3897 in
2498 3845 2718 3898 dioecesi
2781 3847 3033 3900 habuisse
3084 3859 3361 3917 reputatus

1813 3934 1878 3987 sit
1905 3949 1920 3997 ;
1951 3934 2147 3998 absque
2186 3935 2292 3987 ullo
2315 3934 2627 4002 praejudicio
2647 3936 2768 4002 jura
2792 3937 3112 4005 episcopalia
3146 3955 3365 3993 exerceo

1813 4020 1888 4073 hit
1925 4020 1973 4071 in
2004 4020 2270 4086 provincia
2303 4037 2463 4090 quam
2493 4022 2714 4083 detinet,
2748 4024 2845 4077 etsi
2900 4025 3190 4094 aliquando
3243 4039 3359 4080 erat

1814 4112 2012 4164 aliena.
2049 4110 2185 4177 Quid
2224 4127 2375 4177 vero,
2426 4116 2508 4166 vis
2559 4121 2607 4168 et
2670 4113 2956 4166 insolentia
3015 4117 3357 4183 condemnati

1810 4201 2044 4270 episcopi
2080 4201 2329 4256 Ecclesiae
2355 4201 2473 4272 jura
2497 4202 2820 4255 detrimento
2847 4204 3076 4257 aﬂiciet?
3102 4217 3150 4258 et
3177 4209 3362 4259 exclu-

1809 4292 1962 4342 detur
1989 4291 2076 4358 qui
2100 4302 2220 4360 post
2243 4309 2362 4345 eum
2387 4294 2711 4346 ordinandus
2731 4302 2810 4345 est
2826 4294 3128 4361 cpiscopus,
3151 4299 3363 4364 quomi-

175 4399 260 4444 τος
282 4382 665 4434 ἀνακαλεῖσθαι
687 4384 751 4434 τὰ
775 4383 956 4433 δίκαια
977 4382 1072 4449 τῆς
1095 4379 1387 4445 ἐκκλησίας
1431 4379 1617 4444 αὑτοῦ,
1670 4379 1703 4449 ἦ

1813 4394 1913 4431 nus
1947 4382 2117 4447 possit
2158 4383 2552 4449 rcvocarejura
2585 4382 2843 4436 Ecclesia:
2898 4399 3029 4447 sum,
3089 4402 3155 4438 an
3213 4389 3364 4440 non?

172 4468 494 4532 οὖςΛύσις.
547 4469 696 4536 Ἐμοὶ
755 4470 900 4521 δοκεῖ
956 4469 1028 4535 μὴ
1086 4468 1557 4520 καταδλὰπτεσθαι
1613 4468 1708 4536 τὴν

174 4560 451 4626 ἐκκλησίαν
491 4560 548 4622 ἐξ
573 4552 646 4611 ὧν
676 4559 978 4627 ἁμαρτάνει
1009 4560 1036 4609 ὁ
1081 4560 1396 4617 ἐπίσκοπος.
1457 4558 1567 4610 Καὶ
1623 4559 1710 4610 διὰ

171 4647 309 4701 τοῦτο
356 4648 670 4716 ἐνδυνάμως
703 4649 787 4700 ἵνα
833 4648 1234 4716 ἁνακαλέσηται
1267 4647 1363 4713 τὴν
1433 4650 1640 4716 ἐνορίαν
1677 4649 1706 4700 6

171 4737 534 4804 διαδεξὴιενος
566 4737 656 4789 τὸν
710 4738 1012 4806 ποιήσαντα
1062 4736 1159 4805 τὴν
1210 4737 1416 4801 ἔφοδον,
1471 4738 1571 4788 κᾶν
1610 4740 1706 4790 καὶ

173 4828 314 4888 πολὺς
347 4827 600 4896 παρέλθῃ
631 4827 838 4894 καιρός.
894 4823 1158 4894 Ἐλαλήθη
1193 4824 1249 4876 δέ
1281 4825 1516 4876 τοιοῦτόν
1533 4843 1582 4876 τι
1615 4827 1707 4880 καὶ

173 4915 250 4965 ἐπὶ
282 4916 393 4968 τῶν
423 4915 643 4984 ἡμερῶν
675 4914 767 4966 τοῦ
801 4915 1104 4980 ἁγιωτάτου
1159 4915 1499 4982 πατριάρχου
1535 4915 1702 4983 κυροῦ

172 5003 351 5072 Λουκᾷ.
387 5003 544 5063 me;
574 5004 680 5071 γὰρ
720 5001 1022 5053 ἐπισκόπου
1057 5001 1156 5069 τῆς
1190 5000 1429 5068 μεγάλης
1456 5001 1704 5069 Βρύσεως

171 5091 513 5161 δικαζομένου
547 5091 684 5159 μετὰ
716 5091 808 5143 τοῦ
868 5089 1292 5160 ἁρχιεπισκόπου
1349 5090 1448 5156 τῆς
1501 5093 1703 5159 μικρᾶς

174 5180 426 5247 Βρύσεως,
465 5180 560 5232 καὶ
599 5183 1029 5248 προκομίσαντος
1084 5179 1353 5231 διαλυτέον
1421 5181 1696 5246 ἔγγραφον

170 5269 245 5320 τοῦ
271 5271 800 5338 προτελευτήσαντος
830 5269 1283 5338 ἀρχιεπισκόπου,
1321 5269 1478 5336 χάριν
1498 5268 1592 5320 τοῦ
1627 5271 1699 5338 μὴ

173 5358 538 5412 ἀνακαλεῖσθαι
571 5358 760 5410 τοῦτον
794 5360 1006 5427 ἐνορίαν
1052 5361 1421 5427 κατεχομένην
1473 5359 1574 5409 ὑπὸ
1608 5359 1699 5411 τοῦ

171 5448 467 5511 ἐπισκόπου,
501 5450 533 5516 ή
567 5448 786 5509 σύνοδος
812 5449 1125 5516 ἀπεφήνατο
1181 5447 1257 5515 μὴ
1325 5447 1700 5500 καταϐλάπτεο

172 5535 270 5587 σθαι
293 5539 395 5605 τὴν
419 5537 860 5606 ἀρχιεπισκοπὴν
896 5536 954 5601 ἐξ
994 5531 1067 5586 ὧν
1126 5537 1154 5587 6
1214 5535 1414 5600 ταύτης
1441 5537 1698 5606 πρόεδρος

172 5623 348 5693 ἔπραξε
375 5627 523 5696 παρὰ
558 5625 787 5695 γνώμην
808 5626 916 5676 τῶν
938 5625 1152 5677 οἰκείων
1175 5625 1450 5692 κληρικῶν
1477 5628 1568 5678 καὶ
1599 5630 1695 5694 τῆς

1813 4467 2036 4522 Salutio.
2072 4469 2198 4522 Mihi
2246 4471 2458 4524 videtur
2488 4487 2589 4524 non
2629 4488 2692 4526 ex
2759 4489 2822 4526 eo
2870 4473 2984 4528 laedi
3042 4475 3359 4539 Ecclesiam,

1810 4557 1952 4624 quod
1981 4568 2166 4625 peccet
2194 4560 2513 4626 episcopus;
2549 4575 2600 4613 et
2633 4573 2914 4629 propterea
2949 4566 3221 4633 regionem
3255 4569 3354 4617 rite

1811 4648 2083 4699 revocabit
2113 4661 2394 4699 successor
2422 4648 2539 4716 ejus
2583 4651 2672 4715 qui
2707 4652 2924 4717 invasit,
2969 4655 3179 4706 etiamsi
3216 4660 3356 4709 mul-

1811 4721 1917 4786 tun‘i
1955 4746 2166 4803 tempus
2198 4738 2537 4804 prt‘etericrit.
2574 4733 2700 4792 Tale
2743 4739 2868 4808 quid
2923 4751 3099 4794 autem
3160 4743 3356 4796 dictum

1807 4835 1890 4878 est
1917 4834 2153 4893 tempore
2203 4827 2522 4880 sanctissimi
2567 4829 2885 4897 patriarcha:
2917 4831 3121 4884 domini
3177 4832 3351 4885 Lucae.

1806 4910 1938 4962 Cum
1966 4911 2108 4964 enim
2141 4911 2358 4980 quidam
2393 4915 2679 4983 episcopus
2730 4932 2933 4986 magna:
2971 4917 3149 4987 Brysis
3180 4919 3355 4986 litiga-

1805 5010 1888 5053 ret
1917 5016 2035 5052 cum
2062 5002 2467 5070 archiepiscopo
2505 5019 2678 5072 parva:
2711 5005 2911 5073 Brysis,
2947 5016 2999 5058 et
3041 5008 3351 5075 ρτοιυίίδδυι

1805 5089 2060 5157 scriptam
2126 5093 2543 5145 transactionem
2585 5105 2740 5147 antea
2786 5093 3022 5148 defuncti
3081 5097 3352 5163 archiepi-

1803 5181 1973 5246 sc0pi,
2005 5179 2071 5232 de
2106 5195 2207 5232 non
2240 5186 2539 5234 revocanda
2581 5184 2648 5236 ab
2679 5185 2796 5252 ipso
2832 5185 3070 5251 regione,
3117 5201 3234 5252 qua:
3284 5188 3351 5237 ab

1801 5269 2058 5335 episcopo
2085 5268 2466 5336 detinebatur;
2501 5275 2863 5340 pronuntiavit
2919 5276 3174 5344 synodus,
3239 5291 3346 5326 non

1804 5357 1922 5411 laedi
1976 5359 2505 5428 archiepiscopatum
2561 5378 2627 5415 ex
2682 5379 2747 5418 eo
2799 5365 2940 5431 quod
2990 5366 3105 5433 ejus
3157 5369 3351 5432 praesul

1804 5458 1998 5517 prater
2047 5451 2366 5503 sententiam
2413 5467 2629 5506 suorum
2683 5455 2996 5509 clericorum
3049 5464 3103 5507 et
3149 5469 3352 5522 magna:

1805 5539 1990 5606 synodi
2019 5538 2160 5591 fecit.
2199 5539 2516 5595 Fueruntet
2543 5545 2706 5596 multa
2757 5545 3060 5600 huiusmodi
3112 5546 3214 5596 alia
3265 5558 3351 5610 sy-

1803 5629 2009 5681 nodalia
2041 5630 2264 5694 judicia.

173 5715 389 5786 μεγάλης
430 5717 672 5773 συνόδου.
738 5717 996 5783 Γέγονασι
1037 5717 1092 5768 δέ
1141 5717 1236 5770 καὶ
1290 5717 1446 5770 ἄλλαι
1512 5718 1702 5770 πολλαί
1739 5719 1983 5772 τοιαῦται
2009 5721 2211 5790 κρίσεις
2243 5721 2533 5777 συνοδικαί.
