4002 6314
648 286 746 346 391

1893 289 2163 352 ΤΠΕΟΙ).
2212 289 2604 352 BALSAMON

3729 287 3851 354 392

715 394 960 448 ΖΟΝΔΒ.
995 401 1048 450 bi
1077 399 1196 467 quis
1225 401 1508 469 episcOpus
1537 401 1761 470 alicujus
1788 400 1966 469 populi
2001 413 2180 452 curam

2355 401 2596 452 ΖΩΝΛΡ.
2651 400 3252 469 Ἀπαγορεύειόκανὼν
3284 394 3433 463 οὗτος
3486 401 3544 452 το
3588 400 3678 452 τὸν
3734 397 3848 460 λέν

653 488 716 537 ad
740 501 796 538 se
823 489 1089 554 pertinere
1115 491 1422 552 contendat,
1459 506 1561 544 non
1599 491 1747 543 illum
1782 490 1880 543 sibi
1912 505 2007 557 pro
2039 500 2182 557 pote-

652 585 1086 646 state‘arrogare,
1119 588 1206 630 sed
1235 580 1297 632 ad
1327 581 1695 647 episcoporum
1731 580 2011 648 concilium
2051 594 2180 632 cau-

645 678 758 716 sam
791 667 1016 732 deferre,
1047 684 1108 721 ac
1139 685 1228 736 per
1261 685 1372 733 eos,
1405 687 1522 738 qua:
1569 670 1633 720 ad
1686 668 1972 721 Ecclesiam
2031 681 2180 721 suam

649 757 914 821 pertinere
946 758 1256 822 arbitretur,
1294 774 1634 827 recuperare,
1691 773 1864 811 canon
1913 757 2177 810 decernit.

645 845 796 910 Quod
820 849 862 900 si
894 851 1014 914 quis
1042 855 1091 900 in
1122 851 1346 915 alicujus
1383 852 1480 903 loci
1517 851 1582 902 ab
1609 850 1778 902 altero
1809 848 2058 917 episcopo
2086 847 2181 900 deo

646 939 777 989 lenti
827 938 1237 1004 possessionem.
1267 941 1379 993 sive
1421 956 1446 990 a
1479 939 1672 1006 populo
1704 939 2013 1002 accersitus,
2071 937 2184 991 sive

645 1040 708 1078 eo
732 1040 1079 1094 repugnante,
1107 1039 1306 1080 temere
1336 1029 1503 1079 irruat
1529 1067 1542 1091 ,
1575 1029 1661 1094 jus
1687 1043 1840 1079 suum
1871 1027 2093 1090 amittet,
2122 1039 2186 1077 ac

645 1116 762 1183 ejus
790 1118 886 1179 rei,
917 1133 1071 1183 quam
1103 1132 1198 1182 pro
1235 1117 1455 1182 imperio
1488 1132 1752 1185 occupare
1804 1127 2027 1168 conante
2078 1124 2182 1178 est,

647 1207 855 1258 etiamsi
887 1207 973 1273 jus
1000 1207 1052 1257 itt
1082 1222 1196 1257 eam
1230 1206 1436 1265 habuit,
1472 1206 1809 1271 possessione
1848 1204 2181 1257 multabitur.

644 1295 797 1358 Quod
831 1296 872 1346 si
901 1295 1160 1356 nonnulli,
1208 1295 1398 1361 inquit,
1451 1295 1552 1346 hoc
1580 1295 1851 1353 fecerunt;
1877 1296 1996 1354 hoc,
2022 1293 2186 1360 quid?

649 1395 705 1436 ut
733 1386 869 1451 apud
901 1386 1180 1451 episcenos
1215 1385 1461 1437 nimirum
1495 1385 1909 1437 controversiam
1941 1398 2087 1436 suam
2119 1384 2185 1436 de

644 1475 763 1540 jure
816 1475 992 1541 populi
1036 1475 1282 1543 ambiguo
1337 1476 1720 1541 disceptarent,
1778 1488 1947 1540 neque
2008 1482 2182 1524 tamen

644 1565 1019 1616 controversiae
1047 1574 1137 1616 aut
1181 1564 1364 1631 judicii
1427 1563 1582 1614 linem
1615 1573 2032 1629 exspectavere;
2091 1561 2185 1614 sed

647 1669 703 1706 re
727 1656 899 1707 adhuc
925 1656 1254 1722 inexplorata
1279 1664 1330 1707 et
1361 1655 1560 1706 incerta
1601 1653 1922 1720 litigantium
1957 1651 2094 1704 alter
2127 1665 2183 1704 se

2284 507 2447 556 γοντα
2485 491 2692 543 δίκαιον
2728 491 2870 559 ἔχειν
2911 492 3204 544 ἐπίσκοπον
3238 491 3330 543 ἐπλ⁵
3351 491 3462 558 λαῷ
3490 507 3615 552 τινι,
3661 489 3836 540 δυνα-

2282 579 2401 644 τείᾳ
2424 578 2679 645 χρῆσθαι,
2717 580 2807 629 καὶ
2847 579 3170 647 ἐπέρχεσθαι
3224 581 3426 641 αὐτοῖς,
3474 579 3724 647 βούλεται
3770 573 3834 626 δὲ

2284 668 2362 729 είς
2386 669 2566 736 κρίσιν
2595 671 2905 720 ἐπισκόπων
2948 671 3203 735 κατάγειν
3261 669 3356 737 τὴν
3401 669 3671 732 ὑπόθεσιν,
3730 667 3836 720 καὶ

2283 754 2452 815 οὕτως
2501 757 2741 824 ἐκνικᾷν,
2800 757 2827 806 ὃ
2877 756 3041 808 οἴεται
3115 756 3390 824 διαφέρειν
3443 759 3508 823 τῇ
3556 755 3839 823 ἐκκλησίᾳ

2286 844 2471 898 αὐτοῦ.
2504 846 2564 896 Εἰ
2592 846 2647 896 δὲ
2685 845 2884 915 ἐπέλοῃ
2911 863 2990 907 τις
3021 849 3131 908 τοῖς
3166 845 3311 906 λαοῖς
3337 848 3448 906 τοῖς
3479 845 3578 896 ὑπὸ
3634 845 3838 912 ἐτέρου

2285 936 2581 986 ἐπισκόπου
2631 936 3034 1002 κατεχομένοις,
3089 936 3196 987 εἴτε
3257 936 3531 1004 βούλονται
3579 936 3744 986 αὑτὸν
3786 936 3838 985 ei

2284 1023 2403 1073 λαοὶ
2426 1025 2619 1075 ἐκεῖνοι
2663 1023 2803 1090 ἔχειν
2838 1023 3150 1086 ἐπίσκοπον,
3224 1026 3330 1076 εἴτε
3392 1023 3464 1092 μὴ
3523 1023 3835 1091 βούλονται,

2291 1112 2598 1163 ἐκπεσεῖται
2636 1113 2727 1163 τοῦ
2760 1114 2961 1165 οίκείου
2986 1113 3214 1177 δικαίου,
3240 1112 3598 1180 ζημιούμενος
3651 1113 3712 1162 τὸ
3738 1113 3839 1163 δ’δ-

2286 1206 2507 1271 ναστείᾳ
2539 1203 2852 1271 ἀφαιρεθὲν,
2887 1202 3025 1256 ὥστε
3048 1205 3150 1255 xiv
3171 1204 3373 1256 δίκαιον
3405 1205 3488 1254 ἐπ’
3523 1204 3712 1269 ἐκεῖνῳ
3745 1200 3832 1252 εἷς

2283 1308 2394 1358 χεν,
2425 1293 2687 1344 ἀπολέσαι
2715 1293 2864 1346 αὑτό.
2897 1294 2958 1344 Et
2988 1294 3044 1344 δὲ
3083 1293 3174 1344 καί
3217 1310 3380 1356 τινεῖ,
3452 1293 3605 1362 φησι,
3665 1293 3842 1344 τοῦτο

2289 1381 2584 1449 ἐποίησαν*
2632 1383 2808 1444 τοῦτο,
2841 1379 3023 1447 ποῖον;
3068 1383 3128 1434 τὸ
3171 1385 3318 1452 παρά
3348 1384 3652 1434 ἐπισκόπων
3707 1398 3838 1450 κρι·

2285 1471 2439 1538 θῆναι
2471 1473 2596 1540 περὶ
2627 1472 2719 1523 τοῦ
2750 1473 3186 1541 ἀναζητουμένου
3232 1471 3383 1535 λαοῦ,
3441 1474 3487 1523 εί
3549 1472 3622 1540 μὴ
3665 1472 3840 1540 μέχρι

2285 1560 2522 1628 πέρατος
2548 1563 2642 1626 τῆς
2670 1562 2973 1623 ὑποθέσεως
3020 1563 3299 1629 ἐνέμειναν
3343 1562 3421 1630 τῷ
3469 1563 3837 1630 δικαστηρίῳ,

2283 1649 2394 1700 ἀλλ’
2427 1650 2504 1701 ἐτι
2536 1653 3004 1720 φιλονεικουμένου
3039 1656 3130 1704 καὶ
3164 1653 3514 1719 δικαζομένου
3553 1651 3643 1704 τοῦ
3689 1653 3840 1720 πρὲι-

646 1744 711 1795 ab
745 1743 1322 1807 ecclesiasticojudieio
1353 1742 1636 1805 subtraxit,
1661 1741 1979 1807 dubiamque
2011 1740 2182 1792 adhuc

2288 1756 2493 1806 γματος
2519 1740 2574 1791 ἓν
2597 1740 2704 1792 τῶν
2731 1740 2822 1793 δύο
2852 1742 3030 1808 μερῶν
3055 1743 3261 1810 ἀποστῇ
3303 1741 3394 1794 τοῦ
3424 1743 3841 1811 ὲκκκλησιασιιι-

646 1834 1038 1898 possessionem
1072 1834 1302 1894 invasit;
1332 1832 1419 1899 jus
1439 1847 1592 1884 suum
1624 1832 1666 1883 is
1707 1846 1916 1898 quoque
1953 1829 2178 1882 amittet.

645 1919 822 1987 Neque
843 1921 1002 1990 655
1035 1937 1158 1974 vero
1186 1922 1284 1975 sibi
1310 1924 1613 1989 quisquam,
1651 1921 1839 1987 inquit,
1881 1918 2184 1972 blandiatur

645 2024 736 2060 seu
763 2019 1082 2073 assentetur,
1120 2011 1167 2061 id
1206 2020 1308 2074 est,
1336 2010 1568 2075 seipsum
1613 2008 1841 2076 decipiat
1889 2006 1991 2075 (est
2035 2021 2185 2058 nam-

644 2111 746 2163 que
773 2097 1040 2164 quoddam
1069 2113 1232 2165 genus
1266 2096 1464 2151 fraudis
1489 2098 1797 2157 assentatio,
1826 2111 1943 2149 cum
1975 2109 2067 2158 pro
2099 2107 2183 2146 ve-

647 2189 801 2238 ritate
829 2187 958 2238 nihil
989 2196 1284 2238 assentator
1319 2187 1582 2254 loquatur,
1621 2189 1712 2239 sed
1756 2187 1822 2238 ad
1851 2186 2072 2254 gratiam
2109 2194 2188 2234 at-

642 2287 747 2341 que
780 2275 999 2326 auribus
1030 2275 1267 2326 serviens
1291 2275 1465 2326 omnia
1497 2273 1773 2342 proferat),
1801 2289 1865 2325 ne
1890 2273 2010 2340 quis
2034 2284 2183 2339 ergo,

646 2364 842 2428 inquit,
873 2364 1107 2429 seipsum
1142 2362 1394 2430 decipiat,
1430 2364 1568 2429 quod
1604 2378 1632 2414 a
1666 2365 1911 2428 primate,
1938 2375 2030 2413 aut
2069 2376 2184 2413 nte-

647 2454 967 2518 tropolitano
997 2454 1309 2520 provineite,
1346 2454 1572 2514 litteras,
1605 2453 1800 2519 quibus
1836 2451 1882 2504 ei
1910 2451 2006 2502 loci
2048 2464 2186 2516 pos-

646 2542 819 2595 sessio
847 2544 1207 2609 permittatur,
1241 2541 1525 2608 acceperit.
1564 2540 1687 2593 Sive
1719 2540 1859 2593 enim
1881 2554 1972 2592 eas
2007 2553 2186 2592 revera

651 2634 865 2697 habeat,
901 2633 1015 2684 sive
1038 2647 1143 2684 non
1171 2633 1361 2685 habeat
1385 2633 1485 2684 nisi
1507 2634 1571 2685 ab
1597 2646 1659 2684 eo
1684 2645 1893 2700 quoque
1921 2631 2186 2698 episcopo,

645 2722 734 2785 qui
761 2723 811 2773 in
840 2724 1175 2788 possessione
1207 2723 1448 2789 quamvis
1471 2721 1671 2775 incerta
1704 2730 1963 2783 versatur,
1985 2719 2190 2772 litteras

647 2811 933 2876 aceeperit,
951 2812 1144 2878 quibus
1166 2812 1446 2864 ecclesiam
1473 2811 1696 2862 adillum
1731 2810 2103 2876 pertinentem,
2132 2822 2191 2860 se

649 2914 754 2952 non
780 2899 1040 2951 sinetllius
1064 2900 1440 2966 approbatione
1459 2908 1642 2966 pacate
1657 2899 1944 2952 obtinuisse
1978 2898 2192 2949 demon-

647 2997 801 3053 Stret;
823 2990 1206 3041 omniuoeausa
1235 2989 1424 3041 cadet:
1451 2989 1492 3040 si
1511 3002 1635 3041 vero
1665 2988 1726 3050 is,
1744 2987 1831 3056 qui
1861 2987 2064 3040 delatus
2090 2994 2189 3047 est,

645 3081 812 3133 actori
848 3082 1075 3135 vicissim
1112 3085 1254 3135 litem
1299 3084 1576 3148 intendat;
1605 3097 1667 3135 ea
1723 3098 1932 3150 quoque
1974 3091 2189 3135 contro-

647 3176 821 3228 versia
889 3179 1258 3245 episcoporum
1323 3179 1529 3246 judicio
1605 3179 1907 3232 deﬁniatur.
1977 3176 2191 3230 Judices

647 3281 825 3331 porro,
859 3269 937 3320 vel
967 3283 994 3318 a
1033 3269 1434 3336 tuetrnpolitano
1472 3269 1760 3330 dabuntur,
1810 3269 1889 3320 vel
1919 3266 2187 3321 communi

651 3356 818 3406 oartis
842 3355 1119 3420 utriusque
1156 3370 1418 3408 consensu
1456 3355 1770 3421 deligentur.

648 3523 874 3576 ARIST.
919 3542 936 3573 ι
963 3524 1126 3576 Nemo
1159 3527 1256 3578 Sibi
1297 3526 1559 3590 vendicet,
1589 3527 1727 3592 quod
1763 3524 1826 3577 ad
1853 3526 2190 3593 sepertinere

726 3633 742 3662 ι
777 3615 1160 3667 existimatur:
1199 3619 1288 3668 sed
1319 3617 1552 3683 episcopi
1602 3616 1865 3685 judicent,
1923 3617 2006 3670 vel
2059 3631 2191 3684 quos

719 3724 736 3754 ι
768 3707 968 3772 primas
1001 3706 1167 3768 dabit,
1199 3708 1278 3759 vel
1322 3707 1560 3761 viciniex
1585 3721 1868 3760 consensu.
1889 3707 1985 3771 Qui
2017 3717 2188 3759 autem

726 3807 744 3837 ‹
786 3803 813 3840 a
848 3790 1073 3856 primate
1122 3791 1326 3843 litteras
1373 3792 1436 3844 de
1487 3790 1773 3844 detinendo
1818 3789 2043 3857 accepit,
2079 3789 2177 3843 sibi

720 3894 738 3926 ι
779 3877 1068 3928 blanditur.
1105 3895 1121 3925 ι

722 3966 775 4017 Si
805 3971 922 4033 quis
960 3969 1241 4034 episcopus
1293 3967 1393 4020 sibi
1426 3967 1635 4019 videtur
1661 3966 1750 4034 jus
1779 3967 1972 4020 habere
2015 3969 2064 4020 iu
2096 3981 2189 4034 pa-

651 4057 869 4111 rteciam
929 4057 1162 4124 aliquam
1215 4056 1280 4108 ab
1334 4057 1437 4108 alio
1485 4059 1734 4124 episeopo
1788 4057 2077 4128 detentam,
2128 4055 2190 4106 ad

647 4147 952 4214 episcopos,
1008 4149 1094 4212 qui
1137 4147 1204 4211 lin
1264 4147 1434 4214 ipsum
1499 4147 1928 4211 jurisdictiOnetn
1971 4148 2188 4210 habent,

2219 3031 2325 3121 ca.

2283 1827 2378 1878 κοῦ
2405 1829 2780 1897 δικαστηρίου,
2819 1831 2911 1881 καὶ
2937 1829 3122 1897 ἔφοδον
3163 1833 3362 1902 ποιήσῃ
3392 1832 3528 1885 κατὰ
3552 1832 3643 1884 τοῦ
3677 1836 3838 1886 ἐκνισ

2281 1918 2527 1984 κωμένου
2558 1917 2708 1978 λαοῦ,
2743 1920 2959 1970 κάκεῖνο
2984 1921 3292 1973 ἐκπεσεῖται
3316 1921 3408 1973 τοῦ
3443 1922 3568 1972 ίδίου
3595 1922 3837 1975 δικαίου.

2283 2008 2389 2058 Καὶ
2429 2009 2631 2076 μήτις,
2679 2010 2860 2074 φησιν,
2929 2010 3120 2061 ἑαυτὸν
3177 2012 3501 2081 κολακεύσῃ,
3557 2012 3673 2063 ἀντὶ
3705 2013 3837 2076 τοῦ,

2283 2096 2558 2167 ἀπατήσῃ.
2602 2095 2666 2146 Ἠ
2701 2096 2806 2164 γάρ
2830 2098 3081 2167 κολακεία
3109 2100 3293 2168 ἀπάτη
3323 2101 3489 2160 ἐστὶν,
3514 2100 3660 2151 οὐδὲν
3681 2100 3840 2166 ὑγιὲς

2284 2183 2375 2234 τοῦ
2411 2183 2792 2245 κολακεύοντος
2854 2183 3120 2251 λέγοντος,
3154 2185 3287 2237 ἀλλὰ
3314 2186 3486 2238 πάντα
3517 2189 3648 2255 πρὶς
3671 2187 3841 2256 χάριν

2286 2273 2376 2323 καὶ
2414 2270 2708 2339 θεραπείαν
2741 2272 2831 2324 τοῦ
2861 2273 3307 2342 κολακευομένου.
3339 2277 3429 2345 Μή
3459 2293 3540 2339 τις
3587 2273 3696 2340 οὖν,
3728 2295 3842 2345 φη-

2290 2362 2416 2424 civ"
2452 2361 2638 2411 ἑαυτὸν
2670 2362 2942 2428 ἀπατήσῃ,
2971 2362 3052 2412 ὅτι
3093 2364 3156 2413 ἐκ
3184 2362 3274 2414 τοῦ
3303 2364 3688 2430 πρωτεύοντος,
3712 2367 3840 2434 ἦτοι

2287 2443 2380 2495 τοῦ
2419 2447 2815 2513 μητροπολίτου
2847 2448 2944 2513 τῆς
2979 2448 3264 2516 ἐπαρχίας,
3300 2451 3596 2519 γράμματα
3622 2451 3837 2514 ἕὶαϐεν,

2288 2534 2651 2601 ἐπιτρέποντα
2683 2535 2827 2604 αύτῷ
2859 2534 2958 2604 τὴν
2982 2536 3074 2588 τοῦ
3107 2538 3272 2591 τόπου
3305 2540 3646 2609 κατάσχεσιν.
3706 2541 3841 2591 Ek:

2288 2623 2394 2691 γὰρ
2424 2625 2533 2692 ἔχει
2558 2627 2876 2695 γράμματα,
2920 2630 3028 2680 εἴτε
3051 2630 3149 2681 ούκ
3199 2631 3332 2699 ἔχει,
3364 2634 3412 2683 εί
3450 2633 3521 2700 μὴ
3568 2632 3657 2684 τοῦ
3697 2649 3840 2683 κατ-

2289 2715 2498 2780 έχοντος
2527 2715 2616 2764 τὸν
2653 2716 2778 2766 λαὸν
2812 2717 2901 2768 τὸν
2937 2719 3296 2792 ἐκνικώμενον
3330 2719 3480 2772 λάϐοι
3511 2723 3842 2790 γράμματα,

2289 2804 2355 2854 δι’
2379 2797 2451 2854 ὧν
2477 2806 2776 2872 φανήσεται
2825 2809 2962 2858 κατά
3004 2809 3228 2878 γνώμην
3280 2812 3485 2863 ἐκείνου
3548 2813 3843 2881 εἰρηνικῶς

2291 2890 2578 2959 κατασχὼν
2611 2895 2707 2959 τὴν
2758 2893 3112 2963 διαφέρουσαν
3149 2899 3292 2965 αὐτῷ
3323 2902 3633 2969 ἐκκλησίαν,
3669 2903 3843 2954 ἐκπε-

2296 2982 2463 3033 σεῖται
2487 2980 2577 3032 τοῦ
2601 2982 2806 3034 δικαίου
2851 2985 3014 3036 αὐτοῦ
3043 3002 3056 3016 ο
3098 2988 3191 3039 ἐὰν
3221 2989 3274 3041 δὲ
3331 2992 3422 3042 καὶ
3451 2995 3478 3043 ὀ
3515 2993 3843 3061 ἐναγόμενος

2330 3073 2653 3142 ντεναγάγῃ,
2683 3076 2980 3140 τουτέστιν,
3007 3078 3413 3149 ἀνταιτιάσηται
3443 3083 3534 3133 τὸν
3553 3085 3842 3149 ἐνάγοντα,

2289 3156 2373 3208 ἵνα
2406 3159 2499 3209 καὶ
2528 3158 2666 3231 αὕτη
2699 3163 2731 3230 ἡ
2771 3161 3020 3225 ὑπόθεσις
3046 3167 3331 3235 περατωθῇ
3387 3170 3676 3239 κρινόντων
3709 3173 3843 3223 ἐπι-

2292 3248 2523 3302 σκόπων.
2564 3252 2625 3302 Οί
2654 3253 2707 3304 δὲ
2745 3255 3078 3324 κρίνοντεςῆ
3117 3259 3266 3326 παρά
3320 3261 3415 3312 τοῦ
3470 3264 3841 3330 πρωτεύοντος

2289 3335 2617 3404 δοθήσονται,
2648 3341 2679 3408 ἢ
2721 3344 2857 3394 κατά
2897 3344 3198 3397 συναὶνεσιν
3223 3347 3328 3400 τῶν
3355 3350 3633 3403 ἀντιδίκων
3656 3354 3848 3405 ἐπιλε·

2291 3430 2568 3495 γήσονται.

2288 3518 2504 3571 ΑΡΙΣΤ.
2551 3539 2566 3569 ι
2600 3521 2802 3590 Μηδεὶς
2843 3525 3017 3594 ἑαυτῷ
3066 3528 3342 3582 ἐκδικείτω
3388 3532 3446 3583 τὸ
3476 3532 3840 3602 νομιζόμενον

2365 3625 2384 3657 ‹
2419 3609 2715 3678 διαφέρειν,
2771 3615 2883 3666 ἀλλ’
2915 3615 3199 3670 ἐπίσκοποι
3245 3623 3593 3688 κρινέτωσαν,
3625 3625 3657 3692 ἢ
3689 3621 3789 3686 οὓς
3814 3629 3843 3678 ὀ

2366 3719 2383 3749 ι
2422 3702 2714 3769 πρωτεύων
2745 3703 2927 3770 δώσει,
2960 3707 2991 3776 ἢ
3031 3709 3077 3759 οί
3107 3710 3470 3774 γειτονοῦντες
3495 3716 3556 3764 ἐκ
3585 3715 3842 3766 συναινέ-

2364 3810 2380 3837 ι
2422 3807 2551 3854 σεως
2574 3811 2586 3824 ·
2615 3797 2640 3846 ὁ
2661 3794 2714 3844 δὲ
2745 3796 2893 3862 παρὰ
2919 3796 3012 3847 ’τοῦ
3057 3799 3422 3867 πρωτεύοντος
3451 3803 3678 3869 γράμμα
3705 3806 3845 3873 περὶ

2367 3900 2383 3928 ι
2426 3881 2520 3931 τοῦ
2553 3887 2846 3951 κατασχεῖν
2878 3884 3054 3937 λαϐὼν
3078 3889 3267 3938 ἐαυτὸν
3295 3888 3592 3943 κολακεύει.
3632 3908 3651 3941 ι

2368 3968 2438 4020 Εῐ
2472 3987 2555 4032 τις
2594 3973 2881 4036 ἐπίσκοπος
2929 3977 3094 4028 οἴεται
3145 3977 3290 4046 ἔχειν
3342 3979 3546 4033 δίκαιον
3590 3981 3681 4034 ἐπί
3725 3999 3844 4038 τινι

2292 4061 2555 4128 παροικίᾳ.
2609 4063 2735 4130 παρ’
2765 4065 2950 4131 ἐτέρου
2985 4067 3283 4118 ἐπισκόπου
3321 4071 3654 4139 κατεχομένη
3675 4108 3691 4135 ,
3719 4075 3842 4134 τοῖς

2292 4152 2624 4216 προσφόροις
2665 4151 2812 4221 αὑτῷ
2852 4155 3164 4216 ἐπισκόποις
3191 4157 3392 4222 ὀφείλει
3422 4159 3842 4227 προσέρχεσθαι,

650 4238 908 4290 accedere
943 4239 1121 4299 debet,
1153 4246 1206 4290 et
1239 4239 1381 4290 litem
1423 4239 1471 4291 ei
1528 4238 1803 4292 intendere
1832 4256 1843 4290 :
1878 4254 1980 4293 non
2008 4248 2185 4290 autem

2294 4241 2539 4306 καὶπερὶ
2571 4240 2758 4292 τούτου
2807 4242 3139 4309 διεγκαλεῖν·
3199 4245 3257 4297 ού
3304 4247 3410 4314 μὴν
3451 4248 3843 4317 αὑτεκδίκητον

652 4340 806 4377 suum
841 4341 959 4378 esse
996 4325 1239 4387 ultorem,
1276 4334 1329 4376 et
1362 4339 1482 4377 cum
1512 4327 1827 4378 auctoritate
1857 4328 2038 4379 conari
2067 4341 2187 4392 pos-

652 4415 847 4476 sidere,
885 4414 1026 4480 quod
1075 4415 1344 4466 existimat
1399 4415 1460 4464 ad
1505 4428 1562 4464 se
1603 4416 1886 4480 pertinere.
1942 4414 2092 4479 Quod
2142 4416 2188 4470 si

646 4512 698 4555 et
730 4503 932 4555 litteras
955 4502 1019 4555 de
1051 4503 1258 4570 populo,
1284 4503 1370 4568 qui
1403 4503 1470 4554 ab
1500 4504 1604 4554 alio
1624 4504 1871 4569 episcopo
1897 4504 2186 4568 detinetur,

648 4591 971 4657 possidendo
1027 4593 1314 4656 acceperit,
1370 4592 1713 4656 semetipsum
1765 4592 1985 4658 decipit.
2046 4592 2188 4645 Nihil

647 4683 788 4734 enim
822 4698 884 4735 ex
918 4696 979 4734 eo
1005 4683 1345 4734 emolumenti
1385 4682 1630 4748 accipiet,
1662 4682 1762 4733 nisi
1818 4684 1900 4748 qui
1946 4698 2062 4734 cum
2097 4684 2190 4736 de-

649 4775 780 4823 tinet
833 4772 1049 4838 pacilice
1099 4771 1278 4822 mallet
1342 4771 1619 4836 desistere,
1674 4786 1831 4838 quam
1865 4773 2190 4839 judicialiter

646 4863 902 4916 amoveri.

1174 4941 1396 5005 CANON
1438 4953 1642 5008 cxxn.

649 5058 664 5090 ι
714 5042 784 5092 De
815 5043 877 5096 iis
905 5045 993 5110 qui
1043 5044 1262 5111 populos
1299 5045 1362 5095 ad
1422 5061 1480 5097 se
1534 5043 1864 5111 pertinentes
1896 5043 2186 5110 negligunt.

719 5153 737 5186 ι
781 5138 1033 5190 Similiter
1064 5138 1277 5206 placuit,
1309 5147 1365 5189 ut
1394 5138 1697 5205 quicunque
1729 5136 2001 5204 negligant
2048 5136 2184 5197 loca,

713 5247 727 5276 ι
764 5242 879 5292 qua:
907 5227 970 5277 ad
1003 5241 1151 5279 suam
1186 5226 1497 5279 cathedram
1530 5227 1824 5293 pertinent,
1856 5226 1994 5289 quod
2028 5227 2092 5276 ad
2125 5240 2183 5278 ea

715 5336 733 5366 ς
775 5317 837 5369 ad
874 5315 1192 5368 catholicam
1226 5317 1477 5368 unionem
1523 5314 1909 5367 lucrifacienda
1966 5315 2180 5376 attinet,

716 5424 732 5454 ι
766 5421 793 5458 a
824 5406 1012 5457 vicinis
1042 5420 1223 5457 eorum
1281 5405 1619 5473 diligentibus
1656 5404 1924 5472 episcoltis
1984 5419 2180 5458 conve-

708 5518 725 5546 ι
763 5498 998 5558 niautur,
1035 5512 1100 5550 ne
1134 5498 1235 5550 hoc
1262 5495 1440 5549 facere
1470 5495 1735 5548 differant.
1771 5497 1943 5558 Quare
1974 5498 2015 5548 si
2047 5497 2182 5549 intra

706 5608 724 5638 ι
765 5588 1053 5643 terminum
1094 5604 1183 5642 sex
1245 5589 1507 5642 mensium
1541 5601 1568 5638 a
1607 5586 1693 5641 die
1745 5588 1899 5655 hujus
1953 5602 2186 5641 conven-

2291 4329 2555 4394 γίνεσθαι,
2620 4331 2711 4383 καὶ
2770 4331 3103 4394 αὐθεντικῶς
3166 4336 3459 4401 κατασχεῖν
3522 4335 3841 4404 πειρᾶσθαι,

2291 4424 2425 4489 ὅπερ
2458 4420 2628 4472 οἴεται
2663 4421 2807 4489 αὑτῷ
2852 4421 3147 4489 διαφέρειν,
3212 4424 3275 4475 El
3325 4424 3382 4474 δὲ
3414 4425 3508 4476 καὶ
3535 4426 3845 4493 γράμματα

2291 4511 2425 4580 λάϐῃ
2481 4512 2604 4578 περὶ
2631 4511 2721 4562 τοῦ
2755 4516 3043 4581 κατασχεῖν
3086 4512 3177 4564 τὸν
3232 4514 3373 4580 λαὸν,
3417 4515 3508 4566 τὸν
3535 4516 3624 4582 ὑφ’
3652 4517 3846 4583 ἑτέρου

2292 4600 2657 4667 κατεχόμενον
2702 4600 3018 4664 ἐπισκόπου,
3072 4602 3260 4654 ἑαυτὸν
3317 4605 3520 4672 ἀπατᾷ.
3566 4605 3698 4656 Οὐδὲ
3729 4606 3847 4675 γὰρ

2291 4685 2608 4752 ὠφεληθήσε
2629 4687 2719 4737 ταί
2757 4704 2807 4738 τι
2837 4685 2896 4749 ἐξ
2931 4689 3115 4752 αὑτοῦ,
3166 4693 3214 4741 εί
3253 4692 3323 4760 μὴ
3351 4695 3379 4742 ὁ
3408 4693 3649 4760 κατέχων
3677 4694 3848 4747 αὑτὸν

2291 4779 2576 4846 εἰρηνικῶς
2607 4778 2822 4847 θελήσει
2871 4781 3192 4851 ἀποστῆναι,
3244 4784 3274 4852 ἢ
3310 4785 3637 4847 δικαστικῶς
3671 4803 3849 4855 μεταο

2292 4868 2597 4936 κινηθῆναι.

2860 4962 3087 5015 ΚΑΝΩΝ
3116 4961 3282 5020 PKB’.

2297 5069 2312 5100 ι
2346 5051 2475 5118 Περὶ
2492 5051 2598 5102 τῶν
2623 5052 2970 5117 ἀμελούντων
2994 5054 3109 5105 τῶν
3132 5056 3312 5118 αὐτοῖς
3340 5060 3648 5127 ἀνηκόντων
3669 5061 3844 5121 λαῶν,

2364 5158 2380 5188 ι
2437 5138 2665 5206 Ὁμοίως
2695 5142 2904 5209 ἠρεσεν,
2960 5143 3046 5194 ἴνα
3105 5145 3298 5205 οἵτινες
3349 5148 3545 5215 δήποτε
3581 5150 3847 5216 ἀμελοῦσι

2366 5247 2383 5278 ι
2422 5229 2526 5280 τῶν
2556 5231 2732 5280 τόπων
2757 5232 2863 5283 τῶν
2910 5233 3216 5300 ἀνηκόντων
3245 5240 3306 5304 τῇ
3349 5238 3525 5289 αὐτῶν
3575 5239 3839 5312 καθέδρᾳ,

2366 5339 2383 5370 ι
2425 5320 2557 5384 πρὸς
2609 5320 2833 5381 τούτους
2870 5324 3121 5389 κερδᾶναι
3153 5328 3232 5387 είς
3264 5327 3361 5395 τὴν
3395 5329 3688 5397 καθολικὴν
3717 5333 3846 5384 ἐνό-

2369 5432 2383 5460 ι
2427 5428 2582 5479 τητα,
2623 5413 2960 5480 ὲγκληθῶσιν
2993 5416 3098 5467 ἀπὸ
3138 5417 3245 5468 τῶν
3277 5420 3628 5484 γειτνιώντων
3654 5424 3844 5487 αὐτοῖς

2365 5524 2380 5554 ι
2419 5506 2689 5571 ἐπιμελῶν
2720 5508 3029 5560 ἐπισκόπων
3059 5511 3188 5578 περὶ
3215 5511 3306 5561 τοῦ
3337 5515 3410 5578 μὴ
3437 5513 3844 5566 ἀναϐάλλεσθαι

2365 5614 2381 5645 ι
2424 5595 2580 5646 τοῦτο
2609 5595 2831 5664 πρᾶξαι.
2863 5599 2950 5651 Διὸ
2978 5599 3070 5652 ἐὰν
3099 5600 3247 5662 ἐντὸς
3290 5605 3619 5672 προθεσμίας
3652 5606 3842 5672 μηνῶν
