4002 6314
245 409 364 468 393

331 539 350 572 ι
392 520 452 587 ἐξ
478 523 587 576 άπὸ
623 524 722 593 τῆς
758 527 968 596 ἡμέρας
993 533 1092 599 τῆς
1129 535 1260 603 περὶ
1313 534 1505 587 τούτου
1567 535 1820 589 συνελεύο
1851 543 1894 597 Α

335 631 356 662 ι
399 629 538 676 σεως
564 616 732 684 μηδὲν
764 615 1027 682 άνύσωσι,
1057 622 1136 690 τῷ
1169 623 1456 693 δυναμένῳ
1487 625 1671 678 λοιπὸν
1701 626 1826 677 τού-

332 722 353 754 ε
395 721 523 767 τους
569 707 830 776 κερδᾶναι
870 711 1364 778 προσκυρωθῶσιν·
1406 714 1577 777 οὕτως
1615 715 1822 784 μέντοι,

334 812 354 846 ι
396 795 506 860 ἵνα,
529 796 623 848 ἐὰν
653 799 884 863 ἐκεῖνος,
915 801 1048 870 πρὸς
1073 802 1132 854 ὃν
1175 803 1482 857 δείκνυνται
1521 806 1743 874 ἀνήκειν
1777 810 1825 860 οἱ

336 904 355 935 ι
399 887 654 953 τοιοῦτοι,
687 890 1000 960 ἐξεπίτηδες
1033 894 1121 946 διά
1162 910 1280 946 τινα
1310 897 1619 964 οἰκονομίαν
1648 898 1826 962 ἔδοξεν

328 997 347 1028 ι
387 978 642 1046 ἀμελεῖν,
684 981 843 1032 τοῦτο
902 983 1008 1034 τῶν
1058 985 1354 1053 αἱρετικῶν
1395 987 1822 1056 ἐπιλεξαμένων,

331 1085 352 1117 ι
393 1067 539 1120 ὥστε
579 1070 861 1139 ἀθορύϐως
915 1073 1109 1135 αὐτοὺς
1168 1077 1611 1143 παραδέξασθαι·
1647 1081 1740 1131 καὶ
1768 1083 1826 1132 ὲν

327 1173 346 1204 ι
387 1157 634 1227 τοσούτῳ
676 1162 707 1228 ἠ
742 1161 906 1212 αὑτοῦ
956 1163 1246 1232 ἐπιμέλεια
1300 1166 1404 1218 ὑπὸ
1455 1167 1642 1236 ἐτέρου
1689 1186 1826 1238 προσ

329 1265 348 1295 ι
390 1248 628 1316 ελήφθη,
669 1243 813 1322 ᾗτινι
844 1253 891 1302 εί
923 1254 1324 1322 κατεχρήσατο,
1357 1256 1482 1316 τοὺς
1513 1257 1710 1318 αὐτοὺς
1738 1259 1825 1309 αίο

327 1353 348 1386 ι
392 1341 646 1406 ρετικοὺς
681 1341 846 1392 πλέον
895 1343 1180 1407 ἐκάκιζεν·
1235 1345 1424 1397 τούτου
1461 1346 1663 1412 μεταξὺ
1706 1349 1826 1399 ἐπι-

328 1444 348 1476 ι
399 1428 622 1481 σκόπων
667 1431 960 1500 κρινόντων
1006 1432 1532 1503 διαγινωσκομένου,
1576 1438 1626 1489 ot
1671 1437 1823 1489 τόποι

324 1535 344 1566 ι
387 1520 457 1587 τῇ
511 1517 676 1572 αὑτοῦ
723 1521 959 1591 καθέδρα
992 1523 1542 1578 ἀποκατασταθῶσιν.
1593 1526 1713 1579 Τῶν
1767 1528 1824 1580 δέ

326 1625 346 1656 ι
391 1609 688 1676 κρινόντων
734 1611 1047 1663 ἐπισκόπων
1083 1615 1147 1665 ἐκ
1195 1614 1466 1684 διαφόρων
1511 1615 1681 1669 ὄντων
1727 1620 1824 1670 ἐπ-

322 1715 342 1746 (
391 1698 624 1764 αρχιῶν,
679 1701 891 1761 ἐκεῖνος
945 1703 973 1752 6
1022 1701 1326 1770 πρωτεύων
1378 1705 1506 1767 τοὺς
1561 1705 1822 1768 δικαστὰς

322 1808 341 1837 ε
383 1787 571 1850 δώσει,
629 1783 834 1851 οὗτινος
876 1791 935 1841 ἐν
967 1793 1030 1860 τῇ
1068 1792 1221 1862 χώρᾳ
1272 1796 1300 1846 6
1356 1795 1519 1858 αὐτὸς
1584 1796 1820 1865 ὑπάρχει

323 1895 341 1927 ι
385 1877 577 1942 τόπος,
638 1881 766 1947 περὶ
818 1874 878 1933 οὗ
932 1861 1346 1948 φιλονεικείῖται.
1397 1886 1522 1938 Ἐἀν
1576 1887 1632 1940 6's
1859 1861 1897 1913 Β

321 1985 343 2019 ι
388 1969 579 2038 κοινὴν
613 1969 916 2022 συναίνεσιν
940 1973 1192 2037 γείτονας
1223 1974 1583 2039 ἐπιλέξωνται
1603 1980 1818 2044 κριτὰς,

326 2079 345 2107 ι
388 2061 425 2128 ἢ
460 2055 542 2123 εἷς
573 2059 800 2130 ἐπιλεγῇ
830 2062 860 2130 ἦ
896 2065 1048 2131 τρεῖς
1067 2079 1082 2094 ο
1113 2065 1208 2116 καὶ
1230 2066 1327 2117 ἐὰν
1348 2067 1500 2134 τρεῖς
1529 2068 1820 2131 ἐπιλέξωνο

327 2169 344 2200 ι
389 2152 551 2219 ται,ῆ
585 2154 650 2222 τῇ
705 2152 812 2204 τῶν
838 2153 976 2206 ὅλων
1007 2152 1173 2225 ψήφῳ
1207 2154 1747 2226 ἐξακολουθήσουσιν,
1785 2159 1817 2229 ἦ

321 2260 339 2290 ε
389 2244 452 2310 τῇ
486 2241 591 2293 τῶν
613 2242 726 2294 δύο.
774 2262 793 2294 ι

320 2330 522 2382 ΒΑΔΣ.
569 2331 751 2384 ’Δλλοι
808 2335 906 2402 μέν
972 2337 1290 2400 ἐξελάδοντο
1335 2337 1427 2392 τὸν
1481 2341 1682 2398 κανόνα
1740 2343 1818 2403 εἰς

241 2421 589 2481 ἐπισκόπους
609 2421 826 2488 ἀμελῶς
856 2424 1272 2496 διατιθεμένους
1302 2429 1393 2480 ἐπὶ
1428 2431 1492 2497 τῇ
1531 2429 1813 2498 ἐκδικήσει

239 2510 361 2562 τῶν
420 2509 736 2579 ἀνηκόντων
794 2514 936 2566 κατά
974 2513 1294 2568 δεσποτείαν
1333 2519 1455 2580 ταῖς
1500 2518 1819 2589 ἐκκλησίαις

240 2597 430 2651 αὐτῶν
452 2599 670 2652 τόπων·
730 2601 842 2668 ἐγὼ
892 2603 950 2655 δὲ
995 2606 1132 2676 πρὸς
1175 2606 1272 2676 τὴν
1319 2608 1670 2662 ἐπιτίτλωσιν
1720 2609 1816 2662 τοῦ

245 2690 474 2751 κανόνος
505 2690 824 2759 ἑρμηνεύων
858 2692 1044 2759 αὑτὸν,
1078 2696 1222 2764 φημὶ
1254 2698 1335 2749 ὅτι
1367 2697 1531 2766 ήρεσε
1557 2700 1669 2758 τοῖς
1708 2699 1818 2751 Πα-

239 2780 468 2846 τράσιν,
497 2779 584 2832 ῖνα
611 2819 627 2844 ,
657 2782 752 2834 ἐάν
780 2782 1077 2836 ἐπίσκοποί
1101 2801 1246 2848 τινες
1270 2785 1516 2854 άμελῶσι
1543 2787 1638 2840 τοῦ
1670 2787 1817 2844 διδά⁶

242 2883 403 2918 σκειν
433 2868 560 2930 τοὺς
595 2869 654 2921 ἐν
682 2871 802 2932 ταῖς
835 2871 1073 2938 ἐνορίαις
1117 2872 1322 2939 αὐτῶν,
1365 2875 1476 2927 εἴτε
1509 2877 1816 2946 κερδαίνειν

238 2961 340 3019 τὰς
377 2956 555 3027 ψυχάς
599 2958 845 3025 τούτων,
898 2960 1184 3030 ὀφείλωσιν
1239 2965 1323 3028 είς
1376 2966 1476 3034 τὴν
1521 2967 1816 3037 καθολικὴν

239 3054 499 3120 ἑνότητα,
527 3042 691 3123 ἤγουν
711 3056 792 3117 είς
813 3054 910 3124 τὴν
940 3057 1158 3125 ἐτησίαν
1178 3057 1415 3122 σύνοδον,
1438 3059 1811 3126 ἐγκαλεῖσθαι,

1257 418 1339 478 1N
1375 421 1538 482 CAN.
1571 423 1786 483 CXXII
1813 421 2019 482 CONC.
2049 422 2424 482 CARTHAG.

3381 413 3484 476 39$

2003 555 2020 586 ‹
2067 537 2228 590 tionis
2263 536 2394 590 nihil
2437 533 2732 597 eﬂecerint,
2783 536 2829 590 ei
2893 534 3166 601 deinceps,
3220 532 3311 601 qui
3367 530 3486 599 illos

2007 644 2024 676 ι
2060 626 2228 692 possit
2275 623 2612 688 lucrifacere,
2667 625 3010 694 assignentur
3042 642 3054 676 :
3094 624 3170 676 sic
3206 630 3408 681 tamen,
3439 619 3483 671 si

2012 734 2028 765 ι
2065 716 2171 782 ille,
2221 716 2286 769 ad
2315 731 2472 782 quem
2510 715 2542 769 ii
2580 717 2850 785 pertinere
2879 714 3256 775 ostenduntur,
3296 712 3360 764 de
3407 711 3489 764 in-

2002 823 2020 854 ι
2057 806 2260 858 dustria
2294 815 2507 874 propter
2540 803 2771 871 aliquam
2824 803 3182 857 (economiam
3219 801 3486 870 negligere

2000 914 2014 946 ι
2056 895 2202 949 visus
2224 896 2315 959 sit,
2347 909 2468 948 cum
2498 895 2598 948 hoc
2625 893 2940 948 maluissent
2966 892 3222 954 hacretici,
3253 902 3308 942 ut
3339 891 3487 958 ipsos

2010 1007 2027 1038 ι
2063 989 2267 1055 absque
2301 991 2410 1043 ullo
2437 989 2662 1055 strepitu
2699 990 3008 1055 acciperet;
3041 996 3095 1040 et
3131 986 3334 1039 interea
3371 982 3487 1049 ejus

2013 1095 2031 1128 ι
2071 1076 2351 1146 diligentia
2382 1079 2450 1130 ab
2475 1075 2579 1129 alio
2612 1084 2885 1143 praeventa
2917 1073 3017 1137 sit;
3054 1089 3156 1140 qua
3193 1070 3408 1137 quidem
3442 1066 3485 1119 si

2016 1187 2034 1216 ι
2076 1183 2203 1220 usus
2228 1176 2392 1228 esset,
2426 1166 2572 1233 ipsos
2602 1165 2884 1218 haereticos
2913 1161 3084 1228 magis
3108 1163 3172 1212 ad
3226 1157 3484 1223 improbi-

2017 1277 2032 1309 ι
2072 1269 2232 1312 tatem
2269 1260 2548 1312 incitasset
2579 1271 2682 1310 :eo
2714 1256 3179 1322 interjudicantcs
3209 1249 3491 1317 episcopos

2013 1367 2030 1398 ι
2060 1349 2294 1416 cognito,
2321 1348 2437 1401 loca
2466 1349 2581 1413 ejus
2603 1347 2712 1400 sedi
2748 1345 3118 1399 restituantur.
3153 1339 3282 1393 Cum
3307 1350 3488 1391 autem

2016 1457 2032 1489 ι
2065 1439 2373 1506 judicantes
2408 1437 2642 1507 episcopi
2685 1439 2793 1490 sint
2819 1452 2882 1490 ex
2917 1435 3143 1488 diversis
3178 1431 3489 1500 provinciis.

2017 1549 2034 1579 ι
2067 1531 2268 1596 primas
2300 1529 2612 1595 illejudices
2649 1527 2814 1590 dabit,
2860 1526 2912 1578 in
2962 1525 3114 1592 cujus
3145 1523 3361 1589 regione
3406 1529 3492 1571 est

2005 1637 2022 1667 ι
2062 1618 2210 1671 locus
2245 1618 2336 1670 ille
2377 1618 2441 1670 de
2471 1632 2578 1685 quo
2607 1614 2968 1668 contenditur.
3010 1611 3101 1663 Sin
3136 1619 3311 1661 autem
3344 1621 3491 1659 cou-

2010 1729 2027 1760 ι
2065 1711 2212 1762 muni
2271 1725 2537 1762 consensu
2594 1708 2798 1760 vicinos
2829 1703 3036 1773 judiccs
3093 1699 3375 1768 elegerint,
3408 1697 3488 1749 vel

2005 1819 2023 1850 ι
2059 1815 2194 1852 unus
2245 1800 2495 1868 eligatur,
2557 1797 2637 1850 vel
2688 1809 2834 1852 tres:
2870 1807 2922 1848 ct
2977 1795 3018 1847 si
3067 1804 3177 1845 tres
3210 1791 3486 1857 (legerint,

2005 1911 2020 1941 ι
2058 1894 2134 1943 vel
2167 1892 2406 1944 omnium
2471 1887 2793 1943 sententiam
2856 1896 3174 1954 sequentur,
3220 1881 3300 1936 vel
3350 1880 3487 1932 due-

2006 1999 2022 2031 ι
2060 1994 2196 2031 Γυιη.
2240 1996 2257 2028 ι

1993 2333 2186 2390 BALS.
2208 2334 2310 2388 Alii
2357 2334 2571 2404 quidem
2617 2342 2941 2404 acceperunt
2985 2347 3246 2386 canouem
3275 2331 3342 2384 de
3370 2331 3485 2398 cpi-

1920 2424 2124 2494 scopis,
2154 2424 2244 2493 qui
2287 2424 2623 2494 negligenter
2649 2438 2708 2478 se
2752 2432 2946 2492 gerunt
2985 2422 3038 2476 in
3073 2424 3138 2475 iis
3173 2421 3326 2485 locis,
3363 2434 3482 2488 quas

1917 2513 2039 2584 jure
2070 2514 2289 2568 dominii
2315 2513 2381 2567 ad
2411 2513 2674 2569 coclesias
2713 2527 2840 2569 suas
2877 2517 3167 2583 pertinent,
3203 2510 3483 2566 vindican-

1920 2607 2026 2661 dis.
2079 2603 2191 2675 Ego
2249 2619 2396 2670 vero,
2439 2604 2737 2660 secundum
2794 2604 3017 2658 canonis
3080 2603 3291 2657 titulum
3356 2616 3479 2655 eum

1920 2697 2306 2763 interpretans,
2370 2696 2509 2760 dico,
2600 2697 2742 2764 quod
2787 2694 3039 2749 Patribus
3072 2693 3292 2762 placuit,
3351 2691 3478 2744 utsi

1916 2789 2154 2858 episcopi
2198 2788 2366 2858 aliqui
2416 2787 2688 2857 negligant
2748 2800 2842 2841 eos
2889 2787 3085 2840 docere
3131 2786 3222 2852 qui
3265 2784 3318 2837 iu
3366 2783 3480 2836 suis

1918 2889 2044 2933 sunt
2066 2877 2412 2941 dimeesibus,
2447 2887 2506 2930 ut
2533 2892 2720 2932 eorum
2745 2878 2956 2930 animas
2984 2875 3346 2939 lucrifaciant,
3382 2874 3476 2928 de—

1917 2967 2046 3022 bent
2078 2968 2144 3021 ad
2167 2966 2483 3021 catholicam
2511 2967 2790 3029 unionem,
2817 2980 2908 3021 seu
2940 2966 3006 3018 ad
3052 2978 3284 3018 annuam
3317 2980 3478 3033 syno-

1917 3060 2041 3114 dum
2068 3059 2304 3124 evoeari,
2331 3074 2425 3113 seu
2463 3057 2803 3122 denuntiari,
2850 3072 2879 3110 a
2911 3056 3102 3111 vicinis
3134 3056 3476 3126 diligentibus

244 3143 420 3211 ήγουν
475 3144 953 3213 παραγγέλλεσθαι
1018 3147 1172 3216 παρὰ
1234 3146 1344 3200 τῶν
1392 3149 1804 3214 γειτνιαζόντων

1914 3146 2204 3216 episc0pis,
2237 3161 2305 3200 ne
2326 3146 2434 3200 sint
2455 3147 2732 3210 socordes,
2766 3145 2862 3200 sed
2888 3160 3044 3199 suum
3088 3145 3340 3214 populum
3377 3147 3473 3196 do-

235 3233 521 3300 ἐπιμελῶν
558 3235 873 3289 ἐπισκόπων
911 3237 1039 3306 περὶ
1071 3237 1164 3289 τοῦ
1213 3238 1289 3308 μὴ
1329 3238 1630 3309 ῥᾳθυμεῖν,
1668 3240 1804 3296 ἀλλά

1911 3247 2089 3293 ceam.
2112 3238 2206 3290 Sin
2227 3247 2404 3291 autem
2438 3245 2722 3306 postquam
2759 3235 2898 3289 facta
2927 3237 3088 3290 fuerit
3137 3236 3470 3288 denuntiatio

232 3323 515 3376 διδάσκειν
543 3324 633 3377 τδν
659 3326 750 3377 ὑπ’
779 3327 978 3389 αὐτοὺς
1008 3328 1164 3379 λαόν.
1218 3328 1343 3381 Ἐὰν
1368 3329 1424 3381 δέ
1456 3330 1593 3399 μετά
1621 3335 1684 3384 τὸ
1710 3348 1806 3399 γε·

235 3414 431 3467 νέσθαι
453 3414 554 3484 τὴν
588 3417 972 3484 παραγγελίαν
1029 3419 1088 3469 ού
1118 3417 1487 3487 διοροωθῶσιν
1515 3423 1564 3473 oi
1596 3423 1807 3490 ἐπιφω-

231 3504 492 3572 νηθέντες
522 3507 615 3557 καὶ
646 3512 725 3568 είς
750 3507 1110 3561 διδασκαλίαν
1128 3510 1629 3580 ἐπαγρυπνήσωσιν
1653 3513 1806 3575 ἐντὸς

233 3593 425 3661 μηνῶν
493 3593 572 3658 ἒξ,
642 3595 828 3648 ἔκτοτε
892 3598 1205 3666 ὀφείλουσιν
1263 3601 1311 3651 οἱ
1365 3601 1595 3654 τοιοῦτοι
1647 3603 1803 3656 τόποι

232 3685 686 3754 προσκυροῦσθαι
732 3689 902 3758 ἑτέρῳ
957 3691 1320 3761 πλησιοχὼρῳ
1356 3695 1641 3764 ἐπισκόπῳ
1667 3734 1682 3760 ,
1722 3695 1801 3766 τῷ

227 3773 515 3844 δυναμένῳ
538 3776 759 3841 τούτους
787 3781 1068 3848 κερδᾶναι,
1099 3783 1268 3851 ήγουν
1303 3784 1392 3837 διά
1411 3785 1508 3853 τῆς
1537 3787 1799 3840 διδασκα-

230 3864 354 3925 λίας
385 3866 800 3923 οἰκειώσασθαι.
837 3871 963 3922 Ἐάν
1003 3872 1058 3925 δὲ
1087 3875 1114 3924 6
1143 3874 1464 3939 ἐπίσκοπος,
1494 3877 1521 3927 6
1550 3877 1655 3946 πρὸ
1677 3877 1800 3930 τού-

225 3973 323 4007 του
351 3955 453 4022 τὴν
482 3960 741 4027 τοιαύτην
775 3962 994 4032 ἐνορίαν
1023 3964 1186 4032 ἔχων,
1221 3965 1353 4036 λέγῃ
1387 3967 1476 4020 διά
1499 3985 1622 4020 τινα
1649 3969 1798 4024 obto-

229 4046 426 4114 νομίαν
458 4047 738 4116 ἀμελῆσαι
766 4049 860 4102 τοῦ
885 4051 1163 4106 διδάσκειν
1195 4054 1286 4106 τὸν
1307 4057 1364 4106 ἐν
1392 4056 1531 4125 αύτῇ
1555 4055 1702 4121 λαὸν,
1722 4057 1798 4120 ὡς

225 4138 395 4206 τυχὸν
423 4138 530 4189 τῶν
564 4140 625 4190 ἐν
664 4141 846 4214 ἐκείνῃ
903 4142 1071 4196 δντων
1119 4145 1412 4214 αίρετικῶν
1454 4146 1797 4215 θελησάντων

225 4231 398 4298 χωρίς
426 4246 568 4293 τινος
602 4231 824 4301 ἐλέγχου
859 4237 1284 4304 ἐπιστραφῆναι,
1313 4237 1403 4288 καὶ
1436 4237 1796 4302 ἀξιωσάντων

229 4320 617 4387 σεσιγημένως
648 4321 741 4374 τὸν
769 4322 928 4389 λόγον
958 4324 1057 4392 τῆς
1077 4323 1335 4394 ἀληθείας
1360 4327 1792 4396 παραδέξασθαι,

224 4413 319 4463 καὶ
357 4413 448 4464 διὰ
482 4413 642 4465 τοῦτο
684 4415 958 4484 ἀμελῆσαι
1003 4420 1106 4486 τῆς
1158 4417 1526 4479 διδασκαλίας,
1572 4418 1656 4469 ἵνα
1716 4417 1790 4486 μή

223 4501 652 4571 καταχρώμενος
683 4483 852 4574 ταύτῃ
898 4506 1025 4565 τοὺς
1053 4483 1365 4575 αίρετικοὺς
1420 4504 1678 4558 ἐπιπλέον
1709 4483 1789 4568 είς
1823 4483 1866 4538 θ

223 4595 426 4646 κακίαν
452 4595 730 4665 παροξύνῃ
788 4595 876 4647 διὰ
927 4597 1054 4667 τοὺς
1105 4597 1360 4664 ἐλέγχους
1395 4597 1789 4667 ὑϐριοπαθοῦν⁹

220 4699 358 4745 τας,
407 4685 507 4735 καὶ
552 4684 711 4736 τοῦτο
756 4685 889 4739 αὐτὸ
935 4662 1243 4757 έιαγνωσθῇ
1277 4689 1406 4758 παρ’
1437 4689 1784 4742 ἐπισκόπων·

219 4776 720 4845 ἀντιστραφήσεται
751 4778 783 4846 ή
815 4778 999 4847 ἐνορία
1061 4780 1197 4848 πρὶς
1238 4780 1328 4832 τὸν
1376 4781 1540 4833 αὑτὸν
1567 4783 1789 4835 ἐπίσκο-

219 4882 344 4918 πον.
381 4865 538 4916 Ἐπεὶ
583 4864 639 4916 δέ
667 4867 814 4926 είκδς
847 4862 916 4934 ἦν
947 4869 1124 4920 είπεῖν
1149 4884 1320 4932 τινας,
1369 4870 1520 4933 Τίνες
1565 4872 1784 4924 δικάσαι

219 4955 500 5022 ὀγείλουσι
531 4954 630 5023 τὴν
658 4954 913 5024 τοιαύτην
947 4956 1240 5022 ύπόθεσιν;
1280 4959 1489 5028 ὥρισαν
1529 4961 1579 5012 οἱ
1607 4963 1785 5014 Πατέ-

223 5064 312 5117 ρες
367 5046 611 5106 ἐκείνους
661 5045 901 5099 δίδοσθαι
930 5046 1196 5110 δικαστὰς
1253 5051 1586 5114 ἐπισκόπους
1634 5054 1784 5123 παρά

219 5139 315 5190 τοῦ
349 5137 725 5206 πρωτεύοντος
752 5137 850 5207 τῆς
879 5140 1152 5208 ἐπαρχίας
1187 5141 1306 5211 ήτοι
1331 5142 1425 5195 τοῦ
1453 5145 1784 5214 μητροπολί-

220 5246 336 5293 του,
368 5229 468 5292 οὓς
504 5231 569 5282 ἂν
621 5231 780 5292 αὐτὸς
809 5233 967 5303 ὁρίσῃ
991 5273 1005 5298 ,
1071 5234 1164 5288 ac:
1228 5236 1323 5288 καὶ
1355 5235 1450 5288 τοῦ
1485 5237 1647 5288 τόπου
1679 5237 1782 5288 ὑπὸ

217 5321 314 5392 τὴν
368 5320 643 5389 ἐπαρχίαν
672 5320 867 5373 τούτου
905 5323 1270 5395 διακειμένου.
1319 5326 1443 5380 Ἐὰν
1480 5326 1537 5379 et
1565 5327 1612 5378 οί
1651 5325 1786 5395 περὶ

217 5414 315 5479 τῆς
348 5410 567 5478 ἐνορίας
605 5410 957 5479 δικαζόμενοι
987 5413 1342 5480 ἐπιλέεωνται
1397 5415 1657 5480 δικαστὰς
1716 5416 1780 5468 ἐκ

217 5499 480 5569 γειτόνων
518 5500 876 5565 ἐπισκόπους,
929 5500 1004 5571 μὴ
1040 5501 1267 5565 πολλοὺς
1319 5502 1777 5570 ἐπιλεγέσθωσαν,

213 5590 327 5642 ἀλλ’
358 5588 390 5658 ἢ
419 5589 514 5641 ἕνα
545 5588 580 5657 ἠ
601 5591 771 5660 τρεῖς.
801 5590 866 5641 Et
901 5590 1123 5662 μὲνγὰρ
1145 5587 1224 5654 εἷς
1249 5592 1495 5660 ἐπιλεγῇ,
1520 5596 1584 5663 τῇ
1613 5594 1778 5665 ψήφῳ

213 5680 426 5735 ἐκείνου
466 5677 692 5745 ἕψονται
711 5694 726 5707 ⁸
759 5680 980 5747 αἱρετὸς
1002 5681 1108 5748 γὰρ
1138 5680 1214 5732 ὢν
1240 5683 1498 5749 δικαστὴς
1524 5683 1775 5753 ἐκκλήτῳ

209 5778 304 5847 οὔχ
367 5776 763 5829 ύποπεσεῖται·
816 5777 864 5828 εί
910 5774 966 5828 δέ
1012 5779 1157 5846 τρεῖς
1203 5777 1358 5840 εἰσιν,
1413 5779 1443 5849 ἢ
1494 5777 1771 5849 σύμψηςςοι

465 5870 736 5930 Ριηοι..
771 5872 888 5931 Gn.
921 5870 1296 5932 CXXXVIII.

1909 3328 2231 3398 interpellati
2271 3344 2377 3382 non
2408 3328 2768 3396 corrigantur,
2787 3343 2886 3382 nec
2907 3328 3168 3382 doctrinam
3195 3329 3473 3394 invigilant

1909 3422 2047 3475 intra
2080 3436 2172 3475 sex
2195 3434 2407 3475 menses
2434 3437 2450 3483 ;
2486 3430 2614 3473 tunc
2646 3418 2812 3489 656
2838 3419 3034 3473 debent
3058 3420 3318 3485 ejusmodi
3357 3420 3467 3471 IOHI

1907 3509 1997 3563 alii
2025 3509 2198 3563 vicino
2214 3510 2468 3578 episcopo
2492 3509 2778 3576 assignari,
2806 3509 2896 3577 qui
2933 3510 3212 3577 possitcos
3248 3508 3468 3562 lucrifa-

1905 3613 2051 3663 cere,
2088 3613 2180 3652 seu
2214 3613 2306 3664 per
2331 3598 2634 3653 doctrinam
2657 3597 2757 3650 sibi
2801 3598 3098 3651 familiares
3143 3599 3382 3652 reddere.
3411 3597 3466 3649 Si

1904 3700 2082 3745 autem
2108 3689 2419 3757 episCOpus,
2452 3691 2541 3758 qui
2594 3700 2718 3744 ante
2789 3689 2933 3742 hunc
2988 3691 3230 3743 eamdem
3283 3692 3468 3743 habuit

1904 3779 2202 3844 dimcesim,
2231 3779 2375 3832 dicat
2403 3778 2702 3833 ceconomia
2736 3777 2908 3846 aliqua
2934 3788 2990 3831 et
3020 3779 3250 3847 quodam
3288 3781 3467 3832 consi-

1902 3871 1973 3924 ιο
2017 3884 2075 3925 se
2123 3869 2376 3939 populum
2435 3884 2594 3924 suum
2661 3870 2856 3923 docere
2913 3870 3218 3939 negligere;
3283 3879 3466 3937 utpote

1901 3965 2042 4032 quod
2071 3963 2336 4028 haeretici,
2366 3963 2457 4031 qui
2494 3962 2547 4016 in
2569 3975 2630 4016 ea
2675 3961 2814 4016 forte
2843 3971 2991 4026 sunt,
3023 3962 3189 4016 velint
3212 3963 3328 4016 sine
3358 3963 3462 4017 ulla

1903 4055 2328 4121 reprehensione
2359 4053 2623 4116 converti,
2653 4063 2707 4106 et
2740 4066 2952 4122 :equum
2999 4064 3256 4107 censeant
3287 4064 3343 4107 ut
3374 4070 3462 4107 ve-

1899 4145 2079 4199 ritatis
2137 4145 2400 4199 rationem
2454 4145 2617 4198 tacite
2674 4144 3010 4212 suscipiant;
3062 4153 3116 4198 et
3174 4152 3461 4214 propterea

1899 4235 2092 4289 docere
2143 4236 2384 4304 negligit,
2435 4249 2502 4288 ne
2545 4249 2610 4288 ea
2658 4245 2818 4288 utens
2858 4235 3142 4289 haereticos
3184 4237 3354 4304 magis
3389 4237 3455 4289 ad

1900 4324 2297 4392 improbitatem
2324 4324 2532 4386 incitet,
2558 4334 2613 4377 ut
2636 4325 2723 4392 qui
2749 4327 3075 4394 reprehendi
3096 4341 3234 4394 aegre
3258 4327 3454 4387 ferant.

1899 4423 1952 4467 et
1987 4415 2088 4468 hoc
2119 4413 2293 4483 ipsum
2329 4415 2396 4468 ab
2427 4414 2696 4484 cpiscOpis
2728 4430 2912 4469 verum
2944 4416 3218 4482 cognitum
3255 4416 3410 4470 fuerit
3441 4431 3456 4470 :

1898 4505 1966 4558 ad
1999 4506 2247 4559 eumdem
2280 4505 2590 4574 episcopum
2629 4508 2777 4576 regio
2825 4517 3144 4560 revertetur.
3193 4507 3325 4571 Quia
3359 4523 3459 4562 au-

1899 4605 2004 4648 tem
2052 4595 2346 4649 verisimile
2390 4607 2505 4649 erat
2545 4597 2722 4649 dicere
2774 4597 3001 4664 aliquos,
3055 4598 3281 4663 Quinam
3321 4601 3458 4655 hanc

1900 4700 2119 4739 causam
2169 4684 2413 4750 judicare
2465 4685 2704 4738 debent?
2770 4698 3078 4740 statuerunt
3125 4687 3335 4752 Patres,
3368 4705 3458 4744 eos

1894 4776 2174 4843 episcopos
2210 4775 2324 4826 dari
2381 4775 2594 4843 judices
2647 4790 2676 4828 a
2728 4776 2956 4846 primate
3002 4779 3312 4845 provinciae,
3358 4794 3455 4831 seu

1898 4865 2334 4932 metropolitano,
2375 4880 2510 4933 quos
2550 4865 2653 4935 ipsi
2686 4868 2857 4920 visum
2912 4866 3098 4930 fuerit,
3129 4876 3310 4934 utpote
3331 4883 3450 4921 cum

1896 4957 1940 5009 is
1966 4956 2114 5010 locus
2151 4956 2286 5010 situs
2332 4957 2403 5009 sit
2435 4957 2488 5010 in
2530 4957 2645 5026 ejus
2677 4957 2972 5024 provincia.
3017 4955 3108 5009 Sin
3143 4966 3326 5010 autem
3360 4958 3450 5025 qui

1897 5047 1964 5100 de
2002 5047 2218 5115 regione
2239 5049 2593 5112 contendunt,
2627 5062 2688 5100 ex
2731 5049 2922 5102 vicinis
2947 5048 3213 5116 episcOpis
3243 5049 3452 5116 judices

1890 5135 2172 5202 elegerint,
2207 5149 2310 5188 non
2359 5137 2554 5188 multos
2585 5134 2801 5201 eligant,
2839 5135 2929 5186 sed
2961 5148 3147 5194 unum,
3182 5138 3262 5186 vel
3310 5141 3445 5186 tres.

1890 5225 1959 5280 Et
1997 5227 2044 5279 si
2085 5242 2223 5280 unus
2253 5225 2469 5295 quidem
2503 5226 2707 5279 electus
2729 5223 2912 5287 fuerit,
2953 5224 3095 5278 illius
3125 5226 3447 5278 sententiam

1888 5330 2185 5388 sequentur
2215 5334 2230 5384 ;
2270 5333 2390 5371 cum
2414 5317 2485 5370 sit
2504 5316 2644 5369 enim
2680 5315 3084 5385 electusjudex,
3115 5318 3168 5369 in
3190 5331 3309 5370 eum
3342 5331 3446 5368 non

1888 5411 2030 5463 cadit
2081 5408 2370 5478 appellatio
2405 5425 2418 5461 :
2448 5409 2530 5462 sin
2577 5417 2757 5461 autem
2820 5408 2929 5461 sint
2983 5418 3109 5472 tres,
3154 5407 3235 5459 vcl
3289 5414 3447 5459 erunt

1885 5501 2208 5568 concordes,
2237 5510 2289 5555 et
2314 5515 2501 5553 eorum
2548 5501 2815 5553 sententia
2859 5498 3164 5552 necessario
3205 5497 3442 5558 valebit,

1888 5594 1970 5648 vel
2009 5593 2357 5656 dissentient,
2391 5598 2442 5644 et
2493 5590 2730 5660 plurium
2773 5591 2972 5644 valebit
3025 5590 3314 5644 sententia.
3351 5590 3447 5641 At-

1884 5701 1988 5752 que
2019 5685 2107 5737 bic
2142 5684 2359 5752 quidem
2417 5698 2586 5737 canon
2628 5684 2707 5737 sic
2738 5698 2830 5737 eos
2879 5684 3051 5751 punit,
3091 5682 3180 5750 qui
3209 5696 3314 5735 non
3346 5680 3445 5733 do-

1885 5785 2008 5830 cent
2037 5775 2138 5830 sibi
2166 5774 2436 5846 subjectos
2460 5777 2703 5846 populos.
2722 5773 3203 5842 Quinquagesimus
3224 5780 3441 5825 octavus

2893 5863 2961 5925 13
