4002 6314
580 415 686 476 395

1851 413 2125 476 ΤΙΙΕΟΙ).
2169 414 2564 474 BALSAMON

3686 404 3802 466 396

587 536 765 581 autem
809 537 980 577 canon
1014 531 1326 578 sanctorum
1369 525 1734 592 apostolorum
1766 525 1843 579 sic
1876 542 2132 594 expresse

2239 523 2495 585 ἔσονται,
2554 525 2645 576 καὶ
2691 523 2750 586 ἐξ
2812 521 3054 591 ἀνάγκης
3118 522 3148 587 ἡ
3200 521 3376 588 ψῆφος
3431 518 3605 571 αὐτῶν
3655 535 3765 587 κρα

580 618 708 672 dicit
741 633 755 668 :
788 613 1083 683 Episcopus
1132 616 1210 668 vel
1247 616 1523 684 presbyter
1570 615 1660 682 qui
1693 615 1897 668 clerum
1924 615 2005 669 vel
2033 631 2128 684 po-

586 708 770 776 pulum
805 707 1044 776 negligil,
1075 717 1131 761 et
1163 721 1256 760 eos
1303 707 1557 774 pietatem
1599 720 1705 758 non
1739 708 1914 770 docet,
1950 721 2134 776 segre-

583 808 781 865 getnr:
819 801 870 853 in
908 798 1151 852 socordia
1198 808 1374 853 autem
1421 812 1766 866 permanens,
1811 796 2130 866 deponatur.

586 891 652 942 Et
681 890 808 942 mibi
840 890 1005 957 magis
1028 889 1238 942 videtur
1260 889 1558 942 servandus
1586 903 1757 944 canon
1786 887 2129 956 apostolicus.

581 979 828 1047 Iniquum
886 980 1028 1032 enim
1079 988 1184 1043 est,
1235 989 1456 1047 propter
1487 977 1723 1046 episcopi
1758 977 2132 1046 negligentiam

581 1071 945 1138 episcopatum
999 1072 1064 1122 ad
1093 1084 1152 1122 se
1191 1070 1493 1135 pertinente
1525 1069 1743 1137 regione
1768 1068 1994 1137 privari.
2027 1068 2132 1121 Sed

582 1163 655 1223 id,
688 1161 830 1229 quod
887 1160 938 1211 in
1007 1159 1300 1228 apostolico
1339 1173 1545 1211 canone
1593 1159 1812 1222 dicitur,
1846 1157 1956 1222 liet,
1989 1166 2133 1226 post-

582 1266 744 1318 quam
774 1250 1027 1317 cpisc0po
1047 1251 1420 1302 deiiuntiatum
1449 1249 1629 1311 fuerit,
1656 1258 1713 1301 ut
1734 1249 1846 1300 vult
1890 1249 1973 1301 hic
1999 1263 2133 1316 pra:-

582 1352 708 1390 scns
735 1352 927 1389 canon.
968 1338 1098 1401 Quae
1129 1349 1305 1390 autem
1345 1338 1397 1390 in
1437 1337 1685 1406 praesenti
1723 1351 1927 1390 canone
1960 1336 2133 1390 conti-

578 1436 773 1478 nentur
813 1443 908 1496 pro
964 1429 1367 1496 dispensatione
1398 1428 1450 1480 iu
1491 1428 1609 1480 aliis
1649 1441 1864 1493 quoque
1889 1426 2049 1492 justis
2079 1434 2132 1478 et

577 1517 931 1570 rationalibus
958 1521 1136 1572 causis
1168 1520 1377 1586 accipe.
1421 1516 1536 1569 Non
1567 1517 1711 1570 enim
1736 1516 2015 1584 negligens
2045 1530 2129 1568 re-

573 1608 849 1674 potabitur
879 1610 1187 1676 episcopus,
1223 1609 1314 1676 qui
1347 1617 1590 1674 aegrotat,
1619 1607 1698 1659 vel
1729 1607 1818 1673 qui
1867 1606 1918 1657 in
1957 1605 2128 1670 majo-

575 1696 725 1748 ribus
766 1696 945 1750 causis
997 1696 1377 1750 ecclesiasticis
1434 1708 1704 1749 versatur.
1752 1694 1891 1762 Lege
1917 1705 1971 1747 et
2007 1709 2129 1748 can.

575 1783 680 1836 103
725 1784 1002 1851 ρι-ωεοιιιίε
1031 1786 1237 1854 synodi,
1291 1787 1379 1853 qui
1428 1785 1730 1853 liujusmodi
1769 1784 2126 1852 negligentem

2234 617 2407 681 τήσει,
2473 615 2503 683 ἢ
2558 614 2998 683 μερισθήσονται,
3077 611 3166 665 καὶ
3220 611 3479 680 κρατήσει
3524 609 3706 659 λοιπον
3770 607 3802 673 ὴ

2233 702 2342 754 τῶν
2401 702 2658 754 πλειόνων
2710 703 2906 771 ψῆφος.
2975 702 3084 752 Καὶ
3146 695 3299 761 οὗτος
3371 700 3467 767 μὲν
3529 699 3557 750 6
3613 696 3804 751 κανὼν

2232 794 2374 846 οὔτω
2419 793 2635 856 κολάζει
2698 795 2820 854 τοὺς
2873 793 2947 862 μὴ
2987 792 3334 852 διδάσκοντας
3378 790 3517 852 τοὺς
3550 789 3638 840 ὑπ’
3686 789 3804 841 αὖ-

2231 887 2354 946 τοὺς
2405 884 2607 945 λαοὺςο
2667 887 2694 936 ό
2744 883 2800 935 δὲ
2847 881 2927 951 νη⁹
2964 881 3140 935 κανὼν
3192 882 3299 933 τῶν
3357 882 3524 947 ἁγίων
3555 879 3804 933 ἀποστό-

2232 973 2338 1026 λων
2362 974 2526 1042 φησὶν
2546 974 2689 1026 οὕτω
2713 973 2890 1043 ῥητῶς
2909 989 2924 1003 ο
2968 973 3296 1032 Ἐπίσκοπος
3343 972 3376 1040 ἢ
3421 970 3690 1039 πρεσδύτε
3703 984 3806 1035 ρος

2234 1064 2454 1133 ἀμελῶν
2482 1064 2576 1117 τοῦ
2606 1065 2806 1133 κλήρου
2840 1064 2871 1132 ἢ
2914 1064 3006 1115 τοῦ
3059 1063 3210 1127 λαοῦ,
3247 1063 3341 1116 καὶ
3394 1063 3469 1132 μὴ
3517 1059 3803 1112 παιδεύων

2232 1155 2424 1215 αὐτοὺς
2473 1153 2570 1224 τὴν
2592 1153 2888 1216 εὐσέϐειαν,
2919 1151 3258 1223 ἀφοριζέσθω
3277 1167 3292 1182 ⁸
3323 1151 3600 1219 ἐπιμένων
3647 1151 3702 1200 δὲ
3731 1152 3802 1216 τῇ

2233 1233 2493 1315 ῥᾳθυμίᾳ,
2525 1245 2910 1315 καθαιρείσθω.
2944 1246 3051 1299 Καὶ
3076 1245 3224 1297 δοκεῖ
3275 1261 3365 1313 μοι
3400 1243 3596 1312 μᾶλλον
3647 1243 3807 1307 ὀφεί-

2231 1335 2343 1386 λειν
2376 1337 2595 1404 κρατεῖν
2625 1336 2692 1389 τὰ
2743 1335 2835 1388 τοῦ
2869 1335 3224 1388 ἀποστολικοῦ
3288 1336 3527 1395 κανόνος.
3576 1333 3807 1384 Ἀδικον

2230 1426 2338 1493 γάρ
2359 1427 2472 1477 ἐστι
2495 1427 2583 1478 διὰ
2613 1427 2711 1496 τὴν
2736 1427 2993 1496 ἀμέλειαν
3017 1425 3109 1477 τοῦ
3137 1425 3434 1476 ἐπισκόπου
3468 1422 3806 1490 στερηθῆναι

2229 1515 2326 1584 τὴν
2358 1517 2660 1586 ἐπισκοπὴν
2686 1516 2786 1585 τῆς
2811 1515 3132 1594 ἀνηκούσης.
3145 1515 3314 1584 ταύτῃ
3341 1514 3580 1582 ἐνορίας.
3648 1514 3808 1578 Πλὴν

2230 1607 2325 1658 καὶ
2356 1607 2420 1658 τα
2451 1608 2542 1658 τοῦ
2566 1605 2921 1659 ἀποστολικοῦ
2964 1607 3184 1667 κανόνος
3226 1605 3510 1673 γενήσεται
3560 1605 3698 1671 μετὰ
3741 1607 3808 1652 τὸ

2231 1693 2673 1761 παραγγελθῆναι
2726 1695 2816 1744 τὸν
2864 1693 3160 1744 ἐπίσκοπον
3209 1691 3349 1743 κατὰ
3405 1690 3496 1741 τὸν
3557 1689 3808 1756 παρόντα

2231 1784 2446 1837 κανόνα.
2486 1784 2563 1835 Τπ
2588 1784 2643 1834 δέ
2664 1783 2740 1853 τῷ
2770 1784 2996 1851 παρόντι
3029 1782 3210 1833 κανόνι
3237 1780 3599 1848 περιεχόμενα
3633 1779 3806 1847 χάριν

573 1873 882 1940 episcopum
927 1875 1323 1927 communionis
1369 1875 1694 1942 privatione,
1735 1881 2124 1941 consequenter

2239 1878 2534 1942 ιξκονομὶας
2559 1874 2787 1927 ἐκλασοῦ
2813 1876 2904 1926 καὶ
2928 1875 3006 1933 είς
3048 1872 3238 1939 ἐτέρας
3289 1871 3541 1937 εὐλόγους
3593 1871 3806 1932 αίτίας.

572 1962 714 2016 dicto
747 1966 939 2017 canoni
971 1965 1283 2031 apostolico,
1319 1965 1529 2020 multat.

574 2242 718 2293 θέντι
742 2237 1079 2305 ἀποστολικῷ
1112 2237 1315 2290 κανόνι.

646 2330 895 2386 ΖΟΞΑΒ.
931 2331 987 2384 Si
1020 2331 1110 2397 qui
1159 2329 1417 2396 episc0pi,
1474 2329 1646 2396 inquit
1689 2343 1882 2394 canon,
1921 2327 2033 2381 loca
2064 2329 2128 2379 ad

574 2439 703 2478 suas
734 2421 993 2476 ecclesias
1023 2420 1322 2487 spectantia
1353 2419 1649 2487 negligant,
1681 2432 1780 2471 nec
1807 2417 1874 2471 de
1905 2418 1970 2471 iis
1997 2418 2132 2470 reci-

577 2513 788 2583 piendis
826 2521 918 2565 aut
958 2509 1298 2564 vindicandis
1343 2509 1626 2572 laborent,
1681 2522 1746 2561 ea
1787 2509 1853 2561 de
1883 2523 1941 2562 re
1989 2509 2130 2575 apud

576 2604 861 2672 synodum,
897 2615 1058 2671 quam
1108 2601 1331 2654 unitatis
1379 2600 1660 2654 Catholicae
1713 2600 1951 2660 nomine,
1989 2601 2130 2669 quod

580 2696 699 2746 titlei
728 2695 937 2746 vinculo
977 2693 1028 2745 in
1071 2707 1232 2744 unum
1278 2695 1430 2758 quasi
1475 2707 1671 2758 corpus
1707 2691 1976 2758 adscripta
2037 2693 2129 2755 sit,

576 2784 885 2849 explicavit,
918 2798 946 2834 a
976 2783 1170 2836 vicinis
1207 2782 1479 2850 episcopis
1521 2792 1865 2836 accusentur.
1900 2782 2052 2847 Quod
2085 2784 2130 2836 si

578 2886 670 2926 sex
719 2873 785 2925 ab
827 2871 1170 2925 accusatione
1231 2871 1509 2923 mensibus
1554 2871 1629 2922 rei
1687 2872 1905 2939 agendae
1957 2872 2134 2924 adhuc

579 2961 990 3023 iudormientes,
1019 2961 1134 3013 loca
1173 2961 1418 3013 ecclesiis
1443 2960 1555 3012 suis
1589 2960 1808 3012 minime
1846 2974 2130 3026 recupera-

579 3053 774 3114 veriut,
797 3065 857 3104 ea
879 3051 1055 3112 alteri,
1088 3051 1177 3116 qui
1220 3047 1561 3112 lucrifacere,
1603 3048 1705 3102 hoc
1743 3056 1846 3112 est,
1883 3049 1984 3102 sibi
2017 3047 2135 3101 vin-

2227 1965 2299 2016 Οὐ
2328 1968 2434 2034 γὰρ
2452 1966 2652 2034 ἀμελὴς
2708 1965 3085 2033 λογισθήσεται
3134 1966 3159 2016 6
3195 1963 3490 2022 ἐπίσκοπος
3541 1960 3740 2024 νοσῶν,
3772 1961 3805 2026 ἦ

571 2052 1052 2126 ἐκκλησιαστικαῖς
1119 2056 1357 2125 μείζοσιν
1406 2055 1857 2124 ἐνασχολούμενος
1910 2055 2247 2110 ὑποθέσεσιν.

569 2145 670 2213 τῆς
699 2145 972 2215 παρούσης
999 2147 1235 2209 συνόδου,
1279 2145 1641 2214 ἁκοινωνησίᾳ
1696 2143 2125 2207 καταδικάζοντα
2162 2145 2251 2196 τὸν
2301 2145 2534 2198 τοιίιῦτον
2597 2145 2777 2215 ἀμελῆ
2837 2146 3135 2198 ἐπίσκοπον
3183 2144 3487 2206 ἀκολούθως
3543 2144 3618 2212 τῷ

2327 2056 2620 2122 ’Λνὰγνωθι
2684 2057 2775 2110 καὶ
2836 2057 2927 2108 τὸν
2993 2057 3284 2107 ἑκατοστὸν
3333 2056 3513 2122 τρίτον
3600 2053 3808 2103 κανόνα

3692 2145 3805 2210 ρη-

2303 2327 2546 2379 ΖΩΝΑΡ.
2593 2326 2716 2378 Ἐάν
2756 2342 2900 2390 τινες
2946 2327 3252 2390 ἐπίσκοποι,
3300 2327 3462 2395 φησιν
3514 2328 3542 2378 6
3596 2326 3806 2390 κανὼν,

2233 2417 2473 2484 ἁμελῶσι
2507 2417 2611 2467 τῶν
2639 2417 2818 2468 τόπων
2844 2415 2950 2466 τῶν
2986 2415 3295 2484 ἀνηκόντων
3327 2419 3443 2477 ταῖς
3479 2418 3810 2485 ἐκκλησίαις

2233 2505 2430 2568 αὐτῶν,
2464 2505 2599 2573 πρὸς
2627 2504 2686 2556 τὸ
2735 2503 2929 2563 αὐτοὺς
2972 2503 3248 2571 κερδᾶναι,
3317 2504 3435 2555 ἀντὶ
3480 2505 3598 2568 τοῦ,
3658 2504 3809 2556 ὥστε

2232 2598 2426 2658 αὐτοὺς
2451 2595 2730 2660 ἐκνικῆσαι
2761 2595 2854 2645 καὶ
2891 2592 3055 2661 ἐχειν,
3092 2593 3178 2644 ἵνα
3201 2593 3516 2646 αίτιαθῶσιν
3564 2598 3643 2656 είς
3700 2599 3810 2665 τὴν

2234 2686 2526 2753 καθολικὴν
2567 2684 2792 2752 ἑνότητα
2820 2685 2895 2744 εἰς
2921 2684 3020 2752 τὴν
3075 2682 3291 2735 σύνοδον
3317 2683 3515 2752 δηλαδὴ
3542 2685 3639 2752 τὴν
3664 2687 3813 2753 tvo,—

2237 2778 2304 2843 μέ
2319 2793 2402 2843 »ην
2432 2778 2494 2845 τῇ
2537 2773 2794 2842 καθολικῇ
2841 2775 3039 2836 πίστει,
3067 2774 3434 2842 ἐγκαλούντων
3459 2777 3638 2838 αὐτοῖς
3673 2778 3812 2845 περὶ

2233 2866 2420 2918 τούτου
2442 2866 2544 2916 τῶν
2561 2863 2912 2930 γειτνιώντων
2929 2868 3037 2926 τοῖς
3050 2869 3232 2927 τόποις
3250 2865 3584 2921 ἐπισκόπων.
3603 2867 3730 2918 Ἐὰν
3748 2868 3810 2920 δὲ

2236 2955 2566 3015 αἰτιαθέντες
2581 2955 2727 3015 ἐντὸς
2744 2954 2925 3021 μηνῶν
2939 2955 2999 3019 ’ἐξ
3019 2957 3154 3022 μετὰ
3169 2956 3404 3007 αἰτίασιν
3414 2956 3812 3024 ψηφιζομένων

2235 3045 2384 3096 οὐδὲν
2411 3044 2677 3095 ἀνύσωσιν
2709 3045 2787 3104 είς
2816 3044 3096 3112 ἐκδίκησιν
3129 3044 3234 3096 τῶν
3265 3046 3629 3113 διαφερόντων
3680 3050 3812 3106 ταῖς

578 3142 760 3194 dicare
783 3141 976 3207 possit,
999 3139 1472 3206 adjndicabuutur.
1503 3136 1698 3192 Verum
1757 3137 1800 3191 si
1849 3138 2128 3206 episcopus

2239 3135 2543 3196 ἐκκλησίαις
2556 3133 2730 3185 αὐτῶν
2753 3131 3138 3204 ῥᾳθυμοῦντες,
3156 3135 3708 3203 προσκυρωθήσινται
3730 3137 3813 3204 τῷ

579 3234 645 3285 ad
681 3244 834 3298 quem
862 3229 948 3282 illa
976 3231 1268 3298 pertinent.
1290 3243 1392 3281 non
1424 3227 1766 3297 negligentia,
1793 3229 1886 3280 sed
1905 3226 2130 3280 consilio

579 3323 754 3388 potius
787 3329 841 3375 et
879 3322 943 3374 de
985 3320 1252 3373 industria
1293 3319 1575 3373 confestim
1629 3319 1904 3386 repetendi
1943 3332 2129 3371 curaui

578 3413 837 3478 seposuit,
868 3413 991 3479 quia
1021 3411 1160 3464 forte
1192 3411 1259 3464 ab
1291 3411 1356 3464 iis
1387 3410 1656 3478 episc0pis
1683 3425 1747 3463 ea
1780 3408 1898 3462 loca
1931 3410 2137 3462 detine~

580 3503 795 3564 bantur,
830 3503 918 3568 qui
954 3516 1074 3555 cuin
1107 3500 1566 3563 liaareticiesscnt,
1603 3514 1665 3553 ea
1703 3499 2031 3562 conditione,
2069 3513 2135 3552 ne

579 3593 701 3662 quis
733 3607 826 3646 eos
857 3591 966 3644 nlla
993 3590 1234 3645 molestia
1277 3590 1529 3652 alliceret,
1561 3590 1817 3645 Ecclesiae
1851 3589 2132 3643 catholica:

580 3699 640 3739 se
672 3686 1054 3753 adjunxerant,
1092 3699 1151 3740 ac
1181 3700 1246 3740 eo
1276 3696 1559 3752 propterea
1608 3685 1890 3739 remissius
1941 3691 2136 3749 agente

578 3773 697 3838 ejus
733 3782 914 3841 partes
959 3773 1095 3827 alter
1129 3774 1444 3841 praeripuit;
1484 3782 1593 3825 tum
1637 3774 1749 3827 loca
1791 3774 1901 3838 illa,
1953 3789 2009 3827 re
2042 3786 2136 3840 per

578 3864 861 3932 episcopos
890 3866 1122 3931 cognita,
1165 3865 1210 3918 ei
1242 3866 1308 3918 ad
1361 3879 1520 3932 quem
1578 3866 1846 3932 pertinent
1887 3866 2137 3932 episcopo

582 3953 953 4004 restituantur.
999 3951 1132 4004 Nam
1164 3952 1210 4006 si
1244 3968 1306 4005 ea
1334 3953 1616 4020 episcOpus
1651 3953 1946 4015 vindicare,
1983 3967 2045 4005 ac
2071 3954 2136 4006 ab

586 4039 876 4105 haereticis,
907 4053 936 4091 a
976 4041 1169 4106 quibus
1197 4041 1601 4102 detinebantur,
1640 4040 1848 4108 eripere
1881 4039 2136 4095 feminas-

586 4137 703 4191 set;
746 4127 958 4194 pejores
989 4142 1081 4180 eos
1134 4127 1484 4196 proculdubio
1542 4127 1809 4182 ell‘ecisset
1862 4137 2024 4196 atque
2072 4131 2137 4180 ad

585 4219 904 4283 pravitatem
945 4232 1259 4284 morumque
1307 4216 1714 4286 perversitatem
1746 4217 1975 4286 amplius
2007 4231 2138 4270 con-

585 4307 829 4358 citasset.
871 4305 970 4369 Qui
1023 4313 1200 4358 autem
1246 4305 1347 4357 bac
1377 4305 1442 4357 de
1473 4318 1530 4357 re
1578 4312 1932 4373 cognoscant,
1960 4320 1988 4358 a
2025 4305 2136 4372 pri-

584 4407 729 4449 mate
761 4397 1072 4463 provinciae,
1105 4395 1256 4462 cujus
1285 4397 1335 4447 in
1372 4394 1576 4448 ditione
1606 4395 1756 4447 locus
1786 4405 1890 4460 est,
1933 4396 2138 4461 episco-

586 4485 638 4550 pi
667 4485 874 4550 judices
920 4483 1207 4534 dabuntur.
1241 4481 1392 4544 Quod
1421 4482 1465 4533 si
1510 4481 1743 4546 ipsimet,
1779 4484 1868 4547 qui
1903 4481 2043 4534 inter
2079 4496 2136 4535 se

585 4574 907 4640 disceptant,
938 4569 1133 4638 eligere
1169 4571 1448 4634 voluerint,
1482 4583 1574 4623 aut
1603 4586 1789 4632 unum,
1821 4584 1995 4624 canon
2038 4572 2135 4634 ait,

585 4672 678 4714 aut
709 4669 819 4716 tres
849 4673 996 4716 certe
1022 4661 1407 4714 controversia:
1437 4662 1668 4714 arbitros
1712 4671 1972 4715 statuant.
2006 4661 2138 4713 Nam

586 4753 631 4803 si
669 4767 806 4804 unus
841 4751 1045 4804 electus
1075 4752 1164 4815 sit,
1199 4750 1397 4804 valebit
1428 4751 1546 4818 ejus
1581 4752 1844 4804 sententia
1867 4787 1883 4814 ,
1930 4765 2052 4803 cum
2086 4750 2137 4801 in

583 4841 996 4912 657judicem
1025 4841 1252 4894 electum
1279 4857 1385 4895 non
1421 4843 1884 4908 caditappellatio.
1923 4840 2017 4894 Sin
2041 4857 2141 4893 au-

587 4942 694 4982 tem
719 4942 828 4983 tres
859 4928 1077 4994 fuerint,
1114 4928 1195 4980 vel
1222 4928 1359 4980 idem
1388 4942 1571 4981 omnes
1589 4932 1906 4992 decernent,
1941 4943 2005 4981 ac
2043 4943 2139 4980 eo-

589 5034 707 5070 rum
741 5019 944 5084 judicio
978 5019 1284 5072 necessario
1313 5016 1444 5071 stari
1498 5019 1795 5084 oportebit,
1826 5020 1907 5071 vel
1928 5019 1999 5071 ita
2029 5017 2142 5069 dis-

589 5110 847 5173 sentient,
867 5118 926 5162 ut
945 5111 1077 5162 duos
1099 5117 1279 5162 tamen
1317 5109 1455 5161 inter
1474 5121 1533 5161 se
1554 5108 1858 5170 convenire,
1893 5123 1999 5161 uno
2025 5117 2143 5160 tan-

590 5203 865 5254 tummodo
905 5200 1264 5265 discrepante,
1304 5210 1527 5251 necesse
1551 5197 1643 5261 sit,
1676 5211 1739 5250 ac
1766 5206 1893 5250 tunc
1931 5213 2143 5265 quoque

589 5292 644 5344 id
675 5290 816 5358 quod
850 5289 1029 5356 plures
1062 5287 1407 5356 probaverint
1437 5288 1771 5341 retinebitur.

589 5469 815 5523 ARIST.
858 5487 876 5519 ι
912 5468 1011 5534 Qui
1040 5467 1104 5521 ad
1141 5481 1198 5520 se
1228 5465 1552 5534 pertinentia
1582 5467 1854 5534 negligunt
1880 5479 2139 5519 nomenc-

669 5577 686 5608 ι
734 5569 893 5611 antur
923 5575 936 5611 :
971 5559 1098 5611 etsi
1150 5557 1281 5609 nihil
1316 5559 1453 5609 intra
1497 5573 1591 5610 sex
1642 5572 1851 5612 menses
1892 5559 2139 5621 fecerint,

676 5649 801 5710 rei,
843 5648 932 5714 Qui
988 5647 1304 5700 lucrifacere
1369 5657 1560 5712 potest,
1627 5648 2021 5713 adjndieeutur.
2086 5649 2140 5700 Si

671 5757 694 5792 ι
731 5750 907 5793 autem
958 5740 1290 5794 (nconoznice
1335 5739 1687 5806 neglexerint,
1741 5753 1805 5792 uc
1854 5739 2138 5794 lucreticos

2236 3222 2516 3291 δυναμένῳ
2543 3223 2795 3292 κερδᾶναι
2814 3224 3031 3287 αὐτοὺς,
3058 3225 3330 3275 τουτέστιν
3353 3224 3657 3290 ἐκνικῇσαι.
3679 3224 3813 3276 Ἐὰν

2233 3313 2287 3365 δὲ
2311 3315 2338 3364 6
2361 3314 2672 3376 ἐπίσκοπος,
2696 3306 2740 3381 ᾧ
2769 3313 2965 3382 ἀνῆκον
2991 3315 3040 3365 οἱ
3060 3314 3238 3377 τόποι,
3293 3313 3352 3366 οὐ
3383 3313 3470 3366 διὰ
3505 3315 3812 3382 ρᾳθυμίαν,

2235 3403 2369 3457 ἀλλὰ
2389 3403 2454 3455 δι’
2475 3404 2782 3470 οἰκονομίαν
2803 3403 3169 3472 ὑπερετίθετο,
3189 3402 3316 3466 ἴσως
3337 3403 3445 3456 τῶν
3469 3407 3814 3472 κατεχόντων

2234 3493 2360 3554 τοὺς
2411 3493 2607 3555 τόπους
2660 3494 2947 3562 αἱρετικῶν
2988 3494 3298 3546 ἐπισκόπων
3371 3493 3682 3547 ἑνωθέντων
3740 3499 3814 3564 τῇ

2235 3581 2494 3650 καθολικῇ
2535 3581 2828 3648 Ἐκκλησία
2852 3581 2944 3632 ἐπὶ
3007 3582 3296 3650 συμφωνία
3347 3581 3440 3633 τοῦ
3501 3583 3817 3649 ἀθορύϐους

2234 3672 2428 3733 αὐτοὺς
2461 3671 2866 3739 διατηρηθῆναι,
2901 3670 2994 3723 καὶ
3040 3670 3126 3724 διὰ
3158 3671 3314 3723 τοῦτο
3376 3673 3814 3741 ὑπερτιθεμένου

2234 3761 2331 3828 τὴν
2358 3761 2636 3830 ἐκνίκησιν
2665 3759 2756 3811 τοῦ
2810 3759 3104 3812 ἐπισκόπου
3167 3759 3465 3830 προέλαϐεν
3515 3760 3696 3823 ἄλλος,
3761 3765 3815 3814 οῖ

2234 3849 2388 3899 τόποι
2413 3846 2490 3916 τῷ
2520 3847 2820 3917 ἐπισκόπῳ,
2850 3841 2893 3915 ᾧ
2917 3849 3186 3916 διέφερον,
3233 3849 3812 3918 ἁποκαταστήσονται,

2237 3939 2550 3991 ἐπισκόπων
2611 3938 2738 4006 περὶ
2783 3938 2971 3990 τούτου
3021 3937 3511 4005 διαγινωσκόντων.
3583 3941 3644 3992 El
3698 3945 3816 4012 γὰρ

2236 4028 2567 4080 ἐσπούδασεν
2605 4030 2632 4080 6
2662 4028 2958 4090 ἐπίσκοπος
2983 4029 3267 4096 ἐκνικῆσαι
3299 4031 3422 4089 τοὺς
3448 4031 3646 4092 τόπους
3694 4033 3813 4084 ἀπὸ

2236 4118 2342 4169 τῶν
2377 4118 2709 4186 κατεχόντων
2741 4119 2937 4180 αὐτοὺς
2959 4118 3270 4186 αἱρετικῶν,
3296 4119 3456 4170 πλέον
3503 4120 3569 4172 ἂν
3625 4122 3818 4173 ἐκάκι-

2239 4207 2326 4269 ζεν
2361 4205 2572 4272 αὐτοὺς,
2605 4208 2724 4259 ἀντὶ
2760 4206 2875 4270 τοῦ,
2919 4208 3162 4275 χείρονας
3186 4207 3250 4258 ἂν
3279 4208 3532 4275 ἐποίησεν
3585 4211 3811 4271 αὐτοὺς,

2239 4298 2332 4349 καὶ
2356 4299 2432 4358 είς
2457 4295 2677 4348 πλείονα
2718 4297 2916 4350 κακίαν
2946 4295 3198 4364 ἠρέθισεν
3259 4297 3340 4351 ἄν.
3386 4295 3521 4359 Τοὺς
3559 4299 3614 4350 δὲ
3676 4303 3814 4368 περὶ

2239 4387 2426 4439 τούτου
2463 4387 2751 4450 μέλλοντας
2777 4388 3163 4456 διαγνωμονεῖν
3200 4388 3529 4451 ἐπισκόπους
3589 4390 3617 4440 6
3656 4407 3815 4460 πρωο

2241 4476 2408 4529 τεύων
2440 4479 2537 4544 τῆς
2564 4477 2829 4545 ἐπαρχίας
2854 4478 3035 4543 δώσει,
3059 4479 3116 4530 ἐν
3207 4480 3233 4530 6
3271 4480 3636 4548 ἐκνικώμενος
3691 4484 3816 4535 διεὶ⁹

2243 4584 2414 4619 κειται
2442 4569 2624 4628 τό-τος.
2657 4568 2786 4619 Ἐὰν
2808 4568 2863 4619 δὲ
2884 4571 2931 4618 οἱ
2963 4571 3088 4635 περὶ
3123 4570 3228 4619 τῶν
3281 4572 3462 4623 τόπων
3515 4572 3810 4642 δικαζόμε-

2241 4675 2319 4709 νοι
2343 4659 2491 4708 αὐτοὶ
2527 4657 2877 4720 ὲπιλέξωνται
2913 4659 3192 4724 δικαστὰς,
3248 4659 3280 4728 ἢ
3325 4655 3406 4722 εἷς
3449 4661 3814 4728 ἐπιλεγέσθω,

2242 4747 2404 4812 φησιν
2460 4747 2487 4796 6
2550 4746 2747 4812 κανὼν,
2781 4747 2810 4815 ἢ
2842 4749 3008 4816 τρεῖς.
3041 4748 3100 4800 El
3147 4749 3248 4815 μὲν
3302 4751 3410 4820 γὰρ
3445 4745 3522 4811 εἷς
3553 4751 3811 4820 ἐπιλεγῇν

2241 4840 2306 4906 τῇ
2336 4838 2498 4904 Ψῆεέφ
2527 4837 2731 4888 ἐκείνου
2757 4838 2973 4905 ἕψονται
2998 4856 3010 4869 °
3047 4839 3263 4907 αἱρετὸς
3291 4841 3394 4909 γὰρ
3425 4839 3500 4891 ὢν
3549 4841 3814 4910 δικαστὴς

2243 4930 2489 4997 ἐκκλήτῳ
2519 4930 2617 4997 οὐχ
2648 4930 2999 4982 ὑποπεσεῖται
3028 4946 3042 4960 ο
3077 4934 3124 4982 εί
3147 4931 3202 4983 δὲ
3228 4934 3375 5000 τρεῖς
3403 4934 3559 4994 εἰσιν,
3597 4934 3628 5002 ἢ
3666 4934 3816 5001 σύμ-

2241 5021 2413 5088 ψηφοι
2445 5021 2673 5084 ἔσονται,
2705 5022 2797 5071 καὶ
2820 5019 2880 5082 ἐξ
2919 5019 3162 5088 ἀνάγκης
3185 5022 3219 5088 ἡ
3247 5019 3424 5089 ψῆφος
3458 5022 3637 5074 αὐτῶν
3667 5039 3816 5094 κρα,

2243 5115 2418 5181 τήσει,
2449 5112 2481 5181 ἢ
2513 5114 2935 5182 μερισθήσονται
2968 5113 3023 5162 αἱ
3050 5112 3262 5179 γνῶμαι
3308 5113 3503 5179 αὐτῶν,
3552 5113 3626 5176 ὠς
3681 5117 3815 5179 τοὺς

2247 5204 2345 5270 μὲν
2373 5203 2464 5254 δύο
2490 5203 2958 5270 ὀμογνωμονῆσαι,
2997 5203 3086 5254 τὸν
3143 5201 3187 5254 δ’
3221 5202 3402 5270 ἕτερον
3445 5203 3610 5273 ἄλλης
3652 5206 3816 5270 γενέ-

2246 5295 2368 5346 σθαι
2395 5293 2896 5362 ιδισγνώσεως,’καὶ
2945 5295 3207 5363 κρατήσει
3249 5295 3434 5347 λοιπὸν
3489 5295 3595 5348 τῶν
3652 5296 3816 5348 πλει-

2246 5386 2378 5436 όνων
2401 5388 2431 5453 ἡ
2458 5387 2656 5454 ψῆφος.

2316 5477 2535 5530 ΑΡΙΣΤ.
2578 5497 2594 5527 ι
2635 5478 2697 5529 Ol
2723 5478 2830 5528 τών
2863 5477 3170 5546 ἀνηκόντων
3219 5477 3547 5546 ἀμελοῦντες
3604 5479 3817 5549 ὑπομι-

2256 5585 2273 5616 ι
2316 5566 2747 5633 μνησκέσθωσαν
2787 5585 2800 5596 ο
2851 5569 2948 5617 καὶ
2981 5570 3029 5618 εἰ
3090 5566 3257 5634 μηδὲν
3298 5567 3449 5629 ἐντὸς
3514 5567 3701 5635 μηνῶν
3755 5569 3815 5632 ἒξ

2254 5675 2272 5706 ι
2321 5659 2597 5723 δράσουσι,
2646 5659 2723 5725 τῷ
2793 5657 3075 5726 δυναμένῳ
3140 5657 3398 5724 κερδᾶναι
3470 5661 3814 5727 προσκυροῦ-

2253 5767 2271 5797 ι
2307 5748 2537 5801 σθωσαν.
2604 5749 2664 5801 Εἰ
2724 5749 2907 5817 μέντοι
2966 5749 3322 5815 οἰκονομικῶς
3397 5747 3811 5818 κατημέλησαν,
