4002 6314
265 443 372 506 397

271 567 297 602 ι
333 549 476 603 ὥστε
521 548 596 617 μὴ
674 543 1061 615 προσερεθίσαι
1088 543 1215 608 τοὺς
1265 543 1660 613 αίρετίζοντας,

268 660 296 694 α
330 639 493 692 τοῦτο
524 636 731 705 δειχθῇ,
776 633 1074 704 κρινόντων
1125 633 1460 700 ἐπισκόπων,
1487 634 1597 686 τῶν
1652 635 1684 702 ἢ
1744 635 1830 687 δοο

269 745 295 781 e
340 726 546 781 θέντων
576 724 609 795 ἢ
666 722 1056 789 έπιλεγέντων,
1085 723 1152 791 τῇ
1181 721 1422 793 καθέδρᾳ
1452 721 1658 775 τούτων
1690 724 1830 776 ἀπο-

272 838 298 868 α
341 814 822 869 καθιστασθωσαν.
868 830 888 863 ι

347 906 628 974 Ἕάνὶτωες
644 904 753 958 τῶν
779 891 1093 956 ἐπισκόπων
1113 902 1221 956 τῶν
1238 903 1543 972 ἀνηκόντων
1561 901 1744 955 τόπων
1765 904 1831 971 τῇ

259 998 446 1055 αὐτῶν
470 996 710 1066 καθέδρᾳ.
739 994 1075 1065 ἁμελήσωσι,
1103 995 1196 1047 καὶ
1217 994 1654 1062 ὑπομνησθέντες
1681 991 1836 1062 παρὰ

259 1087 377 1142 τῶν
403 1087 758 1155 γειτνιώντων
785 1086 966 1148 αὐτοῖς
999 1085 1313 1137 ἐπισκόπων
1346 1084 1647 1153 ὲπιμελῶν,
1691 1085 1836 1138 ὥστε

258 1175 613 1245 διεγερίὶῆναι
641 1175 721 1236 είς
754 1171 816 1226 τὸ
865 1173 1133 1234 παντοίως
1189 1172 1426 1226 σπεῦσαι
1467 1173 1594 1234 τοὺς
1655 1174 1834 1225 ἐκεῖσε

259 1267 430 1327 ὄντας
459 1263 770 1334 αἱρετικοὺς
806 1262 1182 1333 μεταστρέψαι
1214 1264 1350 1332 πρὸς
1370 1264 1472 1334 τὴν
1499 1263 1837 1332 ὀρθοδοξίαν,

263 1360 365 1410 καὶ
398 1357 550 1419 ἐντὸς
580 1355 767 1424 μηνῶν
817 1350 879 1419 ἐξ
914 1355 1058 1425 μετὰ
1098 1355 1196 1426 τὴν
1240 1355 1480 1409 αίτίασιν
1562 1354 1715 1406 οὐδέν
1781 1370 1834 1405 τι

261 1447 568 1509 ἀνύσωσιν,
600 1445 723 1498 ἀλλ’
750 1447 810 1499 ὲν
839 1448 910 1516 τῇ
957 1445 1095 1515 αὐτῇ
1155 1444 1383 1514 μείνωσι
1434 1443 1836 1511 καταφρονήσει

259 1538 362 1590 καὶ
385 1537 630 1608 ῥᾳθυμίᾳ
659 1553 676 1568 ·
706 1538 881 1608 ἑτέρῳ
906 1538 1214 1607 ίπισκόπῳ,
1271 1534 1350 1604 τῷ
1383 1533 1665 1602 δυναμένῳ
1713 1530 1838 1585 τού-

261 1643 398 1687 τους
423 1627 702 1695 κερδᾶναι,
752 1627 1334 1697 προσκυρωθήσονται.
1391 1625 1454 1678 Et
1504 1622 1688 1693 μέντοι
1718 1622 1836 1675 κατ’

263 1718 586 1787 οἰκονομίας
616 1719 772 1786 λόγον
799 1720 858 1771 οὑ
890 1718 1254 1787 διανέστησαν
1308 1716 1443 1787 πρὸς
1491 1714 1835 1784 ἐπιμέλειαν,

1262 438 1343 498 IN
1379 437 1544 503 CAN.
1583 436 1829 498 CXXIII
1868 435 2080 496 CONC.
2120 437 2497 498 CARTHAG.

3379 437 3483 498 398

1735 545 1828 597 καὶ
1860 549 1902 604 Α
1939 562 1956 593 ι
1997 545 2296 609 irritarent,
2349 555 2405 599 et
2436 548 2538 601 hoc
2587 558 2863 617 appareat,
2900 551 3165 619 episcopis
3218 551 3329 605 sive
3385 555 3483 605 da-

1939 651 1957 683 ι
1985 636 2052 687 tis
2092 637 2204 688 sive
2225 637 2413 692 electis
2451 637 2760 708 judicibus,
2826 655 3010 694 eorum
3075 641 3342 695 cathedra
3398 656 3482 695 re-

1937 741 1954 772 ι
1991 723 2244 778 stituantu
2256 741 2297 778 r.
2337 744 2356 775 ι

2007 899 2061 952 Si
2091 901 2182 968 qui
2207 904 2442 972 episcopi
2473 905 2587 959 loca
2617 905 2684 960 ad
2711 919 2838 960 suas
2859 906 3146 964 cathedras
3171 910 3492 978 pertinentia

1939 989 2206 1058 neglectui
2240 992 2545 1059 habuerint,
2590 1006 2644 1049 et
2695 1011 2728 1049 a
2766 997 2958 1052 vicinis
2989 999 3102 1053 suis
3157 1000 3494 1069 diligentibus

1939 1080 2200 1134 admoniti
2235 1083 2520 1152 episcopis,
2557 1094 2611 1138 ut
2637 1100 2844 1139 summa
2869 1103 2968 1156 ope
2993 1089 3292 1144 niterentur
3321 1092 3490 1145 haere-

1939 1173 2094 1236 ticos,
2125 1175 2216 1242 qui
2258 1174 2330 1227 ibi
2371 1185 2517 1238 sunt,
2552 1175 2618 1229 ad
2662 1175 2820 1230 [idem
2863 1181 3212 1234 orthodoxam
3270 1197 3496 1235 conver-

1937 1270 2075 1327 tere,
2100 1275 2153 1317 et
2193 1265 2331 1318 intra
2374 1281 2468 1319 sex
2507 1280 2723 1321 menses
2753 1280 2873 1335 post
2907 1271 3330 1325 admenitionem
3362 1273 3495 1326 nihil

1936 1356 2158 1410 omnino
2187 1357 2481 1424 elTecerint,
2509 1361 2602 1412 sed
2627 1359 2678 1412 in
2708 1361 2894 1414 eodem
2929 1361 3170 1431 neglectu
3205 1363 3499 1416 manserint

1940 1454 1993 1501 et
2025 1447 2230 1501 desidia
2262 1466 2275 1502 :
2315 1449 2407 1503 alii
2439 1449 2715 1519 episcOpo,
2739 1453 2831 1520 qui
2859 1469 2921 1508 ea
2957 1454 3277 1510 lucrifacere
3301 1463 3503 1522 potest,

1941 1536 2338 1606 adjudicentur.
2371 1539 2425 1594 Si
2466 1554 2645 1596 autem
2689 1544 2845 1613 juxta
2893 1547 3378 1602 administrationis
3412 1564 3499 1601 ra-

1938 1627 2162 1692 tionem,
2195 1644 2254 1684 se
2283 1632 2352 1686 ad
2396 1632 2726 1702 diligentiam
2757 1652 2865 1690 non
2914 1639 3219 1694 excitarunt
3263 1655 3328 1694 ne
3364 1640 3502 1693 forte

1941 1720 2228 1778 hereticos
2260 1723 2326 1777 ad
2381 1725 2640 1793 majorem
2702 1729 3031 1796 proritarent
3087 1732 3499 1800 impudentiam,

265 1810 360 1863 ἵνα
399 1811 627 1882 μὴτοὺς
679 1812 988 1881 αἱρετικοὺς
1050 1811 1178 1872 ῐσως
1265 1808 1402 1878 πρὸς
1453 1808 1836 1876 ἀναισχυντίαν

1946 1809 2034 1863 sed
2069 1819 2127 1864 ut
2154 1810 2269 1880 ipse
2293 1812 2435 1868 ducti
2464 1828 2558 1868 eos
2584 1817 2841 1883 patientia
2884 1820 3064 1887 potius
3091 1829 3146 1873 et
3188 1821 3476 1888 longanimi

270 1902 500 1974 μείζονα
546 1902 892 1970 διεγείρωσιν
919 1917 936 1933 ·
989 1899 1204 1961 ἀλλ’ὡς
1249 1898 1560 1962 ἐλπίζοντες
1640 1899 1838 1962 αὐτοὺς

1946 1907 2050 1953 tate
2071 1899 2413 1968 lucrifacere,
2445 1905 2790 1973 quieverunt,
2830 1883 3129 1962 et—interim
3161 1910 3249 1963 alii
3279 1911 3497 1978 quidam

267 1992 397 2061 μεθ’
426 1993 705 2062 ὑπομονῆς
740 1991 942 2059 μᾶλλον
971 1991 1065 2042 καὶ
1132 1989 1516 2059 μακροθυμίας
1562 1989 1843 2058 κερδᾶναι,

264 2082 562 2149 ἡσύχασαν
591 2095 608 2110 ο
643 2082 737 2132 καὶ
768 2081 827 2130 ὲν
854 2077 933 2145 τῷ
975 2075 1178 2146 μεταξὺ
1207 2077 1385 2146 ἕτεροί
1412 2093 1555 2140 τινες
1589 2077 1696 2129 τῶν
1722 2079 1842 2130 ὲπι-

265 2171 495 2223 σκόπων
547 2169 646 2239 τὴν
722 2168 1044 2237 ἐπιμέλειαν

276 2259 789 2331 ¹ετροιτετιιυρώθησαν
830 2262 857 2313 ἑ
876 2259 1075 2323 κείνοις
1110 2258 1220 2312 τῶν
1247 2260 1539 2329 αίρετικῶν
1559 2262 1606 2314 οί
1660 2261 1837 2324 τόποι,

265 2351 544 2405 καὶτοῦτο
593 2351 804 2421 δειχθῇ,
847 2350 1148 2420 κρινόντων
1211 2350 1550 2416 ἐπισκόπων,
1618 2351 1728 2403 τῶν
1801 2351 1835 2421 ἢ

268 2443 428 2513 παρὰ
446 2442 540 2495 τοῦ
576 2442 951 2512 πρωτεύοντος
981 2441 1315 2509 δοθέντων,ῆ
1342 2440 1473 2510 παρ’
1508 2440 1837 2513 ἀμφοτέρων

266 2532 380 2587 τῶν
409 2532 728 2584 ἐπισκόπων
769 2530 1156 2598 έπιλεγέντων,
1183 2530 1260 2592 ὡς
1309 2530 1399 2582 διὰ
1438 2531 1698 2600 τοιαύτην
1756 2534 1837 2586 οί-

1938 1989 2174 2059 episcopi
2206 1992 2544 2061 diligentiam
2577 2010 2761 2050 eorum
2802 1997 3184 2067 anticiparunt,
3245 2011 3299 2054 et
3327 2003 3498 2055 haere-

1940 2079 2173 2135 ticorum
2208 2081 2324 2136 loca
2356 2083 2423 2136 iis
2468 2084 2772 2151 adjudicata
2807 2099 2953 2152 sunt,
2987 2089 3166 2144 ethoc
3193 2091 3491 2153 evincatur,

1125 2167 1306 2220 αὐτῶν
1379 2167 1680 2237 προέλαϐον
1749 2168 1839 2221 καί¹

1946 2170 2302 2234 iudicantibus
2340 2173 2627 2245 episcOpis,
2661 2177 2746 2231 vel
2787 2192 2814 2230 a
2846 2178 3081 2246 primate
3135 2180 3297 2242 datis,
3324 2181 3403 2234 vel
3435 2182 3503 2234 ab

1943 2259 2206 2316 ambobus
2233 2263 2502 2334 episcOpis
2549 2265 2757 2331 electis,
2802 2269 2942 2335 quod
2978 2279 3196 2337 propter
3227 2269 3386 2322 talem
3428 2271 3504 2323 ni-

1945 2352 2142 2408 mirum
2171 2358 2534 2410 tecouomiam
2583 2359 2997 2414 instructionem
3029 2373 3216 2414 eorum
3267 2362 3502 2432 neglige-

1940 2441 2112 2497 bant:
2148 2443 2452 2500 istiusmodi
2489 2447 2608 2503 loca
2643 2449 2914 2506 cathedrae
2979 2465 3166 2508 eorum
3197 2451 3392 2507 iterum
3422 2467 3506 2507 re-

1946 2535 2266 2593 stituanlur.

267 2626 534 2696 προνομίαν
565 2624 665 2693 τῆς
702 2624 1050 2688 διδασκαλίας
1071 2623 1233 2695 δῆθεν
1259 2623 1440 2678 αὐτῶν
1509 2625 1793 2696 ἠμέλησαν
1825 2643 1837 2659 ·
1871 2630 2336 2685 ἀποκαταστῶσιν
2361 2633 2516 2696 αὖθις
2537 2636 2603 2704 τῇ
2627 2634 2866 2705 καθέδρα
2936 2634 3117 2689 αὐτῶν
3160 2637 3209 2688 oi
3276 2635 3504 2689 τοιοῦτοι

264 2720 450 2773 τόποι.

812 2807 1047 2864 KANON
1080 2808 1255 2862 PKI".

351 2920 372 2955 ι
413 2903 538 2956 Ὀτι
576 2903 678 2954 οὐκ
707 2900 918 2970 ὀφείλει
953 2900 1064 2969 (39)
1121 2900 1229 2951 τῶν
1287 2898 1697 2967 ἐπιλεγομένων
1759 2898 1835 2949 δι-

271 3013 296 3046 e
331 2993 556 3048 καστῶν
584 2993 617 3061 ἡ
641 2991 838 3060 γνώμη
853 2990 1276 3054 ὲξουθενείσθαι.
1319 2989 1451 3040 ’Δπδ
1464 2988 1522 3040 δὲ
1553 2987 1661 3040 τῶν
1685 2987 1841 3040 δικα-

273 3104 298 3138 e
348 3084 516 3148 στῶν,
541 3082 649 3137 τῶν
674 3082 820 3135 κατὰ
855 3081 1042 3147 κοινὴν
1089 3080 1399 3132 συναίνεσιν
1457 3079 1839 3145 έπιλεγέντων,

274 3197 296 3230 ι
345 3176 428 3245 μὴ
460 3173 662 3238 ὶξεῖναι
696 3170 1066 3227 ἐκκαλεῖσθαι.
1125 3172 1314 3232 Ὅστις
1364 3171 1422 3222 δὲ
1467 3169 1667 3240 δήποτε
1711 3170 1845 3221 ἀπο-

272 3288 295 3321 ι
336 3266 586 3337 δειχθείη
618 3265 709 3319 διὰ
741 3263 1059 3334 μονοτονίαν
1099 3260 1173 3332 μὴ
1212 3261 1388 3314 θέλειν
1409 3261 1523 3321 τοῖς
1563 3257 1842 3320 δικασταῖς

267 3378 292 3412 α
332 3355 732 3426 πειθαρχῆσαι,
777 3353 937 3408 τοῦτο
1005 3351 1292 3422 γινώσκων
1373 3349 1402 3400 ὁ
1461 3351 1562 3417 τῆς
1618 3345 1842 3416 πρώτης

273 3467 294 3499 ι
334 3445 619 3516 καθέδρας
646 3446 944 3505 ἐπίσκοπος
973 3443 1133 3494 δώσει
1176 3441 1500 3512 γράμματα,
1567 3437 1706 3490 ὥστε
1736 3453 1843 3505 μη-

268 3555 290 3587 ι
339 3536 474 3589 em
503 3533 610 3587 τῶν
646 3534 965 3588 ἐπισκόπων
1007 3530 1155 3600 αὐτῷ
1209 3528 1561 3596 κοινωνῆσαι,
1627 3525 1732 3587 ἕως
1779 3517 1840 3576 οὗ

269 3642 293 3675 ι
333 3623 708 3692 πειθαρχήσῃ.
747 3640 765 3672 ι

342 3714 545 3766 ΒΔΛΣ.
571 3711 758 3780 Σαφὴς
786 3713 814 3764 δ
855 3709 1057 3763 κανών.
1082 3710 1387 3778 Διορίζεται
1426 3709 1532 3778 γὰρ
1572 3709 1646 3778 μή
1675 3709 1844 3760 ἐκκα-

265 3804 488 3858 λεῖσθαι
527 3821 651 3856 τινα
677 3802 820 3856 κατὰ
850 3801 948 3870 τῆς
981 3801 1164 3871 ψήφου
1189 3799 1295 3852 τῶν
1350 3797 1407 3858 ἐξ
1439 3797 1698 3866 έπιλογῆς
1734 3795 1844 3850 τῶν

273 3895 466 3963 μερῶν
512 3894 848 3955 δικαζόντων
881 3893 1192 3943 ἐπισκόπων
1227 3904 1240 3917 ⁸
1274 3888 1366 3941 τὸν
1395 3889 1451 3940 δὲ
1481 3888 1639 3941 τοῦτο
1674 3889 1835 3957 ποιήδ

272 4002 472 4049 σαντα,
504 3982 878 4052 ἀκοινωνησίᾳ
920 3977 1349 4050 κατακρίνεσθαι
1390 3978 1542 4047 παρὰ
1567 3978 1659 4030 τοῦ
1696 3993 1844 4046 πρω-

269 4075 553 4139 τεύοντος,
583 4075 752 4142 ἤγουν
781 4072 873 4124 τοῦ
897 4071 1316 4141 μητροπολίτου.
1341 4067 1526 4120 Ταῦτα
1558 4066 1651 4120 τοῦ
1684 4067 1847 4120 κανό-

272 4181 365 4228 νος
403 4163 804 4232 διοριζομένου,
829 4161 977 4222 τινὲς
1021 4159 1118 4227 μὲν
1145 4155 1300 4212 εἶπον
1368 4155 1527 4210 τοῦτο
1601 4154 1845 4222 γίνεσθαι

271 4251 594 4312 ικολοὺθως
621 4250 697 4320 τῷ
723 4249 786 4301 ιϐ’
821 4265 946 4315 κεφ.
974 4246 1066 4300 τοῦ
1095 4245 1139 4315 β’
1165 4246 1348 4297 τίτλου
1382 4243 1477 4296 τοῦ
1533 4241 1576 4304 ζ’
1612 4243 1844 4311 βιϐλίου,

2479 2807 2707 2862 CANON
2746 2808 2978 2864 CXXIII.

1949 2914 1968 2948 ι
2014 2895 2165 2962 Quod
2203 2911 2310 2950 non
2364 2899 2520 2952 debet
2579 2899 2873 2952 electorum
2929 2899 3174 2968 judicum
3235 2902 3503 2954 sententia

2026 3004 2044 3036 ι
2083 2986 2232 3039 nihili
2270 2987 2453 3054 pendi.
2483 2988 2522 3038 A
2552 2986 2833 3056 judicibus
2868 2998 3073 3054 autem,
3103 2991 3193 3056 qui
3233 2991 3502 3042 communi

2020 3094 2041 3127 ι
2077 3090 2345 3130 consensu
2382 3076 2539 3130 electi
2570 3085 2693 3130 sunt
2728 3091 2835 3131 non
2883 3077 3006 3130 licet
3060 3079 3345 3146 appellare.
3377 3078 3508 3143 Qui-

2025 3183 2047 3217 ι
2081 3179 2294 3234 cunque
2353 3181 2478 3220 vero
2524 3177 2776 3221 ostensus
2826 3165 2992 3221 fuerit
3054 3177 3270 3236 propter
3329 3169 3506 3238 pervi-

2021 3256 2271 3309 ccaciam
2334 3256 2474 3310 nolle
2541 3256 2822 3324 judicibus
2889 3271 3111 3325 parere,
3167 3261 3269 3312 hoc
3328 3260 3506 3314 sciens

2020 3362 2038 3395 ι
2081 3345 2271 3414 prima:
2297 3347 2444 3399 sedis
2491 3346 2798 3414 episcopus,
2857 3347 3002 3400 dabit
3042 3348 3273 3410 litteras,
3306 3358 3363 3400 ut
3392 3348 3507 3400 nul-

2025 3451 2043 3485 ι
2078 3436 2158 3490 lus
2198 3438 2246 3489 ei
2287 3436 2566 3504 episcopus
2600 3436 2961 3490 communicet
2986 3438 3159 3490 donec
3188 3438 3448 3504 paruerit.
3478 3455 3498 3487 ι

2017 3697 2214 3752 BALS.
2249 3698 2442 3752 Clarus
2475 3705 2562 3751 est
2587 3711 2784 3753 canon.
2820 3698 3021 3753 Statuit
3045 3701 3208 3763 enim,
3241 3702 3528 3753 neminem'

1949 3787 2222 3856 appellare
2251 3787 2446 3841 debere
2468 3789 2728 3842 adversus
2785 3789 3105 3842 sententiam
3137 3789 3508 3857 episc0porum

1955 3878 2052 3946 qui
2093 3893 2156 3932 ex
2203 3878 2438 3946 partium
2497 3879 2756 3934 electione
2799 3878 3042 3945 judicant
3089 3919 3102 3933 .
3156 3893 3277 3932 eum
3331 3890 3508 3933 autem

1948 3969 2039 4036 qui
2082 3969 2182 4022 hoc
2226 3967 2439 4031 fecerit,
2501 3970 3073 4023 excommunicatione
3107 3969 3510 4024 condetnnaria

1948 4063 2178 4129 primate
2221 4073 2314 4114 seu
2372 4059 2811 4126 metropolitano.
2874 4059 3160 4129 Haec‘cum
3217 4075 3244 4112 a
3304 4075 3511 4114 canone

1949 4151 2353 4214 decernautur,
2403 4149 2658 4202 dixerunt
2711 4150 2925 4216 quidem
2970 4153 3207 4205 nonnulli
3255 4152 3354 4205 hoc
3397 4151 3512 4206 ﬁeri

1949 4249 2344 4308 consequenter
2383 4241 2544 4308 capiti
2581 4240 2642 4293 l9
2692 4241 2777 4295 tit.
2826 4241 2860 4293 2
2885 4241 3003 4295 libri
3033 4258 3124 4306 vtt,
3171 4244 3312 4311 quod
3336 4244 3464 4298 dicit
3496 4261 3510 4274 °

1952 4330 2233 4386 Electitius
2273 4332 2459 4399 judex,
2493 4334 2634 4400 quod
2686 4333 2788 4386 sibi
2833 4334 3064 4396 videtur,
3103 4336 3365 4400 decernit,
3411 4353 3512 4399 nec

1950 4431 2149 4490 praeter
2179 4420 2341 4474 ullam
2394 4422 2458 4476 de
2493 4423 2610 4484 ejus
2651 4424 2917 4476 sententia
2963 4439 3147 4477 curam
3194 4427 3352 4494 gerit.
3386 4427 3512 4488 Mihi

285 4342 357 4412 δῷ
381 4341 601 4409 λέγοντι
633 4355 648 4369 θ
690 4339 749 4392 '0
771 4338 990 4410 αἱρετὸς
1012 4336 1279 4406 δικαστής
1315 4336 1378 4387 τὸ
1437 4332 1629 4386 δοκοῦν
1698 4332 1848 4402 αὑτῷ

273 4432 606 4503 ψηφίζεται,
656 4428 750 4483 καὶ
808 4429 868 4481 οὐ
939 4426 1397 4498 πολυπραγμονεῖ
1448 4422 1548 4494 τὴν
1607 4421 1848 4492 ψῆφονδ

277 4524 540 4593 πραίτωρ
567 4539 580 4552 ·
622 4521 750 4590 ἐμοὶ
777 4520 835 4573 δὲ
871 4521 1024 4573 δοκεῖ
1054 4518 1129 4589 μὴ
1143 4516 1276 4586 περὶ
1319 4514 1577 4569 τοιούτων
1615 4513 1839 4583 αἱρετῶν

1953 4522 2134 4567 autem
2174 4513 2405 4576 videtur,
2460 4528 2560 4566 non
2605 4515 2669 4568 de
2733 4514 3003 4581 ejusmodi
3065 4516 3318 4570 electitiis
3370 4519 3511 4586 loqui

270 4612 558 4669 διδάσκειν
582 4614 678 4668 τὸν
704 4612 907 4667 κανόνα
931 4627 946 4642 '
975 4610 1200 4673 τούτους
1228 4608 1338 4677 γὰρ
1361 4608 1506 4670 δόσις
1539 4605 1839 4676 προστίμου

1954 4620 2247 4671 canonetn;
2275 4620 2448 4673 poenae
2469 4606 2613 4660 enim
2651 4607 2797 4660 datio
2840 4621 2933 4661 eos
2973 4607 3186 4676 judices
3211 4611 3510 4671 constituit,

275 4705 575 4774 καθίστησι
631 4701 918 4764 δικαστὰς,
990 4700 1212 4756 ίδιώτας
1266 4699 1463 4761 ὄντας·
1519 4697 1656 4750 ἀλλὰ
1716 4693 1839 4764 περὶ

1953 4712 2074 4751 cum
2103 4699 2211 4752 sint
2239 4699 2468 4761 privati,
2505 4698 2596 4752 sed
2638 4698 2705 4752 de
2748 4699 3037 4766 episcopis,
3079 4700 3169 4766 qui
3207 4701 3403 4754 habent
3429 4703 3514 4770 ju-

274 4796 599 4849 έπισκόπων
632 4792 866 4862 ἑχόντων
924 4789 1313 4844 δικαιοδοσίαν.
1370 4786 1525 4840 Εῐναι
1563 4787 1622 4840 δὲ
1674 4787 1839 4840 ίδικδν

1955 4788 2372 4842 risdietionem:
2437 4802 2556 4843 esse
2611 4798 2790 4842 autem
2852 4790 2951 4842 hoc
3017 4790 3506 4844 ecclesiasticarum

271 4885 443 4938 τοῦτο
471 4886 555 4945 είς
576 4883 675 4946 τὰς
706 4881 1166 4952 έκκλησιαστικὰς
1191 4879 1479 4941 ὑποθέσεις
1528 4877 1623 4930 καὶ
1652 4878 1839 4946 μόνας,

1950 4893 2260 4942 causarum,
2294 4893 2590 4947 earumque
2636 4879 2873 4932 solarum
2937 4881 3232 4948 proprium,
3291 4882 3430 4935 sicut
3461 4895 3514 4936 et

273 4974 470 5042 ὥσπερ
513 4972 610 5025 καὶ
630 4971 768 5024 ἄλλα
821 4970 1014 5024 πολλά.
1076 4973 1139 5021 Οί
1193 4969 1306 5039 γὰρ
1368 4968 1642 5021 πολιτικοὶ
1690 4965 1839 5033 νόμοι

1955 4969 2122 5022 multa
2185 4969 2311 5022 alia.
2373 4968 2542 5037 Leges
2591 4969 2735 5022 enim
2769 4967 2959 5022 civiles
3008 4970 3076 5022 ab
3123 4972 3269 5024 omni
3332 4973 3514 5040 judice

277 5064 429 5118 κατὰ
455 5061 662 5124 παντὸς
690 5060 954 5114 δικαστοῦ
1002 5060 1357 5114 ἐκκαλεῖσθαι
1398 5056 1730 5128 ὲκχωροῦσι,
1750 5057 1839 5109 κᾶκ

1955 5059 2227 5126 appellare
2254 5059 2588 5126 permittunt,
2618 5059 2826 5112 etiamsi
2891 5059 3011 5126 quis
3039 5075 3102 5112 ex
3135 5061 3365 5126 partiunt
3395 5065 3508 5119 ele-

277 5153 339 5220 ὲξ
370 5152 635 5220 ἔπιλστῆς
660 5150 770 5204 τῶν
795 5151 980 5221 μερῶν
1001 5149 1237 5220 κατέστη
1267 5166 1353 5211 τις
1378 5149 1662 5218 δικαστής.

1952 5151 2132 5204 ctione
2158 5151 2488 5203 constitutus
2523 5149 2706 5203 fuerit.

349 5241 598 5297 ΖΩΝΔΡ.
666 5242 793 5296 Ἐὰν
871 5239 1017 5292 κατὰ
1061 5240 1248 5310 κοινὴν
1304 5241 1531 5311 γνώμην
1592 5246 1643 5297 oi
1694 5245 1839 5316 dium

2021 5238 2276 5293 ZONAlt.
2303 5237 2358 5291 Si
2399 5238 2608 5307 judices
2632 5239 2902 5291 communi
2931 5253 3193 5294 consensu
3225 5241 3505 5309 elegerint,

283 5335 508 5406 ἔχοντες
535 5331 675 5401 πρὸς
708 5330 977 5402 ἀλλήλους
1011 5331 1391 5401 αίρετίσωνται
1433 5332 1720 5399 δικαστὰς,
1751 5338 1839 5389 οὐκ

1952 5333 2040 5402 qui
2075 5333 2317 5402 litigant;
2350 5332 2429 5385 eis
2461 5331 2528 5384 ab
2569 5331 2779 5386 illorum
2831 5331 3098 5385 sententia
3135 5331 3201 5385 ad
3255 5333 3389 5388 alios
3420 5336 3512 5403 ju-

1509 5427 1677 5489 Guil.
1710 5429 2043 5509 Beveregii
2077 5435 2263 5488 noue.

356 5528 471 5599 (59)
501 5527 618 5580 Ὅτι
642 5523 1026 5599 οὐκ-ὀφείλει.
1056 5523 1139 5599 Ad
1182 5525 1327 5599 hunc
1353 5525 1534 5599 etiam
1585 5542 1839 5599 canonem

1958 5532 2068 5584 suis
2099 5545 2200 5583 non
2225 5529 2604 5599 obtemperant,
2645 5534 2693 5578 et
2722 5524 2785 5578 de
2810 5524 3063 5599 episcopis
3087 5540 3202 5599 non
3256 5529 3515 5594 recipien-

288 5593 562 5654 in'codice
587 5595 1028 5667 διῆρε-Βαοῦξοηο
1051 5597 1155 5667 sub
1210 5595 1407 5667 scholii
1459 5597 1680 5650 nomine
1730 5600 1844 5652 haec
1955 5601 2094 5654 tibus
2146 5601 2336 5667 ejecta:
2383 5597 2460 5650 vel
2519 5595 3019 5649 excommunicatos.
3087 5593 3282 5667 verum
3340 5593 3516 5665 neque

279 5669 559 5735 leguntur,
582 5664 858 5735 neptem
876 5664 969 5735 μὴ
994 5664 1449 5735 πειθαρχούντων·
1487 5668 1596 5727 τοίς
1623 5668 1839 5730 οίκείοις

1950 5670 2054 5723 hoc
2086 5662 2277 5723 scholii
2321 5681 2517 5721 nomen
2573 5673 2831 5728 meretur,
2891 5677 3066 5732 neque
3143 5662 3268 5718 huic
3322 5662 3520 5722 canbui

279 5732 617 5808 ιτέισκόποις,
769 5732 1235 5808 περίὲπισκόπων
1258 5737 1350 5808 ’μὴ
1374 5734 1685 5808 Δδεχομένιιωδιν
1717 5738 1841 5798 τοὺς
1947 5741 2200 5808 quadrat.

278 5806 685 5872 ἁποόληθέντας
709 5803 745 5871 ἢ
788 5803 1212 5869 ἁκοινωνήτους.
1249 5803 1320 5855 De
1369 5805 1432 5858 iis
1461 5806 1548 5867 qui
1588 5806 1836 5866 episcopis
