  <div class='ocr_page' id='page_1' title='image "/cluster/home/n/w/nwhite01/storage/ocr_20150623/138/pst.000005714544/233.png"; bbox 0 0 4002 6314; ppageno 0'>
   <div class='ocr_carea' id='block_1_1' title="bbox 544 439 644 501">
    <p class='ocr_par' dir='ltr' id='par_1_1' title="bbox 544 439 644 501">
     <span class='ocr_line' id='line_1_1' title="bbox 544 439 644 501; baseline -0.02 0"><span class='ocrx_word' id='word_1_1' title='bbox 544 439 644 501; x_wconf 80' lang='lat'><strong>399</strong></span> 
     </span>
    </p>
   </div>
   <div class='ocr_carea' id='block_1_2' title="bbox 1781 428 2491 497">
    <p class='ocr_par' dir='ltr' id='par_1_2' title="bbox 1781 428 2491 497">
     <span class='ocr_line' id='line_1_2' title="bbox 1781 428 2491 497; baseline -0.006 0"><span class='ocrx_word' id='word_1_2' title='bbox 1781 435 2050 497; x_wconf 76' lang='lat' dir='ltr'><strong>THEOD.</strong></span> <span class='ocrx_word' id='word_1_3' title='bbox 2095 428 2491 496; x_wconf 80' lang='lat' dir='ltr'><strong>BALSAMON</strong></span> 
     </span>
    </p>
   </div>
   <div class='ocr_carea' id='block_1_3' title="bbox 3651 429 3775 495">
    <p class='ocr_par' dir='ltr' id='par_1_3' title="bbox 3651 429 3775 495">
     <span class='ocr_line' id='line_1_3' title="bbox 3651 429 3775 495; baseline 0.032 -4"><span class='ocrx_word' id='word_1_4' title='bbox 3651 429 3775 495; x_wconf 76' lang='grc' dir='ltr'><strong>ιοο</strong></span> 
     </span>
    </p>
   </div>
   <div class='ocr_carea' id='block_1_4' title="bbox 543 541 2093 614">
    <p class='ocr_par' dir='ltr' id='par_1_4' title="bbox 543 541 2088 612">
     <span class='ocr_line' id='line_1_4' title="bbox 543 541 2088 612; baseline 0 -14"><span class='ocrx_word' id='word_1_5' title='bbox 543 548 688 599; x_wconf 83' lang='lat' dir='ltr'><strong>dices</strong></span> <span class='ocrx_word' id='word_1_6' title='bbox 738 542 1060 612; x_wconf 80' lang='lat' dir='ltr'><strong>provocandi</strong></span> <span class='ocrx_word' id='word_1_7' title='bbox 1114 556 1216 596; x_wconf 93' lang='lat' dir='ltr'><strong>non</strong></span> <span class='ocrx_word' id='word_1_8' title='bbox 1253 542 1474 596; x_wconf 92' lang='lat' dir='ltr'><strong>dabitur</strong></span> <span class='ocrx_word' id='word_1_9' title='bbox 1509 541 1760 597; x_wconf 74' lang='lat' dir='ltr'><strong>facultas.</strong></span> <span class='ocrx_word' id='word_1_10' title='bbox 1796 543 1948 609; x_wconf 83' lang='lat' dir='ltr'><strong>Quod</strong></span> <span class='ocrx_word' id='word_1_11' title='bbox 2007 545 2088 598; x_wconf 79' lang='lat' dir='ltr'><strong>lex</strong></span> 
     </span>
    </p>
   </div>
   <div class='ocr_carea' id='block_1_5' title="bbox 2199 541 3762 614">
    <p class='ocr_par' dir='ltr' id='par_1_5' title="bbox 2199 541 3762 614">
     <span class='ocr_line' id='line_1_5' title="bbox 2199 541 3762 614; baseline 0 -18"><span class='ocrx_word' id='word_1_12' title='bbox 2199 545 2410 608; x_wconf 75' lang='grc' dir='ltr'>ἐξέσται</span> <span class='ocrx_word' id='word_1_13' title='bbox 2443 544 2623 604; x_wconf 78' lang='grc' dir='ltr'>αὐτοῖς</span> <span class='ocrx_word' id='word_1_14' title='bbox 2654 541 3002 597; x_wconf 69' lang='grc' dir='ltr'><strong>ἐκκαλεῖσθαι</strong></span> <span class='ocrx_word' id='word_1_15' title='bbox 3049 543 3188 599; x_wconf 80' lang='grc' dir='ltr'><strong>κατά</strong></span> <span class='ocrx_word' id='word_1_16' title='bbox 3212 543 3308 614; x_wconf 81' lang='grc' dir='ltr'>τῆς</span> <span class='ocrx_word' id='word_1_17' title='bbox 3337 542 3518 614; x_wconf 71' lang='grc' dir='ltr'>ψήφου</span> <span class='ocrx_word' id='word_1_18' title='bbox 3550 545 3762 598; x_wconf 77' lang='grc' dir='ltr'>αὐτῶν.</span> 
     </span>
    </p>
   </div>
   <div class='ocr_carea' id='block_1_6' title="bbox 543 631 2097 703">
    <p class='ocr_par' dir='ltr' id='par_1_6' title="bbox 543 631 2097 703">
     <span class='ocr_line' id='line_1_6' title="bbox 543 631 2097 703; baseline 0.001 -16"><span class='ocrx_word' id='word_1_19' title='bbox 543 647 752 703; x_wconf 88' lang='lat' dir='ltr'><strong>quoque</strong></span> <span class='ocrx_word' id='word_1_20' title='bbox 778 633 951 688; x_wconf 78' lang='lat' dir='ltr'><strong>civilis</strong></span> <span class='ocrx_word' id='word_1_21' title='bbox 975 633 1069 686; x_wconf 85' lang='lat' dir='ltr'><strong>lib.</strong></span> <span class='ocrx_word' id='word_1_22' title='bbox 1116 647 1207 697; x_wconf 76' lang='lat' dir='ltr'><strong>vn,</strong></span> <span class='ocrx_word' id='word_1_23' title='bbox 1241 631 1324 686; x_wconf 92' lang='lat' dir='ltr'><strong>tit.</strong></span> <span class='ocrx_word' id='word_1_24' title='bbox 1355 632 1388 685; x_wconf 79' lang='lat'><strong>3</strong></span> <span class='ocrx_word' id='word_1_25' title='bbox 1433 648 1533 701; x_wconf 85' lang='lat' dir='ltr'><strong>cap</strong></span> <span class='ocrx_word' id='word_1_26' title='bbox 1581 632 1613 686; x_wconf 91' lang='lat'><strong>9</strong></span> <span class='ocrx_word' id='word_1_27' title='bbox 1660 631 1870 686; x_wconf 81' lang='lat' dir='ltr'><strong>Basilic.</strong></span> <span class='ocrx_word' id='word_1_28' title='bbox 1903 638 1973 687; x_wconf 89' lang='lat' dir='ltr'><strong>ita</strong></span> <span class='ocrx_word' id='word_1_29' title='bbox 2004 635 2097 688; x_wconf 89' lang='lat' dir='ltr'><strong>de-</strong></span> 
     </span>
    </p>
   </div>
   <div class='ocr_carea' id='block_1_7' title="bbox 545 722 2094 791">
    <p class='ocr_par' dir='ltr' id='par_1_7' title="bbox 545 722 2094 791">
     <span class='ocr_line' id='line_1_7' title="bbox 545 722 2094 791; baseline 0.001 -14"><span class='ocrx_word' id='word_1_30' title='bbox 545 725 739 788; x_wconf 93' lang='lat' dir='ltr'><strong>cernit,</strong></span> <span class='ocrx_word' id='word_1_31' title='bbox 781 724 966 778; x_wconf 87' lang='lat' dir='ltr'><strong>dicens</strong></span> <span class='ocrx_word' id='word_1_32' title='bbox 996 742 1009 776; x_wconf 81' lang='grc' dir='ltr'><strong>ι</strong></span> <span class='ocrx_word' id='word_1_33' title='bbox 1067 722 1350 777; x_wconf 88' lang='lat' dir='ltr'><strong>Electitins</strong></span> <span class='ocrx_word' id='word_1_34' title='bbox 1384 722 1546 791; x_wconf 69' lang='lat' dir='ltr'><strong>iudex</strong></span> <span class='ocrx_word' id='word_1_35' title='bbox 1578 736 1639 776; x_wconf 83' lang='lat' dir='ltr'><strong>ex</strong></span> <span class='ocrx_word' id='word_1_36' title='bbox 1678 739 1830 791; x_wconf 77' lang='lat' dir='ltr'><strong>:cqno</strong></span> <span class='ocrx_word' id='word_1_37' title='bbox 1854 736 1906 777; x_wconf 86' lang='lat' dir='ltr'><strong>et</strong></span> <span class='ocrx_word' id='word_1_38' title='bbox 1936 726 2094 786; x_wconf 88' lang='lat' dir='ltr'><strong>bono,</strong></span> 
     </span>
    </p>
   </div>
   <div class='ocr_carea' id='block_1_8' title="bbox 541 814 2097 883">
    <p class='ocr_par' dir='ltr' id='par_1_8' title="bbox 541 814 2097 883">
     <span class='ocr_line' id='line_1_8' title="bbox 541 814 2097 883; baseline 0.001 -17"><span class='ocrx_word' id='word_1_39' title='bbox 541 816 684 883; x_wconf 90' lang='lat' dir='ltr'><strong>quod</strong></span> <span class='ocrx_word' id='word_1_40' title='bbox 723 814 820 868; x_wconf 86' lang='lat' dir='ltr'><strong>sibi</strong></span> <span class='ocrx_word' id='word_1_41' title='bbox 872 814 1105 877; x_wconf 69' lang='lat' dir='ltr'><strong>videtur,</strong></span> <span class='ocrx_word' id='word_1_42' title='bbox 1155 814 1375 878; x_wconf 82' lang='lat' dir='ltr'><strong>statuit;</strong></span> <span class='ocrx_word' id='word_1_43' title='bbox 1420 829 1589 882; x_wconf 88' lang='lat' dir='ltr'><strong>neque</strong></span> <span class='ocrx_word' id='word_1_44' title='bbox 1621 815 1673 866; x_wconf 91' lang='lat' dir='ltr'><strong>in</strong></span> <span class='ocrx_word' id='word_1_45' title='bbox 1719 814 1832 881; x_wconf 76' lang='lat' dir='ltr'><strong>elus</strong></span> <span class='ocrx_word' id='word_1_46' title='bbox 1865 827 2097 868; x_wconf 85' lang='lat' dir='ltr'><strong>senten-</strong></span> 
     </span>
    </p>
   </div>
   <div class='ocr_carea' id='block_1_9' title="bbox 546 903 2098 973">
    <p class='ocr_par' dir='ltr' id='par_1_9' title="bbox 546 903 2098 973">
     <span class='ocr_line' id='line_1_9' title="bbox 546 903 2098 973; baseline -0.001 -15"><span class='ocrx_word' id='word_1_47' title='bbox 546 908 675 960; x_wconf 86' lang='lat' dir='ltr'><strong>tiam</strong></span> <span class='ocrx_word' id='word_1_48' title='bbox 717 906 930 959; x_wconf 88' lang='lat' dir='ltr'><strong>curiose</strong></span> <span class='ocrx_word' id='word_1_49' title='bbox 963 917 1153 973; x_wconf 76' lang='lat' dir='ltr'><strong>przetor</strong></span> <span class='ocrx_word' id='word_1_50' title='bbox 1189 904 1430 971; x_wconf 83' lang='lat' dir='ltr'><strong>inquirit.</strong></span> <span class='ocrx_word' id='word_1_51' title='bbox 1469 903 1618 968; x_wconf 82' lang='lat' dir='ltr'><strong>Quod</strong></span> <span class='ocrx_word' id='word_1_52' title='bbox 1652 918 1778 956; x_wconf 79' lang='lat' dir='ltr'><strong>vero</strong></span> <span class='ocrx_word' id='word_1_53' title='bbox 1830 905 1978 956; x_wconf 87' lang='lat' dir='ltr'><strong>addit</strong></span> <span class='ocrx_word' id='word_1_54' title='bbox 2009 919 2098 957; x_wconf 86' lang='lat' dir='ltr'><strong>ca-</strong></span> 
     </span>
    </p>
   </div>
   <div class='ocr_carea' id='block_1_10' title="bbox 550 993 2095 1062">
    <p class='ocr_par' dir='ltr' id='par_1_10' title="bbox 550 993 2095 1062">
     <span class='ocr_line' id='line_1_10' title="bbox 550 993 2095 1062; baseline -0.001 -12"><span class='ocrx_word' id='word_1_55' title='bbox 550 1012 676 1060; x_wconf 87' lang='lat' dir='ltr'><strong>non,</strong></span> <span class='ocrx_word' id='word_1_56' title='bbox 731 995 990 1062; x_wconf 85' lang='lat' dir='ltr'><strong>ejusmodi</strong></span> <span class='ocrx_word' id='word_1_57' title='bbox 1023 1004 1136 1057; x_wconf 82' lang='lat' dir='ltr'><strong>est,</strong></span> <span class='ocrx_word' id='word_1_58' title='bbox 1197 1004 1252 1046; x_wconf 92' lang='lat' dir='ltr'><strong>ut</strong></span> <span class='ocrx_word' id='word_1_59' title='bbox 1302 994 1344 1046; x_wconf 93' lang='lat' dir='ltr'><strong>si</strong></span> <span class='ocrx_word' id='word_1_60' title='bbox 1385 994 1507 1060; x_wconf 90' lang='lat' dir='ltr'><strong>quis</strong></span> <span class='ocrx_word' id='word_1_61' title='bbox 1539 993 1810 1056; x_wconf 87' lang='lat' dir='ltr'><strong>nimirum,</strong></span> <span class='ocrx_word' id='word_1_62' title='bbox 1845 995 1923 1046; x_wconf 92' lang='lat' dir='ltr'><strong>sni</strong></span> <span class='ocrx_word' id='word_1_63' title='bbox 1959 994 2095 1059; x_wconf 84' lang='lat' dir='ltr'><strong>juris</strong></span> 
     </span>
    </p>
   </div>
   <div class='ocr_carea' id='block_1_11' title="bbox 545 1082 2094 1152">
    <p class='ocr_par' dir='ltr' id='par_1_11' title="bbox 545 1082 2094 1152">
     <span class='ocr_line' id='line_1_11' title="bbox 545 1082 2094 1152; baseline -0.003 -12"><span class='ocrx_word' id='word_1_64' title='bbox 545 1104 607 1140; x_wconf 89' lang='lat' dir='ltr'><strong>ac</strong></span> <span class='ocrx_word' id='word_1_65' title='bbox 637 1086 918 1140; x_wconf 66' lang='lat' dir='ltr'><strong>sententiae</strong></span> <span class='ocrx_word' id='word_1_66' title='bbox 952 1084 1174 1137; x_wconf 68' lang='lat' dir='ltr'><strong>nimium</strong></span> <span class='ocrx_word' id='word_1_67' title='bbox 1205 1093 1362 1136; x_wconf 66' lang='lat' dir='ltr'><strong>tenax</strong></span> <span class='ocrx_word' id='word_1_68' title='bbox 1397 1092 1553 1152; x_wconf 85' lang='lat' dir='ltr'><strong>atque</strong></span> <span class='ocrx_word' id='word_1_69' title='bbox 1587 1082 1921 1150; x_wconf 64' lang='lat' dir='ltr'><strong>prwfractus,</strong></span> <span class='ocrx_word' id='word_1_70' title='bbox 1951 1084 2094 1148; x_wconf 86' lang='lat' dir='ltr'><strong>judi-</strong></span> 
     </span>
    </p>
   </div>
   <div class='ocr_carea' id='block_1_12' title="bbox 544 1171 2093 1239">
    <p class='ocr_par' dir='ltr' id='par_1_12' title="bbox 544 1171 2093 1239">
     <span class='ocr_line' id='line_1_12' title="bbox 544 1171 2093 1239; baseline -0.003 -10"><span class='ocrx_word' id='word_1_71' title='bbox 544 1177 696 1229; x_wconf 83' lang='lat' dir='ltr'><strong>cibus</strong></span> <span class='ocrx_word' id='word_1_72' title='bbox 729 1189 832 1227; x_wconf 91' lang='lat' dir='ltr'><strong>non</strong></span> <span class='ocrx_word' id='word_1_73' title='bbox 871 1173 1111 1237; x_wconf 83' lang='lat' dir='ltr'><strong>obediat,</strong></span> <span class='ocrx_word' id='word_1_74' title='bbox 1143 1172 1324 1239; x_wconf 69' lang='lat' dir='ltr'><strong>primae</strong></span> <span class='ocrx_word' id='word_1_75' title='bbox 1355 1171 1498 1226; x_wconf 84' lang='lat' dir='ltr'><strong>sedis</strong></span> <span class='ocrx_word' id='word_1_76' title='bbox 1539 1172 1820 1239; x_wconf 83' lang='lat' dir='ltr'><strong>episc0pns</strong></span> <span class='ocrx_word' id='word_1_77' title='bbox 1872 1173 2093 1239; x_wconf 86' lang='lat' dir='ltr'><strong>reliquis</strong></span> 
     </span>
    </p>
   </div>
   <div class='ocr_carea' id='block_1_13' title="bbox 544 1260 2089 1335">
    <p class='ocr_par' dir='ltr' id='par_1_13' title="bbox 544 1260 2089 1335">
     <span class='ocr_line' id='line_1_13' title="bbox 544 1260 2089 1335; baseline -0.003 -18"><span class='ocrx_word' id='word_1_78' title='bbox 544 1264 809 1335; x_wconf 83' lang='lat' dir='ltr'><strong>episcopis</strong></span> <span class='ocrx_word' id='word_1_79' title='bbox 841 1263 1032 1315; x_wconf 86' lang='lat' dir='ltr'><strong>litteris</strong></span> <span class='ocrx_word' id='word_1_80' title='bbox 1059 1262 1354 1324; x_wconf 85' lang='lat' dir='ltr'><strong>denuntiet,</strong></span> <span class='ocrx_word' id='word_1_81' title='bbox 1384 1268 1443 1314; x_wconf 87' lang='lat' dir='ltr'><strong>ut</strong></span> <span class='ocrx_word' id='word_1_82' title='bbox 1472 1261 1539 1314; x_wconf 90' lang='lat' dir='ltr'><strong>ab</strong></span> <span class='ocrx_word' id='word_1_83' title='bbox 1561 1260 1674 1327; x_wconf 80' lang='lat' dir='ltr'><strong>eius</strong></span> <span class='ocrx_word' id='word_1_84' title='bbox 1697 1263 2089 1325; x_wconf 83' lang='lat' dir='ltr'><strong>communione,</strong></span> 
     </span>
    </p>
   </div>
   <div class='ocr_carea' id='block_1_14' title="bbox 543 1350 1860 1420">
    <p class='ocr_par' dir='ltr' id='par_1_14' title="bbox 543 1350 1860 1420">
     <span class='ocr_line' id='line_1_14' title="bbox 543 1350 1860 1420; baseline -0.004 -15"><span class='ocrx_word' id='word_1_85' title='bbox 543 1353 799 1420; x_wconf 86' lang='lat' dir='ltr'><strong>quamdiu</strong></span> <span class='ocrx_word' id='word_1_86' title='bbox 833 1352 920 1404; x_wconf 92' lang='lat' dir='ltr'><strong>ille</strong></span> <span class='ocrx_word' id='word_1_87' title='bbox 942 1365 1129 1418; x_wconf 88' lang='lat' dir='ltr'><strong>parere</strong></span> <span class='ocrx_word' id='word_1_88' title='bbox 1157 1352 1504 1413; x_wconf 76' lang='lat' dir='ltr'><strong>recusaverit,</strong></span> <span class='ocrx_word' id='word_1_89' title='bbox 1538 1350 1860 1402; x_wconf 82' lang='lat' dir='ltr'><strong>abstineant.</strong></span> 
     </span>
    </p>
   </div>
   <div class='ocr_carea' id='block_1_15' title="bbox 541 1439 2094 1516">
    <p class='ocr_par' dir='ltr' id='par_1_15' title="bbox 541 1439 2094 1516">
     <span class='ocr_line' id='line_1_15' title="bbox 541 1439 2094 1516; baseline -0.014 -13"><span class='ocrx_word' id='word_1_90' title='bbox 541 1446 705 1516; x_wconf 78' lang='lat'><strong>658</strong></span> <span class='ocrx_word' id='word_1_91' title='bbox 738 1442 958 1497; x_wconf 81' lang='lat' dir='ltr'><strong>AlllST.</strong></span> <span class='ocrx_word' id='word_1_92' title='bbox 1016 1459 1035 1492; x_wconf 79' lang='grc' dir='ltr'><strong>ι</strong></span> <span class='ocrx_word' id='word_1_93' title='bbox 1073 1439 1239 1494; x_wconf 78' lang='lat' dir='ltr'><strong>Judex</strong></span> <span class='ocrx_word' id='word_1_94' title='bbox 1285 1442 1352 1493; x_wconf 91' lang='lat' dir='ltr'><strong>ab</strong></span> <span class='ocrx_word' id='word_1_95' title='bbox 1395 1441 1650 1493; x_wconf 86' lang='lat' dir='ltr'><strong>ambabus</strong></span> <span class='ocrx_word' id='word_1_96' title='bbox 1718 1439 1957 1508; x_wconf 87' lang='lat' dir='ltr'><strong>partibus</strong></span> <span class='ocrx_word' id='word_1_97' title='bbox 1985 1440 2094 1493; x_wconf 84' lang='lat' dir='ltr'><strong>ele-</strong></span> 
     </span>
    </p>
   </div>
   <div class='ocr_carea' id='block_1_16' title="bbox 882 1530 1746 1593">
    <p class='ocr_par' dir='ltr' id='par_1_16' title="bbox 882 1530 1746 1593">
     <span class='ocr_line' id='line_1_16' title="bbox 882 1530 1746 1593; baseline -0.005 -11"><span class='ocrx_word' id='word_1_98' title='bbox 882 1550 900 1582; x_wconf 86' lang='grc' dir='ltr'><strong>ι</strong></span> <span class='ocrx_word' id='word_1_99' title='bbox 938 1540 1054 1584; x_wconf 90' lang='lat' dir='ltr'><strong>ctus</strong></span> <span class='ocrx_word' id='word_1_100' title='bbox 1093 1530 1323 1582; x_wconf 88' lang='lat' dir='ltr'><strong>recusari</strong></span> <span class='ocrx_word' id='word_1_101' title='bbox 1361 1543 1462 1580; x_wconf 91' lang='lat' dir='ltr'><strong>non</strong></span> <span class='ocrx_word' id='word_1_102' title='bbox 1503 1535 1692 1593; x_wconf 85' lang='lat' dir='ltr'><strong>potest.</strong></span> <span class='ocrx_word' id='word_1_103' title='bbox 1729 1547 1746 1578; x_wconf 73' lang='grc' dir='ltr'><strong>ι</strong></span> 
     </span>
    </p>
   </div>
   <div class='ocr_carea' id='block_1_17' title="bbox 619 1619 2087 1694">
    <p class='ocr_par' dir='ltr' id='par_1_17' title="bbox 619 1619 2087 1694">
     <span class='ocr_line' id='line_1_17' title="bbox 619 1619 2087 1694; baseline -0.004 -16"><span class='ocrx_word' id='word_1_104' title='bbox 619 1628 730 1680; x_wconf 76' lang='lat' dir='ltr'><strong>Nec</strong></span> <span class='ocrx_word' id='word_1_105' title='bbox 787 1623 1019 1694; x_wconf 73' lang='lat' dir='ltr'><strong>episcopi</strong></span> <span class='ocrx_word' id='word_1_106' title='bbox 1091 1635 1187 1673; x_wconf 88' lang='lat' dir='ltr'><strong>nec</strong></span> <span class='ocrx_word' id='word_1_107' title='bbox 1246 1619 1426 1673; x_wconf 83' lang='lat' dir='ltr'><strong>clerici</strong></span> <span class='ocrx_word' id='word_1_108' title='bbox 1488 1620 1758 1672; x_wconf 90' lang='lat' dir='ltr'><strong>communi</strong></span> <span class='ocrx_word' id='word_1_109' title='bbox 1824 1634 2087 1674; x_wconf 89' lang='lat' dir='ltr'><strong>consensu</strong></span> 
     </span>
    </p>
   </div>
   <div class='ocr_carea' id='block_1_18' title="bbox 545 1707 2086 1786">
    <p class='ocr_par' dir='ltr' id='par_1_18' title="bbox 545 1707 2086 1786">
     <span class='ocr_line' id='line_1_18' title="bbox 545 1707 2086 1786; baseline -0.006 -17"><span class='ocrx_word' id='word_1_110' title='bbox 545 1720 824 1786; x_wconf 78' lang='lat' dir='ltr'><strong>episcopos</strong></span> <span class='ocrx_word' id='word_1_111' title='bbox 849 1713 1056 1782; x_wconf 73' lang='lat' dir='ltr'><strong>iudices</strong></span> <span class='ocrx_word' id='word_1_112' title='bbox 1095 1710 1374 1775; x_wconf 77' lang='lat' dir='ltr'><strong>eligentes,</strong></span> <span class='ocrx_word' id='word_1_113' title='bbox 1405 1717 1460 1760; x_wconf 92' lang='lat' dir='ltr'><strong>et</strong></span> <span class='ocrx_word' id='word_1_114' title='bbox 1509 1709 1574 1761; x_wconf 88' lang='lat' dir='ltr'><strong>ab</strong></span> <span class='ocrx_word' id='word_1_115' title='bbox 1597 1707 1920 1776; x_wconf 87' lang='lat' dir='ltr'><strong>iisjndicati,</strong></span> <span class='ocrx_word' id='word_1_116' title='bbox 1957 1723 2086 1762; x_wconf 86' lang='lat' dir='ltr'><strong>con-</strong></span> 
     </span>
    </p>
   </div>
   <div class='ocr_carea' id='block_1_19' title="bbox 547 1799 2088 1869">
    <p class='ocr_par' dir='ltr' id='par_1_19' title="bbox 547 1799 2088 1869">
     <span class='ocr_line' id='line_1_19' title="bbox 547 1799 2088 1869; baseline -0.008 -6"><span class='ocrx_word' id='word_1_117' title='bbox 547 1823 624 1865; x_wconf 84' lang='lat' dir='ltr'><strong>tra</strong></span> <span class='ocrx_word' id='word_1_118' title='bbox 670 1822 854 1861; x_wconf 89' lang='lat' dir='ltr'><strong>eorunt</strong></span> <span class='ocrx_word' id='word_1_119' title='bbox 895 1806 1212 1859; x_wconf 83' lang='lat' dir='ltr'><strong>sententiam</strong></span> <span class='ocrx_word' id='word_1_120' title='bbox 1252 1799 1518 1869; x_wconf 85' lang='lat' dir='ltr'><strong>appellare</strong></span> <span class='ocrx_word' id='word_1_121' title='bbox 1579 1807 1796 1866; x_wconf 91' lang='lat' dir='ltr'><strong>possunt</strong></span> <span class='ocrx_word' id='word_1_122' title='bbox 1844 1815 1858 1851; x_wconf 92' lang='lat'><strong>:</strong></span> <span class='ocrx_word' id='word_1_123' title='bbox 1895 1808 1950 1852; x_wconf 89' lang='lat' dir='ltr'><strong>et</strong></span> <span class='ocrx_word' id='word_1_124' title='bbox 1990 1799 2088 1852; x_wconf 91' lang='lat' dir='ltr'><strong>ltoc</strong></span> 
     </span>
    </p>
   </div>
   <div class='ocr_carea' id='block_1_20' title="bbox 2200 633 3765 703">
    <p class='ocr_par' dir='ltr' id='par_1_20' title="bbox 2200 633 3765 703">
     <span class='ocr_line' id='line_1_20' title="bbox 2200 633 3765 703; baseline -0.001 -15"><span class='ocrx_word' id='word_1_125' title='bbox 2200 636 2372 688; x_wconf 79' lang='grc' dir='ltr'>Τοῦτο</span> <span class='ocrx_word' id='word_1_126' title='bbox 2405 635 2458 687; x_wconf 87' lang='grc' dir='ltr'><strong>δέ</strong></span> <span class='ocrx_word' id='word_1_127' title='bbox 2484 634 2579 686; x_wconf 77' lang='grc' dir='ltr'>καὶ</span> <span class='ocrx_word' id='word_1_128' title='bbox 2625 635 2653 686; x_wconf 92' lang='lat'><strong>6</strong></span> <span class='ocrx_word' id='word_1_129' title='bbox 2703 635 2983 696; x_wconf 83' lang='grc' dir='ltr'>πολιτικὸς</span> <span class='ocrx_word' id='word_1_130' title='bbox 3028 633 3190 703; x_wconf 85' lang='grc' dir='ltr'>νόμος</span> <span class='ocrx_word' id='word_1_131' title='bbox 3217 633 3360 687; x_wconf 75' lang='grc' dir='ltr'>οὕτω</span> <span class='ocrx_word' id='word_1_132' title='bbox 3403 635 3642 698; x_wconf 72' lang='grc' dir='ltr'><strong>θεσπίζει</strong></span> <span class='ocrx_word' id='word_1_133' title='bbox 3695 638 3765 689; x_wconf 75' lang='grc' dir='ltr'><strong>ἐν</strong></span> 
     </span>
    </p>
   </div>
   <div class='ocr_carea' id='block_1_21' title="bbox 2201 722 3767 795">
    <p class='ocr_par' dir='ltr' id='par_1_21' title="bbox 2201 722 3767 795">
     <span class='ocr_line' id='line_1_21' title="bbox 2201 722 3767 795; baseline 0.001 -20"><span class='ocrx_word' id='word_1_134' title='bbox 2201 725 2392 794; x_wconf 78' lang='grc' dir='ltr'>βιϐλίῳ</span> <span class='ocrx_word' id='word_1_135' title='bbox 2415 722 2481 786; x_wconf 76' lang='grc' dir='ltr'><strong>ζ’,</strong></span> <span class='ocrx_word' id='word_1_136' title='bbox 2510 723 2674 791; x_wconf 83' lang='grc' dir='ltr'>τίτλῳ</span> <span class='ocrx_word' id='word_1_137' title='bbox 2701 723 2748 793; x_wconf 83' lang='grc' dir='ltr'><strong>β’</strong></span> <span class='ocrx_word' id='word_1_138' title='bbox 2787 725 2980 792; x_wconf 82' lang='grc' dir='ltr'>κεφαλ.</span> <span class='ocrx_word' id='word_1_139' title='bbox 3033 723 3097 776; x_wconf 85' lang='grc' dir='ltr'>ιθ⁸</span> <span class='ocrx_word' id='word_1_140' title='bbox 3165 723 3374 791; x_wconf 60' lang='grc' dir='ltr'>λόγων</span> <span class='ocrx_word' id='word_1_141' title='bbox 3419 723 3481 777; x_wconf 87' lang='lat'><strong>&#39;0</strong></span> <span class='ocrx_word' id='word_1_142' title='bbox 3532 726 3767 795; x_wconf 82' lang='grc' dir='ltr'>αίρετδς</span> 
     </span>
    </p>
   </div>
   <div class='ocr_carea' id='block_1_22' title="bbox 2198 813 3768 884">
    <p class='ocr_par' dir='ltr' id='par_1_22' title="bbox 2198 813 3768 884">
     <span class='ocr_line' id='line_1_22' title="bbox 2198 813 3768 884; baseline -0.002 -16"><span class='ocrx_word' id='word_1_143' title='bbox 2198 815 2457 884; x_wconf 75' lang='grc' dir='ltr'>δικαστὴς</span> <span class='ocrx_word' id='word_1_144' title='bbox 2481 815 2542 867; x_wconf 81' lang='grc' dir='ltr'>τὸ</span> <span class='ocrx_word' id='word_1_145' title='bbox 2562 813 2754 867; x_wconf 80' lang='grc' dir='ltr'><strong>δοκοῦν</strong></span> <span class='ocrx_word' id='word_1_146' title='bbox 2779 815 2927 881; x_wconf 83' lang='grc' dir='ltr'><strong>αὑτῷ</strong></span> <span class='ocrx_word' id='word_1_147' title='bbox 2951 813 3267 883; x_wconf 74' lang='grc' dir='ltr'><strong>ψηφίζεται,</strong></span> <span class='ocrx_word' id='word_1_148' title='bbox 3328 815 3421 867; x_wconf 74' lang='grc' dir='ltr'>καὶ</span> <span class='ocrx_word' id='word_1_149' title='bbox 3470 815 3532 866; x_wconf 85' lang='grc' dir='ltr'>οὐ</span> <span class='ocrx_word' id='word_1_150' title='bbox 3587 815 3768 866; x_wconf 85' lang='grc' dir='ltr'>πολυ-</span> 
     </span>
    </p>
   </div>
   <div class='ocr_carea' id='block_1_23' title="bbox 2200 899 3767 976">
    <p class='ocr_par' dir='ltr' id='par_1_23' title="bbox 2200 899 3767 976">
     <span class='ocr_line' id='line_1_23' title="bbox 2200 899 3767 976; baseline 0 -20"><span class='ocrx_word' id='word_1_151' title='bbox 2200 907 2513 974; x_wconf 81' lang='grc' dir='ltr'>πραγμονεῖ</span> <span class='ocrx_word' id='word_1_152' title='bbox 2543 904 2643 975; x_wconf 71' lang='grc' dir='ltr'>τὴν</span> <span class='ocrx_word' id='word_1_153' title='bbox 2694 904 2875 972; x_wconf 75' lang='grc' dir='ltr'>ψῆφον</span> <span class='ocrx_word' id='word_1_154' title='bbox 2917 907 2945 958; x_wconf 97' lang='lat'><strong>6</strong></span> <span class='ocrx_word' id='word_1_155' title='bbox 2983 905 3252 976; x_wconf 80' lang='grc' dir='ltr'>πραίτωρ.</span> <span class='ocrx_word' id='word_1_156' title='bbox 3312 899 3444 955; x_wconf 74' lang='grc' dir='ltr'>Εἶτα</span> <span class='ocrx_word' id='word_1_157' title='bbox 3479 904 3672 969; x_wconf 71' lang='grc' dir='ltr'>ἐπάγει</span> <span class='ocrx_word' id='word_1_158' title='bbox 3733 905 3767 956; x_wconf 88' lang='lat'><strong>6</strong></span> 
     </span>
    </p>
   </div>
   <div class='ocr_carea' id='block_1_24' title="bbox 2197 994 3762 1063">
    <p class='ocr_par' dir='ltr' id='par_1_24' title="bbox 2197 994 3762 1063">
     <span class='ocr_line' id='line_1_24' title="bbox 2197 994 3762 1063; baseline 0 -17"><span class='ocrx_word' id='word_1_159' title='bbox 2197 994 2378 1047; x_wconf 85' lang='grc' dir='ltr'>κανών</span> <span class='ocrx_word' id='word_1_160' title='bbox 2401 1012 2414 1024; x_wconf 67' lang='grc' dir='ltr'><strong>ν</strong></span> <span class='ocrx_word' id='word_1_161' title='bbox 2450 995 2641 1057; x_wconf 83' lang='grc' dir='ltr'>Ὅστις</span> <span class='ocrx_word' id='word_1_162' title='bbox 2664 994 2721 1046; x_wconf 75' lang='grc' dir='ltr'><strong>δέ</strong></span> <span class='ocrx_word' id='word_1_163' title='bbox 2751 995 2838 1047; x_wconf 69' lang='grc' dir='ltr'><strong>διὰ</strong></span> <span class='ocrx_word' id='word_1_164' title='bbox 2877 997 3216 1063; x_wconf 84' lang='grc' dir='ltr'>μονοτονίαν,</span> <span class='ocrx_word' id='word_1_165' title='bbox 3273 995 3445 1062; x_wconf 72' lang='grc' dir='ltr'>ἦγουν</span> <span class='ocrx_word' id='word_1_166' title='bbox 3527 997 3725 1063; x_wconf 78' lang='grc' dir='ltr'>ίσχυρο</span> <span class='ocrx_word' id='word_1_167' title='bbox 3746 1021 3762 1030; x_wconf 72' lang='grc' dir='ltr'><strong>ο</strong></span> 
     </span>
    </p>
   </div>
   <div class='ocr_carea' id='block_1_25' title="bbox 2197 1085 3767 1155">
    <p class='ocr_par' dir='ltr' id='par_1_25' title="bbox 2197 1085 3767 1155">
     <span class='ocr_line' id='line_1_25' title="bbox 2197 1085 3767 1155; baseline -0.001 -18"><span class='ocrx_word' id='word_1_168' title='bbox 2197 1085 2556 1155; x_wconf 79' lang='grc' dir='ltr'>γνωμοσύνην</span> <span class='ocrx_word' id='word_1_169' title='bbox 2623 1085 2656 1154; x_wconf 74' lang='grc' dir='ltr'>ἢ</span> <span class='ocrx_word' id='word_1_170' title='bbox 2723 1085 3120 1154; x_wconf 84' lang='grc' dir='ltr'>ἀναισχυντίαν,</span> <span class='ocrx_word' id='word_1_171' title='bbox 3169 1086 3228 1137; x_wconf 77' lang='grc' dir='ltr'>οὐ</span> <span class='ocrx_word' id='word_1_172' title='bbox 3283 1087 3564 1153; x_wconf 83' lang='grc' dir='ltr'>πειθαρχεί</span> <span class='ocrx_word' id='word_1_173' title='bbox 3639 1087 3767 1144; x_wconf 75' lang='grc' dir='ltr'>τοῖς</span> 
     </span>
    </p>
   </div>
   <div class='ocr_carea' id='block_1_26' title="bbox 2205 1175 3766 1245">
    <p class='ocr_par' dir='ltr' id='par_1_26' title="bbox 2205 1175 3766 1245">
     <span class='ocr_line' id='line_1_26' title="bbox 2205 1175 3766 1245; baseline -0.001 -18"><span class='ocrx_word' id='word_1_174' title='bbox 2205 1175 2510 1238; x_wconf 84' lang='grc' dir='ltr'>δικασταῖς,</span> <span class='ocrx_word' id='word_1_175' title='bbox 2584 1176 2612 1227; x_wconf 92' lang='lat'><strong>6</strong></span> <span class='ocrx_word' id='word_1_176' title='bbox 2667 1178 2765 1245; x_wconf 77' lang='grc' dir='ltr'>τῆς</span> <span class='ocrx_word' id='word_1_177' title='bbox 2835 1176 3054 1244; x_wconf 82' lang='grc' dir='ltr'><strong>πρώτης</strong></span> <span class='ocrx_word' id='word_1_178' title='bbox 3136 1175 3403 1243; x_wconf 76' lang='grc' dir='ltr'><strong>καθέδρας</strong></span> <span class='ocrx_word' id='word_1_179' title='bbox 3455 1175 3766 1236; x_wconf 75' lang='grc' dir='ltr'>ἐπίσκοπος</span> 
     </span>
    </p>
   </div>
   <div class='ocr_carea' id='block_1_27' title="bbox 2195 1263 3764 1335">
    <p class='ocr_par' dir='ltr' id='par_1_27' title="bbox 2195 1263 3764 1335">
     <span class='ocr_line' id='line_1_27' title="bbox 2195 1263 3764 1335; baseline -0.001 -18"><span class='ocrx_word' id='word_1_180' title='bbox 2195 1266 2485 1319; x_wconf 80' lang='grc' dir='ltr'>ἐντελεῖται</span> <span class='ocrx_word' id='word_1_181' title='bbox 2543 1265 2629 1319; x_wconf 78' lang='grc' dir='ltr'>διὰ</span> <span class='ocrx_word' id='word_1_182' title='bbox 2713 1266 3054 1335; x_wconf 81' lang='grc' dir='ltr'><strong>γραμμάτων</strong></span> <span class='ocrx_word' id='word_1_183' title='bbox 3113 1267 3227 1327; x_wconf 85' lang='grc' dir='ltr'>τοῖς</span> <span class='ocrx_word' id='word_1_184' title='bbox 3291 1267 3608 1327; x_wconf 77' lang='grc' dir='ltr'>ἐπισκόποις</span> <span class='ocrx_word' id='word_1_185' title='bbox 3670 1263 3764 1334; x_wconf 74' lang='grc' dir='ltr'>μὴ</span> 
     </span>
    </p>
   </div>
   <div class='ocr_carea' id='block_1_28' title="bbox 2195 1352 3536 1426">
    <p class='ocr_par' dir='ltr' id='par_1_28' title="bbox 2195 1352 3536 1426">
     <span class='ocr_line' id='line_1_28' title="bbox 2195 1352 3536 1426; baseline 0.002 -20"><span class='ocrx_word' id='word_1_186' title='bbox 2195 1356 2621 1424; x_wconf 82' lang='grc' dir='ltr'>συγκοινωνῆσαι</span> <span class='ocrx_word' id='word_1_187' title='bbox 2662 1355 2830 1424; x_wconf 79' lang='grc' dir='ltr'>αὐτῷ,</span> <span class='ocrx_word' id='word_1_188' title='bbox 2885 1357 2987 1419; x_wconf 74' lang='grc' dir='ltr'>ἕως</span> <span class='ocrx_word' id='word_1_189' title='bbox 3039 1352 3100 1408; x_wconf 77' lang='grc' dir='ltr'><strong>οὗ</strong></span> <span class='ocrx_word' id='word_1_190' title='bbox 3137 1356 3536 1426; x_wconf 80' lang='grc' dir='ltr'>πειθαρχήσῃ..</span> 
     </span>
    </p>
   </div>
   <div class='ocr_carea' id='block_1_29' title="bbox 2191 1445 3766 1517">
    <p class='ocr_par' dir='ltr' id='par_1_29' title="bbox 2191 1445 3766 1517">
     <span class='ocr_line' id='line_1_29' title="bbox 2191 1445 3766 1517; baseline 0.002 -19"><span class='ocrx_word' id='word_1_191' title='bbox 2191 1446 2415 1498; x_wconf 79' lang='grc' dir='ltr'><strong>ΑΡΙΣΤ.</strong></span> <span class='ocrx_word' id='word_1_192' title='bbox 2447 1464 2466 1499; x_wconf 82' lang='grc' dir='ltr'><strong>ι</strong></span> <span class='ocrx_word' id='word_1_193' title='bbox 2513 1445 2570 1499; x_wconf 85' lang='lat'><strong>&#39;0</strong></span> <span class='ocrx_word' id='word_1_194' title='bbox 2601 1447 2664 1498; x_wconf 83' lang='grc' dir='ltr'><strong>ἐκ</strong></span> <span class='ocrx_word' id='word_1_195' title='bbox 2694 1446 2800 1500; x_wconf 84' lang='grc' dir='ltr'><strong>τῶν</strong></span> <span class='ocrx_word' id='word_1_196' title='bbox 2854 1446 2948 1499; x_wconf 78' lang='grc' dir='ltr'>δύο</span> <span class='ocrx_word' id='word_1_197' title='bbox 3013 1447 3196 1516; x_wconf 79' lang='grc' dir='ltr'>μερῶν</span> <span class='ocrx_word' id='word_1_198' title='bbox 3250 1447 3492 1516; x_wconf 76' lang='grc' dir='ltr'>αἱρεθεὶς</span> <span class='ocrx_word' id='word_1_199' title='bbox 3557 1448 3766 1517; x_wconf 75' lang='grc' dir='ltr'>κριτὴς</span> 
     </span>
    </p>
   </div>
   <div class='ocr_carea' id='block_1_30' title="bbox 2699 1535 3259 1603">
    <p class='ocr_par' dir='ltr' id='par_1_30' title="bbox 2699 1535 3259 1603">
     <span class='ocr_line' id='line_1_30' title="bbox 2699 1535 3259 1603; baseline -0.004 -18"><span class='ocrx_word' id='word_1_200' title='bbox 2699 1552 2717 1585; x_wconf 79' lang='grc' dir='ltr'><strong>ι</strong></span> <span class='ocrx_word' id='word_1_201' title='bbox 2753 1535 3201 1603; x_wconf 79' lang='grc' dir='ltr'>ἀπαράγραπτος.</span> <span class='ocrx_word' id='word_1_202' title='bbox 3243 1554 3259 1583; x_wconf 79' lang='lat' dir='ltr'><strong>t</strong></span> 
     </span>
    </p>
   </div>
   <div class='ocr_carea' id='block_1_31' title="bbox 2261 1623 3764 1695">
    <p class='ocr_par' dir='ltr' id='par_1_31' title="bbox 2261 1623 3764 1695">
     <span class='ocr_line' id='line_1_31' title="bbox 2261 1623 3764 1695; baseline -0.003 -17"><span class='ocrx_word' id='word_1_203' title='bbox 2261 1623 2396 1678; x_wconf 73' lang='grc' dir='ltr'>Οὔτε</span> <span class='ocrx_word' id='word_1_204' title='bbox 2421 1623 2708 1679; x_wconf 85' lang='grc' dir='ltr'>ἐπίσκοποι</span> <span class='ocrx_word' id='word_1_205' title='bbox 2747 1627 2870 1678; x_wconf 77' lang='grc' dir='ltr'>οὔτε</span> <span class='ocrx_word' id='word_1_206' title='bbox 2892 1625 3163 1695; x_wconf 70' lang='grc' dir='ltr'>κληρικοὶ,</span> <span class='ocrx_word' id='word_1_207' title='bbox 3219 1627 3358 1680; x_wconf 89' lang='grc' dir='ltr'><strong>κατά</strong></span> <span class='ocrx_word' id='word_1_208' title='bbox 3413 1624 3596 1694; x_wconf 77' lang='grc' dir='ltr'>κοινὴν</span> <span class='ocrx_word' id='word_1_209' title='bbox 3623 1641 3764 1676; x_wconf 77' lang='grc' dir='ltr'>συν-</span> 
     </span>
    </p>
   </div>
   <div class='ocr_carea' id='block_1_32' title="bbox 2191 1712 3769 1781">
    <p class='ocr_par' dir='ltr' id='par_1_32' title="bbox 2191 1712 3769 1781">
     <span class='ocr_line' id='line_1_32' title="bbox 2191 1712 3769 1781; baseline 0.002 -18"><span class='ocrx_word' id='word_1_210' title='bbox 2191 1712 2396 1764; x_wconf 87' lang='grc' dir='ltr'>αίνεσιν</span> <span class='ocrx_word' id='word_1_211' title='bbox 2429 1712 2688 1777; x_wconf 73' lang='grc' dir='ltr'>δικαστὰς</span> <span class='ocrx_word' id='word_1_212' title='bbox 2716 1715 3043 1777; x_wconf 77' lang='grc' dir='ltr'>ἐπισκόπους</span> <span class='ocrx_word' id='word_1_213' title='bbox 3069 1712 3467 1781; x_wconf 81' lang='grc' dir='ltr'><strong>ἐπιλεξάμενοι,</strong></span> <span class='ocrx_word' id='word_1_214' title='bbox 3499 1714 3591 1766; x_wconf 75' lang='grc' dir='ltr'>καὶ</span> <span class='ocrx_word' id='word_1_215' title='bbox 3621 1713 3769 1781; x_wconf 81' lang='grc' dir='ltr'>παρ’</span> 
     </span>
    </p>
   </div>
   <div class='ocr_carea' id='block_1_33' title="bbox 2190 1802 3763 1872">
    <p class='ocr_par' dir='ltr' id='par_1_33' title="bbox 2190 1802 3763 1872">
     <span class='ocr_line' id='line_1_33' title="bbox 2190 1802 3763 1872; baseline 0 -18"><span class='ocrx_word' id='word_1_216' title='bbox 2190 1803 2373 1864; x_wconf 63' lang='grc' dir='ltr'>αὺτοῖς</span> <span class='ocrx_word' id='word_1_217' title='bbox 2448 1802 2748 1872; x_wconf 80' lang='grc' dir='ltr'>κριθέντες,</span> <span class='ocrx_word' id='word_1_218' title='bbox 2813 1805 2952 1856; x_wconf 81' lang='grc' dir='ltr'>κατὰ</span> <span class='ocrx_word' id='word_1_219' title='bbox 3025 1802 3124 1869; x_wconf 83' lang='grc' dir='ltr'>τῆς</span> <span class='ocrx_word' id='word_1_220' title='bbox 3189 1804 3512 1869; x_wconf 80' lang='grc' dir='ltr'>ἀποφάσεως</span> <span class='ocrx_word' id='word_1_221' title='bbox 3567 1802 3763 1854; x_wconf 68' lang='grc' dir='ltr'>αὺτιῖν</span> 
     </span>
    </p>
   </div>
   <div class='ocr_carea' id='block_1_34' title="bbox 543 1875 2093 1960">
    <p class='ocr_par' dir='ltr' id='par_1_34' title="bbox 543 1888 2092 1959">
     <span class='ocr_line' id='line_1_34' title="bbox 543 1888 2092 1959; baseline -0.006 -6"><span class='ocrx_word' id='word_1_222' title='bbox 543 1915 648 1953; x_wconf 91' lang='lat' dir='ltr'><strong>non</strong></span> <span class='ocrx_word' id='word_1_223' title='bbox 683 1899 770 1951; x_wconf 87' lang='lat' dir='ltr'><strong>hic</strong></span> <span class='ocrx_word' id='word_1_224' title='bbox 829 1908 1055 1959; x_wconf 86' lang='lat' dir='ltr'><strong>tantum,</strong></span> <span class='ocrx_word' id='word_1_225' title='bbox 1093 1896 1184 1949; x_wconf 89' lang='lat' dir='ltr'><strong>sed</strong></span> <span class='ocrx_word' id='word_1_226' title='bbox 1234 1903 1287 1946; x_wconf 89' lang='lat' dir='ltr'><strong>et</strong></span> <span class='ocrx_word' id='word_1_227' title='bbox 1333 1892 1386 1945; x_wconf 90' lang='lat' dir='ltr'><strong>in</strong></span> <span class='ocrx_word' id='word_1_228' title='bbox 1431 1889 1547 1943; x_wconf 90' lang='lat' dir='ltr'><strong>aliis</strong></span> <span class='ocrx_word' id='word_1_229' title='bbox 1598 1889 1873 1958; x_wconf 67' lang='lat' dir='ltr'><strong>praesentis</strong></span> <span class='ocrx_word' id='word_1_230' title='bbox 1905 1888 2092 1958; x_wconf 81' lang='lat' dir='ltr'><strong>synodi</strong></span> 
     </span>
    </p>
   </div>
   <div class='ocr_carea' id='block_1_35' title="bbox 2199 1875 3764 1960">
    <p class='ocr_par' dir='ltr' id='par_1_35' title="bbox 2199 1891 3764 1960">
     <span class='ocr_line' id='line_1_35' title="bbox 2199 1891 3764 1960; baseline -0.002 -14"><span class='ocrx_word' id='word_1_231' title='bbox 2199 1893 2446 1948; x_wconf 82' lang='grc' dir='ltr'>δύνανται</span> <span class='ocrx_word' id='word_1_232' title='bbox 2474 1893 2819 1946; x_wconf 80' lang='grc' dir='ltr'>ἐκκαλεῖσθαι</span> <span class='ocrx_word' id='word_1_233' title='bbox 2846 1910 2859 1924; x_wconf 94' lang='grc'><strong>·</strong></span> <span class='ocrx_word' id='word_1_234' title='bbox 2895 1895 2986 1946; x_wconf 76' lang='grc' dir='ltr'>καὶ</span> <span class='ocrx_word' id='word_1_235' title='bbox 3016 1893 3172 1945; x_wconf 84' lang='grc' dir='ltr'>τοῦτο</span> <span class='ocrx_word' id='word_1_236' title='bbox 3200 1894 3296 1945; x_wconf 82' lang='grc' dir='ltr'>οὐκ</span> <span class='ocrx_word' id='word_1_237' title='bbox 3361 1892 3592 1945; x_wconf 80' lang='grc' dir='ltr'>ἐνταῦθα</span> <span class='ocrx_word' id='word_1_238' title='bbox 3645 1891 3764 1960; x_wconf 80' lang='grc' dir='ltr'>μό-</span> 
     </span>
    </p>
   </div>
   <div class='ocr_carea' id='block_1_36' title="bbox 541 1986 1277 2044">
    <p class='ocr_par' dir='ltr' id='par_1_36' title="bbox 541 1986 1277 2044">
     <span class='ocr_line' id='line_1_36' title="bbox 541 1986 1277 2044; baseline -0.007 -1"><span class='ocrx_word' id='word_1_239' title='bbox 541 1990 836 2044; x_wconf 85' lang='lat' dir='ltr'><strong>canonibus</strong></span> <span class='ocrx_word' id='word_1_240' title='bbox 864 1989 1136 2042; x_wconf 77' lang='lat' dir='ltr'><strong>decretum</strong></span> <span class='ocrx_word' id='word_1_241' title='bbox 1161 1986 1277 2039; x_wconf 80' lang='lat' dir='ltr'><strong>fuit.</strong></span> 
     </span>
    </p>
   </div>
   <div class='ocr_carea' id='block_1_37' title="bbox 1075 2160 1558 2218">
    <p class='ocr_par' dir='ltr' id='par_1_37' title="bbox 1075 2160 1558 2218">
     <span class='ocr_line' id='line_1_37' title="bbox 1075 2160 1558 2218; baseline -0.004 0"><span class='ocrx_word' id='word_1_242' title='bbox 1075 2161 1300 2218; x_wconf 77' lang='lat' dir='ltr'><strong>CANON</strong></span> <span class='ocrx_word' id='word_1_243' title='bbox 1323 2160 1558 2216; x_wconf 81' lang='lat' dir='ltr'><strong>CXXIV.</strong></span> 
     </span>
    </p>
   </div>
   <div class='ocr_carea' id='block_1_38' title="bbox 549 2246 2091 2324">
    <p class='ocr_par' dir='ltr' id='par_1_38' title="bbox 549 2246 2091 2324">
     <span class='ocr_line' id='line_1_38' title="bbox 549 2246 2091 2324; baseline -0.008 -16"><span class='ocrx_word' id='word_1_244' title='bbox 549 2273 568 2308; x_wconf 80' lang='grc' dir='ltr'><strong>ι</strong></span> <span class='ocrx_word' id='word_1_245' title='bbox 615 2255 988 2324; x_wconf 83' lang='lat' dir='ltr'><strong>Utepiscopus</strong></span> <span class='ocrx_word' id='word_1_246' title='bbox 1020 2254 1112 2323; x_wconf 88' lang='lat' dir='ltr'><strong>qui</strong></span> <span class='ocrx_word' id='word_1_247' title='bbox 1161 2254 1428 2322; x_wconf 85' lang='lat' dir='ltr'><strong>propriam</strong></span> <span class='ocrx_word' id='word_1_248' title='bbox 1461 2252 1732 2305; x_wconf 79' lang='lat' dir='ltr'><strong>dicesesim</strong></span> <span class='ocrx_word' id='word_1_249' title='bbox 1775 2246 2091 2310; x_wconf 86' lang='lat' dir='ltr'><strong>contemnit,</strong></span> 
     </span>
    </p>
   </div>
   <div class='ocr_carea' id='block_1_39' title="bbox 625 2334 2091 2415">
    <p class='ocr_par' dir='ltr' id='par_1_39' title="bbox 625 2334 2091 2415">
     <span class='ocr_line' id='line_1_39' title="bbox 625 2334 2091 2415; baseline -0.008 -19"><span class='ocrx_word' id='word_1_250' title='bbox 625 2362 644 2396; x_wconf 81' lang='grc' dir='ltr'><strong>ι</strong></span> <span class='ocrx_word' id='word_1_251' title='bbox 677 2345 919 2415; x_wconf 76' lang='lat' dir='ltr'><strong>privetur</strong></span> <span class='ocrx_word' id='word_1_252' title='bbox 947 2343 1343 2396; x_wconf 89' lang='lat' dir='ltr'><strong>communione.</strong></span> <span class='ocrx_word' id='word_1_253' title='bbox 1379 2339 1433 2394; x_wconf 90' lang='lat' dir='ltr'><strong>Si</strong></span> <span class='ocrx_word' id='word_1_254' title='bbox 1464 2340 1516 2392; x_wconf 88' lang='lat' dir='ltr'><strong>itt</strong></span> <span class='ocrx_word' id='word_1_255' title='bbox 1567 2336 1863 2392; x_wconf 85' lang='lat' dir='ltr'><strong>matriculis</strong></span> <span class='ocrx_word' id='word_1_256' title='bbox 1891 2350 1984 2387; x_wconf 89' lang='lat' dir='ltr'><strong>seu</strong></span> <span class='ocrx_word' id='word_1_257' title='bbox 2038 2334 2091 2385; x_wconf 90' lang='lat' dir='ltr'><strong>in</strong></span> 
     </span>
    </p>
   </div>
   <div class='ocr_carea' id='block_1_40' title="bbox 623 2421 2092 2498">
    <p class='ocr_par' dir='ltr' id='par_1_40' title="bbox 623 2421 2092 2498">
     <span class='ocr_line' id='line_1_40' title="bbox 623 2421 2092 2498; baseline -0.009 -13"><span class='ocrx_word' id='word_1_258' title='bbox 623 2450 643 2484; x_wconf 86' lang='grc' dir='ltr'><strong>ι</strong></span> <span class='ocrx_word' id='word_1_259' title='bbox 677 2429 944 2485; x_wconf 85' lang='lat' dir='ltr'><strong>cathedris</strong></span> <span class='ocrx_word' id='word_1_260' title='bbox 973 2429 1260 2498; x_wconf 82' lang='lat' dir='ltr'><strong>episcOpus</strong></span> <span class='ocrx_word' id='word_1_261' title='bbox 1307 2427 1577 2496; x_wconf 75' lang='lat' dir='ltr'><strong>negligens</strong></span> <span class='ocrx_word' id='word_1_262' title='bbox 1628 2423 1788 2477; x_wconf 82' lang='lat' dir='ltr'><strong>fuerit</strong></span> <span class='ocrx_word' id='word_1_263' title='bbox 1837 2421 2092 2474; x_wconf 81' lang='lat' dir='ltr'><strong>adversus</strong></span> 
     </span>
    </p>
   </div>
   <div class='ocr_carea' id='block_1_41' title="bbox 624 2509 2094 2584">
    <p class='ocr_par' dir='ltr' id='par_1_41' title="bbox 624 2509 2094 2584">
     <span class='ocr_line' id='line_1_41' title="bbox 624 2509 2094 2584; baseline -0.01 -9"><span class='ocrx_word' id='word_1_264' title='bbox 624 2539 643 2574; x_wconf 90' lang='grc' dir='ltr'><strong>ι</strong></span> <span class='ocrx_word' id='word_1_265' title='bbox 681 2519 985 2584; x_wconf 71' lang='lat' dir='ltr'><strong>haereticos,</strong></span> <span class='ocrx_word' id='word_1_266' title='bbox 1045 2520 1451 2571; x_wconf 84' lang='lat' dir='ltr'><strong>admoneatura</strong></span> <span class='ocrx_word' id='word_1_267' title='bbox 1505 2513 1696 2567; x_wconf 79' lang='lat' dir='ltr'><strong>vicinis</strong></span> <span class='ocrx_word' id='word_1_268' title='bbox 1753 2509 2094 2580; x_wconf 72' lang='lat' dir='ltr'><strong>diligentibus</strong></span> 
     </span>
    </p>
   </div>
   <div class='ocr_carea' id='block_1_42' title="bbox 625 2594 2092 2675">
    <p class='ocr_par' dir='ltr' id='par_1_42' title="bbox 625 2594 2092 2675">
     <span class='ocr_line' id='line_1_42' title="bbox 625 2594 2092 2675; baseline -0.011 -13"><span class='ocrx_word' id='word_1_269' title='bbox 625 2625 648 2662; x_wconf 83' lang='grc' dir='ltr'><strong>ι</strong></span> <span class='ocrx_word' id='word_1_270' title='bbox 683 2606 988 2675; x_wconf 85' lang='lat' dir='ltr'><strong>episcopis:</strong></span> <span class='ocrx_word' id='word_1_271' title='bbox 1020 2612 1074 2657; x_wconf 91' lang='lat' dir='ltr'><strong>et</strong></span> <span class='ocrx_word' id='word_1_272' title='bbox 1120 2603 1167 2658; x_wconf 91' lang='lat' dir='ltr'><strong>ei</strong></span> <span class='ocrx_word' id='word_1_273' title='bbox 1212 2602 1425 2670; x_wconf 89' lang='lat' dir='ltr'><strong>propria</strong></span> <span class='ocrx_word' id='word_1_274' title='bbox 1479 2600 1792 2655; x_wconf 87' lang='lat' dir='ltr'><strong>ostendatur</strong></span> <span class='ocrx_word' id='word_1_275' title='bbox 1823 2594 2092 2665; x_wconf 85' lang='lat' dir='ltr'><strong>negligen-</strong></span> 
     </span>
    </p>
   </div>
   <div class='ocr_carea' id='block_1_43' title="bbox 617 2685 2092 2761">
    <p class='ocr_par' dir='ltr' id='par_1_43' title="bbox 617 2685 2092 2761">
     <span class='ocr_line' id='line_1_43' title="bbox 617 2685 2092 2761; baseline -0.01 -11"><span class='ocrx_word' id='word_1_276' title='bbox 617 2716 644 2750; x_wconf 61' lang='grc' dir='ltr'><strong>τ</strong></span> <span class='ocrx_word' id='word_1_277' title='bbox 684 2699 780 2761; x_wconf 84' lang='lat' dir='ltr'><strong>tia,</strong></span> <span class='ocrx_word' id='word_1_278' title='bbox 814 2697 880 2750; x_wconf 87' lang='lat' dir='ltr'><strong>ad</strong></span> <span class='ocrx_word' id='word_1_279' title='bbox 937 2695 1036 2749; x_wconf 90' lang='lat' dir='ltr'><strong>hoc</strong></span> <span class='ocrx_word' id='word_1_280' title='bbox 1060 2708 1126 2748; x_wconf 91' lang='lat' dir='ltr'><strong>ne</strong></span> <span class='ocrx_word' id='word_1_281' title='bbox 1148 2691 1548 2746; x_wconf 77' lang='lat' dir='ltr'><strong>excusationem</strong></span> <span class='ocrx_word' id='word_1_282' title='bbox 1584 2687 1801 2742; x_wconf 86' lang='lat' dir='ltr'><strong>habeat.</strong></span> <span class='ocrx_word' id='word_1_283' title='bbox 1832 2685 1888 2739; x_wconf 89' lang='lat' dir='ltr'><strong>Si</strong></span> <span class='ocrx_word' id='word_1_284' title='bbox 1915 2693 2092 2737; x_wconf 90' lang='lat' dir='ltr'><strong>autem</strong></span> 
     </span>
    </p>
   </div>
   <div class='ocr_carea' id='block_1_44' title="bbox 627 2779 2096 2856">
    <p class='ocr_par' dir='ltr' id='par_1_44' title="bbox 627 2779 2096 2856">
     <span class='ocr_line' id='line_1_44' title="bbox 627 2779 2096 2856; baseline -0.008 -16"><span class='ocrx_word' id='word_1_285' title='bbox 627 2805 649 2840; x_wconf 75' lang='grc' dir='ltr'><strong>ι</strong></span> <span class='ocrx_word' id='word_1_286' title='bbox 689 2801 720 2842; x_wconf 92' lang='lat' dir='ltr'><strong>a</strong></span> <span class='ocrx_word' id='word_1_287' title='bbox 755 2800 862 2856; x_wconf 80' lang='lat' dir='ltr'><strong>quo</strong></span> <span class='ocrx_word' id='word_1_288' title='bbox 887 2783 1345 2840; x_wconf 84' lang='lat' dir='ltr'><strong>diecommonitus</strong></span> <span class='ocrx_word' id='word_1_289' title='bbox 1377 2779 1724 2846; x_wconf 82' lang='lat' dir='ltr'><strong>fuerit,intra</strong></span> <span class='ocrx_word' id='word_1_290' title='bbox 1756 2792 1850 2833; x_wconf 81' lang='lat' dir='ltr'><strong>sex</strong></span> <span class='ocrx_word' id='word_1_291' title='bbox 1884 2787 2096 2830; x_wconf 90' lang='lat' dir='ltr'><strong>menses</strong></span> 
     </span>
    </p>
   </div>
   <div class='ocr_carea' id='block_1_45' title="bbox 641 2867 2093 2944">
    <p class='ocr_par' dir='ltr' id='par_1_45' title="bbox 641 2867 2093 2944">
     <span class='ocr_line' id='line_1_45' title="bbox 641 2867 2093 2944; baseline -0.008 -13"><span class='ocrx_word' id='word_1_292' title='bbox 641 2897 662 2930; x_wconf 78' lang='grc' dir='ltr'><strong>ι</strong></span> <span class='ocrx_word' id='word_1_293' title='bbox 705 2877 758 2930; x_wconf 92' lang='lat' dir='ltr'><strong>in</strong></span> <span class='ocrx_word' id='word_1_294' title='bbox 785 2875 971 2930; x_wconf 79' lang='lat' dir='ltr'><strong>eadem</strong></span> <span class='ocrx_word' id='word_1_295' title='bbox 1006 2873 1279 2944; x_wconf 77' lang='lat' dir='ltr'><strong>provincia</strong></span> <span class='ocrx_word' id='word_1_296' title='bbox 1317 2873 1517 2941; x_wconf 86' lang='lat' dir='ltr'><strong>degens</strong></span> <span class='ocrx_word' id='word_1_297' title='bbox 1543 2911 1558 2938; x_wconf 87' lang='lat'><strong>,</strong></span> <span class='ocrx_word' id='word_1_298' title='bbox 1611 2885 1718 2924; x_wconf 92' lang='lat' dir='ltr'><strong>non</strong></span> <span class='ocrx_word' id='word_1_299' title='bbox 1765 2884 1970 2930; x_wconf 89' lang='lat' dir='ltr'><strong>eorum,</strong></span> <span class='ocrx_word' id='word_1_300' title='bbox 2001 2867 2093 2935; x_wconf 84' lang='lat' dir='ltr'><strong>qui</strong></span> 
     </span>
    </p>
   </div>
   <div class='ocr_carea' id='block_1_46' title="bbox 632 2957 2089 3022">
    <p class='ocr_par' dir='ltr' id='par_1_46' title="bbox 632 2957 2089 3022">
     <span class='ocr_line' id='line_1_46' title="bbox 632 2957 2089 3022; baseline -0.008 -4"><span class='ocrx_word' id='word_1_301' title='bbox 632 2985 658 3018; x_wconf 70' lang='grc' dir='ltr'><strong>τ</strong></span> <span class='ocrx_word' id='word_1_302' title='bbox 694 2963 888 3020; x_wconf 90' lang='lat' dir='ltr'><strong>debent</strong></span> <span class='ocrx_word' id='word_1_303' title='bbox 913 2963 978 3017; x_wconf 90' lang='lat' dir='ltr'><strong>ad</strong></span> <span class='ocrx_word' id='word_1_304' title='bbox 1003 2961 1319 3017; x_wconf 79' lang='lat' dir='ltr'><strong>catholicam</strong></span> <span class='ocrx_word' id='word_1_305' title='bbox 1352 2959 1604 3014; x_wconf 86' lang='lat' dir='ltr'><strong>unionem</strong></span> <span class='ocrx_word' id='word_1_306' title='bbox 1625 2957 1887 3022; x_wconf 76' lang='lat' dir='ltr'><strong>converti,</strong></span> <span class='ocrx_word' id='word_1_307' title='bbox 1906 2969 2089 3010; x_wconf 80' lang='lat' dir='ltr'><strong>curata</strong></span> 
     </span>
    </p>
   </div>
   <div class='ocr_carea' id='block_1_47' title="bbox 635 3047 2089 3129">
    <p class='ocr_par' dir='ltr' id='par_1_47' title="bbox 635 3047 2089 3129">
     <span class='ocr_line' id='line_1_47' title="bbox 635 3047 2089 3129; baseline -0.009 -17"><span class='ocrx_word' id='word_1_308' title='bbox 635 3077 655 3111; x_wconf 86' lang='grc' dir='ltr'><strong>ι</strong></span> <span class='ocrx_word' id='word_1_309' title='bbox 680 3056 900 3129; x_wconf 88' lang='lat' dir='ltr'><strong>gesserit</strong></span> <span class='ocrx_word' id='word_1_310' title='bbox 927 3071 942 3109; x_wconf 91' lang='lat'><strong>:</strong></span> <span class='ocrx_word' id='word_1_311' title='bbox 965 3069 1084 3108; x_wconf 90' lang='lat' dir='ltr'><strong>cum</strong></span> <span class='ocrx_word' id='word_1_312' title='bbox 1103 3066 1172 3107; x_wconf 86' lang='lat' dir='ltr'><strong>eo</strong></span> <span class='ocrx_word' id='word_1_313' title='bbox 1195 3066 1304 3106; x_wconf 90' lang='lat' dir='ltr'><strong>non</strong></span> <span class='ocrx_word' id='word_1_314' title='bbox 1353 3050 1798 3112; x_wconf 87' lang='lat' dir='ltr'><strong>oommunicetur,</strong></span> <span class='ocrx_word' id='word_1_315' title='bbox 1832 3047 2002 3102; x_wconf 91' lang='lat' dir='ltr'><strong>donec</strong></span> <span class='ocrx_word' id='word_1_316' title='bbox 2036 3047 2089 3100; x_wconf 90' lang='lat' dir='ltr'><strong>id</strong></span> 
     </span>
    </p>
   </div>
   <div class='ocr_carea' id='block_1_48' title="bbox 631 3138 2091 3216">
    <p class='ocr_par' dir='ltr' id='par_1_48' title="bbox 631 3138 2091 3216">
     <span class='ocr_line' id='line_1_48' title="bbox 631 3138 2091 3216; baseline -0.007 -16"><span class='ocrx_word' id='word_1_317' title='bbox 631 3168 654 3200; x_wconf 67' lang='grc' dir='ltr'><strong>ι</strong></span> <span class='ocrx_word' id='word_1_318' title='bbox 697 3146 1017 3216; x_wconf 79' lang='lat' dir='ltr'><strong>impleverit.</strong></span> <span class='ocrx_word' id='word_1_319' title='bbox 1049 3144 1108 3198; x_wconf 87' lang='lat' dir='ltr'><strong>Si</strong></span> <span class='ocrx_word' id='word_1_320' title='bbox 1135 3151 1310 3197; x_wconf 87' lang='lat' dir='ltr'><strong>autem</strong></span> <span class='ocrx_word' id='word_1_321' title='bbox 1339 3150 1622 3195; x_wconf 75' lang='lat' dir='ltr'><strong>exsecutor</strong></span> <span class='ocrx_word' id='word_1_322' title='bbox 1644 3139 1697 3192; x_wconf 88' lang='lat' dir='ltr'><strong>in</strong></span> <span class='ocrx_word' id='word_1_323' title='bbox 1725 3140 1790 3195; x_wconf 85' lang='lat' dir='ltr'><strong>iis</strong></span> <span class='ocrx_word' id='word_1_324' title='bbox 1821 3138 1954 3193; x_wconf 92' lang='lat' dir='ltr'><strong>locis</strong></span> <span class='ocrx_word' id='word_1_325' title='bbox 1985 3151 2091 3191; x_wconf 79' lang='lat' dir='ltr'><strong>nos</strong></span> 
     </span>
    </p>
   </div>
   <div class='ocr_carea' id='block_1_49' title="bbox 636 3230 1739 3307">
    <p class='ocr_par' dir='ltr' id='par_1_49' title="bbox 636 3230 1739 3307">
     <span class='ocr_line' id='line_1_49' title="bbox 636 3230 1739 3307; baseline -0.01 -14"><span class='ocrx_word' id='word_1_326' title='bbox 636 3258 654 3292; x_wconf 82' lang='grc' dir='ltr'><strong>ι</strong></span> <span class='ocrx_word' id='word_1_327' title='bbox 691 3237 942 3303; x_wconf 79' lang='lat' dir='ltr'><strong>adfuerit,</strong></span> <span class='ocrx_word' id='word_1_328' title='bbox 975 3237 1223 3307; x_wconf 73' lang='lat' dir='ltr'><strong>episcqpo</strong></span> <span class='ocrx_word' id='word_1_329' title='bbox 1249 3248 1314 3288; x_wconf 85' lang='lat' dir='ltr'><strong>ne</strong></span> <span class='ocrx_word' id='word_1_330' title='bbox 1348 3230 1739 3289; x_wconf 57' lang='lat' dir='ltr'><strong>adscribaturu</strong></span> 
     </span>
    </p>
   </div>
   <div class='ocr_carea' id='block_1_50' title="bbox 613 3494 2094 3566">
    <p class='ocr_par' dir='ltr' id='par_1_50' title="bbox 613 3494 2094 3566">
     <span class='ocr_line' id='line_1_50' title="bbox 613 3494 2094 3566; baseline -0.009 -8"><span class='ocrx_word' id='word_1_331' title='bbox 613 3503 802 3559; x_wconf 79' lang='lat' dir='ltr'><strong>BALS.</strong></span> <span class='ocrx_word' id='word_1_332' title='bbox 838 3504 896 3558; x_wconf 89' lang='lat' dir='ltr'><strong>In</strong></span> <span class='ocrx_word' id='word_1_333' title='bbox 925 3513 1127 3559; x_wconf 85' lang='lat' dir='ltr'><strong>canone</strong></span> <span class='ocrx_word' id='word_1_334' title='bbox 1160 3499 1255 3554; x_wconf 72' lang='lat'><strong>12!</strong></span> <span class='ocrx_word' id='word_1_335' title='bbox 1320 3499 1453 3554; x_wconf 89' lang='lat' dir='ltr'><strong>satis</strong></span> <span class='ocrx_word' id='word_1_336' title='bbox 1503 3497 1816 3566; x_wconf 83' lang='lat' dir='ltr'><strong>scripsimus</strong></span> <span class='ocrx_word' id='word_1_337' title='bbox 1861 3495 1926 3550; x_wconf 90' lang='lat' dir='ltr'><strong>de</strong></span> <span class='ocrx_word' id='word_1_338' title='bbox 1979 3494 2094 3563; x_wconf 82' lang='lat' dir='ltr'><strong>epi-</strong></span> 
     </span>
    </p>
   </div>
   <div class='ocr_carea' id='block_1_51' title="bbox 549 3588 2092 3665">
    <p class='ocr_par' dir='ltr' id='par_1_51' title="bbox 549 3588 2092 3665">
     <span class='ocr_line' id='line_1_51' title="bbox 549 3588 2092 3665; baseline -0.008 -14"><span class='ocrx_word' id='word_1_339' title='bbox 549 3600 725 3665; x_wconf 83' lang='lat' dir='ltr'><strong>scopis</strong></span> <span class='ocrx_word' id='word_1_340' title='bbox 772 3595 859 3664; x_wconf 88' lang='lat' dir='ltr'><strong>qui</strong></span> <span class='ocrx_word' id='word_1_341' title='bbox 913 3594 1108 3648; x_wconf 90' lang='lat' dir='ltr'><strong>nullam</strong></span> <span class='ocrx_word' id='word_1_342' title='bbox 1141 3605 1323 3645; x_wconf 89' lang='lat' dir='ltr'><strong>curam</strong></span> <span class='ocrx_word' id='word_1_343' title='bbox 1366 3596 1555 3660; x_wconf 80' lang='lat' dir='ltr'><strong>gemat</strong></span> <span class='ocrx_word' id='word_1_344' title='bbox 1584 3588 1938 3642; x_wconf 88' lang='lat' dir='ltr'><strong>docendorum</strong></span> <span class='ocrx_word' id='word_1_345' title='bbox 1964 3600 2092 3640; x_wconf 88' lang='lat' dir='ltr'><strong>suo-</strong></span> 
     </span>
    </p>
   </div>
   <div class='ocr_carea' id='block_1_52' title="bbox 546 3680 2092 3754">
    <p class='ocr_par' dir='ltr' id='par_1_52' title="bbox 546 3680 2092 3754">
     <span class='ocr_line' id='line_1_52' title="bbox 546 3680 2092 3754; baseline -0.008 -14"><span class='ocrx_word' id='word_1_346' title='bbox 546 3701 666 3740; x_wconf 78' lang='lat' dir='ltr'><strong>rum</strong></span> <span class='ocrx_word' id='word_1_347' title='bbox 695 3687 1012 3754; x_wconf 88' lang='lat' dir='ltr'><strong>populorum</strong></span> <span class='ocrx_word' id='word_1_348' title='bbox 1049 3698 1065 3738; x_wconf 86' lang='lat'><strong>:</strong></span> <span class='ocrx_word' id='word_1_349' title='bbox 1099 3682 1164 3734; x_wconf 88' lang='lat' dir='ltr'><strong>de</strong></span> <span class='ocrx_word' id='word_1_350' title='bbox 1189 3680 1379 3748; x_wconf 86' lang='lat' dir='ltr'><strong>quibus</strong></span> <span class='ocrx_word' id='word_1_351' title='bbox 1407 3692 1642 3746; x_wconf 76' lang='lat' dir='ltr'><strong>przesens</strong></span> <span class='ocrx_word' id='word_1_352' title='bbox 1682 3691 1891 3744; x_wconf 88' lang='lat' dir='ltr'><strong>quoque</strong></span> <span class='ocrx_word' id='word_1_353' title='bbox 1921 3690 2092 3729; x_wconf 83' lang='lat' dir='ltr'><strong>canon</strong></span> 
     </span>
    </p>
   </div>
   <div class='ocr_carea' id='block_1_53' title="bbox 543 3764 2092 3840">
    <p class='ocr_par' dir='ltr' id='par_1_53' title="bbox 543 3764 2092 3840">
     <span class='ocr_line' id='line_1_53' title="bbox 543 3764 2092 3840; baseline -0.006 -12"><span class='ocrx_word' id='word_1_354' title='bbox 543 3777 692 3837; x_wconf 80' lang='lat' dir='ltr'><strong>dicit,</strong></span> <span class='ocrx_word' id='word_1_355' title='bbox 752 3772 1020 3840; x_wconf 84' lang='lat' dir='ltr'><strong>adjiciens</strong></span> <span class='ocrx_word' id='word_1_356' title='bbox 1081 3775 1474 3835; x_wconf 86' lang='lat' dir='ltr'><strong>consequenter</strong></span> <span class='ocrx_word' id='word_1_357' title='bbox 1525 3767 1721 3820; x_wconf 89' lang='lat' dir='ltr'><strong>canoni</strong></span> <span class='ocrx_word' id='word_1_358' title='bbox 1776 3764 2092 3834; x_wconf 91' lang='lat' dir='ltr'><strong>apostolico,</strong></span> 
     </span>
    </p>
   </div>
   <div class='ocr_carea' id='block_1_54' title="bbox 542 3857 2094 3926">
    <p class='ocr_par' dir='ltr' id='par_1_54' title="bbox 542 3857 2094 3926">
     <span class='ocr_line' id='line_1_54' title="bbox 542 3857 2094 3926; baseline -0.006 -10"><span class='ocrx_word' id='word_1_359' title='bbox 542 3860 1078 3917; x_wconf 75' lang='lat' dir='ltr'><strong>excommunicationi</strong></span> <span class='ocrx_word' id='word_1_360' title='bbox 1135 3857 1327 3926; x_wconf 87' lang='lat' dir='ltr'><strong>subjici</strong></span> <span class='ocrx_word' id='word_1_361' title='bbox 1377 3871 1474 3910; x_wconf 88' lang='lat' dir='ltr'><strong>eos</strong></span> <span class='ocrx_word' id='word_1_362' title='bbox 1515 3857 1603 3924; x_wconf 86' lang='lat' dir='ltr'><strong>qui</strong></span> <span class='ocrx_word' id='word_1_363' title='bbox 1656 3867 1774 3926; x_wconf 89' lang='lat' dir='ltr'><strong>post</strong></span> <span class='ocrx_word' id='word_1_364' title='bbox 1813 3857 2094 3910; x_wconf 88' lang='lat' dir='ltr'><strong>denuntia-</strong></span> 
     </span>
    </p>
   </div>
   <div class='ocr_carea' id='block_1_55' title="bbox 548 3944 2090 4014">
    <p class='ocr_par' dir='ltr' id='par_1_55' title="bbox 548 3944 2090 4014">
     <span class='ocr_line' id='line_1_55' title="bbox 548 3944 2090 4014; baseline -0.006 -10"><span class='ocrx_word' id='word_1_365' title='bbox 548 3956 746 4004; x_wconf 85' lang='lat' dir='ltr'><strong>tionem</strong></span> <span class='ocrx_word' id='word_1_366' title='bbox 783 3949 904 4003; x_wconf 89' lang='lat' dir='ltr'><strong>illos</strong></span> <span class='ocrx_word' id='word_1_367' title='bbox 928 3950 1119 4001; x_wconf 86' lang='lat' dir='ltr'><strong>docere</strong></span> <span class='ocrx_word' id='word_1_368' title='bbox 1139 3945 1438 4014; x_wconf 87' lang='lat' dir='ltr'><strong>negligunt,</strong></span> <span class='ocrx_word' id='word_1_369' title='bbox 1473 3945 1562 4012; x_wconf 91' lang='lat' dir='ltr'><strong>qui</strong></span> <span class='ocrx_word' id='word_1_370' title='bbox 1589 3945 1642 3996; x_wconf 90' lang='lat' dir='ltr'><strong>in</strong></span> <span class='ocrx_word' id='word_1_371' title='bbox 1670 3944 1967 3997; x_wconf 87' lang='lat' dir='ltr'><strong>matriculis</strong></span> <span class='ocrx_word' id='word_1_372' title='bbox 1996 3957 2090 3997; x_wconf 87' lang='lat' dir='ltr'><strong>seu</strong></span> 
     </span>
    </p>
   </div>
   <div class='ocr_carea' id='block_1_56' title="bbox 545 4031 2089 4098">
    <p class='ocr_par' dir='ltr' id='par_1_56' title="bbox 545 4031 2089 4098">
     <span class='ocr_line' id='line_1_56' title="bbox 545 4031 2089 4098; baseline -0.005 -6"><span class='ocrx_word' id='word_1_373' title='bbox 545 4041 684 4092; x_wconf 79' lang='lat' dir='ltr'><strong>inter</strong></span> <span class='ocrx_word' id='word_1_374' title='bbox 741 4037 1117 4092; x_wconf 74' lang='lat' dir='ltr'><strong>catltedrarunt</strong></span> <span class='ocrx_word' id='word_1_375' title='bbox 1173 4047 1392 4088; x_wconf 89' lang='lat' dir='ltr'><strong>suarum</strong></span> <span class='ocrx_word' id='word_1_376' title='bbox 1446 4043 1537 4087; x_wconf 85' lang='lat' dir='ltr'><strong>aut</strong></span> <span class='ocrx_word' id='word_1_377' title='bbox 1581 4031 1928 4088; x_wconf 86' lang='lat' dir='ltr'><strong>ecclesiarum</strong></span> <span class='ocrx_word' id='word_1_378' title='bbox 1969 4031 2089 4098; x_wconf 85' lang='lat' dir='ltr'><strong>jura</strong></span> 
     </span>
    </p>
   </div>
   <div class='ocr_carea' id='block_1_57' title="bbox 542 4121 2089 4190">
    <p class='ocr_par' dir='ltr' id='par_1_57' title="bbox 542 4121 2089 4190">
     <span class='ocr_line' id='line_1_57' title="bbox 542 4121 2089 4190; baseline -0.005 -7"><span class='ocrx_word' id='word_1_379' title='bbox 542 4139 686 4190; x_wconf 88' lang='lat' dir='ltr'><strong>sunt,</strong></span> <span class='ocrx_word' id='word_1_380' title='bbox 751 4126 1052 4179; x_wconf 66' lang='lat' dir='ltr'><strong>haereticos.</strong></span> <span class='ocrx_word' id='word_1_381' title='bbox 1108 4124 1163 4177; x_wconf 83' lang='lat' dir='ltr'><strong>Si</strong></span> <span class='ocrx_word' id='word_1_382' title='bbox 1205 4134 1382 4176; x_wconf 89' lang='lat' dir='ltr'><strong>autem</strong></span> <span class='ocrx_word' id='word_1_383' title='bbox 1436 4131 1738 4185; x_wconf 76' lang='lat' dir='ltr'><strong>exsecutor,</strong></span> <span class='ocrx_word' id='word_1_384' title='bbox 1799 4121 1990 4189; x_wconf 91' lang='lat' dir='ltr'><strong>inquit,</strong></span> <span class='ocrx_word' id='word_1_385' title='bbox 2023 4123 2089 4175; x_wconf 89' lang='lat' dir='ltr'><strong>ab</strong></span> 
     </span>
    </p>
   </div>
   <div class='ocr_carea' id='block_1_58' title="bbox 542 4211 2088 4287">
    <p class='ocr_par' dir='ltr' id='par_1_58' title="bbox 542 4211 2088 4287">
     <span class='ocr_line' id='line_1_58' title="bbox 542 4211 2088 4287; baseline -0.005 -16"><span class='ocrx_word' id='word_1_386' title='bbox 542 4219 791 4287; x_wconf 88' lang='lat' dir='ltr'><strong>episcopo</strong></span> <span class='ocrx_word' id='word_1_387' title='bbox 820 4215 1146 4277; x_wconf 89' lang='lat' dir='ltr'><strong>admonitus,</strong></span> <span class='ocrx_word' id='word_1_388' title='bbox 1177 4223 1232 4266; x_wconf 93' lang='lat' dir='ltr'><strong>ut</strong></span> <span class='ocrx_word' id='word_1_389' title='bbox 1262 4211 1326 4265; x_wconf 86' lang='lat' dir='ltr'><strong>ad</strong></span> <span class='ocrx_word' id='word_1_390' title='bbox 1360 4212 1531 4265; x_wconf 92' lang='lat' dir='ltr'><strong>locum</strong></span> <span class='ocrx_word' id='word_1_391' title='bbox 1561 4212 1862 4275; x_wconf 87' lang='lat' dir='ltr'><strong>accederet,</strong></span> <span class='ocrx_word' id='word_1_392' title='bbox 1890 4220 1943 4265; x_wconf 81' lang='lat' dir='ltr'><strong>et</strong></span> <span class='ocrx_word' id='word_1_393' title='bbox 1974 4212 2088 4264; x_wconf 69' lang='lat' dir='ltr'><strong>ba:-</strong></span> 
     </span>
    </p>
   </div>
   <div class='ocr_carea' id='block_1_59' title="bbox 545 4300 2090 4368">
    <p class='ocr_par' dir='ltr' id='par_1_59' title="bbox 545 4300 2090 4368">
     <span class='ocr_line' id='line_1_59' title="bbox 545 4300 2090 4368; baseline -0.005 -9"><span class='ocrx_word' id='word_1_394' title='bbox 545 4307 738 4360; x_wconf 74' lang='lat' dir='ltr'><strong>rcticos</strong></span> <span class='ocrx_word' id='word_1_395' title='bbox 769 4314 1002 4366; x_wconf 81' lang='lat' dir='ltr'><strong>voearet,</strong></span> <span class='ocrx_word' id='word_1_396' title='bbox 1059 4303 1160 4356; x_wconf 92' lang='lat' dir='ltr'><strong>hoc</strong></span> <span class='ocrx_word' id='word_1_397' title='bbox 1191 4317 1296 4355; x_wconf 89' lang='lat' dir='ltr'><strong>non</strong></span> <span class='ocrx_word' id='word_1_398' title='bbox 1351 4300 1576 4365; x_wconf 81' lang='lat' dir='ltr'><strong>fecerit,</strong></span> <span class='ocrx_word' id='word_1_399' title='bbox 1615 4301 1786 4368; x_wconf 65' lang='lat' dir='ltr'><strong>culpae</strong></span> <span class='ocrx_word' id='word_1_400' title='bbox 1824 4317 1926 4354; x_wconf 90' lang='lat' dir='ltr'><strong>non</strong></span> <span class='ocrx_word' id='word_1_401' title='bbox 1987 4301 2090 4353; x_wconf 91' lang='lat' dir='ltr'><strong>erit</strong></span> 
     </span>
    </p>
   </div>
   <div class='ocr_carea' id='block_1_60' title="bbox 543 4391 2092 4464">
    <p class='ocr_par' dir='ltr' id='par_1_60' title="bbox 543 4391 2092 4464">
     <span class='ocr_line' id='line_1_60' title="bbox 543 4391 2092 4464; baseline -0.004 -14"><span class='ocrx_word' id='word_1_402' title='bbox 543 4396 717 4450; x_wconf 74' lang='lat' dir='ltr'><strong>afﬁnis</strong></span> <span class='ocrx_word' id='word_1_403' title='bbox 740 4395 1039 4464; x_wconf 89' lang='lat' dir='ltr'><strong>episcopus.</strong></span> <span class='ocrx_word' id='word_1_404' title='bbox 1075 4393 1167 4446; x_wconf 87' lang='lat' dir='ltr'><strong>Est</strong></span> <span class='ocrx_word' id='word_1_405' title='bbox 1196 4393 1337 4446; x_wconf 90' lang='lat' dir='ltr'><strong>enim</strong></span> <span class='ocrx_word' id='word_1_406' title='bbox 1368 4392 1469 4444; x_wconf 83' lang='lat' dir='ltr'><strong>hoc</strong></span> <span class='ocrx_word' id='word_1_407' title='bbox 1496 4405 1710 4459; x_wconf 90' lang='lat' dir='ltr'><strong>quoque</strong></span> <span class='ocrx_word' id='word_1_408' title='bbox 1756 4391 2092 4444; x_wconf 87' lang='lat' dir='ltr'><strong>rationabilis</strong></span> 
     </span>
    </p>
   </div>
   <div class='ocr_carea' id='block_1_61' title="bbox 2192 1979 3761 2051">
    <p class='ocr_par' dir='ltr' id='par_1_61' title="bbox 2192 1979 3761 2051">
     <span class='ocr_line' id='line_1_61' title="bbox 2192 1979 3761 2051; baseline -0.001 -19"><span class='ocrx_word' id='word_1_409' title='bbox 2192 1997 2302 2043; x_wconf 88' lang='grc' dir='ltr'>νον,</span> <span class='ocrx_word' id='word_1_410' title='bbox 2334 1981 2577 2033; x_wconf 83' lang='grc' dir='ltr'>ἀλλάκαὶ</span> <span class='ocrx_word' id='word_1_411' title='bbox 2607 1982 2661 2032; x_wconf 90' lang='grc' dir='ltr'><strong>ἐν</strong></span> <span class='ocrx_word' id='word_1_412' title='bbox 2695 1982 2898 2051; x_wconf 77' lang='grc' dir='ltr'>ἑτέροις</span> <span class='ocrx_word' id='word_1_413' title='bbox 2929 1982 3113 2034; x_wconf 82' lang='grc' dir='ltr'>κανόσι</span> <span class='ocrx_word' id='word_1_414' title='bbox 3147 1985 3243 2051; x_wconf 74' lang='grc' dir='ltr'>τῆς</span> <span class='ocrx_word' id='word_1_415' title='bbox 3289 1980 3564 2050; x_wconf 72' lang='grc' dir='ltr'>παρούσης</span> <span class='ocrx_word' id='word_1_416' title='bbox 3594 1979 3761 2032; x_wconf 79' lang='grc' dir='ltr'>συνό-</span> 
     </span>
    </p>
   </div>
   <div class='ocr_carea' id='block_1_62' title="bbox 2190 2071 2542 2141">
    <p class='ocr_par' dir='ltr' id='par_1_62' title="bbox 2190 2071 2542 2141">
     <span class='ocr_line' id='line_1_62' title="bbox 2190 2071 2542 2141; baseline 0.003 -16"><span class='ocrx_word' id='word_1_417' title='bbox 2190 2073 2282 2125; x_wconf 91' lang='grc' dir='ltr'><strong>δου</strong></span> <span class='ocrx_word' id='word_1_418' title='bbox 2309 2071 2542 2141; x_wconf 82' lang='grc' dir='ltr'>ὡρίσθη.</span> 
     </span>
    </p>
   </div>
   <div class='ocr_carea' id='block_1_63' title="bbox 2730 2163 3158 2220">
    <p class='ocr_par' dir='ltr' id='par_1_63' title="bbox 2730 2163 3158 2220">
     <span class='ocr_line' id='line_1_63' title="bbox 2730 2163 3158 2220; baseline 0 0"><span class='ocrx_word' id='word_1_419' title='bbox 2730 2164 2963 2220; x_wconf 79' lang='lat' dir='ltr'><strong>KANQN</strong></span> <span class='ocrx_word' id='word_1_420' title='bbox 2991 2163 3158 2220; x_wconf 74' lang='lat' dir='ltr'><strong>PKA&#39;.</strong></span> 
     </span>
    </p>
   </div>
   <div class='ocr_carea' id='block_1_64' title="bbox 2198 2252 3760 2324">
    <p class='ocr_par' dir='ltr' id='par_1_64' title="bbox 2198 2252 3760 2324">
     <span class='ocr_line' id='line_1_64' title="bbox 2198 2252 3760 2324; baseline 0.001 -19"><span class='ocrx_word' id='word_1_421' title='bbox 2198 2266 2220 2305; x_wconf 76' lang='grc' dir='ltr'><strong>ι</strong></span> <span class='ocrx_word' id='word_1_422' title='bbox 2258 2252 2419 2306; x_wconf 81' lang='grc' dir='ltr'>Ὥστε</span> <span class='ocrx_word' id='word_1_423' title='bbox 2457 2255 2548 2306; x_wconf 87' lang='grc' dir='ltr'><strong>τδν</strong></span> <span class='ocrx_word' id='word_1_424' title='bbox 2616 2255 3060 2324; x_wconf 85' lang='grc' dir='ltr'>καταφρονοῦντα</span> <span class='ocrx_word' id='word_1_425' title='bbox 3113 2258 3209 2323; x_wconf 74' lang='grc' dir='ltr'>τῆς</span> <span class='ocrx_word' id='word_1_426' title='bbox 3263 2255 3398 2317; x_wconf 75' lang='grc' dir='ltr'>ίδῖας</span> <span class='ocrx_word' id='word_1_427' title='bbox 3431 2255 3760 2324; x_wconf 77' lang='grc' dir='ltr'>διοικήσεως</span> 
     </span>
    </p>
   </div>
   <div class='ocr_carea' id='block_1_65' title="bbox 2272 2343 3755 2415">
    <p class='ocr_par' dir='ltr' id='par_1_65' title="bbox 2272 2343 3755 2415">
     <span class='ocr_line' id='line_1_65' title="bbox 2272 2343 3755 2415; baseline 0 -21"><span class='ocrx_word' id='word_1_428' title='bbox 2272 2359 2291 2394; x_wconf 84' lang='grc' dir='ltr'><strong>ι</strong></span> <span class='ocrx_word' id='word_1_429' title='bbox 2339 2343 2634 2397; x_wconf 89' lang='grc' dir='ltr'>ἐπίσκοπον</span> <span class='ocrx_word' id='word_1_430' title='bbox 2665 2347 2970 2415; x_wconf 78' lang='grc' dir='ltr'>στερεῖσθαι</span> <span class='ocrx_word' id='word_1_431' title='bbox 2996 2345 3095 2414; x_wconf 80' lang='grc' dir='ltr'><strong>τῆς</strong></span> <span class='ocrx_word' id='word_1_432' title='bbox 3148 2345 3458 2407; x_wconf 82' lang='grc' dir='ltr'>κοινωνίας.</span> <span class='ocrx_word' id='word_1_433' title='bbox 3517 2344 3641 2396; x_wconf 80' lang='grc' dir='ltr'>Ἐἀν</span> <span class='ocrx_word' id='word_1_434' title='bbox 3685 2345 3755 2395; x_wconf 82' lang='grc' dir='ltr'><strong>ἐν</strong></span> 
     </span>
    </p>
   </div>
   <div class='ocr_carea' id='block_1_66' title="bbox 2272 2435 3757 2506">
    <p class='ocr_par' dir='ltr' id='par_1_66' title="bbox 2272 2435 3757 2506">
     <span class='ocr_line' id='line_1_66' title="bbox 2272 2435 3757 2506; baseline 0.003 -22"><span class='ocrx_word' id='word_1_435' title='bbox 2272 2451 2288 2484; x_wconf 81' lang='grc' dir='ltr'><strong>ι</strong></span> <span class='ocrx_word' id='word_1_436' title='bbox 2333 2436 2444 2497; x_wconf 79' lang='grc' dir='ltr'>τοῖς</span> <span class='ocrx_word' id='word_1_437' title='bbox 2475 2435 2802 2504; x_wconf 83' lang='grc' dir='ltr'>ματρικίοις,</span> <span class='ocrx_word' id='word_1_438' title='bbox 2838 2437 3006 2506; x_wconf 68' lang='grc' dir='ltr'>ἤγουν</span> <span class='ocrx_word' id='word_1_439' title='bbox 3030 2437 3088 2488; x_wconf 88' lang='grc' dir='ltr'><strong>ἐν</strong></span> <span class='ocrx_word' id='word_1_440' title='bbox 3120 2436 3241 2495; x_wconf 75' lang='grc' dir='ltr'>ταῖς</span> <span class='ocrx_word' id='word_1_441' title='bbox 3278 2435 3596 2505; x_wconf 76' lang='grc' dir='ltr'>καθέδραις,</span> <span class='ocrx_word' id='word_1_442' title='bbox 3631 2436 3757 2488; x_wconf 61' lang='grc' dir='ltr'>ἐπιδ</span> 
     </span>
    </p>
   </div>
   <div class='ocr_carea' id='block_1_67' title="bbox 2269 2525 3756 2596">
    <p class='ocr_par' dir='ltr' id='par_1_67' title="bbox 2269 2525 3756 2596">
     <span class='ocr_line' id='line_1_67' title="bbox 2269 2525 3756 2596; baseline 0.002 -21"><span class='ocrx_word' id='word_1_443' title='bbox 2269 2541 2287 2574; x_wconf 85' lang='grc' dir='ltr'><strong>ι</strong></span> <span class='ocrx_word' id='word_1_444' title='bbox 2332 2541 2532 2587; x_wconf 87' lang='grc' dir='ltr'>σκοπος</span> <span class='ocrx_word' id='word_1_445' title='bbox 2557 2526 2764 2595; x_wconf 75' lang='grc' dir='ltr'>ἀμελὴς</span> <span class='ocrx_word' id='word_1_446' title='bbox 2791 2527 3010 2596; x_wconf 84' lang='grc' dir='ltr'>γένηται</span> <span class='ocrx_word' id='word_1_447' title='bbox 3061 2530 3202 2583; x_wconf 86' lang='grc' dir='ltr'><strong>κατά</strong></span> <span class='ocrx_word' id='word_1_448' title='bbox 3261 2528 3369 2581; x_wconf 83' lang='grc' dir='ltr'><strong>τῶν</strong></span> <span class='ocrx_word' id='word_1_449' title='bbox 3433 2525 3756 2596; x_wconf 83' lang='grc' dir='ltr'>αἱρετικῶν,</span> 
     </span>
    </p>
   </div>
   <div class='ocr_carea' id='block_1_68' title="bbox 2270 2614 3758 2684">
    <p class='ocr_par' dir='ltr' id='par_1_68' title="bbox 2270 2614 3758 2684">
     <span class='ocr_line' id='line_1_68' title="bbox 2270 2614 3758 2684; baseline 0.002 -19"><span class='ocrx_word' id='word_1_450' title='bbox 2270 2630 2288 2664; x_wconf 89' lang='grc' dir='ltr'><strong>ι</strong></span> <span class='ocrx_word' id='word_1_451' title='bbox 2329 2614 2702 2684; x_wconf 84' lang='grc' dir='ltr'>ὑπόμνησθείη</span> <span class='ocrx_word' id='word_1_452' title='bbox 2750 2616 2856 2668; x_wconf 84' lang='grc' dir='ltr'>ἀπὸ</span> <span class='ocrx_word' id='word_1_453' title='bbox 2885 2618 3245 2682; x_wconf 79' lang='grc' dir='ltr'>γειτνιώντων</span> <span class='ocrx_word' id='word_1_454' title='bbox 3291 2619 3603 2670; x_wconf 88' lang='grc' dir='ltr'>ἐπισκόπων</span> <span class='ocrx_word' id='word_1_455' title='bbox 3625 2620 3758 2669; x_wconf 83' lang='grc' dir='ltr'>ἐπι-</span> 
     </span>
    </p>
   </div>
   <div class='ocr_carea' id='block_1_69' title="bbox 2272 2705 3756 2778">
    <p class='ocr_par' dir='ltr' id='par_1_69' title="bbox 2272 2705 3756 2778">
     <span class='ocr_line' id='line_1_69' title="bbox 2272 2705 3756 2778; baseline 0.002 -22"><span class='ocrx_word' id='word_1_456' title='bbox 2272 2722 2289 2756; x_wconf 85' lang='grc' dir='ltr'><strong>ι</strong></span> <span class='ocrx_word' id='word_1_457' title='bbox 2340 2705 2538 2774; x_wconf 86' lang='grc' dir='ltr'>μελῶν,</span> <span class='ocrx_word' id='word_1_458' title='bbox 2567 2708 2663 2758; x_wconf 81' lang='grc' dir='ltr'>καὶ</span> <span class='ocrx_word' id='word_1_459' title='bbox 2699 2708 3042 2778; x_wconf 79' lang='grc' dir='ltr'>ὁποδειχθείη</span> <span class='ocrx_word' id='word_1_460' title='bbox 3075 2709 3227 2778; x_wconf 77' lang='grc' dir='ltr'>αὐτῷ</span> <span class='ocrx_word' id='word_1_461' title='bbox 3259 2711 3292 2777; x_wconf 76' lang='grc' dir='ltr'>ἠ</span> <span class='ocrx_word' id='word_1_462' title='bbox 3350 2711 3455 2763; x_wconf 88' lang='grc' dir='ltr'>ίδία</span> <span class='ocrx_word' id='word_1_463' title='bbox 3482 2708 3756 2778; x_wconf 77' lang='grc' dir='ltr'>περιφρό-</span> 
     </span>
    </p>
   </div>
   <div class='ocr_carea' id='block_1_70' title="bbox 2271 2797 3758 2868">
    <p class='ocr_par' dir='ltr' id='par_1_70' title="bbox 2271 2797 3758 2868">
     <span class='ocr_line' id='line_1_70' title="bbox 2271 2797 3758 2868; baseline 0.003 -22"><span class='ocrx_word' id='word_1_464' title='bbox 2271 2813 2290 2846; x_wconf 82' lang='grc' dir='ltr'><strong>ι</strong></span> <span class='ocrx_word' id='word_1_465' title='bbox 2333 2812 2487 2866; x_wconf 88' lang='grc' dir='ltr'>νησις</span> <span class='ocrx_word' id='word_1_466' title='bbox 2523 2797 2659 2866; x_wconf 84' lang='grc' dir='ltr'>πρὸς</span> <span class='ocrx_word' id='word_1_467' title='bbox 2687 2798 2748 2848; x_wconf 78' lang='grc' dir='ltr'>τὸ</span> <span class='ocrx_word' id='word_1_468' title='bbox 2780 2805 2857 2868; x_wconf 84' lang='grc' dir='ltr'><strong>μη</strong></span> <span class='ocrx_word' id='word_1_469' title='bbox 2896 2798 3037 2867; x_wconf 83' lang='grc' dir='ltr'>ἐχειν</span> <span class='ocrx_word' id='word_1_470' title='bbox 3065 2799 3378 2868; x_wconf 82' lang='grc' dir='ltr'>ἀπολογίαν.</span> <span class='ocrx_word' id='word_1_471' title='bbox 3415 2800 3536 2851; x_wconf 78' lang='grc' dir='ltr'>Ἐὰν</span> <span class='ocrx_word' id='word_1_472' title='bbox 3569 2798 3624 2850; x_wconf 80' lang='grc' dir='ltr'><strong>δέ</strong></span> <span class='ocrx_word' id='word_1_473' title='bbox 3649 2798 3758 2866; x_wconf 76' lang='grc' dir='ltr'><strong>ἀφ’</strong></span> 
     </span>
    </p>
   </div>
   <div class='ocr_carea' id='block_1_71' title="bbox 2273 2881 3738 2960">
    <p class='ocr_par' dir='ltr' id='par_1_71' title="bbox 2273 2881 3738 2960">
     <span class='ocr_line' id='line_1_71' title="bbox 2273 2881 3738 2960; baseline 0.003 -24"><span class='ocrx_word' id='word_1_474' title='bbox 2273 2903 2291 2937; x_wconf 84' lang='grc' dir='ltr'><strong>ι</strong></span> <span class='ocrx_word' id='word_1_475' title='bbox 2327 2881 2393 2955; x_wconf 80' lang='grc' dir='ltr'>ἦς</span> <span class='ocrx_word' id='word_1_476' title='bbox 2433 2887 2644 2957; x_wconf 74' lang='grc' dir='ltr'>ἡμέρας</span> <span class='ocrx_word' id='word_1_477' title='bbox 2678 2887 3024 2958; x_wconf 78' lang='grc' dir='ltr'>ὑπομνησθῇ,</span> <span class='ocrx_word' id='word_1_478' title='bbox 3062 2891 3213 2950; x_wconf 78' lang='grc' dir='ltr'>ἐντὸς</span> <span class='ocrx_word' id='word_1_479' title='bbox 3247 2890 3433 2960; x_wconf 82' lang='grc' dir='ltr'>μηνῶν</span> <span class='ocrx_word' id='word_1_480' title='bbox 3477 2888 3534 2954; x_wconf 74' lang='grc' dir='ltr'><strong>ἒξ</strong></span> <span class='ocrx_word' id='word_1_481' title='bbox 3571 2890 3626 2939; x_wconf 88' lang='grc' dir='ltr'><strong>ἐν</strong></span> <span class='ocrx_word' id='word_1_482' title='bbox 3660 2891 3738 2958; x_wconf 78' lang='grc' dir='ltr'>τῇ</span> 
     </span>
    </p>
   </div>
   <div class='ocr_carea' id='block_1_72' title="bbox 2277 2981 3756 3052">
    <p class='ocr_par' dir='ltr' id='par_1_72' title="bbox 2277 2981 3756 3052">
     <span class='ocr_line' id='line_1_72' title="bbox 2277 2981 3756 3052; baseline 0 -20"><span class='ocrx_word' id='word_1_483' title='bbox 2277 2997 2294 3031; x_wconf 87' lang='grc' dir='ltr'><strong>ι</strong></span> <span class='ocrx_word' id='word_1_484' title='bbox 2336 2981 2472 3050; x_wconf 79' lang='grc' dir='ltr'>αὐτῇ</span> <span class='ocrx_word' id='word_1_485' title='bbox 2503 2981 2738 3052; x_wconf 75' lang='grc' dir='ltr'>ἐπαρχία</span> <span class='ocrx_word' id='word_1_486' title='bbox 2760 2981 2984 3050; x_wconf 85' lang='grc' dir='ltr'>διάγων,</span> <span class='ocrx_word' id='word_1_487' title='bbox 3020 2981 3094 3052; x_wconf 82' lang='grc' dir='ltr'>μὴ</span> <span class='ocrx_word' id='word_1_488' title='bbox 3119 2982 3227 3034; x_wconf 84' lang='grc' dir='ltr'><strong>τῶν</strong></span> <span class='ocrx_word' id='word_1_489' title='bbox 3252 2981 3575 3048; x_wconf 82' lang='grc' dir='ltr'>ὀφειλόντων</span> <span class='ocrx_word' id='word_1_490' title='bbox 3606 2981 3756 3050; x_wconf 73' lang='grc' dir='ltr'>πρὸς</span> 
     </span>
    </p>
   </div>
   <div class='ocr_carea' id='block_1_73' title="bbox 2273 3073 3760 3146">
    <p class='ocr_par' dir='ltr' id='par_1_73' title="bbox 2273 3073 3760 3146">
     <span class='ocr_line' id='line_1_73' title="bbox 2273 3073 3760 3146; baseline 0.001 -23"><span class='ocrx_word' id='word_1_491' title='bbox 2273 3089 2291 3123; x_wconf 89' lang='grc' dir='ltr'><strong>ι</strong></span> <span class='ocrx_word' id='word_1_492' title='bbox 2330 3073 2428 3141; x_wconf 74' lang='grc' dir='ltr'>τὴν</span> <span class='ocrx_word' id='word_1_493' title='bbox 2487 3073 2776 3145; x_wconf 76' lang='grc' dir='ltr'>καθολικὴν</span> <span class='ocrx_word' id='word_1_494' title='bbox 2855 3075 3079 3144; x_wconf 77' lang='grc' dir='ltr'>ἑνότητα</span> <span class='ocrx_word' id='word_1_495' title='bbox 3160 3075 3558 3146; x_wconf 83' lang='grc' dir='ltr'>ἐπιστραφῆναι</span> <span class='ocrx_word' id='word_1_496' title='bbox 3648 3073 3760 3143; x_wconf 67' lang='grc' dir='ltr'>τὴν</span> 
     </span>
    </p>
   </div>
   <div class='ocr_carea' id='block_1_74' title="bbox 2274 3163 3758 3236">
    <p class='ocr_par' dir='ltr' id='par_1_74' title="bbox 2274 3163 3758 3236">
     <span class='ocr_line' id='line_1_74' title="bbox 2274 3163 3758 3236; baseline 0.001 -22"><span class='ocrx_word' id='word_1_497' title='bbox 2274 3181 2293 3214; x_wconf 84' lang='grc' dir='ltr'><strong>ι</strong></span> <span class='ocrx_word' id='word_1_498' title='bbox 2335 3163 2592 3232; x_wconf 83' lang='grc' dir='ltr'>φροντίδα</span> <span class='ocrx_word' id='word_1_499' title='bbox 2646 3166 2980 3233; x_wconf 78' lang='grc' dir='ltr'>ποιήσηται·</span> <span class='ocrx_word' id='word_1_500' title='bbox 3024 3165 3100 3236; x_wconf 86' lang='grc' dir='ltr'>τῷ</span> <span class='ocrx_word' id='word_1_501' title='bbox 3132 3166 3356 3235; x_wconf 82' lang='grc' dir='ltr'>τοιούτῳ</span> <span class='ocrx_word' id='word_1_502' title='bbox 3413 3165 3488 3235; x_wconf 82' lang='grc' dir='ltr'>μὴ</span> <span class='ocrx_word' id='word_1_503' title='bbox 3525 3182 3758 3232; x_wconf 81' lang='grc' dir='ltr'>συγκοι-</span> 
     </span>
    </p>
   </div>
   <div class='ocr_carea' id='block_1_75' title="bbox 2271 3251 3759 3326">
    <p class='ocr_par' dir='ltr' id='par_1_75' title="bbox 2271 3251 3759 3326">
     <span class='ocr_line' id='line_1_75' title="bbox 2271 3251 3759 3326; baseline 0.001 -21"><span class='ocrx_word' id='word_1_504' title='bbox 2271 3271 2290 3304; x_wconf 84' lang='grc' dir='ltr'><strong>ι</strong></span> <span class='ocrx_word' id='word_1_505' title='bbox 2331 3254 2562 3324; x_wconf 74' lang='grc' dir='ltr'>νωνηθῇ,</span> <span class='ocrx_word' id='word_1_506' title='bbox 2597 3255 2699 3317; x_wconf 79' lang='grc' dir='ltr'><strong>ἐως</strong></span> <span class='ocrx_word' id='word_1_507' title='bbox 2735 3251 2793 3309; x_wconf 68' lang='grc' dir='ltr'>οὗ</span> <span class='ocrx_word' id='word_1_508' title='bbox 2845 3256 3000 3308; x_wconf 75' lang='grc' dir='ltr'>τοῦτο</span> <span class='ocrx_word' id='word_1_509' title='bbox 3027 3255 3308 3326; x_wconf 77' lang='grc' dir='ltr'>πληρώσῃ.</span> <span class='ocrx_word' id='word_1_510' title='bbox 3342 3257 3403 3309; x_wconf 79' lang='lat' dir='ltr'><strong><em>El</em></strong></span> <span class='ocrx_word' id='word_1_511' title='bbox 3441 3256 3495 3308; x_wconf 90' lang='grc' dir='ltr'><strong>δέ</strong></span> <span class='ocrx_word' id='word_1_512' title='bbox 3528 3258 3554 3309; x_wconf 87' lang='lat'><strong>6</strong></span> <span class='ocrx_word' id='word_1_513' title='bbox 3588 3257 3759 3321; x_wconf 76' lang='grc' dir='ltr'>ἐπεξο</span> 
     </span>
    </p>
   </div>
   <div class='ocr_carea' id='block_1_76' title="bbox 2276 3344 3758 3415">
    <p class='ocr_par' dir='ltr' id='par_1_76' title="bbox 2276 3344 3758 3415">
     <span class='ocr_line' id='line_1_76' title="bbox 2276 3344 3758 3415; baseline 0.003 -21"><span class='ocrx_word' id='word_1_514' title='bbox 2276 3363 2294 3394; x_wconf 83' lang='grc' dir='ltr'><strong>ι</strong></span> <span class='ocrx_word' id='word_1_515' title='bbox 2332 3344 2600 3414; x_wconf 76' lang='grc' dir='ltr'>εργαστὴς</span> <span class='ocrx_word' id='word_1_516' title='bbox 2661 3347 2738 3406; x_wconf 85' lang='grc' dir='ltr'><strong>είς</strong></span> <span class='ocrx_word' id='word_1_517' title='bbox 2771 3346 2893 3406; x_wconf 67' lang='grc' dir='ltr'>τοὺς</span> <span class='ocrx_word' id='word_1_518' title='bbox 2952 3346 3148 3411; x_wconf 73' lang='grc' dir='ltr'>αὐτοὺς</span> <span class='ocrx_word' id='word_1_519' title='bbox 3179 3347 3377 3408; x_wconf 82' lang='grc' dir='ltr'>τόπους</span> <span class='ocrx_word' id='word_1_520' title='bbox 3435 3345 3509 3415; x_wconf 77' lang='grc' dir='ltr'>μὴ</span> <span class='ocrx_word' id='word_1_521' title='bbox 3571 3361 3758 3415; x_wconf 81' lang='grc' dir='ltr'>παρα-</span> 
     </span>
    </p>
   </div>
   <div class='ocr_carea' id='block_1_77' title="bbox 2269 3433 3466 3506">
    <p class='ocr_par' dir='ltr' id='par_1_77' title="bbox 2269 3433 3466 3506">
     <span class='ocr_line' id='line_1_77' title="bbox 2269 3433 3466 3506; baseline 0 -20"><span class='ocrx_word' id='word_1_522' title='bbox 2269 3453 2286 3486; x_wconf 88' lang='grc' dir='ltr'><strong>ι</strong></span> <span class='ocrx_word' id='word_1_523' title='bbox 2327 3435 2567 3504; x_wconf 83' lang='grc' dir='ltr'>γένηται,</span> <span class='ocrx_word' id='word_1_524' title='bbox 2600 3433 2673 3502; x_wconf 83' lang='grc' dir='ltr'>τῷ</span> <span class='ocrx_word' id='word_1_525' title='bbox 2691 3435 2973 3503; x_wconf 83' lang='grc' dir='ltr'>ὲπισκόπῳ</span> <span class='ocrx_word' id='word_1_526' title='bbox 3003 3435 3075 3504; x_wconf 83' lang='grc' dir='ltr'>μὴ</span> <span class='ocrx_word' id='word_1_527' title='bbox 3112 3438 3412 3506; x_wconf 73' lang='grc' dir='ltr'>ἐπιγραφῇ.</span> <span class='ocrx_word' id='word_1_528' title='bbox 3449 3435 3466 3486; x_wconf 81' lang='lat' dir='ltr'><strong>&#39;t</strong></span> 
     </span>
    </p>
   </div>
   <div class='ocr_carea' id='block_1_78' title="bbox 2264 3522 3759 3596">
    <p class='ocr_par' dir='ltr' id='par_1_78' title="bbox 2264 3522 3759 3596">
     <span class='ocr_line' id='line_1_78' title="bbox 2264 3522 3759 3596; baseline 0 -19"><span class='ocrx_word' id='word_1_529' title='bbox 2264 3523 2456 3578; x_wconf 73' lang='grc' dir='ltr'><strong>ΒΑΛΣ.</strong></span> <span class='ocrx_word' id='word_1_530' title='bbox 2503 3525 2588 3576; x_wconf 87' lang='grc' dir='ltr'>Ἐν</span> <span class='ocrx_word' id='word_1_531' title='bbox 2616 3523 2692 3593; x_wconf 79' lang='grc' dir='ltr'>τῷ</span> <span class='ocrx_word' id='word_1_532' title='bbox 2722 3522 2840 3593; x_wconf 84' lang='grc' dir='ltr'>ρκα¹</span> <span class='ocrx_word' id='word_1_533' title='bbox 2871 3527 3054 3578; x_wconf 84' lang='grc' dir='ltr'>κανόνι</span> <span class='ocrx_word' id='word_1_534' title='bbox 3095 3527 3402 3596; x_wconf 80' lang='grc' dir='ltr'>ἀρκούντως</span> <span class='ocrx_word' id='word_1_535' title='bbox 3429 3525 3759 3595; x_wconf 71' lang='grc' dir='ltr'>ἐγράψαμεν</span> 
     </span>
    </p>
   </div>
   <div class='ocr_carea' id='block_1_79' title="bbox 2196 3615 3760 3686">
    <p class='ocr_par' dir='ltr' id='par_1_79' title="bbox 2196 3615 3760 3686">
     <span class='ocr_line' id='line_1_79' title="bbox 2196 3615 3760 3686; baseline 0.002 -20"><span class='ocrx_word' id='word_1_536' title='bbox 2196 3617 2323 3684; x_wconf 68' lang='grc' dir='ltr'>περὶ</span> <span class='ocrx_word' id='word_1_537' title='bbox 2355 3615 2461 3666; x_wconf 82' lang='grc' dir='ltr'>τῶν</span> <span class='ocrx_word' id='word_1_538' title='bbox 2498 3616 2839 3683; x_wconf 77' lang='grc' dir='ltr'>ἀμελούντων</span> <span class='ocrx_word' id='word_1_539' title='bbox 2867 3617 3184 3669; x_wconf 78' lang='grc' dir='ltr'>ἐπισκόπων</span> <span class='ocrx_word' id='word_1_540' title='bbox 3245 3619 3344 3686; x_wconf 78' lang='grc' dir='ltr'>τῆς</span> <span class='ocrx_word' id='word_1_541' title='bbox 3399 3617 3760 3681; x_wconf 74' lang='grc' dir='ltr'>διδασκαλίας</span> 
     </span>
    </p>
   </div>
   <div class='ocr_carea' id='block_1_80' title="bbox 2195 3701 3763 3775">
    <p class='ocr_par' dir='ltr' id='par_1_80' title="bbox 2195 3701 3763 3775">
     <span class='ocr_line' id='line_1_80' title="bbox 2195 3701 3763 3775; baseline 0 -17"><span class='ocrx_word' id='word_1_542' title='bbox 2195 3706 2302 3758; x_wconf 83' lang='grc' dir='ltr'>τῶν</span> <span class='ocrx_word' id='word_1_543' title='bbox 2337 3706 2430 3757; x_wconf 84' lang='grc' dir='ltr'><strong>ὑπ’</strong></span> <span class='ocrx_word' id='word_1_544' title='bbox 2464 3705 2658 3767; x_wconf 78' lang='grc' dir='ltr'>αὐτοὺς</span> <span class='ocrx_word' id='word_1_545' title='bbox 2695 3705 2835 3757; x_wconf 81' lang='grc' dir='ltr'>λαῶν</span> <span class='ocrx_word' id='word_1_546' title='bbox 2863 3722 2876 3737; x_wconf 89' lang='grc'><strong>·</strong></span> <span class='ocrx_word' id='word_1_547' title='bbox 2915 3709 3044 3775; x_wconf 78' lang='grc' dir='ltr'>περὶ</span> <span class='ocrx_word' id='word_1_548' title='bbox 3089 3701 3162 3760; x_wconf 83' lang='grc' dir='ltr'>ὧν</span> <span class='ocrx_word' id='word_1_549' title='bbox 3212 3709 3306 3758; x_wconf 76' lang='grc' dir='ltr'>καὶ</span> <span class='ocrx_word' id='word_1_550' title='bbox 3350 3705 3540 3775; x_wconf 86' lang='grc' dir='ltr'>παρὼν</span> <span class='ocrx_word' id='word_1_551' title='bbox 3571 3706 3763 3758; x_wconf 66' lang='grc' dir='ltr'>κανιὶιν</span> 
     </span>
    </p>
   </div>
   <div class='ocr_carea' id='block_1_81' title="bbox 2200 3792 3762 3863">
    <p class='ocr_par' dir='ltr' id='par_1_81' title="bbox 2200 3792 3762 3863">
     <span class='ocr_line' id='line_1_81' title="bbox 2200 3792 3762 3863; baseline 0.003 -22"><span class='ocrx_word' id='word_1_552' title='bbox 2200 3807 2354 3859; x_wconf 80' lang='grc' dir='ltr'>φησι,</span> <span class='ocrx_word' id='word_1_553' title='bbox 2421 3792 2843 3858; x_wconf 75' lang='grc' dir='ltr'>προστιοίμενος</span> <span class='ocrx_word' id='word_1_554' title='bbox 2926 3793 3228 3855; x_wconf 72' lang='grc' dir='ltr'>ἀκολούθως</span> <span class='ocrx_word' id='word_1_555' title='bbox 3283 3794 3360 3861; x_wconf 80' lang='grc' dir='ltr'>τῷ</span> <span class='ocrx_word' id='word_1_556' title='bbox 3414 3795 3762 3863; x_wconf 83' lang='grc' dir='ltr'>ἀποστολικῷ</span> 
     </span>
    </p>
   </div>
   <div class='ocr_carea' id='block_1_82' title="bbox 2195 3879 3763 3949">
    <p class='ocr_par' dir='ltr' id='par_1_82' title="bbox 2195 3879 3763 3949">
     <span class='ocr_line' id='line_1_82' title="bbox 2195 3879 3763 3949; baseline 0.002 -18"><span class='ocrx_word' id='word_1_557' title='bbox 2195 3882 2377 3932; x_wconf 79' lang='grc' dir='ltr'>κανόνι</span> <span class='ocrx_word' id='word_1_558' title='bbox 2397 3879 2684 3948; x_wconf 76' lang='grc' dir='ltr'>ἀφορισμῷ</span> <span class='ocrx_word' id='word_1_559' title='bbox 2703 3882 3089 3949; x_wconf 87' lang='grc' dir='ltr'>ἀκοινωνησίας</span> <span class='ocrx_word' id='word_1_560' title='bbox 3109 3882 3608 3936; x_wconf 72' lang='grc' dir='ltr'>καθυποεάλλεσθαι</span> <span class='ocrx_word' id='word_1_561' title='bbox 3624 3885 3763 3946; x_wconf 75' lang='grc' dir='ltr'>τοὺς</span> 
     </span>
    </p>
   </div>
   <div class='ocr_carea' id='block_1_83' title="bbox 2196 3969 3755 4038">
    <p class='ocr_par' dir='ltr' id='par_1_83' title="bbox 2196 3969 3755 4038">
     <span class='ocr_line' id='line_1_83' title="bbox 2196 3969 3755 4038; baseline 0.003 -20"><span class='ocrx_word' id='word_1_562' title='bbox 2196 3969 2331 4034; x_wconf 66' lang='grc' dir='ltr'>μετὰ</span> <span class='ocrx_word' id='word_1_563' title='bbox 2365 3969 2734 4037; x_wconf 79' lang='grc' dir='ltr'>παραγγελίαν</span> <span class='ocrx_word' id='word_1_564' title='bbox 2759 3969 3092 4038; x_wconf 71' lang='grc' dir='ltr'>ἀμελοῦντας</span> <span class='ocrx_word' id='word_1_565' title='bbox 3144 3971 3237 4023; x_wconf 73' lang='grc' dir='ltr'><strong>τοῦ</strong></span> <span class='ocrx_word' id='word_1_566' title='bbox 3271 3972 3544 4024; x_wconf 69' lang='grc' dir='ltr'>δ.δᾶσκειν</span> <span class='ocrx_word' id='word_1_567' title='bbox 3613 3971 3755 4035; x_wconf 74' lang='grc' dir='ltr'>τοὺς</span> 
     </span>
    </p>
   </div>
   <div class='ocr_carea' id='block_1_84' title="bbox 2194 4059 3748 4128">
    <p class='ocr_par' dir='ltr' id='par_1_84' title="bbox 2194 4059 3748 4128">
     <span class='ocr_line' id='line_1_84' title="bbox 2194 4059 3748 4128; baseline 0.002 -19"><span class='ocrx_word' id='word_1_568' title='bbox 2194 4060 2254 4110; x_wconf 86' lang='grc' dir='ltr'><strong>ἐν</strong></span> <span class='ocrx_word' id='word_1_569' title='bbox 2309 4062 2422 4121; x_wconf 84' lang='grc' dir='ltr'>τοῖς</span> <span class='ocrx_word' id='word_1_570' title='bbox 2459 4059 2788 4128; x_wconf 72' lang='grc' dir='ltr'>ματρικίοις,</span> <span class='ocrx_word' id='word_1_571' title='bbox 2826 4061 2991 4128; x_wconf 75' lang='grc' dir='ltr'>ήγουν</span> <span class='ocrx_word' id='word_1_572' title='bbox 3013 4062 3122 4121; x_wconf 87' lang='grc' dir='ltr'>τοῖς</span> <span class='ocrx_word' id='word_1_573' title='bbox 3151 4060 3379 4123; x_wconf 86' lang='grc' dir='ltr'>δικαίοις</span> <span class='ocrx_word' id='word_1_574' title='bbox 3428 4061 3533 4112; x_wconf 80' lang='grc' dir='ltr'>τῶν</span> <span class='ocrx_word' id='word_1_575' title='bbox 3585 4061 3748 4112; x_wconf 67' lang='lat' dir='ltr'><strong>staec-</strong></span> 
     </span>
    </p>
   </div>
   <div class='ocr_carea' id='block_1_85' title="bbox 2192 4146 3756 4220">
    <p class='ocr_par' dir='ltr' id='par_1_85' title="bbox 2192 4146 3756 4220">
     <span class='ocr_line' id='line_1_85' title="bbox 2192 4146 3756 4220; baseline 0.006 -23"><span class='ocrx_word' id='word_1_576' title='bbox 2192 4146 2331 4215; x_wconf 81' lang='grc' dir='ltr'>δρῶν</span> <span class='ocrx_word' id='word_1_577' title='bbox 2358 4147 2474 4216; x_wconf 73' lang='grc' dir='ltr'>ἢτοι</span> <span class='ocrx_word' id='word_1_578' title='bbox 2502 4148 2610 4201; x_wconf 84' lang='grc' dir='ltr'><strong>τῶν</strong></span> <span class='ocrx_word' id='word_1_579' title='bbox 2645 4150 2952 4217; x_wconf 84' lang='grc' dir='ltr'>ἐκκλησιῶν</span> <span class='ocrx_word' id='word_1_580' title='bbox 2981 4148 3180 4214; x_wconf 76' lang='grc' dir='ltr'>αὐτῶν,</span> <span class='ocrx_word' id='word_1_581' title='bbox 3208 4150 3372 4213; x_wconf 71' lang='grc' dir='ltr'>ὄντας</span> <span class='ocrx_word' id='word_1_582' title='bbox 3408 4151 3684 4220; x_wconf 71' lang='grc' dir='ltr'>αἶρετικού</span> <span class='ocrx_word' id='word_1_583' title='bbox 3698 4170 3756 4213; x_wconf 88' lang='grc' dir='ltr'><strong>ς.</strong></span> 
     </span>
    </p>
   </div>
   <div class='ocr_carea' id='block_1_86' title="bbox 2194 4233 3756 4308">
    <p class='ocr_par' dir='ltr' id='par_1_86' title="bbox 2194 4233 3756 4308">
     <span class='ocr_line' id='line_1_86' title="bbox 2194 4233 3756 4308; baseline 0.006 -24"><span class='ocrx_word' id='word_1_584' title='bbox 2194 4233 2254 4284; x_wconf 77' lang='lat' dir='ltr'><strong>Ei</strong></span> <span class='ocrx_word' id='word_1_585' title='bbox 2293 4234 2368 4297; x_wconf 78' lang='grc' dir='ltr'>δὲ,</span> <span class='ocrx_word' id='word_1_586' title='bbox 2398 4236 2581 4306; x_wconf 76' lang='grc' dir='ltr'>φησὶν,</span> <span class='ocrx_word' id='word_1_587' title='bbox 2614 4238 2640 4288; x_wconf 90' lang='lat'><strong>6</strong></span> <span class='ocrx_word' id='word_1_588' title='bbox 2668 4238 3094 4305; x_wconf 74' lang='grc' dir='ltr'>ἐπεξεργαστὴς,</span> <span class='ocrx_word' id='word_1_589' title='bbox 3127 4240 3451 4306; x_wconf 76' lang='grc' dir='ltr'>ἐπιτραπεὶς</span> <span class='ocrx_word' id='word_1_590' title='bbox 3483 4241 3629 4308; x_wconf 85' lang='grc' dir='ltr'><strong>παρά</strong></span> <span class='ocrx_word' id='word_1_591' title='bbox 3651 4243 3756 4293; x_wconf 68' lang='grc' dir='ltr'>τοῦ</span> 
     </span>
    </p>
   </div>
   <div class='ocr_carea' id='block_1_87' title="bbox 2194 4322 3756 4395">
    <p class='ocr_par' dir='ltr' id='par_1_87' title="bbox 2194 4322 3756 4395">
     <span class='ocr_line' id='line_1_87' title="bbox 2194 4322 3756 4395; baseline 0.004 -23"><span class='ocrx_word' id='word_1_592' title='bbox 2194 4322 2497 4374; x_wconf 81' lang='grc' dir='ltr'>ἐπισκόπου</span> <span class='ocrx_word' id='word_1_593' title='bbox 2528 4325 2668 4378; x_wconf 88' lang='grc' dir='ltr'><strong>κατά</strong></span> <span class='ocrx_word' id='word_1_594' title='bbox 2700 4327 2862 4377; x_wconf 85' lang='grc' dir='ltr'>τόπον</span> <span class='ocrx_word' id='word_1_595' title='bbox 2892 4325 3187 4393; x_wconf 71' lang='grc' dir='ltr'>ἀφικέσθαι</span> <span class='ocrx_word' id='word_1_596' title='bbox 3237 4327 3329 4377; x_wconf 75' lang='grc' dir='ltr'><strong>καὶ</strong></span> <span class='ocrx_word' id='word_1_597' title='bbox 3375 4328 3756 4395; x_wconf 62' lang='grc' dir='ltr'>μετακαλέσαι</span> 
     </span>
    </p>
   </div>
   <div class='ocr_carea' id='block_1_88' title="bbox 2197 4412 3760 4486">
    <p class='ocr_par' dir='ltr' id='par_1_88' title="bbox 2197 4412 3760 4486">
     <span class='ocr_line' id='line_1_88' title="bbox 2197 4412 3760 4486; baseline 0.003 -22"><span class='ocrx_word' id='word_1_598' title='bbox 2197 4412 2322 4465; x_wconf 84' lang='grc' dir='ltr'>σθαι</span> <span class='ocrx_word' id='word_1_599' title='bbox 2351 4414 2478 4475; x_wconf 81' lang='grc' dir='ltr'>τοὺς</span> <span class='ocrx_word' id='word_1_600' title='bbox 2507 4417 2835 4484; x_wconf 82' lang='grc' dir='ltr'>αίρετικοὺς,</span> <span class='ocrx_word' id='word_1_601' title='bbox 2877 4417 2937 4468; x_wconf 80' lang='grc' dir='ltr'>οὐ</span> <span class='ocrx_word' id='word_1_602' title='bbox 2972 4417 3188 4486; x_wconf 80' lang='grc' dir='ltr'>ποιήσει</span> <span class='ocrx_word' id='word_1_603' title='bbox 3217 4417 3396 4480; x_wconf 82' lang='grc' dir='ltr'>τοῦτο,</span> <span class='ocrx_word' id='word_1_604' title='bbox 3434 4418 3760 4470; x_wconf 77' lang='grc' dir='ltr'>ἀκαταιτία-</span> 
     </span>
    </p>
   </div>
   <div class='ocr_carea' id='block_1_89' title="bbox 544 4481 2093 4576">
    <p class='ocr_par' dir='ltr' id='par_1_89' title="bbox 544 4481 2087 4548">
     <span class='ocr_line' id='line_1_89' title="bbox 544 4481 2087 4548; baseline -0.006 -7"><span class='ocrx_word' id='word_1_605' title='bbox 544 4500 724 4548; x_wconf 75' lang='lat' dir='ltr'><strong>causa,</strong></span> <span class='ocrx_word' id='word_1_606' title='bbox 761 4488 900 4541; x_wconf 88' lang='lat' dir='ltr'><strong>sicut</strong></span> <span class='ocrx_word' id='word_1_607' title='bbox 931 4483 1120 4546; x_wconf 90' lang='lat' dir='ltr'><strong>morbi,</strong></span> <span class='ocrx_word' id='word_1_608' title='bbox 1163 4493 1214 4535; x_wconf 92' lang='lat' dir='ltr'><strong>et</strong></span> <span class='ocrx_word' id='word_1_609' title='bbox 1243 4489 1471 4536; x_wconf 62' lang='lat' dir='ltr'><strong>caeterte.</strong></span> <span class='ocrx_word' id='word_1_610' title='bbox 1516 4481 1605 4534; x_wconf 81' lang='lat' dir='ltr'><strong>Est</strong></span> <span class='ocrx_word' id='word_1_611' title='bbox 1636 4489 1814 4533; x_wconf 89' lang='lat' dir='ltr'><strong>autem</strong></span> <span class='ocrx_word' id='word_1_612' title='bbox 1861 4495 2087 4534; x_wconf 78' lang='lat' dir='ltr'><strong>exsecu-</strong></span> 
     </span>
    </p>
   </div>
   <div class='ocr_carea' id='block_1_90' title="bbox 2199 4481 3755 4576">
    <p class='ocr_par' dir='ltr' id='par_1_90' title="bbox 2199 4481 3755 4574">
     <span class='ocr_line' id='line_1_90' title="bbox 2199 4481 3755 4574; baseline 0.005 -21"><span class='ocrx_word' id='word_1_613' title='bbox 2199 4518 2286 4563; x_wconf 84' lang='grc' dir='ltr'><strong>τος</strong></span> <span class='ocrx_word' id='word_1_614' title='bbox 2311 4502 2462 4554; x_wconf 79' lang='grc' dir='ltr'>ἐσται</span> <span class='ocrx_word' id='word_1_615' title='bbox 2492 4505 2520 4555; x_wconf 94' lang='lat'><strong>6</strong></span> <span class='ocrx_word' id='word_1_616' title='bbox 2542 4481 2854 4567; x_wconf 81' lang='grc' dir='ltr'>ἐπίσκοπος.</span> <span class='ocrx_word' id='word_1_617' title='bbox 2899 4507 3053 4557; x_wconf 85' lang='grc' dir='ltr'>Ἐστι</span> <span class='ocrx_word' id='word_1_618' title='bbox 3088 4481 3197 4574; x_wconf 63' lang='grc' dir='ltr'><strong>γὰρ</strong></span> <span class='ocrx_word' id='word_1_619' title='bbox 3246 4509 3342 4558; x_wconf 77' lang='grc' dir='ltr'>καὶ</span> <span class='ocrx_word' id='word_1_620' title='bbox 3401 4507 3558 4559; x_wconf 83' lang='grc' dir='ltr'>τοῦτο</span> <span class='ocrx_word' id='word_1_621' title='bbox 3593 4509 3755 4561; x_wconf 73' lang='grc' dir='ltr'>αἰτία</span> 
     </span>
    </p>
   </div>
   <div class='ocr_carea' id='block_1_91' title="bbox 547 4569 2091 4640">
    <p class='ocr_par' dir='ltr' id='par_1_91' title="bbox 547 4569 2091 4640">
     <span class='ocr_line' id='line_1_91' title="bbox 547 4569 2091 4640; baseline -0.005 -12"><span class='ocrx_word' id='word_1_622' title='bbox 547 4589 651 4639; x_wconf 90' lang='lat' dir='ltr'><strong>tor,</strong></span> <span class='ocrx_word' id='word_1_623' title='bbox 681 4576 762 4627; x_wconf 70' lang='lat' dir='ltr'><strong>vel</strong></span> <span class='ocrx_word' id='word_1_624' title='bbox 796 4574 1026 4640; x_wconf 73' lang='lat' dir='ltr'><strong>regionis</strong></span> <span class='ocrx_word' id='word_1_625' title='bbox 1069 4574 1356 4633; x_wconf 79' lang='lat' dir='ltr'><strong>exarcltus,</strong></span> <span class='ocrx_word' id='word_1_626' title='bbox 1409 4571 1498 4638; x_wconf 91' lang='lat' dir='ltr'><strong>qui</strong></span> <span class='ocrx_word' id='word_1_627' title='bbox 1542 4569 1665 4622; x_wconf 89' lang='lat' dir='ltr'><strong>talia</strong></span> <span class='ocrx_word' id='word_1_628' title='bbox 1721 4569 2091 4635; x_wconf 79' lang='lat' dir='ltr'><strong>administrat,</strong></span> 
     </span>
    </p>
   </div>
   <div class='ocr_carea' id='block_1_92' title="bbox 547 4657 2099 4729">
    <p class='ocr_par' dir='ltr' id='par_1_92' title="bbox 547 4657 2099 4729">
     <span class='ocr_line' id='line_1_92' title="bbox 547 4657 2099 4729; baseline -0.003 -14"><span class='ocrx_word' id='word_1_629' title='bbox 547 4663 627 4715; x_wconf 61' lang='lat' dir='ltr'><strong>vel</strong></span> <span class='ocrx_word' id='word_1_630' title='bbox 652 4663 993 4729; x_wconf 78' lang='lat' dir='ltr'><strong>magistratus</strong></span> <span class='ocrx_word' id='word_1_631' title='bbox 1021 4659 1276 4726; x_wconf 79' lang='lat' dir='ltr'><strong>regionis,</strong></span> <span class='ocrx_word' id='word_1_632' title='bbox 1302 4657 1392 4725; x_wconf 86' lang='lat' dir='ltr'><strong>qui</strong></span> <span class='ocrx_word' id='word_1_633' title='bbox 1423 4660 1471 4709; x_wconf 90' lang='lat' dir='ltr'><strong>in</strong></span> <span class='ocrx_word' id='word_1_634' title='bbox 1503 4662 1668 4710; x_wconf 89' lang='lat' dir='ltr'><strong>rebus</strong></span> <span class='ocrx_word' id='word_1_635' title='bbox 1693 4657 1958 4723; x_wconf 81' lang='lat' dir='ltr'><strong>ejusmodi</strong></span> <span class='ocrx_word' id='word_1_636' title='bbox 2002 4672 2099 4710; x_wconf 83' lang='lat' dir='ltr'><strong>ne-</strong></span> 
     </span>
    </p>
   </div>
   <div class='ocr_carea' id='block_1_93' title="bbox 545 4745 2094 4817">
    <p class='ocr_par' dir='ltr' id='par_1_93' title="bbox 545 4745 2094 4817">
     <span class='ocr_line' id='line_1_93' title="bbox 545 4745 2094 4817; baseline -0.004 -11"><span class='ocrx_word' id='word_1_637' title='bbox 545 4767 696 4806; x_wconf 73' lang='lat' dir='ltr'><strong>cesse</strong></span> <span class='ocrx_word' id='word_1_638' title='bbox 745 4751 904 4804; x_wconf 81' lang='lat' dir='ltr'><strong>habet</strong></span> <span class='ocrx_word' id='word_1_639' title='bbox 952 4749 1203 4817; x_wconf 80' lang='lat' dir='ltr'><strong>episcopo</strong></span> <span class='ocrx_word' id='word_1_640' title='bbox 1253 4763 1406 4814; x_wconf 86' lang='lat' dir='ltr'><strong>opem</strong></span> <span class='ocrx_word' id='word_1_641' title='bbox 1441 4745 1616 4810; x_wconf 79' lang='lat' dir='ltr'><strong>ferre,</strong></span> <span class='ocrx_word' id='word_1_642' title='bbox 1651 4757 1702 4799; x_wconf 91' lang='lat' dir='ltr'><strong>et</strong></span> <span class='ocrx_word' id='word_1_643' title='bbox 1738 4749 1907 4811; x_wconf 68' lang='lat' dir='ltr'><strong>magis</strong></span> <span class='ocrx_word' id='word_1_644' title='bbox 1934 4763 2094 4815; x_wconf 87' lang='lat' dir='ltr'><strong>quant</strong></span> 
     </span>
    </p>
   </div>
   <div class='ocr_carea' id='block_1_94' title="bbox 549 4837 2098 4909">
    <p class='ocr_par' dir='ltr' id='par_1_94' title="bbox 549 4837 2098 4909">
     <span class='ocr_line' id='line_1_94' title="bbox 549 4837 2098 4909; baseline -0.002 -16"><span class='ocrx_word' id='word_1_645' title='bbox 549 4841 796 4896; x_wconf 72' lang='lat' dir='ltr'><strong>deiensor</strong></span> <span class='ocrx_word' id='word_1_646' title='bbox 845 4839 1094 4909; x_wconf 85' lang='lat' dir='ltr'><strong>regionis,</strong></span> <span class='ocrx_word' id='word_1_647' title='bbox 1153 4839 1215 4890; x_wconf 90' lang='lat' dir='ltr'><strong>de</strong></span> <span class='ocrx_word' id='word_1_648' title='bbox 1267 4852 1372 4904; x_wconf 91' lang='lat' dir='ltr'><strong>quo</strong></span> <span class='ocrx_word' id='word_1_649' title='bbox 1425 4837 1600 4902; x_wconf 87' lang='lat' dir='ltr'><strong>agitur</strong></span> <span class='ocrx_word' id='word_1_650' title='bbox 1648 4839 1699 4892; x_wconf 90' lang='lat' dir='ltr'><strong>itt</strong></span> <span class='ocrx_word' id='word_1_651' title='bbox 1750 4837 2098 4904; x_wconf 82' lang='lat' dir='ltr'><strong>nonagesimo</strong></span> 
     </span>
    </p>
   </div>
   <div class='ocr_carea' id='block_1_95' title="bbox 548 4927 1570 4998">
    <p class='ocr_par' dir='ltr' id='par_1_95' title="bbox 548 4927 1570 4998">
     <span class='ocr_line' id='line_1_95' title="bbox 548 4927 1570 4998; baseline -0.003 -16"><span class='ocrx_word' id='word_1_652' title='bbox 548 4932 774 4998; x_wconf 69' lang='lat' dir='ltr'><strong>septimo</strong></span> <span class='ocrx_word' id='word_1_653' title='bbox 807 4943 1008 4981; x_wconf 85' lang='lat' dir='ltr'><strong>canone</strong></span> <span class='ocrx_word' id='word_1_654' title='bbox 1048 4927 1324 4995; x_wconf 72' lang='lat' dir='ltr'><strong>praesentis</strong></span> <span class='ocrx_word' id='word_1_655' title='bbox 1356 4928 1570 4994; x_wconf 77' lang='lat' dir='ltr'><strong>synodi.</strong></span> 
     </span>
    </p>
   </div>
   <div class='ocr_carea' id='block_1_96' title="bbox 623 5122 2099 5194">
    <p class='ocr_par' dir='ltr' id='par_1_96' title="bbox 623 5122 2099 5194">
     <span class='ocr_line' id='line_1_96' title="bbox 623 5122 2099 5194; baseline -0.003 -15"><span class='ocrx_word' id='word_1_656' title='bbox 623 5125 868 5181; x_wconf 78' lang='lat' dir='ltr'><strong>ZONAR.</strong></span> <span class='ocrx_word' id='word_1_657' title='bbox 905 5123 1040 5179; x_wconf 90' lang='lat' dir='ltr'><strong>Suos</strong></span> <span class='ocrx_word' id='word_1_658' title='bbox 1069 5125 1344 5194; x_wconf 86' lang='lat' dir='ltr'><strong>episc0pos</strong></span> <span class='ocrx_word' id='word_1_659' title='bbox 1378 5123 1663 5178; x_wconf 77' lang='lat' dir='ltr'><strong>Donatista:</strong></span> <span class='ocrx_word' id='word_1_660' title='bbox 1694 5137 1905 5193; x_wconf 89' lang='lat' dir='ltr'><strong>quoque</strong></span> <span class='ocrx_word' id='word_1_661' title='bbox 1935 5122 2099 5176; x_wconf 87' lang='lat' dir='ltr'><strong>babe-</strong></span> 
     </span>
    </p>
   </div>
   <div class='ocr_carea' id='block_1_97' title="bbox 553 5212 2096 5282">
    <p class='ocr_par' dir='ltr' id='par_1_97' title="bbox 553 5212 2096 5282">
     <span class='ocr_line' id='line_1_97' title="bbox 553 5212 2096 5282; baseline -0.005 -13"><span class='ocrx_word' id='word_1_662' title='bbox 553 5218 700 5277; x_wconf 90' lang='lat' dir='ltr'><strong>bant,</strong></span> <span class='ocrx_word' id='word_1_663' title='bbox 724 5227 955 5282; x_wconf 86' lang='lat' dir='ltr'><strong>suasque</strong></span> <span class='ocrx_word' id='word_1_664' title='bbox 987 5212 1315 5276; x_wconf 88' lang='lat' dir='ltr'><strong>ntatriculas,</strong></span> <span class='ocrx_word' id='word_1_665' title='bbox 1339 5213 1436 5266; x_wconf 84' lang='lat' dir='ltr'><strong>hoc</strong></span> <span class='ocrx_word' id='word_1_666' title='bbox 1459 5222 1539 5266; x_wconf 84' lang='lat' dir='ltr'><strong>est</strong></span> <span class='ocrx_word' id='word_1_667' title='bbox 1571 5214 1800 5277; x_wconf 88' lang='lat' dir='ltr'><strong>tabulas,</strong></span> <span class='ocrx_word' id='word_1_668' title='bbox 1828 5214 1880 5265; x_wconf 87' lang='lat' dir='ltr'><strong>in</strong></span> <span class='ocrx_word' id='word_1_669' title='bbox 1905 5213 2096 5278; x_wconf 87' lang='lat' dir='ltr'><strong>quibus</strong></span> 
     </span>
    </p>
   </div>
   <div class='ocr_carea' id='block_1_98' title="bbox 551 5303 2096 5373">
    <p class='ocr_par' dir='ltr' id='par_1_98' title="bbox 551 5303 2096 5373">
     <span class='ocr_line' id='line_1_98' title="bbox 551 5303 2096 5373; baseline -0.001 -15"><span class='ocrx_word' id='word_1_670' title='bbox 551 5322 636 5370; x_wconf 79' lang='lat' dir='ltr'><strong>ea,</strong></span> <span class='ocrx_word' id='word_1_671' title='bbox 669 5319 787 5373; x_wconf 71' lang='lat' dir='ltr'><strong>quae</strong></span> <span class='ocrx_word' id='word_1_672' title='bbox 820 5305 884 5357; x_wconf 89' lang='lat' dir='ltr'><strong>ad</strong></span> <span class='ocrx_word' id='word_1_673' title='bbox 921 5304 1154 5372; x_wconf 88' lang='lat' dir='ltr'><strong>ipsorum</strong></span> <span class='ocrx_word' id='word_1_674' title='bbox 1181 5304 1438 5358; x_wconf 88' lang='lat' dir='ltr'><strong>ecclesias</strong></span> <span class='ocrx_word' id='word_1_675' title='bbox 1467 5303 1797 5372; x_wconf 86' lang='lat' dir='ltr'><strong>spectabant,</strong></span> <span class='ocrx_word' id='word_1_676' title='bbox 1830 5303 2096 5371; x_wconf 88' lang='lat' dir='ltr'><strong>descripta</strong></span> 
     </span>
    </p>
   </div>
   <div class='ocr_carea' id='block_1_99' title="bbox 555 5391 2096 5462">
    <p class='ocr_par' dir='ltr' id='par_1_99' title="bbox 555 5391 2096 5462">
     <span class='ocr_line' id='line_1_99' title="bbox 555 5391 2096 5462; baseline -0.003 -13"><span class='ocrx_word' id='word_1_677' title='bbox 555 5398 980 5450; x_wconf 84' lang='lat' dir='ltr'><strong>continerentur.</strong></span> <span class='ocrx_word' id='word_1_678' title='bbox 1013 5391 1068 5446; x_wconf 90' lang='lat' dir='ltr'><strong>Si</strong></span> <span class='ocrx_word' id='word_1_679' title='bbox 1101 5395 1219 5461; x_wconf 87' lang='lat' dir='ltr'><strong>quis</strong></span> <span class='ocrx_word' id='word_1_680' title='bbox 1251 5394 1412 5462; x_wconf 86' lang='lat' dir='ltr'><strong>igitur</strong></span> <span class='ocrx_word' id='word_1_681' title='bbox 1437 5393 1768 5447; x_wconf 80' lang='lat' dir='ltr'><strong>orlltodoxus</strong></span> <span class='ocrx_word' id='word_1_682' title='bbox 1793 5392 2096 5460; x_wconf 87' lang='lat' dir='ltr'><strong>episcopus,</strong></span> 
     </span>
    </p>
   </div>
   <div class='ocr_carea' id='block_1_100' title="bbox 546 5481 2097 5552">
    <p class='ocr_par' dir='ltr' id='par_1_100' title="bbox 546 5481 2097 5552">
     <span class='ocr_line' id='line_1_100' title="bbox 546 5481 2097 5552; baseline -0.003 -14"><span class='ocrx_word' id='word_1_683' title='bbox 546 5485 832 5538; x_wconf 79' lang='lat' dir='ltr'><strong>cathedras</strong></span> <span class='ocrx_word' id='word_1_684' title='bbox 854 5486 920 5536; x_wconf 86' lang='lat' dir='ltr'><strong>ab</strong></span> <span class='ocrx_word' id='word_1_685' title='bbox 951 5483 1212 5536; x_wconf 70' lang='lat' dir='ltr'><strong>haereticis</strong></span> <span class='ocrx_word' id='word_1_686' title='bbox 1241 5493 1545 5552; x_wconf 88' lang='lat' dir='ltr'><strong>occupatas,</strong></span> <span class='ocrx_word' id='word_1_687' title='bbox 1579 5483 1796 5550; x_wconf 80' lang='lat' dir='ltr'><strong>locaque</strong></span> <span class='ocrx_word' id='word_1_688' title='bbox 1821 5481 1874 5534; x_wconf 94' lang='lat' dir='ltr'><strong>in</strong></span> <span class='ocrx_word' id='word_1_689' title='bbox 1914 5495 2097 5534; x_wconf 87' lang='lat' dir='ltr'><strong>eorum</strong></span> 
     </span>
    </p>
   </div>
   <div class='ocr_carea' id='block_1_101' title="bbox 555 5574 2096 5642">
    <p class='ocr_par' dir='ltr' id='par_1_101' title="bbox 555 5574 2096 5642">
     <span class='ocr_line' id='line_1_101' title="bbox 555 5574 2096 5642; baseline -0.001 -15"><span class='ocrx_word' id='word_1_690' title='bbox 555 5575 848 5629; x_wconf 85' lang='lat' dir='ltr'><strong>matriculis</strong></span> <span class='ocrx_word' id='word_1_691' title='bbox 875 5575 1160 5642; x_wconf 88' lang='lat' dir='ltr'><strong>descripta,</strong></span> <span class='ocrx_word' id='word_1_692' title='bbox 1199 5589 1512 5642; x_wconf 84' lang='lat' dir='ltr'><strong>recuperare</strong></span> <span class='ocrx_word' id='word_1_693' title='bbox 1564 5574 1878 5642; x_wconf 79' lang='lat' dir='ltr'><strong>neglexerit.</strong></span> <span class='ocrx_word' id='word_1_694' title='bbox 1908 5588 2004 5627; x_wconf 91' lang='lat' dir='ltr'><strong>nec</strong></span> <span class='ocrx_word' id='word_1_695' title='bbox 2033 5574 2096 5626; x_wconf 90' lang='lat' dir='ltr'><strong>de</strong></span> 
     </span>
    </p>
   </div>
   <div class='ocr_carea' id='block_1_102' title="bbox 555 5662 2100 5733">
    <p class='ocr_par' dir='ltr' id='par_1_102' title="bbox 555 5662 2100 5733">
     <span class='ocr_line' id='line_1_102' title="bbox 555 5662 2100 5733; baseline -0.001 -15"><span class='ocrx_word' id='word_1_696' title='bbox 555 5667 618 5718; x_wconf 90' lang='lat' dir='ltr'><strong>iis</strong></span> <span class='ocrx_word' id='word_1_697' title='bbox 653 5665 995 5728; x_wconf 86' lang='lat' dir='ltr'><strong>laboraverit,</strong></span> <span class='ocrx_word' id='word_1_698' title='bbox 1030 5664 1119 5733; x_wconf 89' lang='lat' dir='ltr'><strong>qui</strong></span> <span class='ocrx_word' id='word_1_699' title='bbox 1160 5665 1224 5717; x_wconf 90' lang='lat' dir='ltr'><strong>ad</strong></span> <span class='ocrx_word' id='word_1_700' title='bbox 1276 5662 1569 5717; x_wconf 85' lang='lat' dir='ltr'><strong>Ecclesiam</strong></span> <span class='ocrx_word' id='word_1_701' title='bbox 1606 5665 1925 5717; x_wconf 80' lang='lat' dir='ltr'><strong>catholicam</strong></span> <span class='ocrx_word' id='word_1_702' title='bbox 1974 5678 2100 5717; x_wconf 91' lang='lat' dir='ltr'><strong>con-</strong></span> 
     </span>
    </p>
   </div>
   <div class='ocr_carea' id='block_1_103' title="bbox 551 5755 2096 5824">
    <p class='ocr_par' dir='ltr' id='par_1_103' title="bbox 551 5755 2096 5824">
     <span class='ocr_line' id='line_1_103' title="bbox 551 5755 2096 5824; baseline 0 -14"><span class='ocrx_word' id='word_1_703' title='bbox 551 5758 681 5814; x_wconf 68' lang='lat' dir='ltr'><strong>verti</strong></span> <span class='ocrx_word' id='word_1_704' title='bbox 707 5757 927 5823; x_wconf 87' lang='lat' dir='ltr'><strong>debent,</strong></span> <span class='ocrx_word' id='word_1_705' title='bbox 966 5755 1112 5810; x_wconf 90' lang='lat' dir='ltr'><strong>illum</strong></span> <span class='ocrx_word' id='word_1_706' title='bbox 1152 5772 1179 5810; x_wconf 87' lang='lat' dir='ltr'><strong>a</strong></span> <span class='ocrx_word' id='word_1_707' title='bbox 1211 5756 1400 5812; x_wconf 77' lang='lat' dir='ltr'><strong>vicinis</strong></span> <span class='ocrx_word' id='word_1_708' title='bbox 1432 5755 1698 5824; x_wconf 73' lang='lat' dir='ltr'><strong>episcOpis</strong></span> <span class='ocrx_word' id='word_1_709' title='bbox 1725 5769 1786 5810; x_wconf 88' lang='lat' dir='ltr'><strong>ea</strong></span> <span class='ocrx_word' id='word_1_710' title='bbox 1819 5758 1882 5810; x_wconf 89' lang='lat' dir='ltr'><strong>de</strong></span> <span class='ocrx_word' id='word_1_711' title='bbox 1919 5769 1975 5809; x_wconf 89' lang='lat' dir='ltr'><strong>re</strong></span> <span class='ocrx_word' id='word_1_712' title='bbox 2009 5770 2096 5810; x_wconf 87' lang='lat' dir='ltr'><strong>ca-</strong></span> 
     </span>
    </p>
   </div>
   <div class='ocr_carea' id='block_1_104' title="bbox 2197 4590 3760 4661">
    <p class='ocr_par' dir='ltr' id='par_1_104' title="bbox 2197 4590 3760 4661">
     <span class='ocr_line' id='line_1_104' title="bbox 2197 4590 3760 4661; baseline -0.001 -20"><span class='ocrx_word' id='word_1_713' title='bbox 2197 4590 2417 4658; x_wconf 79' lang='grc' dir='ltr'>εῦλογος</span> <span class='ocrx_word' id='word_1_714' title='bbox 2439 4591 2600 4643; x_wconf 89' lang='grc' dir='ltr'>όποία</span> <span class='ocrx_word' id='word_1_715' title='bbox 2629 4594 2660 4661; x_wconf 76' lang='grc' dir='ltr'>ἡ</span> <span class='ocrx_word' id='word_1_716' title='bbox 2691 4592 2788 4657; x_wconf 74' lang='grc' dir='ltr'>τῆς</span> <span class='ocrx_word' id='word_1_717' title='bbox 2821 4592 2976 4644; x_wconf 85' lang='grc' dir='ltr'>νόσου</span> <span class='ocrx_word' id='word_1_718' title='bbox 3012 4593 3104 4643; x_wconf 75' lang='grc' dir='ltr'>καὶ</span> <span class='ocrx_word' id='word_1_719' title='bbox 3136 4594 3191 4643; x_wconf 88' lang='grc' dir='ltr'><strong>αί</strong></span> <span class='ocrx_word' id='word_1_720' title='bbox 3242 4593 3446 4645; x_wconf 83' lang='grc' dir='ltr'>λοιπαί.</span> <span class='ocrx_word' id='word_1_721' title='bbox 3490 4592 3760 4660; x_wconf 79' lang='grc' dir='ltr'>Ἐπεξερ-</span> 
     </span>
    </p>
   </div>
   <div class='ocr_carea' id='block_1_105' title="bbox 2198 4682 3760 4752">
    <p class='ocr_par' dir='ltr' id='par_1_105' title="bbox 2198 4682 3760 4752">
     <span class='ocr_line' id='line_1_105' title="bbox 2198 4682 3760 4752; baseline 0.001 -19"><span class='ocrx_word' id='word_1_722' title='bbox 2198 4682 2403 4750; x_wconf 83' lang='grc' dir='ltr'>γαστὴς</span> <span class='ocrx_word' id='word_1_723' title='bbox 2427 4683 2480 4734; x_wconf 78' lang='grc' dir='ltr'>δέ</span> <span class='ocrx_word' id='word_1_724' title='bbox 2503 4685 2647 4733; x_wconf 85' lang='grc' dir='ltr'>ἐστιν</span> <span class='ocrx_word' id='word_1_725' title='bbox 2678 4683 2710 4751; x_wconf 79' lang='grc' dir='ltr'>ἢ</span> <span class='ocrx_word' id='word_1_726' title='bbox 2745 4684 2772 4734; x_wconf 91' lang='lat'><strong>6</strong></span> <span class='ocrx_word' id='word_1_727' title='bbox 2823 4685 3085 4752; x_wconf 81' lang='grc' dir='ltr'>ἐγχώριος</span> <span class='ocrx_word' id='word_1_728' title='bbox 3145 4682 3368 4750; x_wconf 77' lang='grc' dir='ltr'>ἔξαρχος</span> <span class='ocrx_word' id='word_1_729' title='bbox 3427 4685 3474 4734; x_wconf 83' lang='grc' dir='ltr'>’ό</span> <span class='ocrx_word' id='word_1_730' title='bbox 3529 4683 3760 4736; x_wconf 81' lang='grc' dir='ltr'>τοιαῦτα</span> 
     </span>
    </p>
   </div>
   <div class='ocr_carea' id='block_1_106' title="bbox 2198 4770 3760 4841">
    <p class='ocr_par' dir='ltr' id='par_1_106' title="bbox 2198 4770 3760 4841">
     <span class='ocr_line' id='line_1_106' title="bbox 2198 4770 3760 4841; baseline 0.002 -21"><span class='ocrx_word' id='word_1_731' title='bbox 2198 4770 2515 4838; x_wconf 75' lang='grc' dir='ltr'>οἰκονομῶν,</span> <span class='ocrx_word' id='word_1_732' title='bbox 2551 4770 2581 4838; x_wconf 82' lang='grc' dir='ltr'>ἢ</span> <span class='ocrx_word' id='word_1_733' title='bbox 2612 4775 2638 4823; x_wconf 87' lang='grc' dir='ltr'><strong>ό</strong></span> <span class='ocrx_word' id='word_1_734' title='bbox 2668 4771 2850 4840; x_wconf 76' lang='grc' dir='ltr'>ἄρχων</span> <span class='ocrx_word' id='word_1_735' title='bbox 2881 4773 2976 4839; x_wconf 79' lang='grc' dir='ltr'>τῆς</span> <span class='ocrx_word' id='word_1_736' title='bbox 3006 4773 3209 4840; x_wconf 82' lang='grc' dir='ltr'>χώρας,</span> <span class='ocrx_word' id='word_1_737' title='bbox 3241 4775 3268 4825; x_wconf 88' lang='grc' dir='ltr'><strong>ό</strong></span> <span class='ocrx_word' id='word_1_738' title='bbox 3317 4773 3450 4841; x_wconf 78' lang='grc' dir='ltr'>πρὸς</span> <span class='ocrx_word' id='word_1_739' title='bbox 3505 4773 3760 4841; x_wconf 65' lang='grc' dir='ltr'>ἀνάγκης</span> 
     </span>
    </p>
   </div>
   <div class='ocr_carea' id='block_1_107' title="bbox 2199 4859 3762 4930">
    <p class='ocr_par' dir='ltr' id='par_1_107' title="bbox 2199 4859 3762 4930">
     <span class='ocr_line' id='line_1_107' title="bbox 2199 4859 3762 4930; baseline 0.003 -20"><span class='ocrx_word' id='word_1_740' title='bbox 2199 4860 2336 4927; x_wconf 76' lang='grc' dir='ltr'>ἔχων</span> <span class='ocrx_word' id='word_1_741' title='bbox 2368 4859 2577 4927; x_wconf 81' lang='grc' dir='ltr'>βοηθεῖν</span> <span class='ocrx_word' id='word_1_742' title='bbox 2609 4859 2685 4928; x_wconf 82' lang='grc' dir='ltr'><strong>τῷ</strong></span> <span class='ocrx_word' id='word_1_743' title='bbox 2717 4862 3000 4930; x_wconf 86' lang='grc' dir='ltr'>ἐπισκόπῳ</span> <span class='ocrx_word' id='word_1_744' title='bbox 3027 4863 3082 4911; x_wconf 89' lang='grc' dir='ltr'><strong>ἐν</strong></span> <span class='ocrx_word' id='word_1_745' title='bbox 3114 4862 3396 4922; x_wconf 85' lang='grc' dir='ltr'>τοιούτοις,</span> <span class='ocrx_word' id='word_1_746' title='bbox 3433 4862 3526 4912; x_wconf 83' lang='grc' dir='ltr'>καὶ</span> <span class='ocrx_word' id='word_1_747' title='bbox 3549 4861 3762 4929; x_wconf 77' lang='grc' dir='ltr'>μᾶλλον</span> 
     </span>
    </p>
   </div>
   <div class='ocr_carea' id='block_1_108' title="bbox 2197 4945 3758 5018">
    <p class='ocr_par' dir='ltr' id='par_1_108' title="bbox 2197 4945 3758 5018">
     <span class='ocr_line' id='line_1_108' title="bbox 2197 4945 3758 5018; baseline 0.002 -20"><span class='ocrx_word' id='word_1_748' title='bbox 2197 4945 2232 5015; x_wconf 81' lang='grc' dir='ltr'>ἢ</span> <span class='ocrx_word' id='word_1_749' title='bbox 2255 4949 2281 4998; x_wconf 92' lang='lat'><strong>6</strong></span> <span class='ocrx_word' id='word_1_750' title='bbox 2311 4949 2571 5014; x_wconf 84' lang='grc' dir='ltr'>ἐγχώριος</span> <span class='ocrx_word' id='word_1_751' title='bbox 2607 4947 2840 5011; x_wconf 70' lang='grc' dir='ltr'>ἔκδικος,</span> <span class='ocrx_word' id='word_1_752' title='bbox 2873 4951 2900 5001; x_wconf 92' lang='lat'><strong>6</strong></span> <span class='ocrx_word' id='word_1_753' title='bbox 2932 4948 3260 5018; x_wconf 87' lang='grc' dir='ltr'>δηλούμενος</span> <span class='ocrx_word' id='word_1_754' title='bbox 3288 4950 3344 5000; x_wconf 81' lang='grc' dir='ltr'><strong>ἐν</strong></span> <span class='ocrx_word' id='word_1_755' title='bbox 3396 4949 3473 5018; x_wconf 76' lang='grc' dir='ltr'>τῷ</span> <span class='ocrx_word' id='word_1_756' title='bbox 3528 4950 3609 5013; x_wconf 50' lang='grc' dir='ltr'><strong>ᾖς’</strong></span> <span class='ocrx_word' id='word_1_757' title='bbox 3649 4965 3758 5002; x_wconf 74' lang='grc' dir='ltr'><strong>και</strong></span> 
     </span>
    </p>
   </div>
   <div class='ocr_carea' id='block_1_109' title="bbox 2200 5036 3048 5108">
    <p class='ocr_par' dir='ltr' id='par_1_109' title="bbox 2200 5036 3048 5108">
     <span class='ocr_line' id='line_1_109' title="bbox 2200 5036 3048 5108; baseline 0.005 -21"><span class='ocrx_word' id='word_1_758' title='bbox 2200 5037 2312 5089; x_wconf 86' lang='grc' dir='ltr'>νόνι</span> <span class='ocrx_word' id='word_1_759' title='bbox 2345 5038 2442 5104; x_wconf 84' lang='grc' dir='ltr'>τῆς</span> <span class='ocrx_word' id='word_1_760' title='bbox 2466 5036 2748 5108; x_wconf 86' lang='grc' dir='ltr'>παρούσης</span> <span class='ocrx_word' id='word_1_761' title='bbox 2805 5039 3048 5092; x_wconf 88' lang='grc' dir='ltr'>συνόδου.</span> 
     </span>
    </p>
   </div>
   <div class='ocr_carea' id='block_1_110' title="bbox 2269 5124 3761 5198">
    <p class='ocr_par' dir='ltr' id='par_1_110' title="bbox 2269 5124 3761 5198">
     <span class='ocr_line' id='line_1_110' title="bbox 2269 5124 3761 5198; baseline 0.001 -18"><span class='ocrx_word' id='word_1_762' title='bbox 2269 5128 2512 5180; x_wconf 79' lang='grc' dir='ltr'><strong>ΖΩΝΑΡ.</strong></span> <span class='ocrx_word' id='word_1_763' title='bbox 2535 5129 2644 5179; x_wconf 77' lang='grc' dir='ltr'><strong>Καὶ</strong></span> <span class='ocrx_word' id='word_1_764' title='bbox 2681 5129 3015 5189; x_wconf 84' lang='grc' dir='ltr'>ἐπισκόπους</span> <span class='ocrx_word' id='word_1_765' title='bbox 3052 5129 3215 5191; x_wconf 75' lang='grc' dir='ltr'>ἰδίους</span> <span class='ocrx_word' id='word_1_766' title='bbox 3245 5124 3392 5198; x_wconf 73' lang='grc' dir='ltr'>εἶχον</span> <span class='ocrx_word' id='word_1_767' title='bbox 3455 5131 3503 5182; x_wconf 87' lang='grc' dir='ltr'><strong>οί</strong></span> <span class='ocrx_word' id='word_1_768' title='bbox 3538 5136 3761 5182; x_wconf 72' lang='grc' dir='ltr'>Δονατιο</span> 
     </span>
    </p>
   </div>
   <div class='ocr_carea' id='block_1_111' title="bbox 2200 5215 3760 5287">
    <p class='ocr_par' dir='ltr' id='par_1_111' title="bbox 2200 5215 3760 5287">
     <span class='ocr_line' id='line_1_111' title="bbox 2200 5215 3760 5287; baseline 0.001 -20"><span class='ocrx_word' id='word_1_769' title='bbox 2200 5215 2346 5278; x_wconf 73' lang='grc' dir='ltr'>σταὶ,</span> <span class='ocrx_word' id='word_1_770' title='bbox 2378 5218 2470 5268; x_wconf 78' lang='grc' dir='ltr'>καὶ</span> <span class='ocrx_word' id='word_1_771' title='bbox 2500 5218 2782 5286; x_wconf 86' lang='grc' dir='ltr'>ματρίκια,</span> <span class='ocrx_word' id='word_1_772' title='bbox 2813 5217 2982 5286; x_wconf 67' lang='grc' dir='ltr'>ἤγουν</span> <span class='ocrx_word' id='word_1_773' title='bbox 3037 5218 3383 5287; x_wconf 67' lang='grc' dir='ltr'>ἀπογραφὰς,</span> <span class='ocrx_word' id='word_1_774' title='bbox 3419 5217 3526 5269; x_wconf 87' lang='grc' dir='ltr'><strong>τῶν</strong></span> <span class='ocrx_word' id='word_1_775' title='bbox 3565 5218 3760 5283; x_wconf 74' lang='grc' dir='ltr'>διαφι-</span> 
     </span>
    </p>
   </div>
   <div class='ocr_carea' id='block_1_112' title="bbox 2203 5302 3758 5372">
    <p class='ocr_par' dir='ltr' id='par_1_112' title="bbox 2203 5302 3758 5372">
     <span class='ocr_line' id='line_1_112' title="bbox 2203 5302 3758 5372; baseline 0.001 -17"><span class='ocrx_word' id='word_1_776' title='bbox 2203 5304 2401 5372; x_wconf 85' lang='grc' dir='ltr'>ρόντων</span> <span class='ocrx_word' id='word_1_777' title='bbox 2436 5306 2555 5366; x_wconf 86' lang='grc' dir='ltr'>ταῖς</span> <span class='ocrx_word' id='word_1_778' title='bbox 2587 5305 2905 5372; x_wconf 85' lang='grc' dir='ltr'>ἐκκλησίαις</span> <span class='ocrx_word' id='word_1_779' title='bbox 2935 5304 3132 5360; x_wconf 80' lang='grc' dir='ltr'>αὐτῶν.</span> <span class='ocrx_word' id='word_1_780' title='bbox 3166 5307 3329 5370; x_wconf 79' lang='grc' dir='ltr'>Λέγει</span> <span class='ocrx_word' id='word_1_781' title='bbox 3378 5302 3470 5358; x_wconf 82' lang='grc' dir='ltr'>οὖν</span> <span class='ocrx_word' id='word_1_782' title='bbox 3494 5307 3520 5358; x_wconf 91' lang='grc' dir='ltr'><strong>ό</strong></span> <span class='ocrx_word' id='word_1_783' title='bbox 3563 5305 3758 5358; x_wconf 82' lang='grc' dir='ltr'>κανὼν</span> 
     </span>
    </p>
   </div>
   <div class='ocr_carea' id='block_1_113' title="bbox 2199 5393 3760 5468">
    <p class='ocr_par' dir='ltr' id='par_1_113' title="bbox 2199 5393 3760 5468">
     <span class='ocr_line' id='line_1_113' title="bbox 2199 5393 3760 5468; baseline 0 -22"><span class='ocrx_word' id='word_1_784' title='bbox 2199 5394 2300 5454; x_wconf 85' lang='grc' dir='ltr'>ὅτι,</span> <span class='ocrx_word' id='word_1_785' title='bbox 2329 5393 2422 5444; x_wconf 85' lang='grc' dir='ltr'>ἐὰν</span> <span class='ocrx_word' id='word_1_786' title='bbox 2447 5394 2744 5455; x_wconf 87' lang='grc' dir='ltr'>ἐπίσκοπος</span> <span class='ocrx_word' id='word_1_787' title='bbox 2770 5393 3048 5464; x_wconf 79' lang='grc' dir='ltr'>ὀρθὸδοξος</span> <span class='ocrx_word' id='word_1_788' title='bbox 3077 5395 3251 5464; x_wconf 78' lang='grc' dir='ltr'>ἀμελή</span> <span class='ocrx_word' id='word_1_789' title='bbox 3263 5411 3326 5468; x_wconf 76' lang='grc' dir='ltr'>σῃ</span> <span class='ocrx_word' id='word_1_790' title='bbox 3343 5396 3624 5463; x_wconf 81' lang='grc' dir='ltr'>ἐκνικῆσαι</span> <span class='ocrx_word' id='word_1_791' title='bbox 3646 5398 3760 5459; x_wconf 66' lang='grc' dir='ltr'>τὶς</span> 
     </span>
    </p>
   </div>
   <div class='ocr_carea' id='block_1_114' title="bbox 2200 5480 3766 5553">
    <p class='ocr_par' dir='ltr' id='par_1_114' title="bbox 2200 5480 3766 5553">
     <span class='ocr_line' id='line_1_114' title="bbox 2200 5480 3766 5553; baseline 0.003 -22"><span class='ocrx_word' id='word_1_792' title='bbox 2200 5480 2463 5548; x_wconf 70' lang='grc' dir='ltr'>καθέδρας</span> <span class='ocrx_word' id='word_1_793' title='bbox 2481 5480 2587 5534; x_wconf 83' lang='grc' dir='ltr'>τῶν</span> <span class='ocrx_word' id='word_1_794' title='bbox 2601 5481 2914 5550; x_wconf 73' lang='grc' dir='ltr'>αἱρετικῶν,</span> <span class='ocrx_word' id='word_1_795' title='bbox 2933 5481 3108 5535; x_wconf 76' lang='grc' dir='ltr'>καὶτὰ</span> <span class='ocrx_word' id='word_1_796' title='bbox 3129 5486 3184 5534; x_wconf 91' lang='grc' dir='ltr'><strong>ἐν</strong></span> <span class='ocrx_word' id='word_1_797' title='bbox 3204 5485 3312 5544; x_wconf 78' lang='grc' dir='ltr'>τοῖς</span> <span class='ocrx_word' id='word_1_798' title='bbox 3335 5483 3638 5553; x_wconf 81' lang='grc' dir='ltr'>ματρικίοις</span> <span class='ocrx_word' id='word_1_799' title='bbox 3656 5483 3766 5535; x_wconf 78' lang='grc' dir='ltr'><strong>αὐ-</strong></span> 
     </span>
    </p>
   </div>
   <div class='ocr_carea' id='block_1_115' title="bbox 2203 5570 3760 5641">
    <p class='ocr_par' dir='ltr' id='par_1_115' title="bbox 2203 5570 3760 5641">
     <span class='ocr_line' id='line_1_115' title="bbox 2203 5570 3760 5641; baseline 0.001 -19"><span class='ocrx_word' id='word_1_800' title='bbox 2203 5571 2335 5635; x_wconf 81' lang='grc' dir='ltr'>τῶν,</span> <span class='ocrx_word' id='word_1_801' title='bbox 2360 5571 2453 5623; x_wconf 83' lang='grc' dir='ltr'>καὶ</span> <span class='ocrx_word' id='word_1_802' title='bbox 2488 5570 2562 5638; x_wconf 75' lang='grc' dir='ltr'>μὴ</span> <span class='ocrx_word' id='word_1_803' title='bbox 2581 5573 2836 5640; x_wconf 80' lang='grc' dir='ltr'>φροντίσῃ</span> <span class='ocrx_word' id='word_1_804' title='bbox 2858 5572 2965 5623; x_wconf 82' lang='grc' dir='ltr'><strong>τῶν</strong></span> <span class='ocrx_word' id='word_1_805' title='bbox 2985 5572 3303 5639; x_wconf 64' lang='grc' dir='ltr'>ὀφειλόντων</span> <span class='ocrx_word' id='word_1_806' title='bbox 3336 5575 3471 5638; x_wconf 58' lang='grc' dir='ltr'>πρδις</span> <span class='ocrx_word' id='word_1_807' title='bbox 3499 5572 3595 5641; x_wconf 78' lang='grc' dir='ltr'>τὴν</span> <span class='ocrx_word' id='word_1_808' title='bbox 3612 5572 3760 5624; x_wconf 78' lang='grc' dir='ltr'>καθ-</span> 
     </span>
    </p>
   </div>
   <div class='ocr_carea' id='block_1_116' title="bbox 2201 5661 3766 5733">
    <p class='ocr_par' dir='ltr' id='par_1_116' title="bbox 2201 5661 3766 5733">
     <span class='ocr_line' id='line_1_116' title="bbox 2201 5661 3766 5733; baseline -0.002 -17"><span class='ocrx_word' id='word_1_809' title='bbox 2201 5663 2382 5730; x_wconf 77' lang='grc' dir='ltr'>ολικὴν</span> <span class='ocrx_word' id='word_1_810' title='bbox 2401 5661 2730 5731; x_wconf 87' lang='grc' dir='ltr'>Ἐκκλησίαν</span> <span class='ocrx_word' id='word_1_811' title='bbox 2759 5662 3189 5733; x_wconf 83' lang='grc' dir='ltr'>ἐπιστραφῆναι,</span> <span class='ocrx_word' id='word_1_812' title='bbox 3214 5663 3296 5716; x_wconf 75' lang='grc' dir='ltr'>ἵνα</span> <span class='ocrx_word' id='word_1_813' title='bbox 3332 5665 3766 5732; x_wconf 77' lang='grc' dir='ltr'>ὑπομιμνήσκη-</span> 
     </span>
    </p>
   </div>
   <div class='ocr_carea' id='block_1_117' title="bbox 2203 5750 3766 5821">
    <p class='ocr_par' dir='ltr' id='par_1_117' title="bbox 2203 5750 3766 5821">
     <span class='ocr_line' id='line_1_117' title="bbox 2203 5750 3766 5821; baseline 0.002 -17"><span class='ocrx_word' id='word_1_814' title='bbox 2203 5770 2284 5804; x_wconf 88' lang='grc' dir='ltr'><strong>ται</strong></span> <span class='ocrx_word' id='word_1_815' title='bbox 2302 5751 2428 5821; x_wconf 73' lang='grc' dir='ltr'>περὶ</span> <span class='ocrx_word' id='word_1_816' title='bbox 2449 5750 2635 5804; x_wconf 75' lang='grc' dir='ltr'>τούτου</span> <span class='ocrx_word' id='word_1_817' title='bbox 2653 5754 2715 5805; x_wconf 89' lang='grc' dir='ltr'><strong>ἐκ</strong></span> <span class='ocrx_word' id='word_1_818' title='bbox 2734 5753 2838 5807; x_wconf 77' lang='grc' dir='ltr'><strong>τῶν</strong></span> <span class='ocrx_word' id='word_1_819' title='bbox 2869 5752 3122 5820; x_wconf 79' lang='grc' dir='ltr'>γειτόνων</span> <span class='ocrx_word' id='word_1_820' title='bbox 3146 5754 3481 5818; x_wconf 79' lang='grc' dir='ltr'>ἐπισκόπων,</span> <span class='ocrx_word' id='word_1_821' title='bbox 3503 5754 3592 5804; x_wconf 72' lang='grc' dir='ltr'>καὶ</span> <span class='ocrx_word' id='word_1_822' title='bbox 3615 5753 3766 5820; x_wconf 78' lang='grc' dir='ltr'>μετὰ</span> 
     </span>
    </p>
   </div>
  </div>
