4002 6314
272 294 381 356 ἐνοι

269 497 577 562 ὑποθέσεως
594 499 710 552 ἐκεί
725 498 989 568 ἐνδημῶν,
1010 498 1096 552 ῐνα
1118 502 1192 570 μὴ
1215 503 1545 570 συγκοινωνῇ
1569 502 1716 570 αὐτῷ
1735 519 1839 566 τις.

269 587 410 640 Είδέ
440 589 678 658 ενδημεί,
705 593 890 659 φησὶν,
924 590 983 645 οὐ
1017 590 1242 659 πάρεστι
1269 591 1325 645 δὲ
1351 593 1379 644 6
1403 591 1838 662 ἐπεξεργαστὴς,

269 680 444 746 ηγουν
496 680 527 732 δ
572 681 753 750 ἄρχων
779 681 878 748 τῆς
926 679 1129 750 χώρας,
1176 684 1324 744 ὅστις
1355 682 1830 752 ἐπεξεργάσασθαι

271 770 499 823 δύναται
546 771 643 840 τὴν
672 772 950 834 ὑπόθεσιν,
981 776 1071 827 καὶ
1107 773 1454 843 παραστῆσαι
1478 774 1572 827 καὶ
1609 775 1844 838 ἀκσντας

1321 295 1403 357 IN
1442 296 1604 357 CAN.
1632 292 1832 358 CXXV
1865 296 2072 361 CONC.
2122 299 2493 360 CARTHAG.

270 405 370 470 τὴν
398 406 704 476 ὑπόμνησιν
732 407 828 460 ἐὰν
873 406 1022 468 ἐντὸς
1057 407 1241 476 μηνῶν
1273 409 1331 473 ἐξ
1358 409 1416 461 οὐ
1452 412 1712 482 φροντίσῃ
1745 411 1843 479 τῆς

1984 425 2050 465 ou
2105 412 2376 467 admoneri
2433 410 2584 479 jubet
2631 427 2644 463 :

1953 502 2216 556 mensium
2260 501 2555 571 intervallo,
2608 501 2652 557 si
2695 501 2909 570 quidem
2962 503 3017 556 in
3070 501 3149 556 eis
3184 499 3314 555 locis
3352 511 3498 569 agat,

1955 595 2224 663 negotium
2260 594 2481 648 minime
2507 593 2841 664 susceperit;
2869 593 3110 663 ejusdem
3134 591 3510 648 communione

1957 686 2210 739 omnibus
2250 685 2595 739 interdictum
2637 700 2758 741 esse
2800 685 3063 740 decernit.
3097 681 3295 739 Verum
3332 681 3377 737 si
3401 682 3512 750 ipse

3393 299 3505 364 ιοε

2703 411 2842 479 quod
2902 411 2948 465 si
3002 407 3350 472 admonitus,
3403 422 3496 462 sex

1951 776 2186 843 quidem,
2244 776 2434 845 inquit,
2475 789 2709 844 praesens
2762 775 2936 838 adsit,
2992 782 3278 830 exsecutor
3319 780 3496 826 autem

270 862 400 924 τοὺς
424 863 728 930 αίρετικοὺς
786 864 1314 934 ἀπολογησομένους,
1369 865 1401 935 ἦ
1428 865 1456 917 δ
1493 866 1556 918 ἐκ
1586 866 1847 935 βασιλέως

1979 867 2061 920 ive
2109 866 2388 935 praefectus
2420 868 2676 939 regionis,
2704 867 2795 936 qui
2841 881 2976 936 opus
3020 867 3084 920 ad
3129 864 3329 919 exitum
3382 876 3510 929 pero

269 949 451 1010 δοθεὶς
481 950 610 1013 ίσως
644 951 722 1014 είς
779 953 1056 1019 ἐκδίκησιν
1103 953 1243 1006 κατά
1269 953 1360 1005 τὸν
1395 954 1476 1017 κζ’
1514 954 1739 1017 κανόνα,
1766 955 1844 1023 τῷ

1979 958 2128 1020 tucat,
2164 967 2218 1012 et
2264 973 2292 1012 a
2339 974 2445 1026 quo
2484 959 2722 1015 haeretici
2761 973 2979 1013 causam
3013 957 3189 1012 dicere
3232 953 3315 1009 vel
3350 950 3503 1007 inviti

271 1041 560 1111 ἐπισκόπῳ
583 1042 657 1112 μὴ
673 1044 952 1116 ἐπιγραφῇ
975 1047 1054 1106 είς
1082 1043 1347 1112 ἀμέλειαν
1374 1044 1405 1112 ἡ
1427 1044 1720 1115 ὑπέρθεσις
1752 1041 1842 1096 διὰ

1979 1056 2220 1115 agantur,
2291 1050 2372 1104 vei
2410 1051 2549 1104 alius
2575 1051 2668 1104 -ab
2714 1049 3039 1118 imperatore
3101 1063 3166 1102 ex
3201 1043 3526 1100 canonisi?

269 1130 373 1198 τὴν
401 1131 668 1186 ἀπουσίαν
712 1135 806 1188 τοῦ
838 1136 1145 1206 ἄρχοντοςῆ
1174 1136 1270 1188 τοῦ
1299 1136 1514 1189 ἐκδίκου
1554 1133 1832 1202 γινομένη.

1939 1138 2155 1192 decreto
2212 1155 2436 1194 munere
2478 1140 2830 1208 praepositus,
2887 1139 3271 1194 desideretur:
3312 1151 3379 1191 ne
3425 1135 3518 1190 ulli

267 1227 518 1296 episcopi
548 1228 889 1295 indiligentia:
919 1229 1276 1294 adscribatur,
1323 1230 1367 1283 si
1403 1237 1530 1284 tunc
1567 1226 1822 1283 temporis
1862 1226 2099 1297 aliquam
2130 1248 2196 1287 ex
2214 1234 2561 1302 magistratus
2600 1242 2693 1288 aut
2719 1229 3018 1286 defensoris
3050 1230 3291 1285 absentia
3360 1229 3523 1282 rebus

268 1319 409 1390 ipsis
436 1335 643 1373 moram
683 1320 861 1374 aﬂ'erri
888 1321 1195 1389 contigerit.

268 1415 506 1468 ΑΡΙΣΤ.
545 1435 561 1467 ι
598 1415 953 1484 Περιφρονῶν
973 1416 1270 1479 ἐπίσκοπος
1296 1417 1394 1486 τὴν
1446 1416 1586 1483 ὗπέρ
1611 1416 1720 1469 τῶν
1769 1415 1847 1467 ai-

353 1525 374 1558 ι
416 1506 649 1574 ρετικῶν
679 1506 1026 1575 ἐπιμέλειαν,
1051 1508 1145 1560 καὶ
1194 1506 1770 1576 ὑπομιμνησκόμενος,
1797 1506 1846 1558 εί

351 1612 371 1645 ι
415 1597 513 1647 ἐπὶ
538 1596 637 1663 τῆς
658 1595 795 1656 ἰδίας
824 1596 1005 1663 διάγει
1036 1597 1489 1667 περιφρονήσεως
1519 1597 1612 1650 ἐπὶ
1647 1596 1708 1661 ἓξ
1744 1596 1848 1665 μῆ·

1947 1410 2170 1466 ARIST.
2233 1430 2250 1461 ι
2287 1411 2586 1482 EpiscOpus
2655 1413 3033 1467 hereticorum
3095 1424 3281 1465 curam
3328 1421 3514 1477 gerere

2035 1518 2054 1552 ι
2097 1509 2449 1555 contemnens
2472 1542 2488 1563 ,
2534 1510 2589 1555 et
2619 1502 2944 1562 admonitus,
2977 1500 3022 1554 si
3053 1515 3147 1569 per
3177 1513 3270 1553 sex
3315 1511 3544 1552 menses.

2039 1611 2058 1644 ι
2088 1593 2140 1647 ἱη
2182 1608 2281 1647 suo
2316 1593 2676 1662 permanserit
2706 1600 3032 1659 contemptu,
3075 1603 3370 1654 eorumque
3393 1601 3525 1642 con-

353 1705 374 1736 ι
420 1703 540 1748 νας,
567 1686 660 1738 καὶ
687 1686 763 1755 μὴ
796 1687 1074 1755 φροντίσει
1114 1686 1321 1740 τούτων
1345 1687 1444 1757 τῆς
1481 1688 1849 1760 ἐπιστροφῆς,

2041 1699 2060 1734 ι
2102 1685 2281 1739 versio
2309 1682 2356 1736 ei
2399 1697 2500 1738 non
2540 1683 2684 1738 cura:
2712 1680 2898 1746 fuerit,
2943 1677 3456 1734 excommunicetur.
3488 1694 3505 1727 ι

355 1796 375 1828 ι
422 1778 537 1845 ῆτω
557 1777 944 1855 ἀκοινώνητος.
958 1795 977 1829 ι

359 1869 426 1921 '0
467 1867 568 1936 μέν
589 1871 934 1938 προγραφεὶς
969 1870 1260 1934 ἐκατοστδς
1311 1870 1526 1942 πρῶτος
1559 1870 1741 1924 κανὼν
1768 1872 1861 1924 τδν

280 1959 773 2028 καταφρονητικῶς
809 1960 1126 2013 διατεθέντα
1153 1962 1454 2015 ἐπίσκοπον
1488 1963 1615 2030 περὶ
1631 1963 1730 2032 τὴν
1752 1963 1860 2015 τῶν

278 2050 581 2118 αί-ρετικῶν
624 2050 936 2120 διόρθωσιν,
968 2051 1063 2103 καὶ
1095 2051 1229 2120 μηδέ
1262 2050 1398 2121 μετά
1427 2050 1524 2121 τὴν
1553 2051 1862 2122 ὑπόμνησιν

277 2141 382 2208 τῆς
420 2139 630 2192 τούτων
653 2142 988 2211 ἐπιστροφῆς
1044 2143 1137 2194 ἐπὶ
1170 2143 1230 2205 ἐξ
1259 2143 1434 2212 μῆνας
1463 2143 1852 2214 φροντίσαντα,

283 2227 672 2291 καταδικάζει,
721 2230 803 2292 ei;
843 2230 906 2282 ’.δ
971 2232 1426 2302 προσκυρωθῆναι
1485 2231 1612 2294 τοὺς
1668 2227 1864 2296 τόπους

285 2315 473 2369 αὐτῶν
502 2317 674 2387 ἐτέρῳ
702 2318 1008 2388 ἐπισκόπῳ,
1042 2318 1119 2390 τῷ
1159 2319 1442 2388 δυναμένῳ
1475 2321 1552 2383 είς
1591 2320 1689 2391 τὴν
1729 2323 1866 2377 καθ-

281 2406 482 2475 ολικὴν
529 2406 712 2460 πίστιν
749 2408 948 2468 αὐτοὺς
998 2409 1371 2478 μεταστρέψαι
1391 2425 1404 2439 ο
1425 2409 1453 2460 ὁ
1474 2411 1528 2464 δέ
1553 2413 1742 2481 παρὼν
1769 2429 1866 2466 κα-

284 2495 398 2549 νὼν
438 2497 839 2565 ἀκοινωνησίαν
896 2497 1046 2568 αὐτῷ
1100 2499 1296 2566 ἐπάγει
1354 2505 1448 2556 καί⁷
1483 2503 1866 2574 ἀφωρισμένον

286 2583 436 2641 εἶναι
468 2590 820 2655 προστάττει,
856 2588 959 2651 ἐως
1035 2583 1098 2643 οὗ
1157 2592 1216 2644 τὸ
1259 2593 1461 2662 ἀνῆκον
1505 2593 1655 2664 αὐτῷ
1704 2594 1873 2663 ἔργον

291 2676 607 2745 πληρώσει.
640 2677 752 2731 Καὶ
799 2677 1013 2731 δοκείό
1067 2679 1245 2733 κανὼν
1287 2674 1438 2744 οὗτος
1488 2681 1652 2734 οἱονεὶ
1721 2683 1867 2734 ἐναν-

290 2767 547 2819 τιοῦσθαι
577 2766 658 2835 τῷ
687 2774 806 2836 ρκα¹
826 2768 1034 2835 κανόνι,
1070 2768 1198 2823 ἄλλο
1235 2771 1366 2841 παρ’
1395 2772 1602 2824 ἐκεῖνον
1649 2772 1868 2841 ἐπάγων

290 2856 576 2923 ἐπιτίμιον
603 2856 679 2925 τῷ
709 2857 1016 2924 ἐπισκόπῳ,
1049 2859 1130 2926 τῷ
1185 2859 1288 2928 τῆς
1341 2862 1678 2932 ἐπιστροφῆς
1758 2861 1871 2915 τῶν

292 2945 598 3015 αἰρετικῶν
640 2945 934 3016 ἀμελοῦντι
959 2963 972 2974 °
1005 2950 1106 3001 οὐκ
1158 2949 1273 3002 ἐστι
1328 2950 1384 3002 δὲ
1430 2952 1674 3012 ἐναντίος
1710 2969 1723 2983 ·
1751 2952 1871 3005 ἀλλ’

2040 1869 2419 1938 Antescriptus
2444 1867 2773 1922 centesimus
2805 1865 3100 1921 vicesimus
3136 1864 3524 1934 primuscanon

1963 1962 2291 2028 episcopum,
2309 1960 2400 2030 qui
2421 1962 2471 2014 in
2485 1959 2753 2015 haereticis
2776 1958 3111 2028 corrigendis
3125 1956 3528 2027 senegligenter

1963 2052 2123 2120 gerit.
2156 2060 2209 2106 et
2235 2066 2332 2107 nec
2361 2060 2483 2120 post
2524 2050 2944 2107 admonitionem
3001 2049 3142 2104 intra
3173 2063 3266 2104 sex
3312 2063 3529 2102 menses

1966 2141 2346 2197 conversionis
2380 2157 2567 2196 eorum
2620 2155 2749 2196 cura
2778 2155 2901 2196 eum
2943 2139 3132 2207 tangit,
3181 2137 3527 2200 condemnat,-

1967 2231 2164 2286 utloca
2195 2245 2383 2286 eorum
2415 2231 2506 2286 alii
2552 2231 2823 2299 episcopo,
2866 2228 2956 2300 qui
3001 2243 3095 2284 eos
3136 2225 3203 2281 ad
3242 2225 3396 2280 iidem
3438 2239 3528 2280 ca-

1969 2322 2226 2378 tholicam
2293 2331 2470 2392 potest
2539 2332 2899 2387 convertere,
2976 2318 3408 2389 assignarentur.
3462 2316 3530 2368 At

1968 2427 2206 2480 praesens
2246 2428 2419 2468 canon
2471 2411 3028 2467 excommunicatione
3067 2424 3188 2465 eum
3226 2407 3418 2461 multat
3477 2413 3532 2460 et

1969 2503 2243 2571 segregari
2281 2502 2448 2573 659
2467 2501 2640 2569 jubet,
2676 2517 2850 2571 usque
2875 2501 3002 2554 dum
3051 2515 3184 2569 opus
3214 2499 3278 2551 ad
3307 2513 3366 2552 se
3395 2512 3534 2564 per-

1970 2595 2152 2650 tiuens
2181 2593 2502 2661 expleverit.
2537 2594 2604 2647 Et
2628 2593 2842 2648 videtur
2866 2593 2950 2646 hic
2972 2608 3145 2647 can0u
3177 2591 3357 2659 aliquo
3377 2589 3536 2644 modo

1973 2687 2168 2741 ranoni
2198 2683 2291 2739 121
2338 2687 2663 2747 contrarius,
2701 2684 2973 2738 diversum
3014 2682 3082 2736 ab
3119 2697 3184 2736 eo
3211 2680 3530 2750 supplicium

1971 2793 2192 2834 sumens
2220 2779 2285 2834 de
2323 2777 2578 2847 episcopo
2603 2775 2692 2844 qui
2725 2774 3101 2828 haereticorum
3127 2771 3550 2826 conversionem.

1974 2868 2214 2937 negligit.
2243 2866 2360 2920 Non
2389 2874 2474 2919 est
2513 2875 2692 2919 autem
2727 2863 3068 2922 contrarius,
3106 2861 3199 2915 sed
3246 2875 3370 2914 eum
3418 2861 3538 2928 qui-

1976 2958 2096 3012 dem
2129 2957 2262 3010 alius
2298 2956 2598 3010 inveniatur
2640 2954 2943 3023 episcopus,
2976 2966 3158 3006 curam
3183 2965 3369 3004 eorum
3403 2949 3454 3003 in
3480 2963 3558 3002 ser

296 3039 436 3090 ὅταν
468 3038 567 3105 μέν
602 3038 927 3107 εὑρίσκηται
959 3039 1257 3100 ἐπίσκοπος
1318 3042 1523 3111 ἕτερος,
1548 3043 1646 3112 τὴν
1678 3044 1870 3112 ἐπιμέ-

1979 3047 2303 3116 suscipiens,
2358 3045 2637 3100 auferetur
2684 3044 2957 3111 episcopo,
2997 3042 3089 3111 qui
3139 3039 3297 3094 saluti
3348 3054 3536 3093 eorum

295 3130 454 3181 λειαν
492 3129 674 3182 αὐτῶν
720 3130 1141 3198 ἀναδεχόμενος,
1209 3131 1647 3203 ἀφαιρεθήσεται
1684 3134 1713 3186 ὀ
1774 3151 1874 3188 κα-

293 3219 649 3288 ταφρονήσας
678 3221 777 3287 τῆς
803 3220 1079 3289 σωτηρίας
1130 3221 1312 3275 αὐτῶν
1374 3225 1696 3288 ἐπίσκοπος,
1735 3226 1874 3296 ὅπερ

301 3302 456 3378 εἶχεν
481 3309 571 3361 ἐπ’
602 3308 791 3372 αὐτοῖς
839 3311 1202 3364 ἐπισκοπικδν
1249 3311 1479 3378 δίκαιον,
1516 3315 1608 3380 καὶ
1637 3332 1877 3383 προσκυ-

300 3401 613 3472 ρωθήσεται
639 3401 835 3471 ἐκείνῳ
858 3417 872 3432 '
903 3403 1034 3454 ὅταν
1062 3401 1118 3454 δὲ
1142 3401 1265 3454 οὕτε
1285 3403 1455 3464 ’ἄλλος
1476 3406 1572 3474 τὴν
1613 3405 1875 3473 φροντίδα

298 3492 487 3544 αὐτῶν
566 3492 924 3561 ἀναδέχηται,
1000 3491 1126 3545 οὒτε
1166 3493 1330 3553 αὐτὸς
1372 3493 1474 3561 τῆς
1539 3495 1876 3565 ἐπιστροφῆς

302 3585 518 3638 τούτων
548 3583 912 3652 ἐπιμελῆται,
936 3583 1245 3652 τηνικαῦτα
1301 3583 1380 3652 τῷ
1431 3585 1532 3652 τῆς
1569 3586 1876 3654 ἀκοινωνη-

309 3676 436 3737 σίας
465 3675 734 3743 ἐπιτιμίῳ
755 3673 1224 3742 ὑποδληθήσεται.
1253 3675 1315 3726 El
1343 3675 1400 3728 δέ
1440 3677 1578 3746 μετὰ
1622 3677 1714 3730 τὸν
1745 3679 1879 3745 ἀφο·

309 3763 508 3832 ρισμδν
538 3767 602 3834 τῇ
633 3763 858 3834 τοιαύτῃ
912 3763 1162 3833 ῥᾳθυμία
1192 3765 1471 3832 ἐπιμένει,
1527 3766 1620 3818 καὶ
1680 3767 1874 3819 καθαι-

309 3853 638 3921 ρεθήσεται,
674 3852 820 3904 κατά
847 3851 938 3904 τδν
968 3851 1348 3921 πεντηκοστὸν
1415 3852 1600 3920 ὄγδοον
1679 3853 1882 3911 κανόνα

307 3945 421 3998 τῶν
449 3945 623 4013 ἀγίων
656 3945 1000 3998 ἀποστόλων.

875 4036 1113 4090 ΚΑΝΩΝ
1147 4034 1321 4091 PKE’.

310 4147 329 4180 ι
362 4127 506 4196 ῐῐερὶ
534 4127 646 4179 τῶν
668 4126 794 4190 τοὺς
820 4128 1149 4188 Δονατιστέις
1175 4125 1513 4195 κοινωνῆσαι
1535 4125 1886 4197 ψευδομένων

390 4237 413 4270 ι
449 4219 790 4271 ἐπισκόπων.
837 4217 964 4271 Ἐὰν
989 4218 1041 4271 δέ
1069 4218 1362 4290 ἀποδειχθῇ
1390 4219 1478 4270 τδν
1495 4218 1730 4273 τοιοῦτον
1745 4219 1883 4286 ψευο

385 4332 407 4362 ‹
456 4314 693 4380 σάμενον
715 4312 846 4379 περὶ
861 4313 961 4380 τῆς
979 4311 1204 4363 ἐκείνων
1222 4313 1524 4375 κοινωνίας,
1547 4313 1606 4364 ἐν
1619 4311 1696 4380 τῷ
1706 4312 1885 4380 λέγειν

389 4421 407 4453 ι
445 4402 644 4462 αὖτοὺς
676 4401 1156 4469 κεκοινωνηκέναι,
1176 4399 1556 4462 οὒςδείκνυται
1580 4402 1885 4468 συνειδήσει

390 4508 410 4542 ι
452 4489 620 4542 αὐτοῦ
650 4490 724 4558 μὴ
776 4490 1106 4556 κοινωνῆσαι
1130 4505 1144 4520 ’
1179 4488 1274 4541 καὶ
1318 4488 1417 4559 τὴν
1467 4488 1770 4559 ἐπισκοπὴν
1805 4491 1884 4542 ἔτι

393 4602 408 4632 ι
454 4582 564 4651 μὴν
599 4582 879 4634 ἀπολέσει.
917 4600 946 4631 »-

388 4672 589 4725 ΒΑΛΣ.
630 4672 1018 4740 Διορισάμενοι
1050 4672 1098 4724 oi
1143 4670 1409 4741 Πατὲρες,
1442 4671 1586 4732 ὅπως
1617 4669 1887 4737 ὀφείλουσι

315 4762 652 4826 κολάξεσθαι
689 4764 739 4814 οἱ
757 4761 1092 4831 ἀμελοῦντες
1112 4763 1207 4814 τοῦ
1230 4761 1585 4830 ἐπιστρέφειν
1627 4761 1716 4813 διά
1742 4762 1886 4814 διξα-

315 4853 552 4914 σκαλίας
588 4855 716 4914 τοὺς
761 4853 864 4905 ὑπὸ
900 4853 1246 4923 τὴνένορίαν
1283 4853 1461 4905 αὐτῶν
1494 4851 1650 4913 ὄντας
1685 4854 1887 4920 αίρετιι

313 4949 472 5009 κους,
509 4947 605 4997 καὶ
635 4946 1002 5014 προσθέμενοι
1062 4943 1540 5011 συγγινώσκεσθαι
1585 4944 1708 5002 τοὺς
1740 4942 1889 4994 εὐλό-

313 5056 428 5105 γως
453 5037 590 5106 πρὸς
619 5035 777 5089 τοῦτο
808 5035 1248 5105 ἐμποδισθένπας,
1281 5033 1375 5086 νῦν
1402 5034 1664 5100 ἐπάγουσι
1687 5032 1891 5096 ὼς,ἐάν

314 5145 467 5189 τινες
505 5127 566 5192 ἐξ
591 5128 771 5181 αὐτῶν
797 5128 1026 5179 εἴπωσιν
1062 5125 1322 5194 ὁμιλῆσαι
1349 5124 1747 5186 διδασκαλικῶς
1777 5125 1889 5186 τοῖς

319 5219 478 5271 οὖσιν
503 5219 562 5268 ἐν
585 5221 649 5285 τῇ
684 5217 890 5268 τούτων
920 5215 1105 5284 ἐνορίᾳ
1155 5215 1472 5284 σίρετικοίς,
1500 5215 1594 5266 καὶ
1634 5213 1889 5281 ἀποδειχ-

322 5308 459 5360 θῶσι
487 5305 830 5376 ψευδόμενοι,
861 5305 919 5356 οὐ
957 5306 1117 5372 μόνον
1151 5303 1618 5373 ἀφορισμῷ,,ἀλλά
1647 5305 1737 5356 καὶ
1758 5304 1886 5354 καθ-

324 5399 538 5468 αιρέσει
597 5393 1176 5465 καθυποὸληθήσονται
1221 5394 1307 5448 διὰ
1365 5395 1463 5464 τὴν
1502 5394 1680 5462 ἄκραν
1709 5394 1890 5445 αὐτῶν

320 5486 587 5557 ἀμέλειαν
612 5485 702 5537 καὶ
736 5485 828 5535 τὸν
839 5482 1009 5537 δόλον.

395 5577 640 5632 ΖΩΝΑΡ.
687 5577 810 5628 ἐὰν
830 5575 909 5641 δέ,
936 5575 1280 5644 αἰτιώμενος,
1306 5577 1385 5629 ὅτι
1422 5578 1493 5647 μὴ
1522 5577 1797 5649 ἐξενίκησε
1825 5581 1889 5634 τὰ

328 5670 479 5727 παρὰ
514 5669 622 5724 τῶν
653 5668 946 5735 αίρετικῶν
971 5668 1330 5739 κατεχόμενα,
1386 5670 1518 5740 iam
1565 5675 1889 5740 κοινωνῆσαι

1976 3153 2168 3208 parum
2213 3137 2506 3197 consuluit.
2547 3134 2804 3205 quidquid
2861 3134 2912 3187 in
2963 3146 3055 3186 eos
3089 3129 3275 3184 habuit
3302 3129 3392 3196 jus
3419 3127 3539 3194 epl-

1980 3233 2217 3298 scopale,
2254 3239 2308 3282 et
2338 3229 2413 3283 illi
2449 3227 2870 3295 adjudicabitur.
2899 3225 3032 3281 Cum
3060 3230 3236 3277 autem
3272 3233 3375 3274 nec
3402 3217 3539 3274 alius

1980 3336 2163 3376 curam
2219 3335 2406 3376 eorum
2477 3318 2753 3384 suscipiet,
2806 3331 2906 3371 nec
2963 3315 3080 3382 ipse
3129 3311 3539 3367 conversionem

1983 3422 2168 3461 eorum
2224 3409 2274 3459 iu
2321 3421 2449 3460 cura
2499 3405 2736 3466 habebit,
2788 3411 2915 3456 tunc
2966 3398 3542 3456 excommunicationis

1978 3512 2151 3564 paenae
2184 3495 2504 3562 subjicietur
2543 3510 2556 3546 :
2603 3494 2646 3548 si
2685 3507 2812 3546 vero
2853 3499 2972 3560 post
3019 3488 3540 3544 excommunicatio-

1981 3601 2101 3639 nem
2129 3587 2180 3639 in
2216 3586 2516 3641 istiusmodi
2577 3583 2784 3638 desidis
2827 3581 3106 3651 persistat,
3138 3590 3192 3634 et
3221 3583 3539 3649 deponatur,

1979 3674 2132 3743 juxta
2158 3677 2661 3746 quinquagesimum
2695 3682 2946 3729 octavum
2985 3679 3294 3731 sanctorum
3325 3682 3542 3742 apostov

1982 3766 2155 3821 lorum
2191 3781 2472 3822 cauonem.

2528 4033 2758 4092 CANON
2777 4034 2997 4090 CXXV.

1989 4154 2009 4189 ι
2046 4135 2123 4190 De
2143 4132 2432 4205 episcOpis,
2462 4131 2552 4202 qui
2582 4129 2917 4186 mentiuntur
2957 4123 3266 4182 Donatistas
3288 4139 3543 4180 commus

2063 4245 2082 4279 ι
2125 4226 2355 4282 nicasse.
2411 4224 2504 4278 Sin
2536 4230 2714 4278 autem
2757 4230 3033 4275 ostensum
3094 4218 3260 4272 fuerit
3311 4231 3434 4272 eum
3482 4219 3549 4272 de

2065 4337 2083 4370 ι
2121 4319 2332 4372 illorum
2394 4314 2773 4371 communione
2823 4311 2990 4366 fuisse
3041 4309 3361 4372 mentitum,
3422 4308 3547 4364 dum

2067 4430 2084 4462 ι
2122 4409 2253 4465 dicit
2286 4421 2378 4462 eos
2405 4405 2856 4467 communicasse,
2892 4415 3032 4471 quos
3071 4416 3135 4454 eo
3185 4399 3395 4455 sciente
3442 4414 3547 4452 nou

2065 4519 2084 4552 ι
2126 4497 2556 4555 communicasse
2575 4493 2880 4550 constiterit
2903 4509 2918 4548 :
2943 4492 3313 4562 episcopatum
3335 4492 3552 4559 quoque

2065 4609 2084 4642 ι
2125 4592 2331 4658 perdi-1.
2371 4605 2392 4639 ι

2063 4677 2252 4731 BALS.
2287 4676 2418 4730 Cum
2443 4674 2757 4728 deﬁnissent
2805 4670 2988 4726 Patres
3026 4670 3292 4738 quomodo
3321 4670 3564 4738 sint-pu-.

1993 4769 2172 4822 niendi
2215 4767 2248 4820 ii
2291 4765 2380 4834 qui
2423 4763 2699 4832 negliguut
2739 4776 2831 4830 per
2883 4761 3182 4813 doctrinam
3237 4768 3577 4812 convertere'

1991 4858 2276 4912 haereticos
2326 4857 2416 4925 qui
2447 4864 2572 4908 sunt
2621 4853 2672 4906 in
2706 4866 2890 4904 eorum
2943 4850 3184 4911 dimcesi,
3227 4858 3280 4902 et
3321 4849 3573 4918 adjecis-.

1993 4958 2115 5002 seut
2164 4950 2231 5002 iis
2270 4945 2653 5015 ignoscendum
2689 4954 2811 4996 esse
2846 4939 2937 5007 qui
2961 4940 3105 5006 justa
3146 4953 3309 4992 causa
3345 4941 3400 4991 iu
3455 4939 3559 4992 bur.

1995 5038 2234 5107 impediti
2268 5037 2502 5098 fuerunt,
2535 5047 2679 5086 uuuc
2743 5029 2982 5084 inierunt
3013 5030 3153 5096 quod
3183 5027 3225 5080 si
3257 5029 3346 5095 qui
3380 5031 3557 5084 ιιι-εἰσ

1994 5129 2230 5183 dixi-rint
2252 5143 2308 5181 se
2346 5142 2467 5178 cum
2496 5121 2783 5184 haereticis,
2815 5118 2904 5187 qui
2933 5127 3058 5172 sunt
3101 5118 3150 5170 in
3185 5134 3279 5171 sua
3312 5118 3550 5187 regione,

1993 5220 2222 5274 docendi
2246 5218 2412 5287 gratia
2439 5212 2884 5270 communicasse,
2905 5217 2959 5263 et
2983 5220 3251 5262 ostensum
3280 5207 3435 5262 fuerit
3460 5226 3558 5262 eos

1994 5313 2207 5365 mvutiri
2237 5326 2252 5375 ;
2285 5325 2387 5363 non
2420 5307 2592 5362 Solum
2631 5302 3007 5373 segregatioui,
3065 5301 3157 5353 sed
3196 5301 3360 5353 etiam
3395 5301 3557 5369 depa-

1994 5405 2178 5458 sitioui
2210 5401 2589 5469 subjicicutur,
2633 5402 2853 5464 prapter
2880 5407 3146 5448 summam
3177 5406 3359 5445 eorum
3387 5393 3557 5461 negli-

1993 5495 2225 5562 gentiam
2257 5502 2307 5544 et
2339 5490 2601 5543 fraudem.

2065 5583 2320 5639 ZONAR.
2356 5582 2410 5634 Si
2447 5594 2572 5633 vero
2605 5578 2747 5646 quod
2794 5579 2860 5632 ab
2899 5575 3164 5632 haereticis
3212 5576 3409 5643 injuste
3436 5589 3558 5643 pos-

2002 5693 2146 5734 sessa
2180 5677 2316 5728 bona
2349 5689 2450 5726 non
2480 5671 2738 5740 eripuerit
2781 5677 3087 5738 accusatus,
3126 5683 3190 5725 eo
3229 5683 3288 5724 se
3323 5674 3553 5733 tueatur,
