4002 6314
537 291 568 355 4
577 292 644 356 03

1769 299 1871 357 ΤΗ
1880 298 2046 357 EOD.
2085 297 2484 361 BALSAMON

3637 305 3756 370 LM

533 403 672 472 quod
707 402 823 456 illos
851 400 1104 456 Ecclesiae
1126 403 1407 459 catholicae
1438 405 1842 460 communicare
1874 415 2076 459 asserat

2210 415 2327 476 τοὺς
2357 413 2664 482 αἱρετικοὺς
2683 416 2744 483 τῇ
2761 413 3022 482 καθολικῇ
3050 412 3364 483 Ἐκκλησία,
3386 412 3478 464 καί
3502 412 3589 465 διὰ
3605 413 3774 466 τοῦτο

535 503 923 562 proptereaque
965 493 1380 548 vindicationem
1407 496 1666 550 honorum
1703 499 1815 565 ipse
1846 497 2098 568 neglexe-

534 585 642 649 rit;
680 599 741 638 ac
773 597 961 652 posrea
999 586 1266 639 mendacii
1313 589 1594 643 convictus
1648 589 1763 654 fuit,
1808 605 1929 642 cum
1977 590 2096 644 illos

533 675 616 729 vel
647 676 796 730 nullo
839 679 1019 742 modo,
1057 677 1141 731 vel
1174 688 1320 733 certe
1349 695 1455 734 non
1486 681 1599 751 ejns
1627 682 1878 746 scientia,
1914 684 1965 737 id
1993 693 2093 745 est,

535 781 631 819 nec
662 766 780 835 ipso
814 768 1092 822 laborante
1126 785 1225 822 nec
1259 771 1492 836 sciente,
1541 775 1974 828 communicasse
2028 776 2096 830 sit

530 866 866 924 compertum
892 874 906 911 :
935 858 1246 928 episcopatu
1274 876 1488 931 quoque
1513 865 1834 932 privabitur,
1862 867 1963 921 hoc
1989 875 2093 930 est,

529 947 847 1014 deponatur.

528 1037 752 1091 ARIST.
801 1059 818 1091 ι
866 1043 964 1106 Qui
996 1046 1395 1101 communicare
1424 1047 1574 1122 dicit,
1613 1063 1773 1116 quem
1811 1062 1914 1102 non
1947 1063 2095 1104 com-

685 1147 704 1181 ι
745 1133 1018 1186 municare
1048 1136 1212 1201 novit,
1252 1137 1569 1206 episcopatu
1602 1140 1867 1207 privatur.
1910 1159 1929 1193 ι

598 1216 921 1290 Quicunque
961 1225 1242 1294 episcopus
1292 1227 1605 1283 Donatistas
1649 1231 1716 1285 ad
1772 1232 2092 1286 catholicam

529 1309 819 1367 Ecclesium
858 1333 963 1371 non
1007 1334 1302 1377 conversos
1334 1324 1501 1387 novit,
1538 1325 1581 1378 si
1616 1326 1681 1380 iis
1727 1330 2094 1383 communica-

530 1404 688 1466 verit,
725 1406 907 1459 «licens
939 1423 1035 1464 eos
1070 1412 1135 1464 ad
1179 1414 1537 1468 orthodoxam
1584 1415 1744 1470 ﬁdem
1806 1432 2094 1473 conversos

526 1503 645 1545 esse
683 1513 694 1546 :
729 1496 867 1560 talis,
914 1511 971 1549 ut
1011 1499 1078 1551 de
1131 1505 1510 1559 communione
1563 1521 1748 1561 eorum
1796 1508 2090 1573 mentiens,

528 1591 580 1635 et
614 1585 906 1640 Eoi-lcsiam
942 1589 1031 1643 Dei
1060 1592 1352 1662 decipiens,
1381 1597 1484 1649 crit
1523 1596 1822 1666 depositus.

1053 1771 1282 1826 CANON
1325 1775 1559 1831 CXXVI.

532 1873 549 1903 ι
591 1854 662 1907 De
697 1859 1020 1927 presbyteris
1043 1871 1094 1914 et
1123 1862 1353 1928 clericis,
1381 1875 1439 1920 ut
1478 1883 1580 1923 non
1610 1873 1878 1939 appellent
1899 1872 2000 1927 nisi
2028 1876 2094 1928 ad

603 1962 621 1993 ι
667 1947 900 2013 synodos
954 1949 1169 2005 Africae.
1202 1953 1464 2010 Similiter
1506 1960 1710 2026 placuit
1763 1973 1821 2016 ut
1869 1966 2094 2034 presby-

604 2050 619 2083 ι
662 2035 783 2099 teri,
814 2038 1048 2104 diaconi,
1080 2051 1132 2094 et
1164 2044 1358 2114 reliqui
1402 2048 1689 2106 inferiores
1724 2051 1934 2117 clerici,
1965 2055 2006 2108 si
2040 2057 2093 2109 in

600 2142 618 2173 ι
662 2124 725 2178 iis
755 2140 889 2194 quas
917 2127 1116 2184 habent
1147 2136 1348 2203 causis,
1392 2139 1458 2193 de
1494 2142 1836 2210 propriorum
1879 2146 2093 2211 episco-

601 2233 617 2263 ι
662 2229 854 2282 porum
892 2221 1161 2275 sententia
1181 2235 1503 2292 querantur,
1537 2231 1698 2284 vicini
1731 2233 1970 2300 episcopi
2000 2249 2096 2289 eos

603 2323 622 2355 ι
665 2308 912 2373 audiant,
941 2318 994 2364 et
1022 2328 1140 2381 quae
1181 2314 1318 2369 inter
1340 2333 1433 2372 eos
1455 2328 1580 2373 sunt
1601 2323 1888 2378 terntinent
1914 2325 1972 2390 ii,
2000 2325 2092 2394 qui

602 2417 620 2449 ι
664 2399 731 2453 ab
757 2401 888 2469 ipsis
915 2417 980 2456 ex
1009 2406 1350 2474 propriorum
1404 2412 1780 2482 episcoporum
1823 2431 2091 2471 consensu

600 2509 618 2527 ο
666 2503 1063 2550 assumuntur:
1102 2498 1184 2551 sin
1226 2512 1407 2555 autem
1455 2505 1617 2558 etiam
1664 2507 1734 2560 ab
1786 2508 1866 2563 eis
1912 2510 2090 2578 appel-

598 2595 618 2628 ι
660 2578 773 2634 lare
803 2581 1090 2650 voluerint,
1121 2601 1187 2639 ne
1228 2589 1514 2657 appellent,
1579 2593 1683 2648 nisi
1732 2595 1798 2649 ad
1852 2597 2091 2666 synodos

597 2687 616 2721 ι
657 2670 876 2738 Africae,
914 2675 995 2728 vel
1029 2677 1096 2729 ad
1119 2692 1339 2742 suarum
1376 2684 1775 2749 provinciarum
1809 2689 2086 2756 primates.

595 2782 612 2813 ι
656 2764 756 2830 Qui
786 2781 915 2821 vero
950 2769 1016 2822 ad
1048 2772 1412 2826 transmarina
1444 2773 1558 2829 loca
1600 2778 1872 2846 appellare
1900 2780 2088 2836 volue-

595 2875 612 2904 ι
654 2857 745 2920 rit,
783 2872 811 2909 a
855 2857 1001 2913 nullo
1032 2859 1082 2913 in
1121 2861 1298 2917 Africa
1323 2865 1389 2917 ad
1417 2869 1855 2925 communionem
1891 2871 2087 2926 admit-

593 2963 610 2994 ι
655 2956 812 3000 tatur.
857 2967 878 3003 ι.

590 3217 783 3272 BALS.
817 3219 1009 3275 Dicunt
1045 3221 1257 3290 Patres,
1299 3230 1441 3297 quod
1489 3230 1534 3284 si
1573 3233 1749 3298 quivis
1795 3233 2022 3288 clericus
2050 3251 2078 3289 a

517 3311 733 3378 proprio
761 3313 1015 3382 episcopo
1039 3319 1432 3374 condemnatus
1473 3321 1653 3384 fuerit,
1705 3334 1759 3377 et
1805 3336 2080 3394 gravetur,

519 3419 620 3456 non
652 3405 810 3458 debet
838 3409 902 3459 ad
932 3407 1155 3481 alterius
1180 3413 1470 3476 provincia:
1510 3416 1799 3485 synodum,
1831 3432 1949 3485 quae
1999 3428 2084 3471 est

518 3493 728 3561 longius
752 3497 1060 3564 appeliare;
1095 3501 1185 3554 sed
1215 3501 1520 3556 vicinorum
1565 3507 1952 3574 episcoporum
1983 3523 2080 3560 au-

515 3582 774 3636 dientiam
805 3583 1129 3653 implorare;
1163 3590 1326 3643 etiam
1361 3606 1479 3646 cum
1528 3609 1794 3648 consensu
1836 3597 1956 3663 ejus
1989 3598 2080 3665 qui

513 3673 677 3742 660
701 3675 1072 3731 condemnavit
1106 3693 1247 3745 eum,
1279 3684 1514 3752 episcopi
1571 3685 1772 3739 scilicet
1826 3689 1929 3740 Sui.
1985 3689 2078 3742 Sin

514 3776 692 3816 autem
729 3780 915 3818 eorum
945 3782 1176 3835 quoque,
1215 3771 1280 3824 ad
1305 3787 1441 3839 quos
1473 3776 1782 3842 appellavit,
1814 3782 2080 3832 sententia

513 3856 560 3906 ei
601 3855 901 3921 displiceat,
941 3874 1045 3911 non
1073 3859 1235 3915 debet
1287 3864 1349 3915 ad
1403 3866 1799 3921 transmarinas
1848 3872 2083 3938 synodos

515 3942 802 4010 appellare,
827 3961 943 4012 quae
976 3945 1158 4001 Romae
1186 3951 1395 4004 scilicet
1426 3953 1557 4006 liunt
1583 3969 1596 4019 ;
1639 3956 1730 4007 sed
1767 3959 1831 4007 ad
1867 3959 2054 4025 propin

516 4032 753 4098 quiores,
786 4050 976 4101 nempe
1006 4039 1070 4089 ad
1121 4041 1355 4106 synodos
1385 4042 1604 4106 Africae,
1637 4046 1716 4096 vel
1761 4046 1826 4098 ad
1859 4049 2078 4112 provin-

515 4123 721 4175 ciarum
759 4127 1198 4194 metropolitanos
1226 4145 1411 4184 eorum
1447 4134 1534 4200 qui
1585 4137 1819 4202 primum
1867 4138 2078 4203 jndiea-

515 4224 641 4266 runt
669 4216 1064 4282 episcoporum.
1097 4219 1152 4273 Si
1185 4223 1305 4288 quis
1333 4227 1847 4291 autcmprmterltaee
1867 4229 2075 4295 fecerit,

510 4308 1094 4364 cxconunnnicalionis
1157 4313 1533 4382 segregatione
1607 4319 2074 4374 condemnabimr.

510 4394 642 4448 Nota
672 4413 799 4466 ergo
829 4414 890 4451 ex
920 4400 1017 4453 hoc
1041 4405 1289 4470 prmsenti
1316 4421 1542 4469 canone,
1570 4410 1709 4476 quod
1737 4425 2074 4474 consmnen-
2113 4391 2151 4444 θ

512 4495 593 4538 ter
633 4487 735 4552 legi
771 4489 915 4541 civili
957 4489 1149 4545 Patres
1179 4509 1392 4564 quoque
1424 4511 1804 4552 concesserunt
1854 4501 1933 4552 his
1983 4518 2076 4568 :tp-

511 4576 707 4643 pellare
736 4593 829 4632 eos
882 4581 970 4647 qui
1002 4584 1443 4638 eondenmantur.
1478 4587 1611 4640 Nota
1646 4600 1896 4655 pra-tesca
1935 4594 2073 4656 ψιυί

509 4677 754 4737 tempore
790 4673 1072 4739 prms‘enlis
1106 4675 1293 4743 synodi
1328 4693 1429 4730 non
1471 4677 1740 4732 habebant
1766 4683 2077 4750 metropoli.

507 4758 658 4814 litani
691 4763 794 4816 tale
821 4763 911 4831 jus
942 4765 994 4818 in
1046 4780 1170 4818 suos
1208 4769 1490 4835 episcopos
1530 4769 1741 4838 illisque
1799 4773 2073 4839 subjectos

509 4850 757 4913 clericos,
796 4855 950 4922 quale
988 4871 1130 4910 nunc
1173 4859 1390 4912 habent.
1428 4861 1683 4916 Poterant
1715 4866 1857 4913 enim
1890 4863 2073 4915 clerici

507 4939 574 4991 ab
622 4941 884 5010 epiSCOpis
926 4946 1268 4999 condemnati
1330 4949 1632 5002 vicinorum
1696 4953 2069 5019 cpisenpornm

508 5029 834 5085 audientiam
859 5036 1129 5103 appellare
1164 5054 1176 5088 :
1209 5043 1347 5106 quod
1389 5056 1530 5093 nunc
1569 5058 1672 5096 non
1714 5044 2068 5108 admittetur;

508 5130 787 5189 pt'Opterca
847 5127 990 5193 quod
1043 5129 1094 5180 in
1154 5140 1340 5196 quarta
1405 5134 1612 5200 synodo
1672 5137 2068 5200 provinciarum

508 5214 894 5280 tnetropolilius
926 5219 1197 5284 provisum
1247 5221 1340 5275 sit.
1397 5226 1530 5275 (ﬁunt
1568 5234 1746 5277 autem
1798 5225 1880 5278 les
1927 5225 2071 5278 dicat

506 5315 601 5354 eos
628 5302 766 5368 laedi,
799 5307 888 5374 qui
920 5310 982 5362 ad
1017 5311 1464 5390 incompclentetn
1518 5317 1752 5384 judicent
1805 5332 2067 5384 provora-

503 5391 633 5458 rint,
686 5410 920 5462 praesens
959 5416 1133 5457 canon
1171 5406 1423 5460 damnum
1459 5410 1522 5463 ad
1552 5410 2066 5465 excommunicatio-

501 5496 625 5536 nem
649 5490 904 5544 extendit.

2198 503 2469 571 ἀμελῆσαι
2509 501 2670 564 αὐτὸς
2695 502 2790 571 τῆς
2819 503 3178 572 ὲκνικήσεως,
3241 505 3436 574 ἐλεχθῇ
3461 505 3518 557 δὲ
3571 502 3772 573 ψευδᾶο

2201 610 2364 661 μενος
2419 592 2494 661 μὴ
2543 595 2996 659 κοινωνησάντων
3053 595 3161 646 τῶν
3210 596 3520 664 αἰρετικῶν,
3574 596 3605 664 ἢ
3646 611 3775 648 και·-

2197 685 2553 753 νωυησάντων
2616 684 2718 755 μὲν
2765 686 2921 748 ἴσως,
2977 686 3052 754 μὴ
3103 687 3409 756 συνειδήσει
3456 687 3512 739 δὲ
3573 685 3773 750 αὐτοῦ,

2197 778 2318 829 ἀντὶ
2368 776 2460 828 τοῦ
2521 776 2595 847 μὴ
2653 776 2854 838 εἰδότος
2905 777 3070 830 αὑτοῦ
3140 779 3273 847 μηδὲ
3336 779 3770 839 σπουδάσαντος,

2197 871 2292 920 καὶ
2339 867 2440 936 τῆς
2485 868 2795 937 ἐπισκοπῆς
2843 869 3182 935 ἐκπεσεῖται,
3235 870 3403 938 ἤγουν
3435 867 3775 938 καθαιρεθή-

2199 976 2369 1013 σεται.

2196 1052 2420 1106 ΑΡΙΣΤ.
2463 1072 2480 1103 ι
2528 1053 2586 1106 Ὀ
2619 1053 2790 1105 εἰπὼν
2816 1053 3158 1114 κοινωνικὸν,
3189 1053 3249 1105 ὃν
3281 1049 3425 1107 οἶδεν
3450 1052 3764 1121 ἀκοινώνη-

2622 1163 2641 1196 ι
2670 1163 2780 1206 τον,
2809 1144 3248 1197 ἁποεπισκόπου.
3285 1162 3303 1194 ι

2270 1237 2462 1301 Ὅστις
2497 1239 2802 1297 ἐπίσκοπος
2851 1239 2977 1299 τοὺς
3007 1235 3340 1298 Δονατιστὰς
3373 1231 3479 1288 οἶδε
3510 1232 3773 1305 apo;th

2200 1331 2499 1400 καθολικὴν
2548 1330 2884 1398 Ἐκκλησίαν
2914 1329 2987 1399 μὴ
3016 1328 3491 1396 ὑποστρέψαντας,
3549 1329 3593 1378 εἰ
3627 1341 3775 1392 συγ-

2199 1423 2518 1492 κοινωνήσει
2589 1424 2794 1485 αὐτοῖς,
2848 1423 3022 1488 λέγων
3089 1422 3227 1489 πρὸς
3297 1420 3396 1485 τὴν
3445 1417 3775 1487 δρθοδοξίαν

2201 1515 2577 1584 μεταστρέψαι
2608 1516 2828 1580 αὐτοὺς,
2860 1517 2888 1568 ὁ
2905 1515 3151 1576 τοιοῦτος
3173 1512 3247 1574 ώς
3273 1511 3607 1580 ψευδόμενος
3631 1527 3701 1562 πε
3713 1511 3776 1578 pl

2196 1608 2293 1676 τῆς
2327 1608 2617 1668 κοινωνίας
2640 1607 2842 1668 αὐτῶν,
2874 1606 2967 1658 καὶ
3008 1607 3104 1675 τὴν
3151 1602 3480 1671 Ἐκκλησίαν
3506 1600 3596 1653 τοῦ
3623 1597 3773 1652 Θεοῦ

2196 1701 2514 1770 ἀπατήσας,
2549 1699 2704 1751 ἔσται
2733 1698 2953 1768 καθῃρη
2966 1699 3143 1766 μένος.

2693 1790 2924 1843 ΚΑΝΩΝ
2970 1787 3163 1856 PKQ".

2203 1906 2220 1939 ι
2265 1886 2400 1956 Περὶ
2419 1885 2812 1952 πρεσϐυτέρων
2868 1883 2961 1934 καὶ
2995 1875 3297 1949 κληρικῶν,
3332 1880 3420 1930 ἵνα
3470 1877 3544 1945 μὴ
3590 1877 3773 1928 ἐκκα-

2272 1996 2293 2030 ι
2325 1977 2549 2041 λῶνται,
2582 1976 2631 2028 εἰ
2660 1975 2732 2045 μὴ
2754 1975 2890 2042 πρὸς
2939 1973 3039 2036 τὰς
3061 1973 3178 2040 τῆς¹
3203 1971 3471 2040 Ἀρρικῆς
3487 1969 3773 2030 συνόδους-

2271 2086 2291 2119 ι
2348 2066 2579 2135 Ὁμοίως
2613 2065 2832 2135 ἧρεσεν,
2858 2064 2944 2116 ἵνα
2973 2061 3360 2131 πρεσϐύτεροι.
3381 2059 3637 2117 διάκονοι,
3663 2057 3777 2110 καὶ

2271 2177 2289 2209 ι
2331 2160 2378 2210 οἰ
2403 2159 2588 2210 λοιποὶ
2621 2157 2930 2226 κατώτεροι
2989 2153 3268 2224 κληρικοί.
3329 2152 3388 2204 ἐν
3430 2147 3518 2213 αἷς
3567 2151 3776 2218 ἔχωσιν

2271 2270 2290 2302 ι
2336 2250 2565 2312 αἰτίαις.
2597 2249 2691 2302 ἐὰν
2717 2250 2847 2318 περὶ
2887 2247 2986 2315 τῆς
3014 2246 3198 2316 ψήφου
3248 2246 3376 2309 τοὺς
3411 2244 3578 2305 ἰδίους
3608 2243 3774 2293 ’ἑπι-

2272 2359 2290 2392 ι
2332 2341 2572 2402 σκόπους
2607 2340 2954 2406 μέμφωνται,
2989 2340 3036 2390 οί
3076 2337 3421 2404 γειτνιῶντες
3471 2332 3773 2386 ἐπίσκοποι

2269 2453 2288 2485 ι
2326 2431 2535 2486 τούτων
2589 2431 2993 2498 ἀκροάσωνται,
3050 2431 3144 2481 καὶ
3190 2427 3257 2479 τὰ
3310 2426 3514 2497 μεταξὺ
3556 2424 3776 2476 τούτων

2266 2544 2284 2576 ι
2322 2522 2716 2592 περατώσωσιν
2765 2523 2813 2573 οἰ
2873 2520 3004 2590 παρ’
3073 2518 3251 2571 αὐτῶν
3315 2517 3460 2570 κατὰ
3512 2516 3774 2568 συναινε-

2265 2637 2284 2671 ι
2326 2635 2410 2670 σιν
2458 2617 2566 2669 τῶν
2623 2616 2767 2669 ἰδίων
2821 2615 3006 2667 αὐτῶν
3043 2613 3365 2666 ἐπισκόπων
3405 2607 3776 2679 προσλαμϐα-

2263 2728 2283 2760 ι
2324 2713 2541 2779 νόμενοι
2565 2726 2580 2741 '
2613 2711 2708 2762 ἐὰν
2736 2710 2793 2762 δὲ
2846 2708 2940 2762 καὶ
2991 2708 3087 2760 ἀπ’
3117 2706 3295 2758 αὐτῶν
3357 2702 3773 2756 ἐκκαλέσασθαι

2263 2820 2282 2852 ι
2321 2800 2646 2870 θελήσωσιν,
2686 2802 2759 2870 μὴ
2808 2799 3236 2857 ἐκκαλέσωνται.
3289 2797 3337 2849 εἰ
3371 2795 3445 2865 μὴ
3493 2796 3628 2864 πρὸς
3657 2793 3776 2857 τὰς

2264 2914 2283 2945 ι
2323 2895 2422 2964 τῆς
2458 2895 2722 2963 Ἀφρικῆς
2742 2893 3007 2954 συνόδους,
3030 2893 3062 2961 ἦ
3083 2890 3217 2958 πρὸς
3233 2888 3357 2950 τοὺς
3382 2884 3773 2956 πρωτεύοντας

2259 3001 2276 3033 ι
2313 2983 2421 3035 τῶν
2457 2982 2602 3034 ἰδίων
2652 2981 2831 3034 αὐτῶν
2864 2979 3162 3047 ἐπαρχιῶν.
3220 2978 3362 3046 Πρὸς
3391 2977 3446 3028 δὲ
3491 2976 3558 3028 τὰ
3588 2974 3774 3041 πέραν

2266 3093 2282 3123 ι
2319 3073 2420 3138 τῆς
2489 3071 2760 3137 θαλάσσης
2805 3069 3178 3136 ὁοβουλόμενος
3243 3065 3616 3128 ἐκκαλεῖσθαι,
3649 3064 3774 3116 ἀπὸ

2263 3163 2518 3232 «μηδενὸς
2547 3163 2601 3213 ἐν
2637 3163 2871 3229 Ἅφρικῇ
2910 3157 3121 3227 δεχθείη
3149 3159 3226 3219 εἰς
3261 3161 3574 3211 κοινωνίαν.
3603 3176 3621 3208 ι
3715 3145 3717 3147 ’

2263 3253 2457 3304 ΒΑΛΣ.
2492 3251 2658 3303 Φασίν
2687 3251 2736 3302 οἰ
2766 3249 3008 3316 Πατέρες
3033 3249 3134 3307 ὅτι,
3175 3248 3271 3298 ἐὰν
3301 3247 3569 3315 οἰοσδήτις
3622 3244 3771 3316 κληο

2188 3345 2340 3413 ρικὺς
2387 3342 2757 3411 καταδικασθῇ
2813 3341 2968 3409 παρὰ
3020 3339 3112 3393 τοῦ
3169 3341 3375 3392 οἰκείου
3432 3340 3767 3406 ἐπισκόπου,

2185 3434 2278 3487 καὶ
2329 3433 2651 3502 βαρύντιται,
2701 3432 2800 3483 οὐκ
2845 3430 3052 3496 ὀφείλει
3111 3430 3246 3497 πρὸς
3298 3427 3517 3480 σύνοδον
3565 3425 3771 3494 ἐτέρας

2187 3523 2458 3590 ἐπαρχίας
2489 3521 2825 3590 πορρωτέρω
2853 3520 3019 3572 οὖσαν
3051 3518 3402 3571 ἐκκαλεῖσθαι
3423 3534 3436 3546 ο
3465 3516 3598 3568 ἀλλὰ
3627 3518 3772 3568 ἀνει-

2187 3613 2470 3666 καλεῖσθαι
2503 3613 2600 3681 τὴν
2622 3612 2730 3662 τῶν
2753 3610 3111 3677 γειτνιώντων
3140 3608 3448 3660 ἐπισκόπων
3466 3606 3772 3675 ἀκρόασιν,

2187 3705 2277 3755 καί
2325 3706 2461 3772 μετά
2509 3687 2868 3762 συναινέσεως
2918 3699 3013 3753 τοῦ
3068 3700 3535 3761 καταδικάσαντος
3591 3699 3770 3751 αὑτὸν

2186 3797 2390 3847 οἰκείου
2419 3796 2741 3847 ἐπισκόπου.
2791 3795 2916 3845 Ἐὰν
2945 3793 3000 3845 δὲ
3019 3794 3114 3844 καί
3146 3794 3239 3844 ἐπὶ
3263 3793 3331 3862 τῇ
3361 3791 3469 3844 τῶν
3496 3790 3768 3843 τοιούτων

2189 3885 2560 3953 ἐκκλητορίων
2616 3886 2892 3952 ἀποφάσει
2952 3884 3360 3951 ἀπαρέσκηται,
3419 3887 3518 3937 οὑκ
3552 3881 3772 3950 ὀφείλει

2188 3975 2324 4044 πρὸς
2357 3977 2454 4036 τὰς
2483 3974 2656 4044 πέραν
2675 3975 2774 4042 τῆς
2798 3974 3075 4044 θαλάσσης
3095 3975 3350 4036 συνόδους
3383 3973 3770 4041 ἐκκαλεῖσθαι,

2184 4065 2281 4126 τὰς
2320 4068 2377 4118 ὲν
2421 4064 2611 4134 Ῥώμῃ
2658 4066 2880 4132 δηλαδὴ.
2943 4065 3078 4117 ἀλλά
3139 4057 3275 4135 πρὸς
3319 4066 3423 4130 τὰς
3475 4066 3771 4134 ἐγγυτέρω

2183 4156 2369 4231 οὖσαῇ.
2412 4157 2639 4224 ἤγουνῆ
2675 4157 2808 4226 πρὸς
2840 4156 2937 4218 τὰς
2965 4158 3062 4226 τῆς
3110 4158 3374 4227 ’Δφρικῆς
3421 4157 3684 4217 συνόδους,
3724 4158 3764 4223 ἢ

2186 4249 2322 4318 πρὸς
2354 4248 2478 4309 τοὺς
2506 4247 2909 4316 μητροπολίτας
2937 4247 3045 4298 τῶν
3081 4249 3362 4315 ἐπαρχιῶν
3389 4247 3499 4300 τῶν
3523 4248 3766 4317 πρώτως

2184 4340 2483 4406 κρινάντων
2504 4337 2836 4389 ἐπισκόπων.
2865 4339 2923 4389 Εἰ
2944 4337 2996 4389 δὲ
3020 4337 3168 4406 παρὰ
3195 4337 3366 4390 ταῦτά
3391 4355 3473 4401 τις
3495 4340 3744 4407 ποιήσει,

2187 4429 2480 4498 ἀφορισμῷ
2499 4429 2895 4496 ἀκοινωνησίας
2921 4430 3413 4499 κατακριθήσεται.
3443 4430 3771 4500 Σημείωσαε

2184 4520 2410 4582 οὖνὰπὸ,
2438 4519 2531 4571 τοῦ
2579 4522 2847 4586 παρόντος
2901 4520 3123 4580 κανόνος
3167 4521 3249 4571 ὅτι
3308 4519 3616 4580 ἀκολούθως
3667 4519 3758 4590 τῷ

2184 4613 2448 4680 πολιτικῷ
2471 4614 2620 4679 νόμῳ
2656 4613 2748 4662 καί
2773 4613 2822 4662 οἰ
2850 4611 3090 4679 Πατέρες
3119 4609 3468 4678 ἐξεχώρησαν
3489 4612 3567 4674 δὶς
3591 4615 3766 4665 ἐκκας

2180 4704 2392 4756 λεῐσθαι
2422 4703 2546 4763 τους
2573 4701 3124 4769 καταδικαζομένους.
3177 4702 3297 4753 Ἔτι
3332 4703 3634 4772 σημείωσαι
3661 4703 3756 4756 ὅτι

2183 4795 2325 4847 κατὰ
2355 4794 2444 4845 τὸν
2476 4793 2669 4861 καιρὸν
2696 4793 2792 4859 τῆς
2813 4791 3094 4860 παρούσης
3127 4794 3348 4845 συνόδου
3386 4794 3485 4845 οὐκ
3511 4789 3654 4863 εἶχον
3696 4798 3761 4846 οἱ

2182 4884 2584 4953 ’μητροπολῖται
2631 4883 2854 4936 τοιαῦτα
2886 4883 3069 4935 δίκαια
3100 4883 3241 4936 κατὰ
3293 4884 3402 4936 τῶν
3426 4883 3755 4936 ἐπισκόπων

2181 4976 2360 5028 αὐτῶν
2389 4976 2482 5027 καὶ
2535 4976 2644 5026 τῶν
2681 4976 2772 5027 ὑπ’
2827 4977 3026 5037 αὐτοὺς
3093 4975 3394 5044 κληρικῶν,
3433 4972 3521 5028 οἶα
3571 4977 3763 5043 ἔχουσι

2186 5066 2444 5132 σήμερον.
2490 5063 2779 5116 ’ἰίδύναντο
2828 5064 2937 5130 γὰρ
2963 5066 3013 5116 οἰ
3049 5065 3197 5133 παρᾶ
3229 5065 3542 5118 ἐπισκόπων
3581 5082 3758 5118 κατα-

2181 5153 2527 5222 δικαζόμενοι
2545 5155 2800 5223 κληρικοὶ
2821 5153 2918 5224 τὴν
2949 5153 3056 5206 τῶν
3084 5155 3500 5220 γειτνιαζόντων
3529 5157 3762 5209 ἐπισκό-

2180 5263 2299 5298 πων
2339 5247 2732 5298 ἀνακαλεῖσθαι
2766 5246 3033 5315 ἀκρόασιν
3055 5262 3069 5279 ⁶
3094 5249 3230 5316 ὅπερ
3255 5248 3454 5316 ἀρτίως
3482 5250 3540 5300 οὐ
3570 5266 3759 5318 παρα-

2177 5333 2499 5400 δεχθήσεται
2534 5334 2620 5386 διὰ
2678 5336 2773 5404 τὴν
2821 5337 3123 5405 γενομένην
3171 5338 3488 5404 οἰκονομίαν
3525 5341 3607 5402 εἰς
3647 5340 3756 5406 τὰς

2179 5427 2289 5477 τῶν
2311 5427 2598 5494 ἐπαρχιῶν
2651 5428 3015 5496 μητροπόλεις
3067 5427 3208 5479 κατὰ
3257 5429 3355 5496 τὴν
3407 5430 3446 5481 δ’
3502 5429 3753 5486 σύνοδον.

2182 5515 2289 5567 Τοῦ
2340 5515 2393 5566 δὲ
2457 5517 2622 5584 νόμου
2685 5517 2932 5584 λέγοντος
2995 5517 3327 5587 βλάπτεσθαι
3396 5522 3518 5581 to);
3581 5522 3755 5574 ἐκκι-

2181 5605 2516 5673 λεσαμένους
2581 5609 2658 5668 εἰς
2725 5609 3072 5678 ἁπρόσᾳορον
3125 5609 3405 5678 δικαστὴν,
3467 5614 3493 5663 ό
3555 5610 3754 5682 παρὼν

2184 5694 2359 5747 κανὼν
2399 5697 2493 5766 τὴν
2525 5696 2730 5766 βλάϐην
2769 5698 2848 5760 εἰς
2895 5699 3289 5770 ἀκοινωνησίαν
3325 5700 3633 5764 ἐξεεάϐετο.
