4002 6314
226 301 328 366 405

1214 306 1283 362 ΙΝ
1325 306 1487 364 CAN.
1535 305 1626 363 CX
1643 306 1803 366 XVII
1830 307 2044 371 CONC.
2074 311 2448 373 CARTHAG.

3365 316 3472 381 406

289 417 535 471 ΖΩΝΛΡ.
568 418 706 478 Τοὺς
759 417 1058 484 κληρικοῐις
1111 417 1219 469 τῶν
1279 417 1587 487 ἐκκλησιῶν
1644 419 1801 480 δίκας

1979 423 2228 478 ZONAR.
2266 425 2336 480 Ut
2367 427 2571 491 clerici,
2608 429 2698 498 qui
2733 430 3132 487 ecclesiasticas
3164 432 3214 486 in
3253 449 3312 488 se
3339 436 3475 488 invi-

227 511 444 573 ἔχοντας
479 508 612 577 πρὸς
667 508 929 575 ἀλλήλους
973 510 1124 576 παρὰ
1184 500 1293 570 τοῖς
1342 509 1686 574 ἐπισκόποις,
1717 503 1797 571 οἷς

229 600 566 658 ὑπόκεινται,
601 599 920 660 δικάζεσθαι
948 599 1196 668 διάφοροι
1225 601 1450 663 κανόνες
1499 601 1794 669 ὡρίσαντο.

237 689 293 740 ὐ
314 690 367 740 δέ
399 689 588 758 παρὼν
618 691 800 741 κανὼν
827 690 956 760 περὶ
1002 692 1290 757 ἐκκλήτων
1324 693 1667 762 θεσμοθετεῖ,
1705 694 1798 746 καί

229 798 386 846 φησιν
414 781 518 842 ὅτι,
569 782 663 833 ἐὰν
696 782 1125 849 ἀπαρέσκωνται
1156 787 1219 853 τῇ
1251 784 1415 853 ψήφῳ
1442 785 1552 836 τῶν
1581 786 1801 838 ἐπισκῆ-

232 887 342 923 των
371 873 551 925 αὐτῶν
577 875 626 924 oi
654 876 782 941 παρ’
821 875 1009 935 αὐτοῖς
1046 875 1402 945 δασσάμενοι
1446 878 1719 951 κληρικοξ,
1748 878 1798 930 οἱ

230 962 598 1026 γειτσνοῦντες
652 964 948 1016 ἐπίσκοποι
1017 964 1227 1016 τούτων
1285 966 1662 1032 ἀκροάσονται,
1709 969 1800 1019 καὶ

228 1051 735 1120 διαγνωμονὴσουσι
786 1056 1040 1124 περὶτῆς
1065 1055 1274 1124 ψήφου,
1307 1057 1354 1107 εί
1396 1056 1546 1108 ἐστιν
1600 1060 1801 1111 ἀνεπι-

229 1147 455 1214 σφαλής.
495 1148 752 1202 Ἔσονται
788 1149 845 1200 δὲ
883 1148 1259 1219 ἐκκλητάριοι,
1309 1149 1505 1212 οἵτινες
1550 1149 1617 1202 ἂν
1650 1151 1801 1220 παρὰ

227 1239 330 1291 τῶν
363 1238 744 1307 δικαζομένων
793 1239 1092 1304 ἐπιλεγῶσι
1149 1241 1288 1292 κατὰ
1352 1242 1660 1295 συναίνεσιν
1706 1241 1800 1294 τοῦ

227 1329 522 1382 ἐπισκόπου
549 1330 752 1384 αὐτῶν.
799 1329 930 1383 Ἐὰν
958 1330 1013 1382 δὲ
1064 1332 1218 1400 καὶὴ
1261 1332 1372 1382 τῶν
1423 1334 1802 1401 ἐκκληταρίων

228 1422 537 1474 ἐπισκόπων
588 1423 870 1490 ἀπόφασις
943 1424 1256 1493 ἀπαρέσκῃ,
1341 1429 1492 1493 παρὰ
1564 1428 1681 1488 ταῖς
1745 1427 1802 1478 ἐν

238 1515 469 1583 ’Δφρικῇ
502 1515 745 1575 συνόδοις
788 1513 1276 1586 δοκιμασθήσεται,
1341 1518 1435 1568 καὶ
1492 1517 1644 1588 παρὰ
1692 1521 1801 1580 τοῖς

225 1607 564 1674 πρωτεύουσι
600 1606 711 1659 τῶν
755 1606 1058 1677 ἐπαρχιῶν⁸
1093 1609 1263 1677 ἧγουν
1301 1608 1417 1667 τοῖς
1444 1608 1801 1677 προκαθημέο

227 1718 328 1760 νοις
355 1699 469 1751 τῶν
491 1699 690 1757 ἄλλων.
752 1700 814 1752 Ei
837 1699 892 1750 δέ
921 1716 1028 1763 τις,
1090 1700 1247 1768 φησι,
1303 1699 1591 1769 βουληθείη
1626 1701 1802 1768 πέραν

1907 532 2022 571 cent
2050 521 2452 577 controversias
2506 520 2724 585 habent,
2758 521 2828 574 ab
2857 522 3012 592 ipsis,
3054 525 3249 592 quibus
3298 526 3475 596 subii-

1907 609 2123 662 ciuntur
2186 611 2458 678 episcopis
2501 609 2851 678 iudicentur,
2915 612 3147 680 plurium
3209 629 3474 672 canonum

1906 698 2130 754 decreto
2157 703 2510 755 constitutum
2562 712 2667 758 est.
2703 702 2816 758 Hoc
2854 719 2984 759 vero
3023 723 3229 764 canone
3257 709 3322 763 de
3351 726 3478 779 ["09

1908 795 2290 848 vacationibus
2323 795 2600 859 statuitur,
2644 804 2700 850 ut
2731 797 2776 850 si
2815 797 3066 851 nimirum
3099 802 3476 868 episc0porum

1906 899 2126 937 sitorum
2149 885 2354 953 judicio
2386 885 2658 957 litigantes
2683 887 2869 942 clerici
2899 897 3044 944 stare
3073 890 3259 956 nolim,
3293 907 3321 945 a
3351 893 3478 947 vici-

1908 978 1994 1030 nis
2016 978 2283 1046 episcopis
2314 980 2625 1046 audiantur,
2657 995 2720 1035 ac
2744 981 2812 1035 ab
2841 982 2922 1038 eis
2949 985 3226 1037 sententia:
3250 986 3479 1053 aequitas

1911 1069 2278 1124 exautiuetur.
2308 1069 2530 1125 Iudices
2563 1087 2728 1139 porro
2756 1073 2844 1128 isti
2873 1074 3277 1142 provocationis
3319 1093 3345 1129 a
3377 1077 3478 1130 liti-

1911 1160 2181 1225 gattlilttts,
2221 1176 2325 1215 non
2379 1163 2500 1217 sine
2544 1163 2784 1234 episcOpi
2849 1175 3028 1220 tamen
3071 1168 3476 1234 approbatione.

1909 1251 2237 1318 deligentur.
2267 1251 2421 1319 Quod
2457 1255 2502 1309 si
2531 1254 2642 1322 ipsa
2689 1270 2909 1323 quoque
2935 1258 3314 1326 episcoporum
3352 1275 3479 1312 sen-

1911 1343 2100 1405 tentia,
2129 1344 2193 1398 ad
2225 1359 2362 1413 quos
2388 1361 2771 1413 provocavere,
2812 1361 2916 1401 non
2935 1348 3279 1413 satisfecerit,
3303 1348 3366 1402 ad
3387 1365 3477 1419 sy-

1909 1436 2080 1489 nodos
2119 1437 2169 1490 in
2222 1438 2402 1491 Africa
2453 1439 2732 1494 habendas
2770 1454 2932 1494 causa
2981 1440 3271 1501 referetur,
3323 1448 3482 1510 atque

1910 1528 1976 1581 ad
2002 1529 2406 1596 provinciarum
2461 1532 2741 1597 primates,
2787 1533 2877 1600 qui
2930 1533 3135 1586 scilicet
3183 1532 3304 1585 aliis
3358 1547 3481 1585 cum

1911 1620 2236 1672 auctoritate
2269 1622 2511 1686 praefecti
2549 1633 2696 1678 sunt.
2735 1623 2790 1676 Si
2825 1624 2948 1692 quis
2996 1635 3176 1679 autem
3203 1623 3268 1677 ad
3303 1634 3481 1678 trans-

1908 1711 2116 1764 marina
2146 1711 2369 1780 judicia,
2398 1715 2497 1767 hoc
2528 1724 2633 1778 est,
2667 1716 2734 1768 ad
2787 1715 2952 1769 Italia:
2977 1718 3281 1783 episcopos,
3311 1716 3391 1769 vel
3417 1717 3482 1772 ad

227 1792 319 1858 τῆς
350 1792 633 1859 θαλάσσης
663 1792 1099 1854 ἐκκαλέσασθαι,
1144 1794 1316 1860 ῆγουν
1358 1793 1497 1860 πρὸς
1541 1796 1669 1856 τοὺς
1701 1795 1800 1862 τῆς

1921 1802 2070 1857 italiae
2098 1805 2362 1874 synodum
2393 1821 2687 1872 provocare
2709 1807 2860 1868 velit,
2898 1821 2925 1859 a
2962 1805 3368 1873 communione,
3398 1807 3487 1862 ιιι-

240 1882 473 1945 Ὶταλίας
504 1882 845 1942 ἐπισκόπους
879 1883 973 1936 καὶ
1004 1883 1104 1954 τὴν
1153 1884 1272 1935 ἐκεῖ
1304 1883 1546 1946 σύνοδον,
1577 1884 1808 1938 ἀκοινώ-

229 1991 404 2040 νητος,
461 1975 646 2046 φησιν,
693 1975 811 2047 ἤτω
858 1974 1013 2046 παρὰ
1049 1977 1116 2044 τῇ
1173 1976 1380 2044 συνόδῳ
1438 1975 1540 2042 τῆς
1611 1977 1802 2045 Ἀφρι-

229 2068 346 2130 κῆς.

228 2165 446 2219 ΔΡΙΣΤ.
524 2183 542 2215 ι
583 2166 969 2239 Πρεσϐύτερος
1020 2168 1115 2221 καὶ
1171 2167 1446 2230 διάκονος,
1501 2167 1810 2236 ἐπιμεμφό-

300 2274 318 2305 ι
358 2273 514 2324 μενοι
556 2259 870 2328 ἐπισκόπῳ,
907 2259 1152 2325 γείτοσιν
1179 2258 1507 2321 ἐπισκόποις
1557 2258 1809 2324 ἐγκαλεί-

303 2366 320 2397 ι
353 2364 576 2401 τωσανο
628 2349 768 2401 ἀλλὰ
818 2351 894 2419 μὴ
953 2350 1015 2402 τὸ
1064 2348 1305 2416 πέλαγος
1363 2349 1804 2418 διαπεράτωσαν.

301 2456 319 2488 ι
371 2440 760 2506 Ἀκοινὼνητοι
800 2441 909 2507 γὰρ
940 2441 1154 2493 εσονται
1179 2442 1237 2492 ἐν
1281 2441 1551 2509 Ἀφρικῇ.
1605 2458 1624 2490 ι

290 2529 465 2582 Τοῦτο
523 2529 621 2583 καὶ
689 2533 746 2583 ἐν
819 2535 897 2601 τῷ
951 2531 1182 2600 εἰκοστῷ
1250 2532 1424 2600 ὀγδόῳ
1479 2533 1664 2584 κανόνι
1709 2533 1808 2600 τῆς

233 2620 509 2689 παρούσης
538 2622 760 2674 συνόδου
799 2623 1034 2691 ὡρίσθη.
1077 2623 1138 2675 τὸ
1169 2625 1243 2693 μή
1273 2641 1396 2675 τινα
1430 2621 1808 2692 πρεσϐύτερον

231 2711 562 2779 ἢδιάκονον,
605 2712 756 2782 παρὰ
802 2712 898 2765 τοῦ
955 2713 1087 2766 ἰδίου
1144 2715 1449 2766 ἐπισκόπου
1511 2714 1811 2767 καταδικα-

232 2800 443 2863 σθέντα.
495 2803 588 2854 καὶ
619 2805 720 2872 τὴν
771 2806 957 2870 κρίσιν
984 2845 994 2852 .
1019 2804 1496 2873 ἐπιμεμφόμενον,
1531 2804 1628 2856 καὶ
1666 2804 1810 2856 κατὰ

233 2895 434 2962 ταύτης
496 2897 853 2950 ἐκκαλεῖσθαι
906 2897 1257 2967 βουλόμενον,
1303 2901 1364 2951 τὸ
1409 2899 1648 2967 πέλαγος
1708 2901 1809 2969 τῆς

243 2985 512 3056 ’Ᾱτρικῆς
557 2989 847 3056 διαπερᾶν,
887 2993 982 3042 καὶ
1016 2993 1145 3060 περὶ
1183 2994 1392 3061 ταύτης
1427 2993 1528 3059 τῆς
1585 2993 1809 3062 Ῥώμης

233 3078 660 3147 προσέρχεσθαι,
713 3080 850 3133 ἀλλὰ
910 3084 1025 3143 τοῖς
1074 3083 1319 3148 γείτοσιν
1384 3081 1636 3144 ἐγκαλεῖν
1684 3082 1808 3135 ἐπι-

236 3170 481 3232 σκόποις,
516 3171 611 3222 καὶ
646 3173 778 3239 παρ’
834 3173 1018 3234 αὐτοῖς
1045 3172 1350 3240 γυμνάζειν
1380 3173 1480 3241 τὴν
1517 3173 1802 3240 ἔκκλητον·

239 3263 285 3310 εἰ
332 3261 388 3312 δὲ
423 3260 521 3330 μὴ.
574 3261 940 3331 ἀκοινώνητον
988 3258 1128 3314 εἶναι
1182 3264 1238 3313 ἐν
1269 3262 1527 3331 Ἀφρικῇ.
1562 3261 1730 3313 Τοῦτο
1753 3261 1807 3313 δὲ

236 3350 501 3420 ﬁnal-301;,
553 3352 628 3414 ὼς
675 3349 855 3421 οἶμαι,
914 3355 1003 3406 διά
1050 3370 1109 3405 τε
1165 3353 1291 3414 τοὺς
1331 3353 1473 3404 κατὰ
1529 3353 1808 3403 θάλασσαν

237 3444 536 3505 κινδύνους,
559 3447 648 3496 καὶ
671 3445 732 3497 τὸ
762 3427 837 3515 μὴ
869 3445 1163 3514 συντριϐάς
1195 3444 1528 3512 ὑφίστασθαι
1553 3443 1648 3496 καὶ
1683 3461 1808 3495 και-

239 3541 500 3606 νοτομίας
518 3537 587 3589 τὰ
617 3539 763 3608 μέρη
797 3539 884 3590 διὰ
908 3537 1007 3609 τὴν
1035 3539 1122 3590 ἐπὶ
1154 3537 1312 3606 ξένης
1338 3536 1558 3606 μακρὰν
1610 3535 1811 3604 ἀποδη-

241 3627 385 3694 μίαν.

772 3717 1004 3772 ΚΑΝΩΝ
1035 3716 1209 3771 PKZ'.

243 3812 425 3880 «Περὶ
489 3811 778 3881 παρθένων
839 3811 1053 3880 μικρῶν
1138 3810 1219 3862 ἔτι
1298 3809 1403 3878 μὴν
1467 3807 1810 3860 καλυπτὲων.

311 3921 327 3952 ι
377 3902 616 3972 Ὁμοίως
642 3905 866 3972 ήρεσεν,
909 3904 997 3955 ἵνα
1032 3903 1392 3978 όστισδήττοτε
1428 3901 1538 3953 τῶν
1583 3898 1817 3952 ἐπισκό-

311 4013 328 4044 ι
376 4011 514 4057 πων,
542 3995 609 4047 δι’
644 3996 892 4063 ἀνάγκην
930 3995 1031 4064 τῆς
1063 3995 1402 4062 παρθενικῆς
1459 3991 1813 4064 σωφροσύνης

313 4106 330 4137 ι
371 4089 825 4159 κινδυνευούσης,
853 4092 946 4142 ὅτε
980 4090 1276 4160 ἢέραστὴς
1312 4087 1593 4156 δυνατδςῆ
1632 4083 1815 4153 ἅρπαξ

318 4198 335 4230 ι
371 4197 454 4242 τις
491 4182 637 4232 ἐστὶν
668 4184 725 4233 ἐν
762 4181 988 4250 ὑποψία,
1021 4181 1052 4249 ἢ
1088 4183 1167 4232 ἔτι
1207 4179 1310 4250 μὴν
1341 4180 1446 4231 ὑπό
1479 4195 1623 4239 τινος
1653 4177 1817 4228 θανα-

317 4288 336 4321 ι
371 4271 617 4340 τηφόρου
640 4270 886 4322 κινδύνου
925 4268 1072 4336 αὕτη
1111 4267 1292 4320 ἔσεται
1317 4266 1596 4335 νυχθεῖσα,
1635 4277 1817 4330 παρα-

320 4380 337 4412 ι
380 4360 697 4414 καλούντων
727 4361 759 4429 ἦ
794 4360 901 4412 τῶν
935 4359 1143 4426 γονέων
1182 4357 1374 4424 αὐτῆς,
1410 4349 1544 4425 ἦῶν
1569 4356 1633 4422 τῇ
1655 4367 1818 4422 φρον⁴

326 4471 344 4503 ι
381 4453 488 4506 τὶδι
514 4452 820 4515 ἀνάκειται,
852 4449 944 4502 διὰ
973 4452 1035 4501 τὸ
1069 4450 1144 4518 μὴ
1185 4447 1358 4518 χωρὶς
1410 4445 1505 4498 τοῦ
1539 4446 1817 4534 σχήματος
1847 4476 1894 4534 D

314 4562 331 4592 ι
367 4541 746 4608 τελειωθῆναι,
821 4539 1040 4609 καλύψῃ
1112 4537 1467 4608 παρθένονῆ
1543 4533 1816 4602 ἐκάλυψεν

316 4652 334 4681 σ
376 4633 533 4696 ἐντὸς
595 4631 790 4698 κείρας
866 4629 1128 4683 ἐνιαυτῶν
1206 4628 1573 4689 εἰκοσιπέντε,
1654 4625 1818 4694 μηδὲν

321 4743 338 4775 ι
379 4726 473 4775 τὸν
487 4722 735 4775 τοιοῦτον
756 4721 934 4791 βλάψῃ
955 4722 1084 4792 περὶ
1112 4719 1308 4774 τούτου
1335 4717 1427 4772 τοῦ
1449 4715 1686 4788 ἀριθμοῦ
1709 4714 1819 4767 τῶν

324 4835 340 4865 ι
380 4815 649 4867 ἐνιαυτῶν
680 4813 1091 4866 κατασταθεῖσα
1132 4813 1406 4874 σύνοδος.)

317 4904 514 4958 ΒΑΛΣ.
549 4903 954 4974 Καθιεροῦσθαι
982 4905 1079 4972 μὲν
1112 4904 1420 4974 παρθένους
1459 4904 1819 4975 διαλαμϐάνει

253 4999 457 5060 ὁὲκτος
492 4996 670 5049 κανὼν
702 4997 803 5065 τῆς
857 4995 1144 5065 παρούσης
1200 4997 1441 5062 συνόδου,
1493 4997 1590 5050 καὶ
1643 4997 1670 5048 ὁ
1714 4999 1817 5068 μδν,

253 5087 384 5141 ὥστε
417 5092 475 5140 ἐν
510 5091 576 5156 τῇ
619 5086 869 5158 ἁρμοδίῳ
924 5090 1111 5159 ἡλικίᾳ.
1171 5090 1264 5141 καὶ
1310 5090 1658 5152 διακονίσσας
1694 5088 1821 5142 καθ-

256 5180 493 5234 ίστασθαι
514 5181 706 5242 αὐτάς.
738 5180 1330 5250 Μετασχηματίςεσθαι
1349 5179 1401 5231 δὲ
1424 5181 1532 5233 ἀπὸ
1554 5180 1645 5232 τοῦ
1675 5197 1820 5248 παρ-

251 5269 389 5333 όντος
447 5271 672 5331 κανόνος
720 5269 1067 5340 μανθάνομεν
1119 5271 1257 5339 μετὰ
1292 5271 1384 5321 τὸν
1435 5269 1514 5322 κε’
1553 5271 1820 5325 ἐνιαυτόν.

257 5361 381 5414 Φασὶ
413 5362 525 5430 γὰρ
556 5364 603 5414 οἱ
622 5363 886 5430 Πατέρες,
913 5363 1026 5423 ἱνα,
1051 5361 1145 5413 ἐὰν
1173 5362 1472 5422 ἐπίσκοπος
1497 5361 1527 5422 ἦ
1556 5361 1817 5427 ἐκάλυψε,

251 5454 483 5506 τουτέστι
508 5454 968 5523 μετεσχημάτισα,
999 5455 1263 5523 παρθένον
1293 5454 1659 5506 άνατεθεῐσαν
1678 5454 1818 5524 Θεῷ,

259 5543 288 5612 ἢ
316 5545 548 5614 καλύψει
579 5545 689 5615 πρὸ
739 5547 839 5615 τῆς
870 5547 1083 5616 κείρας,
1124 5548 1292 5616 ἤγουν
1330 5545 1436 5614 πρδ
1466 5547 1563 5613 τῆς
1602 5546 1821 5614 ἡλικίας

257 5635 360 5687 τῶν
413 5643 491 5688 κε’
547 5638 812 5691 ἐνιαυτῶν
868 5638 1055 5706 (τυχὸν
1103 5641 1210 5708 γὰρ
1279 5638 1708 5689 ἐπεϐουλεύσατο
1756 5640 1819 5707 τῇ

258 5729 572 5800 σωφροσύνῃ
622 5730 830 5800 ταύτης
856 5731 1092 5800 ἐραστὴς
1127 5730 1433 5800 δ·ινατὺς,ἢ
1468 5727 1822 5782 ὑπωπτεύετο

1911 1895 2052 1962 quit,
2077 1895 2139 1950 .in
2175 1896 2375 1952 Africa:
2405 1898 2614 1966 synodo
2642 1899 2987 1953 excludatur.

1911 2165 2139 2221 ARIST.
2176 2187 2194 2220 ι
2241 2168 2532 2241 Presbyter
2585 2180 2639 2227 et
2693 2173 2978 2241 diaconus,
3009 2174 3102 2245 qui
3132 2174 3198 2229 de
3228 2175 3491 2245 episcopo

1988 2276 2007 2308 ι
2045 2274 2143 2313 suo
2176 2275 2607 2331 conqueruntur,
2642 2266 2710 2319 ad
2738 2266 2944 2321 vicinos
2974 2267 3270 2335 episcopos
3302 2268 3484 2336 appel-

1993 2368 2010 2399 σ
2057 2352 2168 2405 teut
2207 2370 2220 2406 :
2257 2362 2312 2406 at
2357 2369 2507 2410 mare
2542 2371 2608 2411 ne
2640 2357 2937 2427 trajiciant.
2991 2357 3048 2412 lu
3094 2358 3277 2414 Africa
3333 2360 3483 2414 enim

1988 2460 2007 2494 ι
2045 2447 2692 2504 exconimunicaltuntur.
2735 2468 2754 2502 ι

1991 2538 2105 2592 lloc
2133 2549 2184 2592 et
2211 2539 2261 2593 in
2302 2543 2562 2595 vicesimo
2593 2551 2785 2596 octavo
2842 2543 3034 2612 synodi
3071 2545 3352 2612 prtesentis
3394 2560 3486 2600 ca-

1913 2646 2052 2686 none
2085 2631 2366 2686 decretutn
2399 2641 2484 2686 est
2511 2649 2526 2694 ς
2563 2641 2621 2686 ιιι
2673 2633 2855 2687 nullus
2888 2635 3199 2704 presbyter,
3240 2643 3333 2688 aut
3362 2636 3482 2689 dia-

1911 2737 2158 2786 conus,a
2208 2737 2306 2776 suo
2339 2722 2598 2792 episcopo
2642 2722 3060 2784 condemnatus.
3125 2735 3178 2778 et
3222 2724 3483 2794 judicium

1911 2811 2352 2881 reprehendens,
2423 2821 2477 2867 et
2527 2823 2714 2867 contra
2763 2814 2896 2868 illud
2954 2815 3222 2884 appellare
3275 2816 3489 2882 volens,

1913 2905 2109 2960 Africae
2167 2907 2385 2975 pelagus
2434 2915 2700 2969 transeat,
2759 2917 2811 2958 et
2864 2907 2981 2976 ejus
3033 2909 3199 2975 gratia
3257 2908 3482 2960 Romam

1911 2994 2069 3049 adeat
2101 3014 2114 3048 :
2145 2994 2238 3048 sed
2272 2995 2336 3047 ad
2367 2996 2572 3049 vicinos
2619 2995 2908 3063 appellabit
2941 2995 3248 3062 episcopos,
3308 3003 3364 3048 et
3417 2994 3484 3046 iis

1915 3087 2288 3154 appellationis
2315 3101 2534 3140 causam
2576 3087 2833 3156 indicabit
2870 3103 2883 3138 :
2916 3087 2997 3140 sin
3034 3086 3230 3149 minus,
3267 3099 3484 3140 evcom-

1913 3180 2243 3232 municatum
2272 3192 2392 3232 esse
2422 3177 2474 3231 in
2511 3176 2711 3231 Africa.
2754 3178 2866 3230 Hoc
2896 3187 3072 3230 autem
3104 3178 3327 3231 vetitum
3359 3176 3481 3240 fuit,

1913 3280 1970 3324 ut
1999 3270 2215 3339 Opinor,
2249 3277 2300 3324 et
2328 3279 2552 3338 propter
2605 3268 2770 3322 maris
2830 3269 3089 3335 pericula,
3124 3277 3177 3322 et
3211 3278 3269 3322 ut
3302 3278 3486 3337 partes

1911 3361 2226 3415 vexationes
2277 3371 2332 3414 et
2391 3360 2767 3413 innovatioues
2830 3375 2934 3412 non
2984 3360 3332 3418 sustinerent.
3390 3375 3487 3428 per

1914 3451 2259 3520 longinquam
2322 3452 2388 3503 ad
2448 3451 2720 3520 regionem
2790 3457 3031 3502 cxteram
3094 3448 3483 3516 peregrinatio-

1915 3557 2060 3596 nem.

2431 3720 2654 3776 (ἈΝΟΝ
2695 3719 2957 3774 CXXVII.

1923 3833 1939 3867 t
1984 3815 2058 3869 De
2090 3815 2272 3882 parvis
2328 3813 2626 3882 virginibus
2683 3813 2856 3865 adhuc
2915 3812 3176 3865 velandis.
3229 3810 3488 3866 Similiter

1995 3924 2014 3956 ι
2051 3905 2249 3973 placuit
2278 3915 2336 3958 ut
2391 3905 2639 3971 quisquis
2676 3903 2959 3970 episcopus
2995 3911 3214 3969 propter
3253 3902 3491 3956 necessi-

1995 4014 2012 4047 ι
2055 4006 2217 4050 tatem
2246 3995 2523 4065 virginalis
2562 3994 2836 4063 pudicitiae
2871 3994 2920 4046 in
2969 3992 3266 4060 periculum
3325 3994 3492 4045 addu-

1993 4105 2010 4137 ι
2050 4095 2171 4150 clm,
2208 4086 2428 4155 quando
2461 4085 2542 4139 vel
2574 4093 2767 4152 potens
2797 4091 3012 4136 amator
3038 4083 3120 4135 vel
3175 4092 3361 4151 raptor
3392 4081 3492 4134 ali-

1996 4196 2013 4228 ι
2055 4178 2175 4246 quis
2226 4185 2511 4246 suspectus
2569 4174 2754 4240 fuerit,
2788 4172 2871 4226 vel
2903 4174 3013 4242 ipsa
3062 4173 3221 4226 etiam
3277 4181 3494 4240 propter

1996 4284 2014 4317 ι
2054 4266 2391 4323 mortiferum
2429 4265 2643 4333 aliquod
2688 4261 2986 4330 periculum
3019 4269 3340 4328 compuncta
3375 4259 3494 4314 fuc-

1997 4376 2015 4410 ι
2056 4359 2146 4422 rit,
2179 4357 2591 4423 adhortantibus
2627 4356 2714 4409 vel
2779 4354 2898 4423 ejus
2933 4352 3268 4422 parentibus,
3299 4350 3382 4405 vel
3429 4351 3498 4405 iis

1997 4467 2016 4500 ε
2061 4449 2152 4517 qui
2183 4447 2300 4516 eius
2329 4462 2514 4501 curam
2543 4451 2757 4514 gerunt,
2797 4452 2854 4497 ut
2884 4458 2989 4498 non
3024 4444 3140 4496 sine
3165 4443 3346 4496 habitu
3377 4455 3496 4494 mo-

2000 4560 2016 4592 ι
2062 4541 2274 4608 riatur,
2344 4537 2601 4593 velaverit
2651 4537 2916 4606 virginem
2971 4535 3056 4589 vel
3113 4533 3306 4586 velavit
3356 4533 3497 4586 intra

1996 4652 2014 4685 ι
2058 4633 2374 4688 vicesimum
2458 4631 2712 4699 quintum
2789 4626 2964 4682 aetatis
3029 4641 3274 4689 annum;
3363 4622 3499 4676 nihil

2003 4740 2021 4772 ι
2061 4735 2181 4775 cum
2219 4720 2376 4774 laedet
2420 4718 2489 4774 de
2515 4733 2580 4772 eo
2605 4731 2868 4772 annorum
2924 4728 3150 4769 numero
3203 4714 3498 4768 constituta-

1996 4831 2014 4862 ι
2060 4811 2316 4881 synodus.
2363 4829 2379 4860 ι

1993 4901 2187 4956 BALS.
2225 4902 2542 4957 C0usecrari
2579 4901 2793 4968 quidem
2817 4900 3056 4968 virgines
3089 4907 3282 4953 tractat
3309 4909 3494 4952 sextus

1924 5008 2092 5049 canon
2128 4993 2410 5062 praesentis
2434 4992 2642 5062 synodi.
2675 4999 2730 5044 et
2758 4991 3210 5060 quadragesimus
3241 5002 3506 5059 quartus,

1926 5096 1981 5138 ut
2010 5086 2061 5139 in
2097 5085 2436 5139 convenienti
2473 5091 2628 5137 attate
2654 5083 2784 5152 ipsae
2812 5085 2972 5138 etiam
3020 5084 3338 5137 diaconissaa
3365 5097 3494 5136 con-

1925 5177 2220 5231 stituantur
2254 5194 2267 5230 :
2302 5175 2541 5228 habitum
2573 5176 2732 5245 661
2780 5185 2959 5229 autem
3016 5191 3229 5229 sumere
3261 5185 3380 5244 post
3404 5175 3494 5226 -νί-

1924 5271 2184 5323 cesimum
2231 5270 2474 5335 quintum
2508 5285 2706 5322 annum
2743 5285 2770 5322 a
2810 5269 3056 5339 prmsenti
3095 5284 3300 5322 canone
3331 5267 3492 5321 disci-

1925 5378 2064 5416 mtts.
2096 5362 2282 5415 Dicunt
2315 5362 2456 5414 enim
2480 5361 2688 5427 Patres,
2716 5363 2838 5417 utsi
2862 5361 3147 5430 episcopus
3172 5363 3252 5414 vel
3278 5361 3494 5422 velavit,

1929 5455 2030 5509 hoc
2076 5464 2180 5519 est,
2234 5454 2409 5508 induit
2469 5454 2733 5522 virginem
2783 5453 2892 5507 Deo
2949 5461 3349 5519 consecratam,
3413 5452 3499 5506 vel

1926 5549 2148 5612 velabit,
2212 5557 2339 5599 ante
2392 5555 2607 5600 (etatem
2699 5547 2885 5616 viginti
2945 5546 3180 5615 quinque
3236 5560 3499 5598 annorum

1931 5639 2091 5709 (forte
2118 5640 2260 5694 cnim
2299 5639 2416 5706 ejus
2450 5639 2721 5706 pudicitia:
2771 5638 3130 5694 insidiabatur
3159 5650 3349 5707 potens
3397 5635 3499 5690 ali-

1930 5729 2072 5800 Quis,
2104 5728 2185 5786 vel
2221 5728 2518 5800 periculum
2573 5737 2691 5785 crat
2734 5744 2800 5786 ne
2855 5737 3138 5800 raperetur
3183 5730 3248 5785 ab
3293 5728 3496 5800 aliquo,
