4002 6314
541 295 648 360 403

1775 297 2051 356 ΤΗΕΟΙ).
2091 295 2490 358 BALSAMON

3651 299 3762 364 404

537 406 678 475 quod
712 404 828 459 illos
855 403 1109 458 Ecclesiae
1132 404 1413 459 catholica:
1444 404 1848 459 communicare
1880 413 2095 467 asserat1

2225 412 2333 473 τοὺς
2363 410 2670 479 αἱρετικοὺς
2687 413 2749 480 τῇ
2767 409 3027 477 καθολικῇ
3055 407 3373 477 Ἐκκλησία,
3394 407 3488 459 καὶ
3512 407 3601 460 διὰ
3618 408 3780 460 τοῦτο

541 505 928 566 proptereaque
972 495 1387 549 vindicationem
1413 496 1673 550 bonorum
1709 498 1822 564 ipse
1853 496 2104 566 neglexe-

540 589 648 652 rit;
685 602 747 640 ac
778 599 968 655 posrea
1005 587 1272 640 mendacii
1319 589 1602 642 convictus
1655 588 1770 653 fuit,
1815 603 1936 641 cum
1985 588 2102 642 illos

539 678 622 732 vel
653 678 802 732 nullo
845 680 1026 743 modo,
1063 678 1148 732 vel
1181 689 1327 733 certe
1356 695 1462 734 non
1493 681 1606 750 cjus
1635 681 1886 745 scientia,
1921 683 1972 735 id
2001 690 2100 742 est,

540 784 637 822 nec
669 769 787 837 ipso
821 769 1099 824 laborante
1133 785 1232 823 nec
1267 771 1499 836 sciente,
1548 774 1981 827 communicasse
2036 774 2103 827 sit

537 868 873 927 compertum
899 876 913 913 :
942 859 1256 929 episcopatu
1282 877 1495 931 quoque
1521 864 1840 932 privabitur,
1870 865 1970 918 hoc
1997 873 2101 927 est,

535 950 854 1017 deponetur.

535 1040 760 1094 ARIST.
808 1061 826 1093 ι
873 1044 972 1108 Qui
1003 1047 1404 1100 communicare
1432 1046 1583 1121 dicit,
1622 1061 1782 1115 quem
1819 1060 1922 1101 non
1955 1061 2103 1102 com-

693 1151 711 1183 ι
751 1135 1026 1187 municare
1055 1136 1220 1201 novit,
1260 1137 1578 1206 episcOpatu'
1611 1139 1876 1206 privatur.
1918 1157 1938 1190 ι

605 1220 930 1292 Quicunque
969 1225 1251 1294 cpiscopus
1301 1227 1614 1282 Donatistas
1658 1229 1726 1283 ad
1781 1230 2102 1284 catholicam

537 1311 828 1369 Ecclesiam
867 1335 972 1373 non
1016 1336 1311 1376 conversos
1343 1323 1510 1387 novit,
1547 1323 1590 1377 si
1625 1324 1690 1378 iis
1736 1327 2104 1380 communica-

539 1407 697 1470 verit,
735 1409 916 1460 dicens
948 1425 1043 1465 eos
1079 1413 1145 1465 ad
1189 1414 1546 1467 orthodoxam
1593 1413 1754 1468 ﬁdem
1815 1430 2103 1470 conversos

535 1509 654 1548 che
692 1515 703 1549 :
738 1498 876 1562 talis,
923 1512 980 1551 ut
1021 1500 1088 1552 de
1141 1504 1521 1558 communione
1573 1520 1758 1559 eorum
1805 1506 2100 1570 mentiens,

536 1594 589 1638 et
623 1587 916 1642 Ecrlesiam
952 1590 1041 1644 Dei
1070 1593 1362 1662 decipiens,
1391 1596 1494 1648 erit
1533 1595 1832 1665 depositus.

1063 1771 1292 1827 CANON
1336 1774 1570 1830 CXXVI.

541 1875 559 1906 ι
600 1857 672 1909 De
707 1861 1031 1929 presbyteris
1053 1873 1105 1914 et
1134 1863 1364 1927 clericis,
1393 1875 1450 1919 ut
1489 1883 1591 1921 non
1621 1870 1888 1938 appellent
1910 1869 2010 1925 nisi
2039 1873 2105 1925 ad

613 1965 632 1996 ι
678 1948 911 2016 synodos
966 1951 1180 2006 Africae.
1213 1953 1476 2009 Similiter
1517 1958 1721 2026 placuit
1774 1971 1832 2014 ut
1880 1963 2104 2030 presby-

614 2054 630 2085 ι
672 2037 793 2100 teri,
825 2039 1059 2104 diaconi,
1091 2051 1144 2095 et
1175 2044 1370 2114 reliqui
1413 2047 1700 2104 inferiores
1735 2049 1945 2114 clerici,
1976 2053 2018 2104 si
2051 2053 2105 2106 in

611 2145 628 2176 ι
673 2127 736 2181 iis
766 2142 901 2196 quas
928 2129 1128 2185 habent
1158 2136 1360 2202 causis,
1404 2138 1469 2192 de
1506 2140 1848 2208 propriorum
1891 2143 2105 2208 episco-

612 2235 629 2266 ι
673 2231 864 2284 porum
903 2222 1172 2275 sententia
1192 2234 1515 2292 querantur,
1549 2229 1710 2282 vicini
1743 2231 1983 2298 episcopi
2012 2245 2107 2286 eos

614 2326 632 2358 ι
677 2310 924 2374 audiant,
952 2319 1006 2364 et
1034 2328 1151 2382 qua:
1193 2314 1330 2369 inter
1351 2332 1445 2370 ens
1467 2327 1592 2371 sunt
1613 2321 1901 2375 terminent
1926 2321 1984 2386 ii,
2013 2321 2104 2391 qui

613 2420 631 2452 ι
676 2401 742 2455 ab
768 2403 899 2471 ipsis
927 2419 992 2457 ex
1021 2406 1363 2474 propriorum
1416 2411 1794 2480 episcoporum
1836 2427 2104 2467 consensu

611 2512 629 2530 ο
677 2505 1076 2551 assumuntur:
1114 2498 1197 2551 sin
1239 2511 1420 2554 autem
1468 2504 1630 2556 etiam
1677 2505 1747 2558 ab
1799 2505 1880 2561 eis
1925 2506 2103 2574 appel-

610 2599 630 2632 ι
672 2580 785 2637 lare
815 2583 1103 2650 voluerint,
1134 2601 1200 2639 ne
1240 2588 1527 2656 appellent,
1591 2591 1701 2646 nisi
1745 2593 1811 2646 ad
1866 2593 2104 2663 synodos

609 2690 628 2724 ι
669 2673 889 2740 Africae,
927 2676 1008 2729 vel
1042 2678 1108 2730 ad
1130 2692 1352 2743 suarum
1389 2682 1789 2749 provinciarum
1822 2686 2099 2753 primates.

607 2785 624 2816 ι
669 2767 769 2832 Qui
799 2783 927 2822 vero
963 2770 1028 2823 ad
1061 2772 1425 2826 transmarina
1457 2773 1572 2828 loca
1614 2776 1886 2844 appellare
1914 2777 2101 2832 volue-

607 2877 624 2906 ι
667 2859 758 2922 rit,
796 2874 824 2912 a
868 2858 1014 2915 nullo
1045 2860 1096 2914 in
1135 2861 1312 2917 Africa
1337 2864 1402 2917 ad
1431 2867 1869 2922 communionem
1905 2868 2101 2923 admit-

607 2966 623 2997 ι
667 2959 825 3002 tatur.
871 2968 892 3004 I.

604 3220 797 3276 BALS.
830 3221 1024 3276 Dicunt
1060 3223 1271 3292 Patres,
1313 3229 1456 3297 quod
1504 3228 1548 3282 si
1589 3230 1764 3296 quivis
1809 3230 2038 3285 clericus
2065 3247 2094 3285 a

532 3313 748 3381 proprio
775 3315 1029 3384 episeopo
1054 3320 1447 3374 condemnatus
1486 3319 1668 3382 fuerit.
1720 3332 1774 3375 et
1820 3333 2096 3392 gravetur,

534 3423 635 3460 non
667 3408 824 3461 debet
853 3410 917 3461 ad
947 3409 1170 3463 alterius
1195 3413 1485 3477 provinciae
1525 3414 1814 3484 synodum,
1846 3429 1964 3483 qua!
2015 3424 2100 3468 est

534 3496 744 3564 longius
768 3498 1034 3566 appeliare
1061 3516 1075 3563 ;
1110 3502 1200 3554 sed
1231 3501 1535 3556 vicinorum
1580 3505 1968 3572 episcoporum
1999 3520 2097 3557 au-

530 3585 789 3639 dientiam
821 3586 1145 3655 implorare;
1179 3590 1342 3643 etiam
1376 3606 1495 3646 eum
1544 3607 1810 3646 consensu
1852 3595 1972 3660 ejus
2005 3593 2096 3662 qui

529 3676 692 3744 660
716 3677 1088 3732 condemnavit
1122 3695 1263 3745 eum,
1295 3683 1531 3751 episcopi
1587 3683 1788 3737 scilicet
1842 3686 1945 3738 sui.
2001 3686 2096 3738 Sin

530 3779 708 3818 autem
745 3782 931 3820 eorum
961 3784 1192 3837 quoque,
1232 3771 1296 3824 ad
1321 3787 1458 3839 quos
1490 3774 1799 3842 appellavit,
1831 3778 2097 3829 sententia

530 3858 577 3909 ei
617 3857 917 3924 displiceat,
957 3875 1062 3912 non
1089 3861 1251 3915 debet
1303 3864 1365 3915 ad
1419 3865 1816 3919 transmarinas
1865 3869 2100 3935 synodos

533 3945 820 4013 appellare,
844 3963 961 4014 qua!
993 3947 1175 4002 Romae
1203 3951 1412 4004 scilicet
1443 3953 1614 4018 liunt;
1656 3954 1747 4005 sed
1784 3956 1848 4004 ad
1885 3955 2072 4021 propin

534 4035 771 4100 quiores,
803 4052 993 4102 nempe
1023 4040 1087 4090 ad
1138 4041 1371 4107 synodos
1403 4041 1621 4105 Africae,
1654 4044 1734 4094 vel
1778 4044 1843 4095 ad
1876 4045 2096 4109 provin-

533 4125 739 4178 ciarum
776 4128 1216 4195 metropolitauos
1243 4145 1428 4184 eorum
1465 4133 1552 4199 qui
1601 4135 1836 4200 primum
1884 4135 2096 4201 judica-

533 4226 660 4269 runt
686 4218 1082 4284 episcoporum.
1115 4219 1170 4274 Si
1203 4223 1322 4288 quis
1351 4225 1865 4291 attternprzeterlitec
1885 4226 2093 4291 fecerit,

528 4310 1112 4364 exconnnunicationis
1176 4313 1551 4383 segregatione
1624 4317 2093 4371 coznlemnabiutr.

529 4396 661 4450 Nota
690 4414 818 4468 ergo
848 4416 910 4453 ex
938 4402 1036 4455 hoc
1059 4405 1307 4472 prmsenti
1335 4421 1560 4467 canone,
1587 4409 1727 4475 quod
1755 4423 2093 4470 consequen-

530 4497 612 4541 ter
653 4489 754 4554 legi
790 4491 934 4542 civili
976 4491 1168 4546 Patres
1198 4509 1411 4564 quoque
1443 4510 1829 4550 concesserunt
1873 4499 1952 4549 bis
2002 4514 2095 4565 ap-

531 4579 726 4645 pellare
755 4595 848 4634 eos
902 4583 988 4649 qui
1021 4586 1462 4638 eoudmnnantur.
1496 4587 1630 4640 Nota
1665 4599 1915 4654 praeteca
1954 4591 2092 4653 qnol

530 4680 774 4739 tempore
811 4675 1090 4741 praesentis
1125 4675 1312 4745 synodi
1347 4693 1449 4730 non
1489 4677 1759 4731 habebant
1786 4680 2097 4748 inetr0poli-

527 4761 679 4816 litani
712 4765 814 4818 tale
841 4765 931 4834 jus
961 4767 1014 4819 in
1065 4782 1190 4820 suos
1228 4769 1509 4836 episcopos
1549 4769 1760 4837 illisque
1819 4770 2094 4836 subjectos

529 4853 777 4915 clericos,
816 4857 970 4924 quale
1008 4873 1149 4911 nunc
1194 4861 1410 4913 habent.
1448 4862 1703 4914 Poterant
1735 4863 1876 4912 enim
1910 4859 2094 4912 clerici

528 4941 594 4995 ali
643 4943 905 5011 episcopis
946 4947 1288 5000 condemnati
1350 4950 1651 5002 vicinorum
1716 4951 2089 5017 (‘piscnportttlt

529 5032 855 5086 audientiam
880 5037 1150 5104 appellare
1184 5055 1197 5090 :
1229 5044 1367 5107 quod
1411 5056 1550 5093 nunc
1589 5058 1692 5095 non
1735 5043 2088 5106 admittetur;

529 5131 808 5192 propterea
869 5128 1012 5195 quod
1065 5129 1115 5181 in
1175 5141 1361 5197 quarta
1426 5134 1632 5201 synodo
1693 5134 2089 5199 provinciarum

530 5215 915 5282 tnctropolilius
948 5220 1218 5285 provisum
1268 5221 1361 5276 sit.
1419 5228 1550 5275 (Lutu
1589 5234 1766 5276 autem
1818 5224 1902 5276 les
1949 5223 2093 5276 dicat

527 5317 624 5356 eos
650 5305 789 5369 laedi,
822 5308 910 5375 qui
942 5311 1004 5363 ad
1038 5311 1486 5392 incompelcntetn
1540 5317 1773 5383 judicent
1827 5330 2089 5382 provota-

525 5392 656 5461 rint,
709 5413 943 5463 praesens
982 5416 1154 5458 canon
1193 5406 1445 5460 damnum
1481 5409 1545 5462 ad
1574 5408 2088 5464 excommunicatio-

524 5498 648 5539 ncm
673 5491 927 5545 extendit.

2204 500 2476 568 ἀμελῆσαι
2515 498 2676 560 αὐτὸς
2701 499 2796 568 τῆς
2825 499 3184 566 ἐκνικήσεως,
3247 500 3444 569 ἐλεχθῇ
3471 499 3529 552 δέ
3584 497 3779 567 ψευδόο

2207 607 2371 658 μενος
2425 588 2501 658 μὴ
2549 591 3002 655 κοινωνησάντων
3059 590 3167 641 τῶν
3217 591 3530 658 αἰρετικῶν,
3586 590 3619 658 ἢ
3662 607 3782 642 κοι-

2204 682 2560 750 νωνησάντων
2623 680 2724 750 μὲν
2771 682 2927 744 ἴσως,
2983 681 3058 749 μὴ
3109 681 3418 750 συνειδήσει
3467 681 3523 734 δέ
3585 680 3780 744 αὐτοῦ,

2204 775 2325 826 ἀντὶ
2375 772 2468 825 τοῦ
2528 771 2602 843 μὴ
2659 772 2860 834 εἰδότος
2911 773 3077 825 αὑτοῦ
3146 773 3280 842 μηδέ
3344 774 3779 834 σπουδάσαντος,

2204 867 2299 917 καὶ
2346 864 2447 932 τῆς
2492 864 2801 932 ἐπισκοπῆς
2849 864 3190 929 ἐκπεσεῖται,
3243 865 3413 933 ἤγουν
3444 862 3784 932 καθαιρεθὴ-

2206 973 2376 1009 σεται.

2204 1049 2427 1102 ΑΡΙΣΤ.
2470 1067 2487 1098 ι
2536 1049 2594 1101 Ὀ
2627 1048 2797 1100 εἰπὼν
2823 1048 3165 1107 κοινωνικὸν.
3196 1047 3257 1100 ὃν
3290 1043 3435 1101 οἶδεν
3460 1047 3774 1115 ἀκοινώνη-

2630 1159 2649 1191 ι
2678 1157 2787 1201 τον,
2817 1139 3257 1191 ἅποεπισκόπου.
3292 1156 3312 1188 ι

2279 1234 2470 1297 Ὅστις
2505 1234 2810 1292 ἐπίσκοπος
2859 1233 2986 1293 τοὺς
3015 1229 3349 1292 Δονατιστὰς
3382 1225 3491 1282 οῐδε
3522 1228 3660 1299 πρὸς
3675 1226 3783 1297 τὴν

2209 1327 2508 1396 καθολικὴν
2556 1325 2891 1393 Ἐκκλησίαν
2923 1324 2997 1394 μὴ
3025 1321 3504 1390 ὑποστρέψαντας,
3561 1323 3609 1373 εί
3644 1337 3784 1386 συγ-

2207 1419 2526 1488 κοινωνήσει
2597 1419 2802 1479 αὐτοῖς,
2855 1416 3031 1482 λέγων
3098 1416 3236 1483 πρὸς
3307 1414 3407 1479 τὴν
3457 1412 3786 1481 όρθοδοξίαν

2210 1511 2586 1581 μεταστρέψαι
2617 1512 2837 1574 αὐτοὺς,
2869 1512 2896 1562 ό
2914 1509 3159 1569 τοιοῦτος
3182 1506 3256 1568 ὡς
3283 1505 3623 1574 ψευδόμενος
3649 1505 3785 1572 περὶ

2205 1604 2302 1672 τῆς
2337 1604 2626 1664 κοινωνίας
2649 1601 2851 1663 αὐτῶν,
2883 1601 2977 1652 καὶ
3017 1601 3112 1669 τὴν
3161 1596 3493 1665 Ἐκκλησίαν
3519 1594 3613 1647 τοῦ
3641 1591 3783 1646 Θεοῦ

2205 1696 2523 1765 ἀπατήσας,
2559 1694 2712 1746 ἔσται
2743 1693 2963 1762 καθῃρη
2976 1693 3153 1760 μένος.

2703 1784 2934 1838 ΚΑΝΩΝ
2980 1781 3174 1850 qu'.

2213 1902 2231 1935 ι
2275 1882 2410 1951 Περὶ
2430 1880 2822 1948 πρεσϐυτέρων
2878 1877 2971 1929 καὶ
3005 1869 3308 1943 κληρικῶν,
3344 1875 3432 1924 ἵνα
3483 1871 3559 1940 μὴ
3606 1871 3784 1922 ἐκκα-

2283 1992 2304 2026 ι
2336 1972 2559 2036 λῶνται,
2593 1971 2641 2023 εἰ
2670 1970 2742 2040 μὴ
2763 1969 2900 2036 πρὸς
2950 1967 3050 2029 τὰς
3070 1967 3170 2034 τῆς
3215 1965 3484 2034 Ἃρρικῆς
3500 1963 3783 2024 συνόδους.

2283 2082 2301 2114 ι
2359 2061 2590 2130 Ὁμοίως
2623 2060 2843 2129 ῆρεσεν,
2868 2059 2954 2110 ἵνα
2984 2055 3372 2125 πρεσϐύτεροι,
3393 2053 3655 2111 διάκονοι,
3684 2050 3787 2104 καὶ

2282 2173 2300 2205 ι
2342 2156 2390 2206 οἰ
2415 2153 2598 2206 λοιποὶ
2632 2151 2942 2220 κατώτεροι
3000 2147 3280 2217 κληρικοὶ,
3343 2146 3402 2198 ἐν
3443 2140 3532 2206 αἷς
3582 2145 3787 2212 ἔχωσιν

2283 2265 2301 2297 ι
2348 2245 2576 2307 αἰτίαις,
2607 2244 2702 2296 ἐὰν
2728 2244 2859 2312 περὶ
2898 2241 2997 2309 τῆς
3026 2239 3210 2310 ψήφου
3261 2239 3389 2302 τοὺς
3425 2237 3594 2299 ἰδίους
3625 2237 3786 2287 ’ἐπι-

2284 2355 2302 2388 t
2344 2337 2584 2396 σκόπους
2619 2334 2966 2400 μέμφωνται,
3001 2334 3048 2384 οί
3087 2331 3434 2398 γειτνιῶντες
3484 2326 3784 2380 ἐπίσκοποι

2280 2448 2301 2481 ι
2339 2426 2546 2482 τούτων
2600 2425 3005 2492 ἀκροάσωνται,
3061 2425 3157 2475 καὶ
3203 2421 3270 2473 τὰ
3324 2420 3529 2491 μεταξὺ
3571 2418 3787 2470 τούτων

2279 2539 2297 2572 ι
2335 2517 2728 2586 περατὼσωσιν
2777 2516 2825 2567 οἰ
2885 2514 3016 2584 παρ’
3085 2512 3265 2564 αὐτῶν
3329 2510 3474 2564 κατὰ
3527 2510 3786 2562 συναινε-

2278 2633 2296 2666 ι
2338 2630 2422 2665 σιν
2471 2611 2579 2664 τῶν
2635 2610 2780 2664 ἰδίων
2833 2608 3018 2661 αὐτῶν
3055 2607 3380 2659 ἐπισκόπων
3419 2601 3788 2672 πῳσλαμόα-

2276 2723 2297 2756 ι
2336 2708 2553 2774 νόμενοι
2578 2720 2592 2735 ·
2626 2705 2721 2756 ἐὰν
2749 2704 2805 2756 δὲ
2859 2702 2954 2756 καὶ
3004 2701 3100 2753 ἀπ’
3131 2699 3309 2752 αὐτῶν
3371 2695 3784 2749 ἐκκαλέσασθαι

2277 2815 2295 2848 ι
2335 2795 2659 2865 θελήσωσιν,
2699 2796 2773 2864 μὴ
2821 2793 3250 2850 ἐκκαλέσωνται,
3303 2791 3352 2842 εί
3386 2789 3461 2858 μὴ
3508 2789 3648 2858 πρὸς
3677 2787 3788 2851 τὰς

2278 2909 2297 2941 ι
2337 2891 2435 2958 τῆς
2471 2889 2736 2958 Ἀφρικῆς
2755 2887 3021 2948 συνόδους,
3043 2886 3076 2954 ἢ
3097 2883 3231 2952 πρὸς
3247 2882 3371 2943 τοὺς
3396 2878 3786 2949 πρωτεύοντας

2273 2997 2290 3028 ι
2326 2978 2435 3030 τῶν
2472 2977 2616 3028 ίδίων
2665 2975 2845 3028 αὐτῶν
2878 2972 3177 3040 ἐπαρχιῶν.
3235 2972 3376 3039 Πρὸς
3406 2971 3462 3022 δέ
3507 2970 3576 3021 τὰ
3605 2968 3787 3035 πέραν

2281 3088 2297 3118 ι
2333 3068 2434 3133 τῆς
2503 3065 2774 3131 Θαλάσσης
2821 3063 3193 3129 δ·βουλόμενος
3257 3059 3636 3121 ἐκκαλεῖσθαι,
3669 3058 3786 3110 ἀπὸ

2278 3157 2532 3227 «μηδενὸς
2561 3158 2616 3207 ἐν
2651 3157 2886 3223 Ἀφρικῇ
2925 3151 3136 3220 δεχοείη
3164 3153 3241 3212 είς
3277 3154 3591 3204 κοινωνίαν.
3622 3169 3639 3201 ι

2277 3248 2472 3300 ΒΑΛΣ.
2507 3245 2672 3297 Φασίν
2702 3245 2750 3296 oi
2781 3243 3022 3310 Πατέρες
3048 3242 3150 3300 ὅτι,
3191 3241 3286 3292 ἐὰν
3316 3240 3587 3309 οἰοσδήτις
3642 3237 3785 3310 κληο

2203 3341 2356 3409 ρικδς
2402 3336 2772 3405 καταδικασθῇ
2829 3334 2982 3403 παρὰ
3035 3333 3127 3386 τοῦ
3185 3334 3392 3386 οἰκείου
3448 3334 3780 3399 ἐπισκόπου,

2200 3430 2295 3482 καὶ
2345 3427 2666 3498 βαρύνηται,
2716 3426 2815 3477 οὐκ
2860 3423 3068 3490 ὀφείλει
3126 3424 3262 3491 πρὸς
3315 3420 3534 3473 σύνοδον
3582 3419 3785 3487 ἐτέρας

2204 3517 2474 3586 ἐπαρχίας
2505 3516 2840 3585 πορρωτέρω
2869 3514 3034 3565 οὖσαν
3066 3512 3419 3565 ἐκκαλεῖσθαι
3440 3528 3453 3540 ·
3483 3510 3617 3562 ἀλλὰ
3647 3512 3784 3562 ἁνα-

2204 3609 2486 3662 κσλεῖσοαι
2519 3607 2616 3676 τὴν
2639 3606 2745 3656 τῶν
2769 3604 3127 3672 γειτνιώντων
3157 3601 3466 3654 ἐπισκόπων
3483 3601 3784 3668 ἀκρόασιν,

2203 3701 2293 3751 καὶ
2341 3701 2477 3767 μετὰ
2525 3684 2884 3756 συναινέσεως
2934 3693 3028 3746 τοῦ
3084 3693 3553 3754 καταδικάσαντος
3611 3693 3783 3744 αὐτὸν

2203 3792 2406 3842 οἰκείου
2436 3791 2758 3842 ἐπισκόπου.
2807 3788 2933 3839 Ἐὰν
2962 3787 3016 3839 δὲ
3035 3787 3130 3838 καὶ
3163 3787 3256 3838 ἐπὶ
3280 3787 3349 3855 τῇ
3379 3785 3486 3837 τῶν
3514 3784 3781 3837 τοιούτων

2206 3879 2577 3948 ἐκκλητορίων
2633 3880 2909 3946 ἀποφάσει
2969 3877 3378 3946 ἀπαρέσκηται,
3436 3879 3536 3940 οὐκ
3570 3877 3784 3944 ὀφείλει

2205 3970 2341 4039 πρὸς
2375 3972 2472 4030 τὰς
2500 3969 2673 4039 πέραν
2692 3969 2791 4036 τῆς
2815 3968 3092 4038 Θαλάσσης
3112 3969 3368 4029 συνόδους
3400 3968 3782 4034 ἐκκαλεῖσθαι,

2201 4061 2298 4122 τὰς
2338 4063 2395 4113 ἐν
2439 4059 2629 4128 Ῥώμῃ
2676 4060 2898 4127 δηλαδὴ,
2960 4059 3096 4111 ἀλλὰ
3157 4051 3293 4128 πρὸς
3337 4060 3441 4124 τὰς
3493 4061 3784 4129 ἐγγυτέρω

2201 4152 2387 4212 obaa',
2430 4151 2656 4219 ’ἡγουνῆ
2692 4152 2826 4220 πρὸς
2858 4150 2954 4213 τὰς
2983 4151 3080 4219 τῆς
3129 4152 3393 4222 Ἀφρικῆς
3440 4152 3711 4212 συνόδους,
3744 4151 3779 4216 ἢ

2204 4244 2340 4314 πρὸς
2372 4243 2496 4304 τοὺς
2524 4241 2927 4311 μητροπολίτας
2956 4241 3063 4292 τῶν
3098 4242 3381 4309 ἐπαρχιῶν
3407 4241 3517 4293 τῶν
3542 4242 3780 4311 πρώτως

2203 4335 2502 4402 κρινάντων
2521 4332 2855 4383 ἐπισκόπων.
2884 4333 2942 4382 Εί
2962 4331 3014 4383 δέ
3038 4331 3187 4400 παρὰ
3214 4331 3385 4383 ταῦτά
3410 4349 3492 4394 τις
3513 4335 3763 4401 ποιήσει,

2207 4424 2499 4494 ἀφορισμῷ
2518 4423 2913 4491 ἀκοινωνησίας
2940 4424 3432 4493 κατακριθήσεται.
3463 4424 3785 4493 Σημείωσαι

2203 4515 2424 4567 οὖνὰπὸ
2457 4513 2550 4566 τοῦ
2599 4516 2866 4580 παρόντος
2920 4514 3142 4574 κανόνος
3186 4515 3268 4564 ὅτι
3327 4513 3638 4575 ἀκολούθως
3690 4514 3775 4584 τῷ

2204 4607 2468 4675 πολιτικῷ
2490 4608 2639 4674 νόμῳ
2674 4608 2766 4657 καὶ
2792 4607 2841 4656 οἰ
2869 4605 3109 4673 Πατέρες
3137 4603 3487 4673 ἐξεχώρησαν
3509 4605 3588 4667 δὶς
3613 4609 3780 4660 ἐκκα-

2200 4699 2412 4751 λεῖσθαι
2442 4698 2564 4758 τοὺς
2592 4695 3143 4763 καταδικαζομένους.
3197 4696 3317 4748 Ἔτι
3352 4696 3656 4766 σημείωσαι
3684 4697 3773 4750 ὅτι

2204 4791 2345 4843 κατὰ
2375 4789 2464 4841 τὸν
2497 4789 2688 4856 καιρὸν
2716 4787 2812 4854 τῆς
2832 4785 3114 4854 παρούσης
3147 4788 3368 4840 συνόδου
3406 4788 3506 4838 οὐκ
3532 4782 3678 4857 εἶχον
3724 4792 3777 4840 οἱ

2203 4879 2605 4950 ’μητροπολίται
2651 4877 2874 4930 τοιαῦτα
2907 4877 3089 4930 δίκαια
3120 4877 3260 4930 κατὰ
3313 4878 3422 4930 τῶν
3447 4878 3773 4931 ἐπισκόπων

2202 4973 2380 5024 αὐτῶν
2410 4971 2504 5022 καὶ
2556 4971 2665 5020 τῶν
2701 4971 2792 5021 ὑπ’
2847 4971 3046 5031 αὐτοὺς
3113 4969 3415 5038 κληρικῶν,
3455 4966 3543 5022 οἷα
3593 4970 3780 5037 ἔχουσι

2207 5063 2465 5128 σήμερον.
2512 5058 2800 5110 ’ίιδύναντο
2849 5058 2958 5124 γὰρ
2983 5060 3033 5110 οἰ
3069 5059 3218 5127 παρὰ
3249 5059 3564 5112 ἐπισκόπων
3603 5076 3776 5112 καταο

2201 5150 2547 5219 δικαζόμενοι
2566 5149 2820 5218 κληρικοί
2841 5149 2939 5218 τὴν
2970 5148 3077 5200 τῶν
3104 5149 3522 5215 γειτνιαξὸντων
3551 5152 3779 5204 ἐπισκό-

2202 5261 2320 5295 πων
2361 5243 2753 5294 ἀνακαλεῖσθαι
2787 5241 3054 5309 ἀκρόασιν
3076 5257 3090 5273 ⁶
3115 5243 3250 5310 ὅπερ
3276 5241 3477 5311 ἀρτίως
3504 5244 3563 5294 οὐ
3592 5261 3776 5313 παρα-

2199 5330 2521 5399 δεχθῆσεται
2556 5330 2642 5381 διὰ
2699 5331 2794 5398 τὴν
2842 5330 3144 5400 γενομένην
3192 5332 3510 5399 οἰκονομίαν
3548 5335 3630 5396 εἰς
3673 5335 3774 5400 τὰς

2201 5423 2620 5490 τῶν-ἐπαρχιῶν
2673 5423 3038 5492 μητροπόλεις
3088 5422 3230 5474 κατὰ
3279 5423 3378 5490 τὴν
3429 5424 3469 5474 δ’
3525 5424 3772 5479 σᾶνοδον.

2204 5511 2311 5563 Τοῦ
2362 5511 2414 5562 δὲ
2478 5512 2643 5580 νόμου
2706 5512 2953 5579 λέγοντος
3018 5512 3349 5581 βλάπτεσθαι
3418 5517 3541 5575 τοὺς
3604 5516 3773 5569 ἐκκκι

2203 5602 2538 5670 λεσαμένους
2603 5605 2680 5664 εἰς
2746 5604 3094 5672 ἁπρόσφορον
3147 5603 3427 5672 δικαστὴν,
3490 5608 3516 5657 ὁ
3578 5605 3771 5678 παρὼν

2207 5691 2382 5744 κανὼν
2422 5692 2516 5761 τὴν
2547 5692 2752 5762 βλάϐην
2791 5694 2870 5756 εἰς
2917 5693 3312 5764 ἀκοινωνησίαν
3347 5694 3657 5758 ἐξε’·.ά6;το.
