4002 6314
266 290 384 357 405

1272 302 1341 358 ΙΝ
1382 302 1545 360 CAN.
1593 304 1860 365 CXXVII
1887 307 2094 371 CDNC.
2131 312 2505 376 CARTHAG.

3423 325 3530 390 406

341 408 593 462 ZQNAP.
626 411 765 471 Τοὺς
818 410 1115 478 κληρικοῦς
1168 413 1276 465 τιῗεν
1337 414 1644 484 ἐκκλησιῶν
1701 417 1851 480 δίκας

2035 424 2286 479 ZONAR.
2323 427 2393 482 Ut
2423 429 2628 495 clerici,
2665 433 2754 502 qui
2790 435 3190 494 ecclesiasticas
3221 439 3271 493 iu
3310 457 3368 497 se
3396 444 3532 498 luvi-

265 501 500 564 ἔχοντας
534 500 671 569 πρὸς
724 501 986 569 ἀλλήλους
1029 505 1181 572 παρὰ
1240 496 1350 566 τὸῖς
1399 507 1743 572 ἐπισκόποις,
1773 502 1854 570 οἷς

270 591 622 651 ὑπόκεινται,
658 591 976 653 δικάζεσθαι
1005 593 1252 662 διάφοροι
1281 597 1506 659 κανόνες
1555 598 1850 666 ὡρίσαντο,

281 680 345 731 ὐ
369 681 425 732 δὲ
457 680 645 750 παρὼν
675 684 856 735 κανὼν
883 684 1010 754 περὶ
1058 687 1345 752 ἐκκλήτων
1380 689 1722 758 θεσμοθετεῖ.
1761 693 1853 744 καί

270 789 444 838 φησιν
471 773 573 832 ὅτι,
624 775 718 825 ἐὰν
751 775 1180 842 ἁπαρέσκωνται
1211 782 1274 848 τῇ
1306 780 1470 849 ψήφῳ
1498 782 1607 833 τῶν
1637 785 1856 836 ἐπισχί-

272 878 400 914 πων
429 865 607 918 αὐτιέν
633 858 684 916 οι
708 868 838 934 παρ’
876 867 1063 928 αὐτοῖς
1099 869 1457 941 δικασάμενοι
1501 874 1774 942 κληρικοὶ,
1803 876 1852 928 οἶ

268 953 654 1016 γειτονοῦντες
707 957 1002 1010 ἐπίσκοποι
1069 959 1281 1012 τούτων
1339 962 1717 1028 ἀκροάσονται,
1763 967 1854 1018 καὶ

260 1042 788 1112 διαγνωμονήσουσι
839 1049 1093 1118 περὶτῆς
1118 1049 1327 1119 ψήφου,
1360 1053 1407 1104 εἰ
1450 1053 1600 1105 ἔστιν
1653 1058 1854 1109 ἀνεπι-

261 1138 510 1206 σφαλής.
547 1140 804 1194 Ἔσονται
841 1142 898 1194 δὲ
935 1142 1312 1215 ἐκκλητάριοι,
1361 1145 1558 1209 οἵτινες
1603 1147 1670 1200 ἂν
1703 1149 1854 1218 παρὰ

259 1231 385 1282 τῶν
420 1230 797 1300 δικαζομένων
847 1233 1144 1298 ἐπιλεγῶσι
1201 1237 1340 1288 κατὰ
1404 1239 1712 1293 συναίνεσιν
1759 1240 1852 1292 τοῦ

259 1321 576 1374 ἐπισκόπου
602 1323 804 1377 αὐτῶν.
852 1323 982 1376 Ἐὰν
1010 1325 1065 1377 δὲ
1116 1328 1205 1379 καὶ
1238 1329 1270 1395 ἡ
1313 1328 1424 1379 τῶν
1475 1331 1854 1399 ἐκκληταρίων

257 1413 591 1466 ἐπισκόπων
641 1415 921 1483 ἀπόςασις
995 1419 1308 1489 ἀπαρέσκῃ,
1392 1426 1543 1490 παρὰ
1616 1426 1732 1486 ταῖς
1796 1427 1854 1477 ἐν

271 1506 521 1575 ’Δφρικῇ
555 1507 796 1568 συνόδοις
839 1507 1327 1580 δοκιμασθήσεται,
1393 1515 1485 1564 καὶ
1543 1516 1694 1586 παρὰ
1743 1520 1852 1579 τοῖς

253 1597 617 1664 πρωτεύουσι
653 1598 762 1651 τῶν
805 1600 1108 1672 ἐπαρχιῶνι
1143 1604 1313 1672 ἡγουν
1352 1605 1468 1664 τοῖς
1494 1607 1851 1676 προκαθημέ-

255 1708 382 1751 νοις
410 1690 521 1742 τῶν
543 1691 740 1746 ἄλλων.
801 1693 863 1745 Εἰ
887 1693 942 1744 δέ
970 1711 1077 1758 τις,
1140 1696 1296 1764 φησὶ,
1353 1696 1640 1767 βουληθείη
1676 1700 1852 1768 πέραν

1964 532 2078 571 cent
2107 523 2508 579 controversias
2563 524 2781 590 habent,
2815 526 2884 580 ab
2913 527 3068 598 ipsis,
3111 532 3305 600 quibus
3355 535 3532 606 subji-

1963 609 2178 662 ciuntur
2242 613 2514 681 episc0pis
2557 613 2906 682 iudicentur,
2969 619 3203 686 plurium
3264 637 3530 682 canonunt

1961 698 2185 754 decreto
2212 705 2566 758 constitutum
2618 717 2722 763 est.
2759 708 2870 764 Hoc
2909 725 3039 766 vero
3078 730 3283 772 canone
3311 718 3377 772 de
3406 735 3533 788 pro.

1963 795 2344 849 vocalionilitts
2378 799 2656 863 statuitur,
2699 809 2755 854 ut
2784 803 2830 856 si
2869 803 3120 858 nimirum
3153 809 3531 877 episcOporutn

1961 898 2180 937 suorum
2203 887 2409 954 judicio
2441 888 2712 960 litigantes
2737 891 2924 948 clerici
2953 903 3097 950 stare
3127 899 3313 964 nolint,
3347 916 3375 953 a
3406 902 3531 956 vici-

1963 977 2048 1030 nis
2070 979 2338 1047 episcopis
2368 983 2679 1049 audiantur,
2711 1000 2773 1039 ac
2798 987 2976 1044 abeis
3002 993 3280 1046 sententia
3303 994 3533 1061 aequitas

1964 1069 2333 1125 exautiuetur.
2362 1071 2584 1129 Judices
2617 1091 2780 1144 porro
2809 1079 2897 1133 isti
2926 1082 3330 1148 provocationis
3371 1101 3398 1137 a
3429 1086 3531 1139 liti-

1963 1161 2234 1226 gantibus.
2274 1178 2378 1217 non
2433 1166 2554 1220 sine
2597 1167 2836 1239 episcopi
2901 1181 3080 1226 tamen
3123 1176 3528 1242 approbatione.

1961 1251 2290 1319 deligentur.
2321 1254 2474 1321 Quod
2510 1258 2556 1312 si
2584 1258 2695 1326 ipsa
2741 1275 2960 1330 quoque
2987 1264 3365 1333 episcoporum
3403 1283 3531 1322 sen-

1963 1344 2152 1406 tentia,
2181 1345 2245 1399 ad
2278 1362 2414 1415 quos
2441 1363 2822 1418 provocavere,
2863 1366 2968 1407 non
2986 1355 3330 1422 satisfecerit,
3354 1357 3418 1410 ad
3438 1374 3528 1428 sy-

1961 1436 2132 1490 nodus
2171 1439 2221 1491 in
2274 1440 2454 1494 Africa
2505 1441 2782 1498 habendas
2821 1459 2982 1499 causa
3031 1447 3322 1510 referetur,
3373 1457 3532 1518 atque

1960 1529 2027 1581 ad
2054 1531 2458 1596 provinciarum
2512 1536 2791 1599 primates,
2837 1539 2927 1605 qui
2981 1540 3185 1593 scilicet
3233 1540 3354 1593 aliis
3409 1556 3532 1594 cum

1962 1622 2286 1674 auctoritate
2320 1625 2562 1688 praefecti
2599 1638 2746 1681 sunt.
2785 1627 2840 1681 Si
2875 1630 2998 1697 quis
3046 1641 3226 1686 autem
3253 1631 3318 1685 ad
3353 1642 3530 1688 trans-

1958 1712 2166 1764 marina
2195 1713 2419 1782 judicia,
2448 1717 2548 1770 hoc
2578 1728 2683 1781 est,
2716 1720 2783 1772 ad
2836 1721 3001 1775 Italiae
3027 1725 3330 1790 episcopos,
3360 1725 3440 1777 vel
3467 1726 3532 1780 ad

255 1783 370 1849 τῆς
404 1782 686 1852 θαλάσσης
713 1785 1148 1849 ἐκκαλέσασθαι,
1194 1789 1365 1857 ἦγουν
1408 1790 1546 1858 πρὸς
1590 1795 1717 1855 τοὺς
1750 1794 1850 1862 τῆς

1963 1800 2120 1858 ltalite
2147 1805 2412 1876 synodum
2443 1823 2736 1874 provocare
2759 1812 2908 1873 velit,
2947 1827 2974 1865 a
3011 1813 3416 1882 communione,
3446 1815 3534 1870 in-

272 1873 522 1936 Ὶταλίας
553 1875 894 1936 ἐπισκόπους
928 1878 1022 1930 καὶ
1053 1878 1153 1949 τὴν
1202 1880 1320 1931 ἐκεῖ
1353 1879 1595 1944 σύνοδον,
1625 1883 1851 1938 ἀκοινώ-

1963 1896 2100 1962 quit,
2125 1873 2190 1951 .in
2224 1897 2424 1953 Africa:
2454 1901 2664 1969 synodo
2690 1904 3034 1958 excludatur.

258 1982 455 2033 νητος,
511 1965 696 2036 φησὶν,
742 1968 859 2038 ἤτω
906 1969 1062 2040 παρὰ
1097 1973 1165 2040 τῇ
1222 1973 1429 2041 συνόδῳ
1487 1973 1589 2040 τῆς
1660 1975 1850 2044 ’Δφριι

258 2059 399 2120 κῆς.

254 2155 497 2209 ΔΡΙΣΤ.
574 2175 592 2206 ι
633 2158 1016 2233 Πρεσϐύτερος
1068 2163 1162 2215 καὶ
1218 2163 1493 2227 διάκονος,
1548 2165 1857 2235 ἐπιμεμφό-

345 2264 365 2295 ε
410 2264 562 2316 μενοι
603 2251 917 2322 ἐπισκόπῳ,
954 2253 1199 2319 γείτοσιν
1226 2254 1553 2318 ἐπισκόποις
1604 2257 1856 2322 ἐγκαλεί-

347 2357 369 2389 ε
404 2355 624 2393 τωσαν·
675 2342 814 2394 ἀλλὰ
865 2344 940 2413 μὴ
999 2345 1061 2397 τὸ
1111 2343 1351 2412 πέλαγος
1410 2347 1850 2415 διαπεράτωσαν.

346 2448 365 2478 ι
422 2430 805 2499 ’Δκοινὼνητοι
846 2434 956 2500 γὰρ
986 2435 1200 2488 ἔσονται
1225 2438 1283 2488 ἐν
1327 2437 1596 2507 Ἀφρικῇ.
1650 2457 1669 2488 ι

331 2519 513 2574 Τοῦτο
570 2522 667 2575 καὶ
734 2526 791 2576 ἐν
864 2528 942 2595 τῷ
996 2527 1228 2597 εἰκοστῷ
1296 2528 1468 2598 ὀγδόῳ
1524 2531 1708 2582 κανόνι
1754 2533 1854 2598 τῆς

257 2611 555 2680 παρούσης
585 2614 804 2666 συνόδου
843 2616 1079 2685 ὡρίσθη.
1122 2619 1184 2671 τὸ
1215 2622 1289 2688 μή
1318 2637 1439 2672 τινα
1474 2619 1852 2690 πρεσϐύτερον

255 2703 292 2770 ἢ
332 2703 608 2763 διάκονον.
650 2705 800 2774 παρὰ
847 2705 942 2759 τοῦ
999 2707 1132 2761 ἰδίου
1189 2711 1494 2763 ἐπισκόπου
1555 2713 1855 2765 καταδικα-

255 2792 490 2855 σθέντα,
539 2795 631 2846 καὶ
664 2797 762 2864 τὴν
815 2799 1001 2864 κρίσιν
1027 2839 1038 2847 .
1062 2800 1540 2869 ἐπιμεμφόμενον,
1574 2803 1672 2854 καὶ
1710 2803 1853 2856 κατὰ

255 2886 482 2954 ταύτης
538 2889 896 2944 ἐκκαλεῖσθαι
950 2891 1301 2963 βουλόμενον,
1347 2898 1408 2948 τὸ
1452 2896 1691 2965 πέλαγος
1750 2899 1852 2968 τῆς

269 2977 554 3046 Ἀξρικῆς
600 2981 890 3050 διαπερᾶν,
930 2988 1024 3036 καὶ
1059 2988 1188 3056 περὶ
1226 2990 1435 3058 ταύτης
1469 2990 1570 3057 τῆς
1627 2992 1851 3060 Ῥώμης

255 3070 701 3138 προσέρχεσθαι,
756 3073 892 3127 ἀλλὰ
953 3078 1068 3137 τοῖς
1117 3078 1362 3144 γείτοσιν
1426 3079 1678 3141 ἐγκαλεῖν
1726 3081 1849 3134 ἑπι-

257 3161 522 3223 σκόποις,
557 3165 652 3214 καὶ
687 3166 820 3232 παρ’
876 3167 1061 3229 αὐτοῖς
1087 3169 1392 3236 γυμνάζειν
1423 3170 1522 3238 τὴν
1559 3170 1843 3238 ἔκκλητον

262 3254 321 3302 εἰ
378 3251 435 3302 δέ
469 3252 562 3321 μὴ,
615 3255 982 3326 ἀκοινώνητον
1029 3253 1170 3309 εἶναι
1224 3259 1280 3309 ἐν
1310 3257 1568 3328 Ἀφρικῇ.
1603 3260 1770 3311 Τοῦτο
1793 3260 1847 3312 δὲ

257 3342 542 3411 ἷκωλύθη,
594 3344 668 3407 ὼς
715 3342 895 3415 οἶμαι,
955 3349 1044 3401 διά
1091 3365 1150 3400 τε
1206 3349 1331 3410 τοὺς
1371 3349 1513 3400 κατὰ
1569 3350 1848 3402 θάλασσαν

257 3434 576 3498 κινδύνους,
598 3438 772 3490 καὶτὸ
802 3421 877 3509 pi}
909 3441 1202 3508 συντριδὰς
1235 3440 1567 3507 ὑφίστασθαι
1593 3441 1688 3494 καὶ⁵
1722 3459 1848 3493 και-

258 3531 538 3597 νοτομίας
557 3530 626 3581 τὰ
657 3531 802 3600 μέρη
837 3532 924 3584 διὰ
948 3531 1047 3602 τὴν
1074 3534 1161 3585 ἐπὶ
1193 3531 1351 3602 ξένης
1377 3532 1596 3602 μακρὰν
1649 3533 1851 3602 ἀποδη-

261 3618 428 3687 μίαν.

809 3711 1043 3766 ΚΑΝΩΝ
1073 3711 1248 3766 PKZ'.

264 3819 285 3852 ε
328 3802 466 3870 Περὶ
526 3803 815 3872 παρθένων
877 3805 1090 3874 μικρῶν
1176 3805 1257 3857 ἔτι
1336 3805 1441 3875 μὴν
1503 3805 1847 3857 καλυπτὲων.

348 3910 366 3942 ι
417 3892 653 3962 Ὁμοίως
679 3896 903 3965 ἧρεσεν,
946 3897 1034 3949 ἵνα
1069 3898 1428 3973 ὁστισδήποτε
1465 3898 1574 3950 τῶν
1619 3896 1854 3948 ἐπισκό-

347 4003 365 4034 ‹
415 4001 551 4048 πων,
579 3987 645 4038 δι’
680 3989 928 4057 ἀνάγκην
967 3989 1068 4058 τῆς
1099 3990 1439 4058 παρθενικῆς
1496 3989 1850 4063 σωφροσύνης

347 4095 366 4127 ι
410 4080 861 4152 κινδυνευούσης,
890 4085 981 4136 ὅτε
1015 4084 1311 4154 ἣὲραστὴς
1347 4083 1628 4153 δυνατδςῆ
1667 4082 1851 4151 ἅρπαξ

352 4188 371 4220 ι
408 4187 492 4232 τις
526 4172 673 4223 ἐστὶν
704 4175 761 4225 ἐν
798 4173 1023 4244 ὑποψία,
1057 4175 1087 4244 ἦ
1122 4177 1202 4227 ἔτι
1241 4175 1346 4244 μὴν
1375 4175 1481 4227 ὑπό
1514 4192 1659 4236 τινος
1689 4175 1853 4226 θανα-

351 4279 369 4311 t
408 4261 654 4331 τηφόρου
676 4262 922 4315 κινδύνου
959 4262 1106 4331 αὕτη
1143 4262 1326 4315 ἔσεται
1352 4262 1631 4332 νυχθεῖσα,
1669 4275 1852 4327 παρα-

352 4371 370 4402 ι
415 4351 731 4404 καλούντων
761 4353 794 4421 ἢ
829 4353 936 4405 τῶν
970 4354 1177 4419 γονέων
1216 4353 1408 4421 αὐτῆς,
1444 4346 1578 4422 ἢῶν
1604 4354 1668 4420 τῇ
1689 4366 1853 4419 φρον-

357 4461 376 4494 t
416 4443 522 4495 τὶδι
549 4443 854 4507 ἀνάκειται,
887 4443 978 4496 διὰ
1007 4446 1068 4496 τὸ
1102 4445 1176 4514 μὴ
1218 4444 1392 4514 χωρὶς
1443 4442 1538 4495 τοῦ
1573 4443 1851 4512 σχήματος

343 4553 362 4583 ι
400 4531 781 4598 τελειωθῆναι,
855 4533 1072 4604 καλύψῃ
1145 4534 1500 4604 παρθένονῆ
1576 4531 1848 4600 ἐκάλυψεν

346 4643 364 4672 ι
410 4624 567 4686 ἐντὸς
629 4623 825 4690 κείρας
900 4624 1161 4676 ἐνιαυτῶν
1238 4624 1605 4686 εἰκοσιπέντε,
1687 4622 1850 4692 μηδὲν

351 4734 368 4766 t
411 4715 506 4765 τὸν
520 4713 769 4767 τοιοῦτον
790 4713 967 4784 βλάψῃ
989 4733 1052 4767 πε
1064 4716 1116 4784 pi.
1145 4714 1340 4769 τούτου
1366 4714 1459 4768 τοῦ
1481 4714 1606 4785 ἀριθ
1617 4713 1718 4784 μοῦ
1741 4713 1851 4766 τῶν

354 4825 372 4855 ι
413 4807 681 4858 ἐνιαυτῶν
712 4806 1123 4859 κατασταθεῖσα
1164 4807 1438 4870 σύνοδος.ι

347 4897 546 4948 ΒΑΛΣ.
580 4896 986 4966 Καθιεροῦσθαι
1013 4899 1110 4966 μὲν
1143 4899 1451 4970 παρθένους
1490 4901 1850 4974 διαλαμϐάνει

262 4991 294 5045 ό
329 4989 488 5049 ἕκτος
524 4988 702 5042 κανὼν
733 4990 834 5058 τῆς
889 4990 1174 5060 παρούσης
1229 4992 1472 5058 συνόδου,
1525 4995 1620 5048 καὶ
1673 4996 1701 5047 ό
1744 4998 1847 5067 μδ’,

261 5080 418 5133 ὥστε
451 5082 507 5131 ἐν
543 5082 606 5148 τῇ
651 5079 900 5150 ἁρμοδὶῳ
954 5084 1141 5153 ἡλικία
1201 5085 1293 5136 καὶ
1340 5085 1688 5150 διακονίσσας
1725 5087 1851 5140 καθ-

265 5171 524 5225 ίστασθαι
545 5173 736 5235 αὐτάς.
769 5173 1360 5244 Μετασχηματίζεσθαι
1378 5175 1430 5228 δὲ
1453 5178 1562 5230 ἀπὸ
1584 5177 1675 5230 τοῦ
1705 5195 1849 5247 παρ-

256 5263 422 5323 όντος
479 5264 701 5323 κανόνος
750 5263 1096 5332 μανθάνομεν
1149 5266 1287 5333 μετὰ
1322 5267 1413 5317 τὸν
1465 5266 1543 5318 κε’
1583 5269 1850 5323 ἐνιαυτόν.

263 5351 413 5404 Φασὶ
445 5353 554 5422 γὰρ
585 5355 632 5407 οἱ
651 5354 792 5407 Πατέ
805 5370 915 5423 ρες,
941 5357 1054 5418 ἵνα,
1080 5355 1173 5408 ἐὰν
1201 5358 1500 5420 ἐπίσκοπος
1525 5359 1556 5420 ἢ
1584 5359 1847 5426 ἐκάλυψε,

254 5444 510 5496 τουτέστι
535 5447 995 5515 μετεσχημάτισα,
1026 5450 1292 5518 παρθένον
1321 5451 1687 5504 ἁνατεθεῐσαν
1706 5453 1846 5523 Θεῷ,

263 5536 303 5605 ἢ
343 5534 574 5604 καλύψει
606 5537 717 5607 πρὸ
767 5539 867 5608 τῆς
899 5540 1110 5610 κείρας,
1152 5543 1320 5612 ἧγουν
1358 5542 1464 5610 προ
1493 5545 1590 5610 τῆς
1630 5544 1850 5612 ἡλικίας

261 5625 386 5678 τῶν
440 5635 515 5680 κε’
571 5630 840 5682 ἐνιαυτῶν
895 5632 1082 5700 (τυχὸν
1130 5636 1238 5702 γὰρ
1306 5634 1734 5687 ἐπεϐουλεύσατο
1783 5638 1846 5706 τῇ

261 5721 595 5792 σωφροσύνῃ
647 5722 856 5793 ταύτης
883 5725 1120 5794 ἐραστὴς
1154 5726 1460 5796 δ·)νατὸς,ἣ
1495 5725 1848 5780 ὑπωπτεύετο

1881 4475 1928 4533 D

1957 2165 2186 2223 ARIST.
2223 2189 2242 2222 ι
2287 2170 2579 2243 Presbyter
2632 2184 2686 2230 et
2740 2177 3026 2247 diaconus,
3056 2181 3148 2251 qui
3179 2181 3246 2236 de
3275 2183 3532 2254 episcopo

2035 2277 2054 2309 ε
2092 2275 2190 2314 suo
2222 2277 2654 2334 conqueruntur,
2689 2269 2756 2323 ad
2785 2271 2990 2326 vicinos
3020 2273 3315 2341 episcopos
3348 2277 3530 2344 appela

2038 2368 2056 2400 ι
2103 2353 2214 2407 lent
2253 2372 2266 2407 :
2303 2364 2358 2408 ttt
2402 2372 2552 2412 mare
2587 2374 2654 2414 ne
2686 2361 2981 2431 trajiciant.
3037 2364 3094 2418 in
3139 2364 3323 2421 Africa
3378 2368 3528 2422 enim

2034 2460 2052 2494 t
2090 2449 2737 2508 excounnunicaliuntur.
2780 2473 2799 2507 ›

2036 2538 2149 2593 lloc
2177 2540 2306 2595 etin
2347 2545 2607 2598 vicesimo
2638 2555 2829 2601 octavo
2887 2549 3079 2617 synodi
3115 2553 3397 2619 praesentis
3438 2568 3530 2608 ca-

1957 2647 2096 2686 none
2129 2632 2410 2687 decretum
2443 2644 2528 2689 est
2556 2653 2570 2697 ;
2607 2645 2666 2689 ut
2717 2637 2899 2691 nullus
2932 2640 3242 2711 presbyter,
3283 2651 3377 2695 aut
3406 2644 3526 2697 dia-

1954 2739 2148 2787 conus,
2176 2739 2202 2776 a
2252 2740 2350 2778 suo
2383 2725 2642 2795 episcopo
2686 2727 3102 2790 condemnatus.
3169 2741 3222 2784 et
3265 2731 3526 2801 judicium

1954 2813 2395 2882 reprehendens,
2466 2825 2520 2870 et
2570 2827 2758 2871 contra
2806 2819 2939 2873 illttd
2997 2821 3264 2890 appellare
3317 2824 3526 2891 volens,

1955 2905 2152 2960 Africa:
2211 2909 2427 2977 pelagus
2478 2918 2743 2972 transeat,
2801 2921 2852 2962 et
2906 2911 3023 2980 ejus
3075 2915 3242 2980 gratia
3300 2915 3524 2967 Romam

1953 2994 2111 3049 adeat
2144 3014 2156 3049 :
2186 2996 2280 3049 sed
2314 2997 2378 3048 ad
2409 2998 2613 3051 vicinos
2661 2999 2949 3066 appellabit
2983 3001 3291 3067 episcopos,
3350 3011 3406 3055 et
3459 3002 3526 3055 iis

1957 3089 2329 3154 appellationis
2356 3103 2575 3141 causam
2617 3091 2874 3160 indicabit
2911 3108 2924 3143 :
2958 3093 3038 3146 sin
3075 3092 3271 3157 minus,
3308 3107 3526 3147 etcom-

1953 3180 2283 3233 municatnm
2313 3193 2433 3234 esse
2461 3179 2515 3233 in
2550 3179 2751 3234 Africa.
2794 3182 2908 3235 Hoc
2936 3193 3112 3237 autent
3145 3185 3368 3238 vetitum
3400 3184 3522 3248 fuit,

1952 3280 2011 3324 ut
2039 3271 2255 3340 opinor,
2289 3279 2341 3325 et
2367 3281 2592 3341 propter
2645 3273 2810 3326 maris
2871 3275 3128 3341 pericula,
3163 3284 3218 3329 et
3251 3286 3309 3329 tit
3343 3286 3526 3345 partes

1951 3362 2265 3415 vexationes
2316 3373 2371 3415 et
2431 3364 2807 3417 inuovatioues
2869 3381 2973 3417 non
3023 3366 3373 3425 sustinerent.
3430 3383 3527 3436 per

1953 3452 2297 3520 longinquam
2361 3453 2426 3505 ad
2487 3453 2760 3523 regionem
2828 3462 3070 3507 cxteram
3133 3456 3523 3523 peregrinatio-

1954 3556 2098 3596 nem.

2468 3723 2692 3778 CANON
2733 3723 2869 3778 CXX
2885 3723 2994 3779 νη.

1961 3832 1976 3866 t
2021 3815 2094 3869 De
2127 3815 2308 3882 parvis
2366 3815 2663 3883 virginibus
2720 3816 2893 3870 adhuc
2953 3817 3213 3871 velandis.
3266 3817 3525 3872 Similiter

2032 3923 2050 3956 ε
2088 3905 2285 3973 placuit
2314 3916 2373 3959 ut
2427 3907 2675 3973 quisquis
2713 3906 2996 3974 episcopus
3032 3917 3251 3975 propter
3290 3910 3526 3963 necessi-

2031 4015 2048 4046 ε
2091 4006 2253 4051 tatem
2282 3996 2559 4066 virginalis
2598 3998 2872 4065 pudicitiae
2907 3998 2957 4050 in
3005 3998 3302 4065 periculum
3361 4000 3527 4052 addu-

2029 4105 2046 4137 ι
2086 4097 2206 4151 etas,
2243 4087 2462 4156 quando
2496 4087 2578 4141 vel
2609 4097 2802 4155 potens
2833 4095 3048 4141 amator
3073 4089 3155 4141 vel
3211 4098 3397 4157 raptor
3427 4088 3527 4140 ali-

2031 4196 2048 4228 ι
2090 4179 2210 4246 quis
2261 4187 2545 4247 suspectus
2603 4177 2789 4244 fuerit,
2823 4177 2906 4230 vel
2938 4178 3048 4246 ipsa
3097 4178 3256 4232 etiam
3312 4188 3530 4246 propter

2031 4284 2049 4317 t
2089 4268 2425 4324 mortiferum
2463 4268 2678 4336 aliquod
2721 4265 3021 4334 periculum
3053 4275 3375 4334 compuncta
3410 4266 3529 4321 fue-

2032 4376 2050 4409 ι
2090 4359 2180 4423 rit,
2213 4359 2625 4426 adhortantibus
2660 4359 2747 4412 vel
2813 4359 2931 4427 ejus
2967 4358 3302 4428 parentibus,
3333 4357 3416 4412 vel
3464 4359 3532 4412 iis

2032 4467 2052 4500 ε
2096 4449 2186 4516 qui
2217 4449 2332 4517 ejus
2361 4463 2548 4503 curant
2575 4455 2790 4518 gerunt,
2830 4457 2887 4501 ut
2917 4463 3022 4503 non
3057 4449 3173 4502 sine
3198 4449 3379 4502 habitu
3411 4463 3529 4501 mo-

2033 4559 2050 4591 ι
2095 4541 2306 4609 riatur,
2376 4541 2633 4595 velaverit
2684 4541 2949 4610 virginem
3004 4540 3088 4595 vel
3147 4539 3338 4593 velavit
3389 4541 3530 4594 intra

2029 4633 2406 4687 «vicesimum
2491 4632 2744 4702 quintum
2821 4630 2997 4686 aetatis
3061 4646 3306 4696 annum;
3397 4631 3531 4684 nihil

2035 4739 2054 4772 ι
2093 4735 2213 4775 eum
2251 4720 2407 4774 laedet
2452 4720 2520 4775 de
2547 4735 2611 4774 eo
2637 4735 2899 4775 annorum
2956 4734 3183 4774 numero
3236 4723 3534 4775 constituta

2028 4831 2046 4862 ε
2091 4811 2348 4881 synodus.
2394 4831 2410 4862 ι

2023 4902 2218 4957 BALS.
2256 4903 2573 4958 COnsecrari
2610 4904 2824 4971 quidem
2848 4905 3087 4973 virgines
3120 4913 3314 4960 tractat
3340 4917 3532 4960 sextus,

1954 5008 2122 5049 canon
2158 4995 2439 5063 praesentis
2464 4995 2673 5065 synodi.
2706 5002 2760 5048 et
2788 4997 3241 5066 quadragesimus
3271 5009 3535 5066 quartus,

1956 5096 2010 5140 ut
2040 5087 2091 5140 in
2126 5087 2465 5140 convenienti
2502 5095 2658 5140 aelate
2684 5087 2814 5155 ipsae
2841 5089 3003 5142 etiam
3050 5089 3368 5144 diaconissae
3395 5104 3524 5143 con-

1955 5178 2248 5232 stituantur
2283 5196 2296 5232 :
2331 5177 2569 5232 habitum
2601 5180 2761 5249 661
2809 5189 2988 5234 autem
3046 5197 3259 5235 sumere
3291 5192 3410 5251 post
3434 5183 3523 5235 -vi-

1954 5271 2213 5323 eesimum
2259 5273 2502 5337 quintum
2536 5287 2734 5325 annum
2771 5289 2798 5326 a
2838 5275 3085 5343 praesenti
3123 5290 3329 5330 canone
3360 5275 3522 5330 disci-

1955 5378 2093 5416 mus.
2125 5363 2310 5415 Dicunt
2343 5364 2484 5416 enim
2508 5363 2716 5430 Patres,
2744 5372 2800 5420 ut
2823 5367 2865 5420 si
2891 5367 3175 5436 episcopus
3201 5370 3281 5422 vel
3307 5369 3523 5430 velavit.

1957 5455 2058 5508 lioc
2105 5466 2207 5520 est,
2261 5456 2436 5509 induit
2495 5457 2760 5526 virginem
2811 5458 2920 5512 Deo
2978 5468 3377 5526 consecratam,
3441 5461 3527 5514 vel

1955 5548 2174 5612 velabit,
2239 5557 2364 5601 ante
2417 5557 2633 5603 nitatem
2726 5551 2912 5620 viginti
2971 5552 3208 5621 quinque
3263 5567 3527 5605 annorum

1959 5637 2118 5708 (forte
2144 5641 2286 5694 enim
2325 5641 2443 5708 ejus
2476 5642 2748 5708 pudicitiae
2797 5643 3157 5700 insidiabatur
3186 5656 3376 5714 potens
3423 5643 3526 5698 ali-

1957 5728 2098 5799 quis,
2130 5729 2212 5786 vel
2247 5730 2542 5801 periculqu
2599 5741 2716 5788 erat
2760 5749 2826 5791 nc
2881 5743 3164 5806 raperetur
3210 5736 3275 5792 ab
3319 5734 3522 5806 aliquo,
