  <div class='ocr_page' id='page_1' title='image "/cluster/home/n/w/nwhite01/storage/ocr_20150623/138/pst.000005714544/239.png"; bbox 0 0 4002 6314; ppageno 0'>
   <div class='ocr_carea' id='block_1_1' title="bbox 556 279 663 343">
    <p class='ocr_par' dir='ltr' id='par_1_1' title="bbox 556 279 663 343">
     <span class='ocr_line' id='line_1_1' title="bbox 556 279 663 343; baseline -0.056 0"><span class='ocrx_word' id='word_1_1' title='bbox 556 279 663 343; x_wconf 74' lang='grc'><strong>407</strong></span> 
     </span>
    </p>
   </div>
   <div class='ocr_carea' id='block_1_2' title="bbox 1763 281 2501 344">
    <p class='ocr_par' dir='ltr' id='par_1_2' title="bbox 1763 281 2501 344">
     <span class='ocr_line' id='line_1_2' title="bbox 1763 281 2501 344; baseline 0.008 -6"><span class='ocrx_word' id='word_1_2' title='bbox 1763 282 1863 339; x_wconf 82' lang='grc' dir='ltr'><strong>ΤΠ</strong></span> <span class='ocrx_word' id='word_1_3' title='bbox 1876 281 2046 341; x_wconf 83' lang='lat' dir='ltr'><strong>EOD.</strong></span> <span class='ocrx_word' id='word_1_4' title='bbox 2102 284 2501 344; x_wconf 73' lang='lat' dir='ltr'><strong>BALSAMON</strong></span> 
     </span>
    </p>
   </div>
   <div class='ocr_carea' id='block_1_3' title="bbox 3671 281 3776 343">
    <p class='ocr_par' dir='ltr' id='par_1_3' title="bbox 3671 281 3776 343">
     <span class='ocr_line' id='line_1_3' title="bbox 3671 281 3776 343; baseline 0 -1"><span class='ocrx_word' id='word_1_5' title='bbox 3671 281 3776 343; x_wconf 67' lang='grc'><strong>408</strong></span> 
     </span>
    </p>
   </div>
   <div class='ocr_carea' id='block_1_4' title="bbox 553 382 2116 459">
    <p class='ocr_par' dir='ltr' id='par_1_4' title="bbox 553 382 2116 454">
     <span class='ocr_line' id='line_1_4' title="bbox 553 382 2116 454; baseline 0.003 -20"><span class='ocrx_word' id='word_1_6' title='bbox 553 398 642 450; x_wconf 88' lang='lat' dir='ltr'><strong>qm</strong></span> <span class='ocrx_word' id='word_1_7' title='bbox 674 396 870 436; x_wconf 84' lang='lat' dir='ltr'><strong>vesano</strong></span> <span class='ocrx_word' id='word_1_8' title='bbox 894 382 1005 447; x_wconf 85' lang='lat' dir='ltr'><strong>ejus</strong></span> <span class='ocrx_word' id='word_1_9' title='bbox 1065 398 1252 438; x_wconf 82' lang='lat' dir='ltr'><strong>amore</strong></span> <span class='ocrx_word' id='word_1_10' title='bbox 1291 394 1486 454; x_wconf 84' lang='lat' dir='ltr'><strong>captus</strong></span> <span class='ocrx_word' id='word_1_11' title='bbox 1519 393 1653 445; x_wconf 84' lang='lat' dir='ltr'><strong>erat.</strong></span> <span class='ocrx_word' id='word_1_12' title='bbox 1705 387 1784 439; x_wconf 99' lang='lat' dir='ltr'><strong>vel</strong></span> <span class='ocrx_word' id='word_1_13' title='bbox 1839 385 2116 438; x_wconf 77' lang='lat' dir='ltr'><strong>mortifero</strong></span> 
     </span>
    </p>
   </div>
   <div class='ocr_carea' id='block_1_5' title="bbox 2224 382 3778 459">
    <p class='ocr_par' dir='ltr' id='par_1_5' title="bbox 2224 385 3778 459">
     <span class='ocr_line' id='line_1_5' title="bbox 2224 385 3778 459; baseline -0.001 -19"><span class='ocrx_word' id='word_1_14' title='bbox 2224 389 2538 459; x_wconf 77' lang='grc' dir='ltr'>ἀρπαγῆναι</span> <span class='ocrx_word' id='word_1_15' title='bbox 2569 394 2716 459; x_wconf 80' lang='grc' dir='ltr'>παρά</span> <span class='ocrx_word' id='word_1_16' title='bbox 2764 406 2905 450; x_wconf 78' lang='grc' dir='ltr'>τινος</span> <span class='ocrx_word' id='word_1_17' title='bbox 2942 387 3430 457; x_wconf 77' lang='grc' dir='ltr'>ἐρωτομανοῦντος,</span> <span class='ocrx_word' id='word_1_18' title='bbox 3472 385 3504 457; x_wconf 73' lang='grc' dir='ltr'>ἢ</span> <span class='ocrx_word' id='word_1_19' title='bbox 3543 385 3644 438; x_wconf 66' lang='grc' dir='ltr'>ὑπὸ</span> <span class='ocrx_word' id='word_1_20' title='bbox 3679 385 3778 438; x_wconf 88' lang='grc' dir='ltr'>θα-</span> 
     </span>
    </p>
   </div>
   <div class='ocr_carea' id='block_1_6' title="bbox 556 473 2107 543">
    <p class='ocr_par' dir='ltr' id='par_1_6' title="bbox 556 473 2107 543">
     <span class='ocr_line' id='line_1_6' title="bbox 556 473 2107 543; baseline 0.003 -21"><span class='ocrx_word' id='word_1_21' title='bbox 556 473 743 524; x_wconf 90' lang='lat' dir='ltr'><strong>morbo</strong></span> <span class='ocrx_word' id='word_1_22' title='bbox 772 481 1040 540; x_wconf 79' lang='lat' dir='ltr'><strong>correpta,</strong></span> <span class='ocrx_word' id='word_1_23' title='bbox 1073 488 1137 525; x_wconf 90' lang='lat' dir='ltr'><strong>ne</strong></span> <span class='ocrx_word' id='word_1_24' title='bbox 1175 488 1205 526; x_wconf 93' lang='lat' dir='ltr'><strong>e</strong></span> <span class='ocrx_word' id='word_1_25' title='bbox 1246 473 1351 527; x_wconf 89' lang='lat' dir='ltr'><strong>vita</strong></span> <span class='ocrx_word' id='word_1_26' title='bbox 1384 477 1638 543; x_wconf 94' lang='lat' dir='ltr'><strong>migraret</strong></span> <span class='ocrx_word' id='word_1_27' title='bbox 1693 476 2002 536; x_wconf 84' lang='lat' dir='ltr'><strong>timebatur,</strong></span> <span class='ocrx_word' id='word_1_28' title='bbox 2031 484 2107 538; x_wconf 87' lang='lat' dir='ltr'><strong>et,</strong></span> 
     </span>
    </p>
   </div>
   <div class='ocr_carea' id='block_1_7' title="bbox 555 562 2107 635">
    <p class='ocr_par' dir='ltr' id='par_1_7' title="bbox 555 562 2107 635">
     <span class='ocr_line' id='line_1_7' title="bbox 555 562 2107 635; baseline 0.003 -21"><span class='ocrx_word' id='word_1_29' title='bbox 555 577 622 614; x_wconf 90' lang='lat' dir='ltr'><strong>ne</strong></span> <span class='ocrx_word' id='word_1_30' title='bbox 657 576 757 614; x_wconf 91' lang='lat' dir='ltr'><strong>non</strong></span> <span class='ocrx_word' id='word_1_31' title='bbox 784 562 1018 629; x_wconf 78' lang='lat' dir='ltr'><strong>perfecta</strong></span> <span class='ocrx_word' id='word_1_32' title='bbox 1055 574 1374 627; x_wconf 87' lang='lat' dir='ltr'><strong>remaneret,</strong></span> <span class='ocrx_word' id='word_1_33' title='bbox 1396 566 1662 620; x_wconf 83' lang='lat' dir='ltr'><strong>adhortati</strong></span> <span class='ocrx_word' id='word_1_34' title='bbox 1693 577 1811 621; x_wconf 88' lang='lat' dir='ltr'><strong>sunt</strong></span> <span class='ocrx_word' id='word_1_35' title='bbox 1837 577 2107 635; x_wconf 86' lang='lat' dir='ltr'><strong>parentes,</strong></span> 
     </span>
    </p>
   </div>
   <div class='ocr_carea' id='block_1_8' title="bbox 553 651 2110 726">
    <p class='ocr_par' dir='ltr' id='par_1_8' title="bbox 553 651 2110 726">
     <span class='ocr_line' id='line_1_8' title="bbox 553 651 2110 726; baseline 0.006 -27"><span class='ocrx_word' id='word_1_36' title='bbox 553 651 634 702; x_wconf 80' lang='lat' dir='ltr'><strong>vel</strong></span> <span class='ocrx_word' id='word_1_37' title='bbox 670 652 758 719; x_wconf 86' lang='lat' dir='ltr'><strong>qui</strong></span> <span class='ocrx_word' id='word_1_38' title='bbox 786 653 981 720; x_wconf 85' lang='lat' dir='ltr'><strong>alioqui</strong></span> <span class='ocrx_word' id='word_1_39' title='bbox 1016 653 1133 722; x_wconf 84' lang='lat' dir='ltr'><strong>ejus</strong></span> <span class='ocrx_word' id='word_1_40' title='bbox 1165 669 1348 709; x_wconf 86' lang='lat' dir='ltr'><strong>curam</strong></span> <span class='ocrx_word' id='word_1_41' title='bbox 1393 658 1667 726; x_wconf 90' lang='lat' dir='ltr'><strong>gerebant,</strong></span> <span class='ocrx_word' id='word_1_42' title='bbox 1701 673 1768 712; x_wconf 92' lang='lat' dir='ltr'><strong>ne</strong></span> <span class='ocrx_word' id='word_1_43' title='bbox 1806 673 1866 712; x_wconf 86' lang='lat' dir='ltr'><strong>ea</strong></span> <span class='ocrx_word' id='word_1_44' title='bbox 1921 665 2110 712; x_wconf 87' lang='lat' dir='ltr'><strong>sancto</strong></span> 
     </span>
    </p>
   </div>
   <div class='ocr_carea' id='block_1_9' title="bbox 553 741 2107 816">
    <p class='ocr_par' dir='ltr' id='par_1_9' title="bbox 553 741 2107 816">
     <span class='ocr_line' id='line_1_9' title="bbox 553 741 2107 816; baseline 0.003 -23"><span class='ocrx_word' id='word_1_45' title='bbox 553 741 737 794; x_wconf 89' lang='lat' dir='ltr'><strong>habitu</strong></span> <span class='ocrx_word' id='word_1_46' title='bbox 769 743 1070 808; x_wconf 73' lang='lat' dir='ltr'><strong>privaretur</strong></span> <span class='ocrx_word' id='word_1_47' title='bbox 1098 763 1112 798; x_wconf 91' lang='lat'><strong>:</strong></span> <span class='ocrx_word' id='word_1_48' title='bbox 1147 754 1198 799; x_wconf 93' lang='lat' dir='ltr'><strong>et</strong></span> <span class='ocrx_word' id='word_1_49' title='bbox 1232 757 1448 814; x_wconf 90' lang='lat' dir='ltr'><strong>propter</strong></span> <span class='ocrx_word' id='word_1_50' title='bbox 1476 747 1736 816; x_wconf 86' lang='lat' dir='ltr'><strong>ejusmodi</strong></span> <span class='ocrx_word' id='word_1_51' title='bbox 1781 749 1955 814; x_wconf 79' lang='lat' dir='ltr'><strong>justas</strong></span> <span class='ocrx_word' id='word_1_52' title='bbox 1983 763 2107 802; x_wconf 65' lang='lat' dir='ltr'><strong>can.</strong></span> 
     </span>
    </p>
   </div>
   <div class='ocr_carea' id='block_1_10' title="bbox 550 833 2110 906">
    <p class='ocr_par' dir='ltr' id='par_1_10' title="bbox 550 833 2110 906">
     <span class='ocr_line' id='line_1_10' title="bbox 550 833 2110 906; baseline 0.004 -24"><span class='ocrx_word' id='word_1_53' title='bbox 550 845 640 883; x_wconf 78' lang='lat' dir='ltr'><strong>sas</strong></span> <span class='ocrx_word' id='word_1_54' title='bbox 682 846 798 883; x_wconf 87' lang='lat' dir='ltr'><strong>eam</strong></span> <span class='ocrx_word' id='word_1_55' title='bbox 826 840 950 885; x_wconf 91' lang='lat' dir='ltr'><strong>ante</strong></span> <span class='ocrx_word' id='word_1_56' title='bbox 982 833 1184 902; x_wconf 90' lang='lat' dir='ltr'><strong>justum</strong></span> <span class='ocrx_word' id='word_1_57' title='bbox 1221 845 1433 904; x_wconf 77' lang='lat' dir='ltr'><strong>tempus</strong></span> <span class='ocrx_word' id='word_1_58' title='bbox 1493 838 1704 906; x_wconf 85' lang='lat' dir='ltr'><strong>induit)</strong></span> <span class='ocrx_word' id='word_1_59' title='bbox 1760 839 1904 891; x_wconf 90' lang='lat' dir='ltr'><strong>nulla</strong></span> <span class='ocrx_word' id='word_1_60' title='bbox 1952 839 2003 891; x_wconf 93' lang='lat' dir='ltr'><strong>in</strong></span> <span class='ocrx_word' id='word_1_61' title='bbox 2053 852 2110 890; x_wconf 87' lang='lat' dir='ltr'><strong>re</strong></span> 
     </span>
    </p>
   </div>
   <div class='ocr_carea' id='block_1_11' title="bbox 557 921 2108 996">
    <p class='ocr_par' dir='ltr' id='par_1_11' title="bbox 557 921 2108 996">
     <span class='ocr_line' id='line_1_11' title="bbox 557 921 2108 996; baseline 0.005 -24"><span class='ocrx_word' id='word_1_62' title='bbox 557 921 864 988; x_wconf 66' lang='lat' dir='ltr'><strong>prmjudicio</strong></span> <span class='ocrx_word' id='word_1_63' title='bbox 894 923 1152 976; x_wconf 65' lang='lat' dir='ltr'><strong>adiciatur</strong></span> <span class='ocrx_word' id='word_1_64' title='bbox 1173 926 1310 994; x_wconf 87' lang='lat' dir='ltr'><strong>apud</strong></span> <span class='ocrx_word' id='word_1_65' title='bbox 1342 926 1630 996; x_wconf 87' lang='lat' dir='ltr'><strong>synodum,</strong></span> <span class='ocrx_word' id='word_1_66' title='bbox 1653 943 1772 996; x_wconf 70' lang='lat' dir='ltr'><strong>quae</strong></span> <span class='ocrx_word' id='word_1_67' title='bbox 1804 928 2108 996; x_wconf 88' lang='lat' dir='ltr'><strong>hnjnsmodi</strong></span> 
     </span>
    </p>
   </div>
   <div class='ocr_carea' id='block_1_12' title="bbox 554 1014 2113 1087">
    <p class='ocr_par' dir='ltr' id='par_1_12' title="bbox 554 1014 2113 1087">
     <span class='ocr_line' id='line_1_12' title="bbox 554 1014 2113 1087; baseline 0.006 -26"><span class='ocrx_word' id='word_1_68' title='bbox 554 1027 746 1065; x_wconf 79' lang='lat' dir='ltr'><strong>causas</strong></span> <span class='ocrx_word' id='word_1_69' title='bbox 795 1014 951 1067; x_wconf 89' lang='lat' dir='ltr'><strong>debet</strong></span> <span class='ocrx_word' id='word_1_70' title='bbox 1007 1016 1321 1081; x_wconf 86' lang='lat' dir='ltr'><strong>observare,</strong></span> <span class='ocrx_word' id='word_1_71' title='bbox 1372 1028 1630 1087; x_wconf 89' lang='lat' dir='ltr'><strong>tanquam</strong></span> <span class='ocrx_word' id='word_1_72' title='bbox 1687 1021 1776 1087; x_wconf 92' lang='lat' dir='ltr'><strong>qui</strong></span> <span class='ocrx_word' id='word_1_73' title='bbox 1801 1019 1939 1073; x_wconf 82' lang='lat' dir='ltr'><strong>forte</strong></span> <span class='ocrx_word' id='word_1_74' title='bbox 1987 1027 2113 1072; x_wconf 80' lang='lat' dir='ltr'><strong>ante</strong></span> 
     </span>
    </p>
   </div>
   <div class='ocr_carea' id='block_1_13' title="bbox 553 1103 2109 1179">
    <p class='ocr_par' dir='ltr' id='par_1_13' title="bbox 553 1103 2109 1179">
     <span class='ocr_line' id='line_1_13' title="bbox 553 1103 2109 1179; baseline 0.004 -24"><span class='ocrx_word' id='word_1_75' title='bbox 553 1103 732 1171; x_wconf 81' lang='lat' dir='ltr'><strong>viginti</strong></span> <span class='ocrx_word' id='word_1_76' title='bbox 765 1105 1007 1174; x_wconf 88' lang='lat' dir='ltr'><strong>quinque</strong></span> <span class='ocrx_word' id='word_1_77' title='bbox 1039 1121 1206 1162; x_wconf 87' lang='lat' dir='ltr'><strong>annos</strong></span> <span class='ocrx_word' id='word_1_78' title='bbox 1235 1110 1532 1175; x_wconf 88' lang='lat' dir='ltr'><strong>completos</strong></span> <span class='ocrx_word' id='word_1_79' title='bbox 1551 1111 1812 1179; x_wconf 77' lang='lat' dir='ltr'><strong>virginem</strong></span> <span class='ocrx_word' id='word_1_80' title='bbox 1839 1110 2109 1171; x_wconf 91' lang='lat' dir='ltr'><strong>induerit,</strong></span> 
     </span>
    </p>
   </div>
   <div class='ocr_carea' id='block_1_14' title="bbox 559 1199 2109 1266">
    <p class='ocr_par' dir='ltr' id='par_1_14' title="bbox 559 1199 2109 1266">
     <span class='ocr_line' id='line_1_14' title="bbox 559 1199 2109 1266; baseline 0.006 -26"><span class='ocrx_word' id='word_1_81' title='bbox 559 1200 611 1242; x_wconf 79' lang='lat' dir='ltr'><strong>ct</strong></span> <span class='ocrx_word' id='word_1_82' title='bbox 644 1207 907 1245; x_wconf 86' lang='lat' dir='ltr'><strong>canonum</strong></span> <span class='ocrx_word' id='word_1_83' title='bbox 965 1203 1331 1262; x_wconf 76' lang='lat' dir='ltr'><strong>transgressor</strong></span> <span class='ocrx_word' id='word_1_84' title='bbox 1362 1207 1660 1266; x_wconf 77' lang='lat' dir='ltr'><strong>reputetur.</strong></span> <span class='ocrx_word' id='word_1_85' title='bbox 1692 1199 1756 1252; x_wconf 78' lang='lat' dir='ltr'><strong>Et</strong></span> <span class='ocrx_word' id='word_1_86' title='bbox 1790 1200 1841 1252; x_wconf 92' lang='lat' dir='ltr'><strong>in</strong></span> <span class='ocrx_word' id='word_1_87' title='bbox 1874 1199 1960 1252; x_wconf 89' lang='lat' dir='ltr'><strong>his</strong></span> <span class='ocrx_word' id='word_1_88' title='bbox 1990 1200 2109 1264; x_wconf 84' lang='lat' dir='ltr'><strong>qni-</strong></span> 
     </span>
    </p>
   </div>
   <div class='ocr_carea' id='block_1_15' title="bbox 551 1280 2111 1354">
    <p class='ocr_par' dir='ltr' id='par_1_15' title="bbox 551 1280 2111 1354">
     <span class='ocr_line' id='line_1_15' title="bbox 551 1280 2111 1354; baseline 0.006 -23"><span class='ocrx_word' id='word_1_89' title='bbox 551 1280 674 1332; x_wconf 90' lang='lat' dir='ltr'><strong>dem</strong></span> <span class='ocrx_word' id='word_1_90' title='bbox 715 1285 963 1336; x_wconf 88' lang='lat' dir='ltr'><strong>consistit</strong></span> <span class='ocrx_word' id='word_1_91' title='bbox 994 1299 1189 1336; x_wconf 90' lang='lat' dir='ltr'><strong>canon.</strong></span> <span class='ocrx_word' id='word_1_92' title='bbox 1228 1284 1306 1338; x_wconf 91' lang='lat' dir='ltr'><strong>Tu</strong></span> <span class='ocrx_word' id='word_1_93' title='bbox 1339 1297 1517 1340; x_wconf 85' lang='lat' dir='ltr'><strong>autem</strong></span> <span class='ocrx_word' id='word_1_94' title='bbox 1567 1287 1680 1354; x_wconf 87' lang='lat' dir='ltr'><strong>lege</strong></span> <span class='ocrx_word' id='word_1_95' title='bbox 1726 1302 1987 1342; x_wconf 84' lang='lat' dir='ltr'><strong>canonem</strong></span> <span class='ocrx_word' id='word_1_96' title='bbox 2042 1287 2111 1341; x_wconf 75' lang='grc' dir='ltr'><strong>ιο</strong></span> 
     </span>
    </p>
   </div>
   <div class='ocr_carea' id='block_1_16' title="bbox 552 1367 2108 1442">
    <p class='ocr_par' dir='ltr' id='par_1_16' title="bbox 552 1367 2108 1442">
     <span class='ocr_line' id='line_1_16' title="bbox 552 1367 2108 1442; baseline 0.007 -26"><span class='ocrx_word' id='word_1_97' title='bbox 552 1381 670 1433; x_wconf 62' lang='lat' dir='ltr'><strong>syu.</strong></span> <span class='ocrx_word' id='word_1_98' title='bbox 706 1368 754 1420; x_wconf 92' lang='lat' dir='ltr'><strong>in</strong></span> <span class='ocrx_word' id='word_1_99' title='bbox 787 1367 1006 1433; x_wconf 87' lang='lat' dir='ltr'><strong>Trullo;</strong></span> <span class='ocrx_word' id='word_1_100' title='bbox 1039 1379 1089 1423; x_wconf 93' lang='lat' dir='ltr'><strong>et</strong></span> <span class='ocrx_word' id='word_1_101' title='bbox 1122 1370 1204 1424; x_wconf 91' lang='lat' dir='ltr'><strong>dic</strong></span> <span class='ocrx_word' id='word_1_102' title='bbox 1251 1374 1546 1427; x_wconf 89' lang='lat' dir='ltr'><strong>secundum</strong></span> <span class='ocrx_word' id='word_1_103' title='bbox 1574 1375 1746 1440; x_wconf 90' lang='lat' dir='ltr'><strong>illum,</strong></span> <span class='ocrx_word' id='word_1_104' title='bbox 1796 1390 1889 1429; x_wconf 87' lang='lat' dir='ltr'><strong>eos</strong></span> <span class='ocrx_word' id='word_1_105' title='bbox 1919 1376 2007 1442; x_wconf 89' lang='lat' dir='ltr'><strong>qui</strong></span> <span class='ocrx_word' id='word_1_106' title='bbox 2044 1375 2108 1428; x_wconf 86' lang='lat' dir='ltr'><strong>ad</strong></span> 
     </span>
    </p>
   </div>
   <div class='ocr_carea' id='block_1_17' title="bbox 556 1456 2108 1534">
    <p class='ocr_par' dir='ltr' id='par_1_17' title="bbox 556 1456 2108 1534">
     <span class='ocr_line' id='line_1_17' title="bbox 556 1456 2108 1534; baseline 0.008 -29"><span class='ocrx_word' id='word_1_107' title='bbox 556 1456 719 1508; x_wconf 86' lang='lat' dir='ltr'><strong>Deum</strong></span> <span class='ocrx_word' id='word_1_108' title='bbox 755 1460 1035 1520; x_wconf 83' lang='lat' dir='ltr'><strong>accedunt.</strong></span> <span class='ocrx_word' id='word_1_109' title='bbox 1074 1461 1447 1516; x_wconf 77' lang='lat' dir='ltr'><strong>transformari</strong></span> <span class='ocrx_word' id='word_1_110' title='bbox 1497 1466 2108 1534; x_wconf 71' lang='lat' dir='ltr'><strong>habitumqne&#39;mntare,</strong></span> 
     </span>
    </p>
   </div>
   <div class='ocr_carea' id='block_1_18' title="bbox 550 1550 2108 1625">
    <p class='ocr_par' dir='ltr' id='par_1_18' title="bbox 550 1550 2108 1625">
     <span class='ocr_line' id='line_1_18' title="bbox 550 1550 2108 1625; baseline 0.006 -24"><span class='ocrx_word' id='word_1_111' title='bbox 550 1550 662 1601; x_wconf 83' lang='lat' dir='ltr'><strong>sive</strong></span> <span class='ocrx_word' id='word_1_112' title='bbox 697 1550 803 1602; x_wconf 84' lang='lat' dir='ltr'><strong>sint</strong></span> <span class='ocrx_word' id='word_1_113' title='bbox 855 1551 973 1614; x_wconf 80' lang='lat' dir='ltr'><strong>viri,</strong></span> <span class='ocrx_word' id='word_1_114' title='bbox 1026 1554 1138 1607; x_wconf 84' lang='lat' dir='ltr'><strong>sive</strong></span> <span class='ocrx_word' id='word_1_115' title='bbox 1186 1555 1461 1619; x_wconf 85' lang='lat' dir='ltr'><strong>mulieres,</strong></span> <span class='ocrx_word' id='word_1_116' title='bbox 1501 1557 1707 1611; x_wconf 81' lang='lat' dir='ltr'><strong>scilicet</strong></span> <span class='ocrx_word' id='word_1_117' title='bbox 1763 1567 1882 1625; x_wconf 87' lang='lat' dir='ltr'><strong>post</strong></span> <span class='ocrx_word' id='word_1_118' title='bbox 1914 1560 2108 1611; x_wconf 87' lang='lat' dir='ltr'><strong>decen-</strong></span> 
     </span>
    </p>
   </div>
   <div class='ocr_carea' id='block_1_19' title="bbox 554 1644 2111 1720">
    <p class='ocr_par' dir='ltr' id='par_1_19' title="bbox 554 1644 2111 1720">
     <span class='ocr_line' id='line_1_19' title="bbox 554 1644 2111 1720; baseline 0.005 -26"><span class='ocrx_word' id='word_1_119' title='bbox 554 1644 721 1695; x_wconf 85' lang='lat' dir='ltr'><strong>nium.</strong></span> <span class='ocrx_word' id='word_1_120' title='bbox 757 1645 851 1697; x_wconf 75' lang='lat' dir='ltr'><strong>Est</strong></span> <span class='ocrx_word' id='word_1_121' title='bbox 884 1647 1025 1698; x_wconf 90' lang='lat' dir='ltr'><strong>enim</strong></span> <span class='ocrx_word' id='word_1_122' title='bbox 1058 1663 1117 1698; x_wconf 92' lang='lat' dir='ltr'><strong>ea</strong></span> <span class='ocrx_word' id='word_1_123' title='bbox 1157 1650 1394 1717; x_wconf 80' lang='lat' dir='ltr'><strong>synodus</strong></span> <span class='ocrx_word' id='word_1_124' title='bbox 1441 1653 1691 1719; x_wconf 70' lang='lat' dir='ltr'><strong>praesenti</strong></span> <span class='ocrx_word' id='word_1_125' title='bbox 1736 1653 2022 1720; x_wconf 80' lang='lat' dir='ltr'><strong>posterior.</strong></span> <span class='ocrx_word' id='word_1_126' title='bbox 2059 1661 2111 1705; x_wconf 90' lang='lat' dir='ltr'><strong>et</strong></span> 
     </span>
    </p>
   </div>
   <div class='ocr_carea' id='block_1_20' title="bbox 2218 479 3780 548">
    <p class='ocr_par' dir='ltr' id='par_1_20' title="bbox 2218 479 3780 548">
     <span class='ocr_line' id='line_1_20' title="bbox 2218 479 3780 548; baseline 0.001 -17"><span class='ocrx_word' id='word_1_127' title='bbox 2218 482 2526 548; x_wconf 72' lang='grc' dir='ltr'>νατηφόρου</span> <span class='ocrx_word' id='word_1_128' title='bbox 2552 481 2706 534; x_wconf 73' lang='grc' dir='ltr'>νόσου</span> <span class='ocrx_word' id='word_1_129' title='bbox 2743 481 3140 548; x_wconf 80' lang='grc' dir='ltr'>κατασχεθεῖσα</span> <span class='ocrx_word' id='word_1_130' title='bbox 3171 481 3431 548; x_wconf 70' lang='grc' dir='ltr'>ἠλπέζετο</span> <span class='ocrx_word' id='word_1_131' title='bbox 3476 479 3780 532; x_wconf 80' lang='grc' dir='ltr'>καταλῦσαι</span> 
     </span>
    </p>
   </div>
   <div class='ocr_carea' id='block_1_21' title="bbox 2215 570 3781 640">
    <p class='ocr_par' dir='ltr' id='par_1_21' title="bbox 2215 570 3781 640">
     <span class='ocr_line' id='line_1_21' title="bbox 2215 570 3781 640; baseline -0.001 -18"><span class='ocrx_word' id='word_1_132' title='bbox 2215 571 2308 622; x_wconf 78' lang='grc' dir='ltr'><strong>τὸν</strong></span> <span class='ocrx_word' id='word_1_133' title='bbox 2340 570 2488 639; x_wconf 87' lang='grc' dir='ltr'>βίον·</span> <span class='ocrx_word' id='word_1_134' title='bbox 2517 572 2610 624; x_wconf 69' lang='grc' dir='ltr'>καὶ</span> <span class='ocrx_word' id='word_1_135' title='bbox 2643 571 2730 623; x_wconf 82' lang='grc' dir='ltr'>τνα</span> <span class='ocrx_word' id='word_1_136' title='bbox 2762 571 2835 640; x_wconf 81' lang='grc' dir='ltr'>μὴ</span> <span class='ocrx_word' id='word_1_137' title='bbox 2862 571 3182 632; x_wconf 86' lang='grc' dir='ltr'>άτελείωτος</span> <span class='ocrx_word' id='word_1_138' title='bbox 3217 570 3394 640; x_wconf 82' lang='grc' dir='ltr'>μείνῃ,</span> <span class='ocrx_word' id='word_1_139' title='bbox 3431 570 3781 638; x_wconf 74' lang='grc' dir='ltr'>παράκλησις</span> 
     </span>
    </p>
   </div>
   <div class='ocr_carea' id='block_1_22' title="bbox 2217 659 3773 729">
    <p class='ocr_par' dir='ltr' id='par_1_22' title="bbox 2217 659 3773 729">
     <span class='ocr_line' id='line_1_22' title="bbox 2217 659 3773 729; baseline -0.002 -16"><span class='ocrx_word' id='word_1_140' title='bbox 2217 665 2406 727; x_wconf 77' lang='grc' dir='ltr'>γέγονε</span> <span class='ocrx_word' id='word_1_141' title='bbox 2440 663 2590 728; x_wconf 87' lang='grc' dir='ltr'><strong>παρά</strong></span> <span class='ocrx_word' id='word_1_142' title='bbox 2622 662 2731 714; x_wconf 84' lang='grc' dir='ltr'>τῶν</span> <span class='ocrx_word' id='word_1_143' title='bbox 2759 662 2962 729; x_wconf 83' lang='grc' dir='ltr'><strong>γονέων</strong></span> <span class='ocrx_word' id='word_1_144' title='bbox 2995 660 3210 728; x_wconf 80' lang='grc' dir='ltr'><strong>αὐτῆςῆ</strong></span> <span class='ocrx_word' id='word_1_145' title='bbox 3238 660 3628 721; x_wconf 63' lang='grc' dir='ltr'>τῶνᾶλλωπᾶ</span> <span class='ocrx_word' id='word_1_146' title='bbox 3646 659 3773 711; x_wconf 81' lang='grc' dir='ltr'>κατ’</span> 
     </span>
    </p>
   </div>
   <div class='ocr_carea' id='block_1_23' title="bbox 2217 749 3782 820">
    <p class='ocr_par' dir='ltr' id='par_1_23' title="bbox 2217 749 3782 820">
     <span class='ocr_line' id='line_1_23' title="bbox 2217 749 3782 820; baseline -0.001 -18"><span class='ocrx_word' id='word_1_147' title='bbox 2217 750 2386 820; x_wconf 77' lang='grc' dir='ltr'>αὐτὴν</span> <span class='ocrx_word' id='word_1_148' title='bbox 2433 751 2866 818; x_wconf 79' lang='grc' dir='ltr'>οἰκονομούντων</span> <span class='ocrx_word' id='word_1_149' title='bbox 2924 750 2997 819; x_wconf 82' lang='grc' dir='ltr'><strong>μὴ</strong></span> <span class='ocrx_word' id='word_1_150' title='bbox 3062 749 3394 820; x_wconf 78' lang='grc' dir='ltr'><strong>στερηθῆναι</strong></span> <span class='ocrx_word' id='word_1_151' title='bbox 3445 750 3648 813; x_wconf 81' lang='grc' dir='ltr'>ταύτην</span> <span class='ocrx_word' id='word_1_152' title='bbox 3685 749 3782 800; x_wconf 81' lang='grc' dir='ltr'><strong>τοῦ</strong></span> 
     </span>
    </p>
   </div>
   <div class='ocr_carea' id='block_1_24' title="bbox 2218 837 3787 908">
    <p class='ocr_par' dir='ltr' id='par_1_24' title="bbox 2218 837 3787 908">
     <span class='ocr_line' id='line_1_24' title="bbox 2218 837 3787 908; baseline -0.003 -18"><span class='ocrx_word' id='word_1_153' title='bbox 2218 838 2374 904; x_wconf 88' lang='grc' dir='ltr'>ἀγίου</span> <span class='ocrx_word' id='word_1_154' title='bbox 2426 842 2742 908; x_wconf 74' lang='grc' dir='ltr'>σχήματοςο</span> <span class='ocrx_word' id='word_1_155' title='bbox 2799 838 2891 889; x_wconf 88' lang='grc' dir='ltr'><strong>καί</strong></span> <span class='ocrx_word' id='word_1_156' title='bbox 2929 837 3015 889; x_wconf 78' lang='grc' dir='ltr'><strong>διὰ</strong></span> <span class='ocrx_word' id='word_1_157' title='bbox 3052 837 3153 898; x_wconf 77' lang='grc' dir='ltr'><strong>τὰς</strong></span> <span class='ocrx_word' id='word_1_158' title='bbox 3219 837 3474 897; x_wconf 81' lang='grc' dir='ltr'><strong>τοιαύτας</strong></span> <span class='ocrx_word' id='word_1_159' title='bbox 3528 837 3787 902; x_wconf 74' lang='grc' dir='ltr'>εὐλόγους</span> 
     </span>
    </p>
   </div>
   <div class='ocr_carea' id='block_1_25' title="bbox 2217 925 3782 997">
    <p class='ocr_par' dir='ltr' id='par_1_25' title="bbox 2217 925 3782 997">
     <span class='ocr_line' id='line_1_25' title="bbox 2217 925 3782 997; baseline -0.003 -17"><span class='ocrx_word' id='word_1_160' title='bbox 2217 928 2394 989; x_wconf 78' lang='grc' dir='ltr'>αἰτίας</span> <span class='ocrx_word' id='word_1_161' title='bbox 2425 929 2520 979; x_wconf 72' lang='grc' dir='ltr'>καὶ</span> <span class='ocrx_word' id='word_1_162' title='bbox 2574 927 2682 997; x_wconf 79' lang='grc' dir='ltr'><strong>πρὸ</strong></span> <span class='ocrx_word' id='word_1_163' title='bbox 2710 926 2804 979; x_wconf 90' lang='grc' dir='ltr'><strong>τοῦ</strong></span> <span class='ocrx_word' id='word_1_164' title='bbox 2836 925 3228 995; x_wconf 78' lang='grc' dir='ltr'><strong>νενομισμένου</strong></span> <span class='ocrx_word' id='word_1_165' title='bbox 3281 925 3477 994; x_wconf 77' lang='grc' dir='ltr'>καιροῦ</span> <span class='ocrx_word' id='word_1_166' title='bbox 3513 942 3782 994; x_wconf 77' lang='grc' dir='ltr'>μετεσχη-</span> 
     </span>
    </p>
   </div>
   <div class='ocr_carea' id='block_1_26' title="bbox 2220 1016 3786 1088">
    <p class='ocr_par' dir='ltr' id='par_1_26' title="bbox 2220 1016 3786 1088">
     <span class='ocr_line' id='line_1_26' title="bbox 2220 1016 3786 1088; baseline -0.001 -19"><span class='ocrx_word' id='word_1_167' title='bbox 2220 1019 2416 1086; x_wconf 72' lang='grc' dir='ltr'>μάτισε</span> <span class='ocrx_word' id='word_1_168' title='bbox 2445 1017 2696 1088; x_wconf 87' lang='grc' dir='ltr'>ταύτην),</span> <span class='ocrx_word' id='word_1_169' title='bbox 2743 1020 2885 1070; x_wconf 84' lang='grc' dir='ltr'><strong>κατά</strong></span> <span class='ocrx_word' id='word_1_170' title='bbox 2930 1017 3097 1086; x_wconf 79' lang='grc' dir='ltr'>μηδὲν</span> <span class='ocrx_word' id='word_1_171' title='bbox 3151 1016 3594 1086; x_wconf 81' lang='grc' dir='ltr'>προκριματισθῇ</span> <span class='ocrx_word' id='word_1_172' title='bbox 3631 1016 3786 1083; x_wconf 63' lang='grc' dir='ltr'>παρὰ</span> 
     </span>
    </p>
   </div>
   <div class='ocr_carea' id='block_1_27' title="bbox 2217 1106 3786 1179">
    <p class='ocr_par' dir='ltr' id='par_1_27' title="bbox 2217 1106 3786 1179">
     <span class='ocr_line' id='line_1_27' title="bbox 2217 1106 3786 1179; baseline -0.002 -19"><span class='ocrx_word' id='word_1_173' title='bbox 2217 1111 2281 1177; x_wconf 80' lang='grc' dir='ltr'>τῇ</span> <span class='ocrx_word' id='word_1_174' title='bbox 2335 1109 2622 1179; x_wconf 81' lang='grc' dir='ltr'>όφειλούσῃ</span> <span class='ocrx_word' id='word_1_175' title='bbox 2677 1110 2914 1176; x_wconf 80' lang='grc' dir='ltr'>τηρῆσαι</span> <span class='ocrx_word' id='word_1_176' title='bbox 2971 1109 3177 1178; x_wconf 81' lang='grc' dir='ltr'>συνόδῳ</span> <span class='ocrx_word' id='word_1_177' title='bbox 3221 1108 3290 1160; x_wconf 81' lang='grc' dir='ltr'><strong>τά</strong></span> <span class='ocrx_word' id='word_1_178' title='bbox 3353 1109 3450 1174; x_wconf 78' lang='grc' dir='ltr'>τῆς</span> <span class='ocrx_word' id='word_1_179' title='bbox 3525 1106 3786 1175; x_wconf 73' lang='grc' dir='ltr'>τοιαύτης</span> 
     </span>
    </p>
   </div>
   <div class='ocr_carea' id='block_1_28' title="bbox 2220 1197 3789 1268">
    <p class='ocr_par' dir='ltr' id='par_1_28' title="bbox 2220 1197 3789 1268">
     <span class='ocr_line' id='line_1_28' title="bbox 2220 1197 3789 1268; baseline -0.003 -16"><span class='ocrx_word' id='word_1_180' title='bbox 2220 1201 2556 1263; x_wconf 81' lang='grc' dir='ltr'>ὑποθέσεως,</span> <span class='ocrx_word' id='word_1_181' title='bbox 2612 1201 2689 1261; x_wconf 86' lang='grc' dir='ltr'>ὡς</span> <span class='ocrx_word' id='word_1_182' title='bbox 2718 1203 2860 1268; x_wconf 90' lang='grc' dir='ltr'>τάχα</span> <span class='ocrx_word' id='word_1_183' title='bbox 2899 1200 3004 1268; x_wconf 80' lang='grc' dir='ltr'><strong>πρὸ</strong></span> <span class='ocrx_word' id='word_1_184' title='bbox 3051 1200 3150 1266; x_wconf 80' lang='grc' dir='ltr'>τῆς</span> <span class='ocrx_word' id='word_1_185' title='bbox 3186 1198 3635 1268; x_wconf 66' lang='grc' dir='ltr'>συμπληρώσεως</span> <span class='ocrx_word' id='word_1_186' title='bbox 3675 1197 3789 1249; x_wconf 84' lang='grc' dir='ltr'><strong>τῶν</strong></span> 
     </span>
    </p>
   </div>
   <div class='ocr_carea' id='block_1_29' title="bbox 2219 1289 3789 1359">
    <p class='ocr_par' dir='ltr' id='par_1_29' title="bbox 2219 1289 3789 1359">
     <span class='ocr_line' id='line_1_29' title="bbox 2219 1289 3789 1359; baseline -0.005 -15"><span class='ocrx_word' id='word_1_187' title='bbox 2219 1291 2299 1344; x_wconf 84' lang='grc' dir='ltr'>κε’</span> <span class='ocrx_word' id='word_1_188' title='bbox 2322 1291 2587 1344; x_wconf 84' lang='grc' dir='ltr'>ἐνιαυτῶν</span> <span class='ocrx_word' id='word_1_189' title='bbox 2641 1290 3134 1359; x_wconf 79' lang='grc' dir='ltr'><strong>μετασχηματίσας</strong></span> <span class='ocrx_word' id='word_1_190' title='bbox 3163 1291 3262 1358; x_wconf 74' lang='grc' dir='ltr'>τὴν</span> <span class='ocrx_word' id='word_1_191' title='bbox 3305 1291 3497 1358; x_wconf 85' lang='grc' dir='ltr'>κόρην,</span> <span class='ocrx_word' id='word_1_192' title='bbox 3550 1289 3641 1340; x_wconf 60' lang='grc' dir='ltr'><strong>καὶ</strong></span> <span class='ocrx_word' id='word_1_193' title='bbox 3683 1304 3789 1338; x_wconf 55' lang='grc' dir='ltr'><strong>παι</strong></span> 
     </span>
    </p>
   </div>
   <div class='ocr_carea' id='block_1_30' title="bbox 2221 1372 3791 1448">
    <p class='ocr_par' dir='ltr' id='par_1_30' title="bbox 2221 1372 3791 1448">
     <span class='ocr_line' id='line_1_30' title="bbox 2221 1372 3791 1448; baseline -0.006 -16"><span class='ocrx_word' id='word_1_194' title='bbox 2221 1381 2464 1448; x_wconf 75' lang='grc' dir='ltr'>ραὸάτης</span> <span class='ocrx_word' id='word_1_195' title='bbox 2484 1379 2594 1431; x_wconf 85' lang='grc' dir='ltr'>τῶν</span> <span class='ocrx_word' id='word_1_196' title='bbox 2619 1378 2860 1430; x_wconf 81' lang='grc' dir='ltr'>κανόνων</span> <span class='ocrx_word' id='word_1_197' title='bbox 2887 1376 3262 1445; x_wconf 75' lang='grc' dir='ltr'><strong>λογιζόμενος.</strong></span> <span class='ocrx_word' id='word_1_198' title='bbox 3302 1377 3410 1428; x_wconf 72' lang='grc' dir='ltr'><strong>Καὶ</strong></span> <span class='ocrx_word' id='word_1_199' title='bbox 3436 1378 3461 1426; x_wconf 88' lang='grc' dir='ltr'><strong>ό</strong></span> <span class='ocrx_word' id='word_1_200' title='bbox 3493 1375 3590 1444; x_wconf 84' lang='grc' dir='ltr'><strong>μὲν</strong></span> <span class='ocrx_word' id='word_1_201' title='bbox 3605 1372 3791 1426; x_wconf 80' lang='grc' dir='ltr'>κανὼν</span> 
     </span>
    </p>
   </div>
   <div class='ocr_carea' id='block_1_31' title="bbox 2227 1465 3793 1535">
    <p class='ocr_par' dir='ltr' id='par_1_31' title="bbox 2227 1465 3793 1535">
     <span class='ocr_line' id='line_1_31' title="bbox 2227 1465 3793 1535; baseline -0.004 -14"><span class='ocrx_word' id='word_1_202' title='bbox 2227 1472 2284 1521; x_wconf 90' lang='grc' dir='ltr'><strong>ἐν</strong></span> <span class='ocrx_word' id='word_1_203' title='bbox 2306 1469 2536 1530; x_wconf 86' lang='grc' dir='ltr'>τούτοις,</span> <span class='ocrx_word' id='word_1_204' title='bbox 2567 1469 2638 1520; x_wconf 84' lang='grc' dir='ltr'>Σὺ</span> <span class='ocrx_word' id='word_1_205' title='bbox 2668 1469 2723 1521; x_wconf 87' lang='grc' dir='ltr'><strong>δὲ</strong></span> <span class='ocrx_word' id='word_1_206' title='bbox 2755 1470 3071 1534; x_wconf 82' lang='grc' dir='ltr'>ἀνάγνωσον</span> <span class='ocrx_word' id='word_1_207' title='bbox 3106 1467 3195 1520; x_wconf 79' lang='grc' dir='ltr'><strong>τὸν</strong></span> <span class='ocrx_word' id='word_1_208' title='bbox 3253 1465 3302 1535; x_wconf 81' lang='grc' dir='ltr'>μ’</span> <span class='ocrx_word' id='word_1_209' title='bbox 3329 1469 3528 1517; x_wconf 76' lang='grc' dir='ltr'>κανόνα</span> <span class='ocrx_word' id='word_1_210' title='bbox 3573 1466 3669 1531; x_wconf 76' lang='grc' dir='ltr'>τῆς</span> <span class='ocrx_word' id='word_1_211' title='bbox 3731 1467 3793 1514; x_wconf 80' lang='grc' dir='ltr'><strong>ἐν</strong></span> 
     </span>
    </p>
   </div>
   <div class='ocr_carea' id='block_1_32' title="bbox 2219 1557 3795 1630">
    <p class='ocr_par' dir='ltr' id='par_1_32' title="bbox 2219 1557 3795 1630">
     <span class='ocr_line' id='line_1_32' title="bbox 2219 1557 3795 1630; baseline -0.006 -16"><span class='ocrx_word' id='word_1_212' title='bbox 2219 1562 2297 1630; x_wconf 84' lang='grc' dir='ltr'>τῷ</span> <span class='ocrx_word' id='word_1_213' title='bbox 2331 1560 2589 1630; x_wconf 80' lang='grc' dir='ltr'>Τρούλλῳ</span> <span class='ocrx_word' id='word_1_214' title='bbox 2626 1561 2845 1612; x_wconf 79' lang='grc' dir='ltr'>συνόδου</span> <span class='ocrx_word' id='word_1_215' title='bbox 2873 1576 2887 1590; x_wconf 76' lang='grc' dir='ltr'><strong>ο</strong></span> <span class='ocrx_word' id='word_1_216' title='bbox 2921 1560 3013 1611; x_wconf 65' lang='grc' dir='ltr'><strong>καὶ</strong></span> <span class='ocrx_word' id='word_1_217' title='bbox 3047 1560 3168 1611; x_wconf 79' lang='grc' dir='ltr'>κατ’</span> <span class='ocrx_word' id='word_1_218' title='bbox 3221 1559 3428 1609; x_wconf 83' lang='grc' dir='ltr'>ἐκεῖνον</span> <span class='ocrx_word' id='word_1_219' title='bbox 3464 1557 3585 1621; x_wconf 78' lang='grc' dir='ltr'>λέγε</span> <span class='ocrx_word' id='word_1_220' title='bbox 3626 1571 3795 1623; x_wconf 78' lang='grc' dir='ltr'>μετα-</span> 
     </span>
    </p>
   </div>
   <div class='ocr_carea' id='block_1_33' title="bbox 2224 1643 3794 1718">
    <p class='ocr_par' dir='ltr' id='par_1_33' title="bbox 2224 1643 3794 1718">
     <span class='ocr_line' id='line_1_33' title="bbox 2224 1643 3794 1718; baseline -0.005 -16"><span class='ocrx_word' id='word_1_221' title='bbox 2224 1649 2654 1718; x_wconf 76' lang='grc' dir='ltr'><strong>σχηματίζεσθαι</strong></span> <span class='ocrx_word' id='word_1_222' title='bbox 2687 1651 2823 1712; x_wconf 76' lang='grc' dir='ltr'>τοῦς</span> <span class='ocrx_word' id='word_1_223' title='bbox 2849 1650 3327 1718; x_wconf 80' lang='grc' dir='ltr'>προσερχομένους</span> <span class='ocrx_word' id='word_1_224' title='bbox 3373 1647 3452 1713; x_wconf 80' lang='grc' dir='ltr'><strong>τῷ</strong></span> <span class='ocrx_word' id='word_1_225' title='bbox 3488 1645 3628 1713; x_wconf 78' lang='grc' dir='ltr'>Θεῷ,</span> <span class='ocrx_word' id='word_1_226' title='bbox 3689 1643 3794 1696; x_wconf 80' lang='grc' dir='ltr'><strong>κᾶν</strong></span> 
     </span>
    </p>
   </div>
   <div class='ocr_carea' id='block_1_34' title="bbox 551 1725 2116 1811">
    <p class='ocr_par' dir='ltr' id='par_1_34' title="bbox 551 1736 2111 1811">
     <span class='ocr_line' id='line_1_34' title="bbox 551 1736 2111 1811; baseline 0.006 -26"><span class='ocrx_word' id='word_1_227' title='bbox 551 1737 722 1786; x_wconf 81' lang='lat' dir='ltr'><strong>sancti</strong></span> <span class='ocrx_word' id='word_1_228' title='bbox 759 1736 920 1789; x_wconf 88' lang='lat' dir='ltr'><strong>etiam</strong></span> <span class='ocrx_word' id='word_1_229' title='bbox 956 1736 1137 1791; x_wconf 77' lang='lat' dir='ltr'><strong>Basilii</strong></span> <span class='ocrx_word' id='word_1_230' title='bbox 1164 1741 1478 1797; x_wconf 84' lang='lat' dir='ltr'><strong>canonibns.</strong></span> <span class='ocrx_word' id='word_1_231' title='bbox 1516 1740 1570 1794; x_wconf 87' lang='lat' dir='ltr'><strong>Si</strong></span> <span class='ocrx_word' id='word_1_232' title='bbox 1595 1753 1772 1794; x_wconf 87' lang='lat' dir='ltr'><strong>autem</strong></span> <span class='ocrx_word' id='word_1_233' title='bbox 1809 1743 1936 1796; x_wconf 85' lang='lat' dir='ltr'><strong>velis</strong></span> <span class='ocrx_word' id='word_1_234' title='bbox 1972 1758 2111 1811; x_wconf 75' lang='lat' dir='ltr'><strong>pra:-</strong></span> 
     </span>
    </p>
   </div>
   <div class='ocr_carea' id='block_1_35' title="bbox 2224 1725 3796 1811">
    <p class='ocr_par' dir='ltr' id='par_1_35' title="bbox 2224 1733 3796 1809">
     <span class='ocr_line' id='line_1_35' title="bbox 2224 1733 3796 1809; baseline -0.005 -16"><span class='ocrx_word' id='word_1_235' title='bbox 2224 1741 2410 1809; x_wconf 70' lang='grc' dir='ltr'>ἇνδρες</span> <span class='ocrx_word' id='word_1_236' title='bbox 2441 1733 2568 1804; x_wconf 80' lang='grc' dir='ltr'>ὦσι,</span> <span class='ocrx_word' id='word_1_237' title='bbox 2610 1740 2713 1792; x_wconf 80' lang='grc' dir='ltr'><strong>κᾶν</strong></span> <span class='ocrx_word' id='word_1_238' title='bbox 2745 1742 3024 1805; x_wconf 86' lang='grc' dir='ltr'>γυναῖκες,</span> <span class='ocrx_word' id='word_1_239' title='bbox 3057 1740 3227 1808; x_wconf 72' lang='grc' dir='ltr'>ἠγουν</span> <span class='ocrx_word' id='word_1_240' title='bbox 3273 1737 3409 1806; x_wconf 77' lang='grc' dir='ltr'>μετὰ</span> <span class='ocrx_word' id='word_1_241' title='bbox 3438 1737 3528 1787; x_wconf 69' lang='grc' dir='ltr'><strong>τὸν</strong></span> <span class='ocrx_word' id='word_1_242' title='bbox 3562 1736 3796 1802; x_wconf 79' lang='grc' dir='ltr'>δεκαετῆ</span> 
     </span>
    </p>
   </div>
   <div class='ocr_carea' id='block_1_36' title="bbox 552 1828 2112 1899">
    <p class='ocr_par' dir='ltr' id='par_1_36' title="bbox 552 1828 2112 1899">
     <span class='ocr_line' id='line_1_36' title="bbox 552 1828 2112 1899; baseline 0.008 -28"><span class='ocrx_word' id='word_1_243' title='bbox 552 1831 755 1876; x_wconf 78' lang='lat' dir='ltr'><strong>sentem</strong></span> <span class='ocrx_word' id='word_1_244' title='bbox 790 1839 1046 1879; x_wconf 86' lang='lat' dir='ltr'><strong>canonem</strong></span> <span class='ocrx_word' id='word_1_245' title='bbox 1072 1828 1274 1892; x_wconf 84' lang='lat' dir='ltr'><strong>valere.</strong></span> <span class='ocrx_word' id='word_1_246' title='bbox 1312 1839 1369 1884; x_wconf 89' lang='lat' dir='ltr'><strong>ut</strong></span> <span class='ocrx_word' id='word_1_247' title='bbox 1396 1846 1499 1884; x_wconf 83' lang='lat' dir='ltr'><strong>non</strong></span> <span class='ocrx_word' id='word_1_248' title='bbox 1530 1833 1843 1899; x_wconf 51' lang='lat' dir='ltr'><strong>pra’judiciO</strong></span> <span class='ocrx_word' id='word_1_249' title='bbox 1874 1833 2112 1886; x_wconf 69' lang='lat' dir='ltr'><strong>allician-</strong></span> 
     </span>
    </p>
   </div>
   <div class='ocr_carea' id='block_1_37' title="bbox 553 1915 2115 1992">
    <p class='ocr_par' dir='ltr' id='par_1_37' title="bbox 553 1915 2115 1992">
     <span class='ocr_line' id='line_1_37' title="bbox 553 1915 2115 1992; baseline 0.011 -31"><span class='ocrx_word' id='word_1_250' title='bbox 553 1922 638 1963; x_wconf 88' lang='lat' dir='ltr'><strong>tnr</strong></span> <span class='ocrx_word' id='word_1_251' title='bbox 672 1915 907 1984; x_wconf 85' lang='lat' dir='ltr'><strong>episcopi</strong></span> <span class='ocrx_word' id='word_1_252' title='bbox 957 1918 1066 1985; x_wconf 79' lang='lat' dir='ltr'><strong>qui,</strong></span> <span class='ocrx_word' id='word_1_253' title='bbox 1100 1930 1318 1990; x_wconf 81' lang='lat' dir='ltr'><strong>propter</strong></span> <span class='ocrx_word' id='word_1_254' title='bbox 1357 1924 1554 1990; x_wconf 88' lang='lat' dir='ltr'><strong>justam</strong></span> <span class='ocrx_word' id='word_1_255' title='bbox 1620 1937 1863 1989; x_wconf 80' lang='lat' dir='ltr'><strong>causam,</strong></span> <span class='ocrx_word' id='word_1_256' title='bbox 1904 1924 2115 1992; x_wconf 86' lang='lat' dir='ltr'><strong>aliquos</strong></span> 
     </span>
    </p>
   </div>
   <div class='ocr_carea' id='block_1_38' title="bbox 550 2003 2117 2082">
    <p class='ocr_par' dir='ltr' id='par_1_38' title="bbox 550 2003 2117 2082">
     <span class='ocr_line' id='line_1_38' title="bbox 550 2003 2117 2082; baseline 0.01 -30"><span class='ocrx_word' id='word_1_257' title='bbox 550 2003 709 2055; x_wconf 74' lang='lat' dir='ltr'><strong>etiam</strong></span> <span class='ocrx_word' id='word_1_258' title='bbox 733 2015 859 2059; x_wconf 82' lang='lat' dir='ltr'><strong>ante</strong></span> <span class='ocrx_word' id='word_1_259' title='bbox 886 2008 1206 2063; x_wconf 87' lang='lat' dir='ltr'><strong>decennium</strong></span> <span class='ocrx_word' id='word_1_260' title='bbox 1242 2011 1513 2078; x_wconf 90' lang='lat' dir='ltr'><strong>vestiunt;</strong></span> <span class='ocrx_word' id='word_1_261' title='bbox 1565 2028 1725 2066; x_wconf 89' lang='lat' dir='ltr'><strong>nemo</strong></span> <span class='ocrx_word' id='word_1_262' title='bbox 1755 2026 1835 2067; x_wconf 89' lang='lat' dir='ltr'><strong>est</strong></span> <span class='ocrx_word' id='word_1_263' title='bbox 1864 2015 1953 2082; x_wconf 89' lang='lat' dir='ltr'><strong>qui</strong></span> <span class='ocrx_word' id='word_1_264' title='bbox 1994 2029 2117 2082; x_wconf 88' lang='lat' dir='ltr'><strong>pro-</strong></span> 
     </span>
    </p>
   </div>
   <div class='ocr_carea' id='block_1_39' title="bbox 551 2093 2115 2172">
    <p class='ocr_par' dir='ltr' id='par_1_39' title="bbox 551 2093 2115 2172">
     <span class='ocr_line' id='line_1_39' title="bbox 551 2093 2115 2172; baseline 0.006 -28"><span class='ocrx_word' id='word_1_265' title='bbox 551 2093 750 2150; x_wconf 73' lang='lat' dir='ltr'><strong>hibeat.</strong></span> <span class='ocrx_word' id='word_1_266' title='bbox 788 2096 919 2150; x_wconf 85' lang='lat' dir='ltr'><strong>Nota</strong></span> <span class='ocrx_word' id='word_1_267' title='bbox 959 2108 1138 2153; x_wconf 89' lang='lat' dir='ltr'><strong>autem</strong></span> <span class='ocrx_word' id='word_1_268' title='bbox 1173 2101 1343 2168; x_wconf 90' lang='lat' dir='ltr'><strong>quod,</strong></span> <span class='ocrx_word' id='word_1_269' title='bbox 1380 2102 1542 2155; x_wconf 87' lang='lat' dir='ltr'><strong>etiam</strong></span> <span class='ocrx_word' id='word_1_270' title='bbox 1593 2117 1655 2156; x_wconf 82' lang='lat' dir='ltr'><strong>ex</strong></span> <span class='ocrx_word' id='word_1_271' title='bbox 1706 2105 1806 2157; x_wconf 90' lang='lat' dir='ltr'><strong>hoc</strong></span> <span class='ocrx_word' id='word_1_272' title='bbox 1862 2104 2115 2172; x_wconf 74' lang='lat' dir='ltr'><strong>przesenti</strong></span> 
     </span>
    </p>
   </div>
   <div class='ocr_carea' id='block_1_40' title="bbox 551 2193 2112 2259">
    <p class='ocr_par' dir='ltr' id='par_1_40' title="bbox 551 2193 2112 2259">
     <span class='ocr_line' id='line_1_40' title="bbox 551 2193 2112 2259; baseline 0.007 -22"><span class='ocrx_word' id='word_1_273' title='bbox 551 2202 778 2250; x_wconf 82' lang='lat' dir='ltr'><strong>canone,</strong></span> <span class='ocrx_word' id='word_1_274' title='bbox 835 2205 937 2243; x_wconf 91' lang='lat' dir='ltr'><strong>non</strong></span> <span class='ocrx_word' id='word_1_275' title='bbox 976 2193 1306 2259; x_wconf 89' lang='lat' dir='ltr'><strong>permittitur</strong></span> <span class='ocrx_word' id='word_1_276' title='bbox 1336 2194 1495 2246; x_wconf 87' lang='lat' dir='ltr'><strong>alicui</strong></span> <span class='ocrx_word' id='word_1_277' title='bbox 1542 2195 1784 2248; x_wconf 81' lang='lat' dir='ltr'><strong>homines</strong></span> <span class='ocrx_word' id='word_1_278' title='bbox 1813 2197 2112 2249; x_wconf 88' lang='lat' dir='ltr'><strong>monastico</strong></span> 
     </span>
    </p>
   </div>
   <div class='ocr_carea' id='block_1_41' title="bbox 550 2283 1872 2356">
    <p class='ocr_par' dir='ltr' id='par_1_41' title="bbox 550 2283 1872 2356">
     <span class='ocr_line' id='line_1_41' title="bbox 550 2283 1872 2356; baseline 0.01 -27"><span class='ocrx_word' id='word_1_279' title='bbox 550 2283 747 2335; x_wconf 78' lang='lat' dir='ltr'><strong>vestitu</strong></span> <span class='ocrx_word' id='word_1_280' title='bbox 790 2284 1014 2338; x_wconf 85' lang='lat' dir='ltr'><strong>induere</strong></span> <span class='ocrx_word' id='word_1_281' title='bbox 1034 2287 1152 2340; x_wconf 86' lang='lat' dir='ltr'><strong>sine</strong></span> <span class='ocrx_word' id='word_1_282' title='bbox 1178 2286 1468 2356; x_wconf 86' lang='lat' dir='ltr'><strong>episcopali</strong></span> <span class='ocrx_word' id='word_1_283' title='bbox 1501 2288 1872 2356; x_wconf 87' lang='lat' dir='ltr'><strong>permissione.</strong></span> 
     </span>
    </p>
   </div>
   <div class='ocr_carea' id='block_1_42' title="bbox 2222 1829 3792 1904">
    <p class='ocr_par' dir='ltr' id='par_1_42' title="bbox 2222 1829 3792 1904">
     <span class='ocr_line' id='line_1_42' title="bbox 2222 1829 3792 1904; baseline -0.005 -18"><span class='ocrx_word' id='word_1_284' title='bbox 2222 1835 2438 1904; x_wconf 82' lang='grc' dir='ltr'>χρόνον.</span> <span class='ocrx_word' id='word_1_285' title='bbox 2475 1833 2956 1902; x_wconf 84' lang='grc' dir='ltr'>Μεταγενέστερος</span> <span class='ocrx_word' id='word_1_286' title='bbox 2981 1834 3086 1900; x_wconf 86' lang='grc' dir='ltr'><strong>γάρ</strong></span> <span class='ocrx_word' id='word_1_287' title='bbox 3110 1836 3225 1884; x_wconf 74' lang='grc' dir='ltr'>ἐστι</span> <span class='ocrx_word' id='word_1_288' title='bbox 3258 1833 3354 1898; x_wconf 82' lang='grc' dir='ltr'>τῆς</span> <span class='ocrx_word' id='word_1_289' title='bbox 3398 1847 3459 1882; x_wconf 84' lang='grc' dir='ltr'><strong>τε</strong></span> <span class='ocrx_word' id='word_1_290' title='bbox 3505 1829 3792 1897; x_wconf 76' lang='grc' dir='ltr'>παρούσης</span> 
     </span>
    </p>
   </div>
   <div class='ocr_carea' id='block_1_43' title="bbox 2226 1918 3797 1988">
    <p class='ocr_par' dir='ltr' id='par_1_43' title="bbox 2226 1918 3797 1988">
     <span class='ocr_line' id='line_1_43' title="bbox 2226 1918 3797 1988; baseline -0.005 -11"><span class='ocrx_word' id='word_1_291' title='bbox 2226 1925 2448 1978; x_wconf 81' lang='grc' dir='ltr'>συνόδου</span> <span class='ocrx_word' id='word_1_292' title='bbox 2478 1927 2573 1977; x_wconf 74' lang='grc' dir='ltr'>καὶ</span> <span class='ocrx_word' id='word_1_293' title='bbox 2621 1923 2730 1976; x_wconf 85' lang='grc' dir='ltr'>τῶν</span> <span class='ocrx_word' id='word_1_294' title='bbox 2758 1923 2999 1976; x_wconf 80' lang='grc' dir='ltr'>κανόνων</span> <span class='ocrx_word' id='word_1_295' title='bbox 3046 1921 3140 1973; x_wconf 90' lang='grc' dir='ltr'><strong>τοῦ</strong></span> <span class='ocrx_word' id='word_1_296' title='bbox 3177 1921 3331 1988; x_wconf 86' lang='grc' dir='ltr'>ἁγίου</span> <span class='ocrx_word' id='word_1_297' title='bbox 3365 1919 3668 1972; x_wconf 81' lang='grc' dir='ltr'>Βασιλείον.</span> <span class='ocrx_word' id='word_1_298' title='bbox 3729 1918 3797 1969; x_wconf 81' lang='grc' dir='ltr'><strong>Εἰ</strong></span> 
     </span>
    </p>
   </div>
   <div class='ocr_carea' id='block_1_44' title="bbox 2217 2009 3798 2084">
    <p class='ocr_par' dir='ltr' id='par_1_44' title="bbox 2217 2009 3798 2084">
     <span class='ocr_line' id='line_1_44' title="bbox 2217 2009 3798 2084; baseline -0.006 -16"><span class='ocrx_word' id='word_1_299' title='bbox 2217 2017 2273 2069; x_wconf 86' lang='grc' dir='ltr'>δὲ</span> <span class='ocrx_word' id='word_1_300' title='bbox 2315 2016 2493 2079; x_wconf 83' lang='grc' dir='ltr'><strong>Θέλεις</strong></span> <span class='ocrx_word' id='word_1_301' title='bbox 2523 2019 2751 2084; x_wconf 81' lang='grc' dir='ltr'>κρατεῖν</span> <span class='ocrx_word' id='word_1_302' title='bbox 2777 2017 2871 2067; x_wconf 79' lang='grc' dir='ltr'><strong>τὸν</strong></span> <span class='ocrx_word' id='word_1_303' title='bbox 2902 2016 3151 2082; x_wconf 88' lang='grc' dir='ltr'>παρόντα</span> <span class='ocrx_word' id='word_1_304' title='bbox 3211 2012 3430 2073; x_wconf 86' lang='grc' dir='ltr'>κανόνα,</span> <span class='ocrx_word' id='word_1_305' title='bbox 3476 2011 3558 2072; x_wconf 86' lang='grc' dir='ltr'><strong>είς</strong></span> <span class='ocrx_word' id='word_1_306' title='bbox 3606 2011 3665 2060; x_wconf 76' lang='grc' dir='ltr'><strong>τὸ</strong></span> <span class='ocrx_word' id='word_1_307' title='bbox 3718 2009 3798 2076; x_wconf 75' lang='grc' dir='ltr'>μὴ</span> 
     </span>
    </p>
   </div>
   <div class='ocr_carea' id='block_1_45' title="bbox 2221 2099 3799 2176">
    <p class='ocr_par' dir='ltr' id='par_1_45' title="bbox 2221 2099 3799 2176">
     <span class='ocr_line' id='line_1_45' title="bbox 2221 2099 3799 2176; baseline -0.006 -17"><span class='ocrx_word' id='word_1_308' title='bbox 2221 2106 2758 2176; x_wconf 79' lang='grc' dir='ltr'>προκριματίζεσθαι</span> <span class='ocrx_word' id='word_1_309' title='bbox 2805 2106 2931 2167; x_wconf 73' lang='grc' dir='ltr'>τοὺς</span> <span class='ocrx_word' id='word_1_310' title='bbox 3007 2104 3345 2166; x_wconf 76' lang='grc' dir='ltr'>ἐπισκόπους</span> <span class='ocrx_word' id='word_1_311' title='bbox 3413 2102 3499 2154; x_wconf 82' lang='grc' dir='ltr'><strong>διὰ</strong></span> <span class='ocrx_word' id='word_1_312' title='bbox 3571 2099 3799 2166; x_wconf 79' lang='grc' dir='ltr'>εῦλογον</span> 
     </span>
    </p>
   </div>
   <div class='ocr_carea' id='block_1_46' title="bbox 2220 2189 3798 2266">
    <p class='ocr_par' dir='ltr' id='par_1_46' title="bbox 2220 2189 3798 2266">
     <span class='ocr_line' id='line_1_46' title="bbox 2220 2189 3798 2266; baseline -0.007 -17"><span class='ocrx_word' id='word_1_313' title='bbox 2220 2198 2407 2249; x_wconf 82' lang='grc' dir='ltr'>αἰτίαν</span> <span class='ocrx_word' id='word_1_314' title='bbox 2438 2195 3022 2266; x_wconf 74' lang='grc' dir='ltr'>μετασχηματίζοντάς</span> <span class='ocrx_word' id='word_1_315' title='bbox 3045 2211 3200 2255; x_wconf 89' lang='grc' dir='ltr'>τινας</span> <span class='ocrx_word' id='word_1_316' title='bbox 3225 2194 3316 2244; x_wconf 72' lang='grc' dir='ltr'><strong>καὶ</strong></span> <span class='ocrx_word' id='word_1_317' title='bbox 3346 2191 3452 2259; x_wconf 75' lang='grc' dir='ltr'>πρὸ</span> <span class='ocrx_word' id='word_1_318' title='bbox 3483 2189 3579 2242; x_wconf 74' lang='grc' dir='ltr'><strong>τοῦ</strong></span> <span class='ocrx_word' id='word_1_319' title='bbox 3604 2191 3798 2240; x_wconf 74' lang='grc' dir='ltr'>δεκαεο</span> 
     </span>
    </p>
   </div>
   <div class='ocr_carea' id='block_1_47' title="bbox 2223 2279 3797 2359">
    <p class='ocr_par' dir='ltr' id='par_1_47' title="bbox 2223 2279 3797 2359">
     <span class='ocr_line' id='line_1_47' title="bbox 2223 2279 3797 2359; baseline -0.008 -19"><span class='ocrx_word' id='word_1_320' title='bbox 2223 2289 2351 2350; x_wconf 87' lang='grc' dir='ltr'>τοῦς</span> <span class='ocrx_word' id='word_1_321' title='bbox 2381 2289 2600 2359; x_wconf 86' lang='grc' dir='ltr'>χρόνου,</span> <span class='ocrx_word' id='word_1_322' title='bbox 2655 2293 2682 2341; x_wconf 90' lang='grc' dir='ltr'><strong>ό</strong></span> <span class='ocrx_word' id='word_1_323' title='bbox 2718 2287 2944 2340; x_wconf 78' lang='grc' dir='ltr'>κωλύων</span> <span class='ocrx_word' id='word_1_324' title='bbox 3003 2287 3202 2347; x_wconf 76' lang='grc' dir='ltr'>οὐδείς.</span> <span class='ocrx_word' id='word_1_325' title='bbox 3259 2283 3573 2353; x_wconf 86' lang='grc' dir='ltr'>Σημείωσαι</span> <span class='ocrx_word' id='word_1_326' title='bbox 3627 2280 3684 2332; x_wconf 82' lang='grc' dir='ltr'><strong>δέ</strong></span> <span class='ocrx_word' id='word_1_327' title='bbox 3713 2279 3797 2330; x_wconf 77' lang='grc' dir='ltr'>ὅτι</span> 
     </span>
    </p>
   </div>
   <div class='ocr_carea' id='block_1_48' title="bbox 555 2371 3797 2451">
    <p class='ocr_par' dir='ltr' id='par_1_48' title="bbox 555 2371 3797 2451">
     <span class='ocr_line' id='line_1_48' title="bbox 555 2371 3797 2451; baseline 0.004 -30"><span class='ocrx_word' id='word_1_328' title='bbox 555 2371 647 2423; x_wconf 74' lang='grc' dir='ltr'><strong>καὶ</strong></span> <span class='ocrx_word' id='word_1_329' title='bbox 700 2371 810 2424; x_wconf 79' lang='grc' dir='ltr'><strong>ἀπὸ</strong></span> <span class='ocrx_word' id='word_1_330' title='bbox 855 2374 948 2427; x_wconf 85' lang='grc' dir='ltr'><strong>τοῦ</strong></span> <span class='ocrx_word' id='word_1_331' title='bbox 1004 2376 1270 2446; x_wconf 79' lang='grc' dir='ltr'>παρόντος</span> <span class='ocrx_word' id='word_1_332' title='bbox 1321 2376 1542 2438; x_wconf 85' lang='grc' dir='ltr'>κανόνος</span> <span class='ocrx_word' id='word_1_333' title='bbox 1593 2378 1693 2430; x_wconf 73' lang='grc' dir='ltr'><strong>οὐκ</strong></span> <span class='ocrx_word' id='word_1_334' title='bbox 1749 2379 1960 2447; x_wconf 79' lang='grc' dir='ltr'>ἐφεῖταί</span> <span class='ocrx_word' id='word_1_335' title='bbox 2000 2397 2105 2432; x_wconf 84' lang='grc' dir='ltr'>τινι</span> <span class='ocrx_word' id='word_1_336' title='bbox 2152 2381 2658 2451; x_wconf 76' lang='grc' dir='ltr'>μετασχηματίζειν</span> <span class='ocrx_word' id='word_1_337' title='bbox 2686 2381 3007 2449; x_wconf 79' lang='grc' dir='ltr'>ἀνθρώπους</span> <span class='ocrx_word' id='word_1_338' title='bbox 3054 2380 3226 2449; x_wconf 72' lang='grc' dir='ltr'>χωρὶς</span> <span class='ocrx_word' id='word_1_339' title='bbox 3297 2374 3617 2446; x_wconf 74' lang='grc' dir='ltr'>προτροπῆς</span> <span class='ocrx_word' id='word_1_340' title='bbox 3671 2374 3797 2423; x_wconf 66' lang='grc' dir='ltr'>ἔπιο</span> 
     </span>
    </p>
   </div>
   <div class='ocr_carea' id='block_1_49' title="bbox 549 2477 835 2530">
    <p class='ocr_par' dir='ltr' id='par_1_49' title="bbox 549 2477 835 2530">
     <span class='ocr_line' id='line_1_49' title="bbox 549 2477 835 2530; baseline 0.017 -16"><span class='ocrx_word' id='word_1_341' title='bbox 549 2477 835 2530; x_wconf 77' lang='grc' dir='ltr'>σκοπικης.</span> 
     </span>
    </p>
   </div>
   <div class='ocr_carea' id='block_1_50' title="bbox 620 2553 2104 2637">
    <p class='ocr_par' dir='ltr' id='par_1_50' title="bbox 620 2553 2104 2637">
     <span class='ocr_line' id='line_1_50' title="bbox 620 2553 2104 2637; baseline 0.013 -32"><span class='ocrx_word' id='word_1_342' title='bbox 620 2553 869 2612; x_wconf 76' lang='lat' dir='ltr'><strong>ZONAR.</strong></span> <span class='ocrx_word' id='word_1_343' title='bbox 907 2557 981 2613; x_wconf 80' lang='lat' dir='ltr'><strong>Ne</strong></span> <span class='ocrx_word' id='word_1_344' title='bbox 1012 2577 1040 2615; x_wconf 89' lang='lat' dir='ltr'><strong>a</strong></span> <span class='ocrx_word' id='word_1_345' title='bbox 1068 2563 1393 2634; x_wconf 79' lang='lat' dir='ltr'><strong>presbyteris</strong></span> <span class='ocrx_word' id='word_1_346' title='bbox 1429 2577 1817 2622; x_wconf 68' lang='lat' dir='ltr'><strong>consectentur</strong></span> <span class='ocrx_word' id='word_1_347' title='bbox 1847 2569 2104 2637; x_wconf 84' lang='lat' dir='ltr'><strong>virgines,</strong></span> 
     </span>
    </p>
   </div>
   <div class='ocr_carea' id='block_1_51' title="bbox 550 2648 2110 2719">
    <p class='ocr_par' dir='ltr' id='par_1_51' title="bbox 550 2648 2110 2719">
     <span class='ocr_line' id='line_1_51' title="bbox 550 2648 2110 2719; baseline 0.01 -23"><span class='ocrx_word' id='word_1_348' title='bbox 550 2654 704 2699; x_wconf 79' lang='lat' dir='ltr'><strong>sexto</strong></span> <span class='ocrx_word' id='word_1_349' title='bbox 739 2648 895 2714; x_wconf 86' lang='lat' dir='ltr'><strong>hujus</strong></span> <span class='ocrx_word' id='word_1_350' title='bbox 925 2652 1110 2719; x_wconf 87' lang='lat' dir='ltr'><strong>synodi</strong></span> <span class='ocrx_word' id='word_1_351' title='bbox 1148 2667 1352 2708; x_wconf 89' lang='lat' dir='ltr'><strong>canone</strong></span> <span class='ocrx_word' id='word_1_352' title='bbox 1378 2655 1728 2711; x_wconf 88' lang='lat' dir='ltr'><strong>constitutum</strong></span> <span class='ocrx_word' id='word_1_353' title='bbox 1759 2667 1841 2713; x_wconf 90' lang='lat' dir='ltr'><strong>est</strong></span> <span class='ocrx_word' id='word_1_354' title='bbox 1879 2676 1891 2711; x_wconf 93' lang='lat'>:</span> <span class='ocrx_word' id='word_1_355' title='bbox 1926 2672 2110 2713; x_wconf 83' lang='lat' dir='ltr'><strong>sacras</strong></span> 
     </span>
    </p>
   </div>
   <div class='ocr_carea' id='block_1_52' title="bbox 552 2741 2111 2817">
    <p class='ocr_par' dir='ltr' id='par_1_52' title="bbox 552 2741 2111 2817">
     <span class='ocr_line' id='line_1_52' title="bbox 552 2741 2111 2817; baseline 0.01 -27"><span class='ocrx_word' id='word_1_356' title='bbox 552 2751 726 2792; x_wconf 87' lang='lat' dir='ltr'><strong>autem</strong></span> <span class='ocrx_word' id='word_1_357' title='bbox 764 2741 988 2808; x_wconf 87' lang='lat' dir='ltr'><strong>puellas,</strong></span> <span class='ocrx_word' id='word_1_358' title='bbox 1029 2745 1118 2798; x_wconf 90' lang='lat' dir='ltr'><strong>ubi</strong></span> <span class='ocrx_word' id='word_1_359' title='bbox 1153 2759 1180 2798; x_wconf 92' lang='lat' dir='ltr'><strong>a</strong></span> <span class='ocrx_word' id='word_1_360' title='bbox 1207 2745 1458 2814; x_wconf 86' lang='lat' dir='ltr'><strong>patribus</strong></span> <span class='ocrx_word' id='word_1_361' title='bbox 1480 2748 1757 2804; x_wconf 86' lang='lat' dir='ltr'><strong>discedunt</strong></span> <span class='ocrx_word' id='word_1_362' title='bbox 1787 2788 1802 2814; x_wconf 89' lang='lat'><strong>,</strong></span> <span class='ocrx_word' id='word_1_363' title='bbox 1859 2765 1887 2802; x_wconf 88' lang='lat' dir='ltr'><strong>a</strong></span> <span class='ocrx_word' id='word_1_364' title='bbox 1917 2749 2111 2817; x_wconf 84' lang='lat' dir='ltr'><strong>quibus</strong></span> 
     </span>
    </p>
   </div>
   <div class='ocr_carea' id='block_1_53' title="bbox 551 2833 2112 2907">
    <p class='ocr_par' dir='ltr' id='par_1_53' title="bbox 551 2833 2112 2907">
     <span class='ocr_line' id='line_1_53' title="bbox 551 2833 2112 2907; baseline 0.008 -25"><span class='ocrx_word' id='word_1_365' title='bbox 551 2833 1010 2899; x_wconf 59' lang='lat' dir='ltr'><strong>custodiebantur,</strong></span> <span class='ocrx_word' id='word_1_366' title='bbox 1040 2851 1233 2892; x_wconf 85' lang='lat' dir='ltr'><strong>curare</strong></span> <span class='ocrx_word' id='word_1_367' title='bbox 1260 2839 1570 2907; x_wconf 76' lang='lat' dir='ltr'><strong>episcOpum</strong></span> <span class='ocrx_word' id='word_1_368' title='bbox 1593 2880 1608 2904; x_wconf 94' lang='lat'><strong>,</strong></span> <span class='ocrx_word' id='word_1_369' title='bbox 1665 2841 1744 2894; x_wconf 85' lang='lat' dir='ltr'><strong>vel</strong></span> <span class='ocrx_word' id='word_1_370' title='bbox 1781 2841 1825 2895; x_wconf 92' lang='lat' dir='ltr'><strong>si</strong></span> <span class='ocrx_word' id='word_1_371' title='bbox 1851 2842 1892 2894; x_wconf 90' lang='lat' dir='ltr'><strong>is</strong></span> <span class='ocrx_word' id='word_1_372' title='bbox 1926 2843 2112 2894; x_wconf 79' lang='lat' dir='ltr'><strong>abfue-</strong></span> 
     </span>
    </p>
   </div>
   <div class='ocr_carea' id='block_1_54' title="bbox 553 2926 2114 2994">
    <p class='ocr_par' dir='ltr' id='par_1_54' title="bbox 553 2926 2114 2994">
     <span class='ocr_line' id='line_1_54' title="bbox 553 2926 2114 2994; baseline 0.006 -19"><span class='ocrx_word' id='word_1_373' title='bbox 553 2934 646 2986; x_wconf 87' lang='lat' dir='ltr'><strong>rt,</strong></span> <span class='ocrx_word' id='word_1_374' title='bbox 677 2926 1062 2994; x_wconf 72' lang='lat' dir='ltr'><strong>presbyterum,</strong></span> <span class='ocrx_word' id='word_1_375' title='bbox 1105 2937 1162 2981; x_wconf 89' lang='lat' dir='ltr'><strong>ut</strong></span> <span class='ocrx_word' id='word_1_376' title='bbox 1197 2931 1432 2984; x_wconf 92' lang='lat' dir='ltr'><strong>honestis</strong></span> <span class='ocrx_word' id='word_1_377' title='bbox 1473 2932 1783 2986; x_wconf 84' lang='lat' dir='ltr'><strong>mulieribus</strong></span> <span class='ocrx_word' id='word_1_378' title='bbox 1835 2946 2114 2986; x_wconf 79' lang='lat' dir='ltr'><strong>commen-</strong></span> 
     </span>
    </p>
   </div>
   <div class='ocr_carea' id='block_1_55' title="bbox 2283 2547 3800 2634">
    <p class='ocr_par' dir='ltr' id='par_1_55' title="bbox 2283 2547 3800 2634">
     <span class='ocr_line' id='line_1_55' title="bbox 2283 2547 3800 2634; baseline -0.016 -12"><span class='ocrx_word' id='word_1_379' title='bbox 2283 2568 2528 2622; x_wconf 78' lang='grc' dir='ltr'><strong>ΖΩΝΑΡ.</strong></span> <span class='ocrx_word' id='word_1_380' title='bbox 2595 2566 2683 2618; x_wconf 84' lang='grc' dir='ltr'>Ἐν</span> <span class='ocrx_word' id='word_1_381' title='bbox 2733 2564 2876 2634; x_wconf 74' lang='grc' dir='ltr'>ἕκτῳ</span> <span class='ocrx_word' id='word_1_382' title='bbox 2926 2561 3112 2615; x_wconf 83' lang='grc' dir='ltr'>κανόνι</span> <span class='ocrx_word' id='word_1_383' title='bbox 3165 2559 3262 2627; x_wconf 78' lang='grc' dir='ltr'>τῆς</span> <span class='ocrx_word' id='word_1_384' title='bbox 3320 2553 3537 2608; x_wconf 81' lang='grc' dir='ltr'>συνόδου</span> <span class='ocrx_word' id='word_1_385' title='bbox 3592 2547 3800 2615; x_wconf 83' lang='grc' dir='ltr'>ταύτης</span> 
     </span>
    </p>
   </div>
   <div class='ocr_carea' id='block_1_56' title="bbox 2215 2635 3802 2730">
    <p class='ocr_par' dir='ltr' id='par_1_56' title="bbox 2215 2635 3802 2730">
     <span class='ocr_line' id='line_1_56' title="bbox 2215 2635 3802 2730; baseline -0.017 -18"><span class='ocrx_word' id='word_1_386' title='bbox 2215 2658 2447 2730; x_wconf 83' lang='grc' dir='ltr'>ὥρισται</span> <span class='ocrx_word' id='word_1_387' title='bbox 2475 2653 2802 2722; x_wconf 70' lang='grc' dir='ltr'>καθιέρωσιν</span> <span class='ocrx_word' id='word_1_388' title='bbox 2835 2650 3012 2720; x_wconf 83' lang='grc' dir='ltr'>κορῶν</span> <span class='ocrx_word' id='word_1_389' title='bbox 3050 2647 3158 2700; x_wconf 76' lang='grc' dir='ltr'><strong>ἀπο</strong></span> <span class='ocrx_word' id='word_1_390' title='bbox 3185 2643 3570 2716; x_wconf 71' lang='grc' dir='ltr'>πρεσϐυτέρων</span> <span class='ocrx_word' id='word_1_391' title='bbox 3607 2635 3679 2706; x_wconf 77' lang='grc' dir='ltr'>μὴ</span> <span class='ocrx_word' id='word_1_392' title='bbox 3713 2635 3802 2730; x_wconf 80' lang='grc' dir='ltr'>γί-</span> 
     </span>
    </p>
   </div>
   <div class='ocr_carea' id='block_1_57' title="bbox 2217 2729 3802 2811">
    <p class='ocr_par' dir='ltr' id='par_1_57' title="bbox 2217 2729 3802 2811">
     <span class='ocr_line' id='line_1_57' title="bbox 2217 2729 3802 2811; baseline -0.016 -9"><span class='ocrx_word' id='word_1_393' title='bbox 2217 2747 2403 2802; x_wconf 86' lang='grc' dir='ltr'>νεσθαι</span> <span class='ocrx_word' id='word_1_394' title='bbox 2424 2787 2438 2811; x_wconf 95' lang='grc'><strong>,</strong></span> <span class='ocrx_word' id='word_1_395' title='bbox 2473 2747 2568 2799; x_wconf 73' lang='grc' dir='ltr'><strong>καὶ</strong></span> <span class='ocrx_word' id='word_1_396' title='bbox 2606 2747 2664 2797; x_wconf 87' lang='grc' dir='ltr'><strong>ἐν</strong></span> <span class='ocrx_word' id='word_1_397' title='bbox 2700 2741 2783 2810; x_wconf 86' lang='grc' dir='ltr'>μδ¹</span> <span class='ocrx_word' id='word_1_398' title='bbox 2807 2758 2822 2773; x_wconf 78' lang='grc' dir='ltr'><strong><em>ο</em></strong></span> <span class='ocrx_word' id='word_1_399' title='bbox 2857 2741 2996 2794; x_wconf 85' lang='grc' dir='ltr'>ὥστε</span> <span class='ocrx_word' id='word_1_400' title='bbox 3023 2739 3119 2798; x_wconf 80' lang='grc' dir='ltr'>τὰς</span> <span class='ocrx_word' id='word_1_401' title='bbox 3161 2736 3309 2806; x_wconf 82' lang='grc' dir='ltr'>ίεράς</span> <span class='ocrx_word' id='word_1_402' title='bbox 3340 2732 3642 2800; x_wconf 75' lang='grc' dir='ltr'>παρθένους</span> <span class='ocrx_word' id='word_1_403' title='bbox 3664 2769 3678 2791; x_wconf 98' lang='grc'><strong>,</strong></span> <span class='ocrx_word' id='word_1_404' title='bbox 3707 2729 3802 2778; x_wconf 71' lang='grc' dir='ltr'>ὅτε</span> 
     </span>
    </p>
   </div>
   <div class='ocr_carea' id='block_1_58' title="bbox 2216 2815 3800 2909">
    <p class='ocr_par' dir='ltr' id='par_1_58' title="bbox 2216 2815 3800 2909">
     <span class='ocr_line' id='line_1_58' title="bbox 2216 2815 3800 2909; baseline -0.018 -14"><span class='ocrx_word' id='word_1_405' title='bbox 2216 2843 2325 2894; x_wconf 83' lang='grc' dir='ltr'><strong>τῶν</strong></span> <span class='ocrx_word' id='word_1_406' title='bbox 2360 2840 2611 2909; x_wconf 82' lang='grc' dir='ltr'>πατέρων</span> <span class='ocrx_word' id='word_1_407' title='bbox 2639 2833 2986 2907; x_wconf 75' lang='grc' dir='ltr'>χωρίζονται,</span> <span class='ocrx_word' id='word_1_408' title='bbox 3013 2831 3072 2894; x_wconf 77' lang='grc' dir='ltr'><strong>ἐξ</strong></span> <span class='ocrx_word' id='word_1_409' title='bbox 3095 2822 3169 2882; x_wconf 83' lang='grc' dir='ltr'>ὧν</span> <span class='ocrx_word' id='word_1_410' title='bbox 3203 2825 3582 2896; x_wconf 78' lang='grc' dir='ltr'>ἐφυλάττοντο,</span> <span class='ocrx_word' id='word_1_411' title='bbox 3609 2821 3673 2888; x_wconf 80' lang='grc' dir='ltr'>τῇ</span> <span class='ocrx_word' id='word_1_412' title='bbox 3704 2815 3800 2870; x_wconf 88' lang='grc' dir='ltr'><strong>τοῦ</strong></span> 
     </span>
    </p>
   </div>
   <div class='ocr_carea' id='block_1_59' title="bbox 2221 2909 3802 2995">
    <p class='ocr_par' dir='ltr' id='par_1_59' title="bbox 2221 2909 3802 2995">
     <span class='ocr_line' id='line_1_59' title="bbox 2221 2909 3802 2995; baseline -0.017 -9"><span class='ocrx_word' id='word_1_413' title='bbox 2221 2932 2546 2993; x_wconf 71' lang='grc' dir='ltr'>ἐπισκόπου,</span> <span class='ocrx_word' id='word_1_414' title='bbox 2588 2929 2644 2995; x_wconf 77' lang='grc' dir='ltr'>ἢ,</span> <span class='ocrx_word' id='word_1_415' title='bbox 2678 2923 2840 2980; x_wconf 85' lang='grc' dir='ltr'>αὐτοῦ</span> <span class='ocrx_word' id='word_1_416' title='bbox 2892 2921 3144 2983; x_wconf 88' lang='grc' dir='ltr'>ἀπόντος,</span> <span class='ocrx_word' id='word_1_417' title='bbox 3184 2921 3252 2986; x_wconf 76' lang='grc' dir='ltr'>τῇ</span> <span class='ocrx_word' id='word_1_418' title='bbox 3281 2915 3374 2968; x_wconf 88' lang='grc' dir='ltr'><strong>τοῦ</strong></span> <span class='ocrx_word' id='word_1_419' title='bbox 3425 2909 3802 2982; x_wconf 72' lang='grc' dir='ltr'>πρεσϐυτέρου</span> 
     </span>
    </p>
   </div>
   <div class='ocr_carea' id='block_1_60' title="bbox 555 3001 2116 3100">
    <p class='ocr_par' dir='ltr' id='par_1_60' title="bbox 555 3014 2116 3089">
     <span class='ocr_line' id='line_1_60' title="bbox 555 3014 2116 3089; baseline 0.006 -25"><span class='ocrx_word' id='word_1_420' title='bbox 555 3014 772 3076; x_wconf 88' lang='lat' dir='ltr'><strong>dentur,</strong></span> <span class='ocrx_word' id='word_1_421' title='bbox 810 3016 1251 3085; x_wconf 75' lang='lat' dir='ltr'><strong>quadragesimus</strong></span> <span class='ocrx_word' id='word_1_422' title='bbox 1278 3031 1502 3086; x_wconf 87' lang='lat' dir='ltr'><strong>quartus</strong></span> <span class='ocrx_word' id='word_1_423' title='bbox 1532 3037 1702 3075; x_wconf 87' lang='lat' dir='ltr'><strong>canon</strong></span> <span class='ocrx_word' id='word_1_424' title='bbox 1736 3022 1908 3089; x_wconf 85' lang='lat' dir='ltr'><strong>jubet.</strong></span> <span class='ocrx_word' id='word_1_425' title='bbox 1955 3021 2116 3074; x_wconf 76' lang='lat' dir='ltr'><strong>Moris</strong></span> 
     </span>
    </p>
   </div>
   <div class='ocr_carea' id='block_1_61' title="bbox 2224 3001 3800 3100">
    <p class='ocr_par' dir='ltr' id='par_1_61' title="bbox 2225 3001 3800 3092">
     <span class='ocr_line' id='line_1_61' title="bbox 2225 3001 3800 3092; baseline -0.014 -17"><span class='ocrx_word' id='word_1_426' title='bbox 2225 3022 2450 3092; x_wconf 80' lang='grc' dir='ltr'>προνοίᾳ</span> <span class='ocrx_word' id='word_1_427' title='bbox 2511 3022 2629 3077; x_wconf 89' lang='grc' dir='ltr'>ταῖς</span> <span class='ocrx_word' id='word_1_428' title='bbox 2687 3014 3040 3085; x_wconf 81' lang='grc' dir='ltr'>τιμιωτέραις</span> <span class='ocrx_word' id='word_1_429' title='bbox 3098 3007 3312 3076; x_wconf 66' lang='grc' dir='ltr'>γυναιξὶ</span> <span class='ocrx_word' id='word_1_430' title='bbox 3379 3001 3800 3072; x_wconf 78' lang='grc' dir='ltr'>παρατίθεσθαι.</span> 
     </span>
    </p>
   </div>
   <div class='ocr_carea' id='block_1_62' title="bbox 557 3103 2118 3174">
    <p class='ocr_par' dir='ltr' id='par_1_62' title="bbox 557 3103 2118 3174">
     <span class='ocr_line' id='line_1_62' title="bbox 557 3103 2118 3174; baseline 0.003 -19"><span class='ocrx_word' id='word_1_431' title='bbox 557 3103 699 3155; x_wconf 89' lang='lat' dir='ltr'><strong>enim</strong></span> <span class='ocrx_word' id='word_1_432' title='bbox 729 3103 842 3161; x_wconf 79' lang='lat' dir='ltr'><strong>fuit.</strong></span> <span class='ocrx_word' id='word_1_433' title='bbox 877 3104 1087 3172; x_wconf 88' lang='lat' dir='ltr'><strong>templis</strong></span> <span class='ocrx_word' id='word_1_434' title='bbox 1118 3105 1299 3158; x_wconf 71' lang='lat' dir='ltr'><strong>offerri</strong></span> <span class='ocrx_word' id='word_1_435' title='bbox 1336 3107 1538 3174; x_wconf 87' lang='lat' dir='ltr'><strong>puellas</strong></span> <span class='ocrx_word' id='word_1_436' title='bbox 1568 3108 1981 3169; x_wconf 82' lang='lat' dir='ltr'><strong>causecrandas,</strong></span> <span class='ocrx_word' id='word_1_437' title='bbox 2018 3107 2118 3160; x_wconf 90' lang='lat' dir='ltr'><strong>hoc</strong></span> 
     </span>
    </p>
   </div>
   <div class='ocr_carea' id='block_1_63' title="bbox 557 3193 2117 3264">
    <p class='ocr_par' dir='ltr' id='par_1_63' title="bbox 557 3193 2117 3264">
     <span class='ocr_line' id='line_1_63' title="bbox 557 3193 2117 3264; baseline 0.003 -19"><span class='ocrx_word' id='word_1_438' title='bbox 557 3203 660 3256; x_wconf 82' lang='lat' dir='ltr'><strong>est,</strong></span> <span class='ocrx_word' id='word_1_439' title='bbox 690 3203 745 3246; x_wconf 90' lang='lat' dir='ltr'><strong>nt</strong></span> <span class='ocrx_word' id='word_1_440' title='bbox 773 3193 879 3246; x_wconf 91' lang='lat' dir='ltr'><strong>Deo</strong></span> <span class='ocrx_word' id='word_1_441' title='bbox 906 3195 1094 3249; x_wconf 67' lang='lat' dir='ltr'><strong>dicata:</strong></span> <span class='ocrx_word' id='word_1_442' title='bbox 1156 3195 1517 3263; x_wconf 78' lang='lat' dir='ltr'><strong>virginitatem</strong></span> <span class='ocrx_word' id='word_1_443' title='bbox 1578 3202 1960 3264; x_wconf 81' lang='lat' dir='ltr'><strong>prodterentur</strong></span> <span class='ocrx_word' id='word_1_444' title='bbox 1986 3237 2000 3260; x_wconf 94' lang='lat'><strong>,</strong></span> <span class='ocrx_word' id='word_1_445' title='bbox 2056 3211 2117 3249; x_wconf 83' lang='lat' dir='ltr'><strong>ac</strong></span> 
     </span>
    </p>
   </div>
   <div class='ocr_carea' id='block_1_64' title="bbox 559 3286 2118 3353">
    <p class='ocr_par' dir='ltr' id='par_1_64' title="bbox 559 3286 2118 3353">
     <span class='ocr_line' id='line_1_64' title="bbox 559 3286 2118 3353; baseline 0.001 -17"><span class='ocrx_word' id='word_1_446' title='bbox 559 3295 739 3348; x_wconf 77' lang='lat' dir='ltr'><strong>postea</strong></span> <span class='ocrx_word' id='word_1_447' title='bbox 772 3294 1073 3350; x_wconf 88' lang='lat' dir='ltr'><strong>opportuno</strong></span> <span class='ocrx_word' id='word_1_448' title='bbox 1108 3294 1344 3353; x_wconf 84' lang='lat' dir='ltr'><strong>tempore</strong></span> <span class='ocrx_word' id='word_1_449' title='bbox 1393 3287 1444 3339; x_wconf 88' lang='lat' dir='ltr'><strong>in</strong></span> <span class='ocrx_word' id='word_1_450' title='bbox 1501 3288 1920 3341; x_wconf 83' lang='lat' dir='ltr'><strong>diaronissarnm</strong></span> <span class='ocrx_word' id='word_1_451' title='bbox 1975 3286 2118 3339; x_wconf 85' lang='lat' dir='ltr'><strong>ordi-</strong></span> 
     </span>
    </p>
   </div>
   <div class='ocr_carea' id='block_1_65' title="bbox 560 3375 2119 3446">
    <p class='ocr_par' dir='ltr' id='par_1_65' title="bbox 560 3375 2119 3446">
     <span class='ocr_line' id='line_1_65' title="bbox 560 3375 2119 3446; baseline 0.001 -20"><span class='ocrx_word' id='word_1_452' title='bbox 560 3389 680 3427; x_wconf 89' lang='lat' dir='ltr'><strong>nem</strong></span> <span class='ocrx_word' id='word_1_453' title='bbox 737 3375 1060 3441; x_wconf 67' lang='lat' dir='ltr'><strong>legerentur.</strong></span> <span class='ocrx_word' id='word_1_454' title='bbox 1116 3375 1257 3445; x_wconf 74' lang='lat' dir='ltr'><strong>Ergo</strong></span> <span class='ocrx_word' id='word_1_455' title='bbox 1295 3377 1339 3430; x_wconf 88' lang='lat' dir='ltr'><strong>si</strong></span> <span class='ocrx_word' id='word_1_456' title='bbox 1379 3376 1603 3446; x_wconf 85' lang='lat' dir='ltr'><strong>virginis</strong></span> <span class='ocrx_word' id='word_1_457' title='bbox 1650 3378 1954 3444; x_wconf 84' lang='lat' dir='ltr'><strong>hujusmodi</strong></span> <span class='ocrx_word' id='word_1_458' title='bbox 2012 3376 2119 3428; x_wconf 90' lang='lat' dir='ltr'><strong>Dco</strong></span> 
     </span>
    </p>
   </div>
   <div class='ocr_carea' id='block_1_66' title="bbox 559 3463 2117 3534">
    <p class='ocr_par' dir='ltr' id='par_1_66' title="bbox 559 3463 2117 3534">
     <span class='ocr_line' id='line_1_66' title="bbox 559 3463 2117 3534; baseline 0.004 -23"><span class='ocrx_word' id='word_1_459' title='bbox 559 3465 749 3516; x_wconf 79' lang='lat' dir='ltr'><strong>.ticatae</strong></span> <span class='ocrx_word' id='word_1_460' title='bbox 775 3463 1177 3534; x_wconf 86' lang='lat' dir='ltr'><strong>potensaliquis</strong></span> <span class='ocrx_word' id='word_1_461' title='bbox 1206 3481 1389 3520; x_wconf 86' lang='lat' dir='ltr'><strong>amore</strong></span> <span class='ocrx_word' id='word_1_462' title='bbox 1439 3475 1715 3534; x_wconf 87' lang='lat' dir='ltr'><strong>correptus</strong></span> <span class='ocrx_word' id='word_1_463' title='bbox 1768 3475 1890 3532; x_wconf 81' lang='lat' dir='ltr'><strong>est,</strong></span> <span class='ocrx_word' id='word_1_464' title='bbox 1949 3466 2030 3520; x_wconf 87' lang='lat' dir='ltr'><strong>vel</strong></span> <span class='ocrx_word' id='word_1_465' title='bbox 2087 3480 2117 3518; x_wconf 88' lang='lat' dir='ltr'><strong>a</strong></span> 
     </span>
    </p>
   </div>
   <div class='ocr_carea' id='block_1_67' title="bbox 561 3556 2120 3625">
    <p class='ocr_par' dir='ltr' id='par_1_67' title="bbox 561 3556 2120 3625">
     <span class='ocr_line' id='line_1_67' title="bbox 561 3556 2120 3625; baseline 0.001 -19"><span class='ocrx_word' id='word_1_466' title='bbox 561 3556 820 3608; x_wconf 74' lang='lat' dir='ltr'><strong>scelerato</strong></span> <span class='ocrx_word' id='word_1_467' title='bbox 853 3557 1103 3624; x_wconf 84' lang='lat' dir='ltr'><strong>quopiam</strong></span> <span class='ocrx_word' id='word_1_468' title='bbox 1161 3572 1256 3624; x_wconf 89' lang='lat' dir='ltr'><strong>per</strong></span> <span class='ocrx_word' id='word_1_469' title='bbox 1283 3558 1388 3609; x_wconf 89' lang='lat' dir='ltr'><strong>vim</strong></span> <span class='ocrx_word' id='word_1_470' title='bbox 1424 3558 1710 3610; x_wconf 88' lang='lat' dir='ltr'><strong>abductum</strong></span> <span class='ocrx_word' id='word_1_471' title='bbox 1765 3557 1832 3610; x_wconf 85' lang='lat' dir='ltr'><strong>iri</strong></span> <span class='ocrx_word' id='word_1_472' title='bbox 1887 3556 2120 3625; x_wconf 82' lang='lat' dir='ltr'><strong>suspicio</strong></span> 
     </span>
    </p>
   </div>
   <div class='ocr_carea' id='block_1_68' title="bbox 560 3646 2120 3715">
    <p class='ocr_par' dir='ltr' id='par_1_68' title="bbox 560 3646 2120 3715">
     <span class='ocr_line' id='line_1_68' title="bbox 560 3646 2120 3715; baseline 0.003 -20"><span class='ocrx_word' id='word_1_473' title='bbox 560 3656 664 3710; x_wconf 67' lang='lat' dir='ltr'><strong>est,</strong></span> <span class='ocrx_word' id='word_1_474' title='bbox 697 3661 759 3699; x_wconf 79' lang='lat' dir='ltr'><strong>ex</strong></span> <span class='ocrx_word' id='word_1_475' title='bbox 786 3662 889 3714; x_wconf 91' lang='lat' dir='ltr'><strong>quo</strong></span> <span class='ocrx_word' id='word_1_476' title='bbox 923 3647 1157 3702; x_wconf 89' lang='lat' dir='ltr'><strong>castitati</strong></span> <span class='ocrx_word' id='word_1_477' title='bbox 1186 3647 1326 3701; x_wconf 89' lang='lat' dir='ltr'><strong>illius</strong></span> <span class='ocrx_word' id='word_1_478' title='bbox 1374 3649 1665 3715; x_wconf 87' lang='lat' dir='ltr'><strong>periculum</strong></span> <span class='ocrx_word' id='word_1_479' title='bbox 1715 3648 1992 3710; x_wconf 89' lang='lat' dir='ltr'><strong>imminet,</strong></span> <span class='ocrx_word' id='word_1_480' title='bbox 2040 3646 2120 3701; x_wconf 89' lang='lat' dir='ltr'><strong>vel</strong></span> 
     </span>
    </p>
   </div>
   <div class='ocr_carea' id='block_1_69' title="bbox 561 3740 2121 3808">
    <p class='ocr_par' dir='ltr' id='par_1_69' title="bbox 561 3740 2121 3808">
     <span class='ocr_line' id='line_1_69' title="bbox 561 3740 2121 3808; baseline 0.002 -16"><span class='ocrx_word' id='word_1_481' title='bbox 561 3741 868 3793; x_wconf 66' lang='lat' dir='ltr'><strong>constitutae</strong></span> <span class='ocrx_word' id='word_1_482' title='bbox 903 3740 953 3792; x_wconf 91' lang='lat' dir='ltr'><strong>ln</strong></span> <span class='ocrx_word' id='word_1_483' title='bbox 987 3741 1108 3793; x_wconf 71' lang='lat' dir='ltr'><strong>vita:</strong></span> <span class='ocrx_word' id='word_1_484' title='bbox 1152 3740 1464 3793; x_wconf 87' lang='lat' dir='ltr'><strong>discrimine</strong></span> <span class='ocrx_word' id='word_1_485' title='bbox 1519 3740 1827 3808; x_wconf 84' lang='lat' dir='ltr'><strong>religiosum</strong></span> <span class='ocrx_word' id='word_1_486' title='bbox 1879 3741 2121 3795; x_wconf 85' lang='lat' dir='ltr'><strong>habitum</strong></span> 
     </span>
    </p>
   </div>
   <div class='ocr_carea' id='block_1_70' title="bbox 563 3830 2122 3900">
    <p class='ocr_par' dir='ltr' id='par_1_70' title="bbox 563 3830 2122 3900">
     <span class='ocr_line' id='line_1_70' title="bbox 563 3830 2122 3900; baseline 0 -18"><span class='ocrx_word' id='word_1_487' title='bbox 563 3830 827 3898; x_wconf 89' lang='lat' dir='ltr'><strong>indulgeri</strong></span> <span class='ocrx_word' id='word_1_488' title='bbox 859 3845 978 3884; x_wconf 87' lang='lat' dir='ltr'><strong>cum</strong></span> <span class='ocrx_word' id='word_1_489' title='bbox 1010 3831 1254 3899; x_wconf 87' lang='lat' dir='ltr'><strong>ipsamet,</strong></span> <span class='ocrx_word' id='word_1_490' title='bbox 1287 3840 1399 3884; x_wconf 91' lang='lat' dir='ltr'><strong>tum</strong></span> <span class='ocrx_word' id='word_1_491' title='bbox 1428 3831 1596 3899; x_wconf 89' lang='lat' dir='ltr'><strong>ipsius</strong></span> <span class='ocrx_word' id='word_1_492' title='bbox 1628 3833 1911 3900; x_wconf 80' lang='lat' dir='ltr'><strong>prOpiuqui</strong></span> <span class='ocrx_word' id='word_1_493' title='bbox 1968 3847 2122 3900; x_wconf 86' lang='lat' dir='ltr'><strong>roga-</strong></span> 
     </span>
    </p>
   </div>
   <div class='ocr_carea' id='block_1_71' title="bbox 561 3920 2123 3986">
    <p class='ocr_par' dir='ltr' id='par_1_71' title="bbox 561 3920 2123 3986">
     <span class='ocr_line' id='line_1_71' title="bbox 561 3920 2123 3986; baseline 0.004 -18"><span class='ocrx_word' id='word_1_494' title='bbox 561 3928 776 3984; x_wconf 56' lang='lat' dir='ltr'><strong>verunt,</strong></span> <span class='ocrx_word' id='word_1_495' title='bbox 815 3935 882 3974; x_wconf 93' lang='lat' dir='ltr'><strong>ne</strong></span> <span class='ocrx_word' id='word_1_496' title='bbox 914 3935 974 3974; x_wconf 90' lang='lat' dir='ltr'><strong>ea</strong></span> <span class='ocrx_word' id='word_1_497' title='bbox 1011 3920 1126 3974; x_wconf 90' lang='lat' dir='ltr'><strong>sine</strong></span> <span class='ocrx_word' id='word_1_498' title='bbox 1163 3920 1348 3974; x_wconf 82' lang='lat' dir='ltr'><strong>habitu</strong></span> <span class='ocrx_word' id='word_1_499' title='bbox 1386 3921 1677 3986; x_wconf 90' lang='lat' dir='ltr'><strong>moriatur;</strong></span> <span class='ocrx_word' id='word_1_500' title='bbox 1724 3935 1841 3976; x_wconf 91' lang='lat' dir='ltr'><strong>eam</strong></span> <span class='ocrx_word' id='word_1_501' title='bbox 1889 3921 2012 3975; x_wconf 92' lang='lat' dir='ltr'><strong>licet</strong></span> <span class='ocrx_word' id='word_1_502' title='bbox 2041 3921 2123 3974; x_wconf 81' lang='lat' dir='ltr'><strong>vi-</strong></span> 
     </span>
    </p>
   </div>
   <div class='ocr_carea' id='block_1_72' title="bbox 563 4010 2122 4078">
    <p class='ocr_par' dir='ltr' id='par_1_72' title="bbox 563 4010 2122 4078">
     <span class='ocr_line' id='line_1_72' title="bbox 563 4010 2122 4078; baseline 0.003 -18"><span class='ocrx_word' id='word_1_503' title='bbox 563 4011 766 4064; x_wconf 81' lang='lat' dir='ltr'><strong>resima</strong></span> <span class='ocrx_word' id='word_1_504' title='bbox 785 4010 971 4078; x_wconf 88' lang='lat' dir='ltr'><strong>quinto</strong></span> <span class='ocrx_word' id='word_1_505' title='bbox 994 4025 1131 4065; x_wconf 88' lang='lat' dir='ltr'><strong>anno</strong></span> <span class='ocrx_word' id='word_1_506' title='bbox 1159 4015 1394 4065; x_wconf 91' lang='lat' dir='ltr'><strong>nondum</strong></span> <span class='ocrx_word' id='word_1_507' title='bbox 1417 4020 1629 4075; x_wconf 80' lang='lat' dir='ltr'><strong>exacto,</strong></span> <span class='ocrx_word' id='word_1_508' title='bbox 1656 4021 1712 4066; x_wconf 92' lang='lat' dir='ltr'><strong>ut</strong></span> <span class='ocrx_word' id='word_1_509' title='bbox 1738 4012 2122 4066; x_wconf 86' lang='lat' dir='ltr'><strong>sceleratorum</strong></span> 
     </span>
    </p>
   </div>
   <div class='ocr_carea' id='block_1_73' title="bbox 567 4099 2125 4170">
    <p class='ocr_par' dir='ltr' id='par_1_73' title="bbox 567 4099 2125 4170">
     <span class='ocr_line' id='line_1_73' title="bbox 567 4099 2125 4170; baseline 0.002 -18"><span class='ocrx_word' id='word_1_510' title='bbox 567 4101 674 4153; x_wconf 84' lang='lat' dir='ltr'><strong>vim</strong></span> <span class='ocrx_word' id='word_1_511' title='bbox 707 4099 927 4169; x_wconf 84' lang='lat' dir='ltr'><strong>eﬂ‘ugiat</strong></span> <span class='ocrx_word' id='word_1_512' title='bbox 953 4101 1148 4170; x_wconf 87' lang='lat' dir='ltr'><strong>quippe</strong></span> <span class='ocrx_word' id='word_1_513' title='bbox 1177 4109 1487 4155; x_wconf 83' lang='lat' dir='ltr'><strong>consecrata</strong></span> <span class='ocrx_word' id='word_1_514' title='bbox 1514 4141 1528 4165; x_wconf 90' lang='lat'><strong>,</strong></span> <span class='ocrx_word' id='word_1_515' title='bbox 1559 4102 1641 4155; x_wconf 93' lang='lat' dir='ltr'><strong>vel</strong></span> <span class='ocrx_word' id='word_1_516' title='bbox 1679 4117 1746 4155; x_wconf 91' lang='lat' dir='ltr'><strong>ne</strong></span> <span class='ocrx_word' id='word_1_517' title='bbox 1793 4117 1855 4155; x_wconf 87' lang='lat' dir='ltr'><strong>ex</strong></span> <span class='ocrx_word' id='word_1_518' title='bbox 1887 4103 1988 4155; x_wconf 86' lang='lat' dir='ltr'><strong>hac</strong></span> <span class='ocrx_word' id='word_1_519' title='bbox 2017 4103 2125 4156; x_wconf 85' lang='lat' dir='ltr'><strong>vita</strong></span> 
     </span>
    </p>
   </div>
   <div class='ocr_carea' id='block_1_74' title="bbox 569 4189 2122 4258">
    <p class='ocr_par' dir='ltr' id='par_1_74' title="bbox 569 4189 2122 4258">
     <span class='ocr_line' id='line_1_74' title="bbox 569 4189 2122 4258; baseline -0.001 -14"><span class='ocrx_word' id='word_1_520' title='bbox 569 4205 674 4244; x_wconf 91' lang='lat' dir='ltr'><strong>non</strong></span> <span class='ocrx_word' id='word_1_521' title='bbox 704 4190 909 4243; x_wconf 86' lang='lat' dir='ltr'><strong>initiata</strong></span> <span class='ocrx_word' id='word_1_522' title='bbox 939 4190 1152 4258; x_wconf 90' lang='lat' dir='ltr'><strong>migret,</strong></span> <span class='ocrx_word' id='word_1_523' title='bbox 1182 4189 1390 4243; x_wconf 88' lang='lat' dir='ltr'><strong>velandi</strong></span> <span class='ocrx_word' id='word_1_524' title='bbox 1419 4228 1434 4254; x_wconf 89' lang='lat'><strong>,</strong></span> <span class='ocrx_word' id='word_1_525' title='bbox 1458 4190 1572 4243; x_wconf 90' lang='lat' dir='ltr'><strong>.hoc</strong></span> <span class='ocrx_word' id='word_1_526' title='bbox 1599 4199 1681 4244; x_wconf 90' lang='lat' dir='ltr'><strong>est</strong></span> <span class='ocrx_word' id='word_1_527' title='bbox 1708 4230 1722 4255; x_wconf 90' lang='lat'><strong>,</strong></span> <span class='ocrx_word' id='word_1_528' title='bbox 1752 4204 1906 4243; x_wconf 86' lang='lat' dir='ltr'><strong>sacro</strong></span> <span class='ocrx_word' id='word_1_529' title='bbox 1931 4201 2122 4242; x_wconf 90' lang='lat' dir='ltr'><strong>ornatu</strong></span> 
     </span>
    </p>
   </div>
   <div class='ocr_carea' id='block_1_75' title="bbox 569 4281 2129 4352">
    <p class='ocr_par' dir='ltr' id='par_1_75' title="bbox 569 4281 2129 4352">
     <span class='ocr_line' id='line_1_75' title="bbox 569 4281 2129 4352; baseline -0.001 -16"><span class='ocrx_word' id='word_1_530' title='bbox 569 4283 819 4336; x_wconf 89' lang='lat' dir='ltr'><strong>induendi</strong></span> <span class='ocrx_word' id='word_1_531' title='bbox 876 4281 1103 4336; x_wconf 80' lang='lat' dir='ltr'><strong>facultas</strong></span> <span class='ocrx_word' id='word_1_532' title='bbox 1129 4283 1398 4352; x_wconf 85' lang='lat' dir='ltr'><strong>episcopis</strong></span> <span class='ocrx_word' id='word_1_533' title='bbox 1427 4283 1780 4348; x_wconf 88' lang='lat' dir='ltr'><strong>conceditur;</strong></span> <span class='ocrx_word' id='word_1_534' title='bbox 1816 4297 2013 4350; x_wconf 89' lang='lat' dir='ltr'><strong>eosque</strong></span> <span class='ocrx_word' id='word_1_535' title='bbox 2040 4298 2129 4337; x_wconf 86' lang='lat' dir='ltr'><strong>ca-</strong></span> 
     </span>
    </p>
   </div>
   <div class='ocr_carea' id='block_1_76' title="bbox 2221 3092 3800 3179">
    <p class='ocr_par' dir='ltr' id='par_1_76' title="bbox 2221 3092 3800 3179">
     <span class='ocr_line' id='line_1_76' title="bbox 2221 3092 3800 3179; baseline -0.02 -10"><span class='ocrx_word' id='word_1_536' title='bbox 2221 3114 2384 3175; x_wconf 86' lang='grc' dir='ltr'>Ἐθος</span> <span class='ocrx_word' id='word_1_537' title='bbox 2428 3110 2535 3179; x_wconf 85' lang='grc' dir='ltr'>γὰρ</span> <span class='ocrx_word' id='word_1_538' title='bbox 2574 3105 2639 3176; x_wconf 77' lang='grc' dir='ltr'>ἦν</span> <span class='ocrx_word' id='word_1_539' title='bbox 2683 3102 3053 3176; x_wconf 84' lang='grc' dir='ltr'>προσάγεσθαι</span> <span class='ocrx_word' id='word_1_540' title='bbox 3095 3101 3215 3162; x_wconf 86' lang='grc' dir='ltr'>ταῖς</span> <span class='ocrx_word' id='word_1_541' title='bbox 3255 3096 3573 3164; x_wconf 75' lang='grc' dir='ltr'>ἐκκλησίαις</span> <span class='ocrx_word' id='word_1_542' title='bbox 3609 3092 3800 3179; x_wconf 85' lang='grc' dir='ltr'>κόρας,</span> 
     </span>
    </p>
   </div>
   <div class='ocr_carea' id='block_1_77' title="bbox 2220 3178 3801 3267">
    <p class='ocr_par' dir='ltr' id='par_1_77' title="bbox 2220 3178 3801 3267">
     <span class='ocr_line' id='line_1_77' title="bbox 2220 3178 3801 3267; baseline -0.015 -15"><span class='ocrx_word' id='word_1_543' title='bbox 2220 3203 2311 3254; x_wconf 67' lang='grc' dir='ltr'><strong>καὶ</strong></span> <span class='ocrx_word' id='word_1_544' title='bbox 2358 3178 2764 3267; x_wconf 80' lang='grc' dir='ltr'>καθιεροῦσθαι,</span> <span class='ocrx_word' id='word_1_545' title='bbox 2816 3194 2937 3245; x_wconf 74' lang='grc' dir='ltr'>ἀντὶ</span> <span class='ocrx_word' id='word_1_546' title='bbox 2988 3189 3082 3242; x_wconf 87' lang='grc' dir='ltr'><strong>τοῦ</strong></span> <span class='ocrx_word' id='word_1_547' title='bbox 3127 3183 3476 3241; x_wconf 77' lang='grc' dir='ltr'>ἀνατίθεσθαι</span> <span class='ocrx_word' id='word_1_548' title='bbox 3530 3180 3608 3247; x_wconf 82' lang='grc' dir='ltr'>τῷ</span> <span class='ocrx_word' id='word_1_549' title='bbox 3658 3178 3801 3246; x_wconf 81' lang='grc' dir='ltr'>Θεῷ.</span> 
     </span>
    </p>
   </div>
   <div class='ocr_carea' id='block_1_78' title="bbox 2221 3271 3804 3360">
    <p class='ocr_par' dir='ltr' id='par_1_78' title="bbox 2221 3271 3804 3360">
     <span class='ocr_line' id='line_1_78' title="bbox 2221 3271 3804 3360; baseline -0.014 -17"><span class='ocrx_word' id='word_1_550' title='bbox 2221 3290 2656 3360; x_wconf 82' lang='grc' dir='ltr'>ὑπισχνουμένας</span> <span class='ocrx_word' id='word_1_551' title='bbox 2715 3282 3091 3352; x_wconf 78' lang='grc' dir='ltr'>παρθενεύειν,</span> <span class='ocrx_word' id='word_1_552' title='bbox 3136 3278 3276 3331; x_wconf 83' lang='grc' dir='ltr'>ὥστε</span> <span class='ocrx_word' id='word_1_553' title='bbox 3328 3279 3386 3329; x_wconf 79' lang='grc' dir='ltr'><strong>ἐν</strong></span> <span class='ocrx_word' id='word_1_554' title='bbox 3441 3277 3506 3344; x_wconf 78' lang='grc' dir='ltr'>τῇ</span> <span class='ocrx_word' id='word_1_555' title='bbox 3562 3271 3804 3343; x_wconf 78' lang='grc' dir='ltr'>ἀρμοδίῳ</span> 
     </span>
    </p>
   </div>
   <div class='ocr_carea' id='block_1_79' title="bbox 2222 3362 3803 3454">
    <p class='ocr_par' dir='ltr' id='par_1_79' title="bbox 2222 3362 3803 3454">
     <span class='ocr_line' id='line_1_79' title="bbox 2222 3362 3803 3454; baseline -0.015 -20"><span class='ocrx_word' id='word_1_556' title='bbox 2222 3384 2410 3454; x_wconf 77' lang='grc' dir='ltr'>ἡλικίᾳ</span> <span class='ocrx_word' id='word_1_557' title='bbox 2472 3383 2565 3433; x_wconf 72' lang='grc' dir='ltr'><strong>καὶ</strong></span> <span class='ocrx_word' id='word_1_558' title='bbox 2618 3379 2963 3438; x_wconf 82' lang='grc' dir='ltr'>διακονίσσας</span> <span class='ocrx_word' id='word_1_559' title='bbox 3013 3369 3438 3443; x_wconf 77' lang='grc' dir='ltr'>χειροτονεῖσθαι</span> <span class='ocrx_word' id='word_1_560' title='bbox 3489 3364 3676 3424; x_wconf 84' lang='grc' dir='ltr'>αὑτάς.</span> <span class='ocrx_word' id='word_1_561' title='bbox 3737 3362 3803 3415; x_wconf 81' lang='lat' dir='ltr'><strong>Ei</strong></span> 
     </span>
    </p>
   </div>
   <div class='ocr_carea' id='block_1_80' title="bbox 2222 3451 3802 3539">
    <p class='ocr_par' dir='ltr' id='par_1_80' title="bbox 2222 3451 3802 3539">
     <span class='ocr_line' id='line_1_80' title="bbox 2222 3451 3802 3539; baseline -0.016 -11"><span class='ocrx_word' id='word_1_562' title='bbox 2222 3451 2316 3528; x_wconf 81' lang='grc' dir='ltr'><strong>οὖν</strong></span> <span class='ocrx_word' id='word_1_563' title='bbox 2353 3451 2606 3539; x_wconf 80' lang='grc' dir='ltr'>τοιαύτης</span> <span class='ocrx_word' id='word_1_564' title='bbox 2651 3466 2924 3538; x_wconf 73' lang='grc' dir='ltr'>παρθένου</span> <span class='ocrx_word' id='word_1_565' title='bbox 2957 3460 3383 3529; x_wconf 64' lang='grc' dir='ltr'>ἀνατεθειμένης</span> <span class='ocrx_word' id='word_1_566' title='bbox 3415 3456 3533 3524; x_wconf 83' lang='grc' dir='ltr'><strong>Θεῷ</strong></span> <span class='ocrx_word' id='word_1_567' title='bbox 3585 3451 3802 3524; x_wconf 66' lang='grc' dir='ltr'>ἠράσθη</span> 
     </span>
    </p>
   </div>
   <div class='ocr_carea' id='block_1_81' title="bbox 2223 3542 3808 3629">
    <p class='ocr_par' dir='ltr' id='par_1_81' title="bbox 2223 3542 3808 3629">
     <span class='ocr_line' id='line_1_81' title="bbox 2223 3542 3808 3629; baseline -0.015 -13"><span class='ocrx_word' id='word_1_568' title='bbox 2223 3581 2303 3626; x_wconf 91' lang='grc' dir='ltr'><strong>τις</strong></span> <span class='ocrx_word' id='word_1_569' title='bbox 2346 3562 2590 3624; x_wconf 79' lang='grc' dir='ltr'>δυνατὸς,</span> <span class='ocrx_word' id='word_1_570' title='bbox 2631 3562 2665 3629; x_wconf 78' lang='grc' dir='ltr'>ἢ</span> <span class='ocrx_word' id='word_1_571' title='bbox 2722 3555 2927 3624; x_wconf 76' lang='grc' dir='ltr'>ὑποψία</span> <span class='ocrx_word' id='word_1_572' title='bbox 2961 3550 3028 3623; x_wconf 76' lang='grc' dir='ltr'>ἦν</span> <span class='ocrx_word' id='word_1_573' title='bbox 3076 3550 3394 3622; x_wconf 79' lang='grc' dir='ltr'>άρπαγῆναι</span> <span class='ocrx_word' id='word_1_574' title='bbox 3439 3544 3607 3614; x_wconf 75' lang='grc' dir='ltr'>αὐτὴν</span> <span class='ocrx_word' id='word_1_575' title='bbox 3660 3542 3808 3610; x_wconf 66' lang='grc' dir='ltr'>παρὰ.</span> 
     </span>
    </p>
   </div>
   <div class='ocr_carea' id='block_1_82' title="bbox 2224 3638 3806 3718">
    <p class='ocr_par' dir='ltr' id='par_1_82' title="bbox 2224 3638 3806 3718">
     <span class='ocr_line' id='line_1_82' title="bbox 2224 3638 3806 3718; baseline -0.016 -8"><span class='ocrx_word' id='word_1_576' title='bbox 2224 3673 2368 3718; x_wconf 87' lang='grc' dir='ltr'>τινος</span> <span class='ocrx_word' id='word_1_577' title='bbox 2397 3653 2693 3706; x_wconf 77' lang='grc' dir='ltr'>ἀκολάστου</span> <span class='ocrx_word' id='word_1_578' title='bbox 2716 3686 2730 3712; x_wconf 86' lang='grc'><strong>,</strong></span> <span class='ocrx_word' id='word_1_579' title='bbox 2763 3649 2859 3701; x_wconf 79' lang='grc' dir='ltr'>καὶ</span> <span class='ocrx_word' id='word_1_580' title='bbox 2907 3645 3147 3706; x_wconf 86' lang='grc' dir='ltr'>κίνδυνος</span> <span class='ocrx_word' id='word_1_581' title='bbox 3173 3642 3450 3710; x_wconf 77' lang='grc' dir='ltr'>ἐπήρτητο</span> <span class='ocrx_word' id='word_1_582' title='bbox 3481 3638 3546 3706; x_wconf 74' lang='grc' dir='ltr'>τῇ</span> <span class='ocrx_word' id='word_1_583' title='bbox 3587 3649 3806 3702; x_wconf 75' lang='grc' dir='ltr'>σωφροη</span> 
     </span>
    </p>
   </div>
   <div class='ocr_carea' id='block_1_83' title="bbox 2227 3722 3802 3817">
    <p class='ocr_par' dir='ltr' id='par_1_83' title="bbox 2227 3722 3802 3817">
     <span class='ocr_line' id='line_1_83' title="bbox 2227 3722 3802 3817; baseline -0.018 -17"><span class='ocrx_word' id='word_1_584' title='bbox 2227 3748 2361 3817; x_wconf 81' lang='grc' dir='ltr'>σύνῃ</span> <span class='ocrx_word' id='word_1_585' title='bbox 2391 3743 2584 3812; x_wconf 72' lang='grc' dir='ltr'>αὐτῆς,</span> <span class='ocrx_word' id='word_1_586' title='bbox 2615 3740 2648 3811; x_wconf 80' lang='grc' dir='ltr'>ἢ</span> <span class='ocrx_word' id='word_1_587' title='bbox 2683 3741 2862 3792; x_wconf 83' lang='grc' dir='ltr'>θανεῖν</span> <span class='ocrx_word' id='word_1_588' title='bbox 2890 3734 3252 3796; x_wconf 78' lang='grc' dir='ltr'>ἐκινδύνευσε,</span> <span class='ocrx_word' id='word_1_589' title='bbox 3287 3729 3379 3782; x_wconf 71' lang='grc' dir='ltr'>καὶ</span> <span class='ocrx_word' id='word_1_590' title='bbox 3409 3727 3585 3780; x_wconf 80' lang='grc' dir='ltr'>ἐδέετο</span> <span class='ocrx_word' id='word_1_591' title='bbox 3617 3722 3802 3789; x_wconf 85' lang='grc' dir='ltr'>ἐκείνη</span> 
     </span>
    </p>
   </div>
   <div class='ocr_carea' id='block_1_84' title="bbox 2225 3815 3802 3904">
    <p class='ocr_par' dir='ltr' id='par_1_84' title="bbox 2225 3815 3802 3904">
     <span class='ocr_line' id='line_1_84' title="bbox 2225 3815 3802 3904; baseline -0.016 -14"><span class='ocrx_word' id='word_1_592' title='bbox 2225 3855 2284 3890; x_wconf 86' lang='grc' dir='ltr'><strong>τε</strong></span> <span class='ocrx_word' id='word_1_593' title='bbox 2318 3815 2410 3888; x_wconf 75' lang='grc' dir='ltr'><strong>καὶ</strong></span> <span class='ocrx_word' id='word_1_594' title='bbox 2434 3836 2482 3887; x_wconf 80' lang='grc' dir='ltr'><strong>οἱ</strong></span> <span class='ocrx_word' id='word_1_595' title='bbox 2513 3833 2880 3904; x_wconf 80' lang='grc' dir='ltr'>προσήκοντες</span> <span class='ocrx_word' id='word_1_596' title='bbox 2907 3828 3065 3896; x_wconf 71' lang='grc' dir='ltr'>αὐτῇ,</span> <span class='ocrx_word' id='word_1_597' title='bbox 3104 3824 3179 3895; x_wconf 73' lang='grc' dir='ltr'>μὴ</span> <span class='ocrx_word' id='word_1_598' title='bbox 3198 3822 3366 3893; x_wconf 82' lang='grc' dir='ltr'>χωρίς</span> <span class='ocrx_word' id='word_1_599' title='bbox 3394 3817 3487 3872; x_wconf 90' lang='grc' dir='ltr'><strong>τοῦ</strong></span> <span class='ocrx_word' id='word_1_600' title='bbox 3523 3815 3802 3886; x_wconf 87' lang='grc' dir='ltr'>σχήματος</span> 
     </span>
    </p>
   </div>
   <div class='ocr_carea' id='block_1_85' title="bbox 2226 3908 3804 3995">
    <p class='ocr_par' dir='ltr' id='par_1_85' title="bbox 2226 3908 3804 3995">
     <span class='ocr_line' id='line_1_85' title="bbox 2226 3908 3804 3995; baseline -0.016 -13"><span class='ocrx_word' id='word_1_601' title='bbox 2226 3926 2580 3995; x_wconf 75' lang='grc' dir='ltr'>τελειωθῆναι</span> <span class='ocrx_word' id='word_1_602' title='bbox 2619 3922 2807 3990; x_wconf 81' lang='grc' dir='ltr'>αὐτὴν,</span> <span class='ocrx_word' id='word_1_603' title='bbox 2849 3919 3002 3973; x_wconf 81' lang='grc' dir='ltr'>ἄδεια</span> <span class='ocrx_word' id='word_1_604' title='bbox 3030 3917 3182 3984; x_wconf 76' lang='grc' dir='ltr'>ἐδόθη</span> <span class='ocrx_word' id='word_1_605' title='bbox 3211 3915 3320 3975; x_wconf 83' lang='grc' dir='ltr'>τοῖς</span> <span class='ocrx_word' id='word_1_606' title='bbox 3349 3908 3672 3969; x_wconf 66' lang='grc' dir='ltr'>ἐπισκόπος</span> <span class='ocrx_word' id='word_1_607' title='bbox 3706 3923 3804 3957; x_wconf 77' lang='grc' dir='ltr'>κα-</span> 
     </span>
    </p>
   </div>
   <div class='ocr_carea' id='block_1_86' title="bbox 2226 3996 3802 4085">
    <p class='ocr_par' dir='ltr' id='par_1_86' title="bbox 2226 3996 3802 4085">
     <span class='ocr_line' id='line_1_86' title="bbox 2226 3996 3802 4085; baseline -0.015 -13"><span class='ocrx_word' id='word_1_608' title='bbox 2226 4021 2449 4073; x_wconf 86' lang='grc' dir='ltr'>λύπτειν</span> <span class='ocrx_word' id='word_1_609' title='bbox 2475 4015 2572 4085; x_wconf 81' lang='grc' dir='ltr'>τὴν</span> <span class='ocrx_word' id='word_1_610' title='bbox 2597 4013 2881 4083; x_wconf 81' lang='grc' dir='ltr'>παρθένον,</span> <span class='ocrx_word' id='word_1_611' title='bbox 2909 4010 3075 4081; x_wconf 66' lang='grc' dir='ltr'>ἤγουν</span> <span class='ocrx_word' id='word_1_612' title='bbox 3101 4008 3159 4058; x_wconf 75' lang='grc' dir='ltr'><strong>τδ</strong></span> <span class='ocrx_word' id='word_1_613' title='bbox 3186 4006 3370 4074; x_wconf 81' lang='grc' dir='ltr'><strong>σχῆμα</strong></span> <span class='ocrx_word' id='word_1_614' title='bbox 3400 3999 3566 4070; x_wconf 79' lang='grc' dir='ltr'>αὐτὴν</span> <span class='ocrx_word' id='word_1_615' title='bbox 3592 3996 3802 4049; x_wconf 64' lang='grc' dir='ltr'>ἐκδύειν</span> 
     </span>
    </p>
   </div>
   <div class='ocr_carea' id='block_1_87' title="bbox 2229 4088 3801 4178">
    <p class='ocr_par' dir='ltr' id='par_1_87' title="bbox 2229 4088 3801 4178">
     <span class='ocr_line' id='line_1_87' title="bbox 2229 4088 3801 4178; baseline -0.017 -15"><span class='ocrx_word' id='word_1_616' title='bbox 2229 4111 2322 4163; x_wconf 75' lang='grc' dir='ltr'>καὶ</span> <span class='ocrx_word' id='word_1_617' title='bbox 2352 4109 2456 4178; x_wconf 78' lang='grc' dir='ltr'><strong>πρὸ</strong></span> <span class='ocrx_word' id='word_1_618' title='bbox 2481 4106 2573 4159; x_wconf 89' lang='grc' dir='ltr'><strong>τοῦ</strong></span> <span class='ocrx_word' id='word_1_619' title='bbox 2601 4104 2679 4159; x_wconf 87' lang='grc' dir='ltr'>κε’</span> <span class='ocrx_word' id='word_1_620' title='bbox 2711 4100 2980 4165; x_wconf 78' lang='grc' dir='ltr'>ἐνιαυτοῦ,</span> <span class='ocrx_word' id='word_1_621' title='bbox 3019 4101 3103 4151; x_wconf 78' lang='grc' dir='ltr'><strong>ἵνα</strong></span> <span class='ocrx_word' id='word_1_622' title='bbox 3135 4097 3318 4166; x_wconf 74' lang='grc' dir='ltr'>ἢτοῦς</span> <span class='ocrx_word' id='word_1_623' title='bbox 3350 4092 3676 4148; x_wconf 81' lang='grc' dir='ltr'>ἀκολάστους</span> <span class='ocrx_word' id='word_1_624' title='bbox 3708 4088 3801 4138; x_wconf 77' lang='grc' dir='ltr'>ἐκ·-</span> 
     </span>
    </p>
   </div>
   <div class='ocr_carea' id='block_1_88' title="bbox 2231 4180 3802 4274">
    <p class='ocr_par' dir='ltr' id='par_1_88' title="bbox 2231 4180 3802 4274">
     <span class='ocr_line' id='line_1_88' title="bbox 2231 4180 3802 4274; baseline -0.017 -20"><span class='ocrx_word' id='word_1_625' title='bbox 2231 4202 2400 4274; x_wconf 78' lang='grc' dir='ltr'>φύγῃ,</span> <span class='ocrx_word' id='word_1_626' title='bbox 2433 4199 2508 4262; x_wconf 88' lang='grc' dir='ltr'>ὼς</span> <span class='ocrx_word' id='word_1_627' title='bbox 2541 4196 2870 4256; x_wconf 73' lang='grc' dir='ltr'>τελεσθεῖσα,</span> <span class='ocrx_word' id='word_1_628' title='bbox 2901 4193 2932 4263; x_wconf 78' lang='grc' dir='ltr'>ἢ</span> <span class='ocrx_word' id='word_1_629' title='bbox 2967 4191 3041 4260; x_wconf 79' lang='grc' dir='ltr'>μὴ</span> <span class='ocrx_word' id='word_1_630' title='bbox 3073 4191 3170 4258; x_wconf 79' lang='grc' dir='ltr'>τῆς</span> <span class='ocrx_word' id='word_1_631' title='bbox 3206 4185 3481 4257; x_wconf 80' lang='grc' dir='ltr'>παρούσης</span> <span class='ocrx_word' id='word_1_632' title='bbox 3516 4180 3802 4274; x_wconf 78' lang='grc' dir='ltr'>ἀτέλεστος</span> 
     </span>
    </p>
   </div>
   <div class='ocr_carea' id='block_1_89' title="bbox 2231 4269 3805 4360">
    <p class='ocr_par' dir='ltr' id='par_1_89' title="bbox 2231 4269 3805 4360">
     <span class='ocr_line' id='line_1_89' title="bbox 2231 4269 3805 4360; baseline -0.014 -17"><span class='ocrx_word' id='word_1_633' title='bbox 2231 4269 2421 4360; x_wconf 74' lang='grc' dir='ltr'>ἐξέλθῃ</span> <span class='ocrx_word' id='word_1_634' title='bbox 2452 4288 2618 4356; x_wconf 79' lang='grc' dir='ltr'>ζωῆς,</span> <span class='ocrx_word' id='word_1_635' title='bbox 2642 4287 2734 4337; x_wconf 78' lang='grc' dir='ltr'>καὶ</span> <span class='ocrx_word' id='word_1_636' title='bbox 2760 4283 2834 4352; x_wconf 84' lang='grc' dir='ltr'><strong>μὴ</strong></span> <span class='ocrx_word' id='word_1_637' title='bbox 2870 4280 3196 4351; x_wconf 70' lang='grc' dir='ltr'>βλάπτεσθαι</span> <span class='ocrx_word' id='word_1_638' title='bbox 3227 4279 3352 4338; x_wconf 75' lang='grc' dir='ltr'>τοὺς</span> <span class='ocrx_word' id='word_1_639' title='bbox 3380 4271 3707 4360; x_wconf 86' lang='grc' dir='ltr'>ἐπισκόπους</span> <span class='ocrx_word' id='word_1_640' title='bbox 3737 4269 3805 4321; x_wconf 86' lang='grc' dir='ltr'><strong>ἐκ</strong></span> 
     </span>
    </p>
   </div>
   <div class='ocr_carea' id='block_1_90' title="bbox 568 4359 2116 4450">
    <p class='ocr_par' dir='ltr' id='par_1_90' title="bbox 568 4373 2116 4444">
     <span class='ocr_line' id='line_1_90' title="bbox 568 4373 2116 4444; baseline -0.001 -18"><span class='ocrx_word' id='word_1_641' title='bbox 568 4389 698 4437; x_wconf 85' lang='grc' dir='ltr'>ηοη,</span> <span class='ocrx_word' id='word_1_642' title='bbox 727 4375 969 4442; x_wconf 88' lang='lat' dir='ltr'><strong>quamvis</strong></span> <span class='ocrx_word' id='word_1_643' title='bbox 1020 4382 1231 4428; x_wconf 76' lang='lat' dir='ltr'><strong>aetatem</strong></span> <span class='ocrx_word' id='word_1_644' title='bbox 1295 4389 1322 4426; x_wconf 91' lang='lat' dir='ltr'><strong>a</strong></span> <span class='ocrx_word' id='word_1_645' title='bbox 1395 4374 1598 4444; x_wconf 78' lang='lat' dir='ltr'><strong>synodo</strong></span> <span class='ocrx_word' id='word_1_646' title='bbox 1653 4373 1968 4442; x_wconf 65' lang='lat' dir='ltr'><strong>praefinitam</strong></span> <span class='ocrx_word' id='word_1_647' title='bbox 2020 4389 2116 4426; x_wconf 82' lang='lat' dir='ltr'><strong>non</strong></span> 
     </span>
    </p>
   </div>
   <div class='ocr_carea' id='block_1_91' title="bbox 2224 4359 3803 4450">
    <p class='ocr_par' dir='ltr' id='par_1_91' title="bbox 2233 4359 3803 4450">
     <span class='ocr_line' id='line_1_91' title="bbox 2233 4359 3803 4450; baseline -0.017 -14"><span class='ocrx_word' id='word_1_648' title='bbox 2233 4382 2325 4436; x_wconf 90' lang='grc' dir='ltr'><strong>τοῦ</strong></span> <span class='ocrx_word' id='word_1_649' title='bbox 2360 4359 2433 4450; x_wconf 69' lang='grc' dir='ltr'>μῆ</span> <span class='ocrx_word' id='word_1_650' title='bbox 2464 4378 2765 4447; x_wconf 75' lang='grc' dir='ltr'>τηρηθῆναι</span> <span class='ocrx_word' id='word_1_651' title='bbox 2793 4375 2882 4424; x_wconf 82' lang='grc' dir='ltr'><strong>τὸν</strong></span> <span class='ocrx_word' id='word_1_652' title='bbox 2913 4374 3123 4439; x_wconf 80' lang='grc' dir='ltr'>καιρὸν,</span> <span class='ocrx_word' id='word_1_653' title='bbox 3150 4369 3209 4422; x_wconf 87' lang='grc' dir='ltr'>ὃν</span> <span class='ocrx_word' id='word_1_654' title='bbox 3249 4366 3375 4435; x_wconf 77' lang='grc' dir='ltr'>περὶ</span> <span class='ocrx_word' id='word_1_655' title='bbox 3407 4364 3512 4418; x_wconf 81' lang='grc' dir='ltr'><strong>τῶν</strong></span> <span class='ocrx_word' id='word_1_656' title='bbox 3541 4359 3803 4414; x_wconf 80' lang='grc' dir='ltr'>τοιούτων</span> 
     </span>
    </p>
   </div>
   <div class='ocr_carea' id='block_1_92' title="bbox 571 4462 2124 4532">
    <p class='ocr_par' dir='ltr' id='par_1_92' title="bbox 571 4462 2124 4532">
     <span class='ocr_line' id='line_1_92' title="bbox 571 4462 2124 4532; baseline 0.001 -16"><span class='ocrx_word' id='word_1_657' title='bbox 571 4463 1020 4531; x_wconf 74' lang='lat' dir='ltr'><strong>cxspcclaverint,</strong></span> <span class='ocrx_word' id='word_1_658' title='bbox 1044 4462 1109 4516; x_wconf 88' lang='lat' dir='ltr'><strong>ab</strong></span> <span class='ocrx_word' id='word_1_659' title='bbox 1140 4463 1284 4515; x_wconf 90' lang='lat' dir='ltr'><strong>omni</strong></span> <span class='ocrx_word' id='word_1_660' title='bbox 1316 4472 1491 4516; x_wconf 90' lang='lat' dir='ltr'><strong>tamen</strong></span> <span class='ocrx_word' id='word_1_661' title='bbox 1527 4463 1682 4532; x_wconf 86' lang='lat' dir='ltr'><strong>culpa</strong></span> <span class='ocrx_word' id='word_1_662' title='bbox 1710 4463 1977 4517; x_wconf 89' lang='lat' dir='ltr'><strong>immunes</strong></span> <span class='ocrx_word' id='word_1_663' title='bbox 2005 4477 2124 4517; x_wconf 81' lang='lat' dir='ltr'><strong>esse</strong></span> 
     </span>
    </p>
   </div>
   <div class='ocr_carea' id='block_1_93' title="bbox 571 4552 832 4606">
    <p class='ocr_par' dir='ltr' id='par_1_93' title="bbox 571 4552 832 4606">
     <span class='ocr_line' id='line_1_93' title="bbox 571 4552 832 4606; baseline 0 -1"><span class='ocrx_word' id='word_1_664' title='bbox 571 4552 832 4606; x_wconf 86' lang='lat' dir='ltr'><strong>decernit.</strong></span> 
     </span>
    </p>
   </div>
   <div class='ocr_carea' id='block_1_94' title="bbox 574 4642 2125 4710">
    <p class='ocr_par' dir='ltr' id='par_1_94' title="bbox 574 4642 2125 4710">
     <span class='ocr_line' id='line_1_94' title="bbox 574 4642 2125 4710; baseline -0.003 -11"><span class='ocrx_word' id='word_1_665' title='bbox 574 4643 803 4699; x_wconf 76' lang='lat' dir='ltr'><strong>ARIST.</strong></span> <span class='ocrx_word' id='word_1_666' title='bbox 865 4661 884 4694; x_wconf 74' lang='grc' dir='ltr'><strong>ι</strong></span> <span class='ocrx_word' id='word_1_667' title='bbox 928 4642 1262 4710; x_wconf 85' lang='lat' dir='ltr'><strong>Quicumque</strong></span> <span class='ocrx_word' id='word_1_668' title='bbox 1339 4643 1532 4695; x_wconf 84' lang='lat' dir='ltr'><strong>velavit</strong></span> <span class='ocrx_word' id='word_1_669' title='bbox 1588 4643 1668 4696; x_wconf 80' lang='lat' dir='ltr'><strong>vel</strong></span> <span class='ocrx_word' id='word_1_670' title='bbox 1718 4642 1911 4696; x_wconf 81' lang='lat' dir='ltr'><strong>velabit</strong></span> <span class='ocrx_word' id='word_1_671' title='bbox 1962 4642 2125 4710; x_wconf 81' lang='lat' dir='ltr'><strong>virgi-</strong></span> 
     </span>
    </p>
   </div>
   <div class='ocr_carea' id='block_1_95' title="bbox 648 4732 2127 4797">
    <p class='ocr_par' dir='ltr' id='par_1_95' title="bbox 648 4732 2127 4797">
     <span class='ocr_line' id='line_1_95' title="bbox 648 4732 2127 4797; baseline -0.001 -11"><span class='ocrx_word' id='word_1_672' title='bbox 648 4755 666 4786; x_wconf 77' lang='grc' dir='ltr'><strong>ι</strong></span> <span class='ocrx_word' id='word_1_673' title='bbox 711 4751 829 4789; x_wconf 88' lang='lat' dir='ltr'><strong>nem</strong></span> <span class='ocrx_word' id='word_1_674' title='bbox 864 4743 988 4788; x_wconf 86' lang='lat' dir='ltr'><strong>ante</strong></span> <span class='ocrx_word' id='word_1_675' title='bbox 1021 4749 1189 4788; x_wconf 90' lang='lat' dir='ltr'><strong>annos</strong></span> <span class='ocrx_word' id='word_1_676' title='bbox 1219 4733 1288 4786; x_wconf 73' lang='grc'><strong>25</strong></span> <span class='ocrx_word' id='word_1_677' title='bbox 1311 4773 1325 4796; x_wconf 90' lang='grc'><strong>,</strong></span> <span class='ocrx_word' id='word_1_678' title='bbox 1367 4733 1467 4787; x_wconf 90' lang='lat' dir='ltr'><strong>hoc</strong></span> <span class='ocrx_word' id='word_1_679' title='bbox 1489 4744 1594 4797; x_wconf 88' lang='lat' dir='ltr'><strong>est,</strong></span> <span class='ocrx_word' id='word_1_680' title='bbox 1629 4732 1864 4785; x_wconf 88' lang='lat' dir='ltr'><strong>habitum</strong></span> <span class='ocrx_word' id='word_1_681' title='bbox 1919 4732 2127 4796; x_wconf 89' lang='lat' dir='ltr'><strong>induit,</strong></span> 
     </span>
    </p>
   </div>
   <div class='ocr_carea' id='block_1_96' title="bbox 651 4824 2124 4893">
    <p class='ocr_par' dir='ltr' id='par_1_96' title="bbox 651 4824 2124 4893">
     <span class='ocr_line' id='line_1_96' title="bbox 651 4824 2124 4893; baseline -0.002 -16"><span class='ocrx_word' id='word_1_682' title='bbox 651 4846 668 4877; x_wconf 78' lang='grc' dir='ltr'><strong>ι</strong></span> <span class='ocrx_word' id='word_1_683' title='bbox 708 4826 820 4879; x_wconf 88' lang='lat' dir='ltr'><strong>sive</strong></span> <span class='ocrx_word' id='word_1_684' title='bbox 868 4825 1087 4888; x_wconf 87' lang='lat' dir='ltr'><strong>induet,</strong></span> <span class='ocrx_word' id='word_1_685' title='bbox 1147 4832 1363 4893; x_wconf 87' lang='lat' dir='ltr'><strong>propter</strong></span> <span class='ocrx_word' id='word_1_686' title='bbox 1416 4824 1813 4888; x_wconf 82' lang='lat' dir='ltr'><strong>necessitatem,</strong></span> <span class='ocrx_word' id='word_1_687' title='bbox 1870 4831 1926 4874; x_wconf 90' lang='lat' dir='ltr'><strong>ut</strong></span> <span class='ocrx_word' id='word_1_688' title='bbox 1985 4836 2124 4874; x_wconf 85' lang='lat' dir='ltr'><strong>ama-</strong></span> 
     </span>
    </p>
   </div>
   <div class='ocr_carea' id='block_1_97' title="bbox 651 4913 2128 4983">
    <p class='ocr_par' dir='ltr' id='par_1_97' title="bbox 651 4913 2128 4983">
     <span class='ocr_line' id='line_1_97' title="bbox 651 4913 2128 4983; baseline -0.002 -15"><span class='ocrx_word' id='word_1_689' title='bbox 651 4937 668 4968; x_wconf 75' lang='grc' dir='ltr'><strong>ε</strong></span> <span class='ocrx_word' id='word_1_690' title='bbox 707 4928 872 4970; x_wconf 83' lang='lat' dir='ltr'><strong>torem</strong></span> <span class='ocrx_word' id='word_1_691' title='bbox 903 4923 1170 4983; x_wconf 77' lang='lat' dir='ltr'><strong>potentem</strong></span> <span class='ocrx_word' id='word_1_692' title='bbox 1202 4955 1217 4979; x_wconf 88' lang='lat'><strong>,</strong></span> <span class='ocrx_word' id='word_1_693' title='bbox 1250 4914 1330 4968; x_wconf 88' lang='lat' dir='ltr'><strong>vel</strong></span> <span class='ocrx_word' id='word_1_694' title='bbox 1379 4923 1648 4980; x_wconf 80' lang='lat' dir='ltr'><strong>raptorem</strong></span> <span class='ocrx_word' id='word_1_695' title='bbox 1676 4956 1690 4976; x_wconf 89' lang='lat'><strong>,</strong></span> <span class='ocrx_word' id='word_1_696' title='bbox 1751 4913 1830 4965; x_wconf 79' lang='lat' dir='ltr'><strong>vel</strong></span> <span class='ocrx_word' id='word_1_697' title='bbox 1886 4914 2128 4965; x_wconf 84' lang='lat' dir='ltr'><strong>morbum</strong></span> 
     </span>
    </p>
   </div>
   <div class='ocr_carea' id='block_1_98' title="bbox 650 5005 2132 5072">
    <p class='ocr_par' dir='ltr' id='par_1_98' title="bbox 650 5005 2132 5072">
     <span class='ocr_line' id='line_1_98' title="bbox 650 5005 2132 5072; baseline -0.002 -14"><span class='ocrx_word' id='word_1_698' title='bbox 650 5026 667 5058; x_wconf 79' lang='grc' dir='ltr'><strong>ι</strong></span> <span class='ocrx_word' id='word_1_699' title='bbox 708 5008 1072 5070; x_wconf 70' lang='lat' dir='ltr'><strong>mortiferum;</strong></span> <span class='ocrx_word' id='word_1_700' title='bbox 1108 5007 1189 5070; x_wconf 65' lang='lat' dir='ltr'><strong>iis,</strong></span> <span class='ocrx_word' id='word_1_701' title='bbox 1226 5005 1418 5072; x_wconf 86' lang='lat' dir='ltr'><strong>quibus</strong></span> <span class='ocrx_word' id='word_1_702' title='bbox 1467 5005 1553 5056; x_wconf 89' lang='lat' dir='ltr'><strong>illa</strong></span> <span class='ocrx_word' id='word_1_703' title='bbox 1603 5017 1744 5056; x_wconf 70' lang='lat' dir='ltr'><strong>curae</strong></span> <span class='ocrx_word' id='word_1_704' title='bbox 1792 5015 1891 5067; x_wconf 90' lang='lat' dir='ltr'><strong>est,</strong></span> <span class='ocrx_word' id='word_1_705' title='bbox 1937 5005 2132 5056; x_wconf 76' lang='lat' dir='ltr'><strong>adhor-</strong></span> 
     </span>
    </p>
   </div>
   <div class='ocr_carea' id='block_1_99' title="bbox 640 5095 2129 5166">
    <p class='ocr_par' dir='ltr' id='par_1_99' title="bbox 640 5095 2129 5166">
     <span class='ocr_line' id='line_1_99' title="bbox 640 5095 2129 5166; baseline -0.002 -15"><span class='ocrx_word' id='word_1_706' title='bbox 640 5121 656 5151; x_wconf 75' lang='grc' dir='ltr'><strong>ι</strong></span> <span class='ocrx_word' id='word_1_707' title='bbox 693 5101 929 5154; x_wconf 89' lang='lat' dir='ltr'><strong>tantibus</strong></span> <span class='ocrx_word' id='word_1_708' title='bbox 965 5117 979 5152; x_wconf 91' lang='lat'><strong>:</strong></span> <span class='ocrx_word' id='word_1_709' title='bbox 1019 5097 1149 5151; x_wconf 89' lang='lat' dir='ltr'><strong>nihil</strong></span> <span class='ocrx_word' id='word_1_710' title='bbox 1181 5096 1360 5150; x_wconf 87' lang='lat' dir='ltr'><strong>damni</strong></span> <span class='ocrx_word' id='word_1_711' title='bbox 1387 5113 1414 5149; x_wconf 90' lang='lat' dir='ltr'><strong>a</strong></span> <span class='ocrx_word' id='word_1_712' title='bbox 1462 5095 1667 5166; x_wconf 77' lang='lat' dir='ltr'><strong>synodo</strong></span> <span class='ocrx_word' id='word_1_713' title='bbox 1719 5096 1782 5150; x_wconf 86' lang='lat' dir='ltr'><strong>de</strong></span> <span class='ocrx_word' id='word_1_714' title='bbox 1831 5096 1934 5150; x_wconf 79' lang='lat' dir='ltr'><strong>isto</strong></span> <span class='ocrx_word' id='word_1_715' title='bbox 1990 5110 2129 5148; x_wconf 83' lang='lat' dir='ltr'><strong>anno</strong></span> 
     </span>
    </p>
   </div>
   <div class='ocr_carea' id='block_1_100' title="bbox 647 5192 1005 5260">
    <p class='ocr_par' dir='ltr' id='par_1_100' title="bbox 647 5192 1005 5260">
     <span class='ocr_line' id='line_1_100' title="bbox 647 5192 1005 5260; baseline -0.003 -17"><span class='ocrx_word' id='word_1_716' title='bbox 647 5212 664 5243; x_wconf 77' lang='grc' dir='ltr'><strong>ι</strong></span> <span class='ocrx_word' id='word_1_717' title='bbox 704 5192 946 5260; x_wconf 87' lang='lat' dir='ltr'><strong>accipiet.</strong></span> <span class='ocrx_word' id='word_1_718' title='bbox 987 5209 1005 5242; x_wconf 70' lang='grc' dir='ltr'><strong>ι</strong></span> 
     </span>
    </p>
   </div>
   <div class='ocr_carea' id='block_1_101' title="bbox 640 5279 2130 5350">
    <p class='ocr_par' dir='ltr' id='par_1_101' title="bbox 640 5279 2130 5350">
     <span class='ocr_line' id='line_1_101' title="bbox 640 5279 2130 5350; baseline -0.003 -13"><span class='ocrx_word' id='word_1_719' title='bbox 640 5284 886 5338; x_wconf 87' lang='lat' dir='ltr'><strong>Decimus</strong></span> <span class='ocrx_word' id='word_1_720' title='bbox 916 5291 1136 5335; x_wconf 90' lang='lat' dir='ltr'><strong>octavus</strong></span> <span class='ocrx_word' id='word_1_721' title='bbox 1168 5281 1345 5350; x_wconf 86' lang='lat' dir='ltr'><strong>magni</strong></span> <span class='ocrx_word' id='word_1_722' title='bbox 1378 5279 1560 5334; x_wconf 87' lang='lat' dir='ltr'><strong>Basilii</strong></span> <span class='ocrx_word' id='word_1_723' title='bbox 1602 5295 1768 5334; x_wconf 83' lang='lat' dir='ltr'><strong>canon</strong></span> <span class='ocrx_word' id='word_1_724' title='bbox 1807 5280 1872 5334; x_wconf 91' lang='lat' dir='ltr'><strong>de</strong></span> <span class='ocrx_word' id='word_1_725' title='bbox 1896 5296 1979 5345; x_wconf 84' lang='lat' dir='ltr'><strong>ca,</strong></span> <span class='ocrx_word' id='word_1_726' title='bbox 2013 5295 2130 5347; x_wconf 66' lang='lat' dir='ltr'><strong>quas</strong></span> 
     </span>
    </p>
   </div>
   <div class='ocr_carea' id='block_1_102' title="bbox 571 5372 2131 5437">
    <p class='ocr_par' dir='ltr' id='par_1_102' title="bbox 571 5372 2131 5437">
     <span class='ocr_line' id='line_1_102' title="bbox 571 5372 2131 5437; baseline -0.002 -10"><span class='ocrx_word' id='word_1_727' title='bbox 571 5374 798 5428; x_wconf 64' lang='lat' dir='ltr'><strong>Domino</strong></span> <span class='ocrx_word' id='word_1_728' title='bbox 828 5390 886 5428; x_wconf 87' lang='lat' dir='ltr'><strong>se</strong></span> <span class='ocrx_word' id='word_1_729' title='bbox 919 5373 1073 5427; x_wconf 83' lang='lat' dir='ltr'><strong>oil‘crt</strong></span> <span class='ocrx_word' id='word_1_730' title='bbox 1102 5412 1117 5437; x_wconf 91' lang='lat'><strong>,</strong></span> <span class='ocrx_word' id='word_1_731' title='bbox 1151 5382 1204 5426; x_wconf 91' lang='lat' dir='ltr'><strong>et</strong></span> <span class='ocrx_word' id='word_1_732' title='bbox 1237 5372 1584 5425; x_wconf 87' lang='lat' dir='ltr'><strong>matrimonio</strong></span> <span class='ocrx_word' id='word_1_733' title='bbox 1631 5372 1938 5437; x_wconf 87' lang='lat' dir='ltr'><strong>renuntiat,</strong></span> <span class='ocrx_word' id='word_1_734' title='bbox 1971 5383 2020 5425; x_wconf 91' lang='lat' dir='ltr'><strong>et</strong></span> <span class='ocrx_word' id='word_1_735' title='bbox 2055 5374 2131 5424; x_wconf 72' lang='lat' dir='ltr'><strong>vi-</strong></span> 
     </span>
    </p>
   </div>
   <div class='ocr_carea' id='block_1_103' title="bbox 578 5462 2131 5532">
    <p class='ocr_par' dir='ltr' id='par_1_103' title="bbox 578 5462 2131 5532">
     <span class='ocr_line' id='line_1_103' title="bbox 578 5462 2131 5532; baseline 0 -18"><span class='ocrx_word' id='word_1_736' title='bbox 578 5480 683 5518; x_wconf 76' lang='lat' dir='ltr'><strong>tam</strong></span> <span class='ocrx_word' id='word_1_737' title='bbox 723 5466 772 5517; x_wconf 91' lang='lat' dir='ltr'><strong>in</strong></span> <span class='ocrx_word' id='word_1_738' title='bbox 804 5465 1089 5520; x_wconf 84' lang='lat' dir='ltr'><strong>sanctitate</strong></span> <span class='ocrx_word' id='word_1_739' title='bbox 1119 5474 1290 5516; x_wconf 86' lang='lat' dir='ltr'><strong>actam</strong></span> <span class='ocrx_word' id='word_1_740' title='bbox 1321 5462 1557 5532; x_wconf 67' lang='lat' dir='ltr'><strong>praefert,</strong></span> <span class='ocrx_word' id='word_1_741' title='bbox 1589 5463 1843 5529; x_wconf 71' lang='lat' dir='ltr'><strong>disserit,</strong></span> <span class='ocrx_word' id='word_1_742' title='bbox 1876 5463 2131 5529; x_wconf 87' lang='lat' dir='ltr'><strong>jubetque</strong></span> 
     </span>
    </p>
   </div>
   <div class='ocr_carea' id='block_1_104' title="bbox 574 5549 2129 5622">
    <p class='ocr_par' dir='ltr' id='par_1_104' title="bbox 574 5549 2129 5622">
     <span class='ocr_line' id='line_1_104' title="bbox 574 5549 2129 5622; baseline -0.003 -16"><span class='ocrx_word' id='word_1_743' title='bbox 574 5570 693 5606; x_wconf 74' lang='lat' dir='ltr'><strong>eam</strong></span> <span class='ocrx_word' id='word_1_744' title='bbox 724 5570 825 5606; x_wconf 87' lang='lat' dir='ltr'><strong>non</strong></span> <span class='ocrx_word' id='word_1_745' title='bbox 853 5555 1080 5616; x_wconf 84' lang='lat' dir='ltr'><strong>admitti,</strong></span> <span class='ocrx_word' id='word_1_746' title='bbox 1133 5552 1231 5606; x_wconf 80' lang='lat' dir='ltr'><strong>nisi</strong></span> <span class='ocrx_word' id='word_1_747' title='bbox 1279 5554 1347 5605; x_wconf 79' lang='lat' dir='ltr'><strong>sit</strong></span> <span class='ocrx_word' id='word_1_748' title='bbox 1403 5553 1679 5622; x_wconf 84' lang='lat' dir='ltr'><strong>plusquam</strong></span> <span class='ocrx_word' id='word_1_749' title='bbox 1735 5552 2000 5605; x_wconf 78' lang='lat' dir='ltr'><strong>sexdecim</strong></span> <span class='ocrx_word' id='word_1_750' title='bbox 2052 5549 2129 5602; x_wconf 86' lang='lat' dir='ltr'><strong>vel</strong></span> 
     </span>
    </p>
   </div>
   <div class='ocr_carea' id='block_1_105' title="bbox 579 5641 2130 5713">
    <p class='ocr_par' dir='ltr' id='par_1_105' title="bbox 579 5641 2130 5713">
     <span class='ocr_line' id='line_1_105' title="bbox 579 5641 2130 5713; baseline -0.003 -14"><span class='ocrx_word' id='word_1_751' title='bbox 579 5648 736 5700; x_wconf 74' lang='lat' dir='ltr'><strong>etiam</strong></span> <span class='ocrx_word' id='word_1_752' title='bbox 767 5645 1140 5713; x_wconf 77' lang='lat' dir='ltr'><strong>septemdecim</strong></span> <span class='ocrx_word' id='word_1_753' title='bbox 1175 5658 1343 5698; x_wconf 86' lang='lat' dir='ltr'><strong>annos</strong></span> <span class='ocrx_word' id='word_1_754' title='bbox 1370 5653 1514 5698; x_wconf 83' lang='lat' dir='ltr'><strong>nata.</strong></span> <span class='ocrx_word' id='word_1_755' title='bbox 1546 5641 1783 5697; x_wconf 81' lang='lat' dir='ltr'><strong>Pueriles</strong></span> <span class='ocrx_word' id='word_1_756' title='bbox 1813 5641 1949 5696; x_wconf 84' lang='lat' dir='ltr'><strong>enim</strong></span> <span class='ocrx_word' id='word_1_757' title='bbox 1975 5655 2130 5695; x_wconf 75' lang='lat' dir='ltr'><strong>voces</strong></span> 
     </span>
    </p>
   </div>
   <div class='ocr_carea' id='block_1_106' title="bbox 2232 4462 3055 4539">
    <p class='ocr_par' dir='ltr' id='par_1_106' title="bbox 2232 4462 3055 4539">
     <span class='ocr_line' id='line_1_106' title="bbox 2232 4462 3055 4539; baseline -0.012 -15"><span class='ocrx_word' id='word_1_758' title='bbox 2232 4469 2515 4539; x_wconf 78' lang='grc' dir='ltr'>παρθένων</span> <span class='ocrx_word' id='word_1_759' title='bbox 2542 4469 2576 4536; x_wconf 78' lang='grc' dir='ltr'><strong>ἡ</strong></span> <span class='ocrx_word' id='word_1_760' title='bbox 2606 4465 2815 4526; x_wconf 82' lang='grc' dir='ltr'>σύνοδος</span> <span class='ocrx_word' id='word_1_761' title='bbox 2839 4462 3055 4532; x_wconf 82' lang='grc' dir='ltr'>ὥρισεν.</span> 
     </span>
    </p>
   </div>
   <div class='ocr_carea' id='block_1_107' title="bbox 2236 4632 3805 4710">
    <p class='ocr_par' dir='ltr' id='par_1_107' title="bbox 2236 4632 3805 4710">
     <span class='ocr_line' id='line_1_107' title="bbox 2236 4632 3805 4710; baseline -0.015 -5"><span class='ocrx_word' id='word_1_762' title='bbox 2236 4651 2455 4705; x_wconf 79' lang='grc' dir='ltr'><strong>ΑΡΙΣΤ.</strong></span> <span class='ocrx_word' id='word_1_763' title='bbox 2512 4667 2529 4699; x_wconf 83' lang='lat' dir='ltr'><strong>t</strong></span> <span class='ocrx_word' id='word_1_764' title='bbox 2579 4649 2763 4707; x_wconf 84' lang='grc' dir='ltr'>Ὅστις</span> <span class='ocrx_word' id='word_1_765' title='bbox 2789 4642 3073 4710; x_wconf 72' lang='grc' dir='ltr'>ἐκάλυψεν,</span> <span class='ocrx_word' id='word_1_766' title='bbox 3101 4639 3133 4709; x_wconf 79' lang='grc' dir='ltr'><strong>ἢ</strong></span> <span class='ocrx_word' id='word_1_767' title='bbox 3157 4637 3382 4706; x_wconf 67' lang='grc' dir='ltr'>καλύψει</span> <span class='ocrx_word' id='word_1_768' title='bbox 3407 4634 3670 4703; x_wconf 73' lang='grc' dir='ltr'>παρθένον</span> <span class='ocrx_word' id='word_1_769' title='bbox 3695 4632 3805 4701; x_wconf 73' lang='grc' dir='ltr'>πρὸ</span> 
     </span>
    </p>
   </div>
   <div class='ocr_carea' id='block_1_108' title="bbox 2312 4719 3804 4796">
    <p class='ocr_par' dir='ltr' id='par_1_108' title="bbox 2312 4719 3804 4796">
     <span class='ocr_line' id='line_1_108' title="bbox 2312 4719 3804 4796; baseline -0.013 -6"><span class='ocrx_word' id='word_1_770' title='bbox 2312 4759 2330 4790; x_wconf 77' lang='lat' dir='ltr'><strong>t</strong></span> <span class='ocrx_word' id='word_1_771' title='bbox 2376 4729 2550 4790; x_wconf 71' lang='grc' dir='ltr'>εἴκοσι</span> <span class='ocrx_word' id='word_1_772' title='bbox 2581 4737 2737 4788; x_wconf 85' lang='grc' dir='ltr'>πέντε</span> <span class='ocrx_word' id='word_1_773' title='bbox 2767 4730 3047 4796; x_wconf 84' lang='grc' dir='ltr'>ἐνιαυτῶν,</span> <span class='ocrx_word' id='word_1_774' title='bbox 3075 4727 3220 4781; x_wconf 78' lang='grc' dir='ltr'>τοῦτ’</span> <span class='ocrx_word' id='word_1_775' title='bbox 3252 4727 3365 4778; x_wconf 76' lang='grc' dir='ltr'>ἐστι</span> <span class='ocrx_word' id='word_1_776' title='bbox 3395 4723 3584 4793; x_wconf 73' lang='grc' dir='ltr'>σχῆμα</span> <span class='ocrx_word' id='word_1_777' title='bbox 3615 4719 3804 4788; x_wconf 87' lang='grc' dir='ltr'>περιέ-</span> 
     </span>
    </p>
   </div>
   <div class='ocr_carea' id='block_1_109' title="bbox 2313 4807 3805 4893">
    <p class='ocr_par' dir='ltr' id='par_1_109' title="bbox 2313 4807 3805 4893">
     <span class='ocr_line' id='line_1_109' title="bbox 2313 4807 3805 4893; baseline -0.013 -15"><span class='ocrx_word' id='word_1_778' title='bbox 2313 4846 2330 4878; x_wconf 78' lang='grc'><strong>(</strong></span> <span class='ocrx_word' id='word_1_779' title='bbox 2378 4825 2559 4889; x_wconf 70' lang='grc' dir='ltr'>δαλεν,</span> <span class='ocrx_word' id='word_1_780' title='bbox 2598 4824 2629 4893; x_wconf 82' lang='grc' dir='ltr'>ἢ</span> <span class='ocrx_word' id='word_1_781' title='bbox 2668 4820 2945 4892; x_wconf 72' lang='grc' dir='ltr'>περιϐάλοι</span> <span class='ocrx_word' id='word_1_782' title='bbox 2976 4819 3041 4870; x_wconf 90' lang='grc' dir='ltr'>δι’</span> <span class='ocrx_word' id='word_1_783' title='bbox 3084 4817 3350 4884; x_wconf 83' lang='grc' dir='ltr'>ἀνάγκην,</span> <span class='ocrx_word' id='word_1_784' title='bbox 3405 4807 3517 4865; x_wconf 75' lang='grc' dir='ltr'>οἷον</span> <span class='ocrx_word' id='word_1_785' title='bbox 3565 4808 3805 4880; x_wconf 78' lang='grc' dir='ltr'>ἐραστὴν</span> 
     </span>
    </p>
   </div>
   <div class='ocr_carea' id='block_1_110' title="bbox 2313 4904 3807 4983">
    <p class='ocr_par' dir='ltr' id='par_1_110' title="bbox 2313 4904 3807 4983">
     <span class='ocr_line' id='line_1_110' title="bbox 2313 4904 3807 4983; baseline -0.011 -16"><span class='ocrx_word' id='word_1_786' title='bbox 2313 4936 2329 4967; x_wconf 79' lang='grc' dir='ltr'><strong>ι</strong></span> <span class='ocrx_word' id='word_1_787' title='bbox 2373 4916 2616 4978; x_wconf 66' lang='grc' dir='ltr'>δυνατὸν,</span> <span class='ocrx_word' id='word_1_788' title='bbox 2648 4913 2893 4983; x_wconf 76' lang='grc' dir='ltr'>ἅρπαγα,</span> <span class='ocrx_word' id='word_1_789' title='bbox 2931 4911 2965 4980; x_wconf 79' lang='grc' dir='ltr'><strong>ἢ</strong></span> <span class='ocrx_word' id='word_1_790' title='bbox 2997 4907 3370 4975; x_wconf 84' lang='grc' dir='ltr'>θανατηφόρον</span> <span class='ocrx_word' id='word_1_791' title='bbox 3404 4904 3591 4956; x_wconf 80' lang='grc' dir='ltr'>νόσονο</span> <span class='ocrx_word' id='word_1_792' title='bbox 3622 4915 3807 4968; x_wconf 86' lang='grc' dir='ltr'>παρα-</span> 
     </span>
    </p>
   </div>
   <div class='ocr_carea' id='block_1_111' title="bbox 2312 4989 3806 5068">
    <p class='ocr_par' dir='ltr' id='par_1_111' title="bbox 2312 4989 3806 5068">
     <span class='ocr_line' id='line_1_111' title="bbox 2312 4989 3806 5068; baseline -0.013 -11"><span class='ocrx_word' id='word_1_793' title='bbox 2312 5026 2329 5057; x_wconf 77' lang='grc' dir='ltr'><strong>ι</strong></span> <span class='ocrx_word' id='word_1_794' title='bbox 2381 5005 2708 5068; x_wconf 84' lang='grc' dir='ltr'>καλούντων,</span> <span class='ocrx_word' id='word_1_795' title='bbox 2737 4999 2818 5065; x_wconf 66' lang='grc' dir='ltr'>οἷς</span> <span class='ocrx_word' id='word_1_796' title='bbox 2841 5003 3009 5067; x_wconf 79' lang='grc' dir='ltr'>αὐτῆς</span> <span class='ocrx_word' id='word_1_797' title='bbox 3028 4999 3205 5068; x_wconf 71' lang='grc' dir='ltr'>μέλει*</span> <span class='ocrx_word' id='word_1_798' title='bbox 3236 4995 3388 5048; x_wconf 78' lang='grc' dir='ltr'>οὐδὲν</span> <span class='ocrx_word' id='word_1_799' title='bbox 3417 4993 3520 5046; x_wconf 74' lang='grc' dir='ltr'>ὑπὸ</span> <span class='ocrx_word' id='word_1_800' title='bbox 3543 4990 3643 5059; x_wconf 85' lang='grc' dir='ltr'>τῆς</span> <span class='ocrx_word' id='word_1_801' title='bbox 3672 4989 3806 5058; x_wconf 67' lang='grc' dir='ltr'>περὶ</span> 
     </span>
    </p>
   </div>
   <div class='ocr_carea' id='block_1_112' title="bbox 2313 5087 3627 5158">
    <p class='ocr_par' dir='ltr' id='par_1_112' title="bbox 2313 5087 3627 5158">
     <span class='ocr_line' id='line_1_112' title="bbox 2313 5087 3627 5158; baseline -0.01 -9"><span class='ocrx_word' id='word_1_802' title='bbox 2313 5119 2330 5149; x_wconf 75' lang='grc' dir='ltr'><strong>ι</strong></span> <span class='ocrx_word' id='word_1_803' title='bbox 2376 5098 2562 5151; x_wconf 79' lang='grc' dir='ltr'>τούτου</span> <span class='ocrx_word' id='word_1_804' title='bbox 2591 5097 2683 5148; x_wconf 91' lang='grc' dir='ltr'><strong>τοῦ</strong></span> <span class='ocrx_word' id='word_1_805' title='bbox 2711 5092 2956 5147; x_wconf 72' lang='grc' dir='ltr'>ἐνιαυτοῦ</span> <span class='ocrx_word' id='word_1_806' title='bbox 2988 5091 3205 5145; x_wconf 82' lang='grc' dir='ltr'>συνόδου</span> <span class='ocrx_word' id='word_1_807' title='bbox 3232 5087 3580 5158; x_wconf 82' lang='grc' dir='ltr'>βλαόήσεται.</span> <span class='ocrx_word' id='word_1_808' title='bbox 3609 5101 3627 5136; x_wconf 74' lang='grc' dir='ltr'><strong>ι</strong></span> 
     </span>
    </p>
   </div>
   <div class='ocr_carea' id='block_1_113' title="bbox 2313 5261 3801 5348">
    <p class='ocr_par' dir='ltr' id='par_1_113' title="bbox 2313 5261 3801 5348">
     <span class='ocr_line' id='line_1_113' title="bbox 2313 5261 3801 5348; baseline -0.013 -16"><span class='ocrx_word' id='word_1_809' title='bbox 2313 5278 2372 5332; x_wconf 84' lang='lat'><strong>&#39;0</strong></span> <span class='ocrx_word' id='word_1_810' title='bbox 2408 5277 2506 5348; x_wconf 79' lang='grc' dir='ltr'>μὲν</span> <span class='ocrx_word' id='word_1_811' title='bbox 2548 5273 3006 5334; x_wconf 72' lang='grc' dir='ltr'>ὀκτωκαιδέκατος</span> <span class='ocrx_word' id='word_1_812' title='bbox 3037 5269 3212 5324; x_wconf 84' lang='grc' dir='ltr'>κανὼν</span> <span class='ocrx_word' id='word_1_813' title='bbox 3241 5268 3333 5321; x_wconf 84' lang='grc' dir='ltr'><strong>τοῦ</strong></span> <span class='ocrx_word' id='word_1_814' title='bbox 3368 5266 3603 5335; x_wconf 83' lang='grc' dir='ltr'>μεγάλου</span> <span class='ocrx_word' id='word_1_815' title='bbox 3635 5261 3801 5314; x_wconf 69' lang='lat' dir='ltr'><strong>Bast-</strong></span> 
     </span>
    </p>
   </div>
   <div class='ocr_carea' id='block_1_114' title="bbox 2234 5356 3800 5436">
    <p class='ocr_par' dir='ltr' id='par_1_114' title="bbox 2234 5356 3800 5436">
     <span class='ocr_line' id='line_1_114' title="bbox 2234 5356 3800 5436; baseline -0.011 -16"><span class='ocrx_word' id='word_1_816' title='bbox 2234 5369 2378 5423; x_wconf 84' lang='grc' dir='ltr'>λείου</span> <span class='ocrx_word' id='word_1_817' title='bbox 2417 5369 2541 5434; x_wconf 85' lang='grc' dir='ltr'>περ“ι</span> <span class='ocrx_word' id='word_1_818' title='bbox 2568 5367 2664 5436; x_wconf 78' lang='grc' dir='ltr'>τῆς</span> <span class='ocrx_word' id='word_1_819' title='bbox 2700 5363 3080 5433; x_wconf 85' lang='grc' dir='ltr'>προσαγούσης</span> <span class='ocrx_word' id='word_1_820' title='bbox 3116 5361 3313 5426; x_wconf 78' lang='grc' dir='ltr'>ἑαυτὴν</span> <span class='ocrx_word' id='word_1_821' title='bbox 3347 5357 3421 5426; x_wconf 81' lang='grc' dir='ltr'>τῷ</span> <span class='ocrx_word' id='word_1_822' title='bbox 3458 5356 3665 5426; x_wconf 87' lang='grc' dir='ltr'>Κυρίῳ,</span> <span class='ocrx_word' id='word_1_823' title='bbox 3704 5357 3800 5406; x_wconf 74' lang='grc' dir='ltr'>καὶ</span> 
     </span>
    </p>
   </div>
   <div class='ocr_carea' id='block_1_115' title="bbox 2235 5446 3800 5528">
    <p class='ocr_par' dir='ltr' id='par_1_115' title="bbox 2235 5446 3800 5528">
     <span class='ocr_line' id='line_1_115' title="bbox 2235 5446 3800 5528; baseline -0.01 -14"><span class='ocrx_word' id='word_1_824' title='bbox 2235 5458 2678 5528; x_wconf 70' lang='grc' dir='ltr'>ἀποταττομένης</span> <span class='ocrx_word' id='word_1_825' title='bbox 2709 5457 2785 5525; x_wconf 81' lang='grc' dir='ltr'>τῷ</span> <span class='ocrx_word' id='word_1_826' title='bbox 2823 5457 3011 5524; x_wconf 80' lang='grc' dir='ltr'>γάμῳ,</span> <span class='ocrx_word' id='word_1_827' title='bbox 3050 5456 3140 5506; x_wconf 76' lang='grc' dir='ltr'>καὶ</span> <span class='ocrx_word' id='word_1_828' title='bbox 3171 5453 3261 5504; x_wconf 78' lang='grc' dir='ltr'><strong>τὸν</strong></span> <span class='ocrx_word' id='word_1_829' title='bbox 3292 5465 3347 5504; x_wconf 81' lang='grc' dir='ltr'><strong>εν</strong></span> <span class='ocrx_word' id='word_1_830' title='bbox 3383 5446 3637 5519; x_wconf 80' lang='grc' dir='ltr'>ἁγιασμῷ</span> <span class='ocrx_word' id='word_1_831' title='bbox 3665 5461 3800 5515; x_wconf 70' lang='grc' dir='ltr'>προσ</span> 
     </span>
    </p>
   </div>
   <div class='ocr_carea' id='block_1_116' title="bbox 2233 5536 3800 5616">
    <p class='ocr_par' dir='ltr' id='par_1_116' title="bbox 2233 5536 3800 5616">
     <span class='ocr_line' id='line_1_116' title="bbox 2233 5536 3800 5616; baseline -0.011 -14"><span class='ocrx_word' id='word_1_832' title='bbox 2233 5550 2479 5616; x_wconf 84' lang='grc' dir='ltr'>τιμώσης</span> <span class='ocrx_word' id='word_1_833' title='bbox 2512 5548 2623 5616; x_wconf 86' lang='grc' dir='ltr'>βίον</span> <span class='ocrx_word' id='word_1_834' title='bbox 2645 5587 2658 5612; x_wconf 92' lang='grc'><strong>,</strong></span> <span class='ocrx_word' id='word_1_835' title='bbox 2693 5547 3077 5615; x_wconf 74' lang='grc' dir='ltr'>διαλαμῦάνει,</span> <span class='ocrx_word' id='word_1_836' title='bbox 3114 5544 3204 5596; x_wconf 67' lang='grc' dir='ltr'>καὶ</span> <span class='ocrx_word' id='word_1_837' title='bbox 3235 5540 3558 5610; x_wconf 80' lang='grc' dir='ltr'>προστάττει</span> <span class='ocrx_word' id='word_1_838' title='bbox 3590 5536 3666 5606; x_wconf 78' lang='grc' dir='ltr'>μὴ</span> <span class='ocrx_word' id='word_1_839' title='bbox 3698 5551 3800 5586; x_wconf 81' lang='grc' dir='ltr'>πα-</span> 
     </span>
    </p>
   </div>
   <div class='ocr_carea' id='block_1_117' title="bbox 2239 5627 3799 5709">
    <p class='ocr_par' dir='ltr' id='par_1_117' title="bbox 2239 5627 3799 5709">
     <span class='ocr_line' id='line_1_117' title="bbox 2239 5627 3799 5709; baseline -0.011 -13"><span class='ocrx_word' id='word_1_840' title='bbox 2239 5643 2579 5709; x_wconf 72' lang='grc' dir='ltr'>ραδέχεσθαι,</span> <span class='ocrx_word' id='word_1_841' title='bbox 2617 5642 2663 5693; x_wconf 78' lang='grc' dir='ltr'>εἰ</span> <span class='ocrx_word' id='word_1_842' title='bbox 2704 5639 2775 5705; x_wconf 78' lang='grc' dir='ltr'><strong>μὴ</strong></span> <span class='ocrx_word' id='word_1_843' title='bbox 2810 5641 2946 5704; x_wconf 75' lang='grc' dir='ltr'><strong>ὑπῖρ</strong></span> <span class='ocrx_word' id='word_1_844' title='bbox 2977 5638 3042 5691; x_wconf 68' lang='grc' dir='ltr'>τὰ</span> <span class='ocrx_word' id='word_1_845' title='bbox 3074 5635 3296 5700; x_wconf 59' lang='lat' dir='ltr'><strong>Emeisi,</strong></span> <span class='ocrx_word' id='word_1_846' title='bbox 3336 5633 3366 5702; x_wconf 75' lang='grc' dir='ltr'>ἢ</span> <span class='ocrx_word' id='word_1_847' title='bbox 3407 5632 3496 5686; x_wconf 70' lang='grc' dir='ltr'>καὶ</span> <span class='ocrx_word' id='word_1_848' title='bbox 3529 5627 3799 5684; x_wconf 81' lang='grc' dir='ltr'>δεκαεπτὰ</span> 
     </span>
    </p>
   </div>
  </div>
