4002 6314
258 314 377 379 409

1316 313 1393 374 1N
1439 313 1602 375 CAN.
1640 310 1936 372 CXXVIII
1963 312 2172 376 CONC.
2217 319 2594 384 CARTHAG.

3423 328 3529 395 ιιο

262 430 369 497 Ιτη
420 427 680 518 γένηταισ
736 426 831 489 τὰς
886 427 992 498 γὰρ
1055 423 1309 484 παιδικὰς
1363 425 1546 492 φωνάς
1603 425 1694 477 ἐπὶ
1746 423 1852 474 τῶν

1958 425 2022 479 ad
2080 428 2203 485 talia
2256 432 2440 487 ﬁrmas
2478 435 2718 503 reputari
2773 450 2878 491 non
2931 437 3219 506 permittit.
3283 437 3530 496 Praesens

269 513 534 573 τοιούτων
581 518 803 587 βεϐαίας
863 519 962 570 οὐκ
999 516 1284 585 ἐπιτρέπει
1333 514 1675 582 λογίζεσθαιο
1726 515 1754 565 ὁ
1796 513 1851 565 δέ

269 609 466 680 παρὼν
515 609 695 662 κανὼν
739 610 862 678 περὶ
913 610 1006 677 τῆς
1049 608 1149 677 ήδη
1188 605 1611 674 προσελθούσης,
1653 605 1746 658 καὶ
1777 603 1852 671 τῷ

265 701 437 770 γάμῳ
499 698 952 767 άποταξαμένης,
1015 698 1109 750 καὶ
1161 697 1257 764 τὴν
1323 696 1620 765 παρθενίαν
1682 697 1852 761 ἐπαγ-

270 791 604 858 γελλομένης
632 788 936 856 διαγορεύει
962 826 977 850 ,
1009 786 1102 841 καὶ
1131 785 1472 837 διατάττεται
1512 783 1650 837 κατα
1687 782 1852 852 μηδέν

266 899 324 933 τι
358 881 692 950 βλάπτεσθαι
726 880 816 930 τὸν
847 879 1168 939 ἐπίσκοπον,
1197 877 1246 927 εί
1274 875 1369 938 τὴν
1400 874 1542 926 οὕτω
1576 888 1854 942 προσαγα-

262 968 472 1032 γοῦσαν
503 968 698 1034 ἑαυτήν
726 965 802 1035 τῷ
827 964 945 1032 Θεῷ
975 962 1285 1033 περιϐάλλει
1317 963 1378 1014 τὸ
1397 961 1577 1029 σχῆμα
1612 960 1716 1029 πρὸ
1746 959 1852 1011 τῶν

261 1061 607 1112 εἰκοσιπέντε
637 1057 919 1118 ἐνιαυτῶν,
954 1058 1048 1109 καὶ
1097 1053 1429 1122 συγκαλύψει
1476 1052 1645 1122 αὐτὴν
1671 1050 1747 1120 τῷ
1779 1053 1852 1122 ίετ

266 1148 478 1216 ρατικῷ
505 1149 674 1215 τούτῳ
714 1148 924 1215 κόσμῳ,
969 1145 1056 1198 διὰ
1094 1144 1338 1208 ἀνάγκην
1367 1140 1468 1208 τῆς
1515 1139 1852 1208 παρθενικῆς

262 1238 622 1308 σωφροσύνης
649 1254 662 1268 ο
692 1237 856 1306 τυχὸν
883 1238 993 1304 γὰρ
1019 1233 1239 1295 δυνατός
1265 1248 1350 1294 τις
1376 1230 1533 1298 ισχεν
1560 1231 1741 1298 ἔρωτα
1769 1230 1850 1290 είς

256 1331 438 1397 α-ἰτὴν
467 1332 556 1381 καὶ
591 1328 916 1392 συναλλάξαι
951 1326 1188 1394 γαμικὸν
1217 1322 1576 1376 ἐϐουλεύσατο
1607 1319 1850 1372 συνοικέ-

259 1439 383 1472 σιον
411 1437 422 1449 ο
454 1421 485 1488 ἦ
513 1420 698 1488 ἕτερός
727 1436 809 1480 τις
843 1417 1025 1487 ἅρπαξ
1055 1414 1333 1485 ἠϐουλήθη
1363 1413 1609 1483 ἁρπάσαι
1645 1410 1842 1478 αὑτήνο

257 1530 317 1565 κ-
335 1513 363 1564 ὶ
393 1513 473 1566 διὰ
502 1513 559 1564 τὸ
599 1513 672 1581 μὴ
705 1508 1146 1579 προφασίσασθαι
1170 1507 1368 1565 αὐτοὺς
1395 1507 1474 1567 είς
1500 1503 1848 1573 ἐκπλήρωσιν

255 1604 364 1669 τῆς
398 1604 527 1665 ἰδίας
555 1602 871 1670 ἐπιθυμίας,
897 1603 958 1653 τὺ
983 1600 1060 1651 ἔτι
1086 1597 1494 1667 ἀσχημάτιστον
1517 1595 1720 1664 μένειν,
1754 1592 1849 1646 καὶ

259 1696 464 1759 ἄδηλον
499 1691 636 1746 εἶναι
669 1694 868 1759 λέγειν,
901 1692 1207 1761 ειοὰνετέθη
1244 1690 1320 1757 τῷ
1350 1686 1488 1757 Θεῷ,
1519 1687 1783 1738 ἔσπευσεν
1817 1685 1844 1735 ὁ

258 1741 565 1845 ἐπίσκοπος
603 1741 947 1852 συγκαλύίῖκαι
1006 1741 1590 1852 ἱερατικῷ
1639 1776 1842 1844 ἀμφιά-
1877 1741 1920 1798 Β

260 1893 471 1942 oua-rs,
509 1876 593 1926 ἵνα
633 1876 706 1943 μή
744 1892 825 1935 τις
860 1874 955 1943 ἔχῃ
987 1873 1122 1942 πρὸς
1165 1871 1460 1936 ἀπολογίαν
1490 1868 1846 1940 καταφυγεῖν,

256 1967 359 2017 καὶ
392 1966 616 2032 ἄρνησιν
649 1964 739 2015 τοῦ
780 1964 854 2034 μή
888 1963 1107 2030 νύμφην
1133 1962 1304 2030 αὐτὴν
1331 1959 1584 2026 γενέσθαι
1613 1957 1779 2008 Θεοῦ·
1812 1955 1848 2023 ἢ

259 2055 526 2117 πολλάκις
557 2057 647 2106 καὶ
675 2054 950 2117 ἐτελεύτα,
981 2054 1074 2105 καὶ
1100 2054 1380 2118 συγγενεῖς
1411 2050 1584 2116 αὐτῆς
1611 2046 1850 2115 παρεκά-

261 2148 435 2197 λεσαν
489 2145 579 2197 τὸν
646 2145 977 2204 ἐπίσκοπον,
1035 2143 1129 2194 καὶ
1187 2142 1291 2210 πρὸ
1354 2141 1461 2191 τῶν
1515 2137 1849 2191 εἰκοσιπέντε

258 2235 533 2288 ἐνιαυτῶν
585 2235 956 2306 τελειωθῆναι,
1010 2233 1097 2287 ἵνα
1157 2232 1232 2302 μὴ
1280 2230 1490 2302 ἀπέλθῃ
1533 2229 1700 2299 χωρὶς
1756 2225 1849 2278 τοῦ

257 2326 370 2395 σχή
380 2343 484 2394 ματ
499 2342 565 2388 ›ς.

836 2417 1076 2471 ΚΑΝΩΝ
1105 2418 1286 2472 PKH'.

264 2531 283 2562 α
333 2511 432 2564 Διὰ
464 2513 524 2563 τὸ
567 2511 641 2580 μὴ
677 2512 802 2574 τοὺς
835 2511 1170 2572 ἐπισκόπους
1211 2508 1440 2562 ἐπιπολὺ
1472 2508 1528 2561 ἐν
1557 2509 1620 2576 τῇ
1654 2504 1852 2573 συνόδῳ

342 2622 364 2652 ε
403 2604 751 2672 κατέχεσθαι,
795 2602 854 2666 ἐξ
895 2601 1133 2667 ἑκάστης
1172 2601 1439 2669 ἐπαρχίας
1480 2602 1627 2666 τρεῖς
1673 2597 1851 2650 ἐπιλέ-

336 2714 359 2745 α
397 2695 594 2760 ξωνται
639 2693 916 2756 δικαστάς.
959 2693 1194 2762 Ὁμοίως
1221 2685 1416 2762 ἤρεσεν
1437 2692 1586 2762 πάσῃ
1614 2694 1677 2760 τῇ
1713 2706 1851 2741 συν-

337 2799 358 2831 ι
397 2780 522 2847 ὁδῳ,
579 2779 668 2832 διὰ
700 2781 761 2832 τδ
807 2781 883 2850 μὴ
912 2779 1140 2833 ἐπιπολὺ
1175 2779 1299 2841 τοὺς
1331 2779 1466 2848 πρὸς
1496 2777 1597 2847 τήν
1636 2777 1848 2830 σύνοδον

335 2890 357 2921 ε
401 2871 768 2939 συναχθέντας
801 2872 1130 2932 ἐπισκόπους
1158 2869 1480 2935 σύμπαντας
1503 2866 1845 2935 κατέχεσθαι,

337 2981 360 3012 ε
403 2959 464 3026 ἐξ
511 2963 744 3026 ἑκάστης
784 2962 1047 3034 ἐπαρχίας
1091 2962 1193 3015 ἁνὶ
1234 2964 1380 3031 τρεῖς
1422 2959 1736 3028 ἐπιλεγῆναι
1771 2959 1847 3010 δι-

341 3073 364 3107 ε
401 3057 631 3117 καστάς.
675 3055 785 3108 Καὶ
834 3054 1170 3123 ἐπελέγησαν
1212 3054 1274 3105 ἐκ
1311 3053 1410 3121 τῆς
1447 3055 1502 3103 ἐν
1541 3049 1846 3119 Καρχηδόνι
1881 3116 1912 3138 Ἴ

337 3165 360 3196 α
402 3146 698 3214 ἐκκλησίας
727 3147 1027 3208 Βικέντιος,
1060 3142 1548 3214 Φουρτουνατιανὸς
1579 3142 1671 3193 καὶ
1698 3139 1841 3192 Κλά-
1868 3129 1913 3178 υ

337 3258 357 3287 ε
406 3253 498 3306 ρος
529 3253 543 3267 ο
593 3238 655 3288 ἐκ
696 3237 794 3305 τῆς
837 3236 1193 3303 Νουμηδικῆς
1233 3234 1502 3304 ἐπαρχίας
1558 3231 1842 3294 ’Δλύπιος,

337 3345 358 3375 ε
399 3327 761 3389 Αύγουστῖνος
794 3324 883 3377 καὶ
934 3323 1301 3383 Ῥεστιτοῦτος
1328 3339 1340 3352 ·
1379 3327 1441 3375 ἐκ
1469 3324 1564 3392 τῆς
1597 3322 1846 3390 Βυζακη-

343 3432 362 3463 ι
404 3412 507 3479 νῆς
535 3413 802 3483 ἐπαρχίας
835 3412 973 3480 μετὰ
1002 3410 1094 3462 τοῦ
1125 3411 1281 3478 ἁγίου
1313 3410 1562 3480 γέροντος
1588 3414 1845 3462 Δονατια-

337 3519 357 3548 ε
401 3499 493 3552 νοῦ
533 3497 627 3551 τοῦ
673 3497 1046 3567 πρωτεύοντος
1085 3496 1467 3565 Κρεσκώνιος,
1521 3495 1846 3556 Ἰουκοῦνδος

332 3611 354 3640 ε
397 3592 496 3642 καὶ
524 3589 843 3659 Αἰμιλιανός
861 3605 875 3620 ο
905 3589 970 3640 ἐκ
997 3590 1092 3654 τῆς
1115 3588 1495 3657 Μαυριτανίας
1524 3588 1846 3655 Σιτιφένσης

337 3700 355 3732 ι
400 3679 756 3750 Σεὸηριανὸς,
819 3677 1128 3741 ’Δσιατικὸς
1180 3678 1273 3730 καὶ
1317 3680 1583 3742 Δονᾶτος·
1636 3680 1700 3730 ἐκ
1747 3679 1846 3746 τῆς

337 3790 358 3823 ‹
398 3771 804 3840 Τριπολιτανῆς
827 3767 1096 3839 ἐπαρχίας
1124 3770 1456 3834 Πλαύτιος,ὁ
1483 3770 1621 3824 κατὰ
1641 3769 1702 3822 τδ
1729 3769 1847 3831 ἔθος

338 3883 358 3914 ι
401 3865 484 3923 είς
535 3860 942 3930 τοποτηρησίαν
1007 3859 1314 3928 πεμφθείςο
1383 3860 1581 3923 οἵτινες
1651 3861 1846 3922 πάντες

335 3971 355 4003 ι
401 3952 545 4022 μετὰ
558 3950 655 4004 τοῦ
679 3951 984 4017 ἁγιωτάτου
1004 3951 1254 4020 γέροντος
1272 3950 1539 4022 Αὐρηλίου
1559 3950 1849 4019 σύμπαντα

339 4063 358 4095 ι
401 4043 775 4111 σκοπήσουσιν
803 4055 820 4073 ⁸
845 4035 1013 4108 άφόὖ
1038 4023 1525 4110 ᾔτησενσύμπασα
1554 4041 1586 4109 ή
1611 4040 1847 4106 σύνοδος,

340 4149 360 4183 ι
406 4131 494 4182 ῖνα
545 4131 714 4182 πᾶσιν
769 4129 878 4182 εἴτε
924 4127 1338 4196 πεπραγμένοις
1385 4129 1500 4189 τοῖς
1547 4126 1647 4196 ήδη
1697 4127 1850 4178 ἐκτε-

343 4241 362 4272 ι
404 4221 701 4282 λεσθεῖσιν,
734 4220 844 4273 εἴτε
871 4218 1184 4281 ἐπιστολαῖς
1211 4217 1370 4278 αὐτὸς
1397 4217 1712 4288 ὑπογράφῃ.
1739 4217 1849 4269 Καὶ

338 4334 356 4366 ι
400 4312 740 4381 ὑπέγραψεν·
767 4310 1056 4380 Αὐρήλιος,
1087 4310 1383 4372 ἐπίσκοπος
1399 4310 1498 4378 τῆς
1531 4310 1589 4361 ἐν
1621 4311 1846 4378 Καρχη-

339 4424 358 4456 ι
400 4407 512 4459 δόνι
539 4400 852 4473 ἐκκλησίας,
871 4400 1194 4470 τῷἷπαρὸντι
1221 4398 1533 4470 ψηφίσματι
1560 4398 1841 4468 συνῄνεσα,
1877 4441 1920 4493 D

342 4516 358 4548 ι
407 4496 505 4548 καὶ
558 4491 1075 4565 παραναγνωσθέντι
1123 4491 1437 4560 ὑπέγραψα.
1489 4489 1718 4560 Ὁμοίως
1754 4491 1845 4545 καὶ

343 4605 361 4637 ι
400 4590 450 4639 οἱ
483 4586 680 4646 πάντες
717 4582 1003 4637 ἐπίσκοποι
1039 4581 1376 4650 ὑπέγραψαν.
1419 4599 1437 4632 ι

339 4676 588 4729 ΖΩΝΑΡ.
635 4673 724 4726 Ἐν
755 4675 822 4742 τῇ
854 4671 1167 4724 συνελεύσει
1194 4670 1368 4739 ταύτῃ
1393 4669 1824 4739 χρονοτριϐησάν

250 4786 373 4824 των
400 4767 509 4820 τῶν
541 4763 936 4836 ἀθροισθέντων
966 4763 1307 4825 ἐπισκόπων,
1344 4759 1422 4814 ἔτι
1452 4761 1508 4813 δὲ
1546 4762 1705 4814 τινῶν
1736 4762 1846 4815 λοι·

253 4858 594 4927 πιεζομένων
622 4855 971 4924 ζητημάτων,
1003 4854 1097 4906 καὶ
1132 4850 1487 4921 ἐξετασθῆναι
1523 4851 1845 4919 μελλόντων,

256 4953 358 5004 ἶνα
427 4949 502 5018 μὴ
553 4947 646 5000 καὶ
702 4945 782 4998 ἐτι
842 4945 1179 5014 κατέχωνται
1233 4942 1328 4995 καὶ
1388 4942 1714 5013 χρονίσωσιν
1755 4944 1849 4997 ἐπὶ

259 5041 456 5105 πλέον,
491 5037 668 5102 ἔδοξεν
694 5037 752 5101 ἐξ
785 5035 1020 5102 ἑκάστης
1049 5033 1318 5104 ἐπαρχίας
1345 5035 1497 5103 τρεῖς
1531 5033 1846 5102 ἐπιλεγῆναι

263 5127 739 5200 προσμενοῦντας,
795 5127 922 5188 τοὺς
977 5125 1033 5178 δὲ
1099 5123 1318 5186 λοιποὺς
1378 5122 1668 5176 ἀπελθεῖν·
1721 5109 1887 5188 τοὺςι

259 5221 338 5276 δι’
379 5218 730 5284 ἐπιλεγέντας
771 5215 910 5285 μετὰ
946 5211 1040 5268 τοῦ
1075 5213 1348 5284 Αύρηλίου
1400 5211 1671 5281 σκοπῆσαι
1707 5211 1846 5282 σύμ-

260 5328 451 5366 παντα
483 5309 579 5363 καὶ
606 5307 983 5380 οἰκονομῆσαι.

262 5403 491 5458 ΑΡΙΣΤ.
527 5421 546 5453 ι
598 5399 724 5453 Ἐπὶ
760 5400 894 5454 πολὺ
929 5399 1004 5468 μὴ
1039 5399 1350 5470 δυναμένων
1377 5401 1692 5472 περιμένειν
1736 5402 1846 5456 τῶν

349 5511 368 5542 ι
407 5493 485 5553 εἰς
536 5488 636 5560 τήν
689 5488 904 5542 σύνοδον
967 5490 1306 5559 ἐληλυθότων
1351 5492 1688 5559 ἐπισκόπων,
1738 5494 1843 5548 ἀνά

348 5601 366 5633 ε
406 5584 552 5650 τρεῖς
583 5581 644 5644 ἐξ
676 5581 912 5650 ἑκάστης
942 5580 1207 5651 ἐπαρχίας
1249 5581 1559 5650 ἐπιλεγιῖισι.
1597 5601 1614 5634 ι

343 5673 556 5729 Πολλῶν
599 5673 970 5742 πρ’τεθὲ·ίτιιιν
1019 5674 1315 5726 κανονικῶν
1361 5674 1710 5744 ζητημάτων,
1749 5676 1842 5729 καὶ

1954 533 2132 576 autem
2154 537 2326 577 canon
2356 525 2422 578 de
2467 540 2553 590 ea,
2577 541 2693 593 qua:
2717 528 2830 597 jam
2859 529 3158 593 aceedit,et
3185 530 3527 585 matrimonio

1955 617 2247 680 renuntiat,
2277 626 2330 670 et
2356 619 2719 686 virginitatem
2775 621 3063 688 profitetur
3088 658 3105 684 ,
3156 622 3398 690 praecipit
3422 661 3439 686 ,
3470 631 3528 676 et

1953 706 2539 776 decernit,episenpum
2571 710 2715 764 nullo
2735 709 2984 764 affectum
3016 711 3128 763 fore
3157 709 3524 774 incommodo,

1953 797 1996 850 si
2029 812 2170 860 eam,
2209 812 2330 866 qua:
2353 813 2409 852 se
2437 798 2544 851 Deo
2588 801 2665 853 sic
2696 800 2882 864 offert,
2929 800 3113 854 habitu
3161 800 3370 862 induit,
3402 809 3528 852 ante

1952 901 2122 942 annos
2149 887 2338 959 viginti
2374 890 2633 956 quinque,
2681 900 2735 942 et
2773 900 3092 943 ornamento
3138 889 3246 942 illo-
3278 891 3528 942 sacerdo-

1955 980 2046 1033 tali
2079 995 2197 1033 eam
2231 980 2513 1042 velaverit,
2546 989 2764 1047 propter
2797 981 3073 1049 virginalis
3110 979 3381 1045 pudicitia;
3427 994 3523 1030 ne-

1950 1072 2280 1126 cessitatem.
2321 1071 2565 1124 Forsitan
2624 1072 2767 1124 enim
2833 1080 3023 1136 potens
3091 1071 3286 1138 aliquis
3341 1081 3527 1122 amore

1951 1177 2076 1232 erga
2115 1161 2258 1216 illam
2293 1163 2566 1231 ﬂagravit,
2603 1173 2653 1216 et
2680 1163 3081 1217 matrimonium
3111 1163 3272 1232 662
3309 1169 3523 1214 contra-

1952 1256 2082 1310 here
2116 1256 2296 1308 animo
2332 1255 2554 1308 habuit:
2608 1254 2689 1306 vel
2742 1253 2880 1307 alius
2904 1253 3100 1319 aliquis
3159 1263 3344 1318 raptor
3399 1265 3521 1303 eam

1953 1362 2144 1415 rapere
2175 1347 2375 1400 voluit:
2408 1355 2541 1399 et‘ut
2569 1347 2655 1399 isti
2687 1346 2752 1396 ad
2777 1341 3224 1410 concupiscentiae
3265 1357 3377 1394 sua:
3422 1355 3522 1391 ex-

1950 1441 2239 1506 pletionem
2272 1453 2376 1493 non
2410 1437 2827 1505 praetenderent,
2861 1434 3002 1502 quod
3041 1433 3216 1485 adhuc
3261 1432 3377 1484 siue
3429 1430 3523 1483 lia-

1951 1532 2062 1584 bitu
2091 1540 2296 1592 manet,
2333 1530 2681 1596 dicerentque
2716 1541 2821 1578 non
2860 1534 3042 1592 patere
3071 1560 3085 1585 ,
3123 1539 3189 1574 an
3243 1520 3353 1574 Deo
3394 1535 3519 1574 eon-

1949 1633 2194 1675 secratur
2221 1663 2233 1685 ,
2263 1621 2546 1688 episcopus
2579 1617 2901 1671 sacerdotali
2959 1629 3077 1667 eam
3127 1614 3306 1665 velare
3361 1611 3516 1663 indu-

1951 1723 2131 1766 mento
2167 1711 2476 1771 festinavit,
2507 1723 2571 1763 ne
2601 1713 2720 1776 quis
2747 1707 2939 1760 habeat
2965 1720 3072 1774 quo
3100 1703 3168 1757 ad
3219 1701 3519 1771 apologiani

1951 1803 2248 1868 confugiat,
2277 1810 2329 1854 et
2357 1799 2782 1868 denegationem,
2813 1813 2934 1852 eam
2986 1810 3237 1865 sponsam
3290 1793 3379 1846 Dei
3415 1808 3519 1845 non

1951 1895 2115 1948 fuisse
2142 1911 2155 1959 ;
2185 1892 2266 1946 vel
2300 1907 2438 1960 sa'pe
2467 1900 2519 1943 et
2549 1890 2705 1943 morti
2739 1887 3011 1951 occubuit,
3046 1896 3098 1940 et
3121 1886 3330 1954 cognati
3378 1883 3522 1937 illius

1950 1987 2259 2055 epismpum
2298 1982 2494 2036 hortati
2529 1989 2672 2044 sunt,
2719 1989 2775 2031 ut
2807 1979 2973 2033 etiam
3010 1987 3133 2030 ante
3157 1976 3340 2046 viginti
3364 1975 3522 2042 quin-

1951 2092 2054 2146 que
2090 2089 2264 2129 annos
2301 2074 2669 2139 perficeretur,
2704 2086 2771 2125 ne
2800 2070 2917 2126 sine
2946 2068 3134 2124 habitu
3179 2080 3210 2121 ο
3257 2065 3367 2118 vita
3419 2062 3523 2115 hac

1951 2169 2154 2239 emigra
2166 2177 2265 2221 ret.

2452 2424 2683 2481 CANON
2720 2421 3004 2478 CXXVIII.

1957 2541 1975 2573 ι
2021 2521 2087 2576 Ut
2118 2520 2354 2589 episc0pi
2386 2518 2476 2572 diu
2527 2532 2631 2570 non
2663 2515 3006 2569 detineantur
3064 2511 3116 2564 in
3170 2505 3411 2579 synodo,
3454 2518 3519 2558 ex

2029 2633 2049 2665 ι
2095 2621 2414 2680 unaquaque
2469 2608 2746 2676 provincia
2809 2612 2918 2657 tres
2968 2602 3176 2667 indices
3231 2598 3519 2667 eligantur.

2026 2725 2044 2757 ι
2081 2703 2340 2757 Similiter
2371 2699 2576 2770 placuit
2605 2697 2871 2752 universa:
2896 2693 3102 2764 synodo
3128 2733 3144 2757 ,
3187 2704 3254 2743 ne
3279 2685 3519 2756 episcopi

2026 2815 2044 2847 ε
2087 2796 2153 2849 ad
2187 2794 2450 2864 synodum
2483 2788 2696 2843 collecti
2742 2786 2977 2840 universi
3019 2783 3362 2838 detineantur
3388 2818 3403 2841 ,
3454 2792 3520 2829 ex

2026 2901 2044 2933 ε
2091 2893 2411 2948 unaquaque
2441 2878 2719 2946 provincia
2747 2885 2854 2929 tres
2877 2874 3001 2940 eligi
3023 2872 3247 2942 iudices.
3277 2867 3518 2923 Etelecti

2023 2992 2041 3024 ι
2084 2981 2231 3036 sunt,
2281 2985 2344 3024 ex
2391 2965 2799 3036 Carthaginensi
2834 2963 3110 3026 Ecclesia,
3160 2958 3474 3012 Vincentius
3503 2996 3518 3018 ,

2032 3082 2049 3114 ι
2081 3060 2509 3116 Fortunatianus
2555 3049 2610 3110 et
2634 3055 2864 3119 Clarus;
2893 3067 2957 3107 ex
2990 3051 3268 3105 Numidica
3298 3047 3515 3116 provin-

2023 3168 2042 3201 ι
2079 3150 2160 3202 cia
2185 3148 2428 3217 Alypius,
2468 3145 2797 3213 Augustinus
2823 3151 2878 3196 et
2915 3142 3253 3201 Restitutus;
3302 3153 3367 3191 ex
3415 3137 3520 3206 By-

2032 3259 2049 3290 ι
2085 3251 2283 3291 zacena
2314 3236 2611 3305 provincia,
2643 3248 2763 3284 cum
2797 3241 2986 3284 sancto
3037 3243 3166 3283 sene
3217 3224 3518 3279 Donatiano

2023 3348 2041 3379 ι
2082 3329 2332 3396 primate.
2359 3323 2704 3386 Cresconius,
2745 3319 3018 3375 iucundus
3053 3327 3107 3371 et
3151 3315 3516 3374 Emilianus;

2023 3438 2040 3470 4
2083 3433 2147 3472 ex
2174 3415 2500 3470 Mauritania
2540 3412 2807 3475 Sitifensi,
2845 3408 3170 3464 Severianus
3199 3447 3214 3472 ,
3249 3405 3520 3458 Asiaticus

2025 3529 2042 3561 c
2077 3519 2129 3564 et
2161 3508 2432 3572 Donatus;
2461 3520 2526 3560 ex
2552 3503 2883 3574 Tripolitana
2908 3500 3206 3570 provincia,
3253 3495 3515 3553 Plautius,

2025 3620 2044 3652 ι
2084 3600 2175 3669 qui
2206 3605 2322 3652 erat
2353 3612 2417 3650 ex
2463 3610 2612 3650 more
2665 3595 2714 3647 in
2759 3593 3078 3663 legationem
3143 3589 3340 3642 missus
3377 3605 3390 3639 :
3423 3581 3516 3654 qui

2025 3709 2043 3742 ι
2087 3703 2276 3745 omnes
2316 3700 2437 3740 cum
2487 3681 2835 3738 sanctissimo
2881 3693 3011 3733 sene
3066 3676 3286 3731 Aurelio
3337 3672 3515 3728 omnia

2023 3798 2043 3830 ι
2085 3776 2585 3838 considerabunt;a
2618 3787 2726 3842 quo
2755 3772 2941 3840 petivit
2966 3769 3226 3822 universa
3251 3764 3512 3836 synodus,

2026 3891 2044 3925 ι
2084 3881 2146 3925 ut
2177 3869 2450 3932 omnibus,
2473 3869 2584 3923 sive
2609 3866 2766 3928 actis,
2791 3880 2908 3933 qua!
2933 3864 3041 3929 jam
3074 3861 3310 3927 perfecta
3335 3865 3508 3920 erant,

2023 3981 2042 4016 ι
2083 3963 2198 4017 sive
2229 3958 2494 4030 epistulis,
2527 3959 2641 4027 ipse
2663 3956 3052 4010 subscriberet.
3077 3951 3143 4004 Et
3171 3948 3492 4015 subscripsit

2029 4073 2048 4105 ι
2085 4052 2353 4118 Aurelius,
2408 4052 2695 4120 episcopus
2744 4043 3188 4115 Carthaginiensis
3236 4041 3519 4102 Ecclesizr,

2029 4163 2048 4195 ι
2087 4143 2339 4213 presenti
2375 4142 2591 4195 decreto
2612 4138 2885 4201 consensi,
2912 4146 2965 4190 et
3020 4136 3158 4190 lecto
3201 4132 3515 4199 subscripsi.

2029 4254 2046 4288 ι
2082 4234 2344 4289 Similiter
2370 4240 2423 4288 et
2448 4246 2636 4286 omnes
2666 4227 2901 4300 episcopi
2936 4225 3396 4294 subscripserunt.
3435 4238 3454 4272 ι

2018 4673 2274 4729 ZONAR.
2311 4674 2442 4727 Cum
2481 4673 2532 4726 in
2565 4672 2665 4725 hoc
2696 4671 2925 4725 concilio
2952 4669 3273 4725 celebrando
3288 4668 3515 4722 multum

1952 4766 2210 4837 temporis
2235 4763 2543 4833 congregati
2575 4763 2810 4832 episcopi
2841 4759 3320 4827 eonsumpsissent,
3347 4772 3518 4825 neque

1954 4865 2130 4910 tamen
2164 4856 2340 4910 adhuc
2364 4855 2693 4924 quaastiones
2742 4868 2932 4908 omues
2970 4851 3250 4922 explicata:
3300 4851 3519 4912 forent,

1951 4962 2018 5001 ne
2047 4946 2253 5002 diutius
2283 4948 2476 5000 abesse
2506 4956 2832 5013 cogerentur
2862 4984 2878 5008 ,
2917 4953 3027 4997 tres
3074 4958 3144 4997 ex
3195 4955 3516 5008 unaquaque

1951 5039 2222 5106 provincia
2260 5037 2379 5106 eligi
2409 5037 2630 5104 placuit,
2667 5035 2756 5104 qui
2792 5043 3189 5104 permanentes,
3223 5031 3363 5085 facta
3391 5030 3514 5084 aliis

1951 5129 2264 5184 discedendi
2302 5139 2591 5199 potestate,
2639 5127 2736 5196 ipsi
2784 5141 2901 5194 qua:
2956 5127 3158 5194 reliqua
3199 5133 3356 5181 erant
3393 5138 3515 5179 cum

1949 5220 2169 5275 Aurelio
2202 5225 2591 5288 cognoscerent
2622 5233 2684 5272 ac
2717 5218 3129 5273 constituerent.

1956 5397 2177 5452 ARIST.
2216 5417 2233 5450 ι
2270 5399 2714 5467 Quandoquidem
2740 5400 2999 5469 episcopi,
3026 5397 3115 5466 qui
3150 5397 3212 5450 ad
3246 5395 3515 5466 synodum

2024 5509 2042 5542 ι
2078 5499 2375 5552 venerunt,
2413 5492 2612 5546 diutius
2659 5507 2880 5546 manere
2919 5493 3059 5545 haud
3103 5497 3327 5559 possunt
3359 5528 3373 5554 ,
3406 5497 3514 5541 trt-s

2021 5600 2038 5631 ι
2082 5597 2143 5634 cx
2184 5597 2502 5651 unaquaque
2529 5584 2798 5651 provincia
2827 5583 3106 5652 eligantur.
3151 5600 3168 5632 ι

2017 5673 2195 5728 Multis
2225 5671 2502 5731 emaduicis
2532 5677 2919 5745 quaestionibus
2961 5674 3247 5744 propositis
3271 5714 3285 5740 ,
3322 5683 3368 5725 et
3399 5687 3515 5724 om-
