4002 6314
594 235 702 303 ΗΣ)
1841 246 2115 306 ΤΗΕΟῘ).
2159 245 2554 305 BALSAMON
3724 238 3845 301 ηε

591 350 671 401 vel
705 353 875 420 turpis
905 353 1035 410 lucri
1063 365 1387 425 captatores,
1425 368 1478 413 et
1521 363 1609 430 qui
1656 362 1941 425 accipiunt,
1975 373 2027 414 ut
2070 362 2148 413 vel

2256 360 2325 422 ὡς
2365 360 2497 429 γυνὴ
2539 360 2633 411 καὶ
2677 358 2892 428 ἄνηϐος,
2939 357 3029 411 καὶ
3062 357 3228 417 ἄλλοι.
3273 355 3346 416 ὡς
3379 353 3618 414 ἐνόπλως
3664 369 3850 417 στρ-1-

591 450 868 507 aecusent,
893 445 973 498 vel
1006 461 1109 501 non
1138 458 1412 510 accusent,
1437 459 1490 504 et
1513 451 1604 521 qui
1627 453 1758 506 duas
1787 454 2148 510 accusationes

2258 453 2556 522 τευὸμενοι,
2611 452 2758 505 ἄλλοι
2804 451 2878 513 ὡς
2928 453 3206 520 ἄρχοντες,
3251 449 3395 502 ἄλλοι
3439 447 3514 506 ὡς
3558 446 3756 514 ἄτιμοι
3810 444 3847 510 ἢ

592 531 853 587 adversus
901 536 1032 591 alios
1093 537 1524 605 inscripserunt,
1578 542 1668 596 alii
1721 553 1938 612 propter
2000 558 2148 596 suam

2257 542 2685 611 αἰσχροκερδεῖς,
2719 542 2810 594 καὶ
2835 541 3197 608 λαμϐάνοντες
3227 540 3316 592 ἰπὶ
3339 537 3417 607 τῷ
3448 535 3851 605 κατηγορῆσαι

591 621 974 691 conditionem,
1034 637 1090 680 ut
1125 629 1302 684 liberti
1345 642 1734 699 patronorum;
1783 621 1869 686 alii
1930 642 2147 701 propter

2256 632 2290 699 ἢ
2316 634 2388 700 μὴ
2408 633 2800 701 κατηγορῆσαι,
2828 633 2920 684 καὶ
2941 631 2989 683 οἰ
3011 631 3102 684 δύο
3126 631 3458 699 κατηγορίας
3479 628 3599 681 καθ’
3618 629 3852 692 ἑτέρω-δ

591 711 873 768 calumniae
920 718 1304 786 suspicionem,
1334 731 1391 773 ut
1425 721 1512 790 qui
1555 721 1743 775 falsmn
1795 723 2148 776 testimonium

2256 721 2701 789 ἐγγραψάμενοιο
2748 722 2896 774 ἄλλοι
2939 721 3028 772 διὰ
3078 720 3176 788 τὴν
3229 719 3435 789 αἰρεσιν
3489 717 3694 777 αὐτῶν,
3759 717 3854 777 ὡς

591 799 873 868 dixerunt;
905 805 991 856 alii
1020 816 1233 874 propter
1270 819 1658 877 paupertatem,
1694 821 1749 862 nl
1796 825 2022 878 quorum
2073 808 2148 862 fa-

2256 812 2605 877 ἀπελεύθεροι
2633 812 2737 863 τῶν
2761 811 3055 877 πατρὼνων
3080 826 3092 840 ·
3130 809 3277 862 ἄλλοι
3309 808 3374 860 δι’
3403 807 3639 874 ὑποψίαν
3664 821 3853 858 συκο-

591 890 815 944 rultates
843 895 1223 963 quinquaginta
1274 913 1467 953 aureos
1505 915 1610 954 non
1649 900 1913 955 valebant.
1951 900 2024 952 Hi’
2057 916 2148 952 an-

2257 902 2504 970 φαντίας,
2565 901 2640 964 ὡς
2701 903 2746 954 υί
2808 898 3462 969 ψευδομαρτυρήσαντες·
3525 896 3680 948 ἄλλοι
3742 893 3854 946 διὰ

594 988 698 1034 tem
730 997 916 1036 omnes
944 989 1183 1054 proprias
1222 989 1441 1055 injurias
1489 1000 1544 1043 et
1569 1001 1918 1058 cognatorum
1955 990 2148 1045 cardem

2256 996 2468 1056 πενίαν,
2528 993 2602 1055 ὡς
2663 992 2739 1061 μὴ
2800 991 3012 1060 ἔχοντες
3072 989 3407 1056 πεντήκοντα
3467 986 3851 1056 νομισμάτων

593 1072 838 1137 persequi
861 1087 966 1124 non
991 1083 1254 1130 vetantur.
1285 1077 1404 1130 Filii
1436 1087 1610 1130 autem
1640 1089 1692 1132 et
1722 1079 1896 1132 liberti
1927 1095 1956 1132 a
2005 1089 2148 1144 patre

2256 1084 2458 1138 οὐσίαν.
2499 1077 2659 1137 Οὗτοι
2696 1083 2753 1134 δὲ
2795 1083 2993 1142 πάντες
3046 1080 3365 1147 ἐγκλήματα
3399 1078 3504 1130 ἴδια
3539 1078 3631 1129 καὶ
3662 1075 3851 1143 φόνον

590 1155 671 1209 vel
713 1159 902 1213 liberto
936 1165 1270 1230 possessione
1307 1166 1355 1218 vi
1400 1167 1556 1236 eiecti
1598 1185 1699 1223 non
1729 1180 1948 1236 possunt
1990 1171 2058 1225 de
2102 1172 2148 1225 vi

2257 1174 2534 1243 συγγενῶν
2572 1173 2804 1225 ἐκδικεῖν
2833 1171 3106 1225 δύνανται.
3153 1169 3343 1226 Παῖδες
3372 1167 3428 1219 δὲ
3462 1170 3551 1220 καὶ
3585 1164 3850 1219 ἀπελεύο

586 1243 849 1313 judicium
876 1266 1108 1316 movere,
1141 1255 1234 1307 sed
1267 1266 1431 1323 agunt
1464 1257 1528 1310 de
1559 1253 1916 1327 recuperanda
1945 1274 2148 1325 posses-

2256 1265 2402 1334 θεροι
2438 1265 2624 1333 βιαίως
2653 1263 2823 1331 νομῆς
2856 1261 3207 1329 ἐκϐληθέντες
3241 1259 3389 1329 παρά
3420 1256 3514 1309 τοῦ
3550 1256 3772 1320 πατρὸς
3806 1254 3847 1323 ἢ

595 1337 765 1390 sione.
793 1341 923 1391 Nam
954 1351 1006 1393 et
1049 1343 1186 1396 filius
1223 1345 1482 1398 adversus
1513 1358 1734 1399 matrem
1763 1348 1829 1401 de
1877 1349 2148 1418 supposito

2256 1357 2347 1407 τοῦ
2378 1355 2678 1425 πάτρωνος,
2707 1354 2765 1406 τδ
2795 1354 2890 1424 μὲν
2924 1353 3173 1421 ἔγκλημα
3202 1353 3300 1419 τῆς
3331 1350 3448 1419 βίας
3478 1348 3538 1400 οὗ
3565 1349 3850 1401 δύνανται

592 1435 742 1492 partu
794 1430 922 1495 agit,
975 1444 1038 1482 eo
1087 1436 1226 1499 quod
1272 1449 1374 1485 non
1413 1434 1574 1488 habet
1618 1437 1950 1491 colueredem
1983 1477 1999 1501 ,
2049 1453 2148 1491 non

2256 1449 2422 1498 κινεῖν
2446 1462 2459 1476 °
2491 1448 2569 1507 εἰς
2598 1445 2654 1497 δὲ
2683 1445 2743 1498 τὸ
2774 1444 3061 1497 ἀναλαϐεῖν
3080 1442 3175 1512 τὴν
3199 1443 3367 1511 νομὴν
3394 1439 3624 1493 κινοῦσι.
3657 1439 3782 1490 Καὶ
3815 1439 3850 1489 6

594 1530 721 1567 vero
742 1532 856 1569 eam
884 1517 1001 1590 falsi
1025 1531 1264 1575 accusat.
1296 1521 1486 1576 Mimos
1523 1534 1698 1578 autem
1726 1526 1843 1581 illos
1878 1527 2027 1588 dicit.
2059 1528 2148 1595 qui

2256 1537 2369 1597 υἱὸς
2405 1535 2512 1603 γάρ
2542 1535 2684 1590 κατά
2716 1536 2919 1604 μητρὸς
2951 1534 3076 1603 περὶ
3110 1531 3496 1601 ὑποϐολιμαίου
3529 1531 3702 1592 κινεῖ,
3739 1527 3848 1582 διὰ

591 1619 847 1670 porsmias
891 1609 1132 1674 induunt,
1167 1627 1442 1665 servorum
1489 1614 1643 1674 forte,
1687 1615 1764 1668 vel
1822 1616 2148 1672 mulierum:

2256 1629 2310 1680 sb
2354 1628 2429 1698 μὴ
2479 1630 2626 1695 σχεῖν
2654 1627 2817 1679 αὐτὸν
2849 1620 3317 1694 συγκληρονόμον,
3357 1622 3417 1675 οὐ
3459 1623 3568 1692 μὴν
3601 1621 3662 1675 τὸ
3696 1620 3847 1689 περὶ

592 1709 694 1748 non
723 1707 898 1749 autem
923 1714 1109 1754 omnes
1141 1702 1473 1770 thymelicos.
1510 1703 1585 1756 llli
1609 1708 1771 1769 enim,
1799 1707 1887 1773 qui
1921 1714 2148 1759 tractant

2256 1686 2725 1787 πλαστογραφίας.
2760 1686 2976 1785 Μίμους
3022 1686 3203 1782 μεντοί
3235 1686 3474 1774 ἐκείνους
3504 1686 3628 1778 λέγε
3649 1752 3665 1775 ,
3701 1686 3848 1771 τους

591 1784 944 1838 instrumenta
968 1790 1191 1854 musica,
1219 1791 1365 1844 bona:
1399 1801 1526 1844 sunt
1552 1794 1988 1850 existimationis.
2015 1793 2146 1847 Tur-

2256 1784 2569 1877 προσωπεῖα
2595 1784 3012 1875 ὑποδυομένους,
3037 1803 3238 1856 δούλων
3266 1803 3425 1871 τυχὸν
3450 1803 3482 1872 ἢ
3514 1803 3606 1854 καί⁵
3635 1818 3848 1869 γυναι-

592 1874 813 1940 pitudini
854 1891 1029 1931 autem
1079 1890 1203 1932 sunt
1250 1883 1489 1948 obnoxii,
1529 1885 1819 1938 secundum
1867 1899 2148 1949 eanonem,

2256 1874 2382 1960 κιῦν,
2416 1900 2508 1950 καὶ
2543 1897 2616 1967 μὴ
2645 1874 2850 1956 πάντας
2879 1895 3004 1956 τοὺς
3031 1896 3129 1963 τῆς
3156 1893 3422 1963 θυμέληςε
3459 1893 3687 1964 Ἐκεῖνοι
3714 1890 3844 1958 γὰρ

591 1964 809 2019 lenones
840 1970 928 2043 qui
963 1973 1336 2026 meretricibus
1370 1985 1628 2037 praesunt,
1661 1984 1713 2028 et
1750 1974 1834 2027 alii
1864 1976 2148 2043 ejusmodi.

2256 1990 2301 2042 οἱ
2359 1990 2425 2042 τά
2485 1964 2715 2056 μουσικά
2777 1985 2982 2054 ὄργανα
3053 1983 3549 2055 μεταχειριζόμενοι
3605 1983 3837 2051 εντιμοι

591 2052 824 2107 lnfames
860 2071 985 2108 vero
1025 2067 1149 2111 sunt
1182 2075 1301 2112 cum
1335 2061 1451 2114 aliis
1484 2071 1536 2114 et
1591 2063 1827 2117 bestiarii
1879 2068 1968 2132 qui
2013 2082 2148 2121 mer-

2256 2082 2417 2134 εἰσιν.
2457 2052 2791 2150 Ᾰίσχρὸτησι
2815 2052 2876 2132 ἣδε
2907 2052 3300 2147 ὑποϐέϐληνται
3333 2076 3474 2128 κατά
3503 2075 3592 2127 τὸν
3623 2074 3851 2128 κανόνα

589 2144 770 2196 cedem
799 2147 1085 2214 accipiunt,
1109 2157 1165 2200 ut
1191 2158 1561 2218 pugnentcum
1585 2154 1792 2216 belluis,
1818 2164 1869 2208 et
1891 2171 1984 2222 pro
2007 2159 2148 2211 lucro

2256 2173 2301 2223 οἰ
2349 2144 2680 2240 προαγωγοὶ.
2720 2144 2784 2223 ⁷οἰ
2839 2144 3229 2239 πορνευουσιῖινν
3269 2168 3678 2236 προϊστάμενοι,
3731 2162 3850 2216 καὶ

591 2234 751 2286 vitam
783 2251 932 2290 suam
965 2238 1294 2304 projiciunt;
1332 2257 1433 2293 non
1463 2251 1635 2295 autem
1669 2242 1763 2308 illi,
1807 2246 1894 2312 qui
1937 2248 2148 2301 virtutis

2256 2234 2430 2332 ἕτεροι
2467 2234 2715 2314 τοιοιῖτοι.
2753 2258 2857 2312 Καὶ
2885 2234 3069 2328 ἄτιμοι
3098 2258 3153 2311 δέ
3184 2260 3288 2310 εἰσι
3313 2234 3416 2309 σὺν
3443 2257 3624 2316 ἄλλοις
3657 2253 3758 2306 καὶ
3787 2256 3844 2306 οἱ

592 2328 920 2380 ostentandae
937 2329 1107 2394 gratia
1137 2340 1448 2384 concertant
1472 2348 1594 2385 cum
1629 2332 1832 2387 bestiis.
1862 2334 1978 2387 Non
2009 2337 2148 2389 enim

592 2415 751 2474 actio,
778 2417 870 2469 sed
901 2418 1061 2471 animi
1116 2421 1445 2488 propositum
1495 2424 1578 2477 hic
1632 2425 1895 2493 punitur‘:
1937 2426 2057 2494 quia
2096 2439 2148 2480 et

592 2503 691 2571 ipsi
723 2518 872 2575 reges
903 2519 1139 2575 pugnant
1178 2526 1297 2564 cum
1334 2513 1538 2568 bestiis.

662 2802 910 2857 ZONAR.
966 2803 1071 2858 Nec
1119 2820 1371 2861 accusare
1417 2809 1580 2874 servi,
1642 2825 1737 2864 nec
1790 2814 2152 2868 testimonium

591 2891 788 2954 dicere,
837 2908 933 2946 nec
977 2896 1075 2948 alia
1108 2897 1348 2963 quaedam
1396 2914 1646 2953 exercere
1698 2902 1898 2961 legibus
1933 2906 2154 2971 permit-

2253 2352 2611 2421 θηριομάχοι.
2646 2353 2693 2404 οί
2732 2351 2920 2419 μισθὸν
2953 2349 3326 2418 λαμϐάνοντες
3356 2348 3514 2417 χάριν
3544 2345 3638 2398 τοῦ
3665 2344 3844 2399 πολε-

2257 2446 2427 2513 μῆσαι
2451 2443 2656 2512 θηρίον,
2689 2441 2781 2494 καὶ
2804 2442 2894 2494 διά
2919 2440 3106 2509 κέρδος
3133 2438 3229 2508 τὴν
3252 2438 3456 2490 οἰκείαν
3479 2436 3843 2506 προδιδόντες

2255 2537 2422 2603 ζωὴν,
2453 2535 2511 2588 οὐ
2547 2534 2653 2604 μὴν
2677 2534 2724 2585 οἰ
2751 2531 2839 2585 διὰ
2864 2532 3123 2595 ἐπίδειξιν
3149 2527 3398 2598 ἀνδρείας
3425 2525 3852 2598 Θηριομαχοῦν-ν

2253 2645 2360 2689 τες.
2391 2628 2465 2679 0-3
2501 2626 2608 2695 γάρ
2652 2626 2684 2693 ἡ
2716 2622 2931 2693 πρᾶξις,
2981 2621 3116 2674 ἀλλά
3152 2623 3185 2690 ἡ
3237 2618 3570 2689 προαίρεσις·
3593 2614 3846 2668 ἐνταῦθα

2255 2720 2570 2781 κολάζεται·
2607 2718 2687 2769 ὅτι
2728 2716 2823 2768 καὶ
2857 2713 3097 2782 βασιλεῖς
3128 2707 3576 2779 θηριομαχοῦσιν.

2325 2810 2569 2862 ΖΩΝΑΡ.
2604 2808 2667 2860 Οί
2703 2805 2878 2858 δοῦλοι
2917 2806 3030 2865 τοῖς
3062 2804 3247 2870 νόμοις
3294 2798 3652 2869 ἀπρόσδεκτοί
3686 2800 3847 2851 εἰσιν

2256 2900 2334 2960 εἰς
2360 2899 2418 2950 τὸ
2446 2897 2667 2963 ἀνάγειν
2692 2896 2722 2964 ἢ
2759 2896 3054 2964 μαρτυρεῖν
3082 2893 3175 2946 καὶ
3201 2894 3276 2953 εἰς
3294 2890 3456 2958 ἱἕτερα
3486 2907 3500 2920 ·
3531 2891 3578 2942 οἰ
3609 2890 3664 2940 δὲ
3693 2890 3843 2942 ἀττε-

595 2992 816 3037 tunlnr:
864 2983 1038 3036 liberti
1071 3001 1220 3049 vero,
1253 2987 1386 3038 alios
1420 2989 1630 3055 quidem
1682 2991 1732 3044 in
1777 2994 2034 3057 jndicin'n
2080 2996 2148 3049 rei

2256 2988 2501 3058 λεύθεροι
2535 2987 2676 3040 κατά
2721 2985 2816 3056 μὲν
2848 2985 3019 3039 ἀλλων
3056 2984 3306 3036 δύνανται
3354 2982 3568 3048 ἐνάγειν
3602 2983 3697 3032 καὶ
3740 2982 3841 3046 ιγ-

593 3086 807 3138 qnnque
832 3075 1078 3140 capitalis
1100 3090 1288 3129 vocare
1315 3087 1533 3145 possunt
1561 3095 1573 3141 ;
1613 3095 1716 3131 non
1751 3091 1922 3134 tamen
1957 3100 2070 3145 eos,
2117 3100 2145 3137 a

593 3163 785 3228 quibus
838 3165 1168 3229 manumissi,
1199 3179 1288 3218 aut
1318 3183 1500 3220 eorum
1530 3169 1747 3232 liberos,
1789 3187 1886 3224 nec
1917 3175 1980 3224 ad
2013 3190 2147 3242 quos

594 3253 902 3306 haereditate
929 3264 1239 3317 patronatus
1263 3259 1379 3322 jura
1419 3273 1727 3325 pervenere.
1759 3261 1848 3313 Est
1882 3277 2006 3315 vero
2051 3279 2146 3332 pa-

595 3349 834 3394 tronatus
880 3342 1063 3394 Latina
1095 3345 1279 3407 dictio,
1305 3361 1330 3394 a
1359 3345 1558 3400 Graecis
1601 3363 1815 3416 quoque
1865 3361 2145 3417 usurpata,

593 3446 713 3498 qum
749 3431 836 3497 jus
885 3434 1148 3500 quoddam
1186 3437 1519 3490 auctoritatis
1557 3438 1608 3489 in
1643 3437 1800 3491 alium
1860 3453 1919 3490 ac
1975 3439 2150 3492 tutelas

596 3523 810 3576 indicat.
850 3524 1028 3589 Neque
1058 3525 1220 3592 igitur
1253 3542 1439 3580 servus
1474 3530 1538 3579 ad
1579 3529 1808 3596 episcopi
1850 3543 1938 3580 ant
1966 3530 2146 3583 clerici

593 3615 988 3666 accusationem
1016 3630 1183 3667 eanon
1230 3618 1485 3680 admittit,
1530 3634 1627 3672 nec
1667 3630 2034 3672 accusatorum
2081 3619 2148 3671 li-

593 3706 791 3776 bertos,
828 3721 921 3759 nec
957 3707 1163 3771 aliquos
1187 3708 1337 3770 alios,
1375 3710 1464 3776 qui
1516 3709 1690 3775 legum
1735 3710 1968 3762 civilimn
2015 3728 2147 3765 con-

592 3795 957 3848 stitutinnibus
986 3795 1052 3847 ab
1083 3800 1428 3851 accusatione
1458 3799 1716 3852 criminali
1746 3809 2015 3864 arcentur,
2057 3817 2149 3854 ne-

592 3900 694 3950 que
729 3884 975 3946 infames,
1009 3886 1192 3953 quales
1217 3897 1340 3940 sunt
1373 3889 1542 3950 mimi,
1576 3890 1776 3958 quique
1806 3906 1926 3943 eum
1960 3892 2149 3946 bestiis

595 3988 833 4045 pugnant
869 3979 948 4030 vel
981 3979 1070 4045 qni
1104 3979 1474 4044 gladiatoriam
1504 3989 1757 4034 exercent
1788 4019 1801 4034 .
1834 3980 1934 4034 Per
1959 3983 2149 4036 mimos

593 4081 719 4119 vero
758 4066 998 4120 sceltictls
1039 4081 1226 4119 oanm-s
1270 4067 1548 4132 intellexit,
1575 4084 1796 4134 quorum
1819 4084 1880 4122 ex
1906 4085 2147 4133 numero,

590 4159 680 4225 qui
707 4158 916 4222 quidem
944 4167 1219 4223 spectante
1245 4159 1563 4225 imperatore
1585 4160 1716 4213 artis
1742 4175 1852 4212 sua:
1876 4161 2147 4227 specimen

589 4249 773 4316 edunt,
811 4248 1014 4302 honesti
1046 4264 1072 4299 a
1122 4249 1325 4312 legibus
1358 4250 1770 4304 existimantur:
1806 4251 1896 4318 qui
1934 4266 2057 4304 vero
2094 4252 2145 4304 in

2256 3079 2626 3148 κληματικῶς,
2651 3077 2788 3130 κατά
2818 3077 2871 3128 δὲ
2895 3076 3002 3126 τῶν
3029 3073 3406 3143 ὲλευθερωτῶν
3432 3072 3631 3132 αὐτῶν,
3659 3071 3693 3140 ἦ
3720 3071 3840 3123 τῶν

2255 3172 2461 3223 παίδων
2493 3169 2693 3227 αὐτῶν.
2728 3168 2759 3236 ἢ
2791 3167 2897 3217 τῶν
2922 3165 3273 3234 κληρονόμων
3299 3165 3404 3214 τῶν
3437 3164 3666 3229 ιχόντων
3703 3161 3834 3213 κατ’

2256 3264 2432 3315 αὐτῶν
2464 3257 2781 3327 πατρωνικὶι
2814 3256 2994 3310 δίκαια
3025 3256 3084 3307 οὐ
3120 3255 3396 3308 δύνανται.
3443 3254 3503 3305 Ἠ
3540 3251 3834 3320 πατριυνία

2253 3353 2310 3405 δὲ
2351 3352 2632 3419 Ῥωμαῖκὴ
2655 3346 2787 3402 οὖσα
2817 3348 2959 3411 λέξις
2985 3347 3078 3398 καὶ
3107 3345 3554 3412 ὲξελληνιζομένη
3587 3359 3837 3408 προστα-

2257 3442 2345 3492 σία
2395 3442 2617 3492 νοεῖται.
2673 3438 2811 3491 Οὓτε
2865 3436 2957 3488 οὖν
2993 3434 3209 3495 δούλους
3249 3433 3462 3502 δέχεται
3499 3431 3839 3498 κατηγορεῖν

2254 3530 2566 3583 ἐπισκόπων
2601 3530 2692 3583 καὶ
2727 3526 3007 3596 κληρικῶν
3052 3525 3078 3576 ὁ
3114 3523 3325 3577 κανὼν.
3375 3521 3496 3573 οὔτε
3529 3520 3836 3573 ἀπελευθέ-

2258 3638 2382 3689 ρους
2415 3622 2576 3682 ἰδίους
2598 3618 2704 3671 τῶν
2732 3613 3246 3685 κατηγορουμένων,
3275 3612 3396 3665 οὒτε
3428 3613 3574 3673 τινὰς
3609 3612 3829 3672 ἄλλους.

2253 3711 2345 3776 οὒς
2395 3714 2441 3763 οἰ
2487 3708 2752 3763 πολιτικοὶ
2801 3707 2955 3774 νόμοι
3007 3706 3334 3772 κατηγορεῖν
3388 3702 3682 3754 κωλύουσιν
3735 3701 3841 3754 ὲπ*

2255 3805 2609 3872 ιγκλήμασιν,
2638 3798 2759 3850 οὔτε
2791 3797 3035 3864 ἀτίμους,
3066 3790 3176 3846 οἷον
3209 3794 3402 3861 μίμους
3438 3799 3527 3843 κιὶ
3558 3792 3831 3860 θηριομά-

2255 3911 2380 3964 χους
2403 3893 2434 3961 ἦ
2461 3889 2819 3960 μονομάχους.
2843 3887 2938 3938 Διά
2959 3885 3014 3936 δὲ
3043 3884 3150 3936 τῶν
3180 3884 3364 3950 μίμων
3391 3885 3513 3943 τοὺς
3538 3885 3832 3951 σκηνικοὺς

2258 3986 2462 4044 πάντας
2491 3981 2760 4050 ἐδήλωσεν
2782 4021 2796 4042 ,
2831 3971 2906 4029 ὧν
2944 3979 2990 4028 οἱ
3029 3976 3158 4044 μὲνῖ,
3189 3974 3437 4035 εἰωθότες
3470 3972 3698 4026 ἐνώπιον
3732 3973 3828 4026 τοῦ

2257 4073 2519 4144 βασιλέως
2574 4071 2643 4123 τὰ
2699 4068 2906 4121 ἑαυτῶν
2961 4063 3332 4118 ἐνδείκνυσθαι
3392 4064 3836 4131 ἐπιτηδεύματα.

2256 4165 2460 4230 ἔντιμοι
2493 4163 2603 4220 τοῖς
2636 4159 2820 4226 νόμοις
2851 4155 3158 4222 λογίζονται
3183 4170 3195 4182 °
3227 4155 3276 4205 οἱ
3308 4145 3364 4206 δὲ
3397 4155 3453 4205 ὲν
3484 4153 3835 4222 πανηγύρεσι,

2258 4255 2348 4306 καὶ
2378 4252 2696 4318 δημοτικαῖς
2726 4247 3070 4300 συνελεύσεσι
3096 4246 3376 4307 παίζοντες
3401 4244 3584 4311 ἄτιμοι
3611 4244 3828 4313 κρίνον-

593 4341 707 4392 foro
761 4355 938 4391 coram
987 4340 1232 4406 imperita
1287 4340 1623 4392 multitudine
1671 4341 1822 4395 ludos
1867 4341 2144 4405 exhibent,

2256 4357 2366 4391 ται·
2425 4338 2626 4408 ὁμοίιος
2687 4338 2777 4389 καὶ
2832 4337 2880 4387 οἰ
2935 4335 3282 4404 θηριομάχοι,
3343 4332 3392 4383 οἳ
3447 4334 3539 4384 καὶ
3595 4335 3827 4399 κυνηγοὶ

593 4429 818 4482 infames
845 4430 1128 4482 ducuntur.
1168 4429 1422 4483 Similiter
1469 4440 1522 4481 et
1571 4431 1604 4481 ii
1642 4431 1730 4498 qui
1791 4445 1910 4483 cum
1963 4430 2147 4483 bestiis

591 4528 845 4585 pugnant,
882 4518 971 4583 qui
1003 4518 1161 4581 etiam
1213 4527 1495 4571 venatores
1530 4518 1800 4580 dicuntur,
1836 4529 1893 4570 ut
1939 4527 1993 4570 et
2040 4519 2153 4585 gla-

592 4611 870 4672 diatores;
910 4609 952 4661 si
986 4609 1196 4674 quidem
1231 4607 1558 4662 fortitudinis
1587 4612 1916 4664 ostentandm
1939 4611 2151 4676 gloriae-

591 4713 693 4765 que
715 4699 1082 4764 ceinparanda‘.
1125 4697 1300 4749 studio
1330 4698 1609 4751 bestiarios
1639 4708 1801 4764 agunt
1833 4709 1925 4751 aut
1953 4700 2153 4767 gladia-

592 4798 757 4851 tores,
787 4790 928 4842 nulla
961 4791 1085 4842 hinc
1128 4804 1219 4842 eos
1251 4790 1468 4842 honoris
1498 4789 1704 4855 jactura
1755 4792 2102 4856 consequitur
2133 4805 2147 4840 :

591 4881 674 4935 sin
733 4882 976 4933 mercede
1020 4879 1296 4941 conducti,
1351 4880 1642 4946 ignominia
1685 4890 1961 4932 notantur.
2019 4879 2148 4931 Nam

591 4946 890 5040 quicunque
918 4973 1036 5024 vita:
1060 4987 1168 5026 sua:
1197 4971 1339 5024 haud
1365 4986 1610 5039 parcens,
1642 4985 1756 5023 eam
1789 4972 1958 5038 pretio
1989 4988 2151 5024 vena-

593 5064 691 5116 lem
725 5063 900 5121 habet,
946 5073 1278 5130 mortemque
1329 5079 1486 5116 causa
1527 5063 1657 5114 lurri
1699 5062 2150 5129 c0nteinnit;qui

597 5155 708 5207 fleri
755 5164 947 5222 potest.
978 5153 1136 5223 665
1173 5164 1228 5205 nt
1262 5153 1649 5207 existimationi
1698 5169 1804 5205 sua:
1853 5153 2152 5221 honorique

595 5246 822 5313 parcat?
857 5245 958 5298 Sed
993 5260 1163 5312 nquIe
1206 5246 1470 5298 litereticis
1519 5254 1612 5296 ant
1653 5245 1953 5298 inlidelibus
1993 5260 2149 5296 accu-

595 5351 714 5389 sare
741 5339 915 5388 datum
937 5347 1038 5389 est.
1063 5335 1163 5399 Qui
1189 5347 1360 5390 tamen
1384 5351 1590 5398 omnes,
1621 5337 1664 5388 si
1695 5336 1889 5403 aliquid
1923 5337 2152 5389 habeant

600 5427 814 5493 priVata:
847 5427 1247 5489 contraxersim,
1297 5445 1358 5483 ac
1389 5429 1453 5482 de
1487 5444 1548 5482 ea
1582 5427 1680 5480 sibi
1728 5426 1984 5494 judicium
2035 5428 2148 5478 dari

2251 4431 2624 4498 ὀνομάζονται,
2656 4429 2748 4478 καὶ
2780 4426 3233 4494 μονομαχοῦντες,
3269 4426 3316 4476 εἰ
3348 4424 3444 4491 μὲν
3469 4422 3536 4475 δι’
3568 4424 3828 4489 ἐπίδειξιν

2249 4521 2497 4591 ἀνδρείας
2540 4521 2633 4571 καὶ
2655 4519 2808 4585 δόξης
2831 4516 3007 4586 ἔρωτα
3045 4515 3470 4584 Θηριομιχοῦσιν
3513 4518 3543 4582 ἥ
3582 4532 3826 4583 μονομαο

2248 4612 2455 4682 χοῦσιν,
2487 4611 2725 4680 ὲπίτιμοί
2746 4607 2902 4660 εἰσιν·
2924 4607 3043 4659 εἰδὲ
3065 4608 3150 4658 διά
3174 4607 3382 4674 μισθὸν,
3403 4608 3607 4672 ἄτιμοι.
3639 4605 3697 4656 '0
3716 4609 3826 4674 γάρ

2245 4706 2341 4770 τῆς
2355 4704 2556 4762 οἰκεῗας
2576 4699 2716 4770 ζωῆς
2738 4700 2809 4768 μὴ
2828 4699 3158 4767 φειδόμενος,
3185 4698 3317 4749 ἀλλά
3337 4695 3526 4762 μισθοῦ
3544 4696 3824 4764 προδιδοὺς

2247 4792 2437 4861 αὐτὴν,
2481 4792 2573 4843 καὶ
2601 4791 2830 4842 θανάτου
2872 4788 2958 4839 διὰ
2985 4789 3171 4854 κέρδος
3205 4784 3576 4852 καταφρονῶν,
3618 4785 3735 4844 πῶς
3762 4786 3825 4836 ἂν

2250 4884 2346 4950 τῆς
2369 4881 2570 4941 οἰκείας
2609 4881 2852 4946 φείσεται
2877 4878 3192 4947 ὑπολήψεως
3218 4893 3233 4940 ;
3270 4875 3514 4929 ἀλλὀὐδὲ
3531 4875 3824 4943 αἱρετικοῖς

2253 4973 2284 5040 ἧ
2322 4971 2566 5033 ἀπίστοις
2590 4970 2770 5022 δίδωσι
2795 4972 3134 5038 κατηγορεῖν.
3167 4969 3226 5019 Εἰ
3268 4968 3321 5018 δὲ
3350 4967 3481 5029 ἰδίας
3522 4968 3570 5020 οἰ
3594 4966 3825 5019 τοιοῦτοι

2255 5063 2430 5125 αἰτίας
2463 5062 2664 5132 ἔχουσι,
2692 5062 2784 5112 καὶ
2816 5061 2940 5128 περὶ
2966 5059 3168 5110 τούτων
3189 5044 3456 5125 ὲνάγουσι,
3490 5058 3823 5128 προσδεχθή-

2259 5171 2459 5215 σονται,
2511 5154 2614 5206 κάν
2659 5150 2777 5204 κατ’
2819 5151 3128 5203 ἐπισκόπων
3167 5149 3199 5216 ἢ
3250 5149 3522 5218 κληρικῶν
3567 5150 3822 5216 ὲνάγωσι.

2256 5247 2334 5297 Τὰ
2387 5244 2526 5296 αὐτά
2585 5243 2641 5294 δὲ
2697 5241 2985 5309 διορίζεται
3055 5239 3148 5290 καὶ
3207 5242 3234 5292 ὁ
3280 5240 3433 5301 ἕκτος
3491 5238 3666 5290 κανὼν
3723 5240 3822 5302 τῆς

2257 5337 2510 5404 δευτέρας
2538 5334 2774 5387 συνόδου.
2817 5332 3214 5400 ’Λναγνωστέον
3238 5329 3327 5383 καὶ
3349 5331 3414 5382 τά
3439 5331 3495 5381 ὲν
3521 5329 3714 5397 ἐκείνῳ
3731 5343 3825 5395 γε-

2259 5430 2566 5494 γραμμὲνα.

596 5523 958 5584 velint,et'am
982 5529 1528 5595 adversuscpiseopos
1567 5537 1616 5580 ct
1660 5526 1885 5580 clericos
1925 5527 2227 5580 audiantur.
2283 5524 2475 5578 Eadem
2551 5531 2732 5579 sextus
2799 5536 3010 5590 quoque
3090 5519 3334 5575 secunda:
3387 5515 3573 5587 synodi
3650 5526 3825 5568 canon

605 5619 787 5674 edicit.
828 5619 902 5674 Tu
931 5638 1046 5694 qua:
1078 5624 1127 5680 in
1153 5639 1271 5680 eum
1302 5625 1498 5691 scripta
1530 5630 1648 5676 sunt
1683 5619 1813 5674 vide.
