4002 6314
189 364 322 431 ιιπ

1242 371 1323 433 1N
1362 373 1523 435 CAN.
1559 368 1796 433 CXXXI
1835 371 2041 433 CONC.
2105 373 2479 434 CARTHAG.

3365 374 3471 437 418

206 479 496 538 ’ΔΡΙΣἹᾋ
538 501 558 536 ε
597 485 705 537 Καὶ
748 485 776 537 6
806 484 1010 549 δοῦλος,
1041 483 1136 537 καὶ
1179 484 1208 536 6
1239 484 1620 554 ἀπελεύθερος,
1663 486 1794 538 καὶι

1916 483 2136 538 ARIST.
2169 504 2186 536 ι
2224 486 2285 538 Et
2314 501 2521 549 servus,
2553 496 2603 539 et
2632 487 2873 548 libertus,
2902 494 2954 540 et
2982 485 3070 555 qui
3096 497 3219 540 ante
3246 499 3470 542 accusa-

294 591 321 624 ε
371 576 890 645 προκατηγορηθεὶς
929 574 1021 627 ἐπί
1053 593 1104 628 τι
1143 575 1251 627 τῶν
1278 576 1338 628 ού
1375 575 1812 645 προσδεχομένων

291 680 320 714 ε
372 662 458 733 τῷ
495 665 760 734 δημοσίῳ,
795 665 892 718 καὶ
925 666 954 717 6
989 668 1170 735 μῖμος,
1206 667 1298 719 καὶ
1334 666 1363 717 6
1394 665 1626 741 Ἕλλην,
1666 667 1756 718 καὶ
1786 667 1815 718 ό

300 768 331 804 σ
382 754 690 823 αἱρετικδς,
725 755 818 806 καὶ
848 757 876 807 ό
918 753 1187 817 Ἰουδαῖος.
1230 772 1249 806 ι

289 848 392 899 Οὐ
430 845 513 900 δεῖ
540 846 905 911 ἀνεξετάστως
931 849 1026 910 τὰς
1058 848 1196 901 κατὰ
1227 849 1534 901 ἐπισκόπων
1563 848 1596 919 ἢ
1627 848 1814 918 κληρι-

201 934 350 986 κῶν
409 935 741 1004 κατηγορίας
787 934 820 1004 ἢ
863 935 1165 1004 μαρτυρίας
1207 935 1633 1005 προσδέχεσθαι·
1679 936 1813 989 ἀλλὰ

199 1026 566 1094 ἀνακρίνειν
614 1027 735 1087 τοὺς
790 1025 1223 1094 κατηγοροῦντας
1277 1025 1310 1096 ἢ
1366 1026 1808 1096 μαρτυροῦντας,

198 1115 422 1167 ὁποῖοί
455 1117 561 1166 είσι
594 1115 732 1168 κατὰ
765 1115 854 1167 τὸν
880 1115 1035 1167 ἕκτον
1065 1116 1263 1167 κανόνα
1295 1116 1393 1184 τῆς
1426 1119 1482 1169 ὲν
1517 1118 1808 1171 Κωνσταν-

198 1203 552 1256 τινουπόλει
605 1205 821 1257 συνόδου
850 1219 864 1236 ·
915 1207 1008 1258 καὶ
1054 1205 1103 1256 εί
1159 1204 1255 1272 μὲν
1299 1204 1390 1257 τὸν
1436 1205 1548 1274 βίον
1599 1205 1810 1275 ἔχουσιν

199 1295 558 1363 ἄμεμπτον,
589 1297 680 1348 καὶ
712 1297 811 1364 τὴν
839 1296 1132 1364 θρησκείαν
1162 1294 1460 1364 όρθόδοξον,
1492 1297 1807 1367 προσίεσθαι

199 1384 478 1447 αὐτούς·
508 1387 553 1438 εξ
581 1386 639 1440 δὲ
665 1387 698 1456 ἢ
725 1386 900 1439 δοῦλοί
928 1387 1063 1438 είσιν
1097 1380 1262 1454 (οὗτοι
1291 1388 1398 1455 γὰρ
1432 1389 1523 1439 καὶ
1564 1387 1671 1439 άπὸ
1701 1386 1808 1438 τῶν

199 1474 541 1527 πολιτικῶν
565 1477 743 1545 νόμων
765 1476 882 1529 οὐδὲ
907 1477 1026 1530 καθ’
1046 1477 1370 1546 οίουδήτινος
1389 1478 1807 1546 ὲγκληματικῶς

212 1564 256 1632 ἢ
302 1565 679 1634 χρηματικῶς
705 1604 722 1630 ,
770 1565 982 1632 ὲνάγειν
1021 1566 1054 1635 ἢ
1098 1569 1390 1635 μαρτυρεῖν
1423 1566 1718 1633 δύνανται),
1772 1569 1804 1637 ἢ

200 1655 597 1722 ἀπελεύθεροι
644 1657 764 1710 ῐδιοι
817 1657 910 1711 τοῦ
962 1657 1436 1727 κατηγορουμένου
1489 1657 1803 1727 (κωλύονται

203 1745 344 1815 γὰρ
387 1747 482 1797 καὶ
508 1739 653 1798 οὗτοι
686 1746 793 1798 ἀπὸ
819 1746 996 1815 νόμων
1028 1747 1163 1800 κατὰ
1188 1745 1295 1798 τῶν
1324 1745 1802 1815 ἑλευθερωσάντων

202 1837 437 1898 αὐτοὺς
461 1835 550 1888 ἐπ’
576 1836 884 1905 ἐγκλήμασι
914 1838 1232 1906 μαρτυρεῖν,
1262 1837 1349 1889 διὰ
1377 1837 1437 1888 τὸ
1459 1837 1802 1890 ἁπαιτείσθαι

206 1925 448 1993 τιμίους
478 1928 572 1978 καὶ
601 1925 787 1994 ἁγίους
814 1926 939 1989 τοὺς
972 1925 1260 1995 πάτρωνας
1297 1925 1494 1991 αὐτῶν,
1527 1926 1646 1996 ἦτοι
1679 1928 1802 1988 τοὺς

206 2013 627 2084 ιλευθερωτάς,
662 2014 1074 2086 λογίζεσθαι),ἥ
1107 2018 1674 2087 προκατηγορηθέντες
1707 2021 1800 2070 καὶ

208 2105 300 2170 μὴ
361 2105 729 2174 προφανέντες
768 2104 1066 2172 ἀνεύθυνοι,
1099 2106 1131 2176 ἢ
1178 2107 1232 2158 ἐν
1260 2107 1502 2176 δημοσίῳ
1535 2123 1799 2173 κατακρι-

209 2194 416 2255 θέντες
448 2195 801 2265 δικαστηρίῳ,
826 2198 921 2250 καὶ
950 2199 1114 2267 μήπω
1137 2197 1246 2250 61:6
1274 2197 1556 2267 βασιλικῆς
1580 2199 1799 2266 εὐεργε-

210 2288 350 2348 σίας
379 2287 459 2348 είς
483 2287 582 2357 τὴν
606 2287 808 2341 οίκείαν
831 2289 1110 2357 ἐπιτιμίαν
1133 2289 1626 2353 άποκαταστάντες,
1653 2290 1684 2358 ἢ
1712 2291 1799 2342 τόν

212 2377 346 2446 βίον
378 2378 699 2448 ἑφύϐριστον
732 2380 940 2449 ἔχοντες
962 2421 976 2444 ,
1009 2380 1083 2443 ὡς
1110 2385 1286 2448 μῖμοι,
1319 2381 1415 2434 καὶ
1447 2381 1692 2450 σκηνικοί
1715 2395 1730 2410 ·
1764 2381 1796 2450 ἧ

215 2467 328 2535 τῆς
352 2469 626 2537 ἡμετέρας
648 2469 938 2539 θρησκείας
958 2469 1105 2532 ὄντες
1128 2470 1414 2541 ἀλλότριοι,
1441 2471 1511 2530 ὡς
1536 2473 1796 2534 Ἰουδαῖοι,

214 2559 504 2626 αἱρετικοί
535 2575 591 2611 τε
627 2561 720 2612 καὶ
755 2559 1013 2628 Ἕλληνες
1041 2576 1052 2591 ’
1084 2563 1142 2612 οὐ
1179 2562 1683 2631 παραδεχθήσονται
1717 2567 1796 2626 είς

214 2647 624 2714 κατηγορίανῆ
656 2649 736 2708 είς
761 2647 1067 2717 μαρτυρίαν
1089 2650 1399 2703 ἐπισκόπων
1424 2651 1455 2718 ἤ
1484 2652 1756 2720 κληρικῶν
1778 2669 1794 2686 ’

215 2737 316 2788 διὰ
351 2737 411 2788 τὸ
442 2737 609 2806 μηδέν
639 2756 690 2790 τι
719 2739 914 2799 αὐτοὺς
940 2740 1122 2808 ἕτερον
1149 2741 1394 2793 σπεύδειν
1427 2743 1457 2810 ἢ
1490 2743 1796 2811 μῶμονκαὶ

217 2827 424 2879 σπῖλον
452 2830 570 2889 ταῖς
614 2827 915 2897 ύπολήψεσι
950 2831 1284 2902 προσάπτειν
1319 2832 1424 2885 τῶν
1454 2833 1640 2901 ἱερέων
1659 2873 1674 2896 ,
1705 2835 1797 2886 καὶ

222 2916 471 2986 ταραχάς
508 2917 733 2986 ἐπάγειν
758 2921 822 2988 τῇ
867 2920 1182 2990 Ἐκκλησία.

803 3010 1038 3063 ΚΑΝΩΝ
1068 3012 1236 3066 ΡΛΑ’.

1991 594 2008 624 t
2041 584 2125 628 tur
2143 576 2319 644 aliquo
2341 591 2522 630 eorum
2547 576 2829 628 criminum
2859 576 2927 629 ob
2966 590 3083 642 qua:
3104 574 3170 627 ad
3202 575 3467 644 publicum

1988 684 2007 717 ι
2035 665 2290 733 judicium
2322 682 2421 720 non
2453 666 2770 729 admittitur,
2795 674 2846 718 et
2889 667 3099 729 mimus,
3132 673 3184 718 et
3226 662 3467 727 Grauis.

1989 773 2007 806 ι
2039 766 2089 809 et
2119 755 2419 819 lueretieus,
2443 766 2496 808 et
2522 755 2756 808 Judaeue.
2797 773 2816 806 ι

1983 843 2096 897 Non
2142 854 2352 913 oportet
2405 846 2767 900 accusationes
2818 855 2873 900 et
2931 846 3228 900 testimonia
3277 857 3462 902 contra

1911 937 2191 1004 episcopos
2227 936 2305 988 vel
2337 937 2560 990 clericos
2599 937 2714 990 sine
2741 939 3130 992 examinatione
3172 939 3413 1004 accipere
3445 954 3462 994 :

1910 1023 2003 1076 sed
2034 1033 2369 1078 accusatores
2395 1028 2507 1078 sive
2541 1033 2702 1078 testes
2737 1027 3064 1089 examinare,
3103 1026 3288 1094 quales
3331 1027 3455 1090 sint,

1905 1112 2054 1180 juxta
2087 1124 2294 1166 sextum
2335 1114 2517 1181 synodi
2551 1113 3145 1183 Constantinopolitanae
3173 1130 3463 1172 canonem.

1909 1203 1973 1256 Et
1996 1207 2037 1257 si
2077 1207 2286 1271 quidem
2321 1205 2423 1257 vita
2453 1206 2557 1258 sint
2592 1206 2861 1273 inculpati,
2901 1216 2956 1260 et
2993 1208 3244 1273 religione
3269 1208 3460 1262 orthoo

1909 1294 2056 1354 doxi.
2091 1308 2183 1348 eos
2219 1296 2500 1349 admittere
2531 1313 2544 1349 :
2571 1297 2651 1349 sin
2694 1306 2867 1348 autem
2911 1296 2993 1348 vel
3034 1297 3173 1350 servi
3232 1289 3340 1350 sint
3382 1297 3457 1367 (hi

1907 1383 2047 1436 enim
2079 1399 2106 1436 ιι
2135 1384 2334 1450 legibus
2373 1385 2600 1452 politicis
2624 1392 2811 1437 contra
2841 1385 3106 1439 neminem
3148 1387 3365 1438 oznnino
3405 1385 3458 1438 in

1906 1487 2092 1537 causa,
2140 1474 2219 1527 vel
2266 1472 2531 1528 criminali
2571 1474 2652 1528 vel
2698 1475 3024 1543 pecuniaria,
3059 1477 3456 1529 accusationem

1907 1559 2044 1614 ferre
2070 1573 2158 1613 aut
2185 1563 2542 1615 testimonium
2571 1563 2697 1616 dare
2730 1562 2992 1631 possunt),
3030 1562 3112 1615 vel
3148 1564 3457 1616 manumissi

1905 1651 2102 1718 proprii
2137 1652 2367 1704 accusati
2407 1652 2457 1720 (a
2488 1652 2690 1719 legibus
2732 1652 2868 1705 enim
2891 1662 2944 1705 et
2991 1651 3078 1705 isti
3111 1652 3460 1718 prohibentur

1905 1752 2087 1793 contra
2113 1757 2203 1794 eos
2255 1747 2341 1810 qui
2385 1744 2530 1810 ipsos
2571 1742 3013 1800 manumiserunt,
3047 1741 3100 1794 in
3145 1741 3458 1795 criminibus

1910 1837 2268 1890 testimonium
2298 1837 2422 1888 dare
2440 1874 2457 1898 ,
2486 1835 2607 1904 quia
2635 1835 2938 1900 requiritur,
2962 1843 3020 1888 ut
3051 1843 3306 1903 patronos
3329 1849 3457 1889 suos

1908 1935 1962 1979 et
2010 1925 2322 1979 liberatores
2375 1926 2713 1978 honorandos
2755 1933 3074 1994 sanctosque
3099 1925 3449 1987 existiment),

1910 2018 1988 2068 vel
2019 2029 2172 2068 antea
2212 2018 2442 2069 accusati
2484 2023 2537 2069 et
2585 2016 2894 2070 innocentes
2946 2031 3049 2070 non
3081 2015 3211 2082 visi,
3265 2015 3347 2069 vel
3400 2017 3452 2068 in

1907 2109 2114 2177 publico
2135 2111 2465 2164 condemnati
2493 2109 2711 2178 judicio,
2737 2117 2790 2162 et
2821 2109 3049 2161 nondum
3076 2112 3141 2161 ab
3165 2108 3455 2175 imperato-

1909 2197 1983 2251 ria
2018 2198 2359 2251 beneficentia
2388 2199 2453 2250 ad
2479 2199 2739 2266 integrum
2768 2210 2921 2249 suum
2948 2202 3143 2249 statum
3179 2195 3411 2248 rest'tuti
3436 2234 3449 2252 ,

1906 2288 1986 2341 vel
2008 2288 2166 2340 vitam
2186 2289 2618 2343 contumeliosam
2637 2295 2873 2356 agentes,
2909 2294 2966 2339 ut
2992 2287 3136 2338 mimi
3160 2296 3209 2338 et
3231 2284 3395 2338 scenit
3413 2284 3450 2346 i.

1907 2384 2000 2428 aut
2029 2391 2054 2426 a
2082 2385 2260 2429 nostra
2295 2376 2547 2444 religione
2586 2375 2746 2429 alieni
2769 2413 2784 2437 ,
2809 2386 2867 2428 ut
2894 2373 3081 2436 Judzi,
3106 2373 3362 2438 hzrctici,
3396 2384 3451 2426 et

1905 2463 2108 2518 Cra-ci:
2148 2467 2212 2518 ad
2247 2467 2616 2534 episcOporum
2665 2474 2758 2518 aut
2792 2464 3107 2518 clericorum
3156 2464 3452 2518 accusatio-

1906 2570 2025 2607 nent
2055 2554 2166 2608 sive
2219 2556 2574 2608 testimonium
2610 2571 2714 2610 non
2763 2553 3135 2617 admittentur,
3171 2564 3449 2621 propterea

1902 2646 2044 2713 quod
2083 2647 2166 2698 isti
2219 2647 2350 2699 nihil
2375 2647 2516 2699 aliud
2564 2647 2618 2700 in
2670 2648 2849 2699 animo
2899 2645 3095 2699 habent
3137 2653 3192 2697 et
3234 2655 3447 2701 conatu,

1901 2751 2060 2803 quam
2084 2737 2357 2790 infamiam
2386 2748 2437 2790 et
2468 2735 2726 2790 maculam
2753 2740 3087 2790 sacerdotum
3110 2733 3450 2804 opin‘Onibns

1901 2825 2131 2895 adigere,
2154 2834 2206 2880 et
2238 2826 2485 2883 Eclcesia:
2510 2827 2934 2897 perturbationes
2957 2828 3148 2881 aﬂ‘t‘rre

2413 3025 2638 3083 CANON
2673 3024 2904 3079 CXXXI.

222 3113 246 3148 ε
289 3096 412 3152 Ἵνα
439 3100 468 3152 6
497 3101 624 3168 περὶ
655 3102 771 3164 ἐνὸς
800 3101 1138 3171 ἐγκλήματος
1165 3103 1436 3168 ἀποδεῖξαι
1468 3105 1542 3174 μὴ
1572 3107 1794 3174 δυνάμε-

1905 3134 1924 3168 ι
1967 3117 2038 3172 L't
2062 3116 2148 3185 qui
2169 3130 2331 3168 unum
2363 3116 2562 3168 crimen
2594 3113 2820 3180 probare
2853 3128 2956 3166 non
2989 3120 3180 3181 potest,
3223 3113 3288 3166 ad
3318 3115 3449 3168 εἰς.

303 3203 324 3236 ε
366 3203 456 3248 νος
488 3188 625 3255 πρὸς
661 3188 845 3256 ἕτερον
875 3188 951 3257 μὴ
985 3188 1253 3258 είσδεχθῇ.
1294 3190 1523 3258 ’(ιμοίως
1555 3194 1749 3263 ἧρεσεν
1775 3235 1791 3259 ,

302 3293 323 3326 ε
368 3277 455 3328 ῐνα
517 3279 910 3347 όσακισδήποτε
966 3278 1250 3348 κληρικοίς
1307 3283 1413 3334 ἀπ’)
1473 3283 1792 3352 κατηγόρων

302 3384 323 3417 ε
363 3368 531 3420 πολλὰ
564 3369 882 3438 ἐγκλήματα
907 3369 1310 3422 ὑποϐαλλωνται
1333 3411 1345 3433 ,
1382 3371 1474 3422 καὶ
1507 3373 1562 3423 ἓν
1597 3373 1654 3434 ἐξ
1693 3373 1791 3425 66-

299 3472 323 3506 ι
364 3455 494 3519 τῶν,
548 3459 674 3524 περὶ
730 3451 790 3510 οὗ
835 3457 1048 3523 πρῶτον
1094 3459 1364 3528 ἐπράχθη,
1411 3459 1789 3528 ἀποδειχθῆναι

300 3561 322 3590 σ
362 3548 462 3597 οὑκ
511 3546 768 3614 ἠδυνήθη,
821 3547 954 3615 πρὸς
999 3548 1064 3599 τὰ
1107 3547 1267 3600 λοιπά
1321 3551 1456 3616 μετὰ
1501 3549 1671 3601 ταῦτα
1715 3550 1790 3618 μὴ

301 3651 323 3682 ε
365 3633 785 3703 προδδεχθῶσιν.
821 3654 840 3685 ι

294 3722 495 3776 ΒΛΛΣ.
544 3725 895 3793 Ἐνεστήσατό
929 3743 1010 3787 τις
1049 3727 1276 3797 διάφορα
1306 3728 1622 3797 ἐγκλήματα
1652 3729 1790 3781 κατά

214 3829 366 3874 τινος
400 3815 692 3884 ίερωμένου
711 3853 727 3878 ,
770 3818 863 3868 καὶ
894 3819 1193 3884 ἐγύμνασεν
1232 3821 1294 3870 ὲκ
1323 3819 1426 3870 τῶν
1458 3820 1664 3871 πολλῶν
1690 3820 1746 3871 ἐν
1769 3837 1784 3852 ο

220 3905 304 3972 μὴ
335 3903 584 3970 δυνηθεὶς
612 3903 666 3956 δὲ
696 3903 855 3956 τοῦτο
887 3907 1161 3971 ἀποδεῖξαι
1189 3949 1200 3970 ,
1231 3909 1486 3976 ἠϐούλετο
1513 3913 1786 3979 γυμνάσαι

212 3993 290 4044 τὰ
322 3991 483 4048 λοιπά.
509 4013 525 4027 ο
561 3996 723 4063 φησὶν
756 3992 847 4048 οὖν
880 3997 907 4047 6
939 3995 1119 4048 κανὼν
1150 3997 1229 4048 ὅτι
1259 4003 1284 4051 6
1311 3999 1546 4062 τοιοῦτος
1568 4002 1785 4070 ἀπαράο

214 4089 410 4148 δεκτός
443 4090 581 4148 ἐστι,
614 4085 791 4150 ζητῶν
819 4084 1278 4153 κατεξετασθῆναί
1301 4103 1348 4137 τι
1377 4089 1564 4155 ἕτερον
1592 4091 1686 4156 ἀφ’
1712 4085 1785 4142 ὧν

217 4177 491 4246 προέθετο
516 4190 529 4204 ’
584 4176 675 4225 καὶ
718 4172 941 4235 εἰκότως
974 4172 1131 4224 τοῦτο
1174 4174 1323 4242 παρὰ
1371 4175 1478 4226 τῶν
1528 4179 1784 4245 Πατέρων

213 4263 450 4334 ὡρίσθη.
512 4261 570 4314 ’0
614 4261 717 4329 γάρ
757 4258 832 4329 μὴ
877 4259 1160 4322 ἀποδείξας
1197 4259 1225 4309 6
1269 4261 1527 4330 προέθετο
1572 4262 1783 4330 πρῶτον

215 4354 474 4423 ἔγκλημα
497 4391 514 4414 ,
552 4350 843 4404 κάντεῦθεν
876 4350 1289 4411 καταδικασθεὶς
1314 4389 1328 4412 ,
1363 4351 1393 4419 ἢ
1427 4351 1626 4418 ἔφθασε
1655 4352 1778 4406 δοῦ-

1961 3225 1980 3259 ι
2015 3223 2130 3261 rum
2160 3209 2290 3273 (non
2332 3205 2662 3259 admittatur.
2690 3202 2949 3258 Similiter
2976 3205 3177 3272 placuit
3202 3217 3258 3259 ut
3309 3222 3444 3274 quo-

1968 3318 1982 3350 ι
2026 3300 2334 3366 tiescunque
2364 3296 2574 3350 clericis
2615 3298 2681 3348 ab
2705 3296 3106 3349 accusatoribus
3139 3295 3304 3348 multa
3333 3296 3444 3349 eri-

1961 3409 1977 3441 ι
2011 3390 2148 3442 mina
2174 3387 2376 3454 objecta
2408 3385 2623 3448 fuerint,
2648 3394 2702 3440 et
2723 3400 2884 3437 unum
2908 3399 2970 3438 ex
2998 3383 3082 3447 iis,
3105 3384 3173 3437 de
3197 3399 3302 3453 quo
3331 3390 3442 3454 pri-

1962 3500 1980 3530 ε
2022 3495 2160 3533 mum
2191 3490 2363 3533 actum
2395 3488 2497 3541 est,
2541 3475 2759 3545 probari
2804 3490 2907 3529 non
2939 3477 3190 3545 potuerit,
3221 3475 3286 3528 ad
3319 3478 3442 3530 reii-

1965 3591 1982 3621 ι
2016 3587 2118 3640 qua
2155 3585 2258 3623 non
2286 3569 2650 3623 admittantur.
2696 3596 2716 3619 ι

1953 3745 2142 3800 BALS.
2175 3745 2438 3798 Adversus
2470 3753 2736 3798 sacratum
2770 3742 3050 3811 quemdam
3076 3743 3285 3796 diversa
3317 3743 3436 3812 quis

1886 3836 2104 3888 crimina
2139 3834 2384 3896 intendit,
2408 3842 2460 3884 et
2487 3847 2551 3886 ex
2572 3832 2748 3884 multis
2771 3846 2931 3885 unum
2960 3833 3295 3884 trac.andum
3322 3845 3440 3885 sos-

1885 3926 2023 3992 cepit
2062 3941 2077 3976 :
2110 3940 2228 3981 cum
2260 3927 2357 3977 hoc
2392 3935 2566 3976 autem
2615 3924 2842 3992 probare
2875 3939 2978 3976 non
3016 3926 3266 3992 potuerit,
3309 3924 3434 3976 reli-

1886 4028 1988 4079 qtlu
2024 4024 2235 4080 quoque
2272 4009 2483 4078 aggredi
2521 4011 2707 4062 voluit.
2749 4008 2884 4062 Dicit
2924 4023 3052 4076 ergo
3098 4024 3266 4062 canon
3313 4024 3432 4062 eum

1887 4119 1990 4155 non
2018 4117 2134 4156 esse
2165 4102 2573 4165 admittendum,
2593 4102 2714 4154 dum
2744 4102 2852 4153 vult
2874 4100 2941 4155 de
2959 4100 3062 4154 alio
3089 4114 3118 4153 e
3148 4102 3436 4168 PI‘OpOSiliS

1883 4193 2068 4256 quatri,
2100 4201 2155 4242 et
2212 4191 2309 4244 hoc
2345 4193 2536 4243 merito
2564 4207 2590 4242 a
2623 4190 2868 4244 Patribus
2898 4192 3174 4245 definitum
3205 4201 3305 4245 est.
3331 4192 3431 4257 Qui

1883 4278 2022 4331 enim
2061 4279 2289 4345 primum
2330 4278 2653 4345 propositum
2699 4281 2900 4332 crimen
2946 4295 3048 4333 non
3082 4281 3346 4348 probavit,
3382 4293 3434 4336 ct

1885 4382 1948 4419 ex
1978 4383 2040 4419 eo
2075 4368 2188 4434 ipto
2239 4349 2320 4421 est
2346 4369 2751 4431 condemnatus,
2788 4370 2865 4424 vel
2892 4370 3033 4423 dedit
3064 4372 3207 4437 prius
3243 4373 3434 4424 inscri-

215 4464 312 4499 ναι
349 4443 629 4513 ἐγγραφάς
661 4457 674 4472 ·
704 4444 798 4496 καὶ
831 4442 1123 4510 ὑφίσταται
1147 4442 1214 4494 τὰ
1242 4447 1339 4510 τῆς
1371 4444 1782 4509 ταυτοπαθείας,

1895 4460 2142 4525 ptionem,
2177 4468 2230 4509 et
2268 4457 2378 4525 lege
2418 4459 2628 4511 taiionis
2659 4461 2892 4525 punitus,
2938 4462 3140 4515 scilictt
3184 4462 3242 4514 fit
3298 4461 3435 4516 infa-

223 4538 396 4604 ἧγουν
441 4532 762 4602 άτιμοῦται,
813 4533 908 4583 καὶ
936 4532 1004 4584 τὰ
1052 4531 1213 4583 λοιπὰ
1260 4533 1458 4601 πάσχει
1506 4535 1605 4585 ὅσα
1633 4537 1726 4586 καὶ
1758 4538 1785 4588 6

215 4625 619 4695 κατηγορηθεὶς
654 4624 847 4693 ἔμελλε
879 4624 1072 4677 παθεῖν
1097 4642 1111 4657 ο
1144 4627 1190 4677 εί
1223 4626 1268 4678 δ’
1303 4625 1369 4679 ἂν
1401 4628 1783 4696 κατεδικάσθη,

217 4717 315 4768 καὶ
351 4716 437 4767 διὰ
465 4714 622 4766 τοῦτο
665 4715 960 4782 γυμνάζειν
999 4716 1402 4783 ἐγκληματικὸν
1435 4718 1785 4786 δικαστήριον

215 4809 282 4857 οὐ
332 4804 556 4856 δύναται
597 4805 698 4873 ήδη
741 4805 1076 4873 άτιμωθείς·
1125 4806 1157 4876 ἢ
1212 4806 1312 4859 ούκ
1363 4806 1561 4872 ἔφθασε
1604 4806 1783 4860 δοῦναι

217 4895 540 4963 ἐγγραφὰς,
596 4894 690 4946 καὶ
738 4895 899 4947 πάλιν
954 4894 1243 4963 άτιμοῦται
1293 4898 1369 4959 ὠς
1423 4897 1780 4965 συκοφάντης.

219 4986 366 5052 Πλὴν
422 4981 580 5036 τοῦτὸ
623 4999 680 5033 τε
729 4984 824 5035 καί⁵
881 4987 908 5035 6
965 4985 1154 5055 παρὼν
1202 4986 1380 5038 κανὼν
1425 4986 1607 5055 χώραν
1649 4987 1782 5056 ἔχει,

215 5077 294 5136 ὡς
345 5072 520 5143 οἶμαι,
567 5075 695 5127 ὅταν
742 5074 770 5124 6
820 5074 1054 5138 δικάζων
1099 5078 1442 5145 άποφήνηται
1497 5078 1634 5131 κατὰ
1687 5095 1781 5129 συ-

218 5169 518 5232 κοφαντίαν
556 5164 884 5234 προτεθῆναι
917 5166 1043 5234 περὶ
1076 5165 1169 5217 τοῦ
1209 5165 1692 5228 καταδικασθέντος
1723 5166 1782 5218 τὸ

216 5253 448 5322 πρώτως
470 5254 700 5324 λαληθὲν
729 5254 1001 5324 ἔγκλημα.
1024 5257 1083 5308 Et
1111 5255 1218 5325 γὰρ
1243 5256 1544 5325 δια-γνωσθῇ
1573 5257 1652 5310 ὅτι
1682 5257 1782 5310 οὐκ

215 5347 534 5414 ἀπεδείχθη,
587 5347 708 5398 επεὶ
762 5347 863 5398 οὐκ
913 5346 1201 5416 ὰτιμοῦται
1265 5349 1294 5400 6
1345 5347 1778 5413 καταδικασθεὶς,

216 5436 396 5498 καλῶς
447 5436 531 5489 ἶνα
576 5436 830 5506 γυμνάσῃ
890 5437 986 5490 καὶ
1037 5436 1222 5506 ἕτερον
1270 5435 1523 5504 ἔγκλημα
1565 5438 1656 5505 ἀφ’
1705 5433 1781 5492 ὦν

217 5525 498 5593 προέθετο.
566 5525 674 5577 Καὶ
727 5525 999 5593 ἀνάγνωθι
1041 5527 1235 5595 κεφάλ.
1290 5532 1322 5579 ι’
1366 5525 1458 5578 τοῦ
1503 5534 1549 5580 α’
1598 5527 1777 5579 τίτλον

216 5612 307 5664 τοῦ
341 5612 382 5678 ξ’
423 5613 670 5682 βιϐλίου,
717 5614 894 5682 λέγον,
920 5615 1075 5668 Κατὰ
1122 5619 1267 5686 τρεῖς
1316 5618 1550 5686 τρόπους
1601 5619 1634 5688 ἡ
1690 5635 1779 5670 συο

1888 4550 2006 4610 mis,
2033 4559 2086 4600 et
2125 4549 2323 4616 reliqua
2357 4550 2714 4620 patitur,qua:
2740 4553 2899 4604 etiam
2949 4552 3058 4618 ille,
3089 4553 3177 4620 qui
3222 4567 3436 4607 accusa-

1887 4647 1970 4691 lus
2003 4647 2102 4701 est,
2134 4649 2252 4692 erat
2281 4653 2533 4707 passurus
2568 4656 2582 4692 :
2616 4641 2696 4694 sin
2721 4648 2900 4694 autem
2924 4651 3003 4695 est
3027 4644 3434 4705 condemnatm,

1884 4726 2155 4779 criminale
2182 4734 2458 4794 propterea
2517 4727 2777 4794 judicium
2820 4744 3031 4783 movere
3083 4745 3184 4783 non
3241 4739 3433 4797 potest,

1885 4825 1943 4867 ιιι
1968 4816 2056 4882 qui
2080 4817 2149 4868 sit
2172 4815 2413 4880 infamis;
2437 4817 2517 4869 vel
2546 4818 2695 4884 prius
2721 4818 3120 4884 inscriptionem
3142 4834 3244 4872 non
3267 4821 3433 4876 dedit.

1884 4912 1939 4958 et
1970 4921 2152 4959 rursus
2201 4905 2256 4958 lit
2292 4906 2529 4965 infamis.
2569 4917 2624 4958 nt
2653 4907 3024 4962 calumniator.
3057 4907 3159 4962 Sed
3187 4909 3272 4962 hic.
3301 4925 3434 4978 prir-

1883 5010 2008 5049 sens
2041 4995 2252 5062 quidem
2291 5010 2462 5049 canon
2491 5006 2618 5050 tunc
2657 4997 2827 5050 locum
2870 4999 3047 5063 habet,
3079 5010 3132 5051 ut
3165 4999 3433 5062 existimo,

1883 5085 2093 5150 quando
2131 5083 2292 5150 judex
2335 5085 2695 5152 pronuntiarit
2757 5087 2979 5151 crimen,
3027 5089 3089 5141 de
3136 5103 3242 5156 quo
3288 5089 3434 5156 prius

1882 5180 2056 5226 actum
2075 5181 2182 5236 est,‘
2205 5171 2366 5227 fuisse
2383 5173 2735 5226 condemnato
2752 5175 3126 5243 sycophantice
3145 5177 3432 5242 obiectum.

1883 5264 1937 5316 Si
1966 5265 2108 5317 enim
2150 5263 2410 5331 prolatntn
2447 5265 2627 5329 fuerit,
2665 5280 2766 5318 non
2798 5281 2919 5320 esse
2974 5267 3274 5333 probatum,
3308 5267 3432 5334 quia

1880 5350 2268 5405 condemnatus
2294 5365 2398 5404 non
2433 5353 2488 5404 fit
2518 5353 2765 5420 infamis;
2795 5363 2934 5409 recte
2965 5355 3190 5410 alterum
3221 5372 3435 5428 quoque

1880 5439 2080 5491 crimen
2102 5453 2309 5504 eorum,
2331 5455 2448 5509 quas
2471 5441 2686 5511 ohjecit,
2717 5456 3085 5512 persequetur.
3111 5447 3249 5516 Lege
3273 5459 3436 5517 (aput

1880 5530 2140 5582 decimum
2179 5529 2334 5598 primi
2364 5531 2499 5584 tituli
2543 5535 2857 5602 sexagesimi
2907 5535 3046 5598 libri,
3079 5540 3218 5604 quod
3249 5537 3381 5592 dicit
3415 5554 3429 5590 :

1879 5616 2072 5673 Tribus
2121 5621 2294 5674 modis
2340 5621 2399 5673 fit
2438 5621 2725 5690 calumnia,
2777 5633 2829 5678 et
2875 5625 3152 5694 tripliciter
3197 5629 3428 5684 vindicta

218 5704 479 5773 κοφαντία
520 5703 754 5774 γίνεται,
806 5705 896 5760 καὶ
936 5704 1176 5776 τριπλῶς
1227 5707 1260 5776 ὴ
1303 5707 1659 5774 ὲπεξὲλευσις.
1708 5707 1775 5762 Ἦ

1895 5709 2123 5766 sumitur.
2157 5710 2247 5765 Vel
2290 5711 2432 5767 enim
2475 5712 2830 5770 calumniatur
2873 5715 3158 5787 quispiam.
3211 5729 3267 5775 ut
3312 5720 3432 5779 ficte
