4002 6314
193 411 317 478 421

1192 423 1272 483 ΙΝ
1312 422 1477 485 CAN.
1515 423 1780 484 CXXXII
1811 425 2013 485 CONC.
2064 426 2439 487 CARTIIAG.

3338 424 3453 494 422

196 530 482 598 δημοσίαν
533 530 794 596 ἐξέτασιν.
842 529 1125 587 οἰκειακαὶ
1173 536 1230 588 δέ
1281 538 1440 600 εἰσιν,
1489 538 1554 598 ἃς
1602 537 1773 590 δοῦλοι

1882 540 2148 607 degentes.
2183 540 2313 592 Cum
2343 547 2521 590 autem
2552 553 2786 606 prmscns
2839 553 3010 592 canon
3046 539 3192 618 dicat
3217 554 3310 594 eos
3355 537 3449 611 qui

196 618 434 671 ποιοῦσι
461 620 712 692 δεσπότῃ,
743 623 837 675 καὶ
865 622 1221 694 ἀπελεύθεροι
1252 629 1364 688 τοῖς
1395 627 1662 695 πάτρωσι,
1691 629 1785 680 καὶ

200 709 428 778 μίσθιοι
473 713 586 772 τοῖς
626 713 1056 782 μισθωσαμένοις
1108 716 1236 785 παρ’
1275 718 1456 778 αὐτοῖς
1485 718 1781 784 διάγοντες.

199 799 327 854 Τοῦ
360 800 413 851 δὲ
444 803 709 870 παρόντος
741 805 962 867 κανόνος
987 806 1238 872 λέγοντος
1273 809 1396 870 τοὺς
1427 809 1654 877 ἥττονας
1679 808 1785 860 τῶν

200 893 279 942 οό¹
297 891 341 940 ὲκ
369 890 557 943 ιαυτῶν
575 892 649 961 μὴ
675 898 989 963 μαρτυρεῖν,
1014 896 1145 949 ἀλλά
1169 897 1296 960 τοὺς
1319 898 1571 950 ἐπέκεινα
1595 898 1783 950 τούτου

198 981 310 1032 τοῦ
354 983 564 1050 χρόνου,
608 983 703 1035 καὶ
748 983 839 1036 τοῦ
887 984 936 1037 κ’
964 990 1098 1054 ίκεφ.
1142 988 1237 1039 τοῦ
1289 987 1337 1040 α’
1365 989 1500 1039 τίτλ.
1547 989 1640 1040 τοῦ
1693 994 1777 1040 κα¹

198 1069 428 1137 βιϐλίου
452 1070 697 1138 λέγοντος
734 1073 876 1128 οὕτω
911 1077 1090 1145 ῥητῶς
1112 1093 1127 1109 ·
1174 1078 1236 1132 '0
1271 1080 1572 1146 κατήγορος
1606 1080 1668 1130 ού
1695 1080 1784 1130 δύο

196 1177 378 1214 ναται
405 1162 584 1214 καλεῖν
607 1165 684 1224 είς
717 1165 1022 1235 μαρτυρίαν
1045 1166 1134 1218 τὸν
1157 1167 1426 1234 δημοσίως
1450 1168 1783 1237 κατηγορού-

197 1265 408 1319 μνον,
441 1251 563 1304 οὕτε
594 1255 683 1305 τὸν
709 1254 906 1321 ἥττονα
939 1255 1046 1306 τῶν
1083 1254 1282 1307 είκοσιν
1316 1255 1450 1306 ὲτῶν
1470 1270 1483 1283 ·
1519 1255 1781 1325 ἐρωτήσει

201 1356 296 1401 τις
319 1382 333 1401 ,
370 1340 484 1392 Τίνι
521 1341 806 1408 προσέχειν
840 1341 1166 1410 ὁφείλομενς
1198 1344 1304 1394 Καὶ
1347 1343 1490 1394 δοκεῖ
1525 1358 1614 1408 μοι
1650 1343 1785 1410 μᾶλ-

197 1430 300 1481 λον
332 1429 410 1499 τῷ
432 1431 600 1499 νόμῳ.
625 1432 720 1492 Ei;
743 1432 851 1502 γάρ
880 1433 1186 1502 μαρτυρίαν
1214 1431 1628 1501 ἑγκληματικῆς
1655 1434 1782 1484 ύπο·

195 1519 415 1582 θέσεως
455 1521 679 1590 ὁῆττων
707 1522 816 1573 τῶν
856 1521 1059 1575 εἴκοσιν
1096 1523 1354 1575 ἐνιαυτῶν
1398 1523 1492 1575 καὶ
1527 1522 1782 1574 ἐπέκεινα

192 1610 319 1661 τῶν
364 1609 422 1662 ιδ’
445 1612 649 1680 χρόνων
688 1613 944 1682 ὑπάρχων
967 1613 1087 1666 ,ούκ
1126 1613 1243 1665 ἔστι
1279 1613 1673 1684 παραδεκτέοςῖ
1707 1613 1782 1677 ὡς

201 1699 355 1768 μηδὲ
384 1699 614 1769 βεϐηκὸς
651 1702 790 1770 ἔχων
823 1703 1098 1773 φρόνημα.
1145 1705 1298 1754 Ἐστι
1343 1704 1398 1756 δὲ
1432 1705 1525 1756 καὶ
1559 1706 1588 1757 ό
1622 1705 1780 1773 νόμος

196 1791 358 1841 κατὰ
384 1790 515 1844 πολὺ
548 1793 1003 1860 μεταγενέστερος
1030 1792 1124 1845 τοῦ
1161 1795 1402 1858 κανόνος,
1436 1797 1526 1847 διὰ
1551 1796 1611 1847 τὸ
1643 1795 1778 1862 μετὰ

1891 630 2436 697 suntquatuordecim
2474 631 2628 682 annis
2653 629 2904 692 minores,
2939 645 3042 682 non
3077 633 3258 684 dicere
3289 635 3445 685 testi-

1886 720 2149 781 mOnium,
2171 720 2263 773 sed
2291 735 2383 773 eos
2404 721 2492 785 qui
2529 729 2652 772 sunt
2686 719 2821 771 ultra
2855 720 2996 771 illam
3023 729 3264 782 aetatem;
3291 733 3344 774 et
3373 725 3449 776 vl-

1885 808 2140 860 cesimum
2166 817 2324 875 caput
2351 808 2505 874 primi
2541 807 2676 858 tituli
2708 808 2798 859 lib.
2828 822 2915 858 ut
2971 809 3114 860 dicat
3141 823 3392 875 expresse
3424 829 3441 864 :

1883 896 2002 950 Non
2031 906 2204 963 potest
2237 907 2516 948 accusator
2555 910 2750 947 vocare
2808 894 2861 946 in
2910 896 3268 948 testimonium
3323 914 3444 952 eum

1885 986 1974 1055 qui
2013 985 2220 1052 publice
2263 992 2564 1045 accusatur,
2601 998 2696 1034 nec
2730 997 2851 1033 eum
2885 983 2974 1050 qui
3017 992 3102 1035 est
3144 985 3316 1036 minor
3365 987 3445 1034 vi-

1885 1077 2018 1145 ginti
2070 1074 2226 1126 annis
2258 1091 2270 1126 :
2306 1074 2574 1140 rogaverit
2608 1072 2908 1139 quispiam,
2948 1073 3074 1139 quid
3111 1075 3178 1126 sit
3224 1090 3450 1141 sequen-

1883 1166 2032 1219 dum.
2068 1163 2132 1214 Et
2160 1163 2284 1213 mihi
2317 1161 2526 1212 videtur
2553 1161 2634 1213 lex
2667 1175 2789 1213 esse
2834 1163 3002 1227 magis
3043 1161 3310 1227 sequenda
3347 1177 3363 1214 :
3394 1161 3445 1213 ln

1887 1255 2242 1307 testimonium
2277 1253 2418 1303 enim
2441 1265 2616 1302 causa:
2655 1250 2968 1310 criminans,
3007 1251 3094 1316 qui
3149 1251 3322 1301 minor
3364 1261 3449 1302 est

1884 1344 2068 1412 viginti
2105 1343 2282 1405 annis,
2333 1341 2455 1392 licet
2487 1342 2554 1393 sit
2593 1342 2760 1402 major
2811 1342 3211 1406 quattuordecim
3269 1344 3447 1402 annis,

1886 1432 2116 1485 nouerit
2143 1431 2541 1486 admittendus;
2596 1441 2648 1481 ut
2686 1433 2773 1497 qui
2804 1447 2898 1484 nec
2925 1432 3133 1481 tinuum
3162 1430 3445 1497 judicium,

1885 1538 1983 1577 nec
2005 1522 2178 1575 adhuc
2203 1529 2537 1573 constantem
2563 1521 2895 1587 prudentiam
2918 1520 3127 1571 habeat.
3151 1519 3246 1571 Est
3272 1532 3445 1570 autem

1883 1614 1964 1666 lex
1990 1625 2195 1665 canone
2227 1609 2394 1662 multo
2421 1608 2721 1678 posterior;
2756 1624 2818 1660 eo
2847 1609 2986 1676 quod
3021 1610 3177 1677 longo
3206 1619 3445 1676 tempore

1883 1713 2004 1771 post
2051 1703 2188 1754 hanc
2230 1702 2492 1769 synodum
2522 1699 2574 1750 in
2611 1699 2965 1753 Basilicarum
2997 1701 3274 1765 repetitam
3308 1713 3445 1766 pra:-

1885 1793 2162 1846 lectiOnein
2197 1789 2281 1841 ille
2303 1799 2551 1855 receptus
2593 1789 2686 1841 sit.
2721 1789 2858 1855 Lege
2896 1799 3200 1841 sanctorum
3231 1797 3451 1845 aposto-

199 1881 442 1968 χρόνους
489 1881 713 1946 πολλοὺς
770 1885 869 1950 τῆς
925 1883 1203 1954 παρούσης
1253 1886 1472 1937 συνόδου
1523 1886 1777 1954 δεχθῆναι

1882 1887 2051 1938 lorum
2086 1881 2539 1950 septuagesimum
2571 1882 2821 1946 quintum
2865 1893 3152 1932 canonem.

199 1967 402 2026 τοῦτον
444 1976 522 2035 είς
569 1975 666 2044 τὴν
700 1974 808 2026 τῶν
852 1975 1149 2028 Βασιλικῶν
1193 1975 1582 2046 ἀνακάθαρσιν.
1622 1975 1920 2042 ’Δνάγνωθι
1955 1974 2064 2024 τῶν
2091 1971 2263 2038 ἁγίων
2293 1967 2607 2021 ἀποστόλων
2642 1968 2844 2021 κανόνα
2888 1979 2980 2022 os'.

273 2068 528 2123 ΖΩΝΑΡ.
553 2069 810 2131 Εἰπόντες
832 2072 881 2122 οί
902 2072 998 2138 τῆς
1023 2071 1239 2124 συνόδου
1275 2073 1400 2140 περὶ
1433 2071 1775 2150 κατηγόρων.

195 2159 301 2212 νῦν
336 2164 432 2214 καὶ
472 2164 595 2229 περὶ
622 2161 912 2230 μαρτύρων
939 2161 1309 2215 διατάττονται
1331 2201 1344 2224 ,
1374 2162 1467 2213 καί
1495 2149 1626 2228 φασι
1653 2149 1776 2221 τοὺς

197 2250 581 2318 κωλυομένους
619 2251 1039 2317 ἐγκληματικῶς
1069 2251 1302 2316 ἐνάγειν,
1338 2249 1472 2318 μηδὲ
1519 2251 1596 2311 είς
1639 2267 1776 2318 μαρ-

195 2340 402 2407 τυρίαν
429 2339 836 2406 προσδέχεσθαι.
862 2341 969 2391 Καὶ
990 2341 1116 2400 τοὺς
1143 2339 1530 2408 προσδέχεσθαι
1557 2339 1612 2390 δὲ
1635 2339 1777 2406 ὀφεί-

197 2431 398 2491 λοντας
426 2430 499 2498 μὴ
531 2429 764 2499 ἀνήϐους
794 2424 949 2482 εἶναι.
980 2429 1042 2481 Οί
1068 2430 1172 2496 γὰρ
1204 2427 1367 2497 μήπω
1388 2430 1477 2479 τὸν
1509 2428 1568 2480 ιδ’
1595 2431 1777 2480 ἐνιαυ-

197 2524 298 2574 τὶν
358 2522 456 2590 τῆς
509 2520 725 2590 ἡλικίας
776 2521 956 2573 αὐτῶν
1009 2519 1310 2586 προϐάντες
1368 2518 1557 2586 ἀνηϐοί
1611 2520 1769 2568 εἰσιν.

211 2611 465 2679 ’Δνὴεοις
487 2611 564 2672 δὲ,
592 2609 670 2672 οἷς
691 2615 857 2678 μήπω
877 2612 935 2662 τὸ
963 2611 1216 2678 φρόνημα
1244 2611 1533 2678 σταθηρὸν,
1565 2625 1769 2677 μαρτυ-

200 2703 326 2769 ρεῖν
355 2703 414 2751 οὐ
465 2701 770 2767 δοθήσεται.
821 2699 961 2750 Ἀλλ’
995 2698 1115 2750 οὐδὲ
1149 2700 1456 2757 οἰκειακοτλς
1489 2701 1769 2766 μάρτυρας

1945 2061 2194 2116 ZONAR.
2229 2061 2516 2128 Postquam
2560 2060 2625 2113 de
2663 2059 3068 2114 accusatoribus
3092 2058 3298 2126 _synudi
3342 2056 3448 2110 Pa-

1877 2164 1984 2207 tres
2013 2154 2276 2214 dixerunt,
2318 2153 2384 2205 de
2418 2155 2640 2206 testibus
2678 2166 2891 2218 quoque
2935 2159 3198 2210 statuunt,
3235 2164 3297 2200 ac
3326 2162 3441 2211 eos,

1873 2245 1962 2310 qui
2000 2259 2254 2296 accusare
2289 2244 2658 2310 prohibentur,
2710 2257 2738 2292 a
2777 2242 3081 2294 teStimonio
3116 2254 3328 2307 quoviue
3359 2239 3444 2289 tli-

1875 2334 2044 2387 cendo
2063 2333 2224 2401 667
2249 2333 2416 2386 arceri
2433 2331 2646 2399 jubent.
2671 2332 2747 2384 Ad
2773 2333 2885 2384 bmc
2912 2331 3213 2398 impubeies
3231 2340 3446 2395 (pioque

1874 2426 2141 2493 rejiciunt,
2161 2426 2250 2493 qui
2278 2435 2527 2492 quartum
2555 2428 2819 2478 decimum
2862 2424 3107 2478 videlicet
3147 2425 3323 2476 amitis
3352 2438 3448 2472 ai.-

1873 2531 1996 2567 num
2021 2531 2124 2568 non
2149 2531 2459 2579 excessere;
2491 2517 2705 2584 quibus,
2750 2533 2872 2570 cum
2915 2517 3111 2570 tremis
3143 2513 3445 2568 constantia

1870 2606 2027 2667 desit,
2051 2607 2338 2658 testimonii
2363 2620 2574 2674 quoque
2596 2607 2802 2660 dicendi
2835 2609 2968 2660 rat':o
2994 2609 3130 2658 haud
3153 2606 3444 2659 constabit.

1873 2696 1978 2749 Setl
2005 2712 2175 2764 neque
2199 2698 2522 2750 domesticos
2544 2707 2707 2750 testes
2730 2699 3051 2764 producendi
3087 2706 3327 2764 potestas
3355 2713 3444 2747 at:-

195 2793 296 2841 τὸν
359 2789 664 2857 κατήγορον
725 2791 1064 2856 παραγαγεῖν
1116 2790 1346 2840 δίδωσιν.
1395 2789 1671 2839 Οίκειακοὶ
1698 2787 1767 2854 te:

1882 2789 2099 2840 :usalori
2120 2788 2240 2838 data
2278 2796 2380 2839 est.
2416 2787 2548 2838 Sunt
2578 2800 2703 2837 vero
2733 2787 3007 2838 domestici
3034 2795 3219 2847 testes,
3249 2787 3336 2851 qui
3375 2806 3386 2832 ι
3411 2800 3442 2837 ι

197 2882 364 2941 εἰσιν,
399 2880 450 2929 oi
503 2881 566 2929 ἐκ
619 2877 712 2928 τοῦ
759 2879 908 2930 οίκου
957 2877 1232 2930 αύτοῦυού
1287 2881 1493 2936 πάντας
1539 2877 1594 2928 δὲ
1641 2885 1766 2938 τοὺς

193 2967 476 3028 τοιούτους

1871 2876 2038 2943 ipsius
2062 2878 2391 2930 accusatoris
2430 2877 2589 2930 domo
2638 2877 2944 2943 prodeunt:
2974 2877 3060 2938 qui
3119 2885 3292 2928 tamen
3337 2889 3384 2925 nu
3409 2888 3443 2926 ιι

558 2966 861 3020 κωλύουσιν
909 2970 971 3020 ὀί
1039 2971 1188 3035 νόμοι
1261 2971 1576 3040 μαρτυρεῖν,
1632 2967 1770 3020 ἀλλά

1882 2981 2056 3020 )mnes
2082 2968 2441 3020 testimonium
2474 2967 2658 3021 dicere
2701 2967 2905 3034 legibus
2937 2966 3309 3033 prohibentur,
3346 2965 3439 3016 sed

193 3076 378 3120 τινας,
443 3059 611 3126 ἡγουν
667 3056 1018 3120 ύπεξουσίους
1075 3059 1239 3112 αὑτοῦ
1287 3061 1378 3113 τοῦ
1434 3060 1770 3130 παράγοντος

1882 3056 2032 3124 Iliqtti
2051 3066 2278 3120 tantum,
2300 3057 2333 3110 ii
2359 3058 2739 3124 nimirum,qni
2764 3058 2905 3124 ipsos
2931 3055 3272 3123 producentis
3291 3065 3443 3121 pote-

193 3147 402 3208 αὐτοὺς
453 3148 488 3217 ἡ
556 3144 902 3213 ὑποχειρίους
962 3147 1218 3212 εὐτελεῖς,
1285 3149 1377 3200 καὶ
1438 3151 1767 3217 προστάσσε-

1882 3146 1998 3199 stati
2028 3147 2260 3210 obnoxii,
2300 3148 2485 3200 aliisve
2525 3147 2772 3215 subjecti,
2802 3146 2933 3198 viles
2966 3155 3113 3206 sunt,
3154 3146 3346 3211 quibus
3389 3153 3443 3194 «ι

197 3239 331 3291 σθαι
369 3240 719 3307 δυναμένους,
763 3241 857 3291 καὶ
877 3239 926 3290 εί
957 3238 1032 3308 μὴ
1069 3239 1334 3291 πείθοιντο
1355 3239 1766 3306 κολαζομένους.

194 3332 262 3382 Εἰ
281 3328 338 3380 δὲ
361 3329 625 3395 ἀξιόλογοι
644 3325 753 3381 εἷεν
776 3328 1094 3397 ὑποχείριοι,
1121 3325 1230 3379 οἷον
1255 3330 1437 3396 ἱερεῖς,
1461 3328 1766 3396 ἧδιάκονοι,

196 3422 231 3488 ἡ
261 3420 668 3488 γραμματικοὶ,
703 3420 796 3472 καἴ
830 3421 944 3471 ὅσοι
976 3420 1150 3486 ὅμοιοι
1182 3419 1412 3483 τούτοις,
1448 3419 1768 3489 ούκιὰπρόσο

193 3511 380 3562 δεκτοι
413 3509 626 3562 ἔσονται
654 3510 788 3579 πρὸς
821 3507 1157 3579 μαρτυρίαν.

194 3690 425 3745 ΔΡΙΣΤ.
457 3708 476 3742 ι
497 3689 606 3742 Καὶ
630 3688 657 3740 ό
685 3688 760 3757 μὴ
789 3686 1047 3741 ὲνιαυτῶν
1076 3687 1502 3753 δεκαπσσᾶρων.
1532 3703 1553 3736 ι

273 3866 387 3918 Καὶ
417 3860 569 3927 οὗτος
599 3866 677 3926 είς
709 3862 1014 3934 μαρτυρίαν
1045 3861 1261 3922 ἀδεκτος
1284 3862 1369 3914 διὰ
1398 3863 1496 3930 τὴν
1525 3860 1623 3929 τῆς
1655 3862 1763 3930 ηλι-

197 3961 330 4019 κίας
378 3958 659 4009 ἀτέλειανο
704 3955 784 4006 δεῖ
832 3956 938 4022 γὰρ
984 3954 1071 4005 τὸν
1127 3952 1503 4023 μαρτυροῦντα
1552 3954 1646 4003 συν
1692 3950 1770 4018 τῷ

197 4054 424 4116 ἔντιμον
453 4047 545 4099 καὶ
573 4047 850 4115 όρΘόδοξον
888 4041 1028 4096 εἶναι
1061 4045 1155 4096 καὶ
1188 4043 1558 4113 σταθηρότητα
1591 4042 1734 4109 ἔχειν
1754 4056 1768 4070 ⁸

197 4143 226 4190 ὁ
262 4138 320 4189 δὲ
349 4136 547 4204 ἄνηϐος
580 4133 864 4201 ὀλισθηρός
904 4137 1020 4184 ἐστι
1054 4131 1154 4198 τὴν
1187 4132 1444 4183 διάνοιαν.
1477 4128 1547 4180 Τὸ
1575 4129 1631 4181 δὲ
1660 4127 1777 4180 δεύ-

198 4244 364 4294 τερον
393 4225 534 4292 θέμα
561 4224 652 4275 τοῦ
684 4221 1143 4274 ἑπτακαιδεκάτου
1177 4220 1474 4288 κεῖραλαίου
1505 4218 1595 4271 τοῦ
1627 4220 1776 4287 πρώο

202 4335 300 4370 του
332 4316 511 4368 τίτλου
549 4313 642 4364 τοῦ
676 4313 921 4364 εἰκοστοῦ
963 4317 1008 4362 α’
1039 4309 1243 4378 βιϐλίου
1265 4351 1280 4375 ,
1315 4311 1432 4362 οὐδὲ
1464 4312 1551 4362 τὸν
1575 4312 1774 4379 ἥττονα

200 4406 316 4457 τῶν
369 4403 573 4456 εἴκοσιν
620 4402 756 4454 hth
808 4403 890 4462 είς
957 4401 1259 4468 μαρτυρίαν
1313 4399 1451 4452 κατά
1501 4414 1641 4461 τινος
1695 4399 1781 4452 ἐπ’

202 4494 516 4566 ἐγκλήμασι
550 4490 937 4560 παραδέχεται.

205 4607 225 4638 ι
282 4586 342 4639 ⁸0
388 4587 690 4653 κατήγορος
742 4585 807 4635 ὲκ
860 4582 955 4634 τοῦ
1017 4581 1147 4634 ἰδίου
1189 4581 1336 4632 οίκου
1383 4580 1665 4649 μάρτυρας
1715 4581 1776 4632 ού

807 4691 824 4724 ι
863 4670 1170 4740 καθίστησι.
1198 4691 1216 4724 ι

275 4764 345 4815 Αἱ
376 4762 650 4816 οίκειακαὶ
681 4762 980 4832 μαρτυρίαι
1011 4760 1307 4829 ἀπόϐλητοι
1341 4761 1430 4812 καὶ
1457 4760 1563 4812 ἀπὸ
1599 4761 1778 4827 νόμων

203 4855 318 4908 είσί
339 4869 356 4886 ’
387 4855 524 4924 φησὶ
553 4854 661 4925 γὰρ
687 4857 750 4906 τὸ
784 4852 867 4925 xa'
904 4853 1194 4919 κεφάλαιον
1222 4852 1314 4905 τοῦ
1353 4852 1570 4921 πρώτου
1603 4852 1778 4904 τίτλου

200 4944 303 4998 τοῦ
343 4950 428 4997 κα⁹
454 4923 674 5014 βιϐλίου
722 4923 897 5014 ρητιῦς
943 4943 1150 4995 ούπωσί
1176 4959 1191 4974 ο
1249 4943 1307 4995 '0
1360 4949 1663 5011 κατήγορος
1706 4943 1781 4996 oi-

202 5037 464 5096 κειακοὺς
493 5033 657 5087 αὐτοῦ
689 5033 969 5104 μάρτυρας
1003 5035 1062 5086 ού
1095 5032 1318 5086 δύναται
1347 5033 1614 5103 παράγειν
1635 5049 1649 5062 ·
1686 5033 1781 5085 καὶ

199 5129 265 5179 τὸ
296 5131 370 5178 κε’
403 5124 698 5190 κεφάλαιον
736 5122 829 5174 τοῦ
858 5123 1019 5176 αὑτοῦ
1046 5123 1224 5174 τίτλου
1255 5124 1347 5176 καὶ
1373 5121 1596 5191 βιϐλίου,
1626 5121 1696 5184 ὡς
1726 5125 1778 5174 αἱ

202 5216 480 5270 οἰκειακαὶ
521 5213 822 5284 μαρτυρίαι
853 5213 1360 5283 ἁποδοκιμάζονται.
1396 5214 1690 5282 Μάρτυρες
1725 5213 1781 5266 δὲ

202 5307 510 5367 οίιιειακοὺς
531 5305 742 5373 νοήσεις
767 5303 891 5366 τοὺς
914 5304 1016 5355 ὑπὸ
1040 5303 1285 5369 ἐξουσίαν
1309 5303 1449 5365 τινὸς
1476 5302 1778 5368 τελοῦντας,

203 5401 304 5449 καὶ
333 5395 664 5463 δυναμένους
696 5393 1122 5463 προστάττεσθαι
1152 5394 1283 5464 παρ’
1307 5394 1502 5446 αὑτοῦ·
1535 5395 1584 5446 οἱ
1609 5395 1781 5448 τοιοῦο

203 5503 291 5539 τοι
319 5484 425 5554 γὰρ
453 5483 578 5537 οὔτε
603 5483 743 5553 ὑπὲρ
777 5483 963 5547 αὑτοῦ,
987 5485 1022 5556 ἢ
1053 5487 1171 5538 κατ’
1203 5486 1386 5550 ἄλλου,
1419 5487 1785 5556 κατηγοροῦν.

205 5594 299 5639 τος
325 5576 489 5629 αὑτοῦ
512 5617 528 5641 ,
554 5577 632 5639 είς
667 5578 973 5646 μαρτυρίαν
999 5577 1550 5648 Μριδεχθὴσονταιῆ
1578 5580 1663 5630 ἐπ’
1693 5581 1783 5647 ἑγ-

219 5666 531 5737 κληματικῇ
561 5666 596 5737 ἢ
645 5668 739 5719 ἰπὶ
768 5670 1080 5738 χρηματικῇ
1113 5669 1367 5723 αἰτιάσει.
1402 5669 1458 5721 Εἰ
1489 5671 1544 5722 δὲ
1595 5670 1781 5738 ἕτερός

207 5774 294 5820 τις
318 5758 520 5826 ἐνάγει,
578 5756 674 5809 καὶ
701 5755 952 5826 βούλεται
984 5757 1146 5811 ἄλλου
1197 5759 1441 5828 οίκειακῇ
1503 5759 1780 5828 μαρτυρίᾳ

1875 3237 2222 3304 imperari,et
2241 3235 2342 3291 nisi
2369 3238 2590 3306 imperio
2608 3247 2850 3304 pareant,
2877 3250 3030 3303 paena
3053 3234 3214 3299 inlligi
3243 3242 3437 3300 potest.

1873 3322 2007 3376 Nam
2033 3326 2075 3377 si
2101 3325 2464 3378 honestiorem
2495 3325 2546 3378 in
2590 3323 2792 3378 familia
2822 3323 2996 3376 locum
3027 3322 3321 3381 obtineant,
3358 3331 3443 3371 nt-

1875 3427 1996 3480 pote
2025 3418 2353 3479 sacerdott-s,
2385 3418 2616 3478 diaconi,
2646 3416 2726 3467 vel
2759 3415 3116 3482 grammatici,
3141 3419 3193 3465 et
3218 3412 3442 3478 quiem.-

1874 3519 1978 3574 que
2005 3507 2163 3575 hujus
2192 3507 2425 3576 generis,
2451 3523 2479 3560 a
2510 3505 2815 3560 testimOnio
2843 3505 3066 3558 dicendo
3100 3517 3436 3570 nequaquam

1873 3598 2224 3649 esclndentur

1869 3687 2094 3741 ARIST.
2156 3707 2176 3740 ι
2232 3689 2296 3742 Ει
2360 3691 2449 3758 qui
2519 3704 2692 3743 annos
2746 3688 3151 3757 quatuordecim
3207 3687 3442 3739 nondum

2464 3799 2480 3830 ι
2516 3782 2795 3848 transegit.
2841 3797 2858 3828 ι

1939 3866 2007 3920 Et
2040 3869 2124 3921 hic
2172 3870 2236 3921 ad
2303 3871 2662 3923 testimonium
2719 3884 2822 3921 non
2886 3877 2968 3921 est
3028 3865 3435 3930 admittendus,

1874 3971 2091 4026 promer
2124 3962 2300 4014 aetatis
2334 3958 2816 4029 imperfectionem.
2855 3957 3066 4012 Testem
3100 3960 3241 4010 enim
3280 3972 3445 4023 opor-

1875 4058 1968 4111 tet,
2008 4065 2111 4103 non
2146 4060 2352 4103 tantunt
2399 4053 2548 4104 boote
2586 4065 2706 4103 esse
2749 4049 2904 4102 fama:
2951 4057 3006 4101 et
3033 4049 3392 4102 ortliodoxum
3427 4087 3442 4110 ,

1876 4141 1967 4191 sed
2003 4149 2056 4193 et
2091 4141 2438 4194 stabilitatem
2473 4141 2674 4193 habere
2706 4155 2720 4191 :
2747 4150 2796 4190 at
2829 4141 2918 4206 qui
2951 4141 3280 4205 pubertatem
3315 4154 3444 4189 non-

1877 4226 2266 4298 dum.attigit,
2319 4228 2521 4296 judicio
2579 4229 2818 4282 lubricus
2866 4239 2969 4282 est.
3018 4227 3086 4280 At
3145 4227 3442 4280 secundum

1881 4319 2054 4371 thema
2091 4335 2207 4386 cap.
2245 4321 2304 4372 ΓΙ
2345 4322 2429 4374 tit.
2461 4321 2484 4372 l
2530 4321 2622 4374 lib.
2655 4323 2779 4386 un?
2820 4337 2915 4373 nec
2944 4321 3129 4388 viginti
3165 4320 3318 4371 annis
3351 4318 3448 4370 mi-

1880 4424 2064 4462 norem
2091 4409 2155 4461 ad
2183 4409 2548 4462 testimonium
2603 4421 2786 4461 contra
2814 4410 3119 4477 quempiam
3172 4408 3225 4460 in
3275 4423 3440 4461 eausa

1810 4478 1853 4532 ι)
1882 4499 2147 4552 criminali
2182 4499 2416 4552 dandum
2450 4499 2708 4552 admittit.

1885 4608 1903 4640 ι
1941 4591 2262 4657 {Accusator
2309 4604 2340 4642 e
2395 4589 2610 4658 propria
2655 4590 2811 4642 domo
2865 4597 3032 4642 testes
3123 4600 3230 4640 non
3306 4601 3434 4654 pro-

2518 4696 2536 4729 ι
2595 4678 2761 4731 ducit.
2805 4695 2824 4730 ι

1951 4771 2273 4825 Testimonia
2309 4769 2608 4824 domestica
2646 4769 2809 4822 etiam
2844 4783 2873 4820 a
2912 4769 3115 4836 legibus
3162 4777 3286 4820 sunt
3327 4768 3450 4834 reji-

1887 4862 2097 4915 cii‘nda.
2134 4861 2267 4914 Nam
2327 4877 2446 4930 cap.
2501 4861 2565 4914 2|
2612 4860 2752 4914 tit.i
2809 4858 2902 4912 llb.
2943 4875 3032 4913 xu
3081 4859 3159 4913 sic
3194 4875 3452 4927 expresse

1882 4952 2011 5005 dicit
2049 4970 2062 5005 ε
2092 4954 2388 5006 Accusator
2425 4952 2752 5005 domesticos
2795 4965 2924 5004 suos
2951 4958 3114 5003 testes
3141 4966 3242 5002 non
3272 4961 3448 5018 potest

1885 5041 2181 5109 producere
2234 5057 2249 5092 :
2306 5049 2359 5093 et
2417 5053 2538 5107 cap.
2594 5038 2664 5090 9.5
2717 5038 2957 5106 ejusdem
3015 5037 3147 5090 tituli
3201 5046 3254 5090 et
3302 5038 3449 5098 libri,

1883 5132 2022 5199 quod
2079 5129 2385 5184 testimonia
2439 5128 2738 5183 domestica
2791 5127 3186 5194 improbantur.
3253 5127 3449 5179 Ti-stes

1883 5227 2060 5273 autem
2079 5220 2400 5272 domesticos
2427 5215 2711 5285 intelligas,
2738 5216 2828 5284 qui
2865 5217 3113 5284 potestati
3161 5217 3450 5283 cujuslibet

1889 5307 2116 5377 Sttltjecli
2154 5319 2302 5370 sunt,
2341 5319 2395 5361 et
2422 5309 2616 5376 quibus
2647 5309 2759 5375 ipse
2791 5307 3043 5360 mandare
3072 5313 3244 5373 potest
3272 5322 3285 5357 :
3317 5306 3454 5358 tales

1883 5400 2046 5462 enim,
2080 5415 2176 5453 nec
2202 5414 2297 5466 pro
2331 5413 2415 5463 eo,
2449 5414 2544 5451 nec
2571 5408 2760 5452 contra
2793 5398 2990 5461 alium,
3024 5411 3090 5448 eo
3112 5407 3403 5451 accusante
3431 5435 3446 5459 .

1886 5490 1938 5544 in
1966 5491 2326 5543 testimonium
2358 5489 2702 5557 recipientur,
2758 5489 2811 5542 in
2842 5503 3002 5541 causa
3056 5487 3137 5540 vel
3178 5487 3448 5541 criminali

1885 5580 1966 5632 vel
2001 5578 2338 5647 pecuniaria.
2378 5576 2434 5630 Si
2466 5578 2602 5631 alius
2647 5587 2828 5632 autem
2878 5577 3143 5646 quispiam
3193 5587 3450 5640 accuset,

1886 5683 1940 5722 et
1971 5669 2106 5722 alius
2140 5668 2438 5722 domestico
2469 5668 2776 5722 testimonio
2806 5669 2881 5721 uti
2931 5668 3124 5730 vellet,
3161 5683 3272 5721 non
3324 5686 3451 5736 ptu-

1897 5761 2128 5815 bibctur.
2174 5757 2304 5814 Nam
2339 5773 2405 5814 ex
2439 5773 2546 5813 una
2579 5760 2736 5816 domo
2760 5769 2934 5824 potest
2965 5771 3013 5813 et
3050 5767 3204 5826 pater
3239 5772 3284 5812 e.
3314 5761 3454 5808 libus
