4002 6314
581 407 687 471 623

579 626 863 682 potestate,
894 615 973 668 vel
1002 626 1189 668 contra
1225 617 1458 682 aliquem
1506 615 1585 667 vel
1618 629 1716 682 pro
1746 614 1925 682 aliquo
1980 618 2136 671 testi-

583 702 819 754 monium
866 702 1066 767 dicere,
1100 715 1153 755 ut
1183 718 1302 771 cap.
1332 703 1397 755 15
1426 702 1662 770 ejusdem
1696 702 1811 766 lib.,
1846 704 1928 760 tit.
1964 706 1981 757 ι
2041 705 2134 759 lib.

580 804 670 844 ut
696 790 904 844 statuit.

1101 1048 1327 1102 CANON
1359 1048 1639 1105 (ΑΛΧΧΗΙο

586 1161 605 1193 ‹
642 1142 714 1195 De
746 1142 1016 1209 epismpo.
1050 1143 1136 1209 qui
1165 1159 1283 1193 eum
1306 1155 1333 1191 a
1366 1142 1741 1193 communione
1770 1139 2017 1202 removit,
2044 1139 2135 1206 qui

654 1250 674 1283 ι
716 1233 814 1285 sibi
847 1233 944 1284 soli
980 1231 1250 1299 prOprium
1300 1233 1503 1284 crimen
1538 1230 1815 1283 Confessus
1846 1242 1945 1283 est.
1974 1230 2137 1283 Simi-

648 1342 668 1375 ι
708 1324 829 1376 liter
850 1323 1047 1390 plaettit
1080 1332 1158 1387 ut,
1186 1324 1229 1376 si
1270 1323 1554 1389 episcopus
1602 1323 1744 1374 dicat
1776 1323 2003 1388 aliquem
2036 1321 2135 1375 sibi

653 1432 672 1465 ι
714 1414 811 1467 soli
847 1412 1120 1480 proprium
1154 1412 1356 1465 crimen
1408 1426 1528 1463 esse
1572 1410 1881 1464 confessum
1910 1448 1925 1472 ,
1957 1420 2007 1463 et
2053 1410 2138 1462 ille

653 1524 670 1556 ι
714 1514 890 1573 neget,
920 1519 983 1557 ue
1010 1504 1280 1557 existimet
1308 1500 1667 1569 episcopus‘id
1711 1502 1773 1555 ad
1816 1516 1965 1555 suam
1997 1501 2137 1566 iniu-

653 1615 671 1647 ι
717 1597 849 1650 riam
882 1595 1170 1663 pertinere,
1206 1596 1347 1662 quod
1376 1594 1427 1645 ei
1466 1593 1561 1646 soli
1594 1593 1723 1646 fides
1748 1608 1850 1645 non
1875 1592 2133 1644 habetur:

653 1706 671 1738 ι
705 1685 913 1741 etiamsi
967 1686 1193 1752 proprias
1231 1685 1571 1737 conscientiae
1602 1681 1853 1750 scrupulo
1886 1683 2024 1735 dicat
2080 1697 2137 1735 se

650 1796 667 1827 ι
702 1776 839 1829 nolle
860 1776 930 1837 ei,
964 1775 1052 1841 qui
1082 1782 1257 1841 negat,
1287 1772 1709 1826 communicare.
1744 1792 1762 1824 ι

646 1952 841 2006 BALS.
878 1950 946 2005 Ut
977 1962 1060 2005 est
1092 1952 1403 2015 verisimile,
1434 1953 1646 2019 quidem
1680 1954 1869 2018 laicus,
1901 1955 1983 2008 vel
2025 1954 2135 2009 t-ie-

578 2044 722 2095 ricus
768 2042 981 2108 proprio
1008 2041 1260 2109 episcopo
1314 2040 1591 2094 coo’fesSus
1615 2052 1697 2095 est
1738 2043 1803 2097 de
1832 2044 2009 2110 aliquo
2031 2060 2061 2098 ι
2083 2060 2142 2101 se

573 2132 860 2184 Commisso
894 2141 1132 2196 peccato.
1168 2129 1367 2182 Etcum
1392 2145 1550 2182 causa
1591 2131 1797 2198 publice
1828 2143 1943 2186 acta
1971 2145 2136 2198 esset,

575 2220 667 2287 qui
698 2221 1087 2273 confessionem
1124 2221 1336 2286 quidem
1371 2218 1568 2273 fecerat
1594 2222 1797 2274 crimen
1858 2224 2137 2276 inficiaba—

575 2320 696 2372 tur;
724 2312 1000 2377 episcopus
1021 2319 1195 2360 autem
1224 2324 1345 2360 cum
1387 2310 1763 2374 redarguebat.
1798 2311 1863 2363 Et
1901 2314 2018 2365 ideo
2042 2328 2139 2365 vo-

574 2399 719 2451 lebat
743 2414 882 2456 eum.
917 2401 1005 2465 qui
1038 2398 1320 2450 confessus
1383 2398 1543 2449 fuerit
1583 2436 1598 2462 ,
1632 2399 1805 2467 puniri
1837 2444 1849 2462 ,
1882 2410 2135 2471 tanquam

571 2487 660 2556 qui
690 2488 861 2553 ipsum
888 2487 1080 2553 injuria
1114 2486 1410 2549 affecisset;
1444 2501 1505 2540 eo
1535 2490 1676 2554 quod
1729 2504 1837 2541 non
1878 2503 2137 2544 aunueret

574 2579 658 2637 iis,
702 2592 818 2643 qua:
850 2578 914 2628 ab
947 2578 1061 2643 ipso
1100 2576 1438 2630 dicebantur.
1473 2575 1609 2630 Dicit
1641 2592 1767 2645 ergo
1797 2593 1991 2641 canon,
2018 2581 2132 2647 epi-

571 2680 789 2735 Scopum
822 2667 1016 2732 injuria
1054 2682 1159 2718 non
1186 2667 1346 2728 allici,
1385 2670 1427 2720 si
1468 2668 1597 2720 fides
1624 2668 1696 2719 illi
1730 2682 1831 2720 non
1882 2670 2135 2723 adhibea-

570 2769 660 2811 tur
692 2758 789 2811 soli
810 2758 1030 2821 dicenti,
1061 2773 1178 2809 eum
1207 2796 1221 2822 ,
1261 2759 1349 2823 qui
1406 2770 1694 2811 accusatur
1722 2799 1737 2820 ,
1772 2761 1973 2812 crimen
2024 2762 2127 2815 sibi

569 2848 923 2914 deposuisse:
955 2847 1167 2900 etiamsi
1206 2847 1350 2900 dicat
1382 2849 1661 2914 episcopus
1687 2890 1700 2911 ,
1727 2847 1859 2902 Nolo
1894 2867 2015 2903 eum
2065 2851 2131 2904 ad

568 2936 1001 2989 communionem
1034 2936 1336 2998 admittere,
1375 2952 1496 2989 cum
1530 2954 1642 2990 mea
1670 2939 1721 2991 in
1765 2954 1827 2993 eo
1855 2944 2135 2997 conmiz-n-

569 3026 643 3079 tia
668 3024 1009 3089 offendatur,
1063 3036 1347 3093 pr0pterea
1409 3027 1551 3094 quod
1608 3030 1813 3082 crimen
1852 3031 2131 3085 confessus

1830 408 2105 470 THEOD.
2148 406 2548 467 BALSAMON

576 530 667 594 qui
698 534 780 578 est
810 527 908 578 sub
939 534 1223 594 potestate,
1250 534 1301 577 et
1331 526 1433 578 duo
1459 524 1548 578 filii
1583 523 1780 579 fratres
1832 527 1991 579 simul
2030 530 2127 582 sub

2243 524 2559 594 χρήσασθαι,
2601 522 2663 574 οὐ
2730 522 3051 577 κεκώλυται.
3122 524 3254 577 ’Δπδ
3312 530 3420 593 γὰρ
3470 525 3584 587 ἐνὸς

3710 410 3823 471 424

3664 528 3834 578 οἴκου

2234 615 2455 666 δύναται
2506 612 2598 665 καὶ
2656 614 2854 682 πατὴρ,
2907 614 3003 666 καὶ
3041 614 3153 676 υίὸς
3200 614 3535 678 ὑπεξούσιος,
3585 618 3690 669 καὶ
3739 615 3841 668 δύο

2238 703 2644 767 συνυπεξούσιοι
2671 704 2775 755 υἱοὶ
2813 704 3031 771 ἀδελφοὶ
3068 704 3162 755 καὶ
3192 706 3335 757 κατὰ
3374 721 3515 767 τινος
3552 706 3652 757 καῖ
3680 706 3842 772 ὑπὲρ

2235 813 2375 856 τινος
2419 796 2712 864 μαρτυρεῖν
2741 810 2756 826 ο
2786 793 2859 855 ὡς
2892 794 2950 846 τὸ
2980 794 3465 857 πεντεκαιδέκατον
3521 796 3841 863 κεφάλαιον

2234 882 2328 938 τοῦ
2351 884 2512 936 αὑτοῦ
2533 883 2746 953 πρώτου
2774 883 2951 935 τίτλου
2977 883 3067 937 τοῦ
3090 884 3334 936 εἰκοστοῦ
3364 884 3578 953 πρώτου
3607 884 3841 954 βιὸλῖου

2236 973 2606 1043 διαλαμϐάνει.

2794 1066 3033 1122 ΚΑΝΩΝ
3081 1064 3249 1119 PAF’.

2244 1174 2261 1206 t
2307 1157 2440 1227 Περὶ
2478 1161 2778 1213 ἐπισκόπου
2812 1161 2904 1211 τοῦ
2945 1159 3051 1211 ἀπὸ
3086 1157 3367 1217 κοινωνίας
3407 1154 3690 1217 ποιοῦντος
3739 1156 3845 1208 τὸν

2316 1266 2333 1299 ι
2374 1250 2522 1317 αὑτῷ
2583 1253 2725 1319 μόνῳ
2781 1252 2840 1303 τὸ
2892 1251 3020 1303 [διον
3080 1248 3328 1316 ἔγκλημα
3384 1248 3839 1316 ὁμολογήσαντα.

2315 1356 2333 1389 ι
2384 1337 2611 1407 Ὁμοίως
2650 1342 2843 1410 ἤρεσεν
2898 1340 3002 1405 ῐνα,
3058 1340 3151 1392 ἐάν
3190 1356 3316 1391 ποτε
3352 1339 3647 1398 ἐπίσκοπος
3684 1338 3839 1406 λέγῃ

2316 1446 2336 1478 ι
2376 1431 2499 1481 τινὰ
2533 1430 2680 1499 αὑτῷ
2726 1431 2869 1498 μόνῳ
2902 1431 2961 1482 τὸ
2996 1430 3126 1481 ἴδιον
3174 1429 3427 1497 ἔγκλημα
3456 1432 3837 1497 ὁμολογῆσαι,

2316 1537 2335 1572 t
2381 1523 2474 1573 καὶ
2507 1525 2709 1584 ἐκεῖνος
2740 1525 3002 1593 ἀρνεῖται,
3048 1524 3123 1591 μὴ
3152 1522 3437 1591 λογίσηται
3464 1524 3493 1574 6
3519 1524 3839 1582 ἐπίσκοπος

2312 1629 2330 1662 t
2366 1614 2449 1674 είς
2496 1613 2632 1665 ἰδίαν
2671 1613 2826 1681 ὓϐριν
2870 1614 3189 1675 συντείνειν,
3228 1614 3308 1665 ὅτι
3344 1613 3504 1672 αὐτὸς
3551 1615 3709 1678 μόνος
3762 1613 3833 1663 οὐ

2316 1721 2335 1753 ‹
2372 1704 2685 1756 πιστεύεται
2712 1720 2725 1732 ⁸
2749 1706 2796 1756 εί
2829 1706 2923 1756 καὶ
2958 1703 3032 1772 τῷ
3063 1703 3367 1771 σκινδιλμῷ
3396 1706 3492 1771 τῆς
3530 1704 3666 1764 ίδίας
3698 1720 3841 1756 συν⁴

2316 1811 2334 1842 t
2373 1794 2626 1862 ειδήσεως
2661 1794 2805 1860 λέγει
2847 1793 2921 1862 μὴ
2972 1794 3145 1846 θέλειν
3193 1795 3378 1847 ἑαυτὸν
3421 1798 3696 1849 κοινωνεῖν
3745 1796 3838 1864 τῷ

2316 1902 2335 1934 ι
2372 1884 2705 1953 ἀρνουμένῳ.
2735 1902 2753 1934 ι

2313 1973 2502 2024 ΒΑΛΣ.
2550 1974 2637 2034 ὀς
2667 1972 2831 2037 ἔοικε,
2860 1976 2940 2035 τὶς
2975 1973 3157 2034 λαῖκδς
3192 1973 3225 2043 ἢ
3260 1976 3351 2025 καὶ
3382 1975 3642 2043 κληρικδς
3677 1976 3831 2039 ἐξω-

2246 2062 2582 2131 μολογήσατο
2616 2063 2692 2131 τῷ
2729 2063 2842 2131 ἰδίῳ
2876 2064 3158 2130 ἐπισκόπῳ
3196 2065 3321 2130 περί
3349 2079 3494 2125 τινος
3529 2066 3622 2116 ὑπ’
3650 2065 3831 2118 αὐτοῦ

2240 2154 2580 2222 πραχθέντος
2620 2154 3033 2223 ἁμαρτήματος.
3068 2154 3175 2204 Καὶ
3204 2153 3529 2221 λαληθείσης
3559 2154 3661 2222 τῆς
3690 2156 3835 2207 ὑπο-

2238 2244 2435 2303 θέσεως
2476 2244 2565 2294 ἐπ“ι
2597 2244 2798 2306 κοινοῦ,
2833 2246 2861 2295 6
2904 2244 3001 2312 μὲν
3031 2244 3129 2312 τὴν
3160 2244 3548 2311 ἐξομολόγησιν
3583 2246 3833 2313 ποιησάο

2240 2349 2399 2402 μενος
2442 2336 2659 2402 ἠρνεῖτο
2700 2335 2757 2386 τὸ
2780 2334 3027 2402 ἔγκλημα
3054 2349 3069 2365 ⁶
3117 2336 3145 2386 6
3187 2334 3243 2385 δὲ
3281 2335 3574 2396 ἐπίσκοπος
3619 2337 3829 2405 ήλεγχε

2234 2420 2438 2476 τοῦτον.
2468 2422 2559 2474 Διὸ
2585 2424 2677 2475 καὶ
2703 2423 2859 2492 ήθελε
2888 2426 2977 2475 τὸν
3009 2425 3545 2495 ἐξομολογησάμενον
3570 2444 3830 2494 τιμωρη-

2236 2508 2393 2578 θῆναι
2432 2512 2504 2572 ὡς
2540 2510 2799 2581 ὑϐριστὴν
2830 2513 3019 2577 αὑτοῦ,
3058 2513 3147 2565 διὰ
3188 2514 3262 2582 μὴ
3287 2516 3606 2567 κατανεύειν
3634 2518 3715 2579 είς
3747 2517 3826 2568 τὰ

2234 2601 2497 2669 λεγόμενα
2536 2602 2683 2671 παρὰ
2719 2602 2930 2655 τούτου.
2970 2603 3134 2671 Φησὶν
3165 2598 3256 2656 οὖν
3289 2606 3315 2656 ὁ
3356 2604 3535 2656 κανὼν
3579 2607 3663 2656 ὅτι
3715 2607 3825 2657 οὐκ

2235 2692 2378 2743 ἐστιν
2411 2692 2564 2761 ὕϐρις
2602 2691 2692 2744 τοῦ
2733 2693 3028 2746 ἐπισκόπου
3068 2694 3127 2746 τὸ
3163 2695 3237 2763 μὴ
3274 2694 3624 2748 πιστεύεσθαι
3650 2697 3822 2749 αὐτὸν

2235 2781 2329 2830 καὶ
2368 2780 2524 2843 μόνον
2561 2780 2785 2845 λέγοντα
2821 2781 3149 2834 καταθέσθαι
3181 2782 3267 2833 ἐπ’
3295 2783 3443 2852 αὐτῷ
3470 2783 3530 2833 τὸ
3559 2783 3822 2851 ἔγκλημα

2232 2869 2322 2921 τὸν
2369 2869 2837 2939 κατηγορούμενον
2858 2886 2873 2901 ·
2906 2870 3007 2922 κᾶν
3046 2872 3181 2939 λέγῃ
3208 2875 3233 2923 6
3267 2872 3561 2935 Ertio/om;
3592 2877 3697 2936 ὅτι,
3737 2876 3818 2926 Οὐ

2236 2959 2372 3011 θέλω
2399 2958 2788 3027 προσδέξασθαι
2815 2958 2975 3011 αὐτὸν
3001 2961 3081 3020 είς
3118 2962 3421 3024 κοινωνίαν,
3459 2964 3825 3024 σκανδαλιξο-

2240 3050 2401 3115 μένης
2433 3045 2518 3097 ἐπ’
2564 3047 2708 3114 αὐτῷ
2754 3048 2851 3115 τῆς
2883 3049 3234 3115 συνειδήσεώς
3272 3066 3371 3118 μου
3392 3088 3407 3112 ,
3438 3050 3526 3102 διὰ
3571 3052 3669 3119 τὴν
3702 3054 3827 3117 ἐξο-

572 3129 677 3173 est.
711 3119 1063 3188 Interrogabit
1107 3131 1283 3173 autem
1312 3121 1573 3187 quispiam
1605 3162 1619 3184 ,
1653 3136 1771 3173 cum
1806 3136 1975 3174 canOu
2028 3140 2127 3176 non

2243 3138 2530 3207 μολόγησιν
2564 3138 2657 3188 τοῦ
2704 3138 3117 3207 ἁμαρτήματος.
3171 3140 3465 3209 Ἐρωτήσει
3494 3143 3549 3193 δέ
3582 3159 3666 3202 τις
3688 3181 3701 3204 ,
3741 3142 3825 3203 ὡς

566 3225 688 3264 esse
720 3210 1110 3263 admittendum
1143 3214 1304 3264 duc.tt
1334 3212 1567 3279 episcopi
1596 3214 1979 3275 lestintonium,
2008 3224 2121 3267 tan-

568 3313 728 3365 quam
755 3301 912 3353 unius
937 3298 1174 3353 hominis
1202 3339 1216 3363 ,
1263 3303 1556 3353 secundum
1597 3302 1764 3370 legem
1796 3319 1913 3370 qua:
1947 3305 2075 3357 dicit
2110 3320 2125 3363 ς

568 3390 685 3444 Non
718 3390 883 3459 668
932 3398 1014 3442 est
1074 3390 1230 3442 unius
1289 3390 1675 3443 adtttittendum
1728 3394 2125 3457 testimonium,

564 3482 776 3535 etiamsi
806 3482 873 3533 sit
898 3491 1115 3533 senator
1150 3497 1162 3533 :
1201 3481 1515 3535 audietttrne
1552 3482 1855 3549 episcopus,
1878 3493 2128 3551 tanquam

567 3574 642 3635 ei,
675 3573 767 3641 qui
799 3584 1104 3635 accusatur,
1148 3582 1292 3625 recte
1335 3588 1436 3624 ιιοιι
1469 3574 1890 3637 communicatis,
1914 3585 2129 3642 propter

568 3660 981 3725 confessionem,
1020 3677 1085 3712 au
1118 3661 1261 3713 uno?
1289 3660 1516 3713 Salutio.
1560 3660 1683 3713 Mdii
1715 3663 1922 3715 videtur
1967 3666 2127 3731 quod,

571 3748 788 3800 etiamsi
819 3762 1003 3799 revera
1034 3750 1311 3800 confessus
1343 3758 1423 3800 est
1450 3788 1463 3811 ,
1498 3748 1586 3811 qui
1633 3758 1942 3813 accusatur,
1969 3764 2031 3799 ex
2066 3765 2130 3802 eo

568 3840 683 3890 Solo
711 3854 813 3889 non
849 3837 1041 3902 poterit
1076 3838 1359 3905 episcopus
1392 3854 1512 3889 eum
1557 3854 1584 3890 a
1622 3840 1994 3891 communione
2039 3856 2128 3892 se-

566 3944 775 3995 parare,
808 3938 862 3979 ttt
894 3931 982 3995 qui
1012 3944 1112 3980 non
1166 3929 1236 3981 sit
1276 3930 1661 3981 condemnatus
1694 3947 1705 3981 :
1743 3931 1785 3982 si
1821 3942 1998 3982 autem
2030 3930 2127 3982 hoc

566 4021 773 4079 fecerit,
824 4019 999 4087 utqui
1052 4020 1168 4072 sine
1204 4021 1408 4072 ratione
1456 4020 1721 4071 hominem
1780 4035 1809 4070 a
1863 4022 2125 4087 spirituaii

562 4125 595 4163 c
617 4112 936 4162 nuntunione
958 4110 1312 4175 separaverit,
1342 4109 1680 4177 separabitur
1714 4119 1765 4161 et
1802 4110 1913 4175 ipse
1946 4126 1971 4161 a
2010 4126 2124 4162 ma-

559 4199 942 4266 joriantistitc,
975 4212 1058 4261 eo,
1088 4197 1177 4264 qui
1217 4198 1494 4250 confessus
1516 4209 1599 4250 est
1623 4240 1636 4261 ,
1686 4199 1951 4251 absoluto.
1996 4198 2125 4250 Nota

563 4305 691 4357 ergo
733 4299 1053 4357 pra-sentem
1089 4302 1350 4342 eanonetn
1382 4300 1596 4357 prepter
1629 4290 1905 4358 epist-epos
1933 4304 1983 4344 et
2014 4305 2127 4344 mo-

565 4383 790 4443 nacltos,
824 4380 910 4447 qui
942 4388 1283 4446 peccatorum
1320 4380 1592 4432 hominum
1631 4380 1995 4436 confessiones
2030 4399 2127 4433 au-

2229 3228 2319 3281 τοῦ
2347 3229 2561 3291 κανόνος
2581 3229 2953 3298 ἁπαράδεκτον
2971 3229 3320 3299 λογιζομένου
3352 3233 3451 3301 τὴν
3476 3232 3569 3283 τοῦ
3593 3235 3828 3286 ἐπισκό-

2230 3337 2331 3370 που
2371 3319 2703 3388 μαρτυρίαν,
2743 3321 2818 3380 ὡς
2851 3320 3137 3390 ἀνθρώπου
3170 3322 3319 3384 ἐνές,
3354 3325 3495 3375 κατὰ
3524 3325 3615 3375 τὸν
3649 3327 3827 3394 νόμον

2228 3414 2318 3460 τὸν
2370 3412 2615 3476 λέγοντα,
2676 3411 2822 3474 Ἐνδς
2867 3413 3140 3481 μαρτυρία
3175 3414 3274 3466 οὐκ
3326 3414 3440 3466 ἐστι
3481 3416 3665 3484 δεκτη,
3709 3416 3826 3469 κᾶν

2232 3502 2587 3568 συγκλητικός
2636 3504 2805 3565 ἐστιν,
2844 3504 3237 3573 ἀκουσθήσεται
3291 3504 3319 3556 6
3368 3507 3687 3573 ἐπίσκοπος,
3737 3507 3826 3570 ὡς

2229 3590 2468 3656 εὐλόγως
2505 3591 2578 3660 μὴ
2611 3592 2984 3657 συγκοινωνῶν
3008 3594 3083 3661 τῷ
3114 3598 3573 3664 κατηγορουμένῳ
3596 3597 3684 3649 διὰ
3710 3600 3823 3664 τὴν

2229 3678 2629 3749 ἐξομολόγησιν,
2662 3679 2693 3747 ἣ
2726 3681 2836 3748 μή;
2872 3682 3081 3744 Λύσις.
3133 3682 3284 3751 Ἐμοὶ
3308 3684 3451 3735 δοκεῖ
3484 3685 3578 3747 ὠς,
3612 3684 3713 3738 κᾶν
3743 3689 3820 3756 τῇ

2232 3769 2454 3836 ἀληθείᾳ
2486 3768 2931 3837 ἐξωμολογήσατο
2966 3773 2991 3823 6
3026 3775 3499 3843 κατηγορούμενος
3521 3816 3537 3838 ,
3569 3778 3675 3828 ἀπὸ
3708 3780 3815 3845 μό-

2229 3878 2317 3911 νου
2350 3860 2537 3910 τούτου
2581 3860 2639 3910 οὐ
2675 3859 2958 3927 δυνήσεται
3008 3864 3168 3915 αὐτὲν
3214 3865 3444 3933 χωρίσαι
3484 3867 3581 3934 τῆς
3613 3884 3819 3921 κοινω-

2230 3949 2344 4007 νίας
2399 3949 2427 3997 6
2481 3950 2809 4010 ἐπίσκοπος,
2870 3951 2944 4011 ὡς
3010 3952 3143 4018 μηδέ
3203 3954 3698 4007 καταδικασθένταο
3758 3962 3815 4010 εί

2227 4038 2281 4088 δὲ
2311 4037 2467 4090 τοῦτο
2495 4041 2729 4109 ποιήσει,
2762 4041 2837 4102 ὠς
2868 4042 3179 4107 ἁνευλόγως
3204 4044 3439 4111 χωρίσας
3474 4047 3565 4097 τὸν
3593 4046 3817 4116 ἄνθρωο

2228 4144 2326 4177 πον
2351 4130 2454 4178 ἀπὸ
2488 4128 2585 4195 τῆς
2618 4132 2993 4198 πνευματικῆς
3050 4133 3367 4198 κοινωνίας,
3406 4136 3814 4205 χωριεθήσεται

2230 4218 2321 4268 καὶ
2352 4218 2508 4278 αὐτὸς
2540 4218 2642 4269 ὑπὸ
2669 4218 2757 4270 τοῦ
2796 4219 3042 4285 μείζονος
3072 4222 3397 4289 ἀρχιερέως,
3421 4221 3515 4274 τοῦ
3546 4225 3812 4292 ἐξομολο-

2227 4308 2536 4373 γησαμένου
2572 4307 2849 4376 λυομένου.
2878 4309 3190 4377 Σημείωσαι
3214 4310 3303 4362 τὸν
3330 4311 3569 4379 παρόντα
3600 4313 3805 4365 κανόνα

2228 4394 2314 4447 διὰ
2345 4397 2465 4456 τοὺς
2499 4397 2825 4459 ἐπισκόπους
2868 4399 2960 4450 καὶ
2986 4401 3108 4460 τοὺς
3144 4398 3467 4467 δεχομένους
3496 4400 3807 4469 ἀνθρώπων

564 4469 738 4532 diuut,
770 4477 822 4520 et
849 4469 1216 4522 testimonium
1242 4468 1426 4521 ferunt
1460 4471 1718 4523 adversus
1750 4485 1863 4534 eos,
1894 4473 1981 4538 qui
2037 4472 2120 4523 tli-

2243 4486 2517 4551 ι.ογισμοὺς
2572 4488 2855 4553 μοναχοὺς,
2909 4488 3001 4538 καὶ
3051 4489 3463 4558 μαρτυροῦντας
3502 4491 3643 4543 κατὰ
3692 4492 3809 4543 τῶν

564 4570 757 4612 contur
784 4559 973 4613 fecisse
1019 4562 1160 4629 apud
1216 4561 1359 4629 ipsos
1425 4560 1819 4615 confessionem
1861 4563 2122 4616 criminis.

565 4651 716 4713 Quod
750 4659 928 4703 autem
964 4665 1067 4703 non
1122 4662 1203 4703 est
1252 4652 1638 4705 admittendum
1681 4653 1839 4705 unius
1889 4654 2123 4705 testimo-

566 4740 733 4800 nium,
771 4738 883 4807 lcge
906 4740 1064 4792 etiam
1101 4753 1359 4791 canonem
1398 4739 1463 4793 75
1510 4750 1819 4801 sanctorum
1856 4741 2123 4807 apostolo-

564 4843 706 4881 rum.
741 4830 1126 4883 bznt-tissimus
1165 4831 1377 4897 quidem
1406 4842 1548 4881 certe
1603 4831 1816 4897 patriar.
1834 4830 1899 4881 ita
1955 4832 2121 4882 donti-

562 4933 663 4969 nus
692 4917 859 4969 Lucas
898 4920 1470 4973 excomunmicationis
1515 4936 1688 4989 poenae
1730 4922 1957 4988 subjecit
2006 4937 2122 4973 uto-

564 5010 782 5060 nasterti
812 5007 1150 5078 Gerotrophii
1182 5011 1487 5079 praefectum
1513 5050 1530 5078 ,
1560 5013 1649 5079 qui
1697 5011 1872 5064 fuerat
1908 5013 2122 5065 archic-

560 5100 809 5165 piscopus
831 5096 1124 5163 Heraclea,
1160 5102 1297 5166 quod
1342 5101 1446 5155 tale
1496 5103 1856 5156 testimonium
1918 5106 2121 5157 tulisset

560 5191 816 5241 alrersus
846 5203 1001 5241 suum
1038 5190 1368 5256 spirituaiem
1408 5193 1597 5246 filium.

632 5276 882 5330 ZONAR.
916 5278 1175 5343 Quamvis
1208 5282 1489 5349 episcopus
1511 5284 1735 5351 alicujus
1785 5300 1843 5338 se
1869 5286 2117 5349 crimina,

560 5367 629 5419 ob
652 5381 769 5433 quae
800 5367 845 5420 is
869 5370 1247 5423 communione
1271 5372 1564 5426 movendus
1595 5386 1699 5436 εει,
1725 5374 1892 5441 ipsius
1914 5374 2121 5426 cenfes-

558 5461 707 5509 sionc
768 5460 1082 5525 cognovisse
1140 5460 1400 5527 afﬁrmet,
1466 5465 1557 5531 qui
1619 5476 1796 5518 tamen
1854 5466 2117 5534 ejusmodi

557 5544 827 5611 quidpiam
879 5545 1181 5601 confessum
1216 5565 1275 5603 se
1320 5565 1441 5605 esse
1487 5563 1669 5621 neget;
1716 5556 1811 5607 soli
1871 5557 2119 5623 episcopo

560 5633 611 5684 itt
643 5648 703 5685 ea
734 5648 791 5686 re
825 5632 958 5687 fides
991 5650 1099 5690 non
1129 5639 1434 5694 habebitur.
1464 5642 1646 5711 Neque
1690 5660 1844 5707 vero,
1873 5645 2117 5714 inquiunt

557 5720 762 5790 Patres,
798 5724 851 5781 in
882 5740 947 5781 eo
978 5725 1227 5797 injuriam
1250 5731 1349 5785 sibi
1383 5733 1495 5787 fieri
1517 5735 1801 5802 episcopus
1822 5737 2114 5800 existuue!,

2224 4572 2527 4641 λεγομένων
2578 4578 2801 4645 ποιῆσαι
2851 4578 2985 4646 πρὸς
3032 4578 3232 4640 αὐτοὺς
3274 4579 3660 4648 ἐξομολόγησιν
3705 4582 3807 4636 τοῦ

2224 4662 2635 4732 ἁμαρτήματος.
2668 4668 2789 4717 Ὀτι
2818 4667 2873 4717 δὲ
2902 4667 3122 4729 ἄδεκτός
3152 4669 3300 4719 ἐστιν
3330 4672 3361 4737 ή
3398 4669 3488 4722 τοῦ
3518 4670 3633 4732 ἐνὸς
3662 4689 3807 4740 μαρ-

2221 4755 2403 4822 τυρία,
2458 4757 2729 4822 ἀνάγνωθι
2777 4759 2870 4809 καὶ
2921 4759 3014 4810 τὸν
3066 4766 3137 4811 σε’
3194 4763 3392 4813 κανόνα
3451 4763 3557 4814 τῶν
3628 4764 3803 4828 ἁγίων

2222 4844 2553 4897 ἀποστόλων.
2602 4846 2659 4897 '0
2693 4844 2874 4916 μέντοι
2924 4849 3223 4915 ἀγιώτατος
3262 4852 3599 4921 πατριάρχης
3634 4853 3801 4921 κυρὸς

2222 4936 2432 4993 Λουκᾶς
2473 4936 2735 5005 ἐπιτιμίῳ
2777 4938 3227 5007 ἀλειτουργησίας
3278 4940 3654 4993 καθυπέὸαλλε
3700 4944 3796 4993 τὸν

2221 5022 2626 5091 καθηγούμενον
2660 5027 2758 5093 τῆς
2791 5029 2955 5096 μονῆς
2984 5029 3075 5080 τοῦ
3114 5033 3476 5101 γηροτρόφου,
3512 5032 3602 5083 τὸν
3632 5048 3794 5098 γεγο-

2219 5113 2343 5164 νότα
2376 5114 2799 5181 ἀρχιεπίσκοπον
2833 5118 3195 5187 Ἡρακλείας,
3227 5122 3467 5175 τοιοῦτόν
3499 5140 3547 5174 τι
3581 5139 3792 5192 μαρτυ-

2222 5202 2460 5270 ρήσαντα
2495 5206 2638 5255 κατὰ
2660 5208 3031 5273 πνευματικοῦ
3056 5212 3241 5272 παιδος
3269 5211 3456 5269 αὑτοῦ.

2288 5292 2526 5346 ΖΩΝΑΡ.
2578 5294 2695 5346 Κᾶν
2746 5295 3042 5360 ἐπίσκοπος
3092 5299 3227 5371 λέγῃ
3287 5301 3787 5373 ἐξομολογήσασθαι

2217 5379 2365 5448 αὐτῷ
2395 5398 2519 5431 τινα
2548 5381 2851 5453 ἁμάρτημα
2889 5386 3119 5454 χωρίζον
3147 5389 3307 5441 αὑτὸν
3344 5394 3440 5459 τῆς
3473 5395 3788 5461 κοινωνίας,

2216 5474 2243 5524 6
2270 5472 2325 5523 δὲ
2363 5472 2611 5541 ἀρνῆται,
2643 5472 2815 5539 λέγων
2845 5474 2919 5544 μὴ
2956 5478 3130 5528 εἰπεῖν
3166 5479 3313 5549 αὑτῷ
3343 5483 3583 5535 τοιοῦτον
3614 5486 3793 5554 ἁμάρ-

2215 5578 2386 5631 τημα,
2437 5563 2497 5611 οὑ
2551 5563 2967 5632 πιστευθήσεται
3021 5566 3179 5633 μόνος
3234 5571 3260 5620 6
3309 5570 3630 5636 ἐπίσκοπος.
3683 5576 3792 5630 Καὶ

2216 5653 2394 5715 τοῦτο,
2429 5653 2592 5718 φασὶν
2620 5655 2665 5704 oi
2696 5655 2956 5725 Πατέρες,
2988 5658 3062 5727 μὴ
3085 5657 3383 5725 λογιζέσθω
3403 5663 3481 5732 τῷ
3510 5666 3792 5736 ἐπισκόπῳ

2219 5746 2297 5804 εἷς
2359 5743 2537 5811 ὓϐριν,
2599 5745 2679 5796 ὅτι
2735 5745 2793 5796 οὐ
2858 5748 3169 5803 πιστεύεται
3229 5752 3410 5820 μόνος,
3461 5757 3556 5807 καὶ
3606 5757 3792 5811 λοιπὸν
