4002 6314
193 411 310 476 425

1219 403 1492 466 IN.CAN.
1536 400 1818 464 CXXXIV
1851 398 2057 462 CONC.
2113 400 2490 460 CARTHAG.

3324 402 3432 460 126

189 528 577 595 ἀναγκάζεται
643 528 1024 595 συγκοινωνεῖν
1086 525 1309 592 ικείνῳ,
1375 521 1478 573 κᾶν
1541 519 1672 588 λέγῃ
1739 519 1768 570 6

1884 514 2010 580 iuod
2039 515 2141 570 soli
2181 515 2280 570 sibi
2315 530 2418 568 non
2438 513 2704 568 credatur
2724 555 2739 576 ,
2764 514 3018 584 quodque
3060 513 3111 566 in
3153 522 3428 582 posterum

191 617 504 678 ὶπίσκοπος
533 619 615 668 ὅτι
648 618 722 668 06
754 617 889 668 θέλω
926 613 1319 684 προσδέξασθαι
1352 609 1512 664 αὑτὸν
1545 609 1622 669 είς
1653 623 1766 658 κοι-

192 706 402 758 νωνίαν
421 745 435 766 ,
477 705 963 773 σκανδαλιζομένης
993 704 1079 756 ἐπ’
1112 702 1259 770 αὑτῷ
1286 701 1380 768 τῆς
1419 695 1770 764 συνειδήσεώς

197 811 333 862 μου.
389 795 720 864 Σκινδαλμὸν
748 797 856 863 γὰρ
889 795 920 863 ἢ
964 794 1024 846 τὸ
1065 792 1354 844 σκάνδαλον
1377 788 1590 855 νοητέον
1618 787 1649 854 ἢ
1679 785 1770 836 τὸν

195 880 439 951 θόρυϐον
466 883 566 950 τῆς
595 882 947 950 συνειδήσεως
974 881 1370 951 θορυϐουμένης
1399 876 1490 928 καὶ
1515 881 1770 944 ταραττο-

198 972 378 1041 μένης
405 972 495 1024 διὰ
521 973 616 1039 τὴν
641 971 1023 1041 ἐξομολόγησιν
1051 971 1144 1024 τοῦ
1183 969 1594 1040 ἁμαρτήματοςσ

199 1141 433 1194 ΑΡΙΣΤ.
484 1160 504 1193 r
544 1144 730 1210 Λέγων
767 1145 1060 1206 ὲπίσκοπος
1096 1144 1178 1195 ὄτι
1223 1139 1296 1194 Τδ
1338 1140 1587 1208 ἔγκλημα
1630 1136 1770 1190 κατὰ

296 1250 312 1281 ι
361 1237 532 1305 μόνας
563 1237 590 1285 ό
617 1235 784 1296 πέλας
817 1252 907 1304 μοι
933 1234 1302 1304 ὡμολόγησεν,
1335 1233 1384 1284 εἰ
1416 1233 1444 1282 6
1475 1230 1638 1289 πέλας
1670 1229 1772 1296 ἀρ·

281 1347 302 1379 ι
341 1331 535 1390 νεῖται,
567 1325 662 1376 οὐκ
695 1323 970 1387 εὖπιστος.

277 1441 357 1494 Οὐ
386 1440 492 1510 χρὴ
521 1436 868 1490 πιστεύεσθαι
987 1437 1274 1504 ἐπισκόπῳ
1295 1433 1502 1500 λέγοντι
1526 1432 1597 1490 ὡς
1620 1429 1774 1482 Κατὰ

208 1532 381 1599 μόνας
407 1534 434 1582 ὁ
461 1530 607 1582 δεῖνα
637 1527 893 1596 κληρικδς
923 1527 1172 1595 ἐγκλημὰ
1204 1543 1292 1594 μοι
1313 1523 1644 1593 ὡμολόγησε,
1681 1521 1774 1572 καὶ

201 1622 293 1674 διὰ
341 1621 498 1673 τοῦτο
546 1621 578 1689 ἦ
629 1619 723 1671 τοῦ
780 1616 987 1686 βαθμοῦ
1037 1618 1069 1685 ἢ
1125 1617 1226 1684 τῆς
1275 1614 1554 1674 κοινωνίας
1611 1610 1774 1663 αὑτὸν

201 1713 486 1780 ἀπείργω.
531 1711 590 1762 El
632 1709 739 1778 γὰρ
787 1709 1032 1777 ἀρνεῖται
1078 1708 1303 1769 ἐκεῖνος,
1343 1704 1401 1755 ὃν
1441 1701 1772 1770 ὁμολογῆσαι

203 1801 385 1865 λέγει,
419 1801 518 1851 οὐκ
548 1799 748 1864 ὀφείλει
781 1796 1162 1859 καταδικάζειν
1196 1795 1354 1847 αὐτὸν
1385 1793 1416 1863 ἢ
1457 1793 1590 1845 ἰδίαν
1617 1792 1774 1861 ὓϐριν

201 1893 368 1945 τοῦτο
393 1889 722 1956 λογίζεσθαι,
748 1890 827 1940 ὅτι
858 1887 1017 1950 αὐτὸς
1048 1889 1108 1938 οὐ
1143 1884 1462 1938 πιστεύεται
1492 1883 1668 1952 μόνος.

785 2039 1018 2095 ΚΔΝΩΝ
1044 2037 1213 2094 ΡΛΔ⁹.

207 2200 228 2233 ι
273 2182 400 2234 Ἴνα
445 2179 540 2247 μὴ,
585 2177 656 2240 ὡς
691 2177 871 2245 ἔτυχε,
913 2174 1037 2228 τινὰ
1081 2174 1317 2244 στερήσῃ
1357 2171 1453 2241 τῆς
1499 2169 1778 2231 κοινωνίας

281 2290 302 2322 ι
343 2271 660 2328 ἐπίσκοπος.
705 2267 820 2333 Ἐφ’
852 2267 974 2317 ὅσον
1001 2263 1077 2332 τῷ
1100 2263 1464 2332 ἁφωρισμᾶνῳ
1490 2260 1565 2329 μὴ
1592 2275 1777 2311 κοινω-

283 2380 302 2412 ι
339 2363 424 2412 νεῖ
457 2363 484 2411 6
525 2359 654 2419 ίδιος
684 2359 975 2417 ἐπίσκοπος
997 2397 1011 2420 ,
1045 2353 1121 2422 τῷ
1154 2353 1298 2422 αὑτῷ
1326 2352 1604 2418 ὲπισκόπῳ
1631 2348 1778 2401 ἄλλοι

281 2471 301 2502 ι
345 2451 421 2520 μὴ
474 2449 987 2516 συγκοινωνήσουσιν
1035 2445 1353 2496 ἐπίσκοπον
1395 2441 1534 2493 ὥστε
1582 2439 1780 2508 μᾶλλον

285 2560 305 2591 ι
349 2537 864 2608 παραφυλάττεσθαι
886 2535 976 2587 τὸν
1006 2534 1301 2585 ἐπίσκοπον
1329 2529 1405 2599 μὴ
1432 2528 1610 2594 λέγειν
1640 2527 1780 2580 κατά

286 2651 306 2682 ι
344 2647 512 2695 τινος,
544 2630 680 2696 ὅπερ
704 2627 1037 2690 ἀποδείξεσιν
1068 2623 1281 2691 ἐλέγξαι
1313 2622 1446 2690 παρ’
1481 2621 1688 2689 ἑτέροις
1717 2617 1778 2670 σὺ

285 2740 306 2772 ι
343 2721 588 2773 δύναται.
617 2737 637 2770 ι

281 2832 558 2884 ΒΛΛΣ.Ὃ
586 2828 1004 2899 παρεσιώπησεν
1031 2830 1058 2880 6
1091 2826 1355 2896 ἀνώτερος
1392 2824 1594 2884 κανὼν.
1628 2815 1781 2882 οὗτος

211 2922 558 2990 προήνεγκεν
578 2922 654 2977 είς
679 2917 926 2985 φανερόν.
955 2917 1026 2967 Τὸ
1049 2913 1103 2966 δὲ
1137 2912 1203 2983 ἦν
1235 2915 1319 2979 τὸ,
1357 2912 1481 2964 Ἐὰν
1516 2913 1589 2980 μὴ
1622 2909 1782 2978 θελή-

215 3009 333 3077 σηό
392 3008 690 3064 ἐπίσκοπος
749 3004 1070 3073 κοινωνῆσαι
1139 3002 1218 3067 τῷ
1290 3002 1420 3069 παρ’
1466 2997 1630 3052 αὑτοῦ
1677 2999 1781 3066 ἀφ-

214 3098 511 3167 ορισθέντι,
540 3096 616 3158 ὡς
638 3094 888 3162 ἔγκλημά
906 3111 956 3146 τι
979 3093 1123 3162 αὐτῷ
1149 3092 1582 3162 ἐξαγορεύσαντι,
1612 3090 1663 3141 τί
1691 3090 1781 3142 ἐπὶ

213 3161 293 3256 τῷ
330 3187 557 3251 τοιούτῳ
603 3161 882 3254 ἐπισκόπῳ
930 3161 1213 3252 γενήσεται
1255 3161 1555 3246 ἀνευλόγως
1593 3179 1782 3248 ἀφορί-
1808 3161 1855 3224 c

218 3293 373 3327 σαντι
406 3276 503 3328 καὶ
541 3275 644 3340 πρὸ
687 3275 977 3341 καταδίκης
1011 3274 1101 3324 τὸν
1131 3271 1442 3340 ἄνθρωπον;
1484 3269 1620 3338 Φησὶ
1649 3267 1778 3335 γοῦν

216 3369 298 3420 ὅτι
345 3369 441 3420 ἐὰν
483 3365 715 3434 ἀφορίσῃ
757 3365 878 3415 τινὰ
920 3363 1243 3429 ἁνευλόγως,
1285 3361 1370 3429 ἐφ’
1421 3362 1544 3412 ὅσον
1589 3360 1777 3429 καιρὸν

216 3460 424 3518 ἐκεῖνος
457 3458 516 3508 οὑ
540 3458 784 3507 κοινωνεί
811 3454 888 3523 τῷ
919 3453 1284 3522 ἀφορισθέντι,
1322 3451 1453 3520 μηδὲ
1479 3450 1670 3518 ἐκείνῳ
1702 3448 1778 3518 τῷ

217 3548 538 3617 ἁφορίσαντι
576 3546 796 3615 δηλαδὴ,
838 3545 1165 3597 κοινωνῶσιν
1204 3545 1250 3594 οἱ
1289 3541 1435 3596 ἄλλοι
1471 3540 1776 3592 ἐπίσκοποι.

229 3637 457 3702 Ἔπὰγει
492 3635 545 3687 δὲ
594 3635 684 3687 καὶ
713 3634 809 3702 τὴν
840 3634 1041 3698 αἰτίαν,
1074 3633 1160 3684 ἵνα
1204 3632 1280 3701 μὴ
1309 3633 1491 3699 ταχεῖς
1520 3631 1611 3682 καὶ
1650 3630 1781 3681 ἀπε-

223 3719 623 3794 ρίσκεπτοιιῖωι
654 3725 788 3794 πρὸς
803 3723 1142 3793 -κατηγορίας
1169 3727 1261 3776 καὶ
1290 3723 1423 3790 πρὸς
1457 3719 1777 3789 ἀφορισμδν,

220 3818 315 3869 καὶ
361 3817 437 3886 μὴ
469 3818 611 3868 κατά
648 3832 806 3869 τινων
838 3816 1066 3881 λέγωσιν
1110 3815 1145 3870 ἃ
1183 3813 1390 3880 ἐλέγξαι
1420 3813 1479 3866 οὐ
1509 3812 1778 3865 δύνανται.

222 3909 331 3961 Καὶ
361 3909 473 3960 ἀπὸ
515 3908 613 3976 μὲν
643 3907 737 3959 τοῦ
776 3908 1041 3976 παρόντος
1071 3906 1289 3966 κανόνος
1323 3903 1464 3958 οὕτω
1497 3900 1781 3966 κολάζεται

221 4000 249 4049 ό
274 3998 582 4063 ἀνευλόγως
604 3997 864 4066 ἀφορίσας
885 3996 1202 4057 ἐπίσκοπος.
1233 3997 1373 4062 Ἐγὼ
1393 3995 1448 4047 δὲ
1473 3991 1673 4061 νομίζω
1699 3993 1779 4043 ὅτι

221 4087 280 4139 οὐ
350 4087 511 4153 μόνον
571 4084 741 4138 ταῦτα
801 4083 941 4136 οὕτω
999 4083 1393 4154 κολασθήσεται
1459 4086 1487 4136 ό
1541 4081 1781 4141 τοιοῦτος

222 4170 542 4237 ἐπίσκοπος,
564 4174 698 4226 ἀλλὰ
719 4175 812 4226 καὶ
839 4173 929 4226 τοῦ
955 4174 1239 4240 ἀνευλόγου
1259 4173 1448 4224 τούτου
1479 4169 1780 4241 ἁφορισμοῢ

223 4265 547 4334 λαληθέντος
581 4265 731 4334 παρὰ
761 4263 965 4333 μείζονι
995 4266 1255 4333 ἀρχιερεῖ,
1287 4267 1313 4315 6
1338 4265 1438 4332 μὲν
1472 4261 1782 4332 ἀφορισθεὶς

221 4355 522 4425 λυθήσεται
552 4355 644 4406 τοῦ
676 4354 1002 4423 ἀφορισμοῦ,
1032 4355 1059 4408 ό
1089 4355 1144 4406 δὲ
1176 4354 1439 4423 ἀφορίσας
1467 4351 1782 4423 τιμωρηθή-

1878 606 2019 660 illius
2064 607 2495 660 communionem
2577 605 2861 659 admittere
2919 618 3139 658 necesse
3194 603 3428 666 habeat;

1876 696 2122 764 quamvis
2151 697 2219 750 ab
2247 711 2306 749 ea
2339 695 2827 750 communicatione
2868 708 2924 748 se
2976 695 3248 748 abstinere
3296 693 3432 745 velle

1877 785 2226 852 profiteatur,
2269 801 2334 840 es
2383 801 2555 854 eaque
2614 784 3003 840 conscientiam
3034 799 3182 839 suam
3233 783 3430 838 olfendi

1876 887 2150 931 causetur.
2184 876 2283 930 Hic
2303 877 2445 930 enim
2474 893 2565 945 per
2594 876 2938 944 σκινδαλμδν,
2972 885 3064 928 aut
3095 875 3430 941 scandalum,

1877 975 1971 1018 aut
1997 967 2342 1020 conscientia:
2375 965 2710 1020 confessione
2747 966 2912 1018 auditi
2943 964 3202 1018 facinoris
3247 965 3434 1018 conci-

1882 1064 2002 1109 latae
2031 1071 2092 1109 ac
2120 1058 2446 1124 perturbata:
2481 1057 2766 1110 tumultum
2801 1056 3063 1124 intellige.

1880 1142 2099 1198 ARIST.
2143 1162 2161 1194 ι
2198 1144 2458 1213 Episcopo
2486 1145 2704 1208 dicenti,
2737 1145 2876 1212 quod
2921 1146 3124 1197 crimen
3157 1144 3286 1196 mihi
3333 1142 3435 1196 soli

1955 1253 1974 1288 ι
2005 1236 2210 1289 vicinus
2234 1233 2510 1289 confessus
2535 1241 2638 1299 est,
2670 1234 2715 1288 si
2743 1235 2952 1289 vicinus
2984 1235 3277 1303 negaverit,
3306 1234 3438 1289 lides

1957 1344 1974 1379 ι
2015 1345 2120 1382 ηοη
2146 1340 2230 1385 est
2263 1330 2418 1384 facile
2451 1331 2715 1383 habenda.
2760 1350 2778 1381 ›

1950 1436 2106 1493 Fides
2134 1440 2386 1508 episcopo
2414 1454 2519 1494 non
2559 1450 2644 1496 est
2695 1441 2941 1494 habenda
3005 1441 3234 1503 dicenti,
3293 1443 3434 1510 quod

1883 1534 2114 1587 clericus
2145 1535 2411 1604 quispiam
2450 1535 2581 1589 mihi
2611 1535 2711 1589 soli
2739 1535 2938 1588 crimen
2965 1532 3240 1588 confessus
3255 1543 3359 1597 est,
3383 1543 3437 1585 et

1883 1625 1951 1678 ob
1977 1625 2031 1678 id
2059 1627 2225 1691 gradu
2258 1635 2351 1678 aut
2383 1626 2758 1679 communione
2789 1640 2910 1678 eum
2964 1638 3140 1678 arceo.
3189 1625 3244 1676 Si
3291 1625 3433 1676 enim

1883 1727 2039 1783 ncgat
2070 1718 2178 1782 ille,
2211 1731 2369 1785 quem
2413 1716 2715 1772 confessum
2747 1731 2866 1771 esse
2907 1717 3072 1778 dicit,
3125 1731 3231 1768 non
3280 1715 3440 1768 debet

1883 1825 2001 1865 eum
2029 1812 2425 1876 condemnare;
2474 1821 2568 1862 aut
2625 1823 2685 1864 se
2726 1808 2923 1877 injuria
2976 1809 3224 1862 allectum
3249 1804 3437 1861 existi-

1881 1918 2047 1967 mare,
2079 1903 2220 1971 quod
2253 1901 2352 1970 ipsi
2376 1900 2473 1954 soli
2501 1914 2609 1954 non
2647 1900 2927 1954 adhibetur
2970 1899 3119 1954 lides.

2363 2058 2589 2114 CANON
2621 2056 2907 2113 CXXXIV.

1887 2214 1904 2246 ‹
1943 2195 2021 2248 Ne
2048 2195 2330 2263 episc0pus
2363 2203 2564 2246 temere
2596 2191 2898 2260 quempiam
2962 2189 3134 2258 privet
3185 2201 3438 2242 commu-

1956 2304 1975 2336 ι
2017 2285 2194 2337 nione.
2237 2281 2503 2346 Quamdiu
2562 2289 2840 2348 segregat!)
2907 2293 3011 2332 non
3083 2276 3440 2332 communicat

1959 2392 1977 2424 ι
2015 2372 2258 2442 proprius
2307 2371 2607 2439 episcopus,
2656 2368 2830 2423 e’idem
2888 2367 3140 2436 episcopo
3194 2365 3284 2418 alii
3333 2379 3437 2417 non

1958 2460 2481 2517 «communica'bunt
2541 2455 2774 2526 episcopi
2831 2473 2845 2509 :
2897 2465 2958 2510 ut
3024 2455 3196 2523 magis
3252 2463 3440 2507 caveat

1960 2570 1980 2604 ι
2017 2552 2315 2621 episcopus,
2357 2563 2422 2602 ne
2450 2549 2704 2601 adversus
2744 2546 2975 2614 aliquem
3005 2545 3146 2599 dicat
3173 2544 3224 2597 id
3248 2583 3263 2608 ,
3296 2544 3438 2611 quod

1955 2662 1974 2694 ‹
2009 2639 2345 2697 documentis
2370 2637 2596 2707 probare
2624 2635 2761 2704 apud
2789 2637 2924 2690 alios
2951 2650 3054 2689 non
3088 2641 3282 2702 potest.
3312 2652 3329 2685 ι

1955 2840 2144 2896 BALS.
2176 2838 2325 2906 Quod
2357 2837 2602 2907 superior
2639 2849 2809 2890 canon
2860 2832 3282 2901 praetermiserat
3306 2870 3320 2892 ,
3357 2831 3440 2882 hic

1883 2935 1934 2987 in
1964 2941 2203 3002 apertum
2241 2929 2476 2999 protulit.
2525 2927 2582 2980 ld
2614 2935 2794 2980 autem
2826 2933 2942 2979 erat
2972 2940 2988 2978 :
3031 2923 3085 2977 Si
3110 2922 3278 2975 noluit
3323 2921 3440 2988 epi-

1883 3039 2076 3093 scopus
2099 3023 2146 3077 ei
2183 3020 2586 3075 communicare
2624 3017 2715 3086 qui
2753 3030 2779 3068 a
2812 3030 2869 3069 se
2899 3023 3208 3083 segregatus
3237 3020 3350 3075 est,
3384 3023 3441 3064 ut

1883 3116 1971 3185 qui
2008 3114 2104 3184 ipsi
2139 3111 2354 3180 aliquod
2388 3109 2591 3162 crimen
2644 3107 2839 3160 dixerit
2869 3122 2882 3158 :
2917 3105 3043 3172 quid
3094 3105 3140 3156 ei
3196 3103 3286 3156 liet
3325 3103 3441 3167 epi-

1885 3219 2066 3272 scopo,
2097 3204 2184 3272 qui
2221 3201 2417 3268 injuria
2450 3208 2575 3251 ante
2606 3195 3105 3251 condemnationem
3158 3193 3429 3246 hominem

1886 3292 2223 3363 segregavit?
2255 3291 2391 3344 Dicit
2416 3303 2563 3357 ergo,
2595 3287 2735 3355 quod
2765 3287 2808 3339 si
2842 3285 3073 3353 aliquem
3115 3283 3308 3349 injuria
3343 3296 3428 3335 se-

1885 3387 2168 3455 gregavit,
2217 3381 2467 3447 quamdiu
2526 3379 2612 3440 ei,
2668 3376 2759 3444 qui
2810 3383 3119 3443 segregatus
3161 3381 3282 3436 est,
3328 3387 3435 3425 non

1885 3474 2263 3535 communicat,
2301 3486 2398 3524 nec
2439 3469 2538 3532 illi,
2569 3467 2659 3535 qui
2704 3465 3004 3534 segregavit
3051 3465 3296 3526 scilicet,
3347 3463 3438 3516 alii

1886 3563 2357 3620 communicabunt
2387 3558 2645 3630 episcopi.
2677 3555 2960 3624 Subjungit
2991 3554 3150 3607 etiam
3174 3568 3393 3607 causam
3420 3593 3436 3616 ,

1887 3670 1951 3708 ne
1983 3653 2283 3722 praecipites
2337 3652 2445 3706 sint
2486 3660 2539 3703 et
2571 3644 2954 3701 inconsiderati
2997 3643 3050 3697 in
3095 3643 3439 3696 accusatione

1885 3753 1939 3799 et
1986 3741 2266 3812 inﬂigenda
2288 3739 2655 3809 segregatione
2686 3744 2777 3790 :et
2827 3734 3122 3792 ne_dicant
3181 3732 3438 3785 adversus

1888 3834 2115 3902 aliquos,
2139 3846 2256 3900 qua:
2293 3831 2521 3900 probare
2555 3842 2658 3880 non
2690 3833 2934 3895 possunt.
2974 3825 3041 3877 Et
3095 3837 3121 3875 a
3180 3822 3433 3892 praesenti

1887 3925 2098 3994 quidem
2128 3937 2332 3976 canone
2372 3921 2450 3974 sic
2478 3921 2696 3988 punitur
2730 3918 3009 3984 episcOpus
3038 3953 3051 3977 ,
3108 3914 3196 3982 qni
3239 3913 3436 3979 injuste

1888 4013 2206 4084 segregavit.
2245 4011 2354 4079 Ego
2381 4022 2557 4063 autem
2591 4008 2862 4072 existimo,
2885 4006 3024 4074 quod
3050 4006 3095 4059 is
3129 4005 3437 4072 episcopus,

1888 4122 1990 4161 non
2023 4105 2193 4159 solum
2223 4102 2299 4155 sic
2329 4101 2582 4168 punietur
2605 4139 2622 4164 ,
2666 4099 2758 4151 sed
2798 4105 2852 4149 et
2898 4096 3034 4149 dictu
3067 4094 3436 4162 segregatione

1889 4196 2074 4265 majori
2104 4193 2332 4247 antistiti
2364 4190 2626 4257 exposita,
2658 4189 2702 4241 is
2742 4187 2978 4255 quidem,
3006 4186 3094 4253 qui
3129 4193 3212 4238 est
3252 4197 3434 4252 segre-

1888 4297 2061 4352 gatus,
2097 4301 2123 4336 a
2154 4285 2520 4352 segregatione
2551 4280 2788 4332 solvetur
2828 4295 2842 4330 :
2886 4276 2978 4344 qui
3029 4285 3206 4328 autem
3259 4288 3439 4342 segre-

1887 4376 2058 4444 gavit,
2100 4373 2349 4441 punietur
2376 4370 2662 4424 secundum
2691 4365 2975 4421 Jnstiniani
3013 4364 3311 4428 novellam,
3343 4377 3436 4417 seu

226 4460 378 4496 σεται
403 4445 546 4495 κατὰ
567 4443 663 4513 τὴν
699 4444 1116 4495 Ίουστινιάνειον
1163 4443 1394 4511 Νεαρὰν,
1420 4443 1536 4513 ἦτοι
1564 4441 1699 4493 κατὰ
1723 4441 1780 4493 τὸ

1888 4441 2179 4520 secundum
2229 4463 2543 4515 vicesimum
2573 4468 2826 4527 quartum
2871 4464 3030 4524 caput
3073 4454 3238 4524 669
3279 4453 3436 4521 primi

226 4536 303 4588 κδ’
331 4535 529 4603 κεφάλ.
563 4535 655 4586 τοῦ
679 4541 725 4587 α’
755 4534 931 4586 τίτλου
958 4533 1051 4586 τοῦ
1087 4533 1135 4601 γ’
1162 4534 1388 4601 βιὸλίου,
1421 4533 1448 4586 ὃ
1476 4537 1564 4585 καὶ
1591 4535 1646 4585 ὲν
1669 4534 1784 4585 δια-

225 4627 412 4694 φόροις
465 4626 650 4677 κανόσι
683 4624 1051 4692 κατεστρώθη,
1097 4625 1188 4675 καὶ
1226 4624 1364 4675 κατὰ
1394 4624 1484 4676 τὸν
1513 4623 1554 4675 δ’
1587 4625 1786 4675 κανόνα

226 4717 324 4783 τῆς
345 4716 387 4776 ζ’
419 4715 660 4770 συνόδου.
687 4717 797 4769 Καὶ
818 4713 1084 4783 ἀνάγνωθι
1110 4714 1200 4766 τὸν
1217 4713 1452 4767 τοιοῦτον
1481 4713 1673 4765 κανόνα
1696 4714 1788 4766 καὶ

229 4807 326 4876 τὴν
359 4804 573 4872 Νεαρὰν
595 4805 1063 4874 καταστρωθεῖσαν
1084 4807 1162 4866 είς
1181 4805 1276 4874 τὴν
1291 4806 1579 4874 ἑρμηνείαν
1601 4805 1783 4870 αὑτοῦ,

230 4898 322 4948 καὶ
346 4895 441 4947 τὸν
475 4891 535 4947 ιδ’
572 4895 768 4948 κανόνα
796 4894 891 4961 τῆς
917 4894 974 4946 ὲν
1003 4895 1233 4963 Σαρδικῇ
1269 4895 1506 4949 συνόδου.

297 5004 545 5059 ΖΩΝᾹΡ.
586 5007 650 5057 '0
711 4983 1131 5076 παρεσιώπησεν
1171 5010 1199 5060 6
1252 5008 1504 5076 ἀνωτέρω
1581 5024 1784 5072 κανων,

227 5097 381 5162 οὗτος
406 5101 742 5171 προήνεγκεν
772 5100 849 5161 είς
882 5099 1132 5167 φανερόν.
1165 5100 1236 5152 Τὸ
1262 5099 1317 5152 δὲ
1341 5095 1408 5169 ἦν
1430 5101 1512 5164 τὸ,
1559 5100 1681 5153 Ἐὰν
1710 5101 1784 5171 μὴ

231 5192 412 5261 θέλ.ῃό
444 5192 736 5250 ἐπίσκοπος
786 5188 1114 5256 κοινωνῆσαι
1149 5189 1225 5256 τῷ
1273 5193 1400 5259 παρ’
1460 5189 1625 5245 αὐτοῦ
1684 5192 1786 5259 ἀφ-

231 5281 524 5350 ορισθέντι,
569 5281 643 5342 ὡς
687 5279 935 5348 ἔγκλημά
981 5298 1028 5333 τι
1074 5277 1219 5349 α’ὖτῷ
1258 5279 1694 5351 ὲξαγορεύσαντι,
1731 5285 1781 5336 τί

226 5375 352 5441 περὶ
390 5370 484 5421 τοῦ
504 5371 744 5422 τοιούτου
769 5372 1249 5440 οἰκονομηθήσεται
1281 5390 1296 5438 ;
1343 5374 1478 5441 Φησὶ
1526 5372 1653 5440 γοῦν
1676 5374 1779 5438 ὅτι,

225 5465 320 5514 ἐὰν
349 5462 594 5531 ἁφορίσῃ
652 5463 772 5515 τινὰ
795 5463 855 5514 οὐ
884 5463 1128 5526 δικαίως,
1156 5464 1240 5530 ἐφ’
1272 5463 1394 5515 ὅσον
1425 5466 1614 5531 καιρὸν
1643 5467 1778 5516 ὲκεί-

225 5571 311 5616 νος
331 5556 390 5606 οὐ
408 5555 653 5606 κοινωνεῖ
672 5553 744 5622 τῷ
773 5554 1134 5622 ἀςορισθέντι,
1158 5555 1288 5622 μηδὲ
1307 5555 1514 5625 ἐκείνῳ,
1549 5555 1623 5622 τῷ
1649 5555 1781 5623 ἀφο-

230 5648 438 5715 ρίσαντι
450 5642 670 5712 δηλαδὴ,
689 5644 1010 5698 κοινωνῶσιν
1025 5647 1071 5696 οί
1091 5644 1236 5698 ἄλλοι
1260 5647 1348 5698 ὲπί
1357 5663 1564 5700 σκοποι·
1583 5648 1777 5716 ἐπάγει

226 5738 280 5792 δὲ
319 5737 412 5789 καὶ
446 5735 547 5803 τὴν
594 5735 790 5800 αἰτίαν,
821 5736 907 5789 ἵνα
939 5739 1012 5808 μὴ
1038 5742 1219 5808 ταχεῖς
1261 5740 1355 5792 καὶ
1381 5742 1772 5809 ἀπερίσκεπτοι

506 5827 773 5892 Panos.
805 5829 917 5889 Gn.
968 5831 1352 5896 CXXXVIII.

1893 4553 2028 4607 tituli
2063 4553 2200 4605 tertii
2228 4551 2370 4614 libri,
2400 4550 2538 4617 quod
2563 4550 2727 4601 etiam
2781 4547 2834 4600 in
2872 4545 3096 4599 diversis
3141 4542 3437 4596 canonibus

1887 4645 2047 4696 situm
2085 4650 2202 4704 est;
2231 4649 2282 4693 et
2309 4640 2598 4693 secundum
2634 4645 2885 4704 quartum
2916 4647 3174 4687 canonem
3199 4630 3437 4698 septimae

1887 4731 2097 4800 synodi.
2132 4729 2194 4782 Et
2223 4728 2337 4794 lege
2365 4728 2508 4780 hunc
2538 4737 2793 4778 canonem
2852 4731 2904 4773 et
2952 4719 3225 4773 Novellam
3278 4718 3433 4771 sitam

1887 4821 1939 4874 in
1967 4820 2085 4889 ejus
2118 4818 2588 4887 interpretatione;
2625 4822 2678 4868 et
2710 4825 2830 4866 can.
2870 4809 2934 4864 ιι
2983 4809 3178 4864 sardic.
3225 4806 3432 4874 synodi.

1958 5016 2204 5074 ZONAR.
2232 5016 2386 5082 Quou
2420 5015 2637 5068 silentio
2682 5026 2931 5082 superior
2975 5024 3144 5063 canon
3196 5014 3427 5065 texerat,

1885 5110 1973 5163 hic
2002 5110 2053 5162 in
2094 5116 2339 5176 apertum
2382 5105 2622 5174 protulit.
2649 5103 2707 5158 Id
2737 5111 2917 5155 autem
2967 5107 3087 5152 erat
3131 5093 3434 5164 ejusmodi;

1887 5195 1942 5248 Si
1984 5195 2114 5248 nolit
2159 5194 2446 5264 episcopus
2470 5194 2519 5246 ei
2573 5190 3010 5252 communicare,
3065 5201 3222 5254 quem
3281 5183 3434 5252 quasi

1883 5286 2108 5341 crimina
2169 5285 2270 5352 ipsi
2317 5286 2621 5338 confessum
2652 5281 2974 5350 segregavit,
3006 5278 3135 5348 quid
3172 5276 3296 5331 huic
3335 5274 3435 5342 ipsi

1882 5378 2135 5445 episcopo
2168 5374 2303 5427 lict?
2339 5374 2644 5441 Respondet
2695 5371 2880 5440 igitur,
2918 5370 3062 5440 quod
3110 5368 3155 5422 si
3203 5367 3433 5435 aliquem

1883 5469 2072 5536 injuria
2106 5469 2433 5537 segregavit,
2465 5465 2706 5536 quandiu
2756 5465 2826 5531 ei,
2857 5463 2949 5533 qui
2984 5471 3296 5531 segregatus
3327 5467 3431 5518 est,

1882 5560 1995 5628 ipse
2027 5573 2131 5612 non
2168 5559 2570 5624 communicat;
2604 5572 2703 5610 nec
2733 5555 2807 5610 illi
2840 5553 3087 5609 videlicet
3118 5551 3207 5619 qui
3243 5561 3433 5617 segre-

1880 5652 2027 5720 gavit
2071 5651 2160 5704 alii
2215 5650 2452 5719 episcopi
2527 5647 3046 5711 commuuicabunt;
3103 5655 3433 5710 causamque

1881 5753 2137 5814 praeterea
2192 5743 2495 5807 subnectit;
2528 5757 2594 5796 ne
2620 5741 2671 5796 in
2700 5741 3046 5795 accusatione
3100 5733 3429 5804 segregatio-

3055 5829 3122 5895 14
