4002 6314
570 378 663 435 ιἳῖ
1815 376 2085 435 TllEOD.
2132 376 2225 433 BA
2235 376 2535 437 LSAMON

3683 379 3783 441 428

572 507 740 561 neque
803 491 1088 563 indigentia
1120 492 1419 561 praecipites
1451 490 1927 546 et'inconsiderati
1977 491 2107 557 sint,

2217 485 2318 545 ὦσι
2350 494 2483 563 πρδς
2542 496 2876 565 κατηγορίαν
2907 499 2999 550 καὶ
3030 498 3165 568 πρὸς
3215 498 3536 568 ἁφορισμδν,
3588 500 3678 553 καὶ
3708 502 3783 567 μὴ

568 598 699 637 neve
751 584 1001 652 cuiquam
1059 584 1315 653 obiiciant
1361 598 1455 648 ea,
1492 598 1610 651 quae
1653 593 1839 653 postea
1894 584 2120 651 probare

572 689 678 727 non
714 683 939 742 possint.

566 762 791 817 ABIST.
834 782 853 815 ι
895 764 1189 835 Episcopus
1223 780 1367 829 eum,
1394 768 1483 834 qui
1526 780 1630 819 non
1692 766 1969 819 convictus
2012 772 2111 829 est,

636 874 654 907 ι
692 857 1072 911 communione
1108 858 1349 925 privaus,
1377 866 1427 908 et
1456 856 1571 925 ipse
1605 855 1832 909 aliorum
1865 854 2115 909 similiter

641 964 659 995 ι
697 947 1073 1001 communione
1104 946 1427 1015 privabitur.
1458 966 1476 998 ι

641 1040 697 1092 Si
745 1041 868 1109 quis
900 1042 1185 1109 episcopus
1211 1041 1466 1095 clericum
1500 1055 1655 1095 suum
1725 1040 2115 1111 segregaverit,

562 1132 851 1185 criminum
882 1148 985 1187 non
1019 1134 1343 1197 convictum,
1377 1134 1470 1188 sed
1522 1148 1616 1187 sua
1652 1132 1763 1187 sola
1790 1134 2115 1186 condemna-

561 1233 671 1275 tum
723 1224 1073 1289 conscientia,
1128 1225 1498 1292 segregabitur
1526 1235 1580 1278 et
1628 1224 1763 1292 ipse.
1801 1232 1855 1277 et
1885 1223 2111 1276 aliorum

558 1315 930 1382 episcoporum
1009 1316 1390 1367 communione
1466 1314 1807 1382 privabitur;
1865 1322 1925 1366 ut
1984 1311 2109 1365 illud

558 1408 891 1467 observetur,
925 1419 992 1457 ne
1024 1404 1177 1459 facile
1200 1413 1389 1458 contra
1420 1404 1731 1475 quempiam
1760 1404 1924 1467 dicat,
1958 1402 2105 1471 quod

558 1499 788 1564 probare
812 1512 917 1552 non
954 1506 1153 1565 potest.

1060 1695 1293 1750 CANON
1332 1695 1591 1750 CXXXV.

558 1803 574 1834 ι
613 1783 864 1838 Aurelius
905 1786 1188 1854 episcopus
1243 1786 1383 1838 dixit
1443 1802 1458 1838 :
1506 1782 1810 1839 Secundum
1867 1795 1952 1848 ea,
1984 1796 2103 1850 qua:

2223 586 2363 640 κατὰ
2408 603 2571 639 τινων
2608 587 2861 655 λέγωσιν,
2888 588 2925 642 ἃ
2954 587 3167 658 ἐλέγξαι
3201 589 3261 642 οὐ
3284 589 3557 644 δύνανται.

2218 760 2441 815 ΔΡῙΣΤ.
2490 781 2508 815 ι
2556 763 2661 815 Τὸν
2722 764 2797 833 μή
2849 763 3169 833 ἐλεγχθέντα
3202 765 3487 827 κοινωνίας
3514 769 3780 836 στερήσεις

2295 872 2314 906 ι
2359 854 2674 922 ἐπίσκοπος,
2738 859 3008 927 στερεῑται
3071 859 3166 911 καί⁵
3228 860 3385 922 αὑτὸς
3420 861 3519 930 τῆς
3577 863 3782 933 ἑτέρων

2294 964 2312 997 ι
2359 946 2581 1014 ὁμοίως.
2630 966 2648 998 ι

2288 1037 2355 1089 Εἴ
2384 1054 2466 1100 τις
2523 1039 2823 1104 ἐπίσκοπος
2878 1044 3140 1112 κληρικον
3177 1043 3343 1097 αὑτοῦ
3386 1044 3655 1115 ἀφορίσει,
3701 1042 3777 1112 μὴ

2215 1125 2538 1196 ἐλεγχθέντα
2570 1132 2662 1181 ἐπὶ
2697 1134 3020 1200 πταίσματι,
3042 1134 3156 1186 ἀλλ’
3182 1135 3245 1185 ὲκ
3280 1135 3447 1205 μόνης
3476 1137 3572 1205 τῆς
3607 1136 3773 1187 αὑτοῦ

2214 1220 2615 1287 κατακριθέντα
2675 1224 3050 1291 συνειδήσεως,
3096 1226 3523 1295 ἀφορισθήσεται
3550 1227 3645 1278 καὶ
3673 1227 3775 1278 αὑ-

2212 1310 2323 1372 τὸς,
2355 1312 2446 1362 καὶ
2476 1309 2573 1379 τῆς
2595 1312 2703 1365 τῶν
2732 1312 2908 1366 ἄλλων
2953 1316 3268 1368 ἐπισκόπων
3331 1317 3612 1378 κοινωνίας
3638 1318 3774 1369 ἁπο-

2214 1401 2638 1470 στερηθήσεται·
2699 1403 2774 1465 ὡς
2825 1404 2891 1457 ἂν
2944 1406 3524 1476 παραφυλάττηταιτδ
3578 1408 3652 1478 μὴ
3680 1410 3773 1460 εὑ-

2210 1488 2386 1556 χερῶς
2440 1492 2581 1543 κατά
2631 1507 2779 1554 τινος
2834 1492 3017 1562 λέγειν
3068 1496 3206 1566 ὅπερ
3252 1497 3634 1565 ἁπελέγξαιοὺ
3680 1498 3771 1549 δύ-

2208 1594 2383 1632 ναται.

2761 1677 3001 1732 ΚΑΝΩΝ
3040 1678 3207 1734 PAE’.

2211 1779 2231 1814 ι
2278 1763 2547 1834 Αὐρήλιος
2584 1767 2880 1831 ἐπίσκοπος
2913 1768 3066 1822 εἶπεν
3101 1786 3117 1804 ο
3185 1772 3344 1825 Κατὰ
3378 1771 3446 1824 τὰ
3478 1770 3767 1841 ὁρισθέντα

629 1893 647 1926 ι
685 1878 847 1929 totius
874 1876 1059 1946 synodi
1112 1884 1443 1945 congregata!
1477 1889 1714 1944 meaeque
1760 1874 2102 1928 mediocrita-

2279 1874 2298 1909 ι
2341 1860 2406 1927 τῇ
2440 1857 2633 1931 γνώμῃ
2670 1861 2846 1929 πάσης
2881 1861 2978 1927 τῆς
3008 1862 3489 1933 συναθροισθείσης
3522 1863 3764 1928 συνόδου,

625 1985 642 2017 ι
684 1969 752 2019 tis
785 1967 1051 2019 sententia
1087 1967 1304 2019 definita
1355 1975 1500 2028 sunt,
1532 1966 1707 2033 placet
1736 1966 1977 2017 omnium
2012 1979 2100 2018 rc-

619 2079 637 2111 ι
680 2075 795 2113 rum
848 2060 999 2127 prius
1030 2058 1287 2112 declarati
1320 2056 1539 2125 perfecti
1578 2054 1717 2108 tituli
1761 2052 1940 2108 facere
1972 2068 2101 2108 con-

626 2169 643 2202 ι
686 2150 1006 2214 clusionem,
1078 2160 1134 2203 et
1186 2150 1467 2218 praesentis
1530 2146 1637 2200 dici
1694 2146 2098 2199 constitutionis

622 2259 639 2290 ι
679 2249 965 2293 tractatum
1018 2249 1138 2292 acta
1172 2238 1539 2293 ecclesiastica
1570 2236 1877 2305 suscipiant
1923 2254 1936 2288 :
1974 2249 2095 2302 qua:

615 2351 634 2383 ι
676 2343 854 2387 autem
889 2333 1123 2385 nondum
1167 2340 1673 2400 suntpertractata,
1718 2331 1802 2383 die
1852 2328 2094 2396 sequenti

621 2443 639 2475 ι
683 2440 779 2493 per
832 2424 1029 2477 fratres
1076 2432 1315 2485 nostros,
1367 2422 1683 2475 Faustinum
1742 2421 2090 2489 episcopum,

622 2536 639 2568 ι
689 2516 991 2584 Philippum
1018 2525 1077 2569 et
1129 2514 1367 2569 Asellum
1399 2516 1761 2581 presbyteros,
1788 2510 2093 2564 venerando

620 2624 638 2655 ι
679 2604 828 2659 fratri
860 2614 913 2657 et
942 2604 1261 2671 coepiscopo
1292 2612 1475 2656 nostro
1524 2600 1799 2653 Bunifacio
1827 2600 2089 2652 rescribe-

618 2712 637 2744 ι
680 2709 819 2746 mus.
876 2694 942 2745 Et
992 2691 1469 2759 subscripserunt:
1504 2690 1753 2743 Aurelius
1808 2689 2094 2756 episcopus

614 2803 632 2835 ι
678 2785 760 2837 liis
814 2785 1152 2835 decretorum
1210 2783 1346 2835 actis
1380 2796 1409 2833 a
1460 2782 1614 2835 nobis
1672 2781 1936 2845 susceptis
1963 2778 2093 2831 sub-

614 2894 631 2925 ι
668 2876 878 2943 scripsi.

623 3161 638 3190 ι
677 3141 989 3192 Valentinus
1053 3140 1338 3208 cpiscopus
1369 3138 1557 3207 prima:
1607 3134 1872 3189 cathedra:
1904 3131 2086 3185 Numi-

540 3250 559 3281 ι
604 3233 734 3283 dicae
770 3231 1003 3299 regionis
1038 3230 1120 3283 his
1146 3231 1281 3283 actis
1314 3227 1630 3296 subscripsi.

609 3423 626 3454 ι
670 3403 955 3457 Faustinus
1016 3402 1299 3469 episcopus
1324 3398 1622 3452 Potentiua:
1676 3397 1942 3453 Ecclesiae.
1972 3409 2089 3461 pro-

538 3514 555 3543 ι
597 3496 784 3547 vincia:
844 3493 1047 3558 Piceni,
1105 3493 1310 3559 legatus
1371 3489 1627 3542 Romanis
1680 3487 1952 3546 Ecclesnae,
2006 3488 2087 3537 liis

540 3603 557 3635 ι
602 3584 731 3638 aetis
762 3582 1073 3650 subscripsi.

623 3780 641 3812 ι
681 3760 901 3829 Alypius
955 3758 1246 3827 episcopus
1301 3752 1681 3824 Tliagatensis,
1722 3753 1926 3821 legatus
1958 3767 2084 3819 pro-

538 3874 556 3905 ι
596 3855 779 3907 vincia:
810 3852 1090 3914 Numidiae,
1124 3850 1209 3902 his
1234 3849 1369 3901 actis
1398 3847 1726 3915 subscripsi.

610 4068 627 4097 ι
662 4044 987 4111 Augustinus
1045 4042 1325 4111 episcopus
1408 4039 1815 4109 Hipponensis,
1872 4041 2079 4107 legatus

533 4158 550 4189 ι
600 4136 884 4206 ρινογὶιιςὶω
914 4134 1197 4195 Numidiae,
1223 4133 1304 4186 bis
1333 4133 1465 4185 actis
1488 4134 1803 4185 subscripsi.

608 4334 624 4363 ι
665 4311 934 4365 Possidius
979 4310 1263 4378 episcopus
1318 4308 1676 4371 Calamensis,
1719 4311 1925 4377 legatus
1956 4320 2082 4375 pro-

545 4423 561 4455 ι
600 4406 784 4456 vincia:
812 4402 1095 4467 Numidiae,
1127 4401 1213 4453 hic
1238 4402 1377 4453 aetis
1402 4402 1718 4455 subscripsi.

606 4597 624 4628 ι
668 4578 1087 4631 Fortunatianus
1117 4574 1531 4645 Neapolitanus,
1559 4578 1643 4633 bis
1680 4581 1816 4634 actis
1848 4583 2081 4637 subscri-

529 4690 547 4721 ι
585 4672 685 4740 psi.

608 4781 624 4809 ι
658 4759 913 4813 Rutiauus
985 4762 1400 4817 Muzuensianus
1435 4800 1451 4827 ,
1510 4761 1597 4817 bis
1657 4765 1793 4817 actis
1846 4766 2081 4822 subscri-

529 4871 545 4903 ι
589 4868 689 4919 pst.

603 4958 620 4988 ι
659 4940 1012 4994 Praetextatus
1057 4940 1426 5007 Sicilibensis,
1492 4944 1575 4997 his
1639 4946 1773 5000 actis
1832 4948 2074 5003 subscri-

528 5052 545 5083 ι
587 5035 694 5102 psi.

601 5124 1051 5188 cQuodvultJeus
1126 5122 1419 5189 Verensis,
1482 5126 1565 5181 his
1628 5131 1764 5184 actis
1838 5132 2076 5186 subscri-

526 5235 542 5265 ι
579 5216 677 5282 psi.

609 5324 629 5356 ι
662 5304 939 5359 Candidus
962 5305 1289 5371 Germaniae,
1327 5306 1413 5361 his
1451 5310 1583 5361 actis
1614 5310 1930 5378 subscripsi.

608 5503 625 5532 ι
665 5481 916 5537 Cu‘lonius
953 5485 1241 5551 L‘ticensis,
1278 5486 1361 5539 his
1382 5488 1518 5541 actis
1549 5488 1867 5559 subscripsi.

588 5682 604 5712 ι
647 5662 996 5720 Maximianus
1049 5667 1434 5737 Acyrogensis,
1494 5668 1578 5724 liis
1634 5670 1773 5725 actis
1818 5672 2061 5728 subscri-

524 5774 539 5805 ι
582 5772 680 5815 νει.

2276 1965 2295 1998 ι
2343 1948 2551 2016 καὶτῆς
2578 1948 2716 2018 ἐμῆς
2752 1952 3130 2021 μετριότητος,
3158 1952 3382 2018 ἀρέσκει
3415 1951 3630 2004 πάντων
3654 1951 3764 2003 τῶν

2274 2055 2293 2089 ι
2338 2040 2677 2109 πραγμάτων
2712 2040 2807 2093 τοῦ
2871 2042 3307 2111 προδηὶωθέντος
3356 2042 3631 2105 ὀλοτελοῦς
3680 2045 3761 2094 τί-

2274 2144 2294 2177 t
2338 2128 2461 2179 τλου
2486 2130 2704 2197 ποιῆσαι
2728 2130 2786 2181 τὺ
2840 2130 3231 2199 συμπέρασμα,
3270 2132 3360 2183 καί⁵
3388 2134 3487 2199 τὴν
3524 2133 3758 2199 συζήτη-

2276 2234 2294 2267 ι
2343 2234 2425 2269 σιν
2485 2218 2583 2287 τῆς
2615 2218 2999 2282 διατυπώσεως
3028 2220 3125 2287 τῆς
3154 2221 3433 2289 παρούσης
3460 2222 3672 2290 ἡμέρας
3692 2222 3761 2274 τὰ

2274 2326 2292 2358 ι
2339 2307 2763 2377 ὲκκλησιαστικὰ
2796 2311 3159 2379 πεπραγμένα
3180 2311 3566 2374 ἀναδέξωνται⁸
3599 2311 3757 2365 ἅτινα

2273 2414 2292 2447 ι
2340 2398 2395 2450 δὲ
2415 2400 2601 2467 ἀκμὴν
2637 2400 2737 2451 οὐκ
2763 2400 3249 2469 ἐπεξεργὰσθησαν
3294 2404 3357 2470 τῇ
3416 2401 3541 2470 ἑξῆς
3577 2404 3759 2472 ήμέρᾳ

2271 2504 2289 2538 ι
2336 2487 2421 2540 διὰ
2453 2488 2559 2539 τῶν
2602 2488 2845 2557 ἀδελφῶν
2873 2492 3051 2559 ήμῶν,
3088 2492 3387 2543 Φαυστίνου
3410 2492 3502 2543 τοῦ
3535 2495 3758 2545 ἐπισκό-

2270 2596 2289 2631 ι
2335 2596 2457 2641 που,
2489 2580 2753 2634 Φιλίππου
2787 2581 2880 2632 καὶ
2922 2580 3171 2633 ’Δσέλλου
3202 2584 3307 2635 τῶν
3333 2583 3750 2651 πρεσῦυτέρων,

2269 2687 2288 2718 ι
2332 2670 2407 2739 τῷ
2442 2670 2803 2739 προσκυνητῷ
2834 2657 3050 2741 ἀδελφῷ
3073 2672 3167 2724 καὶ
3191 2675 3573 2741 συνεπισκόπῳ
3602 2675 3757 2743 ήμῶν

2267 2778 2285 2810 ι
2335 2760 2633 2829 Βονιφατίῳ
2709 2761 3134 2830 ἀντιγράψομεν.
3216 2765 3327 2815 Καὶ
3404 2764 3752 2832 ὑπέγραψανο

2274 2870 2294 2903 ι
2340 2852 2607 2920 Αὐρήλιος
2639 2851 2931 2913 ἐπίσκοπος
2954 2854 3063 2913 τοῖς
3096 2852 3331 2921 παροῦσι
3357 2853 3466 2904 τῶν
3483 2855 3622 2923 ὅρων
3660 2870 3754 2905 πε-

2269 2960 2287 2991 ι
2334 2942 2667 3012 πραγμένοις
2721 2943 2833 3003 τοῖς
2883 2942 3011 3011 παρ’
3071 2944 3200 3012 ήειίν
3255 2944 3563 3013 δεχομένοις
3655 2944 3753 2997 ὑπ-

2268 3049 2286 3080 ι
2334 3031 2573 3086 ἐγραψα.

2268 3049 2286 3080 ι
2334 3031 2359 3081 ἑ
2440 3048 2471 3082 α
2517 3048 2573 3086 α.

2266 3138 2284 3170 ι
2317 3030 2627 3183 Βςῖξενΐῖνος
2704 3121 2804 3191 τῆς
2862 3120 3085 3191 πρώτης
3143 3121 3408 3188 καθέδρας
3457 3124 3751 3188 ἐπίσκοπος

2113 3192 2155 3253 C
2195 3231 2212 3261 ι
2258 3214 2354 3280 τῆς
2379 3212 2729 3281 Νουμηδικῆς
2756 3213 2937 3282 χώρας
2973 3218 3086 3275 τοῖς
3142 3214 3375 3284 παροῦσι
3409 3220 3744 3287 πεπραγμέ-

2254 3321 2361 3364 νοις
2396 3304 2706 3372 ὑπέγραψα.

2264 3411 2282 3441 c
2327 3394 2622 3455 Φαυστίνος
2680 3394 2979 3456 ἐπίσκοπος
3031 3395 3129 3463 τῆς
3163 3397 3482 3467 Ποτεντινῆς
3520 3399 3750 3471 Ἐκκληο

2193 3501 2209 3532 ι
2261 3485 2399 3548 σίας,
2452 3484 2720 3553 ἐπαρχίας
2770 3487 3018 3550 Πικένου,
3056 3491 3438 3559 τοποτηρητής
3476 3491 3576 3559 τῆς
3616 3493 3748 3546 Ῥω-

2193 3591 2210 3623 ι
2261 3576 2462 3643 μαῐκῆς
2505 3575 2847 3641 Ἐκκλησίας,
2907 3580 3020 3638 τοῖς
3072 3577 3312 3647 παροῦσι
3340 3590 3749 3653 πεπραγμένος

2194 3685 2210 3715 ι
2262 3666 2288 3716 ὑ
2303 3667 2572 3735 πέγραψα.

2261 3774 2277 3806 ι
2339 3758 2586 3820 ’Λλὺπιος
2631 3760 2925 3824 ἐπίσκοπος
2969 3762 3335 3836 Θυγατένσης,
3370 3766 3745 3835 τοποτηρητὴς

2192 3864 2209 3896 ι
2257 3848 2716 3917 τῆςΝουμηδικῆς
2760 3850 2962 3921 χώρας,
3018 3858 3129 3915 τοῖς
3156 3852 3391 3923 παροῦσι
3425 3858 3745 3922 πεπραγμέέ

2192 3957 2209 3989 ι
2260 3957 2366 4001 νοις
2401 3942 2713 4010 ὑπέγραψα.
3084 3998 3089 3999 ,

2264 4050 2281 4080 ι
2328 4032 2689 4098 Αὑγουστίνος
2738 4036 3035 4100 ἐπίσκοπος
3055 4038 3344 4110 Ἱππώνης,
3373 4039 3743 4109 τοποτηρητὴς

2191 4139 2207 4170 ι
2255 4122 2353 4189 τῆς
2414 4123 2761 4193 Νουμηδικῆς
2814 4127 3123 4195 ἐπαρχίας,
3181 4132 3292 4189 τοίς
3354 4130 3590 4197 παροῦσι
3644 4147 3743 4182 πε-

2191 4230 2207 4260 ι
2257 4215 2592 4281 πραγμένοις
2621 4216 2935 4285 ὑπέγραψα.

2256 4320 2276 4352 ι
2327 4305 2565 4366 [Ιοσίδιος
2595 4307 2894 4370 ἐπίσκοπος
2942 4309 3323 4379 Καλαμένσης,
3364 4313 3743 4382 τοποτηρητὴς

2188 4411 2206 4442 ι
2251 4394 2348 4461 τῆς
2384 4395 2733 4463 Νουμηδικῆς
2763 4399 3027 4467 ἐπαρχίας
3062 4404 3173 4461 τοῖς
3216 4400 3450 4470 παροῦσι
3484 4419 3742 4473 πεπραγ-

2111 4518 2155 4571 D
2191 4501 2207 4533 ι
2257 4488 2435 4552 μένοις
2456 4487 2769 4554 ὑπέγραψα.

2260 4593 2276 4624 ι
2318 4576 2806 4641 Φουρτουνατιανδς
2857 4576 3196 4647 Νεαπολίτης
3239 4580 3350 4641 τοῖς
3384 4580 3616 4650 παροῦσι
3652 4598 3743 4633 πει

2188 4684 2205 4715 ι
2254 4669 2586 4737 πραγμένοις
2653 4671 2962 4739 ὑπέγραψα.

2256 4775 2275 4808 ι
2334 4760 2647 4827 Ῥουφιανὸς
2704 4760 3192 4829 Μουζουενσιανὸς,
3241 4764 3355 4826 τοῖς
3382 4750 3615 4835 παροῧσι
3644 4782 3742 4817 πε-

2189 4867 2206 4899 ι
2256 4854 2589 4919 πραγμένοις
2614 4854 2925 4921 ὑπέγραψα.

2256 4959 2275 4991 ι
2327 4943 2721 5010 Πραιτεξτάτος
2776 4943 3166 5015 Σικηλιὸενσης
3215 4948 3325 5009 τοῖς
3352 4945 3583 5015 παροῦσι
3636 4963 3739 4999 πε-

2184 5051 2202 5084 ι
2251 5035 2585 5101 πραγμένοις
2615 5035 2924 5106 ὑπέγραψα.

2253 5143 2271 5176 ι
2320 5126 2775 5191 Κουοδὸουλτδέος
2803 5130 3038 5201 Βερίσης
3064 5133 3175 5193 τοῖς
3204 5132 3437 5201 παροῦσι
3478 5151 3736 5206 πεπραγ·

2181 5233 2198 5265 ι
2252 5216 2429 5283 μένοις
2461 5218 2774 5288 ὑπέγραψα.

2254 5324 2271 5356 ι
2323 5307 2576 5371 Κάνδιδος
2638 5310 2945 5381 Γερμανίας
2976 5315 3087 5378 τοῖς
3126 5313 3360 5385 παροῦσι
3401 5317 3733 5386 πεπραγμέ-

2184 5418 2201 5449 ι
2248 5418 2358 5463 νοις
2391 5404 2708 5472 ὑπέγραψα.

2248 5507 2266 5539 ι
2317 5491 2586 5555 Κολώνιος
2635 5495 2974 5568 Οὑτικένσης
2997 5499 3111 5559 τοῖς
3153 5497 3388 5568 παροῦσι
3412 5500 3737 5567 πεπραγμέ-

2176 5599 2194 5633 ι
2240 5597 2346 5643 νοις
2378 5582 2683 5653 ὑπέγραψα.
3390 5654 3393 5661 ι

2248 5692 2267 5723 ι
2315 5672 2656 5741 Μαξιμιανδς
2698 5678 3199 5753 Ἀκυρεγενσίωτης
3240 5662 3737 5753 τοῖτξίπαροῦσιπι-

2247 5782 2264 5815 ι
2312 5768 2642 5832 πραγμένοις
2678 5770 2983 5833 ὑπέγραψα.
3268 5768 3321 5819 λ
