4002 6314
201 371 335 435 829
1212 373 1238 433 Ι
1247 373 1295 434 Ν
1341 371 1512 436 CAN.
1546 370 1781 432 CXXX\

1867 366 2043 430 IONC.
2077 364 2447 429 CARTHAG.
3345 348 3447 410 4‘30

287 505 310 537 ε
367 482 710 544 Ἱουκοῦνδος
761 480 1253 552 Σουιρετουλένσης,
1289 481 1668 549 τοποτηρητης
1688 480 1786 546 τῆς
1814 481 1862 539 Α

1981 495 2000 527 ι
2032 473 2311 530 Jucundus
2341 467 2739 529 Suﬂ'etulensis,
2788 466 2989 534 legatus
3026 459 3313 532 provincia
3340 458 3443 528 By-

210 592 231 625 ε
281 574 592 642 Βυζακινῆς
614 575 905 656 έπαρχίας,
955 574 1068 637 τοῖς
1101 569 1337 643 παροῦσι
1367 570 1779 641 πεπραγμένοις

1217 569 1337 624 οὖσι
1367 570 1779 641 πεπραγμένοις
1890 583 1910 617 ι
1946 580 2178 632 zacena,
2206 563 2291 618 his
2318 561 2450 616 actis
2487 554 2797 624 subscripsi.

213 681 234 715 ε
284 664 431 732 ὑπέγ
441 665 608 734 ραψα.
1561 691 1563 694 ⁴

292 771 315 805 ε
360 730 710 825 Μαξιμιανδς
754 754 1137 824 τοποτηρητὴς
1177 751 1278 822 τῆς
1323 748 1657 820 Βυζακηνῶν
1685 749 1781 801 ln-

1964 763 1982 796 ι
2011 744 2176 815 67o
2224 740 2582 796 Maximianus
2618 737 2821 806 legatus
2880 731 3168 804 provincia
3213 730 3444 801 Byzace-

218 862 238 894 ε
289 846 484 914 αρχίας
518 847 630 909 τοϊς
678 843 912 913 παροῦσι
952 843 1367 912 πεπραγμένοις
1395 839 1708 911 ὑπέγραψα.

1124 843 1367 912 ιγμένοις
1395 839 1708 911 ὑπέγραψα.
1893 854 1912 889 ε
1955 852 2058 899 na,
2095 835 2178 889 his
2211 835 2349 888 actis
2385 831 2704 897 subscripsi.

295 913 680 1005 «κ’ίιλαριανδς
753 933 1127 1005 Ὠραιοκέλλος
1155 970 1172 996 ,
1251 933 1630 1002 τοποτηρητὴς
1686 928 1786 998 τῆς

1983 945 2002 978 ι
2051 922 2359 978 Hilarianus
2392 917 2873 980 Horaiocellensis,
2913 913 3128 985 legatus
3156 913 3447 983 provincia

216 1047 237 1079 ι
287 1028 596 1097 Βυςακινῆς
649 1025 872 1098 χώρας,
935 1028 1048 1089 τοίς
1090 1022 1328 1095 παροῦσι
1376 1023 1786 1094 πεπραγμένοις

1304 1042 1328 1078 ἰ
1376 1023 1786 1094 πεπραγμένοις
1895 1038 1914 1072 ι
1954 1020 2266 1089 Byzacena,
2293 1015 2375 1068 his
2415 1013 2548 1068 actis
2572 1009 2884 1078 subscripsi.

211 1139 234 1171 ε
285 1121 595 1172 ὑπέγραψα.

288 1121 383 1172 ὑπέ
541 1137 595 1172 α.

288 1231 311 1264 ι
355 1121 615 1275 Nisae;
656 1208 1210 1289 Ῥουσουρῤηανίτης,
1258 1206 1356 1276 τῆς
1403 1201 1786 1274 Καισαριανῆς

1972 1213 1991 1248 ι
2027 1195 2271 1252 Ninellus
2331 1191 2737 1258 Rusurrianita,
2769 1189 2973 1258 legatus
3004 1185 3296 1256 provincia
3331 1184 3451 1238 Cae-

209 1321 232 1355 ε
285 1297 476 1375 χώρας
507 1287 917 1374 τοποτηρητὴς,
949 1301 1066 1364 τοῖς
1102 1297 1338 1369 παροῦσι
1373 1295 1787 1367 πεπραγμένοις

1291 1315 1338 1352 σι
1373 1295 1787 1367 πεπραγμένοις
1895 1306 1915 1340 ι
1955 1288 2240 1350 sariensis,
2271 1285 2356 1341 bis
2380 1285 2518 1341 actis
2550 1281 2871 1350 subscripsi.

209 1412 234 1447 ε
283 1395 600 1463 ὑπέγραψα.
1589 1432 1594 1437 .

286 1503 309 1536 ε
354 1485 690 1555 Δαϐρέντιος
724 1480 1070 1549 Ίκοσιτανδς,
1107 1480 1212 1550 τῆς
1263 1476 1645 1549 Καισαριανῆς
1683 1475 1789 1545 χὼ-

1977 1482 1994 1515 ι
2034 1461 2362 1518 Laurentius
2421 1458 2746 1522 Icositanus,
2776 1455 2984 1526 legatus
3010 1452 3302 1524 provincia
3340 1452 3453 1506 Ca-

211 1594 232 1628 ε
282 1593 384 1648 ρας
438 1548 842 1647 τοποτηρητὴς,
896 1575 1010 1637 τοῖς
1057 1548 1324 1643 παροῦσι
1373 1548 1788 1640 πεπραγμένοις

1279 1588 1324 1624 σι
1373 1548 1788 1640 πεὲηραγμίνοις
1899 1573 1915 1606 ι
1947 1554 2231 1620 sariensis,
2259 1553 2341 1608 his
2373 1553 2510 1606 actis
2543 1548 2859 1617 subscripsi.

210 1683 232 1719 ε
287 1667 604 1737 ὑπέγραψα.

287 1773 310 1808 ε
351 1723 732 1826 Νουμέριανδς
779 1750 1341 1822 Ῥουσουγουριώτης,
1363 1750 1462 1818 τῆς
1483 1749 1790 1818 Καισαριαο

1977 1757 1996 1791 ι
2031 1735 2392 1790 Numerianus
2419 1730 2863 1801 Rusuguriensis,
2897 1728 3107 1799 legatus
3163 1723 3450 1795 provincia

209 1864 230 1898 ι
280 1847 380 1916 νῆς
417 1825 603 1916 χώρας
659 1843 1062 1916 τοποτηρητὴς,
1098 1844 1211 1906 τοίς
1270 1840 1508 1910 παροῦσι
1539 1855 1785 1907 πεπραγ-

1375 1840 1508 1894 ›οὖσι
1539 1855 1785 1907 πεπραγ-
1815 1833 1858 1890 Β
1895 1851 1913 1884 ι
1951 1829 2327 1893 Caesariensis,
2357 1829 2440 1884 his
2472 1829 2608 1882 actis
2635 1825 2955 1894 subscripsi.

211 1954 232 1988 ι
283 1938 470 2004 μένοις
493 1937 813 2007 ὑπέγραψα.
1029 1997 1032 1999 λ

293 2047 312 2082 ι
354 2029 509 2083 Λέων
561 2028 672 2082 ἀπὸ
721 2028 965 2097 Μόκτης,
1017 2025 1113 2094 τῆς
1174 2022 1553 2092 Καισαριανῆς
1604 2018 1784 2088 χώρας

213 2138 234 2172 ε
280 2119 682 2190 τοποτηρητὴς,
745 2120 855 2180 τοῖς
881 2093 1116 2187 παροῦσι
1149 2111 1593 2185 πρεπραγμένοις
1654 2109 1783 2161 ὑπέ-

968 2093 1116 2187 ροῦσι
1149 2111 1593 2185 πρεπραγμένοις
1654 2109 1783 2161 ὑπέ-
1893 2115 1910 2148 ι
1953 2097 2035 2152 his
2060 2096 2198 2151 actis
2228 2093 2548 2161 subscripsi.

208 2230 232 2266 ε
283 2211 496 2282 γραψα.

1983 2025 1999 2058 ι
2041 2004 2150 2058 Leo
2180 2001 2488 2064 Moctensis,
2517 2000 2725 2070 legatus
2751 1996 3042 2065 provincia
3076 1993 3449 2058 Casariensis,

289 2265 548 2364 Hm»;
576 2299 754 2364 Λέων,
815 2298 915 2367 τῆς
943 2295 1288 2368 Σιτηφένσης
1319 2294 1590 2363 ἐπαρχίας
1617 2307 1774 2344 τοπο-

1979 2299 1996 2331 ι
2036 2279 2186 2334 Alius
2238 2277 2363 2340 Leo,
2413 2275 2618 2346 legatus
2669 2271 2959 2341 provincia
3020 2265 3326 2329 Sitifensis,
3371 2265 3451 2318 his

215 2388 518 2460 «τηρητὴς,
552 2390 663 2449 τοῖς
685 2382 922 2458 παροῦσι
962 2384 1372 2455 πεπραγμένοις
1402 2380 1712 2450 ὑπέγραψα.

847 2382 922 2439 is:
962 2384 1372 2455 πεπραγμένοις
1402 2380 1712 2450 ὑπέγραψα.
1894 2392 1910 2425 ι
1942 2374 2077 2427 actis
2107 2369 2427 2438 subscripsi.

288 2452 466 2534 ι’-Ιξαί
530 2480 580 2533 οί
636 2452 812 2532 λοιποὶ
850 2452 1135 2532 ἐπίσκοποι
1192 2474 1457 2529 διακόσιοι
1515 2471 1784 2525 δεκαεπτά

1972 2481 1990 2514 ι
2027 2462 2090 2518 Et
2110 2460 2289 2517 cateri
2319 2459 2552 2530 episcopi
2586 2457 2799 2512 ducenti
2839 2466 2890 2510 et
2943 2453 3343 2523 septemdecem
3377 2452 3451 2506 si-

214 2589 239 2625 ε
288 2572 486 2641 ὁμοίως
524 2569 870 2639 ὑπέγραψαν.

1891 2573 1912 2604 ‹
1952 2555 2152 2609 militer
2175 2553 2635 2620 subscripserunt.

292 2682 311 2714 ι
355 2662 626 2723 Φίλιππος
659 2658 1051 2730 πρεσωτερος,
1081 2652 1458 2724 τοποτηρητὴς
1509 2651 1606 2720 τῆς
1651 2649 1785 2703 Ῥωο

1986 2673 2014 2717 s
2044 2657 2330 2727 Philippus
2373 2663 2678 2727 presbyter,
2719 2655 2925 2726 legatus
2950 2654 3208 2709 Ecclesia
3260 2655 3456 2708 Roma-

213 2771 231 2804 ι
287 2755 489 2822 μαϊκῆς
531 2750 882 2820 Ἐκκλησίας,
943 2750 1054 2810 τοῖς
1109 2744 1340 2814 παροῦσι
1380 2742 1786 2814 πεπραγμένοις

1583 2742 1786 2812 (μένοις
1895 2769 1912 2803 ι
1954 2765 2056 2816 na,
2088 2751 2172 2805 bis
2195 2753 2330 2804 actis
2363 2763 2394 2803 a
2423 2748 2576 2804 nobis
2606 2748 2807 2801 relictis
2843 2745 3163 2815 subscripsi.

214 2862 234 2895 ι
281 2842 390 2912 ἀφ’
419 2842 576 2910 ἡμῶν
607 2840 1034 2909 ἀναγνωσθεῖτιν
1066 2836 1383 2906 ὑπέγραψα.

289 2950 310 2984 ε
366 2932 617 2994 Ἀσέλλος
653 2928 1042 3001 πρεσσύτερος,
1099 2929 1475 2998 τοποτηρητὴς
1527 2925 1785 2992 τῆςῬω·-

1981 2946 1999 2980 ι
2044 2927 2260 2982 Asellus
2295 2928 2597 2996 presbyter,
2630 2927 2838 2996 legatus
2864 2925 3120 2980 Ecclesia
3155 2926 3435 2995 Romana,

215 3039 235 3072 ε
285 3024 491 3091 ’μαῖχῆς
534 3019 884 3091 Ἐκκλησίας,
923 3022 1034 3080 τοίς
1089 3016 1326 3086 παροῦσι
1356 3015 1783 3086 πεπραγμένοις,

1437 3015 1783 3086 πραγμένοις.
1897 3039 1913 3071 ι
1950 3020 2034 3073 his
2069 3019 2209 3075 actis
2234 3032 2330 3089 per
2360 3033 2456 3073 nos
2489 3017 2669 3071 missis
2697 3017 3017 3085 subscripsi.

213 3131 235 3166 ε
287 3118 396 3178 τοῖς
431 3114 500 3167 δι’
530 3114 676 3184 ἡμᾶς
716 3111 1130 3174 ἀποσταλεῖσιν,
1163 3109 1480 3178 ὑπέγραψα.
1677 3195 1720 3207 ﬂ
1813 3149 1856 3207 ϐ

214 3225 233 3257 ι
291 3209 552 3274 Ἀρχεται
593 3206 624 3272 ἡ
675 3202 782 3256 ἀπὸ
844 3203 1025 3271 πάσης
1055 3199 1157 3270 τῆς
1196 3201 1254 3251 έν
1295 3198 1528 3269 ’Δφρικῇ
1566 3195 1784 3249 συνόδου

1896 3216 1914 3251 ι
1959 3197 2154 3266 lncipit
2184 3197 2251 3252 ab
2294 3196 2545 3252 universa
2580 3195 2838 3250 Africana
2888 3195 3094 3267 synodo
3142 3196 3207 3250 ad
3240 3197 3455 3251 Bonifa-

269 3316 310 3348 -ε
356 3298 493 3366 πρὸς
541 3294 855 3363 Βονιφάτιον
887 3293 976 3343 τὸν
1025 3290 1125 3359 τῆς
1167 3286 1787 3358 ῬωμαίωνἘκιιλησίας

1979 3308 1997 3341 ι
2026 3290 2172 3344 cium
2233 3287 2485 3343 Ecclesia
2517 3287 2778 3341 Romana
2823 3287 3160 3355 episcopum,
3188 3302 3281 3354 per
3312 3289 3454 3342 Fan-

290 3405 310 3438 ε
361 3388 676 3448 ὲπίσκοπον,
708 3384 796 3436 διά
832 3378 1129 3436 Φαυστίνού
1153 3380 1486 3438 ἐπισκόπου.
1520 3377 1785 3430 Φιλίππου

1977 3399 1996 3432 ι
2033 3381 2235 3436 stinum
2269 3381 2604 3449 episcopum,
2637 3378 2943 3446 Philippum
2975 3387 3027 3432 et
3055 3378 3294 3432 Asellum
3329 3394 3452 3447 pre-

289 3497 307 3530 ι
355 3479 448 3531 καὶ
503 3478 750 3529 Ἀσέλλου
805 3472 1211 3544 πρεσϐυτέρων,
1241 3470 1348 3524 τῶν
1401 3467 1788 3538 τοποτηρητῶν

1972 3492 1989 3524 ι
2031 3474 2299 3542 sbyteros,
2358 3470 2616 3524 Romana
2673 3469 2932 3524 Ecclesia
2996 3470 3232 3537 legatos,
3288 3475 3452 3526 missa

293 3589 310 3621 ι
351 3572 446 3640 τῆς
463 3567 774 3637 Ῥωμαῖκῆς
787 3565 1109 3634 Ἐκκλησίας
1129 3562 1493 3617 ἀποσταλεῖσα
1508 3559 1784 3628 έπιστολή.

1977 3580 1994 3613 ι
2033 3561 2280 3630 epistola.
2319 3560 2543 3615 Domino
2570 3561 2884 3614 beatissimo
2915 3569 2970 3613 et
2993 3561 3455 3616 venerabilissimo

291 3681 310 3712 ι
354 3662 602 3729 Δεσπότῃ
646 3656 1046 3728 μακαριωτάτῳ
1075 3656 1169 3706 καὶ
1201 3653 1518 3721 τιμιωτάτῳ
1573 3652 1788 3720 ἀδελφῷ

1981 3673 1998 3705 ι
2043 3653 2198 3707 fratri
2249 3653 2552 3716 Bonifacio,
2582 3653 2862 3729 Aurelius,
2899 3650 3242 3716 Valentinus,
3268 3656 3455 3722 prima

291 3770 312 3804 ι
357 3726 681 3817 Βονιφατίιρ,
741 3746 1031 3815 Αὐρήλιος,
1083 3744 1402 3803 Βαλεντίνος
1435 3746 1532 3812 τῆς
1565 3742 1787 3812 πρώτης

1968 3763 1985 3794 ι
2031 3744 2176 3799 sedis
2208 3742 2516 3798 Numidica
2551 3726 2860 3811 provincia,
2908 3752 2962 3796 st
2995 3742 3182 3813 reliqui
3233 3746 3325 3814 qni
3357 3749 3454 3798 ad-

291 3859 311 3892 ι
360 3841 630 3908 καθέδρας
681 3837 782 3906 τῆς
840 3831 1178 3904 Νουμιδικῆς
1267 3832 1554 3902 ἐπαρχίας,
1591 3833 1684 3884 καὶ
1737 3834 1785 3885 οί

1975 3834 2246 3891 «fuerunt
2307 3850 2534 3888 numero
2587 3834 2690 3887 ΞΠ
2749 3849 2816 3888 ex
2889 3835 3141 3889 universa
3195 3835 3452 3891 Africana

289 3949 310 3985 ε
359 3930 796 4000 παραγενόμενοι
860 3926 951 3978 τὸν
1025 3922 1257 3993 ἀριθμὸν
1311 3924 1570 3974 διακόσιοι
1626 3923 1781 3975 δεκα-

1973 3946 1989 3977 ι
2039 3929 2267 3995 synodo.
2318 3926 2584 3992 Quoniam
2629 3925 2857 3978 Domino
2905 3925 3126 3993 placuit,
3172 3935 3229 3979 ut
3269 3928 3334 3982 de
3367 3928 3450 3990 iis,

290 4045 308 4077 ι
355 4025 516 4089 επτά,
541 4026 604 4075 ὲκ
637 4021 819 4090 πάσης
840 4019 936 4088 τῆς
966 4021 1024 4070 ὲν
1057 4016 1291 4086 ’Λφρικῇ
1309 4015 1548 4067 συνόδου.
1570 4014 1785 4084 Ἐπειδὴ

1977 4035 1992 4064 ι
2044 4031 2160 4083 qua
2190 4015 2472 4068 nobiscum
2513 4023 2840 4083 peregerunt
2870 4015 3202 4070 sanctissimi
3254 4016 3451 4072 fratres

293 4136 310 4169 ι
357 4116 434 4184 τῷ
495 4111 683 4183 Κυρίῳ
719 4110 934 4183 ἤρεσεν,
993 4106 1081 4160 ἴνα
1109 4107 1236 4174 περὶ
1262 4099 1336 4159 ὧν
1369 4106 1484 4173 ἅμα
1515 4106 1646 4174 ἡμῖν
1701 4105 1782 4156 δι-

1986 4127 2002 4157 ι
2039 4107 2230 4170 nostri,
2267 4105 2564 4161 Faustinus
2589 4107 2892 4174 episcopus,
2922 4115 2978 4161 et
3021 4109 3451 4180 compresbyteri

289 4227 306 4258 ι
351 4204 660 4274 επράξαντο
690 4203 738 4252 οἱ
764 4197 1050 4266 ἁγιώτατοι
1080 4196 1298 4263 ἀδελφοὶ
1334 4193 1509 4263 ἡμῶν,
1552 4195 1784 4246 Φαυστί-

1975 4217 1992 4250 ι
2026 4197 2306 4267 Philippus
2384 4209 2437 4253 et
2501 4199 2739 4262 Asellus,
2787 4215 2890 4254 non
2921 4200 3111 4261 .beata
3176 4203 3450 4258 memoria

289 4317 307 4350 ι
355 4313 441 4357 νος
473 4298 499 4347 ὁ
532 4290 944 4352 συνεπίσκοπος,
987 4285 1087 4338 ,καὶ
1115 4285 1163 4337 οί
1197 4283 1784 4353 συμπρεσὸύτεροιίιδί-

1977 4309 1993 4340 ι
2029 4290 2250 4344 Zosimo
2312 4292 2587 4358 episcopo,
2629 4304 2656 4343 a
2708 4305 2816 4360 quo
2857 4291 2922 4343 ad
2979 4305 3075 4344 nos
3134 4291 3344 4347 litteras
3399 4304 3453 4347 ct

287 4407 302 4437 ι
352 4388 548 4446 λιππος
583 4382 676 4435 καὶ
721 4377 990 4440 Ἀσέλλος,
1053 4374 1149 4446 μὴ,
1209 4373 1284 4443 τῷ
1345 4374 1440 4441 τῆς
1507 4371 1782 4441 μακαρίας

1984 4402 1999 4430 ε
2036 4382 2288 4435 mandata
2355 4381 2674 4447 attulerunt,
2719 4383 2811 4436 scd
2862 4393 3054 4436 vestra
3094 4384 3447 4451 venerationi,

287 4499 304 4530 ι
355 4478 578 4546 μνήμης
626 4470 862 4539 Ζωσίμῳ
928 4467 1004 4536 τῷ
1059 4465 1362 4532 ὲπισκόπῳ,
1400 4462 1491 4530 ἀφ’
1536 4456 1598 4516 οὗ
1653 4463 1786 4532 πρὸς
1822 4469 1866 4526 D

1985 4490 2001 4522 ι
2039 4487 2158 4539 qua
2213 4473 2266 4525 in
2321 4473 2467 4526 illius
2525 4473 2700 4526 locum
2735 4473 2993 4529 divinitus
3028 4478 3322 4529 constituta
3349 4489 3447 4540 est,

284 4590 302 4620 ι
348 4567 495 4637 ἡμᾶς
533 4559 838 4635 γράμματα
859 4560 952 4612 καὶ
1002 4556 1219 4618 ἐντολὰς
1283 4555 1506 4624 ἤγαγον,
1557 4553 1691 4606 ἀλλά
1712 4555 1778 4622 τῇ

1981 4580 1998 4610 ι
2036 4561 2314 4615 humilitas
2343 4570 2522 4615 nostra
2551 4563 2875 4618 rescriberet
2902 4579 2914 4616 :
2943 4579 3060 4632 qua
3096 4575 3451 4636 utrorumque

280 4679 300 4709 ι
351 4655 596 4726 ὑμετέρᾳ
622 4650 896 4720 τιμιότητι
935 4648 1011 4709 είς
1048 4645 1137 4698 τὸν
1168 4644 1374 4696 ἐκείνου
1403 4645 1564 4696 τόπον
1597 4643 1779 4694 θεόθεν

1972 4670 1989 4701 ι
2032 4659 2272 4704 nostrum
2335 4653 2622 4706 concordia
2689 4652 2840 4707 linita
2897 4664 3047 4718 sunt,
3096 4656 3356 4712 debemus
3387 4674 3446 4711 ea

283 4768 301 4799 ι
350 4742 760 4812 κατασταθείσῃ
813 4739 1056 4809 ἡμετέρα
1106 4736 1383 4808 βραχύτης
1447 4738 1778 4806 ἀντιγράψῃ.

1979 4743 2224 4810 ςρηυοίε
2277 4742 2594 4800 declarare:
2659 4743 2753 4798 sed
2808 4761 2912 4798 non
2943 4760 3025 4810 ea,
3073 4762 3194 4815 qua
3229 4749 3447 4816 prolixis

281 4857 299 4890 ι
352 4837 421 4888 τὰ
473 4839 540 4904 τῇ
565 4832 843 4900 ἑκατέρων
896 4829 1051 4898 ἡμῶν
1107 4827 1332 4897 ὁμονοία
1392 4827 1780 4896 περατωθέντα

1972 4849 1988 4879 ι
2031 4841 2278 4884 actorum
2329 4832 2626 4887 involucris
2691 4835 3021 4898 detinentur,
3062 4852 3181 4905 qua
3229 4849 3447 4894 servata

283 4947 301 4979 ι
348 4926 637 4994 ὀφείλομεν
663 4923 752 4975 διὰ
784 4920 1032 5007 βραχέων
1072 4919 1294 4989 ἐμφανῆ
1327 4917 1687 4986 καταστῆσαι,
1719 4919 1779 4970 (ιὺ

1977 4941 1995 4973 ι
2036 4923 2254 4992 quidem
2281 4925 2570 4988 charitate,
2605 4924 2702 4980 sed
2737 4942 2841 4980 non
2894 4927 3012 4981 sine
3038 4944 3203 4995 parvo
3233 4930 3450 4984 dubita-

282 5039 302 5072 ε
353 5022 464 5088 μὴν
491 5018 558 5069 τά
589 5018 700 5077 τοῖς
758 5013 1139 5081 ἑκ.εταμὲνοις
1199 5011 1306 5063 τῶν
1372 5010 1781 5082 πεπραγμένων

1977 5031 1980 5061 l
2026 5013 2155 5067 tioni
2180 5014 2363 5067 labore
2389 5016 2741 5081 deduximus;
2769 5017 2868 5072 hoc
2889 5031 3129 5088 agentes,
3161 5030 3217 5073 ut
3239 5035 3356 5090 quae
3381 5024 3449 5075 atl
3547 5034 3557 5039 “

283 5132 301 5164 ε
349 5111 650 5179 κυλίσμασι
699 5106 1031 5175 κατεχόμενα
1063 5107 1118 5157 ὲν
1178 5098 1259 5167 οἷς
1309 5105 1621 5174 σωζομένης
1680 5106 1780 5172 μὲν

1964 5122 1982 5154 ι
2015 5119 2124 5158 rem
2160 5105 2465 5171 conferunt,
2509 5108 2644 5161 actis
2671 5108 2995 5162 inserantur.
3019 5109 3110 5162 Ille
3141 5111 3280 5162 enim
3317 5111 3359 5164 si
3383 5113 3445 5163 ail

282 5225 300 5258 ι
348 5207 448 5271 τῆς
477 5199 722 5268 ἀγάπης,
747 5198 808 5249 οὐ
838 5199 1006 5266 χωρὶς
1039 5196 1096 5248 δὲ
1129 5194 1328 5264 μικροῦ
1368 5197 1466 5266 τῆς
1495 5195 1778 5265 ἀμφισόή.

1969 5212 1986 5245 ι
2028 5196 2131 5250 huc
2155 5207 2300 5251 esset
2317 5198 2368 5251 in
2392 5198 2494 5252 hoc
2512 5212 2754 5266 corpore,
2781 5198 2986 5268 gratius
3012 5202 3277 5267 acciperet
3303 5206 3440 5270 quoat

280 5317 298 5349 ι
347 5295 558 5365 τήσεως
581 5291 830 5360 καμάτου
852 5286 1697 5358 παρειλκύσαμεν,1σκεπτόμενοι
1714 5291 1778 5341 τὰ

1975 5305 1992 5338 ι
2028 5291 2195 5356 magis
2221 5298 2404 5356 parate
2458 5291 2666 5343 (initum
2714 5292 2957 5359 videret,
2990 5293 3205 5345 domine
3257 5292 3440 5346 frater.

279 5405 297 5439 ι
342 5389 426 5448 είς
455 5386 516 5436 τὸ
547 5383 782 5452 πρᾶγμα
826 5378 1168 5432 συντείνοντα
1217 5381 1330 5441 τοῖς
1364 5380 1776 5449 πεπραγμένοις

1969 5396 1986 5428 ι
2025 5380 2278 5446 Apiarius
2304 5381 2604 5452 presbyter,
2627 5383 2691 5436 de
2717 5383 2869 5452 cujus
2898 5384 3240 5438 ordinatione
3269 5395 3324 5438 et
3347 5400 3408 5438 ex
3428 5412 3445 5423 -

278 5497 298 5530 ι
341 5475 597 5529 ένθείναι.
625 5473 891 5533 Κάκεῖνος
925 5471 1054 5540 γὰρ,
1086 5470 1134 5521 sl
1163 5469 1240 5521 ἔτι
1261 5465 1328 5538 ἦν
1363 5472 1418 5522 ὲν
1447 5469 1523 5538 τῷ
1556 5471 1770 5538 σώματι

1973 5488 1993 5520 ι
2033 5471 2524 5526 communicatione
2559 5483 2610 5527 et
2637 5475 2995 5542 appellatione
3044 5485 3290 5529 exortum
3337 5487 3439 5538 est,

282 5586 301 5620 ι
348 5567 544 5635 τούτῳ,
589 5565 955 5634 χαριεστέρως
989 5560 1201 5630 ἐδέχετο
1226 5560 1362 5628 ὅπερ
1385 5559 1776 5629 ἔϐλεπενείρη-

1968 5579 1985 5612 ι
2029 5575 2133 5613 non
2165 5562 2338 5617 solum
2369 5563 2629 5628 Siccensi,
2680 5567 2781 5621 sed.
2805 5578 2857 5620 ct
2889 5566 3154 5621 universa
3181 5566 3441 5620 Africana:

283 5677 301 5712 ι
347 5658 660 5725 νικωτέρως
719 5650 1054 5718 περατωθὲν,
1115 5649 1270 5718 κύριε
1330 5650 1546 5718 ἀδελφέ.
1591 5653 1775 5704 Ἀπια-

1978 5670 1996 5700 ι
2040 5651 2316 5720 Ecclesia,
2378 5670 2481 5708 non
2533 5672 2756 5726 parvum
2804 5658 3138 5721 scandalum,
3181 5660 3244 5712 de
3271 5661 3444 5714 omni-

280 5766 300 5800 ε
348 5764 460 5821 ριος
497 5749 525 5799 ό
557 5742 953 5814 πρεσϐύτερος,
987 5737 1195 5804 οὗτινος
1225 5742 1315 5795 καὶ
1340 5745 1464 5811 περὶ
1483 5743 1580 5813 τῆς
1601 5762 1776 5812 χειρο-

1977 5760 1994 5792 ι
2034 5745 2154 5806 bus,
2190 5743 2242 5798 in
2276 5746 2473 5813 quibus
2523 5749 2745 5812 erravit,
2783 5749 2945 5816 petita
2976 5747 3152 5814 venia,
3202 5765 3441 5804 commu—
