4002 6314
600 371 694 436 4⁸31

689 513 704 542 ι
759 491 899 546 nioni
945 493 1222 545 restitutus
1252 497 1352 542 est.
1381 488 1592 544 Primus
1623 488 1767 544 enim
1792 489 2146 560 coepiscopus
2175 501 2220 557 Α

694 603 709 631 ι
755 591 937 636 noster
966 579 1213 634 Urbanus
1245 577 1432 644 Siccae,
1459 577 1713 647 quidquid
1735 587 1853 633 erat
1880 594 1908 631 a
1938 595 1996 634 se
2025 594 2148 635 cor-

690 689 707 719 ι
747 670 1043 736 rigendum,
1090 670 1207 722 sine
1260 668 1596 720 dubitatione
1629 668 1888 722 correxit.
1921 667 1987 721 Et
2025 670 2149 736 quia

680 783 695 810 ι
733 760 1114 813 ecclesiastica:
1145 759 1260 826 paci
1289 757 1519 825 etquieti
1542 797 1556 822 ,
1585 773 1691 811 non
1724 759 1896 812 solum
1929 760 1981 812 in
2011 775 2150 827 pra:-

681 870 699 900 ι
732 866 876 914 sens,
919 853 1009 903 sed
1043 851 1093 903 in
1118 849 1359 902 futurum
1396 851 1557 901 etiam
1601 859 1831 916 tempus,
1861 852 2150 918 providen-

679 963 695 992 ι
733 944 854 996 dum
886 953 1005 1007 est;
1032 942 1286 1010 quoniam
1338 941 1505 993 multa
1548 939 1816 1008 ejusmodi
1849 956 2148 1010 praecesse-

684 1059 698 1086 ι
738 1047 881 1100 runt,
913 1046 1022 1090 uta
1049 1036 1338 1101 similibus,
1383 1036 1464 1087 vel
1506 1035 1667 1088 etiam
1693 1035 2059 1104 gravioribus,
2094 1037 2148 1089 in

682 1149 698 1177 ι
740 1137 1007 1196 posterum
1042 1121 1362 1180 caveamus:
1392 1126 1614 1193 placuit,
1666 1135 1723 1179 ut
1778 1126 2017 1180 Siccensi
2050 1127 2148 1180 Ec-

682 1240 698 1267 ‹
739 1219 900 1272 clesia
949 1227 1228 1271 moveatur
1271 1218 1555 1285 presbyter
1586 1217 1859 1286 Apiarius,
1892 1218 1941 1271 ei
1999 1217 2148 1271 scili-

689 1331 706 1362 ι
750 1323 834 1366 cet
880 1323 1092 1366 servato
1137 1313 1329 1379 gradus
1382 1312 1464 1365 sui
1496 1313 1726 1378 horrere;
1768 1321 1822 1365 et
1871 1312 2145 1379 accipiens

693 1422 708 1453 ι
753 1404 1044 1458 secundum
1079 1418 1314 1456 canones
1345 1403 1646 1469 epistolam,
1683 1403 1994 1469 ubicunque
2016 1401 2143 1455 alibi

687 1513 704 1544 ι
736 1496 962 1548 voiuerit
997 1505 1048 1546 et
1087 1496 1339 1561 potuerit,
1377 1495 1673 1562 presbyteri
1724 1493 1954 1546 ofﬁcium
1986 1494 2147 1548 obeat

691 1605 706 1635 ι
741 1595 794 1639 et
835 1597 984 1637 saera
1045 1584 1298 1636 celebret.
1342 1583 1491 1648 Quod
1520 1583 1733 1650 quidem
1774 1584 1874 1650 ipsi
1903 1584 2141 1651 Apiaria,

691 1695 707 1727 ι
752 1691 871 1729 cum
903 1675 954 1728 id
985 1675 1215 1742 propriis
1245 1674 1440 1727 litteris
1481 1674 1780 1741 petivisset,
1809 1675 2012 1740 absque
2035 1672 2142 1726 ulla

695 1787 711 1818 ι
751 1766 1054 1821 diﬂicultate
1095 1764 1478 1818 concessimus.
1513 1764 1810 1833 Antequam
1848 1775 2024 1817 autem
2058 1761 2138 1816 vel

694 1877 710 1906 ι
747 1859 861 1925 ipsa
917 1869 1077 1908 causa
1120 1855 1190 1908 ita
1222 1854 1486 1919 ﬁniretur,
1519 1852 1660 1906 inter
1693 1855 1818 1918 alia,
1865 1868 1984 1920 qua:
2008 1851 2144 1905 assi-
2175 1871 2219 1926 Β

686 1965 704 1998 ι
745 1948 862 2000 duis
914 1946 1390 2011 disceptatiooibus
1433 1946 1802 2004 versabamus.
1827 1944 1986 2012 671
2024 1957 2146 1996 cum

685 2057 702 2088 (
745 2039 855 2106 ipsa
914 2039 1049 2089 ratio
1107 2035 1420 2103 postularet,
1454 2044 1510 2087 ut
1554 2049 1582 2087 a
1609 2034 1869 2086 fratribus
1916 2032 2140 2098 nostris,

678 2147 696 2180 ι
734 2128 986 2181 Faustino
1033 2127 1350 2192 coepiscopo
1386 2135 1592 2188 nostro,
1648 2133 1701 2178 et
1722 2126 1898 2179 Asello
1932 2136 1985 2179 et
2014 2124 2146 2178 Plii-

671 2238 688 2269 ι
725 2219 868 2286 lippo
902 2216 1247 2285 presbyteris,
1283 2225 1608 2282 peteremus,
1654 2223 1712 2267 ut
1753 2214 2138 2269 ecclesiasticis

670 2328 685 2358 ι
720 2308 852 2361 actis
880 2307 1150 2368 all‘errent,
1207 2305 1251 2357 si
1299 2304 1422 2371 quid
1447 2305 1524 2356 eis
1578 2312 1718 2355 esset
1774 2303 2142 2367 commissum,

673 2417 690 2448 ι
724 2399 862 2466 quod
902 2412 1001 2449 una
1026 2396 1302 2449 nobiscum
1362 2405 1502 2448 esset
1532 2394 1829 2462 agendum;
1891 2393 2143 2446 nonnulla

660 2509 676 2539 ι
707 2488 924 2556 quidem
996 2486 1111 2538 sine
1169 2485 1387 2551 scriptis
1451 2484 1632 2537 verbis
1682 2484 1952 2552 persecuti
1996 2492 2141 2538 sunt.

674 2593 691 2625 ι
725 2575 854 2630 Cum
894 2586 1068 2628 autem
1095 2588 1192 2627 nos
1209 2575 1632 2641 postulassemus
1649 2575 2141 2636 commonitorium,

667 2685 686 2718 ι
729 2666 867 2734 quod
895 2669 960 2718 ab
991 2665 1153 2719 eisin
1202 2664 1417 2731 scriptis
1479 2664 1869 2731 proferebatur,
1915 2664 1965 2717 id
2016 2678 2142 2732 pro-

668 2772 687 2806 ι
726 2756 1023 2817 duxerunt;
1055 2754 1198 2820 quod
1235 2769 1262 2805 a
1297 2753 1449 2806 nobis
1486 2741 1701 2818 lectum,
1735 2755 1866 2806 acris
1885 2764 2142 2820 praeterea

675 2862 691 2894 ι
731 2844 992 2897 inscrtum
1049 2852 1150 2908 est,
1184 2858 1300 2909 qum
1360 2844 1527 2895 etiam
1577 2845 1642 2896 ad
1677 2859 1767 2896 vos
1826 2860 1918 2912 per
1961 2860 2054 2899 eos
2089 2845 2140 2898 in

670 2955 691 2987 ι
728 2937 1007 3004 praesentia
1042 2932 1304 2985 feruntur.
1345 2931 1401 2985 ln
1429 2948 1534 3000 quo
1559 2945 1790 3001 quatuor
1821 2936 1887 2987 ab
1915 2936 1994 2988 eis
2041 2949 2135 2988 no-

665 3041 683 3074 ι
722 3023 926 3076 biswm
963 3025 1164 3088 agenda
1199 3021 1397 3075 inserta
1430 3032 1614 3085 erant;
1645 3039 1810 3076 unum
1849 3025 1916 3076 de
1957 3025 2142 3092 appel-

669 3132 687 3164 ι
725 3114 1015 3167 lationilius
1044 3113 1420 3180 episcoporum
1453 3118 1517 3167 ad
1579 3115 1831 3170 “emanat
1883 3117 2140 3170 Ecclesia

668 3224 684 3257 ι
729 3207 1095 3269 sacerdotem;
1122 3207 1438 3271 secundum,
1471 3224 1535 3262 ne
1573 3210 1810 3277 episcopi
1840 3210 1906 3261 ad
1965 3190 2210 3264 comi—'3

669 3314 686 3346 ι
716 3305 881 3348 tatum
909 3306 1110 3348 temere
1142 3298 1486 3363 navigarent;
1548 3300 1762 3350 tertium
1817 3309 2016 3362 autem,
2087 3310 2142 3350 ut

665 3404 683 3437 ι
715 3387 1146 3454 presbyterorum
1174 3397 1223 3440 et
1255 3389 1600 3441 (iiaCUIIOI‘llm
1629 3403 1803 3442 causa:
1833 3405 1862 3441 a
1901 3389 2142 3441 finitimis

663 3497 682 3529 ε
715 3479 976 3546 episcopis
1004 3478 1455 3541 examinarentur,
1511 3480 1554 3533 si
1597 3494 1624 3531 a
1680 3480 1913 3547 propriis
1943 3489 2143 3532 temere

669 3585 686 3616 ι
725 3567 1110 3620 communione
1141 3568 1269 3620 moti
1339 3568 1576 3621 fuerint:
1609 3578 1860 3636 quartum
1922 3570 1986 3621 de
2042 3564 2144 3620 Ur-

665 3675 680 3706 ι
717 3657 1122 3725 barroepiscopo
1185 3659 1721 3723 excommnnicamlo,
1773 3659 1858 3713 vel
1915 3657 2138 3712 Romam

673 3759 689 3792 ι
725 3744 959 3806 citaudo,
1007 3745 1109 3797 nisi
1171 3759 1290 3811 quae
1338 3744 1533 3811 corrigi
1590 3754 1820 3812 oportet,
1883 3749 2136 3815 corrigat.

663 3851 682 3883 ι
719 3833 794 3886 Ex
820 3835 1014 3902 quibus
1053 3834 1301 3886 omnibus
1336 3835 1399 3886 de
1435 3835 1606 3899 primo
1626 3845 1678 3887 et
1719 3834 1903 3897 tertio,
1951 3835 2000 3886 id
2036 3843 2137 3894 est,

668 3933 772 3977 «ut
821 3924 980 3977 liceat
1021 3924 1289 3991 episcopis
1342 3923 1562 3976 Romam
1614 3925 1908 3992 appellare,
1968 3936 2023 3978 et
2082 3933 2139 3976 ut

672 4031 688 4064 ι
719 4027 892 4067 causa:
944 4013 1259 4066 clericorum
1318 4016 1384 4067 ab
1439 4014 1675 4082 ipsarum
1725 4016 2134 4083 provinciarum

674 4102 984 4170 repiscopis
1043 4102 1316 4164 liniantur,
1377 4117 1520 4155 anno
1565 4104 1898 4170 prtecedente
1942 4104 2136 4157 nostris

676 4215 692 4246 ι
735 4208 948 4262 quoque
1008 4191 1201 4246 litteris
1257 4193 1434 4245 cidem
1490 4192 1809 4247 veneranda:
1863 4195 2136 4246 memoria

663 4305 679 4337 ι
713 4285 925 4338 Zosinto
944 4284 1194 4350 episcopo
1214 4284 1350 4335 datis
1369 4287 1653 4338 ostendere
1666 4285 2052 4350 sluduinrus,ut
2073 4301 2134 4338 ea

664 4397 681 4428 ι
716 4376 827 4429 sine
852 4375 954 4426 ulla
982 4374 1120 4426 illius
1147 4373 1338 4439 injuria
1369 4375 1752 4442 aliquantisper
1773 4391 2132 4438 servaremus,

666 4485 683 4518 ι
722 4469 888 4520 donec
917 4465 1146 4517 Nic-retia:
1171 4466 1358 4531 synodi
1415 4468 1748 4518 decretorum
1805 4465 1944 4517 facta
1990 4479 2134 4521 esset
2173 4507 2214 4559 υ

665 4577 683 4608 ι
712 4557 1004 4625 inquisitio.
1034 4555 1098 4606 Et
1129 4570 1274 4608 nunc
1297 4575 1322 4607 a
1350 4563 1440 4607 tua
1477 4559 1764 4608 sanctitate
1789 4559 2040 4622 petimus,
2078 4569 2136 4610 ut

664 4666 680 4700 ι
710 4647 976 4715 quomodo
1013 4661 1073 4698 ea
1102 4662 1128 4697 a
1158 4645 1405 4698 Patribus
1444 4644 1631 4698 Nicmaa
1679 4649 1820 4699 facta
1849 4659 1996 4711 sunt,
2052 4663 2131 4701 διε

665 4755 683 4786 ι
721 4753 781 4789 ea
814 4751 842 4788 a
870 4735 1021 4788 nobis
1050 4735 1349 4796 servari,et
1383 4735 1489 4788 illic
1533 4740 1669 4800 apud
1710 4751 1803 4789 vos
1853 4753 1972 4804 quae
2008 4747 2135 4791 sunt

671 4845 687 4876 ι
722 4827 771 4878 in
807 4827 920 4893 ipso
952 4825 1360 4877 commouitorio
1412 4826 1580 4890 posita
1621 4827 1860 4878 exerceri
1917 4827 2085 4879 facias
2118 4845 2132 4882 :

672 4935 688 4967 ι
717 4917 814 4968 hoc
854 4925 957 4978 εει,
1017 4925 1074 4966 ιιι
1126 4915 1172 4966 si
1221 4914 1500 4981 episcopus
1526 4926 1808 4968 accusatus
1861 4917 2044 4980 fuerit,
2080 4927 2135 4971 et

660 5025 677 5057 ι
715 5005 1018 5072 congregati
1056 5004 1288 5072 ejusdem
1313 5008 1600 5071 provincia:
1626 5010 1861 5074 episeopi
1900 5025 2017 5062 eum
2048 5009 2135 5075 ju-

667 5114 684 5144 ι
718 5095 1030 5156 diearerint,
1065 5102 1116 5144 et
1145 5107 1172 5145 c
1205 5109 1302 5145 suo
1325 5097 1489 5160 gradu
1523 5099 1888 5159 depOsUerint,
1920 5103 2132 5163 quando

658 5202 674 5233 ι
711 5183 975 5250 appellare
1016 5183 1179 5235 visum
1215 5181 1393 5246 fuerit,
1427 5196 1477 5234 et
1508 5186 1571 5236 ad
1616 5189 1982 5239 beatiSsiutttnt
2021 5187 2130 5241 lio-

659 5289 675 5322 t
709 5288 876 5325 tuan
907 5271 1157 5324 Ecclesue
1180 5276 1480 5339 cpiSt'Opttltl
1529 5275 1831 5340 confugerit
1859 5294 1872 5339 ;
1927 5279 1968 5329 si
2006 5294 2126 5331 eum

664 5385 679 5415 ι
724 5381 840 5418 esse
870 5366 1188 5418 audiendum
1217 5368 1505 5430 censuerit,
1533 5367 1842 5436 jnstumque
1879 5385 1998 5424 esse
2036 5373 2131 5423 du-

661 5473 678 5504 ι
719 5456 874 5520 xerit,
902 5466 956 5506 ut
982 5467 1263 5508 renovetur
1301 5459 1583 5524 judicium,
1632 5459 1872 5513 ﬁnitimis
1921 5464 2130 5528 episco-

667 5567 684 5596 ι
723 5547 823 5614 pis,
847 5547 978 5599 etin
1013 5549 1308 5614 propinqua
1344 5550 1615 5614 provincia
1653 5551 1956 5603 constitutis
1993 5552 2128 5604 scri-

662 5655 678 5687 ι
721 5635 840 5688 bore
865 5637 1131 5703 dignetur,
1153 5647 1207 5689 ut
1242 5640 1336 5705 ipsi
1357 5642 1530 5690 omnia
1557 5639 2128 5707 diligenteriuquirant

661 5745 686 5777 σ
720 5738 771 5782 et
801 5743 863 5783 ex
896 5729 1150 5784 veritatis.
1172 5728 1275 5786 ﬁde
1309 5731 1518 5785 ﬁniant.
1558 5729 1652 5786 Sin
1681 5741 1858 5788 autem
1920 5733 1987 5802 is,
2031 5733 2125 5803 qui

1831 369 2100 434 THEOD.
2137 370 2530 437 BALSAMON

2326 510 2344 543 ι
2393 493 2572 558 τονίας
2618 493 2711 548 καὶ
2744 493 2842 564 τῆς
2868 495 3264 566 ἁκοινωνησίας
3302 499 3395 554 καὶ
3440 501 3804 571 προκλήσεως

2325 603 2342 637 ι
2391 591 2596 656 ἁνεφύη
2621 590 2681 642 οὐ
2707 591 2865 657 μόνον
2883 593 2949 661 τῇ
2969 593 3023 642 ἐν
3052 591 3206 664 Σίκῃ,
3231 595 3365 647 ἀλλὰ
3389 596 3484 648 καὶ
3499 600 3564 666 τῇ
3586 598 3643 650 ἐν
3659 598 3806 669 πάσῃ

2328 697 2345 727 ι
2392 680 2458 746 τῇ
2491 678 2720 748 ’Δφρικῇ
2756 681 3018 751 ἐκκλησίᾳ
3045 683 3103 733 οῦ
3137 685 3329 752 μικρὸν
3358 687 3648 739 σκάνδαλον
3673 703 3736 739 πε
3746 692 3804 755 ρί

2327 787 2356 819 ι·
2393 771 2610 822 πάντων
2654 763 2730 823 ὧν
2759 771 3036 841 ἐπλανήθη
3097 774 3425 844 συγγνώμην
3454 778 3705 846 αίτήσας,
3730 781 3800 848 τῇ

2326 878 2344 910 ι
2394 862 2646 930 κοινωνίᾳ
2709 851 3076 931 ἀποκατέστη.
3123 865 3344 934 Πρῶτος
3391 866 3498 937 γὰρ
3529 869 3557 919 ό
3587 869 3807 921 συνεπί-

2327 972 2343 1002 ι
2394 968 2590 1015 σκοπος
2625 954 2776 1022 ἡμῶν
2809 954 3080 1023 Οὐρϐανὸς
3108 957 3136 1007 ό
3167 957 3265 1025 τῆς
3297 959 3484 1028 Σὶκης,
3511 961 3635 1012 ὅσον
3649 956 3715 1030 ἦν
3745 963 3806 1013 ἐν

2325 1060 2343 1094 ι
2388 1043 2534 1113 αὑτῷ
2590 1045 2940 1112 διορθωτέον,
3008 1049 3388 1116 ἀναμφιϐόλως
3433 1052 3805 1121 διωρθώσατο.

2316 1153 2333 1184 ι
2381 1135 2596 1204 Ἐπειδὴ
2626 1136 2678 1188 δὲ
2702 1139 2792 1206 τῆς
2819 1138 3272 1211 ἐκκλησιαστικῆς
3292 1145 3513 1213 εἰρήνης
3548 1146 3643 1197 καὶ
3676 1148 3806 1214 ἡσυ-

2324 1245 2340 1276 ι
2384 1227 2506 1295 χίας
2560 1229 2618 1280 οὐ
2667 1229 2826 1297 μόνον
2875 1229 3011 1296 πρὸς
3036 1232 3094 1283 τὸ
3118 1233 3310 1302 παρὸν,
3332 1235 3468 1286 ἀλλὰ
3497 1237 3591 1288 καὶ
3625 1239 3706 1298 είς
3741 1236 3810 1286 τὸ

2319 1337 2336 1368 ι
2382 1318 2508 1385 ἑξῆς
2542 1319 2647 1371 ἐδει
2703 1322 2958 1389 πρόνοιαν
2987 1325 3335 1393 ποιήσασθαι,
3387 1325 3469 1377 ὅτι
3496 1326 3668 1377 πολλὰ
3695 1343 3808 1378 τοι·

2330 1427 2347 1460 ι
2393 1410 2529 1462 αὕτα
2552 1413 2952 1480 προηγήσαντο,
2983 1415 3127 1473 ὅπως
3152 1415 3258 1468 ἀπὸ
3284 1417 3390 1467 τῶν
3412 1419 3609 1483 ὁμοίωι
3645 1418 3677 1486 ἢ
3709 1418 3810 1468 καὶ

2321 1515 2338 1550 ι
2378 1499 2687 1568 βαρυτέρων
2703 1503 2808 1554 τῶν
2829 1503 2961 1572 μετὰ
2978 1504 3144 1557 ταῦτα
3161 1507 3807 1576 προσφυλαξό›μεθα·ἧρε-

2321 1608 2340 1642 ι
2387 1593 2642 1660 σενὴμίν,
2662 1594 2819 1645 ῖναέκ
2847 1596 3008 1663 τῆςέν
3038 1596 3169 1668 Σίκῃ
3194 1596 3514 1665 Ἐκκλησξας
3538 1599 3810 1665 ἀποκινη-

2325 1699 2344 1732 ι
2390 1681 2454 1752 θῇ
2496 1686 2520 1734 ό
2545 1685 2907 1754 πρεσϐύτερος
2925 1687 3638 1756 ’Λπιάριος,φυλαττομένης
3659 1688 3808 1759 αὑτῷ

2320 1791 2336 1822 ι
2379 1772 2617 1840 δηλονότι
2646 1776 2741 1840 τῆς
2769 1777 2933 1845 τιμῆς
2963 1779 3055 1831 τοῦ
3082 1780 3291 1849 βαθμοῦ
3325 1774 3520 1834 αὐτοίἷ·
3543 1784 3636 1833 καὶ
3664 1782 3806 1848 λαμ-

2323 1878 2340 1911 ι
2388 1861 2566 1952 ϐένων
2597 1865 2735 1916 κατὰ
2793 1866 2916 1928 τοὺς
2960 1870 3189 1929 κανόνας
3231 1869 3538 1938 ἐπιστολὴν,
3571 1869 3804 1938 ὁπουδή-

2327 1971 2345 2004 ι
2389 1970 2515 2005 ποτε
2540 1954 2770 2024 ἀλλαχοῦ
2798 1955 3078 2028 βουληθείη
3115 1960 3207 2012 καὶ
3234 1962 3506 2029 δυνηθείη,
3529 1961 3606 2029 τῷ
3630 1961 3805 2028 καθή-

2322 2062 2341 2095 ι
2387 2061 2531 2097 κοντι
2566 2046 2658 2098 τοῦ
2686 2048 3079 2117 πρεσϐυτερίου
3108 2050 3489 2120 λειτουργήσῃ.
3519 2053 3698 2120 Ὅπερ
3723 2051 3805 2119 τῷ

2323 2151 2341 2184 ι
2385 2134 2532 2204 αὑτῷ
2590 2138 2856 2205 Ἀπιαρίῳ
2926 2138 2992 2190 δι’
3045 2142 3262 2193 οίκεῑων
3321 2141 3668 2210 γραμμάτων
3726 2144 3806 2192 αι-

2321 2242 2339 2274 ι
2385 2228 2608 2295 τήσαντι
2653 2231 2818 2297 χωρίς
2853 2246 2998 2291 τινος
3043 2231 3363 2299 δυσχερείας
3431 2235 3800 2304 συνεχωρήσα·

2320 2335 2340 2367 ι
2387 2334 2506 2385 μεν.
2576 2320 2687 2389 Πρὸ
2746 2321 2838 2373 τοῦ
2893 2322 2948 2374 δὲ
2988 2322 3018 2391 ἢ
3065 2326 3210 2375 αἰτία
3263 2324 3401 2388 αὕτη
3451 2325 3526 2392 τῷ
3575 2327 3802 2396 τοιούτῳ

2321 2427 2339 2460 ι
2388 2411 2582 2480 πέρατι
2641 2413 2939 2481 παραδοθῇ,
3005 2414 3204 2482 μεταξὺ
3235 2415 3343 2469 τῶν
3407 2415 3601 2479 ἄλλων,
3643 2417 3806 2470 ἅτινα

2321 2516 2339 2548 ι
2383 2498 2650 2567 διηνεκέσι
2693 2501 3043 2566 διαγνώσεσιν
3105 2506 3507 2574 ἀνεστρέφομεν
3539 2546 3552 2569 ,
3631 2506 3804 2559 αὑτοῦ

2319 2605 2336 2637 ι
2380 2588 2470 2638 τοῦ
2534 2589 2690 2656 λόγου
2742 2591 3160 2660 ἀπιιτήσαντος,
3207 2593 3347 2646 ὥστε
3409 2599 3521 2658 τοῖς
3600 2598 3806 2666 ἐκκλη-

2321 2697 2338 2729 ι
2381 2682 2672 2741 σιαστικοῑς
2700 2685 3096 2750 πεπραγμένοι,
3155 2684 3386 2754 ζητῆσαι
3445 2688 3590 2756 ἡμᾶς
3651 2692 3806 2757 παρὰ

2319 2787 2335 2818 ι
2380 2770 2488 2822 τῶν
2547 2771 2788 2838 ἀδελφῶν
2853 2774 3008 2840 ἡμῶν
3076 2775 3370 2828 Φαυστίνου
3430 2778 3522 2829 τοῦ
3582 2796 3805 2833 συνεπι-

2318 2878 2334 2910 t
2379 2860 2598 2923 σκόπου,
2654 2862 2746 2914 καὶ
2798 2863 3058 2915 Φιλίππου
3107 2864 3199 2916 καὶ
3254 2866 3500 2921 ⁹Ασι-λῖλλου
3531 2869 3640 2920 τῶν
3663 2866 3806 2939 συμ-

2317 2971 2335 3002 ι
2383 2953 2764 3021 πρεσϐυτέρων
2802 2994 2816 3019 ,
2876 2955 2964 3009 ἵνα
3029 2959 3435 3026 προενέγκωσιν
3490 2960 3545 3015 ετ
3600 2971 3650 3013 τι
3711 2962 3805 3032 δή·

2321 3059 2339 3091 ι
2381 3059 2504 3094 ποτε
2536 3041 2604 3114 ἦν
2645 3048 2823 3108 αὐτοῖς
2856 3049 2969 3117 ἆμα
3003 3049 3130 3117 ἡμῖν
3176 3053 3444 3118 πρακτέον
3476 3051 3803 3125 ἐπιτραπὲν,

2321 3150 2338 3182 ι
2385 3132 2504 3185 τινὰ
2541 3135 2638 3204 μὲν
2667 3139 2929 3205 ἀγράφως
2975 3141 3060 3193 διὰ
3103 3140 3275 3206 λόγων
3312 3143 3803 3213 ἐπεξειργάσαντο·

2325 3241 2343 3273 t
2385 3225 2541 3292 ἡμῶν
2585 3226 2640 3277 δὲ
2706 3230 3123 3297 ἀπαντησάντων
3167 3233 3304 3302 ὅπερ
3353 3235 3682 3303 ἐπεφέροντο
3713 3237 3803 3303 ἐγ·

2323 3333 2341 3364 ι
2378 3331 2587 3384 γραφον
2617 3324 3049 3389 κομμονιτόριον,
3082 3324 3237 3376 τοῦτο
3272 3329 3604 3395 προήγαγονο
3637 3329 3802 3401 ὅπερ,

2323 3423 2338 3454 ι
2382 3407 2731 3471 ἀναγνωσθέν
2782 3411 2907 3480 παρ’
2977 3413 3169 3481 ἡμῶν,
3222 3418 3330 3477 τοῖς
3387 3422 3801 3484 πεπραγμένοις

2319 3509 2335 3542 ι
2374 3493 2455 3545 ἔτι
2484 3495 2591 3566 μὴν
2621 3498 2874 3568 ἐνετάγη,
2897 3502 3005 3561 τοῖς
3039 3503 3130 3553 καὶ
3165 3505 3300 3571 πρὸς
3343 3506 3486 3572 ὑμᾶς
3516 3507 3582 3559 δι’
3614 3511 3801 3562 αὐτῶν

2320 3602 2337 3632 ι
2380 3584 2472 3635 ἐπλ⁷
2505 3585 2597 3637 τοῦ
2647 3587 2915 3650 παρόντος
2974 3591 3314 3661 φερομένοις.
3371 3590 3526 3662 Ἐνῷ
3553 3596 3800 3668 τέσσαρα

2319 3695 2336 3728 ι
2380 3677 2558 3738 αὐτοῖς
2584 3694 2703 3729 τινα
2730 3678 2844 3746 ἅμα
2876 3681 3004 3746 ἡμῖν
3050 3683 3297 3750 πρακτέα
3348 3685 3706 3757 ἐνετάγησαν·
3741 3690 3800 3743 ἓν

2321 3785 2338 3817 ι
2382 3767 2506 3835 περὶ
2564 3767 2840 3832 ἐγκλήτων
2876 3770 3188 3822 ἐπισκόπων
3216 3774 3349 3841 πρὸς
3395 3776 3487 3827 τὸν
3519 3779 3616 3845 τῆς
3666 3780 3797 3832 Ῥω-

2321 3873 2338 3905 ι
2380 3854 2549 3922 μαίων
2595 3855 2916 3924 Ἐκκλησίας
2966 3858 3112 3926 ἱερέα
3138 3877 3152 3890 ο
3204 3860 3457 3933 δεύτερον
3487 3867 3571 3918 ἵνα
3607 3870 3702 3922 ἐπὶ
3734 3872 3797 3922 τὸ

2319 3964 2336 3997 ι
2380 3947 2668 4014 κομιτᾶτον
2699 3947 3009 4010 ἐπίσκοποι,
3038 3948 3112 4012 ὡς
3145 3949 3323 4019 ἔτυχε,
3353 3952 3428 4024 μὴ
3457 3955 3790 4011 πλεύσωσιν’

2320 4053 2337 4086 ι
2375 4036 2554 4104 τρίτον
2603 4038 2728 4104 περὶ
2759 4037 2850 4088 τοῦ
2892 4039 2987 4099 τὰς
3018 4040 3196 4103 αἰτίας
3249 4042 3356 4095 τῶν
3409 4046 3793 4118 πρεσϐυτέρων

2318 4144 2336 4177 ι
2376 4126 2467 4178 καὶ
2531 4126 2790 4178 διακόνων
2838 4127 3114 4196 ζητεῖσθαι
3181 4133 3332 4201 παρὰ
3392 4137 3504 4196 τοῖς
3570 4139 3792 4207 ὁμόροις

2317 4231 2335 4264 ι
2380 4216 2716 4280 ἐπισκόποις,
2771 4216 2863 4268 ἐὰν
2916 4220 2980 4269 ἐκ
3014 4219 3120 4270 τῶν
3156 4221 3301 4274 ίδίων
3360 4223 3465 4276 ἀπὸ
3502 4231 3787 4293 κοινωνίας

2315 4322 2334 4354 ι
2381 4307 2662 4372 προπετῶς
2706 4305 2984 4371 γένωνται·
3016 4309 3292 4377 τέταρτον,
3324 4314 3451 4382 περὶ
3504 4315 3784 4382 Οὐρϐανοῦ

2315 4413 2333 4444 ι
2369 4395 2464 4446 τοῦ
2502 4396 2803 4447 ἐπισκόπου
2864 4399 3348 4468 ἀποκοινωνητέου,
3392 4403 3422 4472 ἢ
3456 4403 3534 4456 ἐτι
3587 4407 3693 4476 μὴν
3729 4411 3785 4460 ἐν

2313 4502 2330 4535 ι
2389 4483 2568 4553 Ῥώμῃ
2603 4485 2848 4554 κλητέου,
2896 4488 2942 4538 εί
2970 4487 3044 4555 μὴ
3085 4489 3149 4540 τὰ
3185 4489 3464 4556 ὀφείλοντα
3493 4495 3784 4567 διορθωθῆ-

2315 4591 2333 4624 ι
2372 4591 2457 4625 ναι
2484 4573 2860 4642 διορθώσηται.
2893 4570 3083 4637 Ἐξῶν
3119 4578 3334 4630 πάντων
3363 4583 3488 4649 περὶ
3518 4585 3609 4636 τοῦ
3634 4587 3784 4655 πρώ-

2314 4679 2333 4712 ι
2369 4678 2462 4713 του
2512 4662 2600 4712 καὶ
2657 4659 2862 4728 τρίτου,
2911 4661 3054 4714 τοῦτ’
3100 4663 3268 4727 ἐστιν,
3326 4668 3410 4719 ἵνα
3441 4670 3645 4732 ἔξεστιν
3705 4678 3782 4738 εἰς

2317 4769 2334 4802 ι
2389 4749 2608 4818 Ῥώμην
2638 4753 2750 4811 τοῖς
2804 4752 3121 4814 ἐπισκόποις
3169 4755 3536 4822 ἐκκαλεῖσθαι,
3578 4765 3670 4814 καὶ
3701 4766 3780 4817 ὅτι

2314 4854 2331 4887 ι
2371 4839 2425 4889 αί
2451 4839 2554 4888 τῶν
2591 4838 2860 4905 κληρικῶν
2891 4841 3056 4889 αἰτίαι
3109 4843 3256 4908 παρὰ
3313 4848 3422 4905 τοῖς
3453 4847 3557 4898 τῶν
3614 4851 3778 4920 ἐπαρο

2311 4944 2330 4978 ι
2372 4928 2499 4995 χιών
2541 4929 2718 4979 αὐτῶν
2784 4930 3107 4990 ἐπισκόποις
3166 4935 3526 5001 περατῶνται.
3585 4939 3685 5008 ἤδη
3726 4946 3778 4994 ἐν

2311 5035 2329 5067 ι
2368 5017 2442 5085 τῷ
2494 5017 2816 5085 προλαϐόντι
2878 5021 3104 5086 ἐνιαυτῷ
3153 5022 3472 5089 γράμμασιν
3533 5027 3612 5079 ἔτι
3675 5033 3776 5098 μὴν

2310 5123 2328 5156 ι
2373 5107 2661 5174 ἡμετέροις
2716 5107 3009 5172 πεμφθεῖσι
3044 5107 3120 5175 τῷ
3169 5111 3316 5178 αὑτῷ
3346 5113 3445 5180 τῆς
3473 5131 3774 5188 προσκυνη.

2309 5211 2325 5244 ι
2372 5196 2468 5261 τῆς
2494 5198 2708 5262 μνήμης
2734 5196 2966 5264 Ζωσίμῳ
3007 5197 3082 5264 τῷ
3120 5199 3401 5268 ἐπισκόπῳ
3437 5205 3772 5259 ἐσπουδάσαο

2307 5303 2325 5334 ι
2373 5302 2469 5351 μεν
2515 5285 2826 5352 ἐμφανίσαι,
2885 5287 2968 5336 ἵνα
2995 5287 3164 5340 ταῦτα
3197 5294 3363 5360 χωρίς
3401 5308 3513 5344 τινο
3569 5295 3769 5364 ὕϐρεως

2307 5393 2324 5424 ι
2363 5375 2524 5426 αατοῦ
2554 5378 2684 5442 πρὸς
2712 5375 2888 5440 ὀλίγον
2932 5378 3274 5446 φυλάξωμενί
3319 5382 3420 5444 ἕως
3449 5383 3507 5435 οὗ
3553 5385 3768 5456 ζήτησις

2306 5483 2324 5514 ι
2368 5465 2586 5531 γένηται
2617 5467 2722 5516 τῶν
2753 5467 2892 5534 ὅρων
2919 5471 3015 5535 τῆς
3068 5470 3124 5520 ἐν
3154 5470 3357 5540 Nix-orig
3393 5475 3630 5530 συνόδου.
3670 5481 3765 5531 Καὶ

2307 5573 2324 5606 t
2363 5556 2455 5606 νῦν
2483 5555 2538 5605 δέ
2568 5557 2673 5606 ἀπὸ
2708 5557 2803 5623 τῆς
2834 5558 2930 5626 σῆς
2974 5561 3267 5628 αἰτούμεθα
3303 5563 3628 5636 ἁγιωσύνης.
3666 5570 3765 5636 ἵνα¹

2310 5663 2327 5695 ι
2376 5644 2432 5695 ὃν
2465 5647 2662 5715 τρόπον
2694 5646 2863 5699 ταῦτα
2907 5651 2969 5701 τὰ
2997 5651 3050 5700 ἐν
3080 5649 3280 5720 Νικαίᾳ
3312 5655 3418 5706 απὸ
3463 5658 3569 5710 τῶν
3605 5660 3768 5711 Πατέ-

2305 5755 2322 5787 ι
2364 5754 2472 5805 ρων
2504 5737 2881 5808 ἐπράχθησαν,
2923 5740 3089 5803 οὕτως
3135 5744 3273 5797 αὐτὰ
3302 5746 3436 5811 παρ’
3476 5749 3633 5813 ἡμῶν
3673 5769 3767 5815 φυ-
