4002 6314
190 376 306 433 (τῖ3

1160 381 1249 442 ἸΝ
1290 380 1454 444 CAN.
1485 376 1750 446 'CXXXV
1780 382 1988 447 CONC.
2013 384 2205 449 CART
2210 386 2386 449 HAG.
3321 393 3422 454 434

276 503 298 533 ι
341 485 612 554 λαχθῆναι
639 489 897 560 ποιήσῃς·
954 491 1046 544 καὶ
1072 492 1260 546 αὐτόθι
1305 495 1437 565 παρ’
1468 496 1597 565 ύμῖν
1620 498 1685 550 τὰ
1717 499 1773 551 ἐν
1803 548 1807 557 Α

1955 516 1975 551 ι
2011 514 2232 554 causam
2290 497 2501 555 suam'a
2553 499 2817 570 principio
2872 500 3043 555 audiri
3096 508 3266 572 rogat,
3327 518 3425 557 sua

273 595 294 628 ι
333 575 412 646 τῷ
453 578 607 648 αὐτῷ
645 581 877 649 κείμενα
933 587 1342 656 κομμονιτορίῳ
1384 589 1766 657 γυμνασθῆναι

272 686 292 720 ι
338 672 595 741 ’ποιήσῃς⁸
628 673 772 726 τοῦτ’
811 673 977 740 ἐστιν,
1029 677 1126 730 ἐάν
1176 679 1479 741 ἐπίσκοπος
1535 698 1769 750 κατηγο-

277 771 296 814 t
338 756 504 831 ρηθῇ.
531 765 697 818 arctoi
744 767 1086 832 συνελθόντες
1118 771 1416 826 ἐπίσκοποι
1452 777 1553 844 τῆς
1595 774 1767 843 αὐτῆς

271 870 297 902 ε
337 852 609 922 ἐπαρχίας
669 856 921 925 κρίνωσι,
969 859 1068 913 καὶ
1105 862 1180 914 ’ἐκ
1233 864 1328 916 τοῦ
1361 865 1572 934 βαθμοῦ
1600 866 1766 920 αὑτοῦ

275 961 294 994 ι
343 943 652 998 καθέλωσιν
694 947 879 1010 αὑτὸν,
938 950 1066 1003 ὅταν
1109 953 1233 1024 δόξῃ
1278 958 1648 1022 ἐκκαλεῖσθαι,
1673 959 1769 1012 καὶ

274 1051 296 1084 ε
334 1034 471 1103 πρὸς
490 1036 583 1088 τὸν
611 1040 1036 1108 μακαριώτατον
1061 1044 1162 1113 τῆς
1205 1044 1496 1115 Ῥωμαίων
1541 1049 1767 1118 Ἐκκλη-

275 1141 298 1176 ε
337 1126 458 1189 σίας
496 1127 802 1182 ἐπίσκοπον
856 1134 1170 1204 καταφύγῃο
1219 1136 1314 1189 ἐὰν
1363 1137 1547 1210 συνίδῃ
1606 1140 1768 1194 αὑτὸν

275 1231 298 1264 ι
338 1214 701 1285 ἀκουσθῆναι,
727 1219 824 1272 καὶ
846 1219 1058 1275 δίκαιον
1108 1222 1415 1295 λογίσηται,
1449 1228 1588 1283 ὥστε
1639 1233 1769 1283 ἀνα-

276 1322 295 1354 ι
333 1305 604 1375 νεωθῆναι
658 1308 763 1379 τὴν
804 1311 1007 1379 κρίσιν,
1053 1315 1262 1384 γράψαι
1312 1318 1632 1389 καταξιώσῃ
1652 1323 1768 1384 τοῖς

271 1416 293 1449 ι
336 1400 394 1450 ὲν
419 1401 482 1470 τῇ
513 1400 701 1471 ὁμόρῳ
746 1402 840 1456 καὶ
887 1405 1190 1478 ἐγγεξούσῃ
1221 1410 1460 1479 ἐπαρχία
1481 1411 1768 1465 καθεστῶ-

272 1508 294 1541 ‹
337 1506 422 1543 σιν
474 1492 822 1556 ἐπισκόποις,
878 1494 970 1548 τνα
1010 1497 1167 1551 αὐτοὶ
1233 1501 1412 1553 πάντα
1487 1503 1767 1572 ἐπιμελῶς

271 1598 294 1631 ε
335 1581 748 1651 ἀναζητήσωσι,
766 1584 862 1639 καὶ
887 1587 1029 1641 κατὰ
1047 1589 1150 1658 τὴν
1177 1591 1362 1644 πίστιν
1387 1591 1486 1661 τῆς
1511 1591 1770 1661 ἀληθείας

273 1691 294 1724 ι
338 1673 750 1744 περατώσωσιν.
828 1677 957 1731 Ἐἀν
990 1679 1050 1732 δὲ
1098 1681 1194 1734 καὶ
1233 1685 1260 1736 ὀ
1302 1685 1639 1753 παρακαλῶν
1668 1689 1769 1756 τὴν

272 1783 312 1815 ι’
333 1764 517 1818 αἰτίαν
535 1766 700 1820 αὐτοῦ
720 1769 925 1823 ἄνωθεν
940 1772 1276 1842 ἀκουσθῆναι
1300 1774 1408 1846 ἰδίᾳ
1424 1776 1597 1845 ίκεσίίι
1617 1779 1770 1847 κινήο
1801 1825 1844 1885 Β

290 1877 308 1885 -
348 1875 410 1885 .-
443 1857 536 1885 -ιη
573 1857 891 1885 οι)-..-...-ιλ..
924 1865 1083 1885 μιμ-
1133 1884 1140 1885 ,
1271 1868 1295 1885 ..
1387 1870 1401 1885 .
1541 1871 1566 1884 ..
1645 1873 1660 1885 .
1737 1873 1765 1885 -

285 1877 308 1908 ε
345 1875 413 1928 σῃ
443 1857 536 1911 τὸν
573 1857 891 1930 Ῥωμαϊκὸν
921 1865 1242 1932 ἐπίσκοπον,
1271 1868 1356 1922 ἵνα
1385 1870 1450 1924 ἐκ
1473 1871 1568 1925 τοῦ
1601 1873 1765 1925 αὑτοῦ

279 1967 299 1998 ι
337 1947 576 2016 πλευροῦ
601 1951 971 2022 πρεσϐύτερον
1007 1956 1388 2028 ἀποστείλῃ,ἐν
1424 1963 1489 2030 τῇ
1539 1961 1762 2032 ἐξουσίᾳ

274 2056 295 2088 ι
338 2037 485 2091 τοῦτ’
539 2039 666 2093 ἔστι
714 2042 809 2095 τοῦ
857 2045 1180 2109 ἐπισκόπου,
1235 2049 1287 2102 τί
1338 2050 1573 2122 βουληθῇ
1600 2054 1696 2106 καὶ
1717 2054 1771 2106 τί

274 2147 296 2180 ε
337 2131 522 2201 κρίνῃ.
546 2133 652 2185 Kai.
675 2135 771 2186 ἐὰν
792 2134 1097 2209 ψηφίσηται
1122 2144 1250 2203 τοὺς
1281 2143 1598 2211 ὀφείλοντας
1627 2146 1770 2213 μετά

267 2236 299 2267 4
340 2219 450 2272 τῶν
486 2222 806 2277 ἐπισκόπων
845 2228 1122 2294 παρόντας
1161 2233 1366 2301 κρῖναι,
1409 2233 1628 2304 ἔχοντας
1670 2235 1771 2305 τὴν

278 2331 299 2362 ι
343 2313 630 2367 αὑθεντίαν
666 2317 834 2370 αὐτοῦ
889 2320 946 2386 ἐξ
978 2315 1039 2375 οὗ
1072 2323 1486 2395 ἀπεστάλησαν,
1522 2329 1686 2381 ’ἐσται
1712 2331 1771 2383 ἐν

276 2422 297 2452 ι
344 2405 411 2472 τῇ
455 2405 636 2474 κρίσει
688 2407 877 2462 αὑτοῦ·
910 2412 1007 2463 ἐὰν
1055 2412 1112 2466 δὲ
1151 2417 1242 2468 καὶ
1271 2418 1539 2490 πιστεύσῃ
1580 2420 1772 2488 ἀρκεῖν

275 2511 298 2539 ι
338 2491 466 2555 τοὺς
532 2494 869 2560 ἐπισκόπους
921 2503 1059 2566 πρὸς
1105 2503 1166 2556 τὸ
1233 2509 1551 2575 περατῶσαι
1580 2508 1647 2561 τὰ
1675 2510 1771 2563 τοῦ

281 2599 300 2630 ι
355 2581 708 2651 πράγματος.
745 2588 949 2660 ποιήσῃ
978 2592 1116 2662 ὅπερ
1141 2593 1229 2664 τῷ
1275 2601 1568 2670 σοφωτάτῳ
1623 2601 1773 2670 αὐτῷ

281 2688 300 2720 ι
340 2672 527 2743 συνίδῃ
563 2673 913 2745 βουλεύματι.
954 2681 1189 2751 ὀμοίως
1234 2687 1361 2755 περὶ
1388 2689 1774 2760 πρεσϐυτέρων

281 2780 301 2813 ι
351 2765 445 2816 καὶ
474 2764 757 2831 διακόνων,
789 2769 886 2822 ἐάν
907 2788 990 2834 τις
1033 2773 1329 2838 ἐπίσκοπος
1378 2777 1614 2846 ὀργίλος,
1639 2780 1775 2848 ὅπερ

278 2871 301 2904 ε
343 2848 489 2908 εἶναι
542 2855 643 2907 οὐκ
681 2857 907 2923 ὀφείλει,
941 2861 1149 2930 ταχέως
1204 2862 1236 2932 ῆ
1293 2867 1539 2933 τραχέως
1578 2866 1773 2937 κινηθῇ

280 2961 304 2995 ε
343 2945 487 2998 κατά
547 2947 926 3018 πρεσϐυτέρου
978 2952 1010 3022 ἢ
1069 2951 1319 3006 διακόνου
1366 2955 1519 3019 ίδίου,
1563 2959 1774 3010 καΥθεο

284 3054 306 3084 ε
348 3036 502 3103 λήσοι
539 3036 728 3089 τοῦτον
759 3038 824 3091 ἐκ
851 3040 967 3107 (τῆς
998 3041 1133 3103 ίδίας
1166 3044 1403 3112 ἐξορίσαι
1448 3046 1765 3116 ἐκκλησίαςθ

283 3145 303 3177 ι
347 3130 681 3197 προνοητέον
731 3129 904 3196 ἐστὶν,
941 3131 1027 3184 ἵνα
1084 3133 1158 3204 μὴ
1188 3135 1445 3201 ἀναιτίως
1477 3139 1772 3194 καταδικα-

283 3233 302 3265 ι
343 3215 443 3283 σθῇ
480 3216 514 3286 ἢ
566 3217 812 3291 ἀπολέσῃ
865 3219 964 3290 τὴν
1015 3223 1320 3279 κοινωνίαν.
1375 3227 1492 3280 Καὶ
1541 3228 1710 3298 ἐχέτω
1749 3232 1779 3285 ὀ

281 3324 306 3360 ε
352 3306 640 3376 ἐκϐληθεὶς
664 3309 916 3374 ἐξουσίαν
943 3313 1257 3382 προσελθεῖν
1314 3318 1428 3379 τοῖς
1492 3319 1776 3391 ὀμοροῦσι,

283 3417 304 3450 ι
342 3399 436 3450 καὶ
465 3400 496 3467 ἠ
527 3399 678 3454 αίτία
709 3402 872 3456 αὐτοῦ
905 3404 1166 3474 ἀκουσθῇ,
1213 3405 1311 3459 καὶ
1359 3407 1780 3480 ἐπιμελέστερον

289 3505 308 3537 ε
351 3485 584 3558 ζητηθῇο
616 3490 696 3542 ὅτι
738 3491 841 3544 οὐκ
877 3493 1083 3560 ὀφείλει
1112 3495 1513 3564 παρακαλοῦντι
1561 3501 1713 3568 αύτῷ
1746 3503 1778 3572 ἡ

283 3592 302 3624 ι
346 3574 614 3644 ἀκρόασις
643 3578 966 3647 ἀρνηθῆναι*
1027 3580 1280 3644 κάκεῖνος
1310 3583 1367 3636 δέ
1402 3585 1431 3636 ὀ
1458 3585 1778 3652 ἐπίσκοπος,

285 3684 304 3717 ι
345 3667 434 3737 es
483 3668 713 3732 δικαίως
773 3669 806 3739 ἢ
864 3670 1065 3734 ἀδίκως
1116 3673 1384 3740 ἐκϐαλὼν,
1443 3676 1781 3743 ἀνεξικάκως

289 3775 308 3807 ι
346 3758 712 3823 καταδέξηται
771 3761 839 3815 τά
886 3762 982 3816 τοῦ
1037 3765 1367 3834 πράγματος
1402 3767 1777 3839 ἐξετασθῆναι,

284 3866 304 3898 ι
351 3848 436 3901 ἶνα
459 3849 493 3918 ἢ
520 3851 742 3921 κυρωθῇ
775 3852 806 3922 ἢ
829 3852 1092 3924 δωρθωθῇ
1126 3856 1158 3924 ἠ
1183 3857 1375 3927 γνώμη
1406 3859 1780 3916 αὐτοῦ.Ταῦτα

287 3958 306 3992 ι
350 3940 595 4008 δηλονότι
626 3943 730 4004 ἕως
763 3944 859 4011 τῆς
883 3947 1188 4014 παρουσίας
1238 3947 1344 4000 τῶν
1399 3950 1780 4018 ἀληθεστάτων

285 4049 305 4081 ε
345 4031 629 4100 ὲξέμπλων
656 4035 754 4100 τῆς
806 4035 865 4090 ὲν
899 4035 1101 4107 Νικαίᾳ
1135 4039 1353 4093 συνόδου
1384 4043 1498 4104 τοῖς
1532 4059 1781 4114 πεπραγ-

284 4139 304 4171 ι
353 4122 538 4189 μένοις
608 4123 996 4194 ἐνεϐλήθησαν·
1056 4127 1215 4182 ἅτινα
1271 4130 1367 4184 ἐὰν
1395 4132 1530 4196 ἐκεῖ,
1570 4133 1629 4185 όν
1654 4134 1772 4204 τρό-

288 4229 306 4261 ι
351 4227 452 4264 πον
485 4217 546 4266 ἐν
574 4214 721 4282 αύτῷ
755 4215 831 4281 τῷ
859 4219 1262 4289 κομμονιτορίῳ
1307 4222 1646 4292 περιέχεται,
1701 4224 1779 4294 τῷ

284 4322 303 4353 ι
341 4305 476 4372 ἡμῖν
517 4305 606 4357 διὰ
655 4306 765 4356 τῶν
818 4308 1238 4362 ἀποσταλέντων
1292 4312 1534 4381 ἀδελφῶν
1589 4317 1654 4368 ἐκ
1681 4316 1781 4384 τῆς

287 4413 306 4445 ι
345 4395 717 4462 ἀποστολικῆς
741 4396 1014 4467 καθέδρας
1065 4399 1476 4469 ἐμφανισθέντι,
1525 4404 1620 4456 καὶ
1646 4405 1778 4476 παρ’

1946 591 2387 660 (supplicatione
2414 591 2714 646 Romanum
2734 593 3042 659 episcopum
3096 593 3346 657 moverit,
3367 603 3428 647 ut

1941 699 1960 733 ι
1996 695 2060 736 ex
2117 683 2335 750 proprio
2386 697 2484 737 suo
2535 683 2702 737 latere
2751 683 3140 752 presbyterium
3205 685 3423 748 mittat;

1946 789 1965 823 t
2001 771 2106 825 erit
2137 771 2188 824 in
2244 782 2516 842 potestate
2565 773 2803 843 episcopi
2867 773 2994 842 quid
3029 775 3156 828 velit
3205 781 3258 827 et
3296 775 3428 842 quid

1936 881 1956 914 ι
1993 862 2221 931 iudicet.
2261 862 2323 917 Et
2352 864 2398 918 si
2449 865 2723 927 statuerit,
2768 865 2988 931 quinam
3044 864 3274 934 debeant
3306 880 3428 918 cum

1941 969 1960 1002 ι
2000 949 2270 1019 episcopis
2334 961 2631 1019 praesentes
2679 952 2954 1022 judicare,
3003 951 3262 1007 habentes
3311 952 3429 1021 ejus

1940 1058 1960 1091 ι
1996 1042 2373 1096 auctoritatem
2406 1058 2434 1095 a
2463 1059 2568 1112 quo
2604 1044 2750 1099 missi
2812 1053 2961 1106 sunt,
3052 1042 3166 1110 ejus
3229 1045 3431 1112 judicio

1946 1129 2374 1198 «relinquetur:
2436 1131 2518 1183 sln
2581 1142 2760 1185 autem
2828 1128 3123 1185 crediderit
3188 1129 3432 1182 subicere

1943 1239 1963 1272 ι
2003 1222 2282 1291 ορὶεοοροε
2302 1224 2367 1276 ad
2407 1223 2698 1278 ﬁniendum
2733 1224 3026 1292 negotium,
3090 1222 3253 1276 faciat
3288 1222 3433 1291 quod

1947 1327 1966 1360 ι
1997 1311 2403 1378 sapientissimo
2439 1326 2538 1366 suo
2572 1313 2809 1367 concilio
2833 1313 3003 1365 visum
3053 1311 3235 1365 fuerit.
3273 1310 3436 1364 Simi-

1943 1418 1962 1451 ι
1997 1399 2118 1453 liter
2144 1400 2208 1453 de
2247 1402 2580 1470 presbyteris
2609 1412 2663 1456 et
2691 1403 2937 1457 diaconis
2968 1420 2981 1465 ;
3037 1401 3092 1456 Si
3129 1403 3255 1471 quis
3314 1403 3433 1469 cpio

1951 1508 1970 1541 ι
2002 1505 2194 1558 scopus
2226 1491 2698 1562 i-racundus,'quod
2723 1509 2840 1547 esse
2864 1509 2965 1548 non
2991 1494 3172 1556 debet,
3189 1492 3438 1547 celeriter

1947 1599 1966 1632 ι
2006 1591 2098 1635 aut
2132 1597 2322 1652 aspere
2344 1587 2602 1638 adversus
2637 1589 3008 1655 presbyterum
3037 1585 3120 1638 vel
3149 1584 3434 1645 diaconum

1949 1690 1966 1724 ι
2000 1687 2156 1726 suum
2191 1683 2367 1728 motus
2399 1675 2581 1740 fuerit,
2638 1684 2692 1728 et
2745 1677 2876 1730 velit
2919 1691 3042 1730 eum
3098 1690 3184 1735 ει,
3213 1673 3432 1743 promis

1947 1780 1966 1814 ι
2008 1762 2248 1818 Ecclesia
2281 1780 2597 1834 segregare;
2627 1767 3017 1833 providendum
3061 1774 3167 1826 est,
3192 1779 3257 1818 ne
3315 1764 3434 1816 sine

1950 1875 1978 1903 ι
2007 1868 2167 1908 causa
2202 1855 2614 1919 condemnetur,
2643 1856 2726 1909 vel
2757 1855 2945 1922 perdat
2966 1855 3431 1910 communionem.

1958 1965 1976 1996 ι
2007 1945 2075 2000 Ει
2098 1946 2144 1999 is
2165 1948 2256 2013 qui
2283 1947 2492 2014 ejectus
2515 1955 2621 2009 est,
2661 1955 2983 2013 potestatem
3031 1947 3228 2002 habeat
3283 1961 3439 2000 acce-

1951 2054 1968 2088 ι
2007 2036 2166 2090 dendi
2201 2038 2265 2090 ad
2301 2037 2582 2101 finitimos,
2611 2047 2666 2091 et
2694 2053 2854 2092 causa
2916 2040 3031 2103 ejus
3083 2038 3354 2100 audiatur,
3383 2046 3438 2091 et

1955 2147 1973 2181 ι
2017 2129 2330 2197 diligentius
2386 2131 2750 2192 examinetur,
2807 2131 2928 2200 quia
2993 2147 3098 2184 non
3172 2131 3334 2186 debet
3391 2132 3440 2186 ei

1959 2237 1978 2271 ι
2010 2221 2222 2289 roganti
2258 2221 2514 2274 auxilium
2539 2221 2831 2289 denegari:
2873 2222 2960 2277 ille
3007 2234 3185 2275 autem
3231 2223 3442 2289 episco-

1953 2329 1972 2362 ι
2005 2325 2126 2378 pus,
2151 2311 2241 2380 qui
2280 2312 2552 2378 sivejuste
2586 2312 2915 2382 siveirrjuste
2936 2313 3114 2383 eiecit,
3147 2313 3445 2367 toleranter

1953 2421 1972 2454 ι
2005 2402 2142 2457 feret
2173 2419 2284 2458 rem
2339 2404 2666 2468 examinari,
2709 2413 2764 2456 ut
2824 2404 2905 2456 vel
2958 2405 3316 2465 conﬁrmetur
3361 2405 3444 2458 vel

1959 2513 1978 2547 ι
2007 2495 2452 2564 corrigaturejus
2479 2498 2771 2552 sententia.
2806 2495 2931 2550 Haec
2983 2498 3213 2563 scilicet,
3268 2514 3440 2567 usque

1956 2591 2072 2639 «ad
2151 2587 2494 2655 prmentiam
2565 2589 2974 2644 verissimorum
3049 2590 3438 2660 exemplarium

1953 2698 1971 2730 ι
2013 2679 2242 2734 Nicena;
2258 2681 2468 2751 synodi,
2499 2681 2635 2735 actis
2667 2682 2872 2736 inserta
2905 2693 3058 2738 sunt:
3081 2699 3198 2750 quae
3223 2683 3440 2753 quidem

1950 2789 1967 2822 ι
2001 2772 2043 2824 si
2075 2771 2206 2833 illic,
2239 2775 2584 2839 quomodoin
2623 2774 2739 2840 ipso
2796 2775 3211 2829 commonitorio
3267 2777 3446 2829 conti-

1957 2879 1977 2912 ε
2014 2862 2365 2932 πως-,ηοω
2396 2864 2553 2918 nobis
2584 2878 2680 2934 per
2705 2864 2902 2920 fratres
2934 2882 2961 2918 a
3000 2869 3127 2920 sede
3147 2867 3444 2935 apostolica

1963 2969 1982 3003 ι
2021 2952 2217 3008 missos
2263 2965 2545 3008 ostensum
2611 2965 2717 3020 est,
2775 2958 2916 3026 apud
2981 2971 3078 3011 vos
3126 2972 3337 3026 quoque
3393 2959 3446 3013 iu

1956 3062 1974 3094 ι
2015 3045 2202 3099 eodem
2236 3047 2428 3102 ordine
2458 3048 2510 3100 in
2552 3047 2699 3101 Italia
2758 3058 3068 3116 servantur,
3125 3065 3222 3105 nos
3250 3066 3446 3106 eorum

1963 3155 1993 3186 ι.
2027 3150 2364 3205 nequaquam
2401 3139 2719 3192 meminisse
2743 3140 3012 3205 volumus,
3063 3141 3145 3196 vel
3198 3158 3302 3197 non
3337 3143 3451 3195 suf-

1963 3246 1980 3278 ι
2013 3225 2156 3281 ferre
2184 3229 2594 3292 contendimus;
2623 3229 2788 3300 672
2814 3232 2906 3284 sed
2958 3233 3255 3297 credimus,
3300 3235 3446 3300 quod

1957 3337 1976 3370 ι
2010 3319 2298 3388 adjuvante
2321 3319 2532 3374 Domini
2564 3322 2656 3375 Dei
2689 3323 2860 3376 nostri
2912 3325 3310 3389 misericordia,
3356 3333 3446 3377 tua

1955 3428 1974 3462 ι
2013 3411 2301 3464 sanctitate
2327 3409 2585 3464 Romanae
2611 3411 2870 3466 Ecclesia:
2903 3417 3245 3482 praesidente,
3300 3415 3446 3468 hunc

1958 3520 1977 3553 ι
2008 3502 2266 3570 deinceps
2295 3510 2492 3556 metum
2520 3517 2632 3556 non
2653 3506 3038 3573 suscipiemus.
3071 3505 3450 3560 Servabuntur

1947 3610 1976 3660 ,ι
2014 3602 2193 3645 autem
2237 3594 2400 3646 etiam
2437 3609 2571 3663 erga
2609 3611 2728 3659 nos,
2762 3611 2881 3665 quae
2909 3599 3066 3652 nobis
3117 3615 3332 3668 qucque
3368 3611 3447 3655 ta-

1955 3701 1976 3734 (
2006 3684 2255 3739 centibus
2318 3688 2522 3740 servari
2575 3688 2773 3742 debent
2830 3690 3120 3746 dilectione
3161 3689 3444 3746 fraterna:

1954 3793 1971 3827 ι
2001 3789 2120 3841 qua:
2143 3790 2240 3844 pro
2273 3777 2535 3844 sapientia
2581 3788 2634 3832 et
2679 3779 2909 3847 iustitia,
2945 3795 3105 3849 quam
3156 3781 3250 3835 tibi
3300 3784 3446 3837 dedit

1960 3881 1978 3915 ι
2008 3862 2342 3927 Altissimus,
2378 3865 2491 3932 ipse
2521 3880 2738 3934 quoque
2766 3866 2937 3920 sentis
2959 3869 3162 3920 servari
3204 3868 3401 3921 debere
3430 3909 3445 3933 ,

1956 3956 2047 4009 tsi
2089 3956 2230 4009 forte
2286 3955 2446 4009 aliter
2496 3970 2554 4010 se
2615 3955 2853 4010 habeant
2916 3971 3149 4011 canones
3217 3955 3448 4013 Nicaeus:

1963 4063 1980 4097 ι
2023 4045 2239 4113 synodi.
2278 4044 2387 4099 Nos
2414 4046 2581 4112 enim,
2623 4047 2711 4114 qui
2743 4049 2794 4100 in
2840 4048 3020 4116 plures
3076 4048 3242 4102 libros
3306 4050 3447 4103 inci-

1957 4155 1976 4188 ι
2017 4138 2226 4201 dimus,
2279 4153 2557 4205 nunquam
2609 4139 2834 4208 legimus
2861 4141 2914 4194 in
2975 4140 3127 4195 libris
3164 4142 3444 4206 Romanis,

1959 4245 1976 4279 ι
2017 4226 2069 4280 in
2096 4228 2358 4296 synodum
2389 4227 3157 4297 Nicaenam,quemadmodum
3213 4231 3264 4283 in
3312 4247 3449 4298 pra!-

1946 4335 1968 4370 ι
2009 4318 2155 4373 dicto
2215 4320 2629 4373 commonitorio
2693 4321 2894 4374 istbinc
2956 4324 3264 4377 transmissi
3293 4333 3442 4378 sunt:

1950 4426 1972 4458 ε
2005 4420 2181 4463 tamen
2230 4412 2353 4479 quia
2384 4410 2471 4463 ltic
2496 4412 2545 4463 in
2593 4412 2740 4464 nullo
2765 4412 2900 4466 libro
2955 4411 3147 4466 ϐιαιοο
3206 4415 3318 4467 haec
3360 4415 3446 4466 in-

287 4502 305 4535 ι
342 4483 473 4550 ὑμῖν
525 4487 594 4555 τῇ
647 4487 782 4556 αὐτῇ
826 4487 975 4552 τάξει
1028 4490 1087 4542 ἐν
1139 4491 1340 4562 Ἰταλίᾳ
1399 4495 1807 4578 φυλάττονταικ

1958 4514 1977 4546 ι
2015 4496 2198 4551 venire
2247 4498 2562 4565 potuimus,
2622 4515 2683 4552 ex
2743 4499 3001 4554 Ecclesiis
3056 4501 3443 4565 Orientalibus,

290 4595 310 4628 ι
350 4576 604 4645 οὐδαμῶς
660 4580 755 4631 καὶ
810 4581 973 4649 ήμείς
1022 4583 1132 4635 τῶν
1178 4584 1434 4639 τοιούτων
1470 4589 1777 4658 μεμνῆσθαι

285 4686 304 4718 ι
351 4666 677 4736 βουλόμεθα,
720 4669 754 4738 ἢ
781 4669 881 4739 οὐχ
924 4671 1219 4742 ὑποφέρειν
1259 4676 1609 4746 ἐπειγόμεθα,
1643 4681 1780 4735 ἀλλά

283 4778 305 4809 ι
347 4759 678 4826 πιστεύομεν
735 4760 814 4813 ὅτι
873 4760 1197 4830 βοηθοῦντος
1226 4766 1319 4819 τοῦ
1349 4767 1533 4832 ἐλέους
1573 4773 1777 4841 Κυρίου

286 4865 308 4898 ι
349 4846 443 4900 τοῦ
479 4848 614 4901 Θεοῦ
649 4849 832 4917 ἡμῶν,
860 4852 959 4920 τῆς
993 4852 1093 4920 σῆς
1134 4855 1443 4925 ἁγιωσύνης
1499 4861 1778 4928 προεστώ-

288 4955 307 4986 ι
354 4954 451 5007 σης
500 4939 598 5006 τῆς
637 4939 954 5010 Ῥωμαϊκῆς
986 4943 1333 5014 Ἐκκλησίας,
1366 4948 1546 5001 οὐκέτι
1595 4951 1778 5002 λοιπὸν

288 5046 309 5079 ε
350 5029 736 5098 ὑπομείνωμεν
764 5032 853 5084 τὸν
881 5033 1042 5099 φόϐον
1084 5035 1292 5091 τοῦτον.
1332 5040 1646 5109 Φυλαχθῶσι
1717 5043 1775 5096 δέ

290 5139 309 5171 ι
358 5121 486 5190 περὶ
527 5123 672 5191 ἡμᾶς
701 5124 856 5177 ἀτινα
886 5128 982 5180 καὶ
1013 5127 1087 5196 μὴ
1109 5127 1412 5184 λαλούντων
1445 5135 1475 5203 ἡ
1487 5133 1602 5200 μῶν
1628 5135 1780 5202 ὀφει-

292 5231 312 5263 ι
347 5211 500 5266 λονσι
532 5213 876 5283 φυλαχθῆναι
929 5217 1191 5288 ἀδελφικῇ
1218 5221 1432 5298 ἀγάπῃ⁹
1462 5224 1604 5294 ἀπερ
1637 5225 1778 5279 κατά

291 5319 310 5350 ι
354 5300 453 5367 τὴν
495 5303 686 5369 σοφίαν
713 5304 808 5355 καὶ
837 5304 1210 5374 δικαιοσύνην,
1240 5310 1309 5379 ἢν
1362 5328 1444 5364 σοι
1469 5314 1496 5365 ὀ
1519 5314 1777 5383 Ὕψιστος

290 5411 310 5441 ι
354 5392 686 5461 ἐδωρήσατο,
719 5395 813 5446 καὶ
846 5395 1005 5458 αὐτὸς
1027 5397 1108 5449 ἔτι
1143 5400 1248 5469 μὴν
1282 5405 1512 5474 συνορᾷς
1542 5405 1776 5472 ὀφείλειν

290 5501 308 5532 ι
353 5482 714 5551 φυλαχθῆναι,
741 5487 835 5538 ἐάν
860 5487 1020 5554 τυχὸν
1051 5490 1281 5554 ἀλλοίως
1315 5493 1508 5562 ἔχωσιν
1543 5497 1592 5553 οι
1619 5496 1775 5548 κανό-

288 5591 306 5622 ι
359 5588 446 5634 νες
477 5572 576 5642 τῆς
601 5575 660 5625 ἐν
686 5573 888 5646 Νικαίᾳ
925 5579 1166 5634 συνόδου.
1232 5581 1422 5650 Ἡμεῖς
1463 5586 1569 5654 γὰρ
1627 5585 1772 5638 πλεί-

289 5683 307 5711 ε
354 5679 499 5725 στοις
536 5666 850 5735 ἐντυχόντες
885 5668 1127 5735 βιϐλίοις,
1161 5671 1398 5740 οὐδαμοῦ
1460 5675 1774 5746 ἀνέγνωμεν

289 5771 307 5803 ι
349 5756 426 5816 είς
455 5755 554 5824 τὴν
600 5757 658 5810 ἐν
691 5755 892 5829 Νικαίᾳ
949 5760 1163 5817 σύνοδον
1217 5764 1275 5817 ἐν
1314 5765 1642 5837 Ῥωμαῖκοίς
1695 5768 1771 5838 βι-

1949 4608 1968 4640 ε
2006 4589 2096 4643 ubi
2141 4589 2255 4659 ipsa
2317 4591 2537 4645 decreta
2599 4592 2910 4647 authentica
2962 4594 3218 4648 dicuntur
3267 4596 3444 4648 adhuc

1956 4698 1974 4731 ι
2006 4694 2164 4747 posse
2198 4682 2450 4746 inveniri,
2490 4683 2554 4735 ad
2583 4697 2680 4736 nos
2713 4685 2800 4737 illa
2835 4684 3034 4740 deferri
3095 4686 3248 4740 valde
3302 4689 3446 4741 desi-

1954 4773 2280 4828 tderamus.
2344 4773 2527 4839 Quare
2596 4785 2742 4829 tuam
2806 4777 2967 4831 etiam
3036 4781 3441 4834 venerationem

1953 4880 1973 4914 ι
2014 4878 2283 4932 regamus,
2329 4873 2388 4916 ut
2428 4865 2540 4932 ipse
2593 4876 2855 4934 praeterea
2908 4868 3147 4922 scribere
3199 4870 3439 4937 digneris

1956 4971 1974 5005 ι
2011 4954 2073 5005 ad
2106 4953 2316 5006 illarmn
2352 4957 2583 5021 partium
2631 4957 2922 5023 antistites,
2975 4959 3026 5013 id
3091 4971 3198 5025 est,
3254 4963 3444 5016 Antio-

1956 5063 1974 5096 ι
2007 5047 2224 5111 cliente,
2281 5045 2661 5100 Alexandrina:
2716 5059 2770 5102 et
2813 5049 3442 5117 Constantinopolitanto

1945 5155 1962 5188 ι
1994 5135 2275 5200 Ecclesiae,
2305 5145 2360 5190 et
2388 5137 2452 5190 ad
2479 5136 2634 5201 alios,
2663 5138 2707 5193 si
2735 5147 2838 5192 tuae
2855 5139 3133 5193 sanctitati
3173 5141 3438 5209 videatur,

1956 5246 1974 5279 ε
2009 5237 2067 5282 ιιι
2081 5227 2225 5282 illinc
2241 5230 2305 5281 ad
2323 5244 2421 5284 nos
2441 5229 2674 5284 Nicaeaea
2693 5230 3152 5300 sanctisgl’atribus
3164 5235 3441 5290 constituti

1953 5336 1972 5369 ι
2017 5333 2252 5373 canones
2299 5321 2621 5385 mittantur;
2656 5331 2709 5375 te
2759 5324 3029 5391 pramipue
3083 5324 3184 5386 boc
3241 5325 3444 5378 beneﬁ-

1959 5427 1976 5460 ι
2017 5409 2159 5462 cium
2237 5408 2667 5465 Occidentalibus
2718 5413 2968 5467 omnibus
3013 5413 3271 5469 Ecclesiis
3347 5415 3438 5475 Dci

1956 5514 1975 5547 ι
2017 5498 2218 5551 auxilio
2250 5498 2579 5554 conferente.
2612 5501 2748 5562 Ouls
2799 5503 2940 5556 enim
3004 5505 3205 5559 dubitat
3257 5520 3442 5565 exem-

1957 5605 1974 5638 ι
2013 5589 2182 5656 plaria
2211 5590 2400 5658 synodi
2435 5588 2626 5644 Nicaea:
2650 5605 2986 5659 congregata:
3018 5598 3296 5650 verissima
3313 5611 3438 5652 essu

1955 5696 1971 5727 ε
2015 5680 2063 5731 in
2096 5679 2318 5743 Graecis,
2354 5695 2474 5747 quae
2507 5697 2536 5735 a
2565 5691 2671 5736 tam
2725 5683 2958 5738 diversis
3017 5687 3148 5741 locis
3199 5699 3254 5742 et
3301 5689 3436 5740 iusi-

1954 5785 1972 5818 ι
2009 5769 2200 5839 gnibus
2233 5769 2435 5827 Grecis
2490 5773 2742 5830 Ecclesiis
2803 5778 3086 5845 deportata
3141 5789 3194 5835 et
3239 5780 3439 5836 collata
