4002 6314
629 349 734 412 835

1853 351 2126 412 THEOD.
2168 352 2400 413 BALSA
2411 354 2464 412 Μ
2470 353 2569 413 ΟΝ

3731 341 3847 407 435

679 479 696 508 ο
727 460 1103 513 consentiunt?
1167 459 1317 525 Quod
1356 460 1566 528 quidem
1619 459 1785 514 donec
1821 459 2018 514 factum
2047 459 2164 512 fue-

2345 479 2362 511 ι
2405 462 2595 525 6λίοις,
2623 459 2682 512 δν
2710 459 2909 528 τρόπον
2945 458 3003 510 ἐν
3056 455 3134 527 τῷ
3165 454 3518 526 προλεχθέντι
3567 471 3847 522 κομμονιο

683 569 698 596 ι
739 550 829 610 rit,
879 564 999 616 quae
1049 550 1097 602 in
1161 550 1305 602 dicto
1340 550 1751 604 communitorio
1803 550 1957 602 nobis
1999 549 2158 602 allata

682 658 698 688 ι
733 648 872 702 sunt,
915 641 981 691 de
1010 638 1460 706 appellationibus
1511 640 1883 708 episcoporum
1934 641 2000 690 ad
2052 637 2161 693 Ro-

679 748 696 776 .
735 743 905 781 mante
929 728 1186 782 Ecclesiae
1217 712 1574 790 sacerdotem,
1605 739 1657 781 et
1687 731 1751 782 de
1799 730 1978 782 causis
2003 728 2162 782 cleri-

684 839 701 868 ι
740 835 947 882 corum,
981 835 1100 888 qua:
1153 821 1347 873 debent
1394 836 1422 870 a
1483 835 1702 872 suarum
1757 821 2158 888 provinciarum

681 927 696 957 ι
733 909 1000 976 episcopis
1021 908 1184 970 finiri,
1214 923 1312 960 nos
1335 909 1494 960 etiam
1515 916 1824 962 servaturos
1848 908 2164 974 profitemur

685 1018 700 1046 ε
745 1014 914 1066 usque
949 999 1013 1051 ad
1045 999 1448 1064 probationem:
1478 1009 1530 1051 et
1577 1006 1809 1050 vestram
1872 997 2163 1049 beatitudi-

684 1106 698 1136 ι
743 1101 883 1149 nem,
913 1088 1018 1140 Deo
1047 1088 1277 1149 volente,
1305 1087 1458 1140 nobis
1481 1087 1546 1139 ad
1585 1087 1684 1140 hoc
1721 1085 1976 1140 auxilium
2025 1086 2164 1139 latu-

683 1197 699 1226 ε
739 1191 849 1230 ram
879 1178 1221 1230 confidimus.
1272 1174 1496 1244 Reliqua
1521 1183 1719 1239 autem,
1745 1191 1864 1245 quae
1892 1176 1944 1228 in
1977 1188 2161 1229 nosna

682 1285 698 1314 ε
728 1265 932 1333 synodo
963 1273 1080 1316 acta
1106 1274 1162 1316 et
1189 1262 1505 1316 confirmata
1540 1272 1685 1326 sunt,
1731 1263 1858 1331 quia
1915 1264 2160 1330 prasdicti

682 1374 698 1403 ι
733 1354 933 1408 fratres
975 1354 1144 1407 nostri
1194 1352 1487 1406 Faustinus
1529 1354 1900 1422 coepiscopns,
1958 1353 2158 1423 Philip-

684 1465 700 1496 ι
737 1462 832 1514 pus
863 1455 915 1499 et
971 1445 1181 1498 Asellus
1209 1445 1530 1512 presbyteri,
1565 1459 1748 1498 secum
1807 1445 2080 1509 deferunt,
2119 1447 2163 1500 si

684 1555 700 1586 ι
730 1535 882 1588 vobis
912 1535 1084 1588 visum
1136 1533 1322 1596 fuerit,
1388 1547 1448 1587 ea
1499 1543 1695 1586 vestrae
1718 1535 1997 1588 sanctitati
2040 1546 2162 1588 nota

679 1646 695 1675 ι
727 1625 942 1680 facient.
975 1625 1039 1679 Et
1064 1625 1542 1694 subscripserunt;
1598 1625 1858 1680 Dominus
1883 1636 2064 1681 noster
2113 1636 2166 1680 te

659 1736 701 1766 ~I
735 1717 965 1771 nobisin
1002 1715 1194 1769 multos
1246 1731 1419 1770 annos
1489 1725 1798 1779 conservet,
1853 1717 2165 1773 beatissime

684 1829 699 1860 ι
739 1808 924 1863 frater.
958 1807 1404 1874 Subscripserunt
1429 1822 1644 1875 quoque
1675 1807 1922 1876 Alypius,
1971 1809 2154 1878 Attgu-
2191 1829 2232 1886 Β

681 1917 698 1948 ο
726 1899 920 1963 stinus,
946 1897 1242 1957 Possidius,
1274 1894 1530 1954 Marinus,
1556 1905 1608 1948 et
1630 1895 1808 1948 czeteri
1830 1898 2086 1965 episcopi.
2123 1916 2141 1949 ι

2338 571 2356 603 ι
2393 552 2555 620 τορίῳ
2607 550 2831 604 αὐτόθεν
2875 549 3278 619 ἀπεστάλησαν·
3317 548 3488 614 ὅμως,
3516 543 3708 621 ¹ἐπειδὴ
3744 545 3846 595 ἐν-

2340 662 2356 692 ι
2394 642 2566 695 ταῦθα
2595 643 2673 704 είς
2718 641 2868 694 οὐδὲν
2899 639 3104 710 βιϐλίον
3152 637 3385 708 Γραικὸν
3413 635 3586 690 ταῦτα
3635 633 3834 702 εὑρεῖν

2344 752 2362 783 ι
2400 715 2769 802 ἠδυνήθημεν,
2808 734 2872 784 ἐκ
2919 730 3026 784 τῶν
3071 727 3426 784 Ἀνατολικῶν
3469 725 3844 792 Ἐκκλησιῶν,

2339 843 2354 874 ι
2400 824 2527 876 ἔνθα
2554 824 2805 891 λέγονται⁹
2829 823 2898 876 τὰ
2931 824 3071 876 αὑτὰ
3116 822 3443 890 ψηφίσματα
3472 817 3731 872 δύνασθαι
3770 816 3847 869 τὰ

2343 932 2360 964 ι
2408 913 2700 966 αὑθεντικὰ
2750 913 2830 966 ἐτι
2882 913 2988 981 μὴν
3035 910 3350 980 εὑρεθῆναι,
3401 909 3532 986 ἡμίν
3596 922 3846 973 προσεν-

2339 1020 2357 1052 ι
2411 1002 2632 1071 εχθῆναι
2661 1002 2830 1056 ταῦτα
2857 1000 3059 1070 μᾶλλον
3110 997 3405 1067 ποθοῦμεν.
3450 994 3542 1047 Διὸ
3587 995 3683 1047 καὶ
3732 993 3845 1063 τὴν

2343 1112 2361 1144 ι
2409 1095 2505 1161 σὴν
2537 1093 2942 1162 σεδασμιότητα
2971 1088 3346 1157 δυσωποῦμεν,
3378 1087 3466 1140 ἵνα
3490 1079 3691 1154 γράψαι
3736 1085 3847 1138 καὶ

2339 1203 2357 1234 ε
2403 1184 2561 1248 αὑτὸς
2592 1184 2672 1236 ἔτι
2706 1183 2811 1254 μὴν
2858 1181 3205 1252 καταξιώσῃς
3243 1178 3381 1247 πρὸς
3433 1178 3557 1239 τοὺς
3607 1175 3846 1227 ἐκείνων

2344 1292 2360 1323 ι
2404 1273 2506 1324 τῶν
2543 1273 2723 1342 μερῶν
2756 1275 2939 1342 ίερείς,
2985 1269 3128 1323 τοῦτ’
3175 1270 3318 1329 ἐστι,
3381 1267 3478 1333 τῆς
3535 1266 3593 1318 ἐν
3623 1264 3848 1317 Ἀντιο-

2351 1380 2368 1414 ι
2416 1363 2538 1433 χείᾳ
2584 1363 2932 1428 Ἐκκλησίας,
2984 1360 3209 1427 καὶτῆς
3262 1355 3680 1422 Ἀλεξανδρέων,
3740 1351 3849 1406 καὶ

2343 1469 2361 1502 ι
2403 1453 2498 1522 τῆς
2531 1455 2587 1505 ἐν
2618 1449 3211 1512 Κωνσταντινουπόλει,
3259 1449 3353 1501 καὶ
3407 1446 3588 1506 ἄλλοις
3613 1445 3691 1508 δὲ,
3724 1443 3841 1496 ἐὰν

2347 1561 2366 1594 ι
2413 1546 2661 1612 παραστῇ
2697 1546 2762 1612 τῇ
2801 1544 2867 1611 σῇ
2893 1541 3193 1612 ἁγιωσύνῃ,
3252 1541 3399 1600 ὅπως
3432 1536 3651 1620 ἐκεῖθεν⁸
3696 1536 3850 1603 πρὸς

2343 1653 2361 1685 ι
2401 1635 2545 1704 ἡμᾶς
2572 1634 2620 1687 ot
2641 1635 2697 1686 ἐν
2727 1634 2931 1704 Νικαίᾳ
2977 1633 3130 1702 παρὰ
3190 1632 3298 1685 τῶν
3359 1629 3534 1698 ἁγίων
3580 1629 3852 1694 Πατέρων

2343 1742 2360 1774 ι
2411 1724 2716 1791 ὁρισθέντες
2746 1725 2976 1779 ἔλθωσιν
3013 1724 3258 1787 κανόνες,
3311 1721 3408 1775 σοῦ
3461 1719 3583 1774 κατ’
3620 1719 3851 1786 ἐξαίρεε

2345 1832 2362 1864 ι
2409 1832 2497 1867 τον
2551 1814 2649 1883 τὴν
2692 1815 3011 1885 εὐεργεσίαν
3068 1814 3273 1880 ταύτην
3300 1812 3500 1874 πάσαις
3527 1812 3649 1871 ταῖς
3679 1810 3852 1860 Δυτι-

2339 1921 2354 1952 ι
2402 1905 2522 1964 καῖς
2564 1902 2907 1972 Ἐκκλησίαις
2939 1905 3004 1972 τῇ
3045 1902 3136 1955 τοῦ
3181 1902 3386 1974 Κυρίου
3437 1899 3656 1969 βοηθείᾳ
3718 1914 3855 1949 συν-

683 2010 699 2040 ι
747 1993 1078 2057 εισάγοντος.
1142 1989 1239 2045 Τίς
1301 1989 1410 2058 γὰρ
1495 1988 1820 2056 ἀμφιδάλ).ει
1871 1990 1936 2040 τὰ
1995 1990 2083 2043 [σα
2149 1991 2486 2062 ἀληθέστατα
2543 1989 2681 2048 εἶναι
2723 1997 2779 2048 ἐν
2844 1996 3097 2065 Γραικοῖς
3149 1997 3245 2062 τῆς
3307 1994 3362 2046 ἐν
3429 1990 3635 2059 Νικαίᾳ
3705 2005 3850 2039 συν-

691 2100 710 2133 r
753 2080 1133 2149 αθροισθείσης
1175 2079 1392 2131 συνόδου
1431 2078 1587 2132 ἅτινα
1619 2077 1726 2130 ἀπὸ
1755 2078 1922 2140 οὕτως
1977 2080 2246 2151 διαφόρων
2283 2085 2460 2137 τόπων
2519 2084 2613 2138 καὶ
2679 2086 2966 2154 ἐπισήμων
3031 2083 3284 2153 Γραικῶν
3335 2078 3639 2147 ἐκκλησιῶν
3665 2094 3851 2144 προσ-

681 2193 696 2222 ι
743 2173 1032 2240 ενεχθέντα
1096 2173 1189 2225 καὶ
1246 2171 1606 2239 συγκριθέντα
1630 2172 2165 2244 ὁμονοοῦσινςὉπερ
2240 2177 2345 2238 ἕως
2373 2169 2434 2229 οὗ
2468 2179 2712 2247 γένηται,
2780 2181 2848 2233 τὰ
2908 2179 2966 2232 ἐν
3028 2177 3107 2247 τῷ
3196 2173 3547 2246 προλεχθέντι
3629 2187 3854 2238 κομμο-

677 2291 694 2320 ι
743 2267 959 2336 νιτορίῳ
1018 2269 1148 2336 ἡμῖν
1198 2267 1652 2337 προσενεχθέντα.
1710 2269 1838 2336 περὶ
1890 2269 1998 2321 τῶν
2068 2273 2202 2339 πρὸς
2263 2273 2356 2325 τὸν
2421 2274 2518 2343 τῆς
2555 2275 2866 2342 Ῥωμαῖκῆς
2949 2272 3276 2340 Ἐκκλησίας
3348 2270 3496 2338 ίερέα
3553 2266 3845 2334 ἐκκλήτων

681 2373 697 2404 ι
746 2355 852 2406 τῶν
880 2356 1218 2415 ἐπισκόπων,
1285 2354 1546 2422 καὶπερὶ
1608 2356 1716 2407 τῶν
1775 2357 1966 2409 αἰτιῶν
2012 2358 2119 2411 τῶν
2185 2361 2461 2430 κληρικῶν
2521 2363 2629 2416 τῶν
2695 2362 3032 2432 όφειλουσῶν
3081 2359 3450 2431 περατοῢσθαι
3524 2355 3676 2428 παρὰ
3737 2359 3856 2416 τοῖς

679 2468 696 2499 ι
743 2450 852 2501 τῶν
915 2449 1062 2502 ἰδίων
1141 2448 1320 2502 αὑτῶν
1365 2450 1643 2518 ἐπαρχιῶν
1691 2453 2029 2516 ἐπισκόποις,
2117 2457 2277 2524 ἡμεῖς
2331 2457 2724 2540 ἑμολογοῦμεν
2785 2459 2880 2510 καὶ
2947 2456 3282 2524 φυλάξοντας
3342 2453 3446 2513 ἓως
3501 2451 3600 2519 τῆς
3646 2453 3843 2502 ἐπικυο

675 2560 691 2588 ι
741 2542 982 2608 ρὼσεως,
1026 2542 1118 2592 καὶ
1177 2540 1276 2608 τὴν
1335 2541 1602 2609 ὑμετέραν
1672 2544 2070 2613 μακαριότητα,
2145 2545 2393 2611 Θέλοντος
2457 2550 2550 2602 τοῦ
2614 2549 2773 2613 Θεοῦ,
2841 2549 2977 2618 πρὸς
3042 2547 3203 2599 τοῦτο
3270 2547 3403 2613 ἡμῖν
3472 2543 3858 2612 βοηθήσουσαν

679 2649 696 2681 ι
737 2630 1062 2700 θαρροῦμεν.
1131 2631 1212 2683 Τὰ
1271 2631 1327 2684 δὲ
1393 2631 1574 2695 λοιπὰ,
1647 2631 1715 2685 τὰ
1779 2632 1834 2685 ἐν
1893 2637 1956 2704 τῇ
2009 2637 2257 2707 ἡμετέρᾳ
2320 2641 2522 2709 συνόδῳ
2584 2640 2898 2708 πραχθέντα
2947 2641 3042 2694 καλΙ
3097 2637 3488 2707 βεϐαιωθέντα,
3532 2633 3720 2703 ἐπειδὴ
3801 2625 3855 2685 οἱ

677 2740 692 2769 ι
736 2721 1121 2790 προλεχθέντες
1174 2721 1393 2790 ἀδελφοὶ
1460 2724 1616 2790 ἡμῶν
1656 2724 1951 2787 Φαυστῖνος
2017 2728 2044 2778 ό
2112 2727 2532 2792 συνεπίσκοπος,
2592 2728 2861 2790 Φίλιππος
2931 2731 3026 2781 καὶ
3103 2725 3347 2788 Ἀσέλλος
3421 2727 3469 2777 ol
3542 2723 3854 2793 πρεσϐύτε-

681 2834 695 2860 ι
749 2830 853 2880 ροι,
939 2813 1061 2880 μεθ’
1126 2814 1338 2867 ἐαυτῶν
1393 2815 1767 2882 ἐπιφέρονται,
1844 2817 1940 2869 ἐὰν
2003 2817 2406 2888 καταξιώσητε,
2483 2822 2702 2887 γνωστὰ
2767 2824 3054 2888 ποιήσουσι
3111 2821 3175 2887 τῇ
3249 2816 3491 2886 ὑμετέρᾳ
3545 2813 3853 2886 ἁγιωσύνῃο

680 2925 696 2955 ι
747 2908 850 2957 Καὶ
921 2906 1267 2974 ὑπέγραψαν·
1328 2908 1356 2956 ό
1424 2907 1628 2975 Κύριος
1681 2907 1839 2975 ἡμῶν
1914 2909 2139 2976 φυλάεοι
2221 2929 2281 2964 σε
2353 2915 2486 2981 ἡμῖν
2576 2915 2669 2966 ἐπὶ
2776 2914 3064 2974 πλείστους
3135 2911 3399 2980 χρόνους,
3460 2908 3854 2978 μακαριώτατε

681 3021 698 3051 ι
742 3001 955 3069 ἀδελφέ.
1001 2999 1356 3068 Ὑπέγραψαν
1391 3001 1610 3068 ὁμοίως.
1642 3001 1912 3066 Ἀλόπιος,
1963 3003 2354 3071 Ἃὺγουστῖνος,
2399 3007 2724 3071 Ποσσείδιος,
2753 3007 3011 3075 Μαρῖνος,
3058 3004 3153 3056 καὶ
3193 3005 3241 3054 οἱ
3279 3003 3452 3054 λοιποὶ
3476 3002 3783 3054 ἐπίσκοποι.
3828 3020 3847 3051 ι

675 3099 865 3152 BALS‘.
913 3097 1049 3150 Cum
1107 3097 1356 3151 Zosimus
1406 3110 1542 3164 papa
1595 3094 1890 3161 Romanus,
1955 3099 2044 3165 qui
2093 3098 2157 3149 ad

2331 3099 2530 3153 ΒᾹΛΣ.
2561 3099 2810 3168 Ζωσίμου
2839 3096 2932 3150 τοῦ
2966 3100 3170 3151 πάππα
3202 3094 3442 3166 Ῥώμης,
3467 3095 3561 3147 τοῦ
3591 3093 3853 3146 ἀποστεί-

609 3198 917 3256 ,ιι-ιιεεεηιειιι
939 3185 1198 3254 synodum
1225 3185 1429 3253 legatos
1457 3185 1700 3248 miserat,
1725 3195 1870 3238 esset
1895 3196 2164 3250 mortuus,

608 3277 915 3331 Bonifacius
945 3275 1060 3343 ejus
1093 3275 1211 3328 loco
1253 3273 1579 3327 constitutus
1621 3283 1730 3336 est,
1770 3275 1834 3326 ad
1863 3289 2023 3342 quem
2078 3290 2166 3343 sy-

608 3371 775 3423 nodus
809 3367 1018 3428 scribit,
1053 3379 1172 3431 quze
1203 3365 1253 3416 in
1280 3363 1394 3430 ipsa
1428 3373 1575 3430 gesta
1623 3373 1749 3418 sunt
1803 3363 1854 3417 in
1909 3379 2169 3432 compen-

608 3461 750 3510 dium
790 3458 1056 3523 redigens.
1099 3452 1348 3506 Declarat
1381 3461 1558 3504 autem
1585 3461 1638 3504 et
1671 3467 1790 3519 qua:
1821 3452 1888 3505 de
1949 3453 2167 3520 Apiario

607 3549 916 3616 presbytero
958 3552 1077 3596 acta
1113 3541 1348 3604 fuerant,
1408 3548 1568 3608 atque
1592 3540 1754 3593 etiam
1793 3556 1884 3595 eos
1925 3553 2169 3596 servatu-

609 3652 696 3691 ros
749 3635 1141 3704 appellationes
1185 3647 1304 3700 quae
1363 3631 1687 3698 petebantur
1741 3631 1807 3684 ad
1869 3629 2166 3686 Romanam

611 3727 931 3790 Ecclesiam,
973 3725 1144 3778 donec
1179 3723 1320 3776 allati
1358 3721 1563 3776 fuerint
1593 3735 1853 3784 canones,
1898 3722 1989 3789 qui
2023 3738 2050 3776 a
2075 3721 2168 3777 Ni-

608 3830 753 3869 ca'na
780 3813 984 3883 synodo
1013 3810 1143 3866 editi
1176 3811 1344 3863 fuere.

736 3990 987 4046 ZONAR.
1020 3989 1120 4054 Qui
1155 3989 1321 4040 Roma
1359 3986 1508 4039 missi
1563 3986 1722 4054 legati
1747 3987 1812 4039 ad
1839 3987 1974 4039 hanc
1997 4003 2154 4056 syno-

614 4087 736 4138 dum
763 4095 1083 4144 convenere,
1116 4093 1342 4149 quorum
1373 4078 1688 4130 neminatim
1719 4077 1943 4146 epistola
1981 4080 2172 4133 menti-

615 4177 714 4237 nit,
740 4188 767 4224 a
793 4172 1005 4224 Zosimo
1031 4182 1164 4236 papa
1200 4165 1445 4219 Romano
1469 4167 1619 4218 missi
1657 4166 1898 4223 fuerant:
1933 4169 2022 4236 qui
2047 4181 2167 4221 cum

612 4267 815 4317 interea
845 4261 986 4314 diem
1013 4273 1168 4312 suum
1228 4255 1470 4319 obiisset,
1531 4256 1583 4307 in
1648 4255 1764 4322 ejus
1798 4257 1976 4310 locum
2006 4256 2168 4310 Boui-

611 4360 778 4411 ficius
831 4353 1087 4410 suffectus
1169 4359 1278 4404 est:
1337 4349 1403 4401 ad
1456 4362 1615 4414 quem
1675 4348 1912 4418 synodus
1958 4349 2166 4405 litteras

2269 3191 2461 3249 λαντος
2516 3190 2896 3258 τοποτηρητὰς
2968 3191 3048 3251 εἰς
3105 3187 3201 3257 τὴν
3270 3185 3550 3254 παροῦσαν
3603 3183 3850 3247 σύνοδον,

2271 3279 2716 3348 τελευτήσαντος,
2754 3279 2781 3328 ό
2816 3278 3132 3346 Βονιφάτιος
3178 3276 3317 3346 πρὸς
3354 3275 3443 3327 τὸν
3474 3274 3681 3326 ἐκείνου
3723 3271 3850 3342 θρό-

2268 3386 2358 3424 νον
2387 3370 2648 3436 κατέστη,
2687 3369 2820 3438 πρδς
2849 3369 2906 3422 δν
2931 3370 2964 3438 ἠ
2994 3369 3214 3432 σύνοδος
3243 3367 3467 3436 γράφει,
3498 3365 3850 3432 ἀναφέρουσα

2269 3458 2339 3512 τὰ
2364 3459 2422 3510 ἐν
2451 3460 2588 3528 αὐτῇ
2622 3459 2932 3528 πραχθέντα
2977 3460 3098 3511 κατ’
3127 3457 3423 3524 ἐπιτομήν.
3457 3453 3766 3522 Παραδη).οῐ
3789 3454 3847 3504 δὲ

2270 3546 2364 3598 καὶ
2394 3547 2463 3597 τὰ
2491 3547 2620 3616 περὶ
2650 3546 2746 3597 τοῦ
2781 3547 3067 3617 ’Λπιαρίου
3111 3545 3207 3597 τοῦ
3259 3543 3652 3614 πρεσόυτέρου·
3705 3543 3849 3595 ἀλλὰ

2273 3635 2380 3705 μὴν
2436 3637 2529 3688 καὶ
2579 3635 2641 3687 τὸ
2695 3635 2926 3704 φυλάξαι
2988 3635 3084 3697 τὰς
3137 3634 3273 3704 πρδς
3343 3633 3680 3701 Ἐκκλησίαν
3733 3632 3840 3699 τῆς

2284 3725 2500 3792 Ῥώμης
2557 3725 2895 3795 ζητουμένας
2942 3725 3265 3795 ἐκκλήτους,
3301 3726 3494 3793 μέχρις
3539 3722 3606 3775 ἂν
3642 3739 3848 3787 reporto-

2275 3817 2540 3887 μισθῶσιν
2568 3818 2616 3868 οι
2646 3818 2795 3886 παρὰ
2827 3816 2927 3884 τῆς
2957 3816 3014 3869 ἐν
3041 3816 3244 3886 Νικαίᾳ
3280 3815 3499 3868 συνόδου
3523 3813 3843 3876 ἐκτιθέντες

2271 3912 2517 3970 κανόνες.

2341 3999 2578 4052 ΖΩΝΑΡ.
2613 4001 2676 4052 Ol
2709 3999 2992 4060 σταλέντες
3031 4000 3094 4051 ἐκ
3140 3996 3363 4066 Ῥώμης
3414 3995 3548 4066 πρὸς
3590 3994 3688 4064 τὴν
3741 3996 3844 4049 σύ-

2271 4089 2416 4141 νοδον
2449 4089 2649 4159 ταύτην
2670 4089 3063 4157 τοποτηρηταὶ,
3087 4083 3161 4140 ὧν
3196 4088 3334 4158 πρὸς
3363 4087 3536 4156 ὄνομα
3563 4089 3844 4156 μέμνηται

2273 4179 2305 4244 ἡ
2338 4177 2619 4249 ἐπιστολὴ,
2658 4178 2809 4246 παρὰ
2843 4179 3094 4246 Ζωσίμου
3123 4177 3218 4229 τοῦ
3251 4177 3450 4229 πάππα
3488 4175 3584 4244 τῆς
3618 4175 3843 4244 Ῥώμης

2272 4267 2592 4336 ἐστάλησαν·
2619 4266 2826 4319 ἐκείνου
2859 4267 2916 4318 δὲ
2950 4269 3011 4318 ἐν
3055 4267 3133 4335 τῷ
3189 4269 3339 4336 μέσῳ
3388 4267 3841 4333 τελευτήσαντος,

2272 4357 2299 4406 ὁ
2325 4355 2640 4421 Βονιφάτιος
2677 4356 2756 4415 είς
2786 4354 2875 4406 τὸν
2927 4353 3135 4406 ἐκείνου
3196 4352 3386 4422 θρόνον
3445 4353 3838 4421 ἀντικατέστη,

611 4447 793 4509 mittit,
822 4456 1045 4513 quaeque
1067 4451 1184 4494 acta
1209 4439 1532 4504 decretaque
1581 4436 1809 4503 fuerant,
1859 4441 2010 4492 brevi
2045 4455 2164 4494 ser-

2296 4441 2409 4510 τρὶς
2445 4442 2504 4492 δν
2533 4444 2566 4510 ἡ
2603 4440 2818 4503 σύνοδος
2870 4439 3100 4506 γράφει,
3147 4438 3491 4509 ἀναφέρουσα
3516 4439 3586 4491 τὰ
3614 4440 3669 4489 ἐν
3697 4440 3839 4508 αὑτῇ

612 4536 787 4590 monis
816 4532 1134 4601 compendio
1157 4539 1212 4584 et
1241 4520 1476 4592 concise,
1526 4541 1650 4590 non,
1711 4529 2163 4594 quemadmodum

611 4637 758 4697 gesta
783 4627 1015 4684 fuerant,
1043 4623 1197 4688 longo
1219 4618 1481 4672 orationis
1511 4619 1713 4672 ambitu
1763 4635 1825 4676 ac
1875 4622 2162 4674 verborum

613 4715 904 4772 involucris
933 4712 1355 4778 circuitioneque
1382 4709 1566 4764 refert.
1603 4709 1860 4764 Nuntiare
1898 4725 2056 4778 porro
2107 4725 2164 4764 se

613 4826 728 4876 opm
756 4807 1032 4873 utriusque
1062 4802 1230 4871 partis
1263 4817 1527 4856 consensu
1562 4809 1761 4856 statuta
1821 4801 2034 4856 fuerant
2077 4818 2167 4871 sy-

613 4901 780 4953 nodus
803 4897 1019 4951 asserit.
1073 4893 1308 4960 Uterque
1340 4902 1516 4945 autem
1553 4892 1616 4943 de
1670 4893 1875 4948 duobus
1907 4892 2164 4960 intelligi-

613 5002 723 5042 tur.
761 4987 1015 5049 Proinde,
1039 4994 1090 5038 et
1114 4985 1201 5052 qui
1237 4984 1442 5053 synodo
1473 4983 1693 5035 aderant
1725 4984 1775 5036 in
1811 4985 1942 5037 duas
1978 4994 2161 5051 partes

613 5079 811 5133 divisus
835 5078 997 5131 fuisse
1017 5076 1252 5130 indicant
1276 5091 1290 5139 ;
1316 5074 1536 5127 alteram
1564 5072 1800 5139 quidem,
1832 5088 1949 5141 quae
1977 5075 2170 5128 Africae

614 5171 928 5238 i-piscouos;
963 5168 1182 5221 alteram
1212 5181 1360 5228 vero.
1401 5179 1519 5234 qtne
1551 5163 1719 5218 Roma
1777 5165 1973 5219 missos
2030 5167 2169 5236 lega-

614 5276 694 5316 tos
723 5261 1167 5327 complecteretur
1204 5276 1215 5309 :
1267 5255 1394 5322 Quae
1438 5256 1616 5326 igitur,
1658 5256 1925 5324 inquiunt,
1976 5259 2165 5311 utrius-

615 5369 715 5420 que
745 5353 916 5422 partis
948 5349 1175 5403 consilio
1208 5347 1426 5401 decreta
1462 5357 1609 5412 sunt,
1641 5361 1702 5399 ea
1739 5348 1820 5400 bis
1852 5346 1944 5400 tibi
1974 5349 2165 5403 litteris

616 5445 968 5497 declaramus.
1006 5438 1255 5507 Apiarius
1285 5437 1354 5491 ob
1388 5436 1628 5505 quaedam
1670 5436 1894 5488 crimina
1929 5437 1996 5488 ab
2047 5437 2162 5504 epi-

619 5534 785 5596 st‘OplS
827 5531 1021 5585 Africae
1071 5538 1400 5596 segregatus,
1464 5524 1686 5580 Romam
1735 5525 2006 5594 profectus
2057 5536 2159 5582 est.

617 5625 670 5676 lu
702 5621 936 5674 Africam
968 5634 1129 5689 porro
1191 5619 1448 5672 remissus
1495 5631 1524 5669 a
1576 5615 1736 5685 673
1774 5630 1928 5684 papa,
2010 5631 2070 5669 ea
2109 5619 2160 5670 in

617 5714 807 5775 auibus
836 5712 1179 5769 aberraverat
1209 5708 1512 5767 confitetur.
1543 5707 1794 5773 Quasdam
1825 5709 1968 5764 enim
2009 5707 2159 5764 illum

2274 4531 2602 4600 πραχθέντα,
2637 4532 2732 4582 καὶ
2768 4530 3216 4599 οίκονομηθέντα,
3263 4530 3531 4598 ἀναφέρει
3574 4528 3629 4580 δὲ
3659 4528 3839 4580 ταῦτα

2271 4620 2357 4673 διὰ
2425 4621 2671 4690 βραχέων
2713 4621 2831 4673 ἀντὶ
2867 4621 2958 4672 τοῦ
3014 4624 3312 4689 συντόμως,
3347 4620 3440 4672 καὶ
3470 4622 3527 4671 ἐν
3570 4620 3835 4689 ἐπιτομῇ,

2271 4709 2330 4759 οὐ
2375 4708 2480 4777 μὴν
2503 4709 2577 4772 ώς
2622 4709 2975 4778 ἐπράχθησαν
3030 4709 3120 4760 διὰ
3157 4710 3537 4778 μακρηγορίας
3564 4710 3656 4760 καὶ
3711 4710 3838 4760 ἐπι-

2267 4801 2578 4868 τεταμένων
2627 4799 2998 4866 κυλισμάτων,
3056 4799 3222 4867 ῆγουν
3281 4796 3508 4868 μακρῶν
3569 4797 3837 4865 περιόδων

2271 4891 2362 4942 καὶ
2413 4890 2647 4959 στροφῆς
2703 4889 2894 4954 λόγων.
2972 4887 3292 4956 Ἀναφέρειν
3353 4887 3408 4940 δέ
3449 4888 3596 4954 λέγει
3643 4888 3709 4939 τὰ
3762 4891 3833 4957 τῇ

2272 4985 2548 5050 ἑκατέρων
2603 4981 2824 5050 ὁμονοίᾳ
2881 4979 3286 5048 περατωθέντα.
3340 4979 3412 5030 Τὸ
3464 4977 3519 5030 δὲ
3552 4978 3834 5048 ἑκατέρων

2272 5071 2363 5124 ἐπὶ
2390 5072 2482 5124 δύο
2516 5074 2736 5124 νοεῖται.
2774 5071 2865 5133 Εἰς
2905 5069 2999 5123 δύο
3036 5069 3128 5122 οὖν
3168 5070 3359 5139 μοίρας
3389 5068 3482 5120 καὶ
3531 5062 3674 5122 οὗτοι
3704 5068 3832 5130 τοὺς

2272 5165 2368 5231 τῆς
2399 5163 2609 5214 συνόδου
2636 5162 2846 5214 διεῖλον
2879 5161 3010 5230 μίαν
3043 5161 3140 5229 μὲν
3174 5161 3272 5227 τὴν
3325 5161 3434 5212 τῶν
3461 5158 3522 5223 ἐξ
3556 5159 3826 5228 Ἀφρικῆς

2271 5254 2599 5314 ἐπισκόπων,
2619 5253 2808 5320 ἑτέραν
2829 5253 2888 5311 δέ
2921 5253 3020 5322 τὴν
3046 5252 3152 5304 τῶν
3181 5253 3245 5304 ἐκ
3279 5250 3496 5320 Ῥώμης
3527 5250 3831 5302 σταλέντων

2269 5343 2672 5413 τοποτηρητῶν.
2726 5343 2794 5395 Ἀ
2826 5341 2977 5410 γοῦν,
3031 5341 3190 5410 φησὶ,
3218 5339 3351 5410 παρ’
3389 5341 3666 5410 ἑκατέρων
3716 5340 3830 5392 τῶν

2280 5436 2459 5504 μερῶν
2507 5434 2840 5504 ᾠκονόμητο,
2909 5431 3116 5501 φανερά
3172 5448 3253 5482 σοι
3315 5429 3693 5500 παριστῶμεν.
3764 5429 3825 5483 Ὁ

2285 5527 2559 5593 ’Δπιάριος
2591 5525 2678 5578 διά
2707 5541 2828 5576 τινα
2861 5524 3157 5592 αἰτιάματα
3178 5521 3494 5591 άφορισθεὶς
3523 5521 3673 5590 παρὰ
3713 5521 3824 5574 τῶν

2267 5619 2324 5669 ἐν
2347 5616 2577 5684 ’Δφρικῇ
2609 5613 2944 5677 ἐπισκόπων,
2993 5611 3236 5681 ἀπῆλθεν
3269 5613 3349 5672 εις
3385 5600 3624 5678 Ἰῖώμην.
3664 5609 3823 5660 ’Δνα-
3861 5638 3866 5640 -

2268 5707 2534 5771 *πεμφθεὶς
2559 5705 2613 5759 δέ
2645 5705 2792 5770 παρὰ
2820 5702 2914 5757 τοῦ
2947 5702 3146 5756 πάππα
3193 5702 3270 5764 εἰς
3298 5700 3583 5765 ’Δφρικὴν,
3617 5699 3827 5765 ὡμολό-
