4002 6314
258 339 371 400 437

1247 334 1330 396 ΙΝ
1365 335 1532 400 CAN.
1571 333 1827 396 CXXXV
1857 330 2065 394 CONC.
2095 331 2476 395 CARTHAG.

3421 333 3527 397 £33

261 464 404 516 γηστ
434 447 504 501 τὰ
528 449 659 518 περὶ
684 440 759 501 ὧν
784 446 1088 517 ἐπλανήθη.
1138 448 1328 502 Ἔοικα
1363 449 1470 520 γὰρ
1507 449 1688 516 λέγειν
1722 450 1847 502 τινὰ

1959 455 2143 501 contra
2171 446 2584 504 ecclesiasticos
2621 449 2839 504 ordines
2871 447 3116 503 locutum
3164 446 3332 502 fuisse
3361 461 3526 515 appa-

260 542 419 611 παρὰ
447 542 577 603 τοὺς
641 541 740 610 τῆς
805 539 1138 612 Ἐκκλησίας
1190 541 1446 610 θεσμούς.
1511 541 1696 601 Ταῦτα
1752 539 1847 597 οὖν

259 632 626 701 ὁμολογήσας.
673 633 1004 703 συγγνώμης
1041 633 1260 702 ἠξίωτο,
1299 637 1409 687 καΥ
1427 629 1609 704 μένειν
1635 636 1734 704 μὲν
1756 636 1848 688 ἐπὶ

261 724 364 791 τῆς
394 725 603 785 οἰκείας
635 722 791 792 είάθη
821 724 1009 793 τιμῆς.
1050 725 1111 776 οὐ
1140 725 1325 793 μέντοι
1359 727 1453 778 καὶ
1475 726 1534 778 ἐν
1563 727 1628 796 τῇ
1653 726 1849 796 ἐκκλης

265 816 362 883 σία
384 809 546 879 εἶναι,
606 807 722 885 ἐνῇ
756 817 850 866 καὶ
901 815 1167 885 πρότερον
1220 811 1312 884 ἦν,
1340 815 1476 870 ἀλλὰ
1505 819 1585 878 εις
1628 817 1844 886 ἐτέραν,

262 905 389 956 ὅποι
417 904 658 972 βούλοιτο
687 945 701 969 ,
734 906 1012 959 ἀπελθεῖν.
1037 907 1146 959 Καὶ
1171 908 1301 974 περὶ
1328 909 1517 962 τούτου
1544 908 1622 978 τῷ
1647 910 1850 980 πάππα

264 999 300 1064 ἠ
337 996 553 1060 σύνοδος
589 997 850 1067 ἔγραψενο
878 1000 1081 1070 ὁμοίως
1113 1002 1206 1053 καὶ
1241 1001 1366 1068 περὶ
1405 1000 1516 1053 τῶν
1569 1002 1849 1055 ἐνταλθένο

263 1106 376 1140 τον
444 1090 555 1150 τοῖς
613 1091 676 1142 ἐκ
737 1090 957 1159 Ῥώμης
1013 1092 1254 1143 σταλεῖσι
1315 1095 1740 1161 τοποτηρηταῐς,
1782 1091 1849 1155 ἃς

264 1183 361 1232 καὶ
414 1181 790 1251 άπαριθμοῦσι
840 1185 935 1236 καὶ
990 1183 1289 1254 ὑπέσχοντο
1342 1184 1578 1252 φυλάξαι
1633 1186 1693 1237 τὺ
1749 1187 1849 1248 τὰς

263 1273 565 1343 ἐκκλήτους
593 1275 732 1343 πρὸς
787 1277 953 1330 αὐτὸν
1007 1277 1397 1348 ἀναφέρεσθαι,
1462 1279 1658 1349 μέχρις
1703 1279 1769 1332 ἂν
1797 1281 1849 1332 οι

264 1368 419 1434 παρὰ
455 1368 556 1436 τῆς
586 1372 643 1422 ἐν
676 1369 882 1441 Νικαίᾳ
907 1371 1134 1443 πρώτης
1167 1373 1387 1426 συνόδου
1407 1374 1850 1443 προκομισθῶσιν

265 1457 452 1518 αὐτοῖς
482 1457 730 1523 κανόνες,
767 1459 855 1512 ἵνα
881 1461 928 1511 εί
971 1460 1202 1523 ἐκείνοις
1232 1463 1344 1524 τοῖς
1379 1463 1624 1533 Πατράσι
1675 1463 1848 1517 ταῦτα

265 1546 464 1611 ἔδοξεν,
516 1548 660 1600 οὕτω
752 1549 992 1618 γίνηται.
1064 1550 1335 1617 Ἥξίωσαν
1389 1552 1445 1605 δὲ
1496 1553 1705 1623 γράψαι
1752 1553 1849 1607 καὶ

266 1636 406 1702 πρὸς
437 1637 529 1688 τὸν
598 1637 954 1707 Ἀντιοχείας,
997 1641 1088 1694 καὶ
1117 1641 1526 1713 ’Δλεξανδρείας
1575 1645 1668 1697 καὶ
1695 1647 1847 1698 Κων-

267 1727 780 1791 σταντινουπόλεως,
830 1731 1036 1783 στεῖλαι
1087 1734 1418 1797 αὐτοῖςτοὺς
1471 1737 1700 1797 κανόνας
1731 1741 1829 1805 τῆς

267 1822 325 1871 ἐν
354 1820 560 1889 Νικαίᾳ
591 1821 848 1881 συνόδου.
909 1824 995 1876 ἵνα
1067 1825 1582 1897 πληροφορηθῶσιν,
1637 1831 1685 1882 εί
1735 1833 1847 1894 τοῖς

267 1909 554 1978 Πατράσιν
583 1910 813 1971 ἐκείνοις
847 1912 1238 1966 κεκανόνισται
1269 1915 1329 1966 τὸ
1360 1917 1730 1987 ἀναφέρεσθαι
1753 1920 1850 1982 τὰς

266 1997 566 2067 ἐκκλήτους
594 1999 702 2051 τῶν
729 1999 1048 2053 ἐπισκόπων
1070 2004 1205 2072 πρὸς
1228 2004 1321 2057 τὸν
1368 2004 1589 2076 Ῥώμης
1624 2009 1852 2063 ἐπίσκο-

266 2106 386 2144 πον.
427 2091 617 2160 Ἡμεῖς
648 2091 779 2161 γὰρ,
812 2093 966 2160 φασὶ,
993 2094 1252 2159 πλείστας
1282 2098 1605 2164 ἀναγνόντες
1640 2099 1852 2169 βίϐλους

271 2182 622 2250 Ῥωμαϊκὰς,
677 2185 958 2247 τοιούτους
1003 2187 1232 2251 κανόνας
1257 2190 1354 2260 οὐχ
1382 2191 1647 2260 εὗρομεν·
1683 2196 1861 2264 Γραι-,

267 2274 362 2326 sint
393 2274 452 2326 δὲ
503 2273 731 2344 β;ϐλίον,
799 2276 973 2346 ἠγουν
1033 2278 1360 2354 Ἑλληνικῆς
1416 2283 1719 2354 διαλέκτου,
1749 2289 1848 2357 οὐχ

267 2362 532 2433 εὕρομεν.

335 2456 556 2510 ΔΡΙΣΤ.
600 2477 620 2510 ι
662 2457 942 2529 Οὐρϐανὸς
976 2461 1274 2526 ἐπίσκοπος
1318 2467 1543 2538 Σίκκης,
1592 2472 1640 2522 εί
1679 2471 1753 2540 μὴ
1781 2473 1850 2526 τὰ

347 2565 366 2598 t
419 2548 703 2615 ὀφείλοντα
754 2549 1153 2626 διορθωθῆναιἒ
1175 2556 1554 2628 διορθώσεται,
1577 2561 1608 2632 ἢ
1633 2565 1851 2619 ἀποκοι-

343 2657 362 2690 ‹
400 2640 666 2708 νωνητέος
695 2639 868 2702 ἔσται,
899 2641 932 2710 ἢ
969 2643 1028 2694 ἐν
1068 2633 1260 2717 Ῥώμῃ
1291 2649 1542 2719 κλητέος.
1575 2673 1594 2705 ι

340 2729 455 2799 Πρὸ
481 2730 576 2782 τοῦ
637 2732 704 2784 τὰ
734 2733 1048 2803 ἀντίγραφα
1101 2741 1198 2807 τῆς
1246 2741 1303 2792 ἐν
1360 2742 1560 2816 Νικαίᾳ
1629 2749 1849 2804 συνόδου

272 2821 427 2890 παρά
479 2836 539 2872 τε
587 2821 683 2874 τοῦ
711 2823 869 2890 ἁγίου
911 2827 1181 2896 Κυρίλλου
1229 2831 1326 2884 τοῦ
1358 2835 1657 2890 ἐπισκόπου
1701 2840 1856 2894 Ἀλε-

1957 548 2080 604 ret;
2142 553 2261 605 qua:
2317 539 2532 604 culpam
2606 553 2759 593 suam
2822 538 3138 608 agnoscenti
3191 537 3528 604 neniamque

1954 628 2248 698 postulanti
2280 630 2584 685 condonata
2616 639 2766 696 sunt,
2814 641 2978 699 utque
3031 627 3348 695 dignitatem
3393 626 3529 679 reti-

1956 729 2130 784 neret,
2158 721 2460 777 indultum:
2490 737 2594 776 non
2637 723 2710 777 ita
2765 731 2944 775 tamen
3007 729 3064 773 ut
3091 719 3388 773 Ecclesiatu
3445 727 3525 770 te-

1955 821 2133 880 neret,
2171 816 2224 868 in
2250 824 2544 886 qua-antea
2571 815 2768 880 fuerat,
2813 816 2906 870 sed
2941 816 2992 868 in
3044 814 3200 867 aliam
3227 828 3526 881 quamcun-

1955 923 2061 978 que
2086 909 2370 971 voluisset,
2408 909 2602 962 abiret.
2636 908 2715 962 Ac
2739 907 2806 962 de
2832 923 2897 962 eo
2930 908 3166 978 synodus
3190 919 3341 974 papae
3391 904 3530 958 scri-

1957 999 2109 1068 psit:
2151 998 2404 1052 similiter
2427 1007 2478 1052 et
2503 999 2569 1052 de
2607 999 2692 1060 iis,
2719 1013 2838 1065 quae
2874 996 3035 1066 legati
3071 995 3236 1048 Roma
3276 993 3424 1048 missi
3473 993 3528 1046 in

1958 1089 2229 1142 mandatis
2259 1087 2549 1151 habebant,
2591 1102 2711 1155 qua:
2741 1087 2904 1141 etiam
2942 1085 3153 1154 singula
3185 1093 3528 1152 percensent,

1955 1188 2013 1232 et
2042 1189 2350 1234 servaturos
2374 1193 2431 1234 se
2463 1179 2808 1246 pollicentur,
2843 1177 2971 1230 illud
3003 1177 3209 1230 scilicet
3241 1186 3299 1228 ut
3342 1175 3530 1242 appel-

1955 1269 2187 1322 lationes
2221 1270 2284 1322 ad
2311 1284 2431 1323 eum
2470 1269 2623 1331 fiant,
2675 1269 2848 1322 donec
2897 1270 2963 1321 ad
3017 1268 3164 1335 ipsos
3221 1267 3406 1336 prima:
3436 1263 3531 1318 Ni-

1955 1374 2118 1414 cena:
2143 1361 2331 1431 synodi
2356 1375 2596 1415 canones
2619 1360 2936 1424 aﬂ'erantur,
2991 1368 3048 1412 ut
3109 1358 3232 1412 huic
3293 1369 3532 1410 consue-

1957 1451 2151 1515 tudini,
2183 1453 2228 1504 sl
2265 1449 2452 1504 Patres
2503 1451 2575 1504 illi
2643 1451 2712 1503 ita
2773 1449 3106 1512 censuerint,
3155 1447 3530 1516 acquiescant.

1956 1539 2058 1594 Per
2081 1541 2292 1594 litteras
2324 1555 2540 1608 quoque
2575 1555 2696 1594 cum
2729 1531 3068 1592 Antiocheno
3089 1577 3103 1600 ,
3137 1535 3528 1597 Alexandrino,

1954 1629 2667 1697 Constantinopolitanoque
2708 1628 2983 1695 episcopo,
3021 1629 3086 1679 de
3134 1623 3416 1678 mittendis
3459 1624 3531 1674 ad

1956 1720 2101 1789 ipsos
2130 1719 2360 1775 Nicena:
2383 1719 2572 1791 synodi
2606 1718 2908 1773 canonibus
2931 1718 3013 1786 agi
3050 1716 3411 1785 postulavere,
3445 1723 3526 1777 ut,

1879 1791 1922 1846 Β
1953 1829 2019 1869 an
2045 1814 2186 1869 inter
2215 1814 2362 1868 illius
2400 1809 2612 1866 concilii
2655 1812 2871 1864 decreta
2905 1811 3005 1864 hoc
3029 1823 3246 1878 quoque
3283 1813 3349 1860 de
3404 1821 3534 1876 pro-

1950 1907 2326 1962 vocationibus
2353 1905 2422 1959 ad
2455 1905 2760 1958 Romanum
2789 1905 3103 1970 episcopum
3138 1897 3525 1962 concedeudis,

1951 2007 2152 2060 exstet,
2185 2004 2334 2051 certo
2392 2003 2598 2064 queant
2652 2007 3004 2063 cognoscere.
3075 1991 3183 2044 Nos
3226 1989 3393 2050 enim,
3449 1989 3530 2041 in-

1951 2091 2164 2159 quiunt,
2201 2089 2254 2142 in
2288 2086 2496 2142 Latinis
2547 2086 2727 2148 libris,
2764 2100 2995 2154 quorum
3033 2084 3218 2152 plures
3273 2081 3530 2150 legimus,

1952 2195 2216 2236 canonem
2261 2180 2408 2234 hnnc
2473 2193 2813 2248 nequaquam
2854 2177 3130 2230 .invenire
3205 2173 3529 2242 potuimus:

1951 2272 2196 2327 Graicum
2262 2279 2442 2326 autem
2497 2268 2793 2338 exemplar,
2854 2270 2953 2322 hoc
2989 2277 3093 2332 est,
3147 2267 3337 2323 Graeco
3393 2269 3531 2323 idio-

1953 2373 2096 2418 male
2123 2373 2426 2427 exaratum,
2471 2362 2675 2415 nullum
2737 2361 3023 2416 habemus.

1952 2454 2182 2512 ARIST.
2214 2474 2232 2507 ‹
2260 2455 2510 2511 Urbanus
2562 2455 2847 2523 episcopus
2881 2455 3073 2518 Siccae,
3104 2455 3203 2508 nisi
3237 2467 3354 2522 quae
3397 2466 3425 2505 a
3456 2465 3523 2506 se

2027 2568 2045 2600 ι
2085 2549 2398 2617 corrigenda
2451 2555 2600 2610 sunt,
2642 2548 2964 2601 correxerit.
3022 2545 3104 2598 vel
3155 2544 3528 2598 excommuni-

2029 2660 2048 2693 ι
2085 2641 2291 2696 candus
2318 2649 2422 2702 est,
2453 2639 2535 2694 vel
2571 2637 2756 2691 Romae
2787 2637 3090 2690 citandus.»

2023 2733 2327 2796 Antequam
2385 2730 2500 2784 haec
2559 2727 3006 2797 Carthaginensis
3061 2729 3301 2798 synodus
3368 2727 3538 2780 ﬁrma»

1953 2821 2400 2894 synodiNicsena:
2432 2820 2763 2888 exemplaria
2797 2835 2826 2872 a
2900 2829 3091 2874 sancto
3141 2819 3345 2890 Cyrillo
3411 2819 3544 2888 epi-

269 2912 552 2982 ξανδρείας
609 2913 702 2966 καὶ
747 2915 842 2967 τοῦ
886 2916 1134 2970 Ἀττικοῦ
1188 2920 1282 2974 τοῦ
1334 2925 1851 2985 Κωνσταντινουπό-

1959 2911 2502 2981 scopoAlexandrino
2530 2907 2783 2965 etAttico
2833 2910 3092 2979 episcopo
3137 2909 3526 2963 Constantino-

269 3002 410 3063 λεως
445 3004 749 3058 ἐπισκόπου
770 3006 1032 3070 δέξασθαι
1066 3009 1260 3078 βέϐαια
1287 3015 1387 3083 τὴν
1438 3017 1498 3068 ἐν
1519 3019 1848 3092 Καρθαγένῃ

1959 3004 2191 3073 politano
2229 3005 2546 3073 accepisset,
2602 3019 2866 3058 canonem
2920 3005 3111 3074 synodi
3159 3003 3537 3067 Sardicensis,

269 3093 490 3147 σύνοδον
540 3095 768 3166 ταύτην,
798 3097 893 3151 τὸν
950 3100 1051 3171 τῆς
1090 3103 1150 3156 ἐν
1211 3104 1449 3176 Σαρδικῇ
1490 3109 1710 3164 συνόδου
1742 3130 1848 3166 κα-

1959 3100 2020 3154 de
2044 3099 2424 3169 episcoporum
2462 3099 2527 3152 ad
2586 3097 2846 3153 Romanae
2891 3099 3148 3154 Ecclesiae
3206 3098 3522 3167 episcopum

272 3187 416 3249 νόνα,
453 3189 584 3256 περὶ
613 3189 723 3242 τῶν
752 3191 1036 3262 ἐκκλήτων
1081 3195 1194 3247 τῶν
1240 3197 1561 3253 ἐπισκόπων
1591 3203 1727 3271 πρὸς
1757 3205 1851 3258 τὸν

275 3277 370 3344 τῆς
405 3279 725 3348 Ῥωμαῖκῆς
781 3281 1115 3350 Ἐκκλησίας
1174 3284 1498 3352 ἐπίσκοπον,
1522 3287 1598 3351 ώς
1649 3292 1850 3347 κανόνα

271 3368 373 3436 τῆς
405 3371 462 3420 ἐν
501 3370 705 3440 Νικαίᾳ
731 3373 954 3427 συνόδου
991 3375 1258 3446 ἐδέχοντο.
1315 3379 1424 3432 Καὶ
1453 3381 1540 3434 διὰ
1571 3381 1729 3436 τοῦτο
1757 3387 1852 3440 καὶ

271 3461 366 3513 τὸν
396 3463 700 3516 ἐπίσκοπον
731 3465 938 3537 Σίκκης
972 3468 1063 3538 τὸν
1107 3470 1390 3542 Οὐρϐανὸν
1419 3472 1649 3543 ὥρισαν.
1686 3477 1738 3528 ἐι
1774 3478 1874 3547 μὴ’

270 3553 624 3622 διορθώσεται
659 3557 728 3611 τὰ
755 3557 1045 3626 ὀφείλοντα
1098 3564 1229 3632 παρ’
1255 3563 1422 3618 αὐτοῦ
1464 3565 1846 3637 διορθωθῆναι,

270 3645 304 3715 ἢ
353 3647 741 3715 ἀφωρισμένον
795 3646 957 3704 εἶναι·
1005 3652 1037 3722 ἢ
1100 3655 1148 3706 ει
1203 3655 1502 3723 ἁμφιϐάλει
1571 3662 1698 3728 περὶ
1755 3661 1848 3714 τοῦ

271 3736 610 3805 ἀφορισμοῦ,
668 3739 1073 3811 μετακληθῆναι
1106 3744 1186 3804 εις
1228 3741 1470 3814 Ῥώμην,
1496 3747 1592 3799 καὶ
1623 3747 1692 3802 τὰ
1724 3752 1849 3822 περὶ

270 3825 463 3879 τούτου
504 3829 655 3898 παρὰ
685 3828 777 3882 τοῦ
802 3829 1005 3885 πάππα
1034 3830 1416 3905 ἐξετασθῆναι.

349 3936 369 3968 σ
416 3919 684 3987 ’Δρχεται
716 3920 786 3972 τὰ
815 3920 953 3988 πρὸς
981 3920 1081 3990 τὴν
1106 3924 1164 3976 ἐν
1188 3921 1420 3997 Ἀφρικῇ
1455 3929 1671 3985 σύνοδον
1701 3933 1851 3986 ἀντί-

277 4026 297 4059 s
343 4026 534 4078 γραφα
562 4009 834 4078 Κυρίλλου
870 4010 966 4064 τοῦ
987 4011 1086 4081 τῆς
1108 4011 1507 4086 ’Δλεξανδρέων
1529 4023 1848 4077 ἐπισκόπου·

276 4117 297 4149 ι
344 4103 402 4151 ἐν
444 4094 530 4163 οἷς
583 4102 650 4154 τὰ
679 4101 971 4156 αὐθεντικὰ
1008 4104 1106 4171 τῆς
1159 4107 1216 4158 ἐν
1248 4106 1446 4180 Νικαίᾳ
1494 4112 1714 4166 συνόδου
1741 4115 1851 4170 ἀπὸ

276 4210 296 4241 s
337 4190 592 4259 Γραικῶν
623 4190 1033 4261 μεταϐληθέντα
1058 4193 1146 4246 διὰ
1182 4195 1528 4252 Ἰννοκεντίου
1552 4203 1853 4270 πρεσϐυτὲ-

277 4301 297 4331 ι
345 4299 442 4352 ρου
473 4283 786 4336 ἐπέστειλεν
811 4282 1049 4348 καὶτοὺς
1069 4287 1319 4353 κανόνας,
1348 4290 1549 4356 αἵτινες
1572 4293 1851 4349 ἐπιστολαὶ

277 4390 299 4423 ε
342 4371 483 4440 μετὰ
511 4370 610 4441 τῆς
634 4373 690 4424 ἐν
711 4371 914 4444 Νικαίᾳ
949 4375 1192 4442 συνόδου,
1216 4377 1304 4431 διὰ
1326 4379 1421 4433 τοῦ
1447 4386 1851 4451 μνημονευθένο

276 4482 296 4513 ι
343 4479 438 4524 τος
510 4462 861 4516 Ίννοκεντίου
923 4467 1300 4539 πρεσϐυτέρου
1358 4444 1459 4526 καί
1515 4444 1844 4545 ήαρκέλλου
1883 4444 1930 4502 D

276 4571 297 4605 ι
345 4553 703 4608 ὑποδιακόνου
765 4558 864 4624 τῆς
908 4558 968 4609 ἐν
1023 4559 1329 4629 Καρχηδόνι
1392 4565 1710 4636 ἐκκλησίας,
1770 4569 1850 4642 τῷ

276 4665 296 4696 ‹
345 4645 640 4715 ἁγιωτάτῳ
697 4647 1001 4718 Βονιφατίῳ
1040 4650 1328 4724 ἐπισκόπῳ
1364 4653 1492 4724 τῆς.
1535 4656 1850 4731 Ῥωμαῖκῆς

278 4753 299 4786 ι
361 4735 696 4805 Ἐκκλησίας
754 4739 821 4806 τῇ
886 4738 995 4808 πρὸ
1065 4738 1125 4805 ἐξ
1170 4743 1452 4797 καλανδῶν
1491 4746 1848 4820 Δεκεμϐρίων

274 4845 295 4877 s
343 4826 762 4893 ἀπεστάλησαν.
813 4845 833 4878 ι

343 4934 364 4967 ι
412 4915 682 4984 Κύριλλος
737 4917 948 4986 κυρίοις
997 4920 1352 4989 τιμιωτάτοις
1402 4925 1496 4979 καὶ
1525 4928 1852 4994 ἁγιωτάτοις

272 5025 295 5060 ε
342 5007 596 5074 ἀδελφοῖς
623 5010 717 5060 καὶ
754 5011 1200 5078 συνεπισκόποις,
1224 5014 1502 5088 Αὐρηλίῳ,
1527 5017 1848 5091 Βαλεντίνῳ,

281 5119 299 5150 ι
343 5098 443 5151 καὶ
475 5098 623 5172 πάσῃ
666 5102 733 5169 τῇ
766 5101 823 5152 ἐν
862 5102 1171 5173 Καρχηδόνι
1197 5108 1647 5182 συναθροισθείσῃ
1681 5112 1852 5180 ἁγιω-

281 5207 299 5240 t
347 5190 490 5260 τάτῃ
522 5189 744 5258 συνόδῳ.
779 5189 1166 5263 Ἀσπαζόμεθα
1210 5197 1269 5250 ἐν
1311 5199 1503 5270 Κυρίῳ
1533 5199 1631 5270 τὴν
1655 5201 1852 5271 ὑμετέ-

282 5296 302 5329 t
353 5293 453 5347 ραν
504 5279 746 5346 ἀγάπην.
798 5280 882 5333 Τὰ
919 5283 1207 5352 γραφέντα
1240 5287 1388 5357 παρὰ
1438 5289 1541 5358 τῆς
1579 5291 1853 5362 ὑμετέρας

280 5389 299 5421 t
347 5369 682 5439 τιμιότητος,
713 5372 919 5442 πολλὴν
942 5373 1134 5444 ἔχοντα
1162 5378 1481 5449 θρησκείαν,
1519 5383 1658 5451 μετὰ
1673 5384 1854 5454 πάσης

281 5479 300 5514 ε
349 5463 524 5530 χαρᾶς
553 5461 644 5515 διὰ
677 5462 773 5516 τοῦ
807 5466 998 5518 τέκνου
1029 5467 1186 5536 ἡμῶν
1211 5469 1565 5524 ’ῐννοκεντίου
1592 5474 1685 5526 τοῦ
1720 5491 1854 5544 πρε-

283 5570 303 5603 (
356 5551 626 5623 σϐυτέρου
657 5553 946 5626 ἐδεξάμην.
998 5559 1216 5614 Τούτων
1248 5563 1305 5616 δέ
1333 5566 1461 5633 παρ’
1493 5565 1649 5634 ήμῶν
1704 5566 1855 5619 ἐλπι-

283 5665 301 5696 ι
353 5646 781 5711 σθέντων,ώστε
830 5652 894 5703 ἐκ
923 5651 1015 5705 τοῦ
1066 5653 1168 5722 τῆς
1232 5656 1506 5726 ἡμετέρας
1557 5659 1854 5728 ἐκκλησίας

283 5755 302 5791 t
351 5738 598 5808 σκρινίον
629 5740 701 5796 τὰ
750 5740 1090 5812 ἀληθέστατα
1157 5744 1245 5800 ίσα
1283 5746 1382 5818 τῆς
1419 5751 1475 5802 ἐν
1504 5751 1570 5820 τῇ
1603 5748 1850 5804 Νικαέων

1956 3189 2422 3259 appellationibus.
2459 3198 2792 3256 uttanquam
2842 3189 3028 3258 synodi
3080 3188 3306 3243 Nicaeum
3360 3202 3526 3242 cano-

1954 3295 2079 3334 nem
2102 3282 2455 3335 admiserunt.
2484 3280 2551 3334 Et
2576 3281 2776 3332 idcirco
2805 3279 2967 3333 etiam
3012 3277 3291 3336 Urbanum
3349 3280 3541 3334 Sicca:-

1953 3373 2266 3442 episcopum
2300 3371 2679 3433 decreverunt,
2712 3373 2754 3424 si
2805 3386 2910 3425 non
2949 3373 3264 3426 emendaret
3301 3387 3424 3440 quae
3456 3371 3534 3424 ab-

1952 3479 2018 3519 eo
2051 3464 2326 3520 emendari
2367 3464 2687 3522 debuerunt.
2716 3472 2809 3516 aut
2841 3473 3181 3535 segregatum
3220 3478 3375 3528 esse;
3409 3471 3539 3526 aut,

1953 3555 2096 3610 side
2123 3555 2503 3625 segregatione
2562 3554 2791 3617 dubitet,
2835 3552 3060 3609 Romam
3117 3571 3241 3612 esse
3292 3572 3529 3611 evocant.-

1951 3647 2105 3712 dum,
2139 3657 2193 3702 et
2230 3647 2444 3716 negotia
2471 3662 2566 3702 sua
2598 3662 2624 3698 a
2655 3660 2791 3717 papa
2818 3649 3140 3703 examinari.

2034 3930 2052 3963 ι
2093 3911 2362 3981 Incipiunt
2396 3913 2660 3996 rescripta
2697 3913 2882 3984 Cyrilli
2907 3915 3248 3971 Alexandriae
3285 3918 3537 3989 episcopi-

1960 4019 1977 4054 ι
2010 4002 2076 4056 ad
2101 4000 2415 4056 Africanam
2451 4004 2749 4073 synodum:
2775 4005 2827 4059 in
2857 4005 3052 4073 quibus
3087 4006 3396 4060 authentica
3431 4009 3542 4058 Ni-

1962 4111 1980 4145 ι
2016 4107 2180 4148 caena
2196 4094 2383 4164 synodi
2411 4109 2443 4148 e
2473 4093 2666 4149 Graeco
2696 4096 2958 4150 translata
2985 4112 3083 4166 per
3145 4097 3522 4153 Innocentimn

1962 4204 1980 4232 σ
2013 4187 2387 4257 presbyterum
2423 4187 2572 4244 misit
2607 4197 2662 4242 et
2709 4203 2978 4244 canones:
3012 4197 3130 4259 quae
3165 4191 3381 4260 quidem
3410 4191 3528 4261 epi-

1961 4296 1979 4328 ι
2012 4278 2165 4332 stola
2199 4292 2318 4332 cum
2344 4279 2559 4332 Nicaena
2607 4280 2834 4350 synodo,
2869 4295 2969 4349 per
3027 4293 3382 4336 memoratum
3441 4282 3526 4336 lu-

1961 4387 1980 4421 ι
2011 4369 2318 4425 nocentium
2340 4371 2709 4442 presbyterum
2733 4383 2786 4427 et
2806 4370 3116 4426 Marcellum
3139 4371 3524 4428 subrilaconum

1963 4478 1982 4513 ι
2024 4461 2275 4516 Ecclesiae
2339 4460 2804 4532 Carthaginensis,
2856 4461 3202 4518 sanctissimo
3251 4463 3531 4518 Bonifacio

1962 4570 1983 4606 ι
2016 4550 2272 4607 Romana:
2295 4552 2549 4609 Ecclesiae
2572 4553 2825 4622 episcopo
2855 4554 2921 4611 Α.
2971 4553 3033 4609 D.
3083 4563 3237 4610 sexto
3299 4553 3522 4610 calend.

1961 4659 1981 4696 ι
2019 4643 2333 4700 Decembris
2373 4645 2550 4700 missa
2602 4653 2747 4699 sunt.

2031 4949 2049 4982 ι
2088 4929 2576 4998 Cyrinus-dominis
2610 4934 3096 4989 venerabilissimis
3149 4944 3206 4988 et
3239 4932 3529 4989 sanctissi-

1960 5041 1978 5070 σ
2011 5025 2114 5077 mis
2142 5021 2406 5077 fratribus
2435 5033 2491 5077 et
2512 5025 2870 5094 coepiscopis,
2929 5025 3169 5091 Aurelio,
3215 5025 3531 5103 Valentino,

1960 5132 1979 5167 ι
2015 5121 2069 5170 et
2099 5113 2364 5168 universae
2396 5114 2742 5169 sanctissime
2779 5115 2984 5184 synodo
3013 5115 3342 5188 Carthagine
3377 5134 3509 5176 con-

1960 5228 1979 5259 c
2017 5215 2272 5278 gregatae.
2309 5205 2618 5261 Salutamus
2647 5207 2697 5260 in
2729 5206 2957 5262 Domino
3007 5221 3238 5262 vestram
3287 5211 3531 5267 dilectio-

1960 5318 1978 5350 ι
2021 5315 2163 5354 nem.
2214 5297 2346 5364 Qua:
2387 5313 2417 5351 a
2484 5306 2666 5352 vestra
2727 5302 3034 5354 reverentia
3099 5302 3297 5369 scripta
3360 5314 3532 5369 sunt,

1960 5408 1978 5440 ι
2018 5390 2241 5443 multam
2265 5391 2520 5458 pietatem
2569 5389 2920 5454 continentia,
2963 5406 3085 5446 cum
3129 5393 3273 5446 onmi
3341 5394 3526 5448 latitia

1961 5501 1978 5532 ι
2016 5498 2110 5551 per
2132 5482 2297 5535 tilium
2337 5478 2973 5537 nostrumlnnocentium
3032 5486 3405 5553 presbyterum
3437 5502 3534 5540 su-

1936 5589 1978 5622 ’t
2023 5573 2192 5640 scepi.
2217 5569 2350 5626 Cum
2388 5570 2502 5624 lucc
2529 5582 2710 5625 autem
2745 5587 2773 5623 a
2805 5573 2958 5626 nobis
3024 5581 3237 5639 sperata
3297 5572 3522 5640 fuerint,

1964 5681 1980 5713 ι
2017 5679 2118 5716 nos
2151 5677 2216 5716 ex
2251 5659 2740 5717 nostrae'Ecclesia:
2777 5665 2976 5719 scrinio
3017 5667 3294 5720 verissima
3346 5682 3528 5720 exem-

1967 5773 1983 5806 t
2019 5756 2185 5823 pluria
2221 5753 2543 5810 authenticac
2567 5755 2778 5822 synodi,
2813 5773 2930 5823 qua:
2958 5756 3140 5813 habita
3195 5756 3525 5815 tuitNictcte.
