4002 6314
592 323 695 389 439

1840 331 2116 397 THEOD.
2154 331 2554 397 BALSAMON

3708 332 3804 398 HO

596 461 615 496 ι
649 442 940 512 Bithynij
967 440 1269 510 metr0poli,
1303 455 1363 496 ea
1388 455 1505 508 qua:
1552 454 1582 494 a
1637 441 1839 495 sanctis
1901 441 2135 496 Patribus

2257 466 2275 500 (
2324 450 2651 520 μητροπόλει
2675 451 2772 518 τῆς
2803 447 3055 511 Βιθυνίας
3110 444 3434 513 αὐθεντικῗις
3468 444 3714 508 συνόδου,
3743 446 3804 496 τὰ

594 553 612 583 ι
651 533 871 587 deﬁnita
904 541 953 585 et
977 530 1294 584 conﬁrmata
1337 539 1482 596 sunt,
1519 531 1618 584 sub
1643 539 1839 584 nostra:
1869 530 1990 584 ﬁdei
2018 545 2144 598 pro-

593 643 612 674 ο
647 622 893 682 fessione,
930 627 1120 673 vestrm
1153 621 1422 674 charitate
1447 622 1746 685 missuros;
1782 620 2144 673 necessarium

592 733 610 763 ο
649 713 799 774 duxi,
833 712 1036 766 domini
1079 711 1276 767 fratres
1309 715 1360 768 in
1387 713 1575 782 primis
1630 714 1996 778 venerabiles,
2059 730 2146 767 sa-

589 825 609 857 ‹
643 807 900 859 iulatione
928 805 1282 872 praecedente,
1311 821 1406 874 per
1437 806 1680 859 eumdem
1710 804 1874 857 ﬁlium
1905 812 2142 857 nostrum

592 914 609 945 ι
640 896 1014 950 innocentium
1050 896 1425 964 presbyterum
1458 896 1771 949 ﬁdelissima
1814 894 2144 963 exemplaria

589 1004 604 1033 ι
643 984 964 1037 ευιίιεηιὶοεε
992 985 1181 1053 synodi
1237 983 1450 1051 Nica‘m,
1515 998 1633 1052 quas
1693 983 1958 1052 Bithynia:
2016 984 2145 1036 urbs

589 1093 609 1127 t
643 1085 742 1138 est,
775 1076 989 1140 habitas,
1019 1085 1210 1129 vestra:
1239 1075 1492 1129 charitati
1517 1075 1775 1139 mittere;:
1809 1076 1949 1142 quod
1979 1074 2140 1127 etiam

593 1187 608 1216 ι
645 1169 695 1219 in
751 1165 1115 1220 ecclesiastica
1181 1165 1416 1220 Historia
1483 1177 1783 1232 quaerentes
1835 1165 2138 1219 invenietis.

590 1271 606 1300 ι
644 1252 713 1303 De
748 1250 951 1304 Pascha
1011 1262 1213 1317 autem,
1278 1262 1338 1306 ut
1397 1253 1712 1320 scripsistis,
1766 1254 2141 1307 renuntiamus

590 1359 607 1388 ι
646 1341 812 1403 vobis,
847 1341 912 1395 A.
950 1341 1009 1394 D.
1033 1342 1262 1409 septimo
1294 1341 1504 1396 decimo
1537 1341 1640 1394 cal.
1669 1341 1834 1396 Maias
1883 1351 2141 1409 sequente

591 1451 609 1480 ο
644 1430 932 1485 indictione
964 1445 1060 1485 nos
1092 1431 1483 1486 celebraturos.
1522 1432 1858 1500 Subscriptio
1891 1432 2066 1486 :Deus
2085 1442 2141 1486 et

596 1541 613 1571 ‹
655 1521 912 1576 Dominus
947 1530 1130 1576 noster
1153 1532 1393 1576 sanctam
1447 1531 1683 1576 vestram
1740 1523 2005 1593 synodum
2049 1539 2142 1578 cu-

587 1631 605 1663 (
635 1612 850 1666 stodiat.
879 1613 1031 1677 Quod
1061 1627 1298 1678 oramus,
1325 1613 1777 1669 venerabilissimi
1824 1614 2040 1669 fratres.
2075 1632 2095 1666 ι

581 1894 746 1966 674
786 1913 804 1945 ι
839 1894 1031 1964 Incipit
1065 1898 1282 1959 epistola
1326 1897 1486 1950 Attici
1507 1896 1728 1963 episcopi
1763 1894 2136 1951 Constantino-

1017 1983 1036 2016 ι
1073 1968 1293 2034 politani
1322 1968 1389 2018 ad
1420 1967 1642 2021 eosdem.
1667 1985 1685 2017 ι

655 2054 895 2110 Dominis
948 2057 1424 2111 venerabilissimis
1477 2063 1531 2111 et
1571 2057 1900 2111 beatissimis
1958 2056 2137 2110 fratri-

579 2149 677 2200 bus
708 2155 761 2200 et
793 2149 1143 2216 coepiscopis,
1181 2148 1423 2211 Aurelio,
1480 2149 1784 2208 Valentino,
1826 2158 1880 2202 et
1917 2149 2137 2217 reliquis

578 2237 666 2304 qui
704 2237 755 2290 in
784 2236 1038 2292 Africana
1067 2239 1271 2309 synodo
1333 2249 1725 2305 convenerunt,
1755 2240 1964 2294 Atticus
2019 2240 2137 2310 epi-

578 2342 792 2396 scopus.

583 2439 601 2469 ι
632 2420 734 2474 Per
777 2421 940 2475 filium
969 2431 1211 2476 nostrum
1243 2425 1552 2480 Marcellum
1613 2428 2004 2484 subdiaconum
2036 2445 2133 2486 ve-

664 2519 906 2575 «strum,
935 2514 1145 2568 litteras
1202 2526 1392 2570 vestra:
1448 2519 1754 2573 dilectionis
1812 2534 1934 2574 cum
1987 2524 2132 2576 omni

670 2624 686 2654 ι
719 2605 902 2659 laetitia
935 2609 1140 2676 accepi,
1167 2607 1274 2663 Deo
1295 2609 1496 2678 gratias
1519 2623 1702 2678 agens,
1727 2613 1866 2678 quod
1888 2611 2135 2680 dignatus

667 2716 686 2746 ι
719 2713 836 2752 sum
869 2699 972 2752 frui
1015 2708 1283 2753 tantorum
1347 2699 1572 2754 fratrum
1607 2701 2004 2758 benedictione.
2033 2703 2135 2757 Do-

673 2809 691 2837 s
720 2790 847 2842 mini
881 2789 1182 2845 beatissimi
1239 2792 1453 2857 fratres,
1506 2791 1820 2858 scripsistis,
1855 2801 1913 2845 ut
1966 2791 2135 2846 veris-

659 2899 676 2929 σ
712 2881 877 2936 simos
898 2896 1152 2946 canones,
1194 2883 1284 2948 qui
1314 2881 1523 2946 Nicane,
1578 2898 1696 2951 quae
1737 2891 1819 2936 est
1869 2883 2132 2955 Bithynia:

659 2989 678 3019 ο
715 2972 1049 3039 metropolis,
1111 2987 1140 3024 a
1193 2974 1445 3027 Patribus
1498 2975 1772 3028 constituti
1815 2984 1962 3043 sunt,
2013 2987 2134 3046 post

664 3082 680 3111 ι
716 3061 836 3116 ﬁdei
872 3063 1265 3130 expositionem
1322 3063 1552 3117 mittam.
1598 3066 1665 3118 Et
1704 3065 1826 3133 quis
1885 3075 1988 3127 est,
2041 3067 2130 3135 qui
2160 3089 2207 3151 ο

660 3173 678 3203 ε
707 3168 1045 3208 communem
1072 3153 1228 3208 ﬁdem
1259 3162 1313 3207 et
1340 3156 1553 3208 decreta
1579 3170 1608 3208 a
1646 3155 1898 3211 Patribus
1931 3159 2133 3212 consti-

653 3257 838 3309 ctuta,
902 3248 1132 3316 propriis
1177 3247 1433 3302 fratribus
1499 3249 1766 3314 deneget?
1821 3248 1974 3303 Unde
2037 3264 2133 3317 per

657 3357 678 3388 ι
708 3339 957 3393 eumdem
985 3339 1155 3391 ﬁlium
1192 3348 1434 3391 nostrum
1471 3336 1786 3392 Marcellum
1846 3337 2133 3394 subdiaco-

662 3449 679 3479 ‹
713 3445 838 3483 num
871 3441 1110 3483 vesnum
1141 3428 1298 3482 valde
1354 3429 1720 3490 festinantem,
1775 3431 2131 3495 quemadmo-

658 3540 677 3571 ι
708 3521 831 3575 dum
868 3536 1101 3576 canones
1132 3518 1319 3574 Nicmae
1347 3535 1374 3572 a
1427 3519 1675 3574 Patribus
1732 3520 1935 3574 deﬁniti
1984 3529 2130 3584 sunt,

662 3628 678 3660 ι
716 3611 944 3678 integre,
1001 3609 1354 3677 utjussistis,
1421 3609 1580 3673 misi;
1646 3622 1842 3676 rogans
1894 3617 2129 3662 vestram

656 3710 950 3756 «sanctam
1016 3701 1319 3768 synodum,
1395 3709 1454 3754 ut
1519 3716 1613 3769 pro
1679 3715 1764 3754 me
1839 3700 2129 3769 plurimum

658 3811 676 3843 ι
712 3806 871 3846 orare
900 3791 1174 3861 dignetur.
1207 3791 1546 3858 Subscriptio
1580 3810 1595 3845 :
1633 3790 1887 3846 Dominus
1947 3799 2133 3845 noster

652 3901 670 3934 ι
712 3882 977 3938 custodiat
1013 3891 1245 3936 vestram
1278 3884 1640 3947 sanctitatem,
1680 3882 1822 3952 quod
1874 3895 2114 3948 oramus,

660 3991 679 4025 ι
709 3973 1034 4028 sanctissimi
1058 3971 1282 4027 fratres.
1328 3991 1344 4023 ι

648 4262 968 4330 «incipiunt
1021 4258 1348 4328 exemplaria
1415 4257 1645 4311 Nicmnaa
1704 4255 1892 4324 synodi
1951 4255 2018 4310 A.
2055 4254 2115 4308 Ι).

577 4377 594 4406 ι
633 4363 785 4409 sexto
815 4351 1069 4407 calendas
1097 4349 1429 4414 Decembris,
1463 4356 1584 4416 post
1614 4347 1956 4401 consulatum
2006 4346 2118 4400 cla-

575 4469 592 4498 ι
629 4447 961 4501 rissimorum
985 4444 1397 4511 imperatorum,
1433 4439 1651 4493 Honorii
1685 4438 1778 4492 Xll
1838 4450 1893 4494 et
1938 4430 2123 4492 Theo-

581 4557 597 4587 ι
634 4536 768 4590 dosii
801 4533 895 4598 lx,
923 4535 1312 4602 Augustorum,
1379 4530 1653 4583 Bonifacio
1708 4527 1952 4581 Romano
2007 4527 2124 4595 epi-

581 4647 598 4679 ι
647 4641 812 4695 scopo
840 4626 1027 4680 missa.
1053 4625 1338 4678 Credimus
1361 4623 1411 4675 in
1472 4636 1635 4675 unum
1673 4619 1838 4674 Deum
1858 4619 2070 4672 Patrem
2106 4635 2120 4682 ;

577 4741 594 4767 ι
641 4732 694 4773 et
721 4718 978 4784 deinceps
1007 4725 1249 4770 sanctum
1287 4714 1589 4784 symbolum
1636 4720 1696 4764 ut
1729 4713 1784 4765 in
1820 4713 1991 4781 prima
2042 4726 2127 4781 sy-

577 4833 592 4863 ‹
635 4813 772 4866 nodo
804 4811 1062 4877 scriptum
1111 4816 1250 4861 est.»

639 4987 1052 5042 ZONAR.Huic
1084 4985 1328 5055 symbolo
1385 4983 1527 5045 fidei,
1576 4983 1739 5036 etiam
1788 4981 2120 5050 exemplaria

575 5080 948 5134 deﬁnitionum
995 5077 1192 5131 Nieaani
1226 5074 1439 5129 concilii
1468 5089 1535 5126 ex
1584 5074 1895 5126 memoratis
1946 5087 2126 5125 sacer-

575 5171 791 5225 dotibus
820 5169 1072 5237 adjuneta
1133 5175 1278 5231 sunt,
1346 5176 1407 5220 ut
1461 5166 1706 5235 superius
1765 5165 1816 5218 in
1871 5165 2121 5217 omnibus

571 5264 950 5317 continentur:
992 5275 1108 5327 qua:
1141 5275 1239 5312 nos
1270 5273 1411 5311 nunc
1464 5272 1680 5311 rursum
1744 5256 1931 5310 eadem
1984 5261 2123 5310 scri-

574 5349 746 5402 benda
786 5362 904 5401 esse
929 5361 1150 5401 necesse
1176 5362 1283 5400 non
1311 5347 1640 5413 putavimus.

887 5523 1154 5590 Rescripta
1199 5523 1386 5591 Cyrilli
1449 5523 1806 5578 Alexandriae.

575 5615 792 5668 ARIST.
836 5635 852 5665 ι
883 5616 1339 5680 Quemadmodum
1387 5616 1453 5669 ad
1496 5632 1594 5669 nos
1647 5616 1974 5685 scripsistis;
2028 5631 2124 5671 nos

645 5723 663 5755 ι
704 5707 955 5759 ﬁdissima
997 5707 1324 5764 exemplaria
1356 5707 1677 5761 autltentieat
1698 5707 1884 5773 synodi
1907 5708 2117 5773 Nicma',

2255 559 2273 590 ι
2314 539 2463 607 παρὰ
2489 539 2596 591 τῶν
2621 540 2791 607 ἁγίων
2819 539 3074 607 Πατέρων
3097 535 3382 607 ὁρισθέντα
3431 535 3524 587 καὶ
3573 534 3804 601 βεϐαιω-

2252 647 2270 679 ‹
2312 629 2468 681 θέντα
2526 630 2779 683 ὑποκάτω
2813 628 2914 694 τῆς
2953 626 3238 696 ὁμολογίας
3267 626 3365 694 τῆς
3393 623 3673 694 ἡμετέρας
3714 624 3802 676 πίε

2252 739 2270 770 ι
2319 736 2521 782 στεως,
2584 723 2648 788 τῇ
2705 719 2947 788 ὑμετέρᾳ
3001 718 3191 789 ἀγάπη
3243 717 3388 786 ἡμᾶς
3457 716 3806 771 ἀποστεῖλαι.

2253 831 2270 862 t
2314 814 2604 878 ἀναγκαῖον
2637 810 2954 880 ἡγησάμην,
2999 809 3180 879 κύριοι
3203 809 3518 878 τιμιώτατοι
3560 808 3803 873 ἀδελφοὶ,

2250 921 2268 953 t
2310 902 2604 968 ἀσπασμοῦ
2651 898 3089 968 προηγουμένου.
3143 898 3230 950 διὰ
3281 897 3375 950 τοῦ
3406 896 3572 950 αὐτοῦ
3606 895 3802 947 τέκνου

2249 1012 2268 1045 t
2305 991 2460 1060 ήμῶν
2499 989 2844 1044 Ἰννοκεντίου
2872 989 2964 1042 τοῦ
3008 989 3381 1059 πρεσϐυτέρου
3411 987 3479 1040 τὰ
3501 986 3803 1040 πιστότατα

2248 1104 2266 1137 t
2308 1087 2396 1137 ίσα
2420 1084 2489 1136 τά
2515 1084 2613 1153 τῆς
2642 1081 2967 1150 αὐθεντικῆς
2999 1083 3214 1135 συνόδου
3243 1080 3343 1148 τῆς
3367 1081 3424 1132 ὲν
3453 1082 3517 1148 τῇ
3549 1078 3803 1133 Νικαέων

2249 1195 2267 1226 ι
2313 1174 2461 1227 πόλει
2491 1177 2586 1244 τῆς
2638 1173 2889 1232 Βιθυνίας
2946 1173 3202 1242 ἐχόμενα,
3255 1174 3321 1241 τῇ
3373 1171 3625 1239 ὑμετέρᾳ
3662 1170 3799 1221 ἀπο-

2251 1287 2269 1320 t
2315 1267 2516 1320 στεῖλαι
2569 1267 2776 1335 ἀγάπῃ·
2817 1266 2955 1334 ὅπερ
3007 1264 3101 1319 καὶ
3156 1265 3213 1316 ἐν
3269 1266 3336 1332 τῇ
3370 1262 3798 1330 ἐκκλησιαστικῇ

2247 1378 2265 1410 ι
2314 1357 2521 1428 ἱστορίᾳ
2548 1357 2831 1427 ζητοῦντες
2868 1355 3148 1424 εὑρήσετε.
3188 1353 3321 1422 Περὶ
3353 1353 3411 1405 δὲ
3440 1353 3531 1405 τοῦ
3583 1354 3796 1421 Πάσχα,

2247 1467 2266 1500 α
2307 1450 2379 1506 ὡς
2411 1448 2709 1519 ἐγράψατε,
2769 1445 3174 1514 ἀναγγέλλομεν
3210 1446 3358 1514 ὑμῖν,
3412 1449 3476 1513 τῇ
3502 1445 3609 1514 πρδ
3640 1446 3801 1496 δεκα-

2247 1558 2266 1591 ‹
2302 1539 2438 1592 επτὰ
2494 1538 2768 1591 καλανδῶν
2820 1537 3014 1591 Μαίων
3070 1537 3217 1605 ἡμᾶς
3281 1535 3694 1595 ὲπιτελέσοντας
3735 1537 3800 1602 τῇ

2249 1652 2267 1685 ι
2313 1631 2751 1700 ὑπεισερχομένῃ
2782 1628 3090 1683 ἱνδικτιῶνι.
3131 1628 3193 1680 Ἦ
3223 1627 3539 1694 ὑπογραφείγ
3583 1626 3643 1676 '0
3668 1623 3801 1684 Θεὸς

2246 1742 2265 1775 ‹
2305 1725 2432 1778 καὶὸ
2445 1723 2644 1792 Κύριος
2665 1722 2818 1790 ἡμῶν
2833 1722 2931 1792 τὴν
2949 1719 3106 1788 ἁγίαν
3124 1719 3277 1788 ὐμῶν
3301 1717 3515 1771 σύνοδον
3539 1715 3794 1784 φυλάξοι,

2249 1835 2266 1866 ι
2311 1816 2446 1883 ὅπερ
2479 1813 2771 1884 εὐχόμεθα,
2819 1811 3135 1882 τιμιώτατοι
3157 1810 3394 1876 ἀδελφοί.
3431 1827 3448 1858 ι

2242 1931 2514 1997 Ἀρχεται
2569 1929 2608 1995 ἡ
2648 1926 2941 1991 ἐπιστολὴ
3009 1923 3272 1997 Ἀττικοῦ
3300 1922 3406 1997 τοῦ
3451 1918 3794 1997 ἐπισκόπου

2344 1990 3038 2058 Ῐζωνσταᾶτινουπόλεως
3074 1994 3224 2060 πρὸς
3275 1991 3420 2054 τοὺς
3446 1990 3690 2051 αὐτούς.

2304 2087 2427 2146 Τοῖς
2487 2086 2697 2156 κυρίοις
2761 2084 3123 2151 τιμιωτάτοις
3197 2083 3288 2133 καὶ
3352 2075 3798 2147 μακαριωτάτοις

2236 2178 2484 2246 ἀδελφοῖς
2535 2178 2631 2231 καὶ
2678 2175 3116 2235 συνεπισκόποις,
3169 2171 3449 2242 Αὐρηλίῳ,
3492 2168 3797 2236 Βαλεντίνῳ

2238 2270 2330 2323 καὶ
2373 2269 2484 2331 τοῖς
2544 2267 2751 2328 λοιποῖς
2803 2267 2915 2329 τοῖς
2975 2266 3031 2317 ὲν
3074 2265 3138 2334 τῇ
3183 2263 3414 2331 ’Δφρικῇ
3450 2258 3798 2312 συνελθοῦσιν

2239 2360 2459 2429 συνόδῳ,
2513 2359 2757 2419 Ἀττικὸς
2784 2357 3101 2416 ἐπίσκοπος.

2243 2470 2261 2502 ι
2305 2450 2402 2502 Διὰ
2451 2449 2542 2501 τοῦ
2597 2449 2787 2501 τέκνου
2815 2444 2972 2512 ἡμῶν
2997 2440 3338 2512 Μαρκέλλου,
3373 2440 3467 2492 τοῦ
3508 2436 3796 2491 ὑποδιακό-

2311 2560 2330 2592 t
2372 2557 2463 2594 νου
2521 2539 2695 2608 ὑμῶν,
2757 2537 3059 2607 γράμματα
3113 2535 3208 2603 τῆς
3249 2533 3518 2607 ὑμετέρας
3559 2531 3797 2597 κάγάπης

2312 2651 2330 2683 ι
2379 2631 2515 2700 μετὰ
2555 2632 2733 2699 πάσης
2783 2625 3131 2697 εὐχαριστίας
3163 2625 3456 2692 ἐδεξάμην,
3492 2623 3572 2691 τῷ
3605 2621 3796 2691 Κυρίῳ

2312 2742 2331 2774 ι
2373 2722 2728 2789 εὐχαριστῶν,
2777 2720 2858 2772 ὅτι
2909 2714 3149 2784 ἠξιώθην
3221 2713 3488 2765 τοσούτων
3547 2709 3797 2776 ἀδελφῶν

2312 2830 2330 2861 t
2373 2811 2620 2876 εὐλογίας
2689 2804 3012 2872 ἀπολαῦσαι,
3104 2801 3300 2872 Κύριοι
3385 2799 3796 2868 μακαριώτατοι

2309 2919 2329 2953 ε
2371 2900 2609 2968 ἀδελφοὶ,
2672 2897 2984 2966 ἐγράψατε,
3053 2894 3138 2946 ἵνα
3205 2894 3330 2954 τοὺς
3395 2889 3795 2957 ἀληθεστάτους

2310 3008 2329 3040 t
2369 2989 2619 3050 κανόνας,
2674 2989 2798 3049 τούς
2829 2988 2885 3038 ὲν
2919 2987 2982 3053 τῇ
3033 2982 3282 3035 Νικαέων
3320 2980 3650 3050 μητροπόλει
3697 2979 3795 3046 τῆς

2315 3097 2332 3130 ι
2375 3077 2626 3140 Βιθυνίας
2653 3076 2803 3146 παρὰ
2859 3074 2967 3126 τῶν
2997 3072 3260 3141 Πατέρων
3292 3070 3630 3139 ὀρισθέντας,
3661 3067 3794 3136 μετὰ

2313 3189 2330 3220 ‹
2369 3169 2465 3237 τὴν
2513 3167 2748 3232 πίστεως
2781 3166 2997 3217 ἔκθεσιν
3041 3162 3366 3228 ἀποστείλω.
3406 3162 3514 3213 Καὶ
3534 3161 3618 3221 τίς
3647 3161 3794 3211 ἐστιν

2311 3279 2329 3311 t
2370 3260 2398 3311 ό
2434 3257 2534 3328 τὴν
2565 3256 2750 3324 κοινὴν
2778 3256 2982 3314 πίστιν,
3039 3255 3135 3305 καὶ
3183 3255 3309 3314 τούς
3339 3254 3498 3320 ὅρους
3535 3254 3660 3312 τοὺς
3690 3249 3795 3301 ἀπὸ

2309 3370 2327 3402 t
2367 3349 2474 3402 τῶν
2520 3349 2778 3415 Πατέρων
2832 3343 3247 3413 βεϐαιωθέντας,
3306 3344 3419 3404 τοῖς
3471 3342 3621 3402 ἰδίοις
3647 3340 3795 3392 ἀδελο

2310 3459 2328 3492 ε
2375 3438 2899 3508 φοῖς·ἀρνούμενος;
2939 3434 3103 3488 Ὅθεν
3128 3434 3216 3486 διὰ
3270 3432 3362 3486 τοῦ
3390 3432 3552 3486 αὐτοῦ
3601 3431 3793 3483 τέκνου

2311 3551 2329 3582 ι
2374 3529 2532 3599 ἡμῶν
2561 3527 2880 3598 Μαρκέλλου
2931 3525 3025 3578 τοῦ
3061 3525 3421 3578 ὑποδιακόνου
3465 3523 3621 3592 ὑμῶν
3650 3525 3792 3576 πάνυ

2311 3640 2329 3672 t
2377 3620 2716 3682 σπεύδοντος,
2748 3616 2931 3679 καθὼς
2969 3617 3017 3669 οἱ
3055 3619 3110 3668 έν
3149 3615 3355 3685 Νικαίᾳ.
3406 3614 3512 3667 ἀπὸ
3545 3615 3655 3666 τῶν
3680 3615 3793 3669 ﬂa-

2308 3735 2326 3768 t
2369 3717 2540 3783 τέρων
2602 3712 2916 3784 ὡρίσθησαν
2966 3711 3209 3773 κανόνες,
3275 3711 3333 3761 ἐν
3385 3707 3681 3775 ὁλοκλήρῳ,
3721 3704 3793 3768 ὡς

2309 3825 2327 3858 t
2372 3805 2711 3869 ἐκελεύσατε,
2775 3801 3093 3865 ἀπέστειλα,
3153 3799 3323 3853 αἰτῶν
3380 3799 3479 3868 τὴν
3520 3799 3792 3865 ὑμετέραν

2309 3915 2327 3949 t
2370 3895 2529 3964 ἁγίαν
2581 3895 2795 3948 σύνοδον
2850 3893 2991 3962 ὑπὲρ
3042 3890 3177 3960 ἐμοῦ
3239 3889 3494 3947 πλείστας
3536 3887 3793 3952 εὔξασθαι

2308 4007 2327 4040 t
2367 3987 2726 4052 καταξιῶσαι.
2773 3984 2834 4037 Ἥ
2890 3983 3181 4052 ὑπογραφὴ
3208 3998 3224 4014 ο
3267 3981 3325 4033 ’0
3391 3979 3593 4048 Κύριος
3634 3977 3793 4045 ἡμῶν

2307 4099 2326 4130 ι
2371 4078 2596 4147 φυλάξοι
2640 4077 2737 4145 τὴν
2768 4073 3039 4144 ὑμετέραν
3073 4070 3408 4142 ἁγιωσύνην,
3457 4069 3593 4138 ὅπερ
3640 4068 3792 4138 εὐχό-

2306 4189 2324 4221 t
2369 4170 2524 4239 μεθα,
2560 4168 2849 4236 ἁγιώτατοι
2881 4165 3118 4232 ἀδελφοί.
3159 4182 3177 4214 ι

2305 4281 2322 4313 ι
2370 4262 2627 4332 ’Δρχεται
2656 4259 2725 4311 τὰ
2763 4259 2851 4310 ῐσα
2877 4257 2973 4324 τῆς
3000 4257 3057 4307 ἐν
3085 4254 3290 4322 Νικαία
3323 4251 3540 4304 συνόδου
3571 4250 3638 4303 τὰ
3660 4251 3790 4304 ἁπο-

2239 4371 2256 4402 ‹
2305 4350 2565 4403 σταλέντα
2609 4351 2673 4418 τῇ
2719 4348 2825 4416 πρὸ
2856 4346 2912 4411 ἒξ
2937 4343 3216 4398 καλανδῶν
3255 4341 3620 4410 Δεκεμϐρίων,
3656 4341 3791 4409 μετὰ

2238 4461 2255 4491 ι
2300 4439 2395 4510 τὴν
2411 4439 2670 4491 ὑπατείαν
2695 4437 2802 4489 τῶν
2823 4435 3177 4500 ἐνδοξοτάτων
3202 4433 3489 4502 βασιλέων,
3526 4431 3786 4498 Ὀνωρίου

2237 4552 2254 4584 ‹
2300 4531 2360 4584 τδ
2407 4532 2743 4591 δωδέκατον,
2796 4528 2889 4580 καὶ
2941 4526 3221 4579 Θεοδοσίου
3267 4525 3327 4576 τὸ
3381 4524 3622 4584 ἔννατον,
3679 4522 3791 4573 τῶν

2236 4644 2253 4674 ι
2300 4623 2644 4690 Αὐγούστων,
2693 4618 2996 4686 Βονιφατίῳ
3054 4615 3131 4686 τῷ
3200 4615 3487 4682 ὲπισκόπῳ
3549 4612 3790 4680 Ῥώμης.

2234 4736 2251 4768 t
2299 4714 2635 4782 Πιστεύομεν
2685 4713 2764 4772 είς
2812 4712 2908 4763 ἕνα
2952 4709 3084 4762 Θεὸν
3139 4707 3377 4775 Πατέρα·
3432 4707 3528 4758 καὶ¹
3589 4703 3790 4771 ἐφεξῆς

2237 4827 2254 4858 t
2299 4807 2358 4859 τὸ
2412 4807 2566 4873 ἆγιον
2627 4801 2916 4872 σύμϐολον,
2982 4801 3057 4862 ὡς
3113 4799 3176 4850 έν
3230 4800 3294 4868 τῇ
3354 4796 3548 4868 πρώτῃ
3591 4795 3790 4865 συνόδῳ

2234 4917 2253 4948 t
2300 4898 2535 4965 ἐγράφη.
2574 4914 2593 4946 ι

2301 4983 2543 5036 ΖΩΝᾹΡ.
2575 4981 2664 5050 Τῷ
2691 4979 2917 5048 παρόντι
2956 4976 3208 5046 συμδόλῳ
3247 4975 3345 5043 τῆς
3401 4973 3657 5036 πίστεως,
3689 4971 3789 5024 καὶ

2225 5077 2294 5128 τά
2319 5075 2408 5126 ίσα
2439 5075 2545 5126 τῶν
2573 5074 2716 5141 ὅρων
2763 5073 2860 5139 τῆς
2916 5069 3090 5136 αὐτῆς
3112 5070 3173 5120 ὲν
3230 5066 3435 5135 Νικαίᾳ
3468 5064 3684 5116 συνόδου
3726 5066 3789 5115 ὲγ

2227 5167 2335 5217 τῶν
2363 5161 2847 5232 μνημονευθέντων
2914 5160 3104 5229 ἱερέων
3160 5155 3656 5226 προσεξεύχθησαν,
3713 5155 3790 5215 ὡς

2227 5255 2482 5321 ἀνωτέρω
2508 5256 2566 5305 ὲν
2593 5256 2724 5306 πᾶσι
2791 5252 3156 5320 περιέχονται·
3191 5251 3335 5316 άπερ
3367 5250 3527 5316 ἡμεῖς
3549 5245 3789 5297 ἐνταῦθα

2229 5344 2392 5396 πάλιν
2435 5342 2504 5394 τὰ
2565 5342 2703 5397 αὐτὰ
2758 5341 3034 5409 γραφῆναι
3087 5339 3384 5404 ἀναγκαῖον
3433 5335 3529 5402 οὐχ
3580 5332 3788 5401 ήγησά·

2229 5435 2387 5503 μεθα.

2417 5525 2576 5580 Ἀντί
2580 5541 2769 5592 γραφα
2791 5516 3576 5590 ΚυρίλλουἈλεξανδρείας.

2225 5618 2441 5671 ΛΡῙΣΤ.
2510 5635 2528 5668 ι
2589 5619 2780 5678 Καθὼς
2851 5617 2980 5684 ἡμῖν
3034 5608 3431 5682 ἑγράψατε,τά
3490 5605 3789 5660 πιστότατα

2310 5729 2326 5761 t
2373 5710 2460 5762 ἴσα
2521 5710 2619 5773 ’ἐς
2681 5705 3002 5767 αὐθεντικῆς
3054 5703 3270 5757 συνόδου
3299 5701 3397 5765 τῆς
3427 5702 3483 5753 ἐν
3537 5698 3791 5752 Νικαέων
