4002 6314
179 344 290 411 Uti

1163 352 1246 412 IN
1269 351 1436 411 CAN.
1474 350 1730 415 CXXXV
1765 349 1977 413 CONC.
2009 352 2384 416 CARTHAG.

3335 363 3442 420 442

265 482 286 513 ι
337 463 491 514 πόλει
544 462 644 530 τῆς
691 462 960 526 Βιθυνίας,
1001 466 1068 535 τῇ
1127 463 1371 536 ὑμετέρα
1416 465 1608 536 ἀγάπῃ
1639 464 1769 517 ἀπε-

1954 482 1973 514 ι
2011 480 2127 533 qua:
2162 467 2428 538 Bithynia:
2460 469 2589 523 urbs
2621 477 2727 533 est,
2759 469 2976 534 habitae,
3010 477 3208 524 vestra
3267 469 3444 524 chari-

259 570 282 600 σ
340 570 429 604 στε
442 554 653 620 ᾶαμεν.
688 571 708 604 a

467 645 736 699 Ἀττικοῦ
782 649 1503 712 Κωνσταντινουπόλεως.

195 753 210 781 ι
263 735 332 787 Oi
381 737 479 801 τῆς
542 737 600 789 ἐν
652 736 854 806 Νικαία
911 739 1154 804 κανόνες,
1216 740 1396 804 καθὼς
1450 741 1598 808 παρά
1664 738 1774 794 τῶν

272 847 294 878 σ
346 828 608 899 Πατέρων
664 829 1004 900 ὡρίσθησαν,
1061 833 1466 902 ἀπεστάλησαν,
1501 833 1577 897 ὡς
1606 835 1771 904 ἐγρά-

269 937 292 968 ‹
335 919 496 988 ψατε.

193 1029 209 1060 r
271 1010 617 1079 Πιστεύομεν
653 1013 734 1073 εἰς
764 1013 861 1066 ἕνα
891 1015 1044 1078 Θεὸν,
1081 1015 1302 1084 Πατέρα
1331 1017 1768 1086 παντοκράτορα,

271 1120 294 1153 ι
333 1102 548 1171 ὁρατῶν
567 1120 624 1154 τε
650 1105 743 1156 καὶ
766 1105 1014 1175 ἀοράτων
1039 1107 1286 1176 ποιητήν·
1312 1105 1497 1168 nisi;
1528 1108 1622 1160 ἕνα
1655 1108 1768 1161 Κύ-

271 1212 293 1243 σ
334 1211 449 1261 ριον
464 1195 670 1263 Ἰησοῦν
683 1197 727 1247 Χ
735 1198 1032 1267 ριστὸν,τὸν
1050 1199 1177 1251 Υίὸν
1192 1198 1282 1250 τοῦ
1295 1197 1428 1251 Θεοῦ
1443 1201 1768 1268 γεννηθέντα

273 1302 292 1335 ι
335 1287 402 1338 ὲκ
431 1286 522 1339 τοῦ
549 1289 752 1359 [ἰατρὸς
775 1293 1060 1361 μονογενῆ,
1084 1293 1362 1344 τουτέστιν
1381 1293 1443 1344 ἐκ
1461 1291 1561 1360 τῆς
1584 1291 1768 1354 οὐσίας

271 1395 291 1427 ι
335 1377 434 1429 τοῦ
478 1380 718 1450 Πατρὺς,
756 1383 888 1435 Θεὸν
935 1386 997 1435 ὲκ
1026 1383 1180 1446 θεοῦ,
1213 1383 1329 1452 φῶς
1353 1385 1416 1437 ὲκ
1439 1384 1770 1452 φωτδς,Θεὸν

266 1485 286 1515 ι
336 1468 600 1537 ἀληθινὸν
624 1471 688 1524 ὲκ
711 1471 848 1525 Θεοῦ
867 1473 1142 1542 ἀληθινοῦ⁵
1162 1473 1512 1542 γεννηθέντα,
1537 1474 1597 1526 οὒ
1618 1491 1773 1543 ποιη-

268 1577 286 1607 ι
334 1557 523 1611 θένταο
581 1562 864 1631 όμοούσιον
910 1564 986 1631 τῷ
1038 1565 1236 1634 Πατρίο
1285 1565 1354 1617 δι’
1399 1560 1458 1619 οὗ
1501 1568 1570 1618 τά
1599 1567 1772 1619 πάντα

274 1668 292 1700 ι
338 1651 582 1718 ἐγένετο·
610 1653 702 1704 τὸν
745 1653 813 1706 δι’
844 1655 994 1724 ἡμᾶς
1035 1655 1128 1708 καὶ
1158 1655 1256 1726 τὴν
1288 1657 1564 1728 ἡμετέραν
1595 1675 1771 1726 σωτηο

277 1761 296 1793 ι
340 1743 466 1812 ρίαν
505 1743 859 1808 κατελθόντα,
914 1747 1288 1816 σαρκωθέντα,
1340 1750 1434 1802 καὶ
1502 1751 1771 1819 ἑνανθρω-

275 1849 296 1881 ι
337 1833 611 1900 πήσαντα,
666 1833 930 1899 παθόντα,
981 1837 1312 1899 ἀναστάντα,
1347 1839 1441 1890 καὶ
1477 1839 1770 1892 ἀνελθόντα

269 1940 292 1972 ι
333 1923 416 1981 είς
444 1922 570 1984 τοὺς
595 1922 876 1992 οὐρανοὺς,
901 1925 1000 1978 καὶ
1033 1928 1201 1980 πάλιν
1232 1928 1532 1998 ἐρχόμενον
1586 1931 1771 1998 κρῖναι

269 2029 292 2061 ι
340 2009 558 2074 ζῶντας
615 2027 709 2067 και
774 2015 1026 2084 νεκρούς·
1068 2017 1162 2068 καὶ
1202 2019 1282 2079 είς
1336 2017 1397 2069 τὸ
1457 2017 1677 2083 Πνεῦμα
1712 2020 1772 2069 τὸ

270 2119 291 2151 ι
337 2101 516 2168 ἀγιον.
575 2103 713 2167 Τοὺς
747 2104 804 2156 δέ
858 2107 1138 2172 λέγοντας,
1174 2103 1282 2160 Ἦν
1331 2109 1520 2177 καιρὸς
1559 2109 1646 2168 ὅτε
1673 2109 1770 2159 οὐκ

265 2213 286 2244 ‹
336 2189 428 2263 ἦν,
457 2199 552 2248 καὶ
575 2197 656 2248 ὅτι
689 2198 784 2262 Ἐξ
812 2199 911 2252 οὐκ
931 2199 1099 2251 ὄντων
1148 2201 1386 2268 ἐγένετο,
1412 2201 1444 2270 ἢ
1488 2201 1545 2265 ἐξ
1578 2202 1766 2265 ἑτέρας

269 2303 287 2334 ι
336 2285 714 2352 ὑποστάσεως,
765 2289 797 2357 ἢ
852 2291 1063 2355 οὐσίας,
1104 2291 1136 2361 ἤ
1181 2292 1437 2360 τρεπτὸν,
1471 2292 1502 2360 ἦ
1541 2292 1763 2344 ἀλλοιω-

269 2395 289 2427 ι
335 2377 429 2430 τὸν
449 2379 540 2431 τὸν
571 2381 701 2434 Υἱδν
730 2381 822 2435 τοῦ
850 2383 1010 2436 Θεοῦ·
1033 2386 1158 2445 τοὺς
1201 2384 1472 2446 τοιούτους
1488 2385 1735 2452 ἀναθεμα

269 2488 286 2519 ι
337 2471 480 2533 τίζει
511 2472 828 2542 ήκαθολικὴ
866 2476 961 2529 καὶ
989 2477 1317 2547 ἀποστολικὴ
1368 2478 1683 2546 Ἐκκλησὲα.
1729 2493 1748 2526 ι

274 2562 410 2613 Ἰδοὺ
443 2563 540 2613 καὶ
570 2565 636 2616 τὰ
669 2565 759 2617 ἴσα
793 2565 891 2634 τῆς
919 2567 974 2618 ὲν
1005 2567 1209 2639 Νικαίᾳ
1241 2569 1482 2630 συνόδου,
1517 2569 1770 2636 ἀντιδληο

189 2647 356 2702 θέντα
422 2651 563 2717 μετὰ
613 2653 723 2704 τῶν
770 2657 1213 2727 ὲναποκειμένων
1267 2659 1644 2730 πρωτοτύπων
1698 2661 1765 2728 τῇ

197 2741 512 2812 Ἐκκλησία
549 2745 944 2816 Ἀλεξανδρέων
998 2751 1090 2802 καὶ
1132 2755 1197 2822 τῇ
1250 2753 1768 2806 Κωνσταντινουπό-

192 2840 354 2896 λεως·
376 2834 472 2886 καὶ
498 2835 867 2903 βεδαιωθέντα
893 2843 1045 2912 παρά
1078 2843 1186 2896 τῶν
1214 2844 1531 2897 ἐπισκόπων
1566 2846 1765 2909 αὐτῶν,

1955 573 1974 606 ι
2006 557 2099 610 tati
2131 558 2394 612 misimus.
2423 577 2441 610 ι

2303 651 2469 703 Attici
2523 651 3022 718 Constantinopolis.

1885 756 1904 790 ι
1950 737 2149 809 Synodi
2185 742 2418 796 Nicaenae
2464 758 2720 808 canones,
2775 743 3228 812 quemadmodum
3284 756 3313 795 a
3347 741 3440 794 Pa-

1958 850 1977 884 ι
2013 833 2184 894 tribus
2209 835 2408 891 decreti
2435 845 2579 900 sunt,
2609 839 2914 903 mittuntur,
2949 844 3007 890 ut
3037 836 3354 904 scripsistis.

1881 1032 1900 1065 ι
1937 1012 2220 1068 Credimus
2253 1012 2305 1066 in
2337 1028 2503 1066 unum
2531 1014 2720 1075 Deum.
2751 1015 2965 1068 Patrem
2999 1013 3446 1080 omnipOtentem,

1968 1123 1986 1155 ι
2025 1105 2315 1157 visibilium
2350 1105 2554 1170 pariter
2587 1115 2639 1158 et
2698 1105 3048 1158 invisibilium
3086 1104 3400 1158 Creatorem
3431 1121 3445 1155 :

1967 1217 1984 1248 ι
2021 1207 2074 1249 et
2111 1199 2161 1249 in
2195 1213 2356 1249 unum
2389 1197 2672 1250 Dominum
2698 1195 2884 1250 Jesum
2920 1197 3222 1261 Christum,
3245 1194 3443 1249 Filium

1957 1308 1975 1340 ι
2013 1288 2127 1352 Dei,
2171 1299 2354 1342 natum
2387 1304 2450 1340 ex
2483 1288 2640 1342 Patre
2689 1289 3054 1357 unigenitum,
3108 1289 3212 1343 hoc
3270 1299 3354 1343 est
3417 1301 3447 1340 e

1968 1398 1986 1430 ι
2026 1381 2330 1434 substantia
2377 1379 2575 1444 Patris,
2632 1379 2800 1434 Deum
2852 1395 2915 1433 ex
2980 1379 3111 1443 Deo,
3143 1379 3324 1431 lumen
3381 1393 3447 1431 ex

1966 1488 1983 1519 ι
2019 1470 2243 1533 lumine,
2279 1471 2444 1524 Deum
2492 1486 2680 1524 verum
2726 1487 2791 1524 ex
2839 1469 2950 1524 Deo
2998 1484 3151 1532 vero,
3203 1465 3449 1535 genitum

1960 1581 1978 1613 ι
2010 1577 2112 1616 non
2170 1560 2394 1626 factum,
2429 1561 2938 1616 consubstantialem
2970 1559 3142 1620 Patri.
3167 1573 3262 1626 per
3289 1571 3448 1625 quem

1951 1672 1968 1702 ι
2004 1653 2185 1707 omnia
2218 1653 2357 1706 facta
2395 1662 2560 1712 sunt;
2601 1653 2692 1722 qui
2716 1662 2938 1721 propter
2963 1667 3086 1717 nos,
3121 1660 3176 1704 et
3201 1658 3444 1704 nostram

1960 1764 1978 1796 ι
2010 1745 2264 1809 salutem,
2322 1744 2625 1807 descendit,
2681 1744 2995 1796 incarnatus
3041 1750 3145 1807 est,
3177 1749 3233 1794 et
3287 1741 3450 1793 homo

1961 1858 1979 1891 ι
2023 1839 2218 1902 lactus,
2256 1851 2450 1906 passus
2483 1845 2587 1898 est,
2623 1835 2949 1896 resurrexit,
2985 1842 3038 1888 et
3096 1834 3344 1887 ascendit
3390 1831 3446 1884 in

1967 1950 1984 1982 ι
2021 1931 2212 1994 οωιος,
2246 1938 2300 1983 et
2333 1929 2526 1982 iterum
2559 1929 2738 1980 veniet
2761 1925 3005 1990 judicare
3031 1925 3180 1979 vivos
3214 1933 3268 1977 et
3296 1936 3441 1975 mor-

1959 2042 1978 2074 ι
2023 2034 2177 2084 tuos;
2218 2031 2272 2075 et
2317 2021 2369 2072 in
2401 2020 2657 2084 Spiritum
2686 2029 2955 2072 sanctum.
2991 2015 3089 2082 Qui
3134 2025 3314 2068 autem
3358 2012 3445 2066 di-

1947 2132 1964 2162 ι
1998 2122 2152 2173 eunt,
2197 2111 2336 2164 Erat
2365 2121 2574 2177 tempus
2607 2109 2818 2176 quando
2848 2121 2952 2160 non
2986 2113 3126 2167 erat,
3188 2112 3242 2158 et
3303 2102 3445 2165 quod

1965 2221 1982 2253 ι
2023 2219 2088 2258 ex
2125 2217 2229 2254 non
2259 2201 2650 2255 exsistentibus
2713 2199 2884 2252 factus
2927 2207 3032 2263 est,
3090 2195 3173 2250 vel
3214 2209 3279 2249 ex
3339 2193 3445 2247 alia

1951 2315 1969 2346 ι
2010 2294 2310 2348 substantia
2346 2304 2438 2344 ant
2475 2292 2735 2354 essentia,
2765 2291 2848 2346 vel
2897 2290 3179 2343 mutabilis
3228 2299 3312 2345 est
3352 2297 3446 2342 aut

1958 2409 1976 2442 ι
2008 2387 2383 2444 convertibilis
2410 2385 2505 2440 Dei
2530 2385 2730 2438 Filius:
2765 2383 2900 2437 tales
2940 2384 3202 2437 catholica
3234 2391 3289 2438 et
3311 2398 3444 2454 apo-

1963 2498 1982 2531 ι
2016 2479 2204 2534 stolica
2236 2477 2478 2532 Ecclesia
2513 2476 2950 2530 anatltematizat.
2976 2491 2995 2525 ι

1943 2573 2082 2626 Ecce
2109 2582 2163 2625 et
2202 2569 2532 2638 exemplaria
2571 2569 2760 2639 synodi
2790 2568 3021 2624 Nicaeum
3075 2581 3196 2622 eum
3249 2567 3444 2622 arche-

1871 2666 2013 2736 typis
2081 2664 2196 2717 sive
2235 2661 2639 2729 exemplaribus
2719 2661 3059 2730 primigeniis
3097 2660 3149 2712 in
3201 2659 3441 2712 Ecclesia

1868 2752 2236 2808 Alexandrina
2275 2765 2328 2807 et
2349 2754 2951 2820 Constantinupolitana
3009 2753 3262 2820 repositis
3330 2752 3442 2804 col-

1870 2845 1997 2912 lata,
2033 2848 2179 2902 etab
2235 2862 2422 2901 earum
2482 2848 2787 2914 episcopis,
2848 2846 3045 2917 Cyrillo
3105 2856 3160 2903 et
3237 2845 3444 2910 Attico,

195 2922 287 2974 τοῦ
315 2941 378 2975 τε
418 2926 688 2994 Κυρίλλου
717 2931 808 2984 καὶ
837 2931 931 2985 τοῦ
977 2934 1250 3000 Ἀττικοῦ,
1271 2939 1336 3006 τῇ
1366 2937 1570 3006 συνόδῳ
1595 2936 1766 3007 ταύτῃ

1882 2939 2194 2992 conﬁrmata
2241 2938 2369 2992 huic
2401 2938 2604 2992 svnodo
2637 2937 3015 2992 mittebantur.

191 3013 534 3083 ἐστάλησαν.

190 3127 476 3208 Ἀρχετᾳι
618 3130 912 3208 ἐπιστολὴ
973 3135 1080 3208 τῆς
1112 3139 1180 3190 ἐν
1221 3138 1471 3208 Ἀφρικῆ
1498 3139 1766 3195 συνόδου

1882 3136 2034 3208 675
2069 3135 2260 3205 Incipit
2285 3137 2499 3204 epistola
2533 3136 2722 3208 synodj
2744 3137 3011 3203 Africana:
3027 3133 3094 3186 ad
3125 3132 3445 3187 Celestinum

334 3200 487 3264 πρὸς
525 3200 904 3258 Κελεστῖνον
922 3200 1036 3273 τόγ’
1057 3200 1340 3262 ’πάππαὶῖ
1371 3200 1620 3278 Ῥῶμης.

272 3308 292 3340 ι
337 3292 584 3363 Δεσπότῃ
603 3297 869 3366 ἀγαπητῷ
891 3300 984 3351 καὶ
1012 3301 1325 3368 τιμιωτάτῳ
1361 3301 1576 3370 ἀδελφῷ
1603 3302 1767 3354 Κελε-

266 3383 432 3452 στίνῳ
465 3385 757 3455 Αὐρήλιος,
804 3392 1121 3454 Παλατῖνος.
1175 3394 1505 3454 Ἀντωνῖνος,
1543 3393 1764 3458 Τοῦ-τος,

265 3474 646 3543 ΣερδοῐκοΔέῖ,
707 3481 991 3547 Τερέντιος
1028 3483 1121 3535 καὶ
1158 3485 1205 3535 οί
1231 3483 1408 3536 λοιποὶ
1429 3486 1476 3537 οί
1509 3485 1567 3536 ἒν
1619 3485 1764 3555 πάσῃ

266 3569 332 3632 τῇ
365 3567 568 3636 συνόδῳ
597 3571 698 3636 τῆς
729 3572 1075 3640 Καρχηδόνος
1119 3575 1460 3645 εὑρεθέντες.

265 3655 558 3724 Ηῦχόμεθα
594 3659 680 3711 ἵνα
703 3659 762 3712 ὃν
787 3661 986 3727 τρόπον
1011 3665 1041 3723 ή
1095 3664 1158 3733 σὴ
1187 3666 1465 3731 ἁγιωσύνῃ
1499 3665 1621 3736 περὶ
1666 3665 1767 3732 τῆς

275 3765 292 3797 ι
339 3750 638 3817 παρουσίας
668 3752 759 3805 τοῦ
777 3753 1059 3826 Ἀπιαρίου
1084 3758 1352 3827 χαρέντας
1384 3759 1527 3826 ὑμᾶς
1558 3757 1765 3826 ἐδήλω-

275 3859 291 3889 ι
339 3856 420 3905 σε,
451 3844 794 3911 γραμμάτων
819 3847 1176 3914 πεμφθέντων
1203 3849 1288 3900 διά
1305 3849 1396 3900 τοῦ
1416 3849 1755 3919 συμπρεσϐυ-

273 3950 292 3980 ι
340 3933 499 4001 τέρου
517 3938 548 4003 ἠ
560 3940 676 3998 μῶν
697 3937 945 4000 Λέοντος
969 3938 1109 3991 οὕτω
1126 3942 1218 3994 καὶ
1235 3942 1394 4011 ἡμεῖς
1413 3942 1618 4009 ὁμοίως
1639 3960 1706 3995 πε
1716 3943 1768 4012 pl.

273 4046 290 4074 ι
338 4027 431 4079 τοῦ
487 4028 827 4098 καθαρισμοῦ
875 4031 966 4082 τοῦ
991 4032 1154 4084 αὑτοῦ
1211 4035 1278 4086 τὰ
1315 4035 1558 4104 παρόντα
1580 4036 1768 4104 γράμ-

270 4137 288 4169 ι
341 4136 489 4186 ματα
518 4120 652 4187 μετὰ
684 4123 860 4189 χαρᾶς
904 4119 1440 4192 ἀπεστείλαμεν.Ἦν
1467 4125 1574 4194 γὰρ
1608 4125 1769 4195 δηλα-

270 4228 289 4259 ι
335 4209 404 4277 δὴ
441 4210 592 4279 καὶὴ
630 4211 877 4280 ἡμετέρα
916 4213 1062 4281 καὶὴ
1086 4215 1331 4283 ὑμετέρα
1355 4217 1633 4284 προθυμία
1666 4217 1766 4269 ἀσ-

271 4319 289 4351 ι
339 4301 671 4368 φαλεστέρα,
728 4304 824 4354 καὶ
881 4304 1002 4356 οὐδὲ
1067 4306 1335 4376 πευστικὴ
1367 4308 1599 4377 ἐδόκειή
1635 4307 1766 4377 περὶ

271 4411 289 4442 ι
337 4390 433 4444 τοῦ
487 4392 670 4460 ἀκμὴν
727 4393 1018 4446 ἀκουστέου
1071 4395 1214 4464 ἢπερ
1287 4399 1362 4458 ὡς
1414 4399 1542 4466 περὶ
1596 4401 1761 4452 ἀκου-

271 4503 288 4532 ι
339 4483 558 4544 σθέντος
594 4485 1045 4552 προηγησαμένη.
1111 4486 1566 4556 Παραγενομὲνου
1588 4492 1766 4542 τοίνυν

273 4592 290 4624 ι
339 4575 471 4642 πρὸς
494 4574 640 4641 ἡμᾶς
672 4573 762 4626 τοῦ
809 4576 1118 4641 ἀγιωτάτου
1160 4577 1390 4645 ἀδελφοῦ
1421 4581 1516 4632 καὶ
1551 4597 1769 4634 συνεπι-

273 4684 290 4714 ι
341 4665 550 4716 σκόπου
595 4666 754 4734 ήμῶν
807 4669 1130 4730 Φαυστίνου,
1190 4668 1503 4739 συνήξαμεν
1553 4672 1768 4726 σύνοδον

272 4774 290 4804 ι
341 4757 437 4806 καὶ
459 4755 859 4825 ἐπιστεύσαμεν
888 4758 977 4811 διὰ
1006 4758 1162 4812 τοῦτο
1193 4762 1356 4814 αὑτὸν
1393 4763 1513 4828 μετ’
1558 4764 1764 4816 ἐκείνου

279 4864 297 4896 ι
346 4847 689 4914 πεμφθέντα,
704 4848 790 4901 ἵνα
813 4847 999 4918 ὥσπερ
1016 4844 1168 4913 οὗτος
1186 4855 1250 4920 τῇ
1282 4853 1444 4906 αὑτοῦ
1473 4855 1671 4925 σπουδῇ
1691 4856 1766 4926 τῷ

273 4955 293 4986 ι
340 4937 723 5008 πρεσϐυτερίῳ
758 4940 1013 5008 ἀπεδόθη,
1041 4942 1294 4994 οὕτωκαὶ
1331 4943 1424 4995 νῦν
1453 4945 1652 5015 δυνηθῇ
1687 4947 1766 5015 τῷ

274 5046 292 5076 ι
350 5025 517 5078 αὑτοῦ
541 5027 694 5095 κόπῳ
713 5029 773 5079 ἐκ
786 5029 894 5080 τῶν
911 5029 1018 5081 ἀπὸ
1034 5031 1142 5082 τῶν
1160 5033 1216 5083 ὲν
1239 5031 1616 5101 Θαϐρακηναίς
1637 5035 1766 5088 ὑπο·

273 5141 290 5168 ι
338 5117 646 5186 ϐληθέντων
672 5118 943 5172 τοσούτων
992 5121 1354 5191 ἐγκλημάτων
1388 5124 1762 5193 καταρθῆναι·

276 5228 296 5260 ι
345 5202 556 5269 οὗτινος
587 5209 653 5260 τὰ
683 5209 922 5262 τοσαῦτα
971 5213 1067 5265 καὶ
1094 5211 1235 5265 οὔτω
1280 5216 1607 5284 παμμεγέθη
1640 5219 1764 5270 ἀτο-

273 5322 290 5350 ι
337 5301 567 5367 πήματα
597 5300 629 5366 ή
661 5299 868 5368 πληθὺς
909 5302 1330 5370 καταδραμοῦσα
1362 5309 1462 5376 τῆς
1495 5309 1766 5377 ἡμετέρας

276 5410 294 5442 ι
346 5390 565 5442 συνόδου
618 5383 779 5459 εὗρεν
807 5393 887 5444 ὅτι
924 5395 1021 5446 ’καὶ
1053 5395 1145 5447 τοῦ
1181 5399 1638 5464 μνημονευθέντος
1668 5403 1764 5470 τὴν

278 5500 295 5532 ι
346 5481 662 5549 πατρωνίαν
721 5483 920 5550 μᾶλλον
971 5486 1113 5554 ἥπερ
1165 5491 1368 5557 κρίσιν,
1428 5491 1520 5541 καὶ
1563 5492 1658 5558 τὴν
1689 5492 1764 5554 ὼς

274 5590 294 5620 ι
343 5571 558 5621 ὲκδίκου
620 5573 859 5641 σπουδὴν
915 5574 1113 5642 μᾶλλον
1146 5576 1290 5644 ἥπερ
1323 5577 1654 5644 διαγνώστου
1687 5581 1764 5633 δι-

274 5680 291 5712 ι
339 5658 636 5731 καιοσύνην
670 5663 1084 5731 ύπερενίκησεν.
1114 5666 1332 5735 Πρῶτον
1354 5667 1452 5736 μὲν
1482 5670 1587 5740 γὰρ
1602 5672 1759 5725 ἀντέ.

268 5772 286 5803 ι
339 5769 438 5823 στη
470 5753 716 5824 μεγάλως
748 5757 896 5826 πάσῃ
925 5759 991 5825 τῇ
1021 5757 1547 5831 συνόδ;ρ,διαφόρους
1579 5763 1761 5834 ὕϐρεις

2431 3221 2626 3272 papam
2677 3205 2876 3258 Romae.

1945 3314 1964 3347 ι
2009 3295 2234 3350 Domino
2284 3297 2478 3350 dilecto
2543 3310 2596 3350 et
2647 3297 2698 3350 in
2747 3297 2935 3365 primis
2997 3293 3288 3350 venerabili
3322 3291 3441 3346 fra-

1882 3405 1900 3438 ι
1939 3389 2004 3440 trl
2064 3387 2336 3442 Celestino
2402 3389 2692 3451 Aurelius,
2759 3387 3059 3450 Palatinus,
3107 3386 3436 3448 Antoninus,

1875 3499 1892 3530 ι
1924 3479 2118 3543 Tutus,
2169 3479 2518 3542 Servus-Dei,
2560 3481 2848 3534 Terentius
2904 3488 2957 3533 et
3013 3479 3218 3541 caeteri,
3268 3477 3438 3544 quiin

1876 3590 1894 3623 ι
1930 3571 2225 3625 universali
2282 3571 2699 3639 Carthaginiensi
2752 3572 2960 3641 synodo
2993 3569 3380 3624 interfuerunt.
3416 3587 3436 3622 ι

1875 3681 1892 3713 ι
1936 3663 2282 3733 Optaremus,
2329 3671 2386 3714 ut
2420 3665 2872 3730 quemadmodum
2919 3673 3008 3717 tua
3065 3663 3327 3716 sanctitas
3376 3663 3440 3716 de

1953 3775 1972 3808 ι
2008 3755 2216 3823 Apiarii
2272 3757 2554 3824 praesentia
2609 3756 2818 3810 laetatos
2865 3771 2961 3810 vos
3023 3756 3214 3818 fuisse,
3251 3755 3434 3808 missis

1944 3868 1962 3900 ι
1995 3863 2092 3918 per
2115 3847 2617 3918 eompresbyterum
2666 3858 2908 3901 nostrum
2959 3847 3192 3900 Leoiiem
3241 3846 3441 3900 litteris

1965 3959 1982 3992 ι
2027 3939 2367 3993 declaravit:
2430 3941 2504 3992 ita
2555 3948 2608 3994 et
2651 3955 2753 3994 nos
2800 3939 3050 3993 similiter
3081 3939 3146 3991 de
3189 3939 3436 4006 ejusdem

1955 4050 1972 4081 ι
2012 4032 2334 4100 purgatione
2367 4041 2663 4096 praesentes
2698 4031 2908 4085 litteras
2932 4044 3051 4084 cum
3087 4031 3282 4100 gaudio
3311 4031 3439 4082 mit-

1959 4141 1979 4175 ι
2015 4133 2271 4177 teremus.
2327 4121 2477 4176 Esset
2527 4121 2770 4192 profecto
2819 4132 2873 4176 et
2933 4133 3115 4176 nostra
3153 4130 3207 4176 et
3260 4131 3438 4176 vestra

1963 4233 1982 4266 ι
2027 4215 2284 4268 alacritas
2330 4215 2520 4277 tutior,
2569 4222 2618 4268 et
2653 4229 2753 4267 nec
2788 4214 3191 4282 percontatoria
3228 4213 3437 4266 videre-

1964 4326 1982 4359 ι
2029 4315 2136 4370 tur,
2169 4321 2288 4373 qua:
2323 4307 2389 4359 de
2445 4320 2587 4358 nunc
2631 4305 2922 4367 audiendo,
2963 4319 3125 4370 quam
3159 4318 3278 4372 qua:
3333 4314 3438 4355 tan-

1960 4417 1978 4451 ι
2017 4412 2176 4466 quam
2204 4400 2270 4450 de
2293 4397 2478 4450 audito
2517 4406 2889 4464 praecesserat.
2917 4397 3050 4451 Cum
3086 4411 3214 4464 ergo
3237 4398 3303 4448 ad
3343 4411 3438 4450 nos

1964 4511 1982 4542 ι
2019 4491 2346 4545 accessisset
2390 4491 2770 4544 sanctissimus
2805 4490 2971 4544 frater
2997 4498 3050 4543 et
3081 4490 3436 4556 eoepiseopus

1965 4601 1984 4634 ι
2021 4591 2208 4635 noster
2233 4581 2553 4646 Faustinus,
2583 4582 2850 4651 synodum
2886 4581 3200 4648 coegimus;
3232 4590 3286 4634 et
3319 4594 3435 4633 cre-

1970 4694 1986 4726 ι
2023 4676 2260 4732 didimus
2293 4677 2466 4744 ipsum
2499 4687 2786 4744 propterea
2831 4692 2954 4728 cum
3015 4675 3104 4727 illo
3137 4689 3261 4728 esse
3310 4673 3438 4727 mis-

1955 4786 1973 4819 ι
2014 4782 2154 4829 sum,
2183 4778 2240 4820 ut
2261 4769 2713 4836 quemadmodum
2746 4767 2916 4835 ipsius
2942 4766 3125 4819 studio
3158 4766 3424 4836 presbyte-

1963 4875 1982 4908 ι
2024 4857 2104 4910 rio
2147 4867 2306 4911 antea
2355 4867 2472 4910 erat
2510 4859 2771 4920 redditus,
2807 4858 2885 4910 sic
2929 4867 2982 4908 et
3015 4871 3157 4909 nunc
3192 4855 3436 4921 ejusdem

1947 4967 1964 4998 ι
1997 4962 2157 5017 opera
2185 4957 2367 5015 posset
2395 4965 2421 5001 a
2456 4957 2535 5002 tot
2558 4949 2879 5002 criminibus
2926 4948 2999 5002 illi
3047 4949 3097 5001 in
3124 4946 3437 5002 Thabrace-

1960 5059 1977 5090 ι
2016 5040 2103 5093 nis
2133 5039 2362 5106 objectis
2399 5041 2616 5110 purgari
2653 5060 2667 5095 :
2704 5041 2862 5110 cujus
2893 5049 2970 5092 tot
3019 5051 3074 5094 et
3110 5050 3217 5094 tam
3245 5056 3433 5110 magna

1963 5150 1981 5181 ι
2016 5132 2224 5184 scelera
2272 5140 2473 5184 nostra:
2517 5131 2702 5200 synodi
2760 5130 3050 5183 multitudo
3084 5145 3432 5198 percurrens,

1946 5240 1962 5270 ι
1999 5221 2248 5284 invenit,
2304 5229 2363 5274 ut
2430 5231 2483 5273 et
2543 5223 2826 5277 memorati
2884 5223 3287 5290 patrocinium,
3339 5238 3434 5291 po-

1947 5328 1964 5359 ι
2002 5309 2108 5363 tius
2151 5324 2314 5378 quam
2345 5310 2606 5375 judicium
2642 5349 2657 5372 ,
2715 5321 2770 5364 et
2829 5323 3080 5379 tanquam
3133 5312 3433 5375 defensoris

1941 5419 1958 5450 ι
1998 5400 2258 5461 studium,
2299 5401 2477 5465 potius
2529 5417 2688 5468 quam
2727 5404 3022 5470 cognitoris
3054 5404 3318 5465 justitiam
3353 5407 3432 5458 vi-

1947 5509 1964 5540 ι
2003 5491 2158 5544 cerit.
2212 5489 2451 5543 Primum
2482 5493 2627 5544 enim
2659 5497 2752 5545 toti
2779 5495 2964 5562 synodi
3018 5494 3170 5547 valde
3213 5497 3429 5557 reStitit.

1945 5603 1960 5633 ι
1999 5583 2180 5634 varias
2233 5584 2590 5637 contunielias
2654 5584 2910 5652 ingerens
2944 5624 2960 5648 ,
3024 5595 3273 5652 tanquam
3335 5586 3427 5655 qui

1941 5692 1958 5724 ι
2007 5657 2262 5728 Romanae
2348 5673 2602 5730 Ecclesiae
2668 5678 2945 5744 privilegia
3008 5678 3342 5743 defenderet,
3373 5690 3426 5735 et

1949 5786 1966 5819 ι
2002 5767 2160 5823 vellet
2183 5767 2354 5838 ipsum
2379 5783 2406 5820 a
2436 5768 2589 5825 nobis
2612 5768 2662 5823 in
2695 5772 3130 5827 communionem
3159 5772 3369 5827 admitti
3399 5789 3418 5838 ;
