4002 6314
583 337 688 399 M3
1870 337 2143 398 THEOD.

2236 337 2578 396 ALSAMON
3709 339 3816 403 444

662 470 679 500 ι
713 464 875 518 quem
913 458 1007 520 tua.
1059 448 1342 514 sanctitas,
1368 464 1492 505 cum
1521 448 1845 505 credidisset
1873 451 2149 519 appellare
2173 454 2222 512 Α

2328 466 2347 500 ι
2393 449 2689 517 ἐπιφέρων,
2717 449 2918 503 ὡσανεὶ
2941 452 3006 503 τὰ
3036 449 3346 521 πριϐιλέγια
3372 452 3469 522 τῆς
3503 452 3811 524 Ῥωμαῖκῆς

659 562 677 590 ι
711 541 850 609 ιιυού
876 541 1097 610 quidem
1132 540 1366 609 probare
1415 555 1522 594 non
1549 541 1744 609 potuit,
1775 541 2140 595 communioni

2320 557 2338 588 ι
2401 540 2722 608 Ἐκκλησίας
2770 541 3073 613 διεκδικῶν,
3134 543 3224 595 καὶ
3259 541 3428 594 θέλων
3478 545 3640 597 αὑτὸν
3674 547 3807 614 παρ’

653 651 671 682 ι
723 633 1004 688 restituit:
1055 632 1158 686 hoc
1212 641 1389 686 tamen
1431 633 1481 685 el
1526 645 1634 685 non
1683 632 1965 700 processit,
1997 633 2139 700 quod

2321 646 2338 678 ι
2381 630 2536 697 ἡμῶν
2556 631 2634 689 είς
2659 630 2940 682 κοινωνίαν
2970 629 3244 699 δεχθῆναι,
3274 631 3334 682 ὃν
3355 633 3389 700 ἠ
3419 633 3486 701 σὴ
3521 634 3805 704 ἀγιωσύνη

654 745 670 774 ι
705 724 883 778 adhuc
910 739 974 778 ex
1001 734 1244 778 actorum
1292 723 1520 779 lectione
1555 723 1751 778 melius
1803 722 2138 794 cognoveris.

2319 735 2335 768 ι
2385 718 2718 771 πιστεύσασα
2781 719 3152 784 ἐκκαλεῖσθαι,
3211 721 3349 790 ὅπερ
3400 723 3807 788 ἀποδείξαιοῦκ

652 833 668 863 ι
711 814 982 869 Triduano
1008 814 1152 868 enim
1183 823 1329 868 moto
1379 814 1901 883 laboriosojudicio,
1946 813 1998 866 in
2032 826 2140 880 quo

2319 825 2335 856 ι
2387 809 2643 878 ἠδυνήθη,
2669 813 2731 878 τῇ
2768 811 3021 881 κοινωνίᾳ
3065 812 3404 865 ἀποδέδωκεν
3426 826 3441 841 ⁸
3467 815 3612 882 ὅμως
3645 811 3810 884 ἦττον

656 925 673 954 ι
718 905 957 968 diversa,
1014 919 1136 972 quas
1189 905 1238 958 ei
1307 904 1744 982 objicieliantur,
1803 903 2138 957 amictissimi

2317 918 2335 949 ι
2393 900 2541 968 αὐτῷ
2570 899 2726 952 τοῦτο
2755 899 3047 968 ἐξεγένετο,
3070 903 3206 972 ὅπερ
3237 903 3318 956 ἐτι
3347 904 3454 975 μὴν
3477 908 3542 975 τῇ
3561 904 3808 971 ἀναγνώ-

651 1013 667 1043 ι
707 992 1108 1060 quaerebamus,
1142 994 1282 1046 Deus
1309 993 1492 1061 justus
1530 992 1716 1059 judex,
1745 994 1898 1048 fortis
1923 1002 1977 1049 et
2009 994 2138 1047 lon-

2316 1006 2332 1037 ι
2382 1005 2464 1040 σει
2497 1007 2604 1041 των
2637 992 3038 1060 πεπραγμένων
3063 994 3384 1062 κρειττόνως
3410 995 3613 1064 γνοίης.
3636 997 3808 1066 Τριη-

653 1101 672 1132 ι
711 1083 966 1151 ganimis,
1014 1092 1070 1136 et
1100 1082 1406 1151 coepiscopi
1440 1083 1614 1138 nostri
1647 1082 1892 1137 Faustini
1924 1084 2138 1136 dilatio-

2313 1097 2330 1129 ι
2381 1079 2545 1150 μέρου
2611 1083 2798 1150 μέντοι
2831 1084 2985 1150 δίκης
3029 1084 3122 1136 ἰπὶ
3179 1083 3381 1152 μόχθου
3465 1083 3805 1154 κινηθείσης,

657 1191 674 1220 ι
720 1187 835 1234 nes,
866 1180 920 1225 et
953 1171 1126 1239 ipsius
1184 1171 1389 1238 Apiarii
1443 1171 1792 1226 frustatorias
1819 1173 1873 1226 in
1904 1171 2136 1226 dicendo

2313 1189 2331 1219 ι
2374 1171 2431 1222 ὲν
2461 1173 2568 1241 ὅσῳ
2596 1175 2663 1225 τὰ
2689 1173 2920 1242 διάφορα
2972 1174 3050 1242 τῷ
3071 1174 3221 1241 αὖτῷ
3245 1173 3625 1242 ὑποϐληθέντα
3674 1192 3807 1228 συν-

658 1282 674 1311 ι
713 1263 1214 1330 tergiversationes,
1265 1265 1464 1332 quibus
1499 1262 1738 1318 nefarias
1793 1278 1920 1318 suas
1975 1261 2137 1329 turpi-

2314 1278 2331 1308 ι
2380 1261 2689 1329 τριϐόμενοι
2723 1262 3042 1332 ἐζητοῦμεν,
3079 1266 3105 1316 ό
3139 1262 3273 1325 Θεδς
3299 1263 3326 1314 6
3359 1263 3563 1325 δίκαιος
3590 1263 3804 1332 κριτὴς,

653 1371 671 1400 ι
713 1354 923 1408 tudines
970 1353 1149 1409 velare
1202 1356 1524 1419 conabatur;
1565 1367 1761 1423 magno
1814 1353 2136 1420 compendio

2312 1369 2330 1401 ι
2374 1353 2399 1402 ὁ
2434 1352 2650 1420 ἰσχυρὸς
2682 1355 2774 1406 καὶ
2829 1354 3202 1424 μακρόθυμος,
3259 1355 3358 1415 τάς
3411 1371 3470 1406 τε
3523 1355 3806 1424 παρολκὰς

656 1463 668 1490 ι
707 1445 1038 1510 amputavit;
1082 1445 1309 1499 molesta
1351 1446 1555 1499 scilicet
1604 1455 1657 1499 et
1689 1445 1846 1513 longe
1900 1442 2137 1497 fastidis-

2313 1459 2331 1492 ι
2372 1441 2465 1494 τοῦ
2511 1445 2907 1497 συνεπισκόπου
2965 1445 3122 1514 ἡμῶν
3186 1445 3506 1507 Φαυστίνου,
3571 1446 3664 1498 καὶ
3703 1446 3807 1510 τὰς

651 1550 670 1582 ι
711 1532 843 1586 sima
885 1531 1255 1588 obStinatione
1308 1549 1618 1603 compressa
1644 1573 1659 1596 ,
1721 1534 2135 1602 negationisque

2310 1549 2328 1580 ι
2373 1530 2699 1602 τριψεργίας
2723 1533 2816 1585 τοῦ
2847 1533 3010 1587 αὑτοῦ
3057 1534 3362 1602 ’Λπιαρίου,
3410 1531 3502 1598 αἶς
3546 1536 3648 1593 τὰς
3672 1536 3805 1588 ἀθε-

651 1641 670 1673 ι
707 1621 1060 1690 impudentia,
1105 1639 1200 1692 per
1222 1639 1381 1691 quam
1421 1635 1625 1678 tantum
1655 1625 1988 1693 voluptatum
2018 1639 2132 1678 cut-

2311 1638 2329 1668 ι
2378 1619 2562 1687 μίτους
2582 1622 2750 1672 αὑτοῦ
2775 1623 3145 1693 αίσχρότητας
3184 1624 3533 1692 συγκαλύψαι
3571 1625 3803 1694 ἐπηρεί-

651 1729 670 1762 ι
711 1727 836 1763 num
867 1712 1099 1768 obruere
1148 1713 1382 1767 volebat.
1417 1712 1551 1767 Cum
1585 1715 1732 1768 enim
1782 1714 1925 1768 Deus
1952 1723 2134 1769 noster
2167 1775 2204 1785 _

2309 1729 2327 1760 ι
2375 1711 2515 1774 δετο,
2574 1714 2787 1784 μεγάλῃ
2833 1715 3095 1785 συντομία
3134 1715 3318 1784 ἔτεμε,
3373 1715 3472 1782 τῆς
3508 1716 3806 1785 σικχαντῆς

649 1820 668 1853 ‹
702 1804 818 1871 ejus
853 1804 1238 1859 conscientiam
1290 1804 1343 1858 in
1380 1805 1659 1873 angustias
1699 1805 2033 1865 deduxisset,
2081 1812 2135 1857 et
2167 1775 2208 1830 Β

2311 1818 2329 1850 ι
2377 1775 2704 1870 δηλαδὴνκαὶ
2753 1775 3164 1873 δυσωδεστέρας
3206 1775 3473 1874 έπιμονης
3524 1775 3807 1874 καταργειίἐ

649 1913 667 1944 ι
703 1912 823 1962 qua:
856 1897 1068 1950 occulta
1120 1905 1275 1955 erant
1313 1898 1366 1950 in
1398 1899 1562 1951 corde
1603 1905 1844 1965 peccata,
1880 1907 2134 1964 tanquam

2314 1909 2332 1941 ι
2381 1892 2583 1960 θείσης,
2636 1895 2731 1946 καὶ
2787 1895 2883 1964 τῆς
2947 1897 3336 1964 ἀναισχυντίας
3363 1897 3462 1964 τῆς
3495 1899 3802 1966 ἀρνήσεως,

561 2047 564 2050 γ
644 2001 666 2034 ι
705 1988 757 2038 in
785 1987 1074 2040 criminum
1111 2001 1268 2041 emno
1321 1974 1431 2056 jam
1463 1988 1846 2051 condemnata,
1883 1988 2135 2044 omnibus

2320 2000 2337 2032 ι
2383 1984 2451 2035 δι’
2500 1979 2568 2053 ἦς
2624 1986 2734 2037 τῶν
2811 1986 3083 2038 τοσούτων
3150 1986 3353 2055 ἡδονῶν
3405 1986 3497 2038 τὸν
3541 1986 3806 2059 βόρϐορον

640 2094 660 2127 ι
697 2077 859 2130 etiam
897 2078 1211 2132 hominibus
1239 2078 1596 2146 publicasset,
1626 2087 1874 2148 repente
1907 2078 1974 2132 ad
2006 2092 2136 2132 con-
2209 2146 2212 2148 γ

2312 2089 2329 2120 ι
2379 2073 2626 2127 ἐϐούλετο
2655 2075 3045 2134 καταϐυθίσαι.
3079 2075 3184 2128 Τοῦ
3218 2076 3322 2146 γὰρ
3358 2075 3492 2130 Θεοῦ
3521 2077 3677 2147 ἡμῶν
3701 2076 3805 2148 τὴν

649 2183 669 2218 ι
711 2168 1001 2222 fessionem
1055 2169 1296 2222 omnium
1343 2169 1445 2222 sibi
1481 2168 1811 2237 obiectorum
1845 2168 2132 2222 criminum

2311 2182 2328 2213 ι
2377 2165 2678 2234 συνείδησιν
2733 2167 2898 2220 αὑτοῦ
2946 2167 3476 2236 στενοχωρήσαντος,
3525 2170 3616 2220 καὶ
3649 2168 3718 2222 τὰ
3742 2170 3805 2224 ὲν

644 2274 664 2306 ι
705 2256 1072 2312 fraudulentus
1125 2257 1395 2312 inficiator
1451 2258 1671 2325 erupit,
1701 2267 1755 2311 et
1791 2257 1878 2309 vix
1917 2259 2132 2311 tandem

2309 2273 2326 2304 ι
2373 2258 2662 2326 τῇικαρδίᾳ
2692 2258 2930 2326 κρυπτὰ,
2974 2257 3051 2321 ὡς
3080 2259 3136 2310 ὲν
3178 2258 3284 2309 ίλύῖ
3307 2257 3414 2310 τῶν
3436 2259 3805 2328 ἐγκλημάτων

648 2365 665 2397 ι
707 2346 944 2399 omnium
977 2347 1373 2400 incredibilium
1404 2348 1723 2415 probrorum
1754 2347 1872 2415 ipse
1892 2349 2131 2415 seipsum

2311 2363 2328 2395 ι
2373 2347 2471 2416 ἤδη
2507 2347 3030 2417 καταδεδικασμένα,
3090 2350 3255 2406 πᾶσιν
3293 2348 3375 2400 ἐτι
3438 2348 3546 2416 μὲν
3577 2352 3687 2411 τοῖς
3709 2349 3808 2402 ἀν-

645 2454 663 2486 ι
700 2451 794 2488 sua
829 2446 1020 2504 sponte
1051 2437 1230 2505 arguit
1257 2453 1272 2500 ;
1305 2449 1359 2489 et
1395 2434 1564 2504 ipsam
1586 2437 1833 2488 similiter
1862 2451 2008 2503 spem
2036 2449 2134 2488 no-

2311 2455 2328 2486 ι
2379 2437 2613 2505 Θρώποις
2635 2437 3114 2506 δημοσιεύσαντος,
3143 2438 3427 2506 αἰφνιδίως
3475 2440 3558 2501 είς
3604 2440 3804 2507 ὁμολο-

642 2545 660 2576 ι
699 2540 889 2590 stram,
913 2529 997 2582 cui
1016 2529 1188 2596 ipsum
1215 2528 1659 2581 commiseramus
1676 2527 2054 2589 etorabamus,
2074 2536 2133 2580 ut

2313 2545 2330 2577 ι
2377 2527 2498 2593 γίαν
2531 2528 2748 2580 πάντων
2787 2527 3203 2597 ὑποϐληθέντων
3246 2527 3393 2596 αὐτῷ
3433 2529 3807 2597 ἐγκλημάτων

645 2635 664 2667 ι
706 2633 735 2669 a
762 2627 867 2670 tam
897 2618 1158 2684 pudendis
1182 2617 1408 2671 maculis
1431 2625 1611 2684 posset
1633 2617 1871 2684 purgari,
1904 2630 2133 2669 conver-

2309 2634 2327 2665 ι
2380 2618 2406 2668 ὁ
2426 2616 2595 2678 δόλιος
2625 2617 2857 2686 ἁρνητδς
2889 2617 3172 2689 ἐξέρρηξε,
3193 2619 3287 2671 καὶ
3320 2619 3471 2688 μόλις
3497 2621 3627 2672 ποτὲ
3670 2623 3806 2690 περὶ

644 2728 662 2759 ι
709 2709 770 2761 tit
797 2708 850 2762 in
879 2709 1056 2762 luctus
1087 2727 1098 2760 :
1133 2710 1235 2762 nisi
1262 2712 1402 2777 quod
1432 2709 1570 2762 hanc
1597 2719 1832 2762 nostram
1858 2709 2130 2761 tristitiam

2310 2725 2328 2756 ι
2378 2709 2594 2761 πάντων
2641 2709 2750 2761 τῶν
2796 2709 3076 2762 ἀπιθάνων
3122 2709 3341 2762 ὀνειδῶν
3414 2711 3603 2764 ἑκοντὶ
3636 2713 3805 2776 αὐτὸς

645 2819 662 2850 ι
707 2814 813 2852 ιιηο
845 2815 1015 2866 eoque
1072 2800 1188 2852 solo
1235 2800 1428 2853 solatio
1475 2801 1758 2867 mitigavit,
1794 2799 1934 2866 quod
1963 2797 2130 2852 etiam

2309 2817 2325 2846 t
2368 2798 2560 2851 ἑαυτὸν
2591 2799 2838 2867 ἤλεγξεν,
2864 2804 2952 2852 καὶ
2972 2800 3142 2869 αὐτὴν
3170 2801 3372 2870 ὁμοίως
3395 2801 3494 2871 τὴν
3523 2805 3805 2874 ἡμετέραν

650 2911 667 2941 ι
710 2908 808 2946 nos
874 2909 902 2944 a
984 2892 1236 2945 mmroris
1295 2902 1551 2960 perpetuo
1601 2893 1789 2946 labore
1847 2892 2125 2954 liberavit},

2307 2902 2324 2933 ι
2374 2886 2584 2949 ἐλπίδα,
2634 2882 2777 2959 ᾗτινι
2830 2889 2922 2940 καὶ
3003 2889 3408 2957 ἐπιστεύσαμεν
3455 2891 3640 2954 αὐτὸν,
3704 2895 3805 2947 καὶ

643 3003 660 3029 ι
702 2993 754 3034 et
813 2983 927 3036 suis
977 2983 1315 3048 vulneribus,
1353 2983 1564 3036 etiamsi
1598 2983 1796 3037 invitus
1829 2992 1882 3036 et
1917 2983 2129 3050 propria

2310 2993 2327 3025 ι
2374 2975 2654 3042 ηὐχόμεθα
2679 2979 2743 3030 ὲκ
2767 2978 2874 3031 τῶν
2937 2979 3110 3041 οὕτως
3145 2981 3552 3048 έπαισχυντέων
3593 2982 3805 3037 σπίλων

648 3089 665 3118 ε
703 3073 1039 3137 repugnante
1099 3071 1436 3122 conscientia
1494 3072 1801 3135 confessus,
1861 3073 2199 3166 medelamc

2311 3080 2330 3113 ι
2376 3063 2636 3119 δύνασθαι
2666 3066 3030 3136 καθαρθῆναι,
3071 3069 3434 3138 μετέστρεψεν
3467 3073 3546 3134 είς
3579 3090 3809 3141 στεναγ-

647 3180 664 3209 ι
703 3163 1136 3227 qualenmunque
1172 3160 1425 3228 providit,
1465 3161 1680 3214 domine
1711 3161 1899 3215 frater.
1931 3160 1986 3214 ln
2017 3162 2127 3229 pri-
2156 3153 2199 3166 ’⁸

2309 3172 2327 3204 ι
2379 3153 2508 3222 μούς
2534 3169 2547 3183 ⁸
2574 3158 2621 3207 εί
2653 3156 2726 3223 μὴ
2745 3159 2825 3209 ὅτι
2844 3157 3045 3226 ταύτην
3081 3158 3236 3227 ἡμῶν
3263 3159 3360 3230 τὴν
3388 3160 3564 3231 λύπην
3590 3165 3688 3234 μιᾷ
3705 3167 3798 3218 καῖ

642 3269 661 3300 ‹
701 3253 800 3305 mis
833 3266 958 3318 ergo
1012 3250 1189 3304 ofﬁcio
1243 3250 1436 3304 debita:
1487 3252 1853 3304 venerationis
1885 3251 2125 3318 impleto,

2309 3261 2327 3293 ι
2370 3244 2502 3314 μόνῃ
2522 3246 2847 3317 παραμυθίᾳ
2871 3250 3268 3316 κατεπράϋνεν,
3291 3250 3371 3301 ὅτι
3407 3256 3500 3304 καὶ
3525 3254 3671 3321 ἡμᾶς
3704 3255 3804 3310 τοῦ

638 3360 655 3390 ι
698 3341 967 3408 supplices
1003 3341 1257 3407 petimus,
1285 3355 1350 3393 ne
1379 3340 1633 3407 deinceps
1657 3341 1720 3393 ad
1742 3350 1951 3394 vestras
1969 3355 2129 3396 aures

2309 3351 2327 3382 ι
2375 3334 2609 3403 ὀδυρμοῦ
2627 3335 2720 3388 τοῦ
2753 3336 3032 3404 διηνεκοῦς
3062 3338 3307 3407 καμάτου
3371 3341 3665 3409 εὑλύτωσε,
3705 3349 3805 3400 καὶ

645 3451 662 3480 ι
702 3445 814 3493 eos,
843 3432 932 3497 qui
990 3431 1116 3483 hinc
1145 3430 1402 3494 veniunt,
1445 3429 1603 3482 facile
1633 3430 1934 3484 admittatis
1976 3449 1989 3484 :
2026 3445 2127 3485 nec

2310 3442 2328 3475 ι
2375 3428 2484 3486 τοῖς
2540 3425 2688 3486 ίδίοις
2727 3426 3039 3494 τραύμασιν
3085 3427 3380 3496 ὁτεδήποτε
3417 3431 3592 3497 ίασεν,
3624 3436 3675 3485 εί
3703 3437 3804 3489 καὶ

645 3539 662 3566 ‹
705 3520 793 3587 qui
849 3534 876 3570 ιι
937 3518 1095 3571 nobis
1155 3519 1605 3570 excommunicati
1643 3519 1861 3581 fuerint,
1899 3519 1950 3571 in
1979 3535 2126 3573 com-

2310 3534 2327 3565 ι
2375 3515 2640 3576 ἀκουσίως
2658 3516 2861 3577 καὶτῆς
2886 3516 3022 3579 ιδίας
3047 3518 3402 3587 συνειδήσεως
3425 3523 3804 3592 ἀντιμαχομέ-

647 3626 666 3658 ι
713 3608 1019 3660 ιιιιιηίοηοηι
1081 3606 1258 3660 velitis
1319 3607 1458 3659 ultra
1519 3607 1782 3674 recipere.
1843 3606 1973 3660 Nam
2023 3609 2127 3662 hoc

2309 3625 2326 3655 ι
2375 3624 2469 3674 νης
2497 3604 2833 3674 ὁμολογήσας
2869 3608 3257 3676 προενοήσατο,
3291 3609 3443 3679 κύριε
3477 3614 3690 3680 ἀδελφέ.
3711 3617 3803 3672 Ἑν

645 3717 663 3749 ι
704 3713 914 3765 quoque
965 3699 1015 3751 in
1072 3697 1286 3752 Nicaena
1358 3697 1562 3766 synodo
1613 3697 1888 3750 definitum
1942 3708 2123 3752 vestra

2310 3715 2326 3745 ι
2385 3696 2642 3765 προφάτῳ
2660 3696 2839 3749 τοίνυν
2862 3697 2952 3750 τοῦ
2977 3699 3306 3767 καθήκοντος
3324 3701 3420 3768 τῆς
3449 3703 3804 3776 ὀφειλομένης

645 3807 662 3834 ι
703 3787 857 3842 facile
908 3788 1147 3841 inveniet
1207 3788 1510 3841 beatitudo.
1565 3785 1618 3842 Si
1677 3786 1820 3840 enim
1872 3788 2029 3841 etiam
2059 3789 2124 3841 de

2310 3803 2327 3833 ι
2372 3786 2796 3854 προσκυνήσεως,
2831 3786 3300 3856 ὲκπληρουμένου,
3338 3792 3672 3861 ἱκετεύομεν,
3711 3797 3804 3850 ἵνα

648 3898 666 3927 ι
711 3877 1058 3932 inferioribus
1090 3877 1304 3931 clericis
1337 3885 1392 3932 et
1417 3877 1567 3932 laicis
1593 3877 1699 3930 illic
1731 3879 1939 3930 servari
1972 3878 2124 3932 vide-

2309 3894 2326 3925 ι
2374 3875 2464 3928 τοῦ
2487 3877 2670 3928 λοιποῦ
2697 3877 2831 3944 πρὸς
2849 3877 2945 3941 τὰς
2978 3879 3246 3950 ὑμετέρας
3264 3881 3431 3946 ἀκοὰς
3461 3883 3583 3947 τοὺς
3613 3888 3807 3941 ἐντεῦ-

645 3988 664 4016 ι
703 3979 822 4032 tul';
875 3968 975 4020 hoc
1003 3966 1115 4018 vult
1148 3966 1316 4019 multo
1367 3966 1541 4034 magis
1568 3967 1727 4018 etiam
1757 3966 1823 4018 de
1859 3965 2125 4033 episcopis

2311 3986 2328 4016 ι
2375 3969 2464 4019 θεν
2499 3971 2965 4036 παραγινομένους
3020 3971 3258 4040 εὐχερῶς
3306 3974 3379 4042 μὴ
3407 3976 3800 4048 προσδέχησθε·

644 4076 663 4106 ι
707 4057 929 4110 servari.
967 4055 1131 4125 676
1156 4054 1231 4110 Ne
1261 4070 1409 4124 ergo,
1446 4055 1538 4124 qui
1569 4055 1624 4108 in
1657 4054 1873 4122 propria
1903 4057 2122 4124 provin-

2307 4076 2325 4108 ι
2371 4057 2502 4125 μηδὲ
2528 4059 2654 4119 τοὺς
2683 4058 2810 4127 παρ’
2839 4060 2998 4126 ἡμῶν
3020 4060 3536 4130 ἀποκοινωνητέους,
3568 4070 3646 4131 είς
3686 4087 3802 4124 κοι.

608 4155 611 4161 ·
648 4168 664 4197 ι
700 4149 782 4200 cia
814 4162 842 4199 a
875 4149 1254 4200 cmnmunlone
1296 4147 1544 4214 suspensi
1580 4154 1724 4207 sunt,
1754 4160 1782 4198 a
1810 4155 1899 4198 tua
1923 4145 2128 4199 sancti-

2311 4167 2328 4198 ι
2378 4149 2575 4202 νωνίαν
2605 4148 2698 4201 τοῦ
2726 4149 2912 4202 λοιποῦ
2948 4150 3212 4220 θελήσητε
3265 4153 3538 4218 δέξασθαι.
3581 4159 3798 4232 Ἐπειδὴ

645 4259 663 4288 ι
704 4249 828 4303 tate,
865 4238 1040 4292 dedita
1068 4252 1256 4305 opera,
1306 4247 1360 4290 et
1393 4248 1448 4290 ut
1483 4251 1586 4289 non
1619 4244 1853 4302 oportet,
1883 4251 2124 4289 commu-

2306 4256 2324 4287 ι
2366 4239 2520 4291 τοῦτο
2549 4239 2642 4291 καὶ
2665 4241 2730 4308 τῇ
2764 4241 2820 4292 ὲν
2851 4240 3055 4308 Νικαίᾳ
3087 4241 3288 4310 συνόδῳ
3315 4244 3530 4313 ὁρισθὲν
3560 4247 3800 4317 εὐχερῶς

644 4351 664 4382 ι
703 4331 849 4384 nloni
885 4329 1119 4383 restituti
1179 4326 1486 4381 videantur.
1544 4324 1991 4394 Presbyterorum
2024 4339 2122 4375 au-

2308 4347 2324 4378 ι
2369 4328 2557 4399 εὕροιή
2588 4329 2652 4398 σὴ
2676 4329 3054 4399 σεϐασμιότης.
3083 4331 3141 4382 Ei
3161 4331 3266 4399 γὰρ
3296 4335 3390 4386 καὶ
3417 4335 3542 4404 περὶ
3561 4340 3799 4388 κατωτέο

649 4444 664 4472 ι
699 4435 804 4475 tem
855 4420 1103 4476 similiter
1164 4429 1218 4471 et
1273 4417 1718 4482 consequentium
1799 4413 2120 4466 clericorum
2161 4437 2206 4495 ο

2309 4437 2325 4466 ι
2376 4434 2484 4485 ρων
2510 4417 2787 4483 κληρικῶν
2831 4417 2923 4468 καὶ
2980 4418 3108 4484 περὶ
3165 4415 3369 4472 λαῖκῶν
3408 4422 3653 4486 φαίνεται
3682 4425 3801 4476 ἐκεῖ

641 4515 1044 4582 «impudentes
1099 4511 1272 4578 fugas,
1335 4520 1393 4562 ut
1453 4518 1503 4559 te
1533 4505 1752 4575 dignum
1806 4513 1910 4567 est,
1947 4517 2126 4571 perse-

2307 4526 2322 4556 ι
2372 4504 2905 4574 παραφυλάττεσθαι,
2929 4505 3108 4576 πολλῷ
3141 4507 3340 4576 μᾶλλον
3361 4498 3514 4561 τοῦτο
3534 4512 3659 4579 περὶ
3677 4517 3799 4567 ἐπι·

643 4622 663 4653 ι
710 4617 904 4671 quetur
967 4611 1055 4654 tua
1111 4601 1393 4654 sanctitas.
1443 4595 1577 4648 Nam
1628 4609 1800 4663 neque
1831 4608 1924 4662 per
1960 4593 2122 4645 ullum

2308 4614 2325 4644 ι
2374 4596 2586 4647 σκόπων
2635 4593 2880 4663 βούλεται
2915 4594 3436 4662 παραφυλαχθῆναι.
3475 4598 3566 4665 Μὴ
3592 4593 3687 4651 οὖν
3741 4603 3796 4653 oi

649 4711 666 4741 ι
714 4693 929 4745 Patrum
985 4691 1258 4742 decretum
1313 4690 1414 4742 hoc
1471 4686 1733 4739 Africanae
1762 4684 2015 4738 Ecclesia:
2045 4691 2124 4737 est

2304 4705 2322 4736 ι
2372 4689 2429 4737 ὲν
2459 4689 2522 4754 τῇ
2560 4684 2666 4750 ίδίᾳ
2698 4683 2939 4754 ἐπαρχίᾳ
2971 4684 3077 4736 ἀπὸ
3100 4684 3196 4752 τῆς
3232 4687 3515 4749 κοινωνίας
3562 4690 3801 4762 ἀναρτη-

647 4802 668 4832 ι
711 4781 1033 4845 prohibitum
1069 4798 1081 4834 :
1131 4791 1184 4834 et
1239 4779 1471 4831 Nicena:
1524 4777 1713 4846 synodi
1749 4784 1974 4839 statuta,
2007 4774 2123 4827 sive

2308 4793 2323 4822 ι
2375 4773 2554 4833 Οέντες
2611 4771 2760 4841 παρὰ
2788 4773 2885 4840 τῆς
2936 4771 3034 4840 σῆς
3084 4772 3418 4839 ἁγιωσύνης,
3473 4777 3796 4845 σπουδαίωο,

651 4892 669 4922 ‹
707 4873 930 4925 clericos
959 4870 1230 4925 inferioris
1261 4870 1479 4937 gradus,
1511 4867 1623 4920 sive
1653 4866 1800 4934 ipsos
1825 4867 2123 4934 episcopos,

2305 4882 2321 4912 ι
2371 4865 2461 4915 καὶ
2494 4862 2676 4924 καθὼς
2732 4862 2807 4932 μὴ
2835 4863 2964 4932 χρὴ,
3016 4863 3257 4932 φανῶσιν
3300 4865 3799 4936 ἀποκαθιστάμενω

653 4983 669 5012 ι
716 4965 948 5032 propriis
978 4959 1404 5030 Metropolitanis
1462 4958 1804 5025 apertissime
1836 4957 2124 5009 commise-

2306 4977 2323 5006 ι
2370 4959 2434 5025 τῇ
2461 4954 2734 5023 κοινωνίᾳ.
2795 4955 2903 5007 Καὶ
2935 4955 3042 5037 τῶν
3071 4955 3459 5026 πρεσϐυτέρων
3495 4957 3550 5008 δὲ
3595 4958 3800 5023 ὁμοίως

650 5075 668 5104 ι
711 5065 852 5108 runt.
904 5054 1187 5122 Sapienter
1221 5052 1362 5104 enim
1397 5060 1448 5103 et
1505 5049 1649 5115 iuste
1694 5058 2081 5115 perspexerunt
2111 5085 2125 5110 ,

2306 5066 2322 5095 ‹
2373 5047 2464 5097 καὶ
2521 5045 2627 5095 τῶν
2659 5045 2939 5112 ἑπομένων
2965 5043 3238 5114 κληρικῶν
3268 5047 3365 5107 τὰς
3399 5047 3630 5108 ἀναιδεῖς
3659 5050 3800 5100 ἁπο-

651 5167 670 5196 ι
713 5160 1043 5214 quaecunque
1070 5143 1269 5196 fuerint
1319 5148 1502 5193 exorta
1547 5142 1784 5205 negotia,
1823 5153 1884 5190 ea
1917 5138 1967 5190 in
1998 5152 2128 5205 pro-

2310 5158 2327 5188 ι
2375 5138 2566 5205 φυγὰς,
2610 5138 2685 5199 ὼς
2715 5137 2859 5188 ἐστιν
2903 5153 2995 5188 σου
3032 5137 3198 5202 ἄξιον,
3237 5138 3523 5201 ἀποδιώξει
3567 5141 3600 5207 ἠ
3625 5140 3804 5206 ἁγιωιο

649 5257 667 5287 ι
709 5235 838 5302 priis
872 5235 998 5285 locis
1031 5231 1306 5285 terminari
1366 5229 1586 5282 debere.
1619 5227 1800 5294 Neque
1827 5227 1969 5280 enim
2004 5226 2126 5280 uni-

2311 5247 2328 5276 ‹
2379 5228 2508 5296 σύνη
2542 5229 2575 5297 ἡ
2598 5227 2686 5296 σή.
2746 5226 2962 5294 Ἐπειδὴ
2993 5229 3086 5277 καὶ
3119 5226 3179 5277 ού
3232 5226 3320 5277 διά
3351 5244 3494 5288 τινος
3533 5229 3658 5296 ὅρου
3689 5229 3801 5280 τῶν

652 5347 672 5378 ι
711 5325 903 5391 cuique
941 5322 1290 5391 providentiae
1344 5318 1532 5372 Sancti
1603 5319 1844 5389 Spiritus
1903 5316 2128 5385 gratiam

2309 5336 2325 5366 ι
2377 5315 2629 5382 Πατέρων
2647 5312 2803 5365 τοῦτο
2822 5312 3192 5381 ἀπηγόρευται
3213 5315 3277 5381 τῇ
3307 5313 3363 5363 ὲν
3403 5314 3632 5382 Ἀφρικῇ
3675 5315 3803 5366 Ἐκ-

656 5435 676 5467 ι
716 5419 905 5471 deesse
961 5421 1235 5482 putarunt,
1275 5427 1368 5479 per
1424 5425 1583 5479 quam
1614 5408 1822 5476 justitia
1869 5422 1896 5459 a
1926 5406 2126 5461 Christi

2313 5427 2330 5456 ι
2376 5405 2574 5475 κλησίᾳ
2595 5419 2606 5432 ⁸
2639 5404 2733 5456 καὶ
2763 5403 2828 5453 τὰ
2858 5402 3180 5469 ψηφίσματα
3221 5402 3317 5468 τῆς
3343 5404 3399 5454 ὲν
3446 5403 3649 5474 Νικαίᾳ
3675 5421 3803 5464 συν-

659 5529 679 5559 c
711 5507 1080 5562 sacerdotibus
1136 5514 1189 5558 ct
1249 5506 1458 5556 videtur
1492 5502 1800 5570 prudenter,
1827 5507 1877 5554 et
1908 5498 2131 5563 firmiter

2315 5518 2330 5546 ι
2379 5497 2518 5559 όδου,
2577 5494 2687 5546 εἴτε
2729 5494 3025 5562 κληρικοὺς
3089 5492 3184 5544 τοῦ
3244 5494 3556 5564 κατωτέρου
3589 5493 3802 5564 βαθμοῦ

662 5617 684 5648 ι
719 5600 967 5659 tenetur,
1001 5599 1230 5650 maxime
1287 5596 1426 5661 quod
1493 5594 1653 5644 etiam
1688 5590 1978 5657 unicuique
2005 5603 2134 5642 con-

2316 5607 2331 5637 ι
2383 5588 2491 5638 εῐτε
2549 5584 2748 5644 αὐτοὺς
2783 5584 2908 5644 τοὺς
2955 5582 3312 5650 ἐπισκόπους,
3366 5587 3476 5646 τοῖς
3519 5585 3667 5647 ἰδίοις
3697 5601 3803 5655 μη-

663 5707 683 5740 ι
724 5703 932 5742 cessum
957 5698 1057 5750 est,
1084 5688 1125 5741 si
1157 5687 1206 5740 ci
1228 5687 1488 5748 videatur,
1515 5685 1579 5735 de
1605 5681 1843 5750 indicum
1870 5679 2133 5732 sententia

2326 5699 2342 5730 ι
2391 5677 2732 5746 agonali-4t;
2777 5673 3129 5743 φανερώτατα
3153 5676 3530 5746 κατέπεμψαν.
3555 5677 3799 5741 Συνετῶς
