4002 6314
211 367 334 430 με)

1231 371 1311 429 IN
1362 370 1525 430 CAN.
1555 370 1804 428 cxxxv
1837 369 2043 431 CONC.
2080 345 2462 431 erismae.

3338 368 3440 427 446

298 492 320 524 ε
365 471 472 542 γὰρ
521 473 613 525 καὶ
650 472 869 536 δικαίως
920 473 1180 536 συνεῖδεν,
1241 475 1598 542 ἁτιναδὴποτε
1643 474 1786 543 πρά-

1971 495 1990 526 (
2031 478 2096 530 ad
2134 480 2370 546 synodos
2420 477 2674 545 proprias
2705 477 3014 544 provincite,
3046 477 3126 531 vel
3185 488 3443 544 praeterea

296 580 320 612 ε
366 578 549 628 γματα
620 561 924 628 ἁναφυῶσι,
981 562 1156 612 ταῦτα
1184 561 1241 612 ἐν
1299 563 1410 623 τοῖς
1455 561 1604 622 ίδίοις
1643 561 1788 627 όφεί-

305 672 323 703 ι
369 653 482 704 λειν
512 652 878 722 περατοῦσθαι
912 652 1117 714 τόποις.
1148 651 1282 704 Οὐτε
1317 655 1424 720 γὰρ
1457 654 1557 722 μιᾷ
1587 654 1790 722 ἑκάστῃ

303 763 319 792 ι
371 745 595 812 προνοίᾳ.
653 743 964 810 ἐλογίσαντο
1011 743 1279 795 ἐλλείπειν
1327 744 1426 812 τὴν
1465 745 1626 814 χάριν
1695 743 1788 795 τοῦ

305 850 326 883 ε
372 833 528 899 ἁγίου
550 833 881 900 Πνεύματος,
897 833 961 885 δι’
977 829 1042 902 ἦς
1069 835 1099 901 ἡ
1119 834 1432 902 δικαιοσύνη
1450 835 1554 886 ἀπὸ
1570 835 1676 886 τῶν
1699 834 1790 886 τοῦ

313 943 331 973 ι
377 924 614 989 Χριστοῦ
683 925 869 994 ἱερέων
931 926 1024 977 καὶ
1076 924 1270 994 δρᾶται
1331 925 1639 993 φρονίμως,
1697 928 1792 977 καὶ

306 1033 324 1060 ι
367 1017 662 1082 ,κατέχεται
727 1014 1047 1081 σταθερῶς,
1137 1014 1372 1081 μάλιστα
1420 1017 1500 1069 ὅτι
1571 1017 1662 1068 καὶ
1714 1016 1793 1068 ἐν)⁸

307 1122 324 1166 ς
373 1105 586 1171 ἑκάστῳ
620 1104 1056 1174 συγκεχώρηται,
1091 1106 1184 1157 ἐὰν
1233 1107 1485 1176 περὶτῆς
1507 1107 1660 1175 δίκης
1696 1109 1792 1176 τῆς

299 1211 322 1246 ε
368 1195 471 1246 τῶν
491 1195 832 1262 διαγνωστῶν
868 1197 1177 1264 προΐσταται
1203 1197 1348 1265 αὑτῴ
1378 1201 1513 1268 πρὸς
1532 1198 1628 1260 τὰς
1648 1201 1797 1251 συνό-

303 1303 323 1334 ι
369 1286 492 1345 δους
525 1286 622 1353 τῆς
655 1283 790 1346 ιδίας
822 1287 1171 1356 ἐπαρχίας,ἢ
1219 1287 1296 1339 ἔτι
1337 1287 1441 1357 μὴν
1488 1290 1568 1350 είς
1621 1289 1794 1340 οἰκου-

304 1395 322 1424 ι
372 1373 601 1443 μενικὴν
657 1374 896 1438 σύνοδον,
950 1376 1317 1431 ἐκκαλεῖσθαι.
1390 1378 1551 1447 Είμὴ
1579 1378 1684 1445 ἄρα
1714 1379 1795 1439 τίς

308 1483 334 1514 ι·
372 1466 540 1527 ἐστιν,
590 1465 739 1526 ὅστις
798 1467 1191 1528 πιστεύσει,’ἐνὶ
1239 1468 1595 1537 ᾠτινιδήποτε
1624 1470 1786 1522 δύνα-

308 1572 326 1603 ι
375 1555 497 1609 σθαι
521 1554 610 1606 τὸν
629 1555 759 1606 Θεὸν
793 1555 946 1624 ἡμῶν
975 1555 1074 1624 τῆς
1105 1556 1336 1626 κρίσεως
1363 1559 1662 1626 ἐμπνεῦσαι
1694 1560 1792 1628 τὴν

306 1664 322 1694 ι
368 1645 733 1715 δικαιοσύνην,
763 1648 874 1707 τοῖς
907 1645 963 1698 δὲ
1025 1647 1418 1716 ἀναριθμήτοις
1472 1649 1550 1709 είς
1582 1647 1798 1700 σύνοδον

305 1752 326 1786 ε
375 1735 850 1804 συνηθροισμένοις
876 1736 1110 1803 ίεριῦσιν
1141 1736 1445 1803 ἀρνεῖσθαι.
1469 1735 1591 1798 Πῶς
1611 1739 1666 1789 δέ
1689 1738 1795 1804 ἄρα

308 1841 324 1871 ι
371 1823 560 1893 αὐτηή
583 1825 930 1892 περαματικὴ
953 1826 1131 1893 κρίσις
1161 1823 1353 1894 βεϐαία
1385 1827 1558 1886 ἔσται,
1580 1827 1794 1896 πρδςΊιν

309 1931 324 1959 ι
363 1913 472 1964 τῶν
499 1914 790 1982 μαρτύρων
807 1914 874 1966 τὲ
907 1916 1177 1980 ἁναγκαῖα
1214 1916 1501 1980 πρόσωπα.
1522 1916 1553 1985 ἢ
1578 1918 1665 1968 διὰ
1695 1919 1794 1984 τὴν

309 2019 327 2049 ι
372 2006 470 2070 τῆς
498 2003 711 2069 φύσεως
751 2004 782 2070 ἢ
836 2005 921 2056 διὰ
952 2006 1049 2073 τὴν
1111 2005 1200 2056 τοῦ
1248 2007 1448 2073 γήρως
1492 2008 1792 2071 ἀσθένειαν,

308 2110 327 2142 ι
392 2094 423 2159 ἢ
471 2093 685 2155 πολλοῖς
712 2092 889 2152 ἄλλοις
911 2095 1282 2161 ἐμποδισμοῖς,
1311 2095 1588 2164 ἐνεχθῆναι
1615 2097 1688 2148 οὐΔ
1707 2096 1798 2148 δύ-

200 2208 203 2209 ν
306 2199 326 2231 ι
371 2199 546 2235 ναται.
573 2184 708 2251 Περὶ
724 2185 826 2250 γὰρ
847 2183 1122 2246 τοῦ.τινὰς
1142 2184 1340 2237 ὡσανεὶ
1372 2187 1433 2236 ἐκ
1455 2185 1546 2237 τοῦ
1565 2187 1795 2253 πλευροῦ

309 2290 328 2320 ς
370 2271 468 2339 τῆς
488 2273 585 2338 σῆς
617 2274 925 2342 ἁγιωσύνης
948 2275 1276 2342 πέμπεσθαι,
1299 2276 1522 2344 οὐδεμιᾷ
1543 2277 1648 2328 τῶν
1679 2280 1789 2329 Πα-

316 2379 332 2408 ι
377 2362 551 2428 τέρων
588 2362 790 2429 συνόδῳ
833 2363 1042 2431 ὁρισθὲν
1071 2364 1414 2434 εὑρίσκομεν.
1435 2366 1646 2434 Ἐπειδὴ
1666 2369 1798 2437 ὅπερ

311 2469 328 2500 ι
380 2451 544 2502 πάλαι
584 2452 672 2503 διὰ
703 2452 798 2504 τοῦ
850 2453 1011 2505 αὐτοῦ
1044 2455 1439 2508 συνεπισκόπου
1484 2458 1638 2525 ἡμῶν
1666 2459 1798 2510 Φαυ-

313 2561 330 2591 ι
384 2543 586 2605 στίνου,
608 2543 805 2595 ὡσανεὶ
827 2546 888 2594 ἐκ
919 2546 1115 2615 μέρους
1135 2547 1231 2614 τῆς
1263 2548 1318 2598 ἐν
1334 2548 1536 2615 Νικαία
1561 2549 1797 2612 συνόδου,

305 2654 330 2683 ιε
378 2634 606 2686 αὐτόθεν
648 2636 971 2695 ἀπέσταλτο,
1026 2639 1081 2687 ἐν
1113 2639 1230 2698 ταῖς
1254 2637 1636 2706 ἀληθεστέρως
1664 2642 1800 2692 ἁπο-

313 2743 331 2772 ι
379 2725 618 2792 γραφαῖς
656 2725 751 2790 τῆς
784 2726 839 2778 ἐν
870 2726 1094 2793 Νικαίᾳ,
1129 2726 1306 2792 ἁσπερ
1352 2726 1649 2795 ἐδεξάμεθα
1697 2730 1802 2781 ἀπὸ

316 2841 334 2867 ι
379 2814 473 2867 τῦ
505 2817 806 2882 ἁγ;ωτὰτου
838 2817 1117 2884 Κυρίλλου,
1154 2817 1247 2869 τοῦ
1280 2821 1376 2888 τῆς
1413 2819 1802 2888 Ἀλεξανδρέων

311 2925 330 2956 ε
380 2907 674 2974 ἐκκλησίας
726 2909 1126 2959 συνεπισκόπου
1183 2909 1362 2976 ἡμῶν,
1388 2910 1481 2960 καὶ
1513 2911 1662 2978 παρὰ
1695 2909 1802 2963 τῶν

312 3017 332 3047 ι
379 2997 470 3050 τοῦ
500 2999 876 3067 προσκυνητοῦ
908 2999 1148 3051 Ἀττικοῦ
1168 2999 1259 3050 τοῦ
1284 3001 1341 3050 ἐν
1375 3001 1803 3053 Κωνσναντινου-

314 3109 330 3138 c
382 3089 535 3141 πόλει
595 3091 918 3153 ἐπισκόπου,
944 3090 1284 3156 πεμφθείσας
1321 3091 1383 3142 ἐκ
1409 3089 1514 3142 τῶν
1553 3090 1798 3144 αὐθεντι-
1827 3094 1868 3149 C

308 3199 327 3229 ε
381 3180 492 3230 κῶν
518 3196 532 3210 ·
560 3180 763 3240 αἵτινες
787 3180 864 3231 ἐτι
899 3180 1002 3248 μὴν
1024 3180 1130 3248 πρὸ
1163 3179 1354 3231 τούτου
1387 3179 1474 3231 διὰ
1544 3180 1798 3231 Ἰννοκεν-

311 3285 328 3316 ι
383 3268 496 3318 τίου
527 3268 620 3318 τοῦ
667 3268 1039 3335 πρεσϐυτέρου
1064 3269 1155 3319 καὶ
1179 3265 1497 3332 Μαρκέλλου
1548 3265 1640 3316 τοῦ
1673 3265 1800 3318 ὐπο-

310 3375 331 3407 ι
380 3357 649 3421 διακόνου,
684 3360 751 3410 δι’
782 3353 856 3408 ὧν
888 3359 1022 3427 πρὸς
1080 3359 1224 3426 ἡμᾶς
1256 3356 1386 3425 παρ’
1409 3355 1632 3408 ἐκείνων
1664 3358 1800 3410 ἁπε-

308 3466 328 3497 ε
380 3446 676 3514 στὰλησαν,
708 3448 784 3515 τῷ
812 3449 909 3516 τῆς
956 3448 1340 3516 προσκυνητῆς
1401 3449 1618 3517 μνήμης
1653 3446 1801 3498 Βονι-

308 3554 326 3585 ι
379 3537 552 3605 φατίῳ
609 3538 687 3602 τῷ
737 3539 1020 3606 ἐπισκόπῳ
1074 3537 1150 3604 τῷ
1183 3537 1625 3607 προηγησαμένῳ
1658 3537 1801 3605 ὑμᾶς

311 3646 329 3675 ι
382 3626 513 3693 παρ’
562 3627 720 3695 ἡμῶν
783 3628 1218 3697 ἐξεπέμφθησαν,
1284 3628 1495 3679 τοιοῦτό
1557 3629 1609 3678 τί
1670 3644 1800 3679 ποτε

313 3734 333 3764 ί
382 3717 480 3767 οὐκ
545 3717 889 3786 ἠδυνήθημεν
961 3715 1158 3784 εὑρεῖν.
1227 3715 1589 3776 Ἐκὸιδαστὰς
1626 3716 1802 3767 τοίνυν

315 3823 334 3854 ι
385 3805 684 3875 κληρικούς
749 3806 902 3873 ὐμῶν
952 3805 1113 3857 τινῶν
1157 3805 1454 3857 αίτούντων
1516 3807 1589 3874 μὴ
1620 3804 1801 3858 θέλετε

315 3917 334 3947 ι
383 3897 753 3959 ἀποστέλλειν,
782 3898 917 3966 μήτε
949 3899 1320 3965 παραχωρεῖν,
1364 3897 1450 3948 ἵνα
1470 3897 1560 3948 τὸν
1589 3896 1804 3948 καπνώ-

1968 586 1986 618 ι
2026 569 2188 621 etiam
2246 568 2310 622 ad
2364 569 2726 621 universalem
2791 568 3076 636 synodum,
3143 568 3443 637 appellare.

1969 679 1985 710 ι
2025 659 2136 712 Nisi
2167 663 2350 728 tttique
2385 661 2454 712 sit
2488 659 2703 726 aliquis.
2735 660 2824 722 qui
2858 661 3059 720 credat,
3087 659 3441 723 unicuipiam,

1969 771 1988 802 ι
2020 753 2325 818 quicunque
2382 752 2426 803 is
2454 751 2543 813 sit,
2573 765 2728 815 posse
2755 751 2920 803 Deum
2975 760 3220 804 nostrum
3253 749 3444 818 iudicii

1969 840 2288 908 «justitiam
2369 837 2656 906 inspirare,
2717 840 3202 893 innumerabilibus
3266 850 3445 892 autem

1971 950 1988 981 ι
2020 931 2389 984 sacerdotibus
2438 931 2490 983 in
2539 931 2796 1000 synodum
2832 931 3174 997 congregatis
3225 941 3445 994 negare.

1971 1043 1989 1075 ι
2033 1023 2311 1088 Quomodo
2336 1038 2464 1090 ergo
2517 1023 2731 1076 firmum
2764 1023 2867 1074 erit
2893 1021 2993 1073 hoc
3025 1020 3450 1072 transmarinum

1971 1135 1990 1166 ε
2024 1115 2307 1182 judicium,
2342 1115 2408 1166 ad
2439 1114 2578 1178 quod
2640 1111 2854 1166 testium
2913 1109 3232 1171 necessaria:
3269 1122 3452 1174 perso-

1975 1224 1994 1257 ι
2037 1219 2138 1265 me,
2172 1204 2255 1256 vel
2311 1212 2527 1269 propter
2558 1213 2760 1253 natura:
2814 1199 2894 1252 vel
2928 1208 3144 1266 propter
3186 1197 3321 1250 senii
3355 1197 3426 1249 im

1964 1313 1982 1348 t
2029 1294 2397 1356 becillitatem,
2458 1292 2538 1344 vel
2600 1301 2816 1358 propter
2870 1289 3028 1341 multa
3066 1288 3168 1340 alia
3219 1285 3452 1356 impedi-

1976 1407 1995 1439 ι
2038 1396 2240 1448 menta,
2297 1385 2482 1438 deduci
2545 1398 2648 1435 non
2683 1381 2943 1447 possunt?
2976 1379 3104 1431 Nam
3134 1378 3200 1432 de
3234 1378 3481 1431 mitten-‘

1976 1497 1993 1528 ι
2036 1478 2117 1531 dis
2147 1473 2492 1542 quibusdam.
2529 1472 2744 1524 velutia
2796 1472 2962 1523 latere
3013 1477 3206 1520 vestrae
3254 1463 3454 1521 sancti-

1971 1586 1990 1618 ι
2029 1568 2175 1630 tatis,
2206 1581 2234 1618 a
2269 1567 2411 1619 milia
2455 1563 2674 1616 Patrum
2713 1561 2917 1630 synodo
2957 1559 3313 1612 constitutum
3363 1555 3452 1610 in—

1977 1678 1996 1709 ε
2037 1660 2298 1712 venimus.
2331 1658 2482 1722 Quod
2543 1655 2672 1708 olim
2732 1653 2874 1706 enim
2929 1666 3024 1718 per
3076 1651 3217 1703 lntnc
3278 1649 3454 1718 ipsum

1979 1762 1996 1795 ι
2031 1744 2408 1812 coepiscopum
2445 1753 2683 1796 nostrum
2729 1740 3071 1800 Faustinum,
3106 1748 3362 1805 tanquam
3390 1752 3454 1790 ex
3540 1785 3548 1791 .

1965 1855 1982 1887 ι
2015 1843 2168 1902 parte
2215 1835 2442 1887 Nicmnae
2490 1833 2701 1903 synodi,
2753 1831 2952 1884 istltine
3001 1829 3224 1882 missum
3260 1827 3454 1888 fuerat,

1975 1944 1992 1976 ι
2030 1929 2082 1977 in
2116 1924 2420 1976 verioribus
2457 1922 2683 1975 Nicaeum
2729 1921 2921 1987 synodi
2967 1918 3299 1984 repertoriis,
3336 1929 3456 1984 quae

1973 2035 1990 2066 (
2027 2031 2054 2068 a
2099 2015 2453 2068 sanctissimo
2512 2013 2712 2082 Cyrillo
2761 2009 3140 2063 Alexandrinae
3199 2005 3457 2060 Ecclesia:

1973 2125 1991 2157 ι
2030 2105 2374 2171 coepiscopo,
2405 2113 2458 2156 et
2489 2117 2517 2155 a
2550 2100 2859 2155 venerando
2915 2100 3093 2150 Attico
3142 2095 3456 2153 Constanti-

1975 2215 1993 2248 ε
2035 2195 2244 2262 nopolis
2274 2197 2546 2260 episcopo.
2588 2208 2651 2246 ex
2685 2190 3014 2245 authentieis
3045 2189 3208 2242 missa
3243 2189 3457 2251 accepi-

1975 2299 1998 2334 ι
2040 2298 2194 2344 mus;
2255 2298 2372 2349 quas
2424 2281 2641 2349 quidem
2676 2281 2904 2334 antehac
2939 2295 3032 2346 per
3078 2278 3454 2331 Innocentium
3541 2332 3544 2336 ί

1977 2392 1995 2426 ι
2033 2374 2401 2442 presbyterum
2433 2382 2486 2425 et
2541 2370 2848 2426 Marcellum
2905 2370 3318 2430 subdiaconum,
3361 2382 3455 2433 per

1994 2481 2012 2515 ι
2056 2477 2189 2533 quos
2217 2465 2282 2516 ad
2317 2478 2412 2516 nos
2441 2463 2506 2515 de
2540 2463 2646 2516 illis
2683 2463 2841 2515 missa
2870 2461 3115 2522 fuerant,
3138 2460 3458 2513 veneranda:

1980 2574 1998 2605 ι
2038 2553 2311 2607 memoriae
2357 2552 2636 2605 Bonifacio
2669 2552 2922 2620 episcopo
2971 2549 3242 2604 decessori
3278 2555 3458 2601 vestro

1981 2659 2000 2692 ι
2035 2657 2062 2694 a
2097 2640 2250 2695 nobis
2298 2641 2564 2694 destinata
2603 2649 2728 2692 sunt
2761 2657 2774 2691 :
2825 2637 2957 2691 nihil
3007 2636 3268 2703 ejusmodi
3304 2635 3456 2692 inve—

1981 2751 1999 2782 ι
2032 2731 2150 2783 nire
2185 2729 2535 2798 potuerimus.
2565 2727 2919 2781 Exsecutores
2950 2742 3078 2795 ergo
3102 2737 3308 2780 vestros
3341 2725 3458 2777 cle-

1984 2839 2001 2870 ι
2044 2821 2182 2873 ricos
2223 2820 2531 2885 petentibus
2559 2819 2828 2888 aliquibus
2863 2833 2927 2870 ne
2982 2817 3162 2871 velitis
3216 2816 3454 2875 mittere,

1981 2929 1999 2961 ι
2039 2925 2137 2962 nec
2191 2910 2525 2976 permittere,
2564 2919 2620 2962 ut
2677 2908 2944 2960 fumosum
3007 2905 3191 2959 mundi
3256 2904 3458 2957 fastum
3557 2899 3562 2904 ’

1980 3019 1998 3051 ι
2034 2998 2234 3054 Christi
2261 2998 2512 3051 Ecclesia;
2539 2998 2794 3051 inducere
2825 2997 3102 3050 videamur
3126 3013 3141 3059 ;
3177 3009 3296 3062 quae
3322 2994 3458 3046 sim-

1980 3111 1997 3144 ι
2044 3092 2302 3162 plicitalis
2335 3091 2506 3145 lucem
2534 3101 2587 3144 et
2635 3090 2954 3143 humilitatis
2989 3089 3126 3142 diem
3184 3087 3341 3140 affert
3370 3085 3459 3146 iis,

1980 3198 2000 3231 ι
2032 3181 2120 3250 qui
2177 3179 2340 3232 Deum
2395 3179 2579 3232 videre
2629 3180 2871 3247 cupiunt.
2920 3178 2995 3230 De
3031 3175 3278 3229 deﬂendo
3314 3174 3456 3226 enim

1981 3289 2000 3321 ι
2037 3269 2272 3338 Apiario,
2295 3269 2404 3336 jam
2437 3284 2466 3321 a
2517 3269 2681 3322 fratre
2714 3279 2898 3322 nostro
2931 3268 3192 3320 Faustino
3218 3280 3314 3334 pro
3347 3267 3460 3317 suis

1983 3379 2000 3411 ι
2039 3361 2260 3412 nefariis
2292 3359 2543 3427 nequitiis
2573 3359 2776 3413 Christi
2809 3359 3050 3412 Ecclesia
3101 3369 3270 3415 moto.
3305 3356 3453 3407 solli-

1983 3465 2000 3498 t
2042 3448 2132 3500 citi
2165 3462 2268 3498 non
2307 3462 2526 3511 smnus;
2584 3447 2722 3514 quod
2758 3460 2878 3498 eum
2910 3456 3105 3498 vestra!
3152 3441 3461 3496 sanctitatis

1984 3554 2002 3586 ι
2044 3536 2357 3604 probatione
2388 3545 2441 3588 et
2467 3538 2801 3592 correctione
2831 3537 2883 3589 in
2925 3534 3192 3592 servanda
3223 3533 3458 3584 fraterna

1989 3644 2007 3677 ι
2045 3627 2314 3678 charitate
2373 3623 2553 3680 Africa
2589 3643 2926 3695 nequaquam
2960 3627 3187 3694 amplius
3230 3625 3460 3678 snstiue-

1988 3735 2004 3766 ι
2047 3717 2140 3770 bit.
2174 3717 2532 3783 Subscriptio.
2587 3717 2723 3770 Deus
2775 3725 2960 3769 noster
2997 3715 3336 3767 sanctitatem
3367 3729 3459 3766 ve-

1989 3823 2006 3856 ι
2049 3815 2216 3859 stram
2267 3806 2318 3858 in
2367 3805 2745 3875 longissimum
2799 3815 3012 3873 tempus
3042 3803 3336 3867 custodiat,
3366 3817 3460 3872 pro

1987 3915 2005 3947 ι
2049 3898 2201 3950 nobis
2228 3907 2492 3961 orantem,
2527 3899 2741 3950 domine
2765 3897 2952 3950 frater.
2984 3915 3002 3946 ι

309 4008 330 4040 ε
375 3989 439 4058 δη
472 3989 640 4057 τῦφον
679 3990 774 4041 τοῦ
811 3990 1016 4054 κόσμου
1047 3989 1290 4058 δόξωμεν
1324 3988 1567 4052 εἰσάγειν
1593 3990 1660 4056 τῇ
1690 3990 1785 4040 τοῦ
1861 3989 2097 4058 Χριστοῦ
2132 3989 2450 4057 Ἐκκλησία,
2510 3988 2631 4058 ἥτις
2692 3988 2751 4039 τὸ
2815 3987 2930 4055 φῶς
2989 3987 3090 4054 τῆς
3154 3986 3460 4051 ἁπλότητος

311 4099 332 4132 ‹
384 4093 476 4131 και
539 4081 639 4148 τῆς
700 4077 1198 4145 ταπεινοφροσύνης
1248 4079 1346 4147 τὴν
1411 4077 1628 4146 ἡμέραν
1712 4079 1822 4138 τοῖς
1888 4077 1980 4129 τὸν

795 4170 1083 4238 Ἀπιαρίου
1154 4168 1255 4237 ἤδη
1350 4168 1456 4218 ἀπὸ
1543 4166 1637 4219 τοῦ
1691 4168 1919 4237 ἀδελφοῦ

311 4189 333 4220 ι
385 4171 582 4222 κλαυσί
590 4187 691 4239 μου

2053 4077 2185 4128 Θεὸν
2237 4075 2364 4128 ἰδεῖν
2422 4075 2778 4143 ἐπιθυμοῦσιν
2838 4075 3154 4143 προσφέρει.
3201 4072 3305 4126 Τοῦ
3354 4075 3460 4139 γὰρ

1996 4167 2150 4237 ἡμῶν
2200 4168 2497 4222 Φαυστίνου
2556 4167 2698 4220 κατὰ
2780 4168 2880 4229 τὰς
2950 4167 3081 4229 ιδίας
3175 4161 3460 4233 ἀθεμίτους

311 4281 329 4311 ι
379 4260 733 4329 ἁχρειοσύνας
771 4261 833 4311 ἐκ
890 4260 988 4328 τῆς
1044 4256 1137 4308 τοῦ
1195 4254 1432 4325 Χριστοῦ
1505 4257 1825 4325 Ἐκκλησίας
1898 4255 2317 4326 ἁποκινηθέντος
2367 4257 2666 4324 ἁμέριμνοί
2735 4259 2942 4323 ἐσμεν·
3000 4258 3082 4309 ὅτι
3143 4257 3332 4322 τοῦτον
3393 4256 3458 4323 τῇ

312 4370 331 4400 ι
381 4352 574 4419 δοκιμῇ
595 4349 688 4402 καὶ
719 4347 972 4418 ῥυθμίσει
1010 4348 1108 4416 τῆς
1134 4345 1234 4412 σῆς
1280 4341 1587 4412 ἁγιωσύνης
1649 4344 1707 4396 ἐν
1773 4345 1848 4412 τῷ
1922 4343 2190 4406 σώζεσθαι
2276 4343 2376 4412 τὴν
2425 4345 2720 4412 ἀδελφικὴν
2783 4344 3004 4412 ἀγάπην
3063 4345 3370 4412 περαιτέρω
3425 4343 3458 4411 ἠ

314 4463 329 4493 ι
393 4442 624 4509 Ἀφρικὴ
670 4438 917 4506 οὐδαμῶς
981 4436 1248 4506 ὑπομείνῃ
1287 4433 1668 4502 ἡύπογραφή.
1737 4433 1795 4486 '0
1870 4433 2000 4495 Θεὸς
2034 4433 2190 4502 ἡμῶν
2258 4433 2356 4501 τὴν
2425 4432 2732 4497 ἁγιωσύνην
2819 4432 2973 4501 ὑμῶν
3032 4434 3125 4486 ἐπὶ
3197 4437 3459 4507 μήκιστον

318 4557 335 4584 ε
380 4534 570 4602 χρόνον
625 4529 872 4594 φυλὰξοι,
910 4527 1049 4596 ὐπέρ
1101 4526 1258 4594 ἡμῶν
1289 4525 1610 4593 εὐχομένην,
1639 4521 1796 4591 κύριε
1840 4524 2052 4590 ἀδελφέ.
2097 4543 2115 4575 ι

313 4625 508 4682 ΒΑΛΣ.
571 4621 677 4673 Τοῦ
748 4619 1032 4690 Ἀπιαρίου
1063 4616 1453 4686 ἀφορισθέντος
1487 4617 1550 4668 ἐκ
1606 4616 1703 4682 τῆς
1743 4616 1799 4668 ἐν

1975 4615 2169 4670 BALS.
2223 4616 2442 4684 Apiario
2491 4631 2520 4668 a
2585 4615 2790 4685 synodo
2840 4608 3094 4670 Africana
3157 4623 3456 4684 segregate.

253 4723 488 4789 Ἀφρικῇ
545 4715 788 4777 συνόδου,
825 4712 921 4766 καὶ
956 4711 1345 4781 προσελθόντος
1369 4709 1446 4776 τῷ
1480 4709 1676 4777 πάππα
1703 4710 1806 4761 Κε-

241 4814 470 4878 λεστίνῳ
504 4807 597 4859 καὶ
628 4805 879 4865 λυθέντος
904 4801 998 4855 τοῦ
1059 4798 1386 4869 ἁφορισμοῦ,
1455 4801 1481 4850 δ
1513 4799 1804 4860 ἐπίσκοπος

241 4901 537 4958 Φαυστῖνος
568 4895 765 4961 ἐστάλη
821 4893 928 4944 σὺν
969 4889 1161 4956 ἐκείνῳ
1218 4890 1296 4948 είς
1335 4887 1653 4956 Καρχηδόνα
1687 4886 1803 4949 ἐξε.

239 4992 422 5044 τάσων
450 4988 517 5038 τὰ
552 4984 691 5038 κατὰ
720 4981 905 5033 τούτου
935 4993 953 5012 ο
981 4978 1236 5046 λυθείσης
1273 4977 1330 5028 δέ
1351 4979 1442 5045 τῆς
1474 4976 1804 5038 ὑποθέσεως,

243 5077 524 5132 ἐπέστειλε
563 5074 635 5142 τῷ
682 5070 1045 5138 Κελεστίνῳὴ
1092 5065 1306 5127 σύνοδος
1373 5065 1470 5134 τὴν
1519 5065 1803 5134 ἐπιστολὴν

242 5170 472 5236 ταύτην.
501 5167 610 5217 Καὶ
669 5163 858 5231 πρῶτα
914 5160 1012 5229 μὲν
1042 5159 1300 5229 ᾐτιάσατο
1341 5159 1429 5209 τὸν
1486 5158 1802 5220 Φαυστῖνον,

241 5261 317 5321 ὡς
375 5257 706 5324 παραλόγως
753 5249 1170 5318 ἁντιποιηθέντα
1198 5248 1293 5300 τοῦ
1335 5249 1637 5318 ’Δπιαρίου.
1674 5244 1802 5300 Εἶτα

244 5351 528 5420 ἐπήγαγεν
587 5345 660 5406 ὡς
688 5343 795 5396 ἁπδ
851 5340 1141 5409 ὁμολογίας
1175 5339 1266 5391 τοῦ
1315 5339 1596 5407 Ἀπιαρίου
1640 5339 1802 5407 ἐλύθη

243 5447 278 5511 ἡ
313 5439 570 5498 ὑπόθεσις
596 5450 612 5466 ·
647 5433 995 5485 καὶίκέτευσε
1030 5429 1104 5498 μὴ
1131 5428 1367 5498 εὐχερῶς
1401 5427 1798 5497 προσδέχεσθαι

243 5535 338 5586 τὸν
372 5529 688 5583 Κελεστῖνον
711 5525 833 5584 τούς
857 5521 1108 5588 λέγοντας
1131 5520 1271 5572 κατὰ
1298 5521 1395 5586 τῆς
1425 5519 1668 5582 συνόδου,
1704 5519 1796 5569 καί

245 5619 640 5691 ἁφθρισθέντας
689 5613 822 5681 παρ’
865 5612 1052 5678 αὐτῆς.
1100 5611 1430 5680 ΙῙροσέΟεντο
1464 5610 1544 5675 δὲ,
1571 5611 1645 5671 ὡς
1677 5609 1799 5661 οὐδέ

241 5717 293 5768 οἱ
324 5717 378 5764 ἐν
408 5709 611 5777 Νικαίᾳ.
642 5704 878 5775 Παιέρες
914 5702 1116 5773 ὥρισαν
1158 5700 1468 5773 πέμπεσθαι
1503 5700 1652 5770 παρὰ
1698 5699 1792 5752 τοῦ

1903 4693 2090 4761 cuuiis
2127 4707 2191 4759 ad
2225 4722 2415 4775 papam
2462 4705 2789 4760 Celestinum
2818 4708 3157 4770 accessisset,
3194 4719 3246 4759 et
3279 4719 3460 4772 segre-

1903 4799 2049 4866 gatio
2089 4797 2274 4859 soluta
2305 4807 2468 4862 esset,
2519 4796 2806 4850 Faustinus
2839 4813 2940 4850 una
2967 4813 3088 4851 cum
3123 4797 3212 4850 illo
3232 4797 3460 4850 Cartha-

1904 4889 2078 4958 ginem
2114 4889 2314 4944 missus
2370 4897 2470 4950 est,
2517 4887 2784 4956 negotium
2835 4887 2955 4954 ejus
3005 4888 3456 4941 examinaturns:

1906 4981 2084 5032 decisa
2120 4987 2319 5055 autem_
2344 4994 2502 5032 causa
2545 4980 2688 5031 misit
2737 4980 2971 5047 synodus
3002 4977 3277 5031 Celestino
3314 4979 3457 5030 hanc

1905 5069 2304 5138 epistolam.Et
2359 5071 2590 5136 primum
2655 5069 2870 5137 quidem
2930 5069 3205 5121 accusavit
3241 5067 3458 5120 Fausti-
3553 5127 3559 5132 ,

1910 5177 2064 5223 num,
2097 5163 2234 5228 quod
2272 5162 2548 5227 Apiarium
2589 5170 2778 5226 pncter
2825 5161 3084 5212 rationem
3120 5157 3460 5210 dvfenderet.

1911 5253 2110 5304 Deinde
2133 5251 2409 5318 subjunin
2436 5251 2574 5318 quod
2606 5266 2670 5303 ex
2701 5250 2900 5318 Apiarii
2922 5250 3263 5303 confessione
3292 5265 3453 5302 causa

1906 5341 2010 5396 fuit
2048 5342 2272 5404 decisa;
2343 5349 2398 5394 et
2429 5341 2602 5392 oravit
2662 5351 2719 5392 ut
2783 5356 2884 5393 non
2941 5339 3097 5393 facile
3154 5341 3458 5392 admitteret

1905 5428 2207 5482 Celestinus
2265 5442 2380 5489 eos,
2409 5429 2497 5496 qui
2534 5431 2793 5480 adversus
2852 5430 3110 5496 synodum
3167 5429 3374 5486 dicunt.
3403 5438 3457 5481 et

1908 5517 1976 5571 ab
2001 5531 2062 5568 ea
2108 5517 2372 5583 segregati
2417 5525 2560 5568 sunt.
2597 5515 2922 5582 Adjecerunt
2974 5525 3150 5567 autem
3181 5518 3323 5580 quod
3359 5526 3458 5565 nec

1907 5606 2094 5660 Patres
2117 5604 2344 5658 Nicmnae
2399 5605 2585 5673 synodi
2635 5613 2958 5666 statuerunt,
2996 5620 3022 5656 a
3053 5619 3185 5672 papa
3217 5604 3266 5656 in
3303 5602 3450 5655 Afri-

1905 5712 2021 5752 cani
2078 5694 2505 5762 ntittendos,qui
2569 5707 2787 5748 causam
2846 5691 3001 5748 simul
3039 5704 3458 5761 cognoscerent,
