4002 6314
500 302 605 366 447

1744 311 2025 374 ΤΗΕΟῙ).
2060 315 2158 374 ’ΒΑ
2168 315 2470 378 LSAMON

3623 314 3733 373 448

490 426 552 469 et
591 430 688 470 nec
720 415 823 471 hoc
876 414 1151 473 invenitur
1181 419 1232 473 in
1278 420 1461 477 missis
1504 423 1570 477 ab
1601 424 1969 485 Alexandrino
2007 437 2059 485 ct

2179 430 2364 484 πάππα
2422 433 2503 495 είς
2542 431 2802 500 Ἀφρικὴν
2866 426 3391 497 συνδιαγνὼμονας·
3456 429 3551 481 καὶ
3609 429 3732 481 οὐδὲ

500 504 1102 575 Constantinopolitano
1135 510 1425 580 episcopis.

566 686 732 757 677
758 687 1007 744 ZONAR.
1038 691 1171 746 Cum
1196 692 1447 762 Apiarius
1479 698 1547 751 ab
1580 698 1829 754 Africana
1854 706 2058 772 synodo

499 786 805 845 segregatus
842 781 907 833 ad
945 781 1269 837 Celestinum
1318 801 1509 854 papam
1546 789 1893 859 confugisset,
1935 808 2056 847 eum

484 865 1197 939 Celestinussegregationis
1213 876 1425 932 vinculo
1448 878 1711 944 liberavit,
1731 892 1784 935 et
1804 897 1924 936 cum
1946 884 2054 948 illo,

498 958 587 1020 qui
614 974 828 1013 causam
861 962 975 1026 ejus
1014 979 1134 1019 cum
1166 966 1416 1021 Africana
1450 973 1656 1026 svnodo
1684 984 2055 1043 cognosceret,

503 1046 813 1102 Faustinum
850 1054 1163 1123 episcopum
1195 1058 1699 1127 Carthaginiensem
1750 1065 1915 1121 misit.
1942 1066 2058 1133 Qua

465 1140 468 1143 λ
498 1152 555 1191 re
585 1147 876 1202 transacta,
910 1145 1187 1212 epistolam
1215 1150 1351 1203 lianc
1380 1155 1613 1222 synodus
1640 1154 1703 1208 ad
1730 1154 2056 1211 Celestinum

497 1229 663 1296 dedit,
698 1248 799 1299 qua
835 1233 1172 1299 Faustinum,
1221 1242 1363 1309 quod
1402 1243 1625 1312 Apiario
1669 1246 1879 1311 faverit,
1914 1249 2058 1317 ejus.

499 1334 601 1383 que
640 1331 922 1387 patronum
962 1340 1024 1379 ac
1058 1327 1419 1394 defensorem,
1456 1348 1559 1386 non
1598 1336 1833 1403 judicem
1865 1340 2058 1406 egerit,

500 1423 564 1463 ac
615 1413 860 1467 advocati
919 1418 1177 1484 studium,
1248 1436 1352 1475 non
1406 1427 1699 1491 cognitoris
1753 1428 2058 1496 equitatem

498 1512 681 1569 aperte
714 1504 984 1572 indicarit,
1022 1518 1076 1562 et
1106 1512 1251 1576 quod
1283 1514 1487 1583 synodo
1516 1528 1573 1567 se
1601 1518 2062 1575 adversarium-sit

500 1593 796 1659 professus,
823 1611 919 1651 nec
946 1612 1075 1653 vero
1105 1601 1228 1653 dum
1271 1615 1329 1655 se
1363 1602 1614 1658 Romanas
1650 1603 1906 1661 Ecclesiae
1943 1608 2057 1674 pri-

495 1682 813 1753 vilegiorum
839 1686 1107 1741 vindicem
1137 1688 1463 1751 ostenderit,
1493 1704 1522 1742 a
1557 1692 1900 1746 contumeliis
1931 1707 2062 1761 quo-

499 1788 603 1840 que
629 1776 948 1832 abstinuerit
974 1778 1123 1845 (sunt
1147 1789 1323 1837 autem
1360 1784 1639 1851 privilegia
1668 1793 1721 1838 et
1748 1793 2068 1852 patronatus
2093 1764 2143 1820 ’Β

502 1862 757 1919 Romanae
804 1868 915 1922 sive
950 1869 1153 1925 Latina:
1190 1873 1394 1941 voces),
1426 1874 1774 1928 vehementer
1808 1883 2065 1941 accusat;

500 1957 773 2024 quodque,
806 1968 867 2013 ut
894 1959 938 2013 is
961 1976 989 2013 a
1016 1964 1220 2031 synodo
1251 1965 1316 2019 ad
1348 1967 1781 2021 communionem
1802 1969 2069 2022 admitte-

502 2059 669 2109 retur,
721 2050 882 2104 nimia
940 2052 1283 2109 festinatione
1334 2057 1724 2125 approperarit.
1775 2056 1893 2109 Non
1944 2070 2069 2127 pro-

486 2139 667 2193 cessit
716 2151 916 2209 tamen,
966 2144 1059 2198 sed
1112 2144 1293 2207 Deus,
1345 2144 1587 2201 Faustini
1647 2148 2067 2211 cunctationem,

502 2232 816 2298 dilationes,
866 2237 1247 2303 protelationes
1302 2238 1528 2303 scilicet,
1591 2238 2072 2309 frustratoriasque

501 2318 705 2388 Apiarii
736 2326 1224 2393 tergiversationes.
1254 2328 1358 2383 hoc
1385 2338 1488 2393 est,
1520 2330 2069 2398 procrastinationes,

502 2415 553 2467 in
589 2417 819 2484 negotiis
846 2418 1100 2486 gerendis
1133 2434 1362 2486 moram,
1408 2422 1585 2474 subito
1619 2421 1905 2486 dissolvit;
1952 2436 2072 2477 eam

502 2515 732 2560 mentem
777 2508 853 2561 illi
905 2510 1195 2573 immitens,
1248 2520 1305 2565 ut
1348 2512 1556 2578 objecta
1601 2515 1827 2568 crimina
1874 2525 2069 2585 sponte

501 2596 869 2653 conﬁteretur.
897 2597 1011 2662 His,
1048 2600 1119 2652 ita
1154 2610 1211 2653 ut
1239 2610 1353 2654 acta
1383 2612 1528 2666 sunt,
1557 2603 1609 2655 iu
1638 2604 1859 2671 epistola
1893 2606 2067 2673 expli-

502 2691 656 2755 catis,
690 2692 882 2746 dcinde
909 2692 1207 2761 subjiciunt
1240 2713 1253 2747 :
1289 2694 1397 2749 Nos
1426 2704 1476 2749 te
1502 2696 1589 2763 (ad
1621 2696 1950 2751 Celestinum
1978 2713 2075 2752 au-

506 2792 611 2835 tem
658 2783 833 2837 oratio
886 2783 1176 2853 dirigitur),
1224 2785 1280 2839 in
1326 2802 1598 2857 praacursu
1649 2789 1933 2854 orationis,
1972 2791 2075 2846 hoc

503 2882 605 2939 est,
641 2876 889 2943 prooemii
921 2876 1062 2941 loco,
1087 2893 1148 2931 ex
1183 2880 1374 2932 merito
1400 2880 1664 2941 venerati,
1691 2895 1759 2935 ne
1788 2882 1840 2933 in
1866 2882 1954 2947 iis,
1977 2885 2073 2953 qui

504 2980 534 3019 a
581 2966 733 3020 nobis
779 2969 1041 3036 segregati
1088 2979 1235 3033 sunt,
1284 2970 1633 3024 admittendis
1679 2970 1976 3025 faciliorem
2024 2982 2075 3029 te

2164 524 2478 589 εὑρίσκεται
2521 522 2683 576 τοῦτο
2747 524 2805 575 ἐν
2876 524 2989 584 τοῖς
3068 520 3366 590 πεμφθεῖσι
3425 522 3574 591 παρὰ
3631 519 3733 574 τοῦ

2174 602 2583 683 ὁἈλεξανδρείας
2609 614 2704 668 καὶ
2739 614 2890 683 παρὰ
2941 613 3037 666 τοῦ
3087 610 3734 673 Κωνσταντινουπόλεως.

2234 705 2477 758 ΖΩΝᾹΡ.
2512 703 2630 758 Τοῦ
2674 704 2957 774 ’Δπιαρίου
2998 703 3380 773 ἀφορισθέντος
3421 705 3484 755 ἐκ
3541 700 3639 769 τῆς
3671 704 3735 754 ἐν

2177 794 2409 862 Ἀφρικῇ
2452 793 2694 855 συνόδου,
2761 794 2854 847 καὶ
2943 792 3333 861 προσελθόντος
3388 792 3468 861 τῷ
3518 793 3729 861 πάππα

2164 883 2490 954 Κελεστίνῳ,
2518 883 2769 948 λυθέντος
2810 902 2870 937 τε
2901 884 2994 937 τοῦ
3030 883 3358 954 άφορισμοῦ,
3416 886 3448 938 δ
3504 885 3738 937 ἐπίσκο-

2166 993 2264 1034 πος
2293 977 2585 1038 Φαυστζνος
2628 976 2829 1045 ἐστάλη
2869 977 2967 1029 σὺν
3012 977 3205 1046 ἐκείνῳ
3258 978 3338 1040 είς
3396 977 3734 1045 Καρχηδόνα

2165 1067 2437 1133 ἐξετάσων
2461 1067 2527 1119 τὰ
2562 1066 2685 1119 κατ’
2717 1068 2925 1120 ἐκείνου
2956 1068 3095 1135 μετὰ
3126 1067 3226 1135 τῆς
3293 1069 3409 1121 ἐκεῖ
3489 1068 3740 1122 συνόδου.

2161 1155 2476 1222 Γενομένης
2507 1155 2561 1207 δὲ
2591 1156 2689 1223 τῆς
2748 1155 3019 1224 πράξεως,
3086 1156 3367 1209 ἐπέστειλε
3424 1157 3504 1226 τῷ
3564 1157 3746 1210 Κελε-

2170 1245 2330 1314 στίνῳ
2358 1248 2387 1312 ἠ
2426 1244 2645 1306 σύνοδος
2667 1244 2764 1314 τὴν
2793 1245 3088 1317 ἐπιστολὴν
3112 1247 3339 1315 ταύτην,
3389 1247 3458 1300 δι’
3504 1243 3577 1319 ἦς
3643 1251 3741 1301 αἰ-

2166 1332 2348 1383 τιᾶται
2424 1332 2514 1385 τὸν
2596 1334 2915 1398 Φαυστῖνον,
2989 1336 3065 1398 ὡς
3116 1336 3564 1403 ἀντιποιούμενον
3635 1336 3743 1392 τοῦ

2180 1422 2463 1494 Ἀπιαρίου
2494 1426 2585 1476 καὶ
2610 1425 2922 1493 πατρωνίαν
2974 1426 3061 1479 ἐπ’
3117 1427 3268 1495 αὐτῷ
3336 1428 3746 1499 ἐνδειξάμενον.
3774 1420 3785 1423 ’

2167 1510 2331 1580 ἧγουν
2358 1514 2716 1582 προστασίαν,
2750 1514 3026 1585 βοήθειαν,
3103 1517 3302 1570 ἀλλὀὐ
3362 1517 3562 1588 κρίσιν,
3642 1522 3749 1576 καὶ

2166 1604 2407 1675 σπουδὴν
2468 1606 2835 1671 ἐκδικοῦντος,
2901 1608 3021 1661 ἀλλ’
3058 1608 3119 1662 οὗ
3167 1609 3515 1680 δικαιοσύνην
3560 1610 3744 1674 διαγιο

2172 1694 2606 1768 νώσκοντοςῆτοι
2640 1700 2973 1765 δικάζοντος,
3033 1702 3129 1755 καὶ
3194 1703 3589 1771 ἀνθιστάμενον
3665 1704 3741 1773 τῇ

2172 1787 2391 1854 συνόδῳ,
2444 1791 2536 1843 καὶ
2569 1792 2649 1853 είς
2685 1791 2873 1862 ὕϐρεις
2892 1793 3239 1862 χωρήσαντα,
3298 1794 3374 1857 ὡς
3458 1794 3620 1862 δῆθεν
3670 1795 3746 1848 τὰ

2170 1880 2266 1949 τῆς
2313 1880 2601 1949 Ῥωμαίων
2645 1882 2970 1951 Ἐκκλησίας
3026 1883 3350 1937 ἐκδικοῦντα
3415 1884 3739 1954 πριϐιλέγια

2171 1974 2290 2042 ἦτοι
2340 1974 2613 2043 προνόμια
2646 1975 2766 2039 (καὶ
2824 1976 2856 2044 ἠ
2906 1975 3188 2041 πατρωνία
3237 1974 3292 2027 δὲ
3328 1975 3419 2027 καὶ
3472 1974 3541 2028 τὰ
3612 1992 3746 2045 πριι-

2171 2062 2401 2131 ϐιλέγια,
2436 2065 2607 2130 λέξεις
2675 2065 2985 2135 Ῥωμαϊκαὶ
3013 2067 3133 2135 ἦτοι
3160 2064 3270 2117 τῶν
3329 2064 3572 2118 Λατίνων
3608 2065 3742 2133 εἰσὶ)

2172 2155 2263 2207 καὶ
2293 2155 2588 2209 σπεύδοντα
2614 2155 2866 2225 δεχθῆναι
2935 2156 3100 2210 αὑτὸν
3159 2155 3309 2224 παρὰ
3340 2160 3441 2223 τῆς
3495 2155 3745 2220 συνόδου,

2170 2244 2269 2297 οὐκ
2297 2245 2574 2311 ἐξεγένετο
2606 2246 2752 2313 αὐτῷ
2780 2262 2793 2277 ο
2824 2245 2957 2299 ἀλλὰ
2985 2249 3011 2299 ὁ
3036 2246 3169 2309 Θεὸς
3207 2246 3305 2308 τὰς
3330 2246 3607 2313 παρολκάς
3643 2244 3748 2297 τοῦ

2172 2335 2491 2400 Φαυστίνου,
2530 2337 2625 2400 τὰς
2652 2336 2942 2401 ἀναϐολὰς,
2983 2338 3109 2396 τοὺς
3162 2335 3614 2404 ὑπερϐιϐασμοὺς
3647 2335 3749 2403 δη-

2175 2422 2307 2491 λαδὴ
2334 2424 2426 2475 καὶ
2480 2426 2578 2486 τάς
2615 2423 2939 2493 τριψεργίας
2988 2421 3083 2475 τοῦ
3131 2422 3435 2489 Ἀπιαρίου,
3498 2424 3750 2473 τουτέστι

2172 2514 2274 2576 τὰς
2302 2514 2647 2585 ὑπερθέσεις,
2676 2514 2772 2577 τὰς
2798 2516 2889 2566 ἐπὶ
2958 2516 3071 2577 τοῖς
3106 2512 3285 2583 ἔργοις
3309 2513 3502 2580 τριϐὰς
3557 2514 3751 2564 συντό-

2178 2621 2290 2674 μως
2322 2604 2568 2674 ἐξέτεμε,
2606 2606 3035 2673 παρασκευάσας
3093 2605 3255 2656 αὑτὸν
3303 2603 3636 2671 ὁμολογῆσαι
3677 2603 3751 2655 τὰ

2176 2694 2299 2747 κατ’
2329 2697 2491 2748 αὑτὸν
2518 2697 2860 2766 ἐγκλήματα.
2929 2694 3116 2747 Ταῦτα
3163 2694 3219 2747 δὲ
3307 2695 3456 2757 ὅπως
3501 2694 3753 2760 ἐγένοντο

2175 2784 2514 2849 καταλέξασα
2562 2787 2592 2854 ἡ
2626 2768 2881 2853 ἐπιστολὴ
2922 2785 3114 2849 ἐπάγει
3152 2798 3168 2816 ⁸
3217 2783 3307 2837 Ἐν
3344 2785 3608 2853 προφάτῳ
3636 2784 3754 2835 τοί-

2174 2892 2291 2937 νυν,
2328 2877 2448 2928 ἀντὶ
2473 2874 2569 2927 τοῦ
2596 2878 2652 2927 ὲν
2684 2876 3102 2947 πρωτολογίαις.
3132 2875 3191 2927 ἐν
3252 2856 3596 2942 προοιμίοις,
3648 2874 3755 2939 τὴν

2180 2967 2529 3035 ἁρμόζουσάν
2564 2984 2643 3019 σοι
2710 2967 3083 3037 προσκύνησιν
3138 2964 3477 3035 πληροῦντες
3545 2968 3751 3033 (ταῦτα.

508 3058 770 3126 praebeas,
830 3072 962 3113 neve
1006 3058 1094 3127 qui
1135 3060 1186 3113 in
1232 3074 1328 3113 sua
1380 3060 1654 3128 provincia
1697 3063 2072 3117 communione

2179 3056 2231 3109 δὲ
2262 3058 2395 3126 πρὸς
2425 3059 2513 3109 τὸν
2573 3058 2915 3126 Κεὶεστῖνον)
2982 3057 3297 3125 ἱκετεύομεν
3352 3058 3426 3126 μὴ
3507 3058 3754 3127 εὐχερῶς

508 3147 688 3202 multae
718 3149 931 3202 nomine
950 3149 1144 3217 privati
1171 3160 1315 3210 sunt,
1340 3163 1566 3217 propere
1597 3150 1758 3203 nimis
1786 3164 1850 3205 ac
1878 3151 2073 3207 festiue

500 3240 868 3293 communioni
906 3241 1180 3303 restituas,
1217 3243 1586 3293 obsecramus.
1617 3239 1721 3293 Sed
1756 3250 1808 3294 et
1840 3242 2074 3311 presby-

500 3338 663 3393 teros,
694 3338 746 3382 et
774 3330 906 3383 alios
945 3345 975 3384 e
1006 3330 1175 3393 clero,
1206 3345 1324 3384 sese
1362 3346 1456 3396 per
1486 3330 1896 3398 impudentiam,
1943 3332 2072 3383 abs-

502 3435 604 3489 que
638 3420 741 3473 nlla
778 3421 987 3487 scilicet
1028 3421 1166 3486 iusta
1203 3435 1388 3485 causa,
1437 3421 1799 3489 proripientes
1850 3421 2071 3489 expelli,

505 3512 725 3581 suisque
758 3512 1025 3579 episcopis
1060 3511 1246 3577 reddi;
1279 3512 1407 3579 quin
1456 3521 1508 3565 et
1552 3510 1781 3566 clericos
1827 3526 2015 3566 omnes
2047 3525 2075 3564 a

507 3617 605 3655 suo
636 3616 902 3670 quemque
929 3601 1182 3669 episcopo
1203 3599 1434 3666 iudicari
1463 3600 1758 3669 postulant.
1792 3602 2072 3655 Cauouum

505 3692 690 3755 etiam,
721 3693 809 3761 qui
843 3692 943 3745 hac
979 3693 1042 3747 de
1092 3706 1147 3744 re
1176 3693 1231 3744 in
1272 3691 1485 3745 Nicmua
1516 3692 1718 3762 synodo
1752 3692 1876 3745 editi
1913 3700 2059 3754 sunt,

508 3778 801 3831 meminere
834 3794 848 3830 :
882 3792 1051 3846 neque
1086 3793 1208 3831 vero
1237 3787 1291 3832 ut
1318 3779 1480 3847 aliqui
1510 3794 1541 3833 a
1570 3795 1717 3846 papae
1745 3779 1928 3841 latere,
1960 3781 2062 3833 hoc

506 3876 610 3929 est,
642 3867 730 3935 qui
769 3866 843 3920 illi
880 3867 1140 3935 dignitate
1176 3868 1431 3934 proximi,
1475 3883 1537 3923 ac
1572 3872 1710 3935 apud
1756 3885 1875 3923 cum
1900 3871 2080 3926 illtme-

507 3955 671 4008 stiore
716 3954 831 4008 loco
872 3955 1226 4021 haberentur,
1276 3955 1757 4026 familiaritateque
1806 3959 2078 4027 conjuncti

509 4053 703 4112 praeter
752 4058 977 4101 caeteros
1024 4046 1200 4101 forent
1253 4049 1563 4112 cognitores
1615 4064 1676 4101 ac
1728 4062 2081 4105 exsccutores

513 4137 869 4203 mitterentur,
917 4139 968 4192 id
1007 4154 1179 4208 usque
1220 4139 1497 4195 decretum
1536 4150 1752 4196 exstare
1788 4142 2075 4195 aﬂirmant.

512 4226 693 4296 Neque
720 4231 900 4295 'enim,
956 4230 1129 4295 aiunt,
1183 4230 1381 4300 aliquid
1419 4232 1595 4286 simile
1642 4232 1695 4285 in
1744 4232 1831 4291 iis,
1865 4248 1980 4299 qua:
2014 4234 2079 4287 ab

513 4322 876 4377 Alexandrino
921 4323 1128 4393 Cyrillo
1180 4331 1233 4378 et
1267 4323 1871 4390 Constantinopolitano
1905 4324 2080 4376 Attico

514 4414 577 4466 ad
610 4428 706 4467 nos
739 4414 899 4467 missa
939 4422 1084 4477 sunt,
1122 4414 1443 4467 invenimus.
1479 4412 1555 4466 Ne.
1582 4415 1759 4468 velitis
1784 4415 1947 4481 igitur
1978 4415 2072 4468 isto

2189 4410 2567 4478 ἐντιμοτέρους
2596 4412 2689 4462 καὶ
2721 4410 3104 4479 ᾠκειωμένους
3165 4410 3337 4479 αὐτῷ.

515 4506 671 4573 modo
698 4519 876 4572 agere,
911 4518 1008 4557 nec
1054 4503 1229 4557 inanis
1264 4503 1444 4567 gloriae
1477 4502 1700 4566 fastum,
1738 4503 1867 4556 fumi
1912 4505 2086 4557 instar

515 4605 951 4659 evanescentem,
977 4595 1271 4649 concedere
1299 4592 1553 4647 Ecclesiae
1578 4592 1670 4647 Dei
1700 4592 1908 4647 inferri.
1943 4593 2087 4648 Sim-

517 4687 729 4757 plicitas
784 4700 1033 4753 namque,
1071 4688 1241 4749 aiunt,
1294 4693 1348 4737 et
1391 4684 1650 4739 demissio
1683 4684 1871 4749 animi,
1919 4686 2088 4738 instar

518 4775 673 4841 lucis,
709 4777 793 4838 iis,
827 4782 915 4845 qui
968 4774 1133 4827 Deum
1172 4774 1366 4828 intueri
1407 4776 1653 4843 cupiunt,
1691 4772 1847 4827 affert
1893 4774 2033 4826 diem
2072 4790 2085 4826 :

519 4868 620 4920 hoc
647 4878 747 4928 est,
780 4866 938 4918 veluti
978 4863 1166 4919 diffusa
1202 4865 1290 4917 lux
1336 4865 1473 4917 diem
1508 4863 1692 4925 edicit,
1726 4878 1788 4915 ac
1817 4877 1911 4931 per
1940 4877 2083 4927 eam,

518 4972 635 5027 qua!
686 4958 935 5012 sensibus
986 4957 1377 5024 percipiuntur,
1435 4955 1618 5008 videre
1667 4954 1839 5018 licet;
1897 4954 2084 5008 eodem

520 5049 676 5103 modo
698 5049 1012 5116 simplicitas
1034 5062 1097 5101 ac
1123 5047 1395 5100 humilitas
1416 5045 1586 5099 lucem
1613 5045 1855 5097 immittit
1871 5045 2080 5109 animo,

521 5156 621 5206 qua
654 5141 955 5193 illustratus
988 5140 1151 5191 Deum
1180 5138 1383 5199 videre,
1422 5139 1519 5191 hoc
1560 5144 1661 5199 est,
1695 5146 1950 5203 quantum
1989 5136 2087 5189 ho-

527 5232 657 5283 mini
690 5231 770 5284 fas
804 5240 905 5291 cst,
940 5244 1263 5297 cognoscere
1296 5238 1482 5296 queat.

2176 3147 2567 3216 προσδέχεσθαι
2607 3149 2731 3210 τοὺς
2764 3149 2893 3215 παρ’
2933 3147 3088 3217 ήμῶν
3118 3146 3451 3214 γινομένους
3512 3150 3755 3199 ἀκοινω-

2175 3241 2385 3308 νήτους,
2419 3238 2512 3291 καὶ
2540 3238 2664 3300 τοὺς
2693 3239 2748 3290 tv
2771 3240 2836 3306 τῇ
2872 3238 3108 3307 ἐπαρχίᾳ
3150 3238 3327 3290 αὐτῶν
3392 3237 3755 3306 ἐπιτιμηθέν-

2174 3347 2272 3391 τας
2299 3331 2684 3401 ἀκοινωνησίᾳ,
2720 3331 2796 3400 μὴ
2828 3331 3155 3392 σπουδαίως,
3180 3331 3302 3383 ἀντὶ
3353 3331 3448 3383 τοῦ
3509 3332 3749 3398 ταχέως,

2183 3421 2490 3489 συντόμως,
2520 3421 2999 3475 ἀποκαθίστασθαι
3035 3422 3187 3491 παρὰ
3219 3420 3312 3474 σοῦ
3343 3423 3408 3490 τῇ
3469 3420 3755 3488 κοινωνίᾳ.

2190 3511 2351 3563 Ἀλλὰ
2377 3512 2471 3564 καὶ
2511 3513 2638 3573 τοὺς
2712 3511 3117 3581 πρεσϐυτέρους
3193 3512 3287 3565 καὶ
3351 3513 3477 3574 τοὺς
3533 3511 3753 3571 λοιποὺς

2179 3601 2522 3670 κληρικοίιςν
2582 3604 2709 3665 τοὺς
2783 3602 3195 3670 ἀποφεύγοντας
3257 3602 3512 3665 ἀναιδῶς,
3585 3603 3757 3671 ἧγουν

2179 3691 2358 3753 αἰτίας
2395 3691 2618 3758 εὐλόγου
2646 3691 3152 3761 χωρὶς,διώκεσθαι
3185 3691 3426 3761 ζητοῦσι,
3484 3692 3578 3744 καὶ
3619 3694 3750 3743 άποι

2180 3782 2539 3835 καθίστασθαι
2569 3786 2682 3844 τοῖς
2711 3782 3033 3840 ἐπισκόποις
3055 3783 3256 3843 αὐτῶν,
3302 3782 3438 3835 ἀλλὰ
3495 3784 3601 3852 μὴν
3658 3783 3755 3837 καὶ

2181 3870 2330 3940 παρὰ
2362 3873 2470 3933 τοῖς
2503 3871 2825 3933 ἐπισκόποις
2854 3870 3033 3923 αὐτῶν
3066 3870 3385 3931 δικάζεσθαι
3418 3872 3544 3933 τοὺς
3616 3872 3755 3939 κλη-

2186 3960 2373 4030 ρικοὺς
2399 3958 2641 4011 αἰτοῦσι.
2674 3959 2965 4028 Μέμνηται
3028 3959 3216 4010 δὲκαὶ
3306 3958 3547 4010 κανόνων
3623 3958 3755 4027 περὶ

2181 4050 2386 4103 τούτων
2407 4050 2504 4118 τῆς
2527 4052 2583 4101 ἐν
2638 4050 2846 4117 Νικαίᾳ
2915 4050 3160 4112 συνόδου,
3191 4048 3286 4101 καὶ
3307 4048 3543 4117 οὐδαμοῦ
3566 4049 3754 4116 λέγου-

2191 4159 2275 4193 σιν
2309 4141 2596 4210 ὁρισθῆναι
2628 4140 2945 4207 πέμπεσθαι
2972 4139 3123 4207 παρὰ
3164 4139 3257 4191 τοῦ
3290 4140 3492 4192 πάππα
3548 4140 3755 4192 συνδια-

2186 4228 2474 4296 γνώμονας
2503 4229 2599 4282 καὶ
2626 4229 2955 4290 ἐκϐιϐαστὰς
2993 4232 3055 4279 ἐκ
3104 4227 3199 4279 τοῦ
3271 4228 3507 4298 πλευροῦ
3587 4228 3753 4281 αὑτοῦ

2183 4321 2302 4390 ἦτοι
2347 4320 2669 4387 ἐγγίζοντας
2701 4320 2850 4390 αὐτῷ
2880 4320 3019 4371 κατὰ
3082 4319 3178 4387 τὴν
3232 4321 3424 4386 τιμὴν,
3482 4321 3603 4372 ἀντὶ
3658 4320 3754 4372 τοῦ

3429 4411 3564 4463 Οὐδὲ
3644 4411 3755 4480 γὰρ

2187 4502 2422 4569 εῦρομέν
2444 4519 2517 4566 τι,
2549 4502 2705 4569 φασὶ,
2739 4503 2983 4553 τοιοῦτον
3027 4502 3084 4554 ἐν
3116 4504 3227 4563 τοίς
3260 4502 3591 4570 πεμφθεῖσιν
3619 4504 3751 4570 ἡμῖν

2188 4590 2339 4658 παρὰ
2368 4588 2461 4641 τοῦ
2515 4588 2929 4655 ’Δλεξανδρείας
2979 4588 3257 4657 ,Κυρίλλου
3295 4591 3389 4640 καὶ
3448 4586 3543 4640 τοῦ
3602 4590 3754 4642 Κωνο

2189 4681 2690 4741 σταντινουπόλεως
2738 4678 3009 4732 Ἀττικοῦ.
3046 4679 3138 4747 Μὴ
3191 4674 3285 4731 οὖν
3343 4678 3525 4731 θέλετε
3582 4680 3754 4732 ταῦτα

2189 4772 2381 4829 ποιεῖν.
2418 4769 2554 4838 μηδὲ
2587 4768 2939 4838 παραχωρεῖν
2987 4766 3080 4819 τὸν
3115 4766 3371 4835 καπνώδη
3422 4766 3589 4834 τῦφον
3648 4769 3754 4819 sieo

2190 4859 2417 4926 άγεσθαι
2452 4862 2518 4929 τῇ
2565 4858 2861 4927 Ἐκκλησία
2899 4856 2993 4908 τοῦ
3022 4855 3175 4919 Θεοῦ,
3202 4856 3297 4924 τὴν
3331 4857 3407 4918 ὡς
3444 4856 3648 4909 καπνὸν
3669 4875 3754 4911 τα·

2197 4953 2335 5021 χέως
2365 4950 2725 5019 διαλυομένην
2771 4949 2865 5001 καὶ
2906 4947 3312 5017 ἀφανιζομένην
3397 4948 3706 5011 κενοδοξίαν
3743 4965 3755 4980 ·

2192 5042 2274 5092 ὅτι
2323 5040 2511 5107 φασιν,
2547 5040 2577 5106 ἡ
2618 5037 2854 5106 ἁπλότης
2889 5038 2984 5088 καὶ
3017 5039 3047 5100 ἡ
3086 5037 3435 5099 ταπείνωσις,
3493 5038 3563 5099 ὡς
3623 5039 3755 5104 φῶς,

2204 5128 2628 5201 προσφέρειτὴν
2692 5129 2905 5198 ἡμέραν
2978 5130 3092 5190 τοῖς
3158 5129 3405 5180 θέλουσιν
3476 5130 3604 5181 ἰδεῖν
3670 5132 3755 5183 τὸν

2194 5221 2322 5275 Θεόν
2352 5237 2366 5251 ·
2392 5221 2557 5289 ἤγουν
2601 5219 2703 5281 ὅτι,
2727 5216 2914 5286 ὥσπερ
2947 5218 3007 5269 τὸ
3057 5219 3171 5285 φῶς
3202 5218 3419 5287 λάμπον
3455 5219 3553 5287 τὴν
3620 5220 3755 5288 ἠμέ-

526 5337 625 5389 ραν
656 5322 818 5382 ποιεῖ,
859 5321 948 5371 καὶ
978 5319 1158 5370 δίδωσι
1193 5319 1250 5370 τὸ
1270 5318 1404 5387 όρᾷν
1482 5317 1549 5368 τά
1601 5314 1857 5383 αἰσθητά,
1904 5312 2075 5375 οὕτως
2115 5313 2148 5381 ἠ
2179 5310 2418 5378 ἁπλότης
2444 5306 2539 5359 καὶ
2603 5308 2635 5374 ή
2703 5306 3168 5376 ταπεινοφροσύνη
3228 5306 3438 5359 δίδωσιν
3495 5306 3755 5377 ἐλλαμῲιν

524 5424 599 5482 τῷ
632 5413 706 5481 νῷ
744 5414 825 5473 είς
850 5414 910 5463 τὸ
948 5413 1079 5481 όρᾷν
1118 5411 1207 5462 τδν
1251 5410 1401 5475 Θεὸν,
1444 5408 1727 5461 τουτέστιν
1766 5407 1838 5468 ὼς
1865 5406 2084 5474 ἐφικτὸν
2127 5403 2462 5469 κατανοῆσαι
2492 5401 2673 5454 αὐτόν.

524 5505 749 5561 ARIST.
789 5526 806 5558 ι
846 5508 967 5571 Eos,
999 5511 1141 5577 quia
1168 5510 1320 5561 nobis
1346 5506 1909 5566 excommunicantur,
1944 5512 2094 5570 post-

606 5618 623 5650 ι
662 5601 763 5654 hac
812 5601 861 5651 in
916 5600 1341 5658 communionem
1395 5600 1678 5651 admittere
1733 5610 1799 5649 ne
1854 5596 2027 5648 velitis
2078 5612 2091 5646 :

606 5707 624 5742 ‹
665 5688 877 5760 quolct
920 5688 968 5742 in
1004 5688 1208 5759 synodo
1250 5686 1465 5741 Nicmua
1506 5687 1774 5740 decretum
1812 5691 1913 5737 cst.
1952 5682 2087 5737 Ecce

2201 5499 2421 5553 ΑΡΙΣΤ.
2460 5516 2478 5547 ‹
2516 5497 2653 5557 Τοὺς
2679 5494 2987 5565 παρ’ήμῶν
3012 5492 3481 5562 ἁποκοινωνήτους
3520 5493 3601 5555 είς
3649 5510 3756 5547 κοι.

2276 5609 2292 5641 ι
2336 5590 2531 5641 νωνίαν
2551 5589 2609 5641 τὸ
2645 5586 2826 5640 λοιπὸν
2862 5586 2935 5656 μὴ
2969 5586 3237 5655 θελήσητε
3311 5582 3718 5653 παραδέξασθαι
3749 5602 3762 5617 σ

2270 5699 2285 5731 ‹
2332 5680 2465 5750 ὅπερ
2487 5682 2579 5732 καὶ
2605 5682 2669 5749 τῇ
2701 5681 2756 5731 ἐν
2782 5679 2986 5747 Nman
3020 5675 3478 5746 συνόδῳβιρισται.
3498 5675 3629 5730 Ἰδοὺ
3656 5677 3758 5743 γάρ

3788 1415 3915 1423 ————
