  <div class='ocr_page' id='page_1' title='image "/cluster/home/n/w/nwhite01/storage/ocr_20150623/138/pst.000005714544/260.png"; bbox 0 0 4002 6314; ppageno 0'>
   <div class='ocr_carea' id='block_1_1' title="bbox 224 393 333 470">
    <p class='ocr_par' dir='ltr' id='par_1_1' title="bbox 224 393 333 470">
     <span class='ocr_line' id='line_1_1' title="bbox 224 393 333 470; baseline 0.009 -1"><span class='ocrx_word' id='word_1_1' title='bbox 224 393 333 470; x_wconf 65' lang='grc' dir='ltr'>ίῖῦ</span> 
     </span>
    </p>
   </div>
   <div class='ocr_carea' id='block_1_2' title="bbox 1204 397 2425 468">
    <p class='ocr_par' dir='ltr' id='par_1_2' title="bbox 1204 397 2425 468">
     <span class='ocr_line' id='line_1_2' title="bbox 1204 397 2425 468; baseline 0.006 -8"><span class='ocrx_word' id='word_1_2' title='bbox 1204 400 1285 462; x_wconf 87' lang='grc' dir='ltr'><strong>ΙΝ</strong></span> <span class='ocrx_word' id='word_1_3' title='bbox 1311 401 1475 463; x_wconf 81' lang='lat' dir='ltr'><strong>CAN.</strong></span> <span class='ocrx_word' id='word_1_4' title='bbox 1514 397 1763 463; x_wconf 80' lang='lat' dir='ltr'><strong>CXXXV</strong></span> <span class='ocrx_word' id='word_1_5' title='bbox 1802 401 2012 464; x_wconf 85' lang='lat' dir='ltr'><strong>CONC.</strong></span> <span class='ocrx_word' id='word_1_6' title='bbox 2053 405 2425 468; x_wconf 80' lang='lat' dir='ltr'><strong>CARTHAG.</strong></span> 
     </span>
    </p>
   </div>
   <div class='ocr_carea' id='block_1_3' title="bbox 3345 407 3448 474">
    <p class='ocr_par' dir='ltr' id='par_1_3' title="bbox 3345 407 3448 474">
     <span class='ocr_line' id='line_1_3' title="bbox 3345 407 3448 474; baseline 0.039 -4"><span class='ocrx_word' id='word_1_7' title='bbox 3345 407 3448 474; x_wconf 76' lang='grc'><strong>450</strong></span> 
     </span>
    </p>
   </div>
   <div class='ocr_carea' id='block_1_4' title="bbox 292 507 1800 587">
    <p class='ocr_par' dir='ltr' id='par_1_4' title="bbox 292 507 1798 581">
     <span class='ocr_line' id='line_1_4' title="bbox 292 507 1798 581; baseline -0.003 -14"><span class='ocrx_word' id='word_1_8' title='bbox 292 534 313 567; x_wconf 72' lang='grc' dir='ltr'><strong>ε</strong></span> <span class='ocrx_word' id='word_1_9' title='bbox 353 510 769 581; x_wconf 74' lang='grc' dir='ltr'>κα¹ί”Δπιάριος,</span> <span class='ocrx_word' id='word_1_10' title='bbox 794 507 1000 580; x_wconf 72' lang='grc' dir='ltr'>δεχθεὶς</span> <span class='ocrx_word' id='word_1_11' title='bbox 1017 510 1170 578; x_wconf 74' lang='grc' dir='ltr'>παρά</span> <span class='ocrx_word' id='word_1_12' title='bbox 1192 527 1307 574; x_wconf 88' lang='grc' dir='ltr'>σου,</span> <span class='ocrx_word' id='word_1_13' title='bbox 1323 512 1393 580; x_wconf 74' lang='grc' dir='ltr'>τῇ</span> <span class='ocrx_word' id='word_1_14' title='bbox 1418 510 1620 580; x_wconf 81' lang='grc' dir='ltr'><strong>συνόδῳ</strong></span> <span class='ocrx_word' id='word_1_15' title='bbox 1641 511 1798 564; x_wconf 74' lang='grc' dir='ltr'>ἀντί·</span> 
     </span>
    </p>
   </div>
   <div class='ocr_carea' id='block_1_5' title="bbox 1899 507 3456 587">
    <p class='ocr_par' dir='ltr' id='par_1_5' title="bbox 1977 513 3456 587">
     <span class='ocr_line' id='line_1_5' title="bbox 1977 513 3456 587; baseline 0.003 -24"><span class='ocrx_word' id='word_1_16' title='bbox 1977 531 1995 563; x_wconf 80' lang='grc' dir='ltr'><strong>ε</strong></span> <span class='ocrx_word' id='word_1_17' title='bbox 2033 513 2173 567; x_wconf 89' lang='lat' dir='ltr'><strong>enim</strong></span> <span class='ocrx_word' id='word_1_18' title='bbox 2199 524 2254 568; x_wconf 90' lang='lat' dir='ltr'><strong>et</strong></span> <span class='ocrx_word' id='word_1_19' title='bbox 2281 514 2587 583; x_wconf 84' lang='lat' dir='ltr'><strong>Appiarius,</strong></span> <span class='ocrx_word' id='word_1_20' title='bbox 2619 526 2650 566; x_wconf 82' lang='lat' dir='ltr'><strong>a</strong></span> <span class='ocrx_word' id='word_1_21' title='bbox 2682 523 2732 568; x_wconf 92' lang='lat' dir='ltr'><strong>te</strong></span> <span class='ocrx_word' id='word_1_22' title='bbox 2761 515 3046 580; x_wconf 86' lang='lat' dir='ltr'><strong>admissus,</strong></span> <span class='ocrx_word' id='word_1_23' title='bbox 3078 519 3277 587; x_wconf 80' lang='lat' dir='ltr'><strong>synodo</strong></span> <span class='ocrx_word' id='word_1_24' title='bbox 3303 518 3456 571; x_wconf 77' lang='lat' dir='ltr'><strong>resti-</strong></span> 
     </span>
    </p>
   </div>
   <div class='ocr_carea' id='block_1_6' title="bbox 302 601 1790 672">
    <p class='ocr_par' dir='ltr' id='par_1_6' title="bbox 302 601 1790 672">
     <span class='ocr_line' id='line_1_6' title="bbox 302 601 1790 672; baseline -0.001 -18"><span class='ocrx_word' id='word_1_25' title='bbox 302 621 322 654; x_wconf 78' lang='grc' dir='ltr'><strong>ε</strong></span> <span class='ocrx_word' id='word_1_26' title='bbox 371 618 493 672; x_wconf 88' lang='grc' dir='ltr'>στη,</span> <span class='ocrx_word' id='word_1_27' title='bbox 511 602 605 654; x_wconf 77' lang='grc' dir='ltr'>καὶ</span> <span class='ocrx_word' id='word_1_28' title='bbox 626 601 784 670; x_wconf 76' lang='grc' dir='ltr'>ὕϐριν</span> <span class='ocrx_word' id='word_1_29' title='bbox 813 602 1109 669; x_wconf 80' lang='grc' dir='ltr'>ὑπήνεγκε,</span> <span class='ocrx_word' id='word_1_30' title='bbox 1131 601 1228 652; x_wconf 78' lang='grc' dir='ltr'><strong>καὶ</strong></span> <span class='ocrx_word' id='word_1_31' title='bbox 1246 601 1409 662; x_wconf 65' lang='grc' dir='ltr'>ιτέλοςι</span> <span class='ocrx_word' id='word_1_32' title='bbox 1422 601 1790 671; x_wconf 82' lang='grc' dir='ltr'>μετεστράφη,</span> 
     </span>
    </p>
   </div>
   <div class='ocr_carea' id='block_1_7' title="bbox 310 690 1788 761">
    <p class='ocr_par' dir='ltr' id='par_1_7' title="bbox 310 690 1788 761">
     <span class='ocr_line' id='line_1_7' title="bbox 310 690 1788 761; baseline -0.001 -17"><span class='ocrx_word' id='word_1_33' title='bbox 310 711 329 744; x_wconf 80' lang='grc' dir='ltr'><strong>ι</strong></span> <span class='ocrx_word' id='word_1_34' title='bbox 373 693 470 746; x_wconf 70' lang='grc' dir='ltr'>καὶ</span> <span class='ocrx_word' id='word_1_35' title='bbox 497 693 687 745; x_wconf 78' lang='grc' dir='ltr'>ἑαυτὸν</span> <span class='ocrx_word' id='word_1_36' title='bbox 711 690 924 761; x_wconf 68' lang='grc' dir='ltr'>ἧλεγξε,</span> <span class='ocrx_word' id='word_1_37' title='bbox 955 692 1265 761; x_wconf 81' lang='grc' dir='ltr'>καταλήξας</span> <span class='ocrx_word' id='word_1_38' title='bbox 1289 693 1368 753; x_wconf 79' lang='grc' dir='ltr'><strong>εἰς</strong></span> <span class='ocrx_word' id='word_1_39' title='bbox 1399 690 1788 760; x_wconf 80' lang='grc' dir='ltr'>στεναγμούς.»</span> 
     </span>
    </p>
   </div>
   <div class='ocr_carea' id='block_1_8' title="bbox 305 777 1793 853">
    <p class='ocr_par' dir='ltr' id='par_1_8' title="bbox 305 777 1793 853">
     <span class='ocr_line' id='line_1_8' title="bbox 305 777 1793 853; baseline -0.003 -16"><span class='ocrx_word' id='word_1_40' title='bbox 305 784 598 853; x_wconf 77' lang='grc' dir='ltr'><strong>Δεξάμενοι</strong></span> <span class='ocrx_word' id='word_1_41' title='bbox 635 785 685 836; x_wconf 75' lang='lat' dir='ltr'><strong>oi</strong></span> <span class='ocrx_word' id='word_1_42' title='bbox 720 784 962 852; x_wconf 78' lang='grc' dir='ltr'>Πατέρες</span> <span class='ocrx_word' id='word_1_43' title='bbox 989 777 1138 836; x_wconf 75' lang='grc' dir='ltr'>οὗτοι</span> <span class='ocrx_word' id='word_1_44' title='bbox 1169 783 1236 836; x_wconf 79' lang='grc' dir='ltr'>τὰ</span> <span class='ocrx_word' id='word_1_45' title='bbox 1260 783 1354 836; x_wconf 78' lang='grc' dir='ltr'><strong>ίσα</strong></span> <span class='ocrx_word' id='word_1_46' title='bbox 1397 785 1496 850; x_wconf 78' lang='grc' dir='ltr'>τῆς</span> <span class='ocrx_word' id='word_1_47' title='bbox 1571 784 1630 834; x_wconf 80' lang='grc' dir='ltr'>ὲν</span> <span class='ocrx_word' id='word_1_48' title='bbox 1694 783 1793 834; x_wconf 81' lang='grc' dir='ltr'><strong>Νι-</strong></span> 
     </span>
    </p>
   </div>
   <div class='ocr_carea' id='block_1_9' title="bbox 233 872 1794 944">
    <p class='ocr_par' dir='ltr' id='par_1_9' title="bbox 233 872 1794 944">
     <span class='ocr_line' id='line_1_9' title="bbox 233 872 1794 944; baseline -0.003 -15"><span class='ocrx_word' id='word_1_49' title='bbox 233 877 375 944; x_wconf 72' lang='grc' dir='ltr'>καίᾳ</span> <span class='ocrx_word' id='word_1_50' title='bbox 409 876 626 928; x_wconf 83' lang='grc' dir='ltr'><strong>συνόδου</strong></span> <span class='ocrx_word' id='word_1_51' title='bbox 657 874 1005 943; x_wconf 78' lang='grc' dir='ltr'>ἁναμφίὸολά</span> <span class='ocrx_word' id='word_1_52' title='bbox 1033 891 1091 926; x_wconf 84' lang='grc' dir='ltr'><strong>τε</strong></span> <span class='ocrx_word' id='word_1_53' title='bbox 1126 877 1220 927; x_wconf 79' lang='grc' dir='ltr'><strong>καὶ</strong></span> <span class='ocrx_word' id='word_1_54' title='bbox 1269 873 1633 943; x_wconf 75' lang='grc' dir='ltr'>ἀληθέστατα,</span> <span class='ocrx_word' id='word_1_55' title='bbox 1701 872 1794 926; x_wconf 76' lang='grc' dir='ltr'><strong>καὶ</strong></span> 
     </span>
    </p>
   </div>
   <div class='ocr_carea' id='block_1_10' title="bbox 234 963 1796 1034">
    <p class='ocr_par' dir='ltr' id='par_1_10' title="bbox 234 963 1796 1034">
     <span class='ocr_line' id='line_1_10' title="bbox 234 963 1796 1034; baseline -0.001 -16"><span class='ocrx_word' id='word_1_56' title='bbox 234 968 315 1034; x_wconf 77' lang='grc' dir='ltr'>μὴ</span> <span class='ocrx_word' id='word_1_57' title='bbox 344 967 600 1031; x_wconf 74' lang='grc' dir='ltr'><strong>εὑρόντες</strong></span> <span class='ocrx_word' id='word_1_58' title='bbox 655 965 715 1016; x_wconf 71' lang='grc' dir='ltr'>ιν</span> <span class='ocrx_word' id='word_1_59' title='bbox 776 967 890 1026; x_wconf 84' lang='grc' dir='ltr'>τοῖς</span> <span class='ocrx_word' id='word_1_60' title='bbox 940 966 1161 1017; x_wconf 80' lang='grc' dir='ltr'><strong>κανόσιν</strong></span> <span class='ocrx_word' id='word_1_61' title='bbox 1220 963 1390 1033; x_wconf 80' lang='grc' dir='ltr'>αὐτῆς</span> <span class='ocrx_word' id='word_1_62' title='bbox 1461 964 1676 1034; x_wconf 75' lang='grc' dir='ltr'><strong>ὁρισθὲν</strong></span> <span class='ocrx_word' id='word_1_63' title='bbox 1737 964 1796 1017; x_wconf 82' lang='grc' dir='ltr'>τὸ</span> 
     </span>
    </p>
   </div>
   <div class='ocr_carea' id='block_1_11' title="bbox 235 1053 1796 1124">
    <p class='ocr_par' dir='ltr' id='par_1_11' title="bbox 235 1053 1796 1124">
     <span class='ocr_line' id='line_1_11' title="bbox 235 1053 1796 1124; baseline -0.001 -16"><span class='ocrx_word' id='word_1_64' title='bbox 235 1057 388 1124; x_wconf 67' lang='grc' dir='ltr'>παρὰ</span> <span class='ocrx_word' id='word_1_65' title='bbox 417 1059 618 1110; x_wconf 85' lang='grc' dir='ltr'>πάππα</span> <span class='ocrx_word' id='word_1_66' title='bbox 655 1055 762 1108; x_wconf 80' lang='grc' dir='ltr'>τοῦ</span> <span class='ocrx_word' id='word_1_67' title='bbox 784 1055 1097 1119; x_wconf 70' lang='grc' dir='ltr'>στέλλεσθαι</span> <span class='ocrx_word' id='word_1_68' title='bbox 1148 1055 1430 1124; x_wconf 83' lang='grc' dir='ltr'>ὑπηρίτας</span> <span class='ocrx_word' id='word_1_69' title='bbox 1487 1053 1672 1119; x_wconf 79' lang='grc' dir='ltr'>αὑτοῦ,</span> <span class='ocrx_word' id='word_1_70' title='bbox 1702 1056 1796 1106; x_wconf 82' lang='grc' dir='ltr'><strong>καὶ</strong></span> 
     </span>
    </p>
   </div>
   <div class='ocr_carea' id='block_1_12' title="bbox 230 1146 1792 1217">
    <p class='ocr_par' dir='ltr' id='par_1_12' title="bbox 230 1146 1792 1217">
     <span class='ocr_line' id='line_1_12' title="bbox 230 1146 1792 1217; baseline -0.001 -17"><span class='ocrx_word' id='word_1_71' title='bbox 230 1147 333 1211; x_wconf 77' lang='grc' dir='ltr'><strong>τὰς</strong></span> <span class='ocrx_word' id='word_1_72' title='bbox 367 1148 664 1211; x_wconf 64' lang='grc' dir='ltr'>ἐκκλήτους</span> <span class='ocrx_word' id='word_1_73' title='bbox 687 1147 796 1199; x_wconf 86' lang='grc' dir='ltr'>τῶν</span> <span class='ocrx_word' id='word_1_74' title='bbox 826 1147 1143 1200; x_wconf 67' lang='grc' dir='ltr'>ἐπισκόπων</span> <span class='ocrx_word' id='word_1_75' title='bbox 1174 1147 1206 1215; x_wconf 78' lang='grc' dir='ltr'>ἢ</span> <span class='ocrx_word' id='word_1_76' title='bbox 1261 1147 1538 1217; x_wconf 84' lang='grc' dir='ltr'>κληρικῶν</span> <span class='ocrx_word' id='word_1_77' title='bbox 1581 1146 1792 1215; x_wconf 82' lang='grc' dir='ltr'>γυμνὰ-</span> 
     </span>
    </p>
   </div>
   <div class='ocr_carea' id='block_1_13' title="bbox 232 1237 1797 1309">
    <p class='ocr_par' dir='ltr' id='par_1_13' title="bbox 232 1237 1797 1309">
     <span class='ocr_line' id='line_1_13' title="bbox 232 1237 1797 1309; baseline -0.002 -16"><span class='ocrx_word' id='word_1_78' title='bbox 232 1240 427 1302; x_wconf 80' lang='grc' dir='ltr'>ζεσθαι</span> <span class='ocrx_word' id='word_1_79' title='bbox 456 1240 586 1308; x_wconf 83' lang='grc' dir='ltr'>παρ’</span> <span class='ocrx_word' id='word_1_80' title='bbox 612 1239 796 1303; x_wconf 75' lang='grc' dir='ltr'>αὐτοῖς</span> <span class='ocrx_word' id='word_1_81' title='bbox 821 1253 839 1270; x_wconf 77' lang='grc' dir='ltr'><strong>ο</strong></span> <span class='ocrx_word' id='word_1_82' title='bbox 878 1238 1124 1309; x_wconf 73' lang='grc' dir='ltr'>ἔγραψαν</span> <span class='ocrx_word' id='word_1_83' title='bbox 1167 1240 1304 1307; x_wconf 83' lang='grc' dir='ltr'>πρὸς</span> <span class='ocrx_word' id='word_1_84' title='bbox 1339 1238 1430 1290; x_wconf 79' lang='grc' dir='ltr'>τὸν</span> <span class='ocrx_word' id='word_1_85' title='bbox 1479 1237 1797 1291; x_wconf 81' lang='grc' dir='ltr'>Κελεστῖνον</span> 
     </span>
    </p>
   </div>
   <div class='ocr_carea' id='block_1_14' title="bbox 230 1328 1796 1399">
    <p class='ocr_par' dir='ltr' id='par_1_14' title="bbox 230 1328 1796 1399">
     <span class='ocr_line' id='line_1_14' title="bbox 230 1328 1796 1399; baseline -0.001 -18"><span class='ocrx_word' id='word_1_86' title='bbox 230 1329 326 1381; x_wconf 80' lang='grc' dir='ltr'>τὸν</span> <span class='ocrx_word' id='word_1_87' title='bbox 356 1330 588 1382; x_wconf 81' lang='grc' dir='ltr'>πάππαν</span> <span class='ocrx_word' id='word_1_88' title='bbox 633 1329 876 1399; x_wconf 81' lang='grc' dir='ltr'><strong>Ῥώμης,</strong></span> <span class='ocrx_word' id='word_1_89' title='bbox 909 1329 1107 1394; x_wconf 83' lang='grc' dir='ltr'><strong>μηκέτι</strong></span> <span class='ocrx_word' id='word_1_90' title='bbox 1137 1329 1262 1388; x_wconf 83' lang='grc' dir='ltr'>τοὺς</span> <span class='ocrx_word' id='word_1_91' title='bbox 1294 1329 1426 1398; x_wconf 86' lang='grc' dir='ltr'>παρ’</span> <span class='ocrx_word' id='word_1_92' title='bbox 1451 1328 1633 1382; x_wconf 83' lang='grc' dir='ltr'>αὐτῶν</span> <span class='ocrx_word' id='word_1_93' title='bbox 1662 1331 1796 1397; x_wconf 84' lang='grc' dir='ltr'>ἀφο-</span> 
     </span>
    </p>
   </div>
   <div class='ocr_carea' id='block_1_15' title="bbox 233 1414 1796 1485">
    <p class='ocr_par' dir='ltr' id='par_1_15' title="bbox 233 1414 1796 1485">
     <span class='ocr_line' id='line_1_15' title="bbox 233 1414 1796 1485; baseline 0.003 -20"><span class='ocrx_word' id='word_1_94' title='bbox 233 1414 559 1483; x_wconf 78' lang='grc' dir='ltr'>ριζομένους</span> <span class='ocrx_word' id='word_1_95' title='bbox 593 1415 832 1484; x_wconf 76' lang='grc' dir='ltr'><strong>εὐχερῶς</strong></span> <span class='ocrx_word' id='word_1_96' title='bbox 893 1415 980 1484; x_wconf 80' lang='grc' dir='ltr'><strong>δὴ,</strong></span> <span class='ocrx_word' id='word_1_97' title='bbox 1034 1416 1130 1468; x_wconf 77' lang='grc' dir='ltr'><strong>καὶ</strong></span> <span class='ocrx_word' id='word_1_98' title='bbox 1185 1415 1371 1477; x_wconf 86' lang='grc' dir='ltr'>καθὼς</span> <span class='ocrx_word' id='word_1_99' title='bbox 1411 1417 1470 1467; x_wconf 80' lang='grc' dir='ltr'>οὐ</span> <span class='ocrx_word' id='word_1_100' title='bbox 1531 1416 1658 1485; x_wconf 78' lang='grc' dir='ltr'>χρὴ,</span> <span class='ocrx_word' id='word_1_101' title='bbox 1718 1420 1796 1479; x_wconf 89' lang='grc' dir='ltr'><strong>είς</strong></span> 
     </span>
    </p>
   </div>
   <div class='ocr_carea' id='block_1_16' title="bbox 233 1505 1794 1577">
    <p class='ocr_par' dir='ltr' id='par_1_16' title="bbox 233 1505 1794 1577">
     <span class='ocr_line' id='line_1_16' title="bbox 233 1505 1794 1577; baseline -0.001 -18"><span class='ocrx_word' id='word_1_102' title='bbox 233 1507 521 1559; x_wconf 77' lang='grc' dir='ltr'>κοινωνίαν</span> <span class='ocrx_word' id='word_1_103' title='bbox 565 1507 958 1576; x_wconf 74' lang='grc' dir='ltr'>ἁπϋκαθιστᾷν,</span> <span class='ocrx_word' id='word_1_104' title='bbox 1015 1508 1048 1577; x_wconf 75' lang='grc' dir='ltr'>ἢ</span> <span class='ocrx_word' id='word_1_105' title='bbox 1087 1506 1181 1568; x_wconf 85' lang='grc' dir='ltr'><strong>τὰς</strong></span> <span class='ocrx_word' id='word_1_106' title='bbox 1221 1505 1518 1576; x_wconf 74' lang='grc' dir='ltr'><strong>ἐκκλήτους</strong></span> <span class='ocrx_word' id='word_1_107' title='bbox 1546 1507 1794 1574; x_wconf 82' lang='grc' dir='ltr'>δέχεσθαι</span> 
     </span>
    </p>
   </div>
   <div class='ocr_carea' id='block_1_17' title="bbox 231 1595 1798 1667">
    <p class='ocr_par' dir='ltr' id='par_1_17' title="bbox 231 1595 1798 1667">
     <span class='ocr_line' id='line_1_17' title="bbox 231 1595 1798 1667; baseline -0.002 -17"><span class='ocrx_word' id='word_1_108' title='bbox 231 1599 342 1651; x_wconf 78' lang='grc' dir='ltr'><strong>τῶν</strong></span> <span class='ocrx_word' id='word_1_109' title='bbox 370 1597 748 1667; x_wconf 76' lang='grc' dir='ltr'>ὲπισκόπωνῆ</span> <span class='ocrx_word' id='word_1_110' title='bbox 798 1597 1098 1666; x_wconf 85' lang='grc' dir='ltr'>κληρικῶν,</span> <span class='ocrx_word' id='word_1_111' title='bbox 1163 1595 1276 1649; x_wconf 85' lang='grc' dir='ltr'><strong>τῶν</strong></span> <span class='ocrx_word' id='word_1_112' title='bbox 1336 1598 1414 1658; x_wconf 89' lang='grc' dir='ltr'><strong>είς</strong></span> <span class='ocrx_word' id='word_1_113' title='bbox 1483 1596 1798 1664; x_wconf 78' lang='grc' dir='ltr'>καθαίρεσιν</span> 
     </span>
    </p>
   </div>
   <div class='ocr_carea' id='block_1_18' title="bbox 236 1686 1799 1756">
    <p class='ocr_par' dir='ltr' id='par_1_18' title="bbox 236 1686 1799 1756">
     <span class='ocr_line' id='line_1_18' title="bbox 236 1686 1799 1756; baseline -0.001 -16"><span class='ocrx_word' id='word_1_114' title='bbox 236 1689 367 1756; x_wconf 82' lang='grc' dir='ltr'>παρ’</span> <span class='ocrx_word' id='word_1_115' title='bbox 420 1688 598 1740; x_wconf 80' lang='grc' dir='ltr'>αὐτῶν</span> <span class='ocrx_word' id='word_1_116' title='bbox 632 1688 1138 1741; x_wconf 78' lang='grc' dir='ltr'>καταδικασθέντων</span> <span class='ocrx_word' id='word_1_117' title='bbox 1172 1702 1186 1717; x_wconf 77' lang='grc' dir='ltr'><strong>ο</strong></span> <span class='ocrx_word' id='word_1_118' title='bbox 1252 1686 1348 1739; x_wconf 73' lang='grc' dir='ltr'><strong>καὶ</strong></span> <span class='ocrx_word' id='word_1_119' title='bbox 1399 1686 1799 1756; x_wconf 77' lang='grc' dir='ltr'>πρεσϐυτέρους</span> 
     </span>
    </p>
   </div>
   <div class='ocr_carea' id='block_1_19' title="bbox 1968 605 3452 674">
    <p class='ocr_par' dir='ltr' id='par_1_19' title="bbox 1968 605 3452 674">
     <span class='ocr_line' id='line_1_19' title="bbox 1968 605 3452 674; baseline 0.006 -21"><span class='ocrx_word' id='word_1_120' title='bbox 1968 620 1988 653; x_wconf 83' lang='grc' dir='ltr'><strong>ε</strong></span> <span class='ocrx_word' id='word_1_121' title='bbox 2027 606 2109 666; x_wconf 90' lang='lat' dir='ltr'><strong>tit,</strong></span> <span class='ocrx_word' id='word_1_122' title='bbox 2137 615 2191 658; x_wconf 90' lang='lat' dir='ltr'><strong>et</strong></span> <span class='ocrx_word' id='word_1_123' title='bbox 2217 606 2464 674; x_wconf 87' lang='lat' dir='ltr'><strong>injuriam</strong></span> <span class='ocrx_word' id='word_1_124' title='bbox 2489 605 2690 666; x_wconf 90' lang='lat' dir='ltr'><strong>attulit,</strong></span> <span class='ocrx_word' id='word_1_125' title='bbox 2717 614 2772 659; x_wconf 91' lang='lat' dir='ltr'><strong>et</strong></span> <span class='ocrx_word' id='word_1_126' title='bbox 2794 607 3006 661; x_wconf 82' lang='lat' dir='ltr'><strong>tandem</strong></span> <span class='ocrx_word' id='word_1_127' title='bbox 3031 622 3326 663; x_wconf 77' lang='lat' dir='ltr'><strong>conversus</strong></span> <span class='ocrx_word' id='word_1_128' title='bbox 3349 617 3452 674; x_wconf 74' lang='lat' dir='ltr'><strong>est,</strong></span> 
     </span>
    </p>
   </div>
   <div class='ocr_carea' id='block_1_20' title="bbox 1971 696 3380 764">
    <p class='ocr_par' dir='ltr' id='par_1_20' title="bbox 1971 696 3380 764">
     <span class='ocr_line' id='line_1_20' title="bbox 1971 696 3380 764; baseline 0.004 -20"><span class='ocrx_word' id='word_1_129' title='bbox 1971 712 1991 744; x_wconf 88' lang='grc'><strong><em>‹</em></strong></span> <span class='ocrx_word' id='word_1_130' title='bbox 2028 704 2083 746; x_wconf 90' lang='lat' dir='ltr'><strong>et</strong></span> <span class='ocrx_word' id='word_1_131' title='bbox 2111 696 2341 762; x_wconf 86' lang='lat' dir='ltr'><strong>seipsum</strong></span> <span class='ocrx_word' id='word_1_132' title='bbox 2367 696 2732 764; x_wconf 90' lang='lat' dir='ltr'><strong>reprehendit,</strong></span> <span class='ocrx_word' id='word_1_133' title='bbox 2761 698 3006 762; x_wconf 86' lang='lat' dir='ltr'><strong>suspiriis</strong></span> <span class='ocrx_word' id='word_1_134' title='bbox 3034 697 3305 752; x_wconf 84' lang='lat' dir='ltr'><strong>desinens.</strong></span> <span class='ocrx_word' id='word_1_135' title='bbox 3343 714 3380 749; x_wconf 72' lang='grc' dir='ltr'>ι’</span> 
     </span>
    </p>
   </div>
   <div class='ocr_carea' id='block_1_21' title="bbox 1967 783 3455 856">
    <p class='ocr_par' dir='ltr' id='par_1_21' title="bbox 1967 783 3455 856">
     <span class='ocr_line' id='line_1_21' title="bbox 1967 783 3455 856; baseline 0.005 -20"><span class='ocrx_word' id='word_1_136' title='bbox 1967 783 2154 838; x_wconf 87' lang='lat' dir='ltr'><strong>Patres</strong></span> <span class='ocrx_word' id='word_1_137' title='bbox 2194 785 2248 838; x_wconf 87' lang='lat' dir='ltr'><strong>bi</strong></span> <span class='ocrx_word' id='word_1_138' title='bbox 2278 785 2575 839; x_wconf 81' lang='lat' dir='ltr'><strong>indubitata</strong></span> <span class='ocrx_word' id='word_1_139' title='bbox 2606 795 2660 838; x_wconf 90' lang='lat' dir='ltr'><strong>et</strong></span> <span class='ocrx_word' id='word_1_140' title='bbox 2689 783 2972 840; x_wconf 79' lang='lat' dir='ltr'><strong>verissima</strong></span> <span class='ocrx_word' id='word_1_141' title='bbox 3007 789 3194 856; x_wconf 85' lang='lat' dir='ltr'><strong>synodi</strong></span> <span class='ocrx_word' id='word_1_142' title='bbox 3222 787 3455 843; x_wconf 69' lang='lat' dir='ltr'><strong>Nlcaznaa</strong></span> 
     </span>
    </p>
   </div>
   <div class='ocr_carea' id='block_1_22' title="bbox 1895 876 3457 943">
    <p class='ocr_par' dir='ltr' id='par_1_22' title="bbox 1895 876 3457 943">
     <span class='ocr_line' id='line_1_22' title="bbox 1895 876 3457 943; baseline 0.003 -17"><span class='ocrx_word' id='word_1_143' title='bbox 1895 876 2222 942; x_wconf 76' lang='lat' dir='ltr'><strong>exemplaria</strong></span> <span class='ocrx_word' id='word_1_144' title='bbox 2264 877 2605 943; x_wconf 88' lang='lat' dir='ltr'><strong>recipientes,</strong></span> <span class='ocrx_word' id='word_1_145' title='bbox 2647 876 2702 929; x_wconf 93' lang='lat' dir='ltr'><strong>in</strong></span> <span class='ocrx_word' id='word_1_146' title='bbox 2737 877 3034 930; x_wconf 88' lang='lat' dir='ltr'><strong>canonibus</strong></span> <span class='ocrx_word' id='word_1_147' title='bbox 3069 876 3208 931; x_wconf 87' lang='lat' dir='ltr'><strong>illius</strong></span> <span class='ocrx_word' id='word_1_148' title='bbox 3239 893 3344 932; x_wconf 90' lang='lat' dir='ltr'><strong>non</strong></span> <span class='ocrx_word' id='word_1_149' title='bbox 3377 880 3457 932; x_wconf 88' lang='lat' dir='ltr'><strong>in-</strong></span> 
     </span>
    </p>
   </div>
   <div class='ocr_carea' id='block_1_23' title="bbox 1897 967 3446 1035">
    <p class='ocr_par' dir='ltr' id='par_1_23' title="bbox 1897 967 3446 1035">
     <span class='ocr_line' id='line_1_23' title="bbox 1897 967 3446 1035; baseline 0.003 -17"><span class='ocrx_word' id='word_1_150' title='bbox 1897 967 2171 1020; x_wconf 81' lang='lat' dir='ltr'><strong>venientes</strong></span> <span class='ocrx_word' id='word_1_151' title='bbox 2222 967 2513 1030; x_wconf 86' lang='lat' dir='ltr'><strong>decretutn,</strong></span> <span class='ocrx_word' id='word_1_152' title='bbox 2562 979 2617 1020; x_wconf 86' lang='lat' dir='ltr'><strong>ut</strong></span> <span class='ocrx_word' id='word_1_153' title='bbox 2661 981 2688 1020; x_wconf 88' lang='lat' dir='ltr'><strong>a</strong></span> <span class='ocrx_word' id='word_1_154' title='bbox 2749 983 2880 1035; x_wconf 88' lang='lat' dir='ltr'><strong>papa</strong></span> <span class='ocrx_word' id='word_1_155' title='bbox 2938 971 3281 1022; x_wconf 84' lang='lat' dir='ltr'><strong>mitterentur</strong></span> <span class='ocrx_word' id='word_1_156' title='bbox 3330 971 3446 1035; x_wconf 85' lang='lat' dir='ltr'><strong>ejus</strong></span> 
     </span>
    </p>
   </div>
   <div class='ocr_carea' id='block_1_24' title="bbox 1899 1055 3456 1124">
    <p class='ocr_par' dir='ltr' id='par_1_24' title="bbox 1899 1055 3456 1124">
     <span class='ocr_line' id='line_1_24' title="bbox 1899 1055 3456 1124; baseline 0.001 -16"><span class='ocrx_word' id='word_1_157' title='bbox 1899 1055 2153 1119; x_wconf 79' lang='lat' dir='ltr'><strong>minisui,</strong></span> <span class='ocrx_word' id='word_1_158' title='bbox 2180 1065 2232 1108; x_wconf 92' lang='lat' dir='ltr'><strong>et</strong></span> <span class='ocrx_word' id='word_1_159' title='bbox 2254 1055 2632 1124; x_wconf 82' lang='lat' dir='ltr'><strong>episcOporum</strong></span> <span class='ocrx_word' id='word_1_160' title='bbox 2653 1065 2706 1108; x_wconf 91' lang='lat' dir='ltr'><strong>et</strong></span> <span class='ocrx_word' id='word_1_161' title='bbox 2728 1056 3045 1109; x_wconf 90' lang='lat' dir='ltr'><strong>clericorum</strong></span> <span class='ocrx_word' id='word_1_162' title='bbox 3073 1058 3456 1123; x_wconf 71' lang='lat' dir='ltr'><strong>appellationes</strong></span> 
     </span>
    </p>
   </div>
   <div class='ocr_carea' id='block_1_25' title="bbox 1897 1145 3454 1215">
    <p class='ocr_par' dir='ltr' id='par_1_25' title="bbox 1897 1145 3454 1215">
     <span class='ocr_line' id='line_1_25' title="bbox 1897 1145 3454 1215; baseline 0.003 -19"><span class='ocrx_word' id='word_1_163' title='bbox 1897 1145 2035 1212; x_wconf 90' lang='lat' dir='ltr'><strong>apud</strong></span> <span class='ocrx_word' id='word_1_164' title='bbox 2069 1159 2160 1198; x_wconf 88' lang='lat' dir='ltr'><strong>eos</strong></span> <span class='ocrx_word' id='word_1_165' title='bbox 2183 1155 2586 1209; x_wconf 79' lang='lat' dir='ltr'><strong>exercerentur,</strong></span> <span class='ocrx_word' id='word_1_166' title='bbox 2626 1146 2691 1199; x_wconf 90' lang='lat' dir='ltr'><strong>ad</strong></span> <span class='ocrx_word' id='word_1_167' title='bbox 2715 1145 3038 1200; x_wconf 84' lang='lat' dir='ltr'><strong>Celestinum</strong></span> <span class='ocrx_word' id='word_1_168' title='bbox 3063 1146 3243 1200; x_wconf 75' lang='lat' dir='ltr'><strong>Roma:</strong></span> <span class='ocrx_word' id='word_1_169' title='bbox 3266 1161 3454 1215; x_wconf 82' lang='lat' dir='ltr'><strong>papam</strong></span> 
     </span>
    </p>
   </div>
   <div class='ocr_carea' id='block_1_26' title="bbox 1896 1236 3459 1306">
    <p class='ocr_par' dir='ltr' id='par_1_26' title="bbox 1896 1236 3459 1306">
     <span class='ocr_line' id='line_1_26' title="bbox 1896 1236 3459 1306; baseline -0.001 -17"><span class='ocrx_word' id='word_1_170' title='bbox 1896 1237 2250 1304; x_wconf 81' lang='lat' dir='ltr'><strong>scripserunt,</strong></span> <span class='ocrx_word' id='word_1_171' title='bbox 2281 1247 2336 1288; x_wconf 93' lang='lat' dir='ltr'><strong>ut</strong></span> <span class='ocrx_word' id='word_1_172' title='bbox 2364 1245 2546 1304; x_wconf 79' lang='lat' dir='ltr'><strong>postea</strong></span> <span class='ocrx_word' id='word_1_173' title='bbox 2590 1238 2655 1290; x_wconf 88' lang='lat' dir='ltr'><strong>ab</strong></span> <span class='ocrx_word' id='word_1_174' title='bbox 2693 1237 2827 1303; x_wconf 85' lang='lat' dir='ltr'><strong>ipsis</strong></span> <span class='ocrx_word' id='word_1_175' title='bbox 2854 1247 3161 1306; x_wconf 74' lang='lat' dir='ltr'><strong>segregatos</strong></span> <span class='ocrx_word' id='word_1_176' title='bbox 3204 1236 3382 1300; x_wconf 79' lang='lat' dir='ltr'><strong>facile,</strong></span> <span class='ocrx_word' id='word_1_177' title='bbox 3407 1248 3459 1288; x_wconf 88' lang='lat' dir='ltr'><strong>et</strong></span> 
     </span>
    </p>
   </div>
   <div class='ocr_carea' id='block_1_27' title="bbox 1899 1328 3459 1390">
    <p class='ocr_par' dir='ltr' id='par_1_27' title="bbox 1899 1328 3459 1390">
     <span class='ocr_line' id='line_1_27' title="bbox 1899 1328 3459 1390; baseline -0.001 -11"><span class='ocrx_word' id='word_1_178' title='bbox 1899 1337 1956 1379; x_wconf 92' lang='lat' dir='ltr'><strong>ut</strong></span> <span class='ocrx_word' id='word_1_179' title='bbox 1981 1343 2084 1379; x_wconf 90' lang='lat' dir='ltr'><strong>non</strong></span> <span class='ocrx_word' id='word_1_180' title='bbox 2115 1330 2286 1390; x_wconf 89' lang='lat' dir='ltr'><strong>decet,</strong></span> <span class='ocrx_word' id='word_1_181' title='bbox 2317 1329 2369 1379; x_wconf 90' lang='lat' dir='ltr'><strong>in</strong></span> <span class='ocrx_word' id='word_1_182' title='bbox 2395 1328 2825 1381; x_wconf 84' lang='lat' dir='ltr'><strong>communionem</strong></span> <span class='ocrx_word' id='word_1_183' title='bbox 2855 1343 2960 1381; x_wconf 91' lang='lat' dir='ltr'><strong>non</strong></span> <span class='ocrx_word' id='word_1_184' title='bbox 3001 1330 3330 1389; x_wconf 86' lang='lat' dir='ltr'><strong>restitueret,</strong></span> <span class='ocrx_word' id='word_1_185' title='bbox 3363 1342 3459 1379; x_wconf 88' lang='lat' dir='ltr'><strong>nec</strong></span> 
     </span>
    </p>
   </div>
   <div class='ocr_carea' id='block_1_28' title="bbox 1898 1414 3459 1483">
    <p class='ocr_par' dir='ltr' id='par_1_28' title="bbox 1898 1414 3459 1483">
     <span class='ocr_line' id='line_1_28' title="bbox 1898 1414 3459 1483; baseline 0.001 -17"><span class='ocrx_word' id='word_1_186' title='bbox 1898 1415 2270 1483; x_wconf 87' lang='lat' dir='ltr'><strong>episcoporum</strong></span> <span class='ocrx_word' id='word_1_187' title='bbox 2302 1424 2392 1467; x_wconf 90' lang='lat' dir='ltr'><strong>aut</strong></span> <span class='ocrx_word' id='word_1_188' title='bbox 2434 1414 2756 1469; x_wconf 87' lang='lat' dir='ltr'><strong>clericorum</strong></span> <span class='ocrx_word' id='word_1_189' title='bbox 2795 1416 2861 1468; x_wconf 89' lang='lat' dir='ltr'><strong>ab</strong></span> <span class='ocrx_word' id='word_1_190' title='bbox 2895 1418 3025 1483; x_wconf 84' lang='lat' dir='ltr'><strong>ipsis</strong></span> <span class='ocrx_word' id='word_1_191' title='bbox 3064 1418 3126 1467; x_wconf 90' lang='lat' dir='ltr'><strong>ad</strong></span> <span class='ocrx_word' id='word_1_192' title='bbox 3167 1417 3459 1483; x_wconf 87' lang='lat' dir='ltr'><strong>depositio-</strong></span> 
     </span>
    </p>
   </div>
   <div class='ocr_carea' id='block_1_29' title="bbox 1899 1503 3460 1574">
    <p class='ocr_par' dir='ltr' id='par_1_29' title="bbox 1899 1503 3460 1574">
     <span class='ocr_line' id='line_1_29' title="bbox 1899 1503 3460 1574; baseline 0 -18"><span class='ocrx_word' id='word_1_193' title='bbox 1899 1517 2023 1556; x_wconf 87' lang='lat' dir='ltr'><strong>nem</strong></span> <span class='ocrx_word' id='word_1_194' title='bbox 2059 1503 2535 1557; x_wconf 81' lang='lat' dir='ltr'><strong>condcmnatorum</strong></span> <span class='ocrx_word' id='word_1_195' title='bbox 2578 1504 2992 1572; x_wconf 82' lang='lat' dir='ltr'><strong>appellationem</strong></span> <span class='ocrx_word' id='word_1_196' title='bbox 3041 1506 3326 1574; x_wconf 83' lang='lat' dir='ltr'><strong>reciperet,</strong></span> <span class='ocrx_word' id='word_1_197' title='bbox 3363 1521 3460 1558; x_wconf 88' lang='lat' dir='ltr'><strong>nec</strong></span> 
     </span>
    </p>
   </div>
   <div class='ocr_carea' id='block_1_30' title="bbox 1899 1593 3460 1664">
    <p class='ocr_par' dir='ltr' id='par_1_30' title="bbox 1899 1593 3460 1664">
     <span class='ocr_line' id='line_1_30' title="bbox 1899 1593 3460 1664; baseline 0.004 -21"><span class='ocrx_word' id='word_1_198' title='bbox 1899 1595 2243 1662; x_wconf 80' lang='lat' dir='ltr'><strong>presbyteros</strong></span> <span class='ocrx_word' id='word_1_199' title='bbox 2269 1608 2395 1646; x_wconf 86' lang='lat' dir='ltr'><strong>suos</strong></span> <span class='ocrx_word' id='word_1_200' title='bbox 2441 1593 2706 1657; x_wconf 84' lang='lat' dir='ltr'><strong>mitteret;</strong></span> <span class='ocrx_word' id='word_1_201' title='bbox 2743 1604 2796 1647; x_wconf 89' lang='lat' dir='ltr'><strong>et</strong></span> <span class='ocrx_word' id='word_1_202' title='bbox 2825 1597 2890 1648; x_wconf 93' lang='lat' dir='ltr'><strong>iis</strong></span> <span class='ocrx_word' id='word_1_203' title='bbox 2932 1595 3306 1664; x_wconf 84' lang='lat' dir='ltr'><strong>appellationis</strong></span> <span class='ocrx_word' id='word_1_204' title='bbox 3335 1612 3460 1650; x_wconf 81' lang='lat' dir='ltr'><strong>exa-</strong></span> 
     </span>
    </p>
   </div>
   <div class='ocr_carea' id='block_1_31' title="bbox 1899 1683 3454 1748">
    <p class='ocr_par' dir='ltr' id='par_1_31' title="bbox 1899 1683 3454 1748">
     <span class='ocr_line' id='line_1_31' title="bbox 1899 1683 3454 1748; baseline 0.001 -12"><span class='ocrx_word' id='word_1_205' title='bbox 1899 1685 2247 1737; x_wconf 84' lang='lat' dir='ltr'><strong>tninationem</strong></span> <span class='ocrx_word' id='word_1_206' title='bbox 2300 1683 2685 1748; x_wconf 83' lang='lat' dir='ltr'><strong>committeret,</strong></span> <span class='ocrx_word' id='word_1_207' title='bbox 2732 1685 2824 1737; x_wconf 91' lang='lat' dir='ltr'><strong>sed</strong></span> <span class='ocrx_word' id='word_1_208' title='bbox 2877 1695 2933 1738; x_wconf 92' lang='lat' dir='ltr'><strong>ut</strong></span> <span class='ocrx_word' id='word_1_209' title='bbox 2974 1686 3454 1739; x_wconf 85' lang='lat' dir='ltr'><strong>condemnatorum</strong></span> 
     </span>
    </p>
   </div>
   <div class='ocr_carea' id='block_1_32' title="bbox 237 1775 1800 1849">
    <p class='ocr_par' dir='ltr' id='par_1_32' title="bbox 237 1776 1796 1849">
     <span class='ocr_line' id='line_1_32' title="bbox 237 1776 1796 1849; baseline 0.001 -21"><span class='ocrx_word' id='word_1_210' title='bbox 237 1777 404 1839; x_wconf 72' lang='grc' dir='ltr'>ἰδίους</span> <span class='ocrx_word' id='word_1_211' title='bbox 436 1778 701 1844; x_wconf 79' lang='grc' dir='ltr'>στέλλειν,</span> <span class='ocrx_word' id='word_1_212' title='bbox 729 1779 822 1831; x_wconf 79' lang='grc' dir='ltr'>καὶ</span> <span class='ocrx_word' id='word_1_213' title='bbox 849 1777 950 1849; x_wconf 80' lang='grc' dir='ltr'><strong>τὴν</strong></span> <span class='ocrx_word' id='word_1_214' title='bbox 997 1779 1098 1847; x_wconf 84' lang='grc' dir='ltr'>τῆς</span> <span class='ocrx_word' id='word_1_215' title='bbox 1132 1778 1398 1846; x_wconf 80' lang='grc' dir='ltr'>ὲκκλήτου</span> <span class='ocrx_word' id='word_1_216' title='bbox 1471 1776 1796 1845; x_wconf 80' lang='grc' dir='ltr'>δοκιμασίαν</span> 
     </span>
    </p>
   </div>
   <div class='ocr_carea' id='block_1_33' title="bbox 1899 1775 3460 1849">
    <p class='ocr_par' dir='ltr' id='par_1_33' title="bbox 1902 1775 3460 1844">
     <span class='ocr_line' id='line_1_33' title="bbox 1902 1775 3460 1844; baseline 0.001 -18"><span class='ocrx_word' id='word_1_217' title='bbox 1902 1775 2276 1842; x_wconf 88' lang='lat' dir='ltr'><strong>unusquisque</strong></span> <span class='ocrx_word' id='word_1_218' title='bbox 2323 1775 2390 1828; x_wconf 90' lang='lat' dir='ltr'><strong>ad</strong></span> <span class='ocrx_word' id='word_1_219' title='bbox 2430 1775 2666 1844; x_wconf 76' lang='lat' dir='ltr'><strong>propriae</strong></span> <span class='ocrx_word' id='word_1_220' title='bbox 2691 1776 2982 1844; x_wconf 71' lang='lat' dir='ltr'><strong>provincia:</strong></span> <span class='ocrx_word' id='word_1_221' title='bbox 3021 1775 3251 1844; x_wconf 91' lang='lat' dir='ltr'><strong>synodos</strong></span> <span class='ocrx_word' id='word_1_222' title='bbox 3280 1776 3460 1843; x_wconf 86' lang='lat' dir='ltr'><strong>appel-</strong></span> 
     </span>
    </p>
   </div>
   <div class='ocr_carea' id='block_1_34' title="bbox 235 1839 1800 1932">
    <p class='ocr_par' dir='ltr' id='par_1_34' title="bbox 235 1867 1798 1930">
     <span class='ocr_line' id='line_1_34' title="bbox 235 1867 1798 1930; baseline -0.001 -11"><span class='ocrx_word' id='word_1_223' title='bbox 235 1869 551 1920; x_wconf 72' lang='grc' dir='ltr'>ἀνατιθέναι</span> <span class='ocrx_word' id='word_1_224' title='bbox 602 1870 830 1930; x_wconf 74' lang='grc' dir='ltr'>αὐτοῖς’</span> <span class='ocrx_word' id='word_1_225' title='bbox 915 1867 1032 1921; x_wconf 79' lang='grc' dir='ltr'>ἀλλ’</span> <span class='ocrx_word' id='word_1_226' title='bbox 1063 1868 1294 1919; x_wconf 67' lang='grc' dir='ltr'>ἕκαστον</span> <span class='ocrx_word' id='word_1_227' title='bbox 1343 1867 1450 1918; x_wconf 81' lang='grc' dir='ltr'><strong>τῶν</strong></span> <span class='ocrx_word' id='word_1_228' title='bbox 1504 1868 1798 1919; x_wconf 84' lang='grc' dir='ltr'>καταδικα-</span> 
     </span>
    </p>
   </div>
   <div class='ocr_carea' id='block_1_35' title="bbox 1899 1839 3456 1932">
    <p class='ocr_par' dir='ltr' id='par_1_35' title="bbox 1899 1862 3456 1932">
     <span class='ocr_line' id='line_1_35' title="bbox 1899 1862 3456 1932; baseline 0 -17"><span class='ocrx_word' id='word_1_229' title='bbox 1899 1863 2053 1927; x_wconf 90' lang='lat' dir='ltr'><strong>laret,</strong></span> <span class='ocrx_word' id='word_1_230' title='bbox 2075 1863 2118 1916; x_wconf 92' lang='lat' dir='ltr'><strong>si</strong></span> <span class='ocrx_word' id='word_1_231' title='bbox 2149 1862 2325 1927; x_wconf 83' lang='lat' dir='ltr'><strong>vellet,</strong></span> <span class='ocrx_word' id='word_1_232' title='bbox 2358 1863 2438 1916; x_wconf 88' lang='lat' dir='ltr'><strong>vel</strong></span> <span class='ocrx_word' id='word_1_233' title='bbox 2466 1863 2630 1916; x_wconf 87' lang='lat' dir='ltr'><strong>etiam</strong></span> <span class='ocrx_word' id='word_1_234' title='bbox 2654 1863 2718 1915; x_wconf 86' lang='lat' dir='ltr'><strong>ad</strong></span> <span class='ocrx_word' id='word_1_235' title='bbox 2747 1863 3000 1932; x_wconf 84' lang='lat' dir='ltr'><strong>synodum</strong></span> <span class='ocrx_word' id='word_1_236' title='bbox 3034 1863 3456 1926; x_wconf 71' lang='lat' dir='ltr'><strong>mcuntenicatn;</strong></span> 
     </span>
    </p>
   </div>
   <div class='ocr_carea' id='block_1_36' title="bbox 234 1956 1793 2029">
    <p class='ocr_par' dir='ltr' id='par_1_36' title="bbox 234 1956 1793 2029">
     <span class='ocr_line' id='line_1_36' title="bbox 234 1956 1793 2029; baseline -0.001 -20"><span class='ocrx_word' id='word_1_237' title='bbox 234 1960 478 2011; x_wconf 78' lang='grc' dir='ltr'>σθέντων</span> <span class='ocrx_word' id='word_1_238' title='bbox 513 1960 649 2029; x_wconf 82' lang='grc' dir='ltr'>πρὸς</span> <span class='ocrx_word' id='word_1_239' title='bbox 679 1959 779 2019; x_wconf 78' lang='grc' dir='ltr'>τὰς</span> <span class='ocrx_word' id='word_1_240' title='bbox 814 1958 1069 2020; x_wconf 81' lang='grc' dir='ltr'>συνόδους</span> <span class='ocrx_word' id='word_1_241' title='bbox 1094 1958 1192 2027; x_wconf 82' lang='grc' dir='ltr'>τῆς</span> <span class='ocrx_word' id='word_1_242' title='bbox 1227 1957 1362 2018; x_wconf 89' lang='grc' dir='ltr'>ίδίας</span> <span class='ocrx_word' id='word_1_243' title='bbox 1391 1956 1666 2026; x_wconf 71' lang='grc' dir='ltr'>ἐπαρχίας</span> <span class='ocrx_word' id='word_1_244' title='bbox 1701 1958 1793 2008; x_wconf 83' lang='grc' dir='ltr'><strong>ὲκ-</strong></span> 
     </span>
    </p>
   </div>
   <div class='ocr_carea' id='block_1_37' title="bbox 231 2047 1798 2118">
    <p class='ocr_par' dir='ltr' id='par_1_37' title="bbox 231 2047 1798 2118">
     <span class='ocr_line' id='line_1_37' title="bbox 231 2047 1798 2118; baseline -0.003 -16"><span class='ocrx_word' id='word_1_245' title='bbox 231 2049 539 2113; x_wconf 78' lang='grc' dir='ltr'>καλεῐσθαι,</span> <span class='ocrx_word' id='word_1_246' title='bbox 570 2053 620 2102; x_wconf 89' lang='grc' dir='ltr'><strong>εί</strong></span> <span class='ocrx_word' id='word_1_247' title='bbox 650 2048 924 2118; x_wconf 80' lang='grc' dir='ltr'>βούλεται,</span> <span class='ocrx_word' id='word_1_248' title='bbox 963 2049 996 2116; x_wconf 81' lang='grc' dir='ltr'>ἢ</span> <span class='ocrx_word' id='word_1_249' title='bbox 1024 2047 1104 2099; x_wconf 80' lang='grc' dir='ltr'>ἔτι</span> <span class='ocrx_word' id='word_1_250' title='bbox 1139 2047 1247 2116; x_wconf 81' lang='grc' dir='ltr'>μὴν</span> <span class='ocrx_word' id='word_1_251' title='bbox 1301 2047 1437 2114; x_wconf 75' lang='grc' dir='ltr'>πρὸς</span> <span class='ocrx_word' id='word_1_252' title='bbox 1494 2048 1798 2115; x_wconf 84' lang='grc' dir='ltr'>οίκουμενι-</span> 
     </span>
    </p>
   </div>
   <div class='ocr_carea' id='block_1_38' title="bbox 233 2135 1796 2207">
    <p class='ocr_par' dir='ltr' id='par_1_38' title="bbox 233 2135 1796 2207">
     <span class='ocr_line' id='line_1_38' title="bbox 233 2135 1796 2207; baseline -0.001 -17"><span class='ocrx_word' id='word_1_253' title='bbox 233 2139 336 2207; x_wconf 78' lang='grc' dir='ltr'><strong>κὴν</strong></span> <span class='ocrx_word' id='word_1_254' title='bbox 362 2138 581 2190; x_wconf 81' lang='grc' dir='ltr'>σύνοδον</span> <span class='ocrx_word' id='word_1_255' title='bbox 608 2153 622 2168; x_wconf 87' lang='grc'><strong>·</strong></span> <span class='ocrx_word' id='word_1_256' title='bbox 655 2140 741 2191; x_wconf 80' lang='grc' dir='ltr'>ἵνα</span> <span class='ocrx_word' id='word_1_257' title='bbox 771 2141 846 2207; x_wconf 80' lang='grc' dir='ltr'>μὴ</span> <span class='ocrx_word' id='word_1_258' title='bbox 871 2138 1137 2205; x_wconf 76' lang='grc' dir='ltr'>κοσμικδν</span> <span class='ocrx_word' id='word_1_259' title='bbox 1172 2136 1340 2204; x_wconf 77' lang='grc' dir='ltr'>τῦφον</span> <span class='ocrx_word' id='word_1_260' title='bbox 1397 2139 1463 2204; x_wconf 79' lang='grc' dir='ltr'>τῇ</span> <span class='ocrx_word' id='word_1_261' title='bbox 1509 2135 1604 2189; x_wconf 83' lang='grc' dir='ltr'><strong>τοῦ</strong></span> <span class='ocrx_word' id='word_1_262' title='bbox 1659 2137 1796 2206; x_wconf 80' lang='grc' dir='ltr'>Χρι·</span> 
     </span>
    </p>
   </div>
   <div class='ocr_carea' id='block_1_39' title="bbox 232 2225 1795 2298">
    <p class='ocr_par' dir='ltr' id='par_1_39' title="bbox 232 2225 1795 2298">
     <span class='ocr_line' id='line_1_39' title="bbox 232 2225 1795 2298; baseline -0.003 -17"><span class='ocrx_word' id='word_1_263' title='bbox 232 2229 360 2281; x_wconf 84' lang='grc' dir='ltr'>στοῦ</span> <span class='ocrx_word' id='word_1_264' title='bbox 391 2228 689 2298; x_wconf 73' lang='grc' dir='ltr'>Ἐκκλησία</span> <span class='ocrx_word' id='word_1_265' title='bbox 714 2229 959 2295; x_wconf 75' lang='grc' dir='ltr'><strong>εἰσάγειν</strong></span> <span class='ocrx_word' id='word_1_266' title='bbox 974 2226 1120 2297; x_wconf 75' lang='grc' dir='ltr'>δόξῃ.</span> <span class='ocrx_word' id='word_1_267' title='bbox 1143 2226 1504 2295; x_wconf 82' lang='grc' dir='ltr'>Παρέστησαν</span> <span class='ocrx_word' id='word_1_268' title='bbox 1531 2225 1588 2278; x_wconf 69' lang='grc' dir='ltr'>δὲ</span> <span class='ocrx_word' id='word_1_269' title='bbox 1617 2225 1795 2289; x_wconf 81' lang='grc' dir='ltr'>τοῦτο,</span> 
     </span>
    </p>
   </div>
   <div class='ocr_carea' id='block_1_40' title="bbox 227 2317 1795 2388">
    <p class='ocr_par' dir='ltr' id='par_1_40' title="bbox 227 2317 1795 2388">
     <span class='ocr_line' id='line_1_40' title="bbox 227 2317 1795 2388; baseline -0.002 -16"><span class='ocrx_word' id='word_1_270' title='bbox 227 2320 292 2372; x_wconf 82' lang='grc' dir='ltr'>τὸ</span> <span class='ocrx_word' id='word_1_271' title='bbox 328 2320 397 2385; x_wconf 67' lang='grc' dir='ltr'><strong>ἐξ</strong></span> <span class='ocrx_word' id='word_1_272' title='bbox 419 2318 595 2388; x_wconf 69' lang='grc' dir='ltr'>ἔργων</span> <span class='ocrx_word' id='word_1_273' title='bbox 625 2317 804 2371; x_wconf 78' lang='grc' dir='ltr'>αὐτῶν</span> <span class='ocrx_word' id='word_1_274' title='bbox 831 2321 925 2372; x_wconf 71' lang='grc' dir='ltr'>καὶ</span> <span class='ocrx_word' id='word_1_275' title='bbox 950 2317 1108 2388; x_wconf 72' lang='grc' dir='ltr'>ὓϐριν</span> <span class='ocrx_word' id='word_1_276' title='bbox 1136 2321 1258 2379; x_wconf 79' lang='grc' dir='ltr'>ταῖς</span> <span class='ocrx_word' id='word_1_277' title='bbox 1302 2317 1650 2388; x_wconf 86' lang='grc' dir='ltr'>Ἐκκλησίαις</span> <span class='ocrx_word' id='word_1_278' title='bbox 1695 2320 1795 2371; x_wconf 70' lang='grc' dir='ltr'><strong>ἑπ-</strong></span> 
     </span>
    </p>
   </div>
   <div class='ocr_carea' id='block_1_41' title="bbox 236 2409 1797 2480">
    <p class='ocr_par' dir='ltr' id='par_1_41' title="bbox 236 2409 1797 2480">
     <span class='ocr_line' id='line_1_41' title="bbox 236 2409 1797 2480; baseline -0.003 -16"><span class='ocrx_word' id='word_1_279' title='bbox 236 2410 375 2477; x_wconf 80' lang='grc' dir='ltr'>άγον</span> <span class='ocrx_word' id='word_1_280' title='bbox 404 2425 419 2442; x_wconf 79' lang='grc'><strong><em>⁸</em></strong></span> <span class='ocrx_word' id='word_1_281' title='bbox 445 2409 538 2461; x_wconf 74' lang='grc' dir='ltr'><strong>τὸν</strong></span> <span class='ocrx_word' id='word_1_282' title='bbox 571 2411 677 2478; x_wconf 78' lang='grc' dir='ltr'><strong>γὰρ</strong></span> <span class='ocrx_word' id='word_1_283' title='bbox 705 2409 1075 2480; x_wconf 75' lang='grc' dir='ltr'>πρεσϐύτερον</span> <span class='ocrx_word' id='word_1_284' title='bbox 1136 2409 1437 2477; x_wconf 78' lang='grc' dir='ltr'>’Δπιάριον,</span> <span class='ocrx_word' id='word_1_285' title='bbox 1498 2409 1560 2460; x_wconf 78' lang='grc' dir='ltr'><strong>ὲκ</strong></span> <span class='ocrx_word' id='word_1_286' title='bbox 1591 2411 1691 2478; x_wconf 81' lang='grc' dir='ltr'>τῆς</span> <span class='ocrx_word' id='word_1_287' title='bbox 1741 2411 1797 2460; x_wconf 71' lang='grc' dir='ltr'>ιν</span> 
     </span>
    </p>
   </div>
   <div class='ocr_carea' id='block_1_42' title="bbox 231 2498 1794 2572">
    <p class='ocr_par' dir='ltr' id='par_1_42' title="bbox 231 2498 1794 2572">
     <span class='ocr_line' id='line_1_42' title="bbox 231 2498 1794 2572; baseline 0.001 -21"><span class='ocrx_word' id='word_1_288' title='bbox 231 2501 409 2572; x_wconf 83' lang='grc' dir='ltr'>Σίκκῃ</span> <span class='ocrx_word' id='word_1_289' title='bbox 449 2499 775 2570; x_wconf 85' lang='grc' dir='ltr'>Ἐκκλησίας</span> <span class='ocrx_word' id='word_1_290' title='bbox 802 2500 1197 2570; x_wconf 77' lang='grc' dir='ltr'>άποκινηθὲντα</span> <span class='ocrx_word' id='word_1_291' title='bbox 1230 2499 1296 2552; x_wconf 80' lang='grc' dir='ltr'><strong>δι’</strong></span> <span class='ocrx_word' id='word_1_292' title='bbox 1318 2498 1568 2565; x_wconf 81' lang='grc' dir='ltr'>εὐλόγους</span> <span class='ocrx_word' id='word_1_293' title='bbox 1597 2500 1794 2564; x_wconf 78' lang='grc' dir='ltr'>αἰτίας,</span> 
     </span>
    </p>
   </div>
   <div class='ocr_carea' id='block_1_43' title="bbox 230 2589 1797 2665">
    <p class='ocr_par' dir='ltr' id='par_1_43' title="bbox 230 2589 1797 2665">
     <span class='ocr_line' id='line_1_43' title="bbox 230 2589 1797 2665; baseline -0.001 -19"><span class='ocrx_word' id='word_1_294' title='bbox 230 2589 352 2646; x_wconf 67' lang='grc' dir='ltr'>εἶτα</span> <span class='ocrx_word' id='word_1_295' title='bbox 382 2593 532 2663; x_wconf 83' lang='grc' dir='ltr'><strong>αὑτῷ</strong></span> <span class='ocrx_word' id='word_1_296' title='bbox 559 2593 626 2663; x_wconf 80' lang='grc' dir='ltr'>δὴ</span> <span class='ocrx_word' id='word_1_297' title='bbox 647 2593 722 2662; x_wconf 82' lang='grc' dir='ltr'>τῷ</span> <span class='ocrx_word' id='word_1_298' title='bbox 776 2595 1085 2665; x_wconf 78' lang='grc' dir='ltr'>Κελεστίνῳ</span> <span class='ocrx_word' id='word_1_299' title='bbox 1146 2594 1224 2663; x_wconf 83' lang='grc' dir='ltr'>τῷ</span> <span class='ocrx_word' id='word_1_300' title='bbox 1287 2594 1505 2663; x_wconf 83' lang='grc' dir='ltr'><strong>Ῥώμης</strong></span> <span class='ocrx_word' id='word_1_301' title='bbox 1565 2594 1797 2662; x_wconf 84' lang='grc' dir='ltr'>προσελ-</span> 
     </span>
    </p>
   </div>
   <div class='ocr_carea' id='block_1_44' title="bbox 231 2684 1799 2755">
    <p class='ocr_par' dir='ltr' id='par_1_44' title="bbox 231 2684 1799 2755">
     <span class='ocr_line' id='line_1_44' title="bbox 231 2684 1799 2755; baseline -0.001 -19"><span class='ocrx_word' id='word_1_302' title='bbox 231 2685 418 2749; x_wconf 80' lang='grc' dir='ltr'>θόντα,</span> <span class='ocrx_word' id='word_1_303' title='bbox 461 2689 555 2738; x_wconf 74' lang='grc' dir='ltr'>καὶ</span> <span class='ocrx_word' id='word_1_304' title='bbox 586 2685 714 2754; x_wconf 85' lang='grc' dir='ltr'>παρ’</span> <span class='ocrx_word' id='word_1_305' title='bbox 747 2685 913 2738; x_wconf 78' lang='grc' dir='ltr'>αὐτοῦ</span> <span class='ocrx_word' id='word_1_306' title='bbox 943 2684 1224 2755; x_wconf 77' lang='grc' dir='ltr'>δεχθέντα,</span> <span class='ocrx_word' id='word_1_307' title='bbox 1257 2687 1351 2737; x_wconf 82' lang='grc' dir='ltr'><strong>καὶ</strong></span> <span class='ocrx_word' id='word_1_308' title='bbox 1405 2684 1542 2752; x_wconf 80' lang='grc' dir='ltr'>μετὰ</span> <span class='ocrx_word' id='word_1_309' title='bbox 1572 2685 1799 2737; x_wconf 77' lang='grc' dir='ltr'>Φαυστί-</span> 
     </span>
    </p>
   </div>
   <div class='ocr_carea' id='block_1_45' title="bbox 231 2773 1798 2845">
    <p class='ocr_par' dir='ltr' id='par_1_45' title="bbox 231 2773 1798 2845">
     <span class='ocr_line' id='line_1_45' title="bbox 231 2773 1798 2845; baseline -0.001 -18"><span class='ocrx_word' id='word_1_310' title='bbox 231 2792 326 2827; x_wconf 69' lang='lat' dir='ltr'><strong>sou</strong></span> <span class='ocrx_word' id='word_1_311' title='bbox 359 2773 451 2826; x_wconf 80' lang='grc' dir='ltr'>τοῦ</span> <span class='ocrx_word' id='word_1_312' title='bbox 483 2776 785 2828; x_wconf 67' lang='grc' dir='ltr'>ἐπισκόπου</span> <span class='ocrx_word' id='word_1_313' title='bbox 815 2776 1075 2828; x_wconf 76' lang='grc' dir='ltr'>σταλέντα</span> <span class='ocrx_word' id='word_1_314' title='bbox 1107 2777 1244 2845; x_wconf 83' lang='grc' dir='ltr'>πρὸς</span> <span class='ocrx_word' id='word_1_315' title='bbox 1265 2774 1363 2843; x_wconf 82' lang='grc' dir='ltr'>τὴν</span> <span class='ocrx_word' id='word_1_316' title='bbox 1392 2776 1679 2844; x_wconf 81' lang='grc' dir='ltr'>Ἀφρικὴν,</span> <span class='ocrx_word' id='word_1_317' title='bbox 1705 2773 1798 2825; x_wconf 69' lang='grc' dir='ltr'><strong>ἐπὶ</strong></span> 
     </span>
    </p>
   </div>
   <div class='ocr_carea' id='block_1_46' title="bbox 230 2861 1799 2934">
    <p class='ocr_par' dir='ltr' id='par_1_46' title="bbox 230 2861 1799 2934">
     <span class='ocr_line' id='line_1_46' title="bbox 230 2861 1799 2934; baseline -0.001 -18"><span class='ocrx_word' id='word_1_318' title='bbox 230 2863 308 2932; x_wconf 82' lang='grc' dir='ltr'>τῷ</span> <span class='ocrx_word' id='word_1_319' title='bbox 332 2864 662 2934; x_wconf 70' lang='grc' dir='ltr'>ἀποδοθῆναι</span> <span class='ocrx_word' id='word_1_320' title='bbox 697 2866 858 2917; x_wconf 78' lang='grc' dir='ltr'>αὐτὸν</span> <span class='ocrx_word' id='word_1_321' title='bbox 890 2861 1044 2926; x_wconf 84' lang='grc' dir='ltr'>αὖθις</span> <span class='ocrx_word' id='word_1_322' title='bbox 1074 2865 1152 2934; x_wconf 82' lang='grc' dir='ltr'><strong>τῷ</strong></span> <span class='ocrx_word' id='word_1_323' title='bbox 1178 2861 1576 2934; x_wconf 79' lang='grc' dir='ltr'>πρεσ’6υτερίφ,</span> <span class='ocrx_word' id='word_1_324' title='bbox 1609 2864 1799 2928; x_wconf 82' lang='grc' dir='ltr'>κατεξ-</span> 
     </span>
    </p>
   </div>
   <div class='ocr_carea' id='block_1_47' title="bbox 233 2953 1799 3023">
    <p class='ocr_par' dir='ltr' id='par_1_47' title="bbox 233 2953 1799 3023">
     <span class='ocr_line' id='line_1_47' title="bbox 233 2953 1799 3023; baseline -0.001 -18"><span class='ocrx_word' id='word_1_325' title='bbox 233 2953 534 3022; x_wconf 82' lang='grc' dir='ltr'>ετασθῆναι</span> <span class='ocrx_word' id='word_1_326' title='bbox 564 2954 622 3006; x_wconf 79' lang='grc' dir='ltr'>δὲ</span> <span class='ocrx_word' id='word_1_327' title='bbox 667 2955 765 3009; x_wconf 76' lang='grc' dir='ltr'><strong>καὶ</strong></span> <span class='ocrx_word' id='word_1_328' title='bbox 796 2956 865 3006; x_wconf 83' lang='grc' dir='ltr'>τὰ</span> <span class='ocrx_word' id='word_1_329' title='bbox 886 2954 1016 3023; x_wconf 82' lang='grc' dir='ltr'>παρ’</span> <span class='ocrx_word' id='word_1_330' title='bbox 1044 2955 1221 3007; x_wconf 82' lang='grc' dir='ltr'>αὐτῶν</span> <span class='ocrx_word' id='word_1_331' title='bbox 1249 2955 1313 3022; x_wconf 84' lang='grc' dir='ltr'>δὴ</span> <span class='ocrx_word' id='word_1_332' title='bbox 1350 2953 1458 3004; x_wconf 84' lang='grc' dir='ltr'><strong>τῶν</strong></span> <span class='ocrx_word' id='word_1_333' title='bbox 1509 2953 1799 3022; x_wconf 77' lang='grc' dir='ltr'>Θαρασρα·</span> 
     </span>
    </p>
   </div>
   <div class='ocr_carea' id='block_1_48' title="bbox 233 3043 1800 3113">
    <p class='ocr_par' dir='ltr' id='par_1_48' title="bbox 233 3043 1800 3113">
     <span class='ocr_line' id='line_1_48' title="bbox 233 3043 1800 3113; baseline -0.001 -19"><span class='ocrx_word' id='word_1_334' title='bbox 233 3043 417 3111; x_wconf 82' lang='grc' dir='ltr'>κηνῶν</span> <span class='ocrx_word' id='word_1_335' title='bbox 451 3045 571 3096; x_wconf 83' lang='grc' dir='ltr'>κατ’</span> <span class='ocrx_word' id='word_1_336' title='bbox 603 3043 768 3096; x_wconf 82' lang='grc' dir='ltr'>αὑτοῦ</span> <span class='ocrx_word' id='word_1_337' title='bbox 812 3043 1169 3113; x_wconf 69' lang='grc' dir='ltr'>ἐπενεχθέντα</span> <span class='ocrx_word' id='word_1_338' title='bbox 1213 3043 1531 3110; x_wconf 66' lang='grc' dir='ltr'>ἐγκλήματα</span> <span class='ocrx_word' id='word_1_339' title='bbox 1556 3057 1570 3071; x_wconf 91' lang='grc'><strong>·</strong></span> <span class='ocrx_word' id='word_1_340' title='bbox 1647 3045 1800 3094; x_wconf 81' lang='grc' dir='ltr'>ἀναι-</span> 
     </span>
    </p>
   </div>
   <div class='ocr_carea' id='block_1_49' title="bbox 236 3132 1870 3232">
    <p class='ocr_par' dir='ltr' id='par_1_49' title="bbox 236 3132 1870 3232">
     <span class='ocr_line' id='line_1_49' title="bbox 236 3132 1870 3232; baseline -0.002 -48"><span class='ocrx_word' id='word_1_341' title='bbox 236 3137 597 3203; x_wconf 82' lang='grc' dir='ltr'>σχυντότερον</span> <span class='ocrx_word' id='word_1_342' title='bbox 636 3135 825 3189; x_wconf 83' lang='grc' dir='ltr'>τοῦτον</span> <span class='ocrx_word' id='word_1_343' title='bbox 858 3136 919 3188; x_wconf 82' lang='grc' dir='ltr'>τὸ</span> <span class='ocrx_word' id='word_1_344' title='bbox 974 3135 1300 3198; x_wconf 82' lang='grc' dir='ltr'>σπουδαίως,</span> <span class='ocrx_word' id='word_1_345' title='bbox 1329 3135 1424 3185; x_wconf 78' lang='grc' dir='ltr'><strong>καὶ</strong></span> <span class='ocrx_word' id='word_1_346' title='bbox 1452 3133 1526 3194; x_wconf 84' lang='grc' dir='ltr'><strong>ὡς</strong></span> <span class='ocrx_word' id='word_1_347' title='bbox 1551 3133 1649 3184; x_wconf 81' lang='grc' dir='ltr'>οὐκ</span> <span class='ocrx_word' id='word_1_348' title='bbox 1669 3132 1795 3196; x_wconf 76' lang='grc' dir='ltr'>ἔδει,</span> <span class='ocrx_word' id='word_1_349' title='bbox 1826 3173 1870 3232; x_wconf 75' lang='lat' dir='ltr'><strong><em>C</em></strong></span> 
     </span>
    </p>
   </div>
   <div class='ocr_carea' id='block_1_50' title="bbox 232 3225 1794 3298">
    <p class='ocr_par' dir='ltr' id='par_1_50' title="bbox 232 3225 1794 3298">
     <span class='ocr_line' id='line_1_50' title="bbox 232 3225 1794 3298; baseline 0 -23"><span class='ocrx_word' id='word_1_350' title='bbox 232 3227 314 3286; x_wconf 81' lang='grc' dir='ltr'><strong>είς</strong></span> <span class='ocrx_word' id='word_1_351' title='bbox 363 3230 654 3280; x_wconf 87' lang='grc' dir='ltr'>κοινωνίαν</span> <span class='ocrx_word' id='word_1_352' title='bbox 708 3228 1118 3298; x_wconf 82' lang='grc' dir='ltr'>παραδεχθῆναι</span> <span class='ocrx_word' id='word_1_353' title='bbox 1172 3227 1504 3293; x_wconf 82' lang='grc' dir='ltr'>κατέστησε,</span> <span class='ocrx_word' id='word_1_354' title='bbox 1585 3225 1677 3276; x_wconf 75' lang='grc' dir='ltr'><strong>καὶ</strong></span> <span class='ocrx_word' id='word_1_355' title='bbox 1728 3226 1794 3292; x_wconf 81' lang='grc' dir='ltr'>τῇ</span> 
     </span>
    </p>
   </div>
   <div class='ocr_carea' id='block_1_51' title="bbox 233 3314 1798 3388">
    <p class='ocr_par' dir='ltr' id='par_1_51' title="bbox 233 3314 1798 3388">
     <span class='ocr_line' id='line_1_51' title="bbox 233 3314 1798 3388; baseline -0.003 -20"><span class='ocrx_word' id='word_1_356' title='bbox 233 3318 436 3386; x_wconf 81' lang='grc' dir='ltr'>συνόδῳ</span> <span class='ocrx_word' id='word_1_357' title='bbox 464 3317 650 3388; x_wconf 73' lang='grc' dir='ltr'>ὕϐρεις</span> <span class='ocrx_word' id='word_1_358' title='bbox 677 3321 972 3387; x_wconf 74' lang='grc' dir='ltr'>ἐπάγοντα,</span> <span class='ocrx_word' id='word_1_359' title='bbox 1005 3319 1080 3381; x_wconf 84' lang='grc' dir='ltr'>ὼς</span> <span class='ocrx_word' id='word_1_360' title='bbox 1116 3316 1190 3387; x_wconf 86' lang='grc' dir='ltr'>μὴ</span> <span class='ocrx_word' id='word_1_361' title='bbox 1225 3317 1513 3384; x_wconf 81' lang='grc' dir='ltr'>δεχόμενον</span> <span class='ocrx_word' id='word_1_362' title='bbox 1541 3314 1669 3382; x_wconf 91' lang='grc' dir='ltr'>παρ’</span> <span class='ocrx_word' id='word_1_363' title='bbox 1700 3314 1798 3365; x_wconf 81' lang='grc' dir='ltr'><strong>αὐ-</strong></span> 
     </span>
    </p>
   </div>
   <div class='ocr_carea' id='block_1_52' title="bbox 234 3403 1794 3481">
    <p class='ocr_par' dir='ltr' id='par_1_52' title="bbox 234 3403 1794 3481">
     <span class='ocr_line' id='line_1_52' title="bbox 234 3403 1794 3481; baseline -0.004 -20"><span class='ocrx_word' id='word_1_364' title='bbox 234 3410 355 3479; x_wconf 82' lang='grc' dir='ltr'>τῆς,</span> <span class='ocrx_word' id='word_1_365' title='bbox 391 3411 480 3464; x_wconf 73' lang='grc' dir='ltr'>διὰ</span> <span class='ocrx_word' id='word_1_366' title='bbox 502 3415 564 3465; x_wconf 80' lang='grc' dir='ltr'>τὸ</span> <span class='ocrx_word' id='word_1_367' title='bbox 585 3413 712 3473; x_wconf 80' lang='grc' dir='ltr'>τοὺς</span> <span class='ocrx_word' id='word_1_368' title='bbox 743 3411 1086 3481; x_wconf 82' lang='grc' dir='ltr'>κατηγόρους</span> <span class='ocrx_word' id='word_1_369' title='bbox 1117 3409 1261 3461; x_wconf 79' lang='grc' dir='ltr'>κατὰ</span> <span class='ocrx_word' id='word_1_370' title='bbox 1311 3407 1603 3476; x_wconf 88' lang='grc' dir='ltr'>πρόσωπον</span> <span class='ocrx_word' id='word_1_371' title='bbox 1635 3403 1794 3456; x_wconf 80' lang='grc' dir='ltr'>αὐτοῦ</span> 
     </span>
    </p>
   </div>
   <div class='ocr_carea' id='block_1_53' title="bbox 233 3496 1794 3572">
    <p class='ocr_par' dir='ltr' id='par_1_53' title="bbox 233 3496 1794 3572">
     <span class='ocr_line' id='line_1_53' title="bbox 233 3496 1794 3572; baseline -0.002 -22"><span class='ocrx_word' id='word_1_372' title='bbox 233 3500 974 3572; x_wconf 74' lang='grc' dir='ltr'>ίστασθαι,καὶάπελέγχειν</span> <span class='ocrx_word' id='word_1_373' title='bbox 1025 3501 1213 3562; x_wconf 75' lang='grc' dir='ltr'>αὑτὸν,</span> <span class='ocrx_word' id='word_1_374' title='bbox 1245 3501 1339 3550; x_wconf 80' lang='grc' dir='ltr'>καὶ</span> <span class='ocrx_word' id='word_1_375' title='bbox 1397 3498 1532 3566; x_wconf 77' lang='grc' dir='ltr'>μετὰ</span> <span class='ocrx_word' id='word_1_376' title='bbox 1595 3496 1794 3556; x_wconf 82' lang='grc' dir='ltr'>πολλὰς</span> 
     </span>
    </p>
   </div>
   <div class='ocr_carea' id='block_1_54' title="bbox 233 3589 1792 3659">
    <p class='ocr_par' dir='ltr' id='par_1_54' title="bbox 233 3589 1792 3659">
     <span class='ocr_line' id='line_1_54' title="bbox 233 3589 1792 3659; baseline -0.009 -13"><span class='ocrx_word' id='word_1_377' title='bbox 233 3592 542 3659; x_wconf 70' lang='grc' dir='ltr'>ἀντιλογίας</span> <span class='ocrx_word' id='word_1_378' title='bbox 573 3594 666 3642; x_wconf 78' lang='grc' dir='ltr'>καὶ</span> <span class='ocrx_word' id='word_1_379' title='bbox 729 3590 1117 3658; x_wconf 78' lang='grc' dir='ltr'>ἀναισχύντους</span> <span class='ocrx_word' id='word_1_380' title='bbox 1146 3589 1403 3656; x_wconf 78' lang='grc' dir='ltr'>ἀρνήσεις</span> <span class='ocrx_word' id='word_1_381' title='bbox 1465 3600 1792 3652; x_wconf 86' lang='grc' dir='ltr'>στενοχωρη-</span> 
     </span>
    </p>
   </div>
   <div class='ocr_carea' id='block_1_55' title="bbox 1896 1952 3458 2006">
    <p class='ocr_par' dir='ltr' id='par_1_55' title="bbox 1896 1952 3458 2006">
     <span class='ocr_line' id='line_1_55' title="bbox 1896 1952 3458 2006; baseline 0 0"><span class='ocrx_word' id='word_1_382' title='bbox 1896 1966 1964 2006; x_wconf 89' lang='lat' dir='ltr'><strong>ne</strong></span> <span class='ocrx_word' id='word_1_383' title='bbox 1996 1954 2304 2006; x_wconf 61' lang='lat' dir='ltr'><strong>saecularem</strong></span> <span class='ocrx_word' id='word_1_384' title='bbox 2341 1952 2540 2006; x_wconf 76' lang='lat' dir='ltr'><strong>fastum</strong></span> <span class='ocrx_word' id='word_1_385' title='bbox 2575 1954 2626 2006; x_wconf 92' lang='lat' dir='ltr'><strong>in</strong></span> <span class='ocrx_word' id='word_1_386' title='bbox 2654 1952 2854 2006; x_wconf 88' lang='lat' dir='ltr'><strong>Christi</strong></span> <span class='ocrx_word' id='word_1_387' title='bbox 2880 1952 3176 2006; x_wconf 84' lang='lat' dir='ltr'><strong>Ecclesiam</strong></span> <span class='ocrx_word' id='word_1_388' title='bbox 3216 1953 3458 2006; x_wconf 89' lang='lat' dir='ltr'><strong>introdu-</strong></span> 
     </span>
    </p>
   </div>
   <div class='ocr_carea' id='block_1_56' title="bbox 1899 2042 3455 2113">
    <p class='ocr_par' dir='ltr' id='par_1_56' title="bbox 1899 2042 3455 2113">
     <span class='ocr_line' id='line_1_56' title="bbox 1899 2042 3455 2113; baseline 0.001 -17"><span class='ocrx_word' id='word_1_389' title='bbox 1899 2054 2023 2096; x_wconf 91' lang='lat' dir='ltr'><strong>cere</strong></span> <span class='ocrx_word' id='word_1_390' title='bbox 2071 2042 2361 2097; x_wconf 85' lang='lat' dir='ltr'><strong>videretur.</strong></span> <span class='ocrx_word' id='word_1_391' title='bbox 2413 2042 2518 2097; x_wconf 91' lang='lat' dir='ltr'><strong>Sed</strong></span> <span class='ocrx_word' id='word_1_392' title='bbox 2565 2042 2694 2096; x_wconf 94' lang='lat' dir='ltr'><strong>illud</strong></span> <span class='ocrx_word' id='word_1_393' title='bbox 2725 2045 2886 2096; x_wconf 86' lang='lat' dir='ltr'><strong>etiam</strong></span> <span class='ocrx_word' id='word_1_394' title='bbox 2919 2043 3086 2113; x_wconf 79' lang='lat'><strong>678</strong></span> <span class='ocrx_word' id='word_1_395' title='bbox 3140 2045 3188 2096; x_wconf 93' lang='lat' dir='ltr'><strong>in</strong></span> <span class='ocrx_word' id='word_1_396' title='bbox 3224 2044 3455 2098; x_wconf 90' lang='lat' dir='ltr'><strong>medium</strong></span> 
     </span>
    </p>
   </div>
   <div class='ocr_carea' id='block_1_57' title="bbox 1897 2133 3454 2204">
    <p class='ocr_par' dir='ltr' id='par_1_57' title="bbox 1897 2133 3454 2204">
     <span class='ocr_line' id='line_1_57' title="bbox 1897 2133 3454 2204; baseline 0.003 -19"><span class='ocrx_word' id='word_1_397' title='bbox 1897 2133 2284 2202; x_wconf 81' lang='lat' dir='ltr'><strong>producebant,</strong></span> <span class='ocrx_word' id='word_1_398' title='bbox 2313 2136 2454 2201; x_wconf 89' lang='lat' dir='ltr'><strong>quod</strong></span> <span class='ocrx_word' id='word_1_399' title='bbox 2485 2149 2568 2188; x_wconf 68' lang='lat' dir='ltr'><strong>ex-</strong></span> <span class='ocrx_word' id='word_1_400' title='bbox 2589 2135 2888 2188; x_wconf 81' lang='lat' dir='ltr'><strong>istiusmodi</strong></span> <span class='ocrx_word' id='word_1_401' title='bbox 2925 2137 3183 2204; x_wconf 81' lang='lat' dir='ltr'><strong>operibus</strong></span> <span class='ocrx_word' id='word_1_402' title='bbox 3217 2135 3454 2190; x_wconf 85' lang='lat' dir='ltr'><strong>Ecclesia</strong></span> 
     </span>
    </p>
   </div>
   <div class='ocr_carea' id='block_1_58' title="bbox 1899 2222 3455 2293">
    <p class='ocr_par' dir='ltr' id='par_1_58' title="bbox 1899 2222 3455 2293">
     <span class='ocr_line' id='line_1_58' title="bbox 1899 2222 3455 2293; baseline -0.001 -17"><span class='ocrx_word' id='word_1_403' title='bbox 1899 2223 2226 2276; x_wconf 88' lang='lat' dir='ltr'><strong>contumelia</strong></span> <span class='ocrx_word' id='word_1_404' title='bbox 2257 2222 2579 2278; x_wconf 77' lang='lat' dir='ltr'><strong>afﬁceretur.</strong></span> <span class='ocrx_word' id='word_1_405' title='bbox 2609 2223 2744 2277; x_wconf 82' lang='lat' dir='ltr'><strong>Nam</strong></span> <span class='ocrx_word' id='word_1_406' title='bbox 2777 2225 3054 2292; x_wconf 82' lang='lat' dir='ltr'><strong>Apiarinm</strong></span> <span class='ocrx_word' id='word_1_407' title='bbox 3083 2225 3455 2293; x_wconf 83' lang='lat' dir='ltr'><strong>presbyterum</strong></span> 
     </span>
    </p>
   </div>
   <div class='ocr_carea' id='block_1_59' title="bbox 1901 2310 3460 2382">
    <p class='ocr_par' dir='ltr' id='par_1_59' title="bbox 1901 2310 3460 2382">
     <span class='ocr_line' id='line_1_59' title="bbox 1901 2310 3460 2382; baseline 0.005 -20"><span class='ocrx_word' id='word_1_408' title='bbox 1901 2310 2068 2364; x_wconf 79' lang='lat' dir='ltr'><strong>Siccae</strong></span> <span class='ocrx_word' id='word_1_409' title='bbox 2117 2311 2366 2366; x_wconf 77' lang='lat' dir='ltr'><strong>Ecclesiae</strong></span> <span class='ocrx_word' id='word_1_410' title='bbox 2407 2315 2474 2367; x_wconf 93' lang='lat' dir='ltr'><strong>ob</strong></span> <span class='ocrx_word' id='word_1_411' title='bbox 2504 2314 2678 2382; x_wconf 82' lang='lat' dir='ltr'><strong>justas</strong></span> <span class='ocrx_word' id='word_1_412' title='bbox 2727 2328 2918 2367; x_wconf 77' lang='lat' dir='ltr'><strong>causas</strong></span> <span class='ocrx_word' id='word_1_413' title='bbox 2963 2323 3220 2376; x_wconf 89' lang='lat' dir='ltr'><strong>amotum,</strong></span> <span class='ocrx_word' id='word_1_414' title='bbox 3268 2315 3460 2370; x_wconf 85' lang='lat' dir='ltr'><strong>deinde</strong></span> 
     </span>
    </p>
   </div>
   <div class='ocr_carea' id='block_1_60' title="bbox 1899 2400 3454 2473">
    <p class='ocr_par' dir='ltr' id='par_1_60' title="bbox 1899 2400 3454 2473">
     <span class='ocr_line' id='line_1_60' title="bbox 1899 2400 3454 2473; baseline 0.002 -18"><span class='ocrx_word' id='word_1_415' title='bbox 1899 2403 1964 2456; x_wconf 89' lang='lat' dir='ltr'><strong>ad</strong></span> <span class='ocrx_word' id='word_1_416' title='bbox 1993 2403 2161 2470; x_wconf 82' lang='lat' dir='ltr'><strong>ipsum</strong></span> <span class='ocrx_word' id='word_1_417' title='bbox 2184 2403 2512 2458; x_wconf 89' lang='lat' dir='ltr'><strong>Celestinum</strong></span> <span class='ocrx_word' id='word_1_418' title='bbox 2543 2400 2726 2458; x_wconf 78' lang='lat' dir='ltr'><strong>Romae</strong></span> <span class='ocrx_word' id='word_1_419' title='bbox 2749 2405 3060 2473; x_wconf 82' lang='lat' dir='ltr'><strong>episcopum</strong></span> <span class='ocrx_word' id='word_1_420' title='bbox 3088 2407 3454 2470; x_wconf 83' lang='lat' dir='ltr'><strong>accedentem,</strong></span> 
     </span>
    </p>
   </div>
   <div class='ocr_carea' id='block_1_61' title="bbox 1899 2493 3455 2563">
    <p class='ocr_par' dir='ltr' id='par_1_61' title="bbox 1899 2493 3455 2563">
     <span class='ocr_line' id='line_1_61' title="bbox 1899 2493 3455 2563; baseline 0.001 -16"><span class='ocrx_word' id='word_1_421' title='bbox 1899 2503 1952 2547; x_wconf 89' lang='lat' dir='ltr'><strong>et</strong></span> <span class='ocrx_word' id='word_1_422' title='bbox 1983 2493 2048 2546; x_wconf 91' lang='lat' dir='ltr'><strong>ab</strong></span> <span class='ocrx_word' id='word_1_423' title='bbox 2098 2508 2162 2548; x_wconf 91' lang='lat' dir='ltr'><strong>eo</strong></span> <span class='ocrx_word' id='word_1_424' title='bbox 2202 2503 2506 2561; x_wconf 86' lang='lat' dir='ltr'><strong>acceptum,</strong></span> <span class='ocrx_word' id='word_1_425' title='bbox 2543 2505 2598 2548; x_wconf 91' lang='lat' dir='ltr'><strong>et</strong></span> <span class='ocrx_word' id='word_1_426' title='bbox 2631 2509 2750 2547; x_wconf 90' lang='lat' dir='ltr'><strong>cum</strong></span> <span class='ocrx_word' id='word_1_427' title='bbox 2789 2493 3048 2548; x_wconf 85' lang='lat' dir='ltr'><strong>Faustino</strong></span> <span class='ocrx_word' id='word_1_428' title='bbox 3091 2496 3344 2563; x_wconf 90' lang='lat' dir='ltr'><strong>episcopo</strong></span> <span class='ocrx_word' id='word_1_429' title='bbox 3391 2499 3455 2549; x_wconf 69' lang='lat' dir='ltr'><strong>all</strong></span> 
     </span>
    </p>
   </div>
   <div class='ocr_carea' id='block_1_62' title="bbox 1897 2582 3459 2652">
    <p class='ocr_par' dir='ltr' id='par_1_62' title="bbox 1897 2582 3459 2652">
     <span class='ocr_line' id='line_1_62' title="bbox 1897 2582 3459 2652; baseline 0.001 -17"><span class='ocrx_word' id='word_1_430' title='bbox 1897 2582 2133 2636; x_wconf 83' lang='lat' dir='ltr'><strong>Africam</strong></span> <span class='ocrx_word' id='word_1_431' title='bbox 2170 2583 2416 2645; x_wconf 89' lang='lat' dir='ltr'><strong>missum,</strong></span> <span class='ocrx_word' id='word_1_432' title='bbox 2447 2592 2504 2635; x_wconf 91' lang='lat' dir='ltr'><strong>ut</strong></span> <span class='ocrx_word' id='word_1_433' title='bbox 2533 2585 2868 2652; x_wconf 79' lang='lat' dir='ltr'><strong>presbyterio</strong></span> <span class='ocrx_word' id='word_1_434' title='bbox 2900 2584 3012 2650; x_wconf 88' lang='lat' dir='ltr'><strong>ipse</strong></span> <span class='ocrx_word' id='word_1_435' title='bbox 3047 2585 3242 2638; x_wconf 88' lang='lat' dir='ltr'><strong>iterum</strong></span> <span class='ocrx_word' id='word_1_436' title='bbox 3272 2587 3459 2640; x_wconf 86' lang='lat' dir='ltr'><strong>redde-</strong></span> 
     </span>
    </p>
   </div>
   <div class='ocr_carea' id='block_1_63' title="bbox 1902 2669 3458 2746">
    <p class='ocr_par' dir='ltr' id='par_1_63' title="bbox 1902 2669 3458 2746">
     <span class='ocr_line' id='line_1_63' title="bbox 1902 2669 3458 2746; baseline 0.003 -20"><span class='ocrx_word' id='word_1_437' title='bbox 1902 2684 2071 2738; x_wconf 84' lang='lat' dir='ltr'><strong>retur,</strong></span> <span class='ocrx_word' id='word_1_438' title='bbox 2105 2689 2219 2742; x_wconf 73' lang='lat' dir='ltr'><strong>quze</strong></span> <span class='ocrx_word' id='word_1_439' title='bbox 2249 2683 2428 2728; x_wconf 89' lang='lat' dir='ltr'><strong>autem</strong></span> <span class='ocrx_word' id='word_1_440' title='bbox 2462 2676 2528 2728; x_wconf 91' lang='lat' dir='ltr'><strong>ab</strong></span> <span class='ocrx_word' id='word_1_441' title='bbox 2558 2675 2687 2744; x_wconf 91' lang='lat' dir='ltr'><strong>ipsis</strong></span> <span class='ocrx_word' id='word_1_442' title='bbox 2718 2669 3146 2730; x_wconf 71' lang='lat' dir='ltr'><strong>Titarabrarenis</strong></span> <span class='ocrx_word' id='word_1_443' title='bbox 3176 2677 3222 2729; x_wconf 89' lang='lat' dir='ltr'><strong>ei</strong></span> <span class='ocrx_word' id='word_1_444' title='bbox 3253 2679 3458 2746; x_wconf 87' lang='lat' dir='ltr'><strong>objecta</strong></span> 
     </span>
    </p>
   </div>
   <div class='ocr_carea' id='block_1_64' title="bbox 1901 2761 3456 2828">
    <p class='ocr_par' dir='ltr' id='par_1_64' title="bbox 1901 2761 3456 2828">
     <span class='ocr_line' id='line_1_64' title="bbox 1901 2761 3456 2828; baseline -0.001 -13"><span class='ocrx_word' id='word_1_445' title='bbox 1901 2761 2116 2816; x_wconf 76' lang='lat' dir='ltr'><strong>fuerant</strong></span> <span class='ocrx_word' id='word_1_446' title='bbox 2149 2761 2375 2814; x_wconf 84' lang='lat' dir='ltr'><strong>crimina</strong></span> <span class='ocrx_word' id='word_1_447' title='bbox 2426 2761 2892 2824; x_wconf 83' lang='lat' dir='ltr'><strong>examinarentur,</strong></span> <span class='ocrx_word' id='word_1_448' title='bbox 2926 2761 3456 2828; x_wconf 89' lang='lat' dir='ltr'><strong>itnpudentissimum</strong></span> 
     </span>
    </p>
   </div>
   <div class='ocr_carea' id='block_1_65' title="bbox 1901 2851 3459 2921">
    <p class='ocr_par' dir='ltr' id='par_1_65' title="bbox 1901 2851 3459 2921">
     <span class='ocr_line' id='line_1_65' title="bbox 1901 2851 3459 2921; baseline -0.002 -14"><span class='ocrx_word' id='word_1_449' title='bbox 1901 2853 2061 2907; x_wconf 90' lang='lat' dir='ltr'><strong>istum</strong></span> <span class='ocrx_word' id='word_1_450' title='bbox 2094 2867 2342 2921; x_wconf 89' lang='lat' dir='ltr'><strong>propere,</strong></span> <span class='ocrx_word' id='word_1_451' title='bbox 2370 2860 2423 2904; x_wconf 89' lang='lat' dir='ltr'><strong>et</strong></span> <span class='ocrx_word' id='word_1_452' title='bbox 2466 2861 2522 2904; x_wconf 93' lang='lat' dir='ltr'><strong>ut</strong></span> <span class='ocrx_word' id='word_1_453' title='bbox 2557 2865 2665 2905; x_wconf 89' lang='lat' dir='ltr'><strong>non</strong></span> <span class='ocrx_word' id='word_1_454' title='bbox 2698 2851 3003 2919; x_wconf 87' lang='lat' dir='ltr'><strong>oportebat,</strong></span> <span class='ocrx_word' id='word_1_455' title='bbox 3030 2853 3094 2905; x_wconf 90' lang='lat' dir='ltr'><strong>ad</strong></span> <span class='ocrx_word' id='word_1_456' title='bbox 3127 2853 3459 2905; x_wconf 65' lang='lat' dir='ltr'><strong>communio.</strong></span> 
     </span>
    </p>
   </div>
   <div class='ocr_carea' id='block_1_66' title="bbox 1899 2941 3460 3011">
    <p class='ocr_par' dir='ltr' id='par_1_66' title="bbox 1899 2941 3460 3011">
     <span class='ocr_line' id='line_1_66' title="bbox 1899 2941 3460 3011; baseline 0.001 -15"><span class='ocrx_word' id='word_1_457' title='bbox 1899 2957 2024 2996; x_wconf 89' lang='lat' dir='ltr'><strong>nem</strong></span> <span class='ocrx_word' id='word_1_458' title='bbox 2072 2942 2234 3008; x_wconf 84' lang='lat' dir='ltr'><strong>recipi</strong></span> <span class='ocrx_word' id='word_1_459' title='bbox 2288 2941 2588 3004; x_wconf 90' lang='lat' dir='ltr'><strong>constituit,</strong></span> <span class='ocrx_word' id='word_1_460' title='bbox 2640 2943 2801 2994; x_wconf 86' lang='lat' dir='ltr'><strong>etiam</strong></span> <span class='ocrx_word' id='word_1_461' title='bbox 2854 2941 3058 3011; x_wconf 85' lang='lat' dir='ltr'><strong>synodo</strong></span> <span class='ocrx_word' id='word_1_462' title='bbox 3105 2943 3460 2998; x_wconf 82' lang='lat' dir='ltr'><strong>contumelias</strong></span> 
     </span>
    </p>
   </div>
   <div class='ocr_carea' id='block_1_67' title="bbox 1899 3033 3459 3100">
    <p class='ocr_par' dir='ltr' id='par_1_67' title="bbox 1899 3033 3459 3100">
     <span class='ocr_line' id='line_1_67' title="bbox 1899 3033 3459 3100; baseline -0.001 -14"><span class='ocrx_word' id='word_1_463' title='bbox 1899 3033 2245 3100; x_wconf 80' lang='lat' dir='ltr'><strong>alﬂigentem,</strong></span> <span class='ocrx_word' id='word_1_464' title='bbox 2277 3042 2333 3084; x_wconf 93' lang='lat' dir='ltr'><strong>ut</strong></span> <span class='ocrx_word' id='word_1_465' title='bbox 2363 3033 2432 3084; x_wconf 90' lang='lat' dir='ltr'><strong>ab</strong></span> <span class='ocrx_word' id='word_1_466' title='bbox 2461 3047 2520 3086; x_wconf 90' lang='lat' dir='ltr'><strong>ea</strong></span> <span class='ocrx_word' id='word_1_467' title='bbox 2560 3045 2664 3084; x_wconf 95' lang='lat' dir='ltr'><strong>non</strong></span> <span class='ocrx_word' id='word_1_468' title='bbox 2699 3044 2999 3100; x_wconf 84' lang='lat' dir='ltr'><strong>acceptum,</strong></span> <span class='ocrx_word' id='word_1_469' title='bbox 3030 3047 3093 3086; x_wconf 90' lang='lat' dir='ltr'><strong>eo</strong></span> <span class='ocrx_word' id='word_1_470' title='bbox 3123 3033 3261 3100; x_wconf 83' lang='lat' dir='ltr'><strong>quod</strong></span> <span class='ocrx_word' id='word_1_471' title='bbox 3297 3047 3459 3088; x_wconf 80' lang='lat' dir='ltr'><strong>accu-</strong></span> 
     </span>
    </p>
   </div>
   <div class='ocr_carea' id='block_1_68' title="bbox 1900 3121 3448 3190">
    <p class='ocr_par' dir='ltr' id='par_1_68' title="bbox 1900 3121 3448 3190">
     <span class='ocr_line' id='line_1_68' title="bbox 1900 3121 3448 3190; baseline -0.002 -13"><span class='ocrx_word' id='word_1_472' title='bbox 1900 3135 2108 3178; x_wconf 88' lang='lat' dir='ltr'><strong>satores</strong></span> <span class='ocrx_word' id='word_1_473' title='bbox 2148 3121 2263 3190; x_wconf 82' lang='lat' dir='ltr'><strong>ejus</strong></span> <span class='ocrx_word' id='word_1_474' title='bbox 2292 3136 2471 3175; x_wconf 83' lang='lat' dir='ltr'><strong>coram</strong></span> <span class='ocrx_word' id='word_1_475' title='bbox 2508 3122 2745 3184; x_wconf 74' lang='lat' dir='ltr'><strong>stabant,</strong></span> <span class='ocrx_word' id='word_1_476' title='bbox 2780 3133 2834 3176; x_wconf 89' lang='lat' dir='ltr'><strong>et</strong></span> <span class='ocrx_word' id='word_1_477' title='bbox 2874 3136 2995 3175; x_wconf 91' lang='lat' dir='ltr'><strong>eum</strong></span> <span class='ocrx_word' id='word_1_478' title='bbox 3029 3123 3448 3185; x_wconf 86' lang='lat' dir='ltr'><strong>convincebant,</strong></span> 
     </span>
    </p>
   </div>
   <div class='ocr_carea' id='block_1_69' title="bbox 1901 3213 3461 3282">
    <p class='ocr_par' dir='ltr' id='par_1_69' title="bbox 1901 3213 3461 3282">
     <span class='ocr_line' id='line_1_69' title="bbox 1901 3213 3461 3282; baseline 0 -15"><span class='ocrx_word' id='word_1_479' title='bbox 1901 3215 1990 3282; x_wconf 89' lang='lat' dir='ltr'><strong>qui</strong></span> <span class='ocrx_word' id='word_1_480' title='bbox 2023 3223 2138 3282; x_wconf 83' lang='lat' dir='ltr'><strong>post</strong></span> <span class='ocrx_word' id='word_1_481' title='bbox 2181 3214 2375 3266; x_wconf 84' lang='lat' dir='ltr'><strong>multas</strong></span> <span class='ocrx_word' id='word_1_482' title='bbox 2411 3213 2869 3267; x_wconf 88' lang='lat' dir='ltr'><strong>contradictiones</strong></span> <span class='ocrx_word' id='word_1_483' title='bbox 2903 3223 2956 3267; x_wconf 90' lang='lat' dir='ltr'><strong>et</strong></span> <span class='ocrx_word' id='word_1_484' title='bbox 2991 3215 3330 3281; x_wconf 89' lang='lat' dir='ltr'><strong>impudentes</strong></span> <span class='ocrx_word' id='word_1_485' title='bbox 3365 3214 3461 3266; x_wconf 79' lang='lat' dir='ltr'><strong>de-</strong></span> 
     </span>
    </p>
   </div>
   <div class='ocr_carea' id='block_1_70' title="bbox 1903 3302 3458 3372">
    <p class='ocr_par' dir='ltr' id='par_1_70' title="bbox 1903 3302 3458 3372">
     <span class='ocr_line' id='line_1_70' title="bbox 1903 3302 3458 3372; baseline -0.002 -16"><span class='ocrx_word' id='word_1_486' title='bbox 1903 3305 2232 3372; x_wconf 83' lang='lat' dir='ltr'><strong>negationes,</strong></span> <span class='ocrx_word' id='word_1_487' title='bbox 2258 3305 2588 3371; x_wconf 78' lang='lat' dir='ltr'><strong>argumentis</strong></span> <span class='ocrx_word' id='word_1_488' title='bbox 2613 3304 2816 3371; x_wconf 88' lang='lat' dir='ltr'><strong>pariter</strong></span> <span class='ocrx_word' id='word_1_489' title='bbox 2846 3313 2898 3358; x_wconf 91' lang='lat' dir='ltr'><strong>et</strong></span> <span class='ocrx_word' id='word_1_490' title='bbox 2929 3303 3141 3371; x_wconf 88' lang='lat' dir='ltr'><strong>propria</strong></span> <span class='ocrx_word' id='word_1_491' title='bbox 3171 3302 3458 3356; x_wconf 74' lang='lat' dir='ltr'><strong>conscien-</strong></span> 
     </span>
    </p>
   </div>
   <div class='ocr_carea' id='block_1_71' title="bbox 1902 3392 3457 3461">
    <p class='ocr_par' dir='ltr' id='par_1_71' title="bbox 1902 3392 3457 3461">
     <span class='ocr_line' id='line_1_71' title="bbox 1902 3392 3457 3461; baseline -0.003 -17"><span class='ocrx_word' id='word_1_492' title='bbox 1902 3393 1972 3445; x_wconf 86' lang='lat' dir='ltr'><strong>tia</strong></span> <span class='ocrx_word' id='word_1_493' title='bbox 2022 3392 2075 3444; x_wconf 89' lang='lat' dir='ltr'><strong>in</strong></span> <span class='ocrx_word' id='word_1_494' title='bbox 2133 3394 2401 3460; x_wconf 84' lang='lat' dir='ltr'><strong>angustias</strong></span> <span class='ocrx_word' id='word_1_495' title='bbox 2459 3394 2802 3461; x_wconf 88' lang='lat' dir='ltr'><strong>compulsus,</strong></span> <span class='ocrx_word' id='word_1_496' title='bbox 2868 3393 3092 3445; x_wconf 86' lang='lat' dir='ltr'><strong>crimina</strong></span> <span class='ocrx_word' id='word_1_497' title='bbox 3149 3393 3197 3446; x_wconf 91' lang='lat' dir='ltr'><strong>ei</strong></span> <span class='ocrx_word' id='word_1_498' title='bbox 3252 3392 3457 3458; x_wconf 74' lang='lat' dir='ltr'><strong>objecta</strong></span> 
     </span>
    </p>
   </div>
   <div class='ocr_carea' id='block_1_72' title="bbox 1900 3480 3451 3551">
    <p class='ocr_par' dir='ltr' id='par_1_72' title="bbox 1900 3480 3451 3551">
     <span class='ocr_line' id='line_1_72' title="bbox 1900 3480 3451 3551; baseline 0.005 -19"><span class='ocrx_word' id='word_1_499' title='bbox 1900 3481 2112 3550; x_wconf 89' lang='lat' dir='ltr'><strong>publice</strong></span> <span class='ocrx_word' id='word_1_500' title='bbox 2155 3480 2450 3546; x_wconf 81' lang='lat' dir='ltr'><strong>confessus,</strong></span> <span class='ocrx_word' id='word_1_501' title='bbox 2480 3490 2534 3534; x_wconf 90' lang='lat' dir='ltr'><strong>et</strong></span> <span class='ocrx_word' id='word_1_502' title='bbox 2583 3483 2635 3535; x_wconf 87' lang='lat' dir='ltr'><strong>in</strong></span> <span class='ocrx_word' id='word_1_503' title='bbox 2677 3482 2904 3551; x_wconf 86' lang='lat' dir='ltr'><strong>suspiria</strong></span> <span class='ocrx_word' id='word_1_504' title='bbox 2956 3497 3245 3538; x_wconf 79' lang='lat' dir='ltr'><strong>conversus</strong></span> <span class='ocrx_word' id='word_1_505' title='bbox 3289 3495 3371 3538; x_wconf 88' lang='lat' dir='ltr'><strong>est</strong></span> <span class='ocrx_word' id='word_1_506' title='bbox 3401 3498 3451 3540; x_wconf 90' lang='lat' dir='ltr'><strong>ct</strong></span> 
     </span>
    </p>
   </div>
   <div class='ocr_carea' id='block_1_73' title="bbox 1901 3569 2186 3637">
    <p class='ocr_par' dir='ltr' id='par_1_73' title="bbox 1901 3569 2186 3637">
     <span class='ocr_line' id='line_1_73' title="bbox 1901 3569 2186 3637; baseline 0.014 -16"><span class='ocrx_word' id='word_1_507' title='bbox 1901 3569 2186 3637; x_wconf 81' lang='lat' dir='ltr'><strong>lucrymas.</strong></span> 
     </span>
    </p>
   </div>
   <div class='ocr_carea' id='block_1_74' title="bbox 232 3681 3457 3766">
    <p class='ocr_par' dir='ltr' id='par_1_74' title="bbox 232 3681 3457 3766">
     <span class='ocr_line' id='line_1_74' title="bbox 232 3681 3457 3766; baseline 0.002 -25"><span class='ocrx_word' id='word_1_508' title='bbox 232 3689 398 3742; x_wconf 83' lang='grc' dir='ltr'>θέντα</span> <span class='ocrx_word' id='word_1_509' title='bbox 443 3686 550 3738; x_wconf 84' lang='grc' dir='ltr'>ὑπό</span> <span class='ocrx_word' id='word_1_510' title='bbox 582 3702 639 3737; x_wconf 89' lang='grc' dir='ltr'><strong>τε</strong></span> <span class='ocrx_word' id='word_1_511' title='bbox 694 3686 804 3738; x_wconf 83' lang='grc' dir='ltr'>τῶν</span> <span class='ocrx_word' id='word_1_512' title='bbox 863 3686 1104 3753; x_wconf 75' lang='grc' dir='ltr'>ἐλέγχων</span> <span class='ocrx_word' id='word_1_513' title='bbox 1152 3685 1244 3737; x_wconf 76' lang='grc' dir='ltr'><strong>καὶ</strong></span> <span class='ocrx_word' id='word_1_514' title='bbox 1305 3683 1404 3752; x_wconf 86' lang='grc' dir='ltr'>τῆς</span> <span class='ocrx_word' id='word_1_515' title='bbox 1457 3681 1596 3743; x_wconf 88' lang='grc' dir='ltr'>ίδίας</span> <span class='ocrx_word' id='word_1_516' title='bbox 1666 3682 2044 3752; x_wconf 84' lang='grc' dir='ltr'>συνειδήσεως,</span> <span class='ocrx_word' id='word_1_517' title='bbox 2081 3687 2315 3757; x_wconf 70' lang='grc' dir='ltr'>δημοσίᾳ</span> <span class='ocrx_word' id='word_1_518' title='bbox 2385 3688 2795 3760; x_wconf 81' lang='grc' dir='ltr'>ὁμολογήσαντα</span> <span class='ocrx_word' id='word_1_519' title='bbox 2848 3692 2919 3744; x_wconf 83' lang='grc' dir='ltr'>τὰ</span> <span class='ocrx_word' id='word_1_520' title='bbox 2982 3691 3101 3744; x_wconf 85' lang='grc' dir='ltr'>κατ’</span> <span class='ocrx_word' id='word_1_521' title='bbox 3129 3694 3289 3748; x_wconf 80' lang='grc' dir='ltr'>αὑτοῦ</span> <span class='ocrx_word' id='word_1_522' title='bbox 3325 3713 3457 3766; x_wconf 77' lang='grc' dir='ltr'>προ-</span> 
     </span>
    </p>
   </div>
   <div class='ocr_carea' id='block_1_75' title="bbox 239 3775 2427 3848">
    <p class='ocr_par' dir='ltr' id='par_1_75' title="bbox 239 3775 2427 3848">
     <span class='ocr_line' id='line_1_75' title="bbox 239 3775 2427 3848; baseline -0 -14"><span class='ocrx_word' id='word_1_523' title='bbox 239 3779 466 3834; x_wconf 70' lang='grc' dir='ltr'>τεθέντα</span> <span class='ocrx_word' id='word_1_524' title='bbox 495 3778 838 3847; x_wconf 70' lang='grc' dir='ltr'>ἐγκλήματα,</span> <span class='ocrx_word' id='word_1_525' title='bbox 898 3777 995 3830; x_wconf 81' lang='grc' dir='ltr'><strong>καὶ</strong></span> <span class='ocrx_word' id='word_1_526' title='bbox 1057 3777 1138 3840; x_wconf 84' lang='grc' dir='ltr'><strong>είς</strong></span> <span class='ocrx_word' id='word_1_527' title='bbox 1199 3775 1551 3837; x_wconf 75' lang='grc' dir='ltr'>στεναγαοὺς-</span> <span class='ocrx_word' id='word_1_528' title='bbox 1599 3776 2047 3845; x_wconf 76' lang='grc' dir='ltr'>μεταστραφέντα</span> <span class='ocrx_word' id='word_1_529' title='bbox 2073 3777 2167 3845; x_wconf 80' lang='grc' dir='ltr'><strong>καὶ</strong></span> <span class='ocrx_word' id='word_1_530' title='bbox 2197 3777 2427 3848; x_wconf 85' lang='grc' dir='ltr'>δάκρυα.</span> 
     </span>
    </p>
   </div>
   <div class='ocr_carea' id='block_1_76' title="bbox 244 3997 1801 4074">
    <p class='ocr_par' dir='ltr' id='par_1_76' title="bbox 244 3997 1801 4074">
     <span class='ocr_line' id='line_1_76' title="bbox 244 3997 1801 4074; baseline -0.008 -8"><span class='ocrx_word' id='word_1_531' title='bbox 244 4013 346 4066; x_wconf 70' lang='grc' dir='ltr'><strong>Ἐκ</strong></span> <span class='ocrx_word' id='word_1_532' title='bbox 386 4008 506 4061; x_wconf 81' lang='grc' dir='ltr'><strong>τῶν</strong></span> <span class='ocrx_word' id='word_1_533' title='bbox 525 4003 910 4074; x_wconf 67' lang='grc' dir='ltr'>πραχθέντων</span> <span class='ocrx_word' id='word_1_534' title='bbox 937 4001 1377 4071; x_wconf 77' lang='grc' dir='ltr'>ὑπομνημάτων</span> <span class='ocrx_word' id='word_1_535' title='bbox 1403 3997 1801 4054; x_wconf 60' lang='lat' dir='ltr'><strong>saritur-atar-</strong></span> 
     </span>
    </p>
   </div>
   <div class='ocr_carea' id='block_1_77' title="bbox 304 4087 1801 4162">
    <p class='ocr_par' dir='ltr' id='par_1_77' title="bbox 304 4087 1801 4162">
     <span class='ocr_line' id='line_1_77' title="bbox 304 4087 1801 4162; baseline -0.006 -10"><span class='ocrx_word' id='word_1_536' title='bbox 304 4096 798 4161; x_wconf 74' lang='grc' dir='ltr'>τινουπολειπερί</span> <span class='ocrx_word' id='word_1_537' title='bbox 822 4094 1106 4162; x_wconf 58' lang='grc' dir='ltr'>’Δγηαπίου</span> <span class='ocrx_word' id='word_1_538' title='bbox 1156 4090 1255 4144; x_wconf 78' lang='grc' dir='ltr'><strong>καὶ</strong></span> <span class='ocrx_word' id='word_1_539' title='bbox 1300 4087 1610 4156; x_wconf 79' lang='grc' dir='ltr'>Βαγαδίου,</span> <span class='ocrx_word' id='word_1_540' title='bbox 1669 4091 1801 4144; x_wconf 80' lang='grc' dir='ltr'><strong>ἑκα-</strong></span> 
     </span>
    </p>
   </div>
   <div class='ocr_carea' id='block_1_78' title="bbox 303 4179 1801 4260">
    <p class='ocr_par' dir='ltr' id='par_1_78' title="bbox 303 4179 1801 4260">
     <span class='ocr_line' id='line_1_78' title="bbox 303 4179 1801 4260; baseline -0.005 -16"><span class='ocrx_word' id='word_1_541' title='bbox 303 4191 477 4260; x_wconf 82' lang='grc' dir='ltr'>τέρου</span> <span class='ocrx_word' id='word_1_542' title='bbox 527 4187 929 4257; x_wconf 81' lang='grc' dir='ltr'>ἀντεχομένου</span> <span class='ocrx_word' id='word_1_543' title='bbox 961 4186 1070 4252; x_wconf 83' lang='grc' dir='ltr'>τῆς</span> <span class='ocrx_word' id='word_1_544' title='bbox 1110 4179 1447 4246; x_wconf 78' lang='grc' dir='ltr'>ἐπισκοπῆς</span> <span class='ocrx_word' id='word_1_545' title='bbox 1505 4183 1801 4250; x_wconf 82' lang='grc' dir='ltr'>Βόστρων.</span> 
     </span>
    </p>
   </div>
   <div class='ocr_carea' id='block_1_79' title="bbox 237 4317 1797 4387">
    <p class='ocr_par' dir='ltr' id='par_1_79' title="bbox 237 4317 1797 4387">
     <span class='ocr_line' id='line_1_79' title="bbox 237 4317 1797 4387; baseline -0.008 -3"><span class='ocrx_word' id='word_1_546' title='bbox 237 4351 256 4384; x_wconf 78' lang='grc' dir='ltr'><strong>ε</strong></span> <span class='ocrx_word' id='word_1_547' title='bbox 305 4330 430 4383; x_wconf 75' lang='grc' dir='ltr'><strong>Ἐπὶ</strong></span> <span class='ocrx_word' id='word_1_548' title='bbox 454 4327 720 4387; x_wconf 80' lang='grc' dir='ltr'>ὑπατείας</span> <span class='ocrx_word' id='word_1_549' title='bbox 744 4323 853 4376; x_wconf 86' lang='grc' dir='ltr'><strong>τῶν</strong></span> <span class='ocrx_word' id='word_1_550' title='bbox 881 4321 1288 4376; x_wconf 74' lang='grc' dir='ltr'>εὐσεϐεστάτων</span> <span class='ocrx_word' id='word_1_551' title='bbox 1306 4326 1403 4373; x_wconf 75' lang='grc' dir='ltr'>καὶ</span> <span class='ocrx_word' id='word_1_552' title='bbox 1447 4317 1797 4387; x_wconf 85' lang='grc' dir='ltr'>θεοφιλεστά-</span> 
     </span>
    </p>
   </div>
   <div class='ocr_carea' id='block_1_80' title="bbox 311 4408 1803 4487">
    <p class='ocr_par' dir='ltr' id='par_1_80' title="bbox 311 4408 1803 4487">
     <span class='ocr_line' id='line_1_80' title="bbox 311 4408 1803 4487; baseline -0.009 -15"><span class='ocrx_word' id='word_1_553' title='bbox 311 4441 331 4472; x_wconf 77' lang='grc' dir='ltr'><strong>ε</strong></span> <span class='ocrx_word' id='word_1_554' title='bbox 380 4438 490 4474; x_wconf 84' lang='grc' dir='ltr'><strong>των</strong></span> <span class='ocrx_word' id='word_1_555' title='bbox 529 4416 792 4487; x_wconf 79' lang='grc' dir='ltr'>βασιλέων</span> <span class='ocrx_word' id='word_1_556' title='bbox 816 4413 972 4484; x_wconf 71' lang='grc' dir='ltr'>ἡμῶν</span> <span class='ocrx_word' id='word_1_557' title='bbox 995 4411 1226 4464; x_wconf 74' lang='grc' dir='ltr'>Φλασίου</span> <span class='ocrx_word' id='word_1_558' title='bbox 1265 4409 1577 4480; x_wconf 84' lang='grc' dir='ltr'>Ἀρκαδίου,</span> <span class='ocrx_word' id='word_1_559' title='bbox 1597 4408 1803 4476; x_wconf 81' lang='grc' dir='ltr'><strong>Αὐγού-</strong></span> 
     </span>
    </p>
   </div>
   <div class='ocr_carea' id='block_1_81' title="bbox 310 4498 1870 4594">
    <p class='ocr_par' dir='ltr' id='par_1_81' title="bbox 310 4498 1870 4594">
     <span class='ocr_line' id='line_1_81' title="bbox 310 4498 1870 4594; baseline -0.008 -33"><span class='ocrx_word' id='word_1_560' title='bbox 310 4529 329 4561; x_wconf 76' lang='grc' dir='ltr'><strong>ι</strong></span> <span class='ocrx_word' id='word_1_561' title='bbox 381 4527 509 4562; x_wconf 85' lang='grc' dir='ltr'>στου</span> <span class='ocrx_word' id='word_1_562' title='bbox 532 4508 611 4576; x_wconf 84' lang='grc' dir='ltr'>τῷ</span> <span class='ocrx_word' id='word_1_563' title='bbox 629 4505 815 4574; x_wconf 86' lang='grc' dir='ltr'>τρίτῳ,</span> <span class='ocrx_word' id='word_1_564' title='bbox 841 4501 1190 4570; x_wconf 73' lang='grc' dir='ltr'>καὶὨνορίου</span> <span class='ocrx_word' id='word_1_565' title='bbox 1208 4500 1284 4570; x_wconf 83' lang='grc' dir='ltr'>τῷ</span> <span class='ocrx_word' id='word_1_566' title='bbox 1304 4499 1561 4594; x_wconf 51' lang='grc' dir='ltr'>δευτέρῳ,</span> <span class='ocrx_word' id='word_1_567' title='bbox 1594 4498 1670 4567; x_wconf 84' lang='grc' dir='ltr'>τῷ</span> <span class='ocrx_word' id='word_1_568' title='bbox 1692 4499 1796 4567; x_wconf 79' lang='grc' dir='ltr'>πρὸ</span> <span class='ocrx_word' id='word_1_569' title='bbox 1829 4543 1870 4594; x_wconf 75' lang='lat' dir='ltr'><strong>D</strong></span> 
     </span>
    </p>
   </div>
   <div class='ocr_carea' id='block_1_82' title="bbox 306 4588 1795 4669">
    <p class='ocr_par' dir='ltr' id='par_1_82' title="bbox 306 4588 1795 4669">
     <span class='ocr_line' id='line_1_82' title="bbox 306 4588 1795 4669; baseline -0.009 -19"><span class='ocrx_word' id='word_1_570' title='bbox 306 4617 324 4650; x_wconf 79' lang='grc' dir='ltr'><strong>ε</strong></span> <span class='ocrx_word' id='word_1_571' title='bbox 374 4598 544 4669; x_wconf 81' lang='grc' dir='ltr'>τρίὦν</span> <span class='ocrx_word' id='word_1_572' title='bbox 567 4594 844 4647; x_wconf 82' lang='grc' dir='ltr'>καλανδῶν</span> <span class='ocrx_word' id='word_1_573' title='bbox 888 4591 1256 4660; x_wconf 76' lang='grc' dir='ltr'>Ὀκτωϐρίων,</span> <span class='ocrx_word' id='word_1_574' title='bbox 1292 4591 1352 4641; x_wconf 74' lang='grc' dir='ltr'>ὲν</span> <span class='ocrx_word' id='word_1_575' title='bbox 1395 4588 1476 4657; x_wconf 84' lang='grc' dir='ltr'>τῷ</span> <span class='ocrx_word' id='word_1_576' title='bbox 1525 4603 1795 4656; x_wconf 64' lang='grc' dir='ltr'><strong>ςρωτιστη⁹</strong></span> 
     </span>
    </p>
   </div>
   <div class='ocr_carea' id='block_1_83' title="bbox 307 4676 1796 4759">
    <p class='ocr_par' dir='ltr' id='par_1_83' title="bbox 307 4676 1796 4759">
     <span class='ocr_line' id='line_1_83' title="bbox 307 4676 1796 4759; baseline -0.009 -18"><span class='ocrx_word' id='word_1_577' title='bbox 307 4710 326 4741; x_wconf 75' lang='grc' dir='ltr'><strong>ι</strong></span> <span class='ocrx_word' id='word_1_578' title='bbox 376 4690 480 4759; x_wconf 83' lang='grc' dir='ltr'><strong>ρίῳ</strong></span> <span class='ocrx_word' id='word_1_579' title='bbox 507 4689 607 4757; x_wconf 83' lang='grc' dir='ltr'>τῆς</span> <span class='ocrx_word' id='word_1_580' title='bbox 632 4687 690 4738; x_wconf 74' lang='grc' dir='ltr'>ὲν</span> <span class='ocrx_word' id='word_1_581' title='bbox 708 4682 1275 4738; x_wconf 81' lang='grc' dir='ltr'>Κωνσταντινουπόλει</span> <span class='ocrx_word' id='word_1_582' title='bbox 1300 4680 1606 4748; x_wconf 79' lang='grc' dir='ltr'>ἁγιωτάτης</span> <span class='ocrx_word' id='word_1_583' title='bbox 1674 4676 1796 4729; x_wconf 83' lang='grc' dir='ltr'><strong>Ἐκ·</strong></span> 
     </span>
    </p>
   </div>
   <div class='ocr_carea' id='block_1_84' title="bbox 309 4768 1798 4847">
    <p class='ocr_par' dir='ltr' id='par_1_84' title="bbox 309 4768 1798 4847">
     <span class='ocr_line' id='line_1_84' title="bbox 309 4768 1798 4847; baseline -0.009 -15"><span class='ocrx_word' id='word_1_584' title='bbox 309 4800 327 4832; x_wconf 80' lang='grc' dir='ltr'><strong>ι</strong></span> <span class='ocrx_word' id='word_1_585' title='bbox 377 4777 627 4847; x_wconf 86' lang='grc' dir='ltr'>κλησίας,</span> <span class='ocrx_word' id='word_1_586' title='bbox 659 4774 1032 4828; x_wconf 76' lang='grc' dir='ltr'>καθεσθέντων</span> <span class='ocrx_word' id='word_1_587' title='bbox 1061 4771 1167 4824; x_wconf 83' lang='grc' dir='ltr'>τῶν</span> <span class='ocrx_word' id='word_1_588' title='bbox 1196 4772 1516 4836; x_wconf 81' lang='grc' dir='ltr'>ἁγιωτάτων</span> <span class='ocrx_word' id='word_1_589' title='bbox 1576 4768 1798 4819; x_wconf 75' lang='grc' dir='ltr'>ἐπισκό-</span> 
     </span>
    </p>
   </div>
   <div class='ocr_carea' id='block_1_85' title="bbox 308 4858 1794 4936">
    <p class='ocr_par' dir='ltr' id='par_1_85' title="bbox 308 4858 1794 4936">
     <span class='ocr_line' id='line_1_85' title="bbox 308 4858 1794 4936; baseline -0.009 -13"><span class='ocrx_word' id='word_1_590' title='bbox 308 4890 328 4923; x_wconf 79' lang='grc' dir='ltr'><strong>ε</strong></span> <span class='ocrx_word' id='word_1_591' title='bbox 377 4887 497 4922; x_wconf 84' lang='grc' dir='ltr'><strong>πων</strong></span> <span class='ocrx_word' id='word_1_592' title='bbox 531 4866 836 4936; x_wconf 80' lang='grc' dir='ltr'>Νεκταρίου</span> <span class='ocrx_word' id='word_1_593' title='bbox 869 4861 1508 4922; x_wconf 80' lang='grc' dir='ltr'>Κωνσταντινουπόλεως,</span> <span class='ocrx_word' id='word_1_594' title='bbox 1539 4858 1794 4924; x_wconf 76' lang='grc' dir='ltr'>Θεοφίλου</span> 
     </span>
    </p>
   </div>
   <div class='ocr_carea' id='block_1_86' title="bbox 313 4948 1801 5026">
    <p class='ocr_par' dir='ltr' id='par_1_86' title="bbox 313 4948 1801 5026">
     <span class='ocr_line' id='line_1_86' title="bbox 313 4948 1801 5026; baseline -0.009 -13"><span class='ocrx_word' id='word_1_595' title='bbox 313 4977 334 5012; x_wconf 83' lang='grc' dir='ltr'><strong>ε</strong></span> <span class='ocrx_word' id='word_1_596' title='bbox 397 4955 834 5026; x_wconf 80' lang='grc' dir='ltr'>Ἀλεξανδρείας,</span> <span class='ocrx_word' id='word_1_597' title='bbox 869 4950 1546 5018; x_wconf 77' lang='grc' dir='ltr'>ΦλαϐιανοῦἈντιοχείας,</span> <span class='ocrx_word' id='word_1_598' title='bbox 1601 4948 1801 5001; x_wconf 79' lang='grc' dir='ltr'>Παλλαο</span> 
     </span>
    </p>
   </div>
   <div class='ocr_carea' id='block_1_87' title="bbox 313 5040 1798 5114">
    <p class='ocr_par' dir='ltr' id='par_1_87' title="bbox 313 5040 1798 5114">
     <span class='ocr_line' id='line_1_87' title="bbox 313 5040 1798 5114; baseline -0.008 -12"><span class='ocrx_word' id='word_1_599' title='bbox 313 5070 332 5103; x_wconf 81' lang='grc' dir='ltr'><strong>ε</strong></span> <span class='ocrx_word' id='word_1_600' title='bbox 383 5049 498 5102; x_wconf 88' lang='grc' dir='ltr'>δίου</span> <span class='ocrx_word' id='word_1_601' title='bbox 531 5046 871 5114; x_wconf 78' lang='grc' dir='ltr'>Καισαρείας</span> <span class='ocrx_word' id='word_1_602' title='bbox 897 5044 1314 5107; x_wconf 75' lang='grc' dir='ltr'>Καππαδοκίας,</span> <span class='ocrx_word' id='word_1_603' title='bbox 1379 5040 1638 5093; x_wconf 83' lang='grc' dir='ltr'>Γελασίου</span> <span class='ocrx_word' id='word_1_604' title='bbox 1660 5041 1798 5090; x_wconf 86' lang='grc' dir='ltr'>Και-</span> 
     </span>
    </p>
   </div>
   <div class='ocr_carea' id='block_1_88' title="bbox 315 5128 1798 5209">
    <p class='ocr_par' dir='ltr' id='par_1_88' title="bbox 315 5128 1798 5209">
     <span class='ocr_line' id='line_1_88' title="bbox 315 5128 1798 5209; baseline -0.012 -14"><span class='ocrx_word' id='word_1_605' title='bbox 315 5162 333 5195; x_wconf 79' lang='grc' dir='ltr'><strong>ε</strong></span> <span class='ocrx_word' id='word_1_606' title='bbox 388 5141 616 5209; x_wconf 92' lang='grc' dir='ltr'>σαρείας</span> <span class='ocrx_word' id='word_1_607' title='bbox 639 5137 1022 5203; x_wconf 80' lang='grc' dir='ltr'>Παλαιστίνης,</span> <span class='ocrx_word' id='word_1_608' title='bbox 1051 5133 1352 5204; x_wconf 87' lang='grc' dir='ltr'>Γρηγορίου</span> <span class='ocrx_word' id='word_1_609' title='bbox 1398 5130 1638 5198; x_wconf 80' lang='grc' dir='ltr'>Νύσσης,</span> <span class='ocrx_word' id='word_1_610' title='bbox 1670 5128 1798 5196; x_wconf 81' lang='grc' dir='ltr'><strong>Ἀμ-</strong></span> 
     </span>
    </p>
   </div>
   <div class='ocr_carea' id='block_1_89' title="bbox 311 5219 1796 5300">
    <p class='ocr_par' dir='ltr' id='par_1_89' title="bbox 311 5219 1796 5300">
     <span class='ocr_line' id='line_1_89' title="bbox 311 5219 1796 5300; baseline -0.011 -14"><span class='ocrx_word' id='word_1_611' title='bbox 311 5253 329 5286; x_wconf 80' lang='grc' dir='ltr'><strong>ι</strong></span> <span class='ocrx_word' id='word_1_612' title='bbox 379 5231 623 5300; x_wconf 85' lang='grc' dir='ltr'>φιλοχίου</span> <span class='ocrx_word' id='word_1_613' title='bbox 657 5227 908 5288; x_wconf 84' lang='grc' dir='ltr'>Ἰκονίου,</span> <span class='ocrx_word' id='word_1_614' title='bbox 947 5225 1159 5278; x_wconf 70' lang='grc' dir='ltr'>Παύλου</span> <span class='ocrx_word' id='word_1_615' title='bbox 1203 5221 1530 5292; x_wconf 80' lang='grc' dir='ltr'>Ἡρακλείας</span> <span class='ocrx_word' id='word_1_616' title='bbox 1555 5261 1568 5283; x_wconf 89' lang='grc'><strong>,</strong></span> <span class='ocrx_word' id='word_1_617' title='bbox 1639 5219 1796 5288; x_wconf 84' lang='grc' dir='ltr'>Ἀρα-</span> 
     </span>
    </p>
   </div>
   <div class='ocr_carea' id='block_1_90' title="bbox 313 5308 1794 5385">
    <p class='ocr_par' dir='ltr' id='par_1_90' title="bbox 313 5308 1794 5385">
     <span class='ocr_line' id='line_1_90' title="bbox 313 5308 1794 5385; baseline -0.01 -12"><span class='ocrx_word' id='word_1_618' title='bbox 313 5340 333 5373; x_wconf 79' lang='grc' dir='ltr'><strong>ε</strong></span> <span class='ocrx_word' id='word_1_619' title='bbox 383 5317 573 5372; x_wconf 76' lang='grc' dir='ltr'>διανοῦ</span> <span class='ocrx_word' id='word_1_620' title='bbox 619 5316 912 5385; x_wconf 69' lang='grc' dir='ltr'>Ἀγκύρας,</span> <span class='ocrx_word' id='word_1_621' title='bbox 942 5315 1234 5382; x_wconf 77' lang='grc' dir='ltr'>’Ἄμμωνος</span> <span class='ocrx_word' id='word_1_622' title='bbox 1293 5308 1794 5378; x_wconf 79' lang='grc' dir='ltr'>Ἀδριανουπόλεως,</span> 
     </span>
    </p>
   </div>
   <div class='ocr_carea' id='block_1_91' title="bbox 311 5398 1800 5477">
    <p class='ocr_par' dir='ltr' id='par_1_91' title="bbox 311 5398 1800 5477">
     <span class='ocr_line' id='line_1_91' title="bbox 311 5398 1800 5477; baseline -0.012 -11"><span class='ocrx_word' id='word_1_623' title='bbox 311 5433 330 5465; x_wconf 84' lang='grc' dir='ltr'><strong>ι</strong></span> <span class='ocrx_word' id='word_1_624' title='bbox 389 5408 653 5477; x_wconf 73' lang='grc' dir='ltr'>Φαλερίου</span> <span class='ocrx_word' id='word_1_625' title='bbox 677 5405 914 5475; x_wconf 82' lang='grc' dir='ltr'>Ταρσοῦ,</span> <span class='ocrx_word' id='word_1_626' title='bbox 939 5405 1168 5458; x_wconf 87' lang='grc' dir='ltr'>Λουκίου</span> <span class='ocrx_word' id='word_1_627' title='bbox 1203 5400 1575 5471; x_wconf 84' lang='grc' dir='ltr'>Ἱεραπόλεως,</span> <span class='ocrx_word' id='word_1_628' title='bbox 1623 5398 1800 5449; x_wconf 86' lang='grc' dir='ltr'>Ἐλπι-</span> 
     </span>
    </p>
   </div>
   <div class='ocr_carea' id='block_1_92' title="bbox 311 5489 1797 5562">
    <p class='ocr_par' dir='ltr' id='par_1_92' title="bbox 311 5489 1797 5562">
     <span class='ocr_line' id='line_1_92' title="bbox 311 5489 1797 5562; baseline -0.009 -7"><span class='ocrx_word' id='word_1_629' title='bbox 311 5523 330 5556; x_wconf 76' lang='grc' dir='ltr'><strong>ι</strong></span> <span class='ocrx_word' id='word_1_630' title='bbox 382 5504 498 5555; x_wconf 85' lang='grc' dir='ltr'>δίου</span> <span class='ocrx_word' id='word_1_631' title='bbox 525 5501 869 5562; x_wconf 82' lang='grc' dir='ltr'>Λαοδικείας,</span> <span class='ocrx_word' id='word_1_632' title='bbox 903 5496 1116 5550; x_wconf 82' lang='grc' dir='ltr'>Παύλου</span> <span class='ocrx_word' id='word_1_633' title='bbox 1160 5491 1546 5560; x_wconf 77' lang='grc' dir='ltr'>’Δλεξανδρῶν,</span> <span class='ocrx_word' id='word_1_634' title='bbox 1582 5489 1797 5542; x_wconf 80' lang='grc' dir='ltr'>Διοσκό-</span> 
     </span>
    </p>
   </div>
   <div class='ocr_carea' id='block_1_93' title="bbox 310 5578 1793 5661">
    <p class='ocr_par' dir='ltr' id='par_1_93' title="bbox 310 5578 1793 5661">
     <span class='ocr_line' id='line_1_93' title="bbox 310 5578 1793 5661; baseline -0.003 -17"><span class='ocrx_word' id='word_1_635' title='bbox 310 5612 331 5644; x_wconf 74' lang='grc' dir='ltr'><strong>σ</strong></span> <span class='ocrx_word' id='word_1_636' title='bbox 385 5608 481 5661; x_wconf 68' lang='lat' dir='ltr'><strong>pou</strong></span> <span class='ocrx_word' id='word_1_637' title='bbox 563 5587 1001 5658; x_wconf 79' lang='grc' dir='ltr'>Ἐρμουπόλεως,</span> <span class='ocrx_word' id='word_1_638' title='bbox 1101 5581 1402 5651; x_wconf 78' lang='grc' dir='ltr'>Προϐατίου</span> <span class='ocrx_word' id='word_1_639' title='bbox 1480 5578 1793 5646; x_wconf 73' lang='grc' dir='ltr'>Βερονίκηςο</span> 
     </span>
    </p>
   </div>
   <div class='ocr_carea' id='block_1_94' title="bbox 313 5668 1794 5750">
    <p class='ocr_par' dir='ltr' id='par_1_94' title="bbox 313 5668 1794 5750">
     <span class='ocr_line' id='line_1_94' title="bbox 313 5668 1794 5750; baseline -0.012 -14"><span class='ocrx_word' id='word_1_640' title='bbox 313 5703 334 5736; x_wconf 77' lang='grc' dir='ltr'><strong>ε</strong></span> <span class='ocrx_word' id='word_1_641' title='bbox 387 5681 666 5750; x_wconf 79' lang='grc' dir='ltr'>Θεοδώρου</span> <span class='ocrx_word' id='word_1_642' title='bbox 758 5675 1154 5746; x_wconf 74' lang='grc' dir='ltr'>Μοψουεστίας,</span> <span class='ocrx_word' id='word_1_643' title='bbox 1239 5671 1394 5732; x_wconf 78' lang='grc' dir='ltr'>Βίζου</span> <span class='ocrx_word' id='word_1_644' title='bbox 1454 5668 1794 5732; x_wconf 84' lang='grc' dir='ltr'>Σελευκείας,</span> 
     </span>
    </p>
   </div>
   <div class='ocr_carea' id='block_1_95' title="bbox 312 5759 1796 5834">
    <p class='ocr_par' dir='ltr' id='par_1_95' title="bbox 312 5759 1796 5834">
     <span class='ocr_line' id='line_1_95' title="bbox 312 5759 1796 5834; baseline -0.012 -7"><span class='ocrx_word' id='word_1_645' title='bbox 312 5793 333 5828; x_wconf 76' lang='grc' dir='ltr'><strong>ε</strong></span> <span class='ocrx_word' id='word_1_646' title='bbox 392 5771 698 5833; x_wconf 74' lang='grc' dir='ltr'>Ἐπαγάθου</span> <span class='ocrx_word' id='word_1_647' title='bbox 729 5765 1278 5834; x_wconf 80' lang='grc' dir='ltr'>Μαρκιανουπόλεως,</span> <span class='ocrx_word' id='word_1_648' title='bbox 1303 5759 1585 5831; x_wconf 84' lang='grc' dir='ltr'>Γεροντίου</span> <span class='ocrx_word' id='word_1_649' title='bbox 1616 5760 1796 5811; x_wconf 75' lang='grc' dir='ltr'>Κλαυ-</span> 
     </span>
    </p>
   </div>
   <div class='ocr_carea' id='block_1_96' title="bbox 1907 4003 3454 4079">
    <p class='ocr_par' dir='ltr' id='par_1_96' title="bbox 1907 4003 3454 4079">
     <span class='ocr_line' id='line_1_96' title="bbox 1907 4003 3454 4079; baseline 0.003 -22"><span class='ocrx_word' id='word_1_650' title='bbox 1907 4003 1990 4058; x_wconf 79' lang='lat' dir='ltr'><strong>Ea:</strong></span> <span class='ocrx_word' id='word_1_651' title='bbox 2030 4006 2372 4061; x_wconf 75' lang='lat' dir='ltr'><strong>monumentis</strong></span> <span class='ocrx_word' id='word_1_652' title='bbox 2405 4014 2642 4060; x_wconf 76' lang='lat' dir='ltr'><strong>actorum</strong></span> <span class='ocrx_word' id='word_1_653' title='bbox 2675 4005 3129 4073; x_wconf 74' lang='grc' dir='ltr'>ϐοηεισηείηορυίί</span> <span class='ocrx_word' id='word_1_654' title='bbox 3165 4006 3229 4059; x_wconf 80' lang='lat' dir='ltr'><strong>de</strong></span> <span class='ocrx_word' id='word_1_655' title='bbox 3253 4007 3454 4079; x_wconf 78' lang='lat' dir='ltr'><strong>Agapio</strong></span> 
     </span>
    </p>
   </div>
   <div class='ocr_carea' id='block_1_97' title="bbox 1981 4095 3455 4175">
    <p class='ocr_par' dir='ltr' id='par_1_97' title="bbox 1981 4095 3455 4175">
     <span class='ocr_line' id='line_1_97' title="bbox 1981 4095 3455 4175; baseline 0.002 -27"><span class='ocrx_word' id='word_1_656' title='bbox 1981 4103 2032 4148; x_wconf 82' lang='lat' dir='ltr'><strong>et</strong></span> <span class='ocrx_word' id='word_1_657' title='bbox 2097 4095 2373 4165; x_wconf 83' lang='lat' dir='ltr'><strong>Bagadio,</strong></span> <span class='ocrx_word' id='word_1_658' title='bbox 2446 4107 2660 4166; x_wconf 79' lang='lat' dir='ltr'><strong>utroque</strong></span> <span class='ocrx_word' id='word_1_659' title='bbox 2730 4097 3024 4175; x_wconf 68' lang='lat' dir='ltr'><strong>eindicante</strong></span> <span class='ocrx_word' id='word_1_660' title='bbox 3102 4097 3455 4165; x_wconf 74' lang='lat' dir='ltr'><strong>epiacOpatum</strong></span> 
     </span>
    </p>
   </div>
   <div class='ocr_carea' id='block_1_98' title="bbox 1969 4187 2194 4242">
    <p class='ocr_par' dir='ltr' id='par_1_98' title="bbox 1969 4187 2194 4242">
     <span class='ocr_line' id='line_1_98' title="bbox 1969 4187 2194 4242; baseline 0.004 -3"><span class='ocrx_word' id='word_1_661' title='bbox 1969 4187 2194 4242; x_wconf 74' lang='lat' dir='ltr'><strong>Bostraz.</strong></span> 
     </span>
    </p>
   </div>
   <div class='ocr_carea' id='block_1_99' title="bbox 1904 4324 3448 4397">
    <p class='ocr_par' dir='ltr' id='par_1_99' title="bbox 1904 4324 3448 4397">
     <span class='ocr_line' id='line_1_99' title="bbox 1904 4324 3448 4397; baseline -0.001 -20"><span class='ocrx_word' id='word_1_662' title='bbox 1904 4345 1920 4377; x_wconf 80' lang='grc' dir='ltr'><strong>ι</strong></span> <span class='ocrx_word' id='word_1_663' title='bbox 1964 4327 2018 4380; x_wconf 90' lang='lat' dir='ltr'><strong>In</strong></span> <span class='ocrx_word' id='word_1_664' title='bbox 2048 4327 2333 4381; x_wconf 89' lang='lat' dir='ltr'><strong>consulatu</strong></span> <span class='ocrx_word' id='word_1_665' title='bbox 2373 4327 2898 4397; x_wconf 75' lang='lat' dir='ltr'><strong>religiosissimorum</strong></span> <span class='ocrx_word' id='word_1_666' title='bbox 2929 4335 2982 4380; x_wconf 90' lang='lat' dir='ltr'><strong>et</strong></span> <span class='ocrx_word' id='word_1_667' title='bbox 3019 4324 3111 4381; x_wconf 90' lang='lat' dir='ltr'><strong>Dei</strong></span> <span class='ocrx_word' id='word_1_668' title='bbox 3138 4326 3448 4380; x_wconf 88' lang='lat' dir='ltr'><strong>amantissi-</strong></span> 
     </span>
    </p>
   </div>
   <div class='ocr_carea' id='block_1_100' title="bbox 1979 4401 3455 4484">
    <p class='ocr_par' dir='ltr' id='par_1_100' title="bbox 1979 4401 3455 4484">
     <span class='ocr_line' id='line_1_100' title="bbox 1979 4401 3455 4484; baseline 0 -16"><span class='ocrx_word' id='word_1_669' title='bbox 1979 4435 1998 4468; x_wconf 82' lang='grc' dir='ltr'><strong>ι</strong></span> <span class='ocrx_word' id='word_1_670' title='bbox 2036 4432 2243 4471; x_wconf 87' lang='lat' dir='ltr'><strong>morum</strong></span> <span class='ocrx_word' id='word_1_671' title='bbox 2297 4401 2680 4484; x_wconf 82' lang='lat' dir='ltr'><strong>imperatorum</strong></span> <span class='ocrx_word' id='word_1_672' title='bbox 2740 4424 3046 4470; x_wconf 85' lang='lat' dir='ltr'><strong>nostrorum</strong></span> <span class='ocrx_word' id='word_1_673' title='bbox 3099 4415 3178 4469; x_wconf 86' lang='lat' dir='ltr'><strong>Fl.</strong></span> <span class='ocrx_word' id='word_1_674' title='bbox 3235 4416 3455 4470; x_wconf 81' lang='lat' dir='ltr'><strong>Arcadii</strong></span> 
     </span>
    </p>
   </div>
   <div class='ocr_carea' id='block_1_101' title="bbox 1974 4503 3453 4574">
    <p class='ocr_par' dir='ltr' id='par_1_101' title="bbox 1974 4503 3453 4574">
     <span class='ocr_line' id='line_1_101' title="bbox 1974 4503 3453 4574; baseline 0.001 -17"><span class='ocrx_word' id='word_1_675' title='bbox 1974 4523 1991 4557; x_wconf 85' lang='lat' dir='ltr'><strong>t</strong></span> <span class='ocrx_word' id='word_1_676' title='bbox 2029 4505 2257 4574; x_wconf 79' lang='lat' dir='ltr'><strong>Augusti</strong></span> <span class='ocrx_word' id='word_1_677' title='bbox 2297 4505 2539 4566; x_wconf 88' lang='lat' dir='ltr'><strong>tertiutn,</strong></span> <span class='ocrx_word' id='word_1_678' title='bbox 2572 4515 2625 4558; x_wconf 92' lang='lat' dir='ltr'><strong>et</strong></span> <span class='ocrx_word' id='word_1_679' title='bbox 2668 4503 2885 4559; x_wconf 88' lang='lat' dir='ltr'><strong>Honorii</strong></span> <span class='ocrx_word' id='word_1_680' title='bbox 2931 4507 3245 4568; x_wconf 89' lang='lat' dir='ltr'><strong>secundum,</strong></span> <span class='ocrx_word' id='word_1_681' title='bbox 3294 4506 3357 4558; x_wconf 90' lang='lat' dir='ltr'><strong>A.</strong></span> <span class='ocrx_word' id='word_1_682' title='bbox 3391 4504 3453 4558; x_wconf 89' lang='lat' dir='ltr'><strong>D.</strong></span> 
     </span>
    </p>
   </div>
   <div class='ocr_carea' id='block_1_102' title="bbox 1980 4593 3454 4664">
    <p class='ocr_par' dir='ltr' id='par_1_102' title="bbox 1980 4593 3454 4664">
     <span class='ocr_line' id='line_1_102' title="bbox 1980 4593 3454 4664; baseline 0.003 -19"><span class='ocrx_word' id='word_1_683' title='bbox 1980 4612 1997 4645; x_wconf 82' lang='grc' dir='ltr'><strong>ι</strong></span> <span class='ocrx_word' id='word_1_684' title='bbox 2037 4597 2196 4650; x_wconf 84' lang='lat' dir='ltr'><strong>tertio</strong></span> <span class='ocrx_word' id='word_1_685' title='bbox 2230 4595 2480 4648; x_wconf 87' lang='lat' dir='ltr'><strong>calendas</strong></span> <span class='ocrx_word' id='word_1_686' title='bbox 2514 4593 2760 4650; x_wconf 80' lang='lat' dir='ltr'><strong>Octobris</strong></span> <span class='ocrx_word' id='word_1_687' title='bbox 2797 4597 2847 4648; x_wconf 91' lang='lat' dir='ltr'><strong>in</strong></span> <span class='ocrx_word' id='word_1_688' title='bbox 2880 4595 3200 4664; x_wconf 89' lang='lat' dir='ltr'><strong>Baptisterio</strong></span> <span class='ocrx_word' id='word_1_689' title='bbox 3227 4598 3454 4651; x_wconf 87' lang='lat' dir='ltr'><strong>sanctis-</strong></span> 
     </span>
    </p>
   </div>
   <div class='ocr_carea' id='block_1_103' title="bbox 1980 4681 3454 4750">
    <p class='ocr_par' dir='ltr' id='par_1_103' title="bbox 1980 4681 3454 4750">
     <span class='ocr_line' id='line_1_103' title="bbox 1980 4681 3454 4750; baseline 0.002 -17"><span class='ocrx_word' id='word_1_690' title='bbox 1980 4700 1998 4733; x_wconf 79' lang='grc' dir='ltr'><strong>ι</strong></span> <span class='ocrx_word' id='word_1_691' title='bbox 2038 4683 2186 4736; x_wconf 77' lang='lat' dir='ltr'><strong>simz‘e</strong></span> <span class='ocrx_word' id='word_1_692' title='bbox 2229 4681 2838 4750; x_wconf 67' lang='lat' dir='ltr'><strong>Conatantinopolitante</strong></span> <span class='ocrx_word' id='word_1_693' title='bbox 2883 4684 3153 4746; x_wconf 62' lang='lat' dir='ltr'><strong>Ecclesia,</strong></span> <span class='ocrx_word' id='word_1_694' title='bbox 3212 4687 3454 4738; x_wconf 84' lang='lat' dir='ltr'><strong>sedenti-</strong></span> 
     </span>
    </p>
   </div>
   <div class='ocr_carea' id='block_1_104' title="bbox 1985 4773 3454 4840">
    <p class='ocr_par' dir='ltr' id='par_1_104' title="bbox 1985 4773 3454 4840">
     <span class='ocr_line' id='line_1_104' title="bbox 1985 4773 3454 4840; baseline 0.002 -17"><span class='ocrx_word' id='word_1_695' title='bbox 1985 4791 2002 4823; x_wconf 81' lang='grc' dir='ltr'><strong>ι</strong></span> <span class='ocrx_word' id='word_1_696' title='bbox 2041 4773 2142 4826; x_wconf 87' lang='lat' dir='ltr'><strong>bus</strong></span> <span class='ocrx_word' id='word_1_697' title='bbox 2173 4774 2531 4827; x_wconf 87' lang='lat' dir='ltr'><strong>sanctissimis</strong></span> <span class='ocrx_word' id='word_1_698' title='bbox 2561 4775 2850 4840; x_wconf 89' lang='lat' dir='ltr'><strong>episcopis,</strong></span> <span class='ocrx_word' id='word_1_699' title='bbox 2889 4774 3142 4828; x_wconf 86' lang='lat' dir='ltr'><strong>Nectario</strong></span> <span class='ocrx_word' id='word_1_700' title='bbox 3180 4773 3454 4828; x_wconf 87' lang='lat' dir='ltr'><strong>Constan-</strong></span> 
     </span>
    </p>
   </div>
   <div class='ocr_carea' id='block_1_105' title="bbox 1977 4861 3456 4931">
    <p class='ocr_par' dir='ltr' id='par_1_105' title="bbox 1977 4861 3456 4931">
     <span class='ocr_line' id='line_1_105' title="bbox 1977 4861 3456 4931; baseline 0.003 -18"><span class='ocrx_word' id='word_1_701' title='bbox 1977 4881 1995 4913; x_wconf 78' lang='grc' dir='ltr'><strong>ι</strong></span> <span class='ocrx_word' id='word_1_702' title='bbox 2038 4861 2404 4931; x_wconf 76' lang='lat' dir='ltr'><strong>tinOpolitano,</strong></span> <span class='ocrx_word' id='word_1_703' title='bbox 2439 4863 2739 4930; x_wconf 82' lang='lat' dir='ltr'><strong>Tlteopl‘tilo</strong></span> <span class='ocrx_word' id='word_1_704' title='bbox 2777 4864 3157 4927; x_wconf 80' lang='lat' dir='ltr'><strong>Alexandrino,</strong></span> <span class='ocrx_word' id='word_1_705' title='bbox 3194 4861 3456 4917; x_wconf 85' lang='lat' dir='ltr'><strong>Flaviano</strong></span> 
     </span>
    </p>
   </div>
   <div class='ocr_carea' id='block_1_106' title="bbox 1975 4949 3452 5019">
    <p class='ocr_par' dir='ltr' id='par_1_106' title="bbox 1975 4949 3452 5019">
     <span class='ocr_line' id='line_1_106' title="bbox 1975 4949 3452 5019; baseline 0.003 -19"><span class='ocrx_word' id='word_1_706' title='bbox 1975 4967 1994 5000; x_wconf 86' lang='grc'><strong><em>‹</em></strong></span> <span class='ocrx_word' id='word_1_707' title='bbox 2032 4952 2405 5016; x_wconf 79' lang='lat' dir='ltr'><strong>Antiocheno,</strong></span> <span class='ocrx_word' id='word_1_708' title='bbox 2462 4949 2699 5002; x_wconf 82' lang='lat' dir='ltr'><strong>Palladio</strong></span> <span class='ocrx_word' id='word_1_709' title='bbox 2765 4950 3018 5003; x_wconf 59' lang='lat' dir='ltr'><strong>(hes-arcte</strong></span> <span class='ocrx_word' id='word_1_710' title='bbox 3072 4949 3452 5019; x_wconf 66' lang='lat' dir='ltr'><strong>Cappadociaz,</strong></span> 
     </span>
    </p>
   </div>
   <div class='ocr_carea' id='block_1_107' title="bbox 1978 5038 3456 5110">
    <p class='ocr_par' dir='ltr' id='par_1_107' title="bbox 1978 5038 3456 5110">
     <span class='ocr_line' id='line_1_107' title="bbox 1978 5038 3456 5110; baseline 0.001 -18"><span class='ocrx_word' id='word_1_711' title='bbox 1978 5059 1997 5092; x_wconf 77' lang='grc' dir='ltr'><strong>ι</strong></span> <span class='ocrx_word' id='word_1_712' title='bbox 2033 5041 2245 5095; x_wconf 83' lang='lat' dir='ltr'><strong>Gelasio</strong></span> <span class='ocrx_word' id='word_1_713' title='bbox 2277 5041 2536 5095; x_wconf 75' lang='lat' dir='ltr'><strong>Caesarea:</strong></span> <span class='ocrx_word' id='word_1_714' title='bbox 2579 5038 2895 5101; x_wconf 69' lang='lat' dir='ltr'><strong>Pulmstinze,</strong></span> <span class='ocrx_word' id='word_1_715' title='bbox 2945 5039 3205 5108; x_wconf 79' lang='lat' dir='ltr'><strong>Gregorio</strong></span> <span class='ocrx_word' id='word_1_716' title='bbox 3252 5040 3456 5110; x_wconf 70' lang='lat' dir='ltr'><strong>NysStB,</strong></span> 
     </span>
    </p>
   </div>
   <div class='ocr_carea' id='block_1_108' title="bbox 1977 5129 3457 5199">
    <p class='ocr_par' dir='ltr' id='par_1_108' title="bbox 1977 5129 3457 5199">
     <span class='ocr_line' id='line_1_108' title="bbox 1977 5129 3457 5199; baseline 0.001 -15"><span class='ocrx_word' id='word_1_717' title='bbox 1977 5151 1995 5184; x_wconf 84' lang='grc' dir='ltr'><strong>ι</strong></span> <span class='ocrx_word' id='word_1_718' title='bbox 2035 5133 2409 5199; x_wconf 80' lang='lat' dir='ltr'><strong>AmpltiIOchio</strong></span> <span class='ocrx_word' id='word_1_719' title='bbox 2439 5129 2622 5191; x_wconf 70' lang='lat' dir='ltr'><strong>leonii,</strong></span> <span class='ocrx_word' id='word_1_720' title='bbox 2660 5132 2822 5187; x_wconf 82' lang='lat' dir='ltr'><strong>Paulo</strong></span> <span class='ocrx_word' id='word_1_721' title='bbox 2857 5131 3148 5196; x_wconf 68' lang='lat' dir='ltr'><strong>Heracleae,</strong></span> <span class='ocrx_word' id='word_1_722' title='bbox 3185 5133 3457 5186; x_wconf 80' lang='lat' dir='ltr'><strong>Arabiano</strong></span> 
     </span>
    </p>
   </div>
   <div class='ocr_carea' id='block_1_109' title="bbox 1974 5221 3453 5290">
    <p class='ocr_par' dir='ltr' id='par_1_109' title="bbox 1974 5221 3453 5290">
     <span class='ocr_line' id='line_1_109' title="bbox 1974 5221 3453 5290; baseline 0.001 -18"><span class='ocrx_word' id='word_1_723' title='bbox 1974 5240 1992 5272; x_wconf 86' lang='grc'><strong><em>‹</em></strong></span> <span class='ocrx_word' id='word_1_724' title='bbox 2032 5225 2279 5290; x_wconf 64' lang='lat' dir='ltr'><strong>Ancyrae,</strong></span> <span class='ocrx_word' id='word_1_725' title='bbox 2305 5223 2566 5274; x_wconf 84' lang='lat' dir='ltr'><strong>Ammone</strong></span> <span class='ocrx_word' id='word_1_726' title='bbox 2589 5221 2980 5290; x_wconf 83' lang='lat' dir='ltr'><strong>Adrianopolis,</strong></span> <span class='ocrx_word' id='word_1_727' title='bbox 3008 5221 3254 5276; x_wconf 79' lang='lat' dir='ltr'><strong>Pltalerio</strong></span> <span class='ocrx_word' id='word_1_728' title='bbox 3279 5223 3453 5285; x_wconf 80' lang='lat' dir='ltr'><strong>Tarsi,</strong></span> 
     </span>
    </p>
   </div>
   <div class='ocr_carea' id='block_1_110' title="bbox 1989 5310 3460 5378">
    <p class='ocr_par' dir='ltr' id='par_1_110' title="bbox 1989 5310 3460 5378">
     <span class='ocr_line' id='line_1_110' title="bbox 1989 5310 3460 5378; baseline 0.003 -15"><span class='ocrx_word' id='word_1_729' title='bbox 1989 5330 2005 5363; x_wconf 82' lang='grc' dir='ltr'><strong>ι</strong></span> <span class='ocrx_word' id='word_1_730' title='bbox 2045 5310 2212 5364; x_wconf 84' lang='lat' dir='ltr'><strong>Lucio</strong></span> <span class='ocrx_word' id='word_1_731' title='bbox 2288 5310 2607 5377; x_wconf 87' lang='lat' dir='ltr'><strong>Hierapolis,</strong></span> <span class='ocrx_word' id='word_1_732' title='bbox 2667 5311 2876 5378; x_wconf 81' lang='lat' dir='ltr'><strong>Elpidiu</strong></span> <span class='ocrx_word' id='word_1_733' title='bbox 2930 5311 3241 5372; x_wconf 65' lang='lat' dir='ltr'><strong>Laodicwte.</strong></span> <span class='ocrx_word' id='word_1_734' title='bbox 3299 5313 3460 5367; x_wconf 80' lang='lat' dir='ltr'><strong>Paulo</strong></span> 
     </span>
    </p>
   </div>
   <div class='ocr_carea' id='block_1_111' title="bbox 1978 5399 3460 5468">
    <p class='ocr_par' dir='ltr' id='par_1_111' title="bbox 1978 5399 3460 5468">
     <span class='ocr_line' id='line_1_111' title="bbox 1978 5399 3460 5468; baseline 0.002 -16"><span class='ocrx_word' id='word_1_735' title='bbox 1978 5419 1997 5452; x_wconf 77' lang='grc' dir='ltr'><strong>ι</strong></span> <span class='ocrx_word' id='word_1_736' title='bbox 2037 5400 2486 5463; x_wconf 81' lang='lat' dir='ltr'><strong>Alexandrorum,</strong></span> <span class='ocrx_word' id='word_1_737' title='bbox 2526 5400 2778 5452; x_wconf 84' lang='lat' dir='ltr'><strong>Dioscoro</strong></span> <span class='ocrx_word' id='word_1_738' title='bbox 2808 5399 3168 5468; x_wconf 86' lang='lat' dir='ltr'><strong>Hermopolis,</strong></span> <span class='ocrx_word' id='word_1_739' title='bbox 3208 5401 3460 5456; x_wconf 85' lang='lat' dir='ltr'><strong>Probatio</strong></span> 
     </span>
    </p>
   </div>
   <div class='ocr_carea' id='block_1_112' title="bbox 1977 5488 3457 5554">
    <p class='ocr_par' dir='ltr' id='par_1_112' title="bbox 1977 5488 3457 5554">
     <span class='ocr_line' id='line_1_112' title="bbox 1977 5488 3457 5554; baseline -0.001 -11"><span class='ocrx_word' id='word_1_740' title='bbox 1977 5510 1996 5543; x_wconf 82' lang='grc' dir='ltr'><strong>ε</strong></span> <span class='ocrx_word' id='word_1_741' title='bbox 2030 5490 2336 5554; x_wconf 91' lang='lat' dir='ltr'><strong>Beronices,</strong></span> <span class='ocrx_word' id='word_1_742' title='bbox 2380 5489 2666 5544; x_wconf 83' lang='lat' dir='ltr'><strong>Theodoro</strong></span> <span class='ocrx_word' id='word_1_743' title='bbox 2697 5489 3055 5553; x_wconf 72' lang='lat' dir='ltr'><strong>MOpsuestite,</strong></span> <span class='ocrx_word' id='word_1_744' title='bbox 3099 5488 3226 5544; x_wconf 81' lang='lat' dir='ltr'><strong>Bizo</strong></span> <span class='ocrx_word' id='word_1_745' title='bbox 3275 5489 3457 5544; x_wconf 83' lang='lat' dir='ltr'><strong>Selen-</strong></span> 
     </span>
    </p>
   </div>
   <div class='ocr_carea' id='block_1_113' title="bbox 1970 5578 3454 5650">
    <p class='ocr_par' dir='ltr' id='par_1_113' title="bbox 1970 5578 3454 5650">
     <span class='ocr_line' id='line_1_113' title="bbox 1970 5578 3454 5650; baseline -0.001 -18"><span class='ocrx_word' id='word_1_746' title='bbox 1970 5600 1987 5632; x_wconf 79' lang='lat' dir='ltr'><strong>t</strong></span> <span class='ocrx_word' id='word_1_747' title='bbox 2027 5582 2142 5642; x_wconf 78' lang='lat' dir='ltr'><strong>ciae,</strong></span> <span class='ocrx_word' id='word_1_748' title='bbox 2173 5579 2452 5650; x_wconf 78' lang='lat' dir='ltr'><strong>Epagatho</strong></span> <span class='ocrx_word' id='word_1_749' title='bbox 2497 5579 2927 5647; x_wconf 81' lang='lat' dir='ltr'><strong>Marcianopolis,</strong></span> <span class='ocrx_word' id='word_1_750' title='bbox 2975 5578 3237 5634; x_wconf 85' lang='lat' dir='ltr'><strong>Gerontio</strong></span> <span class='ocrx_word' id='word_1_751' title='bbox 3286 5578 3454 5632; x_wconf 83' lang='lat' dir='ltr'><strong>Clau-</strong></span> 
     </span>
    </p>
   </div>
   <div class='ocr_carea' id='block_1_114' title="bbox 1972 5669 3459 5740">
    <p class='ocr_par' dir='ltr' id='par_1_114' title="bbox 1972 5669 3459 5740">
     <span class='ocr_line' id='line_1_114' title="bbox 1972 5669 3459 5740; baseline -0.001 -18"><span class='ocrx_word' id='word_1_752' title='bbox 1972 5671 2348 5739; x_wconf 38' lang='lat' dir='ltr'><strong>t‘dianopolis,</strong></span> <span class='ocrx_word' id='word_1_753' title='bbox 2394 5681 2447 5723; x_wconf 91' lang='lat' dir='ltr'><strong>et</strong></span> <span class='ocrx_word' id='word_1_754' title='bbox 2485 5669 2610 5724; x_wconf 85' lang='lat' dir='ltr'><strong>aliis</strong></span> <span class='ocrx_word' id='word_1_755' title='bbox 2644 5670 2869 5724; x_wconf 79' lang='lat' dir='ltr'><strong>diversis</strong></span> <span class='ocrx_word' id='word_1_756' title='bbox 2916 5671 3203 5740; x_wconf 83' lang='lat' dir='ltr'><strong>episcopis,</strong></span> <span class='ocrx_word' id='word_1_757' title='bbox 3250 5682 3302 5724; x_wconf 91' lang='lat' dir='ltr'><strong>et</strong></span> <span class='ocrx_word' id='word_1_758' title='bbox 3340 5672 3459 5722; x_wconf 87' lang='lat' dir='ltr'><strong>nni-</strong></span> 
     </span>
    </p>
   </div>
   <div class='ocr_carea' id='block_1_115' title="bbox 1975 5762 3457 5830">
    <p class='ocr_par' dir='ltr' id='par_1_115' title="bbox 1975 5762 3457 5830">
     <span class='ocr_line' id='line_1_115' title="bbox 1975 5762 3457 5830; baseline 0.001 -16"><span class='ocrx_word' id='word_1_759' title='bbox 1975 5781 1992 5814; x_wconf 79' lang='grc' dir='ltr'><strong>ι</strong></span> <span class='ocrx_word' id='word_1_760' title='bbox 2031 5777 2187 5820; x_wconf 80' lang='lat' dir='ltr'><strong>verso</strong></span> <span class='ocrx_word' id='word_1_761' title='bbox 2232 5764 2423 5820; x_wconf 91' lang='lat' dir='ltr'><strong>ordine</strong></span> <span class='ocrx_word' id='word_1_762' title='bbox 2464 5762 2824 5830; x_wconf 82' lang='lat' dir='ltr'><strong>sacerdotali;</strong></span> <span class='ocrx_word' id='word_1_763' title='bbox 2857 5762 3138 5820; x_wconf 82' lang='lat' dir='ltr'><strong>Nectarius</strong></span> <span class='ocrx_word' id='word_1_764' title='bbox 3172 5763 3457 5829; x_wconf 79' lang='lat' dir='ltr'><strong>episcopus</strong></span> 
     </span>
    </p>
   </div>
  </div>
