4002 6314
564 308 680 415 ἰδι
742 384 745 386 -

1829 347 2108 408 THEOD.
2145 345 2544 407 BALSAMON

663 486 680 517 ι
716 462 1337 532 Constantinopolitnnus
1365 462 1536 516 dixit:
1574 458 1768 514 Sancta
1801 461 1901 515 hac
1929 459 2139 531 synodo
2169 471 2213 524 Α

660 575 678 606 ι
722 556 811 609 Dei
835 558 1004 620 gratia
1028 569 1210 609 rursus
1231 554 1281 607 in
1310 555 1407 607 hoc
1434 563 1620 606 sancto
1649 554 1766 606 luco
1794 562 2135 620 congregata,

658 664 675 696 ι
717 646 761 699 si
787 647 971 699 eadem
1002 657 1312 699 sanetorum
1351 643 1571 696 fratrum
1606 653 1659 695 et
1696 643 1749 694 in
1789 642 1961 694 sacris
1992 656 2139 693 cont-

659 753 677 786 ι
716 739 1083 790 ministrorum
1128 738 1365 806 synodus
1399 735 1471 787 ita
1510 743 1716 795 censet,
1768 734 1888 799 quia
1926 733 2140 785 adstare
2212 778 2215 781 γ

653 845 671 877 ι
718 825 870 879 video
901 841 1014 887 eos.
1045 825 1134 895 qui
1156 827 1487 879 c0ntendunt
1512 826 1577 878 de
1614 824 1993 877 Bostrenorum
2022 822 2140 889 cpi-

662 932 678 963 ι
721 925 965 982 scopatu,
994 916 1195 968 fratres
1221 923 1437 968 nostros
1461 912 1753 981 Bagadium
1779 922 1830 964 et
1856 903 2138 981 Agapiutn,

655 1021 673 1053 ‹
714 1005 764 1056 hi
799 1018 891 1057 sua
920 1005 1057 1057 inter
1078 1019 1136 1058 se
1161 1004 1519 1069 iuvicemjura
1545 1003 1797 1071 incipiant
1822 1016 2140 1070 propellere.

661 1112 677 1143 ι
715 1095 779 1145 Et
821 1105 1102 1162 postquam
1137 1094 1316 1160 aliqua
1351 1096 1420 1147 ab
1450 1096 1527 1146 eis
1559 1108 1652 1161 pro
1679 1094 1777 1145 hac
1820 1106 1979 1145 causa
2021 1099 2142 1144 acta

662 1202 678 1232 ι
722 1195 922 1249 essent,
968 1191 1022 1237 et
1047 1184 1172 1236 dicti
1219 1182 1435 1252 Bagadii
1468 1183 1853 1250 depositionem
1880 1196 1910 1233 a
1937 1182 2143 1234 duobus

661 1294 677 1326 ι
722 1276 851 1329 solis
887 1274 1151 1342 episcopis
1183 1274 1292 1341 jam
1325 1283 1562 1341 tempore
1594 1272 1755 1339 hujus
1781 1272 1966 1340 synodi
2003 1285 2143 1322 mor-

660 1384 677 1415 ι
722 1367 829 1418 luis
862 1364 1055 1417 factam
1084 1374 1357 1417 ostensum
1382 1372 1527 1416 esset
1553 1379 1566 1426 ;
1594 1362 1897 1415 Arabianus
1918 1363 2143 1431 Ancyrae

664 1475 681 1506 (
719 1458 1001 1521 episc0pns
1032 1455 1170 1507 dixit
1206 1472 1217 1506 :
1255 1453 1369 1507 Non
1404 1464 1623 1522 propter
1659 1453 1799 1506 hanc
1838 1453 2011 1514 litem,
2048 1452 2143 1504 sed

660 1567 677 1599 ι
713 1548 777 1599 de
802 1558 905 1599 tota
928 1547 1177 1614 deinceps
1201 1547 1308 1598 vita
1334 1547 1382 1599 id
1404 1555 1668 1607 metuens,
1690 1559 1879 1611 precor
1901 1553 2143 1599 sanctam

662 1654 679 1687 ι
717 1635 975 1706 synodum
1011 1646 1247 1689 statuere
1281 1650 1293 1687 :
1338 1634 1554 1688 Licetne
1585 1651 1613 1687 a
1644 1635 1849 1689 duobus
1880 1635 2143 1702 episc0pis

662 1744 679 1777 ι
719 1726 832 1779 ﬁeri
877 1727 1286 1793 depositionem,
1318 1741 1386 1778 an
1434 1726 1587 1779 non?
1618 1737 1670 1779 et
1696 1728 1919 1780 absente
1949 1734 2145 1779 metro-

663 1834 679 1865 ι
722 1818 955 1883 politano
984 1817 1127 1881 licet,
1159 1833 1226 1869 an
1255 1816 1402 1870 non?
1436 1816 1693 1870 Praesenti
1727 1818 1939 1885 quidem
1967 1831 2143 1870 causa:

660 1928 677 1959 ι
718 1910 850 1963 nihil
894 1918 977 1963 est
1011 1910 1321 1978 praejudicii.
1357 1909 1559 1965 Vereor
1600 1920 1802 1973 autem,
1846 1923 1912 1963 ne
1957 1924 2021 1962 ex
2060 1910 2142 1962 his

662 2020 679 2053 ι
719 2004 854 2055 actis
913 2003 1077 2070 aliqui
1125 2010 1391 2071 potestate
1434 2014 1649 2069 accepta
1708 2002 1835 2055 talia
1888 2002 2139 2055 audeant.

662 2112 679 2143 ‹
721 2092 867 2161 Rogo
890 2108 1018 2161 ergo
1052 2108 1143 2146 vos
1179 2094 1523 2159 respondere.
1554 2090 1837 2146 Nectarius
1863 2094 2145 2161 episcopus

662 2206 680 2233 ι
718 2183 1346 2252 Constantinopolitanus
1368 2183 1503 2235 dixit
1529 2199 1543 2236 :
1574 2182 1803 2235 Pulchre
1832 2184 1999 2235 suasit
2030 2183 2146 2234 reli-

666 2294 682 2324 ι
719 2275 1050 2342 giosissimus
1074 2276 1353 2342 episcOpus
1373 2274 1674 2327 Arabianus
1707 2291 1720 2327 :
1746 2273 1992 2341 equidem
2021 2288 2142 2326 cum

664 2384 681 2414 ι
720 2380 816 2433 par
845 2381 1005 2419 causa
1029 2366 1276 2419 accidere
1309 2365 1497 2432 possit,
1533 2367 1860 2429 praeteritum
1885 2378 1989 2417 non
2011 2378 2144 2417 con-

665 2474 684 2506 ι
726 2457 1065 2520 demnantes,
1091 2459 1229 2523 quod
1260 2454 1514 2523 deinceps
1543 2456 1778 2508 futurum
1805 2464 1887 2507 est
1915 2467 2145 2520 praemu-

660 2563 679 2595 c
723 2548 950 2599 niamus.
1002 2548 1306 2600 Arabiauus
1354 2548 1582 2614 Ancyrae
1627 2546 1907 2609 episcopus
1952 2544 2088 2595 dixit
2132 2562 2142 2595 :

662 2654 678 2680 ι
719 2634 771 2686 Id
813 2637 950 2702 quod
986 2646 1066 2687 est
1096 2635 1449 2702 praeteritum,
1484 2636 1760 2686 beatorum
1795 2631 2033 2694 Patrum,
2056 2630 2143 2698 qui

662 2743 679 2775 ι
719 2724 909 2778 Nica-a:
960 2732 1345 2786 convenerunt,
1388 2724 1606 2776 damnat
1662 2723 1918 2793 synodus,
1956 2722 2149 2788 jubens

664 2833 681 2865 ι
721 2831 825 2868 non
869 2830 990 2868 esse
1037 2817 1316 2883 pauciores
1368 2816 1560 2878 tribus,
1600 2814 1690 2882 qui
1735 2815 2007 2877 ordinent,
2050 2828 2148 2868 nec

664 2922 682 2952 ι
720 2905 939 2956 absente
972 2904 1405 2969 metropolitano.
1432 2900 1507 2954 De
1536 2902 1715 2953 futuro
1743 2911 1920 2953 autem
1946 2903 2148 2953 veritus

666 3010 683 3041 ι
725 2992 837 3045 haec
869 2991 1212 3059 interrogavi.
1240 2988 1407 3041 Velim
1432 3004 1560 3057 ergo
1586 3004 1679 3043 vos
1706 3000 1892 3057 aperte
1915 2989 2147 3053 edicere,

666 3101 682 3132 ‹
719 3094 772 3135 et
801 3096 897 3135 nec
932 3096 1209 3149 suspense,
1246 3080 1412 3149 679
1446 3094 1543 3133 nec
1572 3080 1753 3141 dubie,
1790 3087 1847 3132 ut
1880 3095 1909 3133 α
1941 3080 2146 3132 duobus

662 3195 678 3223 ο
722 3173 1049 3234 hominibus,
1087 3186 1184 3225 nec
1212 3171 1451 3224 ordinari
1484 3184 1581 3224 nec
1608 3170 1799 3237 deponi
1831 3170 2142 3239 episcopum

663 3282 680 3313 ι
719 3264 898 3325 liceat,
938 3262 1091 3329 juxta
1136 3261 1403 3314 Nicamam
1448 3261 1738 3330 synodum.
1782 3260 1846 3313 Et
1874 3271 1995 3328 post
2042 3261 2141 3313 alia

662 3372 678 3402 ι
719 3353 1050 3420 Theophilus
1089 3352 1370 3418 cpiscopus
1411 3349 1745 3403 Alexandria:
1799 3350 1973 3413 dixit;
2040 3350 2145 3402 Ad-

667 3460 685 3491 ‹
728 3458 913 3496 versus
941 3457 1052 3504 eos,
1083 3442 1175 3508 qui
1203 3447 1573 3500 excesserunt,
1610 3438 1721 3491 ﬁeri
1758 3455 1861 3493 non
1893 3450 2064 3509 potest
2093 3452 2148 3493 nt

663 3548 680 3579 c
722 3530 1103 3598 indignationis
1139 3528 1401 3581 sententia
1442 3526 1689 3592 feratur;
1723 3531 1977 3595 quoniam
2010 3544 2144 3597 pra:-

667 3640 683 3669 ‹
726 3632 907 3673 sentes
933 3635 1034 3672 non
1065 3619 1213 3673 fuere
1239 3618 1602 3673 condemnati.
1634 3618 1738 3671 Sed
1765 3619 1810 3672 si
1836 3620 1953 3686 quis
1975 3621 2039 3672 de
2058 3621 2143 3682 iis,

665 3729 683 3761 ι
722 3710 812 3779 qui
859 3712 910 3763 in
964 3710 1203 3763 futurum
1254 3709 1445 3761 debent
1488 3710 1775 3775 deponere,
1816 3709 2143 3773 consideret,

666 3819 684 3849 ι
724 3799 849 3850 mihi
889 3798 1097 3851 videtur
1124 3812 1227 3849 non
1259 3799 1435 3850 solum
1474 3808 1582 3851 tres
1614 3796 1810 3850 debere
1854 3800 2139 3863 accedere;

662 3907 679 3939 ι
722 3890 836 3951 sed,
895 3893 939 3940 si
992 3888 1102 3939 lieri
1156 3889 1344 3952 possit,
1396 3900 1582 3940 omnes
1643 3888 2033 3955 provinciales,
2088 3900 2146 3941 ut

660 3997 681 4028 ε
726 3977 1015 4031 multarunt
1076 3978 1339 4031 sententia
1410 3977 1712 4031 accuratior
1768 3981 2143 4032 condemnatio

664 4089 686 4117 ο
732 4070 985 4121 reddatur
1016 4068 1154 4134 ejus,
1179 4067 1269 4134 qui
1295 4067 1487 4134 dignus
1514 4076 1598 4120 est
1627 4068 1841 4135 deponi,
1867 4071 2145 4134 praesentis

662 4179 684 4211 ο
724 4171 776 4212 et
800 4158 1043 4226 judicati.
1076 4156 1361 4210 Nectartus
1386 4158 1667 4225 episcopus
1699 4158 2149 4227 Constantinopo-

659 4270 681 4301 ‹
723 4252 920 4303 titanus
964 4246 1099 4301 dixit
1140 4263 1155 4301 :
1207 4246 1339 4300 Cum
1385 4249 1451 4301 de
1497 4248 1749 4314 legitimis
1800 4251 2057 4307 institutis
2092 4262 2143 4304 et

660 4360 681 4390 4
722 4340 949 4393 decretis
1000 4340 1198 4406 agitur,
1250 4354 1586 4408 consequens
1640 4352 1725 4393 est
1775 4358 1881 4395 non
1926 4357 2142 4414 propter

662 4449 681 4479 ο
721 4443 1067 4497 personarum
1094 4442 1283 4481 causas
1306 4429 1511 4496 aliquas
1531 4430 1657 4482 talia
1682 4433 1914 4485 decerni.
1940 4434 2139 4499 Quam-
2171 4424 2221 4482 D

661 4538 679 4571 ι
720 4521 925 4581 obrcm,
960 4519 1095 4572 sicut
1122 4518 1495 4572 sanctissimus
1528 4520 1812 4587 episcopus
1845 4524 2142 4578 Arabianus

662 4630 682 4660 ι
724 4610 972 4662 hortatus
1011 4618 1113 4671 est,
1167 4608 1344 4661 futura
1401 4609 1643 4663 stabilire
1689 4613 1909 4685 volens;
1956 4626 2144 4664 conse-

658 4719 683 4749 ‹
722 4710 946 4767 quenter
973 4708 1024 4751 et
1057 4699 1287 4751 humane
1319 4699 1646 4751 sanctissimi
1683 4701 1915 4769 episc0pi
1965 4701 2143 4754 Theo-

661 4808 683 4838 ‹
724 4789 849 4854 phili
876 4789 1135 4840 sententia
1160 4789 1417 4851 decrevit,
1459 4806 1559 4841 non
1588 4789 1747 4844 licere
1768 4792 1818 4843 in
1841 4802 2137 4859 posterum,

662 4899 683 4926 ι
722 4893 819 4930 nec
852 4892 878 4928 a
914 4878 1082 4931 tribus
1125 4878 1358 4944 quidem,
1404 4880 1600 4931 nedum
1644 4894 1670 4931 a
1718 4882 1942 4945 duobus,
1988 4899 2134 4948 eum,

662 4989 683 5020 α
719 4970 808 5036 qui
850 4983 971 5022 reus
1001 4971 1358 5028 examinator,
1398 4970 1588 5036 deponi
1625 4985 1638 5021 :
1677 4972 1765 5023 sed
1798 4974 2017 5040 majoris
2049 4990 2137 5043 sy—

664 5077 679 5106 ι
720 5058 844 5111 nodi
870 5068 918 5111 et
946 5058 1231 5125 provincia:
1265 5059 1638 5126 episcoporum
1675 5066 1961 5128 sententia,
1999 5067 2139 5119 sicut

663 5167 683 5199 ι
719 5150 994 5217 apostolici
1042 5150 1297 5203 deiiuiere
1330 5165 1581 5203 canones.
1622 5150 1904 5209 Flavianus
1938 5160 2140 5226 cpisco—

662 5258 679 5290 ι
721 5256 818 5308 pus
846 5240 1141 5293 AntiOt-hiae
1167 5240 1303 5291 dixit
1329 5256 1343 5294 :
1374 5241 1504 5305 Quae
1528 5258 1890 5310 exposuerunt
1917 5253 2140 5303 sanctis-

662 5347 679 5378 ι
718 5334 883 5382 simus
926 5332 1207 5397 episcopus
1249 5330 1529 5386 Nectarius
1576 5345 1631 5387 et
1681 5339 2055 5393 sanctissimus
2086 5351 2139 5395 et

664 5436 682 5471 ι
718 5421 1079 5487 pientissintns
1102 5420 1429 5489 Theophilus
1452 5425 1754 5493 episc0pus,
1782 5442 1960 5494 aperta
1990 5442 2133 5484 sunt.

658 5529 676 5562 ι
717 5513 777 5564 Et
812 5526 998 5565 omnes
1029 5514 1372 5567 ecclesiastici
1402 5514 1485 5568 his
1518 5518 1928 5581 acquieseimus.
1973 5540 1989 5571 ι

2175 3112 2216 3167 C

3692 348 3801 412 452

2320 478 2337 510 ι
2383 458 2802 525 διανουπόλεως,
2838 461 2931 514 καὶ
2984 462 3187 531 ἑτέρων
3254 460 3526 532 διαφόρων
3577 462 3805 515 ὲπισκόυ

2318 569 2336 601 ι
2385 566 2523 614 πων,
2588 553 2682 604 καὶ
2731 552 2928 614 παντὸς
2993 552 3087 605 τοῦ
3164 540 3449 622 ίερᾶτείου,
3504 553 3805 621 Neu-capso;

2314 662 2331 693 ι
2376 644 2673 706 ἐπίσκοπος
2728 646 3359 709 Κωνσταντινουπό).εως
3430 643 3582 699 εἶπεν
3614 662 3628 677 ο
3680 645 3800 713 Τῆς

2315 751 2333 783 ι
2383 735 2542 799 ἁγίας
2573 735 2774 805 ταύτης
2808 738 3026 790 συνόδου
3051 739 3191 789 κατὰ
3213 738 3346 789 Θεοῦ
3379 739 3537 807 χάριν
3562 736 3728 789 πάλιν
3753 740 3807 787 ἐν

2314 844 2332 875 ι
2379 826 2454 894 τῷ
2478 827 2617 896 ἁγίῳ
2632 828 2779 897 τόπῳ
2802 829 2975 896 τούτῳ
3000 828 3435 897 συνειλεγμένης,
3454 831 3501 880 εί
3524 826 3808 891 δοκιμάζει

2315 933 2332 963 t
2379 916 2413 975 ἠ
2453 916 2588 985 αὑτὴ
2618 917 2726 969 τῶν
2752 916 2923 983 ἁγίων
2946 917 3191 986 ἀδελφῶν
3241 926 3333 969 καὶ
3377 917 3809 985 σιλλειτουργῶκ

2322 1023 2339 1054 ε
2391 1005 2631 1071 σύνοδος,
2659 1009 2848 1077 ἐπειδὴ
2883 1012 2977 1061 καὶ
3001 1009 3240 1070 ἑστῶτας
3265 1008 3376 1075 ὁρῶ
3410 1010 3531 1070 τοὺς
3554 1011 3809 1079 διαφερο-

2316 1116 2334 1148 ‹
2378 1098 2572 1166 μένους
2626 1100 2757 1170 πρὸς
2794 1101 3019 1163 ἑαυτοὺς
3046 1099 3304 1169 περὶτῆς
3351 1098 3461 1151 τῶν
3495 1099 3811 1169 Βοστρηνῶν

2316 1206 2333 1239 ι
2379 1189 2704 1259 ἐπισκοπῆς,
2736 1198 2859 1254 τοὺς
2882 1176 3146 1259 ἀδελφοὺς
3212 1190 3368 1260 ἡμῶν
3423 1190 3687 1257 Βαγαδίον
3722 1195 3814 1241 καὶ

2318 1297 2335 1329 ι
2389 1280 2649 1346 Ἀγάπιον
2720 1282 2829 1334 τῶν
2862 1284 2996 1353 πρὸς
3049 1283 3311 1353 ἀλλήλους
3374 1280 3705 1351 ἐνάρξασθαι
3735 1281 3814 1335 δι-

2315 1387 2335 1419 ι
2382 1371 2571 1424 καίων.
2598 1372 2705 1422 Καὶ
2742 1374 2880 1440 μετὰ
2907 1374 2968 1426 τὸ
3002 1372 3305 1443 πραχθῆναί
3330 1388 3447 1424 τινα
3477 1370 3605 1440 παρ’
3631 1374 3815 1434 αὐτοῖς

2316 1477 2335 1510 ι
2379 1461 2539 1529 χάριν
2596 1465 2691 1528 τῆς
2720 1466 2891 1531 αὐτῆς
2922 1465 3251 1527 ὑποθέσεως,
3282 1463 3375 1514 καὶ
3406 1462 3813 1530 ἐμφανισθῆναι

2321 1569 2339 1601 ι
2383 1552 2703 1619 καθαίρεσιν
2768 1554 2864 1606 τοῦ
2925 1554 3186 1625 ῥηθέντος
3219 1559 3486 1628 Βαγαδίου
3513 1557 3814 1627 γενομένην

2320 1660 2337 1693 ι
2380 1643 2483 1694 ὑπὸ
2512 1643 2601 1696 δύο
2629 1646 2720 1696 καὶ
2755 1646 2931 1713 μόνων
2960 1649 3272 1703 ἐπισκόπων
3294 1652 3401 1705 τῶν
3434 1653 3526 1703 καὶ
3560 1645 3810 1702 τετελευ-

2317 1750 2334 1778 σ
2379 1735 2620 1803 τηκότων
2669 1734 2771 1805 ήδη
2806 1739 2945 1789 κατὰ
2976 1739 3067 1791 τὸν
3107 1741 3295 1809 καιρδν
3324 1743 3419 1811 τῆς
3451 1741 3625 1809 αὐτῆς
3662 1737 3815 1791 συνόο

2318 1841 2335 1873 t
2386 1824 2474 1876 δου
2510 1840 2525 1855 ⁶
2567 1827 2621 1876 Ἀ
2634 1825 2887 1895 ραδιανὸς
2915 1829 3208 1892 ἐπίσκοπος
3224 1832 3498 1902 ’Δγκύρας
3526 1827 3677 1884 εἶπεν
3704 1846 3718 1861 ·
3742 1829 3815 1881 Οἱ

2320 1933 2337 1965 ι
2378 1916 2474 1984 τῆς
2500 1917 2780 1985 παρούσης
2806 1919 2969 1973 ἕνεκα
2993 1921 3169 1989 δίκης,
3192 1922 3327 1975 ἀλλὰ
3352 1922 3445 1975 τοῦ
3475 1922 3678 1989 ὑφεξῆς
3702 1918 3815 1987 βίον.

2322 2024 2340 2056 ι
2386 2007 2581 2069 παντὸς
2635 2008 2891 2072 δεδοικὼς
2915 2009 3090 2075 τοῦτο,
3123 2013 3259 2075 ἀξιῶ
3286 2015 3385 2081 τὴν
3418 2014 3577 2080 ἁγίαν
3603 2010 3816 2065 σύνοδοι

2321 2115 2339 2146 ι
2381 2096 2720 2166 διαλαλῆσαι,
2788 2099 2960 2165 ἔξεστι
3026 2102 3286 2168 γενέσθαι
3314 2106 3631 2171 καθαίρεσιν
3664 2103 3815 2170 παρὰ

2316 2205 2334 2238 ι
2380 2188 2472 2241 δύο
2503 2190 2841 2254 ἐπισκόπων,
2870 2193 2901 2261 ἦ
2928 2191 2989 2245 οὗ
3016 2211 3029 2258 ;
3086 2199 3178 2247 καὶ
3205 2196 3344 2248 κατὰ
3426 2196 3659 2257 ἀπόντος
3718 2209 3813 2263 μη·

2320 2298 2339 2331 ι
2378 2282 2699 2349 τροπολίτου
2724 2284 2953 2349 ἔξεστιν,
2991 2287 3021 2355 ἢ
3057 2286 3116 2340 οὔ
3148 2305 3161 2341 :
3187 2288 3352 2340 Οὐδὲν
3374 2290 3662 2357 πρόκριμα
3684 2291 3814 2357 πρὸς

2324 2384 2342 2417 ι
2389 2370 2488 2437 τὴν
2510 2371 2797 2438 παροῦσαν
2835 2374 3112 2429 ὑπόθεσιν.
3145 2378 3370 2430 Δέδοικα
3400 2379 3456 2432 δὲ
3488 2381 3589 2450 μὴ,
3618 2384 3685 2433 ἐκ
3711 2380 3815 2434 τῶν

2324 2477 2341 2509 ι
2387 2460 2797 2531 ὑπομνημάτων
2824 2465 3030 2518 τούτων
3060 2467 3204 2530 τινὲς
3226 2468 3512 2539 λαϐόμενοι
3542 2472 3814 2535 ἐξουσίας.

2322 2567 2339 2598 ι
2380 2550 2599 2603 τοιαῦτα
2622 2553 2989 2623 τολμήσωσιν.
3036 2557 3197 2623 Ἀξιῶ
3221 2555 3313 2612 οὖν
3368 2562 3515 2629 ὑμᾶς
3582 2565 3818 2630 ἀποκρί·

2324 2659 2341 2691 ι
2382 2643 2597 2696 νασθαι.
2627 2644 2931 2714 Νεκτάριος
2955 2648 3251 2711 ἐπίσκοπος
3304 2651 3814 2706 Κωνσταντινουπόο

2323 2748 2340 2780 ι
2388 2732 2521 2795 λεως
2543 2730 2699 2787 εἶπεν
2727 2752 2738 2766 ο
2781 2736 3114 2801 Ἐπαινετῶς
3159 2742 3494 2811 εἰσηγήσατο
3523 2745 3551 2795 ό
3579 2744 3814 2796 εὐλαὸἐ-

2324 2841 2342 2873 t
2387 2840 2576 2886 στατο;
2608 2826 2910 2890 ἐπίσκοπος
2964 2829 3286 2896 Ἀραδιανός
3317 2848 3331 2862 ·
3364 2832 3423 2883 οὐ
3582 2814 3821 2902 δυναμέ-

2324 2931 2341 2963 t
2380 2930 2477 2981 νης
2514 2916 2669 2983 δίκης
2702 2917 3100 2984 ἐξομοιοῦσθαι,
3128 2921 3187 2971 τὸ
3235 2923 3501 2990 παρελθὸν
3544 2926 3618 2993 μὴ
3650 2940 3820 2977 κατα-

2326 3020 2344 3050 (
2393 3004 2700 3070 κρίναντες,
2765 3008 2826 3057 τὸ
2852 3008 2978 3075 ὲξῆς
3018 3009 3463 3081 ἀσφαλισώμεθα.
3504 3016 3821 3083 Ἀραὸιανδς

2326 3110 2343 3140 ι
2379 3093 2680 3155 ἐπίσκοπος
2733 3094 3003 3164 Ἀγκύρας
3042 3094 3164 3150 εἷπε
3194 3115 3207 3129 '
3234 3102 3306 3152 Τὸ
3338 3102 3609 3170 παρελθὸν
3654 3107 3689 3173 ἡ
3716 3106 3818 3157 τῶν

2326 3199 2341 3229 ι
2393 3182 2683 3251 μακαρίων
2714 3184 2978 3253 Πατέρων
3006 3188 3113 3239 τῶν
3135 3191 3193 3241 ἐν
3221 3190 3431 3261 Νικαίᾳ
3484 3192 3704 3254 σύνσδος
3724 3211 3821 3245 κα-

2324 3290 2341 3322 (
2383 3272 2647 3341 τακρίνει,
2685 3276 3032 3343 ήκελεύουσα
3065 3278 3138 3348 μὴ
3171 3280 3425 3346 ἐλάττους
3474 3280 3615 3337 εἶναι
3654 3285 3816 3355 τριῶν

2325 3381 2341 3412 ι
2379 3362 2504 3419 τοὺς
2532 3366 2999 3432 χειροτονοῦντας.
3035 3372 3169 3437 μηδὲ
3200 3373 3431 3437 ἀπόντος
3481 3375 3575 3427 τοῦ
3610 3393 3815 3445 μητρο-

2326 3469 2342 3499 ι
2390 3449 2561 3504 λίτου.
2594 3453 2699 3505 Τοῦ
2730 3454 2787 3506 δὲ
2812 3456 3094 3523 μέλλοντος
3141 3459 3325 3514 ἕνεκεν
3373 3462 3632 3525 δεδοικὼς
3684 3465 3815 3533 ἐγὼ,

2326 3558 2341 3590 ι
2378 3540 2480 3609 τήν
2507 3541 2771 3612 ἐρώτησιν
2798 3546 3157 3618 ἐποιησάμην.
3179 3550 3337 3614 Ἀξιῶ
3357 3548 3447 3606 οὖν
3465 3555 3607 3622 ὑμᾶς
3632 3558 3818 3623 σαφῶς

2328 3649 2345 3681 ι
2386 3630 2850 3701 διαλαλῆσαι,καὶ
2895 3639 3032 3706 μήτε
3075 3642 3399 3711 ἠρτημένους
3448 3648 3587 3713 μήτε
3646 3650 3817 3715 ἀμφι·

2326 3740 2343 3771 ι
2380 3721 2569 3785 δόλως,
2590 3722 2728 3777 ὥστε
2755 3727 2832 3795 μὴ
2868 3726 3065 3791 ἐξεῖναι
3095 3732 3201 3782 ὑπὸ
3234 3731 3330 3784 δύο
3352 3733 3655 3803 ἀνθρώπων
3681 3738 3815 3804 μήτε

2319 3828 2336 3861 ι
2372 3815 2782 3881 χειροτονεῖσθαι
2806 3818 2941 3886 μήῖε
2962 3820 3334 3890 καθαιρεῖσθαι
3355 3824 3669 3890 ἐπίσκοπον,
3691 3829 3813 3882 ἀκο-

2329 3918 2345 3947 r
2391 3900 2596 3963 λούθως
2646 3905 2710 3973 τῇ
2763 3905 2819 3955 ὲν
2857 3906 3062 3977 Νικαίᾳ
3092 3911 3314 3979 συνόδῳ.
3344 3914 3453 3965 Καὶ
3504 3916 3625 3982 μεθ’
3656 3916 3814 3985 ἔτερα

2321 4007 2337 4037 ι
2378 3989 2636 4057 Θεόφιλος
2680 3994 2975 4057 ἐπίσκοπος
3011 3998 3417 4069 Ἀλεξανδρείας
3464 3998 3653 4056 εἶπεν·
3691 4006 3814 4057 Ἐπὶ

2324 4096 2340 4126 ι
2381 4079 2493 4131 τῶν
2515 4081 2857 4136 ἀπελθόντων
2877 4085 2936 4136 οὐ
2964 4086 3184 4139 δυνατὸν
3203 4089 3382 4159 ψῆφον
3404 4090 3658 4161 ἐκφέρειν
3678 4094 3813 4160 ἀγα·

2324 4188 2339 4218 ι
2385 4173 2703 4237 νακτήσεως
2730 4189 2743 4203 ο
2778 4175 3075 4245 ἐπειδήπερ
3098 4177 3172 4245 μὴ
3196 4166 3460 4248 παρόντες
3478 4183 3809 4251 κατεκρίθη-

2320 4280 2336 4309 ι
2377 4279 2496 4312 σαν.
2524 4263 2581 4315 Εἰ
2611 4263 2879 4334 μέντοιγε
2903 4267 3030 4337 περὶ
3047 4266 3157 4321 τῶν
3173 4270 3474 4339 μελλόντων
3491 4273 3726 4325 διασκοπ
3761 4274 3811 4341 ίη

2320 4373 2336 4403 ‹
2379 4372 2463 4416 τις
2516 4354 2623 4406 τῶν
2661 4356 2983 4424 ὀφειλόντων
3027 4360 3294 4426 καθελεῖν,
3326 4363 3571 4429 φαίνεταί
3614 4380 3707 4430 μοι
3739 4366 3809 4432 μὴ

2323 4462 2339 4493 ι
2384 4444 2541 4512 μόνον
2571 4447 2716 4511 τρεῖς
2744 4450 2994 4516 παρεῖναι
3019 4453 3336 4519 προσήκειν,
3370 4454 3485 4504 ἀλλ’
3509 4457 3557 4504 εἰ
3586 4454 3809 4507 δυνατὸν

2319 4552 2335 4583 ι
2381 4534 2505 4594 τοὺς
2527 4534 2732 4596 πάντας
2762 4538 3132 4607 ἐπαρχιώτας,
3168 4540 3258 4595 ῐνα
3324 4544 3387 4609 τῇ
3446 4542 3551 4594 τῶν
3602 4544 3808 4595 πολλῶν

2318 4642 2334 4673 ι
2374 4624 2539 4692 ψήφῳ
2557 4625 2922 4702 ἀκριϐεστέρα
2942 4631 2972 4697 ὴ
2994 4632 3314 4699 κατάκριτις
3330 4632 3424 4685 τοῦ
3441 4633 3592 4696 ἀξίου
3611 4635 3705 4703 τῆς
3724 4653 3807 4703 κα.

2342 4732 2359 4764 σ
2396 4715 2691 4783 θαιρέσεως
2709 4716 3023 4786 δεικνύηται
3054 4722 3317 4789 παρόντος
3345 4727 3437 4777 καὶ
3458 4729 3806 4797 κρινομένου.

2327 4825 2345 4855 ι
2388 4806 2693 4875 Νεκτάριος
2794 4810 3093 4873 ἐπίσκοπος
3142 4847 3155 4851 μ
3189 4814 3806 4882 Κωνσταντινουπόλεως

2322 4914 2339 4946 ‹
2381 4892 2538 4946 εἷπεσ
2593 4896 2861 4965 Νομίμων
2943 4903 3282 4970 είσηγήσεων
3336 4908 3432 4959 καὶ
3502 4908 3806 4975 δογμάτων,

2321 5005 2337 5036 ι
2374 4990 2884 5056 πρυτανευομένων,
2941 4991 3239 5045 ἀκόλουθον
3262 4994 3323 5047 οὐ
3353 4995 3442 5048 διὰ
3499 4997 3807 5065 προσώπων

2322 5094 2338 5125 ι
2378 5076 2528 5136 τινὰς
2557 5078 2735 5138 αἰτίας
2758 5079 2824 5130 τὰ
2850 5080 3073 5132 τοιαῦτα
3105 5082 3544 5150 δογματίζεσθατ.
3569 5086 3808 5155 Τοιγαρ-

2318 5186 2335 5217 ‹
2374 5166 2489 5228 οὖν,
2546 5171 2802 5239 καθάπερ
2860 5171 2886 5221 ό
2929 5172 3231 5238 ἀγιώτατος
3281 5174 3580 5235 ιπίσκοπος
3647 5178 3807 5243 Ἀρα-

2322 5279 2338 5308 ι
2388 5258 2569 5320 6ιανδς
2598 5262 2949 5329 εἰσηγήσατο,
2999 5264 3067 5316 τὰ
3097 5264 3361 5332 μέλλοντα
3407 5266 3805 5335 ἀσφαλίσασθαι

2326 5366 2342 5397 ι
2383 5347 2725 5417 βουλόμενος,
2756 5352 3062 5415 ἀκολούθως
3099 5356 3195 5407 καὶ
3223 5356 3619 5426 φιλανθρώπως
3650 5360 3681 5425 ὴ
3712 5358 3806 5408 τοῦ

2339 5458 2355 5488 ι
2399 5441 2703 5506 ἁγιωτάτου
2746 5444 3045 5497 ἐπισκόπου
3079 5446 3339 5515 Θεοφίλου
3388 5449 3563 5516 ψῆφος
3624 5449 3808 5516 διωρί·

2332 5549 2347 5579 ι
2391 5547 2541 5593 cato,
2578 5537 2652 5602 μὴ
2696 5535 2895 5601 χρῆναι
2931 5536 3066 5603 πρὸς
3121 5537 3183 5588 τὸ
3212 5537 3361 5606 ἑξῆς,
3455 5540 3589 5609 μηδὲ
3654 5542 3805 5605 παρὰ

655 5624 672 5658 ι
710 5608 893 5702 τριών,
986 5608 1058 5674 μή
1131 5609 1210 5659 τοί
1263 5625 1323 5673 γε
1385 5610 1537 5677 παρὰ
1605 5611 1715 5670 δύο,
1770 5613 1857 5663 τὸν
1917 5617 2211 5675 ὑπεύθυνον
2267 5626 2685 5693 δοκιμαζόμενόν
2752 5628 3155 5698 καθαιρεῖσθαι,
3210 5633 3345 5685 ἀλλὰ
3402 5638 3508 5702 γὰρ
3566 5635 3805 5695 πλεὲονος

656 5720 672 5750 ⁶
712 5700 927 5750 συνόδίιυ
988 5702 1150 5769 ἒήφφ
1190 5704 1283 5753 καὶ
1343 5704 1447 5755 τῶν
1482 5706 1573 5773 τῆς
1635 5707 1932 5776 ἐπαρχίας,
1995 5714 2173 5777 καθὼς
2216 5718 2306 5769 καὶ
2344 5720 2389 5769 oi
2444 5721 2790 5772 ἀποστολικοὶ
2849 5724 3073 5786 κανόνες
3107 5724 3447 5785 διωρίσακιτο.
3510 5726 3808 5784 Φλαῦιανὸς
