4002 6314
206 394 319 460 453

1197 400 1279 460 ΙΝ
1320 399 1486 460 CAN.
1529 397 1785 462 CXXXV
1824 399 2030 464 CONC.
2068 400 2450 461 CARTHAG.

3353 388 3500 453 454'

288 527 310 562 ι
357 509 656 572 ἐπίσκοπος
721 508 1048 580 ’Δντιοχείας
1156 504 1346 563 εἶπεν·
1415 509 1594 576 Ἀπερ
1647 509 1934 562 κατέθεντο
1976 511 2026 561 ot
2073 509 2221 578 περὶ.
2269 509 2360 561 τὸν
2403 507 2708 576 ἁγιώτατον
2775 509 3074 566 ἐπίσκοπον
3145 508 3456 578 Νεκτάριον

264 620 286 654 ε
327 601 422 654 καὶ
453 600 546 653 τὸν
570 597 870 666 ἁγιώτατον
900 600 992 653 καὶ
1025 598 1320 653 ὁσιώτατον
1340 598 1642 650 ἐπίσκοπον
1665 597 1945 666 Θεόφιλον,
1975 596 2130 665 δῆλα.
2168 599 2274 650 Καὶ
2307 598 2606 667 στέργομεν
2627 599 2826 664 πάντες
2851 602 2898 653 oi
2931 601 3392 670 ἐκκλησιαστικοί.
3430 616 3451 651 ι
3547 605 3550 608 ’

260 691 458 746 ΒΔΛΣ.
494 690 603 745 Τοῦ
634 691 940 744 ἐπισκόπου
987 690 1240 760 Βόστρων
1278 688 1548 756 Βαγαδίου
1577 688 1765 741 καθαι-

1946 684 2150 742 BALS.
2211 689 2343 741 Cum
2398 688 2663 758 Bagadius
2720 690 3031 744 Bostrornm
3079 692 3368 760 episcopus
3423 705 3453 744 a

196 785 444 854 ρεθέντος
488 784 642 853 παρά
667 783 761 836 δύο
788 783 1113 836 ἐπισκόπων
1168 783 1265 834 καὶ
1319 780 1662 850 μονομερῶς,
1686 779 1772 831 λό-

191 893 291 944 γος
311 876 535 941 ἐγίνετο
590 875 744 944 παρά
769 877 835 945 τῇ
867 877 924 927 ἐν
948 871 1488 926 Κωνστανινουπόλει
1548 871 1770 941 συνόδῳ,

191 967 444 1037 περὶτοῦ
473 967 524 1018 εί
564 967 746 1028 καλῶς
811 967 1036 1036 γέγονεν
1087 966 1121 1033 ἡ
1174 964 1404 1031 τοιαύτη
1429 962 1771 1030 καθαίρεσις,

191 1059 642 1128 ἀντιποιουμένου
703 1055 799 1110 τοῦ
866 1055 1234 1126 ψηφισθέντος
1307 1053 1575 1122 ’Δγαπίου
1628 1053 1771 1122 ὑπὲρ

192 1149 294 1218 τῆς
327 1152 568 1218 κρίσεως
607 1166 624 1182 ο
665 1151 760 1202 καὶ
790 1147 1094 1217 διεγνώσθη
1127 1146 1486 1201 ἀκανόνιστον
1507 1141 1770 1210 εἶναιτὴν

193 1241 543 1306 καθαίρεσιν,
574 1239 650 1300 ὡς
684 1240 761 1310 μὴ
819 1237 1146 1306 ὀφειλόντων
1202 1236 1318 1299 δύο,
1365 1235 1503 1290 ἀλλά
1561 1233 1770 1286 πολλῶν

191 1333 382 1400 τηρεῖν
424 1332 496 1383 τά
531 1331 673 1383 κατὰ
701 1331 807 1382 τῶν
832 1329 1149 1382 ἐπισκόπων
1188 1328 1479 1396 λεγόμενα.
1563 1326 1635 1378 Σὺ
1712 1323 1770 1376 δέ

189 1420 427 1488 γίνωσκε
454 1423 538 1474 ὅτι
575 1423 609 1490 ἡ
653 1420 880 1490 τοιαύτη
914 1419 1206 1487 διάγνωσις
1238 1421 1339 1472 οὑκ
1369 1418 1484 1487 ἔχει
1533 1418 1592 1469 τὸ
1615 1419 1768 1485 ἐνερ-

188 1513 286 1578 γὸν
315 1515 580 1581 σήμερον.
623 1512 757 1564 Ἀπὸ
787 1511 897 1580 γὰρ
924 1509 1019 1563 τοῦ
1053 1509 1119 1579 ιβ’
1142 1510 1368 1571 κανόνος
1398 1509 1500 1578 τῆς
1531 1509 1589 1560 ἐν
1623 1508 1772 1576 Καρ-

188 1603 394 1674 θαγένῃ
435 1603 678 1668 συνόδου,
740 1602 1210 1672 μεταγενεστέρας
1239 1600 1405 1670 οὑσης
1443 1601 1582 1654 κατά
1612 1599 1767 1662 πολὺ,

187 1691 254 1745 τά
291 1696 432 1746 κατά
454 1695 564 1746 τῶν
604 1694 924 1748 ἐπισκόπων
991 1693 1380 1763 ἐγκληματικά
1435 1692 1770 1761 δικαστήρια

185 1782 341 1849 παρά
395 1783 607 1838 δώδεκα
663 1785 983 1836 ἐπισκόπων
1052 1783 1588 1852 γυμνάζονται.Καὶ
1634 1782 1767 1836 ἀνά-

186 1874 359 1942 γνωθι
390 1877 483 1928 τὸν
507 1877 748 1930 τοιοῦτον
775 1877 1001 1930 κανόνα.
1035 1875 1276 1928 Γίνωσκε
1308 1875 1365 1928 δὲ
1429 1875 1512 1927 ὃτι
1581 1877 1615 1945 ἡ
1662 1876 1762 1943 μὲν

1881 779 2089 834 duobus
2119 782 2248 834 solis
2283 782 2552 851 episcopis
2589 785 2862 851 depositus
2892 790 3056 845 esset,
3092 785 3346 852 agitatum
3372 791 3458 835 est

1880 871 1935 926 in
1980 875 2186 942 synodo
2223 873 2854 942 Constantiuopolitana,
2904 891 2971 928 an
3014 891 3076 930 ea
3120 885 3264 930 recte
3312 874 3452 929 facta

1879 969 2026 1015 esset
2055 963 2338 1030 depositio,
2372 965 2548 1016 electo
2585 966 2792 1034 Agapio
2826 965 3086 1035 judicium
3139 975 3323 1020 tuente
3357 982 3370 1017 :
3402 973 3459 1018 et

1880 1054 2286 1119 pronuntiatura
2315 1064 2399 1106 est
2446 1053 2833 1121 depositionem
2881 1071 2986 1110 non
3024 1056 3195 1111 fuisse
3221 1057 3455 1111 canoni-
3545 1049 3549 1053 ’

1879 1153 2018 1204 cam,
2046 1143 2234 1210 'utpote
2270 1158 2391 1195 cum
2441 1159 2548 1198 non
2593 1145 2717 1208 duo,
2756 1147 2847 1200 sed
2884 1149 3036 1200 multi
3072 1151 3334 1201 deberent
3364 1163 3448 1210 en,

1879 1246 1999 1300 quae
2049 1236 2306 1288 adversus
2353 1238 2637 1307 episcopos
2687 1241 2958 1305 dicuntur,
3005 1241 3320 1310 diju‘dicare.
3370 1241 3449 1296 Tu
3491 1268 3495 1273 -

1879 1332 2058 1376 autem
2103 1327 2246 1378 scias
2290 1325 2431 1381 hanc
2465 1331 2897 1384 constitutionem
2943 1335 3050 1386 vim
3089 1349 3241 1387 suam
3292 1335 3452 1390 hodie

1879 1427 1986 1466 non
2026 1415 2293 1470 obtinere.
2338 1418 2385 1469 Α
2419 1419 2732 1475 duodecimo
2785 1423 2927 1476 enim
2970 1440 3177 1479 canone
3220 1425 3452 1480 Cartha-

1881 1505 2142 1572 giniensis
2156 1510 2368 1577 synodi,
2392 1527 2510 1576 qua:
2527 1522 2610 1566 est
2636 1514 2803 1567 multo
2831 1517 3121 1584 posterior.
3147 1517 3450 1572 criminalia

1877 1594 2251 1663 episcoporum
2286 1599 2484 1667 judicia
2515 1615 2544 1654 a
2580 1603 2857 1656 duodecim
2890 1605 3154 1672 episc0pis
3189 1620 3452 1660 exercen-

1881 1692 1989 1739 tur.
2017 1683 2083 1738 Et
2113 1686 2230 1755 iege
2275 1701 2397 1741 eum
2443 1703 2728 1744 canonem.
2778 1690 2933 1746 Scias
2965 1707 3114 1756 vero,
3158 1696 3301 1762 quod
3338 1696 3452 1750 hate

1879 1780 2095 1849 quidem
2134 1785 2380 1853 synodus
2410 1786 2510 1840 sub
2538 1786 2772 1842 Arcadio
2803 1789 3125 1858 imperatore
3156 1791 3298 1845 facta
3329 1803 3411 1846 est
3439 1809 3452 1846 :

1871 1871 2342 1944 Carthaginiensis
2387 1892 2535 1940 vero,
2582 1889 2838 1948 regnante
2887 1880 3454 1950 Theodosiojuuiore.

186 1963 409 2029 σύνοδος
441 1965 580 2037 αὕτη
642 1966 735 2020 ἐπὶ
779 1965 1068 2037 Ἀρκαδίου
1117 1963 1213 2018 τοῦ
1278 1965 1546 2036 βασιλέως
1613 1965 1859 2034 γέγονεν,
1949 1965 1983 2035 ἠ
2013 1964 2072 2018 δὲ
2122 1966 2183 2018 ἐν
2206 1968 2537 2038 Καρχηδόνι,
2595 1969 2977 2038 βασιλεύοντος
3022 1972 3306 2026 Θεοδοσίου
3361 1975 3455 2028 τοῦ

193 2062 417 2132 μικροῦ.

255 2157 504 2212 ΖΩΝΑΡ.
548 2158 611 2210 Ἦ
635 2156 734 2227 μέν
771 2155 1032 2220 ὑπόθεσις
1058 2155 1318 2228 ἐζητεῖτο
1345 2157 1475 2225 περὶ
1529 2155 1627 2224 τῆς
1665 2152 1765 2206 τῶν

1949 2147 2204 2205 ZONAR.
2253 2150 2329 2205 De
2379 2151 2655 2208 Bostrensi
2706 2154 3032 2226 Episcopatu
3086 2161 3453 2214 controversia

187 2253 448 2322 Βόστρων
521 2251 852 2316 ἐπισκοπῆς,
907 2249 1004 2302 δύο
1070 2251 1273 2322 ταύτης
1373 2248 1772 2318 ἀντεχομένων,

200 2343 470 2412 ’Δγαπίου
501 2348 596 2395 καὶ
625 2341 921 2408 Βαγαδίου.
954 2337 1066 2394 Ἦν
1125 2341 1226 2406 μὲν
1254 2342 1363 2411 γάρ
1406 2341 1598 2409 πρώην
1653 2339 1774 2390 trti-

187 2451 396 2496 σκοπος
455 2436 514 2486 ἐν
553 2433 691 2502 αὑτῇ
721 2434 751 2485 ό
799 2431 1085 2500 Βαγάδιος,
1149 2433 1236 2486 διὰ
1280 2433 1336 2485 δέ
1394 2449 1543 2493 τινας
1593 2431 1772 2492 αἰτίας

188 2523 323 2593 παρ’
390 2522 708 2576 ἐπισκόπων
774 2521 868 2574 δύο
949 2521 1372 2592 καθαιρεθέντος
1433 2519 1620 2584 αὑτοῦ,
1677 2521 1772 2572 καὶ

185 2615 364 2669 ταῦτα
395 2616 657 2676 ἀπόντος,
692 2613 721 2666 ὁ
759 2613 1022 2682 ’Δγάπιος
1050 2613 1474 2682 κεχειροτόνητο
1541 2613 1621 2673 είς
1668 2610 1772 2678 τὴν

189 2707 456 2776 ῥηθεῖσαν
486 2707 833 2774 ἐπισκοπήνο
889 2706 1081 2774 ᾐτιᾶτο
1127 2705 1183 2756 δὲ
1236 2704 1332 2773 τὴν
1391 2702 1767 2772 καθαίρεσινό

187 2793 483 2862 Βαγάδιος.
520 2793 889 2861 Ιιροτεθείσης
922 2788 1015 2844 οὖν
1068 2794 1153 2854 είς
1204 2791 1265 2844 τὸ
1307 2793 1474 2860 μέσον
1501 2791 1601 2860 τῆς
1639 2807 1768 2842 συν-ο

187 2885 310 2937 ὁδου
341 2884 439 2951 τῆς
492 2882 828 2945 ὑποθέσεως,
889 2881 1210 2951 ’Δραὸιανδς
1275 2881 1551 2950 Ἀγκύρας
1612 2874 1768 2932 εἶπεν

188 2976 276 3027 ὅτι
301 2976 375 3026 03
412 2973 502 3025 διά
541 2974 640 3042 τὴν
696 2969 984 3040 παροῦσαν
1035 2971 1294 3024 ὑπόθεσιν
1351 2970 1561 3041 ἐρωτῶ,
1632 2970 1769 3023 ἀλλά

188 3059 446 3121 δεδοικὼς
478 3061 608 3129 περὶ
637 3051 743 3111 τῶν
771 3057 924 3128 ἐξῆς,
958 3058 1045 3110 ἵνα
1081 3058 1158 3129 μὴ
1222 3059 1280 3111 ἐν
1330 3061 1483 3131 πάσῃ
1540 3058 1768 3130 τοιαύτῃ

186 3151 455 3204 ὑποθέσει·
485 3151 752 3221 κρατήσῃ,
784 3151 862 3214 ὡς
925 3148 1105 3204 κανὼν
1165 3150 1226 3204 τὸ
1300 3150 1618 3219 γενόμενον,
1671 3152 1766 3203 καὶ

183 3243 326 3307 ἀξιῶ
359 3247 458 3312 τὴν
520 3242 748 3295 σύνοδον
821 3243 1018 3308 εἰπεῖν,
1075 3244 1124 3294 εί
1178 3242 1357 3309 ἔξεστι
1443 3241 1768 3312 καθαίρεσιν

185 3335 451 3401 γενέσθαι
506 3334 657 3403 παρὰ
721 3333 816 3387 δύο
868 3334 1209 3397 ἐπισκόπων,
1267 3337 1362 3386 καὶ
1439 3333 1538 3404 τὴν
1583 3333 1766 3402 ψῆφον

187 3427 460 3497 τοιαύτην
542 3426 661 3480 κατ’
694 3427 926 3489 ἀπόντος
977 3425 1221 3497 δοθῆναι.
1296 3423 1577 3494 Φοϐοῦμαι
1631 3426 1761 3492 γὰρ,

186 3522 347 3589 φησὶ.
404 3490 480 3588 id]
531 3535 676 3580 τινες
707 3507 883 3573 τάλέν
922 3521 990 3589 τῇ
1049 3490 1308 3572 ὑποθέσει
1372 3490 1546 3588 ταύτῃ
1606 3490 1756 3587 εὑρί-
1790 3490 1834 3550 C

187 3625 411 3672 σκοντες
437 3609 808 3679 ὑπομνήματα
868 3609 1093 3662 τοιαῦτα
1144 3609 1410 3679 τολμῶσι.
1472 3611 1613 3678 Πρὸς
1667 3605 1762 3662 οὖν

188 3701 290 3771 τὴν
352 3702 619 3770 ἐρώτησιν
673 3700 878 3771 ταύτην
930 3701 958 3753 ό
1023 3701 1433 3768 Ἀλεξανδρείας
1500 3699 1760 3768 Θεόφιλος

187 3793 528 3863 ἀπεκρίνατο
558 3792 662 3856 ὅτι,
721 3793 877 3845 Ἐπεὶ
908 3793 959 3845 oi
1022 3792 1116 3846 τὸν
1173 3791 1440 3860 Βαγάδιον
1497 3791 1763 3862 καθαιρή-

186 3899 384 3945 σαντες
427 3882 522 3936 δύο
553 3883 970 3952 ἐπίσκοποιῆδη
1010 3881 1327 3951 τεθνήκασι,
1369 3883 1494 3934 κατ’
1535 3883 1762 3936 ἐκείνων

183 3971 545 4041 ψηφίζεσθαι,
584 3973 658 4034 ὡς
692 3974 766 4042 μὴ
794 3972 974 4034 καλῶς
1051 3973 1421 4042 ποιησάντων,
1477 3975 1538 4026 οὑ
1610 3978 1716 4044 χρή
1745 3995 1759 4007 ο

186 4063 277 4115 ῖνα
309 4065 385 4130 μὴ
409 4063 505 4114 καὶ
535 4062 694 4129 ἡμεῖς
721 4062 1082 4130 αἰτιαθῶμεν,
1113 4062 1189 4124 ὡς
1226 4061 1301 4132 μὴ
1347 4064 1621 4131 παρόντας
1659 4064 1761 4116 αὑ-

180 4137 763 4223 τόὺςκατακρίναντες
793 4170 807 4184 ·
872 4155 1021 4216 ὅπως
1072 4153 1128 4206 δὲ
1178 4155 1239 4206 τὸ
1272 4153 1467 4223 μέλλον
1525 4155 1761 4223 ἀσφαλι-

185 4245 427 4312 σώμεθα,
453 4243 596 4297 ὥστε
629 4247 826 4315 μηκέτι
864 4245 1095 4298 τοιαῦτα
1145 4247 1416 4312 γίνεσθαι,
1459 4246 1606 4299 δοκεῖ
1643 4265 1758 4316 μοι,

183 4322 566 4405 ἓρησὶν,ὅτιοὺ
597 4337 756 4407 μόνον
811 4341 960 4406 τρεῖς
1009 4337 1281 4406 ἐνδέχεται
1331 4341 1586 4408 παρεῖναι
1640 4340 1761 4391 ἐπι-

185 4431 421 4490 σκόπους
453 4428 548 4479 ἐπὶ
590 4427 911 4498 καθαιρέσει
935 4429 1262 4496 ἐπισκόπου,
1299 4429 1457 4495 ἀλλὰ,
1501 4431 1550 4482 εί
1603 4431 1764 4485 δυνα-

183 4523 299 4587 τὸν,
348 4523 445 4574 καὶ
497 4520 626 4582 τοὺς
699 4520 910 4584 πάντας
975 4521 1342 4590 ἐπαρχιώτας,
1424 4521 1592 4590 ἧγουν
1636 4523 1762 4584 τοὺς

184 4613 288 4682 τῆς
353 4612 624 4682 ἐπαρχίας
657 4612 872 4681 ἐκείνης
916 4613 1276 4677 ἐπισκόπους,
1315 4608 1427 4686 ἐνῇ
1467 4614 1562 4665 καὶ
1586 4614 1762 4682 ἡέπι-

187 4705 369 4774 σκοπὴ
401 4704 495 4756 τοῦ
553 4703 990 4774 καθαιρουμένου
1053 4705 1346 4771 διάκειται,
1411 4706 1497 4758 ἵνα
1551 4704 1761 4759 πολλῶν

1878 2242 2209 2311 agitabatur,
2253 2259 2373 2298 cum
2409 2247 2515 2298 duo
2549 2247 2701 2299 illum
2753 2249 2879 2311 sibi,
2926 2250 3184 2304 nimirum
3218 2252 3456 2321 Agapius

1876 2342 1928 2385 et
1965 2330 2251 2400 Bagadius,
2297 2335 2652 2389 vindicarent.
2683 2337 2810 2392 Erat
2842 2341 2984 2393 enim
3014 2341 3170 2409 paulo
3204 2355 3329 2396 ante
3353 2341 3456 2394 Ba-

1875 2421 2064 2488 gadius
2098 2421 2242 2475 illius
2276 2424 2425 2475 urbis
2455 2425 2758 2493 cpiscopus,
2791 2427 2881 2480 sed
2916 2444 3034 2481 cum
3067 2433 3352 2488 nonnullas
3379 2433 3450 2486 ob

1875 2528 2069 2567 causas
2105 2530 2132 2566 a
2182 2515 2395 2569 duobus
2441 2517 2708 2584 episcopis
2759 2529 2906 2572 esset
2944 2520 3246 2589 depositus,
3295 2526 3454 2592 idque

1873 2604 1964 2657 illo
2000 2605 2243 2666 absente,
2292 2603 2529 2672 Agapius
2583 2610 2870 2662 memorati
2920 2613 3263 2681 episcOpatus
3301 2617 3455 2668 ordi-

1873 2707 2035 2750 natus
2059 2703 2138 2748 est
2166 2698 2474 2763 episc0pus.
2510 2695 2680 2751 Porro
2714 2701 3104 2768 depositionem
3132 2720 3286 2757 suam
3326 2708 3456 2760 vitio

1872 2787 2072 2839 factam
2124 2801 2246 2838 esse
2294 2785 2568 2854 Bagzidius
2609 2793 2986 2846 contendebat.
3033 2792 3165 2848 Cum
3204 2796 3368 2866 igitur
3403 2801 3452 2854 in

1872 2879 2052 2931 medio
2099 2876 2335 2930 concilio
2372 2879 2647 2945 proposita
2695 2890 2840 2934 esset
2872 2887 3271 2952 controversia,
3311 2890 3452 2943 Ara.

1871 2968 2063 3021 biauus
2095 2969 2326 3036 Ancyra:
2358 2969 2495 3022 dixit
2535 2986 2548 3027 :
2581 2969 2697 3024 Non
2728 2982 2836 3025 tam
2867 2973 2936 3028 ob
2968 2990 3290 3044 praesentem
3319 2995 3452 3033 cau-

1869 3073 1984 3113 sam
2017 3059 2322 3128 interrogo,
2355 3076 2514 3127 quam
2547 3063 2686 3132 quod
2720 3065 2770 3118 in
2809 3076 3084 3133 posterum
3119 3081 3352 3125 metuam
3385 3087 3451 3128 ne

1869 3146 2010 3202 forte
2059 3149 2110 3202 in
2146 3149 2313 3203 simili
2363 3166 2527 3206 causa
2560 3155 2774 3222 quavis,
2813 3155 2863 3209 id
2919 3160 3063 3225 quod
3112 3173 3321 3229 gestmu
3366 3173 3451 3218 est.

1871 3243 2129 3306 tanquam
2198 3243 2384 3312 regula
2436 3243 2538 3294 vim
2595 3242 2872 3310 obtineat;
2927 3259 3089 3316 atque
3140 3265 3167 3302 a
3221 3252 3451 3307 concilio

1868 3337 2028 3397 peto,
2065 3339 2122 3383 ut
2153 3331 2410 3395 declaret,
2449 3350 2575 3386 num
2611 3351 2638 3387 a
2675 3335 2885 3391 duobus
2920 3339 3190 3407 episcopis
3221 3341 3448 3410 deposi-

1870 3424 2066 3475 tionem
2093 3423 2208 3477 ﬂeri
2239 3425 2416 3488 liceat,
2454 3436 2506 3479 ct
2532 3428 2795 3495 ejusmodi
2826 3432 3151 3486 sententiam
3185 3434 3447 3488 adversus

1865 3514 2142 3566 absentem
2209 3515 2568 3581 pronuntiari.
2626 3513 2827 3569 Vereor
2888 3518 3052 3581 enim,
3110 3521 3315 3590 inquit,
3377 3538 3446 3576 ne

1865 3602 2005 3657 forte
2053 3604 2244 3672 aliqui,
2281 3619 2402 3658 cum
2440 3607 2491 3658 in
2546 3607 2703 3674 hujus
2739 3623 2918 3662 causa;
2969 3619 3086 3662 arcta
3121 3611 3439 3676 inciderint,

1865 3695 1971 3746 alia
2000 3694 2256 3748 audeant.
2285 3697 2364 3748 Ad
2393 3697 2527 3750 hanc
2555 3697 2718 3766 igitur
2741 3697 3217 3769 interrogationem
3249 3702 3427 3756 Theo—

1865 3785 2042 3855 philus
2123 3786 2521 3840 Alexandrinus
2611 3789 2940 3855 respondit:
2987 3788 3435 3859 Quandoquidem

1864 3876 2100 3946 episcopi
2149 3877 2277 3942 duo,
2313 3891 2344 3928 a
2375 3878 2570 3946 quibus
2625 3876 2900 3944 depositus
2958 3888 3042 3934 est
3086 3879 3376 3950 Bngadius,
3405 3897 3434 3934 e

1864 3965 2002 4019 vivis
2028 3977 2400 4028 excesserunt,
2437 3967 2487 4018 in
2513 3967 2750 4038 eojslerri
2783 3971 3130 4031 sententiam,
3157 3973 3296 4038 quod
3330 3987 3434 4026 nou

1864 4068 2010 4111 recte
2045 4059 2273 4124 egerint,
2307 4059 2531 4110 mini-me
2577 4059 2868 4125 convenit;
2911 4075 2978 4113 ne
3012 4063 3145 4116 forte
3179 4079 3274 4116 uos
3305 4081 3440 4132 quo-

1862 4161 1966 4218 que
1996 4149 2473 4218 reprehendamus,
2506 4150 2646 4218 quod
2675 4150 2926 4205 absentes
2955 4155 3075 4208 illos
3099 4154 3437 4210 damnaveri-

1863 4255 1984 4295 mus
2028 4257 2042 4294 :
2077 4251 2138 4294 ut
2171 4251 2351 4294 autem
2392 4241 2446 4294 in
2485 4239 2723 4295 futurum
2775 4244 3186 4311 provideamus,
3221 4262 3288 4301 ne
3318 4263 3434 4301 amo

1863 4333 2004 4401 plius
2029 4333 2156 4386 talia
2187 4334 2429 4400 quaedam
2462 4333 2614 4397 liant,
2645 4335 2772 4387 milii
2806 4335 3040 4401 videtur,
3077 4338 3288 4406 inquit,
3325 4355 3432 4394 non

1864 4435 1976 4480 tres
2007 4424 2290 4494 episcOpos
2339 4431 2548 4478 tantum
2581 4427 2774 4480 adesse
2822 4425 3018 4480 debere
3064 4430 3130 4481 ad
3169 4445 3331 4483 unum
3372 4434 3438 4485 de

1862 4517 2031 4587 gradu
2065 4516 2434 4585 dejiciendum
2467 4518 2783 4588 episcOpum
2813 4536 2836 4591 ;_
2857 4521 2951 4574 sed
2980 4559 2993 4584 ,
3025 4524 3068 4574 si
3102 4521 3213 4576 fieri
3244 4526 3441 4591 possit,

1862 4606 2024 4660 etiam
2054 4620 2245 4660 omnes
2271 4606 2633 4674 provinciales
2667 4608 2781 4662 sive
2821 4589 3114 4674 provinciae
3143 4589 3285 4666 illius
3314 4615 3436 4681 epi-

1863 4711 2076 4768 scopos,
2109 4699 2162 4751 in
2201 4713 2304 4768 qua
2339 4698 2483 4751 illius
2527 4698 2878 4768 episcOpatus
2923 4711 3004 4754 est
3035 4702 3194 4768 situs,
3228 4705 3321 4772 qui
3371 4708 3442 4760 de

185 4797 356 4850 ὄντων
388 4794 498 4847 τῶν
528 4793 843 4861 κρινόντων,
897 4796 994 4847 καὶ
1032 4795 1515 4865 ἀποφαινομένων,
1557 4796 1756 4865 παρόν-

1868 4791 2030 4858 gradu
2063 4788 2357 4858 dejicitur;
2394 4799 2449 4841 ut
2493 4805 2616 4843 cum
2649 4791 2804 4843 multi
2854 4793 3432 4861 exstiterintjudices,

186 4901 278 4948 τος
317 4885 411 4936 καὶ
475 4881 640 4935 αὑτοῦ
700 4882 794 4934 τοῠ
873 4883 1222 4952 αίτιωμένου,
1292 4885 1663 4954 ἀκριϐεστέρα
1722 4888 1754 4955 ἡ

188 4975 596 5046 κατακρίνουσα
623 4973 800 5044 ψῆφος
853 4972 943 5027 τδν
1005 4973 1437 5046 καθαιρούμενον
1513 4977 1755 5046 γίνηται.

189 5069 269 5138 Τῇ
308 5066 438 5135 γοῦν
455 5064 647 5136 γνώμῃ
675 5067 845 5136 ταύτῃ
878 5066 970 5118 καὶ
993 5067 1020 5118 ό
1045 5066 1370 5135 Νεκτάριος,
1428 5067 1523 5120 xxi
1565 5070 1594 5121 ό
1617 5071 1758 5121 Φλα-

190 5159 397 5222 σιανδς,
425 5159 520 5210 καὶ
551 5157 599 5209 οἱ
631 5157 809 5210 λοιποὶ
834 5159 930 5228 τῆς
974 5159 1195 5213 συνόδου
1263 5158 1599 5230 ὴρέσθησαν.
1646 5161 1757 5214 Καὶ

192 5249 365 5303 ταῦτα
400 5249 498 5317 μέν
523 5250 573 5302 οί
603 5249 845 5320 Πατέρες
864 5243 1035 5306 οὗτοι.
1078 5248 1136 5302 Ὀ
1159 5249 1216 5303 δὲ
1246 5249 1545 5314 δωδέκατος
1574 5252 1754 5304 κανὼν

190 5334 292 5404 τῆς
333 5336 393 5387 ἐν
425 5333 751 5405 Καρθαγένῃ
789 5334 1031 5396 συνόδου,
1099 5339 1558 5405 μεταγενεστέρας
1588 5338 1754 5407 οὑσης

189 5427 343 5497 παρά
372 5427 578 5495 ταύτην
626 5429 726 5495 τὴν
754 5425 850 5479 ἐπὶ
907 5427 1214 5498 Νεκταρίου
1277 5429 1754 5498 συναθροισθεῖσαν

189 5518 351 5587 (αὕτη
390 5516 490 5587 μὲν
527 5517 634 5586 γὰρ
694 5517 787 5570 ἐπὶ
852 5518 1135 5589 Ἀρκαδίαν
1199 5521 1458 5589 συνέστη,
1537 5521 1569 5591 ἡ
1620 5520 1666 5573 δ’
1698 5523 1756 5573 ἐν

190 5608 522 5681 Καρθαγένῃ
581 5609 866 5662 Θεοδοσίου
910 5610 1002 5664 τοῦ
1073 5614 1273 5683 μικροῦ
1350 5611 1754 5682 βασιλεύοντος)

189 5701 521 5766 ἐπισκόπου,
584 5702 747 5773 φησιν
802 5705 861 5755 ἐν
923 5703 1228 5774 ἐγκλήματι
1272 5704 1753 5774 κατηγορουμένου

191 5791 397 5846 δώδεκα
453 5793 785 5854 ἐπισκόπους
853 5791 1119 5860 δικάζειν,
1162 5796 1211 5847 εί
1262 5795 1334 5865 ui}
1405 5794 1492 5847 διὰ
1554 5794 1751 5846 πολλὴν

1862 4895 1927 4936 ac
1959 4880 2286 4934 sententiam
2328 4880 2551 4933 tulerint
2605 4879 2874 4948 praesente
2911 4882 3034 4946 illo,
3070 4886 3162 4954 qui
3209 4901 3440 4941 accusa—

1863 4980 1970 5036 tur,
2019 4971 2260 5027 exactior
2287 4971 2454 5042 380
2486 4987 2546 5026 ac
2596 4971 2803 5025 lirmior
2835 4977 3103 5030 sententia
3153 4980 3436 5038 reddatur.

1859 5078 1966 5134 qua
1995 5063 2284 5119 damnatur
2311 5066 2359 5118 is
2387 5065 2478 5134 qui
2509 5066 2816 5133 deponitur.
2849 5066 2995 5123 Ilaiic
3025 5070 3187 5138 igitur
3220 5085 3437 5127 senten-

1859 5158 1986 5210 tiam
2021 5165 2076 5210 et
2120 5152 2409 5211 Nectarius
2457 5163 2510 5210 et
2543 5155 2834 5212 Flavianus
2879 5169 2931 5214 et
2983 5163 3159 5216 caeteri
3193 5180 3255 5216 ex
3292 5181 3425 5218 cou-

1855 5248 1986 5325 cilio
2014 5248 2406 5316 approbarunt.
2445 5251 2622 5320 Atque
2661 5248 2778 5305 haec
2826 5251 3042 5319 quidem
3089 5253 3177 5307 isti
3217 5253 3428 5310 Patres.

1855 5339 2214 5394 Duodecimus
2251 5349 2432 5394 autem
2467 5355 2641 5396 canon
2675 5342 2889 5396 concilii
2937 5343 3434 5414 Carthaginiensis,

1859 5433 2001 5501 quod
2039 5444 2280 5501 tempore
2327 5433 2600 5502 posterius
2642 5444 2726 5488 est
2773 5434 2876 5490 isto
2922 5433 3176 5491 Nectario
3213 5438 3439 5492 sedente

1861 5531 2190 5590 congregato
2234 5522 2468 5592 (quippe
2521 5539 2640 5578 cum
2692 5525 2796 5580 hoc
2844 5526 3148 5595 imperante
3193 5527 3437 5583 Arcadio

1858 5625 2104 5668 coactum
2125 5617 2194 5669 sit
2218 5631 2235 5681 ;
2260 5614 2709 5685 Carthaginiense
2743 5633 2873 5673 vero
2903 5617 3203 5674 Theodosio
3236 5623 3432 5674 minori

1862 5703 2196 5777 imperante)
2224 5706 2269 5760 si
2305 5707 2427 5777 quis
2461 5707 2770 5778 episcOpus,
2818 5711 3017 5780 inquit,
3051 5712 3282 5783 alicujus
3315 5714 3430 5767 cri-

1861 5796 2021 5854 minis
2052 5798 2224 5854 lactus
2259 5799 2330 5854 sit
2363 5813 2514 5866 rcus,
2545 5815 2575 5855 a
2607 5802 2886 5858 duodecim
2923 5804 3196 5875 episcopis
3220 5805 3436 5874 judice-
