4002 6314
567 385 670 448 459

1869 370 2150 435 THEOD.
2192 369 2589 435 BALSAMON

3716 363 3823 425 460

575 507 693 556 erat
722 510 900 553 autem
936 500 1145 583 species
1188 502 1305 568 ejus
1351 508 1405 551 ut
1443 496 1641 567 qugur,
1679 508 1729 550 et
1762 498 2138 560 indumentum

2259 498 2421 551 Βάτων
2471 498 2536 566 τῇ
2588 487 2975 560 ἐπιφωσκούσῃ
3026 488 3105 549 είς
3159 486 3287 556 μίαν
3336 482 3649 546 Σαϐϐάτων,
3688 476 3820 583 ἦλθε

577 594 695 662 eius
740 592 921 645 album
962 602 1017 645 ut
1050 592 1160 643 uix.
1202 593 1247 642 Α
1280 591 1474 643 timore
1518 598 1699 643 autem
1740 588 1861 657 ejus
1894 589 2145 641 concussi

579 695 705 739 sunt
735 684 830 755 qui
852 684 1163 747 servabant,
1186 690 1241 735 et
1264 680 1390 736 facti
1414 690 1541 736 sunt
1570 689 1629 736 ut
1654 680 1876 734 mortui.
1904 678 2144 747 Respon-

580 776 715 831 deus
744 786 924 830 autem
969 774 1215 843 angelus,
1256 773 1395 827 dixit
1445 772 1765 826 mulieribus
1802 768 1911 824 :Ne
1964 768 2147 824 timete

584 880 698 928 vos,
730 866 846 919 scio
881 865 1026 924 enim
1078 864 1226 932 quod
1276 861 1461 917 lesum
1510 861 1829 917 cruciﬁxum
1860 860 2143 929 quzeritis:

585 970 690 1008 non
723 964 805 1008 est
841 956 929 1009 hic
955 973 968 1008 :
995 955 1297 1008 resurrexit
1325 954 1493 1020 enim,
1522 953 1664 1006 sicut
1692 951 1829 1005 dixit
1872 952 1911 1005 ¹.
1955 949 2021 1003 Id
2046 966 2146 1003 au-

585 1057 686 1099 tem
715 1046 852 1112 quod
878 1045 1077 1097 dictum
1111 1051 1210 1108 est,
1237 1056 1482 1109 vespere,
1513 1041 1611 1093 alii
1636 1040 1847 1110 quidem
1872 1041 2140 1093 existima-

585 1137 709 1189 bunt
740 1136 1023 1189 secundum
1054 1135 1195 1188 verbi
1243 1134 1669 1187 communitatem
1717 1134 2018 1201 signiﬁcare
2059 1148 2143 1185 ve—

588 1244 790 1295 sperum
825 1226 1081 1289 Sabbati;
1110 1224 1454 1294 sapient-iores
1485 1234 1661 1276 autem
1702 1223 1756 1276 id
1790 1222 2147 1286 exaudientes,

588 1335 689 1372 non
715 1319 835 1383 hoc,
868 1318 957 1370 sed
990 1315 1307 1384 profundam
1359 1323 1557 1368 noctem
1601 1331 1712 1368 esse
1750 1315 1947 1374 dicent,
1982 1313 2152 1365 tardi-

589 1419 750 1463 tatem
771 1418 817 1462 et
842 1407 1054 1477 longum
1084 1416 1285 1474 tempus
1313 1422 1517 1474 vespere
1543 1405 1892 1474 significante.
1928 1402 1994 1456 Et
2014 1401 2151 1473 quod

590 1507 791 1551 noctem
848 1496 977 1548 dicit
1010 1505 1059 1548 et
1094 1510 1195 1546 non
1234 1510 1518 1561 vesperam,
1565 1493 1872 1560 subjunxit:
1895 1490 2034 1544 Cum
2067 1492 2152 1543 lu-

2246 588 2437 657 Mapla
2464 587 2496 655 ἡ
2520 580 2851 653 Μαγδαληνὴ
2882 581 2974 632 καὶ
2996 581 3029 649 ἡ
3064 578 3196 648 ἄλλη
3220 576 3409 646 Μαρία
3432 574 3705 644 θεωρῆσαι
3729 571 3824 625 τὸν

2246 679 2433 746 τάφον.
2462 677 2572 729 Καὶ
2607 674 2715 728 ίδοὺ
2742 671 2963 741 σεισμὸς
2985 670 3200 738 ἐγένετο
3233 667 3407 738 μέγας
3425 682 3438 695 ·
3470 664 3699 733 ἄγγελος
3714 662 3826 734 γὰρ

2246 770 2452 841 Κυρίου
2493 766 2735 829 καταϐὰς
2782 764 2842 853 ἐξ
2881 760 3111 853 οὐρανῷ
3149 757 3480 853 «portabit?

2246 860 2338 911 τὸν
2375 857 2541 921 λίθον,
2588 856 2681 909 καὶ
2722 852 2955 923 ἐκάθητο
2988 850 3173 902 ἐπάνω
3209 846 3400 901 αὑτοῦ·
3432 841 3500 917 ἦν
3528 844 3586 897 δὲ
3626 846 3662 915 ἡ
3710 841 3824 897 ίδέἐ

2248 950 2413 1004 αὐτοῦ
2442 948 2516 1011 ὡς
2547 945 2820 1019 ἀστραπὴ,
2846 944 2940 997 καὶ
2971 943 3030 994 τὸ
3058 941 3259 1011 ἔνδυμα
3286 937 3448 992 αὐτοῦ
3477 936 3669 989 λευκὸν
3691 934 3828 990 ὡσεὶ

2250 1041 2395 1113 χιών.
2446 1040 2578 1092 ’Δπὺ
2623 1039 2680 1091 δὲ
2711 1036 2804 1089 τοῦ
2854 1037 3018 1105 φόϐου
3052 1034 3239 1099 αὐτοῦ,
3290 1031 3613 1101 ἐσείσθησαν
3652 1035 3701 1082 ot
3731 1045 3832 1101 τη-

2253 1133 2492 1205 ροῦντες,
2529 1131 2621 1183 καί
2649 1128 2901 1196 ἐγένοντο
2932 1126 3067 1179 ὡσεὶ
3094 1123 3295 1195 νεκροί.
3344 1119 3687 1192 ’Δποκριθεὶς
3714 1119 3775 1171 δὲ
3800 1118 3831 1171 5

2251 1225 2475 1293 ἄγγελος
2510 1222 2629 1276 εἷπε
2659 1224 2779 1283 ταῖς
2810 1219 3055 1288 γυναιξί·
3087 1217 3179 1289 Μὴ
3213 1214 3459 1286 φοὸεϊσθε
3505 1214 3685 1283 ὑμεῖς,
3711 1206 3833 1265 οῖδα

2252 1316 2361 1385 γὰρ
2386 1315 2466 1367 ὅτι
2506 1311 2713 1383 Ἰησοῦν
2742 1310 2831 1363 τὸν
2855 1307 3269 1381 ἐσταυρωμένον
3295 1304 3528 1375 ζητεῖτε,
3556 1302 3657 1354 οὐκ
3681 1301 3832 1354 ἐστιν

2251 1399 2379 1460 ὧδε·
2410 1404 2616 1476 ἡγιρθη
2642 1404 2750 1475 γὰρ
2783 1400 2965 1464 καθὼς
3008 1394 3147 1453 εἷπε.
3205 1397 3383 1452 Τοῦτο
3420 1395 3490 1448 δὲ
3520 1394 3584 1448 τὸ
3606 1392 3825 1463 λεχθὲν

2253 1496 2371 1565 ὀψὲ,
2407 1499 2459 1549 οὶ
2482 1493 2599 1564 μέν
2632 1510 2789 1559 τινες
2817 1492 3125 1559 οίήσονται
3166 1487 3318 1541 κατὰ
3360 1486 3476 1554 τὴν
3510 1485 3834 1549 κοινότητα

591 1596 828 1645 ceseeret
863 1586 917 1639 in
944 1586 1172 1653 primam
1205 1583 1562 1638 hebdomadis
1589 1582 1769 1646 diem;
1803 1591 1852 1634 et
1888 1590 2151 1644 uenerunt,

2259 1588 2359 1642 τοῦ
2378 1587 2644 1657 ῥήματος
2672 1586 2786 1656 τὴν
2810 1584 3074 1653 ἑσπέραν
3090 1581 3323 1649 δηλοῦν
3348 1579 3455 1632 τοῦ
3487 1575 3795 1631 Σαόὄάτον
3813 1592 3829 1604 ·

591 1677 843 1742 nondum,
884 1686 939 1729 ut
970 1676 1154 1744 reliqui
1182 1674 1384 1739 dicunt,
1420 1682 1659 1725 aromata
1698 1672 1938 1741 ferentes,
1962 1672 2050 1726 sed
2086 1671 2154 1723 ad

2259 1684 2309 1735 ol
2336 1680 2402 1733 δὲ
2429 1678 2769 1749 σοφώτερον
2819 1676 3236 1741 ἐξακούοντες,
3288 1673 3357 1726 οὐ
3411 1669 3617 1724 τοῦτο·
3667 1666 3836 1723 ἀλλὰ

593 1767 929 1837 spectandum
971 1765 1302 1833 sepulcrum,
1356 1774 1404 1818 et
1453 1766 1753 1816 invenerunt
1798 1763 1998 1830 factum
2046 1777 2155 1815 esse

2259 1774 2443 1826 νύκτα
2497 1771 2751 1836 βαθεῖαν
2799 1768 3043 1838 ἐροῦσιν
3091 1767 3271 1820 εἶναι’
3336 1762 3684 1831 βραδύτητα
3730 1756 3835 1812 καὶ

594 1870 748 1912 σανα
780 1865 1002 1920 motum,
1036 1865 1085 1909 et
1113 1857 1353 1925 angelum
1403 1871 1559 1921 super
1604 1854 1830 1920 lapidem
1871 1855 2153 1917 sedentem,

2259 1864 2481 1934 μακρὸν
2517 1865 2737 1932 χρόνον
2767 1860 2872 1916 τοῦ
2919 1860 3021 1929 ὀψὲ
3063 1857 3417 1925 δηλοῦντος.
3450 1854 3558 1908 Kal
3600 1852 3690 1905 ὅτι
3727 1850 3837 1904 νύ-

594 1956 641 2000 st
667 1945 949 1999 audierunt
975 1946 1037 1997 ab
1069 1946 1181 2014 ipso
1208 1942 1363 1997 :Non
1396 1953 1480 1997 est
1507 1944 1615 2008 hic,
1641 1942 1895 1996 snrrexit.
1951 1942 2154 1997 Simili-

2259 1972 2367 2009 κτα
2396 1954 2557 2037 λέγει
2586 1954 2683 2008 real
2718 1955 2829 2021 οὐχ
2859 1952 3145 2019 ἑσπέραν,
3188 1946 3583 2037 mamma
3621 1946 3837 2037 ὲττιφωῗ

595 2049 671 2093 ter
694 2036 927 2091 Joannes
966 2035 1186 2089 :Prima
1226 2034 1583 2089 hebdomadis
1630 2034 1785 2099 feria,
1815 2036 2003 2104 inquit,
2041 2034 2153 2089 Ma-

2260 2031 2571 2115 σκούσηέίς
2602 2043 2725 2112 μίαν
2759 2040 3079 2095 Σαόσάτωνο
3113 2038 3209 2091 καί
3235 2032 3408 2107 ἧκον,
3438 2034 3621 2094 οὔπω,
3661 2031 3741 2096 ὡς
3780 2031 3838 2082 οί

596 2128 675 2183 ria
706 2127 1017 2198 blagdalene
1047 2128 1195 2181 venit
1223 2142 1401 2191 mane,
1442 2142 1568 2182 cum
1594 2136 1779 2181 essent
1804 2128 1980 2181 adhuc
2007 2136 2153 2181 tene-

2262 2134 2458 2187 λοιποί
2480 2150 2650 2203 φασι,
2683 2132 2754 2185 τὰ
2780 2131 3055 2201 ἀρώματα
3085 2131 3399 2199 φέρουσαι,
3432 2126 3593 2181 ἀλλὰ
3616 2120 3837 2190 θεωρῆ-

596 2222 726 2286 braa,
754 2221 820 2275 ad
870 2230 1318 2284 monumentum;
1359 2228 1412 2273 et
1444 2217 1575 2274 vidit
1614 2220 1846 2287 lapidem
1880 2220 2151 2273 sublatum

2259 2241 2359 2279 σαι
2390 2224 2497 2277 τὸν
2534 2223 2743 2292 τάφον,
2774 2224 2870 2275 καὶ
2903 2218 3079 2289 εὖρον
3107 2220 3213 2273 τὸν
3240 2217 3497 2287 σεισμὸν
3546 2213 3836 2284 γεγονότα

594 2325 625 2364 ι
654 2319 1005 2365 monumento
1042 2311 1062 2340 ’
1088 2326 1102 2373 ;
1158 2310 1249 2363 sed
1268 2309 1430 2376 juxta
1450 2310 1585 2363 illud
1608 2326 1732 2364 cum
1763 2310 1939 2364 adhuc
1971 2320 2155 2364 essent

2260 2312 2357 2365 καὶ
2402 2312 2738 2382 καθήμενον
2774 2311 2880 2364 τὸν
2907 2310 3164 2381 ἅττ-ελον
3213 2309 3311 2362 ἐπὶ
3339 2306 3447 2361 τοῦ
3489 2307 3687 2365 λίθου,
3731 2303 3835 2355 καὶ

597 2400 850 2465 ιευειπε,
882 2409 1241 2469 praeessent.
1292 2398 1464 2454 Lucas
1497 2411 1673 2455 autem
1720 2402 1889 2454 dicit:
1920 2400 2155 2454 Sabbato

2259 2407 2556 2472 ἀκηκόασι
2610 2404 2744 2472 παρ’
2794 2401 3011 2457 αὐτοῦ·
3058 2402 3171 2465 Οίδκ
3225 2400 3370 2452 ἐστιν
3423 2387 3545 2460 ὧδέ,
3597 2393 3830 2465 ἠγέρθη.

596 2490 816 2559 quidem
849 2492 1172 2560 quieverunt
1220 2495 1523 2549 secundum
1581 2501 1929 2561 praeceptum.
1972 2490 2153 2545 Prima

596 2589 779 2637 autem
826 2581 1181 2636 hebdomadis
1228 2581 1362 2637 feria
1414 2596 1628 2637 summo
1666 2596 1824 2635 mane
1847 2581 1913 2635 ad
1966 2596 2156 2636 monu-

597 2681 838 2725 mentum
858 2684 1148 2738 venerunt,
1168 2673 1403 2728 ferentes
1416 2687 1537 2742 qua:
1554 2680 1872 2741 paraverant
1888 2680 2152 2737 aromata,

598 2763 921 2817 invenerunt
972 2757 1151 2818 autem
1196 2764 1427 2834 lapidem
1469 2780 1499 2818 a
1541 2773 1893 2818 monumento
1946 2764 2156 2818 devolu—

600 2863 713 2908 tum
754 2854 793 2908 ³.
832 2852 1105 2906 Summum
1141 2870 1294 2907 mane
1318 2859 1543 2922 fortasse
1571 2854 1886 2907 matutinum
1910 2853 2154 2922 splendo-

600 2961 728 3007 rem,
764 2944 854 3013 qui
893 2945 1040 3012 prius
1081 2945 1414 3013 subapparet,
1447 2946 1707 3015 signiﬁcat
1759 2947 1943 3013 prima:
1974 2945 2152 3014 ferite;

603 3044 653 3089 et
691 3037 940 3105 quoniam
970 3035 1087 3103 jam
1137 3039 1360 3104 perfecte
1388 3037 1653 3105 praterito
1682 3052 1799 3089 cum
1830 3044 1940 3089 tota
1978 3052 2157 3088 censeo

598 3134 783 3195 quente
817 3138 963 3179 nocte
1000 3125 1256 3189 Sabbato,
1301 3137 1351 3180 et
1397 3128 1504 3181 alio
1546 3129 1627 3182 die
1665 3128 1963 3196 incipiente,
2012 3142 2158 3180 rene-

601 3227 720 3270 runt
751 3226 993 3271 aromata
1024 3227 1071 3271 et
1097 3230 1360 3287 unguenta
1412 3219 1670 3287 ferentes;
1707 3221 1916 3288 quando
1938 3219 2056 3287 jam
2084 3220 2158 3272 ui-

598 3308 784 3361 delicet
814 3308 907 3360 diu
955 3319 1076 3361 ante
1106 3318 1429 3362 surrexerat.
1466 3307 1579 3362 Hoc
1618 3308 1829 3363 Marcus
1857 3326 2056 3379 quoque
2081 3326 2160 3362 se-

600 3398 800 3465 quitur,
826 3399 1001 3451 dicens
1020 3414 1038 3451 :
1059 3398 1313 3452 Emerunt
1343 3408 1605 3461 aromata,
1639 3408 1696 3452 ut
1734 3400 2007 3453 venientes
2035 3414 2157 3453 cum

600 3496 885 3555 ungerent.
919 3484 983 3539 Et
1013 3487 1165 3541 valde
1222 3503 1378 3541 mane
1433 3488 1620 3555 primae
1662 3488 1807 3543 feriae
1840 3490 2060 3543 veniunt
2092 3490 2158 3543 ad

604 3585 1017 3631 monumentum
1068 3586 1189 3630 orto
1227 3577 1338 3645 jam
1392 3578 1504 3631 sole
1540 3577 1581 3631 ⁸.
1619 3576 1781 3632 Valde
1823 3580 1962 3632 enim
2004 3595 2161 3634 mane

601 3667 685 3719 hic
715 3682 913 3735 quoque
938 3667 1092 3729 dixit,
1118 3667 1255 3735 quod
1284 3668 1416 3720 idem
1442 3678 1517 3721 est
1544 3684 1604 3720 ac
1651 3683 1866 3722 summo
1898 3670 2155 3733 diluculo,

603 3766 652 3812 et
689 3757 959 3823 subjunxit
985 3772 1000 3808 :
1029 3755 1161 3810 Orto
1200 3756 1313 3824 jam
1355 3759 1486 3811 sole.
1537 3757 1801 3826 Profectio
1850 3760 2079 3826 quidem,
2107 3771 2155 3815 et

604 3848 702 3899 iter
730 3862 910 3899 earum
933 3863 1135 3899 summo
1160 3846 1392 3899 diluculo
1408 3857 1455 3901 et
1483 3850 1629 3901 valde
1655 3865 1803 3901 mane
1840 3848 2071 3915 incepit;
2103 3854 2155 3901 in

606 3940 793 3993 itinere
837 3951 1014 3992 autem
1049 3948 1097 3992 et
1144 3944 1284 3992 circa
1315 3951 1724 4002 monumentum,
1752 3956 1951 3991 moram
1987 3949 2145 3992 traxe-

605 4038 725 4081 runt
756 4045 915 4097 usque
941 4030 1008 4081 ad
1052 4038 1225 4081 artant
1260 4031 1426 4093 solis;
1450 4039 1497 4082 et
1532 4030 1606 4083 eis
1630 4032 1851 4098 quidam
1882 4040 2003 4081 tunc
2031 4030 2160 4081 dicit

605 4120 901 4173 adolescens
931 4121 1282 4172 candidatus:
1308 4119 1644 4179 Resurrcxit,
1666 4136 1768 4171 non
1797 4131 1877 4172 cst
1900 4119 2006 4173 hic.
2038 4119 2161 4171 Herc

603 4220 774 4262 autem
803 4225 920 4261 cum
960 4210 1034 4260 ita
1056 4224 1109 4260 se
1136 4209 1379 4272 habeant,
1405 4209 1497 4261 hoc
1523 4210 1588 4262 iis
1612 4209 1700 4278 qui
1725 4209 2021 4261 accuratius
2049 4209 2163 4261 sub-

605 4300 850 4368 tiliusque
888 4299 1243 4361 considerant,
1294 4300 1629 4352 enuntiamus
1679 4309 1838 4367 quota
1898 4299 2048 4361 hora,
2087 4298 2163 4353 vel

601 4390 761 4442 etiam
792 4388 1110 4443 semihorula
1154 4388 1229 4440 uel
1274 4398 1463 4457 quarta
1510 4388 1671 4451 liora',
1702 4397 1901 4455 oportet
1934 4390 2162 4457 incipere

2271 2496 2511 2564 Ὁμοίως
2566 2500 2600 2550 ό
2668 2495 2973 2575 Ἰωάννης·
3044 2496 3130 2547 Ἐν
3192 2494 3289 2564 μιᾷ
3340 2493 3449 2545 τῶν
3496 2488 3830 2567 Σασὸᾴτωνο

2260 2585 2431 2655 φησι,
2448 2586 2632 2657 Μαρία
2662 2588 2694 2657 ὴ
2720 2586 3048 2655 Μαγδαληνὴ
3074 2580 3203 2655 ἦλθε
3234 2580 3377 2653 πρωῒ
3409 2579 3623 2643 σκοτίας
3642 2575 3834 2631 £11.06-

2264 2694 2362 2747 σης
2393 2678 2469 2739 εἰς
2497 2678 2559 2730 τὸ
2595 2674 2883 2749 μνημείονο
2932 2676 3027 2729 καὶ
3066 2674 3250 2744 βλέπει
3288 2673 3379 2725 τὸν
3420 2671 3564 2723 λίθον
3593 2668 3836 2740 ἠρμένον

2261 2768 2369 2820 ἀπὸ
2395 2767 2485 2820 τοῦ
2519 2768 2779 2838 μνημείου
2799 2783 2813 2798 ο
2847 2766 3028 2835 πλὴν
3057 2766 3218 2832 παρὰ
3254 2762 3451 2828 τοῦτο,
3484 2759 3703 2823 σκοτίας
3748 2758 3831 2811 ἔτι

2264 2857 2443 2928 οὔσης,
2474 2862 2882 2926 προεληλύθει.
2932 2859 2994 2911 '0
3019 2856 3086 2910 δὲ
3127 2854 3366 2921 Λουκᾶς
3406 2869 3584 2923 φησι·
3622 2850 3697 2903 Τδ
3733 2850 3833 2921 μὶν

2263 2948 2532 3003 Σάδσατον
2559 2951 2832 3020 ἡσύχασαν
2861 2948 3000 3001 κατὰ
3027 2964 3123 3017 την
3150 2947 3368 3017 ὲντολήν
3385 2962 3398 2975 ·
3426 2947 3489 3014 τῇ
3520 2943 3578 2995 δὲ
3602 2943 3703 3012 μιᾷ
3725 2940 3835 2993 τῶν

2261 3039 2586 3104 Σαῦὁάτων,
2630 3040 2824 3110 ὄρθρου
2857 3039 3044 3109 βαθέος
3078 3040 3168 3090 ἐπὶ
3208 3037 3267 3090 τὸ
3298 3036 3485 3106 μνῆμα
3511 3029 3695 3104 ἦλθον,
3742 3031 3836 3099 φέ-

2263 3148 2451 3200 ρουσαι
2500 3132 2533 3184 ἃ
2576 3131 2875 3202 ἡτοίμασαν
2925 3129 3221 3200 ἀρώματαο
3270 3123 3427 3198 εὖρον
3473 3127 3530 3179 δὲ
3559 3125 3651 3178 τὸν
3683 3122 3835 3175 λίθον

2261 3219 2751 3290 ἀποκεκυλισμένον
2785 3219 2891 3273 ἀπὸ
2922 3219 3015 3271 τοῦ
3066 3218 3352 3288 μνημείου.
3398 3218 3460 3270 '0
3494 3215 3695 3280 ,βαθὺς
3732 3210 3833 3277 ὅρα

2260 3315 2397 3377 θρος
2428 3311 2573 3376 ἴσως
2602 3308 3195 3379 προῦποφαινομένην
3218 3308 3411 3374 αὐτὴν
3444 3306 3700 3373 ἑωθινὴν
3720 3307 3833 3375 ἐμ-

2258 3397 2483 3467 φανίζει
2526 3399 2635 3466 τῆς
2660 3398 2799 3468 μιᾶς
2837 3397 2956 3451 τῶν
2996 3395 3327 3457 Σασὸἀτων,
3362 3395 3459 3448 διὰ
3497 3394 3601 3447 τοῦ
3631 3410 3834 3463 παρῳ-

2259 3490 2516 3557 χηκότος
2562 3489 2677 3557 ἤδη
2722 3490 2959 3553 τελείως
3001 3488 3121 3541 σὺν
3162 3486 3237 3555 τῇ
3285 3488 3411 3555 μετ’
3454 3484 3598 3538 αὐτὸ
3656 3484 3835 3539 νυκτὶ

2260 3580 2427 3646 πάσῃ
2460 3579 2564 3634 τοῦ
2599 3579 2922 3642 Σαϐὄὰτου,
2955 3578 3051 3631 καὶ
3084 3577 3289 3645 ἐτέρας
3321 3574 3653 3644 ἀρχομένης
3691 3573 3834 3643 ὴμέ-

2252 3686 2386 3737 ρας,
2426 3665 2618 3737 ἦλθον
2659 3671 2729 3724 τὰ
2768 3668 3041 3737 ἀρώματα
3068 3668 3165 3720 καὶ
3213 3667 3283 3719 τὰ
3320 3666 3480 3733 μῦρα
3508 3663 3829 3733 φέρουσαι·

2260 3760 2357 3813 ὅτε
2387 3758 2577 3824 δῆλον
2603 3762 2683 3826 ὡς
2709 3762 3046 3826 ἀνειστήκει
3071 3758 3181 3825 πρὸ
3212 3758 3464 3811 πολλοῦ.
3488 3759 3675 3819 Τούτῳ
3698 3773 3833 3810 κατ-

2259 3851 2576 3905 ακολουθεῖ
2604 3852 2701 3904 καὶ
2733 3853 2765 3903 ό
2795 3849 3035 3916 Μάρκος
3073 3848 3297 3916 λέγων·
3335 3847 3639 3917 Ἥγόρασαν
3690 3846 3833 3917 apd)-

2266 3957 2409 4009 ματα
2438 3941 2526 3993 ἵνα
2573 3939 2822 3993 ἐλθοῦσαι
2851 3938 3140 4006 ἀλείψωσιν
3174 3937 3351 3990 αὐτόν.
3397 3938 3505 3988 Καὶ
3543 3936 3660 3987 λίαν
3691 3936 3833 4006 πρωῒ

2261 4029 2360 4097 τῆς
2391 4032 2517 4098 μιᾶς
2544 4029 2835 4081 Σαϐϐάτων
2863 4028 3107 4097 ἔρχονται
3131 4026 3223 4077 ἐπὶ
3249 4026 3309 4077 τὸ
3342 4029 3597 4096 μνημεῖον
3624 4025 3831 4077 ἀνατεί-

2262 4118 2450 4180 λαντος
2482 4118 2571 4170 τοῦ
2602 4119 2771 4189 ἡλίου.
2810 4119 2941 4171 Λίαν
2965 4118 3081 4186 μὲν
3106 4118 3216 4186 γὰρ
3254 4116 3398 4187 πρωῒ
3424 4117 3519 4169 καὶ
3554 4112 3734 4181 οὗτος
3756 4112 3833 4167 εἶ-

2264 4224 2378 4264 πεν
2406 4252 2419 4274 ,
2470 4210 2613 4277 ὅπερ
2646 4210 2864 4263 ταύτόν
2906 4208 3035 4261 ἐστι
3088 4206 3167 4271 τῷ
3218 4208 3407 4277 βαθέος
3460 4206 3688 4277 ὄρθρου,
3736 4206 3830 4259 καὶ

2264 4298 2595 4368 ἐπήγαγεν,
2642 4299 3017 4360 ἀνατείλαντος
3060 4296 3154 4349 τοῦ
3194 4296 3365 4366 ἡλίου.
3424 4296 3489 4349 Ἡ
3527 4295 3643 4363 μὲν
3670 4296 3822 4362 όρμῗῃ

2265 4390 2361 4442 καὶ
2384 4391 2421 4456 ἡ
2458 4389 2595 4454 ὁδὸς
2622 4388 2836 4451 αὐτῶν,
2866 4386 3059 4455 δῆλον
3094 4389 3174 4451 ὡς
3208 4386 3420 4453 ὄρθρου
3446 4386 3687 4450 βαθέος,
3736 4387 3831 4437 καὶ

603 4480 849 4533 Ιιτιὶιίηηι
873 4479 935 4532 ob
966 4478 1178 4535 Domini
1207 4480 1376 4531 nostri
1401 4495 1431 4531 a
1464 4479 1681 4530 mortuis
1712 4480 2155 4531 resurrectionem.

2266 4482 2405 4532 λίαν
2434 4480 2582 4546 πρωῒ
2610 4478 2931 4544 κατήρχθη.
2966 4474 3417 4543 Παρέτειναν,δὲ
3447 4474 3595 4526 κατὰ
3632 4491 3693 4527 τε
3723 4474 3833 4539 τὴν

609 4569 708 4621 Eos
734 4568 938 4637 quidem
968 4571 1057 4638 qui
1102 4569 1323 4619 nimium
1351 4568 1622 4637 festinant,
1665 4576 1716 4620 et
1773 4578 1891 4621 ante
1933 4570 2159 4621 mediam

605 4670 807 4711 noctem
862 4667 1105 4726 surgunt,
1138 4667 1193 4709 ut
1243 4668 1619 4725 contemptores
1668 4666 1715 4709 et
1763 4659 2162 4727 intemperantes

606 4749 1049 4816 reprehendimus,
1096 4757 1151 4799 ut
1196 4749 1284 4815 qui
1330 4749 1701 4815 propemodum
1740 4760 2018 4816 antequam
2066 4767 2165 4817 par

603 4841 691 4899 sit,
725 4855 935 4894 cursum
982 4840 1305 4905 abruperint,
1336 4839 1538 4891 dicente
1587 4841 1697 4891 viro
1752 4842 1980 4908 sapiente
2002 4856 2021 4892 ε
2043 4839 2167 4901 Non

604 4944 793 4996 parum
828 4934 911 4981 cst
956 4928 1009 4979 in
1066 4927 1195 4989 vita,
1235 4926 1379 4995 quod
1413 4942 1601 4995 parum
1626 4928 1795 4981 abest.
1852 4929 1955 4981 Eos
1988 4938 2160 4981 autem

602 5021 689 5087 qui
716 5018 989 5084 differunt,
1020 5030 1070 5071 et
1094 5016 1379 5085 plurimum
1409 5018 1698 5085 perferunt,
1730 5030 1776 5070 et
1814 5020 1881 5070 ad
1912 5028 2157 5087 quartam

603 5126 771 5178 usque,
796 5109 1031 5178 vigiliam
1064 5110 1271 5178 fortiter
1306 5109 1587 5171 abstinent,
1616 5111 1666 5161 in
1694 5126 1797 5178 qua
1824 5113 1985 5163 etiam
2013 5111 2160 5163 navi-

601 5200 845 5265 gantibus
882 5198 1131 5254 Senator
1151 5209 1327 5254 noster
1348 5201 1401 5253 in
1424 5201 1562 5251 mari
1590 5200 1866 5254 ambulans
1890 5202 2157 5269 apparuit,

602 5301 658 5341 ut
696 5304 977 5358 generosos
998 5299 1050 5344 et
1072 5289 1307 5340 laborant
1330 5286 1607 5341 tolerantes
1640 5291 1975 5355 suscipimus.
2011 5290 2062 5360 3
2089 5290 2161 5345 Iis

600 5391 771 5434 autem
811 5381 901 5447 qui
949 5381 1151 5433 interea
1179 5389 1231 5429 ut
1278 5378 1406 5429 moti
1430 5387 1577 5441 sunt,
1636 5376 1797 5432 velut
1852 5389 2159 5449 potuerunt,

600 5474 893 5540 quiescunt,
937 5486 1040 5523 non
1069 5468 1221 5522 valde
1256 5470 1461 5523 molesti
1494 5470 1658 5523 simus
1688 5484 1706 5522 :
1738 5472 2159 5540 quandoquidem

602 5580 690 5616 nec
712 5562 1144 5629 sexjejuniorum
1180 5561 1291 5613 dies
1320 5560 1612 5629 mqualiter,
1646 5576 1737 5611 nec
1767 5561 2013 5613 similiter
2047 5577 2159 5612 om-

702 5747 930 5802 ‘Matth.
969 5765 1151 5803 nvm.
1192 5747 1299 5801 l-(i.
1400 5750 1417 5777 ’
1448 5747 1597 5799 Joan,
1644 5762 1733 5812 xx,
1770 5746 1817 5802 Ι.

1922 5748 1940 5777 ³
1968 5746 2097 5801 Luc.
2136 5764 2268 5803 mn
2290 5789 2303 5815 ,
2336 5749 2435 5815 56;
2472 5764 2627 5816 xxiv,
2659 5748 2707 5812 ί,
2734 5747 2787 5801 ‘2.

2265 4572 2511 4638 πορείαν
2543 4569 2639 4621 καὶ
2688 4567 2818 4633 περὶ
2858 4567 2921 4619 τὸ
2953 4565 3247 4635 μνημεῖον
3282 4565 3687 4632 διατρίϐουσαι
3730 4564 3829 4633 μιιέ⁴

2265 4677 2397 4728 χρις
2427 4655 2726 4722 ἀνατολῆς
2746 4656 2923 4721 ἡλίου
2941 4670 2953 4684 '
2989 4655 3083 4707 zeal
3112 4656 3273 4722 λέγει
3307 4654 3405 4707 καὶ
3432 4654 3564 4706 τότε
3591 4654 3830 4711 ταύταις

2266 4753 2297 4802 ό
2356 4747 2675 4810 νεανίσκος
2732 4748 2763 4797 ό
2822 4746 3179 4813 λευχείμων·
3251 4745 3506 4814 Ἠγέρθη,
3537 4744 3636 4796 οὐκ
3681 4744 3825 4795 ἐστιν

2266 4835 2385 4893 ὧδε.
2423 4840 2649 4892 Τούτων
2686 4836 2874 4901 οὕτως
2907 4836 3203 4903 ἐχόντων,
3240 4835 3413 4889 τοῦτο
3441 4835 3565 4900 τοῖς
3602 4836 3828 4901 ἀκριϐο-

2265 4929 2648 4999 λογουμένοις
2692 4927 3135 4994 ἀποφαινόμεθα
3177 4926 3327 4980 κατὰ
3375 4925 3554 4977 ποίαν
3600 4923 3756 4992 ὥραν
3791 4923 3825 4990 ἢ

2261 5021 2357 5076 καὶ
2402 5020 2574 5072 ποῖον
2616 5017 2895 5085 ήμιώριον
2947 5017 2985 5084 ἢ
3018 5017 3175 5085 ὧρας
3218 5016 3497 5085 τέταρτον
3545 5017 3825 5083 ἄρχεσθαι

2261 5110 2529 5180 προσῆκε
2555 5107 2663 5175 τῆς
2694 5107 2793 5159 ἐπὶ
2828 5106 2905 5174 τῇ
2935 5108 3040 5161 τοῦ
3068 5110 3288 5175 Κυρίου
3316 5107 3484 5175 ἡμῶν
3510 5109 3578 5161 ex
3602 5107 3823 5175 νεκρῶν

2260 5200 2589 5256 ἀναστάσει
2624 5196 2828 5267 χαρᾶς.
2876 5199 3020 5263 Τοὺς
3048 5197 3164 5265 μὲν
3190 5199 3330 5251 λίαν
3356 5199 3824 5266 ἐπιταχύναντας

2262 5293 2361 5346 real
2388 5291 2498 5358 πρὸ
2526 5289 2744 5354 νυκτὸς
2770 5289 2949 5357 ἐγγὺς
2974 5288 3091 5356 ἤδη
3106 5290 3415 5357 μεσούσης
3435 5282 3730 5354 ἀνιέντας,
3749 5289 3823 5353 ebc-

2265 5381 2583 5449 ὀλιγώρους
2616 5378 2711 5432 καὶ
2729 5378 3022 5446 ἀκρατεῖς,
3046 5380 3410 5447 μεμφόμεθα,
3444 5380 3524 5446 ὠς
3550 5380 3685 5449 παρ’
3711 5380 3825 5433 όλί·

2265 5488 2372 5541 νον
2414 5471 2939 5538 προκαταλύοντας
2971 5469 3077 5523 τὸν
3109 5469 3347 5537 δρόμον,
3389 5470 3671 5538 λέγοντος
3719 5470 3825 5524 ἀν-

2264 5562 2405 5631 δρὸς
2434 5564 2661 5632 σοφοῦ⁸
2718 5563 2793 5614 Οὐ
2850 5562 3041 5632 μικρὸν
3086 5563 3144 5613 ὲν
3194 5561 3290 5631 βίῳ
3318 5562 3379 5612 τὸ
3430 5561 3577 5632 παρὰ
3608 5560 3820 5631 μικρόν.

2885 5747 2906 5777 δ
2936 5744 3098 5801 Marc.
3132 5762 3217 5801 svi
3241 5784 3255 5811 ,
3288 5746 3337 5806 ί,
3368 5746 3421 5809 2,
3454 5746 3506 5800 6.
3540 5796 3543 5799 ς
