4002 6314
522 343 558 402 4
570 346 634 406 οε]

1822 350 1921 409 ’ΠΙ
1936 351 2021 411 Et)
2037 352 2095 414 D.
2146 353 2230 410 BA
2244 352 2376 412 LSA
2388 353 2543 414 λΙΟΝ

3677 357 3788 422 464

540 486 673 528 rare
705 487 810 526 non
846 473 1106 526 debemus
1137 487 1230 525 nec
1262 472 1521 540 jejunimn
1558 473 1786 538 solvere,
1825 489 1890 528 ne
1919 475 2102 528 videa-

2221 476 2441 537 στεύειν,
2498 477 2633 528 οῶδὲ
2668 476 3065 543 ἀπονηστίζειν,
3102 477 3184 529 ἵνα
3242 476 3314 546 μὴ
3352 475 3586 546 δόξωμεν
3623 476 3787 531 ἐναν-

542 581 665 618 mur
699 573 1004 634 repugnare
1035 566 1344 619 canonibus
1379 564 1472 632 qui
1512 575 1758 619 statuunt
1790 581 1889 620 nos
1916 567 2106 620 diebus

543 656 840 710 Dominicis
871 671 976 710 non
1006 657 1204 710 debere
1238 655 1508 725 jejunare.
1540 655 1653 710 Etsi
1688 659 1831 711 enim
1859 659 1975 711 dies
2001 668 2107 710 ter-

541 749 648 799 tius
702 756 984 814 reputctur
1013 745 1350 810 Dominicus,
1390 747 1562 801 solum
1610 757 1785 800 tamen
1822 762 2104 818 propterea

541 840 682 904 quod
729 839 890 890 trium
931 838 1138 891 dierum
1181 839 1508 892 resurrectio
1537 853 1661 892 eam
1716 839 1962 906 attingat,
1998 843 2106 892 ιρι-ὲ

545 932 649 980 tius
706 929 903 982 dicitur
934 945 944 978 :
973 937 1056 982 est
1098 929 1241 981 enim
1279 929 1506 997 primus.
1549 927 1612 981 Et
1644 929 1712 983 89
1762 944 1883 983 can.
1908 947 2026 999 syn.
2053 932 2106 984 in

545 1018 730 1071 Trullo
756 1019 1156 1084 (onvenienter,
1185 1017 1271 1070 dic
1290 1059 1302 1080 ,
1329 1028 1452 1070 ante
1484 1018 1670 1070 horam
1696 1019 1977 1085 septimam
2012 1032 2107 1069 no-

544 1111 720 1162 cturni
756 1107 979 1162 Sabbati
1011 1109 1208 1163 deberc
1235 1124 1332 1161 uos
1357 1108 1624 1175 jejunium
1654 1109 1862 1162 solvere
1897 1109 1946 1160 in
1971 1125 2107 1176 qua-

543 1215 756 1266 cunque
790 1201 921 1254 hora
952 1199 1183 1252 voluerit
1222 1198 1489 1266 quispiam
1529 1213 1591 1250 ex
1642 1214 1731 1251 sex
1778 1198 1966 1266 primis
2014 1197 2109 1249 ho-

544 1289 639 1350 ris,
676 1291 835 1357 idque
876 1290 1099 1340 omnino
1134 1303 1199 1341 ex
1253 1287 1422 1340 libera
1481 1287 1910 1356 uniuscujusque
1959 1297 2110 1356 pote-

544 1387 682 1432 state
711 1386 764 1432 et
789 1380 1034 1434 arbitrio.

624 1465 1048 1537 Alexandluic
1114 1467 1523 1535 interrogationi
1568 1468 1856 1536 respondet
1917 1467 1960 1521 is
2021 1469 2107 1521 cui

543 1558 820 1626 proposita
888 1557 1237 1627 interrogatio
1297 1567 1379 1610 est
1437 1575 1451 1611 :
1506 1558 1799 1613 Postulasti
1867 1559 2108 1612 sedulam

547 1649 748 1716 imponi
797 1649 988 1717 legem,
1021 1650 1122 1701 hoc
1151 1657 1251 1713 est,
1305 1649 1544 1718 regulam
1602 1644 1941 1716 formamque
1970 1664 2107 1716 pra:-

546 1739 748 1801 scribi,
798 1755 859 1792 ac
899 1739 1137 1792 adhibita
1178 1739 1455 1808 diligentia
1501 1740 1631 1792 certi
1685 1739 1889 1807 aliquid
1943 1739 2105 1792 statui

547 1835 612 1888 de
650 1835 780 1887 hora
817 1832 1105 1886 Dominiczc
1139 1834 1588 1898 resurrectionis;
1621 1833 1765 1899 quod
1797 1831 2017 1899 quidem
2053 1839 2105 1882 et
2140 1811 2179 1864 Β

544 1926 756 1979 dimcilc
794 1936 874 1979 est
927 1938 978 1978 et
1029 1925 1297 1978 lubricum
1329 1945 1339 1978 :
1371 1925 1836 1993 quandoquidem,
1873 1933 1993 1992 post
2016 1938 2107 1978 ex-

545 2020 765 2070 cEtatum
796 2033 823 2069 a
853 2017 1081 2069 mortuis
1114 2017 1402 2069 Dominum
1435 2017 1847 2070 resurrectionis
1875 2016 2096 2069 celebri-

546 2114 708 2158 tatem
768 2105 1011 2157 inehoari
1049 2115 1276 2173 oportet,
1314 2107 1594 2174 hucusque
1625 2106 1958 2174 jejunantes,
1991 2105 2108 2158 ani-

545 2195 728 2261 inique
755 2193 856 2247 hoc
896 2203 1052 2262 pacto
1079 2194 1460 2248 demissionem
1489 2206 1761 2249 curantes.
1795 2195 1849 2248 In
1870 2211 1931 2250 ea
1957 2211 2109 2249 nam-

543 2299 649 2352 que
699 2299 818 2351 qua:
871 2301 965 2351 per
997 2285 1262 2352 jejunium
1307 2295 1389 2338 est
1442 2287 1683 2354 corporis
1741 2287 2104 2350 aﬂlictatione,

545 2374 713 2444 animi
743 2374 1000 2428 demissio
1026 2378 1320 2443 qureritur;
1356 2387 1413 2430 ut
1468 2378 1697 2445 proinde
1724 2379 1766 2431 si
1801 2379 1994 2432 elatior
2037 2379 2104 2432 sit

543 2466 834 2534 jejunantis
882 2467 1118 2528 animus,
1154 2468 1363 2519 irritum
1408 2482 1528 2521 esse
1569 2469 1835 2538 jejunium
1865 2472 2106 2524 onmium

545 2556 888 2610 confessione
928 2557 1225 2624 judicelur.
1264 2556 1495 2626 Subjicit
1522 2559 1712 2612 deinde
1744 2578 1756 2614 :
1788 2559 2110 2629 Quicunque

547 2648 612 2699 ad
648 2648 956 2715 sepulcrum
1008 2659 1133 2701 sunt
1182 2648 1431 2716 profecti.
1460 2665 1554 2704 eos
1599 2650 1703 2709 iam
1753 2651 2046 2703 excitatum
2079 2665 2106 2703 a

547 2739 780 2790 mortuis
818 2737 1104 2790 Dominum
1161 2740 1480 2806 reperiisse;
1519 2755 1690 2807 neque
1720 2740 2005 2803 dissidere,
2037 2741 2112 2793 in-

546 2829 683 2894 quit,
724 2843 784 2880 ac
818 2829 916 2880 sibi
953 2829 1176 2882 invicem
1223 2831 1496 2884 adversari
1548 2832 1908 2899 evangelistas
1960 2832 2109 2885 arbi-

550 2931 774 2982 tremur,
824 2921 966 2988 quod
1021 2937 1144 2973 cum
1198 2923 1384 2974 eadem
1439 2931 1594 2974 nocte
1650 2922 1934 2974 Dominum
1991 2939 2112 2976 sur-

549 3008 756 3060 rexisse
792 3009 1064 3060 communi
1113 3023 1381 3062 consensu
1427 3009 1661 3071 tradant,
1691 3026 1925 3078 quanam
1978 3014 2110 3064 hora

551 3099 808 3161 surrexit,
845 3099 1026 3151 minus
1071 3099 1349 3166 explorazc
1406 3101 1666 3154 iudicant.
1708 3100 1842 3152 Tum
1884 3101 2111 3168 ipsamet

550 3189 732 3252 verba,
771 3190 852 3244 vel
885 3190 1064 3258 potius
1103 3191 1251 3243 locos
1307 3190 1599 3259 Scriptum:
1632 3191 1858 3259 profert,
1901 3192 1951 3242 in
1988 3191 2105 3259 qui-

551 3282 653 3334 bus
677 3281 1126 3348 evangelistarum
1161 3280 1387 3349 quilibet
1415 3280 1479 3334 de
1510 3281 1909 3334 resurrectione
1930 3279 2110 3341 Domi-

550 3373 671 3426 niea
695 3373 967 3439 ioquitur,
1003 3387 1065 3426 ac
1095 3387 1211 3425 eam
1246 3388 1365 3440 qua:
1411 3373 1548 3426 inter
1578 3373 1724 3440 ipsos
1757 3371 1970 3424 videtur
1996 3387 2113 3424 esse

551 3464 970 3532 discrepantiam
1018 3466 1315 3532 componit.
1360 3464 1535 3533 Atque
1583 3463 1647 3516 ad
1685 3465 1798 3517 hzec.
1827 3482 1837 3515 :
1865 3461 1964 3526 Qui
1994 3463 2114 3532 qui-

551 3553 670 3606 dem
718 3564 841 3607 ante
884 3555 1060 3608 noctis
1083 3555 1319 3608 medium
1373 3555 1592 3608 solvunt
1624 3555 1916 3623 jejunium,
1948 3554 2113 3607 veluti

553 3655 954 3714 contemptores
1025 3646 1555 3716 intemperantesque
1628 3646 2112 3714 reprehendimus,

553 3737 751 3805 quippe
800 3738 1053 3807 exiguum
1088 3739 1151 3791 ad
1185 3748 1395 3806 tempus
1443 3737 1638 3806 jejuuii
1672 3752 1894 3790 cursum
1921 3737 2116 3790 dissol~

553 3837 720 3892 runt;
750 3829 839 3896 qui
862 3844 988 3880 vero
1008 3829 1071 3880 ad
1097 3838 1346 3897 quartam
1374 3844 1546 3897 usque
1581 3829 1840 3897 vigiliam,
1880 3829 1980 3880 hoc
2013 3838 2115 3892 est,

553 3919 880 3972 matutinum
932 3927 1142 3987 tempus
1183 3919 1392 3973 fortiter
1453 3920 1746 3981 abstinent,
1781 3935 1875 3972 eos
1922 3920 2120 3986 proha-

553 4025 677 4064 mus
702 4027 713 4062 :
738 4011 779 4064 si
814 4011 903 4075 qui
941 4027 1068 4062 vero
1101 4022 1220 4078 post
1255 4012 1486 4064 mediam
1525 4021 1737 4064 noctem
1775 4013 2117 4076 quieverunt,

555 4103 658 4156 hoc
683 4111 764 4155 est
793 4102 1130 4154 :tlilictionem
1155 4118 1215 4154 ex
1249 4102 1457 4170 jejunio
1487 4101 1780 4170 profectam
1813 4110 1869 4154 ut
1901 4111 2122 4168 potuere

555 4195 900 4260 sedavcrunt,
924 4195 1008 4256 iis,
1033 4194 1224 4262 inquit,
1257 4193 1390 4246 nihil
1415 4193 1624 4246 molesti
1654 4194 1855 4259 simus;
1890 4194 2122 4257 hoeest,

557 4285 691 4339 nihil
729 4294 811 4340 est
851 4272 994 4354 quod
1029 4299 1144 4349 eos,
1179 4285 1307 4352 quia
1345 4299 1449 4335 non
1488 4285 1552 4336 ad
1594 4285 1916 4336 matutinum
1954 4297 2126 4351 usque

559 4385 770 4443 tempus
793 4376 1224 4443 perduraverint,
1252 4389 1599 4428 accusemus:
1629 4374 1754 4441 quia
1787 4389 1879 4426 sex
1911 4387 2125 4442 quoque

2209 566 2453 620 τιοῦσθαι
2489 570 2597 628 τοῖς
2624 567 2808 620 κανόσι
2843 570 2951 629 τοῖς
2982 568 3368 638 διοριζομένοις
3403 559 3538 620 κατά
3570 567 3666 630 τάς
3687 585 3786 620 κυ-

2213 657 2512 726 ριωνύμους
2539 658 2610 726 μὴ
2643 656 2921 725 νηστεύειν
2944 659 3109 728 ἡμᾶς.
3144 658 3259 710 Κᾶν
3287 659 3394 729 γάρ
3415 659 3568 726 τρίτη
3597 657 3787 726 ἡμέρα

2208 748 2542 818 λογίζηταιή
2586 749 2944 819 κυριώνυμος,
2980 749 3091 801 ἀλλ’
3126 751 3204 812 εἰς
3241 750 3399 818 μόνον
3438 750 3498 802 τὸ
3541 749 3790 819 ᾶψασθαι

2207 837 2410 906 ταύτης
2458 838 2554 906 τὴν
2587 839 2880 906 τριήμερον
2929 837 3243 900 ἀνάστασιν,
3279 838 3550 905 λογίζεται
3597 837 3786 908 τρίς-η’

2211 927 2397 998 πρώτη
2429 930 2534 999 γάρ
2583 931 2696 980 ἐστι
2719 945 2731 957 ⁸
2762 932 2854 981 καὶ
2885 929 3192 992 ἀκολούθως
3228 929 3304 998 τῷ
3340 928 3426 980 πθ¹
3459 929 3642 981 κανόνι
3678 928 3789 995 τῆς

2210 1021 2265 1070 ἐν
2298 1019 2370 1088 τῷ
2403 1019 2654 1090 Τρούλλῳ
2687 1020 2921 1079 συνόδου,
2956 1019 3077 1087 λέγε
3111 1019 3214 1090 πρὸ
3249 1020 3343 1088 τῆς
3379 1019 3608 1089 ἑϐδόμης
3631 1017 3792 1088 ὧρας

2207 1110 2300 1162 τοῦ
2330 1110 2639 1178 νυκτερινοῦ
2673 1109 2948 1162 Σαὸὅάτου
2975 1111 3208 1178 ὀφείλειν
3250 1111 3394 1179 ἡμᾶς
3425 1109 3791 1180 ἁπονηστιζε-

2212 1200 2332 1252 σθαι
2364 1201 2419 1251 ὲν
2455 1201 2542 1270 οἵα
2572 1199 2690 1270 ὥρα
2721 1200 2934 1271 Θελήσει
2973 1219 3057 1263 τις
3090 1202 3197 1253 τῶν
3233 1200 3290 1265 ἒξ
3333 1200 3563 1270 πρώτων
3599 1199 3792 1269 ὡρῶν,

2212 1290 2426 1352 πάντως
2464 1291 2603 1343 κατὰ
2632 1291 2726 1360 τὴν
2758 1292 2964 1344 οἰκείαν
2999 1292 3224 1362 δύναμιν
3259 1293 3353 1344 καὶ⁵
3388 1291 3728 1361 προαίρεσιν.

2280 1471 2520 1522 ΖΩΝΑΡ.
2565 1471 2706 1541 Πρὸς
2739 1471 2796 1522 τὸ
2833 1469 3090 1540 ἐρώτημα
3119 1471 3276 1522 τοίτο
3317 1471 3479 1540 φησὶν
3521 1472 3548 1522 ὁ
3576 1472 3790 1540 ἐρωτη-

2212 1562 2342 1623 θεὶς,
2375 1561 2471 1612 ὅτι·
2511 1559 2806 1629 Ἐξῄτησας
2828 1559 3030 1630 ἀκριϐῆ
3065 1561 3191 1629 ὅρον
3236 1559 3568 1627 ἐπιτεθῆναι,
3611 1559 3786 1627 ηγουν

2214 1654 2412 1706 κανόνα
2437 1654 2530 1705 καὶ
2559 1653 2725 1704 τύπον
2746 1652 3049 1722 ὁρισθῆναι,
3086 1653 3179 1704 καὶ
3207 1650 3606 1720 σαφηνισθῆναι
3628 1653 3792 1718 ἀκρι-

2211 1741 2319 1806 ϐῶς
2354 1743 2449 1813 τὴν
2507 1742 2654 1813 ὤραν
2697 1744 2791 1811 τῆς
2836 1743 3184 1806 ἀναστάσεως
3231 1742 3321 1794 τοῦ
3373 1742 3598 1811 Κυρίου,
3650 1743 3791 1811 ὅπερ

2209 1832 2301 1884 καὶ
2327 1831 2579 1884 δύσκολον
2618 1831 2710 1884 καὶ
2755 1831 3018 1900 σφαλερόν
3053 1833 3230 1883 ἐστιν’
3267 1832 3346 1883 ὅτι
3385 1831 3484 1900 μὲν
3513 1832 3619 1901 γάρ
3650 1832 3792 1900 μετά

2209 1922 2268 1974 τὸ
2291 1922 2586 1991 ἀναστῆναι
2619 1922 2711 1974 τὸν
2743 1921 2943 1992 Κύριον
2975 1922 3071 1990 τῆς
3095 1923 3286 1990 ὲορτῆς
3314 1921 3412 1989 τῆς
3439 1923 3790 1980 ἀναστάσεως

2209 2012 2471 2084 ἄρχεσθαι
2504 2013 2601 2074 δεῖ,
2639 2013 2742 2074 ἓως
2777 2011 2965 2064 τούτου
3010 2011 3388 2080 νηστεύοντας,
3429 2012 3523 2063 καὶ
3566 2011 3659 2074 τάς
3687 2012 3794 2078 ψυ-

2209 2106 2306 2175 χάς
2339 2106 2509 2167 οὕτως
2547 2105 2928 2168 ταπεινούντας
3000 2105 3060 2155 'll
3109 2107 3216 2174 γὰρ
3259 2103 3345 2155 διὰ
3396 2104 3491 2172 τῆς
3535 2103 3795 2172 νηστείας

2209 2195 2532 2259 ταπείνωσις
2564 2196 2654 2248 τοῦ
2693 2195 2962 2265 σώματος,
2994 2195 3080 2246 διά
3111 2195 3206 2264 τὴν
3243 2195 3341 2264 τῆς
3378 2193 3553 2264 ψυχῆς
3592 2197 3792 2264 ἐπιτη-

2208 2287 2419 2341 δεύεται
2453 2288 2807 2340 ταπείνωσιν·
2858 2287 2931 2349 ὠς
2962 2288 3073 2354 εἴτε
3113 2286 3400 2356 ἐπηρμένη
3449 2287 3530 2355 εἴη
3566 2285 3658 2348 τοῦ
3689 2302 3790 2355 νη-

2212 2379 2488 2442 στεύοντος
2541 2381 2573 2448 ἡ
2616 2379 2782 2449 ψυχὴ,
2838 2379 3041 2448 ματαία
3094 2380 3125 2446 ἡ
3178 2378 3400 2449 νηστεία
3452 2379 3592 2440 ἐστὶ,
3631 2375 3796 2428 τοῦτο

2210 2469 2653 2540 ὁμολογούμενον.
2717 2468 2940 2534 Ἐπάγει
2986 2466 3042 2518 δὲ
3076 2467 3158 2519 ὃτι
3207 2467 3318 2518 ὅσοι
3370 2465 3505 2535 πρὸς
3549 2466 3610 2517 τὺ
3655 2482 3796 2536 μνη-

2215 2564 2362 2632 μεῖον
2393 2559 2650 2630 ἀπῆλθον,
2681 2560 2990 2612 ἀναστάντα
3019 2558 3115 2628 ἠδη
3143 2554 3300 2628 εὗρον
3327 2557 3416 2609 τὸν
3451 2557 3651 2627 Κύριον
3673 2573 3684 2586 ·
3715 2555 3795 2627 μὴ

2210 2654 2514 2720 διαφωνεῖν,
2549 2652 2700 2719 φησὶ.
2735 2651 2827 2702 καὶ
2859 2649 3233 2703 ἐναντιοῦσθαι
3269 2648 3516 2717 ἀλλήλοις
3551 2647 3797 2718 δόξωμεν

2210 2744 2334 2804 τοὺς
2368 2741 2775 2809 εὐαγγελιστάς,
2811 2742 2894 2792 ὅτι
2925 2739 3340 2808 συμςωνοῦντες
3383 2739 3509 2809 περὶ
3535 2740 3632 2808 τῆς
3659 2740 3798 2792 ἀνα-

2215 2833 2451 2894 στάσεως
2486 2833 2557 2894 ὡς
2583 2833 2638 2882 ὲν
2671 2832 2850 2900 ἐκείνῃ
2882 2834 2945 2900 τῇ
2976 2832 3131 2882 νυκτὶ
3161 2828 3252 2882 τοῦ
3283 2830 3494 2898 Κυρίου
3526 2829 3799 2882 ἀναστάνο

2214 2941 2322 2987 τος,
2369 2923 2464 2992 τὴν
2504 2922 2649 2993 ὥραν
2693 2921 2812 2973 καθ’
2848 2922 2913 2990 ἣν
2947 2921 3144 2988 ἀνέστη
3185 2919 3372 2985 σαφῶς
3417 2920 3475 2970 οὔ
3521 2919 3797 2987 λέγουσιν.

2215 3013 2347 3070 Εἶτα
2392 3015 2483 3068 καὶ
2515 3014 2651 3066 αύτά
2679 3013 2747 3065 τά
2793 3011 3076 3082 ρήματαῆ
3131 3010 3326 3081 μᾶλλον
3368 3009 3436 3062 τά
3476 3010 3650 3082 χωρία
3695 3009 3799 3080 τῆς

2216 3107 2434 3176 Γραφῆς
2463 3104 2674 3174 τίθησιν
2695 3143 2708 3160 .
2739 3105 2838 3155 ὅσα
2877 3104 3104 3164 ἕκαστος
3146 3103 3250 3154 τῶν
3279 3101 3674 3167 εὐαγγελιστῶν
3703 3099 3799 3153 λέ,

2214 3219 2298 3270 γει
2324 3200 2449 3270 περὶ
2474 3201 2568 3268 τῆς
2597 3196 2945 3257 ἀναστάσεως
2969 3195 3062 3247 τοῦ
3090 3195 3314 3265 Κυρίου,
3345 3195 3437 3245 καὶ
3467 3190 3798 3263 σ·.›μ6ι6ἀζει

2215 3291 2307 3360 τὴν
2360 3288 2617 3340 δοκοῦσαν
2673 3286 2966 3352 διαφωνίαν
3025 3284 3220 3336 αὐτῶν.
3278 3284 3387 3335 Καὶ
3437 3284 3526 3334 ἐπὶ
3586 3282 3807 3344 τούτοις

2214 3382 2337 3441 τοὺς
2372 3379 2467 3448 μὲν
2505 3379 2609 3446 πρὸ
2635 3374 2726 3427 τοῦ
2763 3373 3114 3444 μεσονυκτίου
3149 3372 3372 3434 λύοντας
3402 3371 3498 3440 τὴν
3519 3372 3800 3441 νηστείαν,

2214 3471 2287 3533 ὼς
2313 3468 2604 3538 ὀλιγώρους
2634 3469 2724 3520 καὶ
2752 3468 3026 3536 ἀκρατεῖς,
3061 3465 3210 3534 φησὶ,
3239 3463 3586 3534 μεμψόμεθα,
3622 3463 3696 3525 ὼς
3726 3461 3803 3515 δι’

2217 3560 2398 3628 ὀλίγην
2428 3558 2573 3628 ὥραν
2620 3557 2707 3608 τὸν
2739 3557 2934 3626 δρόμον
2974 3553 3072 3621 τῆς
3113 3552 3360 3622 νηστείας
3396 3549 3798 3612 καταλύοντας’

2217 3650 2340 3712 τοὺς
2371 3648 2424 3700 δὲ
2465 3647 2620 3718 μέχρι
2649 3646 2910 3716 τετάρτης
2932 3643 3197 3711 φυλακῆς,
3227 3643 3344 3710 ητοι
3376 3640 3572 3710 ὄρθρου
3598 3641 3804 3709 ἐγκαρ-

2218 3740 2508 3811 τεροῦντος
2544 3736 2936 3807 ἀποδεχόμεθα.
2983 3737 3045 3788 Ei
3085 3735 3141 3786 δέ
3173 3751 3316 3795 τινες
3368 3732 3504 3802 μετά
3543 3733 3600 3784 τὸ
3638 3747 3804 3801 μεσο-

2221 3833 2433 3885 νύκτιον
2481 3830 2880 3889 ἀνεπαύσαντο,
2932 3828 3096 3896 ἤγουν
3140 3825 3236 3895 τὴν
3295 3822 3663 3876 κακοπάθειαν
3697 3820 3798 3890 τὴν

2223 3926 2285 3976 ὲκ
2332 3925 2427 3991 τῆς
2471 3921 2724 3991 νηστείας
2770 3919 3010 3970 ἔπαυσαν
3058 3916 3130 3978 ὡς
3172 3914 3533 3983 ἠδυνήθησαν,
3568 3910 3800 3974 τούτοις,

2224 4011 2378 4080 φησὶ,
2414 4011 2485 4079 μὴ
2516 4009 2817 4077 ἐνοχλῶμεν
2853 4007 2994 4072 (ἀντὶ
3017 4005 3133 4066 τοῦ,
3169 4004 3242 4072 μὴ
3271 4006 3350 4056 ὅτι
3386 4003 3490 4064 ἕως
3526 3999 3665 4070 τερωῖ
3700 4000 3804 4052 οὐκ

2224 4102 2596 4172 ἐκαρτέρησαν
2627 4096 2924 4164 αἰτιώμεθα
2952 4097 3187 4160 αὐτοὺς),
3215 4096 3292 4147 ὅτι
3319 4093 3435 4146 οὐδὲ
3461 4091 3556 4154 τάς
3583 4090 3639 4155 ἓξ
3667 4089 3806 4159 ὴμέ-

2227 4209 2324 4262 ρας
2370 4191 2466 4259 τῆς
2500 4189 2592 4240 τοῦ
2645 4187 2846 4249 πάθους
2891 4186 2982 4237 τοῦ
3025 4184 3230 4254 Κυρίου
3273 4181 3558 4251 ἑϐδομάδος
3602 4179 3804 4240 πάντες

2225 4281 2422 4352 ὁμοίως
2457 4279 2735 4333 ἀνύουσιν·
2783 4279 2830 4328 οἱ
2872 4277 2966 4346 μὲν
3009 4275 3116 4345 γὰρ
3163 4274 3262 4337 τάς
3295 4274 3474 4333 πάσας
3516 4269 3808 4340 νηστεύου-

2229 4389 2330 4436 σιν,
2365 4373 2413 4423 οἱ
2441 4371 2497 4422 δὲ
2525 4369 2616 4422 δύο
2649 4368 2679 4436 ἢ
2712 4369 2881 4437 τρεῖς,
2923 4367 2971 4418 οί
3008 4365 3062 4417 δὲ
3097 4365 3334 4426 πλείους,
3368 4365 3414 4414 οἱ
3441 4362 3496 4414 δὲ
3526 4359 3805 4429 οὐδεμίαν.

559 4465 675 4518 dies
703 4465 818 4532 ejus
857 4465 1206 4518 hebdomade
1237 4479 1342 4533 qua
1372 4479 1566 4533 passus
1595 4473 1676 4517 est
1702 4463 1984 4528 Dominus,
2015 4478 2117 4516 non

2230 4461 2353 4522 Τοῖς
2389 4456 2479 4512 οὖν
2509 4461 2600 4510 ἐπὶ
2635 4456 2846 4518 πλείους
2884 4454 3094 4525 ἡμέρας
3130 4453 3454 4524 νηστεύσασι
3489 4453 3581 4504 καὶ
3614 4449 3810 4502 κοπιά-

562 4571 751 4610 omnes
795 4557 985 4610 eodem
1031 4558 1192 4609 modo
1248 4557 1574 4626 transigunt.
1608 4553 1740 4607 Nam
1785 4556 1873 4608 alii
1907 4556 2122 4622 quidem

561 4663 752 4700 omnes
788 4648 1057 4716 jejunant,
1112 4647 1203 4700 alii
1261 4661 1390 4701 vero
1424 4647 1582 4711 duos,
1625 4656 1822 4708 tresve,
1858 4647 1944 4698 alii
2001 4661 2128 4700 vero

563 4738 766 4809 plures,
794 4739 882 4790 alii
913 4742 1074 4804 porro
1102 4754 1165 4791 nc
1216 4753 1381 4790 unum
1409 4735 1648 4805 quidem.
1684 4733 1752 4788 lis
1783 4750 1910 4803 ergo
1937 4734 2031 4803 qui
2064 4734 2129 4787 ad

564 4828 748 4897 plures
775 4830 889 4882 dies
922 4829 1326 4896 jejunaverunt,
1354 4827 1697 4896 ampliusque
1727 4825 2129 4889 laboraverunt,

565 4920 612 4974 si
665 4919 824 4973 citius
867 4921 1042 4971 cibum
1097 4920 1470 4987 degustarint,
1511 4916 1864 4986 ignoscimus.
1927 4914 1982 4968 Si
2039 4915 2132 4983 qui

565 5023 696 5063 vero
719 5023 823 5061 non
853 5009 1010 5061 modo
1037 5007 1152 5062 dies
1209 5009 1414 5078 aliquot
1446 5009 1590 5062 haud
1623 5007 1962 5076 jejunaruut,
1999 5007 2129 5076 quin

566 5101 748 5168 potius
785 5101 906 5152 aliis
951 5110 1184 5166 quatuor
1224 5098 1576 5153 hebdomade
1623 5099 1816 5152 diebus
1850 5098 2133 5150 luxuriose

569 5193 842 5255 vixerunt,
879 5191 928 5242 in
966 5188 1263 5242 Parasceve
1304 5198 1480 5242 autem
1531 5197 1584 5242 et
1644 5188 1878 5241 Sabhato
1924 5202 1950 5240 a
2012 5187 2134 5239 cibo

567 5283 971 5345 abstinuerunt,
1016 5295 1077 5334 ac
1107 5296 1361 5349 magnum
1389 5279 1645 5349 quiddam
1686 5279 1863 5332 facere
1906 5293 1963 5332 se
1991 5277 2137 5331 arbi-

574 5386 782 5427 trantur
837 5375 879 5428 si
930 5387 1103 5440 usque
1157 5373 1220 5424 ad
1286 5372 1606 5424 matutinam
1650 5371 1836 5423 horam
1880 5369 1984 5421 diei
2045 5369 2134 5435 qui

572 5466 976 5520 resurrectione
1035 5479 1188 5517 sacer
1241 5472 1345 5525 est,
1390 5462 1562 5531 jejuni
1618 5468 1982 5530 perseverent,
2030 5473 2136 5510 non

577 5559 776 5618 simile,
818 5558 1013 5625 inquit,
1060 5566 1334 5610 Certamen
1385 5554 1838 5623 perﬁciuntzhoc
1888 5561 2001 5614 est,
2033 5566 2139 5603 non

583 5648 786 5718 pariter
814 5649 1152 5707 laborarunt,
1183 5646 1246 5700 iis
1277 5646 1369 5713 qui
1404 5661 1461 5698 se
1509 5644 1757 5712 pluribus
1786 5643 1977 5696 diebus
1997 5641 2141 5709 jeju-

2233 4566 2356 4602 σασι
2397 4547 2591 4617 μᾶλλον
2627 4548 2673 4597 εί
2702 4544 2994 4614 ταχύτερον
3028 4543 3309 4610 γεύσονται
3339 4541 3542 4612 τροφῆς
3569 4537 3807 4606 συγγνῶ-

2237 4655 2350 4706 μεν.
2383 4639 2441 4688 El
2485 4636 2541 4686 δέ
2574 4652 2716 4696 τινες
2749 4635 2807 4684 ού
2837 4633 2991 4701 μόνον
3026 4633 3111 4698 ἐφ’
3133 4631 3344 4700 ἡμέρας
3372 4630 3521 4691 τινὰς
3557 4629 3655 4680 οὐκ
3683 4627 3808 4696 ἐνή-

2236 4746 2484 4791 στευσαν,
2530 4727 2662 4780 ἀλλά
2718 4726 2812 4778 καὶ
2853 4724 3165 4794 ἐτρύφησαν
3219 4723 3317 4784 τας
3368 4722 3562 4791 ἐτέρας
3610 4720 3810 4772 τέσσα-

2239 4838 2332 4891 ρας
2382 4820 2480 4889 τῆς
2543 4816 2828 4885 ἑῆδομάδος
2902 4813 3153 4884 ἡμέρας,
3217 4812 3359 4865 κατά
3419 4812 3473 4863 δὲ
3537 4812 3633 4881 τὴν
3694 4812 3810 4863 Πα-

2240 4911 2507 4982 ρασκευὴν
2569 4908 2659 4958 καὶ
2715 4907 2772 4958 τὸ
2823 4904 3096 4957 Σάϐϐατον
3144 4905 3447 4972 ἀπέσχοντο
3513 4902 3811 4973 βρώσεως,

2240 5004 2332 5056 καὶ
2366 5002 2507 5071 μέγα
2535 5017 2585 5051 τι
2618 5002 2790 5050 ποιεῖν
2830 4997 3158 5065 νομίζουσιν,
3191 4998 3237 5067 εί
3271 4996 3430 5065 μέχρι
3466 4995 3673 5064 πρωῖας
3708 4993 3813 5063 τῆς

2240 5093 2608 5161 ἀναστασίμου
2639 5090 2848 5159 ἡμέρας
2875 5089 3373 5157 ἑγκαρτερήσουσιν
3402 5088 3596 5146 ἄσιτοι,
3631 5085 3689 5138 οὗ

2239 5187 2428 5257 ὁμοίαν
2457 5182 2680 5252 ἄθλησιν
2709 5179 3012 5231 ποιοῦνται’
3043 5178 3340 5240 τουτέστιν,
3374 5177 3469 5246 οὐχ
3498 5177 3694 5246 ὁμοίως
3717 5191 3809 5229 κιο

2244 5276 2538 5328 κοπιάκασι
2591 5275 2704 5333 τοῖς
2746 5268 2996 5329 πλειόνας
3037 5267 3255 5337 ἡμέρας
3296 5268 3589 5336 ἀσκήσασι.
3639 5267 3748 5318 Καὶ
3784 5268 3815 5319 ὀ

2247 5366 2331 5420 πθ¹
2387 5364 2563 5417 κανὼν
2594 5362 2693 5430 τῆς
2737 5361 2790 5424 ς’
2829 5361 3076 5420 συνόδου,
3123 5358 3250 5427 περὶ
3289 5358 3458 5425 μέσας
3492 5356 3686 5416 νύκτας
3719 5354 3814 5407 τοῦ

2253 5456 2484 5527 μεγάλου
2532 5451 2806 5505 Σαὸϐἀτου
2856 5451 2987 5518 φησι
3033 5449 3143 5500 δεῖν
3193 5445 3664 5517 ἀπονηστίζεσθαι,
3716 5449 3818 5511 τὰς

2250 5548 2412 5610 ἄλλας
2439 5545 2649 5615 ἡμέρας
2691 5541 2788 5610 τῆς
2822 5540 3113 5609 ἑϐδομάδος
3140 5536 3232 5589 τοῦ
3270 5536 3472 5599 πάθους
3505 5539 3562 5589 ὲν
3597 5537 3820 5608 νηστείᾳ

2253 5639 2346 5691 καὶ
2382 5635 2653 5706 προσευχῇ
2685 5632 2778 5683 καὶ
2811 5628 3098 5694 κατανύξει
3128 5627 3428 5694 διάγοντας.

584 5759 675 5797 mo
705 5751 1086 5795 exercuerunt.
1119 5739 1306 5792 Nonus
1328 5753 1551 5806 quoque
1580 5753 1739 5804 supra
1765 5736 2151 5805 octogesimum
2191 5742 2352 5786 smne
2401 5728 2586 5792 synodi
2644 5740 2839 5790 (anon,
2877 5721 3086 5776 circiter
3117 5719 3348 5773 mediam
3382 5716 3561 5786 magni
3595 5715 3821 5771 Sabbati
