  <div class='ocr_page' id='page_1' title='image "/cluster/home/n/w/nwhite01/storage/ocr_20150623/138/pst.000005714544/269.png"; bbox 0 0 4002 6314; ppageno 0'>
   <div class='ocr_carea' id='block_1_1' title="bbox 611 381 702 444">
    <p class='ocr_par' dir='ltr' id='par_1_1' title="bbox 611 381 702 444">
     <span class='ocr_line' id='line_1_1' title="bbox 611 381 702 444; baseline -0.044 -2"><span class='ocrx_word' id='word_1_1' title='bbox 611 381 702 444; x_wconf 67' lang='grc'><strong>467</strong></span> 
     </span>
    </p>
   </div>
   <div class='ocr_carea' id='block_1_2' title="bbox 1864 379 2590 444">
    <p class='ocr_par' dir='ltr' id='par_1_2' title="bbox 1864 379 2590 444">
     <span class='ocr_line' id='line_1_2' title="bbox 1864 379 2590 444; baseline 0.006 -4"><span class='ocrx_word' id='word_1_2' title='bbox 1864 379 2138 444; x_wconf 79' lang='lat' dir='ltr'><strong>TUEUD.</strong></span> <span class='ocrx_word' id='word_1_3' title='bbox 2185 380 2590 444; x_wconf 73' lang='lat' dir='ltr'><strong>BALSAMON</strong></span> 
     </span>
    </p>
   </div>
   <div class='ocr_carea' id='block_1_3' title="bbox 3736 381 3840 443">
    <p class='ocr_par' dir='ltr' id='par_1_3' title="bbox 3736 381 3840 443">
     <span class='ocr_line' id='line_1_3' title="bbox 3736 381 3840 443; baseline -0.029 -2"><span class='ocrx_word' id='word_1_4' title='bbox 3736 381 3840 443; x_wconf 70' lang='grc'><strong>468</strong></span> 
     </span>
    </p>
   </div>
   <div class='ocr_carea' id='block_1_4' title="bbox 601 501 2150 576">
    <p class='ocr_par' dir='ltr' id='par_1_4' title="bbox 601 501 2150 570">
     <span class='ocr_line' id='line_1_4' title="bbox 601 501 2150 570; baseline 0.001 -16"><span class='ocrx_word' id='word_1_5' title='bbox 601 511 876 554; x_wconf 82' lang='lat' dir='ltr'><strong>sacrarum</strong></span> <span class='ocrx_word' id='word_1_6' title='bbox 903 512 1121 564; x_wconf 85' lang='lat' dir='ltr'><strong>precum</strong></span> <span class='ocrx_word' id='word_1_7' title='bbox 1143 505 1397 568; x_wconf 86' lang='lat' dir='ltr'><strong>mysteria</strong></span> <span class='ocrx_word' id='word_1_8' title='bbox 1424 508 1715 570; x_wconf 82' lang='lat' dir='ltr'><strong>peragant;</strong></span> <span class='ocrx_word' id='word_1_9' title='bbox 1743 501 1828 555; x_wconf 82' lang='lat' dir='ltr'><strong>vel</strong></span> <span class='ocrx_word' id='word_1_10' title='bbox 1859 501 2020 556; x_wconf 83' lang='lat' dir='ltr'><strong>etiam</strong></span> <span class='ocrx_word' id='word_1_11' title='bbox 2041 518 2150 558; x_wconf 89' lang='lat' dir='ltr'><strong>curr</strong></span> 
     </span>
    </p>
   </div>
   <div class='ocr_carea' id='block_1_5' title="bbox 2255 501 3837 576">
    <p class='ocr_par' dir='ltr' id='par_1_5' title="bbox 2271 501 3837 576">
     <span class='ocr_line' id='line_1_5' title="bbox 2271 501 3837 576; baseline -0.001 -19"><span class='ocrx_word' id='word_1_12' title='bbox 2271 505 2408 574; x_wconf 74' lang='grc' dir='ltr'>μετὰ</span> <span class='ocrx_word' id='word_1_13' title='bbox 2437 505 2798 576; x_wconf 76' lang='grc' dir='ltr'>ὲπισκοπικῆς</span> <span class='ocrx_word' id='word_1_14' title='bbox 2827 503 3125 575; x_wconf 76' lang='grc' dir='ltr'><strong>ἐπιτροπῆς</strong></span> <span class='ocrx_word' id='word_1_15' title='bbox 3168 504 3293 567; x_wconf 76' lang='grc' dir='ltr'>τοὺς</span> <span class='ocrx_word' id='word_1_16' title='bbox 3342 501 3607 565; x_wconf 82' lang='grc' dir='ltr'>τοιούτους</span> <span class='ocrx_word' id='word_1_17' title='bbox 3643 504 3837 565; x_wconf 74' lang='grc' dir='ltr'>τόπους</span> 
     </span>
    </p>
   </div>
   <div class='ocr_carea' id='block_1_6' title="bbox 602 588 2167 661">
    <p class='ocr_par' dir='ltr' id='par_1_6' title="bbox 602 588 2167 661">
     <span class='ocr_line' id='line_1_6' title="bbox 602 588 2167 661; baseline 0.003 -19"><span class='ocrx_word' id='word_1_18' title='bbox 602 588 894 658; x_wconf 78' lang='lat' dir='ltr'><strong>episcopali</strong></span> <span class='ocrx_word' id='word_1_19' title='bbox 925 589 1285 656; x_wconf 88' lang='lat' dir='ltr'><strong>permissione</strong></span> <span class='ocrx_word' id='word_1_20' title='bbox 1317 588 1583 657; x_wconf 82' lang='lat' dir='ltr'><strong>ejusmodi</strong></span> <span class='ocrx_word' id='word_1_21' title='bbox 1627 592 1742 645; x_wconf 91' lang='lat' dir='ltr'><strong>loca</strong></span> <span class='ocrx_word' id='word_1_22' title='bbox 1782 606 2067 661; x_wconf 83' lang='lat' dir='ltr'><strong>separare,</strong></span> <span class='ocrx_word' id='word_1_23' title='bbox 2109 606 2167 647; x_wconf 83' lang='lat' dir='ltr'><strong>ut</strong></span> 
     </span>
    </p>
   </div>
   <div class='ocr_carea' id='block_1_7' title="bbox 601 681 2167 752">
    <p class='ocr_par' dir='ltr' id='par_1_7' title="bbox 601 681 2167 752">
     <span class='ocr_line' id='line_1_7' title="bbox 601 681 2167 752; baseline 0.001 -17"><span class='ocrx_word' id='word_1_24' title='bbox 601 681 892 743; x_wconf 70' lang='lat' dir='ltr'><strong>immundae</strong></span> <span class='ocrx_word' id='word_1_25' title='bbox 921 682 1174 735; x_wconf 86' lang='lat' dir='ltr'><strong>mulieres</strong></span> <span class='ocrx_word' id='word_1_26' title='bbox 1203 682 1256 734; x_wconf 89' lang='lat' dir='ltr'><strong>in</strong></span> <span class='ocrx_word' id='word_1_27' title='bbox 1282 682 1360 735; x_wconf 90' lang='lat' dir='ltr'><strong>eis</strong></span> <span class='ocrx_word' id='word_1_28' title='bbox 1391 681 1513 735; x_wconf 87' lang='lat' dir='ltr'><strong>sine</strong></span> <span class='ocrx_word' id='word_1_29' title='bbox 1534 683 1844 750; x_wconf 62' lang='lat' dir='ltr'><strong>praeiudicio</strong></span> <span class='ocrx_word' id='word_1_30' title='bbox 1868 695 2013 738; x_wconf 88' lang='lat' dir='ltr'><strong>stare</strong></span> <span class='ocrx_word' id='word_1_31' title='bbox 2044 699 2167 752; x_wconf 85' lang='lat' dir='ltr'><strong>pos-</strong></span> 
     </span>
    </p>
   </div>
   <div class='ocr_carea' id='block_1_8' title="bbox 600 770 2164 841">
    <p class='ocr_par' dir='ltr' id='par_1_8' title="bbox 600 770 2164 841">
     <span class='ocr_line' id='line_1_8' title="bbox 600 770 2164 841; baseline -0.001 -14"><span class='ocrx_word' id='word_1_32' title='bbox 600 774 730 827; x_wconf 74' lang='lat' dir='ltr'><strong>sint.</strong></span> <span class='ocrx_word' id='word_1_33' title='bbox 777 770 884 841; x_wconf 87' lang='lat' dir='ltr'><strong>Ego</strong></span> <span class='ocrx_word' id='word_1_34' title='bbox 916 781 1096 825; x_wconf 86' lang='lat' dir='ltr'><strong>autem</strong></span> <span class='ocrx_word' id='word_1_35' title='bbox 1133 772 1245 824; x_wconf 84' lang='lat' dir='ltr'><strong>vidi</strong></span> <span class='ocrx_word' id='word_1_36' title='bbox 1272 772 1434 824; x_wconf 85' lang='lat' dir='ltr'><strong>etiam</strong></span> <span class='ocrx_word' id='word_1_37' title='bbox 1479 772 1746 839; x_wconf 82' lang='lat' dir='ltr'><strong>ejusmodi</strong></span> <span class='ocrx_word' id='word_1_38' title='bbox 1790 774 2068 827; x_wconf 85' lang='lat' dir='ltr'><strong>mulierem</strong></span> <span class='ocrx_word' id='word_1_39' title='bbox 2111 775 2164 827; x_wconf 89' lang='lat' dir='ltr'><strong>in</strong></span> 
     </span>
    </p>
   </div>
   <div class='ocr_carea' id='block_1_9' title="bbox 600 862 2168 927">
    <p class='ocr_par' dir='ltr' id='par_1_9' title="bbox 600 862 2168 927">
     <span class='ocr_line' id='line_1_9' title="bbox 600 862 2168 927; baseline 0.003 -13"><span class='ocrx_word' id='word_1_40' title='bbox 600 863 864 917; x_wconf 82' lang='lat' dir='ltr'><strong>vestibulo</strong></span> <span class='ocrx_word' id='word_1_41' title='bbox 905 871 1136 917; x_wconf 86' lang='lat' dir='ltr'><strong>stantem</strong></span> <span class='ocrx_word' id='word_1_42' title='bbox 1155 904 1170 927; x_wconf 88' lang='lat'><strong>,</strong></span> <span class='ocrx_word' id='word_1_43' title='bbox 1198 872 1252 916; x_wconf 89' lang='lat' dir='ltr'><strong>et</strong></span> <span class='ocrx_word' id='word_1_44' title='bbox 1287 862 1462 916; x_wconf 75' lang='lat' dir='ltr'><strong>arrhze</strong></span> <span class='ocrx_word' id='word_1_45' title='bbox 1491 863 1794 916; x_wconf 85' lang='lat' dir='ltr'><strong>orationem</strong></span> <span class='ocrx_word' id='word_1_46' title='bbox 1825 863 1894 917; x_wconf 90' lang='lat' dir='ltr'><strong>ab</strong></span> <span class='ocrx_word' id='word_1_47' title='bbox 1922 863 2168 923; x_wconf 81' lang='lat' dir='ltr'><strong>antistite</strong></span> 
     </span>
    </p>
   </div>
   <div class='ocr_carea' id='block_1_10' title="bbox 598 953 2164 1022">
    <p class='ocr_par' dir='ltr' id='par_1_10' title="bbox 598 953 2164 1022">
     <span class='ocr_line' id='line_1_10' title="bbox 598 953 2164 1022; baseline -0.001 -14"><span class='ocrx_word' id='word_1_48' title='bbox 598 955 950 1022; x_wconf 83' lang='lat' dir='ltr'><strong>accipientem</strong></span> <span class='ocrx_word' id='word_1_49' title='bbox 997 954 1179 1022; x_wconf 90' lang='lat' dir='ltr'><strong>:quod</strong></span> <span class='ocrx_word' id='word_1_50' title='bbox 1233 954 1450 1022; x_wconf 80' lang='lat' dir='ltr'><strong>quidem</strong></span> <span class='ocrx_word' id='word_1_51' title='bbox 1493 969 1612 1008; x_wconf 91' lang='lat' dir='ltr'><strong>sum</strong></span> <span class='ocrx_word' id='word_1_52' title='bbox 1657 954 1978 1008; x_wconf 75' lang='lat' dir='ltr'><strong>admiratus.</strong></span> <span class='ocrx_word' id='word_1_53' title='bbox 2024 953 2164 1009; x_wconf 91' lang='lat' dir='ltr'><strong>Olim</strong></span> 
     </span>
    </p>
   </div>
   <div class='ocr_carea' id='block_1_11' title="bbox 597 1044 2165 1108">
    <p class='ocr_par' dir='ltr' id='par_1_11' title="bbox 597 1044 2165 1108">
     <span class='ocr_line' id='line_1_11' title="bbox 597 1044 2165 1108; baseline 0 -10"><span class='ocrx_word' id='word_1_54' title='bbox 597 1054 796 1108; x_wconf 84' lang='lat' dir='ltr'><strong>autem,</strong></span> <span class='ocrx_word' id='word_1_55' title='bbox 832 1055 890 1097; x_wconf 91' lang='lat' dir='ltr'><strong>ut</strong></span> <span class='ocrx_word' id='word_1_56' title='bbox 943 1054 1024 1098; x_wconf 85' lang='lat' dir='ltr'><strong>est</strong></span> <span class='ocrx_word' id='word_1_57' title='bbox 1069 1044 1379 1106; x_wconf 85' lang='lat' dir='ltr'><strong>verisimile,</strong></span> <span class='ocrx_word' id='word_1_58' title='bbox 1413 1044 1666 1098; x_wconf 82' lang='lat' dir='ltr'><strong>mulieres</strong></span> <span class='ocrx_word' id='word_1_59' title='bbox 1705 1044 1772 1097; x_wconf 89' lang='lat' dir='ltr'><strong>ad</strong></span> <span class='ocrx_word' id='word_1_60' title='bbox 1805 1045 1972 1099; x_wconf 80' lang='lat' dir='ltr'><strong>altare</strong></span> <span class='ocrx_word' id='word_1_61' title='bbox 2007 1060 2165 1098; x_wconf 84' lang='lat' dir='ltr'><strong>acce-</strong></span> 
     </span>
    </p>
   </div>
   <div class='ocr_carea' id='block_1_12' title="bbox 595 1134 2166 1204">
    <p class='ocr_par' dir='ltr' id='par_1_12' title="bbox 595 1134 2166 1204">
     <span class='ocr_line' id='line_1_12' title="bbox 595 1134 2166 1204; baseline -0.003 -13"><span class='ocrx_word' id='word_1_62' title='bbox 595 1139 825 1202; x_wconf 84' lang='lat' dir='ltr'><strong>debant,</strong></span> <span class='ocrx_word' id='word_1_63' title='bbox 871 1147 923 1191; x_wconf 85' lang='lat' dir='ltr'><strong>et</strong></span> <span class='ocrx_word' id='word_1_64' title='bbox 965 1138 1029 1190; x_wconf 92' lang='lat' dir='ltr'><strong>de</strong></span> <span class='ocrx_word' id='word_1_65' title='bbox 1077 1145 1262 1190; x_wconf 88' lang='lat' dir='ltr'><strong>sancta</strong></span> <span class='ocrx_word' id='word_1_66' title='bbox 1316 1151 1502 1190; x_wconf 89' lang='lat' dir='ltr'><strong>mensa</strong></span> <span class='ocrx_word' id='word_1_67' title='bbox 1561 1135 1976 1204; x_wconf 86' lang='lat' dir='ltr'><strong>participabant.</strong></span> <span class='ocrx_word' id='word_1_68' title='bbox 2033 1134 2166 1188; x_wconf 88' lang='lat' dir='ltr'><strong>Pro-</strong></span> 
     </span>
    </p>
   </div>
   <div class='ocr_carea' id='block_1_13' title="bbox 596 1224 2167 1297">
    <p class='ocr_par' dir='ltr' id='par_1_13' title="bbox 596 1224 2167 1297">
     <span class='ocr_line' id='line_1_13' title="bbox 596 1224 2167 1297; baseline -0.001 -15"><span class='ocrx_word' id='word_1_69' title='bbox 596 1241 775 1297; x_wconf 85' lang='lat' dir='ltr'><strong>pterea</strong></span> <span class='ocrx_word' id='word_1_70' title='bbox 809 1229 951 1281; x_wconf 85' lang='lat' dir='ltr'><strong>enin:</strong></span> <span class='ocrx_word' id='word_1_71' title='bbox 1000 1229 1186 1280; x_wconf 87' lang='lat' dir='ltr'><strong>altaris</strong></span> <span class='ocrx_word' id='word_1_72' title='bbox 1213 1241 1430 1294; x_wconf 86' lang='lat' dir='ltr'><strong>quoque</strong></span> <span class='ocrx_word' id='word_1_73' title='bbox 1477 1242 1653 1279; x_wconf 86' lang='lat' dir='ltr'><strong>canon</strong></span> <span class='ocrx_word' id='word_1_74' title='bbox 1707 1226 1974 1279; x_wconf 87' lang='lat' dir='ltr'><strong>meminit.</strong></span> <span class='ocrx_word' id='word_1_75' title='bbox 2028 1224 2167 1294; x_wconf 83' lang='lat' dir='ltr'><strong>Lege</strong></span> 
     </span>
    </p>
   </div>
   <div class='ocr_carea' id='block_1_14' title="bbox 595 1315 2162 1387">
    <p class='ocr_par' dir='ltr' id='par_1_14' title="bbox 595 1315 2162 1387">
     <span class='ocr_line' id='line_1_14' title="bbox 595 1315 2162 1387; baseline -0.003 -15"><span class='ocrx_word' id='word_1_76' title='bbox 595 1320 662 1372; x_wconf 64' lang='grc' dir='ltr'><strong>ΑΗ</strong></span> <span class='ocrx_word' id='word_1_77' title='bbox 693 1333 957 1372; x_wconf 87' lang='lat' dir='ltr'><strong>canonem</strong></span> <span class='ocrx_word' id='word_1_78' title='bbox 1013 1318 1204 1387; x_wconf 85' lang='lat' dir='ltr'><strong>synodi</strong></span> <span class='ocrx_word' id='word_1_79' title='bbox 1265 1315 1611 1379; x_wconf 63' lang='lat' dir='ltr'><strong>Laodiceam,</strong></span> <span class='ocrx_word' id='word_1_80' title='bbox 1646 1329 1699 1375; x_wconf 86' lang='lat' dir='ltr'><strong>et</strong></span> <span class='ocrx_word' id='word_1_81' title='bbox 1744 1315 1812 1370; x_wconf 89' lang='lat'><strong>69</strong></span> <span class='ocrx_word' id='word_1_82' title='bbox 1853 1333 1904 1368; x_wconf 82' lang='lat' dir='ltr'><strong>vt</strong></span> <span class='ocrx_word' id='word_1_83' title='bbox 1950 1315 2162 1385; x_wconf 85' lang='lat' dir='ltr'><strong>synodi.</strong></span> 
     </span>
    </p>
   </div>
   <div class='ocr_carea' id='block_1_15' title="bbox 597 1404 2163 1477">
    <p class='ocr_par' dir='ltr' id='par_1_15' title="bbox 597 1404 2163 1477">
     <span class='ocr_line' id='line_1_15' title="bbox 597 1404 2163 1477; baseline -0.003 -14"><span class='ocrx_word' id='word_1_84' title='bbox 597 1409 858 1464; x_wconf 84' lang='lat' dir='ltr'><strong>Similiter</strong></span> <span class='ocrx_word' id='word_1_85' title='bbox 909 1410 1023 1477; x_wconf 82' lang='lat' dir='ltr'><strong>lege</strong></span> <span class='ocrx_word' id='word_1_86' title='bbox 1068 1417 1120 1461; x_wconf 90' lang='lat' dir='ltr'><strong>et</strong></span> <span class='ocrx_word' id='word_1_87' title='bbox 1148 1407 1212 1460; x_wconf 82' lang='lat' dir='ltr'><strong>l7</strong></span> <span class='ocrx_word' id='word_1_88' title='bbox 1242 1408 1507 1462; x_wconf 83' lang='lat' dir='ltr'><strong>novellam</strong></span> <span class='ocrx_word' id='word_1_89' title='bbox 1557 1408 1704 1476; x_wconf 86' lang='lat' dir='ltr'><strong>regis</strong></span> <span class='ocrx_word' id='word_1_90' title='bbox 1736 1407 1940 1461; x_wconf 88' lang='lat' dir='ltr'><strong>domini</strong></span> <span class='ocrx_word' id='word_1_91' title='bbox 1969 1404 2163 1459; x_wconf 87' lang='lat' dir='ltr'><strong>Leonis</strong></span> 
     </span>
    </p>
   </div>
   <div class='ocr_carea' id='block_1_16' title="bbox 595 1495 2164 1570">
    <p class='ocr_par' dir='ltr' id='par_1_16' title="bbox 595 1495 2164 1570">
     <span class='ocr_line' id='line_1_16' title="bbox 595 1495 2164 1570; baseline -0.003 -15"><span class='ocrx_word' id='word_1_92' title='bbox 595 1502 869 1570; x_wconf 81' lang='lat' dir='ltr'><strong>Sapientis</strong></span> <span class='ocrx_word' id='word_1_93' title='bbox 914 1502 1028 1554; x_wconf 78' lang='lat' dir='ltr'><strong>haee</strong></span> <span class='ocrx_word' id='word_1_94' title='bbox 1070 1501 1120 1553; x_wconf 90' lang='lat' dir='ltr'><strong>in</strong></span> <span class='ocrx_word' id='word_1_95' title='bbox 1160 1509 1310 1568; x_wconf 89' lang='lat' dir='ltr'><strong>parte</strong></span> <span class='ocrx_word' id='word_1_96' title='bbox 1359 1507 1677 1553; x_wconf 79' lang='lat' dir='ltr'><strong>tractantem</strong></span> <span class='ocrx_word' id='word_1_97' title='bbox 1710 1514 1722 1549; x_wconf 91' lang='lat'><strong>:</strong></span> <span class='ocrx_word' id='word_1_98' title='bbox 1761 1495 2059 1551; x_wconf 78' lang='lat' dir='ltr'><strong>Statuimus</strong></span> <span class='ocrx_word' id='word_1_99' title='bbox 2099 1497 2164 1551; x_wconf 91' lang='lat' dir='ltr'><strong>de</strong></span> 
     </span>
    </p>
   </div>
   <div class='ocr_carea' id='block_1_17' title="bbox 594 1586 2160 1661">
    <p class='ocr_par' dir='ltr' id='par_1_17' title="bbox 594 1586 2160 1661">
     <span class='ocr_line' id='line_1_17' title="bbox 594 1586 2160 1661; baseline -0.005 -14"><span class='ocrx_word' id='word_1_100' title='bbox 594 1593 913 1648; x_wconf 81' lang='lat' dir='ltr'><strong>mulieribus</strong></span> <span class='ocrx_word' id='word_1_101' title='bbox 955 1608 1074 1661; x_wconf 80' lang='lat' dir='ltr'><strong>qua:</strong></span> <span class='ocrx_word' id='word_1_102' title='bbox 1104 1599 1448 1661; x_wconf 85' lang='lat' dir='ltr'><strong>pepererunt,</strong></span> <span class='ocrx_word' id='word_1_103' title='bbox 1477 1599 1529 1644; x_wconf 90' lang='lat' dir='ltr'><strong>et</strong></span> <span class='ocrx_word' id='word_1_104' title='bbox 1568 1589 1635 1642; x_wconf 88' lang='lat' dir='ltr'><strong>de</strong></span> <span class='ocrx_word' id='word_1_105' title='bbox 1670 1589 1737 1643; x_wconf 85' lang='lat' dir='ltr'><strong>iis</strong></span> <span class='ocrx_word' id='word_1_106' title='bbox 1770 1603 1890 1657; x_wconf 72' lang='lat' dir='ltr'><strong>quae</strong></span> <span class='ocrx_word' id='word_1_107' title='bbox 1930 1586 2160 1640; x_wconf 84' lang='lat' dir='ltr'><strong>naturali</strong></span> 
     </span>
    </p>
   </div>
   <div class='ocr_carea' id='block_1_18' title="bbox 595 1676 2161 1753">
    <p class='ocr_par' dir='ltr' id='par_1_18' title="bbox 595 1676 2161 1753">
     <span class='ocr_line' id='line_1_18' title="bbox 595 1676 2161 1753; baseline -0.005 -16"><span class='ocrx_word' id='word_1_108' title='bbox 595 1683 913 1753; x_wconf 77' lang='lat' dir='ltr'><strong>purgatione</strong></span> <span class='ocrx_word' id='word_1_109' title='bbox 941 1684 1268 1746; x_wconf 79' lang='lat' dir='ltr'><strong>detinentur,</strong></span> <span class='ocrx_word' id='word_1_110' title='bbox 1297 1681 1563 1749; x_wconf 79' lang='lat' dir='ltr'><strong>siquidem</strong></span> <span class='ocrx_word' id='word_1_111' title='bbox 1595 1694 1781 1734; x_wconf 87' lang='lat' dir='ltr'><strong>earum</strong></span> <span class='ocrx_word' id='word_1_112' title='bbox 1809 1679 1915 1732; x_wconf 85' lang='lat' dir='ltr'><strong>vita</strong></span> <span class='ocrx_word' id='word_1_113' title='bbox 1952 1694 1981 1731; x_wconf 91' lang='lat' dir='ltr'><strong>a</strong></span> <span class='ocrx_word' id='word_1_114' title='bbox 2013 1676 2161 1731; x_wconf 89' lang='lat' dir='ltr'><strong>nulla</strong></span> 
     </span>
    </p>
   </div>
   <div class='ocr_carea' id='block_1_19' title="bbox 594 1769 2156 1839">
    <p class='ocr_par' dir='ltr' id='par_1_19' title="bbox 594 1769 2156 1839">
     <span class='ocr_line' id='line_1_19' title="bbox 594 1769 2156 1839; baseline -0.005 -11"><span class='ocrx_word' id='word_1_115' title='bbox 594 1776 696 1829; x_wconf 86' lang='lat' dir='ltr'><strong>alia</strong></span> <span class='ocrx_word' id='word_1_116' title='bbox 741 1774 992 1827; x_wconf 87' lang='lat' dir='ltr'><strong>morbosa</strong></span> <span class='ocrx_word' id='word_1_117' title='bbox 1043 1772 1327 1826; x_wconf 82' lang='lat' dir='ltr'><strong>aﬂ&#39;ectione</strong></span> <span class='ocrx_word' id='word_1_118' title='bbox 1375 1769 1741 1839; x_wconf 80' lang='lat' dir='ltr'><strong>perturbatur,</strong></span> <span class='ocrx_word' id='word_1_119' title='bbox 1779 1779 1839 1824; x_wconf 86' lang='lat' dir='ltr'><strong>ut</strong></span> <span class='ocrx_word' id='word_1_120' title='bbox 1882 1783 2003 1837; x_wconf 72' lang='lat' dir='ltr'><strong>quae</strong></span> <span class='ocrx_word' id='word_1_121' title='bbox 2050 1781 2156 1821; x_wconf 88' lang='lat' dir='ltr'><strong>non</strong></span> 
     </span>
    </p>
   </div>
   <div class='ocr_carea' id='block_1_20' title="bbox 2268 594 3837 667">
    <p class='ocr_par' dir='ltr' id='par_1_20' title="bbox 2268 594 3837 667">
     <span class='ocr_line' id='line_1_20' title="bbox 2268 594 3837 667; baseline -0.002 -18"><span class='ocrx_word' id='word_1_122' title='bbox 2268 595 2640 667; x_wconf 74' lang='grc' dir='ltr'><strong>ἀφορίζεσθαι,</strong></span> <span class='ocrx_word' id='word_1_123' title='bbox 2671 597 2807 650; x_wconf 77' lang='grc' dir='ltr'>ὥστε</span> <span class='ocrx_word' id='word_1_124' title='bbox 2851 596 3326 666; x_wconf 80' lang='grc' dir='ltr'>ἁποκριματίστως</span> <span class='ocrx_word' id='word_1_125' title='bbox 3353 594 3601 648; x_wconf 82' lang='grc' dir='ltr'>ἵστασθαι</span> <span class='ocrx_word' id='word_1_126' title='bbox 3633 595 3688 646; x_wconf 77' lang='grc' dir='ltr'><strong>ἐν</strong></span> <span class='ocrx_word' id='word_1_127' title='bbox 3738 596 3837 648; x_wconf 63' lang='grc' dir='ltr'>αὐτ</span> 
     </span>
    </p>
   </div>
   <div class='ocr_carea' id='block_1_21' title="bbox 2267 681 3835 755">
    <p class='ocr_par' dir='ltr' id='par_1_21' title="bbox 2267 681 3835 755">
     <span class='ocr_line' id='line_1_21' title="bbox 2267 681 3835 755; baseline 0.002 -18"><span class='ocrx_word' id='word_1_128' title='bbox 2267 688 2376 748; x_wconf 84' lang='grc' dir='ltr'>τοῖς</span> <span class='ocrx_word' id='word_1_129' title='bbox 2403 686 2500 748; x_wconf 77' lang='grc' dir='ltr'>τὰς</span> <span class='ocrx_word' id='word_1_130' title='bbox 2532 688 2870 755; x_wconf 76' lang='grc' dir='ltr'><strong>ἀκαθάρτους</strong></span> <span class='ocrx_word' id='word_1_131' title='bbox 2924 691 3204 755; x_wconf 87' lang='grc' dir='ltr'>γυναῖκας.</span> <span class='ocrx_word' id='word_1_132' title='bbox 3263 685 3404 753; x_wconf 84' lang='grc' dir='ltr'><strong>Ἐγὼ</strong></span> <span class='ocrx_word' id='word_1_133' title='bbox 3461 684 3517 737; x_wconf 87' lang='grc' dir='ltr'>δὲ</span> <span class='ocrx_word' id='word_1_134' title='bbox 3571 681 3708 736; x_wconf 74' lang='grc' dir='ltr'>εἶδον</span> <span class='ocrx_word' id='word_1_135' title='bbox 3744 689 3835 741; x_wconf 74' lang='grc' dir='ltr'><strong>καὶ</strong></span> 
     </span>
    </p>
   </div>
   <div class='ocr_carea' id='block_1_22' title="bbox 2266 767 3836 847">
    <p class='ocr_par' dir='ltr' id='par_1_22' title="bbox 2266 767 3836 847">
     <span class='ocr_line' id='line_1_22' title="bbox 2266 767 3836 847; baseline -0.001 -21"><span class='ocrx_word' id='word_1_136' title='bbox 2266 776 2519 847; x_wconf 76' lang='grc' dir='ltr'><strong>τοιαύτην</strong></span> <span class='ocrx_word' id='word_1_137' title='bbox 2546 781 2780 845; x_wconf 78' lang='grc' dir='ltr'>γυναῖκα</span> <span class='ocrx_word' id='word_1_138' title='bbox 2832 767 2923 831; x_wconf 56' lang='grc' dir='ltr'><strong>ἐπὶ</strong></span> <span class='ocrx_word' id='word_1_139' title='bbox 2970 778 3206 847; x_wconf 82' lang='grc' dir='ltr'>προνάου</span> <span class='ocrx_word' id='word_1_140' title='bbox 3250 775 3515 837; x_wconf 79' lang='grc' dir='ltr'>ἑστῶσαν,</span> <span class='ocrx_word' id='word_1_141' title='bbox 3551 776 3645 827; x_wconf 74' lang='grc' dir='ltr'>καὶ</span> <span class='ocrx_word' id='word_1_142' title='bbox 3671 776 3836 844; x_wconf 70' lang='grc' dir='ltr'>εὐχὴν</span> 
     </span>
    </p>
   </div>
   <div class='ocr_carea' id='block_1_23' title="bbox 2265 866 3835 938">
    <p class='ocr_par' dir='ltr' id='par_1_23' title="bbox 2265 866 3835 938">
     <span class='ocr_line' id='line_1_23' title="bbox 2265 866 3835 938; baseline -0.002 -17"><span class='ocrx_word' id='word_1_143' title='bbox 2265 866 2580 936; x_wconf 77' lang='grc' dir='ltr'>ἀρῤαϐὦνος</span> <span class='ocrx_word' id='word_1_144' title='bbox 2629 869 2778 938; x_wconf 71' lang='grc' dir='ltr'>παρὰ</span> <span class='ocrx_word' id='word_1_145' title='bbox 2825 867 3121 938; x_wconf 82' lang='grc' dir='ltr'><strong>ἀρχιερέως</strong></span> <span class='ocrx_word' id='word_1_146' title='bbox 3187 867 3500 936; x_wconf 81' lang='grc' dir='ltr'>δεξαμένην·</span> <span class='ocrx_word' id='word_1_147' title='bbox 3551 867 3686 936; x_wconf 64' lang='grc' dir='ltr'>ὃπρ</span> <span class='ocrx_word' id='word_1_148' title='bbox 3743 866 3835 918; x_wconf 78' lang='grc' dir='ltr'>καὶ</span> 
     </span>
    </p>
   </div>
   <div class='ocr_carea' id='block_1_24' title="bbox 2268 956 3833 1027">
    <p class='ocr_par' dir='ltr' id='par_1_24' title="bbox 2268 956 3833 1027">
     <span class='ocr_line' id='line_1_24' title="bbox 2268 956 3833 1027; baseline -0.001 -19"><span class='ocrx_word' id='word_1_149' title='bbox 2268 956 2570 1027; x_wconf 74' lang='grc' dir='ltr'><strong>ἐθαύμασα.</strong></span> <span class='ocrx_word' id='word_1_150' title='bbox 2645 958 2730 1022; x_wconf 83' lang='grc' dir='ltr'>Ὠς</span> <span class='ocrx_word' id='word_1_151' title='bbox 2759 960 2900 1012; x_wconf 75' lang='grc' dir='ltr'>ἔοικε</span> <span class='ocrx_word' id='word_1_152' title='bbox 2927 959 3005 1024; x_wconf 86' lang='grc' dir='ltr'><strong>δέ,</strong></span> <span class='ocrx_word' id='word_1_153' title='bbox 3038 957 3099 1010; x_wconf 83' lang='grc' dir='ltr'><strong>τὸ</strong></span> <span class='ocrx_word' id='word_1_154' title='bbox 3137 958 3364 1009; x_wconf 80' lang='grc' dir='ltr'>παλαιὸν</span> <span class='ocrx_word' id='word_1_155' title='bbox 3393 958 3708 1026; x_wconf 82' lang='grc' dir='ltr'>είσήρχοντο</span> <span class='ocrx_word' id='word_1_156' title='bbox 3740 973 3833 1025; x_wconf 77' lang='grc' dir='ltr'>γυ-</span> 
     </span>
    </p>
   </div>
   <div class='ocr_carea' id='block_1_25' title="bbox 2267 1047 3834 1120">
    <p class='ocr_par' dir='ltr' id='par_1_25' title="bbox 2267 1047 3834 1120">
     <span class='ocr_line' id='line_1_25' title="bbox 2267 1047 3834 1120; baseline 0.002 -23"><span class='ocrx_word' id='word_1_157' title='bbox 2267 1050 2447 1110; x_wconf 81' lang='grc' dir='ltr'>ναῖκες</span> <span class='ocrx_word' id='word_1_158' title='bbox 2476 1050 2554 1111; x_wconf 86' lang='grc' dir='ltr'><strong>είς</strong></span> <span class='ocrx_word' id='word_1_159' title='bbox 2574 1049 2635 1101; x_wconf 81' lang='grc' dir='ltr'><strong>τὸ</strong></span> <span class='ocrx_word' id='word_1_160' title='bbox 2683 1049 3082 1120; x_wconf 85' lang='grc' dir='ltr'>θυσιαστήριον,</span> <span class='ocrx_word' id='word_1_161' title='bbox 3134 1050 3227 1101; x_wconf 74' lang='grc' dir='ltr'><strong>καὶ</strong></span> <span class='ocrx_word' id='word_1_162' title='bbox 3259 1048 3365 1101; x_wconf 77' lang='grc' dir='ltr'>ἀπὸ</span> <span class='ocrx_word' id='word_1_163' title='bbox 3395 1049 3490 1117; x_wconf 78' lang='grc' dir='ltr'>τῆς</span> <span class='ocrx_word' id='word_1_164' title='bbox 3515 1047 3674 1115; x_wconf 85' lang='grc' dir='ltr'>ἁγίας</span> <span class='ocrx_word' id='word_1_165' title='bbox 3703 1065 3834 1117; x_wconf 81' lang='grc' dir='ltr'>τρα-</span> 
     </span>
    </p>
   </div>
   <div class='ocr_carea' id='block_1_26' title="bbox 2269 1135 3835 1206">
    <p class='ocr_par' dir='ltr' id='par_1_26' title="bbox 2269 1135 3835 1206">
     <span class='ocr_line' id='line_1_26' title="bbox 2269 1135 3835 1206; baseline 0.003 -21"><span class='ocrx_word' id='word_1_166' title='bbox 2269 1135 2436 1204; x_wconf 76' lang='grc' dir='ltr'>πέζης</span> <span class='ocrx_word' id='word_1_167' title='bbox 2472 1137 2890 1206; x_wconf 74' lang='grc' dir='ltr'>μετελάμϐανον.</span> <span class='ocrx_word' id='word_1_168' title='bbox 2925 1137 3022 1190; x_wconf 80' lang='grc' dir='ltr'><strong>Διὰ</strong></span> <span class='ocrx_word' id='word_1_169' title='bbox 3068 1137 3223 1189; x_wconf 90' lang='grc' dir='ltr'>τοῦτο</span> <span class='ocrx_word' id='word_1_170' title='bbox 3249 1137 3355 1206; x_wconf 85' lang='grc' dir='ltr'>γὰρ</span> <span class='ocrx_word' id='word_1_171' title='bbox 3388 1137 3478 1190; x_wconf 76' lang='grc' dir='ltr'>καὶ</span> <span class='ocrx_word' id='word_1_172' title='bbox 3525 1135 3618 1188; x_wconf 90' lang='grc' dir='ltr'><strong>τοῦ</strong></span> <span class='ocrx_word' id='word_1_173' title='bbox 3646 1136 3835 1190; x_wconf 83' lang='grc' dir='ltr'>θυσια-</span> 
     </span>
    </p>
   </div>
   <div class='ocr_carea' id='block_1_27' title="bbox 2269 1219 3834 1295">
    <p class='ocr_par' dir='ltr' id='par_1_27' title="bbox 2269 1219 3834 1295">
     <span class='ocr_line' id='line_1_27' title="bbox 2269 1219 3834 1295; baseline 0.006 -27"><span class='ocrx_word' id='word_1_174' title='bbox 2269 1219 2487 1290; x_wconf 86' lang='grc' dir='ltr'>στηρίου</span> <span class='ocrx_word' id='word_1_175' title='bbox 2518 1222 2786 1293; x_wconf 76' lang='grc' dir='ltr'>μέμνηται</span> <span class='ocrx_word' id='word_1_176' title='bbox 2819 1225 2846 1275; x_wconf 88' lang='grc' dir='ltr'>ὁ</span> <span class='ocrx_word' id='word_1_177' title='bbox 2892 1223 3088 1277; x_wconf 85' lang='grc' dir='ltr'>κανών.</span> <span class='ocrx_word' id='word_1_178' title='bbox 3143 1225 3252 1277; x_wconf 75' lang='grc' dir='ltr'><strong>Καὶ</strong></span> <span class='ocrx_word' id='word_1_179' title='bbox 3310 1223 3580 1292; x_wconf 82' lang='grc' dir='ltr'>ἀνάγνωθι</span> <span class='ocrx_word' id='word_1_180' title='bbox 3612 1225 3701 1276; x_wconf 77' lang='grc' dir='ltr'>τὸν</span> <span class='ocrx_word' id='word_1_181' title='bbox 3749 1225 3834 1295; x_wconf 82' lang='grc' dir='ltr'>μδ⁴</span> 
     </span>
    </p>
   </div>
   <div class='ocr_carea' id='block_1_28' title="bbox 2267 1310 3834 1383">
    <p class='ocr_par' dir='ltr' id='par_1_28' title="bbox 2267 1310 3834 1383">
     <span class='ocr_line' id='line_1_28' title="bbox 2267 1310 3834 1383; baseline 0.003 -24"><span class='ocrx_word' id='word_1_182' title='bbox 2267 1310 2461 1362; x_wconf 81' lang='grc' dir='ltr'>κανόνα</span> <span class='ocrx_word' id='word_1_183' title='bbox 2487 1311 2585 1379; x_wconf 80' lang='grc' dir='ltr'>τῆς</span> <span class='ocrx_word' id='word_1_184' title='bbox 2637 1314 2694 1364; x_wconf 81' lang='grc' dir='ltr'><strong>ἐν</strong></span> <span class='ocrx_word' id='word_1_185' title='bbox 2722 1313 3006 1383; x_wconf 64' lang='grc' dir='ltr'>Λαοδικείᾳ</span> <span class='ocrx_word' id='word_1_186' title='bbox 3041 1315 3276 1377; x_wconf 75' lang='grc' dir='ltr'><strong>συνόδου,</strong></span> <span class='ocrx_word' id='word_1_187' title='bbox 3321 1313 3415 1366; x_wconf 80' lang='grc' dir='ltr'>καὶ</span> <span class='ocrx_word' id='word_1_188' title='bbox 3466 1315 3554 1366; x_wconf 67' lang='grc' dir='ltr'><strong>τὸν</strong></span> <span class='ocrx_word' id='word_1_189' title='bbox 3607 1313 3680 1376; x_wconf 79' lang='grc' dir='ltr'>ξθ¹</span> <span class='ocrx_word' id='word_1_190' title='bbox 3732 1313 3834 1382; x_wconf 79' lang='grc' dir='ltr'>τῆς</span> 
     </span>
    </p>
   </div>
   <div class='ocr_carea' id='block_1_29' title="bbox 2268 1401 3833 1474">
    <p class='ocr_par' dir='ltr' id='par_1_29' title="bbox 2268 1401 3833 1474">
     <span class='ocr_line' id='line_1_29' title="bbox 2268 1401 3833 1474; baseline 0.006 -24"><span class='ocrx_word' id='word_1_191' title='bbox 2268 1405 2319 1461; x_wconf 66' lang='grc' dir='ltr'><strong>ςθ</strong></span> <span class='ocrx_word' id='word_1_192' title='bbox 2372 1401 2606 1453; x_wconf 76' lang='grc' dir='ltr'>συνόδου.</span> <span class='ocrx_word' id='word_1_193' title='bbox 2657 1403 2927 1466; x_wconf 77' lang='grc' dir='ltr'><strong>Ὡσαύτως</strong></span> <span class='ocrx_word' id='word_1_194' title='bbox 2962 1404 3230 1472; x_wconf 86' lang='grc' dir='ltr'>ἀνάγνωθι</span> <span class='ocrx_word' id='word_1_195' title='bbox 3258 1405 3348 1456; x_wconf 76' lang='grc' dir='ltr'><strong>καὶ</strong></span> <span class='ocrx_word' id='word_1_196' title='bbox 3400 1403 3496 1474; x_wconf 79' lang='grc' dir='ltr'>τὴν</span> <span class='ocrx_word' id='word_1_197' title='bbox 3524 1404 3585 1468; x_wconf 73' lang='grc' dir='ltr'>ιε’</span> <span class='ocrx_word' id='word_1_198' title='bbox 3633 1406 3833 1473; x_wconf 74' lang='grc' dir='ltr'>νεαρὰν</span> 
     </span>
    </p>
   </div>
   <div class='ocr_carea' id='block_1_30' title="bbox 2266 1488 3833 1564">
    <p class='ocr_par' dir='ltr' id='par_1_30' title="bbox 2266 1488 3833 1564">
     <span class='ocr_line' id='line_1_30' title="bbox 2266 1488 3833 1564; baseline 0.003 -24"><span class='ocrx_word' id='word_1_199' title='bbox 2266 1488 2358 1540; x_wconf 84' lang='grc' dir='ltr'><strong>τοῦ</strong></span> <span class='ocrx_word' id='word_1_200' title='bbox 2377 1489 2641 1558; x_wconf 77' lang='grc' dir='ltr'>βασιλέως</span> <span class='ocrx_word' id='word_1_201' title='bbox 2672 1493 2861 1562; x_wconf 80' lang='grc' dir='ltr'>κυρίου</span> <span class='ocrx_word' id='word_1_202' title='bbox 2893 1493 3116 1555; x_wconf 87' lang='grc' dir='ltr'>Λέοντος</span> <span class='ocrx_word' id='word_1_203' title='bbox 3134 1492 3226 1545; x_wconf 85' lang='grc' dir='ltr'><strong>τοῦ</strong></span> <span class='ocrx_word' id='word_1_204' title='bbox 3253 1492 3564 1560; x_wconf 71' lang='grc' dir='ltr'>Φιλοσόφου,</span> <span class='ocrx_word' id='word_1_205' title='bbox 3596 1495 3653 1546; x_wconf 90' lang='grc' dir='ltr'><strong>ἐν</strong></span> <span class='ocrx_word' id='word_1_206' title='bbox 3678 1493 3833 1564; x_wconf 81' lang='grc' dir='ltr'>μέρει</span> 
     </span>
    </p>
   </div>
   <div class='ocr_carea' id='block_1_31' title="bbox 2264 1579 3829 1657">
    <p class='ocr_par' dir='ltr' id='par_1_31' title="bbox 2264 1579 3829 1657">
     <span class='ocr_line' id='line_1_31' title="bbox 2264 1579 3829 1657; baseline 0.004 -26"><span class='ocrx_word' id='word_1_207' title='bbox 2264 1579 2433 1632; x_wconf 86' lang='grc' dir='ltr'>ταῦτα</span> <span class='ocrx_word' id='word_1_208' title='bbox 2464 1580 2945 1653; x_wconf 73' lang='grc' dir='ltr'>διαλαμϐάνουσαν·</span> <span class='ocrx_word' id='word_1_209' title='bbox 2967 1586 3247 1656; x_wconf 78' lang='grc' dir='ltr'>Ὀρίξομεν</span> <span class='ocrx_word' id='word_1_210' title='bbox 3274 1586 3399 1657; x_wconf 71' lang='grc' dir='ltr'>περὶ</span> <span class='ocrx_word' id='word_1_211' title='bbox 3430 1585 3703 1638; x_wconf 84' lang='grc' dir='ltr'>τεκουσῶν</span> <span class='ocrx_word' id='word_1_212' title='bbox 3731 1604 3829 1654; x_wconf 82' lang='grc' dir='ltr'>γυ-</span> 
     </span>
    </p>
   </div>
   <div class='ocr_carea' id='block_1_32' title="bbox 2263 1671 3832 1748">
    <p class='ocr_par' dir='ltr' id='par_1_32' title="bbox 2263 1671 3832 1748">
     <span class='ocr_line' id='line_1_32' title="bbox 2263 1671 3832 1748; baseline 0.006 -28"><span class='ocrx_word' id='word_1_213' title='bbox 2263 1671 2462 1724; x_wconf 83' lang='grc' dir='ltr'>ναικῶν</span> <span class='ocrx_word' id='word_1_214' title='bbox 2485 1676 2576 1726; x_wconf 76' lang='grc' dir='ltr'><strong>καὶ</strong></span> <span class='ocrx_word' id='word_1_215' title='bbox 2605 1676 2730 1745; x_wconf 74' lang='grc' dir='ltr'>περὶ</span> <span class='ocrx_word' id='word_1_216' title='bbox 2762 1675 2868 1728; x_wconf 85' lang='grc' dir='ltr'><strong>τῶν</strong></span> <span class='ocrx_word' id='word_1_217' title='bbox 2917 1677 3034 1728; x_wconf 82' lang='grc' dir='ltr'>ὅσαι</span> <span class='ocrx_word' id='word_1_218' title='bbox 3065 1679 3129 1746; x_wconf 83' lang='grc' dir='ltr'><strong>τῇ</strong></span> <span class='ocrx_word' id='word_1_219' title='bbox 3185 1679 3386 1747; x_wconf 76' lang='grc' dir='ltr'>φυσικῇ</span> <span class='ocrx_word' id='word_1_220' title='bbox 3442 1675 3704 1748; x_wconf 80' lang='grc' dir='ltr'>καθάρσει</span> <span class='ocrx_word' id='word_1_221' title='bbox 3735 1695 3832 1730; x_wconf 85' lang='grc' dir='ltr'>κα-</span> 
     </span>
    </p>
   </div>
   <div class='ocr_carea' id='block_1_33' title="bbox 2262 1761 3830 1838">
    <p class='ocr_par' dir='ltr' id='par_1_33' title="bbox 2262 1761 3830 1838">
     <span class='ocr_line' id='line_1_33' title="bbox 2262 1761 3830 1838; baseline 0.005 -26"><span class='ocrx_word' id='word_1_222' title='bbox 2262 1761 2711 1833; x_wconf 79' lang='grc' dir='ltr'>ταλαμϐάνονται,</span> <span class='ocrx_word' id='word_1_223' title='bbox 2759 1767 3106 1838; x_wconf 84' lang='grc' dir='ltr'>άνενοχλήτου</span> <span class='ocrx_word' id='word_1_224' title='bbox 3146 1768 3243 1837; x_wconf 87' lang='grc' dir='ltr'><strong>μὲν</strong></span> <span class='ocrx_word' id='word_1_225' title='bbox 3275 1767 3333 1830; x_wconf 77' lang='grc' dir='ltr'><strong>ἐξ</strong></span> <span class='ocrx_word' id='word_1_226' title='bbox 3357 1766 3518 1837; x_wconf 77' lang='grc' dir='ltr'>ἄλλης</span> <span class='ocrx_word' id='word_1_227' title='bbox 3555 1766 3699 1829; x_wconf 85' lang='grc' dir='ltr'>τινὸς</span> <span class='ocrx_word' id='word_1_228' title='bbox 3719 1767 3830 1820; x_wconf 86' lang='grc' dir='ltr'>δια-</span> 
     </span>
    </p>
   </div>
   <div class='ocr_carea' id='block_1_34' title="bbox 595 1829 2150 1936">
    <p class='ocr_par' dir='ltr' id='par_1_34' title="bbox 595 1859 2150 1936">
     <span class='ocr_line' id='line_1_34' title="bbox 595 1859 2150 1936; baseline -0.006 -15"><span class='ocrx_word' id='word_1_229' title='bbox 595 1876 720 1921; x_wconf 89' lang='lat' dir='ltr'><strong>snnt</strong></span> <span class='ocrx_word' id='word_1_230' title='bbox 745 1867 960 1936; x_wconf 88' lang='lat' dir='ltr'><strong>quidem</strong></span> <span class='ocrx_word' id='word_1_231' title='bbox 998 1865 1239 1926; x_wconf 74' lang='lat' dir='ltr'><strong>initiatze,</strong></span> <span class='ocrx_word' id='word_1_232' title='bbox 1273 1878 1380 1915; x_wconf 92' lang='lat' dir='ltr'><strong>non</strong></span> <span class='ocrx_word' id='word_1_233' title='bbox 1412 1862 1518 1915; x_wconf 92' lang='lat' dir='ltr'><strong>sint</strong></span> <span class='ocrx_word' id='word_1_234' title='bbox 1546 1860 1957 1914; x_wconf 89' lang='lat' dir='ltr'><strong>illuminationis</strong></span> <span class='ocrx_word' id='word_1_235' title='bbox 1986 1859 2150 1927; x_wconf 89' lang='lat' dir='ltr'><strong>parti-</strong></span> 
     </span>
    </p>
   </div>
   <div class='ocr_carea' id='block_1_35' title="bbox 2255 1829 3832 1936">
    <p class='ocr_par' dir='ltr' id='par_1_35' title="bbox 2265 1829 3832 1926">
     <span class='ocr_line' id='line_1_35' title="bbox 2265 1829 3832 1926; baseline 0.006 -25"><span class='ocrx_word' id='word_1_236' title='bbox 2265 1829 2463 1915; x_wconf 82' lang='grc' dir='ltr'>θέσεως</span> <span class='ocrx_word' id='word_1_237' title='bbox 2497 1857 2721 1926; x_wconf 60' lang='grc' dir='ltr'>νοσερός</span> <span class='ocrx_word' id='word_1_238' title='bbox 2752 1857 2846 1926; x_wconf 81' lang='grc' dir='ltr'>τῆς</span> <span class='ocrx_word' id='word_1_239' title='bbox 3057 1829 3233 1910; x_wconf 75' lang='grc' dir='ltr'>αὐτῶν</span> <span class='ocrx_word' id='word_1_240' title='bbox 3271 1829 3644 1926; x_wconf 77' lang='grc' dir='ltr'>συντελούσης,</span> <span class='ocrx_word' id='word_1_241' title='bbox 3671 1857 3832 1926; x_wconf 81' lang='grc' dir='ltr'>ἀμετ-</span> 
     </span>
    </p>
   </div>
   <div class='ocr_carea' id='block_1_36' title="bbox 591 1949 2156 2030">
    <p class='ocr_par' dir='ltr' id='par_1_36' title="bbox 591 1949 2156 2030">
     <span class='ocr_line' id='line_1_36' title="bbox 591 1949 2156 2030; baseline -0.006 -18"><span class='ocrx_word' id='word_1_242' title='bbox 591 1959 770 2025; x_wconf 84' lang='lat' dir='ltr'><strong>cipes;</strong></span> <span class='ocrx_word' id='word_1_243' title='bbox 813 1971 933 2024; x_wconf 74' lang='lat' dir='ltr'><strong>qua:</strong></span> <span class='ocrx_word' id='word_1_244' title='bbox 978 1964 1154 2008; x_wconf 88' lang='lat' dir='ltr'><strong>autem</strong></span> <span class='ocrx_word' id='word_1_245' title='bbox 1198 1962 1326 2007; x_wconf 88' lang='lat' dir='ltr'><strong>sunt</strong></span> <span class='ocrx_word' id='word_1_246' title='bbox 1362 1954 1415 2005; x_wconf 89' lang='lat' dir='ltr'><strong>in</strong></span> <span class='ocrx_word' id='word_1_247' title='bbox 1458 1953 1654 2006; x_wconf 87' lang='lat' dir='ltr'><strong>divinis</strong></span> <span class='ocrx_word' id='word_1_248' title='bbox 1693 1950 2010 2030; x_wconf 79' lang='lat' dir='ltr'><strong>ministeriis</strong></span> <span class='ocrx_word' id='word_1_249' title='bbox 2053 1949 2156 2002; x_wconf 91' lang='lat' dir='ltr'><strong>ini-</strong></span> 
     </span>
    </p>
   </div>
   <div class='ocr_carea' id='block_1_37' title="bbox 594 2035 2160 2115">
    <p class='ocr_par' dir='ltr' id='par_1_37' title="bbox 594 2035 2160 2115">
     <span class='ocr_line' id='line_1_37' title="bbox 594 2035 2160 2115; baseline -0.004 -16"><span class='ocrx_word' id='word_1_250' title='bbox 594 2048 758 2111; x_wconf 66' lang='lat' dir='ltr'><strong>tiatae,</strong></span> <span class='ocrx_word' id='word_1_251' title='bbox 801 2047 1078 2115; x_wconf 85' lang='lat' dir='ltr'><strong>impolluta</strong></span> <span class='ocrx_word' id='word_1_252' title='bbox 1131 2045 1382 2114; x_wconf 88' lang='lat' dir='ltr'><strong>mysteria</strong></span> <span class='ocrx_word' id='word_1_253' title='bbox 1431 2058 1538 2096; x_wconf 93' lang='lat' dir='ltr'><strong>non</strong></span> <span class='ocrx_word' id='word_1_254' title='bbox 1587 2035 2160 2111; x_wconf 70' lang='lat' dir='ltr'><strong>participent,&quot;usque</strong></span> 
     </span>
    </p>
   </div>
   <div class='ocr_carea' id='block_1_38' title="bbox 592 2127 2158 2204">
    <p class='ocr_par' dir='ltr' id='par_1_38' title="bbox 592 2127 2158 2204">
     <span class='ocr_line' id='line_1_38' title="bbox 592 2127 2158 2204; baseline -0.004 -18"><span class='ocrx_word' id='word_1_255' title='bbox 592 2135 656 2186; x_wconf 82' lang='lat' dir='ltr'><strong>ad</strong></span> <span class='ocrx_word' id='word_1_256' title='bbox 687 2136 1040 2204; x_wconf 81' lang='lat' dir='ltr'><strong>quadraginta</strong></span> <span class='ocrx_word' id='word_1_257' title='bbox 1075 2136 1283 2188; x_wconf 85' lang='lat' dir='ltr'><strong>dierum</strong></span> <span class='ocrx_word' id='word_1_258' title='bbox 1315 2132 1628 2187; x_wconf 89' lang='lat' dir='ltr'><strong>terminum.</strong></span> <span class='ocrx_word' id='word_1_259' title='bbox 1674 2129 1830 2195; x_wconf 86' lang='lat' dir='ltr'><strong>Quod</strong></span> <span class='ocrx_word' id='word_1_260' title='bbox 1862 2129 1906 2183; x_wconf 87' lang='lat' dir='ltr'><strong>si</strong></span> <span class='ocrx_word' id='word_1_261' title='bbox 1935 2127 2158 2181; x_wconf 84' lang='lat' dir='ltr'><strong>morbus</strong></span> 
     </span>
    </p>
   </div>
   <div class='ocr_carea' id='block_1_39' title="bbox 591 2220 2156 2291">
    <p class='ocr_par' dir='ltr' id='par_1_39' title="bbox 591 2220 2156 2291">
     <span class='ocr_line' id='line_1_39' title="bbox 591 2220 2156 2291; baseline -0.003 -14"><span class='ocrx_word' id='word_1_262' title='bbox 591 2227 868 2287; x_wconf 70' lang='lat' dir='ltr'><strong>invaserit,</strong></span> <span class='ocrx_word' id='word_1_263' title='bbox 903 2241 955 2279; x_wconf 89' lang='lat' dir='ltr'><strong>et</strong></span> <span class='ocrx_word' id='word_1_264' title='bbox 985 2242 1042 2280; x_wconf 85' lang='lat' dir='ltr'><strong>se</strong></span> <span class='ocrx_word' id='word_1_265' title='bbox 1075 2227 1238 2279; x_wconf 81' lang='lat' dir='ltr'><strong>vitam</strong></span> <span class='ocrx_word' id='word_1_266' title='bbox 1271 2226 1627 2291; x_wconf 89' lang='lat' dir='ltr'><strong>abrupturum</strong></span> <span class='ocrx_word' id='word_1_267' title='bbox 1662 2221 1922 2282; x_wconf 84' lang='lat' dir='ltr'><strong>minetur,</strong></span> <span class='ocrx_word' id='word_1_268' title='bbox 1955 2231 2014 2273; x_wconf 91' lang='lat' dir='ltr'><strong>ut</strong></span> <span class='ocrx_word' id='word_1_269' title='bbox 2045 2220 2156 2273; x_wconf 86' lang='lat' dir='ltr'><strong>sint</strong></span> 
     </span>
    </p>
   </div>
   <div class='ocr_carea' id='block_1_40' title="bbox 591 2308 2154 2384">
    <p class='ocr_par' dir='ltr' id='par_1_40' title="bbox 591 2308 2154 2384">
     <span class='ocr_line' id='line_1_40' title="bbox 591 2308 2154 2384; baseline -0.003 -17"><span class='ocrx_word' id='word_1_270' title='bbox 591 2317 814 2368; x_wconf 87' lang='lat' dir='ltr'><strong>omnino</strong></span> <span class='ocrx_word' id='word_1_271' title='bbox 868 2316 1189 2370; x_wconf 88' lang='lat' dir='ltr'><strong>sacramenti</strong></span> <span class='ocrx_word' id='word_1_272' title='bbox 1249 2314 1558 2384; x_wconf 88' lang='lat' dir='ltr'><strong>participes.</strong></span> <span class='ocrx_word' id='word_1_273' title='bbox 1618 2309 1681 2363; x_wconf 88' lang='lat' dir='ltr'><strong>Et</strong></span> <span class='ocrx_word' id='word_1_274' title='bbox 1724 2317 1846 2379; x_wconf 87' lang='lat' dir='ltr'><strong>post</strong></span> <span class='ocrx_word' id='word_1_275' title='bbox 1875 2308 2154 2372; x_wconf 85' lang='lat' dir='ltr'><strong>nonnulla,</strong></span> 
     </span>
    </p>
   </div>
   <div class='ocr_carea' id='block_1_41' title="bbox 592 2400 2156 2472">
    <p class='ocr_par' dir='ltr' id='par_1_41' title="bbox 592 2400 2156 2472">
     <span class='ocr_line' id='line_1_41' title="bbox 592 2400 2156 2472; baseline -0.001 -17"><span class='ocrx_word' id='word_1_276' title='bbox 592 2405 706 2469; x_wconf 76' lang='lat' dir='ltr'><strong>ipsa</strong></span> <span class='ocrx_word' id='word_1_277' title='bbox 740 2421 929 2459; x_wconf 85' lang='lat' dir='ltr'><strong>rursus</strong></span> <span class='ocrx_word' id='word_1_278' title='bbox 968 2405 1121 2472; x_wconf 86' lang='lat' dir='ltr'><strong>jubet</strong></span> <span class='ocrx_word' id='word_1_279' title='bbox 1159 2405 1225 2458; x_wconf 90' lang='lat' dir='ltr'><strong>de</strong></span> <span class='ocrx_word' id='word_1_280' title='bbox 1257 2403 1554 2458; x_wconf 78' lang='lat' dir='ltr'><strong>infantibus</strong></span> <span class='ocrx_word' id='word_1_281' title='bbox 1597 2401 1828 2472; x_wconf 73' lang='lat' dir='ltr'><strong>novelta,</strong></span> <span class='ocrx_word' id='word_1_282' title='bbox 1876 2408 1934 2452; x_wconf 92' lang='lat' dir='ltr'><strong>ut</strong></span> <span class='ocrx_word' id='word_1_283' title='bbox 1967 2400 2156 2454; x_wconf 91' lang='lat' dir='ltr'><strong>morbo</strong></span> 
     </span>
    </p>
   </div>
   <div class='ocr_carea' id='block_1_42' title="bbox 589 2490 2158 2564">
    <p class='ocr_par' dir='ltr' id='par_1_42' title="bbox 589 2490 2158 2564">
     <span class='ocr_line' id='line_1_42' title="bbox 589 2490 2158 2564; baseline -0.002 -17"><span class='ocrx_word' id='word_1_284' title='bbox 589 2496 806 2564; x_wconf 82' lang='lat' dir='ltr'><strong>quidem</strong></span> <span class='ocrx_word' id='word_1_285' title='bbox 851 2511 959 2549; x_wconf 91' lang='lat' dir='ltr'><strong>non</strong></span> <span class='ocrx_word' id='word_1_286' title='bbox 995 2505 1217 2564; x_wconf 79' lang='lat' dir='ltr'><strong>urgente</strong></span> <span class='ocrx_word' id='word_1_287' title='bbox 1266 2496 1301 2547; x_wconf 90' lang='lat' dir='ltr'><strong>ii</strong></span> <span class='ocrx_word' id='word_1_288' title='bbox 1341 2502 1464 2564; x_wconf 88' lang='lat' dir='ltr'><strong>post</strong></span> <span class='ocrx_word' id='word_1_289' title='bbox 1499 2503 1746 2547; x_wconf 84' lang='lat' dir='ltr'><strong>octavum</strong></span> <span class='ocrx_word' id='word_1_290' title='bbox 1789 2490 1935 2545; x_wconf 84' lang='lat' dir='ltr'><strong>diem</strong></span> <span class='ocrx_word' id='word_1_291' title='bbox 1981 2490 2158 2560; x_wconf 89' lang='lat' dir='ltr'><strong>bapti-</strong></span> 
     </span>
    </p>
   </div>
   <div class='ocr_carea' id='block_1_43' title="bbox 589 2582 2158 2657">
    <p class='ocr_par' dir='ltr' id='par_1_43' title="bbox 589 2582 2158 2657">
     <span class='ocr_line' id='line_1_43' title="bbox 589 2582 2158 2657; baseline -0.005 -15"><span class='ocrx_word' id='word_1_292' title='bbox 589 2597 780 2642; x_wconf 80' lang='lat' dir='ltr'><strong>zentur</strong></span> <span class='ocrx_word' id='word_1_293' title='bbox 827 2605 840 2640; x_wconf 88' lang='lat'><strong>:</strong></span> <span class='ocrx_word' id='word_1_294' title='bbox 887 2589 1032 2657; x_wconf 88' lang='lat' dir='ltr'><strong>quod</strong></span> <span class='ocrx_word' id='word_1_295' title='bbox 1082 2588 1127 2642; x_wconf 90' lang='lat' dir='ltr'><strong>si</strong></span> <span class='ocrx_word' id='word_1_296' title='bbox 1178 2601 1324 2640; x_wconf 90' lang='lat' dir='ltr'><strong>mors</strong></span> <span class='ocrx_word' id='word_1_297' title='bbox 1372 2585 1688 2648; x_wconf 86' lang='lat' dir='ltr'><strong>immineat,</strong></span> <span class='ocrx_word' id='word_1_298' title='bbox 1744 2582 1779 2635; x_wconf 88' lang='lat' dir='ltr'><strong>ii</strong></span> <span class='ocrx_word' id='word_1_299' title='bbox 1821 2582 1982 2636; x_wconf 86' lang='lat' dir='ltr'><strong>etiam</strong></span> <span class='ocrx_word' id='word_1_300' title='bbox 2034 2590 2158 2635; x_wconf 83' lang='lat' dir='ltr'><strong>ante</strong></span> 
     </span>
    </p>
   </div>
   <div class='ocr_carea' id='block_1_44' title="bbox 589 2672 2155 2747">
    <p class='ocr_par' dir='ltr' id='par_1_44' title="bbox 589 2672 2155 2747">
     <span class='ocr_line' id='line_1_44' title="bbox 589 2672 2155 2747; baseline -0.006 -14"><span class='ocrx_word' id='word_1_301' title='bbox 589 2687 835 2733; x_wconf 76' lang='lat' dir='ltr'><strong>octavum</strong></span> <span class='ocrx_word' id='word_1_302' title='bbox 884 2679 1241 2747; x_wconf 84' lang='lat' dir='ltr'><strong>baptizentur.</strong></span> <span class='ocrx_word' id='word_1_303' title='bbox 1303 2674 1407 2728; x_wconf 86' lang='lat' dir='ltr'><strong>Sed</strong></span> <span class='ocrx_word' id='word_1_304' title='bbox 1459 2675 1585 2741; x_wconf 88' lang='lat' dir='ltr'><strong>quia</strong></span> <span class='ocrx_word' id='word_1_305' title='bbox 1632 2672 1813 2726; x_wconf 86' lang='lat' dir='ltr'><strong>audivi</strong></span> <span class='ocrx_word' id='word_1_306' title='bbox 1866 2672 2155 2742; x_wconf 87' lang='lat' dir='ltr'><strong>quemdam</strong></span> 
     </span>
    </p>
   </div>
   <div class='ocr_carea' id='block_1_45' title="bbox 586 2761 2159 2833">
    <p class='ocr_par' dir='ltr' id='par_1_45' title="bbox 586 2761 2159 2833">
     <span class='ocr_line' id='line_1_45' title="bbox 586 2761 2159 2833; baseline -0.006 -10"><span class='ocrx_word' id='word_1_307' title='bbox 586 2770 852 2823; x_wconf 70' lang='lat' dir='ltr'><strong>dicentem</strong></span> <span class='ocrx_word' id='word_1_308' title='bbox 885 2783 992 2821; x_wconf 92' lang='lat' dir='ltr'><strong>non</strong></span> <span class='ocrx_word' id='word_1_309' title='bbox 1039 2767 1233 2820; x_wconf 86' lang='lat' dir='ltr'><strong>debere</strong></span> <span class='ocrx_word' id='word_1_310' title='bbox 1264 2773 1572 2833; x_wconf 74' lang='lat' dir='ltr'><strong>segregatos</strong></span> <span class='ocrx_word' id='word_1_311' title='bbox 1619 2763 1788 2817; x_wconf 83' lang='lat' dir='ltr'><strong>laicos</strong></span> <span class='ocrx_word' id='word_1_312' title='bbox 1816 2769 1967 2816; x_wconf 81' lang='lat' dir='ltr'><strong>extra</strong></span> <span class='ocrx_word' id='word_1_313' title='bbox 1994 2761 2159 2815; x_wconf 81' lang='lat' dir='ltr'><strong>vesti-</strong></span> 
     </span>
    </p>
   </div>
   <div class='ocr_carea' id='block_1_46' title="bbox 588 2851 2157 2922">
    <p class='ocr_par' dir='ltr' id='par_1_46' title="bbox 588 2851 2157 2922">
     <span class='ocr_line' id='line_1_46' title="bbox 588 2851 2157 2922; baseline -0.002 -13"><span class='ocrx_word' id='word_1_314' title='bbox 588 2856 772 2910; x_wconf 81' lang='lat' dir='ltr'><strong>bulum</strong></span> <span class='ocrx_word' id='word_1_315' title='bbox 802 2866 1006 2910; x_wconf 89' lang='lat' dir='ltr'><strong>stantes</strong></span> <span class='ocrx_word' id='word_1_316' title='bbox 1033 2856 1242 2909; x_wconf 79' lang='lat' dir='ltr'><strong>diVinas</strong></span> <span class='ocrx_word' id='word_1_317' title='bbox 1269 2853 1599 2922; x_wconf 80' lang='lat' dir='ltr'><strong>psalmodias</strong></span> <span class='ocrx_word' id='word_1_318' title='bbox 1622 2852 1828 2916; x_wconf 86' lang='lat' dir='ltr'><strong>audire,</strong></span> <span class='ocrx_word' id='word_1_319' title='bbox 1863 2851 1953 2909; x_wconf 80' lang='lat' dir='ltr'><strong>sed</strong></span> <span class='ocrx_word' id='word_1_320' title='bbox 1981 2866 2157 2920; x_wconf 89' lang='lat' dir='ltr'><strong>neque</strong></span> 
     </span>
    </p>
   </div>
   <div class='ocr_carea' id='block_1_47' title="bbox 588 2941 2156 3017">
    <p class='ocr_par' dir='ltr' id='par_1_47' title="bbox 588 2941 2156 3017">
     <span class='ocr_line' id='line_1_47' title="bbox 588 2941 2156 3017; baseline -0.005 -15"><span class='ocrx_word' id='word_1_321' title='bbox 588 2947 846 3017; x_wconf 76' lang='lat' dir='ltr'><strong>psallere;</strong></span> <span class='ocrx_word' id='word_1_322' title='bbox 875 2947 922 3000; x_wconf 91' lang='lat' dir='ltr'><strong>ei</strong></span> <span class='ocrx_word' id='word_1_323' title='bbox 961 2945 1283 3014; x_wconf 87' lang='lat' dir='ltr'><strong>respondeo,</strong></span> <span class='ocrx_word' id='word_1_324' title='bbox 1310 2945 1453 3013; x_wconf 92' lang='lat' dir='ltr'><strong>quod</strong></span> <span class='ocrx_word' id='word_1_325' title='bbox 1489 2962 1500 2996; x_wconf 87' lang='lat'><strong>:</strong></span> <span class='ocrx_word' id='word_1_326' title='bbox 1532 2941 1661 3007; x_wconf 74' lang='lat' dir='ltr'><strong>Qua:</strong></span> <span class='ocrx_word' id='word_1_327' title='bbox 1690 2943 1746 2996; x_wconf 63' lang='lat' dir='ltr'><strong>in</strong></span> <span class='ocrx_word' id='word_1_328' title='bbox 1785 2941 2036 3011; x_wconf 75' lang='lat' dir='ltr'><strong>prtesenti</strong></span> <span class='ocrx_word' id='word_1_329' title='bbox 2066 2956 2156 2996; x_wconf 87' lang='lat' dir='ltr'><strong>ca-</strong></span> 
     </span>
    </p>
   </div>
   <div class='ocr_carea' id='block_1_48' title="bbox 586 3030 2153 3106">
    <p class='ocr_par' dir='ltr' id='par_1_48' title="bbox 586 3030 2153 3106">
     <span class='ocr_line' id='line_1_48' title="bbox 586 3030 2153 3106; baseline -0.003 -14"><span class='ocrx_word' id='word_1_330' title='bbox 586 3052 728 3092; x_wconf 89' lang='lat' dir='ltr'><strong>n0ne</strong></span> <span class='ocrx_word' id='word_1_331' title='bbox 771 3039 970 3106; x_wconf 86' lang='lat' dir='ltr'><strong>scripta</strong></span> <span class='ocrx_word' id='word_1_332' title='bbox 1011 3047 1155 3100; x_wconf 88' lang='lat' dir='ltr'><strong>sunt,</strong></span> <span class='ocrx_word' id='word_1_333' title='bbox 1187 3035 1305 3100; x_wconf 85' lang='lat' dir='ltr'><strong>tibi,</strong></span> <span class='ocrx_word' id='word_1_334' title='bbox 1345 3049 1377 3088; x_wconf 90' lang='grc' dir='ltr'>ο</span> <span class='ocrx_word' id='word_1_335' title='bbox 1409 3036 1569 3088; x_wconf 87' lang='lat' dir='ltr'><strong>homo</strong></span> <span class='ocrx_word' id='word_1_336' title='bbox 1631 3033 1722 3102; x_wconf 88' lang='lat' dir='ltr'><strong>qui</strong></span> <span class='ocrx_word' id='word_1_337' title='bbox 1754 3033 1866 3086; x_wconf 63' lang='lat' dir='ltr'><strong>haec</strong></span> <span class='ocrx_word' id='word_1_338' title='bbox 1895 3030 2055 3098; x_wconf 88' lang='lat' dir='ltr'><strong>dicis,</strong></span> <span class='ocrx_word' id='word_1_339' title='bbox 2091 3047 2153 3087; x_wconf 88' lang='lat' dir='ltr'><strong>os</strong></span> 
     </span>
    </p>
   </div>
   <div class='ocr_carea' id='block_1_49' title="bbox 2259 1939 3833 2016">
    <p class='ocr_par' dir='ltr' id='par_1_49' title="bbox 2259 1939 3833 2016">
     <span class='ocr_line' id='line_1_49' title="bbox 2259 1939 3833 2016; baseline 0.004 -23"><span class='ocrx_word' id='word_1_340' title='bbox 2259 1941 2415 2008; x_wconf 85' lang='grc' dir='ltr'>όχους</span> <span class='ocrx_word' id='word_1_341' title='bbox 2461 1939 2594 1998; x_wconf 77' lang='grc' dir='ltr'>εῖναι</span> <span class='ocrx_word' id='word_1_342' title='bbox 2622 1962 2634 1974; x_wconf 74' lang='grc'><strong><em>⁸</em></strong></span> <span class='ocrx_word' id='word_1_343' title='bbox 2667 1946 2763 2007; x_wconf 79' lang='grc' dir='ltr'><strong>τάς</strong></span> <span class='ocrx_word' id='word_1_344' title='bbox 2792 1946 2888 2016; x_wconf 87' lang='grc' dir='ltr'>μὲν</span> <span class='ocrx_word' id='word_1_345' title='bbox 2919 1946 3251 2010; x_wconf 79' lang='grc' dir='ltr'>ἀτελέστους,</span> <span class='ocrx_word' id='word_1_346' title='bbox 3287 1946 3378 1999; x_wconf 92' lang='grc' dir='ltr'><strong>τοῦ</strong></span> <span class='ocrx_word' id='word_1_347' title='bbox 3408 1946 3706 2016; x_wconf 77' lang='grc' dir='ltr'>φωτισμοῦο</span> <span class='ocrx_word' id='word_1_348' title='bbox 3733 1946 3833 2013; x_wconf 71' lang='grc' dir='ltr'>τὰς</span> 
     </span>
    </p>
   </div>
   <div class='ocr_carea' id='block_1_50' title="bbox 2257 2034 3833 2108">
    <p class='ocr_par' dir='ltr' id='par_1_50' title="bbox 2257 2034 3833 2108">
     <span class='ocr_line' id='line_1_50' title="bbox 2257 2034 3833 2108; baseline 0.001 -19"><span class='ocrx_word' id='word_1_349' title='bbox 2257 2037 2312 2089; x_wconf 83' lang='grc' dir='ltr'>δὲ</span> <span class='ocrx_word' id='word_1_350' title='bbox 2349 2036 2948 2106; x_wconf 83' lang='grc' dir='ltr'>μεμυσταγωγημένας,</span> <span class='ocrx_word' id='word_1_351' title='bbox 3005 2034 3111 2088; x_wconf 82' lang='grc' dir='ltr'>τῶν</span> <span class='ocrx_word' id='word_1_352' title='bbox 3172 2036 3454 2106; x_wconf 82' lang='grc' dir='ltr'>ἀχράντων</span> <span class='ocrx_word' id='word_1_353' title='bbox 3517 2038 3833 2108; x_wconf 74' lang='grc' dir='ltr'>μυστηρίων</span> 
     </span>
    </p>
   </div>
   <div class='ocr_carea' id='block_1_51' title="bbox 2258 2125 3831 2199">
    <p class='ocr_par' dir='ltr' id='par_1_51' title="bbox 2258 2125 3831 2199">
     <span class='ocr_line' id='line_1_51' title="bbox 2258 2125 3831 2199; baseline 0.001 -21"><span class='ocrx_word' id='word_1_354' title='bbox 2258 2126 2357 2195; x_wconf 81' lang='grc' dir='ltr'><strong>τῆς</strong></span> <span class='ocrx_word' id='word_1_355' title='bbox 2394 2125 2764 2196; x_wconf 79' lang='grc' dir='ltr'>μεταλήψεως,</span> <span class='ocrx_word' id='word_1_356' title='bbox 2822 2126 2983 2197; x_wconf 86' lang='grc' dir='ltr'>μέχρι</span> <span class='ocrx_word' id='word_1_357' title='bbox 3015 2126 3117 2195; x_wconf 80' lang='grc' dir='ltr'>τῆς</span> <span class='ocrx_word' id='word_1_358' title='bbox 3168 2126 3276 2180; x_wconf 86' lang='grc' dir='ltr'>τῶν</span> <span class='ocrx_word' id='word_1_359' title='bbox 3329 2133 3380 2198; x_wconf 87' lang='grc' dir='ltr'>μ’</span> <span class='ocrx_word' id='word_1_360' title='bbox 3432 2127 3652 2199; x_wconf 78' lang='grc' dir='ltr'>ἡμερῶν</span> <span class='ocrx_word' id='word_1_361' title='bbox 3704 2143 3831 2199; x_wconf 86' lang='grc' dir='ltr'>προ-</span> 
     </span>
    </p>
   </div>
   <div class='ocr_carea' id='block_1_52' title="bbox 2259 2215 3831 2288">
    <p class='ocr_par' dir='ltr' id='par_1_52' title="bbox 2259 2215 3831 2288">
     <span class='ocr_line' id='line_1_52' title="bbox 2259 2215 3831 2288; baseline 0.002 -20"><span class='ocrx_word' id='word_1_362' title='bbox 2259 2215 2518 2286; x_wconf 84' lang='grc' dir='ltr'>θεσμίας·</span> <span class='ocrx_word' id='word_1_363' title='bbox 2566 2217 2867 2286; x_wconf 85' lang='grc' dir='ltr'>νοσήματος</span> <span class='ocrx_word' id='word_1_364' title='bbox 2916 2216 2972 2268; x_wconf 84' lang='grc' dir='ltr'><strong>δέ</strong></span> <span class='ocrx_word' id='word_1_365' title='bbox 3022 2233 3166 2280; x_wconf 90' lang='grc' dir='ltr'>τινος</span> <span class='ocrx_word' id='word_1_366' title='bbox 3222 2218 3582 2287; x_wconf 71' lang='grc' dir='ltr'>κατασχόντος</span> <span class='ocrx_word' id='word_1_367' title='bbox 3613 2219 3708 2271; x_wconf 77' lang='grc' dir='ltr'>καὶ</span> <span class='ocrx_word' id='word_1_368' title='bbox 3732 2219 3831 2288; x_wconf 80' lang='grc' dir='ltr'>τὴν</span> 
     </span>
    </p>
   </div>
   <div class='ocr_carea' id='block_1_53' title="bbox 2257 2305 3828 2379">
    <p class='ocr_par' dir='ltr' id='par_1_53' title="bbox 2257 2305 3828 2379">
     <span class='ocr_line' id='line_1_53' title="bbox 2257 2305 3828 2379; baseline 0.001 -19"><span class='ocrx_word' id='word_1_369' title='bbox 2257 2306 2519 2376; x_wconf 77' lang='grc' dir='ltr'>διακοπὴν</span> <span class='ocrx_word' id='word_1_370' title='bbox 2549 2306 2649 2376; x_wconf 81' lang='grc' dir='ltr'>τῆς</span> <span class='ocrx_word' id='word_1_371' title='bbox 2682 2305 2824 2377; x_wconf 79' lang='grc' dir='ltr'>ζωῆς</span> <span class='ocrx_word' id='word_1_372' title='bbox 2849 2305 3216 2371; x_wconf 82' lang='grc' dir='ltr'>ἀπειλοῦντος,</span> <span class='ocrx_word' id='word_1_373' title='bbox 3268 2308 3428 2361; x_wconf 81' lang='grc' dir='ltr'>παντὶ</span> <span class='ocrx_word' id='word_1_374' title='bbox 3453 2308 3635 2379; x_wconf 83' lang='grc' dir='ltr'>τρόπῳ</span> <span class='ocrx_word' id='word_1_375' title='bbox 3665 2326 3828 2378; x_wconf 75' lang='grc' dir='ltr'>μεταο</span> 
     </span>
    </p>
   </div>
   <div class='ocr_carea' id='block_1_54' title="bbox 2258 2394 3830 2468">
    <p class='ocr_par' dir='ltr' id='par_1_54' title="bbox 2258 2394 3830 2468">
     <span class='ocr_line' id='line_1_54' title="bbox 2258 2394 3830 2468; baseline 0.003 -22"><span class='ocrx_word' id='word_1_376' title='bbox 2258 2394 2552 2464; x_wconf 78' lang='grc' dir='ltr'>λαμϐάνειν</span> <span class='ocrx_word' id='word_1_377' title='bbox 2578 2395 2746 2458; x_wconf 74' lang='grc' dir='ltr'>αὑτὰς</span> <span class='ocrx_word' id='word_1_378' title='bbox 2767 2396 2858 2448; x_wconf 88' lang='grc' dir='ltr'><strong>τοῦ</strong></span> <span class='ocrx_word' id='word_1_379' title='bbox 2895 2396 3248 2466; x_wconf 83' lang='grc' dir='ltr'>άγιάσματος.</span> <span class='ocrx_word' id='word_1_380' title='bbox 3283 2398 3392 2450; x_wconf 71' lang='grc' dir='ltr'>Καὶ</span> <span class='ocrx_word' id='word_1_381' title='bbox 3418 2399 3553 2468; x_wconf 88' lang='grc' dir='ltr'>μετά</span> <span class='ocrx_word' id='word_1_382' title='bbox 3574 2416 3692 2450; x_wconf 84' lang='grc' dir='ltr'>τινα</span> <span class='ocrx_word' id='word_1_383' title='bbox 3720 2401 3830 2450; x_wconf 85' lang='grc' dir='ltr'>πά-</span> 
     </span>
    </p>
   </div>
   <div class='ocr_carea' id='block_1_55' title="bbox 2257 2472 3823 2560">
    <p class='ocr_par' dir='ltr' id='par_1_55' title="bbox 2257 2472 3823 2560">
     <span class='ocr_line' id='line_1_55' title="bbox 2257 2472 3823 2560; baseline -0.001 -22"><span class='ocrx_word' id='word_1_384' title='bbox 2257 2486 2337 2538; x_wconf 90' lang='grc' dir='ltr'><strong>λιν</strong></span> <span class='ocrx_word' id='word_1_385' title='bbox 2370 2487 2796 2559; x_wconf 77' lang='grc' dir='ltr'>παρακελεύεται</span> <span class='ocrx_word' id='word_1_386' title='bbox 2829 2490 2862 2557; x_wconf 92' lang='grc' dir='ltr'><strong>ή</strong></span> <span class='ocrx_word' id='word_1_387' title='bbox 2883 2487 3020 2558; x_wconf 82' lang='grc' dir='ltr'>αὑτὴ</span> <span class='ocrx_word' id='word_1_388' title='bbox 3043 2489 3210 2558; x_wconf 81' lang='grc' dir='ltr'>νεαρὰ</span> <span class='ocrx_word' id='word_1_389' title='bbox 3241 2490 3369 2559; x_wconf 73' lang='grc' dir='ltr'>περὶ</span> <span class='ocrx_word' id='word_1_390' title='bbox 3397 2472 3632 2560; x_wconf 62' lang='grc' dir='ltr'>βρεφῶν,</span> <span class='ocrx_word' id='word_1_391' title='bbox 3665 2491 3823 2560; x_wconf 61' lang='lat' dir='ltr'><strong>voci;-</strong></span> 
     </span>
    </p>
   </div>
   <div class='ocr_carea' id='block_1_56' title="bbox 2261 2575 3821 2646">
    <p class='ocr_par' dir='ltr' id='par_1_56' title="bbox 2261 2575 3821 2646">
     <span class='ocr_line' id='line_1_56' title="bbox 2261 2575 3821 2646; baseline -0.001 -18"><span class='ocrx_word' id='word_1_392' title='bbox 2261 2593 2426 2644; x_wconf 80' lang='grc' dir='ltr'>ματος</span> <span class='ocrx_word' id='word_1_393' title='bbox 2463 2576 2559 2645; x_wconf 76' lang='grc' dir='ltr'><strong>μὲν</strong></span> <span class='ocrx_word' id='word_1_394' title='bbox 2586 2576 2658 2646; x_wconf 83' lang='grc' dir='ltr'>μὴ</span> <span class='ocrx_word' id='word_1_395' title='bbox 2696 2576 3129 2642; x_wconf 81' lang='grc' dir='ltr'>κατεπείγοντος,</span> <span class='ocrx_word' id='word_1_396' title='bbox 3160 2575 3297 2645; x_wconf 77' lang='grc' dir='ltr'>μετὰ</span> <span class='ocrx_word' id='word_1_397' title='bbox 3322 2576 3422 2644; x_wconf 80' lang='grc' dir='ltr'>τὴν</span> <span class='ocrx_word' id='word_1_398' title='bbox 3471 2575 3821 2646; x_wconf 75' lang='grc' dir='ltr'>ὀγδόην</span> 
     </span>
    </p>
   </div>
   <div class='ocr_carea' id='block_1_57' title="bbox 2263 2665 3829 2736">
    <p class='ocr_par' dir='ltr' id='par_1_57' title="bbox 2263 2665 3829 2736">
     <span class='ocr_line' id='line_1_57' title="bbox 2263 2665 3829 2736; baseline 0.002 -20"><span class='ocrx_word' id='word_1_399' title='bbox 2263 2681 2359 2734; x_wconf 89' lang='grc' dir='ltr'><strong>ραν</strong></span> <span class='ocrx_word' id='word_1_400' title='bbox 2389 2666 2561 2720; x_wconf 88' lang='grc' dir='ltr'>ταῦτα</span> <span class='ocrx_word' id='word_1_401' title='bbox 2593 2665 2965 2734; x_wconf 71' lang='grc' dir='ltr'>βαπτίζεσθαι·</span> <span class='ocrx_word' id='word_1_402' title='bbox 3005 2666 3230 2720; x_wconf 78' lang='grc' dir='ltr'>θανάτου</span> <span class='ocrx_word' id='word_1_403' title='bbox 3258 2666 3313 2718; x_wconf 79' lang='grc' dir='ltr'>δὲ</span> <span class='ocrx_word' id='word_1_404' title='bbox 3332 2667 3715 2736; x_wconf 76' lang='grc' dir='ltr'>ἐφισταμένου,</span> <span class='ocrx_word' id='word_1_405' title='bbox 3735 2666 3829 2719; x_wconf 73' lang='grc' dir='ltr'>καὶ</span> 
     </span>
    </p>
   </div>
   <div class='ocr_carea' id='block_1_58' title="bbox 2256 2755 3828 2827">
    <p class='ocr_par' dir='ltr' id='par_1_58' title="bbox 2256 2755 3828 2827">
     <span class='ocr_line' id='line_1_58' title="bbox 2256 2755 3828 2827; baseline 0 -19"><span class='ocrx_word' id='word_1_406' title='bbox 2256 2756 2355 2825; x_wconf 74' lang='grc' dir='ltr'><strong>τῆς</strong></span> <span class='ocrx_word' id='word_1_407' title='bbox 2386 2757 2575 2826; x_wconf 74' lang='grc' dir='ltr'>ὀγδόης</span> <span class='ocrx_word' id='word_1_408' title='bbox 2608 2756 2822 2827; x_wconf 84' lang='grc' dir='ltr'>ήμέρας</span> <span class='ocrx_word' id='word_1_409' title='bbox 2864 2757 3011 2820; x_wconf 71' lang='grc' dir='ltr'>ἐντὸς</span> <span class='ocrx_word' id='word_1_410' title='bbox 3059 2757 3196 2809; x_wconf 79' lang='grc' dir='ltr'>αὐτὰ</span> <span class='ocrx_word' id='word_1_411' title='bbox 3245 2755 3615 2826; x_wconf 76' lang='grc' dir='ltr'>βαπτίζεσθαι.</span> <span class='ocrx_word' id='word_1_412' title='bbox 3676 2756 3828 2809; x_wconf 78' lang='grc' dir='ltr'>Ἐπεὶ</span> 
     </span>
    </p>
   </div>
   <div class='ocr_carea' id='block_1_59' title="bbox 2255 2846 3827 2916">
    <p class='ocr_par' dir='ltr' id='par_1_59' title="bbox 2255 2846 3827 2916">
     <span class='ocr_line' id='line_1_59' title="bbox 2255 2846 3827 2916; baseline 0.001 -17"><span class='ocrx_word' id='word_1_413' title='bbox 2255 2846 2311 2899; x_wconf 79' lang='grc' dir='ltr'>δὲ</span> <span class='ocrx_word' id='word_1_414' title='bbox 2351 2848 2557 2915; x_wconf 71' lang='grc' dir='ltr'>ἤκουσά</span> <span class='ocrx_word' id='word_1_415' title='bbox 2590 2863 2731 2908; x_wconf 89' lang='grc' dir='ltr'>τινος</span> <span class='ocrx_word' id='word_1_416' title='bbox 2759 2847 3003 2913; x_wconf 81' lang='grc' dir='ltr'>λέγοντος</span> <span class='ocrx_word' id='word_1_417' title='bbox 3035 2847 3109 2909; x_wconf 83' lang='grc' dir='ltr'>ὠς</span> <span class='ocrx_word' id='word_1_418' title='bbox 3152 2849 3250 2900; x_wconf 79' lang='grc' dir='ltr'><strong>οὐκ</strong></span> <span class='ocrx_word' id='word_1_419' title='bbox 3281 2848 3584 2916; x_wconf 65' lang='grc' dir='ltr'>ὀφείλουσιν</span> <span class='ocrx_word' id='word_1_420' title='bbox 3604 2849 3652 2901; x_wconf 82' lang='grc' dir='ltr'><strong>οἰ</strong></span> <span class='ocrx_word' id='word_1_421' title='bbox 3678 2850 3827 2916; x_wconf 71' lang='grc' dir='ltr'><strong>ἀφω-</strong></span> 
     </span>
    </p>
   </div>
   <div class='ocr_carea' id='block_1_60' title="bbox 2259 2936 3827 3008">
    <p class='ocr_par' dir='ltr' id='par_1_60' title="bbox 2259 2936 3827 3008">
     <span class='ocr_line' id='line_1_60' title="bbox 2259 2936 3827 3008; baseline 0 -20"><span class='ocrx_word' id='word_1_422' title='bbox 2259 2937 2499 3008; x_wconf 87' lang='grc' dir='ltr'>ρισμένοι</span> <span class='ocrx_word' id='word_1_423' title='bbox 2529 2936 2703 2988; x_wconf 73' lang='grc' dir='ltr'>λαῖκοὶ</span> <span class='ocrx_word' id='word_1_424' title='bbox 2736 2937 2767 3006; x_wconf 79' lang='grc' dir='ltr'>ἦ</span> <span class='ocrx_word' id='word_1_425' title='bbox 2798 2936 3102 3006; x_wconf 77' lang='grc' dir='ltr'>ἀκροᾶσθαι</span> <span class='ocrx_word' id='word_1_426' title='bbox 3159 2937 3315 2989; x_wconf 81' lang='grc' dir='ltr'>θείων</span> <span class='ocrx_word' id='word_1_427' title='bbox 3347 2936 3827 3008; x_wconf 76' lang='grc' dir='ltr'>ψαλμωδημάτων,</span> 
     </span>
    </p>
   </div>
   <div class='ocr_carea' id='block_1_61' title="bbox 2257 3026 3824 3096">
    <p class='ocr_par' dir='ltr' id='par_1_61' title="bbox 2257 3026 3824 3096">
     <span class='ocr_line' id='line_1_61' title="bbox 2257 3026 3824 3096; baseline 0.001 -18"><span class='ocrx_word' id='word_1_428' title='bbox 2257 3027 2452 3092; x_wconf 77' lang='grc' dir='ltr'>ἔξωθεν</span> <span class='ocrx_word' id='word_1_429' title='bbox 2499 3026 2592 3078; x_wconf 88' lang='grc' dir='ltr'><strong>τοῦ</strong></span> <span class='ocrx_word' id='word_1_430' title='bbox 2622 3028 2854 3096; x_wconf 75' lang='grc' dir='ltr'>προνάου</span> <span class='ocrx_word' id='word_1_431' title='bbox 2907 3027 3211 3095; x_wconf 81' lang='grc' dir='ltr'>ἱστάμενοι,</span> <span class='ocrx_word' id='word_1_432' title='bbox 3261 3027 3374 3079; x_wconf 80' lang='grc' dir='ltr'>ἀλλ’</span> <span class='ocrx_word' id='word_1_433' title='bbox 3418 3026 3536 3078; x_wconf 82' lang='grc' dir='ltr'>οὐδὲ</span> <span class='ocrx_word' id='word_1_434' title='bbox 3577 3027 3824 3096; x_wconf 72' lang='grc' dir='ltr'>ψάλλεινο</span> 
     </span>
    </p>
   </div>
   <div class='ocr_carea' id='block_1_62' title="bbox 585 3118 2150 3221">
    <p class='ocr_par' dir='ltr' id='par_1_62' title="bbox 585 3121 2150 3192">
     <span class='ocr_line' id='line_1_62' title="bbox 585 3121 2150 3192; baseline -0.006 -8"><span class='ocrx_word' id='word_1_435' title='bbox 585 3129 897 3184; x_wconf 89' lang='lat' dir='ltr'><strong>occludunt.</strong></span> <span class='ocrx_word' id='word_1_436' title='bbox 948 3125 1419 3192; x_wconf 87' lang='lat' dir='ltr'><strong>Quemadmodum</strong></span> <span class='ocrx_word' id='word_1_437' title='bbox 1468 3126 1610 3178; x_wconf 87' lang='lat' dir='ltr'><strong>enim</strong></span> <span class='ocrx_word' id='word_1_438' title='bbox 1657 3138 1777 3191; x_wconf 71' lang='lat' dir='ltr'><strong>qua:</strong></span> <span class='ocrx_word' id='word_1_439' title='bbox 1825 3123 1879 3175; x_wconf 92' lang='lat' dir='ltr'><strong>in</strong></span> <span class='ocrx_word' id='word_1_440' title='bbox 1922 3121 2150 3175; x_wconf 82' lang='lat' dir='ltr'><strong>ecclesia</strong></span> 
     </span>
    </p>
   </div>
   <div class='ocr_carea' id='block_1_63' title="bbox 2255 3118 3828 3221">
    <p class='ocr_par' dir='ltr' id='par_1_63' title="bbox 2256 3118 3828 3190">
     <span class='ocr_line' id='line_1_63' title="bbox 2256 3118 3828 3190; baseline 0.001 -19"><span class='ocrx_word' id='word_1_441' title='bbox 2256 3118 2625 3190; x_wconf 80' lang='grc' dir='ltr'>ἀπολογοῦμαι</span> <span class='ocrx_word' id='word_1_442' title='bbox 2659 3119 2794 3189; x_wconf 87' lang='grc' dir='ltr'>πρὸς</span> <span class='ocrx_word' id='word_1_443' title='bbox 2837 3118 2997 3171; x_wconf 81' lang='grc' dir='ltr'>αὑτὸν</span> <span class='ocrx_word' id='word_1_444' title='bbox 3026 3119 3127 3169; x_wconf 82' lang='grc' dir='ltr'>ὅτι·</span> <span class='ocrx_word' id='word_1_445' title='bbox 3161 3118 3241 3171; x_wconf 83' lang='grc' dir='ltr'><strong>Τὰ</strong></span> <span class='ocrx_word' id='word_1_446' title='bbox 3272 3121 3329 3171; x_wconf 81' lang='grc' dir='ltr'><strong>ἐν</strong></span> <span class='ocrx_word' id='word_1_447' title='bbox 3367 3118 3442 3188; x_wconf 86' lang='grc' dir='ltr'>τῷ</span> <span class='ocrx_word' id='word_1_448' title='bbox 3471 3120 3698 3190; x_wconf 83' lang='grc' dir='ltr'>παρόντι</span> <span class='ocrx_word' id='word_1_449' title='bbox 3726 3136 3828 3172; x_wconf 85' lang='grc' dir='ltr'>κα-</span> 
     </span>
    </p>
   </div>
   <div class='ocr_carea' id='block_1_64' title="bbox 583 3215 2146 3278">
    <p class='ocr_par' dir='ltr' id='par_1_64' title="bbox 583 3215 2146 3278">
     <span class='ocr_line' id='line_1_64' title="bbox 583 3215 2146 3278; baseline -0.005 -6"><span class='ocrx_word' id='word_1_450' title='bbox 583 3219 789 3274; x_wconf 84' lang='lat' dir='ltr'><strong>versari</strong></span> <span class='ocrx_word' id='word_1_451' title='bbox 826 3234 932 3272; x_wconf 92' lang='lat' dir='ltr'><strong>non</strong></span> <span class='ocrx_word' id='word_1_452' title='bbox 963 3220 1214 3272; x_wconf 88' lang='lat' dir='ltr'><strong>sinuntur</strong></span> <span class='ocrx_word' id='word_1_453' title='bbox 1247 3215 1518 3277; x_wconf 83' lang='lat' dir='ltr'><strong>mulieres,</strong></span> <span class='ocrx_word' id='word_1_454' title='bbox 1545 3228 1835 3267; x_wconf 72' lang='lat' dir='ltr'><strong>orarenon</strong></span> <span class='ocrx_word' id='word_1_455' title='bbox 1868 3221 2146 3278; x_wconf 81' lang='lat' dir='ltr'><strong>vetantur;</strong></span> 
     </span>
    </p>
   </div>
   <div class='ocr_carea' id='block_1_65' title="bbox 581 3303 2147 3377">
    <p class='ocr_par' dir='ltr' id='par_1_65' title="bbox 581 3303 2147 3377">
     <span class='ocr_line' id='line_1_65' title="bbox 581 3303 2147 3377; baseline -0.005 -13"><span class='ocrx_word' id='word_1_456' title='bbox 581 3311 660 3366; x_wconf 89' lang='lat' dir='ltr'><strong>ita</strong></span> <span class='ocrx_word' id='word_1_457' title='bbox 700 3324 798 3362; x_wconf 90' lang='lat' dir='ltr'><strong>nec</strong></span> <span class='ocrx_word' id='word_1_458' title='bbox 836 3308 928 3377; x_wconf 89' lang='lat' dir='ltr'><strong>qui</strong></span> <span class='ocrx_word' id='word_1_459' title='bbox 971 3316 1098 3360; x_wconf 94' lang='lat' dir='ltr'><strong>sunt</strong></span> <span class='ocrx_word' id='word_1_460' title='bbox 1146 3306 1432 3376; x_wconf 83' lang='lat' dir='ltr'><strong>segregati,</strong></span> <span class='ocrx_word' id='word_1_461' title='bbox 1466 3321 1561 3374; x_wconf 83' lang='lat' dir='ltr'><strong>per</strong></span> <span class='ocrx_word' id='word_1_462' title='bbox 1602 3319 1660 3356; x_wconf 92' lang='lat' dir='ltr'><strong>se</strong></span> <span class='ocrx_word' id='word_1_463' title='bbox 1705 3317 1862 3356; x_wconf 88' lang='lat' dir='ltr'><strong>orare</strong></span> <span class='ocrx_word' id='word_1_464' title='bbox 1895 3303 2147 3372; x_wconf 89' lang='lat' dir='ltr'><strong>prohibe-</strong></span> 
     </span>
    </p>
   </div>
   <div class='ocr_carea' id='block_1_66' title="bbox 582 3391 2145 3463">
    <p class='ocr_par' dir='ltr' id='par_1_66' title="bbox 582 3391 2145 3463">
     <span class='ocr_line' id='line_1_66' title="bbox 582 3391 2145 3463; baseline -0.008 -9"><span class='ocrx_word' id='word_1_465' title='bbox 582 3398 820 3463; x_wconf 80' lang='lat' dir='ltr'><strong>buntur;</strong></span> <span class='ocrx_word' id='word_1_466' title='bbox 880 3398 973 3451; x_wconf 89' lang='lat' dir='ltr'><strong>sed</strong></span> <span class='ocrx_word' id='word_1_467' title='bbox 1016 3405 1070 3449; x_wconf 92' lang='lat' dir='ltr'><strong>et</strong></span> <span class='ocrx_word' id='word_1_468' title='bbox 1112 3406 1261 3449; x_wconf 87' lang='lat' dir='ltr'><strong>extra</strong></span> <span class='ocrx_word' id='word_1_469' title='bbox 1309 3394 1552 3449; x_wconf 71' lang='lat' dir='ltr'><strong>ecclesia:</strong></span> <span class='ocrx_word' id='word_1_470' title='bbox 1602 3391 1929 3447; x_wconf 84' lang='lat' dir='ltr'><strong>vestibulum</strong></span> <span class='ocrx_word' id='word_1_471' title='bbox 1982 3400 2145 3452; x_wconf 89' lang='lat' dir='ltr'><strong>stare,</strong></span> 
     </span>
    </p>
   </div>
   <div class='ocr_carea' id='block_1_67' title="bbox 581 3480 2148 3552">
    <p class='ocr_par' dir='ltr' id='par_1_67' title="bbox 581 3480 2148 3552">
     <span class='ocr_line' id='line_1_67' title="bbox 581 3480 2148 3552; baseline -0.006 -10"><span class='ocrx_word' id='word_1_472' title='bbox 581 3494 635 3542; x_wconf 75' lang='lat' dir='ltr'><strong>et</strong></span> <span class='ocrx_word' id='word_1_473' title='bbox 673 3487 885 3540; x_wconf 77' lang='lat' dir='ltr'><strong>divinas</strong></span> <span class='ocrx_word' id='word_1_474' title='bbox 934 3485 1257 3552; x_wconf 89' lang='lat' dir='ltr'><strong>psalmodias</strong></span> <span class='ocrx_word' id='word_1_475' title='bbox 1311 3485 1529 3548; x_wconf 89' lang='lat' dir='ltr'><strong>audire;</strong></span> <span class='ocrx_word' id='word_1_476' title='bbox 1571 3493 1625 3536; x_wconf 90' lang='lat' dir='ltr'><strong>et</strong></span> <span class='ocrx_word' id='word_1_477' title='bbox 1668 3483 1773 3536; x_wconf 84' lang='lat' dir='ltr'><strong>hoe</strong></span> <span class='ocrx_word' id='word_1_478' title='bbox 1812 3481 1955 3536; x_wconf 88' lang='lat' dir='ltr'><strong>enim</strong></span> <span class='ocrx_word' id='word_1_479' title='bbox 1996 3481 2055 3533; x_wconf 85' lang='lat' dir='ltr'><strong>lit</strong></span> <span class='ocrx_word' id='word_1_480' title='bbox 2083 3480 2148 3533; x_wconf 89' lang='lat' dir='ltr'><strong>ad</strong></span> 
     </span>
    </p>
   </div>
   <div class='ocr_carea' id='block_1_68' title="bbox 581 3575 1550 3644">
    <p class='ocr_par' dir='ltr' id='par_1_68' title="bbox 581 3575 1550 3644">
     <span class='ocr_line' id='line_1_68' title="bbox 581 3575 1550 3644; baseline -0.003 -15"><span class='ocrx_word' id='word_1_481' title='bbox 581 3576 842 3644; x_wconf 84' lang='lat' dir='ltr'><strong>majorem</strong></span> <span class='ocrx_word' id='word_1_482' title='bbox 875 3591 1060 3629; x_wconf 88' lang='lat' dir='ltr'><strong>eorum</strong></span> <span class='ocrx_word' id='word_1_483' title='bbox 1087 3575 1550 3629; x_wconf 81' lang='lat' dir='ltr'><strong>exercitationem.</strong></span> 
     </span>
    </p>
   </div>
   <div class='ocr_carea' id='block_1_69' title="bbox 2253 3209 3826 3280">
    <p class='ocr_par' dir='ltr' id='par_1_69' title="bbox 2253 3209 3826 3280">
     <span class='ocr_line' id='line_1_69' title="bbox 2253 3209 3826 3280; baseline 0 -18"><span class='ocrx_word' id='word_1_484' title='bbox 2253 3210 2363 3263; x_wconf 85' lang='grc' dir='ltr'>νὸνι</span> <span class='ocrx_word' id='word_1_485' title='bbox 2390 3209 2745 3279; x_wconf 86' lang='grc' dir='ltr'>γεγραμμένα</span> <span class='ocrx_word' id='word_1_486' title='bbox 2797 3210 3204 3280; x_wconf 74' lang='grc' dir='ltr'>ὲπιστομίζουσί</span> <span class='ocrx_word' id='word_1_487' title='bbox 3247 3227 3326 3273; x_wconf 85' lang='grc' dir='ltr'><strong>σε,</strong></span> <span class='ocrx_word' id='word_1_488' title='bbox 3376 3210 3652 3280; x_wconf 81' lang='grc' dir='ltr'>ἄνθρωπε,</span> <span class='ocrx_word' id='word_1_489' title='bbox 3709 3227 3826 3262; x_wconf 68' lang='grc' dir='ltr'>τοις</span> 
     </span>
    </p>
   </div>
   <div class='ocr_carea' id='block_1_70' title="bbox 2253 3298 3826 3370">
    <p class='ocr_par' dir='ltr' id='par_1_70' title="bbox 2253 3298 3826 3370">
     <span class='ocr_line' id='line_1_70' title="bbox 2253 3298 3826 3370; baseline -0.001 -18"><span class='ocrx_word' id='word_1_490' title='bbox 2253 3298 2395 3353; x_wconf 90' lang='grc' dir='ltr'>αῦτα</span> <span class='ocrx_word' id='word_1_491' title='bbox 2444 3299 2688 3366; x_wconf 82' lang='grc' dir='ltr'>λέγοντα.</span> <span class='ocrx_word' id='word_1_492' title='bbox 2724 3300 2931 3370; x_wconf 80' lang='grc' dir='ltr'>Ὠσπερ</span> <span class='ocrx_word' id='word_1_493' title='bbox 2964 3299 3072 3369; x_wconf 84' lang='grc' dir='ltr'>γὰρ</span> <span class='ocrx_word' id='word_1_494' title='bbox 3103 3302 3158 3351; x_wconf 79' lang='grc' dir='ltr'>αἱ</span> <span class='ocrx_word' id='word_1_495' title='bbox 3193 3300 3263 3370; x_wconf 78' lang='grc' dir='ltr'>μὴ</span> <span class='ocrx_word' id='word_1_496' title='bbox 3328 3298 3826 3370; x_wconf 78' lang='grc' dir='ltr'>παραχωρούμεναι</span> 
     </span>
    </p>
   </div>
   <div class='ocr_carea' id='block_1_71' title="bbox 2251 3389 3825 3460">
    <p class='ocr_par' dir='ltr' id='par_1_71' title="bbox 2251 3389 3825 3460">
     <span class='ocr_line' id='line_1_71' title="bbox 2251 3389 3825 3460; baseline -0.001 -19"><span class='ocrx_word' id='word_1_497' title='bbox 2251 3389 2630 3458; x_wconf 76' lang='grc' dir='ltr'>ἐκκλησιάζειν</span> <span class='ocrx_word' id='word_1_498' title='bbox 2659 3393 2909 3457; x_wconf 83' lang='grc' dir='ltr'>γυναῖκες</span> <span class='ocrx_word' id='word_1_499' title='bbox 2944 3390 3335 3460; x_wconf 83' lang='grc' dir='ltr'>προσεύχεσθαι</span> <span class='ocrx_word' id='word_1_500' title='bbox 3388 3391 3448 3442; x_wconf 81' lang='grc' dir='ltr'>οὐ</span> <span class='ocrx_word' id='word_1_501' title='bbox 3504 3389 3825 3456; x_wconf 73' lang='grc' dir='ltr'>κωλύονται,</span> 
     </span>
    </p>
   </div>
   <div class='ocr_carea' id='block_1_72' title="bbox 2251 3477 3824 3548">
    <p class='ocr_par' dir='ltr' id='par_1_72' title="bbox 2251 3477 3824 3548">
     <span class='ocr_line' id='line_1_72' title="bbox 2251 3477 3824 3548; baseline 0.001 -19"><span class='ocrx_word' id='word_1_502' title='bbox 2251 3477 2420 3540; x_wconf 73' lang='grc' dir='ltr'>οὕτως</span> <span class='ocrx_word' id='word_1_503' title='bbox 2451 3479 2570 3530; x_wconf 78' lang='grc' dir='ltr'>οὐδὲ</span> <span class='ocrx_word' id='word_1_504' title='bbox 2610 3480 2659 3529; x_wconf 80' lang='grc' dir='ltr'><strong>οἱ</strong></span> <span class='ocrx_word' id='word_1_505' title='bbox 2687 3479 3057 3548; x_wconf 85' lang='grc' dir='ltr'>ἀφωρισμένοι</span> <span class='ocrx_word' id='word_1_506' title='bbox 3107 3478 3507 3548; x_wconf 88' lang='grc' dir='ltr'>κωλυθήσονται</span> <span class='ocrx_word' id='word_1_507' title='bbox 3547 3477 3667 3532; x_wconf 78' lang='grc' dir='ltr'>καθ’</span> <span class='ocrx_word' id='word_1_508' title='bbox 3695 3481 3824 3531; x_wconf 74' lang='grc' dir='ltr'>ἐαυο</span> 
     </span>
    </p>
   </div>
   <div class='ocr_carea' id='block_1_73' title="bbox 2249 3567 3824 3639">
    <p class='ocr_par' dir='ltr' id='par_1_73' title="bbox 2249 3567 3824 3639">
     <span class='ocr_line' id='line_1_73' title="bbox 2249 3567 3824 3639; baseline 0.002 -20"><span class='ocrx_word' id='word_1_509' title='bbox 2249 3568 2375 3630; x_wconf 80' lang='grc' dir='ltr'>τοὺς</span> <span class='ocrx_word' id='word_1_510' title='bbox 2410 3567 2686 3636; x_wconf 81' lang='grc' dir='ltr'>εῦχεσθαι·</span> <span class='ocrx_word' id='word_1_511' title='bbox 2723 3569 2971 3621; x_wconf 77' lang='grc' dir='ltr'>ἵστασθαι</span> <span class='ocrx_word' id='word_1_512' title='bbox 2999 3569 3054 3623; x_wconf 84' lang='grc' dir='ltr'>δὲ</span> <span class='ocrx_word' id='word_1_513' title='bbox 3095 3570 3185 3621; x_wconf 64' lang='grc' dir='ltr'><strong>καὶ¹</strong></span> <span class='ocrx_word' id='word_1_514' title='bbox 3233 3568 3427 3632; x_wconf 73' lang='grc' dir='ltr'>ἔξωθεν</span> <span class='ocrx_word' id='word_1_515' title='bbox 3456 3567 3548 3621; x_wconf 86' lang='grc' dir='ltr'><strong>τοῦ</strong></span> <span class='ocrx_word' id='word_1_516' title='bbox 3583 3570 3824 3639; x_wconf 83' lang='grc' dir='ltr'>προνάου</span> 
     </span>
    </p>
   </div>
   <div class='ocr_carea' id='block_1_74' title="bbox 578 3663 3822 3738">
    <p class='ocr_par' dir='ltr' id='par_1_74' title="bbox 578 3663 3822 3738">
     <span class='ocr_line' id='line_1_74' title="bbox 578 3663 3822 3738; baseline -0.001 -18"><span class='ocrx_word' id='word_1_517' title='bbox 578 3667 676 3738; x_wconf 78' lang='grc' dir='ltr'>τῆς</span> <span class='ocrx_word' id='word_1_518' title='bbox 716 3667 1027 3738; x_wconf 78' lang='grc' dir='ltr'>ἐκκλησίας,</span> <span class='ocrx_word' id='word_1_519' title='bbox 1079 3667 1172 3722; x_wconf 77' lang='grc' dir='ltr'>καὶ</span> <span class='ocrx_word' id='word_1_520' title='bbox 1206 3666 1504 3738; x_wconf 80' lang='grc' dir='ltr'>ἀκροᾶσθαι</span> <span class='ocrx_word' id='word_1_521' title='bbox 1550 3666 1657 3719; x_wconf 84' lang='grc' dir='ltr'><strong>τῶν</strong></span> <span class='ocrx_word' id='word_1_522' title='bbox 1712 3666 1871 3719; x_wconf 88' lang='grc' dir='ltr'>θείων</span> <span class='ocrx_word' id='word_1_523' title='bbox 1923 3663 2389 3735; x_wconf 78' lang='grc' dir='ltr'>ψαλμωδημάτων.</span> <span class='ocrx_word' id='word_1_524' title='bbox 2456 3664 2597 3715; x_wconf 79' lang='grc' dir='ltr'>Διότι</span> <span class='ocrx_word' id='word_1_525' title='bbox 2646 3663 2804 3716; x_wconf 89' lang='grc' dir='ltr'>τοῦτο</span> <span class='ocrx_word' id='word_1_526' title='bbox 2848 3664 2983 3735; x_wconf 81' lang='grc' dir='ltr'>πρὸς</span> <span class='ocrx_word' id='word_1_527' title='bbox 3028 3664 3245 3719; x_wconf 83' lang='grc' dir='ltr'>πλείονα</span> <span class='ocrx_word' id='word_1_528' title='bbox 3303 3663 3591 3733; x_wconf 74' lang='grc' dir='ltr'>σσντριϐὴν</span> <span class='ocrx_word' id='word_1_529' title='bbox 3635 3664 3822 3718; x_wconf 78' lang='grc' dir='ltr'>αὐτῶν</span> 
     </span>
    </p>
   </div>
   <div class='ocr_carea' id='block_1_75' title="bbox 580 3761 750 3814">
    <p class='ocr_par' dir='ltr' id='par_1_75' title="bbox 580 3761 750 3814">
     <span class='ocr_line' id='line_1_75' title="bbox 580 3761 750 3814; baseline -0.006 -1"><span class='ocrx_word' id='word_1_530' title='bbox 580 3761 750 3814; x_wconf 77' lang='grc' dir='ltr'>ἐστίν.</span> 
     </span>
    </p>
   </div>
   <div class='ocr_carea' id='block_1_76' title="bbox 649 3878 2145 3951">
    <p class='ocr_par' dir='ltr' id='par_1_76' title="bbox 649 3878 2145 3951">
     <span class='ocr_line' id='line_1_76' title="bbox 649 3878 2145 3951; baseline 0.001 -19"><span class='ocrx_word' id='word_1_531' title='bbox 649 3878 850 3933; x_wconf 76' lang='grc' dir='ltr'>ΖοιιΑιι.</span> <span class='ocrx_word' id='word_1_532' title='bbox 923 3879 1274 3935; x_wconf 68' lang='lat' dir='ltr'><strong>Hebraeorum</strong></span> <span class='ocrx_word' id='word_1_533' title='bbox 1353 3882 1608 3937; x_wconf 87' lang='lat' dir='ltr'><strong>mulieres</strong></span> <span class='ocrx_word' id='word_1_534' title='bbox 1671 3897 1793 3936; x_wconf 89' lang='lat' dir='ltr'><strong>cum</strong></span> <span class='ocrx_word' id='word_1_535' title='bbox 1864 3881 2145 3951; x_wconf 85' lang='lat' dir='ltr'><strong>sanguinis</strong></span> 
     </span>
    </p>
   </div>
   <div class='ocr_carea' id='block_1_77' title="bbox 577 3966 2146 4038">
    <p class='ocr_par' dir='ltr' id='par_1_77' title="bbox 577 3966 2146 4038">
     <span class='ocr_line' id='line_1_77' title="bbox 577 3966 2146 4038; baseline 0.005 -24"><span class='ocrx_word' id='word_1_536' title='bbox 577 3967 839 4018; x_wconf 90' lang='lat' dir='ltr'><strong>menstrui</strong></span> <span class='ocrx_word' id='word_1_537' title='bbox 864 3966 1041 4020; x_wconf 83' lang='lat' dir='ltr'><strong>ﬂuxus</strong></span> <span class='ocrx_word' id='word_1_538' title='bbox 1074 3967 1205 4034; x_wconf 89' lang='lat' dir='ltr'><strong>ipsis</strong></span> <span class='ocrx_word' id='word_1_539' title='bbox 1229 3970 1512 4038; x_wconf 85' lang='lat' dir='ltr'><strong>contingit,</strong></span> <span class='ocrx_word' id='word_1_540' title='bbox 1544 3968 1596 4023; x_wconf 89' lang='lat' dir='ltr'><strong>in</strong></span> <span class='ocrx_word' id='word_1_541' title='bbox 1628 3971 1872 4025; x_wconf 86' lang='lat' dir='ltr'><strong>solitario</strong></span> <span class='ocrx_word' id='word_1_542' title='bbox 1900 3971 2146 4023; x_wconf 84' lang='lat' dir='ltr'><strong>sedentes</strong></span> 
     </span>
    </p>
   </div>
   <div class='ocr_carea' id='block_1_78' title="bbox 576 4054 2142 4129">
    <p class='ocr_par' dir='ltr' id='par_1_78' title="bbox 576 4054 2142 4129">
     <span class='ocr_line' id='line_1_78' title="bbox 576 4054 2142 4129; baseline 0.004 -22"><span class='ocrx_word' id='word_1_543' title='bbox 576 4054 723 4118; x_wconf 85' lang='lat' dir='ltr'><strong>loco,</strong></span> <span class='ocrx_word' id='word_1_544' title='bbox 761 4057 1030 4110; x_wconf 82' lang='lat' dir='ltr'><strong>neminem</strong></span> <span class='ocrx_word' id='word_1_545' title='bbox 1073 4058 1178 4112; x_wconf 90' lang='lat' dir='ltr'><strong>nisi</strong></span> <span class='ocrx_word' id='word_1_546' title='bbox 1220 4068 1339 4126; x_wconf 89' lang='lat' dir='ltr'><strong>post</strong></span> <span class='ocrx_word' id='word_1_547' title='bbox 1374 4068 1579 4128; x_wconf 89' lang='lat' dir='ltr'><strong>septem</strong></span> <span class='ocrx_word' id='word_1_548' title='bbox 1620 4060 1832 4129; x_wconf 87' lang='lat' dir='ltr'><strong>elapsos</strong></span> <span class='ocrx_word' id='word_1_549' title='bbox 1867 4061 1982 4114; x_wconf 91' lang='lat' dir='ltr'><strong>dies</strong></span> <span class='ocrx_word' id='word_1_550' title='bbox 2012 4061 2142 4114; x_wconf 86' lang='lat' dir='ltr'><strong>allo-</strong></span> 
     </span>
    </p>
   </div>
   <div class='ocr_carea' id='block_1_79' title="bbox 574 4147 2142 4214">
    <p class='ocr_par' dir='ltr' id='par_1_79' title="bbox 574 4147 2142 4214">
     <span class='ocr_line' id='line_1_79' title="bbox 574 4147 2142 4214; baseline 0.004 -18"><span class='ocrx_word' id='word_1_551' title='bbox 574 4156 818 4212; x_wconf 91' lang='lat' dir='ltr'><strong>quuntur</strong></span> <span class='ocrx_word' id='word_1_552' title='bbox 857 4165 869 4199; x_wconf 92' lang='lat'><strong>:</strong></span> <span class='ocrx_word' id='word_1_553' title='bbox 911 4147 1051 4200; x_wconf 88' lang='lat' dir='ltr'><strong>unde</strong></span> <span class='ocrx_word' id='word_1_554' title='bbox 1086 4149 1307 4202; x_wconf 81' lang='lat' dir='ltr'><strong>verbum</strong></span> <span class='ocrx_word' id='word_1_555' title='bbox 1352 4149 1507 4213; x_wconf 83' lang='lat' dir='ltr'><strong>illud,</strong></span> <span class='ocrx_word' id='word_1_556' title='bbox 1545 4150 1598 4201; x_wconf 82' lang='grc' dir='ltr'>ὶιι</span> <span class='ocrx_word' id='word_1_557' title='bbox 1629 4150 1892 4214; x_wconf 77' lang='lat' dir='ltr'><strong>abscessu,</strong></span> <span class='ocrx_word' id='word_1_558' title='bbox 1925 4149 2142 4204; x_wconf 88' lang='lat' dir='ltr'><strong>desum-</strong></span> 
     </span>
    </p>
   </div>
   <div class='ocr_carea' id='block_1_80' title="bbox 574 4236 2139 4303">
    <p class='ocr_par' dir='ltr' id='par_1_80' title="bbox 574 4236 2139 4303">
     <span class='ocr_line' id='line_1_80' title="bbox 574 4236 2139 4303; baseline 0.003 -15"><span class='ocrx_word' id='word_1_559' title='bbox 574 4243 724 4302; x_wconf 83' lang='lat' dir='ltr'><strong>ptum</strong></span> <span class='ocrx_word' id='word_1_560' title='bbox 765 4245 867 4300; x_wconf 89' lang='lat' dir='ltr'><strong>est,</strong></span> <span class='ocrx_word' id='word_1_561' title='bbox 900 4236 1147 4291; x_wconf 85' lang='lat' dir='ltr'><strong>indicans</strong></span> <span class='ocrx_word' id='word_1_562' title='bbox 1175 4253 1267 4291; x_wconf 87' lang='lat' dir='ltr'><strong>eas</strong></span> <span class='ocrx_word' id='word_1_563' title='bbox 1301 4237 1368 4290; x_wconf 88' lang='lat' dir='ltr'><strong>ab</strong></span> <span class='ocrx_word' id='word_1_564' title='bbox 1401 4239 1634 4291; x_wconf 90' lang='lat' dir='ltr'><strong>aliarum</strong></span> <span class='ocrx_word' id='word_1_565' title='bbox 1674 4255 1959 4303; x_wconf 84' lang='lat' dir='ltr'><strong>consessu,</strong></span> <span class='ocrx_word' id='word_1_566' title='bbox 1995 4240 2139 4293; x_wconf 69' lang='lat' dir='ltr'><strong>velut</strong></span> 
     </span>
    </p>
   </div>
   <div class='ocr_carea' id='block_1_81' title="bbox 574 4328 2138 4400">
    <p class='ocr_par' dir='ltr' id='par_1_81' title="bbox 574 4328 2138 4400">
     <span class='ocr_line' id='line_1_81' title="bbox 574 4328 2138 4400; baseline 0.003 -20"><span class='ocrx_word' id='word_1_567' title='bbox 574 4328 817 4396; x_wconf 90' lang='lat' dir='ltr'><strong>impuras</strong></span> <span class='ocrx_word' id='word_1_568' title='bbox 851 4328 1019 4384; x_wconf 82' lang='lat' dir='ltr'><strong>fuisse</strong></span> <span class='ocrx_word' id='word_1_569' title='bbox 1050 4341 1377 4398; x_wconf 79' lang='lat' dir='ltr'><strong>segregatas.</strong></span> <span class='ocrx_word' id='word_1_570' title='bbox 1412 4328 1656 4399; x_wconf 80' lang='lat' dir='ltr'><strong>Rogatus</strong></span> <span class='ocrx_word' id='word_1_571' title='bbox 1680 4347 1840 4400; x_wconf 88' lang='lat' dir='ltr'><strong>porro</strong></span> <span class='ocrx_word' id='word_1_572' title='bbox 1866 4332 1953 4385; x_wconf 85' lang='lat' dir='ltr'><strong>hic</strong></span> <span class='ocrx_word' id='word_1_573' title='bbox 1981 4330 2138 4386; x_wconf 87' lang='lat' dir='ltr'><strong>Pater</strong></span> 
     </span>
    </p>
   </div>
   <div class='ocr_carea' id='block_1_82' title="bbox 572 4418 2135 4487">
    <p class='ocr_par' dir='ltr' id='par_1_82' title="bbox 572 4418 2135 4487">
     <span class='ocr_line' id='line_1_82' title="bbox 572 4418 2135 4487; baseline 0.001 -15"><span class='ocrx_word' id='word_1_574' title='bbox 572 4418 639 4473; x_wconf 90' lang='lat' dir='ltr'><strong>de</strong></span> <span class='ocrx_word' id='word_1_575' title='bbox 675 4420 922 4474; x_wconf 77' lang='lat' dir='ltr'><strong>ﬁdelibus</strong></span> <span class='ocrx_word' id='word_1_576' title='bbox 965 4421 1320 4487; x_wconf 87' lang='lat' dir='ltr'><strong>mulieribus,</strong></span> <span class='ocrx_word' id='word_1_577' title='bbox 1357 4437 1486 4474; x_wconf 91' lang='lat' dir='ltr'><strong>num</strong></span> <span class='ocrx_word' id='word_1_578' title='bbox 1526 4437 1618 4475; x_wconf 89' lang='lat' dir='ltr'><strong>eas</strong></span> <span class='ocrx_word' id='word_1_579' title='bbox 1659 4437 1780 4475; x_wconf 92' lang='lat' dir='ltr'><strong>cum</strong></span> <span class='ocrx_word' id='word_1_580' title='bbox 1824 4432 2135 4476; x_wconf 82' lang='lat' dir='ltr'><strong>menstruo--</strong></span> 
     </span>
    </p>
   </div>
   <div class='ocr_carea' id='block_1_83' title="bbox 2318 3877 3818 3950">
    <p class='ocr_par' dir='ltr' id='par_1_83' title="bbox 2318 3877 3818 3950">
     <span class='ocr_line' id='line_1_83' title="bbox 2318 3877 3818 3950; baseline 0.001 -20"><span class='ocrx_word' id='word_1_581' title='bbox 2318 3879 2560 3932; x_wconf 81' lang='grc' dir='ltr'><strong>ΖΩΝΑΡ.</strong></span> <span class='ocrx_word' id='word_1_582' title='bbox 2623 3877 2900 3949; x_wconf 76' lang='grc' dir='ltr'>Ἐσραῖδες</span> <span class='ocrx_word' id='word_1_583' title='bbox 2933 3883 3188 3947; x_wconf 84' lang='grc' dir='ltr'>γυναῖκες</span> <span class='ocrx_word' id='word_1_584' title='bbox 3233 3881 3321 3932; x_wconf 77' lang='grc' dir='ltr'>ὅτε</span> <span class='ocrx_word' id='word_1_585' title='bbox 3373 3879 3598 3950; x_wconf 85' lang='grc' dir='ltr'>γένηται</span> <span class='ocrx_word' id='word_1_586' title='bbox 3625 3881 3818 3942; x_wconf 78' lang='grc' dir='ltr'>αὐταῖς</span> 
     </span>
    </p>
   </div>
   <div class='ocr_carea' id='block_1_84' title="bbox 2245 3969 3818 4041">
    <p class='ocr_par' dir='ltr' id='par_1_84' title="bbox 2245 3969 3818 4041">
     <span class='ocr_line' id='line_1_84' title="bbox 2245 3969 3818 4041; baseline 0.001 -22"><span class='ocrx_word' id='word_1_587' title='bbox 2245 3971 2277 4039; x_wconf 87' lang='grc' dir='ltr'><strong>ή</strong></span> <span class='ocrx_word' id='word_1_588' title='bbox 2311 3969 2416 4019; x_wconf 81' lang='grc' dir='ltr'>τῶν</span> <span class='ocrx_word' id='word_1_589' title='bbox 2446 3969 2706 4038; x_wconf 79' lang='grc' dir='ltr'>ἐμμήνων</span> <span class='ocrx_word' id='word_1_590' title='bbox 2740 3969 2914 4039; x_wconf 79' lang='grc' dir='ltr'>ρῦσις,</span> <span class='ocrx_word' id='word_1_591' title='bbox 2964 3972 3021 4021; x_wconf 85' lang='grc' dir='ltr'><strong>ἐν</strong></span> <span class='ocrx_word' id='word_1_592' title='bbox 3068 3970 3217 4040; x_wconf 82' lang='grc' dir='ltr'>τόπῳ</span> <span class='ocrx_word' id='word_1_593' title='bbox 3252 3971 3616 4041; x_wconf 84' lang='grc' dir='ltr'>μεμονωμένῳ</span> <span class='ocrx_word' id='word_1_594' title='bbox 3647 3969 3818 4040; x_wconf 83' lang='grc' dir='ltr'>καθή-</span> 
     </span>
    </p>
   </div>
   <div class='ocr_carea' id='block_1_85' title="bbox 2246 4059 3814 4130">
    <p class='ocr_par' dir='ltr' id='par_1_85' title="bbox 2246 4059 3814 4130">
     <span class='ocr_line' id='line_1_85' title="bbox 2246 4059 3814 4130; baseline 0.001 -21"><span class='ocrx_word' id='word_1_595' title='bbox 2246 4075 2423 4128; x_wconf 89' lang='grc' dir='ltr'>μεναι,</span> <span class='ocrx_word' id='word_1_596' title='bbox 2453 4060 2836 4128; x_wconf 78' lang='grc' dir='ltr'>ἡσυχάζουσιν,</span> <span class='ocrx_word' id='word_1_597' title='bbox 2865 4059 2969 4122; x_wconf 76' lang='grc' dir='ltr'>ἓως</span> <span class='ocrx_word' id='word_1_598' title='bbox 3001 4060 3065 4112; x_wconf 77' lang='grc' dir='ltr'><strong>ἂν</strong></span> <span class='ocrx_word' id='word_1_599' title='bbox 3113 4060 3251 4113; x_wconf 79' lang='grc' dir='ltr'>ἑπτὰ</span> <span class='ocrx_word' id='word_1_600' title='bbox 3279 4060 3481 4130; x_wconf 75' lang='grc' dir='ltr'>ἡμέραι</span> <span class='ocrx_word' id='word_1_601' title='bbox 3531 4059 3814 4129; x_wconf 79' lang='grc' dir='ltr'>παρέλθω-</span> 
     </span>
    </p>
   </div>
   <div class='ocr_carea' id='block_1_86' title="bbox 2244 4148 3811 4220">
    <p class='ocr_par' dir='ltr' id='par_1_86' title="bbox 2244 4148 3811 4220">
     <span class='ocr_line' id='line_1_86' title="bbox 2244 4148 3811 4220; baseline 0 -19"><span class='ocrx_word' id='word_1_602' title='bbox 2244 4166 2344 4202; x_wconf 89' lang='grc' dir='ltr'>σιν·</span> <span class='ocrx_word' id='word_1_603' title='bbox 2382 4149 2500 4202; x_wconf 83' lang='grc' dir='ltr'>ὂθεν</span> <span class='ocrx_word' id='word_1_604' title='bbox 2528 4148 2777 4219; x_wconf 72' lang='grc' dir='ltr'>εἴληπται</span> <span class='ocrx_word' id='word_1_605' title='bbox 2811 4151 2871 4202; x_wconf 75' lang='grc' dir='ltr'><strong>τὸ</strong></span> <span class='ocrx_word' id='word_1_606' title='bbox 2897 4151 2966 4203; x_wconf 80' lang='grc' dir='ltr'><strong>ἐν</strong></span> <span class='ocrx_word' id='word_1_607' title='bbox 2998 4149 3252 4218; x_wconf 68' lang='grc' dir='ltr'>ἀφέδρῳ,</span> <span class='ocrx_word' id='word_1_608' title='bbox 3311 4149 3501 4220; x_wconf 79' lang='grc' dir='ltr'>δηλοῦν</span> <span class='ocrx_word' id='word_1_609' title='bbox 3535 4150 3595 4202; x_wconf 84' lang='grc' dir='ltr'><strong>τὸ</strong></span> <span class='ocrx_word' id='word_1_610' title='bbox 3639 4167 3811 4219; x_wconf 82' lang='grc' dir='ltr'>κεχω-</span> 
     </span>
    </p>
   </div>
   <div class='ocr_carea' id='block_1_87' title="bbox 2247 4239 3812 4312">
    <p class='ocr_par' dir='ltr' id='par_1_87' title="bbox 2247 4239 3812 4312">
     <span class='ocr_line' id='line_1_87' title="bbox 2247 4239 3812 4312; baseline 0.003 -22"><span class='ocrx_word' id='word_1_611' title='bbox 2247 4239 2426 4310; x_wconf 85' lang='grc' dir='ltr'>ρίσθαι</span> <span class='ocrx_word' id='word_1_612' title='bbox 2460 4239 2630 4302; x_wconf 84' lang='grc' dir='ltr'>αὑτὰς</span> <span class='ocrx_word' id='word_1_613' title='bbox 2673 4242 2779 4294; x_wconf 84' lang='grc' dir='ltr'><strong>ἀπὸ</strong></span> <span class='ocrx_word' id='word_1_614' title='bbox 2838 4241 2937 4310; x_wconf 83' lang='grc' dir='ltr'>τῆς</span> <span class='ocrx_word' id='word_1_615' title='bbox 2988 4242 3093 4294; x_wconf 80' lang='grc' dir='ltr'>τῶν</span> <span class='ocrx_word' id='word_1_616' title='bbox 3142 4240 3340 4294; x_wconf 85' lang='grc' dir='ltr'>λοιπῶν</span> <span class='ocrx_word' id='word_1_617' title='bbox 3368 4241 3526 4312; x_wconf 85' lang='grc' dir='ltr'>’ἑδρας</span> <span class='ocrx_word' id='word_1_618' title='bbox 3559 4241 3632 4304; x_wconf 82' lang='grc' dir='ltr'>ὡς</span> <span class='ocrx_word' id='word_1_619' title='bbox 3671 4242 3812 4294; x_wconf 79' lang='grc' dir='ltr'>ἀκα-</span> 
     </span>
    </p>
   </div>
   <div class='ocr_carea' id='block_1_88' title="bbox 2245 4325 3810 4402">
    <p class='ocr_par' dir='ltr' id='par_1_88' title="bbox 2245 4325 3810 4402">
     <span class='ocr_line' id='line_1_88' title="bbox 2245 4325 3810 4402; baseline 0 -20"><span class='ocrx_word' id='word_1_620' title='bbox 2245 4329 2488 4399; x_wconf 86' lang='grc' dir='ltr'>θάρτους.</span> <span class='ocrx_word' id='word_1_621' title='bbox 2537 4330 2859 4401; x_wconf 80' lang='grc' dir='ltr'>Ἐρωτηθεὶς</span> <span class='ocrx_word' id='word_1_622' title='bbox 2908 4331 2965 4384; x_wconf 83' lang='grc' dir='ltr'>δὲ</span> <span class='ocrx_word' id='word_1_623' title='bbox 2999 4333 3026 4383; x_wconf 89' lang='grc' dir='ltr'>ὁ</span> <span class='ocrx_word' id='word_1_624' title='bbox 3077 4332 3266 4402; x_wconf 86' lang='grc' dir='ltr'>Πατὴρ</span> <span class='ocrx_word' id='word_1_625' title='bbox 3319 4325 3472 4394; x_wconf 75' lang='grc' dir='ltr'>οὗτος</span> <span class='ocrx_word' id='word_1_626' title='bbox 3526 4331 3651 4402; x_wconf 70' lang='grc' dir='ltr'>περὶ</span> <span class='ocrx_word' id='word_1_627' title='bbox 3700 4331 3810 4384; x_wconf 84' lang='grc' dir='ltr'>τῶν</span> 
     </span>
    </p>
   </div>
   <div class='ocr_carea' id='block_1_89' title="bbox 2244 4421 3811 4496">
    <p class='ocr_par' dir='ltr' id='par_1_89' title="bbox 2244 4421 3811 4496">
     <span class='ocr_line' id='line_1_89' title="bbox 2244 4421 3811 4496; baseline 0.003 -24"><span class='ocrx_word' id='word_1_628' title='bbox 2244 4421 2447 4474; x_wconf 86' lang='grc' dir='ltr'>πιστῶν</span> <span class='ocrx_word' id='word_1_629' title='bbox 2475 4422 2764 4489; x_wconf 81' lang='grc' dir='ltr'>γυναικῶν,</span> <span class='ocrx_word' id='word_1_630' title='bbox 2801 4424 2847 4473; x_wconf 81' lang='grc' dir='ltr'><strong>εί</strong></span> <span class='ocrx_word' id='word_1_631' title='bbox 2872 4421 2973 4493; x_wconf 80' lang='grc' dir='ltr'><strong>χρὴ</strong></span> <span class='ocrx_word' id='word_1_632' title='bbox 3006 4424 3204 4487; x_wconf 84' lang='grc' dir='ltr'>ταύτας</span> <span class='ocrx_word' id='word_1_633' title='bbox 3235 4425 3380 4496; x_wconf 38' lang='grc' dir='ltr'>ὄτειή</span> <span class='ocrx_word' id='word_1_634' title='bbox 3407 4423 3514 4476; x_wconf 82' lang='grc' dir='ltr'><strong>τῶν</strong></span> <span class='ocrx_word' id='word_1_635' title='bbox 3546 4425 3811 4493; x_wconf 77' lang='grc' dir='ltr'>ἐμμήνων</span> 
     </span>
    </p>
   </div>
   <div class='ocr_carea' id='block_1_90' title="bbox 573 4491 2150 4585">
    <p class='ocr_par' dir='ltr' id='par_1_90' title="bbox 573 4507 2135 4580">
     <span class='ocr_line' id='line_1_90' title="bbox 573 4507 2135 4580; baseline 0.003 -21"><span class='ocrx_word' id='word_1_636' title='bbox 573 4523 690 4560; x_wconf 89' lang='lat' dir='ltr'><strong>rum</strong></span> <span class='ocrx_word' id='word_1_637' title='bbox 723 4507 869 4562; x_wconf 85' lang='lat' dir='ltr'><strong>ﬂuxu</strong></span> <span class='ocrx_word' id='word_1_638' title='bbox 901 4509 1244 4575; x_wconf 83' lang='lat' dir='ltr'><strong>divexantur,</strong></span> <span class='ocrx_word' id='word_1_639' title='bbox 1290 4511 1345 4563; x_wconf 92' lang='lat' dir='ltr'><strong>in</strong></span> <span class='ocrx_word' id='word_1_640' title='bbox 1388 4511 1671 4564; x_wconf 85' lang='lat' dir='ltr'><strong>ecclesiam</strong></span> <span class='ocrx_word' id='word_1_641' title='bbox 1721 4510 1926 4580; x_wconf 82' lang='lat' dir='ltr'><strong>ingredi</strong></span> <span class='ocrx_word' id='word_1_642' title='bbox 1974 4525 2135 4580; x_wconf 82' lang='lat' dir='ltr'><strong>Opor-</strong></span> 
     </span>
    </p>
   </div>
   <div class='ocr_carea' id='block_1_91' title="bbox 2255 4491 3810 4585">
    <p class='ocr_par' dir='ltr' id='par_1_91' title="bbox 2255 4491 3810 4585">
     <span class='ocr_line' id='line_1_91' title="bbox 2255 4491 3810 4585; baseline 0.005 -24"><span class='ocrx_word' id='word_1_643' title='bbox 2255 4510 2392 4574; x_wconf 67' lang='grc' dir='ltr'>Βῦσις</span> <span class='ocrx_word' id='word_1_644' title='bbox 2426 4513 2614 4574; x_wconf 82' lang='grc' dir='ltr'>αὐταῖς</span> <span class='ocrx_word' id='word_1_645' title='bbox 2648 4513 2869 4581; x_wconf 83' lang='grc' dir='ltr'>ἐνοχλεῖ,</span> <span class='ocrx_word' id='word_1_646' title='bbox 2912 4491 3141 4567; x_wconf 17' lang='grc' dir='ltr'>Ἵείσιέναι</span> <span class='ocrx_word' id='word_1_647' title='bbox 3198 4517 3277 4578; x_wconf 84' lang='grc' dir='ltr'><strong>είς</strong></span> <span class='ocrx_word' id='word_1_648' title='bbox 3320 4491 3635 4585; x_wconf 80' lang='grc' dir='ltr'>ἐκκλησίαν,</span> <span class='ocrx_word' id='word_1_649' title='bbox 3671 4491 3810 4568; x_wconf 81' lang='grc' dir='ltr'>άπε-</span> 
     </span>
    </p>
   </div>
   <div class='ocr_carea' id='block_1_92' title="bbox 572 4599 2135 4669">
    <p class='ocr_par' dir='ltr' id='par_1_92' title="bbox 572 4599 2135 4669">
     <span class='ocr_line' id='line_1_92' title="bbox 572 4599 2135 4669; baseline 0.001 -19"><span class='ocrx_word' id='word_1_650' title='bbox 572 4608 701 4662; x_wconf 91' lang='lat' dir='ltr'><strong>teat,</strong></span> <span class='ocrx_word' id='word_1_651' title='bbox 745 4599 886 4653; x_wconf 87' lang='lat' dir='ltr'><strong>haud</strong></span> <span class='ocrx_word' id='word_1_652' title='bbox 923 4608 1174 4668; x_wconf 79' lang='lat' dir='ltr'><strong>Oportere</strong></span> <span class='ocrx_word' id='word_1_653' title='bbox 1209 4601 1505 4668; x_wconf 88' lang='lat' dir='ltr'><strong>respondit,</strong></span> <span class='ocrx_word' id='word_1_654' title='bbox 1549 4599 1857 4668; x_wconf 77' lang='lat' dir='ltr'><strong>profertque</strong></span> <span class='ocrx_word' id='word_1_655' title='bbox 1904 4600 2135 4669; x_wconf 80' lang='lat' dir='ltr'><strong>exempli</strong></span> 
     </span>
    </p>
   </div>
   <div class='ocr_carea' id='block_1_93' title="bbox 571 4687 2134 4759">
    <p class='ocr_par' dir='ltr' id='par_1_93' title="bbox 571 4687 2134 4759">
     <span class='ocr_line' id='line_1_93' title="bbox 571 4687 2134 4759; baseline 0.004 -20"><span class='ocrx_word' id='word_1_656' title='bbox 571 4688 692 4742; x_wconf 90' lang='lat' dir='ltr'><strong>loco</strong></span> <span class='ocrx_word' id='word_1_657' title='bbox 740 4689 884 4742; x_wconf 88' lang='lat' dir='ltr'><strong>illam</strong></span> <span class='ocrx_word' id='word_1_658' title='bbox 931 4705 997 4742; x_wconf 85' lang='lat' dir='ltr'><strong>ex</strong></span> <span class='ocrx_word' id='word_1_659' title='bbox 1038 4687 1328 4759; x_wconf 86' lang='lat' dir='ltr'><strong>Evangelio</strong></span> <span class='ocrx_word' id='word_1_660' title='bbox 1380 4691 1662 4745; x_wconf 90' lang='lat' dir='ltr'><strong>mulierem</strong></span> <span class='ocrx_word' id='word_1_661' title='bbox 1695 4706 1814 4759; x_wconf 63' lang='lat' dir='ltr'><strong>quae</strong></span> <span class='ocrx_word' id='word_1_662' title='bbox 1855 4691 2134 4759; x_wconf 83' lang='lat' dir='ltr'><strong>sanguinis</strong></span> 
     </span>
    </p>
   </div>
   <div class='ocr_carea' id='block_1_94' title="bbox 567 4778 2134 4850">
    <p class='ocr_par' dir='ltr' id='par_1_94' title="bbox 567 4778 2134 4850">
     <span class='ocr_line' id='line_1_94' title="bbox 567 4778 2134 4850; baseline 0.001 -18"><span class='ocrx_word' id='word_1_663' title='bbox 567 4778 775 4833; x_wconf 80' lang='lat' dir='ltr'><strong>ﬂuxum</strong></span> <span class='ocrx_word' id='word_1_664' title='bbox 819 4781 1142 4848; x_wconf 88' lang='lat' dir='ltr'><strong>patiebatur,</strong></span> <span class='ocrx_word' id='word_1_665' title='bbox 1200 4796 1320 4849; x_wconf 58' lang='lat' dir='ltr'><strong>quae.</strong></span> <span class='ocrx_word' id='word_1_666' title='bbox 1357 4780 1645 4834; x_wconf 91' lang='lat' dir='ltr'><strong>Dominum</strong></span> <span class='ocrx_word' id='word_1_667' title='bbox 1705 4781 1880 4848; x_wconf 84' lang='lat' dir='ltr'><strong>ipsum</strong></span> <span class='ocrx_word' id='word_1_668' title='bbox 1932 4796 2134 4850; x_wconf 65' lang='lat' dir='ltr'><strong>nequa«</strong></span> 
     </span>
    </p>
   </div>
   <div class='ocr_carea' id='block_1_95' title="bbox 567 4871 2130 4940">
    <p class='ocr_par' dir='ltr' id='par_1_95' title="bbox 567 4871 2130 4940">
     <span class='ocr_line' id='line_1_95' title="bbox 567 4871 2130 4940; baseline 0 -18"><span class='ocrx_word' id='word_1_669' title='bbox 567 4884 730 4938; x_wconf 86' lang='lat' dir='ltr'><strong>quam</strong></span> <span class='ocrx_word' id='word_1_670' title='bbox 773 4885 904 4924; x_wconf 90' lang='lat' dir='ltr'><strong>ausa</strong></span> <span class='ocrx_word' id='word_1_671' title='bbox 937 4881 1018 4924; x_wconf 89' lang='lat' dir='ltr'><strong>est</strong></span> <span class='ocrx_word' id='word_1_672' title='bbox 1050 4871 1378 4940; x_wconf 84' lang='lat' dir='ltr'><strong>contingere,</strong></span> <span class='ocrx_word' id='word_1_673' title='bbox 1419 4871 1510 4925; x_wconf 90' lang='lat' dir='ltr'><strong>sed</strong></span> <span class='ocrx_word' id='word_1_674' title='bbox 1537 4871 1706 4925; x_wconf 89' lang='lat' dir='ltr'><strong>vestis</strong></span> <span class='ocrx_word' id='word_1_675' title='bbox 1741 4871 1856 4940; x_wconf 85' lang='lat' dir='ltr'><strong>ejus</strong></span> <span class='ocrx_word' id='word_1_676' title='bbox 1893 4878 2130 4923; x_wconf 91' lang='lat' dir='ltr'><strong>tantum-</strong></span> 
     </span>
    </p>
   </div>
   <div class='ocr_carea' id='block_1_96' title="bbox 566 4963 2130 5034">
    <p class='ocr_par' dir='ltr' id='par_1_96' title="bbox 566 4963 2130 5034">
     <span class='ocr_line' id='line_1_96' title="bbox 566 4963 2130 5034; baseline -0.002 -17"><span class='ocrx_word' id='word_1_677' title='bbox 566 4965 730 5018; x_wconf 89' lang='lat' dir='ltr'><strong>modo</strong></span> <span class='ocrx_word' id='word_1_678' title='bbox 777 4965 1024 5018; x_wconf 88' lang='lat' dir='ltr'><strong>limbum.</strong></span> <span class='ocrx_word' id='word_1_679' title='bbox 1088 4965 1305 5020; x_wconf 86' lang='lat' dir='ltr'><strong>Preeari</strong></span> <span class='ocrx_word' id='word_1_680' title='bbox 1353 4979 1516 5034; x_wconf 86' lang='lat' dir='ltr'><strong>porro</strong></span> <span class='ocrx_word' id='word_1_681' title='bbox 1568 4979 1631 5019; x_wconf 88' lang='lat' dir='ltr'><strong>ac</strong></span> <span class='ocrx_word' id='word_1_682' title='bbox 1673 4963 1887 5018; x_wconf 86' lang='lat' dir='ltr'><strong>Domini</strong></span> <span class='ocrx_word' id='word_1_683' title='bbox 1937 4964 2130 5016; x_wconf 35' lang='lat' dir='ltr'><strong>memi‘</strong></span> 
     </span>
    </p>
   </div>
   <div class='ocr_carea' id='block_1_97' title="bbox 565 5052 2126 5124">
    <p class='ocr_par' dir='ltr' id='par_1_97' title="bbox 565 5052 2126 5124">
     <span class='ocr_line' id='line_1_97' title="bbox 565 5052 2126 5124; baseline -0.002 -17"><span class='ocrx_word' id='word_1_684' title='bbox 565 5054 732 5117; x_wconf 83' lang='lat' dir='ltr'><strong>nisse,</strong></span> <span class='ocrx_word' id='word_1_685' title='bbox 763 5055 958 5123; x_wconf 90' lang='lat' dir='ltr'><strong>inquit,</strong></span> <span class='ocrx_word' id='word_1_686' title='bbox 989 5071 1330 5124; x_wconf 82' lang='lat' dir='ltr'><strong>nequaquam</strong></span> <span class='ocrx_word' id='word_1_687' title='bbox 1360 5069 1425 5109; x_wconf 94' lang='lat' dir='ltr'><strong>eo</strong></span> <span class='ocrx_word' id='word_1_688' title='bbox 1455 5067 1695 5122; x_wconf 89' lang='lat' dir='ltr'><strong>tempore</strong></span> <span class='ocrx_word' id='word_1_689' title='bbox 1740 5052 2126 5122; x_wconf 87' lang='lat' dir='ltr'><strong>prohibentur;</strong></span> 
     </span>
    </p>
   </div>
   <div class='ocr_carea' id='block_1_98' title="bbox 564 5143 2130 5213">
    <p class='ocr_par' dir='ltr' id='par_1_98' title="bbox 564 5143 2130 5213">
     <span class='ocr_line' id='line_1_98' title="bbox 564 5143 2130 5213; baseline 0 -17"><span class='ocrx_word' id='word_1_690' title='bbox 564 5159 753 5197; x_wconf 75' lang='lat' dir='ltr'><strong>verum</strong></span> <span class='ocrx_word' id='word_1_691' title='bbox 805 5145 858 5197; x_wconf 91' lang='lat' dir='ltr'><strong>in</strong></span> <span class='ocrx_word' id='word_1_692' title='bbox 911 5146 1166 5212; x_wconf 87' lang='lat' dir='ltr'><strong>templum</strong></span> <span class='ocrx_word' id='word_1_693' title='bbox 1213 5144 1308 5198; x_wconf 89' lang='lat' dir='ltr'><strong>Dei</strong></span> <span class='ocrx_word' id='word_1_694' title='bbox 1344 5145 1490 5213; x_wconf 88' lang='lat' dir='ltr'><strong>ipsas</strong></span> <span class='ocrx_word' id='word_1_695' title='bbox 1541 5145 1770 5212; x_wconf 87' lang='lat' dir='ltr'><strong>ingredi,</strong></span> <span class='ocrx_word' id='word_1_696' title='bbox 1822 5153 1912 5197; x_wconf 89' lang='lat' dir='ltr'><strong>aut</strong></span> <span class='ocrx_word' id='word_1_697' title='bbox 1959 5143 2130 5197; x_wconf 91' lang='lat' dir='ltr'><strong>sacris</strong></span> 
     </span>
    </p>
   </div>
   <div class='ocr_carea' id='block_1_99' title="bbox 564 5234 1651 5306">
    <p class='ocr_par' dir='ltr' id='par_1_99' title="bbox 564 5234 1651 5306">
     <span class='ocr_line' id='line_1_99' title="bbox 564 5234 1651 5306; baseline -0.003 -17"><span class='ocrx_word' id='word_1_698' title='bbox 564 5235 837 5306; x_wconf 84' lang='lat' dir='ltr'><strong>mysteriis</strong></span> <span class='ocrx_word' id='word_1_699' title='bbox 866 5235 1294 5299; x_wconf 88' lang='lat' dir='ltr'><strong>communicare,</strong></span> <span class='ocrx_word' id='word_1_700' title='bbox 1328 5234 1471 5287; x_wconf 89' lang='lat' dir='ltr'><strong>baud</strong></span> <span class='ocrx_word' id='word_1_701' title='bbox 1508 5234 1651 5287; x_wconf 91' lang='lat' dir='ltr'><strong>licet.</strong></span> 
     </span>
    </p>
   </div>
   <div class='ocr_carea' id='block_1_100' title="bbox 1116 5355 1545 5426">
    <p class='ocr_par' dir='ltr' id='par_1_100' title="bbox 1116 5355 1545 5426">
     <span class='ocr_line' id='line_1_100' title="bbox 1116 5355 1545 5426; baseline -0.019 0"><span class='ocrx_word' id='word_1_702' title='bbox 1116 5355 1415 5426; x_wconf 73' lang='lat' dir='ltr'><strong>GCANON</strong></span> <span class='ocrx_word' id='word_1_703' title='bbox 1458 5364 1545 5418; x_wconf 92' lang='grc' dir='ltr'>ιιι.</span> 
     </span>
    </p>
   </div>
   <div class='ocr_carea' id='block_1_101' title="bbox 631 5494 2125 5565">
    <p class='ocr_par' dir='ltr' id='par_1_101' title="bbox 631 5494 2125 5565">
     <span class='ocr_line' id='line_1_101' title="bbox 631 5494 2125 5565; baseline -0.001 -18"><span class='ocrx_word' id='word_1_704' title='bbox 631 5496 798 5549; x_wconf 85' lang='lat' dir='ltr'><strong>Porro</strong></span> <span class='ocrx_word' id='word_1_705' title='bbox 839 5497 929 5565; x_wconf 83' lang='lat' dir='ltr'><strong>qui</strong></span> <span class='ocrx_word' id='word_1_706' title='bbox 966 5496 1096 5548; x_wconf 73' lang='lat' dir='ltr'><strong>satis</strong></span> <span class='ocrx_word' id='word_1_707' title='bbox 1141 5495 1209 5547; x_wconf 87' lang='lat' dir='ltr'><strong>ad</strong></span> <span class='ocrx_word' id='word_1_708' title='bbox 1247 5494 1302 5548; x_wconf 78' lang='lat' dir='ltr'><strong>id</strong></span> <span class='ocrx_word' id='word_1_709' title='bbox 1335 5495 1583 5548; x_wconf 77' lang='lat' dir='ltr'><strong>instructi</strong></span> <span class='ocrx_word' id='word_1_710' title='bbox 1610 5505 1727 5548; x_wconf 87' lang='lat' dir='ltr'><strong>sunt</strong></span> <span class='ocrx_word' id='word_1_711' title='bbox 1767 5504 1815 5547; x_wconf 79' lang='lat' dir='ltr'><strong>et</strong></span> <span class='ocrx_word' id='word_1_712' title='bbox 1847 5509 2125 5547; x_wconf 82' lang='lat' dir='ltr'><strong>consenue-</strong></span> 
     </span>
    </p>
   </div>
   <div class='ocr_carea' id='block_1_102' title="bbox 560 5584 2120 5654">
    <p class='ocr_par' dir='ltr' id='par_1_102' title="bbox 560 5584 2120 5654">
     <span class='ocr_line' id='line_1_102' title="bbox 560 5584 2120 5654; baseline 0.001 -20"><span class='ocrx_word' id='word_1_713' title='bbox 560 5585 921 5650; x_wconf 55' lang='lat' dir='ltr'><strong>rtmt,’debent</strong></span> <span class='ocrx_word' id='word_1_714' title='bbox 954 5601 1064 5639; x_wconf 83' lang='lat' dir='ltr'><strong>esse</strong></span> <span class='ocrx_word' id='word_1_715' title='bbox 1095 5587 1177 5638; x_wconf 82' lang='lat' dir='ltr'><strong>sui</strong></span> <span class='ocrx_word' id='word_1_716' title='bbox 1204 5585 1437 5654; x_wconf 80' lang='lat' dir='ltr'><strong>judices.</strong></span> <span class='ocrx_word' id='word_1_717' title='bbox 1473 5584 1624 5649; x_wconf 81' lang='lat' dir='ltr'><strong>Quod</strong></span> <span class='ocrx_word' id='word_1_718' title='bbox 1664 5587 1798 5639; x_wconf 74' lang='lat' dir='ltr'><strong>enim</strong></span> <span class='ocrx_word' id='word_1_719' title='bbox 1841 5603 1870 5637; x_wconf 92' lang='lat' dir='ltr'><strong>a</strong></span> <span class='ocrx_word' id='word_1_720' title='bbox 1905 5601 1956 5637; x_wconf 85' lang='lat' dir='ltr'><strong>se</strong></span> <span class='ocrx_word' id='word_1_721' title='bbox 1987 5586 2120 5637; x_wconf 79' lang='lat' dir='ltr'><strong>invi-</strong></span> 
     </span>
    </p>
   </div>
   <div class='ocr_carea' id='block_1_103' title="bbox 561 5679 2120 5746">
    <p class='ocr_par' dir='ltr' id='par_1_103' title="bbox 561 5679 2120 5746">
     <span class='ocr_line' id='line_1_103' title="bbox 561 5679 2120 5746; baseline -0.001 -14"><span class='ocrx_word' id='word_1_722' title='bbox 561 5693 666 5733; x_wconf 76' lang='lat' dir='ltr'><strong>am</strong></span> <span class='ocrx_word' id='word_1_723' title='bbox 703 5693 770 5733; x_wconf 69' lang='lat' dir='ltr'><strong>es;</strong></span> <span class='ocrx_word' id='word_1_724' title='bbox 805 5695 1057 5734; x_wconf 75' lang='lat' dir='ltr'><strong>consensu</strong></span> <span class='ocrx_word' id='word_1_725' title='bbox 1094 5681 1354 5734; x_wconf 74' lang='lat' dir='ltr'><strong>abstinere</strong></span> <span class='ocrx_word' id='word_1_726' title='bbox 1386 5680 1680 5737; x_wconf 75' lang='lat' dir='ltr'><strong>conveniat.</strong></span> <span class='ocrx_word' id='word_1_727' title='bbox 1720 5691 1776 5732; x_wconf 87' lang='lat' dir='ltr'><strong>ut</strong></span> <span class='ocrx_word' id='word_1_728' title='bbox 1817 5679 1885 5731; x_wconf 84' lang='lat' dir='ltr'><strong>ad</strong></span> <span class='ocrx_word' id='word_1_729' title='bbox 1920 5689 2120 5746; x_wconf 78' lang='lat' dir='ltr'><strong>tempus</strong></span> 
     </span>
    </p>
   </div>
   <div class='ocr_carea' id='block_1_104' title="bbox 2238 4600 3812 4675">
    <p class='ocr_par' dir='ltr' id='par_1_104' title="bbox 2238 4600 3812 4675">
     <span class='ocr_line' id='line_1_104' title="bbox 2238 4600 3812 4675; baseline 0.004 -24"><span class='ocrx_word' id='word_1_730' title='bbox 2238 4600 2398 4671; x_wconf 85' lang='grc' dir='ltr'>κρίθη</span> <span class='ocrx_word' id='word_1_731' title='bbox 2455 4601 2527 4670; x_wconf 81' lang='grc' dir='ltr'><strong>μὴ</strong></span> <span class='ocrx_word' id='word_1_732' title='bbox 2555 4602 2682 4664; x_wconf 78' lang='grc' dir='ltr'>δεῖν,</span> <span class='ocrx_word' id='word_1_733' title='bbox 2709 4605 2802 4655; x_wconf 78' lang='grc' dir='ltr'>καὶ</span> <span class='ocrx_word' id='word_1_734' title='bbox 2824 4603 2920 4672; x_wconf 84' lang='grc' dir='ltr'><strong>τὴν</strong></span> <span class='ocrx_word' id='word_1_735' title='bbox 2949 4605 3007 4655; x_wconf 86' lang='grc' dir='ltr'><strong>ἐν</strong></span> <span class='ocrx_word' id='word_1_736' title='bbox 3035 4603 3111 4673; x_wconf 84' lang='grc' dir='ltr'>τῷ</span> <span class='ocrx_word' id='word_1_737' title='bbox 3145 4604 3459 4674; x_wconf 83' lang='grc' dir='ltr'>Εὑαγγελίῳ</span> <span class='ocrx_word' id='word_1_738' title='bbox 3488 4604 3812 4675; x_wconf 64' lang='grc' dir='ltr'>αἱμορροοῦ-</span> 
     </span>
    </p>
   </div>
   <div class='ocr_carea' id='block_1_105' title="bbox 2239 4692 3804 4764">
    <p class='ocr_par' dir='ltr' id='par_1_105' title="bbox 2239 4692 3804 4764">
     <span class='ocr_line' id='line_1_105' title="bbox 2239 4692 3804 4764; baseline 0.003 -24"><span class='ocrx_word' id='word_1_739' title='bbox 2239 4706 2337 4741; x_wconf 89' lang='grc' dir='ltr'><strong>σαν</strong></span> <span class='ocrx_word' id='word_1_740' title='bbox 2368 4692 2685 4763; x_wconf 85' lang='grc' dir='ltr'>παρήγαγεν</span> <span class='ocrx_word' id='word_1_741' title='bbox 2707 4693 2784 4753; x_wconf 78' lang='grc' dir='ltr'><strong>εἰς</strong></span> <span class='ocrx_word' id='word_1_742' title='bbox 2806 4693 3174 4763; x_wconf 87' lang='grc' dir='ltr'>παράδειγμα,</span> <span class='ocrx_word' id='word_1_743' title='bbox 3199 4692 3272 4764; x_wconf 83' lang='grc' dir='ltr'>μὴ</span> <span class='ocrx_word' id='word_1_744' title='bbox 3293 4694 3638 4763; x_wconf 84' lang='grc' dir='ltr'>τολμήσασαν</span> <span class='ocrx_word' id='word_1_745' title='bbox 3659 4692 3804 4756; x_wconf 77' lang='grc' dir='ltr'>θίξαι</span> 
     </span>
    </p>
   </div>
   <div class='ocr_carea' id='block_1_106' title="bbox 2233 4778 3803 4854">
    <p class='ocr_par' dir='ltr' id='par_1_106' title="bbox 2233 4778 3803 4854">
     <span class='ocr_line' id='line_1_106' title="bbox 2233 4778 3803 4854; baseline 0.003 -25"><span class='ocrx_word' id='word_1_746' title='bbox 2233 4778 2328 4830; x_wconf 87' lang='grc' dir='ltr'><strong>τοῦ</strong></span> <span class='ocrx_word' id='word_1_747' title='bbox 2365 4780 2586 4850; x_wconf 86' lang='grc' dir='ltr'>Κυρίου,</span> <span class='ocrx_word' id='word_1_748' title='bbox 2620 4780 2731 4832; x_wconf 78' lang='grc' dir='ltr'>ἀλλ’</span> <span class='ocrx_word' id='word_1_749' title='bbox 2767 4780 2799 4849; x_wconf 83' lang='grc' dir='ltr'>ἦ</span> <span class='ocrx_word' id='word_1_750' title='bbox 2837 4782 2997 4851; x_wconf 81' lang='grc' dir='ltr'>μόνου</span> <span class='ocrx_word' id='word_1_751' title='bbox 3019 4783 3111 4835; x_wconf 87' lang='grc' dir='ltr'><strong>τοῦ</strong></span> <span class='ocrx_word' id='word_1_752' title='bbox 3138 4783 3445 4854; x_wconf 87' lang='grc' dir='ltr'>κρασπέδου</span> <span class='ocrx_word' id='word_1_753' title='bbox 3474 4782 3656 4834; x_wconf 86' lang='grc' dir='ltr'>αὑτοῦ.</span> <span class='ocrx_word' id='word_1_754' title='bbox 3694 4781 3803 4834; x_wconf 80' lang='grc' dir='ltr'><strong>Εὗ-</strong></span> 
     </span>
    </p>
   </div>
   <div class='ocr_carea' id='block_1_107' title="bbox 2233 4869 3800 4945">
    <p class='ocr_par' dir='ltr' id='par_1_107' title="bbox 2233 4869 3800 4945">
     <span class='ocr_line' id='line_1_107' title="bbox 2233 4869 3800 4945; baseline 0.004 -27"><span class='ocrx_word' id='word_1_755' title='bbox 2233 4869 2424 4936; x_wconf 87' lang='grc' dir='ltr'>χεσθαι</span> <span class='ocrx_word' id='word_1_756' title='bbox 2454 4869 2550 4938; x_wconf 84' lang='grc' dir='ltr'><strong>μὲν</strong></span> <span class='ocrx_word' id='word_1_757' title='bbox 2581 4869 2688 4941; x_wconf 79' lang='grc' dir='ltr'><strong>γάρ</strong></span> <span class='ocrx_word' id='word_1_758' title='bbox 2740 4872 2948 4925; x_wconf 76' lang='grc' dir='ltr'>καὶτοῦ</span> <span class='ocrx_word' id='word_1_759' title='bbox 2991 4875 3192 4944; x_wconf 83' lang='grc' dir='ltr'>Κυρίου</span> <span class='ocrx_word' id='word_1_760' title='bbox 3243 4873 3570 4944; x_wconf 84' lang='grc' dir='ltr'>μεμνῆσθαι,</span> <span class='ocrx_word' id='word_1_761' title='bbox 3614 4874 3800 4945; x_wconf 76' lang='grc' dir='ltr'>φησὶν,</span> 
     </span>
    </p>
   </div>
   <div class='ocr_carea' id='block_1_108' title="bbox 2233 4962 3801 5034">
    <p class='ocr_par' dir='ltr' id='par_1_108' title="bbox 2233 4962 3801 5034">
     <span class='ocr_line' id='line_1_108' title="bbox 2233 4962 3801 5034; baseline 0.003 -21"><span class='ocrx_word' id='word_1_762' title='bbox 2233 4962 2338 5023; x_wconf 80' lang='grc' dir='ltr'><strong>οὐδ’</strong></span> <span class='ocrx_word' id='word_1_763' title='bbox 2367 4963 2423 5013; x_wconf 88' lang='grc' dir='ltr'><strong>ἐν</strong></span> <span class='ocrx_word' id='word_1_764' title='bbox 2449 4962 2527 5032; x_wconf 82' lang='grc' dir='ltr'>τῷ</span> <span class='ocrx_word' id='word_1_765' title='bbox 2559 4965 2782 5033; x_wconf 84' lang='grc' dir='ltr'>τοιούτῳ</span> <span class='ocrx_word' id='word_1_766' title='bbox 2815 4964 2990 5034; x_wconf 87' lang='grc' dir='ltr'>καιρῷ</span> <span class='ocrx_word' id='word_1_767' title='bbox 3013 4965 3440 5034; x_wconf 86' lang='grc' dir='ltr'>κωλυθήσονται·</span> <span class='ocrx_word' id='word_1_768' title='bbox 3476 4966 3556 5027; x_wconf 85' lang='grc' dir='ltr'><strong>είς</strong></span> <span class='ocrx_word' id='word_1_769' title='bbox 3589 4965 3714 5016; x_wconf 82' lang='grc' dir='ltr'>ναὸν</span> <span class='ocrx_word' id='word_1_770' title='bbox 3739 4965 3801 5017; x_wconf 81' lang='grc' dir='ltr'>δὲ</span> 
     </span>
    </p>
   </div>
   <div class='ocr_carea' id='block_1_109' title="bbox 2232 5052 3803 5126">
    <p class='ocr_par' dir='ltr' id='par_1_109' title="bbox 2232 5052 3803 5126">
     <span class='ocr_line' id='line_1_109' title="bbox 2232 5052 3803 5126; baseline 0.003 -23"><span class='ocrx_word' id='word_1_771' title='bbox 2232 5052 2365 5104; x_wconf 84' lang='grc' dir='ltr'>Θεοῦ</span> <span class='ocrx_word' id='word_1_772' title='bbox 2399 5054 2641 5120; x_wconf 74' lang='grc' dir='ltr'>εἰσιέναι,</span> <span class='ocrx_word' id='word_1_773' title='bbox 2668 5053 2700 5123; x_wconf 85' lang='grc' dir='ltr'>ἢ</span> <span class='ocrx_word' id='word_1_774' title='bbox 2734 5055 3162 5125; x_wconf 76' lang='grc' dir='ltr'>μεταλαμϐάνειν</span> <span class='ocrx_word' id='word_1_775' title='bbox 3194 5054 3364 5120; x_wconf 81' lang='grc' dir='ltr'>αὐτὰς</span> <span class='ocrx_word' id='word_1_776' title='bbox 3394 5054 3504 5111; x_wconf 82' lang='grc' dir='ltr'><strong>τῶν</strong></span> <span class='ocrx_word' id='word_1_777' title='bbox 3529 5057 3803 5126; x_wconf 81' lang='grc' dir='ltr'>άγιασμά-</span> 
     </span>
    </p>
   </div>
   <div class='ocr_carea' id='block_1_110' title="bbox 2230 5145 2549 5198">
    <p class='ocr_par' dir='ltr' id='par_1_110' title="bbox 2230 5145 2549 5198">
     <span class='ocr_line' id='line_1_110' title="bbox 2230 5145 2549 5198; baseline 0.003 -2"><span class='ocrx_word' id='word_1_778' title='bbox 2230 5161 2336 5198; x_wconf 82' lang='grc' dir='ltr'><strong>των</strong></span> <span class='ocrx_word' id='word_1_779' title='bbox 2368 5145 2426 5196; x_wconf 87' lang='grc' dir='ltr'><strong>οὐ</strong></span> <span class='ocrx_word' id='word_1_780' title='bbox 2452 5145 2549 5197; x_wconf 84' lang='grc' dir='ltr'>δεῖ.</span> 
     </span>
    </p>
   </div>
   <div class='ocr_carea' id='block_1_111' title="bbox 2839 5369 3178 5421">
    <p class='ocr_par' dir='ltr' id='par_1_111' title="bbox 2839 5369 3178 5421">
     <span class='ocr_line' id='line_1_111' title="bbox 2839 5369 3178 5421; baseline 0.003 -1"><span class='ocrx_word' id='word_1_781' title='bbox 2839 5369 3074 5420; x_wconf 80' lang='grc' dir='ltr'><strong>ΚΑΝΩΝ</strong></span> <span class='ocrx_word' id='word_1_782' title='bbox 3109 5371 3178 5421; x_wconf 79' lang='grc' dir='ltr'><strong>Γ’.</strong></span> 
     </span>
    </p>
   </div>
   <div class='ocr_carea' id='block_1_112' title="bbox 2296 5501 3796 5581">
    <p class='ocr_par' dir='ltr' id='par_1_112' title="bbox 2296 5501 3796 5581">
     <span class='ocr_line' id='line_1_112' title="bbox 2296 5501 3796 5581; baseline 0.01 -29"><span class='ocrx_word' id='word_1_783' title='bbox 2296 5501 2617 5569; x_wconf 79' lang='grc' dir='ltr'>Αὐτάρκεις</span> <span class='ocrx_word' id='word_1_784' title='bbox 2648 5502 2716 5555; x_wconf 81' lang='grc' dir='ltr'>δὲ</span> <span class='ocrx_word' id='word_1_785' title='bbox 2744 5501 2842 5556; x_wconf 80' lang='grc' dir='ltr'>καὶ</span> <span class='ocrx_word' id='word_1_786' title='bbox 2875 5508 2928 5559; x_wconf 83' lang='grc' dir='ltr'><strong>οὶ</strong></span> <span class='ocrx_word' id='word_1_787' title='bbox 2953 5507 3363 5574; x_wconf 73' lang='grc' dir='ltr'>γεγηρακότες,</span> <span class='ocrx_word' id='word_1_788' title='bbox 3387 5506 3616 5563; x_wconf 72' lang='grc' dir='ltr'>ἑαυτῶν</span> <span class='ocrx_word' id='word_1_789' title='bbox 3639 5511 3796 5581; x_wconf 70' lang='grc' dir='ltr'><strong>ὀφει-</strong></span> 
     </span>
    </p>
   </div>
   <div class='ocr_carea' id='block_1_113' title="bbox 2223 5588 3794 5670">
    <p class='ocr_par' dir='ltr' id='par_1_113' title="bbox 2223 5588 3794 5670">
     <span class='ocr_line' id='line_1_113' title="bbox 2223 5588 3794 5670; baseline 0.01 -27"><span class='ocrx_word' id='word_1_790' title='bbox 2223 5594 2440 5644; x_wconf 77' lang='grc' dir='ltr'>λουσιν</span> <span class='ocrx_word' id='word_1_791' title='bbox 2458 5588 2608 5646; x_wconf 79' lang='grc' dir='ltr'>εἶναι</span> <span class='ocrx_word' id='word_1_792' title='bbox 2637 5596 2828 5661; x_wconf 77' lang='grc' dir='ltr'>κριταί</span> <span class='ocrx_word' id='word_1_793' title='bbox 2834 5636 2846 5649; x_wconf 91' lang='grc'>.</span> <span class='ocrx_word' id='word_1_794' title='bbox 2882 5597 2998 5648; x_wconf 81' lang='grc' dir='ltr'>’Ὁτι</span> <span class='ocrx_word' id='word_1_795' title='bbox 3030 5598 3138 5665; x_wconf 75' lang='grc' dir='ltr'>γὰρ</span> <span class='ocrx_word' id='word_1_796' title='bbox 3157 5597 3482 5665; x_wconf 73' lang='grc' dir='ltr'>ἀπέχεσθαι</span> <span class='ocrx_word' id='word_1_797' title='bbox 3501 5601 3794 5670; x_wconf 69' lang='grc' dir='ltr'><strong>ἀλλήλων</strong></span> 
     </span>
    </p>
   </div>
   <div class='ocr_carea' id='block_1_114' title="bbox 2224 5683 3792 5764">
    <p class='ocr_par' dir='ltr' id='par_1_114' title="bbox 2224 5683 3792 5764">
     <span class='ocr_line' id='line_1_114' title="bbox 2224 5683 3792 5764; baseline 0.01 -29"><span class='ocrx_word' id='word_1_798' title='bbox 2224 5683 2536 5751; x_wconf 77' lang='grc' dir='ltr'>προσῆκον</span> <span class='ocrx_word' id='word_1_799' title='bbox 2567 5685 2635 5738; x_wconf 78' lang='grc' dir='ltr'>ἐκ</span> <span class='ocrx_word' id='word_1_800' title='bbox 2665 5689 3030 5754; x_wconf 63' lang='grc' dir='ltr'>συμφωνίας,</span> <span class='ocrx_word' id='word_1_801' title='bbox 3068 5689 3166 5741; x_wconf 78' lang='grc' dir='ltr'><strong>ἵνα</strong></span> <span class='ocrx_word' id='word_1_802' title='bbox 3199 5689 3346 5756; x_wconf 77' lang='grc' dir='ltr'>πρὸς</span> <span class='ocrx_word' id='word_1_803' title='bbox 3391 5692 3602 5762; x_wconf 74' lang='grc' dir='ltr'>καιρὸν</span> <span class='ocrx_word' id='word_1_804' title='bbox 3642 5712 3792 5764; x_wconf 77' lang='grc' dir='ltr'>σχο-</span> 
     </span>
    </p>
   </div>
  </div>
