4002 6314
213 343 324 406 469

1272 348 1354 410 IN
1389 348 1627 412 EPIST.
1671 350 1733 411 S.
1779 347 2120 408 DlONYSiI
2164 350 2384 412 ALEX.

3341 355 3443 417 470

218 475 457 514 .twwm
511 462 589 531 τῇ
643 463 971 530 προσευχῇ,
1006 467 1099 517 καὶ
1158 468 1343 520 πάλιν
1387 469 1482 520 ἐπὶ
1535 468 1599 521 τὸ
1651 467 1791 520 αὐτὸ

1898 477 2075 519 vocent
2110 469 2356 528 orationi,
2383 477 2432 517 et
2463 481 2642 518 rursus
2671 467 2998 535 conveniant,
3028 465 3253 521 Paulum
3277 469 3447 523 dicm-

218 549 398 616 ὦσιν,
431 555 728 622 ἀκηκόασι
753 555 998 609 Παύλου
1027 556 1369 625 γράφοντος.

301 647 493 698 ΒΔᾹΣ.
536 647 622 708 Ὦς
667 645 856 708 ἔοικεν,
890 646 1143 717 ἠρωτήθη
1177 650 1205 698 6
1241 648 1390 713 ἅγιος
1435 649 1527 700 ἐὰν
1577 649 1788 719 ἐνδέχηα

220 752 320 788 ται
342 738 467 800 τοὺς
522 735 785 804 συξύγους
837 738 1233 808 γεγηρακότας,
1277 739 1395 806 καθ’
1422 739 1513 802 οὒς
1569 743 1792 810 καιροὺς

224 827 506 894 δφείλουσι
541 827 956 898 προσεύχεσθαι,
1007 829 1103 898 τῆς
1151 830 1426 897 ἐπιμιξίας
1472 831 1785 900 ἀπέχεσθαι·

222 920 328 972 καί
358 935 520 989 φησιν
550 918 625 980 ὡς
679 921 726 971 οί
759 918 1010 985 τοιοῦτοι,
1059 920 1261 972 ἑαυτῶν
1314 923 1493 990 κριταὶ
1542 923 1793 989 γινέσθω-

225 1028 352 1064 σαν·
386 1010 476 1064 καί
512 1027 637 1062 ποτε
669 1009 910 1079 ἀλλήλων
932 1013 994 1063 ὲκ
1025 1012 1309 1081 συμφώνου
1339 1014 1503 1082 ήγουν
1530 1016 1591 1066 ὲκ
1614 1013 1790 1066 κοινοῦ

225 1100 552 1170 θελήματος,
601 1099 1162 1169 άπεχέτωσαν,ήγουν
1207 1101 1344 1154 κατά
1403 1102 1528 1164 τοὺς
1570 1102 1792 1172 καιροὺς

226 1191 352 1244 καθ’
410 1190 504 1254 οὓς
557 1190 919 1259 ὲνετάλθησαν
976 1191 1404 1260 προσεύχεσθαι,
1463 1193 1791 1259 διαγέτωσαν

228 1280 374 1350 μετά
409 1281 589 1350 πάσης
645 1281 1011 1351 σωφροσύνης,
1059 1282 1152 1333 καὶ
1206 1282 1362 1332 πάλιν
1419 1283 1509 1333 ὲπὶ
1552 1281 1612 1332 τὸ
1665 1283 1793 1334 αὐτὸ

224 1373 494 1426 ἔστωσαν.
535 1369 653 1426 Ὅτι
684 1374 777 1426 καὶ
822 1374 850 1424 6
881 1372 1049 1441 μέγας
1078 1372 1283 1434 Παῦλος
1311 1371 1466 1424 τοῦτο
1498 1372 1790 1436 διετάξατο.

225 1462 343 1513 Καὶ
373 1464 401 1513 6
436 1462 531 1530 μὲν
563 1461 739 1513 κανὼν
764 1461 890 1532 περὶ
923 1462 1303 1531 γεγηρακότων
1327 1461 1504 1532 φησίνο
1547 1461 1793 1524 Ἐξακου-

229 1549 390 1601 στέον
419 1551 472 1601 δὲ
507 1550 575 1602 τὰ
593 1552 650 1602 ὲν
674 1550 821 1620 αὐτῷ
842 1551 935 1605 καὶ
966 1552 1042 1615 είς
1089 1551 1290 1613 πάντας
1321 1554 1444 1613 τοὺς
1475 1551 1788 1621 ὁμοζύγους.

227 1642 430 1703 Καλῶς
455 1642 511 1693 δὲ
536 1637 655 1694 εἷπε
691 1642 752 1693 τὸ
778 1642 845 1695 ἐκ
869 1637 1212 1711 συμφώνου.
1270 1643 1413 1696 Οὔτε
1443 1643 1549 1711 γὰρ
1582 1645 1614 1694 d
1643 1642 1794 1709 ἀνὴρ

225 1729 563 1795 ἐξουσιάζει
589 1731 693 1784 τοῦ
738 1731 890 1785 ίδίου
920 1731 1207 1800 σώματος·
1237 1733 1371 1786 οὔτε
1400 1734 1438 1799 ἡ
1465 1732 1638 1800 γυνὴ,
1657 1733 1821 1796 κατὰ,

227 1785 323 1874 τόν
355 1785 526 1890 μέγαν
560 1821 895 1878 Ἀπόστολον.
950 1785 1046 1874 Διά
1076 1785 1251 1876 τοῦτο
1298 1785 1389 1876 οῦν
1425 1785 1868 1892 ἀλλήλόῦςδεῖἠΒ

231 1915 548 1980 συμφωνεῖν
581 1914 705 1980 περὶ
734 1913 962 1983 ἀποχῆς,
987 1915 1071 1966 ἵνα
1108 1914 1404 1982 σχολάσωσι
1431 1917 1496 1984 τῇ
1523 1917 1792 1986 προσευχῇ

230 2003 330 2055 καὶ
363 2006 429 2072 τῇ
466 2003 701 2073 νηστείᾳ.
737 2005 797 2056 El
841 2004 947 2074 γὰρ
974 2004 1046 2074 μὴ
1079 2007 1140 2056 ὲκ
1187 2006 1497 2074 συμφωνίας
1541 2007 1793 2076 γίνοιτοή

232 2086 743 2163 ἀποχὴ,ἀποστερεῗ
769 2093 982 2156 πάντως
1004 2095 1062 2146 τὸ
1103 2095 1176 2164 μὴ
1208 2094 1522 2165 βουλόμενον
1554 2097 1650 2166 τὴν
1683 2114 1796 2148 συν-

232 2183 424 2235 ουσίαν
485 2183 665 2253 μέρος,
721 2185 780 2235 τὸ
819 2183 1020 2254 ταύτην
1073 2183 1380 2253 ὲπιζητοῦν.
1431 2187 1537 2238 Καὶ
1589 2186 1794 2252 πῶςᾶν

233 2273 440 2338 δόξειεν
470 2272 798 2337 ὲξουσιάζειν
820 2273 912 2325 τοῦ
961 2272 1206 2343 σώματος
1230 2275 1318 2326 τοῦ
1351 2275 1422 2345 μή
1457 2275 1792 2346 συγχωροῦν-

234 2380 328 2426 τος
382 2363 578 2433 μέρους
607 2364 667 2415 τὸ
689 2365 787 2434 τὴν
822 2363 1108 2431 συνάφειαν
1136 2361 1328 2432 ζητοῦν
1362 2367 1453 2418 καὶ
1487 2367 1558 2436 μή
1587 2383 1768 2435 σύγχει)

241 2452 534 2523 ρούμενον;
573 2453 860 2522 Συμδαίνει
885 2453 941 2505 δὲ
985 2454 1076 2506 καὶ⁵
1100 2452 1197 2523 τήν
1225 2454 1319 2506 τοῦ
1353 2455 1576 2522 θατέρου
1605 2455 1796 2526 ἐγκρά-

236 2559 391 2602 τειαν
417 2529 501 2604 είς
521 2543 723 2613 βλάϐην
767 2545 894 2605 ἴσως
939 2542 1249 2596 ἀποϐαίνειν
1296 2543 1535 2611 θατέρου.
1585 2545 1646 2596 El
1689 2544 1794 2614 γάρ

238 2635 458 2688 νικᾶται
484 2633 586 2684 ὑπὸ
609 2627 704 2704 τῆς
728 2632 1018 2703 ἐπιθυμίας
1039 2635 1132 2686 καὶ
1156 2634 1212 2685 οὐ
1238 2635 1662 2703 παραχωρείται,
1710 2651 1795 2686 πει

242 2726 550 2796 ριπεσεῖται
575 2723 716 2793 μίξει
743 2722 982 2792 ἀθέσμῳ.
1036 2724 1179 2794 Ἐρεῐ
1202 2723 1256 2776 δέ
1283 2741 1382 2787 τις,
1407 2725 1479 2786 ὡς
1509 2725 1626 2776 ἐπεὶ
1646 2727 1672 2776 6
1700 2742 1795 2775 κα-

239 2816 351 2867 νὼν
381 2831 543 2884 φησιν
565 2813 968 2866 ἀποδιῖστασθαι
994 2815 1116 2876 τοὺς
1159 2815 1454 2884 όμοζύγους
1493 2814 1577 2866 ἵνα
1605 2813 1793 2884 σχολά-

244 2920 382 2957 etas:
403 2906 468 2972 τῇ
497 2905 790 2973 προσευχῇ,
818 2903 859 2954 ὁ.
912 2903 1223 2965 Ἀπόστολος
1254 2904 1310 2955 δὲ
1335 2904 1620 2973 διορίζεται
1649 2904 1797 2957 ἀδια-

241 2993 476 3056 λείπτως
497 2993 645 3063 ἡμᾶς
671 2992 1080 3062 προσεύχεσθαι,
1108 2994 1192 3045 ἀεὶ
1213 2994 1316 3064 χρὴ
1343 2995 1433 3046 καὶ
1477 2997 1599 3057 τοὺς
1627 3012 1796 3047 συνοι-

244 3081 474 3144 κοῦντας
517 3083 760 3151 ἀλλήλων
802 3081 1132 3150 ἀπέχεσθαι;
1197 3083 1332 3134 Ἀλλ’
1359 3086 1419 3136 οὐ
1474 3085 1595 3156 περὶ
1618 3086 1794 3154 πάσης
1822 3099 1866 3160 C

243 3172 559 3243 προσευχῆς
581 3174 608 3225 6
631 3171 786 3239 λόγος
817 3172 952 3224 ἐστί’
1006 3174 1129 3244 περὶ
1164 3173 1219 3226 δὲ
1262 3175 1359 3243 τῆς
1386 3175 1798 3244 σπουδαιοτέρας

243 3262 414 3331 ήγουν
436 3261 533 3330 τῆς
558 3259 664 3312 τῶν
696 3260 863 3327 ἁγίων
911 3261 1189 3330 νηστειῶν,
1217 3263 1296 3314 ὅτι
1333 3264 1422 3314 καὶ
1447 3263 1531 3314 διὰ
1563 3263 1651 3315 τοῦ
1676 3265 1799 3316 Μω-

246 3353 387 3414 σέως
405 3355 433 3404 6
472 3351 602 3414 Θεὸς
626 3351 1050 3422 παρηγγυήσατο
1070 3354 1180 3414 τοῖς
1218 3351 1483 3414 Ἰουδαίοις
1526 3353 1799 3421 μέλλουσιν

244 3441 476 3494 ἀκοῦσαι
498 3440 605 3494 τῶν
629 3441 685 3494 ὲν
708 3441 785 3510 τῷ
808 3432 922 3510 ὄρει
945 3439 1102 3492 θείων
1124 3440 1331 3506 φωνῶν,
1362 3440 1657 3510 ἀπέχεσθαι
1694 3443 1799 3494 τῶν

245 3531 460 3584 οἰκείων
488 3529 758 3600 γαμετῶν.
787 3530 895 3583 Καὶ
920 3533 947 3581 6
972 3531 1248 3598 προφήτης
1273 3529 1444 3599 Ἰωήλ·
1482 3529 1797 3598 Ἀτιάσατε,

247 3620 402 3688 φησὶ,
453 3619 755 3684 νηστείαν,
813 3617 910 3670 καί
965 3616 1246 3680 ἐξελθέτω
1304 3619 1557 3684 νυμφίος
1600 3619 1666 3670 ἐκ
1697 3619 1800 3672 τοῦ

247 3708 530 3774 κοιτῶνος
555 3709 761 3771 αὑτοῦ,
789 3709 887 3761 καὶ
919 3709 1116 3776 νύμφη
1170 3707 1236 3759 ὲκ
1286 3707 1388 3760 τοῦ
1413 3709 1643 3760 παστοῦ
1698 3709 1802 3760 αὐ-

246 3797 374 3865 τῆς.
408 3799 622 3851 Τούτων
668 3799 723 3850 δὲ
774 3799 944 3860 οὕτως
991 3800 1239 3868 ἐχόντων,
1289 3798 1347 3850 οὺ
1394 3797 1596 3868 συνορῷ
1632 3798 1800 3860 ποίοις

246 3889 541 3958 ἐπιτιμίοις
567 3888 1132 3956 καθυποΰληθήσονται
1181 3889 1226 3939 οί
1266 3885 1433 3940 ταῦτα
1485 3887 1560 3956 μὴ
1606 3887 1800 3954 φυλάτ-

246 3997 450 4041 τοντες.
480 3978 702 4048 Νομίζω
742 3978 797 4030 δὲ
840 3979 920 4029 ὅτι
962 3976 1100 4030 κατὰ
1141 3977 1236 4046 τήν
1278 3976 1544 4045 διάκρισιν
1571 3974 1660 4027 τοῦ
1705 3975 1800 4044 τήν

249 4070 564 4140 ἑξαγορείαν
589 4069 876 4138 δεχομένου
902 4069 933 4138 ή
960 4067 1219 4136 θεραπεία
1259 4068 1542 4135 γενήσεται
1568 4066 1699 4136 πρὸς
1735 4066 1802 4118 τὰ

250 4161 512 4230 πρόσωπα
535 4159 627 4212 καὶ
651 4159 748 4227 τὴν
770 4159 1009 4227 ἀνάγκην
1029 4157 1124 4226 τῆς
1147 4156 1374 4224 φύσεως.
1393 4156 1510 4207 Καὶ
1536 4155 1798 4222 ἀνάγνωθι

246 4250 340 4302 τὸν
369 4252 443 4320 οβ’
501 4247 696 4300 κανόνα
717 4247 816 4316 τῆς
837 4249 894 4298 ὲν
915 4246 990 4316 τῷ
1013 4245 1261 4315 Τρούλλῳ
1293 4245 1522 4296 συνόδου.

319 4338 561 4390 ΖΩΝΑΡ.
603 4338 736 4407 Περὶ
761 4337 865 4389 τῶν
891 4338 946 4388 ὲν
971 4336 1129 4406 γάμῳ
1149 4336 1362 4405 νομίμῳ
1393 4335 1643 4404 βιούντων
1669 4337 1802 4405 ὲρωο

248 4428 431 4499 τηθεὶς
463 4431 512 4480 εί
544 4429 646 4498 χρὴ
678 4400 1256 4498 ἀπέχεσθαι-ἀλλήλων,
1280 4400 1488 4494 ⁷ἐῴη-επεν
1538 4425 1612 4487 ὡς
1653 4400 1796 4491 ὀερεί-
1834 4400 1876 4452 θ

248 4520 427 4572 λουσιν
476 4521 524 4570 οί
577 4519 800 4571 τοιοῦτοι
843 4517 993 4569 αὐτοὶ
1041 4517 1242 4569 ἑαυτῶν
1295 4512 1430 4568 εἶναι
1461 4517 1660 4585 κριταὶ,
1709 4515 1798 4566 καί

251 4622 379 4658 ποτε
431 4605 672 4673 ἀλλήλων
717 4603 1008 4673 ἀπέχεσθαι
1062 4606 1126 4654 ὲκ
1177 4601 1482 4670 συμφώνου,
1523 4602 1683 4670 ἤγουν
1736 4603 1796 4652 ὲκ

248 4692 428 4744 κοινοῦ
459 4692 774 4761 θελήματος.
812 4690 943 4743 Οὔτε
977 4691 1080 4762 γὰρ
1113 4693 1141 4742 6
1185 4690 1318 4759 ἀνὴρ
1369 4690 1661 4754 ἐξουσιάζει
1706 4688 1796 4739 τοῦ

254 4778 380 4832 ίδίου
413 4778 672 4847 σώματος,
709 4777 830 4828 οῦτε
873 4780 904 4846 ἡ
955 4777 1106 4847 γυνὴ,
1141 4777 1286 4830 κατά.
1307 4776 1396 4828 τὸν
1432 4777 1600 4844 μέγαν
1643 4777 1793 4828 Ἀπό-

253 4869 453 4922 στολον.
483 4868 579 4918 Διὰ
610 4867 765 4919 τοῦτο
816 4862 905 4919 οὖν
958 4868 1261 4936 συμφωνεῖν
1292 4864 1544 4934 ἀλλήλους
1571 4865 1649 4916 δεῖ
1679 4865 1804 4935 περὶ

253 4958 461 5026 ἀποχῆς
493 4957 576 5008 ἵνα
604 4956 901 5024 σχολάσωσι
934 4958 998 5025 τῇ
1033 4957 1322 5025 προσευχῇ,
1347 4955 1438 5006 καὶ
1471 4957 1534 5024 τῇ
1564 4955 1798 5024 νηστεία.

254 5049 315 5099 Εἰ
351 5047 423 5115 μὴ
456 5047 561 5114 γάρ
594 5047 656 5097 ὲκ
688 5044 972 5114 συμφώνου
1004 5045 1200 5112 γίνοιτο
1229 5049 1260 5114 ή
1290 5047 1484 5114 ἀποχὴ,
1520 5048 1803 5116 ἀποστερεί

255 5137 466 5197 πάντως
504 5136 563 5187 τὸ
611 5135 683 5205 μὴ
719 5134 1034 5204 βουλόμενον
1070 5136 1168 5205 τὴν
1203 5135 1481 5187 συνουσίαν
1529 5137 1708 5205 μέρος,
1743 5135 1802 5186 τὸ

253 5226 453 5294 ταύτην
487 5224 794 5295 ὲπιζητοῦν.
826 5227 932 5278 Καὶ
961 5225 1075 5288 πῶς
1114 5225 1176 5278 ἂν
1210 5225 1334 5297 δόξῃ
1363 5226 1685 5289 ὲξουσιάζειν
1714 5224 1803 5276 τοῦ

259 5315 502 5386 θώματος
531 5315 624 5367 τοῦ
658 5315 730 5384 μὴ
766 5315 1166 5385 συγχωροῦντος
1196 5316 1409 5385 μέρους,
1438 5316 1496 5368 τὸ
1521 5317 1614 5385 τὴν
1651 5317 1808 5368 συνά-

257 5424 411 5475 φειαν
445 5404 637 5475 ζητοῦν
668 5406 757 5457 καὶ
803 5402 872 5473 μὴ
917 5405 1386 5474 συγχωρούμενον;
1434 5407 1722 5474 Συμσαίνει
1753 5406 1800 5456 δὲ

258 5495 354 5550 καὶ
392 5493 492 5565 τήν
537 5494 759 5560 θατέρου
804 5494 1142 5562 ἐγκράτειαν,
1179 5496 1256 5556 εἰς
1288 5494 1485 5564 βλάϐην
1519 5497 1646 5557 ἴσως
1674 5497 1806 5548 ἀπο--

888 5671 905 5697 ν
952 5677 1076 5729 "liti.

353 5677 364 5706 ⁸
403 5679 417 5729 Ι
451 5680 573 5734 Cor.
615 5696 704 5739 vlt,
742 5679 793 5729 ΐί.
888 5673 905 5697 ⁹
952 5677 1076 5729 Ibid.
1122 5680 1161 5729 ί.
1262 5673 1277 5701 ³
1321 5679 1337 5730 Ι
1373 5678 1558 5732 Thess.
1594 5697 1640 5741 ν,
1682 5681 1759 5733 l7.

1895 570 1992 611 tem
2023 561 2330 610 audiverunt
2382 561 2418 610 ⁸.

1963 647 2115 700 Βιιιε.
2156 644 2223 699 Ut
2265 656 2344 699 est
2381 645 2692 710 verisimile,
2729 645 2903 700 fuerat
2952 659 3171 702 sanctus
3221 651 3448 703 interro-

1891 748 2078 803 gatus,
2125 752 2191 790 an
2243 737 2509 800 admittat,
2568 736 2826 806 conjuges
2878 738 2968 806 qui
3025 742 3442 802 consenuerunt,

1891 835 2000 896 quo
2040 837 2278 896 tempore
2319 828 2514 881 debent
2561 842 2738 892 orare,
2789 844 2819 881 a
2857 829 3232 896 conjunctione
3279 832 3447 885 abstia

1890 931 2060 970 nere;
2101 926 2155 970 et
2193 918 2341 981 dicit,
2387 917 2530 985 quod
2577 934 2668 987 qut
2718 918 2849 972 tales
2897 929 3042 984 sunt,
3087 921 3279 973 debent
3326 937 3447 974 esse

1892 1007 1973 1059 sui
1997 1006 2236 1075 judices,
2265 1016 2317 1060 et
2344 1007 2690 1081 aliquando‘a
2721 1021 2778 1062 se
2808 1008 3033 1063 invicem
3060 1026 3124 1064 ex
3152 1027 3445 1077 consensu,

1893 1112 1986 1150 seu
2028 1113 2092 1151 ex
2143 1099 2416 1150 communi
2459 1099 2752 1162 voluntate,
2790 1099 3100 1167 abstinere;
3141 1103 3211 1155 ita
3249 1113 3304 1155 ut
3336 1117 3447 1172 quo

1894 1195 2132 1253 tempore
2178 1201 2349 1240 orare-
2386 1196 2712 1249 statuerunt,
2760 1204 2880 1242 cum
2918 1191 3063 1243 omni
3112 1195 3444 1246 continentia

1893 1285 2170 1328 versentur
2200 1319 2212 1338 ,
2273 1287 2325 1329 et
2373 1293 2563 1331 rursus
2609 1279 2767 1331 simul
2817 1281 3158 1332 conveniant.
3213 1282 3344 1335 Nam
3392 1292 3445 1336 et

1893 1382 2120 1436 magnus
2155 1367 2354 1420 Paulus
2390 1369 2491 1421 hoc
2527 1369 2730 1421 statuit.
2765 1368 2828 1421 Et
2862 1385 3030 1424 canon
3062 1372 3275 1438 quidem
3314 1373 3442 1426 dicit

1893 1456 1958 1508 de
1996 1456 2062 1508 iis
2090 1455 2180 1522 qui
2228 1457 2607 1510 consenuerint
2643 1473 2654 1507 :
2701 1467 2782 1510 est
2823 1468 3000 1510 autem
3041 1460 3201 1515 etiam
3249 1463 3444 1516 intelli~

1899 1545 2102 1612 gendus
2128 1545 2191 1597 de
2223 1547 2473 1598 omnibus
2520 1547 2861 1616 conjugibus.
2894 1548 3056 1602 Recte
3099 1561 3278 1605 autem
3309 1553 3445 1607 dixit

1895 1633 2053 1696 illud,
2097 1651 2159 1687 ex
2190 1651 2436 1689 consensu
2473 1653 2489 1688 :
2531 1635 2707 1705 Neque
2728 1639 2862 1689 enim
2905 1641 2980 1690 uir
3012 1641 3161 1694 habet
3207 1645 3289 1695 sui
3327 1659 3442 1696 cor-

1897 1726 2038 1791 poris
2063 1734 2367 1792 potettatem
2391 1769 2402 1790 ,
2441 1742 2527 1777 uec
2557 1729 2740 1779 muh‘er
2780 1725 2828 1792 ',
2857 1731 3150 1783 secundum
3189 1747 3440 1801 magnum

1895 1817 2229 1896 Apostolum.
2274 1815 2556 1884 Propterea
2591 1832 2719 1884 ergo
2749 1833 2842 1871 eos
2871 1830 3079 1886 oportet
3121 1824 3256 1874 inter
3288 1839 3344 1876 se
3375 1823 3442 1877 de

1893 1906 2217 1958 continendo
2259 1907 2590 1969 consentire,
2633 1916 2688 1958 ut
2725 1915 2912 1960 vacent
2958 1911 3187 1963 orationi
3221 1922 3272 1965 et
3304 1913 3445 1982 jeju-

1894 1993 2003 2046 nio.
2059 1991 2171 2047 Nisi
2216 1993 2356 2045 enim
2400 2008 2463 2044 ex
2508 2008 2770 2048 consensu
2810 1996 3140 2059 abstineant,
3171 2014 3293 2067 pars
3322 2016 3444 2066 quae

1895 2096 1997 2134 non
2036 2083 2149 2134 vult
2201 2082 2422 2134 omnino
2469 2084 2937 2150 eonjunctiouem,
2989 2087 3280 2142 frustratur
3321 2105 3439 2144 eam

1894 2186 2012 2240 qua:
2042 2172 2271 2239 postulat
2303 2190 2314 2223 :
2345 2179 2396 2223 et
2428 2174 2700 2239 quomodo
2733 2190 2792 2228 ea
2824 2191 2944 2244 pars
2972 2194 3091 2246 qua:
3113 2179 3442 2247 conjunctio-

1894 2275 2014 2312 nem
2048 2261 2238 2328 quaex-it
2277 2272 2460 2312 etnon
2493 2265 2830 2329 permittitur,
2872 2267 2988 2332 ejus
3028 2284 3146 2334 qua:
3186 2283 3289 2322 non
3321 2285 3442 2338 per-

1895 2349 2054 2400 mittit
2099 2356 2412 2415 potestatem
2448 2350 2644 2404 habere
2688 2353 2966 2406 videatur?
3006 2355 3212 2408 Accidit
3260 2364 3439 2412 autem

1894 2445 1953 2489 ut
1977 2437 2137 2489 etiam
2179 2437 2397 2490 alterius
2442 2441 2768 2491 continentia
2807 2441 3026 2494 alterius
3052 2447 3216 2511 partis
3242 2447 3438 2501 damno

1894 2527 2064 2580 cedat.
2119 2524 2174 2579 Si
2223 2531 2365 2580 enim
2422 2544 2450 2580 a
2500 2529 2791 2597 cupiditate
2839 2531 3086 2597 vincitur,
3144 2545 3194 2590 et
3241 2553 3346 2590 non
3383 2539 3439 2594 lit

1893 2617 1940 2669 ei
1989 2628 2241 2685 potestas,
2295 2619 2345 2670 in
2393 2621 2591 2672 coitum
2645 2620 2976 2688 illegitimum
3039 2624 3256 2679 incidet.
3303 2627 3441 2683 Dicit

1894 2717 2070 2758 autem
2125 2708 2387 2774 quispiam
2439 2727 2450 2760 :
2501 2707 2635 2761 Cum
2679 2725 2852 2762 canon
2914 2711 3055 2784 dicat
3111 2717 3438 2780 separandos

1894 2808 2012 2848 esse
2059 2797 2314 2864 conjuges
2369 2807 2426 2850 ut
2484 2798 2710 2850 orationi
2763 2809 2972 2864 vacent,
3023 2800 3209 2854 definit
3260 2812 3437 2859 autem

1893 2884 2181 2950 Apostolus
2233 2901 2328 2938 nos
2366 2887 2558 2951 debere
2599 2888 2714 2940 sine
2745 2888 3149 2944 intermissione
3185 2907 3343 2946 orare
3373 2901 3393 2932 ³
3425 2907 3438 2948 ;

1895 2990 2174 3044 Semperne
2238 2985 2446 3042 Oportet
2471 2991 2565 3031 eos
2590 2978 2682 3044 qui
2711 2979 3038 3042 cobabitant,
3073 2995 3100 3033 a
3131 2997 3187 3034 se
3214 2981 3440 3035 invicem

1895 3063 2201 3116 abstinere?
2239 3067 2328 3117 sed
2372 3081 2474 3118 non
2506 3066 2570 3118 de
2597 3069 2787 3134 quavis
2828 3070 3070 3122 oratione
3113 3071 3305 3138 agitur,
3350 3074 3438 3126 sed

1897 3153 1961 3204 de
2007 3154 2416 3220 praestantiore,
2466 3165 2774 3209 sanctorum
2833 3158 3040 3210 scilicet
3087 3158 3438 3226 jejuniorum.

1898 3242 2029 3294 Nam
2059 3252 2112 3296 ct
2143 3258 2235 3310 per
2262 3241 2495 3311 Moysem
2533 3243 2672 3298 Deus
2702 3244 2901 3300 Judzeis
2922 3247 3134 3301 divinas
3174 3263 3334 3305 voces
3383 3251 3438 3303 in

1900 3342 2078 3386 monte
2135 3335 2401 3388 audituris
2448 3336 2700 3403 praecepit
2743 3347 2799 3389 ut
2848 3353 2876 3390 a
2917 3341 3150 3407 propriis
3181 3341 3440 3397 uxoribus

1899 3425 2228 3478 abstinerent
2281 3426 2324 3476 δ.
2371 3423 2435 3477 Et
2466 3428 2722 3494 propheta
2758 3426 2874 3481 Jeel
2905 3447 2917 3481 :
2951 3428 3308 3498 Sanctiﬁcate,
3354 3434 3437 3486 in-

1899 3517 2043 3584 quit,
2079 3516 2362 3584 jeium‘um,
2397 3525 2444 3569 et
2483 3527 2629 3569 exeat
2668 3534 2885 3585 sponsus
2922 3535 2986 3573 ea:
3029 3522 3350 3598 cubilifuo,
3389 3533 3441 3576 et

1900 3623 2087 3675 sponsa
2121 3623 2184 3660 ea:
2216 3623 2308 3659 tuo
2345 3609 2572 3660 thalamo
2624 3611 2668 3662 ⁸.
2717 3609 2853 3662 Cum
2898 3611 3010 3664 haec
3053 3621 3229 3666 autem
3272 3615 3342 3668 ita
3384 3628 3442 3668 se

1902 3699 2150 3760 habeant,
2182 3714 2287 3752 non
2332 3697 2488 3752 video
2520 3699 2838 3762 quibusnam
2874 3702 3047 3767 pinnis
3089 3703 3443 3772 subjicientur

1901 3787 1992 3853 qui
2044 3785 2153 3838 tunc
2201 3799 2306 3837 non
2361 3795 2596 3838 servant.
2656 3786 2916 3840 Existimo
2951 3798 3126 3840 autem
3171 3791 3310 3857 quod
3347 3806 3442 3859 pro

1898 3876 2102 3944 judicio
2137 3875 2252 3941 ejus
2282 3875 2371 3942 qui
2415 3875 2562 3928 audit
2600 3875 3016 3942 confessionem,
3045 3879 3310 3932 medicina
3350 3880 3441 3932 ad-

1903 3965 2114 4018 hibetur
2147 3965 2410 4033 personis.
2459 3971 2512 4018 ct
2559 3967 2861 4019 necessitati
2911 3979 3132 4020 natura'.
3186 3969 3320 4038 Lege
3348 3969 3445 4022 102

1902 4070 2022 4108 can.
2048 4069 2162 4124 syn.
2198 4055 2248 4106 in
2278 4053 2478 4108 Trullo.

1975 4324 2166 4378 Zomn.
2210 4323 2280 4376 De
2324 4323 2389 4377 iis
2427 4325 2522 4392 qui
2563 4324 2798 4392 legitimo
2837 4324 2973 4377 inter
3008 4339 3066 4378 se
3102 4324 3444 4377 matrimonio

1905 4415 2137 4481 copulati
2171 4423 2314 4474 sunt,
2360 4421 2578 4482 rogatus
2618 4429 2745 4467 num
2791 4415 3058 4467 abstinere
3097 4414 3320 4466 invicem
3352 4414 3446 4466 dc-

1905 4502 2082 4563 beant,
2103 4501 2657 4569 rcspondit,oportere
2677 4503 2939 4569 ipsosmet
2968 4502 3050 4555 sui
3077 4517 3193 4556 esse
3215 4502 3445 4570 judices,

1904 4600 1955 4644 ct
1994 4592 2282 4658 aliquando
2323 4592 2592 4644 abstinere
2632 4591 2893 4652 invicem,
2933 4608 2996 4644 ex
3028 4607 3312 4656 consensu,
3347 4591 3448 4645 hoc

1905 4689 1982 4735 est
2012 4681 2282 4734 communi
2308 4681 2608 4748 'utriusque
2635 4681 2958 4735 voluntate»
2983 4681 3162 4750 Neque
3194 4683 3335 4736 enim
3367 4683 3448 4734 vir

1909 4779 2218 4840 potestatem
2267 4771 2425 4823 habet
2477 4771 2560 4824 sui
2614 4772 2876 4838 corporis,
2927 4787 3099 4840 neque
3148 4774 3358 4835 mulier,
3391 4779 3450 4825 ut

1908 4876 2134 4929 magnus
2164 4861 2452 4928 Apostolus
2488 4860 2578 4912 ait.
2618 4859 2847 4913 Proinde
2886 4876 3013 4931 ergo
3046 4863 3332 4916 convenire
3369 4863 3450 4915 in-

1910 4961 1986 5005 ter
2013 4968 2070 5004 se
2102 4951 2324 5003 invicem
2354 4959 2561 5019 oportet
2591 4952 2654 5004 de
2680 4951 3020 5012 abstinentia,
3055 4961 3114 5004 ut
3155 4952 3446 5020 precationi

1899 5057 1971 5096 ac
2007 5042 2210 5111 jejunio
2235 5052 2436 5094 vacent.
2473 5040 2676 5093 Etenim
2719 5043 2762 5094 si
2797 5057 2900 5095 non
2937 5057 2998 5095 ex
3031 5057 3296 5097 consensu
3327 5045 3452 5096 abs-

1909 5134 2130 5194 tineant,
2183 5129 2452 5182 fraudabit
2514 5131 2667 5198 plane
2702 5147 2764 5184 ea
2800 5147 2922 5201 pars
2953 5149 3072 5201 qua:
3103 5148 3452 5202 congressum

1907 5222 2101 5286 renuit,
2133 5222 2355 5273 alteram
2397 5237 2517 5289 qua;
2556 5223 2696 5277 hunc
2733 5225 2990 5292 deposcit.
3027 5224 3186 5292 Atqui
3217 5239 3450 5292 quonam

1909 5316 2065 5367 modo
2127 5313 2274 5366 dicas
2332 5321 2646 5380 potestatem
2709 5315 2902 5368 habere
2967 5315 3018 5367 in
3079 5329 3275 5383 corpus
3336 5313 3453 5381 ejus

1911 5405 2072 5471 partis
2099 5419 2217 5471 qua:
2252 5418 2598 5471 congressum
2649 5403 2856 5470 abnuit,
2893 5405 3111 5458 alteram
3166 5405 3252 5458 cui
3291 5405 3454 5471 depo—

1911 5493 2076 5548 scenti
2135 5493 2220 5544 ille
2273 5493 2686 5561 haudquaquam
2754 5495 3119 5560 permittitur?
3179 5493 3454 5561 Coutingit

1923 5679 2083 5730 i-lv'il.
2127 5680 2345 5735 “v.15.
2448 5676 2458 5698 '
2500 5679 2629 5729 Jm'l.
2664 5697 2716 5741 ιη,
2758 5681 2838 5736 l5,
2880 5680 2956 5732 lt‘v.
