4002 6314
174 364 293 428 473

1268 366 1350 429 ΙΝ
1389 368 1627 428 EPIST.
1668 367 1730 428 S.
1769 367 2108 428 DIONYoll
2156 363 2366 428 ALEX.

3294 360 3398 427 474

182 492 342 543 κεῖαν
378 487 607 553 συνειδὸς
630 488 817 560 κριτὴν
844 488 1110 557 ἐχέτωσαν
1133 503 1147 518 ·
1181 488 1321 542 ὥστε
1354 489 1402 541 εἰ
1438 487 1536 559 μὲν
1565 489 1637 560 μή
1669 504 1730 541 τι-

1843 486 2075 557 judicem
2127 488 2357 542 habeant
2417 487 2686 557 propriam
2743 483 3166 560 conscientiam;
3228 492 3286 537 ut
3338 483 3383 537 si

182 593 275 639 νος
310 576 616 647 ἑμπαθείας
645 577 1123 648 προϋποκειμένης,
1146 576 1341 647 συνέϐη
1365 579 1543 640 αὐτοῖς
1564 578 1738 642 τοῦτο,

180 662 511 736 αὖτομάτοκ
559 667 656 737 τῆς
694 665 901 734 φύσεως
951 667 1271 735 ὲκκρινάοης
1310 667 1383 730 ὡς
1429 668 1739 737 περίττωμα

181 754 282 825 τὴν
338 756 555 824 ὲκροὴν,
588 756 684 806 οὐκ
732 756 1203 823 ὲμποδισθήσονται
1247 755 1353 806 τῶν
1391 756 1739 821 ἁγιασμάτων

185 843 534 911 μεταλαϐεῖν.
572 844 631 894 Εἰ
664 844 718 895 δέ
748 860 856 896 τισι
889 844 1228 912 προϋπῆρξεν
1269 843 1325 908 ἐξ
1355 844 1623 912 ὲμπαθοῦς
1654 845 1741 897 λο-

182 929 391 997 γισμοῦ
424 930 701 998 ἐπιθυμία,
728 933 817 983 καὶ
841 930 1012 1002 ταύτῃ
1043 932 1466 1001 ἐπηκολούθησεν
1497 932 1678 1003 ὲκροὴ,
1704 933 1736 1003 ἢ

185 1016 242 1080 ἒξ
271 1019 553 1088 ἀκρασίας
567 1019 861 1089 βρωμάτων
897 1022 989 1073 καὶ
1024 1024 1227 1084 πόσεως
1264 1023 1451 1092 συνέϐη
1496 1025 1668 1086 τοῦτο,
1691 1026 1737 1077 οἱ

188 1105 421 1158 τοιοῦτοι
442 1109 539 1159 οὐκ
561 1109 663 1160 εἰσὶ
681 1110 903 1179 καθαροί
926 1126 938 1139 ⁸
969 1110 1029 1161 οὐ
1057 1110 1140 1161 διὰ
1162 1113 1257 1178 τὴν
1284 1111 1434 1179 ρὖιν
1456 1113 1547 1163 τοῦ
1575 1114 1739 1183 σπέρ-

187 1211 361 1264 ματος
395 1194 490 1264 (οὐ
524 1196 630 1267 γὰρ
657 1198 957 1267 ἀκάθαρτον
1002 1196 1173 1261 τοῦτο,
1208 1198 1326 1249 ἐπεὶ
1372 1200 1501 1268 μηδὲ
1534 1202 1565 1268 ἠ
1606 1201 1739 1270 σὰρξ

184 1283 244 1348 ἐξ
265 1278 337 1352 ἦς
367 1286 537 1336 ἐκεῖνο
560 1286 874 1355 περίττωμα
897 1288 935 1353 ),
970 1286 1103 1339 ἀλλὰ
1130 1287 1215 1339 διὰ
1242 1288 1303 1338 τὸ
1334 1289 1560 1357 πονηρὸν
1589 1288 1738 1339 ἐνθύ-

185 1388 309 1439 μιον
340 1374 477 1444 ὅπερ
504 1375 721 1442 ὲμόλυνε
746 1378 841 1444 τὴν
866 1375 1115 1429 διάνοιαν.
1134 1377 1190 1428 '0
1218 1376 1343 1443 γοῦν
1373 1377 1622 1438 τοιοῦτος,
1640 1378 1737 1427 οὐκ

182 1460 575 1531 εὐσυνείδητος,
612 1464 895 1517 κάντεῦθεν
927 1466 1031 1517 οὐδ’
1063 1467 1520 1535 εὐπαρρησίαστος
1558 1468 1635 1528 εἰς
1677 1468 1737 1519 τὸ

182 1550 503 1618 προσελθεῖν
524 1551 599 1621 τῷ
620 1552 754 1621 Θεῷ.
774 1554 991 1620 Ἐπάγει
1014 1554 1067 1606 δὲ
1092 1556 1182 1605 καὶ
1210 1556 1306 1622 τὴν
1335 1555 1525 1625 χρῆσιν
1554 1558 1616 1607 ὲκ
1642 1556 1733 1609 τοῦ

184 1638 428 1707 μεγάλου
463 1640 670 1693 Παύλου
704 1642 1006 1711 γράψαντος
1048 1643 1171 1711 περὶ
1212 1642 1317 1694 τῶν
1353 1644 1732 1709 εἰδωλοθύτων,

180 1730 261 1781 δτι
295 1732 331 1783 ὀ
366 1729 821 1798 διακρινόμενος,
851 1732 958 1784 ἐὰν
978 1731 1154 1799 φάγῃ,
1186 1732 1604 1800 κατακέκριται.
1632 1736 1736 1785 Πε-

1845 579 1989 630 nulla
2017 579 2350 646 prmcedente
2383 578 2549 631 animi
2583 557 2978 645 perturbatione
3007 574 3210 649 hoceis
3240 576 3384 627 acci-

1843 666 2012 729 derit,
2048 675 2238 718 natura
2271 681 2368 719 sua
2400 674 2589 734 sponte
2626 666 2761 717 hanc
2795 663 3085 716 ﬂusionem
3128 671 3381 728 tanquam

1843 764 2240 814 excrementum
2297 766 2651 812 excernente.
2712 768 2819 805 non
2866 751 3218 829 impedientur
3266 765 3385 803 esse

1843 854 2298 897 sacramentorum
2354 844 2663 913 participes.
2716 840 2770 893 Si
2827 841 3022 907 quibus
3087 852 3262 892 autem
3318 854 3380 891 ex

1844 933 2071 986 rationis
2120 935 2518 999 perturbatione
2560 931 2870 999 praeexstitit
2913 932 3195 997 cupiditas,
3245 945 3381 983 cam-

1842 1036 1947 1087 que
1980 1022 2195 1075 eﬂluxio
2224 1032 2511 1075 consecuta
2544 1022 2631 1084 sit,
2662 1022 2740 1073 vel
2767 1036 2830 1073 ex
2861 1020 3098 1073 ciborum
3124 1032 3386 1089 polusque

1843 1110 2251 1177 intemperantia
2284 1114 2383 1165 hoc
2422 1111 2677 1172 evenerit,
2732 1110 2764 1161 ii
2796 1110 2910 1176 puri
2945 1124 3048 1161 non
3084 1120 3243 1173 sunt;
3278 1126 3382 1162 non

1848 1210 2061 1265 propter
2093 1200 2292 1252 ﬂuxum
2327 1202 2547 1254 seminis
2578 1202 2704 1267 (non
2736 1209 2816 1253 est
2847 1200 2985 1251 enim
3020 1199 3120 1251 hoc
3152 1200 3385 1251 immun-

1841 1286 1990 1350 dum,
2019 1290 2157 1341 sicut
2195 1290 2293 1342 nec
2318 1305 2474 1349 caro.
2509 1291 2662 1356 cujus
2704 1299 2787 1342 est
2812 1288 3257 1347 excrementum),
3290 1289 3383 1341 sed

1841 1386 2055 1441 propter
2086 1378 2277 1430 malam
2320 1379 2717 1445 cogitationem,
2744 1394 2863 1444 qua:
2900 1386 3127 1430 mentem
3172 1378 3379 1444 polluit.

1841 1459 1941 1525 Qui
1991 1465 2152 1531 igitur
2200 1474 2281 1519 est
2316 1468 2603 1533 ejusmodi,
2650 1482 2755 1519 non
2799 1467 2956 1519 habet
3006 1467 3198 1519 bonam
3247 1482 3382 1519 con-

1841 1550 2144 1614 scientiam,
2195 1561 2247 1605 et
2286 1569 2389 1605 non
2430 1553 2589 1606 habet
2633 1553 2750 1606 ideo
2777 1561 3089 1620 potestatem
3122 1552 3186 1603 ad
3214 1551 3376 1603 Deum

1840 1641 2145 1695 accedendi.
2202 1642 2487 1711 Subjungit
2532 1652 2709 1695 autem
2762 1652 2815 1694 et
2862 1658 2925 1695 ex
2976 1656 3171 1709 magno
3213 1641 3380 1694 Paulo

1842 1733 2180 1796 sententiam,
2225 1734 2317 1801 qui
2369 1733 2580 1802 scripsit
2626 1734 2691 1787 de
2735 1733 3060 1800 idolothytis,
3106 1731 3248 1799 quod
3293 1732 3383 1800 qui

185 1815 236 1883 ρὶ
261 1815 321 1867 δὲ
357 1817 455 1885 τῆς
477 1816 567 1868 τοῦ
601 1818 909 1887 σπέρματος
935 1819 1188 1889 ρεύσεως,
1222 1819 1370 1889 ζήτει
1399 1823 1487 1873 καὶ
1518 1822 1611 1873 τοῦ
1650 1840 1730 1891 με·

1838 1819 2074 1882 dubitat,
2120 1820 2164 1872 si
2209 1821 2522 1885 comederit,
2564 1823 2932 1872 condemnatus
2976 1831 3071 1871 est.
3120 1818 3192 1872 De
3234 1819 3380 1873 ﬂuxu

178 1904 349 1974 γάλου
396 1905 705 1959 Ἀθανασίου
759 1908 1038 1978 ἐπιστολὴν
1092 1909 1224 1977 πρὸς
1276 1911 1510 1979 ’Δμμοῦν
1569 1912 1732 1981 μονά-

181 1991 368 2055 ζοντα.

246 2082 493 2134 ΖΩΝᾹΡ.
534 2084 641 2136 Καὶ
665 2084 834 2137 ταῦτα
872 2085 1004 2155 πρὸς
1037 2084 1298 2154 ἐρώτησιν
1325 2087 1353 2138 ὁ
1386 2088 1568 2159 Πατὴρ
1602 2090 1734 2141 ἀπο-

179 2170 783 2243 κρίνεται.Ἐρωτηθεὶς
813 2173 919 2244 γὰρ
946 2175 991 2225 εἰ
1016 2174 1094 2226 δεῖ
1120 2176 1244 2237 τοὺς
1284 2176 1340 2226 ὲν
1380 2175 1528 2245 ῥύσει
1572 2177 1733 2247 σπέρ-

182 2275 352 2325 ματος
377 2260 697 2328 γενομένους
711 2263 1098 2332 ἀπροαιρέτως,
1116 2263 1220 2316 τῶν
1234 2265 1578 2333 ἀγιασμάτων
1604 2283 1731 2335 μετ-

181 2347 343 2414 έχειν,
378 2348 480 2419 ἔφη
511 2350 613 2411 ὅτι,
642 2352 703 2403 Ol
733 2351 889 2404 τοῦτο
920 2352 1197 2416 παθόντες,
1253 2354 1328 2424 τῷ
1353 2357 1534 2425 οἰκείῳ
1563 2372 1732 2408 συνει-

180 2437 285 2488 vim
319 2437 878 2493 κατακολουθείτωσαν
906 2458 918 2470 ·
952 2442 1115 2510 ἤγουν
1158 2442 1216 2495 τὸ
1259 2445 1488 2507 συνειδὸς
1538 2445 1731 2514 ἐχέτω-

182 2542 279 2576 σαν
328 2526 424 2579 τοῦ
478 2528 792 2601 πράγματος
824 2530 1098 2601 δικαστὴν,
1127 2533 1224 2603 τὴν
1255 2534 1455 2588 οἰκείαν
1495 2536 1729 2607 δηλονότι

180 2613 599 2668 διὰνοιαν.Ὢστε
632 2620 676 2669 εἰ
712 2619 783 2688 μή
819 2636 961 2682 τινος
1002 2621 1297 2690 ὲμπαθείας
1337 2628 1730 2695 προϋποκειμέ-

180 2719 275 2772 νης
304 2704 644 2775 συμϐέϐηκεν
674 2708 987 2777 αὐτομάτως
1028 2712 1059 2780 ὴ
1103 2713 1199 2781 τῆς
1230 2713 1389 2781 γονῆς
1418 2715 1599 2785 ὲκροὴ,
1632 2715 1727 2785 τῆς

181 2784 390 2851 φύσεως
411 2788 575 2858 αὐτὴν
607 2791 679 2853 ὡς
712 2792 1026 2862 περίττωμα
1057 2796 1380 2868 ὲκκρινάσης
1402 2815 1414 2829 ·
1436 2800 1468 2870 ἢ
1491 2803 1537 2853 εἰ
1563 2784 1634 2871 μὴ
1664 2784 1728 2856 ὲκ

182 2874 461 2942 παροινίας
484 2878 574 2929 καὶ
603 2878 661 2941 ἐξ
686 2880 1017 2949 ἀδδηφαγίας
1038 2886 1267 2953 ἐγένετο,
1289 2889 1385 2941 οὐκ
1407 2891 1729 2961 ὲμποδισθή-

182 2973 323 3051 σεται
428 2963 578 3017 τοῦτο
609 2965 793 3020 παθὼν
821 2968 896 3039 τῷ
920 2972 1057 3039 ἁγίῳ
1092 2976 1403 3044 προσελθεῖν
1436 2978 1725 3051 θυσιαστηο

181 3045 276 3135 ρξῳ
296 3065 311 3078 ⁶
364 3052 413 3103 εὶ
465 3052 520 3106 δέ
567 3070 648 3116 τις
681 3058 1024 3127 προϋπῆρξεν
1051 3063 1296 3132 ἐμπαθὴς
1327 3065 1597 3135 λογισμὸς,
1633 3045 1726 3121 καὶ

1838 1915 2017 1959 autem
2067 1908 2328 1971 seminis,
2381 1923 2560 1975 quaere
2612 1908 2789 1975 magni
2840 1922 3057 1975 quoque
3100 1907 3380 1963 Athanasii

1837 1994 2117 2061 epistolam
2155 1996 2219 2047 ad
2250 1996 2499 2048 Ammum
2533 2000 2877 2048 monachum.

1912 2084 2109 2137 Zouau.
2151 2084 2247 2139 llic
2282 2101 2496 2154 quoque
2526 2084 2817 2153 praepositae
2862 2083 3265 2155 interrogationi
3297 2105 3383 2143 rc-

1838 2175 2065 2242 spondet
2094 2174 2268 2227 Pater.
2317 2174 2554 2242 Rogatus
2587 2188 2818 2241 namque
2851 2189 2916 2226 an
2953 2175 3108 2229 liceat
3154 2178 3221 2231 iis
3259 2181 3384 2247 qui-

1838 2262 1939 2316 bus
1984 2264 2204 2317 seminis
2257 2264 2432 2317 tluxus
2480 2278 2587 2316 non
2633 2273 2822 2331 sponte
2867 2266 3163 2334 contingit,
3211 2271 3381 2325 sacris

1836 2353 2234 2405 communicare
2262 2352 2562 2421 mysteriis,
2610 2352 2885 2419 respondit
2928 2369 2942 2405 :
2985 2353 3087 2418 Qui
3138 2355 3237 2411 hoc
3286 2374 3381 2426 pa-

1836 2441 2072 2505 tiuntur,
2131 2442 2401 2509 prepriam
2451 2448 2745 2508 sequantur
2795 2442 3207 2511 conscientiam,
3275 2446 3380 2501 hoc

1833 2539 1936 2592 est,
1986 2529 2109 2583 facti
2159 2531 2392 2598 judicem
2445 2538 2683 2583 statuant
2734 2532 3156 2598 conscientiam,
3217 2552 3375 2589 suum

1833 2620 2077 2673 videlicet
2129 2620 2366 2673 animum
2428 2634 2490 2673 ac
2549 2628 2817 2684 mentem;
2854 2625 2945 2676 -ita
2984 2632 3042 2676 ut
3085 2626 3129 2678 si
3163 2627 3377 2694 quidem

1833 2709 1979 2762 nulla
2024 2708 2305 2762 aﬂ'ectione
2346 2709 2746 2777 prmgredientc,
2781 2712 2921 2764 ultro
2953 2713 3174 2766 seminis
3200 2714 3377 2771 ﬂuxus

1833 2798 2032 2860 evenit,
2080 2799 2242 2851 veluti
2293 2796 2621 2865 superﬂuum
2668 2801 2795 2868 quid
2846 2801 3021 2868 ipsum
3059 2817 3380 2861 excernente

1832 2896 2027 2941 natura
2054 2926 2068 2950 ,
2126 2903 2300 2956 neque
2335 2890 2407 2941 illi
2444 2905 2657 2942 causam
2687 2891 2975 2945 vinolentia
3010 2894 3089 2946 vel
3120 2895 3378 2962 gulositas

1831 2975 2080 3045 praebuit,
2108 2978 2175 3030 ad
2203 2986 2447 3064 sanctum
2485 2979 2652 3032 altare
2699 2980 2951 3033 accedere
2977 2982 3067 3048 qui
3101 2983 3148 3034 id
3181 2998 3377 3051 passus

1830 3074 1931 3129 est,
1967 3063 2384 3133 haudquaquam
2427 3067 2726 3130 vetabitur;
2778 3067 2823 3119 si
2868 3081 2994 3121 vero
3030 3069 3239 3121 mollior
3274 3067 3374 3122 ali-

179 3127 330 3199 οὗτος
380 3140 822 3212 ἐμφιλοχωρήσας
864 3149 929 3217 τῇ
969 3127 1171 3219 διανοίᾳ
1216 3127 1409 3215 αύτοῢ,
1435 3127 1729 3221 φαντασίαν

1833 3127 1939 3221 qua
1977 3127 2579 3222 cogitatio-praecessit,
2621 3169 2790 3223 eaque
2834 3156 2995 3207 menti
3031 3157 3233 3210 diutius
3279 3157 3378 3212 ob.

180 3225 447 3317 ἐπηνεγκε
466 3234 798 3303 νυκτερινὴν,
816 3238 907 3289 καὶ
936 3238 1100 3309 ταύτῃ
1125 3242 1553 3314 ἐπηκολούθησεν
1572 3249 1604 3315 ἡ
1631 3249 1728 3317 τῆς

178 3315 337 3384 γονῆς
369 3319 553 3389 ἐκροὴ,
588 3323 679 3373 καὶ
703 3321 762 3385 ἐξ
792 3325 1054 3392 ἀκρασίας
1087 3327 1382 3397 βρωμάτων
1412 3334 1501 3386 καὶ
1524 3315 1728 3397 πόσεως

183 3404 370 3474 συνέϐη
392 3423 405 3433 ·
442 3407 469 3457 ὁ
500 3408 733 3472 τοιοῦτος
762 3411 819 3462 οὺ
854 3412 1087 3479 καθαρός
1120 3417 1285 3477 ἐστιν,
1319 3419 1376 3469 οὐ
1410 3420 1494 3471 διὰ
1520 3421 1613 3489 τὴν
1643 3422 1729 3491 ῥῦ-

183 3506 261 3542 σιν
308 3495 404 3546 τοῦ
456 3497 762 3565 σπέρματος
808 3502 904 3569 (οὐ
939 3504 1042 3572 γὰρ
1073 3505 1374 3575 ἀκάθαρτον
1401 3510 1573 3572 τοῦτο,
1606 3512 1726 3563 ἐπεὶ

187 3584 277 3651 μὲν
308 3587 431 3639 οὐδὲ
461 3589 493 3657 ἡ
519 3589 653 3659 σὰρξ
681 3588 746 3663 ἦς
778 3592 950 3645 ἐκεῖνο
983 3595 1355 3666 περίττωμα),
1391 3600 1522 3652 ἀλλὰ
1550 3601 1633 3654 διὰ
1664 3604 1726 3656 τὸ

180 3675 410 3744 πονηρὸν
442 3677 705 3748 ἐνθύμιον,
731 3682 865 3752 ὅπερ
896 3683 1115 3752 ὲμόλυνε
1132 3686 1229 3755 τὴν
1244 3686 1493 3741 διάνοιαν.
1514 3691 1568 3743 '0
1598 3691 1725 3758 γοῦν

179 3763 409 3827 τοιοῦτος
439 3768 536 3819 οὒκ
571 3770 953 3842 εύσυνείδητος,
989 3775 1275 3828 κάντεῦθεν
1310 3778 1414 3831 οὐδ’
1448 3781 1723 3852 εὐπαρῤη-

182 3851 387 3917 σίαστος
419 3856 505 3909 διὰ
534 3857 594 3909 τὸ
628 3858 755 3911 ῐδιον
782 3860 1044 3930 ἐνθύμιον.
1080 3864 1201 3925 Πῶς
1239 3862 1330 3918 οὖν
1373 3851 1723 3938 προσελεύσε-

180 3955 261 3993 ται
282 3943 357 4012 τῷ
386 3944 505 4013 Θεῷ
534 3944 959 4017 διακρινόμενοςς
999 3952 1216 4017 Ἐπάγει
1240 3954 1295 4008 δὲ
1325 3957 1416 4008 καὶ
1445 3960 1635 4028 χρῆσιν
1661 3962 1724 4015 ὲκ

178 4029 265 4080 τοῦ
308 4033 543 4101 μεγάλου
576 4035 785 4090 Παύλου
823 4039 1124 4107 γράψαντος
1156 4046 1279 4112 περὶ
1308 4045 1415 4097 τῶν
1450 4048 1724 4103 εἰδωλοθύ-

178 4133 297 4205 των,
322 4121 406 4172 ὅτι
452 4121 892 4193 διακρινόμενος
933 4128 1040 4181 ἐὰν
1079 4128 1259 4199 φάγῃ,
1293 4136 1718 4205 κατακέκριται.

180 4204 302 4296 Ilspi.
348 4210 409 4263 δι
455 4210 554 4280 τῆς
596 4213 688 4265 τοῦ
736 4217 1039 4286 σπέρματος
1069 4221 1301 4288 ρεύσεως
1338 4226 1429 4277 καὶ
1470 4229 1498 4279 ὁ
1548 4204 1721 4296 μέγας

181 4293 491 4446 ἔθανάσιος
541 4299 787 4367 πλατέως
826 4305 1056 4375 ἔγραψεν
1106 4310 1239 4379 προς
1283 4312 1519 4382 Ἀμμοῢν
1551 4293 1720 4386 ⁷μονά-

232 4401 338 4442 πα.

232 4401 338 4442 πα.

1830 3253 2040 3297 versata
2092 3254 2407 3297 nocturnam
2459 3245 2688 3312 speciem
2737 3246 2966 3310 induxit,
2999 3263 3159 3316 quam
3190 3260 3375 3316 postea

1827 3338 2051 3392 seminis
2091 3336 2268 3390 ﬂuxus
2310 3346 2393 3391 est
2426 3349 2768 3403 consecutus,
2818 3348 2976 3406 atque
3027 3355 3093 3393 ex
3145 3340 3378 3394 inconti-

1826 3429 2008 3483 nentia
2058 3428 2300 3481 ciborum
2342 3438 2394 3481 et
2424 3430 2653 3497 potionis
2703 3431 2897 3492 evenit,
2940 3432 3078 3483 haud
3124 3433 3374 3500 CSICjUS-

1825 3517 1966 3570 modi
2004 3518 2163 3569 homo
2202 3534 2367 3586 purus
2394 3560 2408 3583 ,
2448 3536 2553 3571 non
2600 3520 2669 3573 ob
2698 3520 2965 3573 deﬂuxum
3007 3522 3226 3576 seminis
3261 3524 3375 3592 (ne-

1824 3619 1928 3673 que
1954 3606 2095 3657 enim
2127 3606 2227 3660 hoc
2258 3607 2547 3672 impurum,
2574 3608 3005 3674 quandoquidem
3032 3624 3131 3662 nec
3163 3610 3373 3678 impura

1824 3708 1971 3756 caro,
2006 3697 2161 3762 cujus
2189 3695 2289 3749 hoc
2310 3696 2753 3764 excrementum),
2783 3697 2873 3750 sed
2897 3698 2965 3750 ob
2990 3699 3385 3766 cogitationem-

1824 3798 2066 3850 pravam,
2107 3783 2226 3851 quae
2269 3784 2506 3837 animum
2558 3784 2877 3852 inquinavit.
2934 3784 3049 3839 Non
3082 3796 3165 3839 est
3193 3788 3373 3855 itaque

1824 3871 1914 3925 hic
1961 3872 2161 3925 nullius
2216 3872 2317 3925 sibi
2364 3872 2617 3926 conscius
2667 3873 2835 3935 labis,
2888 3874 3220 3941 proindeque
3274 3856 3374 3930 nec

1821 3961 1975 4029 plena
2034 3961 2110 4014 illi
2158 3962 2369 4025 ﬂducia,
2422 3962 2492 4015 ob
2524 3977 2673 4015 suam
2719 3964 3085 4030 cupiditatem.
3132 3961 3245 4029 Qua
3281 3981 3373 4019 ra-

1823 4050 1967 4103 tione
2006 4049 2167 4119 igitur
2195 4049 2304 4104 Deo
2337 4051 2785 4120 appmpinquabit
2820 4052 3109 4106 dubitans?
3141 4052 3373 4122 Suhjicit

1823 4155 2039 4208 quoque
2092 4141 2272 4209 magni
2328 4139 2480 4195 Pauli
2533 4144 2891 4207 sententiam,
2939 4141 3005 4196 de
3062 4145 3371 4214 idolothytis

1812 4214 2126 4291 scribentis,
2163 4230 2306 4297 quod
2339 4232 2388 4283 si
2415 4232 2659 4285 dubitans
2698 4232 2952 4295 comedat,
2998 4237 3371 4287 condemnatus

1818 4328 1915 4370 est.
1965 4318 2131 4372 Porro
2175 4321 2241 4373 de
2283 4321 2506 4374 seminis
2556 4319 2821 4385 ﬂuxione,
2875 4335 3102 4390 magnus
3153 4335 3373 4390 quoque

1818 4406 2145 4462 Athanasius
2192 4409 2376 4462 multis
2422 4408 2600 4462 verbis
2640 4409 2703 4462 ad
2737 4410 2990 4462 Animum
3041 4407 3369 4463 monachum
