4002 6314
595 355 696 417 479
1866 362 2138 418 TllEUD.
2188 360 2269 417 BA
2283 357 2576 417 LSAMON
3669 356 3799 418 180

667 478 822 528 ths.
850 473 948 526 liic
973 490 1146 526 canon
1175 474 1362 526 statuit
1395 481 1449 524 ut
1480 459 1567 539 qui
1596 473 1649 523 in
1682 471 1923 524 custodia
1957 472 2116 524 solun

2302 470 2486 519 ΒΛΛΣ.
2522 461 2684 528 Οὗτος
2713 471 2738 518 6
2761 467 2932 518 κανὼν
2958 466 3305 534 διαλαμϐάνει
3337 468 3456 528 τοὺς
3492 467 3644 536 μόνον
3669 487 3786 521 κα·-
3833 477 3844 484 ’

593 569 728 618 male
759 564 928 618 allecti
964 572 1109 626 sunt,
1145 574 1192 616 et
1216 564 1332 615 sine
1357 563 1636 615 tormentis
1664 563 1796 628 lapsi
1829 569 1971 624 sunt,
2009 572 2116 629 posl

2229 557 2634 624 κοπαθήσαντας
2667 557 2720 605 ἐν
2754 557 2813 621 τῇ
2853 554 3058 622 φυλακῇ
3089 555 3177 603 καὶ
3198 556 3361 621 χωρὶς
3387 554 3634 620 βασάνων
3664 574 3750 607 πα.

592 653 876 703 triennium
916 651 1050 701 alius
1084 663 1294 715 quoque
1333 649 1456 699 anui
1513 659 1666 713 pcnna
1731 648 2036 712 puniantur.
2072 645 2108 698 S

2229 641 2664 711 ραπεπτωκότας,
2712 638 3056 706 ἐπιτιμᾶσθαι
3093 638 3224 705 μετά
3251 637 3339 688 τὸν
3373 639 3550 707 τριετῆ
3577 640 3788 708 χρόνον

595 740 727 788 forte
757 738 919 792 enim,
940 737 1130 801 inquit,
1159 735 1576 786 consolationem
1609 735 1840 785 assecuti
1874 743 2019 792 sunt,
2042 742 2116 803 ut_-

2227 732 2314 782 καὶ
2346 730 2434 780 ἐπὶ
2458 731 2637 797 ἕτερον
2659 727 2913 779 ἐνιαυτόν.
2951 729 3011 778 Ei
3045 728 3182 794 τάχα
3202 727 3482 796 γὰρνφησὶ,
3523 731 3614 780 καὶ
3663 731 3788 780 ἀπα

595 832 713 886 pote
743 824 1012 888 aliquibus
1050 822 1286 873 ﬁdelibus
1319 821 1435 872 vita:
1460 821 1700 872 subsidia
1744 821 2116 886 suppeditanli

2225 819 2450 871 έλαυσαν
2496 818 2882 887 παρακλήσεως
2906 856 2919 878 ,
2954 817 3027 878 ὥς
3053 835 3209 869 τινων
3244 819 3443 870 πιστῶν
3471 820 3778 889 χορηγούν-

594 915 709 970 bus,
741 912 773 962 ii
809 927 1018 976 quoque
1055 910 1245 961 dehrnt
1281 912 1484 961 veniam
1516 909 1773 969 obtinere,
1811 912 1973 975 utqui
2007 925 2116 978 gra-

2224 924 2327 957 των
2361 909 2536 968 αὐτοῖς
2579 909 2643 959 τὰ
2681 908 2810 975 πρὸς
2838 909 3119 977 διοίκησιν,
3166 908 3296 959 ἀλλά
3333 910 3423 959 καὶ
3449 904 3588 960 οὗτοι
3612 910 3782 976 ὀφεί-

593 1002 670 1050 via
699 1017 793 1067 pro
831 999 927 1051 fide
958 1001 1096 1067 passi
1135 1008 1275 1052 sunt.

2223 997 2367 1047 λουσι
2403 995 2720 1065 συγγνώμης
2752 997 3024 1061 ἀξιοῦσθαι
3053 998 3126 1058 ὡς
3149 997 3282 1066 ὑπὲρ
3306 997 3401 1064 τῆς
3417 997 3642 1060 πίστεως
3664 1014 3782 1049 και

2224 1100 2283 1133 κο
2293 1083 2638 1152 παθήσαντες.

2293 1174 2525 1224 ΖΩΝᾹΡ.
2569 1174 2652 1223 Ἐν
2692 1171 2914 1241 δευτέρᾳ
2959 1172 3106 1234 τάξει
3141 1171 3316 1238 τίθησι
3337 1172 3458 1230 τοὺς
3485 1171 3637 1239 μόνον
3668 1188 3783 1238 κρυ·

2221 1261 2582 1322 λακισθέντας,
2615 1262 2704 1312 καὶ
2749 1260 3224 1328 κακοπαθήσαντας
3247 1261 3301 1310 ἐν
3325 1263 3387 1329 τῇ
3413 1261 3638 1328 φυλακῇ,
3670 1262 3779 1313 καὶ

2221 1353 2381 1419 χωρὶς
2411 1351 2651 1417 βασάνων
2686 1350 3192 1416 παραπεπτωκότας·
3217 1344 3294 1410 οἷς
3316 1350 3549 1400 ἐνιαυτὸν
3569 1349 3776 1412 ἔταξαν

2221 1439 2279 1506 (Ῑ.
2312 1439 2513 1507 ἔταξεν)
2533 1441 2609 1500 είς
2637 1440 2899 1507 ἐπιτίμιον
2931 1439 3062 1507 μετά
3091 1439 3178 1490 τὸν
3203 1437 3529 1505 παρελθόντα
3550 1440 3773 1508 χρόνοι,

2219 1529 2378 1596 ἤγουν
2411 1529 2504 1596 τὴν
2539 1528 2773 1597 τριετίαν
2797 1529 2861 1595 ἢν
2891 1528 3103 1596 εἴρηκεν
3134 1529 3258 1581 ἀνω.
3290 1530 3428 1579 Διότι
3457 1528 3546 1579 καὶ
3582 1529 3771 1591 αὐτοὶ,

2220 1617 2395 1683 φησιν,
2412 1618 2547 1688 ὑπὲρ
2564 1618 2652 1668 τοῦ
2670 1620 2919 1684 ὀνόματος
2934 1617 3113 1686 ἐθλιὸη
3123 1634 3216 1670 σαν
3234 1617 3321 1668 τοῦ
3338 1617 3582 1686 Χριστοῦ,
3600 1621 3644 1668 εί
3661 1622 3774 1671 καὶ

2218 1708 2352 1772 τάχα
2379 1705 2678 1756 ἀπέλαυσαν
2717 1707 2772 1756 ἐν
2799 1705 2874 1773 τῷ
2910 1706 3256 1774 δεσμωτηρίῳ
3284 1707 3666 1775 παρακλήσεως
3698 1709 3774 1759 ὲκ

661 1195 859 1248 Zama.
904 1194 958 1246 In
997 1194 1231 1247 secundo
1267 1195 1454 1246 ordine
1489 1209 1578 1246 eos
1604 1195 1740 1245 locat
1769 1195 1854 1260 qui
1892 1203 2124 1244 tantum-

594 1285 748 1336 modo
781 1286 835 1336 in
868 1286 1077 1335 vincula
1113 1285 1536 1350 conjecti,atque
1567 1286 1617 1334 in
1645 1298 1859 1334 carcere
1885 1285 2019 1334 male
2054 1283 2126 1334 af-

593 1371 716 1422 fecti
754 1380 897 1431 sunt,
933 1381 1042 1422 tum
1079 1372 1238 1422 nullis
1266 1372 1440 1422 vexati
1484 1370 1808 1423 cruciatibus
1864 1385 2118 1436 peccave-

595 1468 748 1512 runt:
781 1461 974 1527 quibus
1017 1468 1206 1528 praater
1235 1459 1520 1512 decursum
1559 1467 1788 1523 tempus,
1833 1459 2120 1510 triennium

591 1547 838 1600 videlicet
885 1547 949 1600 de
989 1563 1092 1615 quo
1144 1563 1304 1614 supra
1354 1548 1551 1600 dictum
1604 1557 1704 1609 est,
1746 1549 1869 1600 anni
1911 1562 2122 1615 quoque

592 1644 844 1706 praeterea
877 1637 1033 1688 unius
1067 1638 1314 1688 muletam
1354 1637 1575 1704 irrogari
1602 1639 1792 1704 placet.
1857 1637 2117 1699 Quoniam

589 1735 641 1778 ct
674 1727 793 1792 ipsi,
829 1725 1025 1790 inquit,
1054 1740 1146 1791 pro
1179 1725 1374 1776 Christi
1423 1727 1635 1778 nomine
1681 1726 1909 1778 divexati
1961 1733 2117 1787 sunt;

589 1791 794 1867 ctiainsi
825 1813 959 1865 forte
990 1813 1163 1864 solatii
1193 1814 1461 1879 quidpiam
1497 1815 1546 1864 in
1570 1830 1782 1867 carcere
1811 1831 1838 1866 a
1866 1813 2116 1864 fratribus

2220 1796 2321 1846 τῶν
2353 1796 2607 1860 ἀδελφῶν.
2645 1797 2726 1857 Ὠς
2750 1795 2886 1846 ἔοικε
2920 1797 3043 1864 γὰρ,
3079 1798 3126 1846 οἱ
3158 1798 3351 1856 πιστοὶ,
3386 1798 3494 1847 ὅσοι
3533 1799 3591 1848 οὐ
3627 1815 3772 1849 συν-

2217 1885 2526 1952 εσχέθησαν,
2555 1886 2662 1945 τοῖς
2693 1885 3092 1953 κατειργμένοις
3123 1886 3414 1954 ἐχορήγουν
3437 1885 3502 1937 τά
3534 1889 3609 1947 εἰς
3628 1886 3775 1937 διοί-

2218 1988 2391 2038 κησιν,
2432 1971 2521 2022 καὶ
2559 1971 2823 2021 ἀνέπαυον
2874 1970 3081 2030 αὐτούς.
3120 1971 3292 2038 "Amp
3333 1969 3770 2022 πολλαπλασίονα

2218 2062 2594 2122 ἀποδώσουσιν,
2624 2062 2739 2112 ἀντὶ
2760 2061 2870 2121 τοῦ,
2893 2059 3002 2110 ἀνθ’
3026 2053 3098 2110 ὧν
3134 2059 3442 2126 ἀπήλαυσαν
3475 2062 3530 2110 ἐν
3557 2062 3620 2126 τῇ
3654 2077 3770 2126 φυ-

2216 2147 2347 2216 λακῇ
2404 2149 2777 2217 μετανοοῦντες
2829 2148 3094 2214 θλίψουσιν
3155 2149 3374 2208 ἑαυτοὺς
3429 2147 3518 2198 καὶ
3572 2146 3769 2198 κακώι

2217 2253 2364 2287 σουσι
2390 2236 2807 2298 πολλαπλασίως,
2846 2237 2888 2286 εί
2931 2235 3134 2286 θέλουσι
3159 2235 3488 2304 λυτρωθῆναι
3525 2235 3628 2287 ἀπὸ
3651 2235 3766 2304 τῆς

2216 2325 2577 2393 αἰχμαλωσίας
2625 2325 2715 2376 τοῦ
2762 2326 3023 2387 διαϐόλου,
3080 2325 3403 2393 αἰχμάλωτοι
3446 2325 3536 2376 καὶ
3580 2323 3765 2374 δοῦλοι

2215 2417 2488 2481 γεγονότες
2523 2415 2666 2482 αὐτῷ
2715 2415 2799 2465 διὰ
2840 2416 2934 2483 τὴν
2964 2415 3183 2482 ἄρνησιν
3212 2414 3301 2464 τοῦ
3343 2412 3590 2482 Χριστοῦ.
3621 2407 3761 2463 Εἶτα.

2214 2506 2402 2571 ἐπάγει
2429 2506 2493 2556 τὰ
2529 2504 2831 2572 προφητικά
2881 2505 3113 2571 ῥήματα,
3152 2504 3289 2570 ἅπερ
3319 2503 3378 2553 ἐκ
3411 2500 3502 2552 τοῦ
3536 2497 3760 2552 Ἡσαῑου

589 1910 860 1955 consecuti
892 1909 1033 1955 sunt.
1072 1901 1352 1955 Probabile
1389 1904 1527 1955 enim
1552 1915 1631 1955 est
1663 1903 1862 1967 ﬁdeles,
1888 1906 2114 1971 quicun-

589 2006 691 2058 que
726 1991 870 2042 nulla
893 1990 1133 2042 custodia
1173 1991 1566 2052 detinebantur,
1602 1994 1652 2043 in
1697 1994 1906 2045 vincula
1937 1994 2119 2060 conje-

588 2081 689 2130 ttis
715 2079 835 2131 vita:
869 2077 1105 2129 subsidia
1153 2079 1516 2140 ministrasse,
1557 2081 1725 2147 iisque
1775 2081 1991 2147 proinde
2044 2082 2117 2132 le-

589 2168 817 2219 vationis
843 2167 1038 2232 aliquid
1067 2167 1328 2219 attulisse.
1356 2167 1480 2230 Qua:
1509 2167 1720 2234 quidem
1766 2168 2116 2235 multiplicata

591 2256 832 2314 reddent.
873 2270 967 2322 pro
996 2256 1062 2306 iis
1097 2255 1348 2306 nimirum
1386 2257 1581 2323 quibus
1615 2256 1665 2307 in
1696 2257 1936 2309 custodia
1971 2257 2117 2308 oble-

589 2345 714 2395 ctati
742 2353 884 2400 sunt,
914 2344 1279 2410 pmnilentiam
1315 2353 1530 2412 agentes
1563 2346 1831 2396 vexabunt
1860 2360 1914 2397 se
1949 2345 2112 2412 ipsos,

591 2445 653 2483 ac
706 2432 887 2484 multis
923 2432 1093 2484 modis
1121 2432 1472 2495 aﬂlictabunt;
1511 2435 1554 2485 si
1588 2450 1648 2486 ex
1681 2449 1743 2486 eo
1774 2434 1913 2501 quod
1957 2436 2115 2486 Chri-

590 2531 726 2573 stum
759 2521 1087 2588 abnegarunt
1109 2559 1121 2580 ,
1154 2535 1179 2570 a
1211 2520 1404 2573 diaboli
1437 2523 1740 2589 captivitate
1780 2524 1992 2575 liberari
2028 2539 2114 2574 ve-

592 2609 706 2666 lint,
741 2608 882 2660 illius
912 2608 1103 2674 captivi
1147 2617 1197 2660 et
1234 2611 1371 2660 servi
1411 2609 1554 2662 facti.
1595 2609 1822 2677 Suhjicit
1850 2626 1968 2662 mox
1993 2625 2116 2677 pro-

2215 2596 2337 2656 εἰσὶ,
2370 2593 2534 2658 λέγων
2562 2595 2668 2644 δεῖν
2690 2591 2984 2660 μεμνῆσθαι
3021 2590 3230 2652 αὐτούς.

589 2695 757 2762 pheta:
787 2696 966 2756 verba,
999 2713 1114 2763 quze
1145 2707 1340 2752 suntex
1373 2699 1505 2750 lsaia
1540 2699 1865 2767 deprompta,
1890 2715 2113 2766 quorum

589 2782 895 2834 meminisse
923 2792 1167 2851 oportere
1190 2786 1334 2851 ipsos
1369 2786 1612 2840 allirmat.

1181 2873 1402 2926 CANON
1444 2875 1528 2926 ill.
2808 2854 3038 2906 ΚΑΝΩΝ
3069 2855 3116 2903 Γ⁹

2287 2964 2303 2992 ‹
2345 2944 2464 3003 Τοῖς
2504 2943 2558 2993 δέ
2602 2943 2718 3010 μηδ’
2751 2943 2882 3002 ὅλως
2915 2942 3076 3010 μηδέν
3099 2959 3145 2992 τι
3183 2940 3414 2991 τοιοῦτον
3444 2940 3755 3011 πεπονθόσι,

661 2977 677 3007 ι
725 2959 793 3013 lis
835 2967 1007 3012 autem
1051 2962 1140 3028 qui
1189 2963 1316 3013 nihil
1350 2963 1610 3028 ejusmodi
1658 2968 1798 3032 passi
1841 2976 1984 3030 sunt,
2017 2984 2113 3021 nec

2219 3052 2235 3082 ι
2281 3033 2407 3100 μηδέ
2445 3032 2828 3100 ἐνδειξαμένοις
2870 3030 3069 3098 καρπὸν
3102 3029 3349 3090 πίστεως,
3384 3029 3493 3081 ἀλλ’
3523 3031 3756 3100 αὐτομο-

591 3065 611 3095 ιι
657 3047 771 3099 ﬁdei
816 3041 1044 3101 fructum
1092 3052 1470 3113 ostenderunt,
1503 3055 1594 3105 sed
1627 3055 1688 3106 ad
1733 3057 1917 3108 vitium
1974 3060 2112 3111 ultro
2140 3089 2181 3147 ς

584 3151 611 3187 ιι
656 3135 1075 3204 transfugerunt,
1111 3151 1137 3186 a
1165 3146 1302 3189 metu
1334 3148 1384 3190 et
1408 3140 1688 3193 timiditate
1721 3144 1909 3209 proditi
1932 3162 1944 3209 ;
1967 3161 2107 3198 nunc

2217 3141 2233 3171 ι
2272 3123 2461 3190 λήσασι
2506 3121 2637 3189 πρὸς
2678 3121 2771 3189 τὴν
2824 3120 3033 3184 κακίαν,
3091 3119 3485 3190 προδεδομένοις
3521 3119 3620 3170 ὑπὸ
3649 3119 3760 3171 δειο

591 3243 608 3274 ι
658 3232 831 3276 autem
867 3227 1085 3278 veniunt
1130 3226 1192 3276 ad
1233 3227 1620 3293 pmnitentiam,
1657 3246 1875 3284 necesse
1929 3242 2006 3285 est
2058 3241 2109 3286 et

2213 3231 2230 3261 ι
2268 3212 2382 3272 λίας
2401 3211 2491 3261 καί⁵
2508 3211 2686 3277 φόϐου,
2707 3210 2797 3261 νῦν
2814 3210 2868 3260 δέ
2885 3211 2961 3270 είς
2981 3210 3256 3277 μετάνοιαν
3279 3209 3600 3278 ἐρχομένοις,
3619 3210 3751 3261 ἀνα-

588 3334 606 3364 (
651 3315 972 3367 conveniens
1004 3315 1324 3382 inlrugilerae
1376 3316 1506 3371 licus
1555 3310 1858 3385 parabolam
1910 3339 2106 3391 propo-

2213 3320 2229 3351 ι
2273 3303 2452 3368 γκαῖόν
2470 3304 2579 3352 ἐστι
2597 3302 2685 3351 καὶ
2700 3298 2928 3367 ἁρμόζον
2961 3299 3057 3367 τὴν
3083 3299 3176 3367 τῆς
3192 3298 3431 3367 ἀκάρπου
3462 3299 3623 3367 συκῆς
3639 3315 3749 3350 πα-

591 3423 605 3450 ι
653 3419 798 3464 nere,
853 3411 910 3454 ut
962 3404 1212 3455 Dominus
1264 3404 1391 3455 dicit
1443 3424 1454 3456 :
1516 3407 1745 3459 Habebat
1801 3387 2106 3476 quis—[icitur

2213 3410 2229 3440 ι
2272 3391 2494 3459 ραὸολὴν
2535 3390 2887 3460 παραθέσθαι,
2929 3389 2999 3450 ὡς
3028 3391 3054 3440 6
3083 3388 3279 3457 Κύριος
3316 3389 3486 3454 λέγει’
3543 3387 3748 3454 Συκῆν

588 3510 603 3539 ο
651 3492 941 3556 plantatam
969 3493 1021 3542 in
1051 3507 1143 3543 suo
1175 3493 1338 3544 vineta
1370 3511 1386 3546 :
1419 3505 1464 3547 et
1509 3499 1636 3548 venit
1679 3515 1908 3565 τιμίω-ειη
1957 3501 2007 3551 in
2049 3518 2108 3553 ea

2213 3497 2228 3528 ι
2264 3477 2386 3545 εἶχέ
2412 3497 2497 3544 τις
2539 3477 2982 3544 πεφυτευμένην
3011 3478 3078 3528 ἐν
3109 3477 3186 3540 τῷ
3217 3479 3512 3545 ἀμπελῶνι
3535 3478 3742 3532 αὑτοῦ·

2214 3587 2228 3615 ι
2275 3568 2366 3617 καὶ
2404 3565 2544 3634 ἦλθε
2560 3565 2740 3631 ζητῶν
2769 3565 2995 3632 καρπὸν
3021 3565 3087 3616 ἐν
3104 3564 3276 3630 αὐτῇ,
3300 3567 3392 3617 καὶ
3418 3562 3739 3633 οὐχεῦρεν.

2212 3675 2226 3704 ι
2266 3656 2407 3706 Eine
2418 3654 2482 3705 δὲ
2498 3656 2642 3719 πρὸς
2660 3655 2761 3706 τὸν
2775 3655 3197 3720 ἀμπελουργόν
3225 3653 3364 3706 Ἰδοὺ
3382 3657 3508 3720 τρία
3524 3655 3621 3719 ἔτη
3639 3655 3741 3719 ἀφ’

2209 3764 2224 3793 ι
2261 3741 2326 3797 οὗ
2357 3745 2591 3810 ἔρχομαι
2613 3742 2789 3808 ζητῶν
2809 3743 3033 3808 καρπὸν
3052 3743 3119 3793 ἐν
3148 3741 3216 3808 τῇ
3237 3742 3394 3809 συκῇ
3417 3746 3614 3809 ταύτῃ,
3635 3745 3736 3797 καὶ

2209 3853 2224 3882 ι
2266 3836 2374 3900 οὐχ
2406 3833 2688 3898 εὑρίσκω·
2745 3833 3003 3898 ἔκκοψον
3041 3832 3257 3895 αὑτήν·
3309 3834 3460 3884 ὶνατί
3497 3833 3588 3885 καὶ
3625 3833 3741 3897 τὴν

2208 3942 2223 3972 ι
2260 3924 2370 3989 γῆν
2412 3922 2712 3989 καταργεῖ;
2749 3923 2798 3972 Ὁ
2845 3921 2910 3972 δὲ
2957 3921 3291 3985 ἀποκριθεὶς
3347 3922 3504 3989 λέγει
3543 3921 3734 3986 αὐτῷ·

2207 4031 2223 4063 ι
2264 4015 2452 4077 Κύριε,
2476 4012 2619 4079 ἄφες
2642 4010 2830 4077 αὐτὴν
2869 4009 2964 4061 καὶ
2998 4009 3167 4060 τοῦτο
3195 4008 3256 4060 τὸ
3283 4009 3433 4074 ἔτος,
3455 4011 3560 4074 ἕως
3597 4011 3738 4064 ὅτου

2207 4121 2222 4151 ι
2266 4101 2474 4166 σκάψω
2524 4101 2592 4151 τὰ
2630 4100 2756 4165 περὶ
2787 4097 2993 4162 αὐτὴν,
3026 4096 3120 4147 καὶ
3156 4096 3323 4158 ,ϐάλω
3349 4099 3586 4164 κόπριαο
3621 4098 3740 4150 κᾶν

2206 4207 2222 4238 ι
2257 4190 2368 4255 μὲν
2397 4187 2615 4251 ποιήσῃ
2647 4189 2872 4252 καρπόν
2893 4201 2904 4212 ·
2929 4187 2976 4236 εί
3010 4180 3074 4234 δὲ
3097 4183 3179 4251 μή
3203 4202 3289 4250 γε,
3317 4187 3400 4248 εὶς
3431 4186 3491 4236 τὸ
3505 4184 3734 4251 μέὶλλογ

2205 4299 2221 4330 ι
2259 4281 2528 4344 ἐκκόψεις
2555 4276 2740 4340 αὑτήν
2762 4292 2774 4304 ·
2809 4276 2872 4343 ῆν
2902 4276 3003 4344 πρὸ
3039 4274 3323 4343 ὀφθαλμῶν
3362 4275 3628 4336 λαϐόντες,
3651 4275 3728 4325 ἐν-

2206 4385 2222 4417 (
2257 4343 2547 4435 δειξάμενοί
2580 4382 2635 4416 τε
2689 4364 2890 4433 καρπὸν
2923 4364 3066 4425 ἄξιον
3105 4364 3198 4432 τῆς
3240 4363 3540 4431 μετανοίας,
3577 4365 3632 4414 ἐν
3657 4363 3733 4433 τῷ

2208 4477 2224 4507 ι
2263 4457 2574 4525 διαστήματι
2627 4455 2718 4505 τοῦ
2760 4454 3006 4505 τοσούτου
3047 4454 3230 4522 χρόνου
3272 4453 3485 4520 μᾶλλον-
3519 4455 3729 4524 ὠφελη-

2206 4564 2222 4595 ι
2261 4546 2523 4614 θήσονται.
2558 4563 2574 4594 ι

644 4626 797 4679 Βλιε.
842 4629 944 4681 Eos
973 4631 1060 4694 qui
1088 4639 1303 4698 propter
1332 4633 1503 4684 solum
1535 4642 1732 4686 metum
1762 4645 1811 4687 et
1842 4637 2098 4690 timidita-

2266 4635 2452 4686 ΒΑΛΣ.
2477 4635 2609 4695 Τοὺς
2639 4634 2813 4702 μέντοι
2839 4632 2922 4684 διὰ
2947 4631 3103 4700 φόόον
3127 4633 3191 4700 μό
3202 4649 3280 4684 νον
3302 4633 3390 4684 καὶ
3413 4631 3604 4683 δειλίαν
3631 4631 3728 4684 αὒ-

576 4730 678 4768 ιριη
707 4716 1127 4784 transfugerunt,
1163 4721 1226 4772 ad
1257 4721 1619 4787 paenitentiam
1651 4733 1824 4777 autem
1851 4741 2093 4793 respexe-

2213 4724 2606 4792 τομολήσαντας,
2664 4719 2777 4774 εἶτα
2823 4725 2898 4782 είς
2953 4721 3228 4790 μετάνοιαν
3283 4721 3581 4781 ἀπιδόντας,
3639 4720 3726 4772 διὸ.

577 4812 717 4868 runt,
744 4805 974 4857 triennio
1003 4808 1154 4872 punit
1184 4821 1354 4861 canon
1379 4811 1668 4864 secundum
1701 4814 2004 4878 parabolam
2039 4815 2096 4865 ﬁ-

2213 4816 2428 4884 τριετίας
2467 4815 2688 4881 ἐπιτιμᾷ
2719 4815 2745 4864 6
2783 4812 2977 4874 κανὼν,
3009 4818 3144 4862 κατὰ
3170 4813 3264 4878 τὴν
3295 4813 3349 4860 ἐν
3383 4808 3721 4875 Εὑαγγελίυις

576 4908 666 4945 cus
693 4908 808 4960 qum
843 4901 925 4946 est
959 4895 1012 4946 in
1047 4893 1369 4961 Evangeliis.
1399 4897 1653 4952 Dominus
1699 4901 1839 4952 enim
1871 4903 2042 4970 inquit
2076 4923 2087 4956 :

2213 4903 2496 4973 παραϐολὴν
2519 4903 2611 4970 τῆς
2632 4902 2812 4969 συκῆς.
2833 4901 2887 4951 Ὁ
2917 4901 3019 4968 γὰρ
3043 4899 3258 4966 Κύριος,
3296 4900 3426 4965 Τριά
3441 4899 3563 4963 ἔτη,
3591 4898 3719 4968 ἔφη-

576 4985 686 5038 lam
710 4987 866 5037 tribus
897 4990 1048 5038 annis
1072 4986 1172 5053 ιο
1194 4985 1261 5037 ad
1287 4985 1419 5037 hanc
1438 4987 1578 5038 venio
1595 5004 1828 5054 quwrens
1859 4989 2106 5055 fructum,

2213 5007 2298 5050 τεν,
2349 4992 2582 5056 ἔρχομαι
2617 4989 2760 5054 πρὸς
2785 4987 2975 5052 αὐτὴν
3005 4986 3184 5051 ζητῶν
3214 4987 3458 5052 καρπὸν,
3485 4987 3576 5037 καὶ
3610 4989 3713 5050 οὐχ

575 5084 611 5127 ιι
646 5092 746 5126 non
772 5079 992 5130 invenio.
1023 5077 1233 5129 Vinitor
1254 5086 1454 5141 autem,
1485 5076 1693 5129 Dimitte
1712 5079 1882 5142 illam,
1911 5083 2106 5148 inquit,

2220 5081 2463 5144 ὑρίσκω·
2509 5079 2536 5129 ὁ
2571 5079 2623 5128 δέ
2651 5077 3037 5146 ἀμπελουργὸς,
3088 5079 3275 5142 Ἄφες,
3309 5071 3476 5135 εἶπεν,
3509 5075 3716 5141 αὐτὴν,

573 5172 613 5216 ει
639 5165 730 5215 hoc
749 5181 908 5216 anno.
1703 5149 1707 5153 ’

2213 5169 2498 5232 (ὐριε,.καὶ
2536 5168 2705 5219 τοῦτο
2732 5169 2794 5219 τὸ
2823 5169 2971 5230 ἔτος.

639 5242 838 5294 Zona.
878 5241 1191 5310 Quicunque
1234 5259 1379 5307 vero,
1434 5247 1625 5315 inquit,
1678 5251 1803 5302 nihil
1855 5256 2088 5320 perpessi

2253 5259 2483 5307 ΖΩΝΑΡ.
2542 5258 2709 5318 Ὅσοι,
2753 5257 2826 5319 δὲ,
2885 5236 3031 5322 ξρησὶ,
3072 5254 3142 5320 μή
3180 5269 3231 5302 τι
3269 5253 3590 5312 ὑποσταντες
3629 5252 3716 5302 ἀλ-

569 5330 838 5393 acerbum,
867 5329 934 5382 ob
957 5339 1153 5382 metum
1193 5332 1360 5384 solum
1389 5348 1448 5385 ac
1483 5336 1814 5390 timiditatem
1852 5341 2086 5393 transfu-

2213 5344 2376 5406 ἐινδν,
2435 5343 2518 5394 διὰ
2570 5342 2726 5408 φόϐον
2771 5342 2922 5409 μόνον
2969 5343 3059 5391 καὶ
3099 5338 3294 5390 δειλίαν
3325 5339 3711 5406 ηὐτομόλησαν,

569 5427 774 5480 gerunt,
801 5433 898 5484 pro
930 5433 993 5470 eo
1021 5419 1160 5485 quod
1213 5420 1309 5485 ipsi
1367 5430 1556 5487 Sponte
1607 5429 1913 5491 pravitatem
1963 5441 2084 5482 sunt

2213 5431 2298 5479 ,ντὶ
2343 5430 2452 5489 τοῦ,
2485 5428 2632 5480 αὐτοὶ
2685 5429 2891 5488 ἐκόντιις
2933 5425 3224 5494 προσῆλθον
3270 5428 3330 5492 τῇ
3373 5425 3556 5493 κακία,
3599 5419 3715 5476 εἶτα

568 5507 888 5569 Consectati;
917 5521 1033 5557 mox
1057 5508 1288 5557 animum
1320 5509 1382 5559 ad
1426 5514 1785 5576 pmnitentiam
1819 5517 2073 5582 ailjucm'c,

2215 5520 2256 5576 ξς
2307 5519 2582 5584 μετανοιαν
2640 5517 2870 5577 ἁπεῖδον,
2920 5516 3026 5575 τοῖς
3066 5514 3375 5582 τοιούτοιςὴ
3417 5515 3510 5582 τῆς
3551 5514 3713 5581 συκῆς

589 3601 604 3630 ι
649 3581 895 3646 fructum,
943 3589 988 3632 et
1033 3597 1131 3632 non
1184 3584 1393 3638 invenit.
1442 3585 1584 3636 Dixit
1638 3599 1804 3638 autem
1851 3591 2104 3642 vinitori:

588 3688 604 3717 ι
651 3668 780 3720 Ecce
805 3679 903 3720 tres
936 3687 1116 3729 annos.
1162 3687 1224 3723 ea:
1262 3689 1358 3740 quo
1410 3691 1498 3741 ego
1557 3678 1697 3728 venio
1732 3694 1958 3742 quwrem
1990 3681 2104 3746 fru-

584 3776 604 3806 u.
650 3767 790 3809 ctum
821 3760 870 3808 in
899 3759 993 3809 hac
1035 3760 1156 3825 ﬁcu,
1197 3770 1242 3811 et
1277 3778 1374 3814 non
1415 3765 1644 3825 invenio;
1675 3767 1910 3820 exscinde
1944 3785 2054 3820 eam
2087 3785 2103 3820 :

587 3870 601 3894 ι
650 3864 739 3898 cur
773 3857 960 3899 terram
986 3849 1484 3916 inaniter-occupat?
1515 3853 1613 3905 Ille
1645 3872 1754 3906 vero
1797 3859 2102 3922 respondens

586 3958 601 3987 ι
643 3938 764 3989 dicit
791 3939 909 3991 illi:
951 3939 1178 4002 Domine,
1205 3941 1403 3995 dimitte
1429 3943 1573 3994 illam
1603 3944 1694 3996 hoc
1719 3963 1913 4014 quoque
1945 3966 2098 4013 anno,

584 4045 601 4074 ι
645 4027 801 4079 donec
837 4030 976 4080 circa
1022 4045 1134 4081 eam
1164 4030 1358 4096 fodero,
1403 4042 1450 4084 et
1492 4034 1725 4086 lwtameu
1770 4036 2024 4102 injecero;
2058 4042 2104 4091 εἰ

585 4135 599 4163 ι
647 4117 847 4184 quidem
878 4118 1102 4183 fructum
1138 4120 1348 4185 fecerit;
1387 4123 1466 4173 sin
1513 4124 1700 4185 minus,
1736 4141 1846 4177 eam
1882 4128 1933 4179 in
1958 4127 2102 4193 futu-

582 4224 600 4254 ι
646 4222 759 4256 rum
789 4209 1049 4260 exscindes
1082 4223 1106 4248 ι
1134 4229 1144 4261 :
1177 4225 1280 4276 qua
1313 4219 1434 4262 ante
1456 4213 1639 4264 oculos
1667 4225 1902 4283 accepta,
1930 4225 1980 4269 et
2009 4233 2097 4271 os-

583 4313 599 4342 σ
647 4303 798 4348 tenso
825 4296 982 4364 digno
1011 4296 1184 4350 fructu
1215 4300 1559 4365 pmnitentiae,
1587 4301 1640 4352 in
1680 4310 1824 4357 tanto
1847 4308 2098 4373 temporis

581 4403 596 4431 ι
646 4385 922 4437 intervallo
951 4386 1480 4454 magisjuvabuntur.
1529 4406 1547 4438 ι
2129 4412 2175 4468 ι)

635 5651 652 5674 ³
709 5636 808 5686 Luc
858 5655 949 5687 vis:
990 5638 1110 5688 {3.9.
