  <div class='ocr_page' id='page_1' title='image "/cluster/home/n/w/nwhite01/storage/ocr_20150623/138/pst.000005714544/276.png"; bbox 0 0 4002 6314; ppageno 0'>
   <div class='ocr_carea' id='block_1_1' title="bbox 249 377 352 442">
    <p class='ocr_par' dir='ltr' id='par_1_1' title="bbox 249 377 352 442">
     <span class='ocr_line' id='line_1_1' title="bbox 249 377 352 442; baseline 0.019 -2"><span class='ocrx_word' id='word_1_1' title='bbox 249 377 352 442; x_wconf 65' lang='grc'><strong>481</strong></span> 
     </span>
    </p>
   </div>
   <div class='ocr_carea' id='block_1_2' title="bbox 1393 372 2379 436">
    <p class='ocr_par' dir='ltr' id='par_1_2' title="bbox 1393 372 2379 436">
     <span class='ocr_line' id='line_1_2' title="bbox 1393 372 2379 436; baseline 0.001 -4"><span class='ocrx_word' id='word_1_2' title='bbox 1393 372 1475 433; x_wconf 72' lang='lat' dir='ltr'><strong>1N</strong></span> <span class='ocrx_word' id='word_1_3' title='bbox 1523 373 1767 433; x_wconf 79' lang='lat' dir='ltr'><strong>EPIST.</strong></span> <span class='ocrx_word' id='word_1_4' title='bbox 1804 373 1867 436; x_wconf 93' lang='lat' dir='ltr'><strong>S.</strong></span> <span class='ocrx_word' id='word_1_5' title='bbox 1901 373 2127 433; x_wconf 82' lang='lat' dir='ltr'><strong>PETRI</strong></span> <span class='ocrx_word' id='word_1_6' title='bbox 2157 372 2379 434; x_wconf 82' lang='lat' dir='ltr'><strong>ALEX.</strong></span> 
     </span>
    </p>
   </div>
   <div class='ocr_carea' id='block_1_3' title="bbox 3364 374 3469 439">
    <p class='ocr_par' dir='ltr' id='par_1_3' title="bbox 3364 374 3469 439">
     <span class='ocr_line' id='line_1_3' title="bbox 3364 374 3469 439; baseline -0.01 0"><span class='ocrx_word' id='word_1_7' title='bbox 3364 374 3469 439; x_wconf 68' lang='lat'><strong>{82</strong></span> 
     </span>
    </p>
   </div>
   <div class='ocr_carea' id='block_1_4' title="bbox 258 485 1803 565">
    <p class='ocr_par' dir='ltr' id='par_1_4' title="bbox 258 491 1803 565">
     <span class='ocr_line' id='line_1_4' title="bbox 258 491 1803 565; baseline -0.006 -15"><span class='ocrx_word' id='word_1_8' title='bbox 258 496 490 565; x_wconf 75' lang='grc' dir='ltr'><strong>ἁρμόσει</strong></span> <span class='ocrx_word' id='word_1_9' title='bbox 543 494 822 565; x_wconf 79' lang='grc' dir='ltr'>παραϐολὴ</span> <span class='ocrx_word' id='word_1_10' title='bbox 877 494 1013 547; x_wconf 71' lang='grc' dir='ltr'>κατὰ</span> <span class='ocrx_word' id='word_1_11' title='bbox 1051 492 1110 543; x_wconf 81' lang='grc' dir='ltr'>τὸ</span> <span class='ocrx_word' id='word_1_12' title='bbox 1141 491 1493 559; x_wconf 70' lang='grc' dir='ltr'>Εὑαγγέλιοψ</span> <span class='ocrx_word' id='word_1_13' title='bbox 1525 493 1591 559; x_wconf 79' lang='grc' dir='ltr'>ἢν</span> <span class='ocrx_word' id='word_1_14' title='bbox 1632 491 1803 542; x_wconf 80' lang='grc' dir='ltr'>λαϐόν-</span> 
     </span>
    </p>
   </div>
   <div class='ocr_carea' id='block_1_5' title="bbox 1907 485 3453 565">
    <p class='ocr_par' dir='ltr' id='par_1_5' title="bbox 1921 485 3453 556">
     <span class='ocr_line' id='line_1_5' title="bbox 1921 485 3453 556; baseline 0.001 -16"><span class='ocrx_word' id='word_1_15' title='bbox 1921 488 1973 540; x_wconf 85' lang='grc' dir='ltr'>ἰη</span> <span class='ocrx_word' id='word_1_16' title='bbox 2000 502 2095 541; x_wconf 87' lang='lat' dir='ltr'><strong>eos</strong></span> <span class='ocrx_word' id='word_1_17' title='bbox 2124 487 2375 556; x_wconf 87' lang='lat' dir='ltr'><strong>parabola</strong></span> <span class='ocrx_word' id='word_1_18' title='bbox 2415 487 2719 555; x_wconf 77' lang='lat' dir='ltr'><strong>evangelica</strong></span> <span class='ocrx_word' id='word_1_19' title='bbox 2763 485 2893 539; x_wconf 76' lang='lat' dir='ltr'><strong>ﬁcus</strong></span> <span class='ocrx_word' id='word_1_20' title='bbox 2935 486 3261 556; x_wconf 83' lang='lat' dir='ltr'><strong>quadrabit:</strong></span> <span class='ocrx_word' id='word_1_21' title='bbox 3296 502 3453 556; x_wconf 80' lang='lat' dir='ltr'><strong>quam</strong></span> 
     </span>
    </p>
   </div>
   <div class='ocr_carea' id='block_1_6' title="bbox 259 580 1815 655">
    <p class='ocr_par' dir='ltr' id='par_1_6' title="bbox 259 580 1815 655">
     <span class='ocr_line' id='line_1_6' title="bbox 259 580 1815 655; baseline -0.005 -18"><span class='ocrx_word' id='word_1_22' title='bbox 259 602 353 647; x_wconf 80' lang='grc' dir='ltr'><strong>τες</strong></span> <span class='ocrx_word' id='word_1_23' title='bbox 418 585 520 655; x_wconf 80' lang='grc' dir='ltr'><strong>πρὸ</strong></span> <span class='ocrx_word' id='word_1_24' title='bbox 557 583 865 651; x_wconf 71' lang='grc' dir='ltr'>ὀφθαλμῶν,</span> <span class='ocrx_word' id='word_1_25' title='bbox 899 582 1061 633; x_wconf 77' lang='grc' dir='ltr'>κόπον</span> <span class='ocrx_word' id='word_1_26' title='bbox 1093 581 1235 642; x_wconf 82' lang='grc' dir='ltr'>ἄξιον</span> <span class='ocrx_word' id='word_1_27' title='bbox 1277 580 1558 648; x_wconf 77' lang='grc' dir='ltr'>μετανοίας</span> <span class='ocrx_word' id='word_1_28' title='bbox 1590 580 1679 630; x_wconf 76' lang='grc' dir='ltr'>ἐπὶ</span> <span class='ocrx_word' id='word_1_29' title='bbox 1728 597 1815 630; x_wconf 90' lang='grc' dir='ltr'>το-</span> 
     </span>
    </p>
   </div>
   <div class='ocr_carea' id='block_1_7' title="bbox 262 670 1816 744">
    <p class='ocr_par' dir='ltr' id='par_1_7' title="bbox 262 670 1816 744">
     <span class='ocr_line' id='line_1_7' title="bbox 262 670 1816 744; baseline -0.004 -18"><span class='ocrx_word' id='word_1_30' title='bbox 262 672 455 740; x_wconf 71' lang='grc' dir='ltr'>σοῦτον</span> <span class='ocrx_word' id='word_1_31' title='bbox 483 676 671 744; x_wconf 81' lang='grc' dir='ltr'>χρόνον</span> <span class='ocrx_word' id='word_1_32' title='bbox 729 672 903 733; x_wconf 84' lang='grc' dir='ltr'><strong>δόντες</strong></span> <span class='ocrx_word' id='word_1_33' title='bbox 932 670 1387 739; x_wconf 71' lang='grc' dir='ltr'><strong>ὠφεληθήσονται,</strong></span> <span class='ocrx_word' id='word_1_34' title='bbox 1416 670 1580 739; x_wconf 75' lang='grc' dir='ltr'>ἤγουν</span> <span class='ocrx_word' id='word_1_35' title='bbox 1614 670 1703 721; x_wconf 75' lang='grc' dir='ltr'>ἐπὶ</span> <span class='ocrx_word' id='word_1_36' title='bbox 1728 686 1816 720; x_wconf 87' lang='grc' dir='ltr'>τε-</span> 
     </span>
    </p>
   </div>
   <div class='ocr_carea' id='block_1_8' title="bbox 260 760 1818 832">
    <p class='ocr_par' dir='ltr' id='par_1_8' title="bbox 260 760 1818 832">
     <span class='ocr_line' id='line_1_8' title="bbox 260 760 1818 832; baseline 0.004 -17"><span class='ocrx_word' id='word_1_37' title='bbox 260 763 537 832; x_wconf 83' lang='grc' dir='ltr'>τραετίαν.</span> <span class='ocrx_word' id='word_1_38' title='bbox 587 760 645 816; x_wconf 93' lang='lat'><strong>&#39;0</strong></span> <span class='ocrx_word' id='word_1_39' title='bbox 668 761 1027 832; x_wconf 79' lang='grc' dir='ltr'>γὰρ’Κύριος,</span> <span class='ocrx_word' id='word_1_40' title='bbox 1085 760 1215 826; x_wconf 74' lang='grc' dir='ltr'>Τρία</span> <span class='ocrx_word' id='word_1_41' title='bbox 1248 761 1369 824; x_wconf 80' lang='grc' dir='ltr'>ἐτη.</span> <span class='ocrx_word' id='word_1_42' title='bbox 1412 760 1626 829; x_wconf 74' lang='grc' dir='ltr'>ἔφησεν.</span> <span class='ocrx_word' id='word_1_43' title='bbox 1661 761 1818 826; x_wconf 77' lang='grc' dir='ltr'>ἐρχο-</span> 
     </span>
    </p>
   </div>
   <div class='ocr_carea' id='block_1_9' title="bbox 255 847 1812 919">
    <p class='ocr_par' dir='ltr' id='par_1_9' title="bbox 255 847 1812 919">
     <span class='ocr_line' id='line_1_9' title="bbox 255 847 1812 919; baseline -0.004 -15"><span class='ocrx_word' id='word_1_44' title='bbox 255 870 370 919; x_wconf 82' lang='grc' dir='ltr'><strong>μαι</strong></span> <span class='ocrx_word' id='word_1_45' title='bbox 405 853 551 917; x_wconf 77' lang='grc' dir='ltr'>πρὸς</span> <span class='ocrx_word' id='word_1_46' title='bbox 574 849 970 917; x_wconf 81' lang='grc' dir='ltr'>αὺτὴν,ζητῶν</span> <span class='ocrx_word' id='word_1_47' title='bbox 989 847 1215 914; x_wconf 79' lang='grc' dir='ltr'>καρπὸν</span> <span class='ocrx_word' id='word_1_48' title='bbox 1232 888 1246 911; x_wconf 92' lang='grc'><strong>,</strong></span> <span class='ocrx_word' id='word_1_49' title='bbox 1274 848 1371 899; x_wconf 77' lang='grc' dir='ltr'>καί</span> <span class='ocrx_word' id='word_1_50' title='bbox 1398 850 1508 914; x_wconf 81' lang='grc' dir='ltr'><strong>οὐχ</strong></span> <span class='ocrx_word' id='word_1_51' title='bbox 1543 848 1812 914; x_wconf 54' lang='lat' dir='ltr'><strong>adplaudi-</strong></span> 
     </span>
    </p>
   </div>
   <div class='ocr_carea' id='block_1_10' title="bbox 258 934 1813 1011">
    <p class='ocr_par' dir='ltr' id='par_1_10' title="bbox 258 934 1813 1011">
     <span class='ocr_line' id='line_1_10' title="bbox 258 934 1813 1011; baseline -0.006 -16"><span class='ocrx_word' id='word_1_52' title='bbox 258 944 291 995; x_wconf 72' lang='grc' dir='ltr'>ὁ</span> <span class='ocrx_word' id='word_1_53' title='bbox 315 943 376 995; x_wconf 77' lang='grc' dir='ltr'><strong>δὲ</strong></span> <span class='ocrx_word' id='word_1_54' title='bbox 409 940 803 1011; x_wconf 79' lang='grc' dir='ltr'>ἀμπελουργὸς,</span> <span class='ocrx_word' id='word_1_55' title='bbox 842 942 1011 1007; x_wconf 61' lang='grc' dir='ltr'>Ἄρες</span> <span class='ocrx_word' id='word_1_56' title='bbox 1051 938 1261 1005; x_wconf 75' lang='grc' dir='ltr'>αὐτὴν,</span> <span class='ocrx_word' id='word_1_57' title='bbox 1294 934 1464 997; x_wconf 83' lang='grc' dir='ltr'>εἶπεν,</span> <span class='ocrx_word' id='word_1_58' title='bbox 1498 938 1685 1002; x_wconf 78' lang='grc' dir='ltr'>Κύριε,</span> <span class='ocrx_word' id='word_1_59' title='bbox 1718 935 1813 987; x_wconf 80' lang='grc' dir='ltr'>καὶ</span> 
     </span>
    </p>
   </div>
   <div class='ocr_carea' id='block_1_11' title="bbox 262 1028 727 1092">
    <p class='ocr_par' dir='ltr' id='par_1_11' title="bbox 262 1028 727 1092">
     <span class='ocr_line' id='line_1_11' title="bbox 262 1028 727 1092; baseline -0.004 -11"><span class='ocrx_word' id='word_1_60' title='bbox 262 1031 442 1081; x_wconf 84' lang='grc' dir='ltr'>τοῦτο</span> <span class='ocrx_word' id='word_1_61' title='bbox 472 1029 535 1080; x_wconf 79' lang='grc' dir='ltr'>τὸ</span> <span class='ocrx_word' id='word_1_62' title='bbox 575 1028 727 1092; x_wconf 79' lang='grc' dir='ltr'>ἔτος.</span> 
     </span>
    </p>
   </div>
   <div class='ocr_carea' id='block_1_12' title="bbox 860 1113 1196 1167">
    <p class='ocr_par' dir='ltr' id='par_1_12' title="bbox 860 1113 1196 1167">
     <span class='ocr_line' id='line_1_12' title="bbox 860 1113 1196 1167; baseline -0.006 0"><span class='ocrx_word' id='word_1_63' title='bbox 860 1113 1095 1167; x_wconf 76' lang='lat' dir='ltr'><strong>KANON</strong></span> <span class='ocrx_word' id='word_1_64' title='bbox 1125 1116 1196 1165; x_wconf 86' lang='grc' dir='ltr'><strong>Δ’.</strong></span> 
     </span>
    </p>
   </div>
   <div class='ocr_carea' id='block_1_13' title="bbox 339 1198 1812 1273">
    <p class='ocr_par' dir='ltr' id='par_1_13' title="bbox 339 1198 1812 1273">
     <span class='ocr_line' id='line_1_13' title="bbox 339 1198 1812 1273; baseline -0.004 -20"><span class='ocrx_word' id='word_1_65' title='bbox 339 1222 359 1253; x_wconf 70' lang='grc' dir='ltr'><strong>ι</strong></span> <span class='ocrx_word' id='word_1_66' title='bbox 402 1204 523 1265; x_wconf 83' lang='grc' dir='ltr'><strong>Τοῖς</strong></span> <span class='ocrx_word' id='word_1_67' title='bbox 540 1203 647 1273; x_wconf 88' lang='grc' dir='ltr'><strong>γάρ</strong></span> <span class='ocrx_word' id='word_1_68' title='bbox 667 1202 1001 1253; x_wconf 85' lang='grc' dir='ltr'>παντάπασιν</span> <span class='ocrx_word' id='word_1_69' title='bbox 1022 1199 1451 1267; x_wconf 79' lang='grc' dir='ltr'><strong>ἀπεγνωσμένοις</strong></span> <span class='ocrx_word' id='word_1_70' title='bbox 1468 1198 1560 1249; x_wconf 73' lang='grc' dir='ltr'><strong>καὶ</strong></span> <span class='ocrx_word' id='word_1_71' title='bbox 1577 1198 1597 1228; x_wconf 86' lang='grc'><strong><em>⁸</em></strong></span> <span class='ocrx_word' id='word_1_72' title='bbox 1614 1198 1812 1261; x_wconf 80' lang='grc' dir='ltr'>ἀμετα-</span> 
     </span>
    </p>
   </div>
   <div class='ocr_carea' id='block_1_14' title="bbox 263 1286 1810 1361">
    <p class='ocr_par' dir='ltr' id='par_1_14' title="bbox 263 1286 1810 1361">
     <span class='ocr_line' id='line_1_14' title="bbox 263 1286 1810 1361; baseline -0.005 -17"><span class='ocrx_word' id='word_1_73' title='bbox 263 1310 286 1343; x_wconf 68' lang='lat' dir='ltr'><strong>a</strong></span> <span class='ocrx_word' id='word_1_74' title='bbox 329 1294 560 1361; x_wconf 77' lang='grc' dir='ltr'>νοήτοις,</span> <span class='ocrx_word' id='word_1_75' title='bbox 584 1292 753 1361; x_wconf 83' lang='grc' dir='ltr'>δέρμα</span> <span class='ocrx_word' id='word_1_76' title='bbox 784 1308 841 1341; x_wconf 85' lang='grc' dir='ltr'><strong>τε</strong></span> <span class='ocrx_word' id='word_1_77' title='bbox 875 1288 1120 1350; x_wconf 75' lang='grc' dir='ltr'>Αἰθίοπος</span> <span class='ocrx_word' id='word_1_78' title='bbox 1145 1288 1510 1356; x_wconf 76' lang='grc' dir='ltr'>ἀμετάϐλητον</span> <span class='ocrx_word' id='word_1_79' title='bbox 1544 1286 1810 1354; x_wconf 83' lang='grc' dir='ltr'>κεκτημέ-</span> 
     </span>
    </p>
   </div>
   <div class='ocr_carea' id='block_1_15' title="bbox 264 1376 1810 1448">
    <p class='ocr_par' dir='ltr' id='par_1_15' title="bbox 264 1376 1810 1448">
     <span class='ocr_line' id='line_1_15' title="bbox 264 1376 1810 1448; baseline -0.005 -15"><span class='ocrx_word' id='word_1_80' title='bbox 264 1399 285 1432; x_wconf 73' lang='grc' dir='ltr'><strong>ι</strong></span> <span class='ocrx_word' id='word_1_81' title='bbox 325 1398 460 1446; x_wconf 86' lang='grc' dir='ltr'>νοις,</span> <span class='ocrx_word' id='word_1_82' title='bbox 482 1382 572 1432; x_wconf 77' lang='grc' dir='ltr'><strong>καὶ</strong></span> <span class='ocrx_word' id='word_1_83' title='bbox 597 1380 920 1448; x_wconf 80' lang='grc' dir='ltr'>ποικίλματα</span> <span class='ocrx_word' id='word_1_84' title='bbox 946 1378 1273 1447; x_wconf 76' lang='grc' dir='ltr'><strong>παρδάλεως,</strong></span> <span class='ocrx_word' id='word_1_85' title='bbox 1305 1376 1613 1445; x_wconf 81' lang='grc' dir='ltr'>λεχθήσεται</span> <span class='ocrx_word' id='word_1_86' title='bbox 1640 1376 1697 1427; x_wconf 84' lang='grc' dir='ltr'><strong>τὸ</strong></span> <span class='ocrx_word' id='word_1_87' title='bbox 1715 1377 1810 1443; x_wconf 87' lang='grc' dir='ltr'>τῆς</span> 
     </span>
    </p>
   </div>
   <div class='ocr_carea' id='block_1_16' title="bbox 265 1462 1810 1538">
    <p class='ocr_par' dir='ltr' id='par_1_16' title="bbox 265 1462 1810 1538">
     <span class='ocr_line' id='line_1_16' title="bbox 265 1462 1810 1538; baseline -0.003 -21"><span class='ocrx_word' id='word_1_88' title='bbox 265 1487 285 1517; x_wconf 71' lang='grc' dir='ltr'><strong>ι</strong></span> <span class='ocrx_word' id='word_1_89' title='bbox 321 1469 515 1538; x_wconf 79' lang='grc' dir='ltr'>ἐτέρας</span> <span class='ocrx_word' id='word_1_90' title='bbox 577 1468 771 1536; x_wconf 82' lang='grc' dir='ltr'><strong>συκῆς·</strong></span> <span class='ocrx_word' id='word_1_91' title='bbox 823 1464 1041 1530; x_wconf 82' lang='grc' dir='ltr'><strong>Μηκέτι</strong></span> <span class='ocrx_word' id='word_1_92' title='bbox 1083 1465 1149 1516; x_wconf 80' lang='grc' dir='ltr'>ἐκ</span> <span class='ocrx_word' id='word_1_93' title='bbox 1184 1462 1298 1515; x_wconf 86' lang='grc' dir='ltr'>σοῦ</span> <span class='ocrx_word' id='word_1_94' title='bbox 1332 1463 1554 1528; x_wconf 79' lang='grc' dir='ltr'>καρπὸς</span> <span class='ocrx_word' id='word_1_95' title='bbox 1577 1462 1810 1529; x_wconf 77' lang='grc' dir='ltr'>γένηται</span> 
     </span>
    </p>
   </div>
   <div class='ocr_carea' id='block_1_17' title="bbox 264 1550 1805 1621">
    <p class='ocr_par' dir='ltr' id='par_1_17' title="bbox 264 1550 1805 1621">
     <span class='ocr_line' id='line_1_17' title="bbox 264 1550 1805 1621; baseline -0.003 -14"><span class='ocrx_word' id='word_1_96' title='bbox 264 1577 285 1607; x_wconf 77' lang='grc' dir='ltr'><strong>ι</strong></span> <span class='ocrx_word' id='word_1_97' title='bbox 322 1560 417 1621; x_wconf 83' lang='grc' dir='ltr'>εις</span> <span class='ocrx_word' id='word_1_98' title='bbox 463 1555 566 1608; x_wconf 81' lang='grc' dir='ltr'>τὸν</span> <span class='ocrx_word' id='word_1_99' title='bbox 616 1555 828 1608; x_wconf 82' lang='grc' dir='ltr'>αὶῶνα’</span> <span class='ocrx_word' id='word_1_100' title='bbox 865 1554 943 1605; x_wconf 81' lang='grc' dir='ltr'>διὸ</span> <span class='ocrx_word' id='word_1_101' title='bbox 985 1553 1076 1605; x_wconf 69' lang='grc' dir='ltr'><strong>καὶ</strong></span> <span class='ocrx_word' id='word_1_102' title='bbox 1102 1551 1434 1621; x_wconf 81' lang='grc' dir='ltr'>παραχρῆμα</span> <span class='ocrx_word' id='word_1_103' title='bbox 1479 1550 1805 1620; x_wconf 78' lang='grc' dir='ltr'>ξηραίνεται.</span> 
     </span>
    </p>
   </div>
   <div class='ocr_carea' id='block_1_18' title="bbox 262 1637 1807 1714">
    <p class='ocr_par' dir='ltr' id='par_1_18' title="bbox 262 1637 1807 1714">
     <span class='ocr_line' id='line_1_18' title="bbox 262 1637 1807 1714; baseline -0.001 -19"><span class='ocrx_word' id='word_1_104' title='bbox 262 1662 283 1695; x_wconf 77' lang='grc' dir='ltr'><strong>ι</strong></span> <span class='ocrx_word' id='word_1_105' title='bbox 339 1644 768 1714; x_wconf 78' lang='grc' dir='ltr'>Ἀποπληροῦται</span> <span class='ocrx_word' id='word_1_106' title='bbox 824 1644 949 1711; x_wconf 77' lang='grc' dir='ltr'>γοῦν</span> <span class='ocrx_word' id='word_1_107' title='bbox 989 1644 1072 1697; x_wconf 75' lang='grc' dir='ltr'><strong>ἐπ’</strong></span> <span class='ocrx_word' id='word_1_108' title='bbox 1099 1644 1277 1702; x_wconf 75' lang='grc' dir='ltr'>αὐτοῖς</span> <span class='ocrx_word' id='word_1_109' title='bbox 1322 1642 1412 1692; x_wconf 73' lang='grc' dir='ltr'><strong>καὶ</strong></span> <span class='ocrx_word' id='word_1_110' title='bbox 1458 1642 1513 1691; x_wconf 69' lang='grc' dir='ltr'>τὶ</span> <span class='ocrx_word' id='word_1_111' title='bbox 1566 1640 1666 1691; x_wconf 78' lang='grc' dir='ltr'>ὑπὸ</span> <span class='ocrx_word' id='word_1_112' title='bbox 1718 1637 1807 1693; x_wconf 67' lang='grc' dir='ltr'>τοῦ</span> 
     </span>
    </p>
   </div>
   <div class='ocr_carea' id='block_1_19' title="bbox 263 1728 1810 1801">
    <p class='ocr_par' dir='ltr' id='par_1_19' title="bbox 263 1728 1810 1801">
     <span class='ocr_line' id='line_1_19' title="bbox 263 1728 1810 1801; baseline 0 -20"><span class='ocrx_word' id='word_1_113' title='bbox 263 1749 284 1781; x_wconf 74' lang='grc' dir='ltr'><strong>ι</strong></span> <span class='ocrx_word' id='word_1_114' title='bbox 334 1730 752 1798; x_wconf 81' lang='grc' dir='ltr'>Ἐκκλησιαποῦ</span> <span class='ocrx_word' id='word_1_115' title='bbox 784 1731 1092 1801; x_wconf 74' lang='grc' dir='ltr'><strong>εἰρημένον¹</strong></span> <span class='ocrx_word' id='word_1_116' title='bbox 1125 1729 1590 1795; x_wconf 81' lang='grc' dir='ltr'>Διεστραμμένον</span> <span class='ocrx_word' id='word_1_117' title='bbox 1619 1731 1687 1780; x_wconf 88' lang='grc' dir='ltr'>οὺ</span> <span class='ocrx_word' id='word_1_118' title='bbox 1716 1728 1810 1781; x_wconf 71' lang='grc' dir='ltr'><strong>δύο</strong></span> 
     </span>
    </p>
   </div>
   <div class='ocr_carea' id='block_1_20' title="bbox 1918 574 3455 643">
    <p class='ocr_par' dir='ltr' id='par_1_20' title="bbox 1918 574 3455 643">
     <span class='ocr_line' id='line_1_20' title="bbox 1918 574 3455 643; baseline 0.001 -16"><span class='ocrx_word' id='word_1_119' title='bbox 1918 590 2025 643; x_wconf 73' lang='lat' dir='ltr'><strong>pra:</strong></span> <span class='ocrx_word' id='word_1_120' title='bbox 2056 576 2229 629; x_wconf 88' lang='lat' dir='ltr'><strong>oculis</strong></span> <span class='ocrx_word' id='word_1_121' title='bbox 2262 575 2540 637; x_wconf 87' lang='lat' dir='ltr'><strong>habentes,</strong></span> <span class='ocrx_word' id='word_1_122' title='bbox 2574 574 2792 642; x_wconf 78' lang='lat' dir='ltr'><strong>dignum</strong></span> <span class='ocrx_word' id='word_1_123' title='bbox 2846 576 3173 643; x_wconf 65' lang='lat' dir='ltr'><strong>paenitentia:</strong></span> <span class='ocrx_word' id='word_1_124' title='bbox 3220 575 3455 629; x_wconf 81' lang='lat' dir='ltr'><strong>laborem</strong></span> 
     </span>
    </p>
   </div>
   <div class='ocr_carea' id='block_1_21' title="bbox 1914 657 3455 725">
    <p class='ocr_par' dir='ltr' id='par_1_21' title="bbox 1914 657 3455 725">
     <span class='ocr_line' id='line_1_21' title="bbox 1914 657 3455 725; baseline 0.003 -17"><span class='ocrx_word' id='word_1_125' title='bbox 1914 657 2104 725; x_wconf 68' lang='lat' dir='ltr'><strong>aequali</strong></span> <span class='ocrx_word' id='word_1_126' title='bbox 2138 666 2373 725; x_wconf 90' lang='lat' dir='ltr'><strong>tempore</strong></span> <span class='ocrx_word' id='word_1_127' title='bbox 2411 657 2745 719; x_wconf 74' lang='lat' dir='ltr'><strong>exhibentes,</strong></span> <span class='ocrx_word' id='word_1_128' title='bbox 2771 658 3121 725; x_wconf 87' lang='lat' dir='ltr'><strong>juvabuntur,</strong></span> <span class='ocrx_word' id='word_1_129' title='bbox 3155 659 3256 712; x_wconf 89' lang='lat' dir='ltr'><strong>hoc</strong></span> <span class='ocrx_word' id='word_1_130' title='bbox 3284 667 3365 713; x_wconf 89' lang='lat' dir='ltr'><strong>est</strong></span> <span class='ocrx_word' id='word_1_131' title='bbox 3388 664 3455 713; x_wconf 90' lang='lat' dir='ltr'><strong>ad</strong></span> 
     </span>
    </p>
   </div>
   <div class='ocr_carea' id='block_1_22' title="bbox 1915 749 3456 816">
    <p class='ocr_par' dir='ltr' id='par_1_22' title="bbox 1915 749 3456 816">
     <span class='ocr_line' id='line_1_22' title="bbox 1915 749 3456 816; baseline 0.003 -19"><span class='ocrx_word' id='word_1_132' title='bbox 1915 756 2159 815; x_wconf 88' lang='lat' dir='ltr'><strong>quartum</strong></span> <span class='ocrx_word' id='word_1_133' title='bbox 2178 762 2363 815; x_wconf 70' lang='lat' dir='ltr'><strong>usque</strong></span> <span class='ocrx_word' id='word_1_134' title='bbox 2391 761 2611 799; x_wconf 87' lang='lat' dir='ltr'><strong>annum.</strong></span> <span class='ocrx_word' id='word_1_135' title='bbox 2642 749 2898 800; x_wconf 90' lang='lat' dir='ltr'><strong>Dominus</strong></span> <span class='ocrx_word' id='word_1_136' title='bbox 2926 764 3176 816; x_wconf 82' lang='lat' dir='ltr'><strong>namque,</strong></span> <span class='ocrx_word' id='word_1_137' title='bbox 3207 749 3329 802; x_wconf 75' lang='lat' dir='ltr'><strong>Tres</strong></span> <span class='ocrx_word' id='word_1_138' title='bbox 3360 766 3456 801; x_wconf 85' lang='lat' dir='ltr'><strong>an-</strong></span> 
     </span>
    </p>
   </div>
   <div class='ocr_carea' id='block_1_23' title="bbox 1914 836 3456 903">
    <p class='ocr_par' dir='ltr' id='par_1_23' title="bbox 1914 836 3456 903">
     <span class='ocr_line' id='line_1_23' title="bbox 1914 836 3456 903; baseline 0.004 -16"><span class='ocrx_word' id='word_1_139' title='bbox 1914 852 2029 897; x_wconf 81' lang='lat' dir='ltr'><strong>nos,</strong></span> <span class='ocrx_word' id='word_1_140' title='bbox 2072 836 2265 903; x_wconf 77' lang='lat' dir='ltr'><strong>inquit,</strong></span> <span class='ocrx_word' id='word_1_141' title='bbox 2312 837 2453 887; x_wconf 83' lang='lat' dir='ltr'><strong>venio</strong></span> <span class='ocrx_word' id='word_1_142' title='bbox 2484 836 2550 886; x_wconf 87' lang='lat' dir='ltr'><strong>ad</strong></span> <span class='ocrx_word' id='word_1_143' title='bbox 2582 838 2768 902; x_wconf 83' lang='lat' dir='ltr'><strong>ipsam,</strong></span> <span class='ocrx_word' id='word_1_144' title='bbox 2813 853 3043 903; x_wconf 72' lang='lat' dir='ltr'><strong>quazrens</strong></span> <span class='ocrx_word' id='word_1_145' title='bbox 3075 839 3332 903; x_wconf 82' lang='lat' dir='ltr'><strong>fructum,</strong></span> <span class='ocrx_word' id='word_1_146' title='bbox 3363 856 3456 893; x_wconf 79' lang='lat' dir='ltr'><strong>nec</strong></span> 
     </span>
    </p>
   </div>
   <div class='ocr_carea' id='block_1_24' title="bbox 1912 924 3452 992">
    <p class='ocr_par' dir='ltr' id='par_1_24' title="bbox 1912 924 3452 992">
     <span class='ocr_line' id='line_1_24' title="bbox 1912 924 3452 992; baseline 0.003 -15"><span class='ocrx_word' id='word_1_147' title='bbox 1912 925 2131 977; x_wconf 75' lang='lat' dir='ltr'><strong>invenio.</strong></span> <span class='ocrx_word' id='word_1_148' title='bbox 2160 924 2407 992; x_wconf 75' lang='lat' dir='ltr'><strong>Agricola</strong></span> <span class='ocrx_word' id='word_1_149' title='bbox 2436 941 2582 986; x_wconf 86' lang='lat' dir='ltr'><strong>vero,</strong></span> <span class='ocrx_word' id='word_1_150' title='bbox 2617 925 2852 988; x_wconf 85' lang='lat' dir='ltr'><strong>Dimitte,</strong></span> <span class='ocrx_word' id='word_1_151' title='bbox 2886 926 2977 985; x_wconf 88' lang='lat' dir='ltr'><strong>ait.</strong></span> <span class='ocrx_word' id='word_1_152' title='bbox 3025 928 3194 990; x_wconf 80' lang='lat' dir='ltr'><strong>illam,</strong></span> <span class='ocrx_word' id='word_1_153' title='bbox 3224 926 3452 992; x_wconf 85' lang='lat' dir='ltr'><strong>domine,</strong></span> 
     </span>
    </p>
   </div>
   <div class='ocr_carea' id='block_1_25' title="bbox 1911 1016 2265 1065">
    <p class='ocr_par' dir='ltr' id='par_1_25' title="bbox 1911 1016 2265 1065">
     <span class='ocr_line' id='line_1_25' title="bbox 1911 1016 2265 1065; baseline -0.003 0"><span class='ocrx_word' id='word_1_154' title='bbox 1911 1024 1958 1065; x_wconf 83' lang='lat' dir='ltr'><strong>et</strong></span> <span class='ocrx_word' id='word_1_155' title='bbox 1987 1016 2081 1065; x_wconf 85' lang='lat' dir='ltr'><strong>hoc</strong></span> <span class='ocrx_word' id='word_1_156' title='bbox 2112 1030 2265 1065; x_wconf 80' lang='lat' dir='ltr'><strong>anno.</strong></span> 
     </span>
    </p>
   </div>
   <div class='ocr_carea' id='block_1_26' title="bbox 2502 1101 2855 1155">
    <p class='ocr_par' dir='ltr' id='par_1_26' title="bbox 2502 1101 2855 1155">
     <span class='ocr_line' id='line_1_26' title="bbox 2502 1101 2855 1155; baseline 0 0"><span class='ocrx_word' id='word_1_157' title='bbox 2502 1101 2725 1155; x_wconf 75' lang='lat' dir='ltr'><strong>CANON</strong></span> <span class='ocrx_word' id='word_1_158' title='bbox 2764 1102 2829 1154; x_wconf 77' lang='lat' dir='ltr'><strong>IV</strong></span> <span class='ocrx_word' id='word_1_159' title='bbox 2842 1145 2855 1155; x_wconf 91' lang='lat'><strong><em>.</em></strong></span> 
     </span>
    </p>
   </div>
   <div class='ocr_carea' id='block_1_27' title="bbox 1986 1210 3450 1284">
    <p class='ocr_par' dir='ltr' id='par_1_27' title="bbox 1986 1210 3450 1284">
     <span class='ocr_line' id='line_1_27' title="bbox 1986 1210 3450 1284; baseline 0.005 -22"><span class='ocrx_word' id='word_1_160' title='bbox 1986 1228 2003 1261; x_wconf 81' lang='grc' dir='ltr'><strong>ι</strong></span> <span class='ocrx_word' id='word_1_161' title='bbox 2054 1211 2123 1263; x_wconf 87' lang='lat' dir='ltr'><strong>lis</strong></span> <span class='ocrx_word' id='word_1_162' title='bbox 2154 1210 2297 1263; x_wconf 91' lang='lat' dir='ltr'><strong>enim</strong></span> <span class='ocrx_word' id='word_1_163' title='bbox 2324 1212 2415 1279; x_wconf 88' lang='lat' dir='ltr'><strong>qui</strong></span> <span class='ocrx_word' id='word_1_164' title='bbox 2457 1221 2582 1265; x_wconf 90' lang='lat' dir='ltr'><strong>sunt</strong></span> <span class='ocrx_word' id='word_1_165' title='bbox 2626 1213 2845 1265; x_wconf 84' lang='lat' dir='ltr'><strong>omnino</strong></span> <span class='ocrx_word' id='word_1_166' title='bbox 2873 1214 3161 1281; x_wconf 78' lang='lat' dir='ltr'><strong>desperati,</strong></span> <span class='ocrx_word' id='word_1_167' title='bbox 3194 1224 3245 1268; x_wconf 90' lang='lat' dir='ltr'><strong>et</strong></span> <span class='ocrx_word' id='word_1_168' title='bbox 3276 1215 3450 1284; x_wconf 74' lang='lat' dir='ltr'><strong>paeni-</strong></span> 
     </span>
    </p>
   </div>
   <div class='ocr_carea' id='block_1_28' title="bbox 1915 1300 3452 1370">
    <p class='ocr_par' dir='ltr' id='par_1_28' title="bbox 1915 1300 3452 1370">
     <span class='ocr_line' id='line_1_28' title="bbox 1915 1300 3452 1370; baseline 0.007 -21"><span class='ocrx_word' id='word_1_169' title='bbox 1915 1317 1932 1349; x_wconf 83' lang='grc' dir='ltr'><strong>ι</strong></span> <span class='ocrx_word' id='word_1_170' title='bbox 1981 1300 2199 1350; x_wconf 89' lang='lat' dir='ltr'><strong>tentiam</strong></span> <span class='ocrx_word' id='word_1_171' title='bbox 2234 1315 2339 1351; x_wconf 92' lang='lat' dir='ltr'><strong>non</strong></span> <span class='ocrx_word' id='word_1_172' title='bbox 2367 1308 2549 1367; x_wconf 78' lang='lat' dir='ltr'><strong>agunt,</strong></span> <span class='ocrx_word' id='word_1_173' title='bbox 2579 1308 2627 1353; x_wconf 85' lang='lat' dir='ltr'><strong>et</strong></span> <span class='ocrx_word' id='word_1_174' title='bbox 2662 1302 2851 1367; x_wconf 84' lang='lat' dir='ltr'>pellem</span> <span class='ocrx_word' id='word_1_175' title='bbox 2898 1301 3164 1370; x_wconf 66' lang='lat' dir='ltr'><strong>Etliiopis</strong></span> <span class='ocrx_word' id='word_1_176' title='bbox 3201 1304 3452 1358; x_wconf 86' lang='lat' dir='ltr'><strong>immuta-</strong></span> 
     </span>
    </p>
   </div>
   <div class='ocr_carea' id='block_1_29' title="bbox 1916 1388 3450 1463">
    <p class='ocr_par' dir='ltr' id='par_1_29' title="bbox 1916 1388 3450 1463">
     <span class='ocr_line' id='line_1_29' title="bbox 1916 1388 3450 1463; baseline 0.008 -27"><span class='ocrx_word' id='word_1_177' title='bbox 1916 1406 1933 1436; x_wconf 75' lang='grc' dir='ltr'><strong>ι</strong></span> <span class='ocrx_word' id='word_1_178' title='bbox 1980 1388 2135 1441; x_wconf 86' lang='lat' dir='ltr'><strong>bilem</strong></span> <span class='ocrx_word' id='word_1_179' title='bbox 2176 1390 2449 1455; x_wconf 88' lang='lat' dir='ltr'><strong>possident</strong></span> <span class='ocrx_word' id='word_1_180' title='bbox 2474 1399 2526 1443; x_wconf 93' lang='lat' dir='ltr'><strong>et</strong></span> <span class='ocrx_word' id='word_1_181' title='bbox 2552 1392 2698 1458; x_wconf 77' lang='lat' dir='ltr'><strong>pardi</strong></span> <span class='ocrx_word' id='word_1_182' title='bbox 2727 1392 3037 1455; x_wconf 79' lang='lat' dir='ltr'><strong>varietates,</strong></span> <span class='ocrx_word' id='word_1_183' title='bbox 3061 1393 3290 1457; x_wconf 86' lang='lat' dir='ltr'><strong>dicetur,</strong></span> <span class='ocrx_word' id='word_1_184' title='bbox 3308 1395 3450 1463; x_wconf 88' lang='lat' dir='ltr'><strong>quod</strong></span> 
     </span>
    </p>
   </div>
   <div class='ocr_carea' id='block_1_30' title="bbox 1914 1477 3451 1552">
    <p class='ocr_par' dir='ltr' id='par_1_30' title="bbox 1914 1477 3451 1552">
     <span class='ocr_line' id='line_1_30' title="bbox 1914 1477 3451 1552; baseline 0.007 -26"><span class='ocrx_word' id='word_1_185' title='bbox 1914 1494 1931 1525; x_wconf 81' lang='grc' dir='ltr'><strong>ι</strong></span> <span class='ocrx_word' id='word_1_186' title='bbox 1979 1477 2065 1528; x_wconf 86' lang='lat' dir='ltr'><strong>alii</strong></span> <span class='ocrx_word' id='word_1_187' title='bbox 2100 1479 2221 1529; x_wconf 83' lang='lat' dir='ltr'><strong>[icui</strong></span> <span class='ocrx_word' id='word_1_188' title='bbox 2255 1478 2453 1531; x_wconf 90' lang='lat' dir='ltr'><strong>dictum</strong></span> <span class='ocrx_word' id='word_1_189' title='bbox 2486 1488 2613 1533; x_wconf 85' lang='lat' dir='ltr'><strong>est:</strong></span> <span class='ocrx_word' id='word_1_190' title='bbox 2664 1480 3003 1550; x_wconf 83' lang='lat' dir='ltr'><strong>Nequaquam</strong></span> <span class='ocrx_word' id='word_1_191' title='bbox 3052 1499 3115 1536; x_wconf 82' lang='lat' dir='ltr'><strong>ea:</strong></span> <span class='ocrx_word' id='word_1_192' title='bbox 3163 1494 3209 1536; x_wconf 86' lang='lat' dir='ltr'><strong>te</strong></span> <span class='ocrx_word' id='word_1_193' title='bbox 3250 1486 3451 1552; x_wconf 77' lang='lat' dir='ltr'><strong>{ructus</strong></span> 
     </span>
    </p>
   </div>
   <div class='ocr_carea' id='block_1_31' title="bbox 1915 1566 3452 1637">
    <p class='ocr_par' dir='ltr' id='par_1_31' title="bbox 1915 1566 3452 1637">
     <span class='ocr_line' id='line_1_31' title="bbox 1915 1566 3452 1637; baseline 0.007 -24"><span class='ocrx_word' id='word_1_194' title='bbox 1915 1583 1931 1613; x_wconf 81' lang='grc' dir='ltr'><strong>ι</strong></span> <span class='ocrx_word' id='word_1_195' title='bbox 1978 1566 2071 1631; x_wconf 83' lang='lat' dir='ltr'><strong>ﬁat</strong></span> <span class='ocrx_word' id='word_1_196' title='bbox 2108 1568 2157 1616; x_wconf 82' lang='lat' dir='ltr'><strong>in</strong></span> <span class='ocrx_word' id='word_1_197' title='bbox 2190 1576 2437 1618; x_wconf 71' lang='lat' dir='ltr'><strong>wternum</strong></span> <span class='ocrx_word' id='word_1_198' title='bbox 2465 1580 2513 1625; x_wconf 77' lang='grc' dir='ltr'>ει.</span> <span class='ocrx_word' id='word_1_199' title='bbox 2545 1575 2599 1620; x_wconf 84' lang='lat' dir='ltr'><strong>et</strong></span> <span class='ocrx_word' id='word_1_200' title='bbox 2626 1569 2743 1621; x_wconf 87' lang='lat' dir='ltr'><strong>ideo</strong></span> <span class='ocrx_word' id='word_1_201' title='bbox 2790 1569 2971 1621; x_wconf 87' lang='lat' dir='ltr'><strong>statim</strong></span> <span class='ocrx_word' id='word_1_202' title='bbox 3004 1585 3216 1637; x_wconf 89' lang='lat' dir='ltr'><strong>quoque</strong></span> <span class='ocrx_word' id='word_1_203' title='bbox 3265 1586 3452 1624; x_wconf 79' lang='lat' dir='ltr'><strong>exare-</strong></span> 
     </span>
    </p>
   </div>
   <div class='ocr_carea' id='block_1_32' title="bbox 1914 1652 3451 1725">
    <p class='ocr_par' dir='ltr' id='par_1_32' title="bbox 1914 1652 3451 1725">
     <span class='ocr_line' id='line_1_32' title="bbox 1914 1652 3451 1725; baseline 0.01 -25"><span class='ocrx_word' id='word_1_204' title='bbox 1914 1670 1931 1700; x_wconf 78' lang='grc' dir='ltr'><strong>ι</strong></span> <span class='ocrx_word' id='word_1_205' title='bbox 1982 1654 2103 1706; x_wconf 88' lang='lat' dir='ltr'><strong>scit.</strong></span> <span class='ocrx_word' id='word_1_206' title='bbox 2152 1652 2206 1705; x_wconf 83' lang='lat' dir='ltr'><strong>In</strong></span> <span class='ocrx_word' id='word_1_207' title='bbox 2259 1655 2323 1708; x_wconf 90' lang='lat' dir='ltr'><strong>iis</strong></span> <span class='ocrx_word' id='word_1_208' title='bbox 2377 1656 2519 1707; x_wconf 89' lang='lat' dir='ltr'><strong>enim</strong></span> <span class='ocrx_word' id='word_1_209' title='bbox 2577 1658 2825 1725; x_wconf 90' lang='lat' dir='ltr'><strong>impletur</strong></span> <span class='ocrx_word' id='word_1_210' title='bbox 2850 1660 2993 1725; x_wconf 90' lang='lat' dir='ltr'><strong>quod</strong></span> <span class='ocrx_word' id='word_1_211' title='bbox 3026 1661 3092 1713; x_wconf 81' lang='lat' dir='ltr'><strong>ab</strong></span> <span class='ocrx_word' id='word_1_212' title='bbox 3127 1659 3451 1715; x_wconf 68' lang='lat' dir='ltr'><strong>Ecclesiaste</strong></span> 
     </span>
    </p>
   </div>
   <div class='ocr_carea' id='block_1_33' title="bbox 1915 1741 3445 1813">
    <p class='ocr_par' dir='ltr' id='par_1_33' title="bbox 1915 1741 3445 1813">
     <span class='ocr_line' id='line_1_33' title="bbox 1915 1741 3445 1813; baseline 0.006 -23"><span class='ocrx_word' id='word_1_213' title='bbox 1915 1758 1933 1790; x_wconf 82' lang='grc' dir='ltr'><strong>ι</strong></span> <span class='ocrx_word' id='word_1_214' title='bbox 1979 1741 2178 1794; x_wconf 85' lang='lat' dir='ltr'><strong>dictum</strong></span> <span class='ocrx_word' id='word_1_215' title='bbox 2214 1751 2295 1795; x_wconf 86' lang='lat' dir='ltr'><strong>est</strong></span> <span class='ocrx_word' id='word_1_216' title='bbox 2331 1763 2341 1795; x_wconf 91' lang='lat'>:</span> <span class='ocrx_word' id='word_1_217' title='bbox 2374 1743 2520 1807; x_wconf 85' lang='lat' dir='ltr'><strong>Quod</strong></span> <span class='ocrx_word' id='word_1_218' title='bbox 2548 1760 2834 1811; x_wconf 82' lang='lat' dir='ltr'><strong>perversum</strong></span> <span class='ocrx_word' id='word_1_219' title='bbox 2863 1759 2959 1809; x_wconf 86' lang='lat' dir='ltr'><strong>est,</strong></span> <span class='ocrx_word' id='word_1_220' title='bbox 2994 1764 3107 1799; x_wconf 84' lang='lat' dir='ltr'><strong>.non</strong></span> <span class='ocrx_word' id='word_1_221' title='bbox 3137 1750 3322 1813; x_wconf 84' lang='lat' dir='ltr'><strong>poterit</strong></span> <span class='ocrx_word' id='word_1_222' title='bbox 3359 1765 3445 1801; x_wconf 72' lang='lat'><strong>2.1:-</strong></span> 
     </span>
    </p>
   </div>
   <div class='ocr_carea' id='block_1_34' title="bbox 261 1804 1803 1903">
    <p class='ocr_par' dir='ltr' id='par_1_34' title="bbox 261 1818 1803 1887">
     <span class='ocr_line' id='line_1_34' title="bbox 261 1818 1803 1887; baseline 0.001 -18"><span class='ocrx_word' id='word_1_223' title='bbox 261 1838 282 1870; x_wconf 80' lang='grc' dir='ltr'><strong>ι</strong></span> <span class='ocrx_word' id='word_1_224' title='bbox 322 1834 496 1871; x_wconf 66' lang='lat' dir='ltr'><strong>ratas</strong></span> <span class='ocrx_word' id='word_1_225' title='bbox 523 1819 1050 1887; x_wconf 62' lang='grc' dir='ltr'>δ’ἐπικοσμηθῆναι,</span> <span class='ocrx_word' id='word_1_226' title='bbox 1076 1820 1171 1874; x_wconf 78' lang='grc' dir='ltr'>καὶ</span> <span class='ocrx_word' id='word_1_227' title='bbox 1212 1818 1513 1885; x_wconf 78' lang='grc' dir='ltr'>ὑστέρημα</span> <span class='ocrx_word' id='word_1_228' title='bbox 1545 1822 1613 1871; x_wconf 86' lang='grc' dir='ltr'>οὺ</span> <span class='ocrx_word' id='word_1_229' title='bbox 1638 1818 1803 1883; x_wconf 76' lang='grc' dir='ltr'>δυνή-</span> 
     </span>
    </p>
   </div>
   <div class='ocr_carea' id='block_1_35' title="bbox 1907 1804 3448 1903">
    <p class='ocr_par' dir='ltr' id='par_1_35' title="bbox 1916 1832 3448 1903">
     <span class='ocr_line' id='line_1_35' title="bbox 1916 1832 3448 1903; baseline 0.008 -27"><span class='ocrx_word' id='word_1_230' title='bbox 1916 1846 1933 1876; x_wconf 78' lang='grc' dir='ltr'><strong>ι</strong></span> <span class='ocrx_word' id='word_1_231' title='bbox 1982 1832 2181 1895; x_wconf 81' lang='lat' dir='ltr'><strong>ornari,</strong></span> <span class='ocrx_word' id='word_1_232' title='bbox 2229 1840 2275 1883; x_wconf 90' lang='lat' dir='ltr'><strong>et</strong></span> <span class='ocrx_word' id='word_1_233' title='bbox 2329 1833 2554 1898; x_wconf 78' lang='lat' dir='ltr'><strong>defectus</strong></span> <span class='ocrx_word' id='word_1_234' title='bbox 2582 1836 2846 1886; x_wconf 83' lang='lat' dir='ltr'><strong>numerari</strong></span> <span class='ocrx_word' id='word_1_235' title='bbox 2898 1852 2999 1887; x_wconf 82' lang='lat' dir='ltr'><strong>non</strong></span> <span class='ocrx_word' id='word_1_236' title='bbox 3032 1837 3218 1903; x_wconf 87' lang='lat' dir='ltr'><strong>poterit</strong></span> <span class='ocrx_word' id='word_1_237' title='bbox 3252 1839 3299 1888; x_wconf 73' lang='grc' dir='ltr'><strong>ι’.</strong></span> <span class='ocrx_word' id='word_1_238' title='bbox 3333 1835 3448 1890; x_wconf 82' lang='lat' dir='ltr'><strong>Nisi</strong></span> 
     </span>
    </p>
   </div>
   <div class='ocr_carea' id='block_1_36' title="bbox 259 1905 1809 1977">
    <p class='ocr_par' dir='ltr' id='par_1_36' title="bbox 259 1905 1809 1977">
     <span class='ocr_line' id='line_1_36' title="bbox 259 1905 1809 1977; baseline -0.001 -20"><span class='ocrx_word' id='word_1_239' title='bbox 259 1922 283 1957; x_wconf 85' lang='grc'><strong><em>‹</em></strong></span> <span class='ocrx_word' id='word_1_240' title='bbox 332 1921 503 1958; x_wconf 82' lang='grc' dir='ltr'>σεται</span> <span class='ocrx_word' id='word_1_241' title='bbox 540 1906 943 1973; x_wconf 78' lang='grc' dir='ltr'>ἀριθμηθῆναι.</span> <span class='ocrx_word' id='word_1_242' title='bbox 980 1908 1040 1958; x_wconf 81' lang='lat' dir='ltr'><strong>Et</strong></span> <span class='ocrx_word' id='word_1_243' title='bbox 1089 1906 1161 1975; x_wconf 82' lang='grc' dir='ltr'><strong>μὴ</strong></span> <span class='ocrx_word' id='word_1_244' title='bbox 1204 1907 1308 1975; x_wconf 85' lang='grc' dir='ltr'><strong>γάρ</strong></span> <span class='ocrx_word' id='word_1_245' title='bbox 1348 1907 1606 1977; x_wconf 84' lang='grc' dir='ltr'>πρότερον</span> <span class='ocrx_word' id='word_1_246' title='bbox 1646 1905 1703 1956; x_wconf 87' lang='grc' dir='ltr'><strong>τὸ</strong></span> <span class='ocrx_word' id='word_1_247' title='bbox 1735 1906 1809 1956; x_wconf 89' lang='grc' dir='ltr'>δι-</span> 
     </span>
    </p>
   </div>
   <div class='ocr_carea' id='block_1_37' title="bbox 258 1994 1807 2065">
    <p class='ocr_par' dir='ltr' id='par_1_37' title="bbox 258 1994 1807 2065">
     <span class='ocr_line' id='line_1_37' title="bbox 258 1994 1807 2065; baseline 0.003 -23"><span class='ocrx_word' id='word_1_248' title='bbox 258 2009 281 2042; x_wconf 84' lang='grc'><em>‹</em></span> <span class='ocrx_word' id='word_1_249' title='bbox 323 1994 692 2061; x_wconf 85' lang='grc' dir='ltr'>εστραμμένον</span> <span class='ocrx_word' id='word_1_250' title='bbox 720 1994 999 2065; x_wconf 80' lang='grc' dir='ltr'>διοροωθῇ,</span> <span class='ocrx_word' id='word_1_251' title='bbox 1028 1994 1275 2046; x_wconf 79' lang='grc' dir='ltr'>ἀδύνατόν</span> <span class='ocrx_word' id='word_1_252' title='bbox 1310 1995 1425 2046; x_wconf 76' lang='grc' dir='ltr'>ἐστι</span> <span class='ocrx_word' id='word_1_253' title='bbox 1466 1995 1595 2046; x_wconf 82' lang='grc' dir='ltr'>αὐτὸ</span> <span class='ocrx_word' id='word_1_254' title='bbox 1625 1997 1807 2046; x_wconf 81' lang='grc' dir='ltr'>ἐπικο-</span> 
     </span>
    </p>
   </div>
   <div class='ocr_carea' id='block_1_38' title="bbox 258 2081 1808 2154">
    <p class='ocr_par' dir='ltr' id='par_1_38' title="bbox 258 2081 1808 2154">
     <span class='ocr_line' id='line_1_38' title="bbox 258 2081 1808 2154; baseline 0.006 -26"><span class='ocrx_word' id='word_1_255' title='bbox 258 2095 279 2128; x_wconf 75' lang='lat' dir='ltr'><strong>s</strong></span> <span class='ocrx_word' id='word_1_256' title='bbox 321 2081 627 2149; x_wconf 68' lang='grc' dir='ltr'>σμηοῆναιο</span> <span class='ocrx_word' id='word_1_257' title='bbox 672 2084 762 2134; x_wconf 74' lang='grc' dir='ltr'><strong>καὶ</strong></span> <span class='ocrx_word' id='word_1_258' title='bbox 790 2086 836 2134; x_wconf 90' lang='grc' dir='ltr'><strong>εί</strong></span> <span class='ocrx_word' id='word_1_259' title='bbox 874 2083 945 2152; x_wconf 80' lang='grc' dir='ltr'>μὴ</span> <span class='ocrx_word' id='word_1_260' title='bbox 995 2084 1252 2152; x_wconf 81' lang='grc' dir='ltr'>πρότερον</span> <span class='ocrx_word' id='word_1_261' title='bbox 1284 2084 1343 2134; x_wconf 77' lang='grc' dir='ltr'>τὸ</span> <span class='ocrx_word' id='word_1_262' title='bbox 1375 2083 1649 2154; x_wconf 83' lang='grc' dir='ltr'>ὑστέρημα</span> <span class='ocrx_word' id='word_1_263' title='bbox 1681 2087 1808 2137; x_wconf 86' lang='grc' dir='ltr'>ἀνα-</span> 
     </span>
    </p>
   </div>
   <div class='ocr_carea' id='block_1_39' title="bbox 259 2168 1805 2241">
    <p class='ocr_par' dir='ltr' id='par_1_39' title="bbox 259 2168 1805 2241">
     <span class='ocr_line' id='line_1_39' title="bbox 259 2168 1805 2241; baseline 0.003 -22"><span class='ocrx_word' id='word_1_264' title='bbox 259 2184 281 2214; x_wconf 63' lang='lat' dir='ltr'><strong>s</strong></span> <span class='ocrx_word' id='word_1_265' title='bbox 322 2168 604 2238; x_wconf 75' lang='grc' dir='ltr'>πληρωθῇ,</span> <span class='ocrx_word' id='word_1_266' title='bbox 628 2170 883 2223; x_wconf 75' lang='grc' dir='ltr'>ἀδύνατόν</span> <span class='ocrx_word' id='word_1_267' title='bbox 910 2173 1051 2223; x_wconf 75' lang='grc' dir='ltr'>ἐστιν</span> <span class='ocrx_word' id='word_1_268' title='bbox 1084 2171 1209 2222; x_wconf 81' lang='grc' dir='ltr'>αὐτὸ</span> <span class='ocrx_word' id='word_1_269' title='bbox 1243 2172 1621 2241; x_wconf 79' lang='grc' dir='ltr'>ἀριθμηθῆναι.</span> <span class='ocrx_word' id='word_1_270' title='bbox 1649 2174 1805 2224; x_wconf 84' lang='grc' dir='ltr'>Ὅθεν</span> 
     </span>
    </p>
   </div>
   <div class='ocr_carea' id='block_1_40' title="bbox 259 2257 1803 2329">
    <p class='ocr_par' dir='ltr' id='par_1_40' title="bbox 259 2257 1803 2329">
     <span class='ocr_line' id='line_1_40' title="bbox 259 2257 1803 2329; baseline 0.006 -25"><span class='ocrx_word' id='word_1_271' title='bbox 259 2273 280 2303; x_wconf 76' lang='grc' dir='ltr'><strong>ι</strong></span> <span class='ocrx_word' id='word_1_272' title='bbox 319 2257 416 2307; x_wconf 72' lang='grc' dir='ltr'><strong>καὶ</strong></span> <span class='ocrx_word' id='word_1_273' title='bbox 444 2258 533 2309; x_wconf 73' lang='grc' dir='ltr'>ἐπὶ</span> <span class='ocrx_word' id='word_1_274' title='bbox 575 2258 757 2320; x_wconf 83' lang='grc' dir='ltr'>τέλους</span> <span class='ocrx_word' id='word_1_275' title='bbox 803 2258 1133 2327; x_wconf 78' lang='grc' dir='ltr'>συμϐήσεται</span> <span class='ocrx_word' id='word_1_276' title='bbox 1182 2261 1359 2320; x_wconf 82' lang='grc' dir='ltr'>αὐτοῖς</span> <span class='ocrx_word' id='word_1_277' title='bbox 1387 2260 1446 2311; x_wconf 83' lang='grc' dir='ltr'>τὸ</span> <span class='ocrx_word' id='word_1_278' title='bbox 1477 2260 1756 2329; x_wconf 83' lang='grc' dir='ltr'>λεγόμενον</span> <span class='ocrx_word' id='word_1_279' title='bbox 1785 2263 1803 2292; x_wconf 85' lang='grc'><strong>⁷</strong></span> 
     </span>
    </p>
   </div>
   <div class='ocr_carea' id='block_1_41' title="bbox 258 2342 1800 2417">
    <p class='ocr_par' dir='ltr' id='par_1_41' title="bbox 258 2342 1800 2417">
     <span class='ocr_line' id='line_1_41' title="bbox 258 2342 1800 2417; baseline 0.003 -23"><span class='ocrx_word' id='word_1_280' title='bbox 258 2362 281 2395; x_wconf 74' lang='grc' dir='ltr'><strong>ι</strong></span> <span class='ocrx_word' id='word_1_281' title='bbox 321 2345 429 2395; x_wconf 69' lang='grc' dir='ltr'>ὑπὸ</span> <span class='ocrx_word' id='word_1_282' title='bbox 458 2342 547 2398; x_wconf 67' lang='grc' dir='ltr'>τοῦ</span> <span class='ocrx_word' id='word_1_283' title='bbox 600 2348 869 2417; x_wconf 78' lang='grc' dir='ltr'>προφήτου</span> <span class='ocrx_word' id='word_1_284' title='bbox 929 2348 1171 2399; x_wconf 77' lang='grc' dir='ltr'>Ἡσαΐου·</span> <span class='ocrx_word' id='word_1_285' title='bbox 1221 2349 1327 2400; x_wconf 78' lang='lat' dir='ltr'><strong>Kat</strong></span> <span class='ocrx_word' id='word_1_286' title='bbox 1365 2348 1607 2414; x_wconf 68' lang='grc' dir='ltr'>ὄψονται</span> <span class='ocrx_word' id='word_1_287' title='bbox 1630 2347 1736 2410; x_wconf 79' lang='grc' dir='ltr'>γὰρ</span> <span class='ocrx_word' id='word_1_288' title='bbox 1761 2353 1800 2413; x_wconf 76' lang='grc'>⁸,</span> 
     </span>
    </p>
   </div>
   <div class='ocr_carea' id='block_1_42' title="bbox 258 2435 1805 2505">
    <p class='ocr_par' dir='ltr' id='par_1_42' title="bbox 258 2435 1805 2505">
     <span class='ocr_line' id='line_1_42' title="bbox 258 2435 1805 2505; baseline 0.006 -23"><span class='ocrx_word' id='word_1_289' title='bbox 258 2451 280 2482; x_wconf 70' lang='grc' dir='ltr'><em>ς</em></span> <span class='ocrx_word' id='word_1_290' title='bbox 324 2435 478 2499; x_wconf 68' lang='grc' dir='ltr'>φησὶ,</span> <span class='ocrx_word' id='word_1_291' title='bbox 502 2435 568 2486; x_wconf 86' lang='grc' dir='ltr'>τὰ</span> <span class='ocrx_word' id='word_1_292' title='bbox 601 2435 760 2487; x_wconf 70' lang='grc' dir='ltr'>κῶλα</span> <span class='ocrx_word' id='word_1_293' title='bbox 801 2436 915 2488; x_wconf 82' lang='grc' dir='ltr'><strong>τῶν</strong></span> <span class='ocrx_word' id='word_1_294' title='bbox 946 2436 1263 2503; x_wconf 77' lang='grc' dir='ltr'>ἀνθρώπαν</span> <span class='ocrx_word' id='word_1_295' title='bbox 1284 2435 1398 2489; x_wconf 85' lang='grc' dir='ltr'>τῶν</span> <span class='ocrx_word' id='word_1_296' title='bbox 1416 2437 1805 2505; x_wconf 69' lang='grc' dir='ltr'>παραϐεϐηκό-</span> 
     </span>
    </p>
   </div>
   <div class='ocr_carea' id='block_1_43' title="bbox 258 2524 1803 2596">
    <p class='ocr_par' dir='ltr' id='par_1_43' title="bbox 258 2524 1803 2596">
     <span class='ocr_line' id='line_1_43' title="bbox 258 2524 1803 2596; baseline 0.009 -26"><span class='ocrx_word' id='word_1_297' title='bbox 258 2539 277 2569; x_wconf 77' lang='grc' dir='ltr'><strong>ι</strong></span> <span class='ocrx_word' id='word_1_298' title='bbox 316 2539 437 2573; x_wconf 80' lang='grc' dir='ltr'><strong>των</strong></span> <span class='ocrx_word' id='word_1_299' title='bbox 455 2524 522 2574; x_wconf 79' lang='grc' dir='ltr'>ἐν</span> <span class='ocrx_word' id='word_1_300' title='bbox 545 2525 672 2592; x_wconf 80' lang='grc' dir='ltr'>ἐμοί</span> <span class='ocrx_word' id='word_1_301' title='bbox 695 2543 706 2554; x_wconf 95' lang='grc'>·</span> <span class='ocrx_word' id='word_1_302' title='bbox 747 2529 779 2578; x_wconf 79' lang='grc' dir='ltr'><em>ὁ</em></span> <span class='ocrx_word' id='word_1_303' title='bbox 810 2524 915 2593; x_wconf 74' lang='grc' dir='ltr'>γὰρ</span> <span class='ocrx_word' id='word_1_304' title='bbox 938 2526 1179 2591; x_wconf 72' lang='grc' dir='ltr'>σκώληξ</span> <span class='ocrx_word' id='word_1_305' title='bbox 1202 2525 1393 2579; x_wconf 81' lang='grc' dir='ltr'>αὐτῶν</span> <span class='ocrx_word' id='word_1_306' title='bbox 1418 2532 1487 2581; x_wconf 87' lang='grc' dir='ltr'>οὐ</span> <span class='ocrx_word' id='word_1_307' title='bbox 1533 2531 1803 2596; x_wconf 81' lang='grc' dir='ltr'>τελευτή-</span> 
     </span>
    </p>
   </div>
   <div class='ocr_carea' id='block_1_44' title="bbox 258 2612 1803 2681">
    <p class='ocr_par' dir='ltr' id='par_1_44' title="bbox 258 2612 1803 2681">
     <span class='ocr_line' id='line_1_44' title="bbox 258 2612 1803 2681; baseline 0.007 -21"><span class='ocrx_word' id='word_1_308' title='bbox 258 2628 278 2659; x_wconf 74' lang='grc'><strong>(</strong></span> <span class='ocrx_word' id='word_1_309' title='bbox 323 2626 442 2672; x_wconf 84' lang='grc' dir='ltr'>σει,</span> <span class='ocrx_word' id='word_1_310' title='bbox 482 2612 577 2663; x_wconf 75' lang='grc' dir='ltr'>καὶ</span> <span class='ocrx_word' id='word_1_311' title='bbox 618 2613 679 2664; x_wconf 88' lang='grc' dir='ltr'>τὸ</span> <span class='ocrx_word' id='word_1_312' title='bbox 725 2614 841 2681; x_wconf 72' lang='grc' dir='ltr'>πῦρ</span> <span class='ocrx_word' id='word_1_313' title='bbox 892 2613 1086 2667; x_wconf 84' lang='grc' dir='ltr'>αὐτῶν</span> <span class='ocrx_word' id='word_1_314' title='bbox 1129 2616 1198 2666; x_wconf 87' lang='grc' dir='ltr'>οὐ</span> <span class='ocrx_word' id='word_1_315' title='bbox 1242 2618 1653 2681; x_wconf 73' lang='grc' dir='ltr'>σόεσθήσεται,</span> <span class='ocrx_word' id='word_1_316' title='bbox 1708 2621 1803 2673; x_wconf 75' lang='grc' dir='ltr'>καὶ</span> 
     </span>
    </p>
   </div>
   <div class='ocr_carea' id='block_1_45' title="bbox 255 2680 1803 2767">
    <p class='ocr_par' dir='ltr' id='par_1_45' title="bbox 255 2680 1803 2767">
     <span class='ocr_line' id='line_1_45' title="bbox 255 2680 1803 2767; baseline 0.006 -20"><span class='ocrx_word' id='word_1_317' title='bbox 255 2714 277 2746; x_wconf 78' lang='grc' dir='ltr'><strong>ιι</strong></span> <span class='ocrx_word' id='word_1_318' title='bbox 322 2697 565 2750; x_wconf 74' lang='grc' dir='ltr'>ἔσονται</span> <span class='ocrx_word' id='word_1_319' title='bbox 602 2702 686 2763; x_wconf 81' lang='grc' dir='ltr'><strong>είς</strong></span> <span class='ocrx_word' id='word_1_320' title='bbox 725 2680 932 2766; x_wconf 54' lang='grc' dir='ltr'>ἄροσιν</span> <span class='ocrx_word' id='word_1_321' title='bbox 973 2700 1133 2767; x_wconf 82' lang='grc' dir='ltr'>πάσῃ</span> <span class='ocrx_word' id='word_1_322' title='bbox 1182 2703 1391 2767; x_wconf 81' lang='grc' dir='ltr'>σαρκί·</span> <span class='ocrx_word' id='word_1_323' title='bbox 1444 2705 1561 2754; x_wconf 76' lang='grc' dir='ltr'>ἐπεὶ</span> <span class='ocrx_word' id='word_1_324' title='bbox 1601 2680 1689 2756; x_wconf 73' lang='grc' dir='ltr'><strong>καὶ</strong></span> <span class='ocrx_word' id='word_1_325' title='bbox 1730 2706 1803 2767; x_wconf 85' lang='grc' dir='ltr'>ὡς</span> 
     </span>
    </p>
   </div>
   <div class='ocr_carea' id='block_1_46' title="bbox 254 2785 1805 2855">
    <p class='ocr_par' dir='ltr' id='par_1_46' title="bbox 254 2785 1805 2855">
     <span class='ocr_line' id='line_1_46' title="bbox 254 2785 1805 2855; baseline 0.006 -19"><span class='ocrx_word' id='word_1_326' title='bbox 254 2804 277 2836; x_wconf 76' lang='lat' dir='ltr'><strong>e</strong></span> <span class='ocrx_word' id='word_1_327' title='bbox 311 2785 662 2853; x_wconf 79' lang='grc' dir='ltr'>προλέλεκται</span> <span class='ocrx_word' id='word_1_328' title='bbox 693 2789 779 2840; x_wconf 78' lang='grc' dir='ltr'>ὑπ’</span> <span class='ocrx_word' id='word_1_329' title='bbox 807 2790 988 2843; x_wconf 70' lang='grc' dir='ltr'>αὑτοῦ·</span> <span class='ocrx_word' id='word_1_330' title='bbox 1009 2793 1073 2843; x_wconf 87' lang='lat' dir='ltr'><strong>Ol</strong></span> <span class='ocrx_word' id='word_1_331' title='bbox 1097 2791 1162 2842; x_wconf 81' lang='grc' dir='ltr'><strong>δὲ</strong></span> <span class='ocrx_word' id='word_1_332' title='bbox 1192 2791 1395 2853; x_wconf 78' lang='grc' dir='ltr'>ἄδικοι,</span> <span class='ocrx_word' id='word_1_333' title='bbox 1425 2794 1503 2855; x_wconf 81' lang='grc' dir='ltr'>ὡς</span> <span class='ocrx_word' id='word_1_334' title='bbox 1530 2793 1805 2845; x_wconf 54' lang='lat' dir='ltr'><strong>OctIam/ra</strong></span> 
     </span>
    </p>
   </div>
   <div class='ocr_carea' id='block_1_47' title="bbox 1918 1918 3446 1989">
    <p class='ocr_par' dir='ltr' id='par_1_47' title="bbox 1918 1918 3446 1989">
     <span class='ocr_line' id='line_1_47' title="bbox 1918 1918 3446 1989; baseline 0.007 -23"><span class='ocrx_word' id='word_1_335' title='bbox 1918 1935 1934 1966; x_wconf 83' lang='grc' dir='ltr'><strong>ι</strong></span> <span class='ocrx_word' id='word_1_336' title='bbox 1976 1918 2121 1970; x_wconf 91' lang='lat' dir='ltr'><strong>enim</strong></span> <span class='ocrx_word' id='word_1_337' title='bbox 2152 1919 2289 1985; x_wconf 90' lang='lat' dir='ltr'><strong>quod</strong></span> <span class='ocrx_word' id='word_1_338' title='bbox 2322 1935 2629 1987; x_wconf 90' lang='lat' dir='ltr'><strong>perversum</strong></span> <span class='ocrx_word' id='word_1_339' title='bbox 2683 1930 2764 1975; x_wconf 85' lang='lat' dir='ltr'><strong>est</strong></span> <span class='ocrx_word' id='word_1_340' title='bbox 2816 1924 2962 1989; x_wconf 87' lang='lat' dir='ltr'><strong>prius</strong></span> <span class='ocrx_word' id='word_1_341' title='bbox 3013 1932 3216 1976; x_wconf 87' lang='lat' dir='ltr'><strong>rectum</strong></span> <span class='ocrx_word' id='word_1_342' title='bbox 3268 1924 3446 1986; x_wconf 82' lang='lat' dir='ltr'><strong>fuerit,</strong></span> 
     </span>
    </p>
   </div>
   <div class='ocr_carea' id='block_1_48' title="bbox 1918 2004 3450 2079">
    <p class='ocr_par' dir='ltr' id='par_1_48' title="bbox 1918 2004 3450 2079">
     <span class='ocr_line' id='line_1_48' title="bbox 1918 2004 3450 2079; baseline 0.007 -25"><span class='ocrx_word' id='word_1_343' title='bbox 1918 2022 1935 2054; x_wconf 80' lang='grc' dir='ltr'><strong>ι</strong></span> <span class='ocrx_word' id='word_1_344' title='bbox 1983 2004 2094 2057; x_wconf 83' lang='lat' dir='ltr'><strong>ﬁeri</strong></span> <span class='ocrx_word' id='word_1_345' title='bbox 2126 2020 2229 2057; x_wconf 89' lang='lat' dir='ltr'><strong>non</strong></span> <span class='ocrx_word' id='word_1_346' title='bbox 2257 2015 2431 2073; x_wconf 85' lang='lat' dir='ltr'><strong>potest</strong></span> <span class='ocrx_word' id='word_1_347' title='bbox 2464 2014 2519 2059; x_wconf 90' lang='lat' dir='ltr'><strong>ut</strong></span> <span class='ocrx_word' id='word_1_348' title='bbox 2552 2008 2604 2059; x_wconf 88' lang='lat' dir='ltr'><strong>id</strong></span> <span class='ocrx_word' id='word_1_349' title='bbox 2625 2018 2946 2075; x_wconf 77' lang='lat' dir='ltr'><strong>exornetur;</strong></span> <span class='ocrx_word' id='word_1_350' title='bbox 2981 2019 3034 2063; x_wconf 86' lang='lat' dir='ltr'><strong>et</strong></span> <span class='ocrx_word' id='word_1_351' title='bbox 3057 2012 3158 2064; x_wconf 90' lang='lat' dir='ltr'><strong>nisi</strong></span> <span class='ocrx_word' id='word_1_352' title='bbox 3187 2012 3332 2079; x_wconf 85' lang='lat' dir='ltr'><strong>prior</strong></span> <span class='ocrx_word' id='word_1_353' title='bbox 3355 2012 3450 2066; x_wconf 78' lang='lat' dir='ltr'><strong>de-</strong></span> 
     </span>
    </p>
   </div>
   <div class='ocr_carea' id='block_1_49' title="bbox 1918 2091 3449 2167">
    <p class='ocr_par' dir='ltr' id='par_1_49' title="bbox 1918 2091 3449 2167">
     <span class='ocr_line' id='line_1_49' title="bbox 1918 2091 3449 2167; baseline 0.008 -25"><span class='ocrx_word' id='word_1_354' title='bbox 1918 2109 1935 2141; x_wconf 80' lang='grc' dir='ltr'><strong>ι</strong></span> <span class='ocrx_word' id='word_1_355' title='bbox 1983 2091 2154 2145; x_wconf 85' lang='lat' dir='ltr'><strong>fectus</strong></span> <span class='ocrx_word' id='word_1_356' title='bbox 2184 2094 2426 2160; x_wconf 81' lang='lat' dir='ltr'><strong>expletus</strong></span> <span class='ocrx_word' id='word_1_357' title='bbox 2461 2095 2635 2158; x_wconf 80' lang='lat' dir='ltr'><strong>fuerit,</strong></span> <span class='ocrx_word' id='word_1_358' title='bbox 2691 2098 2803 2149; x_wconf 82' lang='lat' dir='ltr'><strong>ﬁeri</strong></span> <span class='ocrx_word' id='word_1_359' title='bbox 2845 2115 2949 2151; x_wconf 91' lang='lat' dir='ltr'><strong>non</strong></span> <span class='ocrx_word' id='word_1_360' title='bbox 2987 2110 3160 2167; x_wconf 84' lang='lat' dir='ltr'><strong>potest</strong></span> <span class='ocrx_word' id='word_1_361' title='bbox 3184 2110 3241 2152; x_wconf 92' lang='lat' dir='ltr'><strong>ut</strong></span> <span class='ocrx_word' id='word_1_362' title='bbox 3272 2103 3317 2154; x_wconf 85' lang='lat' dir='ltr'><strong>is</strong></span> <span class='ocrx_word' id='word_1_363' title='bbox 3348 2118 3449 2155; x_wconf 82' lang='lat' dir='ltr'><strong>nu-</strong></span> 
     </span>
    </p>
   </div>
   <div class='ocr_carea' id='block_1_50' title="bbox 1915 2180 3445 2259">
    <p class='ocr_par' dir='ltr' id='par_1_50' title="bbox 1915 2180 3445 2259">
     <span class='ocr_line' id='line_1_50' title="bbox 1915 2180 3445 2259; baseline 0.011 -32"><span class='ocrx_word' id='word_1_364' title='bbox 1915 2196 1933 2227; x_wconf 76' lang='grc' dir='ltr'><strong>ι</strong></span> <span class='ocrx_word' id='word_1_365' title='bbox 1979 2190 2230 2234; x_wconf 87' lang='lat' dir='ltr'><strong>meretur.</strong></span> <span class='ocrx_word' id='word_1_366' title='bbox 2262 2180 2411 2235; x_wconf 87' lang='lat' dir='ltr'><strong>Unde</strong></span> <span class='ocrx_word' id='word_1_367' title='bbox 2440 2193 2492 2236; x_wconf 89' lang='lat' dir='ltr'><strong>et</strong></span> <span class='ocrx_word' id='word_1_368' title='bbox 2532 2185 2584 2236; x_wconf 90' lang='lat' dir='ltr'><strong>in</strong></span> <span class='ocrx_word' id='word_1_369' title='bbox 2623 2186 2724 2238; x_wconf 87' lang='lat' dir='ltr'><strong>ﬁne</strong></span> <span class='ocrx_word' id='word_1_370' title='bbox 2752 2187 2831 2239; x_wconf 89' lang='lat' dir='ltr'><strong>eis</strong></span> <span class='ocrx_word' id='word_1_371' title='bbox 2855 2188 3061 2241; x_wconf 81' lang='lat' dir='ltr'><strong>eveniet</strong></span> <span class='ocrx_word' id='word_1_372' title='bbox 3089 2191 3230 2257; x_wconf 91' lang='lat' dir='ltr'><strong>quod</strong></span> <span class='ocrx_word' id='word_1_373' title='bbox 3260 2205 3289 2242; x_wconf 89' lang='lat' dir='ltr'><strong>a</strong></span> <span class='ocrx_word' id='word_1_374' title='bbox 3319 2206 3445 2259; x_wconf 80' lang='lat' dir='ltr'><strong>pro-</strong></span> 
     </span>
    </p>
   </div>
   <div class='ocr_carea' id='block_1_51' title="bbox 1915 2268 3447 2345">
    <p class='ocr_par' dir='ltr' id='par_1_51' title="bbox 1915 2268 3447 2345">
     <span class='ocr_line' id='line_1_51' title="bbox 1915 2268 3447 2345; baseline 0.008 -28"><span class='ocrx_word' id='word_1_375' title='bbox 1915 2286 1931 2317; x_wconf 82' lang='grc' dir='ltr'><strong>ι</strong></span> <span class='ocrx_word' id='word_1_376' title='bbox 1974 2268 2127 2335; x_wconf 84' lang='lat' dir='ltr'><strong>pheta</strong></span> <span class='ocrx_word' id='word_1_377' title='bbox 2163 2271 2292 2323; x_wconf 80' lang='lat' dir='ltr'><strong>Isaia</strong></span> <span class='ocrx_word' id='word_1_378' title='bbox 2323 2272 2517 2324; x_wconf 90' lang='lat' dir='ltr'><strong>dicitur</strong></span> <span class='ocrx_word' id='word_1_379' title='bbox 2552 2294 2562 2326; x_wconf 89' lang='lat'>:</span> <span class='ocrx_word' id='word_1_380' title='bbox 2600 2273 2663 2324; x_wconf 84' lang='lat' dir='ltr'><strong>Et</strong></span> <span class='ocrx_word' id='word_1_381' title='bbox 2705 2274 3032 2341; x_wconf 80' lang='lat' dir='ltr'><strong>videbuntur,</strong></span> <span class='ocrx_word' id='word_1_382' title='bbox 3064 2278 3255 2345; x_wconf 85' lang='lat' dir='ltr'><strong>inquit,</strong></span> <span class='ocrx_word' id='word_1_383' title='bbox 3288 2296 3447 2331; x_wconf 84' lang='lat' dir='ltr'><strong>mem-</strong></span> 
     </span>
    </p>
   </div>
   <div class='ocr_carea' id='block_1_52' title="bbox 1914 2354 3444 2426">
    <p class='ocr_par' dir='ltr' id='par_1_52' title="bbox 1914 2354 3444 2426">
     <span class='ocr_line' id='line_1_52' title="bbox 1914 2354 3444 2426; baseline 0.008 -23"><span class='ocrx_word' id='word_1_384' title='bbox 1914 2373 1931 2403; x_wconf 78' lang='grc' dir='ltr'><strong>ι</strong></span> <span class='ocrx_word' id='word_1_385' title='bbox 1978 2354 2069 2405; x_wconf 88' lang='lat' dir='ltr'><strong>bra</strong></span> <span class='ocrx_word' id='word_1_386' title='bbox 2111 2371 2287 2407; x_wconf 89' lang='lat' dir='ltr'><strong>eorum</strong></span> <span class='ocrx_word' id='word_1_387' title='bbox 2332 2358 2418 2424; x_wconf 87' lang='lat' dir='ltr'><strong>qui</strong></span> <span class='ocrx_word' id='word_1_388' title='bbox 2458 2365 2774 2426; x_wconf 71' lang='lat' dir='ltr'><strong>transgressi</strong></span> <span class='ocrx_word' id='word_1_389' title='bbox 2822 2370 2939 2412; x_wconf 79' lang='lat' dir='ltr'><strong>sunt</strong></span> <span class='ocrx_word' id='word_1_390' title='bbox 2991 2362 3042 2413; x_wconf 85' lang='lat' dir='ltr'><strong>in</strong></span> <span class='ocrx_word' id='word_1_391' title='bbox 3093 2378 3191 2415; x_wconf 85' lang='lat' dir='ltr'><strong>me.</strong></span> <span class='ocrx_word' id='word_1_392' title='bbox 3248 2362 3444 2415; x_wconf 80' lang='lat' dir='ltr'><strong>Vermis</strong></span> 
     </span>
    </p>
   </div>
   <div class='ocr_carea' id='block_1_53' title="bbox 1915 2442 3444 2516">
    <p class='ocr_par' dir='ltr' id='par_1_53' title="bbox 1915 2442 3444 2516">
     <span class='ocr_line' id='line_1_53' title="bbox 1915 2442 3444 2516; baseline 0.008 -25"><span class='ocrx_word' id='word_1_393' title='bbox 1915 2459 1933 2489; x_wconf 77' lang='grc' dir='ltr'><strong>ι</strong></span> <span class='ocrx_word' id='word_1_394' title='bbox 1982 2442 2113 2493; x_wconf 83' lang='lat' dir='ltr'><strong>enim</strong></span> <span class='ocrx_word' id='word_1_395' title='bbox 2160 2444 2391 2509; x_wconf 83' lang='lat' dir='ltr'><strong>ipsorum</strong></span> <span class='ocrx_word' id='word_1_396' title='bbox 2440 2462 2537 2498; x_wconf 85' lang='lat' dir='ltr'><strong>non</strong></span> <span class='ocrx_word' id='word_1_397' title='bbox 2587 2449 2855 2509; x_wconf 86' lang='lat' dir='ltr'><strong>morietur,</strong></span> <span class='ocrx_word' id='word_1_398' title='bbox 2889 2457 2938 2499; x_wconf 88' lang='lat' dir='ltr'><strong>et</strong></span> <span class='ocrx_word' id='word_1_399' title='bbox 2967 2450 3099 2516; x_wconf 83' lang='lat' dir='ltr'><strong>ignis</strong></span> <span class='ocrx_word' id='word_1_400' title='bbox 3132 2466 3306 2501; x_wconf 84' lang='lat' dir='ltr'><strong>eorum</strong></span> <span class='ocrx_word' id='word_1_401' title='bbox 3344 2468 3444 2503; x_wconf 69' lang='lat' dir='ltr'><strong>uox</strong></span> 
     </span>
    </p>
   </div>
   <div class='ocr_carea' id='block_1_54' title="bbox 1916 2534 3442 2603">
    <p class='ocr_par' dir='ltr' id='par_1_54' title="bbox 1916 2534 3442 2603">
     <span class='ocr_line' id='line_1_54' title="bbox 1916 2534 3442 2603; baseline 0.009 -22"><span class='ocrx_word' id='word_1_402' title='bbox 1916 2550 1933 2581; x_wconf 86' lang='grc' dir='ltr'><strong>ι</strong></span> <span class='ocrx_word' id='word_1_403' title='bbox 1978 2534 2328 2600; x_wconf 79' lang='lat' dir='ltr'><strong>exstinguetur</strong></span> <span class='ocrx_word' id='word_1_404' title='bbox 2353 2551 2369 2586; x_wconf 90' lang='lat'><strong><em>:</em></strong></span> <span class='ocrx_word' id='word_1_405' title='bbox 2397 2545 2442 2586; x_wconf 88' lang='lat' dir='ltr'><strong>et</strong></span> <span class='ocrx_word' id='word_1_406' title='bbox 2468 2545 2615 2587; x_wconf 75' lang='lat' dir='ltr'><strong>erunt</strong></span> <span class='ocrx_word' id='word_1_407' title='bbox 2635 2538 2684 2587; x_wconf 83' lang='lat' dir='ltr'><strong>iu</strong></span> <span class='ocrx_word' id='word_1_408' title='bbox 2709 2546 2966 2603; x_wconf 81' lang='lat' dir='ltr'><strong>aspectum</strong></span> <span class='ocrx_word' id='word_1_409' title='bbox 2998 2539 3164 2589; x_wconf 83' lang='lat' dir='ltr'><strong>omnis</strong></span> <span class='ocrx_word' id='word_1_410' title='bbox 3196 2541 3367 2592; x_wconf 81' lang='lat' dir='ltr'><strong>carnis</strong></span> <span class='ocrx_word' id='word_1_411' title='bbox 3394 2550 3442 2594; x_wconf 69' lang='grc' dir='ltr'><strong>ο.</strong></span> 
     </span>
    </p>
   </div>
   <div class='ocr_carea' id='block_1_55' title="bbox 1913 2619 3441 2690">
    <p class='ocr_par' dir='ltr' id='par_1_55' title="bbox 1913 2619 3441 2690">
     <span class='ocr_line' id='line_1_55' title="bbox 1913 2619 3441 2690; baseline 0.007 -23"><span class='ocrx_word' id='word_1_412' title='bbox 1913 2637 1929 2667; x_wconf 74' lang='grc' dir='ltr'><strong>ι</strong></span> <span class='ocrx_word' id='word_1_413' title='bbox 1977 2619 2435 2688; x_wconf 69' lang='lat' dir='ltr'><strong>Quandoquidem,</strong></span> <span class='ocrx_word' id='word_1_414' title='bbox 2493 2629 2551 2673; x_wconf 93' lang='lat' dir='ltr'><strong>ut</strong></span> <span class='ocrx_word' id='word_1_415' title='bbox 2600 2630 2651 2674; x_wconf 90' lang='lat' dir='ltr'><strong>et</strong></span> <span class='ocrx_word' id='word_1_416' title='bbox 2687 2623 2754 2674; x_wconf 87' lang='lat' dir='ltr'><strong>ab</strong></span> <span class='ocrx_word' id='word_1_417' title='bbox 2796 2624 2911 2690; x_wconf 88' lang='lat' dir='ltr'><strong>ipso</strong></span> <span class='ocrx_word' id='word_1_418' title='bbox 2948 2624 3254 2690; x_wconf 74' lang='lat' dir='ltr'><strong>praedictum</strong></span> <span class='ocrx_word' id='word_1_419' title='bbox 3303 2631 3385 2677; x_wconf 89' lang='lat' dir='ltr'><strong>est</strong></span> <span class='ocrx_word' id='word_1_420' title='bbox 3428 2642 3441 2677; x_wconf 91' lang='lat'><strong>:</strong></span> 
     </span>
    </p>
   </div>
   <div class='ocr_carea' id='block_1_56' title="bbox 1914 2708 3443 2780">
    <p class='ocr_par' dir='ltr' id='par_1_56' title="bbox 1914 2708 3443 2780">
     <span class='ocr_line' id='line_1_56' title="bbox 1914 2708 3443 2780; baseline 0.005 -23"><span class='ocrx_word' id='word_1_421' title='bbox 1914 2727 1930 2757; x_wconf 76' lang='grc' dir='ltr'><strong>ι</strong></span> <span class='ocrx_word' id='word_1_422' title='bbox 1981 2708 2176 2775; x_wconf 84' lang='lat' dir='ltr'><strong>Injusti</strong></span> <span class='ocrx_word' id='word_1_423' title='bbox 2204 2721 2371 2762; x_wconf 88' lang='lat' dir='ltr'><strong>autem</strong></span> <span class='ocrx_word' id='word_1_424' title='bbox 2394 2712 2469 2762; x_wconf 86' lang='lat' dir='ltr'><strong>sic</strong></span> <span class='ocrx_word' id='word_1_425' title='bbox 2498 2711 2845 2777; x_wconf 78' lang='lat' dir='ltr'><strong>ﬂuctuabant,</strong></span> <span class='ocrx_word' id='word_1_426' title='bbox 2906 2723 2952 2763; x_wconf 85' lang='lat' dir='ltr'><strong>et</strong></span> <span class='ocrx_word' id='word_1_427' title='bbox 3002 2715 3311 2780; x_wconf 70' lang='lat' dir='ltr'><strong>requiescere</strong></span> <span class='ocrx_word' id='word_1_428' title='bbox 3344 2729 3443 2765; x_wconf 69' lang='lat' dir='ltr'><strong>non</strong></span> 
     </span>
    </p>
   </div>
   <div class='ocr_carea' id='block_1_57' title="bbox 1915 2798 3438 2868">
    <p class='ocr_par' dir='ltr' id='par_1_57' title="bbox 1915 2798 3438 2868">
     <span class='ocr_line' id='line_1_57' title="bbox 1915 2798 3438 2868; baseline 0.005 -23"><span class='ocrx_word' id='word_1_429' title='bbox 1915 2815 1931 2845; x_wconf 81' lang='grc' dir='ltr'><strong>ι</strong></span> <span class='ocrx_word' id='word_1_430' title='bbox 1978 2807 2235 2865; x_wconf 81' lang='lat' dir='ltr'><strong>poterunt.</strong></span> <span class='ocrx_word' id='word_1_431' title='bbox 2268 2798 2386 2851; x_wconf 84' lang='lat' dir='ltr'><strong>Non</strong></span> <span class='ocrx_word' id='word_1_432' title='bbox 2415 2809 2489 2853; x_wconf 87' lang='lat' dir='ltr'><strong>est</strong></span> <span class='ocrx_word' id='word_1_433' title='bbox 2521 2800 2741 2868; x_wconf 85' lang='lat' dir='ltr'><strong>gaudere</strong></span> <span class='ocrx_word' id='word_1_434' title='bbox 2772 2802 2965 2868; x_wconf 84' lang='lat' dir='ltr'><strong>impiis,</strong></span> <span class='ocrx_word' id='word_1_435' title='bbox 2997 2802 3123 2853; x_wconf 81' lang='lat' dir='ltr'><strong>dicit</strong></span> <span class='ocrx_word' id='word_1_436' title='bbox 3158 2802 3292 2855; x_wconf 81' lang='lat' dir='ltr'><strong>Deus</strong></span> <span class='ocrx_word' id='word_1_437' title='bbox 3320 2802 3369 2856; x_wconf 78' lang='grc' dir='ltr'><strong>ἀ.</strong></span> <span class='ocrx_word' id='word_1_438' title='bbox 3418 2820 3438 2853; x_wconf 71' lang='grc' dir='ltr'><strong>ι</strong></span> 
     </span>
    </p>
   </div>
   <div class='ocr_carea' id='block_1_58' title="bbox 254 2877 3439 2965">
    <p class='ocr_par' dir='ltr' id='par_1_58' title="bbox 254 2877 3439 2965">
     <span class='ocr_line' id='line_1_58' title="bbox 254 2877 3439 2965; baseline 0.005 -36"><span class='ocrx_word' id='word_1_439' title='bbox 254 2895 281 2929; x_wconf 72' lang='grc' dir='ltr'>ι</span> <span class='ocrx_word' id='word_1_440' title='bbox 321 2877 801 2947; x_wconf 73' lang='grc' dir='ltr'>ἁναΰεὸρασμένη</span> <span class='ocrx_word' id='word_1_441' title='bbox 837 2881 904 2944; x_wconf 73' lang='grc'><strong>⁸⁵,</strong></span> <span class='ocrx_word' id='word_1_442' title='bbox 934 2883 1082 2934; x_wconf 85' lang='grc' dir='ltr'>οὕτω</span> <span class='ocrx_word' id='word_1_443' title='bbox 1108 2883 1707 2949; x_wconf 77' lang='grc' dir='ltr'>κλυδωνισθήσονται,</span> <span class='ocrx_word' id='word_1_444' title='bbox 1736 2888 1829 2940; x_wconf 74' lang='grc' dir='ltr'>καὶ</span> <span class='ocrx_word' id='word_1_445' title='bbox 1864 2889 2317 2945; x_wconf 80' lang='grc' dir='ltr'>ἀναπαύσασθαι</span> <span class='ocrx_word' id='word_1_446' title='bbox 2339 2894 2409 2945; x_wconf 88' lang='grc' dir='ltr'>οὺ</span> <span class='ocrx_word' id='word_1_447' title='bbox 2438 2893 2521 2960; x_wconf 80' lang='grc' dir='ltr'>μὴ</span> <span class='ocrx_word' id='word_1_448' title='bbox 2554 2892 2912 2958; x_wconf 76' lang='grc' dir='ltr'>δυνήσονται</span> <span class='ocrx_word' id='word_1_449' title='bbox 2939 2896 2958 2927; x_wconf 82' lang='lat'><strong>’</strong></span> <span class='ocrx_word' id='word_1_450' title='bbox 2982 2895 3043 2963; x_wconf 83' lang='grc' dir='ltr'><strong>(Ῑ.</strong></span> <span class='ocrx_word' id='word_1_451' title='bbox 3073 2894 3439 2965; x_wconf 76' lang='grc' dir='ltr'>δυνήσωνται).</span> 
     </span>
    </p>
   </div>
   <div class='ocr_carea' id='block_1_59' title="bbox 259 2970 1794 3048">
    <p class='ocr_par' dir='ltr' id='par_1_59' title="bbox 259 2970 1794 3048">
     <span class='ocr_line' id='line_1_59' title="bbox 259 2970 1794 3048; baseline 0.008 -27"><span class='ocrx_word' id='word_1_452' title='bbox 259 2988 278 3021; x_wconf 82' lang='grc' dir='ltr'><strong>ι</strong></span> <span class='ocrx_word' id='word_1_453' title='bbox 308 2972 433 3021; x_wconf 80' lang='grc' dir='ltr'><strong>Οὐκ</strong></span> <span class='ocrx_word' id='word_1_454' title='bbox 461 2970 587 3023; x_wconf 76' lang='grc' dir='ltr'>ἔστι</span> <span class='ocrx_word' id='word_1_455' title='bbox 617 2973 840 3048; x_wconf 71' lang='grc' dir='ltr'>χαίρειν</span> <span class='ocrx_word' id='word_1_456' title='bbox 861 2973 981 3037; x_wconf 83' lang='grc' dir='ltr'>τοῖς</span> <span class='ocrx_word' id='word_1_457' title='bbox 1005 2975 1303 3038; x_wconf 74' lang='grc' dir='ltr'>ἀσεϐέσιν,</span> <span class='ocrx_word' id='word_1_458' title='bbox 1334 2971 1501 3028; x_wconf 78' lang='grc' dir='ltr'>εἶπεν</span> <span class='ocrx_word' id='word_1_459' title='bbox 1524 2981 1557 3029; x_wconf 82' lang='grc' dir='ltr'><strong><em>ό</em></strong></span> <span class='ocrx_word' id='word_1_460' title='bbox 1584 2981 1739 3045; x_wconf 82' lang='grc' dir='ltr'>Θεός.</span> <span class='ocrx_word' id='word_1_461' title='bbox 1777 3002 1794 3033; x_wconf 69' lang='grc' dir='ltr'><strong>ι</strong></span> 
     </span>
    </p>
   </div>
   <div class='ocr_carea' id='block_1_60' title="bbox 327 3060 1803 3151">
    <p class='ocr_par' dir='ltr' id='par_1_60' title="bbox 327 3060 1801 3136">
     <span class='ocr_line' id='line_1_60' title="bbox 327 3060 1801 3136; baseline 0.009 -26"><span class='ocrx_word' id='word_1_462' title='bbox 327 3060 522 3111; x_wconf 80' lang='grc' dir='ltr'><strong>ΒΑΛΣ.</strong></span> <span class='ocrx_word' id='word_1_463' title='bbox 558 3063 623 3112; x_wconf 80' lang='grc' dir='ltr'>Ἀ</span> <span class='ocrx_word' id='word_1_464' title='bbox 650 3063 744 3130; x_wconf 71' lang='grc' dir='ltr'>μὲν</span> <span class='ocrx_word' id='word_1_465' title='bbox 774 3064 1090 3133; x_wconf 80' lang='grc' dir='ltr'>προείρηται</span> <span class='ocrx_word' id='word_1_466' title='bbox 1122 3067 1247 3136; x_wconf 68' lang='grc' dir='ltr'>περὶ</span> <span class='ocrx_word' id='word_1_467' title='bbox 1290 3068 1396 3119; x_wconf 84' lang='grc' dir='ltr'><strong>τῶν</strong></span> <span class='ocrx_word' id='word_1_468' title='bbox 1424 3072 1801 3135; x_wconf 80' lang='grc' dir='ltr'>πεπτωκότων,</span> 
     </span>
    </p>
   </div>
   <div class='ocr_carea' id='block_1_61' title="bbox 1907 3060 3442 3151">
    <p class='ocr_par' dir='ltr' id='par_1_61' title="bbox 1977 3078 3442 3151">
     <span class='ocr_line' id='line_1_61' title="bbox 1977 3078 3442 3151; baseline 0.004 -20"><span class='ocrx_word' id='word_1_469' title='bbox 1977 3078 2128 3134; x_wconf 75' lang='grc' dir='ltr'>ΒΑιε.</span> <span class='ocrx_word' id='word_1_470' title='bbox 2171 3080 2299 3144; x_wconf 70' lang='lat' dir='ltr'><strong>Quae</strong></span> <span class='ocrx_word' id='word_1_471' title='bbox 2330 3084 2478 3149; x_wconf 88' lang='lat' dir='ltr'><strong>prius</strong></span> <span class='ocrx_word' id='word_1_472' title='bbox 2511 3082 2725 3151; x_wconf 84' lang='lat' dir='ltr'><strong>quidem</strong></span> <span class='ocrx_word' id='word_1_473' title='bbox 2756 3081 2896 3134; x_wconf 84' lang='lat' dir='ltr'><strong>dicta</strong></span> <span class='ocrx_word' id='word_1_474' title='bbox 2931 3089 3055 3135; x_wconf 91' lang='lat' dir='ltr'><strong>sunt</strong></span> <span class='ocrx_word' id='word_1_475' title='bbox 3079 3082 3144 3135; x_wconf 89' lang='lat' dir='ltr'><strong>de</strong></span> <span class='ocrx_word' id='word_1_476' title='bbox 3169 3082 3354 3151; x_wconf 86' lang='lat' dir='ltr'><strong>lapsis,</strong></span> <span class='ocrx_word' id='word_1_477' title='bbox 3375 3083 3442 3137; x_wconf 70' lang='lat' dir='ltr'><strong>de</strong></span> 
     </span>
    </p>
   </div>
   <div class='ocr_carea' id='block_1_62' title="bbox 249 3143 1803 3227">
    <p class='ocr_par' dir='ltr' id='par_1_62' title="bbox 249 3143 1803 3227">
     <span class='ocr_line' id='line_1_62' title="bbox 249 3143 1803 3227; baseline 0.009 -31"><span class='ocrx_word' id='word_1_478' title='bbox 249 3143 475 3214; x_wconf 70' lang='grc' dir='ltr'>ττρηται</span> <span class='ocrx_word' id='word_1_479' title='bbox 503 3144 595 3196; x_wconf 75' lang='grc' dir='ltr'><strong>καὶ</strong></span> <span class='ocrx_word' id='word_1_480' title='bbox 629 3148 753 3215; x_wconf 68' lang='grc' dir='ltr'>περὶ</span> <span class='ocrx_word' id='word_1_481' title='bbox 783 3149 1255 3219; x_wconf 84' lang='grc' dir='ltr'>μεταμελομένων·</span> <span class='ocrx_word' id='word_1_482' title='bbox 1293 3150 1431 3208; x_wconf 80' lang='grc' dir='ltr'>κατὰ</span> <span class='ocrx_word' id='word_1_483' title='bbox 1459 3156 1513 3207; x_wconf 81' lang='grc' dir='ltr'><strong>δὲ</strong></span> <span class='ocrx_word' id='word_1_484' title='bbox 1540 3157 1645 3208; x_wconf 84' lang='grc' dir='ltr'><strong>τῶν</strong></span> <span class='ocrx_word' id='word_1_485' title='bbox 1677 3160 1803 3227; x_wconf 87' lang='grc' dir='ltr'>ἀμε-</span> 
     </span>
    </p>
   </div>
   <div class='ocr_carea' id='block_1_63' title="bbox 246 3232 1798 3314">
    <p class='ocr_par' dir='ltr' id='par_1_63' title="bbox 246 3232 1798 3314">
     <span class='ocr_line' id='line_1_63' title="bbox 246 3232 1798 3314; baseline 0.012 -33"><span class='ocrx_word' id='word_1_486' title='bbox 246 3232 529 3301; x_wconf 82' lang='grc' dir='ltr'>τανοήτων</span> <span class='ocrx_word' id='word_1_487' title='bbox 568 3234 665 3300; x_wconf 85' lang='grc' dir='ltr'><strong>τὴν</strong></span> <span class='ocrx_word' id='word_1_488' title='bbox 720 3237 959 3306; x_wconf 79' lang='grc' dir='ltr'>κατάραν</span> <span class='ocrx_word' id='word_1_489' title='bbox 1003 3241 1100 3308; x_wconf 82' lang='grc' dir='ltr'>τῆς</span> <span class='ocrx_word' id='word_1_490' title='bbox 1145 3243 1331 3311; x_wconf 79' lang='grc' dir='ltr'>ἑτέρας</span> <span class='ocrx_word' id='word_1_491' title='bbox 1367 3246 1533 3314; x_wconf 84' lang='grc' dir='ltr'>συκῆς</span> <span class='ocrx_word' id='word_1_492' title='bbox 1591 3248 1798 3314; x_wconf 78' lang='grc' dir='ltr'>ἐπάγει,</span> 
     </span>
    </p>
   </div>
   <div class='ocr_carea' id='block_1_64' title="bbox 254 3321 1800 3400">
    <p class='ocr_par' dir='ltr' id='par_1_64' title="bbox 254 3321 1800 3400">
     <span class='ocr_line' id='line_1_64' title="bbox 254 3321 1800 3400; baseline 0.01 -26"><span class='ocrx_word' id='word_1_493' title='bbox 254 3321 398 3391; x_wconf 79' lang='grc' dir='ltr'>πρὸς</span> <span class='ocrx_word' id='word_1_494' title='bbox 418 3321 483 3389; x_wconf 72' lang='grc' dir='ltr'>ῆν</span> <span class='ocrx_word' id='word_1_495' title='bbox 516 3324 544 3373; x_wconf 81' lang='grc' dir='ltr'>ὁ</span> <span class='ocrx_word' id='word_1_496' title='bbox 593 3322 793 3391; x_wconf 82' lang='grc' dir='ltr'>Κύριος</span> <span class='ocrx_word' id='word_1_497' title='bbox 822 3324 924 3393; x_wconf 76' lang='grc' dir='ltr'><strong>ἔφη</strong></span> <span class='ocrx_word' id='word_1_498' title='bbox 953 3326 1039 3379; x_wconf 74' lang='grc' dir='ltr'><strong>διὰ</strong></span> <span class='ocrx_word' id='word_1_499' title='bbox 1084 3328 1142 3379; x_wconf 81' lang='grc' dir='ltr'>τὺ</span> <span class='ocrx_word' id='word_1_500' title='bbox 1177 3329 1417 3400; x_wconf 79' lang='grc' dir='ltr'>ἄκαρπον</span> <span class='ocrx_word' id='word_1_501' title='bbox 1442 3328 1465 3362; x_wconf 79' lang='grc'><em>·’</em></span> <span class='ocrx_word' id='word_1_502' title='bbox 1492 3335 1706 3399; x_wconf 82' lang='grc' dir='ltr'><strong>Μηκέτι</strong></span> <span class='ocrx_word' id='word_1_503' title='bbox 1735 3338 1800 3389; x_wconf 87' lang='grc' dir='ltr'>ἐκ</span> 
     </span>
    </p>
   </div>
   <div class='ocr_carea' id='block_1_65' title="bbox 245 3401 906 3483">
    <p class='ocr_par' dir='ltr' id='par_1_65' title="bbox 245 3401 906 3483">
     <span class='ocr_line' id='line_1_65' title="bbox 245 3401 906 3483; baseline 0.009 -20"><span class='ocrx_word' id='word_1_504' title='bbox 245 3409 375 3463; x_wconf 85' lang='grc' dir='ltr'>σοῦ</span> <span class='ocrx_word' id='word_1_505' title='bbox 402 3401 625 3478; x_wconf 64' lang='lat' dir='ltr'><strong>acaprio;-</strong></span> <span class='ocrx_word' id='word_1_506' title='bbox 650 3413 906 3483; x_wconf 76' lang='grc' dir='ltr'>γένηται.</span> 
     </span>
    </p>
   </div>
   <div class='ocr_carea' id='block_1_66' title="bbox 324 3578 1801 3662">
    <p class='ocr_par' dir='ltr' id='par_1_66' title="bbox 324 3578 1801 3662">
     <span class='ocr_line' id='line_1_66' title="bbox 324 3578 1801 3662; baseline 0.015 -34"><span class='ocrx_word' id='word_1_507' title='bbox 324 3578 564 3634; x_wconf 79' lang='grc' dir='ltr'><strong>ΖΩΝΑΡ.</strong></span> <span class='ocrx_word' id='word_1_508' title='bbox 589 3582 652 3632; x_wconf 75' lang='grc' dir='ltr'><strong>’Δ</strong></span> <span class='ocrx_word' id='word_1_509' title='bbox 671 3582 767 3651; x_wconf 87' lang='grc' dir='ltr'>μὲν</span> <span class='ocrx_word' id='word_1_510' title='bbox 782 3586 1093 3657; x_wconf 75' lang='grc' dir='ltr'>προείρηται</span> <span class='ocrx_word' id='word_1_511' title='bbox 1114 3592 1235 3658; x_wconf 75' lang='grc' dir='ltr'>περὶ</span> <span class='ocrx_word' id='word_1_512' title='bbox 1256 3591 1360 3642; x_wconf 85' lang='grc' dir='ltr'><strong>τῶν</strong></span> <span class='ocrx_word' id='word_1_513' title='bbox 1378 3600 1801 3662; x_wconf 73' lang='grc' dir='ltr'>παραπεπτωκὼ</span> 
     </span>
    </p>
   </div>
   <div class='ocr_carea' id='block_1_67' title="bbox 243 3667 1798 3748">
    <p class='ocr_par' dir='ltr' id='par_1_67' title="bbox 243 3667 1798 3748">
     <span class='ocr_line' id='line_1_67' title="bbox 243 3667 1798 3748; baseline 0.014 -31"><span class='ocrx_word' id='word_1_514' title='bbox 243 3683 386 3726; x_wconf 82' lang='grc' dir='ltr'>των,</span> <span class='ocrx_word' id='word_1_515' title='bbox 408 3667 613 3737; x_wconf 72' lang='grc' dir='ltr'>εἴρηται</span> <span class='ocrx_word' id='word_1_516' title='bbox 640 3673 730 3723; x_wconf 78' lang='grc' dir='ltr'>καὶ</span> <span class='ocrx_word' id='word_1_517' title='bbox 752 3673 876 3742; x_wconf 86' lang='lat' dir='ltr'><strong>[add</strong></span> <span class='ocrx_word' id='word_1_518' title='bbox 890 3713 903 3726; x_wconf 92' lang='lat'><strong><em>.</em></strong></span> <span class='ocrx_word' id='word_1_519' title='bbox 924 3676 1068 3745; x_wconf 75' lang='grc' dir='ltr'>περὶ]</span> <span class='ocrx_word' id='word_1_520' title='bbox 1088 3680 1547 3748; x_wconf 81' lang='grc' dir='ltr'>μεταμελομένων.</span> <span class='ocrx_word' id='word_1_521' title='bbox 1572 3686 1723 3739; x_wconf 85' lang='grc' dir='ltr'>Κατά</span> <span class='ocrx_word' id='word_1_522' title='bbox 1745 3688 1798 3739; x_wconf 82' lang='grc' dir='ltr'><strong>δὲ</strong></span> 
     </span>
    </p>
   </div>
   <div class='ocr_carea' id='block_1_68' title="bbox 242 3753 1796 3844">
    <p class='ocr_par' dir='ltr' id='par_1_68' title="bbox 242 3753 1796 3844">
     <span class='ocr_line' id='line_1_68' title="bbox 242 3753 1796 3844; baseline 0.031 -44"><span class='ocrx_word' id='word_1_523' title='bbox 242 3753 369 3805; x_wconf 82' lang='grc' dir='ltr'><strong>τῶν</strong></span> <span class='ocrx_word' id='word_1_524' title='bbox 388 3756 763 3844; x_wconf 81' lang='grc' dir='ltr'>ἀμετανοήτων</span> <span class='ocrx_word' id='word_1_525' title='bbox 790 3760 846 3824; x_wconf 80' lang='grc' dir='ltr'>ἐξ</span> <span class='ocrx_word' id='word_1_526' title='bbox 867 3762 1217 3829; x_wconf 81' lang='grc' dir='ltr'>ἀπογνώσεως</span> <span class='ocrx_word' id='word_1_527' title='bbox 1240 3765 1270 3834; x_wconf 79' lang='grc' dir='ltr'>ἢ</span> <span class='ocrx_word' id='word_1_528' title='bbox 1304 3771 1539 3837; x_wconf 77' lang='grc' dir='ltr'>πονηρᾶς</span> <span class='ocrx_word' id='word_1_529' title='bbox 1561 3773 1796 3844; x_wconf 72' lang='grc' dir='ltr'>γνώμηςν</span> 
     </span>
    </p>
   </div>
   <div class='ocr_carea' id='block_1_69' title="bbox 242 3843 1801 3925">
    <p class='ocr_par' dir='ltr' id='par_1_69' title="bbox 242 3843 1801 3925">
     <span class='ocr_line' id='line_1_69' title="bbox 242 3843 1801 3925; baseline 0.013 -30"><span class='ocrx_word' id='word_1_530' title='bbox 242 3844 426 3896; x_wconf 77' lang='grc' dir='ltr'>καὶτὸ</span> <span class='ocrx_word' id='word_1_531' title='bbox 455 3843 513 3908; x_wconf 76' lang='grc' dir='ltr'><strong>ἐξ</strong></span> <span class='ocrx_word' id='word_1_532' title='bbox 543 3847 809 3916; x_wconf 75' lang='grc' dir='ltr'>ἁμαρτίας</span> <span class='ocrx_word' id='word_1_533' title='bbox 835 3850 1123 3920; x_wconf 89' lang='grc' dir='ltr'>μελάνωμα</span> <span class='ocrx_word' id='word_1_534' title='bbox 1143 3853 1508 3925; x_wconf 79' lang='grc' dir='ltr'>ἀμετάϐλητον</span> <span class='ocrx_word' id='word_1_535' title='bbox 1535 3862 1625 3911; x_wconf 74' lang='grc' dir='ltr'><strong>καὶ</strong></span> <span class='ocrx_word' id='word_1_536' title='bbox 1653 3843 1801 3916; x_wconf 79' lang='grc' dir='ltr'>ἀνέκ-</span> 
     </span>
    </p>
   </div>
   <div class='ocr_carea' id='block_1_70' title="bbox 246 3933 1799 4014">
    <p class='ocr_par' dir='ltr' id='par_1_70' title="bbox 246 3933 1799 4014">
     <span class='ocr_line' id='line_1_70' title="bbox 246 3933 1799 4014; baseline 0.014 -31"><span class='ocrx_word' id='word_1_537' title='bbox 246 3933 453 3985; x_wconf 82' lang='grc' dir='ltr'>πλυτον</span> <span class='ocrx_word' id='word_1_538' title='bbox 481 3935 726 4002; x_wconf 79' lang='grc' dir='ltr'>ἑχόντων,</span> <span class='ocrx_word' id='word_1_539' title='bbox 766 3938 838 3999; x_wconf 82' lang='grc' dir='ltr'>ὡς</span> <span class='ocrx_word' id='word_1_540' title='bbox 880 3940 928 3990; x_wconf 82' lang='lat' dir='ltr'><strong>ot</strong></span> <span class='ocrx_word' id='word_1_541' title='bbox 961 3941 1208 4003; x_wconf 74' lang='grc' dir='ltr'>Αἰθίοπες</span> <span class='ocrx_word' id='word_1_542' title='bbox 1239 3944 1299 3995; x_wconf 76' lang='grc' dir='ltr'>τὸ</span> <span class='ocrx_word' id='word_1_543' title='bbox 1329 3945 1549 4014; x_wconf 80' lang='grc' dir='ltr'>ζοφερὸν</span> <span class='ocrx_word' id='word_1_544' title='bbox 1589 3950 1679 4002; x_wconf 84' lang='grc' dir='ltr'>τοῦ</span> <span class='ocrx_word' id='word_1_545' title='bbox 1716 3952 1799 4003; x_wconf 81' lang='grc' dir='ltr'><strong>δέ·</strong></span> 
     </span>
    </p>
   </div>
   <div class='ocr_carea' id='block_1_71' title="bbox 234 4022 1795 4108">
    <p class='ocr_par' dir='ltr' id='par_1_71' title="bbox 234 4022 1795 4108">
     <span class='ocr_line' id='line_1_71' title="bbox 234 4022 1795 4108; baseline 0.015 -40"><span class='ocrx_word' id='word_1_546' title='bbox 234 4034 481 4088; x_wconf 72' lang='grc' dir='ltr'>χρματος,</span> <span class='ocrx_word' id='word_1_547' title='bbox 509 4022 599 4073; x_wconf 79' lang='grc' dir='ltr'><strong>καὶ</strong></span> <span class='ocrx_word' id='word_1_548' title='bbox 630 4025 661 4091; x_wconf 87' lang='grc' dir='ltr'><strong>ἡ</strong></span> <span class='ocrx_word' id='word_1_549' title='bbox 695 4024 950 4092; x_wconf 78' lang='grc' dir='ltr'>πάρδαλις</span> <span class='ocrx_word' id='word_1_550' title='bbox 979 4028 1045 4078; x_wconf 83' lang='grc' dir='ltr'><strong>τά</strong></span> <span class='ocrx_word' id='word_1_551' title='bbox 1071 4030 1412 4098; x_wconf 85' lang='grc' dir='ltr'>ποικίλματα,</span> <span class='ocrx_word' id='word_1_552' title='bbox 1442 4036 1537 4103; x_wconf 84' lang='grc' dir='ltr'>τὴν</span> <span class='ocrx_word' id='word_1_553' title='bbox 1558 4039 1795 4108; x_wconf 80' lang='grc' dir='ltr'>κατάραν</span> 
     </span>
    </p>
   </div>
   <div class='ocr_carea' id='block_1_72' title="bbox 239 4108 1796 4198">
    <p class='ocr_par' dir='ltr' id='par_1_72' title="bbox 239 4108 1796 4198">
     <span class='ocr_line' id='line_1_72' title="bbox 239 4108 1796 4198; baseline 0.015 -42"><span class='ocrx_word' id='word_1_554' title='bbox 239 4108 359 4198; x_wconf 72' lang='grc' dir='ltr'>τῆς</span> <span class='ocrx_word' id='word_1_555' title='bbox 410 4108 596 4177; x_wconf 73' lang='grc' dir='ltr'>ἑτέρας</span> <span class='ocrx_word' id='word_1_556' title='bbox 644 4112 809 4181; x_wconf 81' lang='grc' dir='ltr'>συκῆς</span> <span class='ocrx_word' id='word_1_557' title='bbox 858 4115 1077 4181; x_wconf 78' lang='grc' dir='ltr'>ἐπάγει·</span> <span class='ocrx_word' id='word_1_558' title='bbox 1116 4117 1248 4187; x_wconf 83' lang='grc' dir='ltr'>πρὸς</span> <span class='ocrx_word' id='word_1_559' title='bbox 1297 4121 1360 4187; x_wconf 77' lang='grc' dir='ltr'>ἦν</span> <span class='ocrx_word' id='word_1_560' title='bbox 1402 4122 1429 4172; x_wconf 90' lang='grc' dir='ltr'>ὁ</span> <span class='ocrx_word' id='word_1_561' title='bbox 1472 4124 1669 4194; x_wconf 78' lang='grc' dir='ltr'>Κύριος</span> <span class='ocrx_word' id='word_1_562' title='bbox 1698 4128 1796 4198; x_wconf 75' lang='grc' dir='ltr'><strong>ἔφη</strong></span> 
     </span>
    </p>
   </div>
   <div class='ocr_carea' id='block_1_73' title="bbox 242 4196 1793 4283">
    <p class='ocr_par' dir='ltr' id='par_1_73' title="bbox 242 4196 1793 4283">
     <span class='ocr_line' id='line_1_73' title="bbox 242 4196 1793 4283; baseline 0.015 -35"><span class='ocrx_word' id='word_1_563' title='bbox 242 4196 347 4283; x_wconf 61' lang='grc' dir='ltr'>διᾷ</span> <span class='ocrx_word' id='word_1_564' title='bbox 378 4199 434 4250; x_wconf 75' lang='grc' dir='ltr'><strong>τὸ</strong></span> <span class='ocrx_word' id='word_1_565' title='bbox 460 4201 701 4277; x_wconf 65' lang='grc' dir='ltr'>ἄκαρπον</span> <span class='ocrx_word' id='word_1_566' title='bbox 720 4218 733 4232; x_wconf 71' lang='grc' dir='ltr'><strong>ο</strong></span> <span class='ocrx_word' id='word_1_567' title='bbox 765 4204 985 4270; x_wconf 84' lang='grc' dir='ltr'><strong>Μηκέτι</strong></span> <span class='ocrx_word' id='word_1_568' title='bbox 1017 4207 1083 4258; x_wconf 79' lang='grc' dir='ltr'>ἐκ</span> <span class='ocrx_word' id='word_1_569' title='bbox 1116 4209 1228 4260; x_wconf 87' lang='grc' dir='ltr'>σοῦ</span> <span class='ocrx_word' id='word_1_570' title='bbox 1261 4213 1485 4278; x_wconf 77' lang='grc' dir='ltr'>καρπὸς</span> <span class='ocrx_word' id='word_1_571' title='bbox 1523 4215 1755 4283; x_wconf 73' lang='grc' dir='ltr'>γένηται</span> <span class='ocrx_word' id='word_1_572' title='bbox 1782 4196 1793 4247; x_wconf 59' lang='grc' dir='ltr'><em>λ</em></span> 
     </span>
    </p>
   </div>
   <div class='ocr_carea' id='block_1_74' title="bbox 242 4282 1794 4370">
    <p class='ocr_par' dir='ltr' id='par_1_74' title="bbox 242 4282 1794 4370">
     <span class='ocr_line' id='line_1_74' title="bbox 242 4282 1794 4370; baseline 0.011 -34"><span class='ocrx_word' id='word_1_573' title='bbox 242 4282 352 4337; x_wconf 77' lang='grc' dir='ltr'>καὶ</span> <span class='ocrx_word' id='word_1_574' title='bbox 379 4284 704 4355; x_wconf 78' lang='grc' dir='ltr'>πληροῦσθαί</span> <span class='ocrx_word' id='word_1_575' title='bbox 742 4304 903 4356; x_wconf 75' lang='grc' dir='ltr'>φησιν</span> <span class='ocrx_word' id='word_1_576' title='bbox 934 4290 1018 4341; x_wconf 77' lang='grc' dir='ltr'><strong>ἐπ’</strong></span> <span class='ocrx_word' id='word_1_577' title='bbox 1047 4292 1225 4353; x_wconf 81' lang='grc' dir='ltr'>αὐτοῖς</span> <span class='ocrx_word' id='word_1_578' title='bbox 1248 4294 1315 4345; x_wconf 84' lang='grc' dir='ltr'>τὰ</span> <span class='ocrx_word' id='word_1_579' title='bbox 1357 4295 1449 4346; x_wconf 81' lang='grc' dir='ltr'>τοῦ</span> <span class='ocrx_word' id='word_1_580' title='bbox 1482 4282 1794 4370; x_wconf 84' lang='grc' dir='ltr'>Ἐκκλησια-</span> 
     </span>
    </p>
   </div>
   <div class='ocr_carea' id='block_1_75' title="bbox 244 4373 1869 4451">
    <p class='ocr_par' dir='ltr' id='par_1_75' title="bbox 244 4373 1869 4451">
     <span class='ocr_line' id='line_1_75' title="bbox 244 4373 1869 4451; baseline 0.014 -30"><span class='ocrx_word' id='word_1_581' title='bbox 244 4388 382 4423; x_wconf 87' lang='grc' dir='ltr'>στου</span> <span class='ocrx_word' id='word_1_582' title='bbox 414 4373 474 4435; x_wconf 75' lang='grc'><strong>⁸⁸,</strong></span> <span class='ocrx_word' id='word_1_583' title='bbox 502 4373 743 4440; x_wconf 81' lang='grc' dir='ltr'>λέγοντος</span> <span class='ocrx_word' id='word_1_584' title='bbox 763 4392 776 4405; x_wconf 92' lang='grc'><strong>·</strong></span> <span class='ocrx_word' id='word_1_585' title='bbox 824 4378 1290 4445; x_wconf 82' lang='grc' dir='ltr'>Διεστραμμένον</span> <span class='ocrx_word' id='word_1_586' title='bbox 1354 4385 1424 4436; x_wconf 83' lang='grc' dir='ltr'>οὐ</span> <span class='ocrx_word' id='word_1_587' title='bbox 1476 4384 1791 4451; x_wconf 82' lang='grc' dir='ltr'>δυνήσεται</span> <span class='ocrx_word' id='word_1_588' title='bbox 1827 4390 1869 4442; x_wconf 87' lang='lat' dir='ltr'><strong>D</strong></span> 
     </span>
    </p>
   </div>
   <div class='ocr_carea' id='block_1_76' title="bbox 242 4459 1791 4539">
    <p class='ocr_par' dir='ltr' id='par_1_76' title="bbox 242 4459 1791 4539">
     <span class='ocr_line' id='line_1_76' title="bbox 242 4459 1791 4539; baseline 0.008 -27"><span class='ocrx_word' id='word_1_589' title='bbox 242 4459 741 4527; x_wconf 71' lang='grc' dir='ltr'>ἐπικοσμηθῆναι,</span> <span class='ocrx_word' id='word_1_590' title='bbox 775 4461 870 4513; x_wconf 78' lang='grc' dir='ltr'><strong>καὶ</strong></span> <span class='ocrx_word' id='word_1_591' title='bbox 910 4463 1207 4531; x_wconf 74' lang='grc' dir='ltr'>ὑστέρημα</span> <span class='ocrx_word' id='word_1_592' title='bbox 1227 4467 1296 4517; x_wconf 81' lang='grc' dir='ltr'>οὐ</span> <span class='ocrx_word' id='word_1_593' title='bbox 1329 4466 1647 4533; x_wconf 79' lang='grc' dir='ltr'>δυνήσεται</span> <span class='ocrx_word' id='word_1_594' title='bbox 1668 4474 1791 4539; x_wconf 84' lang='grc' dir='ltr'>ἀρι-</span> 
     </span>
    </p>
   </div>
   <div class='ocr_carea' id='block_1_77' title="bbox 242 4544 1795 4629">
    <p class='ocr_par' dir='ltr' id='par_1_77' title="bbox 242 4544 1795 4629">
     <span class='ocr_line' id='line_1_77' title="bbox 242 4544 1795 4629; baseline 0.01 -30"><span class='ocrx_word' id='word_1_595' title='bbox 242 4545 541 4612; x_wconf 77' lang='grc' dir='ltr'>θμηθῆναι</span> <span class='ocrx_word' id='word_1_596' title='bbox 567 4564 580 4576; x_wconf 84' lang='grc'><strong><em>-</em></strong></span> <span class='ocrx_word' id='word_1_597' title='bbox 611 4544 724 4629; x_wconf 76' lang='grc' dir='ltr'>εἶτα</span> <span class='ocrx_word' id='word_1_598' title='bbox 771 4550 1065 4618; x_wconf 71' lang='grc' dir='ltr'>σαφηνίσας</span> <span class='ocrx_word' id='word_1_599' title='bbox 1092 4553 1159 4604; x_wconf 75' lang='grc' dir='ltr'>τὰ</span> <span class='ocrx_word' id='word_1_600' title='bbox 1192 4553 1329 4622; x_wconf 79' lang='grc' dir='ltr'><strong>ρητά</strong></span> <span class='ocrx_word' id='word_1_601' title='bbox 1362 4556 1548 4621; x_wconf 78' lang='grc' dir='ltr'>ταῦτα,</span> <span class='ocrx_word' id='word_1_602' title='bbox 1582 4563 1795 4629; x_wconf 84' lang='grc' dir='ltr'>προστί-</span> 
     </span>
    </p>
   </div>
   <div class='ocr_carea' id='block_1_78' title="bbox 240 4627 985 4699">
    <p class='ocr_par' dir='ltr' id='par_1_78' title="bbox 240 4627 985 4699">
     <span class='ocr_line' id='line_1_78' title="bbox 240 4627 985 4699; baseline 0.008 -18"><span class='ocrx_word' id='word_1_603' title='bbox 240 4629 318 4699; x_wconf 81' lang='grc' dir='ltr'><strong>θη</strong></span> <span class='ocrx_word' id='word_1_604' title='bbox 329 4646 379 4680; x_wconf 79' lang='grc' dir='ltr'><strong>σι</strong></span> <span class='ocrx_word' id='word_1_605' title='bbox 405 4631 495 4681; x_wconf 74' lang='grc' dir='ltr'>καὶ</span> <span class='ocrx_word' id='word_1_606' title='bbox 523 4630 588 4682; x_wconf 81' lang='grc' dir='ltr'><strong>τά</strong></span> <span class='ocrx_word' id='word_1_607' title='bbox 614 4627 705 4684; x_wconf 73' lang='grc' dir='ltr'>τοῦ</span> <span class='ocrx_word' id='word_1_608' title='bbox 747 4633 985 4691; x_wconf 77' lang='grc' dir='ltr'>Ἡσαΐου.</span> 
     </span>
    </p>
   </div>
   <div class='ocr_carea' id='block_1_79' title="bbox 846 4723 1183 4779">
    <p class='ocr_par' dir='ltr' id='par_1_79' title="bbox 846 4723 1183 4779">
     <span class='ocr_line' id='line_1_79' title="bbox 846 4723 1183 4779; baseline 0.021 -7"><span class='ocrx_word' id='word_1_609' title='bbox 846 4723 1079 4777; x_wconf 78' lang='grc' dir='ltr'><strong>ΚΑΝΩΝ</strong></span> <span class='ocrx_word' id='word_1_610' title='bbox 1109 4726 1183 4779; x_wconf 81' lang='lat' dir='ltr'><strong>E’.</strong></span> 
     </span>
    </p>
   </div>
   <div class='ocr_carea' id='block_1_80' title="bbox 324 4807 1791 4888">
    <p class='ocr_par' dir='ltr' id='par_1_80' title="bbox 324 4807 1791 4888">
     <span class='ocr_line' id='line_1_80' title="bbox 324 4807 1791 4888; baseline 0.01 -31"><span class='ocrx_word' id='word_1_611' title='bbox 324 4823 345 4857; x_wconf 74' lang='grc' dir='ltr'><strong>ι</strong></span> <span class='ocrx_word' id='word_1_612' title='bbox 382 4807 502 4869; x_wconf 83' lang='grc' dir='ltr'>Τοῖς</span> <span class='ocrx_word' id='word_1_613' title='bbox 533 4809 588 4861; x_wconf 82' lang='grc' dir='ltr'><strong>δὲ</strong></span> <span class='ocrx_word' id='word_1_614' title='bbox 620 4808 1160 4880; x_wconf 83' lang='grc' dir='ltr'>καθυποκριναμένοις</span> <span class='ocrx_word' id='word_1_615' title='bbox 1192 4816 1329 4868; x_wconf 86' lang='grc' dir='ltr'><strong>κατά</strong></span> <span class='ocrx_word' id='word_1_616' title='bbox 1358 4818 1445 4868; x_wconf 79' lang='grc' dir='ltr'><strong>τὸν</strong></span> <span class='ocrx_word' id='word_1_617' title='bbox 1477 4820 1791 4888; x_wconf 77' lang='grc' dir='ltr'>ἐπιληπτευ-</span> 
     </span>
    </p>
   </div>
   <div class='ocr_carea' id='block_1_81' title="bbox 248 4895 1789 4979">
    <p class='ocr_par' dir='ltr' id='par_1_81' title="bbox 248 4895 1789 4979">
     <span class='ocr_line' id='line_1_81' title="bbox 248 4895 1789 4979; baseline 0.01 -34"><span class='ocrx_word' id='word_1_618' title='bbox 248 4914 267 4945; x_wconf 76' lang='grc' dir='ltr'><strong>ι</strong></span> <span class='ocrx_word' id='word_1_619' title='bbox 310 4895 538 4962; x_wconf 86' lang='grc' dir='ltr'>σάμενον</span> <span class='ocrx_word' id='word_1_620' title='bbox 557 4897 737 4961; x_wconf 74' lang='grc' dir='ltr'>Δαόὶδ,</span> <span class='ocrx_word' id='word_1_621' title='bbox 768 4899 851 4949; x_wconf 87' lang='grc' dir='ltr'>ἶνα</span> <span class='ocrx_word' id='word_1_622' title='bbox 898 4899 970 4969; x_wconf 79' lang='grc' dir='ltr'>μὴ</span> <span class='ocrx_word' id='word_1_623' title='bbox 1021 4902 1281 4975; x_wconf 82' lang='grc' dir='ltr'>ἀποθάνῃ,</span> <span class='ocrx_word' id='word_1_624' title='bbox 1310 4906 1406 4957; x_wconf 81' lang='grc' dir='ltr'><strong>οὐκ</strong></span> <span class='ocrx_word' id='word_1_625' title='bbox 1434 4906 1561 4959; x_wconf 75' lang='grc' dir='ltr'>ὄντα</span> <span class='ocrx_word' id='word_1_626' title='bbox 1605 4909 1789 4979; x_wconf 70' lang='grc' dir='ltr'>ὲπῦιη-</span> 
     </span>
    </p>
   </div>
   <div class='ocr_carea' id='block_1_82' title="bbox 247 4984 1790 5064">
    <p class='ocr_par' dir='ltr' id='par_1_82' title="bbox 247 4984 1790 5064">
     <span class='ocr_line' id='line_1_82' title="bbox 247 4984 1790 5064; baseline 0.01 -32"><span class='ocrx_word' id='word_1_627' title='bbox 247 5002 269 5033; x_wconf 74' lang='grc' dir='ltr'><strong>ς</strong></span> <span class='ocrx_word' id='word_1_628' title='bbox 310 4999 470 5035; x_wconf 74' lang='grc' dir='ltr'>πτον·</span> <span class='ocrx_word' id='word_1_629' title='bbox 506 4984 597 5036; x_wconf 72' lang='grc' dir='ltr'><strong>καὶ</strong></span> <span class='ocrx_word' id='word_1_630' title='bbox 651 4986 723 5054; x_wconf 82' lang='grc' dir='ltr'>μὴ</span> <span class='ocrx_word' id='word_1_631' title='bbox 777 4987 994 5054; x_wconf 85' lang='grc' dir='ltr'>γυμνῶς</span> <span class='ocrx_word' id='word_1_632' title='bbox 1037 4989 1507 5061; x_wconf 76' lang='grc' dir='ltr'>ἀπογραψαμένοις</span> <span class='ocrx_word' id='word_1_633' title='bbox 1545 4994 1612 5046; x_wconf 84' lang='grc' dir='ltr'>τὰ</span> <span class='ocrx_word' id='word_1_634' title='bbox 1655 4996 1790 5064; x_wconf 82' lang='grc' dir='ltr'>πρὸς</span> 
     </span>
    </p>
   </div>
   <div class='ocr_carea' id='block_1_83' title="bbox 248 5068 1790 5149">
    <p class='ocr_par' dir='ltr' id='par_1_83' title="bbox 248 5068 1790 5149">
     <span class='ocr_line' id='line_1_83' title="bbox 248 5068 1790 5149; baseline 0.011 -31"><span class='ocrx_word' id='word_1_635' title='bbox 248 5087 267 5118; x_wconf 79' lang='grc' dir='ltr'><strong>ι</strong></span> <span class='ocrx_word' id='word_1_636' title='bbox 307 5068 553 5137; x_wconf 75' lang='grc' dir='ltr'>ἄρνησιν,</span> <span class='ocrx_word' id='word_1_637' title='bbox 601 5071 733 5124; x_wconf 79' lang='grc' dir='ltr'>ἀλλὰ</span> <span class='ocrx_word' id='word_1_638' title='bbox 764 5072 1069 5138; x_wconf 81' lang='grc' dir='ltr'>διαπαίξασι</span> <span class='ocrx_word' id='word_1_639' title='bbox 1112 5079 1246 5131; x_wconf 74' lang='grc' dir='ltr'><strong>κατά</strong></span> <span class='ocrx_word' id='word_1_640' title='bbox 1297 5080 1491 5148; x_wconf 73' lang='grc' dir='ltr'>τωλλὴν</span> <span class='ocrx_word' id='word_1_641' title='bbox 1536 5098 1790 5149; x_wconf 86' lang='grc' dir='ltr'>στενοχω-</span> 
     </span>
    </p>
   </div>
   <div class='ocr_carea' id='block_1_84' title="bbox 244 5156 1791 5237">
    <p class='ocr_par' dir='ltr' id='par_1_84' title="bbox 244 5156 1791 5237">
     <span class='ocr_line' id='line_1_84' title="bbox 244 5156 1791 5237; baseline 0.01 -31"><span class='ocrx_word' id='word_1_642' title='bbox 244 5176 268 5206; x_wconf 71' lang='grc' dir='ltr'><strong>σ</strong></span> <span class='ocrx_word' id='word_1_643' title='bbox 316 5156 457 5225; x_wconf 85' lang='grc' dir='ltr'>ρίαν,</span> <span class='ocrx_word' id='word_1_644' title='bbox 483 5156 559 5218; x_wconf 85' lang='grc' dir='ltr'>ὡς</span> <span class='ocrx_word' id='word_1_645' title='bbox 585 5157 649 5209; x_wconf 83' lang='grc' dir='ltr'><strong>ἂν</strong></span> <span class='ocrx_word' id='word_1_646' title='bbox 674 5160 855 5213; x_wconf 85' lang='grc' dir='ltr'>παιδία</span> <span class='ocrx_word' id='word_1_647' title='bbox 882 5161 1193 5229; x_wconf 81' lang='grc' dir='ltr'>βουλευτικά</span> <span class='ocrx_word' id='word_1_648' title='bbox 1225 5166 1464 5237; x_wconf 74' lang='grc' dir='ltr'>ἔμφρονα</span> <span class='ocrx_word' id='word_1_649' title='bbox 1488 5171 1543 5221; x_wconf 77' lang='grc' dir='ltr'>ὲν</span> <span class='ocrx_word' id='word_1_650' title='bbox 1566 5171 1791 5232; x_wconf 83' lang='grc' dir='ltr'>παιδίοις</span> 
     </span>
    </p>
   </div>
   <div class='ocr_carea' id='block_1_85' title="bbox 245 5240 1792 5322">
    <p class='ocr_par' dir='ltr' id='par_1_85' title="bbox 245 5240 1792 5322">
     <span class='ocr_line' id='line_1_85' title="bbox 245 5240 1792 5322; baseline 0.012 -32"><span class='ocrx_word' id='word_1_651' title='bbox 245 5260 267 5292; x_wconf 76' lang='lat' dir='ltr'><strong>e</strong></span> <span class='ocrx_word' id='word_1_652' title='bbox 308 5240 527 5310; x_wconf 69' lang='grc' dir='ltr'>ἄφροσι,</span> <span class='ocrx_word' id='word_1_653' title='bbox 556 5242 651 5305; x_wconf 77' lang='grc' dir='ltr'>τὰς</span> <span class='ocrx_word' id='word_1_654' title='bbox 697 5246 798 5298; x_wconf 86' lang='grc' dir='ltr'><strong>τῶν</strong></span> <span class='ocrx_word' id='word_1_655' title='bbox 846 5247 1049 5315; x_wconf 77' lang='grc' dir='ltr'>ἐχθρῶν</span> <span class='ocrx_word' id='word_1_656' title='bbox 1080 5248 1381 5315; x_wconf 74' lang='grc' dir='ltr'>ἐπιϐουλὰς,</span> <span class='ocrx_word' id='word_1_657' title='bbox 1429 5254 1542 5322; x_wconf 70' lang='grc' dir='ltr'>ἦτοι</span> <span class='ocrx_word' id='word_1_658' title='bbox 1567 5256 1639 5317; x_wconf 85' lang='grc' dir='ltr'>ὡς</span> <span class='ocrx_word' id='word_1_659' title='bbox 1660 5257 1792 5309; x_wconf 87' lang='grc' dir='ltr'>διελ-</span> 
     </span>
    </p>
   </div>
   <div class='ocr_carea' id='block_1_86' title="bbox 318 5356 1266 5428">
    <p class='ocr_par' dir='ltr' id='par_1_86' title="bbox 318 5356 1266 5428">
     <span class='ocr_line' id='line_1_86' title="bbox 318 5356 1266 5428; baseline 0.015 -22"><span class='ocrx_word' id='word_1_660' title='bbox 318 5368 343 5396; x_wconf 75' lang='grc' dir='ltr'>ι</span> <span class='ocrx_word' id='word_1_661' title='bbox 371 5356 555 5408; x_wconf 64' lang='lat' dir='ltr'><strong>Matth.</strong></span> <span class='ocrx_word' id='word_1_662' title='bbox 587 5373 698 5424; x_wconf 76' lang='lat' dir='ltr'><strong>nl,</strong></span> <span class='ocrx_word' id='word_1_663' title='bbox 730 5360 810 5413; x_wconf 86' lang='lat' dir='ltr'><strong>l9.</strong></span> <span class='ocrx_word' id='word_1_664' title='bbox 881 5362 909 5402; x_wconf 73' lang='lat' dir='ltr'><strong>h</strong></span> <span class='ocrx_word' id='word_1_665' title='bbox 937 5362 1158 5428; x_wconf 80' lang='lat' dir='ltr'><strong>Eecle.i,</strong></span> <span class='ocrx_word' id='word_1_666' title='bbox 1181 5366 1266 5420; x_wconf 77' lang='grc'><strong>15.</strong></span> 
     </span>
    </p>
   </div>
   <div class='ocr_carea' id='block_1_87' title="bbox 1343 5368 2437 5441">
    <p class='ocr_par' dir='ltr' id='par_1_87' title="bbox 1343 5368 2437 5441">
     <span class='ocr_line' id='line_1_87' title="bbox 1343 5368 2437 5441; baseline 0.009 -21"><span class='ocrx_word' id='word_1_667' title='bbox 1343 5380 1364 5406; x_wconf 74' lang='grc' dir='ltr'><strong>ε</strong></span> <span class='ocrx_word' id='word_1_668' title='bbox 1395 5368 1504 5422; x_wconf 87' lang='lat' dir='ltr'><strong>Isa.</strong></span> <span class='ocrx_word' id='word_1_669' title='bbox 1534 5387 1677 5435; x_wconf 62' lang='lat' dir='ltr'><strong>LXVI,</strong></span> <span class='ocrx_word' id='word_1_670' title='bbox 1708 5375 1794 5426; x_wconf 67' lang='grc'><strong>24.</strong></span> <span class='ocrx_word' id='word_1_671' title='bbox 1869 5374 1894 5413; x_wconf 74' lang='grc' dir='ltr'><strong>ἀ</strong></span> <span class='ocrx_word' id='word_1_672' title='bbox 1932 5374 2039 5430; x_wconf 84' lang='lat' dir='ltr'><strong>lsa.</strong></span> <span class='ocrx_word' id='word_1_673' title='bbox 2074 5391 2203 5440; x_wconf 78' lang='lat' dir='ltr'><strong>Lvu,</strong></span> <span class='ocrx_word' id='word_1_674' title='bbox 2232 5377 2320 5441; x_wconf 77' lang='lat'><strong>‘20,</strong></span> <span class='ocrx_word' id='word_1_675' title='bbox 2349 5376 2437 5430; x_wconf 73' lang='grc'><strong>21.</strong></span> 
     </span>
    </p>
   </div>
   <div class='ocr_carea' id='block_1_88' title="bbox 1903 3168 3439 3236">
    <p class='ocr_par' dir='ltr' id='par_1_88' title="bbox 1903 3168 3439 3236">
     <span class='ocr_line' id='line_1_88' title="bbox 1903 3168 3439 3236; baseline 0.003 -18"><span class='ocrx_word' id='word_1_676' title='bbox 1903 3168 2346 3236; x_wconf 82' lang='lat' dir='ltr'><strong>resipisccntibus</strong></span> <span class='ocrx_word' id='word_1_677' title='bbox 2372 3171 2532 3222; x_wconf 84' lang='lat' dir='ltr'><strong>etiam</strong></span> <span class='ocrx_word' id='word_1_678' title='bbox 2564 3171 2705 3222; x_wconf 85' lang='lat' dir='ltr'><strong>dicta</strong></span> <span class='ocrx_word' id='word_1_679' title='bbox 2747 3179 2889 3223; x_wconf 92' lang='lat' dir='ltr'><strong>sunt.</strong></span> <span class='ocrx_word' id='word_1_680' title='bbox 2920 3170 3188 3224; x_wconf 82' lang='lat' dir='ltr'><strong>Adversus</strong></span> <span class='ocrx_word' id='word_1_681' title='bbox 3214 3186 3305 3224; x_wconf 90' lang='lat' dir='ltr'><strong>eos</strong></span> <span class='ocrx_word' id='word_1_682' title='bbox 3338 3185 3439 3223; x_wconf 62' lang='lat' dir='ltr'><strong>auo</strong></span> 
     </span>
    </p>
   </div>
   <div class='ocr_carea' id='block_1_89' title="bbox 1900 3256 3436 3325">
    <p class='ocr_par' dir='ltr' id='par_1_89' title="bbox 1900 3256 3436 3325">
     <span class='ocr_line' id='line_1_89' title="bbox 1900 3256 3436 3325; baseline 0.006 -19"><span class='ocrx_word' id='word_1_683' title='bbox 1900 3263 2005 3307; x_wconf 91' lang='lat' dir='ltr'><strong>tem</strong></span> <span class='ocrx_word' id='word_1_684' title='bbox 2037 3256 2127 3323; x_wconf 86' lang='lat' dir='ltr'><strong>qui</strong></span> <span class='ocrx_word' id='word_1_685' title='bbox 2159 3259 2303 3309; x_wconf 86' lang='lat' dir='ltr'><strong>nulla</strong></span> <span class='ocrx_word' id='word_1_686' title='bbox 2342 3259 2652 3325; x_wconf 64' lang='lat' dir='ltr'><strong>paenitentia</strong></span> <span class='ocrx_word' id='word_1_687' title='bbox 2706 3258 2997 3319; x_wconf 88' lang='lat' dir='ltr'><strong>ducuntur,</strong></span> <span class='ocrx_word' id='word_1_688' title='bbox 3051 3259 3271 3313; x_wconf 86' lang='lat' dir='ltr'><strong>alterius</strong></span> <span class='ocrx_word' id='word_1_689' title='bbox 3307 3259 3436 3315; x_wconf 78' lang='lat' dir='ltr'><strong>ﬁcus</strong></span> 
     </span>
    </p>
   </div>
   <div class='ocr_carea' id='block_1_90' title="bbox 1899 3345 3440 3412">
    <p class='ocr_par' dir='ltr' id='par_1_90' title="bbox 1899 3345 3440 3412">
     <span class='ocr_line' id='line_1_90' title="bbox 1899 3345 3440 3412; baseline 0.003 -17"><span class='ocrx_word' id='word_1_690' title='bbox 1899 3345 2322 3397; x_wconf 80' lang='lat' dir='ltr'><strong>exsecrationem</strong></span> <span class='ocrx_word' id='word_1_691' title='bbox 2378 3347 2602 3407; x_wconf 88' lang='lat' dir='ltr'><strong>inducit,</strong></span> <span class='ocrx_word' id='word_1_692' title='bbox 2667 3345 2729 3397; x_wconf 88' lang='lat' dir='ltr'><strong>ad</strong></span> <span class='ocrx_word' id='word_1_693' title='bbox 2778 3362 2938 3412; x_wconf 87' lang='lat' dir='ltr'><strong>quam</strong></span> <span class='ocrx_word' id='word_1_694' title='bbox 3002 3345 3259 3400; x_wconf 84' lang='lat' dir='ltr'><strong>Dominus</strong></span> <span class='ocrx_word' id='word_1_695' title='bbox 3310 3348 3440 3401; x_wconf 85' lang='lat' dir='ltr'><strong>dicit</strong></span> 
     </span>
    </p>
   </div>
   <div class='ocr_carea' id='block_1_91' title="bbox 1901 3430 3437 3498">
    <p class='ocr_par' dir='ltr' id='par_1_91' title="bbox 1901 3430 3437 3498">
     <span class='ocr_line' id='line_1_91' title="bbox 1901 3430 3437 3498; baseline 0.003 -17"><span class='ocrx_word' id='word_1_696' title='bbox 1901 3441 2115 3497; x_wconf 79' lang='lat' dir='ltr'><strong>propter</strong></span> <span class='ocrx_word' id='word_1_697' title='bbox 2147 3430 2530 3485; x_wconf 76' lang='lat' dir='ltr'><strong>infertilitatem</strong></span> <span class='ocrx_word' id='word_1_698' title='bbox 2564 3451 2575 3484; x_wconf 92' lang='lat'><strong>:</strong></span> <span class='ocrx_word' id='word_1_699' title='bbox 2641 3431 2869 3484; x_wconf 86' lang='lat' dir='ltr'><strong>Fructus</strong></span> <span class='ocrx_word' id='word_1_700' title='bbox 2902 3433 3125 3498; x_wconf 76' lang='lat' dir='ltr'><strong>amplius</strong></span> <span class='ocrx_word' id='word_1_701' title='bbox 3165 3449 3226 3484; x_wconf 65' lang='lat' dir='ltr'><strong>ex</strong></span> <span class='ocrx_word' id='word_1_702' title='bbox 3255 3442 3299 3485; x_wconf 90' lang='lat' dir='ltr'><strong>te</strong></span> <span class='ocrx_word' id='word_1_703' title='bbox 3339 3451 3437 3487; x_wconf 49' lang='lat' dir='ltr'><strong>usu</strong></span> 
     </span>
    </p>
   </div>
   <div class='ocr_carea' id='block_1_92' title="bbox 1900 3519 2011 3579">
    <p class='ocr_par' dir='ltr' id='par_1_92' title="bbox 1900 3519 2011 3579">
     <span class='ocr_line' id='line_1_92' title="bbox 1900 3519 2011 3579; baseline 0.009 -11"><span class='ocrx_word' id='word_1_704' title='bbox 1900 3519 2011 3579; x_wconf 78' lang='lat' dir='ltr'><strong>ﬁat.</strong></span> 
     </span>
    </p>
   </div>
   <div class='ocr_carea' id='block_1_93' title="bbox 1969 3606 3436 3678">
    <p class='ocr_par' dir='ltr' id='par_1_93' title="bbox 1969 3606 3436 3678">
     <span class='ocr_line' id='line_1_93' title="bbox 1969 3606 3436 3678; baseline 0.003 -21"><span class='ocrx_word' id='word_1_705' title='bbox 1969 3606 2167 3659; x_wconf 71' lang='lat' dir='ltr'><strong>Zomn.</strong></span> <span class='ocrx_word' id='word_1_706' title='bbox 2202 3607 2331 3671; x_wconf 59' lang='lat' dir='ltr'><strong>Quae</strong></span> <span class='ocrx_word' id='word_1_707' title='bbox 2377 3609 2523 3677; x_wconf 88' lang='lat' dir='ltr'><strong>prius</strong></span> <span class='ocrx_word' id='word_1_708' title='bbox 2553 3610 2764 3678; x_wconf 83' lang='lat' dir='ltr'><strong>quidem</strong></span> <span class='ocrx_word' id='word_1_709' title='bbox 2812 3610 2877 3662; x_wconf 91' lang='lat' dir='ltr'><strong>de</strong></span> <span class='ocrx_word' id='word_1_710' title='bbox 2928 3609 3091 3678; x_wconf 84' lang='lat' dir='ltr'><strong>lapsis</strong></span> <span class='ocrx_word' id='word_1_711' title='bbox 3117 3609 3257 3661; x_wconf 89' lang='lat' dir='ltr'><strong>dicta</strong></span> <span class='ocrx_word' id='word_1_712' title='bbox 3290 3618 3436 3671; x_wconf 86' lang='lat' dir='ltr'><strong>sunt,</strong></span> 
     </span>
    </p>
   </div>
   <div class='ocr_carea' id='block_1_94' title="bbox 1900 3694 3437 3762">
    <p class='ocr_par' dir='ltr' id='par_1_94' title="bbox 1900 3694 3437 3762">
     <span class='ocr_line' id='line_1_94' title="bbox 1900 3694 3437 3762; baseline 0 -15"><span class='ocrx_word' id='word_1_713' title='bbox 1900 3694 2043 3747; x_wconf 89' lang='lat' dir='ltr'><strong>dicta</strong></span> <span class='ocrx_word' id='word_1_714' title='bbox 2075 3702 2200 3749; x_wconf 89' lang='lat' dir='ltr'><strong>sunt</strong></span> <span class='ocrx_word' id='word_1_715' title='bbox 2238 3697 2399 3747; x_wconf 79' lang='lat' dir='ltr'><strong>etiam</strong></span> <span class='ocrx_word' id='word_1_716' title='bbox 2451 3697 2516 3749; x_wconf 89' lang='lat' dir='ltr'><strong>de</strong></span> <span class='ocrx_word' id='word_1_717' title='bbox 2556 3696 3019 3762; x_wconf 82' lang='lat' dir='ltr'><strong>resipiscentibus.</strong></span> <span class='ocrx_word' id='word_1_718' title='bbox 3069 3695 3265 3748; x_wconf 89' lang='lat' dir='ltr'><strong>Contra</strong></span> <span class='ocrx_word' id='word_1_719' title='bbox 3317 3696 3437 3748; x_wconf 91' lang='lat' dir='ltr'><strong>illos</strong></span> 
     </span>
    </p>
   </div>
   <div class='ocr_carea' id='block_1_95' title="bbox 1898 3784 3439 3854">
    <p class='ocr_par' dir='ltr' id='par_1_95' title="bbox 1898 3784 3439 3854">
     <span class='ocr_line' id='line_1_95' title="bbox 1898 3784 3439 3854; baseline 0 -16"><span class='ocrx_word' id='word_1_720' title='bbox 1898 3800 2023 3838; x_wconf 83' lang='lat' dir='ltr'><strong>vero</strong></span> <span class='ocrx_word' id='word_1_721' title='bbox 2072 3787 2159 3854; x_wconf 88' lang='lat' dir='ltr'><strong>qui</strong></span> <span class='ocrx_word' id='word_1_722' title='bbox 2204 3800 2264 3839; x_wconf 79' lang='lat' dir='ltr'><strong>ex</strong></span> <span class='ocrx_word' id='word_1_723' title='bbox 2315 3784 2687 3854; x_wconf 85' lang='lat' dir='ltr'><strong>desperatione</strong></span> <span class='ocrx_word' id='word_1_724' title='bbox 2735 3786 2815 3839; x_wconf 84' lang='lat' dir='ltr'><strong>vel</strong></span> <span class='ocrx_word' id='word_1_725' title='bbox 2859 3786 3143 3853; x_wconf 76' lang='lat' dir='ltr'><strong>depravata</strong></span> <span class='ocrx_word' id='word_1_726' title='bbox 3186 3785 3439 3853; x_wconf 89' lang='lat' dir='ltr'><strong>opinione</strong></span> 
     </span>
    </p>
   </div>
   <div class='ocr_carea' id='block_1_96' title="bbox 1899 3870 3435 3940">
    <p class='ocr_par' dir='ltr' id='par_1_96' title="bbox 1899 3870 3435 3940">
     <span class='ocr_line' id='line_1_96' title="bbox 1899 3870 3435 3940; baseline -0.001 -16"><span class='ocrx_word' id='word_1_727' title='bbox 1899 3872 2268 3940; x_wconf 76' lang='lat' dir='ltr'><strong>pmnitentiam</strong></span> <span class='ocrx_word' id='word_1_728' title='bbox 2312 3887 2417 3924; x_wconf 86' lang='lat' dir='ltr'><strong>non</strong></span> <span class='ocrx_word' id='word_1_729' title='bbox 2450 3880 2636 3940; x_wconf 74' lang='lat' dir='ltr'><strong>agunt,</strong></span> <span class='ocrx_word' id='word_1_730' title='bbox 2669 3886 2730 3923; x_wconf 87' lang='lat' dir='ltr'><strong>ac</strong></span> <span class='ocrx_word' id='word_1_731' title='bbox 2779 3879 3037 3938; x_wconf 83' lang='lat' dir='ltr'><strong>perpetuo</strong></span> <span class='ocrx_word' id='word_1_732' title='bbox 3088 3870 3435 3924; x_wconf 64' lang='lat' dir='ltr'><strong>inhaerentem</strong></span> 
     </span>
    </p>
   </div>
   <div class='ocr_carea' id='block_1_97' title="bbox 1899 3959 3438 4028">
    <p class='ocr_par' dir='ltr' id='par_1_97' title="bbox 1899 3959 3438 4028">
     <span class='ocr_line' id='line_1_97' title="bbox 1899 3959 3438 4028; baseline 0 -16"><span class='ocrx_word' id='word_1_733' title='bbox 1899 3975 1961 4013; x_wconf 88' lang='lat' dir='ltr'><strong>ac</strong></span> <span class='ocrx_word' id='word_1_734' title='bbox 1990 3960 2322 4013; x_wconf 84' lang='lat' dir='ltr'><strong>indelebilem</strong></span> <span class='ocrx_word' id='word_1_735' title='bbox 2354 3961 2555 4028; x_wconf 87' lang='lat' dir='ltr'><strong>peccati</strong></span> <span class='ocrx_word' id='word_1_736' title='bbox 2586 3960 2854 4025; x_wconf 78' lang='lat' dir='ltr'><strong>nigrorem</strong></span> <span class='ocrx_word' id='word_1_737' title='bbox 2884 3967 3116 4026; x_wconf 75' lang='lat' dir='ltr'><strong>gestant,</strong></span> <span class='ocrx_word' id='word_1_738' title='bbox 3135 3967 3193 4012; x_wconf 91' lang='lat' dir='ltr'><strong>ut</strong></span> <span class='ocrx_word' id='word_1_739' title='bbox 3226 3959 3438 4013; x_wconf 64' lang='lat' dir='ltr'><strong>Ethio-</strong></span> 
     </span>
    </p>
   </div>
   <div class='ocr_carea' id='block_1_98' title="bbox 1899 4048 3435 4117">
    <p class='ocr_par' dir='ltr' id='par_1_98' title="bbox 1899 4048 3435 4117">
     <span class='ocr_line' id='line_1_98' title="bbox 1899 4048 3435 4117; baseline 0.002 -16"><span class='ocrx_word' id='word_1_740' title='bbox 1899 4064 1992 4117; x_wconf 91' lang='lat' dir='ltr'><strong>pes</strong></span> <span class='ocrx_word' id='word_1_741' title='bbox 2018 4049 2219 4102; x_wconf 74' lang='lat' dir='ltr'><strong>fuscam</strong></span> <span class='ocrx_word' id='word_1_742' title='bbox 2250 4049 2473 4117; x_wconf 65' lang='lat' dir='ltr'><strong>pellem,</strong></span> <span class='ocrx_word' id='word_1_743' title='bbox 2504 4048 2809 4116; x_wconf 86' lang='lat' dir='ltr'><strong>pardusque</strong></span> <span class='ocrx_word' id='word_1_744' title='bbox 2841 4048 3157 4111; x_wconf 76' lang='lat' dir='ltr'><strong>varietates;</strong></span> <span class='ocrx_word' id='word_1_745' title='bbox 3210 4050 3435 4104; x_wconf 82' lang='lat' dir='ltr'><strong>alterius</strong></span> 
     </span>
    </p>
   </div>
   <div class='ocr_carea' id='block_1_99' title="bbox 1899 4135 3436 4203">
    <p class='ocr_par' dir='ltr' id='par_1_99' title="bbox 1899 4135 3436 4203">
     <span class='ocr_line' id='line_1_99' title="bbox 1899 4135 3436 4203; baseline 0.001 -14"><span class='ocrx_word' id='word_1_746' title='bbox 1899 4137 2032 4191; x_wconf 82' lang='lat' dir='ltr'><strong>ﬁcus</strong></span> <span class='ocrx_word' id='word_1_747' title='bbox 2061 4138 2483 4191; x_wconf 80' lang='lat' dir='ltr'><strong>exsecrationem</strong></span> <span class='ocrx_word' id='word_1_748' title='bbox 2514 4138 2739 4191; x_wconf 89' lang='lat' dir='ltr'><strong>inducit.</strong></span> <span class='ocrx_word' id='word_1_749' title='bbox 2790 4135 2868 4187; x_wconf 83' lang='lat' dir='ltr'><strong>Ad</strong></span> <span class='ocrx_word' id='word_1_750' title='bbox 2892 4150 3050 4203; x_wconf 89' lang='lat' dir='ltr'><strong>quam</strong></span> <span class='ocrx_word' id='word_1_751' title='bbox 3082 4135 3339 4190; x_wconf 88' lang='lat' dir='ltr'><strong>Dominus</strong></span> <span class='ocrx_word' id='word_1_752' title='bbox 3366 4136 3436 4190; x_wconf 87' lang='lat' dir='ltr'><strong>ob</strong></span> 
     </span>
    </p>
   </div>
   <div class='ocr_carea' id='block_1_100' title="bbox 1897 4218 3436 4292">
    <p class='ocr_par' dir='ltr' id='par_1_100' title="bbox 1897 4218 3436 4292">
     <span class='ocr_line' id='line_1_100' title="bbox 1897 4218 3436 4292; baseline -0.001 -13"><span class='ocrx_word' id='word_1_753' title='bbox 1897 4226 2253 4287; x_wconf 76' lang='lat' dir='ltr'><strong>sterilitatem,</strong></span> <span class='ocrx_word' id='word_1_754' title='bbox 2297 4218 2376 4277; x_wconf 84' lang='lat' dir='ltr'><strong>Ne</strong></span> <span class='ocrx_word' id='word_1_755' title='bbox 2406 4225 2626 4291; x_wconf 79' lang='lat' dir='ltr'><strong>fructus,</strong></span> <span class='ocrx_word' id='word_1_756' title='bbox 2659 4224 2852 4291; x_wconf 86' lang='lat' dir='ltr'><strong>inquit,</strong></span> <span class='ocrx_word' id='word_1_757' title='bbox 2902 4225 3125 4292; x_wconf 81' lang='lat' dir='ltr'><strong>amplius</strong></span> <span class='ocrx_word' id='word_1_758' title='bbox 3168 4240 3229 4277; x_wconf 79' lang='lat' dir='ltr'><strong>ea;</strong></span> <span class='ocrx_word' id='word_1_759' title='bbox 3260 4233 3308 4276; x_wconf 89' lang='lat' dir='ltr'><strong>te</strong></span> <span class='ocrx_word' id='word_1_760' title='bbox 3342 4242 3436 4277; x_wconf 78' lang='lat' dir='ltr'><strong>ua-</strong></span> 
     </span>
    </p>
   </div>
   <div class='ocr_carea' id='block_1_101' title="bbox 1898 4313 3434 4383">
    <p class='ocr_par' dir='ltr' id='par_1_101' title="bbox 1898 4313 3434 4383">
     <span class='ocr_line' id='line_1_101' title="bbox 1898 4313 3434 4383; baseline -0.001 -17"><span class='ocrx_word' id='word_1_761' title='bbox 1898 4324 2093 4366; x_wconf 87' lang='lat' dir='ltr'><strong>scatur.</strong></span> <span class='ocrx_word' id='word_1_762' title='bbox 2128 4314 2565 4382; x_wconf 83' lang='lat' dir='ltr'><strong>lmplendumque</strong></span> <span class='ocrx_word' id='word_1_763' title='bbox 2598 4315 2671 4366; x_wconf 86' lang='lat' dir='ltr'><strong>ait</strong></span> <span class='ocrx_word' id='word_1_764' title='bbox 2715 4316 2767 4365; x_wconf 90' lang='lat' dir='ltr'><strong>in</strong></span> <span class='ocrx_word' id='word_1_765' title='bbox 2814 4315 2946 4383; x_wconf 89' lang='lat' dir='ltr'><strong>ipsis</strong></span> <span class='ocrx_word' id='word_1_766' title='bbox 2984 4313 3112 4364; x_wconf 83' lang='lat' dir='ltr'><strong>illud</strong></span> <span class='ocrx_word' id='word_1_767' title='bbox 3163 4313 3434 4366; x_wconf 85' lang='lat' dir='ltr'><strong>Ecclesia-</strong></span> 
     </span>
    </p>
   </div>
   <div class='ocr_carea' id='block_1_102' title="bbox 1898 4402 3433 4469">
    <p class='ocr_par' dir='ltr' id='par_1_102' title="bbox 1898 4402 3433 4469">
     <span class='ocr_line' id='line_1_102' title="bbox 1898 4402 3433 4469; baseline 0 -16"><span class='ocrx_word' id='word_1_768' title='bbox 1898 4409 2024 4464; x_wconf 83' lang='lat' dir='ltr'><strong>stes,</strong></span> <span class='ocrx_word' id='word_1_769' title='bbox 2076 4402 2301 4455; x_wconf 84' lang='lat' dir='ltr'><strong>dicentis</strong></span> <span class='ocrx_word' id='word_1_770' title='bbox 2335 4420 2346 4454; x_wconf 88' lang='lat'>:</span> <span class='ocrx_word' id='word_1_771' title='bbox 2386 4402 2533 4465; x_wconf 82' lang='lat' dir='ltr'><strong>Quod</strong></span> <span class='ocrx_word' id='word_1_772' title='bbox 2557 4417 2844 4468; x_wconf 78' lang='lat' dir='ltr'><strong>perversum</strong></span> <span class='ocrx_word' id='word_1_773' title='bbox 2864 4414 3052 4455; x_wconf 82' lang='lat' dir='ltr'><strong>estnon</strong></span> <span class='ocrx_word' id='word_1_774' title='bbox 3080 4403 3263 4469; x_wconf 85' lang='lat' dir='ltr'><strong>poterit</strong></span> <span class='ocrx_word' id='word_1_775' title='bbox 3281 4417 3433 4454; x_wconf 73' lang='lat' dir='ltr'><strong>exor-</strong></span> 
     </span>
    </p>
   </div>
   <div class='ocr_carea' id='block_1_103' title="bbox 1897 4486 3433 4557">
    <p class='ocr_par' dir='ltr' id='par_1_103' title="bbox 1897 4486 3433 4557">
     <span class='ocr_line' id='line_1_103' title="bbox 1897 4486 3433 4557; baseline 0.001 -16"><span class='ocrx_word' id='word_1_776' title='bbox 1897 4490 2040 4551; x_wconf 81' lang='lat' dir='ltr'><strong>nari,</strong></span> <span class='ocrx_word' id='word_1_777' title='bbox 2066 4500 2113 4542; x_wconf 88' lang='lat' dir='ltr'><strong>et</strong></span> <span class='ocrx_word' id='word_1_778' title='bbox 2138 4490 2363 4555; x_wconf 76' lang='lat' dir='ltr'><strong>defectus</strong></span> <span class='ocrx_word' id='word_1_779' title='bbox 2395 4491 2658 4541; x_wconf 81' lang='lat' dir='ltr'><strong>numerari</strong></span> <span class='ocrx_word' id='word_1_780' title='bbox 2696 4507 2793 4541; x_wconf 83' lang='lat' dir='ltr'><strong>non</strong></span> <span class='ocrx_word' id='word_1_781' title='bbox 2814 4486 2999 4556; x_wconf 80' lang='lat' dir='ltr'><strong>poterit</strong></span> <span class='ocrx_word' id='word_1_782' title='bbox 3032 4505 3048 4541; x_wconf 91' lang='lat'><em>:</em></span> <span class='ocrx_word' id='word_1_783' title='bbox 3085 4492 3278 4557; x_wconf 86' lang='lat' dir='ltr'><strong>quibus</strong></span> <span class='ocrx_word' id='word_1_784' title='bbox 3310 4504 3433 4543; x_wconf 79' lang='lat' dir='ltr'><strong>mox</strong></span> 
     </span>
    </p>
   </div>
   <div class='ocr_carea' id='block_1_104' title="bbox 1896 4576 3117 4648">
    <p class='ocr_par' dir='ltr' id='par_1_104' title="bbox 1896 4576 3117 4648">
     <span class='ocr_line' id='line_1_104' title="bbox 1896 4576 3117 4648; baseline 0.001 -18"><span class='ocrx_word' id='word_1_785' title='bbox 1896 4577 2195 4645; x_wconf 78' lang='lat' dir='ltr'><strong>explicatis,</strong></span> <span class='ocrx_word' id='word_1_786' title='bbox 2221 4576 2371 4631; x_wconf 64' lang='lat' dir='ltr'><strong>Isaiae</strong></span> <span class='ocrx_word' id='word_1_787' title='bbox 2401 4594 2613 4646; x_wconf 83' lang='lat' dir='ltr'><strong>quoque</strong></span> <span class='ocrx_word' id='word_1_788' title='bbox 2647 4580 2803 4631; x_wconf 83' lang='lat' dir='ltr'><strong>verba</strong></span> <span class='ocrx_word' id='word_1_789' title='bbox 2830 4579 3117 4648; x_wconf 76' lang='lat' dir='ltr'><strong>subjuugit.</strong></span> 
     </span>
    </p>
   </div>
   <div class='ocr_carea' id='block_1_105' title="bbox 2388 4717 2822 4785">
    <p class='ocr_par' dir='ltr' id='par_1_105' title="bbox 2388 4717 2822 4785">
     <span class='ocr_line' id='line_1_105' title="bbox 2388 4717 2822 4785; baseline 0.002 -1"><span class='ocrx_word' id='word_1_790' title='bbox 2388 4717 2720 4785; x_wconf 63' lang='lat' dir='ltr'><strong>llcasos</strong></span> <span class='ocrx_word' id='word_1_791' title='bbox 2761 4730 2822 4785; x_wconf 86' lang='lat' dir='ltr'><strong>v.</strong></span> 
     </span>
    </p>
   </div>
   <div class='ocr_carea' id='block_1_106' title="bbox 1969 4816 3427 4894">
    <p class='ocr_par' dir='ltr' id='par_1_106' title="bbox 1969 4816 3427 4894">
     <span class='ocr_line' id='line_1_106' title="bbox 1969 4816 3427 4894; baseline 0.008 -28"><span class='ocrx_word' id='word_1_792' title='bbox 1969 4834 1987 4866; x_wconf 79' lang='grc' dir='ltr'><strong>ι</strong></span> <span class='ocrx_word' id='word_1_793' title='bbox 2034 4816 2102 4871; x_wconf 87' lang='lat' dir='ltr'><strong>lis</strong></span> <span class='ocrx_word' id='word_1_794' title='bbox 2126 4826 2299 4871; x_wconf 90' lang='lat' dir='ltr'><strong>autem</strong></span> <span class='ocrx_word' id='word_1_795' title='bbox 2334 4819 2425 4886; x_wconf 90' lang='lat' dir='ltr'><strong>qui</strong></span> <span class='ocrx_word' id='word_1_796' title='bbox 2455 4821 2774 4872; x_wconf 84' lang='lat' dir='ltr'><strong>simularunt</strong></span> <span class='ocrx_word' id='word_1_797' title='bbox 2806 4830 2941 4873; x_wconf 82' lang='lat' dir='ltr'><strong>SlClll</strong></span> <span class='ocrx_word' id='word_1_798' title='bbox 2974 4830 3025 4874; x_wconf 90' lang='lat' dir='ltr'><strong>et</strong></span> <span class='ocrx_word' id='word_1_799' title='bbox 3058 4822 3223 4876; x_wconf 83' lang='lat' dir='ltr'><strong>David</strong></span> <span class='ocrx_word' id='word_1_800' title='bbox 3255 4834 3305 4888; x_wconf 74' lang='grc' dir='ltr'><strong>ε,</strong></span> <span class='ocrx_word' id='word_1_801' title='bbox 3336 4825 3427 4894; x_wconf 87' lang='lat' dir='ltr'><strong>qui</strong></span> 
     </span>
    </p>
   </div>
   <div class='ocr_carea' id='block_1_107' title="bbox 1903 4906 3429 4979">
    <p class='ocr_par' dir='ltr' id='par_1_107' title="bbox 1903 4906 3429 4979">
     <span class='ocr_line' id='line_1_107' title="bbox 1903 4906 3429 4979; baseline 0.01 -26"><span class='ocrx_word' id='word_1_802' title='bbox 1903 4922 1920 4953; x_wconf 77' lang='grc' dir='ltr'><strong>ι</strong></span> <span class='ocrx_word' id='word_1_803' title='bbox 1966 4919 2023 4956; x_wconf 89' lang='lat' dir='ltr'><strong>se</strong></span> <span class='ocrx_word' id='word_1_804' title='bbox 2055 4906 2393 4974; x_wconf 83' lang='lat' dir='ltr'><strong>epilepticum</strong></span> <span class='ocrx_word' id='word_1_805' title='bbox 2433 4907 2684 4974; x_wconf 79' lang='lat' dir='ltr'><strong>tingebat,</strong></span> <span class='ocrx_word' id='word_1_806' title='bbox 2718 4923 2784 4961; x_wconf 90' lang='lat' dir='ltr'><strong>ne</strong></span> <span class='ocrx_word' id='word_1_807' title='bbox 2816 4917 3133 4973; x_wconf 89' lang='lat' dir='ltr'><strong>moreretur,</strong></span> <span class='ocrx_word' id='word_1_808' title='bbox 3185 4913 3429 4979; x_wconf 85' lang='lat' dir='ltr'><strong>quamvis</strong></span> 
     </span>
    </p>
   </div>
   <div class='ocr_carea' id='block_1_108' title="bbox 1901 4994 3427 5071">
    <p class='ocr_par' dir='ltr' id='par_1_108' title="bbox 1901 4994 3427 5071">
     <span class='ocr_line' id='line_1_108' title="bbox 1901 4994 3427 5071; baseline 0.007 -29"><span class='ocrx_word' id='word_1_809' title='bbox 1901 5009 1917 5040; x_wconf 79' lang='grc' dir='ltr'><strong>ι</strong></span> <span class='ocrx_word' id='word_1_810' title='bbox 1961 5006 2018 5045; x_wconf 89' lang='lat' dir='ltr'><strong>re</strong></span> <span class='ocrx_word' id='word_1_811' title='bbox 2046 5008 2167 5045; x_wconf 89' lang='lat' dir='ltr'><strong>vera</strong></span> <span class='ocrx_word' id='word_1_812' title='bbox 2189 4994 2504 5061; x_wconf 80' lang='lat' dir='ltr'><strong>epilepticus</strong></span> <span class='ocrx_word' id='word_1_813' title='bbox 2526 5011 2632 5048; x_wconf 93' lang='lat' dir='ltr'><strong>non</strong></span> <span class='ocrx_word' id='word_1_814' title='bbox 2656 5005 2831 5063; x_wconf 85' lang='lat' dir='ltr'><strong>esset;</strong></span> <span class='ocrx_word' id='word_1_815' title='bbox 2861 5005 2914 5050; x_wconf 93' lang='lat' dir='ltr'><strong>et</strong></span> <span class='ocrx_word' id='word_1_816' title='bbox 2954 5011 3059 5051; x_wconf 92' lang='lat' dir='ltr'><strong>non</strong></span> <span class='ocrx_word' id='word_1_817' title='bbox 3088 4999 3228 5053; x_wconf 89' lang='lat' dir='ltr'><strong>nude</strong></span> <span class='ocrx_word' id='word_1_818' title='bbox 3263 5015 3427 5071; x_wconf 73' lang='lat' dir='ltr'><strong>nega-</strong></span> 
     </span>
    </p>
   </div>
   <div class='ocr_carea' id='block_1_109' title="bbox 1900 5082 3427 5157">
    <p class='ocr_par' dir='ltr' id='par_1_109' title="bbox 1900 5082 3427 5157">
     <span class='ocr_line' id='line_1_109' title="bbox 1900 5082 3427 5157; baseline 0.008 -26"><span class='ocrx_word' id='word_1_819' title='bbox 1900 5100 1916 5131; x_wconf 77' lang='grc'><strong>(</strong></span> <span class='ocrx_word' id='word_1_820' title='bbox 1965 5082 2157 5135; x_wconf 91' lang='lat' dir='ltr'><strong>tionem</strong></span> <span class='ocrx_word' id='word_1_821' title='bbox 2186 5084 2594 5152; x_wconf 87' lang='lat' dir='ltr'><strong>inscripserunt,</strong></span> <span class='ocrx_word' id='word_1_822' title='bbox 2622 5088 2712 5139; x_wconf 88' lang='lat' dir='ltr'><strong>sed</strong></span> <span class='ocrx_word' id='word_1_823' title='bbox 2735 5086 2785 5139; x_wconf 91' lang='lat' dir='ltr'><strong>in</strong></span> <span class='ocrx_word' id='word_1_824' title='bbox 2810 5087 2988 5140; x_wconf 85' lang='lat' dir='ltr'><strong>multis</strong></span> <span class='ocrx_word' id='word_1_825' title='bbox 3010 5089 3290 5157; x_wconf 82' lang='lat' dir='ltr'><strong>angustiis,</strong></span> <span class='ocrx_word' id='word_1_826' title='bbox 3318 5099 3427 5143; x_wconf 85' lang='lat' dir='ltr'><strong>tan-</strong></span> 
     </span>
    </p>
   </div>
   <div class='ocr_carea' id='block_1_110' title="bbox 1900 5172 3427 5241">
    <p class='ocr_par' dir='ltr' id='par_1_110' title="bbox 1900 5172 3427 5241">
     <span class='ocr_line' id='line_1_110' title="bbox 1900 5172 3427 5241; baseline 0.009 -24"><span class='ocrx_word' id='word_1_827' title='bbox 1900 5185 1917 5217; x_wconf 78' lang='grc' dir='ltr'><strong>ι</strong></span> <span class='ocrx_word' id='word_1_828' title='bbox 1963 5183 2120 5236; x_wconf 89' lang='lat' dir='ltr'><strong>quam</strong></span> <span class='ocrx_word' id='word_1_829' title='bbox 2152 5172 2300 5237; x_wconf 89' lang='lat' dir='ltr'><strong>pueri</strong></span> <span class='ocrx_word' id='word_1_830' title='bbox 2336 5172 2563 5225; x_wconf 88' lang='lat' dir='ltr'><strong>consilio</strong></span> <span class='ocrx_word' id='word_1_831' title='bbox 2606 5179 2659 5225; x_wconf 88' lang='lat' dir='ltr'><strong>et</strong></span> <span class='ocrx_word' id='word_1_832' title='bbox 2704 5172 2985 5239; x_wconf 89' lang='lat' dir='ltr'><strong>prudentia</strong></span> <span class='ocrx_word' id='word_1_833' title='bbox 3031 5175 3236 5241; x_wconf 70' lang='lat' dir='ltr'><strong>praediti</strong></span> <span class='ocrx_word' id='word_1_834' title='bbox 3287 5176 3427 5230; x_wconf 83' lang='lat' dir='ltr'><strong>inter</strong></span> 
     </span>
    </p>
   </div>
   <div class='ocr_carea' id='block_1_111' title="bbox 1900 5260 3420 5328">
    <p class='ocr_par' dir='ltr' id='par_1_111' title="bbox 1900 5260 3420 5328">
     <span class='ocr_line' id='line_1_111' title="bbox 1900 5260 3420 5328; baseline 0.009 -22"><span class='ocrx_word' id='word_1_835' title='bbox 1900 5275 1916 5306; x_wconf 81' lang='grc' dir='ltr'><strong>ι</strong></span> <span class='ocrx_word' id='word_1_836' title='bbox 1964 5273 2159 5325; x_wconf 89' lang='lat' dir='ltr'><strong>pueros</strong></span> <span class='ocrx_word' id='word_1_837' title='bbox 2190 5260 2519 5328; x_wconf 87' lang='lat' dir='ltr'><strong>insipientes,</strong></span> <span class='ocrx_word' id='word_1_838' title='bbox 2553 5261 2890 5315; x_wconf 85' lang='lat' dir='ltr'><strong>inimicorum</strong></span> <span class='ocrx_word' id='word_1_839' title='bbox 2917 5263 3140 5317; x_wconf 84' lang='lat' dir='ltr'><strong>insidias</strong></span> <span class='ocrx_word' id='word_1_840' title='bbox 3169 5263 3420 5320; x_wconf 73' lang='lat' dir='ltr'><strong>ludiﬁcati</strong></span> 
     </span>
    </p>
   </div>
   <div class='ocr_carea' id='block_1_112' title="bbox 2518 5375 3043 5447">
    <p class='ocr_par' dir='ltr' id='par_1_112' title="bbox 2518 5375 3043 5447">
     <span class='ocr_line' id='line_1_112' title="bbox 2518 5375 3043 5447; baseline 0.002 -18"><span class='ocrx_word' id='word_1_841' title='bbox 2518 5388 2540 5415; x_wconf 73' lang='grc' dir='ltr'><strong>ε</strong></span> <span class='ocrx_word' id='word_1_842' title='bbox 2574 5376 2600 5429; x_wconf 85' lang='grc' dir='ltr'><em>Ι</em></span> <span class='ocrx_word' id='word_1_843' title='bbox 2630 5375 2750 5447; x_wconf 86' lang='lat' dir='ltr'><strong>Reg.</strong></span> <span class='ocrx_word' id='word_1_844' title='bbox 2798 5393 2906 5439; x_wconf 74' lang='lat' dir='ltr'><strong>xxi,</strong></span> <span class='ocrx_word' id='word_1_845' title='bbox 2965 5378 3043 5430; x_wconf 79' lang='lat' dir='ltr'><strong>t3.</strong></span> 
     </span>
    </p>
   </div>
   <div class='ocr_carea' id='block_1_113' title="bbox 1477 5482 2148 5542">
    <p class='ocr_par' dir='ltr' id='par_1_113' title="bbox 1477 5482 2148 5542">
     <span class='ocr_line' id='line_1_113' title="bbox 1477 5482 2148 5542; baseline 0.01 -9"><span class='ocrx_word' id='word_1_846' title='bbox 1477 5482 1702 5537; x_wconf 77' lang='lat' dir='ltr'><strong>VARUE</strong></span> <span class='ocrx_word' id='word_1_847' title='bbox 1761 5485 2148 5542; x_wconf 78' lang='lat' dir='ltr'><strong>LECTIONES.</strong></span> 
     </span>
    </p>
   </div>
   <div class='ocr_carea' id='block_1_114' title="bbox 320 5559 1083 5633">
    <p class='ocr_par' dir='ltr' id='par_1_114' title="bbox 320 5559 1083 5633">
     <span class='ocr_line' id='line_1_114' title="bbox 320 5559 1083 5633; baseline 0.01 -24"><span class='ocrx_word' id='word_1_848' title='bbox 320 5559 607 5633; x_wconf 37' lang='grc' dir='ltr'><strong>’.χαί-01η..</strong></span> <span class='ocrx_word' id='word_1_849' title='bbox 668 5561 688 5590; x_wconf 84' lang='grc'><strong><em>⁸</em></strong></span> <span class='ocrx_word' id='word_1_850' title='bbox 720 5560 1083 5633; x_wconf 65' lang='grc' dir='ltr'>δυνηθήσεται.</span> 
     </span>
    </p>
   </div>
   <div class='ocr_carea' id='block_1_115' title="bbox 244 5625 821 5692">
    <p class='ocr_par' dir='ltr' id='par_1_115' title="bbox 244 5625 821 5692">
     <span class='ocr_line' id='line_1_115' title="bbox 244 5625 821 5692; baseline 0.002 -15"><span class='ocrx_word' id='word_1_851' title='bbox 244 5626 288 5657; x_wconf 83' lang='grc'><strong>⁹’</strong></span> <span class='ocrx_word' id='word_1_852' title='bbox 316 5625 821 5692; x_wconf 45' lang='grc' dir='ltr'>νἘκκλησιᾶο-τικοῦ.</span> 
     </span>
    </p>
   </div>
   <div class='ocr_carea' id='block_1_116' title="bbox 1169 5567 3417 5648">
    <p class='ocr_par' dir='ltr' id='par_1_116' title="bbox 1169 5567 3417 5648">
     <span class='ocr_line' id='line_1_116' title="bbox 1169 5567 3417 5648; baseline 0.006 -30"><span class='ocrx_word' id='word_1_853' title='bbox 1169 5567 1188 5596; x_wconf 80' lang='grc'><strong>⁷</strong></span> <span class='ocrx_word' id='word_1_854' title='bbox 1220 5568 1553 5636; x_wconf 81' lang='grc' dir='ltr'>λελεγμένον.</span> <span class='ocrx_word' id='word_1_855' title='bbox 1617 5574 1637 5605; x_wconf 85' lang='grc'>⁸</span> <span class='ocrx_word' id='word_1_856' title='bbox 1670 5573 1814 5628; x_wconf 84' lang='lat' dir='ltr'><strong>deest</strong></span> <span class='ocrx_word' id='word_1_857' title='bbox 1846 5578 1968 5646; x_wconf 87' lang='grc' dir='ltr'>γάρ.</span> <span class='ocrx_word' id='word_1_858' title='bbox 2038 5579 2078 5611; x_wconf 77' lang='grc' dir='ltr'><strong>δ’</strong></span> <span class='ocrx_word' id='word_1_859' title='bbox 2109 5579 2182 5641; x_wconf 87' lang='grc' dir='ltr'><strong>ὡς</strong></span> <span class='ocrx_word' id='word_1_860' title='bbox 2212 5580 2445 5633; x_wconf 73' lang='grc' dir='ltr'>θάλασσα</span> <span class='ocrx_word' id='word_1_861' title='bbox 2486 5579 2923 5648; x_wconf 71' lang='grc' dir='ltr'>ἀναϐεϐρασμένη</span> <span class='ocrx_word' id='word_1_862' title='bbox 2959 5594 3063 5632; x_wconf 89' lang='lat' dir='ltr'><strong>om.</strong></span> <span class='ocrx_word' id='word_1_863' title='bbox 3137 5578 3156 5608; x_wconf 86' lang='lat'><strong>’</strong></span> <span class='ocrx_word' id='word_1_864' title='bbox 3181 5574 3417 5643; x_wconf 73' lang='lat' dir='ltr'><strong>x1[_add.</strong></span> 
     </span>
    </p>
   </div>
  </div>
