4002 6314
189 382 313 445 485
1343 388 1422 448 ΙΝ
1457 388 1691 447 EI’lS'l‘.
1738 388 1800 449 S.
1842 385 2069 447 PETRI
2113 387 2330 448 ALEX.
3312 394 3420 459 486

192 511 266 560 οὐ
316 511 542 579 γυμνῶς
590 513 646 562 δέ
683 512 737 563 τὰ
760 512 890 580 πρὸς
929 513 1155 582 ἄρνησιν
1192 512 1453 583 ἔγραψαν,
1506 515 1627 566 ἀντὶ
1676 515 1768 564 τοῦ

1873 532 1991 585 qua:
2015 517 2080 570 ad
2120 519 2526 587 abnegationem
2574 529 2820 590 spectant
2850 537 2957 576 non
2989 522 3131 579 aude
3183 522 3420 592 scripse-

190 596 315 649 αἴρκ
367 598 868 667 ἀπαρακαλύπτως,
904 599 961 652 οὐ
1014 603 1280 671 φανερῶς,
1329 604 1462 655 ἀλλὰ
1504 605 1590 656 διά
1636 614 1772 659 τινος

1882 614 2027 663 runt.
2056 607 2156 659 hoc
2187 615 2270 661 est
2293 622 2399 661 non
2422 609 2726 673 manifeste,
2754 627 2861 665 non
2885 621 3096 680 aperte;
3131 612 3225 667 sed
3252 612 3420 666 artiﬁ-

197 680 444 750 μεθόδου
472 682 745 748 διέπαιξαν
775 689 899 747 τοὺς
941 686 1219 754 βιάζοντας
1250 690 1460 753 αὐτοὺς,
1498 690 1572 751 ὡς
1608 693 1635 741 ό
1671 694 1777 741 Δα-

197 767 301 819 ϐὶδ
350 770 438 821 ὅτε
463 771 551 822 τὸν
577 772 865 841 ἐπίληπτον
910 774 1170 844 ύπεκρίθη
1225 775 1437 842 φεύγων
1468 776 1557 827 τὸν
1589 778 1774 839 Σαοὺλ,

197 858 311 909 καὶ
350 859 482 927 πρὸς
518 862 643 922 τοὺς
694 862 1017 929 ἀλλοφύλους
1045 864 1349 932 γενόμενος,
1384 865 1475 916 καὶ
1516 864 1656 917 οὕτω
1688 867 1776 918 τὸν

197 944 451 1003 Θάνατον
498 949 851 1019 διαπέφευγε·
909 952 1188 1017 διέπαιξαν
1241 953 1319 1016 δὲ,
1354 956 1506 1023 φησὶ,
1542 956 1634 1016 τάς
1670 956 1775 1009 τῶν

199 1035 432 1106 ἐχθρῶν
473 1039 777 1102 ἐπιϐουλὰς,
819 1042 893 1105 ὡς
920 1042 1104 1095 παιδία
1142 1043 1478 1110 βουλευτικά,
1512 1044 1770 1112 ἔμφρονα,

201 1126 478 1195 φρόνιμα,
500 1128 588 1179 καὶ
613 1128 843 1190 συνετῶς
859 1129 1057 1200 δηλαδὴ
1080 1132 1453 1199 βουλευόμενα,
1477 1132 1776 1195 διαπαίζου-

200 1230 300 1267 σιν
319 1217 385 1266 ἐν
398 1215 587 1285 ἄφροσι
604 1216 849 1279 παιδίοις.
861 1220 1128 1289 Ἔμφροσι
1140 1222 1194 1273 δέ
1211 1221 1491 1284 ἀπεικάζει
1508 1224 1629 1283 τοὺς
1642 1216 1776 1273 ἀπὶ-

201 1306 490 1373 τήσαντας
506 1307 627 1368 τοὺς
643 1308 873 1371 ἀσεϐεῖς,
898 1312 988 1361 καὶ
1003 1311 1255 1375 δόξαντας
1277 1313 1371 1380 μὲν
1392 1312 1557 1373 θύειν,
1586 1313 1656 1380 μὴ
1684 1312 1773 1364 θύα

203 1409 421 1454 σαντας
438 1394 512 1445 δέ·
544 1396 811 1465 ἔμφρονας
830 1399 925 1467 μὲν
940 1400 1012 1461 ὠς
1032 1400 1127 1469 τὴν
1147 1402 1331 1452 θσςίαν
1348 1401 1480 1461 τέως
1501 1401 1774 1451 ἐκκλίναν-

201 1497 316 1542 τεις
335 1482 401 1512 ³⁸·
422 1498 435 1510 ·
464 1484 725 1547 παιδείους
742 1486 817 1547 δέ,
838 1489 913 1549 ὡς
935 1489 1006 1557 μὴ
1025 1489 1221 1541 τέλειον
1240 1492 1327 1542 καὶ
1338 1490 1596 1559 ἀνδρῶδες
1610 1492 1771 1543 ἐνδει-

205 1570 279 1632 ξα
288 1572 484 1638 μένους
500 1573 766 1641 φρόνημα,
790 1578 881 1627 καὶ
897 1578 1153 1643 γενναίως
1166 1580 1649 1642 ἀντικαταστάντας
1665 1585 1772 1643 τοῖς

206 1661 647 1730 εἰδωλολάτραις,
684 1665 793 1715 ἀλλ’
819 1666 965 1734 ὅμως
1009 1668 1362 1735 συνθεμένους
1394 1670 1572 1732 θῦσαι,
1607 1674 1653 1722 εί
1681 1672 1772 1723 καί

202 1765 371 1812 τινες
394 1752 477 1782 ¹³⁶⁶
508 1752 620 1804 ἀνθ’
648 1754 853 1807 ἑαυτῶν
876 1755 1135 1808 ὑπέϐαλον
1162 1758 1422 1822 ἐθνικοὺς,
1454 1761 1616 1828 ἤγουν
1643 1761 1770 1813 ἀπί-

1879 695 1964 746 cio
1992 693 2224 762 quodam
2253 710 2346 749 eos
2374 697 2466 764 qui
2495 697 2598 749 vim
2634 697 2935 751 inferebant
2967 699 3223 753 ludiﬁcati
3246 705 3373 753 sunt
3398 715 3417 753 :

1878 796 1935 839 ut
1966 785 2151 849 David,
2186 787 2275 854 qui
2304 787 2427 840 dum
2460 786 2674 842 Saulem
2703 789 2926 859 fugeret,
2963 805 3025 843 ac
3068 790 3133 844 ad
3174 791 3419 861 alienige-

1876 892 1974 930 nas
2005 875 2328 937 devenisset,
2380 892 2437 931 se
2488 880 2827 947 epilepticnm
2860 880 3034 943 ﬁnxit,
3063 895 3231 949 eoque
3263 888 3420 949 pacto

1876 974 2100 1019 mortem
2130 967 2367 1017 evitavit.
2397 965 2679 1020 Lndilicati
2708 983 2865 1036 porro
2896 979 3041 1031 sunt,
3078 972 3271 1038 inquit,
3310 970 3415 1022 ini-

1874 1052 2136 1104 micorum
2169 1054 2429 1118 insidias;
2459 1056 2622 1107 veluti
2656 1071 2804 1123 pueri
2840 1056 3153 1123 prudentes,
3187 1059 3417 1111 consilio

1875 1136 2127 1189 nimirum
2159 1154 2220 1191 ae
2246 1142 2526 1208 prudentia
2563 1142 2793 1209 prmditi,
2830 1144 3028 1211 quique
3078 1146 3284 1198 scilicet
3328 1160 3417 1199 so-

1874 1225 2036 1279 lerter
2068 1231 2352 1283 consilium
2386 1233 2681 1297 capientes,
2720 1233 3033 1299 insipientes
3060 1249 3254 1301 pueros
3294 1236 3418 1288 illu-

1873 1315 2028 1368 «lunt.
2061 1315 2420 1372 Prudentibus
2468 1328 2643 1371 autem
2692 1330 2967 1387 comparat
3002 1338 3094 1375 eos
3144 1337 3172 1373 a
3220 1324 3417 1391 quibus

1872 1405 2078 1471 decepti
2116 1416 2237 1459 sunt
2261 1409 2431 1476 impii,
2458 1412 2658 1478 quique
2682 1427 2801 1464 cum
2832 1428 2936 1465 non
2968 1413 3413 1475 sacriﬁcaverint,

1875 1495 2182 1545 sacriﬁcare
2213 1495 2564 1549 nihilominus
2596 1499 2691 1550 visi
2740 1508 2901 1561 sunt;
2958 1500 3249 1566 prudentes
3296 1502 3417 1567 qui-

1872 1581 2017 1639 dem,
2053 1582 2216 1647 ntqui
2251 1582 2576 1634 sacriﬁcium
2612 1599 2849 1651 eousque
2890 1588 3201 1637 evitaverint
3238 1605 3250 1638 :
3284 1602 3415 1653 pue—

1873 1684 1961 1723 ros
1996 1681 2192 1731 autem,
2229 1672 2370 1736 quod
2407 1673 2700 1740 perlectum
2732 1688 2793 1725 ac
2828 1676 3033 1726 virilem
3065 1690 3279 1726 sensum
3316 1678 3415 1727 mi-

1872 1759 2015 1811 nime
2042 1757 2329 1819 induerint,
2373 1777 2469 1812 nec
2502 1776 2758 1829 generose
2803 1763 3065 1814 idolorum
3114 1764 3415 1818 cultoribus

208 1854 416 1900 στους,
468 1841 559 1890 καὶ¹
620 1841 838 1894 ἐκείνων
906 1844 1176 1896 θυσάντων
1228 1848 1579 1915 ἐνομίσθησαν
1626 1851 1772 1901 αὐτοὶ

1878 1850 2259 1913 repugnarint;
2298 1863 2477 1900 verum
2529 1865 2585 1901 se
2622 1850 3021 1903 saerilieaturos
3074 1859 3200 1902 sunt
3249 1854 3411 1919 pacti,

204 1928 521 1980 τεθυκέναι.
586 1931 709 1991 Τοῖς
740 1933 1013 1996 τοιούτοις,
1074 1938 1253 2003 φησὶν,
1285 1937 1548 2006 ἑξάμηνος
1586 1939 1772 2007 καιρὸς

209 2016 504 2086 ἱξαρκέσει
537 2020 615 2079 εἰς
667 2020 966 2087 μετάνοιαν.
1012 2024 1128 2074 Κᾶν
1156 2025 1261 2095 γάρ
1298 2026 1395 2077 οὐκ
1420 2026 1632 2088 ἔθυσαν,
1658 2027 1770 2078 ἀλλ’

1871 1936 2092 1989 etiamsi
2112 1936 2367 2003 quosdam
2406 1951 2499 2004 pro
2543 1952 2600 1990 sc
2631 1939 2997 2002 sulnniserint,
3022 1940 3288 1999 ethnicos,
3311 1941 3412 1993 hoc

1863 2028 1964 2078 est,
1992 2018 2250 2075 inﬁdeles.
2276 2020 2447 2086 iisque
2483 2020 2935 2085 sacrificantibus,
2974 2024 3073 2092 ipsi
3108 2026 3208 2093 12
3240 2029 3404 2080 sacri-

205 2107 298 2157 ὅτι
357 2106 628 2160 συνέθεντο
679 2109 855 2173 θῦσαι,
900 2113 931 2181 ἢ
994 2115 1073 2166 ὅτι
1111 2115 1324 2184 ἐτέρους
1373 2116 1653 2179 ὑπέϐαλον,
1681 2118 1771 2169 καὶ

1873 2109 2053 2161 [ἰοεδεο
2070 2109 2362 2161 existimati
2383 2120 2529 2163 sunt.
2558 2110 2853 2175 Ejusmodi,
2881 2112 3077 2179 inquit.
3102 2113 3417 2167 hominibus

204 2191 407 2257 εδοξαν
438 2195 588 2246 αὐτοὶ
622 2195 798 2260 θῦσαι,
838 2198 1186 2268 ἐλογίσθησαν
1222 2202 1425 2255 δεῖσθαι
1469 2206 1768 2272 μετανοίας,

208 2280 263 2330 εί
294 2279 393 2331 καί
417 2297 555 2332 τισιν
591 2282 769 2334 αὐτῶν
799 2286 1172 2355 συνεχώρησάν
1199 2305 1338 2351 τινες
1374 2290 1479 2341 τῶν
1511 2291 1770 2361 όμολογη·

211 2366 452 2419 σάντων.
483 2369 637 2431 Τινές
660 2371 765 2440 γὰρ
782 2372 888 2425 τῶν
915 2378 1367 2446 μαρτυρησάντων
1388 2380 1479 2430 καὶ
1500 2379 1770 2433 παθόντων

210 2454 369 2524 ὑπὲρ
394 2456 489 2522 τῆς
542 2458 773 2522 πίστεως
812 2463 1188 2533 συνεχώρησαν
1229 2470 1339 2529 τοῖς
1381 2467 1467 2520 διὰ
1517 2469 1768 2537 μεθόδων,

207 2542 295 2604 ὡς
345 2544 572 2614 εἴρηται,
622 2547 696 2617 μὴ
728 2548 936 2612 θύσασι,
976 2553 1068 2604 καὶ
1100 2553 1339 2618 ἐδέξαντο
1387 2557 1577 2620 αὐτοὺς
1637 2558 1771 2627 μετὰ

210 2631 333 2685 τῶν
385 2634 604 2699 πιστῶν,
656 2638 736 2689 ὅτι
774 2639 1030 2708 ἐξέφυγον
1062 2643 1405 2713 πολυτρόπως
1433 2646 1492 2698 τὸ
1524 2647 1771 2701 θυσιάσαι

210 2721 338 2781 τοῖς
365 2719 594 2789 δαίμοσι.
624 2723 719 2774 Διὰ
744 2724 800 2775 δέ
819 2724 916 2793 τὴν
955 2725 1217 2796 ἑξάμηνον
1256 2730 1586 2799 προθεσμίαν
1608 2733 1774 2801 ἐμνή-

217 2806 331 2877 σθη
380 2809 471 2861 τοῦ
532 2810 617 2864 διά
665 2812 899 2882 Γαϐριὴλ
945 2817 1269 2884 μηνύματος,
1311 2819 1401 2870 τοῦ
1436 2820 1591 2888 ἐντῷ
1632 2822 1772 2890 ἕκτῳ

217 2900 361 2967 μηνὶ
415 2901 512 2969 τῆς
565 2902 870 2971 συλλήψεως
914 2904 1005 2957 τοῦ
1050 2906 1389 2976 Προδρόμου,
1456 2910 1513 2960 ἐν
1560 2904 1602 2975 ᾧ
1650 2926 1771 2963 συν-

214 2988 431 3057 ιλήφθη
485 2994 513 3043 ό
562 2990 779 3061 Κύριος.
841 2994 1112 3065 Ἐπιφέρει
1158 2995 1213 3047 δέ
1256 2997 1346 3048 καὶ
1387 2998 1607 3067 ῥήματα
1633 2999 1769 3050 ἀπο-

218 3077 462 3129 στολικάο

1866 2206 2128 2251 semestre
2151 2206 2359 2264 tempus
2387 2200 2448 2249 acl
2490 2202 2859 2266 pmnitentiam
2890 2201 3139 2256 sulliciet.
3159 2204 3292 2256 Nam
3313 2206 3414 2258 etsi

1869 2286 2091 2338 minime
2127 2283 2506 2348 immolarunt;
2553 2295 2733 2339 tamen
2787 2286 2914 2354 quia
2946 2301 3004 2341 se
3040 2289 3416 2363 immolaturos

1869 2380 1995 2427 sunt
2024 2373 2186 2442 pacti,
2220 2374 2298 2427 vel
2346 2374 2491 2443 quod
2546 2375 2682 2427 alios
2732 2375 3049 2438 submisere,
3082 2376 3291 2444 ipsique
3320 2376 3414 2427 im-

1872 2461 2101 2515 molasse
2157 2472 2282 2515 sunt
2341 2462 2464 2521 visi,
2522 2463 2835 2530 pcenitentia
2886 2463 3125 2531 indigere
3184 2461 3412 2529 judicati

1872 2558 1997 2603 sunt
2034 2569 2047 2603 :
2083 2552 2186 2603 etsi
2218 2552 2539 2620 quibusdam
2574 2568 2638 2605 ex
2681 2553 2813 2621 ipsis
2863 2553 3105 2605 nonnulli
3134 2552 3413 2606 confesso-

1870 2655 1988 2693 rum
2018 2642 2289 2709 ignovcre.
2321 2640 2519 2695 Eorum
2551 2657 2739 2710 nempe
2779 2642 2996 2710 quidam
3045 2644 3137 2710 qui
3188 2631 3245 2694 εἶθ
3289 2639 3412 2693 ﬁdei

1870 2740 2036 2785 testes
2067 2732 2426 2785 exhibuerunt
2473 2746 2535 2785 ac
2570 2747 2665 2800 pro
2700 2733 2802 2785 ﬁde
2844 2739 2971 2787 sunt
3004 2733 3169 2798 passi,
3224 2731 3289 2784 iis
3318 2730 3409 2799 qui

1871 2820 2100 2873 artiﬁcio
2131 2821 2387 2888 quodam,
2412 2829 2470 2873 nt
2506 2821 2707 2874 dictum
2738 2828 2839 2882 est,
2870 2835 2978 2872 non
3009 2819 3408 2881 sacriﬁcarunt,

1869 2908 2149 2975 ignovere,
2181 2922 2242 2961 ac
2273 2908 2393 2960 illos
2426 2922 2548 2960 cum
2602 2907 2846 2960 ﬁdelibus
2877 2908 2940 2959 ad
2975 2906 3412 2959 communionem

1873 2996 2157 3055 admisere,
2216 2996 2358 3061 quod
2409 3010 2496 3076 ne\
2528 2996 2858 3047 darmonibus
2914 2994 3249 3047 immolarent
3297 3001 3412 3046 stu-

1872 3086 2023 3140 diose
2047 3086 2368 3139 vitaverunt.
2400 3084 2565 3137 Porro
2589 3084 2749 3150 hujus
2780 3084 3053 3137 semestris
3083 3082 3412 3135 terminis):-

213 3150 466 3227 casione,
504 3168 942 3225 Annuntiationis
976 3188 1070 3241 per
1095 3173 1395 3229 Gabrielem
1456 3175 1608 3229 faetze
1652 3176 1912 3239 meminit,
1952 3183 2105 3229 sexto
2136 3188 2318 3228 mense
2346 3172 2716 3239 conccptionis
2747 3170 3122 3232 Prmcursoris,
3153 3183 3258 3237 quo
3277 3183 3410 3222 con-

215 3262 415 3325 ceptus
442 3269 522 3312 est
546 3258 820 3316 Dominus.
855 3262 990 3315 Tum
1026 3266 1319 3330 apostolica
1345 3268 1505 3319 verba
1528 3268 1837 3337 subjungit:

820 3351 1052 3403 KANDN
1092 3354 1180 3417 cr.

300 3451 324 3483 ι
358 3434 479 3495 Τοῖς
522 3435 576 3486 δέ
604 3435 819 3500 δούλους
861 3440 1211 3510 Χριστιανοὺς
1249 3441 1359 3493 ἀνθ’
1397 3443 1601 3498 ἑαυτῶν
1648 3444 1775 3495 ὑπο-

221 3540 245 3572 ‹
281 3521 620 3588 ϐεϐληκόσιν,
656 3526 707 3577 al
740 3526 836 3594 μὲν
856 3526 1047 3589 δοῦλοι,
1082 3529 1156 3590 ὼς
1180 3530 1244 3582 ἂν
1268 3531 1564 3599 ὑποχείριοι
1597 3532 1766 3593 ὄντες,

223 3630 245 3662 ι
284 3613 380 3663 καὶ
398 3614 591 3682 τρόπον
604 3614 725 3667 τινά
741 3617 831 3669 καὶ
852 3618 1001 3670 αὐτοὶ
1016 3617 1429 3685 φυλαχισθέντες
1452 3623 1552 3674 ὑπὸ
1568 3622 1673 3674 τῶν
1694 3624 1771 3674 δε-

224 3723 241 3750 ¢
274 3702 506 3765 σποτῶν,
520 3705 999 3774 καταπειληθέντες
1012 3710 1277 3760 τε¹⁸·”⁶ύπ“
1291 3709 1464 3761 αὐτῶν
1481 3713 1571 3762 καὶ
1584 3712 1669 3764 διά
1684 3712 1771 3765 τὸν

224 3809 244 3840 ι
284 3791 449 3857 φόϐον
469 3793 645 3844 αὐτῶν
664 3796 742 3855 εις
760 3793 915 3845 τοῦτο
937 3795 1244 3863 ἐληλυθότες
1268 3798 1360 3847 καὶ
1377 3797 1553 3867 όλισθή
1562 3816 1769 3862 σαντες,

222 3897 241 3926 ι
280 3880 344 3929 ἐν
377 3878 507 3908 ¹⁸⁹⁵⁶⁶
537 3880 763 3948 ἐνιαυτῷ
788 3881 855 3932 τὰ
888 3880 985 3949 τῆς
1033 3884 1312 3951 μετανοίας
1344 3884 1479 3955 ἔργα
1522 3885 1771 3948 δείξουσι,

223 3983 244 4015 ι
289 3966 643 4033 μανθάνοντες
663 3967 756 4019 τοῦ
771 3968 975 4032 λοιποῦ,
994 3971 1064 4032 ὡς
1087 3971 1257 4023 δοῦλοι
1274 3973 1505 4042 Χριστοῦ
1528 3978 1693 4027 ποιεῖν
1713 3977 1771 4028 τὸ

223 4075 243 4105 ι
287 4056 498 4131 θέλημα
531 4055 625 4108 τοῦ
657 4057 888 4125 Χριστοῦ
920 4058 1096 4123 ¹⁵¹⁶⁰⁶·,
1132 4065 1222 4112 καὶ
1268 4062 1542 4128 φοϐεῖσθαι
1576 4064 1766 4117 αὐτόν·

223 4161 242 4193 ι
280 4141 565 4205 ἀκούοντες
600 4143 849 4211 μάλιστα,
879 4146 956 4197 ὃτι
989 4144 1241 4210 ἕκαστος
1265 4146 1371 4199 ἐάν
1418 4146 1478 4216 [1.
1524 4148 1550 4199 ὃ
1582 4149 1670 4218 ἄν]
1719 4166 1772 4201 τι

221 4250 242 4283 ι
277 4232 505 4298 ποιήσῃ
535 4231 774 4299 ἀγαθὸν,
810 4233 1304 4301 τοῦτακομίσεται
1339 4236 1494 4302 παρὰ
1532 4239 1767 4303 Kvplov,

220 4336 241 4368 ε
279 4318 403 4371 εἶτε
432 4318 648 4384 δοῦλος
673 4319 791 4371 εἴτε
820 4321 1127 4387 ἐλεύθερός
1151 4323 1280 4375 ἐστι
1324 4326 1385 4376 ³⁸.
1425 4343 1443 4375 ι

285 4408 482 4461 ΒΑΛΣ.
511 4407 647 4470 Τοὺς
688 4408 829 4461 κατὰ
857 4410 1098 4465 κέλευσιν
1145 4414 1236 4465 καὶ
1276 4414 1500 4483 ἀπειλὴν
1540 4416 1646 4469 τῶν
1685 4417 1769 4468 δε·-

213 4495 433 4548 σποτῶν
478 4495 738 4559 θύσαντας
780 4498 994 4562 δούλους
1040 4502 1129 4553 ἐπὶ
1181 4502 1419 4554 ἐνιαυτὸν
1470 4504 1693 4573 ἐπιτιμᾷ
1741 4506 1770 4556 ό

213 4584 406 4653 Πατὴρ
439 4579 623 4648 οὗτοςο
658 4587 732 4649 ὡς
774 4588 868 4657 μὲν
894 4589 1001 4659 γὰρ
1032 4591 1291 4642 πεισθεῖσι
1339 4595 1451 4654 τοῖς
1488 4593 1768 4656 δεσπόταις

2469 3349 2693 3404 Ο.ὨὲοΝ
2724 3350 2811 3404 Vl.

1950 3460 1967 3493 ι
2006 3441 2043 3495 li
2067 3450 2242 3495 autem
2277 3442 2367 3509 qui
2415 3456 2599 3497 servos
2627 3440 2960 3494 Christianos
3014 3453 3109 3506 pro
3132 3453 3189 3491 se
3216 3438 3414 3492 submi-

1879 3552 1897 3583 ι
1932 3540 2136 3594 serunt,
2169 3532 2305 3584 servi
2360 3531 2600 3596 quidem,
2658 3539 2716 3582 ut
2747 3529 2837 3597 qui
2862 3530 2961 3597 ipsi
3002 3529 3103 3582 sub
3133 3542 3292 3581 manu
3324 3542 3413 3582 es-

1878 3644 1896 3673 ι
1929 3630 2065 3679 sent.
2095 3629 2149 3673 et
2178 3618 2571 3686 quodammodo
2595 3618 2695 3685 ipsi
2730 3624 2946 3685 quoque
2975 3617 3027 3669 in
3071 3615 3411 3669 dominorum

1878 3729 1895 3760 ι
1935 3708 2180 3762 custodia
2202 3715 2402 3769 essent,
2435 3695 2700 3773 minisque
2732 3706 2802 3758 ab
2837 3706 2969 3772 ipsis
2992 3705 3182 3762 territi,
3206 3711 3257 3756 et
3288 3717 3413 3770 pro-

1879 3814 1896 3845 ι
1932 3808 2047 3863 pter
2074 3809 2261 3847 eorum
2313 3801 2512 3845 metum
2564 3807 2628 3846 eo
2672 3792 2934 3859 compulsi
2969 3798 3022 3844 et
3075 3792 3228 3858 lapsi,
3270 3805 3412 3843 anno

1878 3903 1896 3935 ι
1930 3897 2089 3952 opera
2123 3882 2449 3949 pcenitcntia:
2492 3881 2792 3943 ostendent,
2822 3890 2873 3933 et
2916 3881 3168 3948 deinceps
3184 3880 3412 3934 .discen-

1877 3993 1895 4024 ι
1928 3982 2027 4037 tes,
2054 3978 2111 4023 ut
2142 3970 2278 4024 servi
2305 3970 2529 4028 Christi.
2564 3969 2737 4022 facere
2766 3970 2967 4022 Christi
3004 3969 3410 4031 voluntatem,“

1877 4081 1895 4111 ι
1930 4076 2051 4114 eum
2088 4059 2273 4111 timere
2307 4075 2319 4109 :
2352 4058 2631 4110 audientes
2687 4056 2936 4117 maxime,
2959 4057 3099 4123 quod
3136 4057 3413 4122 unusquis-

1877 4167 1893 4198 ι
1935 4164 2051 4217 que,
2092 4146 2292 4215 siquid
2341 4144 2459 4197 boni
2493 4146 2691 4210 fecerit,
2743 4143 2837 4196 hac
2891 4144 3017 4212 feret
3065 4162 3099 4196 a
3164 4144 3408 4206 Domino,

1876 4254 1893 4286 ι
1929 4236 2032 4288 sive
2053 4249 2227 4286 servus
2252 4234 2357 4285 sive
2388 4233 2516 4285 liber
2549 4234 2615 4285 sit
2643 4244 2690 4286 ι.
2726 4251 2744 4283 ι

1938 4407 2097 4461 Βλιε.
2126 4405 2321 4460 Servos
2343 4406 2432 4474 qui
2468 4406 2801 4458 dominorum
2833 4406 2989 4473 jussu
3018 4420 3080 4458 ac
3133 4406 3293 4460 minis
3318 4421 3409 4460 sa-

1870 4499 2200 4561 criﬁcarnnt,
2226 4511 2366 4550 anno
2391 4495 2543 4565 punit
2572 4496 2658 4547 hic
2688 4493 2846 4546 Pater
2881 4512 2894 4546 :
2934 4501 2988 4546 ut
3025 4494 3114 4561 qui
3139 4495 3281 4547 enim
3308 4495 3410 4547 do-

1871 4587 2016 4639 mino
2046 4585 2341 4654 paruerint,
2375 4584 2624 4650 ignoscit.
2672 4592 2723 4636 et
2768 4599 2928 4651 grave
2951 4584 3271 4651 supplicium
3303 4599 3411 4638 non

213 4677 607 4743 συγγνωμονεῖ,
630 4674 723 4728 καὶ
751 4675 966 4746 βαρεῖαν
1002 4680 1101 4731 οὐκ
1122 4680 1311 4745 ἐπάγει
1336 4680 1547 4732 κόλασιν
1568 4698 1579 4710 ο
1612 4682 1685 4742 ὡς
1711 4682 1767 4732 δὲ

1873 4674 2059 4743 inﬂigit
2092 4693 2104 4728 :
2139 4681 2197 4726 ut
2230 4674 2317 4739 qui
2351 4679 2526 4725 autem
2573 4672 2682 4724 sint
2704 4676 2873 4739 magis
2906 4670 3108 4724 Christi
3162 4672 3324 4732 servi,
3356 4681 3412 4724 et

210 4760 416 4824 δούλοις
432 4763 663 4833 Χριστοῦ
683 4765 878 4833 μᾶλλον
896 4761 1030 4831 οὖσι,
1050 4768 1293 4820 κάκεῖνον
1314 4769 1470 4821 πλέον
1490 4769 1761 4836 φοϐεῖσθαι

1868 4781 1990 4819 eum
2014 4765 2210 4818 debent
2237 4764 2407 4831 magis
2434 4772 2692 4823 metuere,
2719 4762 3037 4815 mediocrem
3068 4776 3280 4828 poenam
3315 4761 3413 4813 im-

210 4850 504 4917 ὀφείλουσι,
518 4855 749 4921 μετρίως
764 4855 1005 4925 ἐπιτιμᾷ.
1024 4857 1309 4921 Ἕκαστος
1326 4858 1454 4925 γὰρ,
1473 4859 1602 4927 φησὶ
1624 4859 1761 4911 κατὰ

1873 4856 2029 4922 ponit.
2067 4852 2422 4921 Unusquisque
2435 4852 2592 4911 enim,
2618 4850 2813 4918 inquit,
2842 4851 3136 4903 secundum
3160 4864 3409 4917 magnum

210 4940 305 4993 τὸν
328 4940 497 5009 μέγαν
521 4944 749 5006 Παῦλον,
784 4945 815 4997 ὃ
840 4944 947 4996 ἐὰν
969 4945 1191 5013 ποιήσῃ
1215 4948 1388 5003 άπιθέ
1398 4964 1453 5008 ν,
1485 4948 1763 5014 κομιεῖται

1873 4942 2110 5011 Paulum,
2139 4942 2271 5010 ταοά
2297 4942 2469 5009 fecerit
2499 4940 2685 4993 bonum
2713 4955 2747 4991 α
2777 4938 2997 4991 Domino
3049 4939 3276 5006 recipiet,
3305 4942 3412 4993 sive

208 5029 389 5083 τοῦτο
415 5036 571 5098 παρὰ
602 5034 840 5100 Κυρίου,
867 5034 984 5087 alte
1016 5034 1234 5099 δοῦλος
1267 5036 1387 5088 εἶτε
1432 5037 1759 5103 ἐλεύθερος.

280 5119 523 5174 ΖΩΝΔΡ.
564 5122 715 5184 Τινὲς
745 5123 960 5186 δούλους
990 5126 1219 5187 οἰκείους
1256 5126 1606 5193 Χριστιανοὺς
1648 5125 1762 5178 ἀνθ’

210 5208 418 5262 ἑαυτῶν
441 5212 539 5262 καὶ
561 5212 796 5265 ἀκόντων
813 5213 877 5284 If.
892 5214 1139 5285 ἄκοντας]
1154 5215 1417 5268 ὑπέϐαλον
1443 5215 1605 5268 θύειν.
1630 5216 1761 5278 Τοὺς

278 5369 311 5398 ι
335 5356 524 5428 Eph“.
546 5376 623 5424 γι,
652 5361 705 5417 8.

1867 5051 2038 5087 servus
2057 5035 2157 5085 sive
2184 5032 2330 5085 liber.

1936 5122 2140 5175 Zama.
2166 5120 2417 5175 Nonnulli
2454 5135 2639 5175 servos
2673 5134 2801 5173 suos
2839 5116 3201 5178 Christianos,
3233 5130 3330 5184 pro
3354 5130 3413 5170 sc

1866 5214 2036 5283 ipsis,
2090 5213 2249 5266 etiam
2298 5211 2493 5265 invitos
2539 5209 2605 5262 ad
2666 5207 3045 5261 immolandum
3091 5206 3411 5261 submisere.

1531 5494 1758 5548 VARle
1811 5492 2208 5549 LECTiONES.

317 5654 380 5684 "‘
415 5652 770 5719 ἐκκλίνοντας.
851 5657 936 5688 ¹⁸·⁶
965 5657 997 5723 ἦ
1027 5658 1117 5709 καὶ
1148 5658 1199 5709 εἴ
1218 5673 1374 5720 τινες.
1450 5656 1558 5690 ⁸³·”’
1584 5676 1639 5711 τε
1669 5673 1775 5713 om.

1880 5660 2007 5690 ηηυ
2037 5658 2095 5710 ἐν
2127 5673 2231 5713 om.
2315 5638 2460 5688 ημῖν
2498 5658 2648 5710 ουτῡ.
2726 5660 2768 5689 υ
2800 5658 2945 5712 deest
2976 5654 3108 5710 ἐστί.
