4002 6314
601 360 706 426 487

1863 361 2138 424 TllEOD.
2189 363 2416 423 BA‘LSA
2431 365 2588 426 ΜοΝ

3715 361 3827 420 488

596 484 768 539 Hocce
795 483 960 553 igitur
997 499 1202 547 servos,
1233 485 1480 551 quamvis
1534 486 1875 539 dominorum
1905 487 2146 556 iussione

2255 486 2493 548 δούλους,
2532 490 2580 539 εἰ
2608 489 2702 542 καὶ
2732 487 2976 540 κελεύσει
3011 486 3117 537 τῶν
3145 485 3413 536 δεσποτῶν
3456 484 3657 545 ἔθυσαν,
3694 486 3828 551 pu-

591 575 790 636 coacti,
824 589 926 628 non
966 581 1144 627 autem
1203 587 1301 627 sua
1345 574 1642 635 voluntate,
1705 577 2150 641 sacrificaverint,

591 679 792 718 annum
821 665 874 717 in
909 664 1220 733 poenitentia
1261 663 1455 731 degere
1489 663 1573 716 llic
1620 663 1779 718 Pater
1803 666 1953 733 jubet
1989 685 2000 718 :
2038 682 2150 720 me-

594 753 923 819 minisseque
958 766 1016 804 se
1051 767 1171 803 cum
1200 751 1306 804 sint
1335 751 1535 812 ﬁdeles,
1561 765 1678 804 esse
1709 751 1914 805 Christi
1943 768 2150 815 servos,

593 852 830 904 eumque
865 839 1036 904 magis
1061 839 1250 890 timere
1273 845 1521 904 oportere
1562 855 1574 888 :
1629 853 1689 889 ac
1723 853 2149 905 unumquemque,

595 932 652 977 ut
684 941 910 994 magnus
939 927 1012 976 ait
1047 926 1356 994 Apostolus,
1395 930 1497 980 sive
1521 943 1746 992 servum,
1777 929 1880 980 sive
1911 925 2149 993 liberum,

591 1030 707 1078 quae
740 1016 914 1082 fecerit
944 1026 1350 1082 reportaturum.

1190 1105 1418 1159 CANON
1447 1106 1556 1161 Vll.

672 1210 689 1241 ι
733 1191 910 1244 Liberi
948 1201 1128 1247 autem
1173 1196 1346 1248 tribus
1379 1197 1541 1250 annis
1591 1196 1644 1248 in
1695 1199 2008 1266 penitentia
2033 1215 2154 1253 exa-

601 1296 620 1327 ι
665 1280 1017 1332 minabuntur
1049 1322 1063 1344 ,
1121 1289 1231 1333 tum
1297 1282 1441 1349 quod
1489 1283 1983 1346 dissimulaverint,
2039 1297 2152 1342 tum

599 1384 619 1417 ι
658 1367 800 1435 quod
831 1368 1103 1422 eﬂ'ecerint
1140 1379 1196 1422 ut
1233 1374 1478 1425 conservi
1544 1375 1930 1437 sacritiearent,
1976 1386 2032 1428 ut
2061 1379 2152 1444 qui

600 1474 618 1505 ι
656 1459 912 1524 Apostolo
945 1475 1050 1510 non
1091 1460 1417 1522 obcdierint,
1451 1463 1542 1530 qui
1584 1464 1694 1516 vult
1727 1476 1750 1502 ι
1794 1465 2030 1517 dominos
2062 1483 2154 1518 ea-

601 1565 620 1596 ι
661 1546 774 1598 dem
805 1548 972 1612 facere
996 1567 1108 1617 qua:
1130 1554 1282 1613 servi,
1325 1555 1638 1606 remittentes
1667 1557 1855 1608 minas.
1897 1556 2148 1622 Scientes,

601 1655 618 1685 ι
663 1638 854 1704 inquit,
887 1639 1023 1705 quod
1048 1651 1222 1692 noster
1247 1659 1445 1710 quoque
1471 1654 1518 1695 et
1539 1645 1766 1710 ipsorum
1797 1645 2047 1699 Dominus
2074 1657 2152 1700 est

597 1740 618 1771 ι
657 1724 712 1774 in
748 1725 910 1786 caelis,
943 1735 991 1777 et
1018 1744 1117 1778 non
1151 1737 1226 1779 est
1265 1729 1401 1795 apud
1460 1746 1574 1782 eum
1610 1747 1948 1797 personarum
2000 1751 2148 1788 acce-

2257 574 2504 637 σθέντες,
2551 576 2662 628 ἀλλ’
2705 578 2804 628 οὐκ
2847 575 2904 638 ὲξ
2945 573 3143 626 οἰκείου
3192 572 3520 640 θελήματος,
3568 571 3827 623 ἐνιαυτὸν

2254 663 2311 712 ὲν
2335 661 2585 730 μετανοίᾳ
2611 663 2854 728 διάγεινὸ
2871 662 3057 732 Πατὴρ
3083 655 3234 720 οὗτος
3262 659 3560 726 διορίζεται,
3588 659 3678 711 καὶ
3711 675 3829 727 μα-

2254 751 2383 812 θεῖν,
2412 753 2510 813 ὂτι,
2547 754 2726 804 πιστοί
2754 754 2923 814 ὅντες,
2953 751 3185 821 Χριστοῦ
3209 749 3381 801 δοῦλοί
3416 751 3538 812 είσι,
3566 752 3830 802 κάκεῖνον

2257 841 2454 908 μᾶλλον
2486 841 2763 909 φοϐεῖσθαι
2798 842 3095 908 ὀφείλουσι⁹
3127 840 3220 891 καὶ
3260 839 3338 889 ὄτι
3378 839 3639 902 ἕκαστος,
3665 841 3832 889 κατὰ.

2252 928 2340 978 τὸν
2366 929 2534 996 μέγαν
2577 926 2912 990 Ἀπόστολον,
2931 930 2960 981 ὃ
2991 931 3098 982 ἐὰν
3121 927 3342 994 ποιήσῃ
3370 927 3657 994 κομιεῖται,
3688 929 3831 979 εἴτε

2252 1017 2470 1082 δοῦλος
2504 1021 2558 1072 εἶ
2559 1037 2621 1072 τε
2653 1021 2981 1087 ἐλεύθερος.

2857 1109 3092 1162 ΚΑΝΩΝ
3133 1111 3201 1161 Ζ’.

2329 1214 2346 1246 ι
2385 1196 2445 1247 Οἰ
2485 1197 2539 1248 δὲ
2571 1197 2839 1266 ἐλεύθεροι
2876 1199 2931 1248 ἐν
2958 1197 3130 1266 τρισὶν
3163 1198 3336 1248 ἔτεσιν
3369 1194 3834 1263 ἔξετασθὴσονται.

2259 1302 2276 1333 ι
2317 1287 2374 1335 ὲν
2401 1289 2672 1357 μετανοίᾳ,
2697 1290 2789 1340 καὶ
2811 1289 2884 1349 ὡς
2905 1289 3325 1355 ὑποκρινάμενοι
3345 1287 3430 1348 ¹⁶’,
3450 1286 3542 1338 καὶ
3556 1286 3627 1345 ὡς
3645 1301 3835 1335 κατα-

2257 1391 2276 1422 (
2311 1375 2676 1440 ναγκάσαντες
2703 1378 2826 1437 τοὺς
2854 1375 3172 1443 ὁμοδούλους
3196 1374 3370 1434 θῦσαι,
3397 1376 3490 1425 ἆτε
3517 1373 3602 1403 ¹⁶⁹⁹
3625 1372 3683 1440 δὴ
3707 1389 3833 1423 παι-

2257 1482 2274 1512 ι
2310 1465 2677 1537 ρακούσαντες
2721 1466 2813 1518 τοῦ
2871 1466 3186 1516 ’Δποστόλου
3242 1465 3311 1516 τὰ
3369 1465 3518 1516 αὐτὰ
3568 1462 3831 1520 θέλοντος

2257 1573 2274 1604 ι
2313 1554 2500 1606 ποιεῖν
2545 1554 2682 1617 τοὺς
2728 1554 3023 1616 δεσπότας
3075 1552 3196 1615 τοῖς
3236 1551 3493 1614 δούλοις,
3539 1552 3833 1613 ἀνιέντας

2257 1662 2275 1694 ι
2315 1645 2425 1709 τὴν
2458 1643 2745 1707 ἀπειλήν·
2795 1643 3017 1706 εἰδότες
3057 1643 3118 1703 ¹⁷,
3163 1641 3344 1709 φησὶν,
3390 1641 3477 1692 ὅτι
3516 1641 3612 1692 καί
3645 1639 3833 1708 ἡμῶν

2257 1749 2274 1779 ι
2318 1731 2412 1781 καὶ
2445 1730 2636 1782 αὐτῶν
2670 1731 2731 1760 ¹⁷’
2754 1733 2785 1782 ό
2809 1730 3018 1799 Κύριός
3043 1730 3212 1780 ἐστιν
3235 1727 3277 1757 ¹⁸
3301 1727 3369 1779 ἐν
3393 1727 3682 1792 οὐρανοῖς,
3712 1727 3829 1778 καὶ

601 1828 620 1860 ι
656 1813 783 1878 ptio.
816 1813 869 1864 Si
899 1831 1062 1868 unum
1090 1827 1268 1870 autem
1328 1835 1516 1872 omnes
1545 1821 1804 1874 habemus
1838 1823 2145 1888 Dominum,

2258 1839 2274 1870 ι
2314 1822 2790 1888 προσωποληψία
2822 1819 2955 1886 παρ’
2987 1816 3144 1881 αὐτῷ
3173 1821 3281 1870 οὐκ
3313 1819 3499 1870 ἐστιν.
3539 1819 3598 1868 Εἰ
3634 1817 3688 1869 δὲ
3715 1818 3831 1868 ἔνια

600 1917 621 1949 ‹
658 1901 792 1966 apud
843 1919 990 1970 quem
1021 1923 1120 1957 non
1174 1916 1249 1959 est
1287 1923 1628 1974 personarum
1662 1913 1890 1976 acceptio
1923 1913 1982 1976 lt;
2016 1929 2149 1981 quo-

600 2004 620 2038 t
659 1991 803 2043 niam
827 2003 873 2042 et
905 1996 1102 2064 omnia,
1136 2005 1184 2048 et
1215 1997 1266 2049 in
1293 1998 1526 2052 omnibus
1553 2009 1629 2050 est
1653 1999 1912 2064 Christus,
1940 2003 1990 2054 in
2024 2003 2152 2056 Bar-

601 2095 621 2126 ι
665 2078 806 2133 baris
845 2092 893 2134 et
923 2061 1151 2152 Sept/tis,
1186 2088 1344 2139 servis
1379 2099 1425 2140 et
1459 2087 1630 2141 liberis
1671 2100 1692 2126 ο
1731 2110 1742 2143 :
1793 2091 1988 2146 debent
2017 2109 2148 2146 eon-

605 2185 622 2216 ι
666 2169 906 2224 siderare
962 2176 1104 2240 quod
1137 2174 1402 2238 fecerunt,
1433 2179 1672 2232 volentes
1725 2196 1877 2233 suam
1907 2183 2146 2250 ipsorum

602 2277 620 2307 ι
661 2263 895 2314 animam
949 2278 1198 2332 servare;
1235 2269 1326 2336 qui
1383 2285 1674 2325 conservos
1714 2283 1930 2328 nostros
1968 2282 2148 2331 traxe-

602 2365 626 2398 ‹
656 2359 780 2402 runt
804 2352 868 2404 ad
903 2354 1276 2420 idololatriam,
1296 2359 1386 2425 qui
1413 2369 1659 2426 poterant
1682 2373 1735 2415 et
1757 2363 1858 2430 ipsi
1889 2363 2143 2434 eﬂ‘ugere,

601 2453 622 2484 ι
654 2437 700 2489 si
725 2439 815 2504 jus
845 2448 896 2491 et
923 2444 1280 2509 aequalitatem
1306 2445 1438 2513 ipsis
1459 2447 1814 2512 praebuissent
1858 2455 1916 2500 ut
1954 2465 2146 2505 rursus

599 2541 618 2573 ι
656 2525 784 2578 dicit
807 2529 1116 2596 Apostolus.
1155 2549 1172 2581 ι

665 2696 823 2750 Βλιε.
872 2697 1083 2757 Liberis
1115 2711 1294 2757 autem
1329 2721 1424 2759 seu
1467 2707 1699 2767 dominis
1739 2727 2020 2765 servorum
2052 2729 2142 2768 sa-

592 2786 840 2840 crificare
865 2800 1198 2855 coactorum,
1235 2795 1452 2849 triennii
1478 2813 1690 2864 pinnam
1720 2801 1972 2869 injungit,
2000 2804 2144 2870 quod

592 2881 647 2928 et
679 2878 985 2934 sacriﬁcare
1035 2882 1378 2950 simularunt,
1437 2897 1485 2941 et
1523 2891 1743 2941 omnino
1777 2904 2015 2944 annuere
2044 2893 2144 2944 visi

595 2974 744 3026 sunt,
780 2977 833 3020 et
883 2972 1024 3037 quod
1060 2989 1349 3028 conservos
1381 2977 1688 3054 sacrificare
1735 2989 2048 3047 coegerunt,
2092 2992 2146 3036 et

595 3055 741 3121 quod
773 3055 1031 3124 Apostolo
1058 3077 1163 3115 non
1211 3075 1504 3132 paruerunt
1528 3065 1739 3132 jubenti
1784 3071 1943 3122 servis
1975 3073 2143 3125 minas

2258 1931 2275 1962 ι
2303 1913 2514 1981 Κύριον
2565 1912 2772 1980 ἔχωμεν
2805 1911 2845 1942 ¹⁹
2875 1911 2922 1962 οἰ
2959 1911 3176 1970 πάντες,
3221 1910 3784 1974 ἀπροσωπόληπτον
3807 1945 3829 1971 ,

2258 2021 2275 2051 ι
2317 2003 2433 2052 ἐπεὶ
2465 2002 2555 2054 καὶ
2593 2000 2785 2052 πάντα
2825 2001 2922 2053 καί
2975 2000 3044 2050 ἐν
3069 1997 3259 2050 πᾶσιν
3283 1997 3451 2049 ἐστιν
3474 2000 3506 2049 ό
3539 1996 3826 2062 Χριστὸς,

2257 2109 2274 2140 ι
2312 2091 2382 2142 ἐν
2435 2109 2496 2143 τε
2539 2089 2862 2157 βαρϐάροις
2915 2089 3009 2142 καὶ
3070 2089 3356 2151 Σκύθαις,
3413 2086 3647 2151 δούλοις
3713 2089 3826 2138 καὶ

2255 2199 2274 2230 ι
2313 2179 2675 2247 ἐλευθέροις,
2718 2183 2935 2232 σκοπεῖν
2986 2177 3286 2246 ὀφείλουσιν
3316 2177 3343 2228 ὃ
3391 2177 3828 2246 κατειργάσαντο

2256 2289 2274 2319 ι
2313 2269 2629 2337 θελήσαντες
2663 2270 2757 2338 τὴν
2785 2268 2958 2337 ψυχὴν
2987 2267 3190 2320 ἑαυτῶν
3221 2267 3389 2318 σῶσαι
3411 2265 3478 2326 ⁸⁸,
3502 2270 3620 2330 τοὺς
3661 2267 3722 2318 δὲ
3741 2269 3824 2299 ’θ’

2255 2378 2272 2409 ι
2312 2360 2621 2420 συνδούλους
2639 2359 2841 2411 ἑαυτῶν
2855 2360 2894 2389 ⁸¹
2909 2359 3230 2419 ἑλκύσαντες
3246 2357 3338 2409 ἐπὶ
3353 2355 3823 2422 εἰδωλολατρείαν,

2256 2466 2273 2496 ι
2312 2448 2640 2516 δυναμένους
2668 2448 2758 2498 καὶ
2787 2447 2978 2507 αὐτοὺς
3007 2449 3285 2513 ἐκφυγεῖν,
3315 2447 3362 2497 εἰ
3396 2445 3453 2496 τὸ
3479 2445 3678 2497 δίκαιον
3717 2446 3822 2494 καὶ

2257 2554 2273 2585 ι
2316 2535 2412 2605 τὴν
2449 2536 2664 2602 ἰσότητα
2695 2532 2834 2604 ἦσαν
2881 2535 3060 2597 αὐτοῖς
3095 2533 3463 2604 παρασχόντες
3487 2571 3500 2594 ,
3543 2533 3615 2594 ὼς
3648 2531 3834 2584 πάλιν

2255 2644 2273 2676 ι
2312 2628 2340 2678 ὁ
2374 2625 2686 2687 Ἀπόστολος
2717 2625 2884 2692 λέγει.
2918 2645 2935 2676 ι

2317 2717 2509 2768 ΒΑΛΣ.
2543 2718 2664 2777 Τοῖς
2695 2716 2749 2767 δὲ
2781 2717 3101 2786 ἐλευθέροις,
3121 2717 3236 2784 ἢτοι
3259 2719 3367 2776 τοῖς
3394 2714 3671 2773 δεσπόταις
3705 2711 3842 2762 τῶν·

2250 2808 2574 2874 βιασθέντων
2603 2807 2760 2858 θῦσαι
2787 2808 3004 2868 δούλων,
3038 2808 3130 2858 ἐπὶ
3163 2807 3398 2875 τριετίαν
3437 2805 3656 2872 ἐπιτιμᾷ
3677 2819 3690 2829 ·
3728 2803 3819 2855 ὅτε

2246 2910 2307 2946 τε
2342 2895 2709 2963 ὑπεκρίθησαν
2739 2893 2918 2955 θῦσαι,
2955 2895 3046 2946 καὶ
3075 2894 3209 2955 ὅλως
3242 2893 3422 2957 ἔδοξαν
3456 2891 3817 2953 κατανεῦσαι,

2249 2984 2342 3036 καὶ
2371 2986 2450 3036 ὅτι
2483 2987 2605 3046 τοὺς
2654 2985 2966 3046 συνδούλους
3019 2984 3328 3052 ἠνάγκασαν
3361 2982 3551 3044 θῦσαι,
3588 2981 3676 3032 καὶ
3729 2982 3819 3032 ὅτι

2250 3074 2599 3142 παρήκουσαν
2627 3079 2718 3127 τοῦ
2754 3075 3070 3127 Ἀποστὸλου
3099 3073 3405 3134 κελεύοντος
3429 3071 3654 3125 (inerat
3684 3072 3821 3134 τοῖς

593 3145 886 3208 remittere;
920 3159 1103 3218 utpote
1136 3168 1258 3207 cum
1292 3155 1392 3223 ipsi
1423 3171 1636 3224 quoque
1667 3157 1870 3211 domini
1911 3160 2000 3213 Dei
2027 3178 2146 3234 ser-

2254 3130 2488 3227 δούλοις
2521 3165 2629 3230 τὴν
2661 3166 2937 3231 ἀπειλὴν,
2988 3166 3062 3227 ὼς
3107 3166 3198 3216 καὶ
3244 3164 3348 3214 τῶν
3383 3163 3652 3215 δεσποτῶν
3688 3163 3824 3216 8015-

596 3229 648 3282 vi
671 3232 800 3294 sint,
836 3245 888 3288 et
923 3236 1243 3292 famulorum
1279 3243 1546 3296 conservi.
1583 3243 1756 3311 Atque
1787 3245 1887 3312 ipsi
1930 3229 2147 3314 quidem

590 3316 918 3376 "festinarunt
949 3340 1099 3379 suam
1124 3345 1338 3384 servare
1372 3333 1624 3393 animam,
1653 3348 1944 3388 conservos
1967 3344 2146 3388 autem

593 3429 724 3468 suos
754 3415 820 3466 ad
841 3415 1714 3493 idololatriamcompulerunt,qui
1747 3436 1993 3494 poterant
2015 3428 2150 3482 εσυ-

590 3517 734 3572 gere.

669 3593 767 3660 l3
792 3594 994 3651 Zona.
1021 3600 1230 3657 Liberis
1249 3615 1449 3670 autem,
1474 3612 1572 3662 hoc
1602 3622 1680 3664 est
1711 3611 1943 3664 dominis
1961 3626 2144 3664 servo-

594 3678 715 3733 ru‘m
742 3686 832 3751 qui
860 3690 1171 3745 sacrificare
1195 3708 1318 3748 sunt
1343 3700 1538 3763 coacti,
1557 3702 1776 3755 triennii
1801 3718 2019 3770 pinnam
2064 3702 2148 3754 in-

590 3771 771 3840 iungit
808 3793 820 3827 :
855 3787 968 3832 tum
1000 3780 1124 3847 quia
1154 3785 1461 3839 sacrificare
1480 3804 1536 3840 se
1557 3791 1900 3850 simularunt.
1928 3807 1992 3845 ac
2018 3809 2144 3848 suc-

589 3858 846 3909 Cumbere
897 3860 1120 3914 omnino
1153 3862 1252 3916 visi
1298 3871 1426 3916 sunt
1461 3873 1620 3918 stum
1681 3862 1807 3937 quia
1853 3887 2145 3934 conservos

589 3955 880 4011 coegerunt
907 3957 963 4000 ut
991 3949 1358 4017 immolarent;
1387 3970 1484 4007 nec
1544 3956 1978 4025 obtemperarunt
2008 3963 2148 4030 Apo-

591 4034 729 4086 stolo
751 4034 960 4100 jubenti
993 4041 1156 4092 servis
1205 4043 1373 4094 minas
1399 4045 1688 4107 remittere;
1722 4062 1843 4100 cum
1880 4050 1979 4117 ipsi
2013 4067 2146 4119 quo-

594 4137 699 4187 que
719 4123 922 4178 domini
977 4129 1086 4182 Sint
1114 4129 1202 4182 Dei
1229 4134 1389 4195 servi,
1425 4143 1478 4187 et
1509 4133 1830 4189 famulorum
1870 4143 2140 4194 conservi.

589 4209 670 4262 Ac
696 4211 794 4278 ipsi
829 4217 1043 4282 quidem
1086 4219 1410 4274 festinarunt
1459 4239 1610 4276 suam
1645 4241 1860 4279 servare
1884 4229 2139 4292 animam,

589 4311 879 4354 conservos
904 4317 1102 4368 autem,
1151 4309 1240 4376 qui
1266 4308 1498 4379 eiTugere
1521 4320 1766 4380 poterant
1814 4314 1880 4366 ad
1915 4317 2141 4370 idolola-

589 4387 746 4439 triam
783 4393 1179 4459 compulerunt.

1175 4485 1395 4540 CANON
1435 4488 1567 4542 VIII.

667 4586 683 4616 ι
725 4569 792 4619 lis
817 4579 992 4622 autem
1021 4572 1111 4638 qui
1135 4574 1330 4640 proditi
1363 4587 1505 4641 sunt,
1537 4588 1589 4632 et
1612 4581 1945 4646 exciderunt,
1976 4588 2064 4654 qui
2093 4586 2146 4641 ét

591 4676 609 4706 ι
648 4658 744 4726 ipsi
771 4660 835 4711 ad
880 4670 1148 4716 certamen
1180 4678 1545 4730 accesserunt,
1577 4685 1634 4722 se
1665 4687 1784 4724 esse
1809 4673 2143 4732 Christianos

591 4763 610 4794 ι
647 4750 980 4811 conﬁtentes,
1001 4761 1053 4804 et
1077 4753 1127 4805 in
1154 4757 1447 4808 custodiam
1475 4772 1595 4809 cum
1620 4763 1899 4816 tormentis
1916 4767 2140 4832 conjec-ti

592 4854 610 4884 ι
642 4847 799 4890 sunt:
843 4854 1054 4907 aequum
1095 4851 1175 4896 est
1216 4845 1268 4896 in
1300 4848 1655 4903 exsultatione
1686 4853 1866 4907 cordis
1891 4855 2029 4910 vires
2063 4860 2138 4910 si-

589 4945 609 4977 ι
642 4929 750 4980 mul
777 4931 988 4993 addere,
1019 4942 1070 4986 et
1094 4935 1170 4988 eis
1197 4937 1248 4988 in
1277 4940 1529 4992 omnibus
1555 4945 1966 5008 communicare,
2002 4959 2053 5001 et
2086 4952 2153 5002 in.

593 5030 611 5062 ι
643 5016 997 5083 orationibus,
1033 5033 1086 5072 ct
1136 5022 1186 5073 in
1220 5026 1623 5092 participatione
1661 5033 1901 5097 corporis
1937 5044 1987 5087 et
2016 5053 2140 5088 san--

592 5119 611 5150 ι
643 5103 819 5169 guinis
871 5105 1108 5168 Clu-isti,
1163 5120 1212 5162 et
1269 5115 1532 5166 sermonis
1583 5117 1952 5173 adhortatione
2012 5138 2023 5170 :
2082 5134 2138 5176 ut

659 5249 684 5276 ⁸
719 5237 902 5308 Epltes.
940 5261 1010 5307 vr,
1047 5249 1098 5301 9.
1175 5252 1203 5290 ιι
1229 5252 1376 5305 Rom.
1405 5271 1463 5318 ιι,
1504 5257 1586 5310 il.
1665 5271 1685 5297 ε
1715 5260 1918 5314 Coloss.
1951 5279 2032 5327 ιιι,
2071 5266 2150 5316 Η.

2251 3250 2355 3302 λων
2401 3250 2567 3303 ὄντων
2601 3253 2676 3321 τῷ
2709 3255 2914 3322 Κυρίῳ,
2954 3255 3044 3304 καὶ
3076 3256 3187 3314 τοῖς
3215 3254 3450 3315 οἰκέταις
3489 3253 3817 3308 συνδούλων.

2251 3341 2359 3392 Kal.
2399 3342 2550 3394 αύτυί
2589 3343 2684 3411 μὲν
2726 3343 2990 3394 ἔσπευσαν
3019 3343 3117 3411 τὴν
3153 3341 3356 3392 οἰκείαν
3389 3342 3560 3394 σῶσαι
3593 3341 3780 3410 ψυχὴν
3803 3385 3819 3405 ,

2249 3431 2373 3492 τοὺς
2403 3432 2458 3483 δὲ
2493 3433 2804 3494 συνδούλους
2847 3433 2937 3484 ἐπὶ
2971 3430 3406 3501 εἰδωλολατρείαν
3454 3434 3820 3500 κατήπειγον,

2249 3518 2572 3587 δυναμένους
2600 3521 2872 3586 ἐκφυγεῖν.

2317 3596 2554 3660 ZONAP.
2608 3611 2729 3672 Τοῖς
2769 3611 2822 3660 δὲ
2867 3610 3185 3680 ἐλευθέροις,
3234 3612 3348 3680 ητοι
3378 3610 3486 3673 est;
3523 3611 3816 3675 δεσπόταις

2247 3697 2352 3750 τῶν
2374 3698 2696 3766 βιασθέντων
2719 3698 2874 3750 θῦσαι
2904 3699 3122 3759 δούλων,
3158 3702 3248 3750 ἐπὶ⁵
3275 3701 3510 3768 τριετίαν
3539 3703 3774 3770 ἐπιτιμᾷ
3796 3720 3811 3732 ο

2246 3788 2326 3839 ὅτι
2353 3806 2410 3840 τε
2433 3789 2796 3857 ὑπεκρίθησαν
2819 3789 2996 3851 Θῦσαι,
3026 3791 3119 3842 καὶ
3143 3790 3282 3851 ὅλως.
3299 3791 3478 3856 ἔδοξαν
3510 3792 3811 3860 ὑποκύψαι,

2247 3881 2342 3932 καὶ
2375 3881 2454 3930 ὅτι
2494 3879 2584 3930 καὶ
2631 3880 2755 3940 τοὺς
2799 3878 3108 3941 συνδούλους
3154 3880 3466 3947 ἠνάγκασαν
3499 3881 3675 3940 θῦσαι,
3711 3883 3814 3932 καὶ

2247 3971 2326 4020 ὃτι
2356 3971 2704 4037 παρήκουσαν
2732 3967 2824 4019 τοῦ
2873 3969 3188 4020 ’Λποστὸλου
3231 3969 3538 4030 κελεύοντος
3578 3969 3812 4022 ἀνιέναι

2247 4057 2366 4121 τοῖς
2405 4057 2641 4121 δούλοις
2672 4057 2784 4122 τὴν
2831 4056 3115 4122 ἀπειλὴν,
3153 4058 3226 4119 ὼς
3265 4058 3358 4110 καὶ
3396 4058 3501 4109 τῶν
3533 4057 3811 4108 δεσποτῶν

2247 4147 2444 4198 δούλων
2485 4147 2650 4197 ὄντων
2691 4146 2899 4216 Κυρίῳ,
2937 4148 3165 4208 καὶτοῖς
3213 4148 3448 4210 οἰκέταις
3486 4147 3806 4198 συνδούλων.

2247 4234 2355 4284 Καὶ
2382 4232 2532 4283 αὐτοὶ
2573 4233 2668 4300 μὲν
2710 4233 2974 4283 ἔσπευσαν
3024 4235 3120 4303 τὴν
3154 4235 3356 4286 οἰκείαν
3390 4235 3557 4287 σῶσαι
3603 4234 3806 4303 ψυχὴν,

2245 4322 2369 4382 τοὺς
2415 4321 2470 4372 δὲ
2504 4321 2812 4384 συνδούλους
2844 4323 2933 4374 ἐπὶ
2982 4323 3416 4392 εἰδωλολατρείαν
3459 4323 3807 4388 κατέπειξαν,

2245 4411 2571 4479 δυναμένους
2595 4410 2866 4480 ὲκὶρυγεῖν.

2835 4503 3070 4553 ΚᾹΝΩΝ
3122 4503 3204 4554 II'.

2316 4608 2333 4640 ι
2373 4591 2494 4651 Τοῖς
2513 4589 2567 4640 δὲ
2602 4591 3046 4660 παραδεδομένοις
3077 4595 3166 4644 καὶ
3189 4596 3232 4624 “
3258 4596 3654 4659 ἐκπεπτωκόσι,
3687 4598 3802 4661 τοῖς

2244 4695 2263 4725 ι
2297 4693 2355 4728 τε
2381 4677 2556 4738 αὐτοῖς,
2579 4677 2622 4708 ³³
2646 4679 3094 4748 προσεληλυθόσιν
3123 4683 3201 4742 εἰς
3228 4684 3318 4732 τὸν
3349 4683 3530 4748 ἀγῶνα
3553 4686 3644 4736 καὶ⁸
3673 4689 3805 4753 ὁμο-

2243 4781 2260 4811 ι
2300 4761 2545 4828 λογοῦσιν
2571 4758 2706 4814 εἶναι
2733 4766 3094 4831 ’Χριστιανοῖς,
3123 4765 3542 4833 ἐμϐεϐλημένας
3567 4784 3626 4818 τε
3651 4769 3705 4818 ὲν
3728 4773 3797 4837 τῇ

2243 4871 2260 4900 ι
2304 4851 2509 4919 φυλακῇ
2539 4851 2672 4918 μετά
2705 4853 2968 4921 βασάνων,
2999 4853 3212 4920 εὖλογόν
3237 4857 3380 4905 ἐστιν
3407 4857 3463 4906 ὲν
3485 4855 3799 4921 ἀγαλλιάσει

2242 4960 2259 4990 ι
2303 4941 2519 5009 καρδίας
2549 4943 2919 5012 συνεπισχύειν
2951 4949 3042 4996 καὶ
3071 4949 3342 4997 κοινωνεῖν
3372 4947 3427 4996 ὲν
3453 4947 3630 5006 πᾶσιν,
3659 4945 3710 4995 ἔν
3734 4962 3797 4996 τε

2241 5049 2258 5078 ι
2298 5037 2412 5092 ταῖς
2441 5037 2765 5102 προσευχαῖς
2794 5035 2886 5085 καὶ
2915 5037 2978 5102 τῇ
3009 5034 3300 5104 μεταλήψει
3319 5035 3412 5086 τοῦ
3436 5034 3677 5102 σώματος
3699 5035 3798 5106 καὶ

2240 5139 2256 5167 ι
2299 5119 2390 5170 τοῦ
2415 5122 2637 5189 αἵματος
2667 5122 2760 5174 τοῦ
2797 5125 3027 5192 Χριστοῦ
3053 5124 3117 5186 ’⁵,
3140 5126 3233 5176 καὶ
3257 5127 3320 5193 τῇ
3344 5122 3677 5192 παρακλήσει
3703 5121 3793 5176 τοῦ

1811 5412 2040 5468 VARle
2077 5416 2474 5477 LEQTZONES.

584 5616 627 5645 u
655 5548 718 5632 ’ξ’
750 5551 1175 5622 ὑποκρινόμενοι.
1272 5561 1331 5587 ’θ’

676 5621 729 5669 δέ
760 5638 866 5672 υιιὶ.
979 5621 1017 5654 ⁴¹ν
1046 5628 1212 5685 “quod.

1341 5567 1354 5581 ‘
1383 5563 1482 5613 ὅτι.

1290 5632 1330 5657 ε’
1361 5632 1447 5680 καί
1477 5650 1584 5686 om.

1599 5567 1637 5594 ¹’
1668 5566 1891 5639 εἰδότας.
2011 5571 2073 5599 ’τ’
2106 5573 2254 5639 ὑμῶν
2285 5574 2482 5626 αὐτῶν.

1665 5635 1706 5663 ⁸³
1739 5638 1965 5699 ἑαυτοῖς.
2033 5641 2074 5670 ’³
2106 5644 2193 5691 του
2231 5643 2462 5707 Χριστοῦ
2497 5659 2603 5695 οιιι.

2598 5577 2638 5606 ³³
2663 5575 2810 5630 «lcrs‘.
2834 5580 3018 5640 ἐστιν.
3125 5583 3162 5612 ι’
3197 5580 3406 5648 ἔχομεν.
3492 5577 3535 5609 ’³
3565 5572 3686 5629 add.
3728 5583 3794 5631 εἰ.
