4002 6314
254 353 354 416 489
1356 361 1437 422 ΙΝ
1474 364 1712 425 EPlST.
1754 368 1793 424 S

1861 365 2084 426 PETRI
2137 368 2356 431 ALEX.

3350 369 3456 433 490

249 503 269 538 ι
307 486 487 552 λόγου·
517 489 603 540 ἴνα
625 486 975 557 εὐτονώτερον
1002 493 1413 561 ἀγωνισάμενοι,
1438 492 1787 555 καταξιωθῶσ

1915 510 1932 541 ι
1975 492 2068 560 qui
2096 494 2434 548 constantius
2475 493 2891 554 deccrtaverint,
2924 494 3024 562 ipSl
3052 508 3265 562 quoque
3286 509 3459 559 seper-

248 593 268 628 ι
305 592 403 629 και
438 578 593 629 αὐτοὶ
629 579 732 631 τοῦ
757 578 1037 644 ,ϐραϐεῖον
1073 579 1180 646 τῆς
1207 581 1327 635 ἄνω
1367 582 1658 647 κλήσεως.
1696 586 1804 637 Καὶ

246 684 267 719 ι
303 666 417 737 γὰρ
449 666 712 727 ἑπτάκις,
747 669 895 737 φησὶ,
929 670 1192 723 πεσεῖται
1221 676 1253 724 ό
1280 672 1503 737 δίκαιος
1530 674 1625 725 καὶ
1662 675 1803 727 ἁνα-

246 774 267 808 σ
305 760 630 821 στήσεται·
676 758 811 826 ὅπερ
848 760 895 808 εί
929 758 1022 811 καὶ
1064 760 1261 823 πάντες
1302 761 1351 811 oi
1394 764 1804 825 ἐκπεπτωκότες

246 865 266 898 ε
306 850 699 917 πεποιήκεσαν,
728 848 1065 917 τελειὸτάτην
1098 849 1243 920 [add.
1273 849 1361 920 ἂν]
1386 852 1477 902 καὶ
1501 851 1803 921 όλοκάρδιον

244 956 265 990 t
309 940 597 1004 μετάνοιαν
627 939 975 1002 ἐνεδείξαντο.
1013 958 1028 989 υ

311 1028 508 1079 ΒᾹΛΣ.
551 1030 702 1092 Τινὲς
759 1028 1232 1099 προσηγγέλθησαν
1290 1031 1381 1082 καὶ
1438 1032 1804 1101 παρεδόθησαν

237 1118 350 1176 τοῖς
380 1118 677 1187 τυράννοις.
712 1119 742 1187 ἢ
777 1119 868 1169 καὶ
894 1118 1152 1179 ἑκουσίως
1181 1120 1360 1179 αὐτοῖς
1400 1120 1622 1182 ἑαυτοὺς
1671 1138 1804 1190 παρ-

242 1204 471 1267 έδωκαν,
502 1207 817 1274 ἡττηθέντες
847 1207 901 1258 δὲ
927 1208 1028 1258 ὑπὸ
1059 1208 1165 1258 τῶν
1192 1208 1481 1269 κολάσεων,
1518 1211 1802 1261 εκπεπτώ-

241 1310 369 1345 κασι
399 1295 499 1362 τῆς
532 1296 858 1364 μαρτυρίας·
903 1291 1019 1347 εἶτα
1065 1296 1522 1365 μεταμεληθέντες
1555 1300 1647 1350 κα)⁴
1687 1300 1802 1351 ἐπι»

238 1383 463 1449 γνόντες
498 1384 557 1435 τὸ
598 1385 830 1450 ἀγαθὸν,
876 1385 1222 1455 ’ὒμολόγησαν
1269 1381 1406 1438 εἶναι
1456 1388 1797 1456 Χριστιανοὶ,

239 1472 384 1522 ὥστε
418 1473 510 1522 καὶ
532 1474 609 1533 είς
637 1470 877 1539 φυλακὰς
905 1472 1231 1540 ἐμϐληθῆναι
1261 1473 1350 1522 ml.
1384 1472 1641 1539 βασάνους
1673 1475 1801 1526 ὑπο-

241 1563 456 1629 στῆναι.
495 1562 629 1622 Τοὺς
665 1561 933 1629 τοιούτους
973 1558 1062 1613 οὖν
1102 1560 1318 1628 εΰλογον
1363 1563 1536 1632 κρίνει
1587 1566 1613 1614 ὁ
1648 1565 1799 1631 ἅγιος

244 1651 387 1716 μετὰ
419 1650 677 1719 θυμηδίας
710 1649 955 1718 δέχεσθαι
989 1652 1078 1703 ml.
1117 1651 1501 1721 ἐπιῤῥωννύειν
1540 1654 1674 1720 πρὸς
1702 1654 1797 1722 τὴν

237 1744 519 1811 ὀρθόδοξον
550 1745 745 1807 πίστιν,
780 1744 870 1795 καὶ
914 1748 1177 1795 κοινωνεῖν
1221 1745 1400 1805 αὐτοῖς
1443 1745 1498 1795 ἐν
1533 1761 1591 1795 τε
1633 1762 1797 1814 προσ-

1920 599 1938 633 σ
1976 597 2056 633 me
2116 582 2399 634 vocationis
2455 582 2636 633 brabio
2708 594 2733 620 ιι
2788 582 3094 648 dignentur.
3154 580 3359 635 Etenim
3384 600 3459 635 sco

1911 688 1929 720 ι
1966 672 2118 736 pties,
2152 672 2345 738 inquit,
2372 671 2718 738 cadctjustus
2735 680 2781 723 et
2815 681 3043 737 resurget
3078 670 3133 736 b;
3170 670 3313 738 quod
3342 689 3459 740 qui-

1909 777 1925 807 ι
1968 761 2088 812 dem
2121 760 2166 812 si
2189 774 2375 812 omnes
2409 774 2621 827 quoque
2654 760 2791 826 lapsi
2820 758 3096 819 fecissent,
3128 759 3456 826 perfectissi-

1909 867 1926 895 ι
1960 864 2097 899 mam
2126 858 2176 900 et
2206 856 2316 900 toto
2346 847 2508 900 corde
2532 856 2836 915 susceptam
2864 850 3235 917 pmnitentiaui
3265 858 3451 904 osten-

1908 955 1925 985 ι
1968 938 2195 990 dissent.
2238 956 2255 986 ι

1975 1027 2128 1079 BALS.
2162 1025 2389 1088 Quidam
2415 1026 2660 1093 tyrannis
2690 1026 2853 1079 delati
2903 1034 2955 1079 et
2987 1027 3183 1094 proditi
3219 1026 3450 1091 fuerant,

1900 1118 1983 1168 vel
2039 1117 2200 1169 etiam
2248 1116 2348 1183 ipsi
2382 1116 2615 1184 seipsos
2675 1118 2781 1169 illis
2833 1125 3024 1185 sponte
3074 1118 3453 1171 tradiderant:

1902 1205 2025 1256 victi
2050 1212 2224 1255 autem
2253 1204 2538 1255 tormentis
2558 1203 2871 1256 testimonio
2899 1204 3214 1257 exciderunt
3247 1222 3259 1256 :
3304 1205 3456 1258 dein-

1904 1301 1966 1345 de
1997 1308 2119 1344 cum
2178 1291 2495 1359 ptenitentia
2530 1292 2674 1345 ducti
2720 1300 2917 1351 essent,
2976 1303 3027 1345 et
3080 1291 3223 1361 quod
3255 1293 3451 1346 bonum

1900 1393 2002 1443 est,
2033 1382 2396 1450 agnovissent,
2426 1397 2482 1434 se
2504 1396 2623 1435 esse
2652 1381 2994 1435 Christianos
3018 1384 3255 1437 confessi
3288 1391 3448 1448 sunt;

1901 1470 2034 1522 adeo
2063 1479 2119 1522 ut
2174 1471 2225 1522 in
2257 1471 2559 1523 custodiam
2618 1471 2876 1537 coniecti,
2941 1481 3204 1526 tormenta
3240 1489 3451 1541 quoque

1901 1557 2277 1612 sustinuerint.
2304 1558 2409 1611 Eos
2444 1574 2573 1626 ergo
2609 1574 2823 1627 aequum
2868 1569 3051 1613 censet
3092 1571 3312 1613 sant-tus
3355 1562 3445 1614 la:-

1900 1648 2035 1700 tanti
2070 1648 2248 1700 animo
2300 1648 2596 1713 suscipere,
2656 1657 2709 1700 et
2770 1648 2835 1699 ad
2888 1647 3042 1701 fidem
3094 1650 3447 1703 orthodoxam

1899 1736 2239 1797 confirmare,
2275 1742 2327 1788 et
2360 1737 2439 1789 eis
2503 1737 2903 1789 communicare
2935 1745 2988 1789 ct
3032 1738 3084 1788 in
3112 1739 3448 1791 orationibus

239 1834 430 1899 ευχαῖς
462 1832 553 1883 καὶ
592 1834 657 1900 τῇ
689 1832 983 1901 μεταλήψει
1029 1832 1131 1882 τών
1165 1831 1533 1898 ἁγιασμάτων,
1569 1833 1660 1883 καὶ
1708 1831 1791 1883 διὰ

1902 1834 1953 1875 et
1984 1832 2446 1877 sacramentorum
2475 1824 2904 1891 participatione,
2946 1824 3228 1890 verbisque
3258 1822 3449 1876 adhor-

239 1919 404 1986 λόγου
437 1922 792 1988 παρακαλεῖν,
826 1922 910 1973 ἵνα
955 1922 1084 1991 πρὸς
1119 1922 1207 1973 τὸν
1237 1920 1420 1986 ἀγῶνα
1453 1921 1794 1991 εὐτονώτεροι

242 2010 544 2072 γένωνται,
591 2011 680 2061 καὶ
724 2008 1092 2072 καταξιωθώσι
1134 2012 1231 2077 τῆς
1281 2009 1597 2077 ἐπουρανίου
1642 2009 1794 2077 βασι-

236 2098 415 2159 λείας.
447 2100 559 2151 Ἵνα
586 2100 640 2150 δέ
673 2098 764 2168 μὴ,
794 2099 923 2149 διότι
952 2098 1285 2160 πεπτώκασι,
1314 2099 1633 2167 νομίζωνταῖ
1659 2116 1795 2150 τισιν

239 2188 478 2248 ἅδεκτοι,
513 2186 702 2252 ἐπάγει
731 2186 823 2237 καὶ
864 2185 1161 2254 μαρτυρίαν
1188 2186 1293 2237 άπὸ
1321 2188 1418 2254 τῆς
1453 2186 1687 2255 Γραφῆς,
1714 2186 1791 2235 τόδ

253 2273 551 2337 Ἑπτάκις,
578 2274 693 2325 ἀντὶ
731 2274 846 2333 τοῦ,
881 2273 1152 2335 πολλάκις,
1186 2276 1447 2328 πεσεῖται
1481 2278 1513 2327 ό
1550 2275 1791 2337 δίκαιος,

242 2363 349 2414 καὶ
388 2362 804 2424 ἀναστήσεται,
834 2362 999 2412 Τοῦτο
1029 2361 1114 2422 δέ,
1162 2364 1320 2430 φησιν
1340 2402 1353 2423 ,
1385 2365 1432 2414 εί
1480 2364 1572 2414 καὶ
1607 2364 1795 2423 πάντες

240 2452 297 2501 ui
324 2452 423 2518 τῆς
449 2451 729 2519 ὁμολογίας
762 2451 1169 2515 ἐκπεπτωκότες
1193 2454 1471 2521 ἐποίησαν,
1501 2453 1559 2503 τὸ
1588 2454 1795 2503 ἀναπα-Δ

239 2538 429 2592 λαίσαι
452 2542 547 2608 τὴν
578 2539 799 2601 πτῶσιν,
831 2541 922 2591 καὶ
950 2540 1171 2592 ἐνώπιον
1215 2541 1320 2591 τῶν
1364 2542 1635 2611 τυράννων
1666 2542 1796 2609 Χρι-

243 2630 493 2691 στιανοὺς
522 2629 845 2697 ὁμολογῆσαι
878 2630 1116 2692 ἑαυτοὺς,
1160 2629 1481 2693 ἐνεδείξαντο
1508 2628 1571 2681 ἂν
1594 2629 1794 2680 τελειο-

238 2719 417 2787 τάτην
446 2720 742 2786 μετάνοιαν.
776 2719 1011 2788 Διαφορὰ
1041 2718 1167 2785 γοῦν
1192 2720 1302 2768 ἐστι
1334 2718 1439 2769 τῶν
1462 2719 1520 2768 ἐν
1546 2716 1622 2785 τῷ
1654 2735 1794 2787 παρ-

239 2809 361 2860 όηδτι
411 2810 592 2861 κανόνι
648 2809 1035 2878 διειλημμένων
1087 2810 1177 2859 καὶ⁹
1223 2808 1329 2859 τῶν
1373 2810 1427 2860 ἐν
1470 2808 1544 2876 τῷ
1598 2807 1795 2877 πρώτῳ

243 2899 431 2953 κανόνι
466 2900 858 2970 περιεχομένων
902 2899 1035 2967 αὕτη
1057 2940 1070 2961 ,
1114 2899 1190 2950 ὅτι
1224 2900 1335 2949 ἐκεῖ
1362 2898 1455 2965 μέν
1494 2900 1539 2948 οἰ
1581 2897 1667 2948 διὰ
1696 2898 1793 2959 τὰς

246 2986 511 3054 βασάνους
555 2986 961 3047 ἐκπεπτωκότες
1007 2987 1064 3037 οὑ
1102 2986 1542 3053 μετεστράφησαν
1569 2983 1795 3037 ἐνώπιον

238 3076 356 3129 τῶν
392 3077 660 3145 τυράννων
706 3078 783 3137 ε’ίς
817 3076 911 3144 τὴν
945 3075 1226 3143 ὁμολογίαν
1276 3074 1373 3141 τῆς
1406 3074 1667 3135 πίστεως’
1706 3076 1791 3125 ἐν·
1819 3111 1861 3167 C

232 3165 420 3219 ταῦθα
451 3167 505 3218 δὲ
542 3168 588 3217 oi
636 3164 1039 3225 ἐκπεπτωκότες
1080 3164 1165 3215 διὰ
1195 3163 1474 3230 βασάνους,
1504 3164 1563 3227 ἐξ
1590 3163 1789 3227 ἀγαθοῦ

238 3256 551 3327 μεταμέλου
596 3256 687 3306 ἐπὶ
716 3253 821 3306 τῶν
854 3255 1123 3322 τυράννων
1163 3255 1252 3305 τὸν
1285 3252 1483 3321 Κύριον
1520 3253 1778 3323 ώμολόγη·

236 3361 368 3405 σαν,
396 3345 487 3395 ml.
516 3343 601 3395 διὰ
628 3342 780 3395 τοῦτο
814 3342 931 3394 οὐδὲ
968 3341 1265 3425 λογίζονται
1296 3344 1566 3393 ἐκπεσεῖν.

310 3454 553 3506 ΖΩΝΛΡ.
592 3453 659 3506 Εἴ
695 3470 835 3514 τινες
865 3454 938 3516 δὲ,
981 3453 1129 3521 φησὶ,
1177 3450 1653 3521 προσηγγέλθησαν
1702 3449 1791 3500 καὶ

230 3541 611 3613 παρεδόθησαν
635 3544 746 3603 τοῖς
780 3537 1145 3610 τυραννοῦσιν,
1171 3536 1201 3608 ἢ
1231 3541 1379 3590 αὐτοὶ
1408 3538 1629 3599 ἑαυτοὺς
1652 3553 1789 3606 παρ-

232 3631 447 3686 έδωκαν
467 3670 481 3693 ,
534 3630 627 3683 καὶ
654 3628 1033 3682 ὲκπεπτώκασι
1062 3630 1156 3698 τῆς
1191 3628 1505 3698 μαρτυρίας,
1537 3626 1791 3696 ἡττηθέν-

227 3737 329 3784 τες
371 3721 473 3773 τῶν
531 3721 798 3773 κολάσεων
820 3759 833 3783 ,
891 3720 982 3771 ml.
1032 3719 1105 3789 μὴ
1133 3718 1383 3788 φέροντες
1429 3718 1526 3779 τὰς
1570 3718 1626 3767 ἐν
1674 3713 1791 3779 ταῖς

228 3810 505 3881 φυλακαῖς
546 3810 835 3877 κακουχίας
875 3810 967 3861 καὶ
1008 3808 1103 3869 τὰς
1135 3808 1415 3875 βασάνους,
1444 3803 1558 3857 εἶτα
1588 3805 1789 3858 ἀνεπά-

207 3902 430 3959 ,λαισαν
454 3901 552 3969 τὴν
586 3899 807 3961 πτῶσιν,
845 3898 938 3949 ml.
977 3896 1329 3964 ὡμολόγησαν
1373 3891 1508 3946 εἶναι
1538 3895 1789 3962 Χριστια-

224 3992 338 4055 νοὶ,
382 3986 518 4042 ὥστε
551 3989 643 4041 καὶ
669 3990 746 4049 είς
775 3986 1017 4054 φυλακὰς
1048 3984 1377 4053 ἐμὸληθῆναι
1406 3984 1496 4035 καὶ
1532 3984 1788 4052 βασάνους

224 4077 561 4141 ὑποστῆναι’
608 4077 733 4140 τοὺς
788 4074 1055 4137 τοιούτους
1103 4073 1318 4140 εὔλογον
1369 4073 1539 4142 κρίνει
1570 4076 1597 4125 ό
1639 4074 1787 4139 ἅγιος

225 4163 380 4236 μετὰ
417 4164 678 4235 θυμηδίας
718 4162 997 4232 δέχεσθαι,
1046 4162 1138 4213 καὶ
1170 4156 1474 4227 ἐπισχύειν,
1525 4160 1642 4212 ἀντὶ
1670 4159 1784 4225 τοῦ,

218 4252 641 4325 ἐπιῤῥωννύειν,
675 4250 999 4321 ἐνδυνδαμοῦν
1046 4250 1137 4302 καὶ
1182 4250 1614 4321 παραθαρρύνειν
1655 4253 1787 4321 πρὸς

217 4343 331 4414 τὴν
359 4342 639 4411 ὁμολογίαν
658 4358 670 4371 ·
711 4341 804 4393 καὶ
834 4342 1103 4393 κοινωνεῖν
1141 4341 1321 4400 αὐτοῖς
1346 4340 1401 4391 ἐν
1432 4342 1611 4403 πᾶσιν,
1644 4341 1699 4393 ἔν
1726 4359 1784 4392 τε

1902 1914 2001 1966 tari
2037 1922 2093 1967 ut
2124 1915 2231 1968 sint
2275 1916 2341 1968 ad
2374 1924 2647 1968 certamen
2692 1916 3105 1978 constantiores,
3158 1921 3208 1965 et
3240 1913 3443 1966 caelesti

1900 2017 2063 2070 regno
2121 2002 2267 2071 digni
2314 2004 2637 2057 habeantur.
2698 2002 2772 2054 Ne
2829 2010 3004 2055 autem
3038 2018 3102 2055 eo
3134 2001 3275 2068 quod
3310 2002 3445 2068 lapsi

1900 2099 2058 2153 sunt,
2105 2093 2326 2146 minime
2357 2094 2693 2162 suscipiendi
2738 2092 3039 2152 videantur,
3082 2092 3442 2143 testimonium

1898 2196 2113 2249 quoque
2144 2198 2209 2235 ex
2243 2181 2521 2250 Scriptura
2550 2183 2778 2244 inducit,
2811 2182 2953 2249 quod
2997 2189 3095 2243 est,
3130 2180 3348 2245 Septies,
3390 2180 3442 2231 id

1896 2276 1977 2320 est
2011 2283 2169 2336 saepe,
2210 2270 2357 2321 cadet
2387 2270 2559 2330 iustus
2598 2280 2647 2322 et
2698 2280 2947 2338 resurget.
3004 2267 3115 2322 Hoc
3173 2278 3372 2332 autem,
3397 2267 3444 2320 si

1896 2358 2095 2420 etiam,_
2116 2358 2310 2425 inquit,
2342 2375 2530 2413 omnes
2557 2360 2647 2426 qui
2679 2375 2707 2411 a
2733 2357 3071 2412 confessione
3099 2357 3435 2414 exciderunt,

1898 2446 2170 2507 fecissent,
2202 2455 2259 2499 ut
2283 2449 2489 2500 scilicet
2545 2448 2679 2515 lapsi
2722 2448 3135 2508 reluctarentur,
3173 2454 3225 2498 et
3256 2460 3315 2498 se
3344 2459 3436 2497 co-

1897 2548 2011 2584 ram
2058 2535 2304 2601 tyrannis
2356 2534 2693 2589 Christianos
2733 2536 3050 2595 faterentur,
3107 2532 3441 2601 perfectissi-

1896 2638 2035 2675 mam
2063 2626 2430 2690 paenitentiam
2457 2626 2841 2677 ostendissent.
2869 2623 3131 2676 Dilferunt
3172 2638 3298 2692 ergo
3322 2641 3441 2693 qua:

1894 2708 1949 2760 in
2001 2708 2101 2761 hoc
2153 2724 2359 2763 canone
2400 2711 2788 2778 comprehensa
2845 2718 2992 2771 sunt,
3044 2713 3110 2763 ab
3150 2713 3215 2765 iis
3243 2729 3359 2781 quu-
3383 2715 3441 2768 in

1897 2797 2065 2863 primo
2118 2812 2325 2851 canone
2354 2799 2717 2861 continentur,
2763 2800 2905 2867 quod
2950 2800 3058 2852 illic
3084 2803 3296 2868 quidem
3346 2806 3439 2871 qui

1892 2890 2105 2949 propter
2134 2893 2394 2937 tormenta
2430 2886 2562 2953 lapsi
2596 2899 2739 2951 sunt,
2778 2888 2843 2940 ad
2873 2889 3225 2941 confitendam
3257 2904 3439 2942 coram

1892 2972 2134 3039 tyrannis
2179 2974 2333 3025 fidem
2366 2988 2703 3041 nequaquam
2733 2978 2976 3030 conversi
3028 2984 3191 3029 sunt:
3228 2978 3312 3031 hic
3340 2994 3440 3031 an-

1893 3068 1998 3113 tem
2026 3062 2116 3128 qui
2146 3069 2359 3129 pr0pter
2416 3070 2684 3117 tormenta
2729 3065 2863 3132 lapsi
2899 3077 3042 3129 sunt,
3068 3082 3134 3118 ex
3162 3067 3297 3118 bona
3323 3080 3438 3133 po:-

1893 3149 2118 3201 nitentia
2142 3152 2242 3203 sub
2272 3153 2514 3219 tyrannis
2539 3151 2821 3205 Dominum
2846 3153 3078 3206 confessi
3106 3162 3268 3217 sunt;
3306 3169 3433 3221 pre-

1894 3247 2070 3306 pterea
2101 3255 2273 3308 neque
2327 3242 2587 3296 cecidisse
2611 3242 2940 3308 jttdieantur.

1960 3437 2159 3491 Zomu.
2195 3438 2251 3491 Si
2284 3439 2374 3506 qui
2408 3454 2554 3502 vero,
2614 3440 2806 3507 inquit,
2856 3442 2917 3494 ad
2979 3451 3236 3512 tyrannos
3271 3442 3434 3495 delati

1890 3540 1952 3579 ac
1976 3528 2170 3594 proditi
2203 3537 2348 3590 sunt,
2382 3529 2464 3581 vel
2492 3529 2591 3596 ipsi
2625 3545 2742 3583 sese
2778 3533 2909 3599 ipsis
2972 3532 3312 3595 dediderunt,
3339 3548 3433 3585 ex-

1891 3616 2241 3684 cideruntque
2274 3631 2303 3668 a
2334 3616 2643 3671 testimonio
2671 3621 2721 3670 vi
2752 3629 3144 3675 tormentorum
3170 3625 3431 3690 superati,

1888 3720 1987 3758 nec
2016 3720 2282 3759 mrumnas
2307 3708 2504 3774 quibus
2543 3707 2599 3760 in
2646 3722 2863 3762 carcere
2888 3709 3280 3764 afflictabantur
3312 3726 3433 3765 cru-

1888 3798 2169 3864 eiatusque
2195 3797 2560 3865 perferentes;
2601 3814 2725 3853 mox
2772 3812 3022 3854 revocato
3050 3802 3343 3855 certamine
3372 3817 3434 3855 se

1886 3886 2219 3940 Christianos
2250 3902 2371 3940 esse
2405 3886 2643 3941 confessi
2672 3895 2899 3947 sunt,ex
2928 3904 3035 3956 quo
3057 3897 3111 3942 et
3136 3890 3189 3941 in
3219 3890 3429 3941 vincula

1887 3976 2138 4045 coniecti,
2171 3984 2223 4029 et
2254 3978 2589 4031 cruciatibus
2621 3987 2749 4031 sunt
2776 3977 2949 4030 affecti
2981 3996 2995 4028 :
3029 3978 3294 4044 ejusmodi
3329 3979 3429 4029 ho-

1887 4068 2058 4120 mines
2081 4080 2204 4118 enm
2263 4068 2623 4121 exsultatione
2662 4068 2834 4134 excipi
2880 4076 3099 4121 sanctus
3124 4067 3210 4119 liic
3236 4067 3429 4119 rationi

1886 4163 2307 4208 consentaneum
2327 4156 2535 4224 iudicat
2560 4174 2573 4209 :
2598 4164 2712 4209 tum
2739 4156 2993 4210 roborare
3017 4156 3183 4223 ipsos,
3205 4157 3305 4207 hoc
3322 4164 3426 4215 est,

1888 4245 2052 4307 vires,
2080 4245 2309 4308 animos,
2338 4245 2690 4313 fiduciamque
2710 4246 2906 4298 addere
2921 4260 3025 4312 quo
3056 4245 3433 4312 profiterentur

1885 4331 2076 4395 ﬁdem;
2106 4345 2167 4382 ac
2184 4332 2388 4385 eisdem
2419 4334 2473 4385 in
2496 4332 2748 4387 omnibus
2772 4332 3191 4391 communicare,
3230 4335 3339 4381 tum
3376 4330 3429 4380 in

219 4436 557 4505 προσευχαῖς
586 4432 677 4484 ml.
711 4434 776 4500 τῇ
822 4428 1113 4499 μεταλήψει
1141 4428 1246 4480 τῶν
1280 4429 1645 4497 άγιασμάτων,
1693 4430 1784 4481 καὶ

1894 4420 2310 4488 precationibus,
2330 4432 2443 4474 tum
2468 4422 2522 4474 in
2552 4422 2896 4491 perceptione
2930 4430 3387 4475 sacramentorum
3410 4459 3427 4483 ,

216 4525 318 4578 δια
373 4520 528 4586 λόγου
580 4517 945 4589 παρακαλεῖν,
987 4517 1102 4584 ἦτοι
1152 4516 1429 4586 διεγείρειν
1467 4518 1659 4578 αὐτοὺς
1706 4518 1785 4578 είς

215 4614 330 4684 τὴν
373 4610 709 4681 μαρτυρίαν,
762 4607 847 4658 ἵνα
899 4606 1033 4675 πρὸς
1076 4604 1165 4656 τὸν
1213 4603 1396 4671 ἀγῶνα
1443 4605 1782 4675 εὑτονώτεροι

215 4701 512 4769 γένωνται,
548 4696 643 4749 καὶ
681 4695 779 4763 τῆς
806 4692 1127 4761 ἐπουρανίου
1164 4690 1433 4759 βασιλείας
1461 4690 1774 4753 ἀξιωθῶσιν.

218 4793 353 4847 Ἵνα
384 4788 437 4840 δέ
476 4785 570 4857 μὴ,
602 4785 731 4837 διότι
778 4781 1094 4834 πεπτώκασι
1144 4777 1432 4841 θύσαντες,
1461 4779 1779 4849 νομίζωνταί

215 4896 370 4935 τισιν
395 4878 624 4937 ἄδεκτοι,
656 4874 846 4941 ἐπάγει
872 4873 965 4925 καὶ
983 4871 1297 4942 ⁴μαρτυρίαν
1326 4873 1386 4922 ἐκ
1413 4871 1510 4938 τῆς
1539 4871 1776 4939 Γραφῆς,

218 4970 304 5023 τό·
338 4965 623 5029 Ἑπτάκις,
644 4964 760 5016 ἀντὶ
784 4961 898 5022 τοῦ,
912 4960 1188 5022 πολλάκις,
1209 4960 1469 5011 πεσεῖται
1490 4962 1520 5010 ό
1533 4959 1776 5025 δίκαιος,

219 5058 328 5115 καὶ
365 5053 782 5118 ἀναστήσεται.
814 5050 982 5104 Τοῦτο
1019 5050 1097 5111 δὲ,
1137 5048 1326 5117 φησὶν,
1361 5050 1409 5098 εί
1458 5048 1549 5099 καὶ
1582 5048 1776 5109 πάντες

214 5152 269 5202 οἱ
306 5145 407 5214 τῆς
432 5143 713 5214 ὁμολογίας
739 5140 1147 5201 ἐκπεπτωκότες
1174 5138 1450 5206 ἐποίησαν,
1482 5137 1540 5188 τὸ
1573 5139 1764 5190 ἀναπα-

214 5240 408 5292 λαῖσαι
440 5233 536 5303 τὴν
570 5232 791 5294 πτῶσιν,
831 5231 923 5282 καὶ
947 5227 1172 5281 ἐνώπιον
1200 5227 1304 5278 τῶν
1331 5226 1603 5294 τυράννων
1642 5228 1774 5297 Χρι-

220 5323 472 5383 στιανοὺς
510 5319 835 5389 ὁμολογῆσαι
869 5318 1111 5377 ἑαυτοὺς,
1147 5313 1479 5377 ἀνεδείξαντο
1515 5313 1579 5384 [1⁸.
1612 5314 1774 5386 ἐνεδ-]

216 5418 290 5471 ἂν
317 5409 655 5477 τελειοτάτην
692 5407 994 5477 μετάνοιαν.

328 5642 351 5669 ⁸
380 5642 601 5706 Philipp.
634 5656 714 5703 ιιι,
752 5640 835 5695 14.
912 5638 939 5681 δ
977 5632 1127 5695 Prov.
1160 5659 1302 5701 xxiv,
1338 5642 1421 5699 16.

511 5741 777 5798 [Ἀτιιοι.
820 5743 935 5800 (in:
986 5741 1084 5801 (ΣΧ
1102 5742 1147 5798 Χ
1168 5740 1214 5797 Χ
1234 5739 1394 5800 \‘lll.

1891 4510 2178 4577 verbisque
2207 4509 2502 4575 adhortari,
2535 4511 2637 4563 hoc
2664 4518 2767 4571 est,
2810 4510 2957 4578 ipsos
2981 4512 3045 4562 ad
3068 4509 3425 4563 exhibendum

1888 4598 2010 4652 ﬁdei
2040 4599 2406 4652 testimonium
2436 4601 2690 4662 excitare,
2722 4606 2779 4652 ut
2813 4603 3209 4655 constantiores
3233 4602 3343 4652 sint
3371 4599 3427 4652 in

1884 4690 2196 4755 certamine,
2230 4703 2293 4743 ac
2314 4688 2523 4743 etelesti
2552 4703 2717 4757 regno
2748 4690 2892 4758 digni
2906 4686 3423 4742 habeanturNerum

1884 4793 1952 4831 ne
1981 4793 2045 4830 ex
2084 4791 2148 4831 eo
2180 4778 2323 4845 quod
2348 4778 2483 4847 lapsi
2506 4786 2631 4832 sunt
2669 4780 3058 4838 sacriﬁcantes,
3092 4780 3237 4831 nullo
3269 4779 3427 4832 modo

1885 4866 2195 4922 admittendi
2220 4868 2287 4923 ab
2320 4869 2590 4938 aliquibus
2621 4870 3014 4933 existimentur,
3058 4869 3428 4923 tesdmonium

1884 4973 2099 5026 quoque
2128 4959 2258 5013 illud
2283 4974 2348 5013 ex
2377 4958 2546 5014 sacris
2577 4958 2771 5014 litteris
2801 4958 3003 5029 profert
3028 4977 3041 5011 :
3071 4958 3287 5024 Septies,
3323 4959 3425 5009 hoc

1885 5055 1964 5100 est
2001 5049 2216 5116 saepius,
2250 5049 2397 5100 cadet
2416 5048 2612 5115 justus,
2648 5065 2710 5100 ac
2744 5058 2991 5117 resurget.
3019 5048 3126 5101 Hoc
3155 5063 3299 5107 vero,
3346 5047 3425 5099 in-

1884 5137 2021 5203 quit,
2077 5137 2123 5191 si
2179 5136 2269 5189 alii
2318 5152 2505 5191 omnes
2553 5137 2709 5207 quia
2738 5137 3080 5192 confessione
3110 5137 3429 5191 excideruit

1884 5224 2158 5287 fecissent.
2197 5235 2256 5277 ut
2286 5236 2405 5294 post
2455 5226 2661 5294 lapsum
2698 5235 2972 5281 certamen
3015 5235 3334 5294 repeterent,
3365 5240 3429 5278 ac

1885 5330 1942 5369 se
1974 5316 2119 5383 ipsos
2149 5330 2326 5369 coram
2354 5316 2595 5386 tyrannis
2648 5318 2981 5373 Christianos
3028 5317 3425 5386 profiterentur,

1884 5405 2185 5459 absolutam
2223 5407 2592 5476 penitentiam
2625 5408 3033 5462 iudicavissent.

3040 5744 3113 5801 16
