4002 6314
136 369 242 434 £33

1244 379 1323 442 ΙΝ
1365 381 1602 444 EPIST.
1631 386 1690 445 S.
1736 386 1960 444 ΡίιῚἪΙ
1989 383 2206 448 ALEX.

3249 385 3355 452 49$

141 530 165 562 I
204 515 558 582 ἀτιμασθεὶς,
584 511 705 566 facta
717 532 803 584 ρον
832 516 890 566 ἐν
915 511 1097 584 Ῥώμη
1114 514 1423 584 ἐσταυρώθη
1444 515 1691 583 (5).³¹Κα

1819 533 1834 563 ι
1885 517 2123 571 tionibus
2174 515 2660 585 afﬂictionibuSque
2719 515 2992 584 gloriatus,
3055 514 3105 566 in
3161 512 3346 568 eadem

144 618 167 655 I
199 601 232 654 6
281 604 608 675 περιϐόητος
640 605 881 668 Παῦλος,
927 604 1207 672 πλεονάκις
1250 605 1562 674 παραδοθεὶς
1613 607 1704 656 καὶ

148 711 172 746 ι
207 690 328 756 ῑως
373 695 599 749 θανάτου
628 696 994 757 κινδυνεύσας,
1027 697 1193 750 πολλά
1232 714 1288 748 τε
1332 698 1564 766 ἀθλήσας
1613 699 1702 749 καὶ

145 799 172 834 ς
207 783 632 852 καυχησάμενος
673 786 728 835 ἐν
769 783 976 845 πολλοῖς
1017 785 1271 852 διωγμοῖς
1315 783 1405 835 καὶ
1438 782 1699 849 θλίψεσιν,

147 889 169 923 ε
210 873 274 924 ἐν
303 877 372 944 τῇ
409 876 541 942 αὐτῇ
582 874 730 925 πόλει
766 875 857 925 καὶ
894 874 1051 934 αὐτὸς
1082 873 1320 942 μαχαίρᾳ
1346 872 1438 939 τὴν
1467 871 1701 941 κεφαλὴν

149 974 170 1006 1
210 959 528 1028 ἀπετμήθη·
558 959 615 1020 ὃς
639 961 692 1010 ἐν
731 954 810 1021 οἷς
837 960 1191 1028 ἐκαυχήσατο,
1225 959 1478 1027 κατέληξε
1509 958 1593 988 ³¹⁶·
1622 959 1701 1009 ὃτι

148 1063 169 1096 ι
211 1049 313 1098 καὶ
344 1049 432 1079 ³²⁶·
459 1051 515 1099 ἐν
536 1049 804 1117 Δαμασκῷ
828 1051 1039 1118 σπυρίδι
1060 1051 1325 1118 ἐχαλάσοη
1366 1050 1451 1101 διὰ
1475 1049 1566 1100 τοῦ
1598 1049 1702 1102 τεί-

149 1153 167 1185 s
207 1153 341 1204 χους
364 1138 574 1198 νυκτὸς,
607 1140 698 1189 καί⁹
724 1139 945 1216 ἐξέφυγε
973 1139 1068 1200 τὰς
1104 1142 1287 1207 χεῖρας
1306 1137 1396 1190 τοῦ
1419 1139 1698 1209 ζητοῦντος

147 1241 168 1277 ι
205 1224 378 1278 αὐτὸν
434 1230 640 1279 πιάσαι.
677 1230 747 1280 Τὸ
796 1230 901 1300 γὰρ
939 1230 1288 1298 προκείμενον
1313 1229 1378 1301 ἦν
1411 1233 1607 1292 αὐτοῖς,
1643 1234 1698 1283 ἐν

147 1331 168 1364 ι
205 1315 448 1384 πρώτοις
473 1318 907 1384 εὐαγγελίζεσθαι
932 1319 1024 1370 καὶ
1051 1320 1312 1374 διδάσκειν
1335 1324 1405 1391 (4)
1434 1323 1521 1374 τὸν
1547 1323 1697 1389 λόγον

146 1421 168 1454 ι
205 1405 310 1456 τοῦ
341 1406 497 1474 Θεοῦ,
524 1410 582 1463 ἐν
618 1404 697 1472 οἷς
724 1406 1192 1477 ἐπιστηρίζοντες
1229 1410 1366 1476 τοὺς
1402 1410 1698 1476 ἀδελφοὺς

151 1515 172 1546 ι
207 1498 491 1566 ἐμμένειν
520 1504 587 1552 ὲν
618 1501 689 1567 τῇ
723 1503 937 1560 πίστει,
962 1502 1050 1552 καὶ
1076 1501 1230 1552 τοῦτο
1258 1499 1455 1566 ἔλεγον,
1490 1499 1576 1551 ὅτι
1603 1499 1697 1552 διὰ

152 1603 171 1635 ι
209 1587 462 1640 πολλῶν
504 1591 760 1656 θλίψεων
789 1590 881 1642 δεῖ
914 1590 1198 1642 εἰσελθεῖν
1246 1593 1328 1652 είς
1374 1587 1486 1653 τὴν
1517 1589 1694 1649 ,βασι-

127 1692 172 1727 ιι
210 1680 390 1730 λείαν
421 1680 523 1731 τοῦ
554 1680 714 1732 Θεοῦ.
755 1679 998 1746 Ἐζήτουν
1024 1680 1129 1747 γὰρ
1157 1680 1214 1729 οὐ
1242 1678 1300 1729 τὸ
1336 1679 1534 1729 ἑαυτῶν
1563 1694 1695 1745 συμ-

149 1782 172 1817 s
213 1769 401 1835 φέρον,
433 1769 565 1821 άλλά
592 1770 652 1820 τὸ
694 1770 797 1820 τῶν
840 1769 1072 1831 πολλῶν,
1106 1769 1189 1818 ἴνα
1225 1769 1466 1829 σωθῶσι,
1497 1757 1591 1820 καῖ
1629 1766 1694 1838 ἦν

1816 624 1834 655 ι
1882 607 2014 659 urbe
2045 608 2158 673 ipse
2188 623 2399 674 quoque
2427 607 2606 674 gladio
2640 607 2814 673 capite
2841 606 3094 658 multatus
3116 612 3196 658 est
3227 604 3346 671 :qui

1814 715 1832 744 ι
1883 697 1934 748 in
1969 698 2164 764 quibus
2220 699 2476 765 gloriatus
2509 706 2613 758 est.
2649 698 2762 766 ipse
2805 699 2855 749 in
2891 697 2955 750 iis
2981 695 3140 747 vitam
3175 698 3344 757 tiniit;

1813 803 1830 835 ι
1875 793 1929 838 et
1961 785 2100 853 quod
2133 785 2369 839 Damasci
2403 788 2452 838 in
2485 795 2667 853 sporta
2703 794 2863 838 noctu
2894 801 2986 854 per
3015 800 3222 836 murum
3253 785 3347 837 de-

1812 893 1829 923 ι
1877 876 2075 928 missus
2097 885 2198 936 est,
2233 885 2280 928 et
2314 875 2496 946 effugit
2527 877 2645 943 ejus
2675 891 2866 929 manus
2897 877 2985 944 qui
3028 891 3147 927 cum
3181 891 3311 926 conn

1812 983 1830 1016 ι
1879 965 2035 1020 batur
2066 971 2384 1034 opprimere.
2420 970 2537 1019 Erat
2570 966 2710 1020 enim
2739 967 2820 1020 eis
2857 966 2907 1017 in
2939 966 3126 1032 primis
3152 980 3345 1032 prepo-

1811 1074 1828 1105 ι
1880 1056 2038 1108 situm
2071 1055 2458 1123 evangelizare,
2491 1062 2544 1106 et
2596 1053 2816 1106 verbum
2862 1052 2953 1105 Dei
3005 1055 3239 1102 docere:
3290 1053 3342 1102 in

1816 1163 1833 1194 ι
1884 1145 2081 1212 quibus
2112 1144 2305 1208 fratres
2324 1145 2686 1211 conﬁrmanles
2718 1153 2771 1195 ut
2796 1152 3053 1194 manerent
3083 1143 3134 1193 in
3162 1141 3262 1207 ﬁde
3295 1153 3343 1200 ο,

1810 1253 1827 1283 ι
1874 1235 2217 1304 hoc-quoque
2249 1235 2517 1294 dicebant,
2575 1236 2706 1301 quod
2737 1250 2826 1300 per
2854 1233 3043 1284 multas
3102 1232 3346 1299 afﬂictio.

1808 1343 1824 1372 ι
1879 1342 1963 1376 nes
1983 1335 2179 1392 oportet
2204 1326 2255 1375 in
2281 1340 2489 1392 regnum
2513 1322 2603 1374 Dei
2628 1323 2844 1390 ingredi.
2865 1321 3184 1385 Quaerebam
3202 1322 3344 1374 enim

1807 1434 1823 1464 ι
1875 1430 1977 1468 non
2007 1415 2152 1482 quod
2186 1415 2285 1467 sibi
2314 1420 2427 1466 erat
2454 1412 2600 1471 utile,
2629 1411 2721 1463 sed
2755 1413 2896 1478 quod
2932 1411 3132 1467 multis,
3152 1416 3207 1460 ut
3239 1424 3345 1459 scr-

1807 1523 1822 1552 ‹
1873 1513 2145 1565 varentur,
2175 1515 2226 1556 et
2255 1503 2420 1554 multa
2457 1501 2587 1568 ipsis
2636 1501 2816 1552 liceret
2852 1499 2914 1549 ad
2949 1499 3060 1549 MDC
3095 1497 3340 1548 facientia

1806 1609 1821 1638 ‹
1869 1591 2080 1649 dicere,
2144 1597 2202 1640 ut
2260 1588 2423 1641 verbo
2481 1587 2571 1639 Dei
2631 1587 3007 1638 convenienter
3063 1583 3337 1635 facerent:

1805 1696 1822 1729 ι
1877 1679 2011 1738 Nisi,
2033 1688 2088 1730 ut
2125 1679 2254 1731 dicit
2275 1677 2577 1745 Apostolus,
2610 1693 2700 1728 nos
2730 1686 2924 1741 tempus
2967 1682 3237 1725 narrantes
3255 1676 3344 1725 dc-

1804 1787 1820 1818 ι
1866 1773 2034 1836 ﬁcere!
2055 1770 2100 1820 δ.
2127 1786 2143 1817 ι

139 1862 172 1909 ἰ
214 1860 388 1912 πολλὰ
414 1861 588 1926 λέγειν
613 1861 790 1922 αὐτοῖς
814 1864 891 1922 εἰς
918 1860 1088 1913 ταῦτα
1115 1861 1246 1929 πρὸς
1285 1860 1342 1911 τὸ
1387 1861 1523 1913 κατά
1552 1861 1704 1927 λόγον
1742 1866 2020 1932 πράσσειν,
2044 1865 2090 1914 εί
2109 1859 2216 1926 μὴ,
2234 1861 2305 1922 ὡς
2328 1859 2470 1924 λέγει
2497 1862 2522 1910 ὁ
2552 1858 2886 1921 Ἀπόστολος,
2904 1858 3161 1910 ἐπιλίποι
3180 1855 3226 1886 ³⁸
3286 1853 3337 1905 δ’

151 1965 170 1999 t
209 1947 292 2000 ἂν
319 1950 469 2017 ἡμᾶς
503 1951 922 2019 διηγουμένους
951 1955 982 2004 ό
1010 1953 1240 2018 χρόνος.
1271 1970 1288 2001 ι

219 2062 418 2114 ΒΑΛΣ.
455 2064 516 2115 Οἱ
545 2063 666 2132 άρτι
689 2063 780 2115 τοῦ
817 2062 979 2114 ὕπνου
1008 2063 1423 2131 ἐξανιστάμενοι,
1449 2063 1538 2116 καὶ
1571 2065 1691 2132 μᾶλ-

1872 2061 2024 2113 Dus.
2066 2059 2162 2123 Qui
2188 2076 2216 2112 e
2243 2075 2431 2113 somno
2489 2059 2645 2111 modo
2677 2066 2991 2124 exsurgunt,
3027 2066 3072 2107 ct
3107 2056 3333 2109 maxime

146 2145 238 2202 λον
277 2154 325 2203 εἰ
361 2152 633 2219 ὡμόῦπνοι
663 2148 788 2211 εἷεν,
821 2152 880 2202 οὺ
916 2151 1280 2218 καθεστηκότα
1322 2152 1407 2204 τὸν
1445 2154 1695 2221 λογισμὸν

151 2239 385 2304 ἔχουσιν,
421 2240 550 2292 ἀλλὰ
598 2241 989 2310 τεταραγμένον
1031 2242 1122 2292 καὶ
1162 2243 1552 2295 ἀκατάστατον·
1589 2261 1696 2295 τοι-

149 2327 328 2390 ούτοις
377 2330 701 2398 παρείκασεν
727 2331 755 2380 ό
802 2331 1121 2398 ίερομάρτυς
1161 2323 1311 2392 οὗτος
1356 2333 1471 2393 τοὺς
1519 2347 1695 2401 παρα-

153 2418 435 2485 πηδῶντας
462 2421 539 2478 είς
584 2417 670 2470 τὺν
714 2420 922 2485 ἀγῶνα,
949 2419 1109 2488 ἦγουν
1153 2421 1276 2481 τοὺς
1323 2421 1394 2490 μὴ
1427 2421 1696 2484 εὐτάκτως

154 2508 286 2558 ἀλλά
309 2507 548 2576 θρασέως
570 2510 658 2559 καὶ
681 2510 1084 2578 ἀπερισκέπτως
1106 2508 1452 2569 είσωθοῠντας
1478 2511 1694 2572 ἑαυτοὺς

151 2598 230 2658 εἰς
256 2599 346 2649 τὸν
375 2597 586 2663 ἀγῶνα,
617 2598 865 2649 ὠδίνοντα
894 2599 983 2648 καὶ
1020 2598 1271 2665 μέλλοντα
1304 2599 1542 2660 ἐλκῦσαι,
1577 2599 1694 2650 ἀντὶ

151 2685 270 2746 τοῦ,
299 2689 460 2754 μήπω
474 2689 552 2746 εἰς
582 2686 804 2753 φανερὸν
833 2687 1145 2754 ἐκραγῆναι,
1169 2687 1300 2738 ἀλλά
1329 2687 1692 2755 μελετώμενον

152 2773 245 2823 καὶ
272 2772 545 2840 μέλλοντα,
573 2773 683 2840 ἦτοι
722 2772 1038 2840 βραδύνοντα
1082 2772 1296 2825 ἐλκῦσαι
1329 2777 1451 2836 τοὺς
1495 2775 1692 2838 ἀγωνι-

154 2856 428 2926 ζομένους,
489 2860 676 2921 οἵτινες
717 2862 920 2922 ἑαυτοῖς
978 2862 1272 2930 πειρασμὸν
1322 2862 1690 2923 ἐπισπῶνται,

153 2946 320 3012 ἤγουν
346 2947 422 3009 είς
453 2949 673 3008 ἑαυτοὺς
696 2948 907 3000 ἕλκουσι
943 2951 1255 3017 πειρασμόν.
1286 2951 1495 3002 Μᾶλλον
1523 2951 1575 3002 δὲ
1599 2952 1691 3002 καὶ

154 3037 332 3098 ἄλλοις
359 3041 561 3099 πιστοῖς
590 3039 908 3089 ἀνάπτουσιν
931 3038 1198 3107 ἄνθρακας
1224 3040 1571 3109 ἁμαρτωλῶν,
1595 3043 1691 3102 τάς

155 3126 216 3178 ἐκ
266 3126 374 3178 τῶν
420 3127 690 3194 τυράννων
741 3127 970 3195 δηλονότι
1027 3123 1286 3190 κολάσεις.
1327 3129 1462 3179 Ἀλλ’
1513 3132 1558 3181 εί
1600 3132 1691 3181 καὶ

156 3214 392 3266 αἰτιᾶται
422 3216 540 3276 τοὺς
573 3216 711 3266 οὕτω
736 3214 1031 3276 ποιοῦντας,
1062 3218 1328 3267 κοινωνεῖν
1354 3217 1486 3279 τέως
1517 3220 1691 3280 αὐτοῖς

156 3303 278 3364 τοὺς
304 3305 516 3363 πιστοὺς
543 3303 894 3365 διατάττεται,
927 3305 1006 3355 ὅτι
1037 3304 1120 3356 διὰ
1153 3305 1238 3355 τὸν
1255 3303 1482 3372 Χριστὸν
1510 3308 1692 3358 ὑπεισ-

1795 2151 1838 2202 si
1868 2150 2032 2202 crudo
2064 2149 2434 2215 profundoque
2462 2162 2651 2200 somno
2675 2148 3077 2214 premebantur,
3109 2161 3213 2196 non
3239 2147 3332 2196 lia-

1792 2239 1918 2290 ‘bent
1955 2245 2288 2289 constantem
2321 2238 2601 2297 rationem,
2648 2235 2738 2288 sed
2772 2237 3131 2303 perturbatam
3161 2246 3210 2288 et
3242 2235 3324 2286 in-

1771 2321 2051 2374 stabilem:
2079 2320 2278 2373 talibus
2317 2321 2573 2372 assimilat
2604 2327 2983 2373 sacrosanctus
3006 2319 3090 2370 hic
3124 2331 3324 2386 martyr

1771 2425 1865 2464 eos
1893 2413 1987 2478 qui
2029 2410 2130 2477 15
2155 2427 2260 2463 non
2292 2411 2560 2471 ordinate,
2597 2411 2689 2464 sed
2734 2410 3022 2466 temerarie
3051 2420 3104 2460 et
3135 2410 3324 2460 ineun-

1775 2502 2008 2555 siderate
2038 2516 2094 2554 se
2127 2504 2177 2554 iu
2214 2508 2484 2554 certamen
2517 2502 2838 2565 intrudunt;
2899 2500 3223 2568 parturiens,
3272 2508 3326 2550 et

1793 2574 2014 2642 trahere
2034 2589 2304 2650 differens,
2339 2605 2432 2657 pro
2466 2604 2527 2641 eo
2560 2589 2698 2656 quod
2730 2589 2966 2641 nondum
3003 2590 3052 2639 in
3088 2599 3327 2656 apertum

1792 2680 1986 2745 erupit,
2034 2677 2124 2730 sed
2160 2678 2447 2728 meditatur
2479 2685 2530 2728 ct
2556 2675 2750 2737 diﬂert,
2789 2692 2880 2729 seu
2929 2686 3212 2728 cunctatur
3235 2676 3328 2728 de-

1793 2777 2057 2825 certantes
2085 2767 2316 2826 trahere,
2338 2766 2655 2833 quisibimet
2687 2766 3032 2819 tentationcin
3063 2766 3323 2822 alliciunt.

1794 2857 1903 2909 sive
1938 2857 1988 2908 in
2018 2871 2073 2908 se
2112 2857 2256 2923 ipsos
2307 2857 2656 2918 tentationem
2705 2856 2941 2906 trahunt.
2977 2854 3200 2907 Maxime
3232 2870 3317 2905 an.

1792 2953 1916 3005 tem,
1948 2953 1998 2996 et
2023 2944 2140 2996 aliis
2169 2942 2410 2996 fidelibus
2457 2949 2793 3011 peccatorum
2826 2942 3084 2994 carboacs
3139 2958 3328 2994 accen-

1791 3032 1944 3094 dunt,
1978 3047 2005 3084 a
2037 3035 2273 3102 tyrannis
2327 3033 2530 3086 scilicet
2581 3033 2904 3100 punitiones.
2954 3030 3055 3084 Sed
3099 3033 3197 3086 ctsi
3231 3047 3323 3085 cos

1791 3123 1879 3189 qui
1911 3123 1986 3176 sic
2017 3120 2239 3183 faciunt,
2291 3122 2676 3189 reprehendit;
2712 3121 2864 3186 jubet
2916 3129 3090 3172 tamen
3146 3121 3323 3172 fideles

1791 3211 1868 3262 eis
1903 3211 2068 3262 nihilo
2097 3211 2270 3262 secius
2309 3210 2735 3269 communicare,
2767 3209 2891 3275 quia
2927 3217 3141 3276 propter
3164 3208 3315 3260 Chri-

1794 3305 1934 3348 stum
1959 3305 2226 3349 certamen
2249 3297 2549 3357 subierunt,
2579 3297 2823 3364 quamvis
2856 3297 2999 3348 illius
3023 3298 3320 3348 docti-insuit

157 3382 320 3459 ἦλθον
362 3391 444 3444 τὸν
477 3392 692 3458 ἀγῶνα,
743 3390 843 3444 κᾶν
891 3392 1154 3461 ἠγνόησαν
1193 3392 1288 3460 τὴν
1315 3393 1518 3444 ἐκείνου
1554 3393 1691 3443 διδα-

1794 3387 2104 3453 ignorarunt
2136 3403 2148 3437 :
2183 3385 2273 3453 qui
2307 3384 2462 3438 docet
2491 3393 2667 3452 petere
2697 3401 2762 3439 ne
2787 3394 3073 3446 tentemur,
3099 3396 3150 3439 et
3180 3389 3322 3454 quod

159 3482 401 3540 σκαλίαν,
430 3481 762 3541 διδάσκοντος
791 3482 957 3531 αἰτεῖν
988 3480 1059 3549 μὴ
1090 3481 1461 3550 πειρασθῆναι,
1484 3484 1584 3534 ’καὶ
1610 3483 1688 3534 ὃτι

157 3567 268 3620 οὐδὲ
325 3569 505 3620 ἐαυτὺν
556 3569 897 3637 παρέδωκεν,
948 3568 1078 3620 ἀλλά
1126 3570 1420 3637 παρεδόθη·
1465 3571 1563 3621 ,καὶ
1616 3570 1688 3639 μὴ

156 3648 462 3724 αὐτομολεῖν
491 3656 621 3724 πρὸς
648 3658 770 3717 τοὺς
808 3656 1085 3718 κολαστάς,
1117 3657 1200 3708 ἵνα
1231 3659 1301 3726 μὴ
1331 3658 1485 3709 αῖτιοι
1511 3655 1686 3720 αὐτοῖς

156 3744 379 3809 γίνοιντο
410 3743 661 3796 πλειόνων
697 3744 868 3811 φόνων
893 3783 906 3806 ,
940 3743 1124 3814 ῶσπερ
1162 3745 1558 3815 παραθήγοντες
1591 3747 1686 3798 αὑ-

155 3836 274 3896 τοὺς
304 3838 378 3896 εἰς
404 3836 499 3898 τάς
546 3835 684 3889 κατά
720 3835 826 3886 τῶν
867 3835 1100 3886 εὐσεϐῶν
1136 3835 1416 3906 τιμωρίας.
1470 3836 1687 3903 Ἐπάγει

154 3920 186 3976 ἄ
239 3925 336 3976 καὶ
364 3925 588 3994 διάφορα
618 3922 1024 3993 παραδείγματα
1055 3925 1300 3993 Γραφικά
1327 3926 1354 3976 ό
1382 3924 1582 3976 κανών.

222 4015 460 4067 ΖΩΝΑΡ.
509 4014 571 4066 Ol
618 4014 738 4083 ἄρτι
782 4013 874 4065 τοῦ
917 4013 1079 4065 ὕπνου
1127 4013 1554 4082 ἐξανιστάμενοι,
1597 4013 1688 4066 καὶ

161 4102 350 4167 μᾶλλον
394 4104 440 4154 εί
481 4102 751 4169 ὠμόῦπνοι
796 4095 932 4164 εἷεν,
978 4095 1036 4153 οὐ
1070 4101 1432 4170 καθεστηκότα
1469 4102 1556 4153 τὸν
1600 4102 1687 4154 λο-

159 4188 346 4256 γισμὸν
379 4189 603 4256 ἔχουσιν,
637 4189 767 4242 ἀλλά
807 4190 1220 4260 τεταραγμένον,
1253 4191 1343 4242 καὶ
1384 4191 1686 4243 ἀκατάστα-

157 4291 259 4331 τον.
297 4278 561 4340 Τοιούτοις
602 4279 925 4347 παρείκασεν
952 4279 979 4330 ὁ
1018 4280 1334 4348 ίερομάρτυς
1373 4275 1521 4342 οὗτος
1564 4282 1686 4342 τοὺς

157 4367 577 4436 παραπηδῶντας
621 4371 696 4428 είς
725 4368 847 4428 τοὺς
878 4367 1109 4433 ἀγῶνας,
1139 4369 1301 4436 ἦγουν
1324 4369 1461 4429 τοὺς,
1490 4369 1560 4437 μὴ
1595 4369 1684 4421 εὐ-

155 4457 359 4518 τάκτως
388 4457 516 4509 ἀλλά
541 4459 778 4527 θρασέως
799 4460 888 4510 καὶ
911 4459 1317 4527 ἀπερισκέπτως
1333 4457 1684 4520 είσωθοῦντας

157 4543 374 4608 ἑαυτοὺς
399 4547 476 4606 είς
504 4546 592 4597 τὸν
613 4546 810 4612 ἀγῶνα,
844 4546 1090 4597 ὠδίνοντα
1121 4548 1211 4597 καὶ
1246 4547 1499 4615 μέλλοντα
1531 4546 1684 4598 ἐλκῦ-

159 4647 259 4697 σαι,
301 4634 418 4685 ἀντὶ
462 4633 553 4685 τοῦ
603 4635 762 4704 μήπω
806 4634 882 4696 είς
931 4635 1154 4704 φανερὸν
1195 4636 1514 4703 ἐκραγέντα,
1550 4635 1679 4686 άλλά

1790 3492 1855 3528 ne
1882 3490 1938 3528 se
1970 3476 2140 3542 ipsum
2175 3476 2386 3543 quidem
2438 3474 2679 3538 tradidit,
2711 3476 2803 3529 sed
2839 3477 3068 3530 traditus
3115 3485 3234 3540 cst;
3268 3487 3322 3531 et

1788 3579 1892 3616 non
1925 3579 2042 3616 esse
2091 3564 2156 3616 ad
2214 3575 2443 3619 tortores
2491 3565 2938 3634 confugiendum,
2973 3583 3040 3620 ne
3075 3569 3316 3635 pluribus

1788 3668 1843 3706 se
1894 3652 2127 3705 caedibus
2173 3653 2576 3706 contaminandi
2641 3655 2773 3722 ipsis
2835 3668 3011 3707 causa:
3065 3654 3212 3718 sint;
3259 3662 3316 3708 ut

1786 3742 1874 3808 qui
1927 3756 2018 3793 eos
2069 3742 2290 3794 incitent
2353 3739 2415 3795 ad
2476 3743 2732 3796 sumenda
2780 3743 2844 3797 de
2881 3743 2981 3811 piis
3033 3741 3311 3812 supplicia.

1785 3827 1948 3882 infert
1978 3838 2152 3882 autem
2184 3837 2235 3883 et
2277 3831 2486 3883 diversa
2516 3845 2682 3886 sacrae
2736 3831 3026 3899 Scriptum
3074 3832 3315 3901 exempla

1784 3932 1980 3970 canon.

1855 4005 2051 4059 Zonn.
2103 4004 2203 4070 Qui
2250 4021 2279 4058 a
2315 4021 2503 4060 somno
2532 4014 2775 4060 recentes
2808 4015 3122 4075 exsurgunt,
3182 4021 3318 4076 pne-

1784 4095 1965 4147 sertim
2001 4094 2045 4146 si
2092 4094 2334 4163 graviore
2367 4109 2556 4148 somno
2614 4095 3073 4163 Opprimebantur,
3109 4099 3318 4149 ratione

1783 4183 2193 4251 haudquaquam
2214 4183 2415 4242 sedata.
2432 4186 2521 4236 sed
2543 4184 2852 4251 perturbata
2883 4185 3314 4253 inconstantique

1781 4280 2024 4324 utuntur.
2062 4271 2335 4340 Ejusmodi
2384 4271 2688 4327 hominibus
2742 4282 2962 4328 sanctus
2996 4275 3081 4326 hic
3114 4284 3314 4343 martyr

1782 4363 1981 4415 similes
2005 4377 2098 4416 eos
2137 4363 2332 4416 asserit
2365 4364 2455 4430 qui
2507 4362 2561 4415 in
2594 4369 2862 4417 certamen
2893 4372 3178 4430 proruunt,
3214 4364 3312 4416 hoc

1779 4457 1881 4510 est,
1940 4466 2044 4503 non
2075 4451 2317 4503 ordinate
2347 4451 2437 4504 sed
2467 4451 2654 4504 audaci
2707 4465 2768 4503 ac
2795 4453 3081 4503 temerario
3114 4453 3309 4519 impetu

1781 4555 1837 4593 se
1867 4540 2012 4606 ipsos
2045 4540 2327 4593 intrudunt
2356 4542 2408 4592 in
2431 4548 2700 4593 certamen
2729 4556 2743 4604 ;
2767 4541 3090 4607 parturiens,
3127 4555 3186 4593 ac
3210 4549 3314 4592 tra-

1781 4629 1904 4681 here
1936 4628 2210 4685 differens.
2259 4644 2355 4698 pro
2402 4643 2465 4682 eo
2506 4628 2645 4695 quod
2702 4629 2938 4682 nondum
2974 4631 3026 4682 in
3069 4638 3308 4698 apertum

159 4718 513 4787 μελετώμενον
556 4721 647 4772 καὶ
677 4721 946 4788 μέλλοντα,
973 4721 1085 4789 ἦτοι
1115 4721 1434 4790 βραδύνοντα
1463 4721 1678 4772 ἐλκῦσαι

1793 4719 1974 4786 erupit,
2012 4719 2102 4772 sed
2134 4718 2437 4782 meditatur,
2468 4726 2518 4770 et
2545 4717 2719 4771 differt
2749 4720 2860 4773 sive
2907 4729 3190 4774 cunctatur
3220 4720 3312 4772 de-

155 4805 273 4868 τοὺς
295 4806 713 4875 ἀγωνιζομένους
735 4823 748 4836 ·
779 4808 966 4869 οἵτινες
1005 4809 1299 4876 πειρασμὸν
1328 4809 1675 4869 ἐπισπῶνται,

153 4893 311 4961 ἤγουν
343 4897 419 4957 είς
450 4896 668 4954 ἑαυτοὺς
699 4895 909 4946 ἕλκουσι
940 4897 1252 4963 πειρασμὸν,
1281 4897 1470 4964 μᾶλλον
1497 4897 1549 4948 δὲ
1589 4898 1679 4948 καὶ

153 4982 322 5046 ἀλλοις
372 4987 576 5046 πιστοῖς
627 4985 945 5036 ἀνάπτουσιν
998 4984 1262 5053 ἄνθρακας
1315 4986 1640 5054 ἁμαρτωλῶν
1663 5023 1676 5045 ,

251 5142 280 5171 ι
303 5131 415 5185 Act.
440 5147 551 5194 τιν,
578 5132 664 5184 21.
739 5132 766 5171 δ
803 5131 951 5184 Ilebr.
970 5147 1045 5194 xt,
1070 5132 1154 5184 32.

1783 4817 2050 4860 certantes
2084 4807 2332 4860 trahere:
2377 4808 2467 4876 qui
2502 4807 2712 4875 quidem
2753 4811 3098 4862 tentationem
3131 4823 3313 4862 accer-

1785 4906 1929 4960 sunt,
1955 4898 2056 4949 hoc
2088 4906 2189 4957 est,
2223 4897 2285 4950 ad
2337 4908 2392 4951 se
2440 4898 2581 4965 ipsos
2636 4890 2978 4950 tentationem
3017 4897 3312 4964 pelliciunt,

1784 4986 1911 5052 quin
1942 4987 2118 5053 potius
2141 4986 2261 5039 aliis
2294 4986 2536 5040 fidelibus
2574 4986 2873 5048 accendunt
2903 4986 3163 5038 carbones
3190 5000 3311 5053 pec-

1371 5265 1405 5318 V
1418 5263 1597 5319 ΑΜΕ
1641 5263 2038 5319 LECTIONES.

211 5407 261 5444 ³³
291 5407 486 5480 ὁμοίως
512 5410 634 5464 add.
710 5412 774 5443 ³’⁶
803 5408 1098 5473 κατέλεξεν.
1171 5409 1258 5441 ⁸⁸⁸⁸
1295 5409 1385 5460 καὶ
1415 5411 1513 5460 δτι.

211 5543 591 5616 (3)*Εσταυρ.
631 5549 758 5600 Kal.
790 5545 863 5599 Id.
911 5549 1077 5600 codex
1129 5545 1289 5607 Nam,
1337 5547 1666 5616 ἐσταυρώθη,

162 5611 376 5682 Ὁμοίως
405 5615 516 5683 καί.
533 5611 664 5667 lux
692 5616 939 5683 πολλάκις
962 5631 1058 5683 pro
1087 5616 1382 5676 πλεονάκις.

213 5683 290 5745 ιι)
326 5682 658 5736 Διδάσκειιε.
695 5682 772 5736 Id.
807 5682 972 5744 cod”,
1001 5685 1298 5746 φυλάττειν.
1345 5683 1507 5735 Paulo
1553 5682 1666 5742 bost

1604 5408 1648 5439 ³³
1680 5408 1942 5481 ἐπιλείψῃ.

1775 5547 2026 5618 ἐμμένειν
2051 5550 2113 5616 τῇ
2151 5547 2346 5618 πίστει,
2383 5550 2582 5602 omissa
2633 5551 3024 5618 praepositione.
3075 5549 3190 5604 Mm;
3223 5549 3298 5605 δεῖ

1774 5616 1916 5682 ἡμᾶς
1945 5617 2068 5677 sim,
2102 5626 2158 5669 ut
2197 5617 2247 5668 in
2281 5625 2427 5669 textu
2455 5621 2569 5670 Act.
2602 5616 2707 5684 xiv,
2740 5616 2824 5671 2|.
