4002 6314
669 337 774 402 495

1882 353 2155 412 'l'llEOl).
2192 349 2582 415 B.\LSAMON

3765 360 3861 423 49G

674 485 939 537 calorum,
965 485 1229 531 tormenta
1251 479 1502 533 nimirum
1526 497 1644 550 qua:
1669 496 1696 533 a
1714 485 1954 551 tyrannis
1985 484 2219 536 inferun-

2322 485 2412 546 τάς
2443 486 2505 538 ὲκ
2531 485 2635 538 τῶν
2656 489 2923 556 τυράννων
2958 487 3192 556 δηλονότι
3223 486 3485 546 κολὰσεις.
3527 485 3659 536 Ἀλλ’
3691 487 3742 537 εί
3772 483 3859 535 καὶ

674 579 781 622 tur.
816 568 917 620 Sed
941 571 1188 637 quamvis
1215 582 1433 624 accuset
1466 586 1558 626 eos
1591 573 1680 640 qui
1719 574 1817 625 hoc
1851 574 2007 624 modo
2039 589 2094 626 se
2123 588 2217 641 ge-

676 667 820 718 runt,
855 658 986 726 ipsis
1009 665 1188 713 tamen
1213 674 1241 712 a
1275 660 1521 714 fidelibus
1554 661 2063 714 communicandum
2098 677 2218 715 csse

672 748 931 809 decernit,
965 749 1105 816 quod
1140 749 1194 802 in
1227 751 1443 804 nomine
1474 750 1671 804 Christi
1693 751 1756 803 ad
1785 752 1883 802 hoc
1910 751 2212 818 prodeunt:

673 835 895 889 ﬁdentes
927 837 1169 890 videlicet
1208 836 1444 901 Christo,
1482 847 1572 891 aut
1610 839 1662 890 in
1693 839 1811 904 ejus
1858 838 2075 890 nomine
2114 838 2214 891 sibi

671 933 940 978 certamen
971 928 1324 994 deposcentes
1357 945 1371 993 ;
1421 927 1632 982 etiamsi
1666 926 1801 980 forte
1843 927 1982 979 illius
2016 941 2214 993 praece-

671 1016 841 1083 ptioni
865 1017 1043 1070 minus
1078 1017 1462 1085 obtemperent,
1487 1018 1732 1070 docentis
1751 1024 1926 1084 petere
1958 1032 2023 1068 ne
2045 1023 2216 1066 tente-

668 1119 807 1166 mur,
850 1107 929 1158 vel
960 1106 1118 1156 etiam
1145 1107 1389 1174 ignorent
1416 1107 1698 1159 Dominum
1731 1106 2022 1159 secessisse
2045 1106 2110 1156 ab
2135 1105 2216 1155 in-

668 1197 1015 1250 sidiatoribus
1040 1197 1172 1261 suis,
1208 1199 1531 1265 solitumque
1583 1197 1873 1265 aliquando
1905 1212 2008 1247 non
2040 1195 2214 1262 palam

667 1285 1032 1351 deatnbnlare,
1066 1302 1161 1339 nec
1202 1303 1257 1340 se
1299 1288 1470 1354 ipsum
1495 1287 1797 1354 prodidisse
1837 1295 1891 1338 ut
1923 1293 2215 1352 pateretur,

667 1391 848 1429 verum
877 1379 943 1430 ab
967 1378 1087 1430 aliis
1115 1380 1384 1445 proditum
1414 1396 1426 1441 ;
1464 1378 1889 1444 przecepisseque
1915 1375 2210 1443 discipulis,

667 1473 724 1518 ut
752 1482 859 1534 quo
893 1474 1133 1533 tempore
1189 1467 1309 1518 illos
1357 1466 1560 1517 inimici
1613 1466 2033 1525 insectarentur,
2069 1463 2214 1530 fuge.

668 1563 783 1607 rent
812 1569 839 1606 e
867 1554 1088 1607 civitate
1123 1554 1174 1605 in
1201 1554 1610 1613 civitatem,nec
1628 1567 1685 1606 se
1714 1553 1858 1619 ipsos
1887 1553 2025 1603 ultro
2048 1557 2216 1602 torto-

667 1642 814 1693 ribus
859 1640 1151 1700 traderent,
1210 1655 1276 1692 ne
1328 1639 1573 1706 pluribus
1605 1653 1662 1692 se
1689 1637 1926 1690 cazdibus
1955 1636 2215 1688 contami-

667 1731 826 1783 nantli
857 1745 1074 1783 causam
1103 1730 1236 1798 ipsis
1296 1729 1616 1797 praeberent,
1649 1743 1742 1781 eos
1769 1728 1912 1803 velut
1942 1726 2213 1778 irritantes

2321 575 2554 627 αἰτιᾶται
2576 577 2698 637 τοὺς
2719 576 2887 638 οὕτως
2911 577 3204 637 ποιοῦντας,
3227 577 3493 626 κοινωνεῖν
3519 576 3648 636 τέως
3675 577 3857 634 αὐτοῖς

2318 665 2442 726 τοὺς
2469 668 2686 727 πιστοὺς
2714 666 3063 725 διατάττεται,
3088 667 3168 717 ὅτι
3196 667 3249 715 ὲν
3273 666 3490 732 ὀνόματι
3509 663 3595 715 τοῦ
3626 665 3858 731 Χριστοῦ

2321 755 2675 822 παρέρχονται
2711 759 2788 815 είς
2818 758 3004 816 τοῦτο,
3037 755 3356 823 θαρροῦντες
3385 753 3579 820 δηλαδὴ
3613 753 3688 818 τῷ
3730 754 3864 820 Χρισ-

2321 842 2446 911 στῷ,
2479 843 2509 912 ἦ
2541 845 2672 911 ὑπὲρ
2714 842 2804 895 τοῦ
2847 843 3101 910 ὀνόματος
3139 842 3229 892 τοῦ
3280 841 3509 910 Χριστοῦ
3553 841 3863 907 αἱρούμενοι

2317 931 2408 982 τὸν
2439 931 2651 996 ἀγῶνα,
2684 935 2728 982 εί
2758 932 2893 999 τάχα
2922 931 3013 982 καὶ
3040 932 3098 982 οῦ
3124 931 3261 981 κατά
3293 931 3384 998 τὴν
3408 931 3612 981 ἐκείνου
3645 930 3860 980 ποιοῦσι

2316 1021 2672 1082 διδασκαλίαν,
2720 1022 3054 1081 διδάσκοντος
3100 1023 3265 1071 αἰτεῖν
3307 1022 3377 1088 μὴ
3422 1019 3858 1087 πειρασθῆναι,ῆ

2318 1110 2407 1159 καὶ
2440 1109 2739 1174 ἀγνοοῦσιν,
2771 1111 2847 1159 ὅτι
2869 1113 2894 1160 ὁ
2916 1109 3111 1177 Κύριος
3144 1109 3406 1176 ὑπεχώρει
3449 1108 3554 1158 ἀπὸ
3599 1109 3709 1157 τῶν
3738 1108 3860 1157 ὲπι-

2316 1199 2668 1250 ϐουλευόντων
2705 1197 2884 1264 αὐτῷ,
2933 1198 3024 1248 καὶ
3067 1197 3210 1248 ἐστιν
3246 1198 3331 1247 ὅτε
3377 1198 3468 1247 καὶ
3501 1197 3560 1246 οῦ
3613 1195 3862 1261 φανερὰ

2317 1291 2649 1358 περιεπάτει,
2693 1289 2784 1338 καὶ
2819 1289 2898 1339 ὃτι
2934 1288 3052 1338 οὐδὲ
3098 1288 3283 1339 ἑαυτὸν
3330 1287 3604 1354 παρέδωκε
3648 1285 3859 1343 παθεῖν.

2316 1379 2446 1431 ἀλλά
2477 1377 2738 1447 παρεδόθη
2759 1394 2771 1406 ο
2811 1378 2899 1428 καὶ
2941 1378 2996 1428 ὲν
3028 1377 3104 1445 τῷ
3135 1376 3420 1428 διώκεσθαι
3463 1377 3586 1436 τοὺς
3619 1374 3864 1442 μαθητὰς

2315 1468 2495 1528 αὑτοῦ,
2531 1468 2803 1530 διετάξατο
2852 1466 3067 1532 φεύγειν
3114 1467 3189 1528 εἰς
3241 1466 3388 1517 πόλιν
3416 1469 3478 1517 ὲκ
3519 1466 3743 1525 πόλεως,
3775 1464 3863 1514 καὶ

2319 1559 2390 1627 μὴ
2422 1558 2732 1625 αὐτομολεῖν
2776 1555 2906 1624 πρὸς
2952 1556 3074 1615 τοὺς
3115 1555 3396 1615 κολαστὰς,
3447 1555 3531 1603 ἴνα
3584 1553 3658 1621 μὴ
3703 1553 3862 1602 αἴτιοι

2315 1649 2490 1709 αὐτοῖς
2539 1647 2768 1712 γίνοιντο
2821 1645 3072 1695 πλειόνων
3126 1644 3331 1710 φόνων,
3375 1643 3558 1712 ὥσπερ
3613 1640 3860 1709 παραθή-

2313 1755 2494 1806 γοντες
2523 1737 2714 1797 αὐτοὺς
2744 1737 2821 1796 είς
2856 1734 2951 1795 τὰς
2998 1731 3136 1784 κατά
3161 1723 3266 1783 τῶν
3307 1731 3542 1782 εὐσεϐῶν
3575 1728 3860 1796 τιμωρίας.

667 1819 730 1870 ad
765 1820 1025 1887 supplicia
1058 1819 1161 1886 piis
1215 1817 1524 1870 hominibus
1584 1816 1890 1884 irroganda.
1943 1813 2214 1881 Aﬂertque

2322 1831 2421 1882 Kal.
2450 1830 2570 1887 τοὺς
2614 1825 2936 1885 ἀποστόλους
2987 1822 3218 1890 παράγει
3271 1823 3344 1881 εἰς
3399 1819 3731 1884 ὑπόδειγμα,
3775 1814 3862 1864 τον

668 1911 1031 1977 apostolorum
1091 1911 1415 1976 exemplum,
1451 1907 1728 1975 Stephani,
1769 1904 1976 1968 Jacobi,
2026 1918 2088 1956 ac.
2119 1919 2212 1956 su-

668 2016 970 2068 premorum
999 2000 1204 2052 ordinis
1237 2000 1316 2051 sui
1353 2012 1634 2065 procerum
1663 1995 1806 2049 Petri
1836 2002 1889 2047 ct
1910 1992 2079 2046 Pauli.

1276 2085 1498 2140 CANON
1541 2085 1605 2137 Χ.

745 2199 759 2224 ι
807 2177 954 2230 Unde
989 2193 1092 2230 non
1139 2186 1218 2230 est
1276 2190 1520 2242 aequum,
1564 2183 1620 2227 ut
1655 2176 1734 2228 vel
1781 2174 1957 2226 clerici
1989 2172 2077 2240 qui
2116 2187 2212 2224 sua

745 2278 933 2334 sponte
957 2267 1298 2334 aufugerunt,
1334 2265 1468 2332 lapsi
1496 2273 1668 2316 autem
1703 2274 1754 2317 et
1792 2265 2035 2316 relucta‘ti
2067 2272 2210 2325 sunt,

743 2357 971 2425 amplius
996 2358 1046 2407 in
1079 2371 1233 2408 sacro
1273 2355 1569 2406 ministerio
1604 2359 1874 2416 maneant,
1913 2359 1961 2404 ut
1990 2353 2080 2417 qui
2111 2351 2214 2402 Do-

747 2448 880 2499 mini
933 2462 1141 2515 gregem
1175 2445 1510 2512 reliquerint,
1535 2451 1586 2496 et
1613 2458 1668 2496 se
1694 2443 1838 2508 ipsos
1880 2441 2214 2507 vituperave—

743 2539 881 2592 rint:
912 2538 1052 2606 quod
1081 2538 1261 2589 nullus
1289 2536 1412 2587 fecit
1443 2550 1507 2586 ex
1539 2534 1818 2602 apostolis.
1861 2531 2068 2584 Etenim
2090 2543 2210 2582 cum

744 2631 937 2682 muEtas
990 2628 1388 2695 persecutiones
1443 2626 1685 2684 obiisset,
1721 2634 1771 2677 et
1816 2623 1985 2675 multa
2041 2628 2214 2673 ccrta~

745 2718 946 2771 minum
973 2717 1186 2783 praemia
1209 2715 1535 2768 ostendisset
1566 2714 1753 2767 beatus
1781 2713 2054 2780 apostolus
2074 2711 2214 2764 Pau-

748 2808 848 2865 lus,
884 2807 1058 2858 sciens
1093 2820 1211 2857 esse
1234 2806 1385 2872 longe
1407 2805 1597 2856 melius
1651 2802 1861 2854 dissolvi
1891 2812 1936 2854 et
1962 2818 2070 2853 esse
2099 2817 2212 2852 cum

747 2896 954 2952 Christo
1006 2910 1054 2957 α,
1087 2896 1246 2949 infert
1282 2904 1332 2948 et
1375 2895 1543 2946 dicit:
1587 2893 1649 2946 In
1676 2911 1830 2946 carne
1883 2903 2055 2944 autem
2101 2909 2214 2944 ma-

747 3005 880 3050 nere,
918 2987 1079 3054 magis
1111 2987 1452 3038 necessarium
1473 2996 1682 3052 propter
1703 3001 1809 3038 vos.
1849 2984 2214 3040 Considerans

741 3079 880 3128 enim
912 3091 1014 3127 non
1046 3090 1216 3137 suam,
1255 3075 1344 3128 sed
1372 3075 1657 3127 multorum
1690 3076 1995 3138 utilitatem,
2025 3084 2081 3128 ut
2103 3092 2215 3129 ser-

747 3253 1090 3314 existimavit,
1125 3253 1260 3320 apud
1291 3253 1484 3307 fratres
1544 3269 1776 3311 manere,
1820 3263 1870 3306 et
1906 3268 2090 3306 eorum
2121 3271 2216 3306 eu-

747 3358 856 3396 ram
888 3359 1089 3412 gerere.
1118 3343 1215 3408 Qui
1256 3345 1413 3395 etiam
1443 3344 1554 3395 vult
1605 3334 1723 3396 e'um
1755 3346 1845 3412 qui
1869 3344 2044 3406 docet,
2097 3358 2217 3397 esse

751 3435 802 3485 in
836 3434 1072 3486 doctrina
1120 3434 1404 3500 exemplum
1441 3433 1466 3472 δ
1502 3433 1765 3486 fidelibus.
1816 3431 1966 3485 Unde
2019 3438 2109 3500 qui
2162 3434 2217 3485 in

751 3538 966 3576 carcere
991 3523 1394 3584 contendentes,
1420 3537 1448 3574 ει
1478 3523 1778 3576 ministerio
1802 3523 2134 3581 exciderunt.
2165 3531 2218 3574 et

744 3617 980 3668 reluctati
1015 3626 1156 3680 sunt,
1189 3631 1380 3669 sensus
1413 3615 1567 3682 plane
1602 3623 1726 3667 sunt
1776 3622 2042 3682 expertes.
2075 3613 2218 3677 Quo—

749 3704 903 3756 modo
927 3702 1068 3755 enim
1105 3711 1286 3769 petunt
1341 3701 1481 3769 quod
1528 3702 1877 3770 reliquerunt,
1918 3717 2038 3754 cum
2076 3704 2126 3754 in
2157 3717 2216 3754 ea

751 3799 1062 3860 tempestate
1110 3807 1227 3843 esse
1279 3798 1495 3858 possent
1545 3789 1801 3843 fratribus
1856 3789 1967 3843 suis
2011 3791 2222 3842 utiles?

748 3877 992 3944 Quandiu
1023 3878 1201 3944 itaque
1227 3877 1362 3928 firmi
1399 3877 1726 3942 stabilesque
1754 3875 2220 3939 manserunt,ejus

752 3971 892 4036 quod
921 3978 1110 4036 praeter
1134 3968 1397 4018 rationem
1429 3969 1687 4024 fecerant,
1709 3968 1951 4018 eisvcnia
1974 3967 2218 4018 dabatur.

686 4080 700 4105 ς
751 4058 976 4124 Quando
1023 4066 1200 4110 autem
1254 4056 1386 4122 lapsi
1427 4066 1571 4115 sunt,
1612 4065 1666 4106 ut
1696 4057 1785 4123 qui
1840 4071 2116 4124 perperam
2166 4071 2222 4108 se

686 4172 702 4196 ι
756 4154 1036 4215 gesserunt
1060 4153 1111 4198 et
1136 4161 1191 4197 se
1215 4145 1359 4212 ipsos
1382 4146 1841 4212 vituperaverunt,
1873 4161 1976 4196 non
1997 4155 2222 4213 possunt

676 2288 692 2317 1

677 2377 695 2406 1

680 2466 698 2496 1

680 2558 697 2590 1

677 2646 699 2680 1

679 2736 699 2768 1

678 2824 698 2857 1

678 2915 699 2948 1

679 3005 699 3038 1

682 3091 699 3124 1

679 3179 699 3212 1

681 3271 700 3302 1

681 3361 699 3392 1

685 3451 701 3483 1

686 3541 700 3573 Ι

683 3634 699 3666 1

682 3722 700 3754 1

683 3811 699 3843 1

683 3898 702 3928 1

685 3989 702 4019 1

689 4257 709 4291 ο
745 4241 973 4306 amplius
1003 4253 1153 4290 sacra
1179 4237 1281 4305 16
1310 4236 1604 4288 ministeria
1637 4235 1890 4288 obire.Et
1924 4234 2044 4286 ideo
2069 4236 2236 4300 magis

692 4348 710 4380 ι
742 4345 922 4384 curam
956 4327 1452 4396 gerant,quomodo
1484 4326 1534 4379 in
1569 4325 1872 4377 humilitate
1895 4324 2056 4375 vitam
2079 4338 2230 4390 pera—

691 4438 709 4469 ι
752 4428 876 4487 gant
917 4434 943 4471 a
975 4433 1106 4470 vana
1133 4417 1296 4486 gloria
1357 4426 1648 4470 cessantes.
1692 4414 1780 4467 Eis
1829 4413 1972 4466 enim
2031 4410 2231 4464 sufﬁcit

691 4526 709 4555 ι
743 4507 1072 4569 communio,
1101 4521 1221 4572 quae
1250 4505 1531 4570 diligenter
1552 4514 1606 4556 et
1638 4510 1890 4557 accurate
1926 4503 1982 4554 fit
2015 4500 2231 4553 duabus

689 4612 709 4645 ι
757 4594 822 4647 de
845 4594 1025 4645 causis
1045 4632 1059 4655 ,
1107 4599 1220 4644 tum
1244 4605 1310 4644 ne
1340 4591 1622 4644 videa‘ntur
1645 4591 1886 4642 molestia
1912 4590 2067 4653 allici,
2101 4593 2226 4645 hinc

692 4705 709 4734 ι
759 4685 1167 4738 dissolutionem
1191 4683 1239 4734 vi
1274 4680 1592 4747 arripientes
1619 4699 1629 4731 :
1667 4687 1777 4732 tum
1809 4695 1874 4732 ne
1899 4681 2032 4748 lapsi
2063 4683 2225 4749 aliqui

692 4792 714 4823 ι
757 4781 1044 4826 causentur
1062 4787 1117 4825 se
1145 4780 1360 4838 propter
1389 4784 1558 4836 ptume
1588 4771 1928 4822 occasionem
1959 4770 2124 4824 fuisse
2152 4787 2229 4824 re-

691 4883 715 4918 ε
756 4867 984 4917 missos:
1021 4861 1120 4926 Qui
1168 4862 1378 4928 quidem
1416 4860 1696 4926 plusquam
1729 4875 1915 4912 omnes
1970 4861 2225 4928 probrum

758 5029 782 5058 α
817 5017 1042 5081 Philipp.
1088 5031 1124 5075 ι,
1161 5014 1246 5074 25,
1281 5013 1365 5063 ει.
1447 5013 1470 5049 b
1504 5011 1607 5062 Tit.
1637 5025 1694 5070 ll,
1733 5009 1780 5059 7.

2314 1921 2613 1985 Στέφανον,
2661 1917 2747 1967 τὸν
2789 1913 3071 1974 Ἰάκωϐον,
3106 1914 3198 1965 καὶ
3239 1912 3361 1970 τοὺς
3411 1906 3860 1978 κορυφαιοτάτους

2313 2009 2515 2078 Πέτρον
2545 2009 2635 2058 καὶ
2661 2005 2884 2056 Παῦλον.

2923 2093 3156 2143 ΙίΛΝΩΝ
3196 2094 3226 2142 l'
3237 2130 3248 2142 .

2387 2207 2403 2239 ι
2443 2187 2596 2239 Ὅθεν
2622 2187 2694 2254 (5)
2723 2188 2818 2238 οῦκ
2843 2184 2983 2235 ἔστιν
3013 2182 3224 2246 εὔλογον
3254 2181 3371 2231 οὐδὲ
3394 2181 3515 2239 τοὺς
3535 2177 3641 2229 ἀπὸ
3665 2176 3860 2243 κλήρου

2319 2295 2334 2325 ι
2373 2276 2856 2344 αὐτομολήσαντας,
2903 2271 3318 2336 ἐκπεπτωκότας
3348 2285 3402 2319 τε
3445 2269 3535 2318 καὶ
3570 2263 3859 2317 ἀναπαλαί-

2317 2385 2335 2416 ι
2378 2382 2592 2426 σαντας,
2623 2365 2698 2415 ἔτι
2737 2366 2792 2415 ὲν
2825 2365 2888 2430 τῇ
2935 2359 3236 2428 λειτουργίᾳ
3273 2354 3438 2418 εἶναι,
3476 2359 3568 2408 ᾰτε
3602 2355 3663 2420 δὴ
3699 2369 3860 2403 κατα-

2318 2473 2335 2504 ι
2375 2455 2661 2522 λείψαντας
2693 2453 2751 2504 τὸ
2779 2451 3023 2519 ποίμνιον
3058 2448 3260 2516 Κυρίου
3297 2449 3387 2497 καὶ
3435 2444 3862 2514 μιμησαμένους

2320 2563 2336 2594 ι
2375 2545 2592 2603 ἑαυτούς
2612 2560 2622 2571 ·
2649 2545 2782 2610 ὅπερ
2801 2541 2969 2602 οὐδεὶς
2991 2539 3095 2590 τῶν
3119 2536 3421 2588 ἀποστόλων
3451 2533 3732 2600 πεποίηκε.
3761 2531 3863 2580 Καὶ

2322 2649 2339 2680 ι
2380 2631 2485 2699 γὰρ
2516 2633 2542 2682 ό
2574 2630 2792 2689 πολλοὺς
2834 2627 3101 2694 διωγμοὺς
3140 2625 3396 2688 ἐξανύσας
3441 2622 3534 2689 (6),
3589 2618 3756 2671 πόλλά
3808 2633 3859 2666 τε

2321 2738 2339 2770 ι
2381 2717 2512 2771 ἆθλα
2540 2719 2924 2786 ἀγωνισμάτων
2956 2715 3337 2783 ἐνδειξάμενος,
3376 2716 3402 2764 ό
3435 2712 3696 2781 μακάριος
3731 2709 3863 2759 ἀπὸ·

2320 2831 2338 2863 ι
2376 2810 2622 2872 στολος³⁸
2661 2810 2899 2872 Παῦλος,
2945 2805 3194 2876 ἐγνωκώς
3227 2823 3282 2857 τε
3327 2805 3406 2854 δτι
3455 2801 3665 2853 κάλλιόν
3721 2799 3865 2847 ἐστιν

2320 2920 2339 2952 ι
2377 2900 2668 2954 ἀναλῦσαι
2716 2899 2807 2949 καὶ
2845 2897 2964 2949 σὺν
3008 2894 3234 2963 Χριστῷ
3266 2890 3435 2951 εἶναι,
3481 2888 3726 2954 ἐπιφέρει
3775 2884 3865 2932 καὶ

2321 3011 2339 3043 ι
2377 2993 2546 3058 λέγει·
2580 2990 2646 3043 Τὸ
2675 2989 2740 3040 δὲ
2768 2983 3052 3056 ἐπιμεῖναι
3093 2985 3163 3051 τῇ
3187 2984 3380 3050 σαρκὶ,
3411 2975 3867 3045 ἀναγκαιότὲρον

2323 3103 2340 3133 ι
2379 3084 2449 3133 δι’
2486 3081 2651 3149 ὑμᾶς.
2704 3079 2923 3130 Σκοπῶν
2955 3079 3061 3148 γὰρ
3111 3078 3168 3128 οὐ
3222 3075 3280 3126 τὸ
3326 3070 3513 3125 ἑαυτοῦ
3555 3066 3864 3133 συμφέρον,

743 3171 954 3224 rentur,
989 3165 1156 3232 magis
1187 3179 1345 3231 quam
1372 3179 1522 3216 suam
1555 3165 1809 3231 quietem,
1842 3171 2213 3218 necessarium

2323 3190 2340 3221 ι
2381 3169 2512 3221 ἀλλὰ
2547 3170 2606 3220 τὸ
2635 3168 2740 3219 τῶν
2779 3167 2986 3217 πολλῶν
3031 3167 3116 3240 ἱξνα
3148 3163 3386 3214 σωθῶσιν
3407 3199 3420 3220 ,
3452 3155 3866 3221 ἀναγκαιότερον

2323 3276 2340 3308 ι
2379 3259 2473 3326 τῆς
2522 3256 2708 3308 ἑαυτοῦ
2761 3255 3113 3312 ἀναπαύσεως
3160 3251 3397 3320 ἡγήσατο
3435 3248 3493 3297 τὸ
3539 3242 3868 3313 παραμένειν

2323 3366 2340 3397 ι
2380 3349 2491 3408 τοῖς
2519 3346 2760 3412 ἀδελφοῖς
2787 3345 2878 3396 καὶ
2912 3340 3277 3411 ἐπιμελεῖσθαι
3305 3336 3498 3388 αὐτῶν.
3540 3337 3632 3394 Ὃς
3666 3333 3758 3383 καί
3781 3330 3866 3380 τὸν

2323 3456 2339 3487 ι
2377 3437 2686 3488 διδάσκοντα
2733 3435 2869 3486 θέλει
2903 3430 3036 3485 εἶναι
3083 3433 3150 3484 ἐν
3191 3431 3261 3497 τῇ
3295 3428 3648 3489 διδασκαλίᾳ
3682 3427 3868 3476 τύπον

2323 3547 2340 3577 ι
2378 3528 2655 3596 γινόμενον
2681 3526 2785 3577 τῶν
2817 3524 3034 3576 πιστῶν.
3064 3523 3224 3574 ’ὈΘεν
3261 3523 3307 3572 οί
3343 3521 3400 3570 ὲν
3430 3521 3494 3586 τῇ
3537 3519 3722 3584 εἱρκτῇ
3755 3516 3867 3562 ὲπι·

2323 3638 2340 3668 ι
2380 3615 2714 3685 δικαζόμενοι
2762 3615 2860 3682 τῆς
2908 3613 3242 3681 λειτουργίας
3292 3607 3728 3665 ἐκπεπτωκότες,
3781 3603 3867 3652 καὶ

2325 3728 2342 3759 ι
2385 3707 2881 3766 ἀναπαλαίσαντες,
2939 3704 3076 3754 πάνυ
3137 3698 3531 3768 ἀναισθητοῦσι.
3595 3695 3716 3754 Πῶς
3766 3694 3867 3758 γὰρ

2325 3819 2341 3850 ι
2379 3799 2612 3852 αἰτοῦσιν
2657 3798 2684 3848 δ
2737 3795 3088 3860 κατέλειψαν,
3137 3793 3416 3858 δυνάμενοι
3461 3791 3568 3848 τοῖς
3629 3785 3866 3850 ἀδελφοῖς

2325 3907 2342 3939 ι
2381 3889 2661 3957 εῦχρηστοι
2697 3883 2829 3937 εἶναι
2881 3887 2936 3935 ὲν
2981 3882 3154 3951 καιρῷ
3193 3881 3441 3947 τοιούτῳς
3479 3879 3616 3936 Ἕως
3655 3874 3750 3940 μὲν
3781 3867 3867 3923 οὖν

2327 3993 2344 4024 ι
2383 3975 2664 4025 ἅπταιστοι
2691 3968 2854 4040 ἦσαν,
2905 3968 3225 4035 συγγνώμην
3268 3963 3405 4033 εἶχον
3453 3963 3541 4013 ἐπὶ
3589 3965 3655 4029 τῇ
3699 3976 3868 4027 παρα-

2327 4084 2343 4113 ι
2383 4064 2522 4131 λόγῳ
2557 4063 2599 4093 ³⁵
2633 4061 2809 4115 αὐτῶν
2859 4059 3084 4129 πράξει·
3144 4058 3230 4108 ὅτε
3269 4056 3322 4106 δὲ
3367 4054 3624 4104 ἔπταισαν
3648 4088 3661 4111 ,
3691 4052 3764 4109 ὼς
3810 4048 3868 4099 ἂν

2328 4171 2342 4200 ι
2385 4151 2877 4221 περπερευσάμενοι
2900 4148 2990 4198 καὶ
3014 4147 3233 4205 ἑαυτοὺς
3258 4143 3665 4213 μωμησάμενοι,
3694 4139 3869 4188 οὐκέτι

2328 4260 2344 4289 ι
2385 4241 2632 4292 δύνανται
2677 4238 3020 4306 λειτουργεῖν.
3076 4234 3163 4286 Διὸ
3203 4231 3625 4302 φροντιζέτωσαν
3678 4225 3870 4294 μᾶλλον

2329 4347 2345 4378 ι
2388 4331 2443 4380 ἐν
2484 4325 2962 4395 ταπεινοφροσύνῃ,
2998 4323 3109 4384 πῶς
3151 4320 3484 4374 ὲκτελὲσουσι
3542 4316 3869 4381 παυσάμενοι

2332 4437 2348 4466 ί
2389 4419 2484 4484 τῆς
2543 4416 2859 4479 κενοδοξίας.
2916 4415 3096 4483 Ἀρκεί
3155 4411 3260 4479 γὰρ
3309 4410 3486 4467 αὐτοῖς
3547 4408 3578 4472 ἡ
3627 4402 3868 4456 κοινωνία

2333 4526 2348 4556 ι
2395 4509 2508 4576 μετ’
2531 4506 2860 4565 ἐπιστάσεως
2885 4505 2927 4533 ³⁸
2946 4503 3035 4554 καὶ
3054 4501 3328 4568 ἀκριϐείας
3349 4499 3481 4566 πρὸς
3506 4495 3784 4564 ἀμφότερα
3809 4491 3868 4521 ³⁸⁸

2332 4614 2350 4646 ι
2391 4595 2663 4664 γινομένη,
2698 4595 2789 4645 καὶ
2837 4595 2921 4643 ἵνα
2955 4592 3026 4660 μὴ
3065 4589 3254 4653 δόξωσι
3284 4585 3560 4638 λυπεῖσθαι
3593 4583 3724 4652 μετά
3761 4580 3868 4648 βίας

2334 4705 2350 4736 ι
2390 4685 2865 4755 περιδρασσόμενοι
2899 4683 2996 4750 τῆς
3044 4680 3287 4733 ἐντεῦθεν
3322 4676 3627 4734 ἀναλύσεως
3657 4672 3748 4738 (7),
3787 4670 3868 4721 καὶ

2335 4794 2352 4824 ι
2396 4777 2478 4826 ἵνα
2507 4776 2577 4843 μή
2604 4791 2745 4834 τινες
2782 4772 3116 4832 ἐκπεσόντες,
3150 4768 3581 4838 προφασίζωνται
3602 4764 3642 4793 ³⁷
3665 4761 3809 4812 ὡσάν
3832 4760 3868 4789 ³³

2333 4884 2352 4914 ι
2391 4865 2476 4916 διὰ
2527 4866 2620 4933 τὴν
2667 4864 2916 4933 ἀφορμὴν
2960 4865 3056 4932 τῆς
3103 4859 3377 4927 ἐπιτιμίας
3423 4851 3866 4922 ὑπεκλελυμένοι·

1964 5140 2190 5194 VARUE
2225 5139 2510 5196 LECTION
2519 5139 2617 5194 ES.

760 5283 803 5313 “
825 5279 969 5332 deest
997 5277 1300 5338 ἀπόστολος.
1336 5277 1377 5306 ³³
1409 5276 1555 5342 παρά
1577 5273 1750 5340 λόγον.
1826 5273 1869 5303 ³⁸
1904 5274 2221 5335 ὲπιτάσεως.

761 5470 834 5528 ιθ)
869 5467 1052 5517 Ὅθεν.
1083 5478 1135 5511 κ.
1166 5476 1213 5511 τ.
1249 5459 1295 5510 λ.
1349 5459 1541 5513 Confer
1574 5473 1695 5511 cum
1740 5458 1824 5508 his
1869 5464 2232 5528 narrationem

693 5523 968 5602 th-‘p'haiiii
1000 5536 1067 5586 de
1111 5531 1420 5591 Mclelianis,
1483 5530 1608 5580 liter.
1667 5541 1851 5586 Lxrm,
1901 5541 1953 5574 ιι.
2022 5523 2055 5574 2
2099 5531 2151 5577 ct
2180 5523 2231 5574 3.

719 5621 875 5656 LAEDU
886 5621 932 5655 ΙΝ
942 5643 950 5650 .

867 5621 950 5655 ιι..

694 5606 711 5659 ι
749 5619 1225 5733 ὰιῗίιὲεανύσας.
1262 5667 1338 5720 Ms
1389 5667 1506 5721 cod.
1539 5665 1654 5717 Nan
1707 5662 2048 5726 ὲςαντλήσας.

2297 5276 2360 5305 ⁸⁸⁸
2391 5277 2712 5345 ἀμφότερον.

2794 5277 2834 5306 ³⁷
2864 5277 3319 5344 προφασίσωνται.
3393 5275 3435 5305 ³⁸
3461 5275 3551 5335 ὼς.

2412 5457 2484 5521 (7)
2546 5457 2656 5522 Τῆς
2683 5457 2957 5508 ἐντεῦθεν
2989 5457 3160 5508 dra}.
3217 5452 3452 5522 Zonaras
3502 5457 3551 5498 et
3602 5443 3868 5522 Balsatnen

2341 5508 2754 5579 videntur‘liunc
2785 5527 2956 5576 locum
2984 5515 3656 5590 perperaminterpretari,
3703 5516 3755 5563 et
3780 5508 3866 5578 τὴν

2342 5595 2583 5646 ἐντεῦθεν
2611 5595 2862 5646 ἀνάλυσιν
2889 5594 2952 5645 de
2985 5583 3152 5645 morte
3178 5589 3437 5655 accipere.
3461 5583 3718 5636 Humum.
