4002 6314
135 364 241 426 497

1250 372 1331 433 ΙΝ
1367 375 1601 438 EPIST.
1632 377 1694 439 S.
1734 376 1962 438 PETRI
2000 378 2222 438 ALEX.

3244 375 3346 437 498

141 509 161 543 ι
199 493 394 556 οῖτινες
419 493 577 548 πλέον
604 494 855 550 ἁπάντων
873 493 1134 564 αἰσχύνην
1158 496 1250 547 καὶ
1277 495 1471 558 ὄνειδος
1491 497 1688 562 ἕξουσι,

1797 511 1816 545 ι
1860 502 1913 550 et
1937 493 2284 564 ignominiam
2301 492 2864 556 habebunt:sicutille
2896 497 2989 562 qui
3017 485 3332 549 fundamen-

141 600 161 631 ι
199 584 322 634 κατ’
353 583 559 636 ἐκεῖνον
591 583 680 637 τὸν
710 584 990 638 τεθεικότα
1013 582 1278 652 Θεμέλιον,
1305 585 1396 638 καὶ
1439 586 1512 656 μὴ
1543 585 1691 655 ἰσχύ-

144 687 162 723 ι
200 690 372 729 σαντα
414 675 712 728 ἐκτελέσαιο
743 675 1054 743 Ἄρεονται
1081 673 1209 746 γὰρ,
1250 678 1410 748 φησὶν
1426 719 1440 742 ,
1473 677 1693 744 πάντες

143 781 163 814 ι
199 767 256 818 οι
286 767 826 834 παραπορευόμενοι
854 767 1152 836 ἐμπαίζειν
1168 771 1369 835 αὐτόν,
1393 770 1687 839 λέγοντεςο

141 869 163 904 ι
202 850 392 920 υῦτος
413 857 447 906 ό
469 854 774 922 ἅνθρωπος
819 857 1094 926 θεμέλιον
1134 858 1312 928 ἔθηκε
1350 861 1414 926 ⁸⁸,
1457 860 1552 914 καί
1581 861 1692 913 οὐκ

146 959 166 993 ι
203 944 464 1012 ἴσχυσεν
489 945 817 999 ἐκτελέσαι.
852 965 872 998 ι

208 1031 402 1084 ΒΔΔΣ.
445 1031 579 1102 Περὶ
625 1035 1104 1106 αὐτομολησάντων
1134 1042 1213 1104 είς
1247 1040 1338 1093 τὸν
1369 1039 1460 1094 τοῦ
1493 1055 1694 1109 μαρτυ-

141 1120 257 1191 ρίου
286 1122 470 1188 ἀγῶνα
495 1122 793 1194 διαλεχθεὶς
822 1129 850 1179 ό
878 1128 1087 1200 Πατὴρ,
1124 1130 1218 1186 νῦν
1256 1133 1348 1184 καὶ
1389 1132 1514 1201 περὶ
1560 1130 1694 1200 κλη-

142 1210 308 1278 ρικῶν
334 1211 584 1265 τοιούτων
611 1214 701 1265 τὸν
726 1213 883 1283 λόγον
909 1223 1164 1272 ποιεῖται·
1197 1221 1289 1274 καί
1318 1239 1496 1291 φησιν,
1522 1221 1615 1284 ὡς,
1645 1223 1693 1274 εί

141 1297 396 1367 κληρικδς
413 1301 802 1374 ηὐτομόλησεν,
834 1302 951 1361 εἷτα
975 1310 1048 1381 μὴ
1076 1310 1278 1377 στέγων
1304 1311 1400 1374 τὰς
1429 1311 1694 1381 τιμωρίας

138 1386 479 1450 ὲκπέπτωκε,
509 1391 604 1442 καὶ
635 1389 789 1454 αὖθις
828 1396 906 1458 είς
942 1397 1130 1450 ἑαυτὸν
1155 1399 1458 1466 γενόμενος,
1491 1399 1693 1451 ἀνεπά-

138 1473 291 1527 λιιισε
338 1475 434 1546 τὴν
478 1479 684 1532 οἰκείαν
716 1481 918 1535 πτῶσιν
939 1523 955 1549 ,
1002 1485 1097 1538 καὶ
1138 1485 1458 1554 Χριστιανὸν
1506 1486 1693 1538 ἑαυτὸν

139 1562 480 1634 ὡμολόγησεν
505 1567 732 1622 ἐνώπιον
756 1571 864 1624 τῶν
893 1573 1183 1642 τυράννων,
1209 1575 1238 1630 ό
1257 1574 1492 1636 τοιοῦτος
1512 1575 1693 1627 οὐκέτι

141 1655 197 1706 ἐν
217 1656 285 1722 τῇ
318 1653 623 1726 λειτουργίᾳ
646 1657 818 1720 ἔσται,
841 1659 974 1712 διότι
995 1661 1344 1714 καταλέλοιπε
1367 1664 1424 1715 τὸ
1448 1665 1693 1734 ποίμνιον

141 1742 230 1794 τοῦ
260 1743 496 1814 Κυρίουο
534 1747 628 1799 καὶ
649 1747 739 1800 διὰ
767 1749 826 1800 τὺ
851 1749 1218 1820 αὐτομολῆσαι
1263 1753 1354 1805 καὶ
1394 1754 1466 1823 μὴ
1496 1772 1686 1824 καρτεο

1799 602 1817 636 ι
1863 596 1964 638 ῑυῐῐ
2007 584 2220 653 posuit,
2267 590 2320 636 et
2352 597 2456 637 non
2499 586 2671 654 potuit
2716 585 3014 655 perficere:
3075 583 3331 648 Inripient

1797 692 1816 726 ι
1854 674 2231 742 enim,inquit,
2265 689 2436 726 omnes
2468 676 3073 744 quipm’tergredicnlur,
3100 691 3212 726 cum
3263 676 3327 726 il-

1796 779 1815 814 ι
1863 761 2056 827 ludere,
2085 762 2306 814 dicentes
2324 777 2342 814 :
2371 761 2472 815 Hic
2488 764 2636 815 homo
2657 766 2828 831 posuit
2851 763 3262 830 fundamentum,
3282 773 3329 815 et

1796 868 1816 901 ι
1861 867 1964 906 non
1984 852 2150 921 potuit
2176 853 2418 919 perﬁcere
2454 863 2498 904 ι.
2544 870 2561 901 ι

1859 1022 2021 1078 Βλιε.
2065 1021 2139 1077 De
2169 1023 2237 1078 iis
2265 1023 2356 1091 qui
2393 1037 2484 1078 sua
2532 1031 2720 1089 sponte
2759 1018 2824 1072 ad
2874 1018 3115 1086 martyrii
3157 1025 3333 1070 certa~

1792 1129 1913 1168 men
1941 1111 2278 1184 confugiunt,
2302 1114 2515 1170 locutus
2532 1113 2602 1167 Pa
2612 1122 2708 1175 ter,
2728 1124 2872 1164 nunc
2886 1109 2952 1163 de
2968 1105 3180 1161 clericis
3197 1121 3333 1174 quo-

1792 1220 1897 1274 que
1924 1205 2016 1272 qui
2052 1211 2180 1259 sunt
2211 1203 2475 1270 ejusmodi
2525 1202 2763 1270 loquitur
2798 1217 2812 1254 :
2866 1207 2920 1253 et
2949 1199 3080 1252 dicit
3111 1197 3251 1265 quod
3287 1197 3332 1246 si

1792 1294 2023 1348 clericus
2065 1293 2130 1346 ad
2163 1299 2431 1346 certamen
2479 1305 2575 1344 sua
2612 1297 2804 1357 sponte
2850 1287 3111 1358 profugit,
3144 1286 3335 1340 deinde

1792 1397 1915 1436 cum
1947 1396 2055 1436 non
2077 1389 2254 1450 posset
2286 1379 2426 1432 ferre
2439 1387 2726 1441 tormenta,
2747 1378 2969 1443 excidit,
2991 1385 3044 1430 et
3071 1391 3190 1428 cum
3217 1389 3337 1427 rur—

1793 1487 1888 1528 sus
1917 1472 1980 1524 ad
2014 1487 2071 1526 se.
2099 1469 2372 1530 rediisset,
2421 1469 2625 1536 lapsum
2660 1483 2817 1523 suum
2869 1468 3160 1530 revocavit,
3194 1472 3246 1518 et
3277 1480 3336 1518 se

1792 1575 1975 1616 coram
2014 1559 2258 1630 tyrannis
2289 1557 2658 1612 Christianum
2691 1558 2975 1612 confessus
3010 1567 3120 1624 est;
3151 1558 3199 1609 is
3228 1571 3337 1609 non

1791 1650 2022 1716 amplius
2050 1662 2204 1701 sacra
2221 1648 2515 1700 ministeria
2539 1647 2725 1707 obibit,
2753 1661 2817 1698 eo
2831 1645 2972 1712 quod
3004 1659 3215 1712 gregarii
3235 1643 3339 1694 Do-

1794 1739 1920 1791 mini
1954 1739 2230 1804 reliquerit
2255 1755 2268 1801 ;
2305 1744 2357 1789 et
2384 1751 2447 1789 eo
2475 1734 2617 1803 quod
2643 1750 2764 1786 cum
2797 1749 2893 1790 sua
2915 1734 3132 1801 quidem
3147 1741 3340 1800 spente

147 1833 305 1901 ρῆσειι
333 1833 427 1895 τὰς
455 1834 739 1902 βασάνους,
774 1837 960 1906 μῶμον
1000 1843 1362 1910 προσήνεγκεν
1395 1819 1594 1912 ⁷ἑαυτῷ.
1624 1847 1692 1896 Τὸ

1793 1821 2113 1896 confugerit,
2143 1832 2194 1875 et
2219 1829 2483 1874 tormenta
2516 1819 2741 1871 sufferre
2784 1834 2888 1871 non
2927 1821 3181 1886 potuerit,
3233 1820 3337 1871 sibi

131 1922 196 1978 ,δὲ
224 1923 633 1993 καταφρονῆσαι
663 1926 762 1995 τῆς
791 1926 1135 1992 διδασκαλίας
1167 1932 1259 1984 τοῦ
1288 1931 1415 1984 λαοῦ
1446 1936 1536 1986 καὶ
1564 1951 1695 2004 προ⁶

140 2012 471 2082 τιμήσασθαι
519 2015 580 2067 τὸ
618 2015 794 2085 ἑαυτῷ
820 2018 1127 2089 συμφέρον,
1177 2022 1294 2074 οὐδὲ
1329 2026 1373 2075 οί
1413 2024 1693 2077 ἀπόστολοι

144 2103 516 2171 τεποιήκασιν.
553 2105 612 2157 '0
643 2105 751 2175 γὰρ
780 2107 950 2175 μέγας
982 2108 1208 2173 Παῦλος,
1238 2113 1374 2180 μετά
1413 2114 1472 2164 τὸ
1500 2114 1696 2176 πολλὰς

146 2187 406 2256 βασάνους
446 2192 755 2263 ὑπομεῖναι,
781 2198 1122 2268 κατανοήσας
1151 2203 1393 2270 κρεῖττον
1427 2198 1560 2256 εἶναι
1609 2205 1694 2256 τὸν

148 2276 255 2344 βίον
288 2279 569 2334 ἀπολιπεῖν
591 2320 606 2344 ,
641 2287 1040 2357 προετιμήσατο
1073 2285 1169 2357 ζῇν
1199 2289 1291 2341 καὶ
1323 2289 1694 2358 βασανίζεσθαι

144 2363 230 2418 διὰ
258 2367 658 2448 τὴνρωτηρίαν
688 2374 780 2425 καὶ
814 2373 1154 2429 διδασκαλίαν
1183 2377 1273 2430 τοῦ
1321 2379 1468 2430 λαοῦ.
1525 2381 1696 2432 Ἀναί-

149 2453 330 2523 σθητοι
363 2457 493 2524 γοῦν
527 2461 663 2512 εἰσιν
695 2462 744 2512 οἱ
781 2462 1053 2526 αἰτοῦντες
1098 2465 1193 2534 τὴν
1235 2466 1586 2536 λειτουργίαν,
1629 2464 1693 2538 ἧς

148 2540 414 2597 ἐθελονταὶ
458 2547 863 2602 ἑκπεπτὼκασι.
899 2551 1022 2613 Πῶς
1063 2553 1170 2623 γὰρ
1208 2555 1445 2606 αἰτοῦσιν
1498 2556 1526 2606 ὃ
1563 2573 1694 2608 κατ-

149 2629 359 2694 ἔλιπον,
388 2633 674 2704 δυνάμενοι
719 2640 828 2700 τοῖς
869 2637 1109 2707 ἀδελφοῖς
1142 2639 1425 2710 εὖχρηστοι
1454 2639 1587 2696 εἶναι
1636 2645 1694 2697 ἐν

151 2719 324 2789 καιρῷ
367 2721 625 2791 τοιούτῳ,
676 2722 912 2794 διωγμοῦ
966 2725 1200 2797 δηλαδή;
1242 2729 1302 2780 El
1353 2731 1448 2798 μὲν
1495 2727 1587 2784 οὖν
1634 2732 1692 2784 οὐ

154 2807 480 2870 πεπτώκασι,
517 2813 700 2882 φησὶν,
735 2809 878 2883 εῐχον
907 2813 972 2867 ἀν
1007 2816 1332 2886 συγγνώμην
1365 2818 1454 2869 ἐπὶ
1485 2821 1550 2889 τῇ
1588 2837 1694 2872 ira--

154 2897 358 2966 ραλόγῳ
386 2899 564 2952 αὐτῶν
607 2901 818 2971 πράξει,
847 2905 945 2972 τῆς
969 2905 1376 2975 αὑωμολήσεως
1407 2908 1623 2978 δηλαδὴ,
1660 2909 1693 2977 ἢ

152 2985 245 3054 τῆς
288 2990 412 3057 περὶ
447 2990 508 3042 τὸ
535 2989 802 3043 διδάσκειν
837 2992 929 3044 καὶ
971 2992 1241 3064 στηρίζειν
1285 2997 1408 3058 τοὺς
1439 2998 1694 3065 ἀδελφοὺς

156 3073 448 3144 ρᾳθυμίαςο
486 3078 534 3129 εί
587 3077 642 3131 δὲ
695 3080 1042 3136 πεπτώκασιν
1089 3086 1154 3136 ὲκ
1200 3086 1542 3154 περπερείας,
1578 3089 1694 3154 ἤτοι

152 3161 476 3229 ἀλαζονείας,
508 3165 766 3235 [τοιοῦτον
789 3169 894 3239 γάρ
914 3173 1027 3223 ἐστι
1054 3172 1112 3223 τὸ
1135 3174 1534 3244 κατατολμῆσαι
1565 3191 1696 3244 προ-

154 3251 324 3314 πἐτῶς
351 3253 455 3306 τῶν
486 3254 731 3322 βασάνων
764 3259 856 3308 καὶ
893 3259 963 3327 μὴ
995 3261 1268 3329 ἐμμεῖναι.
1307 3263 1396 3312 καὶ
1425 3262 1508 3314 διὰ
1542 3262 1696 3314 τοῦτο

154 3341 673 3416 ἑοριαμὸεύθησαν
705 3348 882 3400 οὐκέτι
925 3348 1174 3402 δύνανται
1218 3352 1564 3421 λειτουργεῖν.
1608 3353 1696 3405 Διὸ

155 3432 570 3501 φροντιζέτωσαν
611 3437 806 3504 μᾶλλον
846 3439 959 3501 πῶς
1005 3441 1340 3494 ὲκτελέσουσι
1380 3444 1475 3512 τὴν
1509 3445 1693 3510 ὁμολο-

153 3523 271 3586 γίαν
311 3524 364 3575 ὲν
407 3527 888 3596 ταπεινοφροσύνῃ,
944 3530 1275 3598 παυσάμενοι
1306 3530 1404 3598 τῆς
1450 3532 1555 3583 ἀπὸ
1602 3533 1693 3583 τοῦ

155 3607 327 3678 ζητεῖν
351 3613 447 3681 τὴν
475 3612 811 3682 λειτουργίαν
839 3615 1168 3678 κενοδοξίας·
1202 3620 1361 3687 ἀρκεῖ
1383 3618 1488 3689 γὰρ
1517 3621 1696 3682 αὐτοῖς

215 3700 347 3767 μετὰ
370 3701 477 3752 τῶν
516 3702 715 3754 πιστῶν
750 3705 998 3756 κοινωία
1028 3705 1115 3758 διὰ
1156 3706 1245 3758 δύο
1287 3709 1538 3777 γινομένη
1577 3711 1694 3762 τινὰ

157 3789 284 3856 μετά
322 3791 638 3854 ἐπιστασίας
682 3793 939 3861 ἀκριϐοῦς
975 3799 1066 3848 καὶ
1111 3797 1435 3866 οἰκονομίας.
1481 3799 1541 3850 Εἰ
1589 3801 1694 3869 γὰρ

154 3877 381 3948 εἴπωμεν
409 3881 482 3950 μὴ
529 3880 671 3948 ἔχειν
716 3881 908 3944 αὐτοῦς
952 3887 1327 3947 κοινωνικοὺς,
1375 3887 1590 3949 τούτους
1635 3904 1693 3940 τε

155 3964 472 4038 λυπήσομεν,
502 3970 578 4032 ὼς
601 3971 1017 4042 ἀποφαινόμενοι
1048 3974 1184 4042 μετὰ
1218 3975 1355 4043 βίας,
1381 3978 1545 4045 ῆγουν
1578 3980 1696 4030 ὲπι-

153 4059 532 4128 τετιμημένους
558 4099 573 4121 ,
627 4060 870 4114 ἐντεῦθεν
937 4062 1194 4116 ἀναλῦσαι
1250 4065 1481 4127 αὐτοὺς,
1529 4068 1693 4136 ῆγουν

156 4147 428 4200 ἀποθανεῖν
451 4164 466 4178 ⁸
503 4150 746 4212 καὶτοὺς
774 4150 961 4213 ἄλλους
995 4152 1050 4204 δὲ
1084 4153 1409 4218 ἐκπεσόντας
1446 4157 1571 4219 ἴσως
1605 4159 1694 4210 καὶ

158 4235 493 4306 βουλομένους
517 4240 847 4309 ὑποστρέψαι
880 4242 959 4304 είς
981 4242 1041 4294 τὸ
1062 4243 1285 4310 ἀγαθὸν,
1317 4245 1695 4315 ἐκλελυμένους

157 4325 281 4393 πρὸς
307 4326 462 4378 τοῦτο
488 4329 580 4379 καὶ
610 4329 829 4398 ἀμελεῖς
854 4331 1167 4400 ποιήσομεν,
1205 4335 1693 4402 προφασιζομένους

1796 1911 1895 1980 ipsi
1929 1911 2098 1963 labem
2138 1911 2337 1963 attulit.
2373 1910 2441 1964 Ut
2469 1913 2646 1962 autem
2701 1909 2880 1977 populi
2914 1910 3211 1962 doctrinam
3245 1924 3340 1963 ne-

1793 2000 2076 2068 gligerent,
2108 2009 2160 2050 et
2183 2013 2335 2051 suam
2375 1997 2658 2074 utilitatem
2693 1997 3024 2064 praeferrent,
3079 2011 3178 2050 nec
3211 2011 3340 2065 apo-

1796 2091 1918 2144 stoli
1943 2091 2200 2143 fecerunt.
2226 2088 2448 2156 Magnus
2464 2101 2602 2142 eum.
2626 2085 2840 2147 Paulus,
2867 2097 3146 2156 postquam
3173 2088 3340 2141 multa

1795 2186 2060 2232 tormenta
2108 2179 2386 2237 subiisset,
2445 2178 2750 2245 intelligens
2781 2179 2950 2229 multo
2974 2192 3094 2229 esse
3145 2170 3340 2230 melius

1794 2271 1957 2322 vitam
1989 2270 2314 2338 relinquere,
2343 2263 2530 2320 m'aluit
2552 2268 2729 2321 vivere
2759 2276 2811 2320 et
2843 2268 3077 2336 torqueri
3120 2275 3340 2335 prepter

1795 2357 2020 2410 salutem
2053 2365 2106 2410 et
2135 2357 2431 2410 doctrinam
2460 2356 2662 2424 populi.
2719 2351 2892 2408 Seusu
2943 2370 3071 2423 ergo
3119 2356 3339 2406 omnino

1793 2454 2000 2507 carent,
2025 2447 2116 2514 qui
2150 2454 2335 2513 petunt
2367 2459 2580 2498 sacrum
2624 2443 3006 2504 ministerium,
3046 2458 3074 2494 a
3106 2457 3212 2511 quo
3239 2459 3338 2497 sua

1795 2544 1985 2602 sponte
2016 2536 2347 2589 exciderunt.
2379 2534 2658 2600 Quomodo
2687 2534 2829 2587 enim
2876 2541 3060 2600 petunt
3088 2533 3228 2600 quod
3256 2548 3341 2586 re-

1793 2623 2087 2690 liquerunt,
2122 2640 2244 2677 cum
2277 2625 2485 2694 possint
2513 2625 2564 2676 in
2591 2625 2689 2675 hac
2715 2629 3053 2690 tempestate,
3083 2627 3337 2690 persecu-

1794 2715 1956 2769 tionis
1984 2715 2210 2776 scilicet,
2244 2713 2504 2768 fratribus
2534 2729 2658 2768 esse
2683 2713 2885 2767 utiles?
2919 2712 2975 2766 Si
3002 2713 3183 2781 itaque
3227 2728 3337 2765 non

1794 2803 2135 2867 cecidissent,
2173 2805 2368 2874 inquit,
2403 2806 2521 2872 ejus
2556 2803 2697 2870 quod
2729 2813 2924 2861 praeter
2967 2803 3226 2855 rationem
3258 2803 3331 2855 fe-

1794 2897 2017 2956 cissent,
2049 2896 2130 2950 eis
2163 2897 2384 2950 daretur
2400 2897 2579 2960 venia,
2606 2904 2916 2960 spontaneze
2956 2892 3160 2944 scilicet
3179 2890 3334 2957 fugae,

1795 2985 1876 3037 vel
1911 2984 1965 3036 in
1994 2969 2252 3038 fratribus
2277 2982 2534 3036 docendis
2561 2990 2612 3033 et
2642 2980 3027 3033 confirmandis
3057 2981 3335 3032 socordiae.

1797 3071 1892 3126 Sin
1919 3081 2094 3126 autem
2122 3079 2339 3140 propter
2354 3085 2506 3124 suam
2536 3069 2877 3122 insolentiam
2903 3078 2955 3121 et
2976 3070 3336 3137 arrogantiam

1720 3138 1766 3197 C
1796 3163 1933 3231 lapsi
1969 3171 2092 3215 sunt
2165 3163 2269 3214 tale
2307 3161 2448 3213 enim
2473 3169 2554 3214 est
2582 3175 2641 3213 se
2671 3167 2871 3214 temere
2899 3161 3177 3214 tormentis
3203 3160 3341 3228 obji-

1795 3267 1917 3308 cere
1939 3252 2156 3313 audere,
2187 3265 2286 3303 nec
2316 3265 2474 3318 posse
2493 3250 2744 3312 tolerare,
2771 3259 2824 3303 et
2853 3257 3132 3318 propterea
3161 3250 3227 3303 de
3256 3251 3336 3306 eis

1795 3341 2102 3409 triumphus
2132 3349 2282 3394 actus
2333 3338 2458 3409 est),
2503 3353 2610 3391 non
2663 3348 2892 3407 possunt
2927 3339 3157 3407 amplius
3182 3353 3335 3392 sacra

1795 3430 2093 3484 ministeria
2111 3430 2279 3482 obire.
2292 3428 2654 3494 Quamobrem
2677 3430 2845 3498 magis
2862 3439 3052 3483 curent
3069 3431 3339 3498 quomodo

1795 3519 2189 3572 confessionem
2218 3516 2270 3569 in
2308 3517 2610 3569 humilitate
2665 3523 2940 3584 peragant,
3001 3525 3278 3571 cessantes
3307 3533 3336 3571 ο

1795 3622 1931 3660 rana
1959 3607 2127 3675 gloria
2172 3620 2382 3659 sacrum
2416 3605 2776 3658 ministerium
2831 3605 3042 3672 petendi
3077 3625 3090 3658 :
3145 3605 3340 3660 sufficit

1794 3698 1934 3750 enim
1978 3697 2056 3748 eis
2090 3709 2211 3748 cum
2245 3693 2494 3747 fidi-libus
2517 3693 2846 3754 communio,
2878 3708 2996 3762 qua:
3031 3693 3089 3746 fit
3123 3703 3340 3763 propter

1795 3787 1922 3848 duo,
1953 3785 2193 3854 diligenti
2223 3784 2473 3836 cautione
2505 3795 2758 3850 reCquue
2787 3783 3035 3836 consilio.
3089 3781 3143 3835 Si
3195 3785 3336 3837 enim

1794 3877 2086 3931 dixerimus
2137 3890 2236 3930 nos
2283 3890 2377 3928 eos
2412 3889 2517 3927 non
2545 3873 2740 3927 habere
2766 3888 2861 3942 pro
2893 3873 3340 3926 communicanti-

1794 3968 1914 4030 bus,
1945 3976 1998 4019 et
2022 3981 2114 4020 eos
2144 3965 2390 4019 molestia
2422 3963 2714 4018 aﬂiciemus
2736 3972 2987 4033 tanquam
3018 3963 3339 4016 sententiam

1796 4060 2050 4124 ferentes,
2080 4074 2195 4121 eos,
2233 4059 2302 4121 vi,
2341 4071 2437 4112 seu
2465 4058 2774 4118 mulctatos,
2805 4056 2932 4108 hinc
2970 4056 3210 4117 dissolvi,
3243 4071 3338 4109 seu

1796 4148 1964 4213 mozi;
1996 4157 2048 4200 et
2078 4147 2213 4200 alios
2249 4160 2465 4215 quoque
2495 4146 2585 4213 qui
2645 4145 2874 4200 fortasse
2919 4145 3054 4214 lapsi
3103 4153 3256 4208 sunt,
3287 4150 3340 4197 et

1794 4239 1978 4291 volunt
2007 4237 2072 4289 ad
2105 4237 2247 4304 quod
2282 4237 2479 4290 bonum
2509 4244 2590 4288 est
2620 4234 2820 4296 redire,
2857 4237 3114 4288 remissos
3142 4235 3207 4287 ad
3241 4238 3341 4289 hoc

1793 4335 1844 4380 ct
1867 4325 2534 4395 negligentes-eﬂieiemus,
2568 4333 2855 4378 causantes
2877 4339 2934 4378 se
2965 4324 3209 4377 fidelibus
3231 4340 3340 4376 non

155 4415 208 4464 τὸ
239 4417 307 4485 μὴ
336 4418 545 4484 μέλλειν
569 4419 761 4481 αὐτοὺς
790 4416 934 4472 εἶναι
961 4425 1302 4485 κοινωνικοὺς
1328 4427 1438 4486 τοῖς
1465 4428 1690 4488 πιστοῖς,

1795 4431 1917 4470 esse
1945 4415 2442 4468 communicaturos
2470 4453 2483 4475 ,
2530 4415 2738 4468 etiamsi
2791 4423 2910 4481 post
2943 4415 3146 4481 lapsum
3183 4415 3340 4467 fidem

155 4504 248 4562 κᾶν
292 4506 656 4575 ὁμολογήσωσι
705 4508 803 4578 τὴν
852 4509 1030 4564 πίστιν
1074 4511 1207 4578 μετὰ
1255 4515 1352 4582 τὴν
1389 4513 1687 4566 ἔκπτωσινο

156 4591 352 4656 οἵτινες,
385 4594 456 4662 μὴ
486 4596 924 4664 ἐπιστρέφοντες,
967 4599 1123 4651 πλέον
1152 4602 1403 4654 ἁπάντων
1444 4603 1527 4654 ἵνα
1557 4605 1692 4654 όνει-

155 4680 359 4734 δισοῶσι
377 4685 468 4735 καὶ
489 4684 844 4752 αἰηυνθῶσιί
870 4688 1009 4742 καθά
1031 4689 1080 4757 (f
1113 4689 1271 4759 κατὰ)
1286 4691 1373 4742 τὸν
1395 4693 1690 4762 ποιήραντα

159 4768 246 4834 μὲν
270 4769 512 4839 Θεμέλιον
529 4811 543 4835 ,
575 4773 648 4842 μὴ
682 4773 1039 4844 πληρώσαντα
1063 4775 1118 4829 δὲ
1133 4778 1354 4847 οἴκημα.
1375 4778 1558 4849 Τούτῳ
1586 4780 1690 4850 γὰρ

157 4857 375 4910 ἐοίκασιν
411 4863 458 4912 οί
501 4861 634 4931 πρὸς
669 4863 928 4931 βασάνους
959 4867 1416 4937 αὐτομολήσαντες
1465 4870 1560 4938 μὲν
1603 4870 1688 4921 διὰ

157 4944 370 5014 Χριστὸν
410 4950 504 4999 καὶ
544 4949 703 5000 οἱονεὶ
738 4950 896 5002 καλὸν
946 4950 1158 5020 Θέμενοι
1187 4953 1458 5021 θεμέλιον,
1494 4954 1566 5024 μὴ
1597 4956 1688 5006 δυ·-

156 5035 387 5102 νηοέντες
413 5038 470 5089 δὲ
513 5039 792 5091 τελειῶσαι
823 5040 880 5091 τὸ
925 5040 1084 5094 καλὸν
1131 5043 1215 5096 διὰ
1264 5046 1358 5114 τὴν
1400 5045 1684 5096 ἔκπτωσιν.

157 5123 443 5191 Σημείωσαι
495 5124 620 5191 οὖν,
649 5129 730 5180 ὅτι
774 5128 892 5181 οὐδὲ
937 5132 968 5199 ή
1021 5132 1107 5184 διὰ
1163 5134 1390 5200 Χριστὸν
1435 5133 1688 5202 ὁμολογία

157 5213 471 5285 imminet;
502 5217 592 5268 τὸν
633 5218 777 5281 ἅπαξ
819 5221 885 5270 ὲκ
926 5219 1020 5272 τοῦ
1053 5222 1250 5291 κλήρου
1289 5221 1686 5287 ἁποξενωθέντα

157 5300 232 5354 διὰ
258 5307 348 5375 τὴν
379 5308 438 5358 ἐκ
449 5325 667 5360 meum.

219 5467 241 5495 ⁸³
272 5455 392 5510 Luc.
431 5476 535 5512 τιν,
557 5459 644 5519 '39,
679 5463 765 5513 κο.

1794 4505 2028 4560 confessi
2061 4506 2290 4559 fuerint:
2323 4506 2413 4573 qui
2448 4506 2490 4573 si
2516 4520 2622 4557 non
2652 4511 3051 4564 convertantur,
3079 4504 3196 4570 plus
3217 4518 3340 4572 ιιι-ον

1794 4597 1878 4649 bri
1911 4607 1964 4649 et
1996 4595 2301 4664 ignominia:
2325 4608 2483 4662 quam
2499 4584 2684 4645 omnes
2704 4592 3058 4658 susceperint,
3077 4607 3270 4660 querna
3288 4595 3332 4644 lo

1795 4686 2012 4740 modum
2039 4695 2090 4738 et
2122 4685 2210 4752 qui
2244 4683 2368 4736 feeit
2398 4681 2827 4742 fundamentum,
2852 4717 2862 4734 .
2887 4681 3105 4732 domum
3158 4691 3336 4734 autem

1795 4791 1900 4829 non
1929 4774 2166 4843 perfecit.
2190 4772 2249 4825 Ei
2272 4772 2415 4826 enim
2449 4777 2576 4823 sunt
2603 4769 2826 4829 similes,
2855 4770 2946 4836 qui
2971 4770 3033 4821 ad
3075 4779 3336 4821 tormenta

1794 4865 2010 4934 quidem
2055 4869 2270 4930 propter
2323 4860 2598 4913 Christum
2651 4857 3028 4924 confugerunt,
3078 4866 3124 4907 et
3175 4859 3335 4908 veluti

1795 4954 2019 5021 pulchro
2042 4953 2187 5018 jacto
2237 4949 2604 5009 fundamento,
2641 4946 2692 4997 id
2720 4944 2861 5012 quod
2915 4945 3196 4999 honestum
3231 4955 3332 5000 cst.

1796 5042 2050 5110 perficere
2075 5047 2291 5107 propter
2319 5038 2526 5104 lapsum
2554 5051 2659 5087 non
2695 5041 3004 5102 potuerunt.
3033 5033 3164 5084 Nota
3186 5048 3334 5098 ergo,

1794 5129 1934 5198 quod
1979 5143 2044 5181 ne
2088 5125 2359 5178 confessio
2393 5124 2604 5193 quidem
2635 5131 2848 5190 propter
2877 5123 3148 5175 Clu-istum
3183 5124 3330 5172 rest;-

1795 5224 1894 5270 tuit
1923 5233 2064 5279 etiin,
2091 5216 2181 5284 qui
2208 5214 2372 5269 semel
2407 5229 2435 5266 a
2476 5215 2621 5266 clero
2654 5212 2987 5266 abalienatus
3016 5219 3096 5266 est
3120 5218 3336 5284 propter

1795 5311 2022 5378 lapsum.

1425 5577 1502 5626 ’.Ἀ
1515 5573 1648 5630 ΒΙΑΞ
1690 5572 2080 5627 LECTIONES.

240 5684 288 5718 ·⁸’
321 5687 432 5739 “ci-’i:
462 5703 542 5740 7.1.
