4002 6314
653 337 759 403 499

1886 348 2160 412 THEOD.
2200 347 2592 432 BAL§AMON

3761 346 3862 408 500

719 461 921 515 Zona.
955 460 1028 515 De
1059 461 1125 515 iis
1150 462 1243 530 qui
1275 476 1333 516 se
1358 463 1500 515 ultro
1517 463 1762 532 martyrii
1785 465 2070 517 certamini
2100 465 2185 517 ob-

2367 461 2608 515 ΖΩΝΔΡ.
2647 461 2784 531 Περὶ
2823 462 3300 532 αὐτομολησάντων
3342 464 3422 525 είς
3466 463 3556 515 τὸν
3588 463 3683 517 τοῦ
3717 481 3859 537 μαρ-

646 552 890 622 Ιεςει-ιιιιι
920 551 1132 604 locutus
1159 550 1336 614 Pater,
1389 567 1534 605 nunc
1577 553 1642 605 de
1674 554 1892 607 clericis
1937 554 2030 622 qui
2058 555 2196 607 idem

649 641 890 695 fecerunt
912 640 1206 694 orationem
1226 641 1456 694 instituit
1485 661 1498 695 :
1531 651 1690 710 atque
1722 643 1976 696 clericum
2009 645 2053 696 si
2075 645 2197 712 quis

649 747 707 787 se
735 733 877 786 ultro
929 731 1153 794 dedidit,
1201 746 1323 784 mox
1368 732 1475 784 vim
1527 741 1922 785 tormentorum
1979 735 2198 786 minime

647 821 922 889 perferens
949 821 1132 888 lapsus
1167 828 1268 878 est.
1304 835 1366 871 ac
1397 835 1614 873 rursum
1635 837 1691 874 se
1725 821 1902 888 ipsum
1935 823 2198 892 colligens

647 912 822 964 denuo
854 926 911 962 se
937 909 1000 960 ad
1033 916 1306 963 certamen
1332 910 1523 972 erexit,
1546 925 1607 962 ac
1639 925 1696 963 se
1711 911 2078 964 Christianum
2106 926 2200 964 co-

646 1018 761 1057 ram
787 999 1029 1069 tyran‘nis
1059 1007 1142 1051 est
1168 997 1462 1066 professus,
1498 1014 1602 1051 non
1635 1013 1756 1052 esse
1789 999 2054 1066 ejusmodi
2103 1000 2198 1052 lio-

648 1092 842 1142 minem
885 1089 947 1139 ad
982 1102 1135 1140 sacra
1171 1087 1466 1140 ministeria
1496 1088 1729 1155 amplius
1781 1087 2193 1140 admittendum.

645 1183 980 1247 (inlisumque
1005 1178 1284 1245 subjungit
1315 1196 1326 1231 :
1382 1178 1505 1245 quia
1541 1178 1795 1230 nimirum
1834 1177 2044 1230 Domini
2076 1193 2197 1246 gre-

645 1289 759 1340 geni
785 1272 1040 1332 deseruit,
1072 1284 1134 1321 ac
1166 1285 1228 1323 ex
1271 1285 1334 1322 eo
1363 1271 1505 1336 quod
1555 1277 1748 1337 sponte
1785 1284 1842 1322 se
1873 1269 2072 1334 objecit
2103 1269 2198 1322 ho-

645 1363 839 1423 stibus,
879 1375 1050 1427 neque
1101 1366 1414 1412 constanter
1462 1366 1728 1411 tormenta
1761 1360 2004 1426 pertulit,
2047 1359 2198 1426 igno—

645 1453 862 1502 miniam
895 1450 994 1502 sibi
1021 1449 1118 1516 ipsi
1144 1448 1470 1501 conciliavit.
1510 1447 1577 1500 Ut
1604 1455 1781 1500 autem
1809 1451 1990 1517 populi
2037 1449 2195 1501 in‘sti-

646 1543 904 1593 tutionem
927 1545 1354 1602 contemnerent,
1389 1552 1649 1605 suamque
1663 1537 1954 1591 utilitatem
1985 1539 2196 1592 czeteris

641 1631 897 1682 omnibus
930 1629 1278 1688 anteferrent,
1310 1626 1408 1694 17
1445 1641 1511 1678 ne
1542 1625 1769 1693 apostoli
1799 1626 2017 1693 quidem
2050 1625 2191 1680 fece-

645 1732 786 1770 runt.
811 1718 1027 1784 Magnus
1046 1730 1274 1782 namque
1296 1715 1511 1774 Paulus,
1532 1726 1650 1766 cum
1671 1713 1867 1766 multus
1883 1714 2194 1780 pertulisset

2298 554 2480 624 τυρίου
2534 553 2750 620 ἀγῶνα,
2802 551 3093 620 διαλεχθεὶς
3122 555 3150 604 ό
3204 553 3424 623 Πατὴρ,
3467 553 3557 607 νῦν
3603 555 3858 624 καὶπερὶ

2299 641 2571 711 κληρικῶν
2621 640 2874 692 τοιούτων
2905 640 2994 692 τὸν
3041 640 3193 708 λόγον
3226 645 3490 694 ποιεῖται·
3531 644 3624 694 καί
3671 659 3855 712 φησιν,

2297 730 2391 792 ὼς,
2429 733 2475 782 εί
2516 730 2770 800 κληρικδς
2809 729 3191 798 ηὐτομόλησεν,
3244 726 3361 782 εἶτα
3398 730 3472 800 μὴ
3522 733 3727 797 στέγων
3759 732 3858 792 τὰς

2296 819 2564 886 τιμωρίας
2593 818 2931 878 ἐκπέπτωκε,
2959 817 3050 868 καὶ
3078 812 3230 878 αὖθις
3258 819 3336 877 εἰς
3360 818 3547 869 ἑαυτὸν
3572 820 3860 887 γενόμενος

2297 907 2623 958 ἀνεπάλαισε
2639 905 2735 974 τὴν
2761 905 2963 958 οίκείαν
2983 904 3206 966 πτῶσιν,
3225 905 3318 956 καὶ
3336 906 3652 974 Χριστιανὸν
3670 906 3861 956 ἐαυτὸν

2297 996 2640 1066 ὡμολόγησεν
2661 995 2886 1048 ἐνώπιον
2907 995 3013 1047 τῶν
3039 995 3334 1063 τυράννων,
3357 998 3384 1047 ὁ
3410 993 3650 1058 τοιοῦτος
3677 997 3863 1047 οὐκέτι

2297 1087 2352 1137 ἐν
2381 1090 2444 1155 τῇ
2471 1085 2777 1156 λειτουργίᾳ
2816 1085 2984 1138 ἔσται.
3011 1086 3120 1137 Καὶ
3162 1086 3259 1154 τὴν
3289 1085 3463 1137 αἰτίαν
3491 1086 3686 1152 ἐπάγει
3707 1101 3720 1116 ·
3769 1086 3862 1152 ἥδε

2297 1177 2440 1228 ἐστίν
2460 1193 2472 1206 ·
2505 1177 2584 1228 ὅτι
2614 1176 2868 1228 κατέλιπε
2900 1175 2960 1228 τὸ
2990 1177 3235 1245 ποίμνιον
3270 1176 3362 1228 τοῦ
3393 1177 3616 1245 Κυρίου,
3655 1177 3749 1228 καὶ
3775 1177 3865 1227 διὰ

2296 1268 2355 1318 τὸ
2387 1268 2751 1337 αὐτομολῆσαι
2793 1267 2887 1320 καὶ
2923 1267 2996 1337 μὴ
3048 1267 3380 1337 καρτερῆσαι
3431 1266 3526 1328 τὰς
3559 1266 3862 1334 βασάνους.

2299 1357 2488 1426 μῶμον
2523 1360 2888 1428 προσήνεγκεν
2912 1355 3105 1426 ἐαυτῷ.
3136 1356 3207 1408 Τδ
3242 1355 3297 1408 δὲ
3325 1356 3865 1427 καταφρονῆσαιοτῆς

2293 1447 2636 1511 διδασκαλίας
2663 1449 2755 1500 τοῦ
2789 1448 2937 1513 λαοῦ,
2975 1450 3069 1501 καὶ
3097 1447 3530 1518 προτιμήσασθαι
3555 1446 3615 1497 τὸ
3649 1448 3864 1506 ἑαυτοῖς

2297 1538 2590 1607 συμφέρον,
2638 1539 2754 1590 οὐδὲ
2803 1540 2853 1592 ot
2904 1537 3186 1590 ἀπόστολοι
3229 1537 3610 1606 πεποιήκασιν.
3647 1536 3705 1588 Ὀ
3755 1536 3865 1604 γάρ

2299 1626 2467 1694 μέγας
2501 1626 2730 1690 Παῦλος,
2762 1627 2897 1698 μετά
2934 1628 2996 1680 τὸ
3023 1627 3221 1689 πολλὰς
3251 1627 3512 1695 βασάνους
3551 1628 3863 1694 ὑπομεῖναι,

2297 1718 2635 1785 κατανοήσας
2663 1721 2906 1787 κρεῖττον
2939 1714 3078 1772 εἶναι
3103 1719 3193 1770 τὸν
3229 1717 3340 1786 βίον
3371 1716 3672 1784 ἀπολιπεῖν,
3729 1733 3863 1785 προ-

646 1808 942 1865 ιτιιεὶιιιυε,
975 1806 1310 1871 sentiretque
1341 1805 1533 1856 utilius
1557 1819 1678 1858 esse
1701 1805 1805 1857 sibi
1841 1804 2004 1857 vitam
2027 1805 2185 1858 relin-

2299 1782 2592 1877 ετιμήσατο
2621 1782 2717 1877 ζῇν
2761 1810 2855 1860 καὶ
2902 1782 3284 1876 βασανίζεσθαι
3314 1807 3402 1859 διὰ
3445 1806 3541 1876 τὴν
3591 1782 3864 1874 σωτηρίαν

644 1912 829 1965 quere,
859 1903 916 1948 ut
943 1895 1120 1962 populi
1157 1893 1313 1946 saluti
1369 1909 1430 1944 ac
1486 1895 1813 1947 institutioni
1867 1898 2194 1960 consuleret,

640 1989 802 2040 vitam
855 1986 956 2038 sibi
997 1999 1058 2036 ac
1101 1989 1366 2037 tormenta
1407 1983 1614 2050 potiora
1652 1984 1826 2036 duxit.
1878 1983 2113 2038 Pretnde
2144 1994 2197 2039 et

642 2073 1066 2129 sensusmnniuo
1096 2079 1339 2140 expertes
1356 2087 1449 2126 eos
1477 2072 1833 2135 demonstrat,
1858 2073 1948 2142 qui
1979 2089 2194 2128 sacrum

643 2163 744 2214 sibi
777 2160 1136 2212 ministerium
1165 2158 1486 2226 deposcunt,
1515 2174 1543 2210 a
1577 2175 1684 2226 quo
1711 2162 1951 2214 volentes
1983 2162 2197 2228 ipsimet

641 2243 1140 2306 cxcideruntCNum
1175 2264 1280 2315 quo
1315 2249 1493 2309 modo,
1553 2250 1762 2317 inquit,
1811 2250 1862 2302 id
1897 2252 2190 2318 postulant,

641 2343 782 2412 quod
841 2341 1126 2407 reliquere,
1153 2355 1274 2391 eum
1294 2338 1559 2404 ejusmodi
1586 2348 1841 2408 tempore,
1861 2343 2194 2394 excitatmvi-

641 2435 830 2486 ileliect
848 2430 1253 2499 persecutionis,
1269 2443 1461 2496 inagno
1477 2429 1730 2482 fratribus
1748 2431 2056 2497 adjumento
2071 2448 2192 2485 esse

641 2525 900 2600 possent?
933 2521 1178 2586 Quandiu
1212 2521 1370 2590 igitur
1399 2536 1427 2572 a
1460 2522 1610 2590 lapsu
1643 2522 1910 2576 innnunes
1936 2523 2188 2584 fuissent,

639 2617 846 2666 veniam
871 2613 1229 2665 obtinuissent
1259 2611 1488 2663 actionis
1543 2620 1743 2664 temere
1790 2625 2076 2679 susceptae,
2129 2630 2188 2668 se

637 2705 890 2768 nimirum
917 2699 1242 2754 adversariis
1256 2699 1397 2750 ultro
1428 2698 1707 2759 oﬂerendi,
1744 2701 1825 2753 vel
1858 2701 2186 2753 inerudito-

638 2795 720 2847 dis
757 2794 1010 2844 fratribus
1028 2788 1304 2844 socordia.
1326 2789 1458 2840 Cum
1493 2803 1620 2839 vero
1649 2789 1960 2871 ceciderint,
1989 2791 2188 2858 quippe

638 2884 729 2951 qui
756 2897 1028 2950 perperam
1045 2878 1268 2948 egerint,
1301 2889 1456 2928 sacra
1472 2875 1768 2927 ministeria
1788 2877 1937 2929 obire
1954 2879 2185 2944 amplius

639 2973 776 3030 haud
836 2973 1238 3042 permittuntur.
1277 2966 1332 3020 Si
1369 2980 1518 3034 ergo,
1556 2964 1750 3033 inquit,
1786 2965 2006 3018 minime
2040 2966 2184 3018 ceci-

637 3065 863 3124 dissent,
899 3061 1106 3113 veniam
1131 3060 1509 3125 impetrassent
1539 3057 1607 3108 eli
1638 3071 1875 3123 ipsorum
1914 3071 1940 3106 a
1976 3058 2182 3107 ratione

636 3156 861 3207 alienam
895 3151 1155 3202 actionem
1183 3165 1198 3211 ;
1243 3147 1508 3199 actionem
1539 3161 1566 3198 a
1600 3147 1804 3198 ratione
1835 3146 2059 3196 alienam
2093 3162 2182 3196 vo-

633 3263 786 3306 cans,
824 3260 926 3296 non
963 3242 1135 3294 solum
1167 3239 1307 3307 quod
1341 3254 1398 3292 se
1427 3237 1676 3291 hostibus
1705 3238 2032 3298 dediderint,
2090 3237 2181 3291 sed

632 3337 811 3406 potius
839 3331 982 3402 quod
1011 3329 1344 3383 deseruerint
1372 3343 1587 3396 gregem
1611 3326 1842 3386 Domini,
1881 3343 1980 3380 nec
2007 3329 2180 3394 ipsum

637 3425 1005 3486 rnstedierint,
1039 3435 1099 3474 ac
1137 3419 1330 3472 fratres
1357 3421 1448 3487 qui
1496 3419 1888 3486 persecutionis
1943 3427 2184 3485 tempore

639 3517 966 3568 vexabantur
986 3512 1379 3579 cenfirmarint.
1418 3509 1474 3562 Si
1504 3525 1631 3562 vero
1662 3511 1976 3565 ceciderunt
2011 3527 2074 3562 ex
2120 3524 2184 3562 eo

631 3609 772 3676 quod
795 3625 852 3662 se
882 3621 1160 3676 perperam
1198 3605 1486 3672 gesserint,
1529 3606 1837 3672 superbiam
1870 3606 1977 3665 hic,
2012 3614 2063 3658 et
2095 3620 2180 3656 ar-

632 3700 962 3768 rogantiam;
1011 3697 1107 3764 τὴν
1137 3690 1464 3762 πέρπερείαν
1516 3707 1735 3755 vocans,
1764 3693 1904 3759 quod
1933 3707 1995 3746 ex
2030 3707 2182 3743 arro-

631 3790 811 3859 gantia
844 3769 1090 3844 ﬁduciam
1117 3786 1172 3838 in
1203 3800 1260 3839 se
1301 3787 1432 3853 ipsis
1466 3799 1691 3852 posuere
1716 3823 1728 3845 ,
1785 3783 2178 3836 dissolverent-

631 3875 734 3948 que
764 3885 1056 3938 certamen,
1089 3891 1150 3928 ac
1185 3890 1246 3928 se
1295 3875 1441 3948 ipsos
1472 3875 1845 3942 vituperarunt
1878 3891 1893 3937 ;
1945 3873 2046 3924 hoc
2072 3881 2176 3931 est,

633 3971 735 4022 sibi
759 3967 889 4036 ipsis
923 3967 1184 4018 maculam
1218 3966 1288 4019 ob
1316 3966 1524 4034 lapsum
1564 3966 1906 4025 inusserunt,
1936 3964 1989 4016 in
2024 3977 2181 4017 sacro

632 4058 931 4112 ministerio
963 4054 1165 4108 versari
1212 4055 1341 4119 ipsis
1389 4054 1620 4122 amplius
1671 4053 1812 4106 haud
1857 4053 2003 4106 licet.
2042 4051 2178 4104 Pro-

631 4156 812 4223 pterea
836 4150 1105 4207 studeant,
1132 4142 1324 4210 inquit,
1351 4144 1530 4212 potius
1553 4143 1607 4197 in
1636 4143 1935 4196 humilitate
1964 4141 2177 4195 confes-

623 4237 834 4287 'sionem
859 4245 1135 4299 peragere,
1155 4237 1432 4283 cessantes
1453 4231 1700 4284 videlicet
1724 4233 1790 4283 ab
1812 4233 1954 4284 inani
1979 4230 2175 4299 gloria.

628 4322 781 4387 Quod
826 4322 967 4374 enim
1016 4331 1173 4395 sacro
1216 4316 1514 4370 ministerio
1561 4317 1758 4371 ascribi
1800 4321 2091 4387 postulent,
2145 4332 2176 4370 a

2299 1897 2388 1947 καὶ
2429 1895 2770 1949 διδασκαλίαν
2813 1896 2904 1948 τοῦ
2938 1896 3085 1948 λαοῦ.
3123 1895 3228 1957 Οὓς
3275 1895 3369 1948 καὶ
3417 1894 3554 1947 πάνυ
3602 1894 3862 1961 ἀναισθη-

2296 2001 2420 2047 τους
2474 1987 2863 2053 ἀποφαίνεται,
2903 1985 3186 2047 αἰτοῦντας
3229 1984 3324 2056 τὴν
3373 1983 3745 2053 λειτουργίαν,
3799 1981 3862 2054 ἦς

2297 2061 2567 2128 ἐθελονταὶ
2595 2077 3004 2130 ἐκπεπτώκασι.
3041 2075 3164 2137 Πῶς
3187 2075 3313 2143 γὰρ,
3345 2076 3528 2142 φησὶν,
3561 2075 3807 2125 αἰτοῦσιν
3835 2075 3868 2125 δ

2296 2166 2600 2225 κατέλιπον,
2647 2166 2931 2235 δυνάμενοι
2957 2168 3067 2228 τοῖς
3104 2165 3345 2232 ἀδελφοῖς
3389 2163 3671 2232 εὐχρηστοι
3720 2160 3861 2214 εἶναι

2293 2255 2349 2304 ἐν
2383 2254 2556 2322 καιρῷ
2593 2255 2843 2324 τοιούτῳ,
2889 2253 3125 2323 διωγμοῦ
3170 2254 3364 2322 δηλαδή
3393 2271 3406 2315 ;
3440 2254 3582 2314 Ἕως
3625 2256 3720 2322 μὲν
3768 2250 3859 2306 οὖν

2292 2343 2574 2395 ἀπταιστοι
2608 2339 2765 2412 ἦσαν,
2801 2345 3126 2413 συγγνώμην
3159 2342 3300 2413 εἶχον
3333 2347 3428 2396 ἐπὶ
3456 2347 3517 2412 τῇ
3564 2344 3858 2413 παραλόγῳ

2291 2433 2469 2485 αὐτῶν
2515 2435 2728 2503 πράξει,
2771 2438 2836 2503 τῇ
2875 2436 3228 2504 αὐτομολήσει
3273 2435 3487 2504 δηλαδὴ,
3533 2436 3564 2503 ἢ
3609 2438 3673 2502 τῇ
3730 2439 3858 2501 περὶ

2288 2524 2348 2574 τὸ
2385 2525 2649 2576 διδάσκειν
2688 2526 2812 2585 τοὺς
2847 2524 3104 2591 ἀδελφοὺς
3137 2525 3407 2594 ῥαθυμίαο
3454 2524 3541 2574 ὅτε
3567 2522 3622 2573 δὲ
3668 2523 3855 2572 ἐπται-

2291 2630 2408 2674 σαν,
2448 2615 2521 2676 ὼς
2554 2615 2618 2667 ἂν
2667 2617 3189 2685 περπερευσάμενοι,
3233 2613 3413 2665 οὐκέτι
3456 2611 3707 2664 δύνανται
3753 2611 3854 2662 λειο

2289 2708 2550 2773 τουργεῖν.
2596 2707 2656 2757 Εί
2695 2697 2789 2774 μὲν
2829 2702 2920 2758 οὐν
2961 2707 3020 2757 οὐ
3070 2703 3415 2766 πεπτώκασι,
3469 2703 3664 2770 φησὶν,
3712 2697 3855 2770 εἶχον

2289 2794 2355 2846 ἂν
2407 2795 2730 2864 συγγνώμην
2789 2797 2880 2847 ἐπὶ
2925 2798 2989 2864 τῇ
3041 2794 3356 2863 παραλόγως
3395 2792 3570 2845 αὐτῶν
3619 2791 3854 2862 πράξει·

2289 2884 2591 2952 παράλογον
2627 2885 2820 2953 πρᾶξιν
2867 2885 2926 2936 οὐ
2956 2884 3016 2936 τὸ
3053 2883 3414 2952 αὐτομολῆσαι
3450 2883 3606 2951 μόνον
3649 2882 3853 2943 καλῶν,

2287 2975 2420 3025 ἀλλά
2459 2975 2653 3043 μᾶλλον
2687 2975 2745 3026 τὸ
2778 2977 3090 3027 καταλιπεῖν
3120 2975 3180 3026 τὸ
3220 2975 3464 3043 ποίμνιον
3491 2973 3583 3025 τοῦ
3619 2975 3852 3043 Κυρίου,

2289 3064 2480 3132 καὶμὴ
2526 3064 2862 3132 παραμένειν
2899 3064 3043 3133 αὐτῷ
3077 3066 3167 3116 καὶ
3220 3063 3488 3133 στηρίζειν
3532 3065 3657 3124 τοὺς
3700 3063 3851 3114 ἀδελ.-

2287 3157 2416 3220 φους
2460 3154 2837 3222 κλονουμένους
2867 3157 2922 3206 ἐν
2950 3154 3026 3222 τῷ
3059 3154 3234 3224 καιρῷ
3265 3152 3357 3204 τοῦ
3396 3153 3654 3221 διωγμοῦ.
3698 3154 3766 3205 Et
3798 3154 3853 3206 δέ

2287 3246 2630 3297 πεπτώκασιν
2661 3248 2722 3297 ἐκ
2759 3245 3087 3315 περπερείας
3111 3283 3124 3304 ,
3163 3245 3487 3314 περπερείαν
3531 3244 3574 3294 δ’
3616 3244 3852 3294 ἐνταῦθα

2282 3337 2378 3404 τὴν
2426 3337 2597 3404 οἴησιν
2650 3337 2739 3387 καὶ
2793 3335 2888 3403 τὴν
2935 3333 3244 3396 ἀλαζονείαν
3286 3334 3472 3385 καλεῖ·
3505 3333 3584 3384 ὃτι
3625 3333 3683 3396 ἐξ
3722 3334 3853 3385 ἀλα-

2284 3426 2488 3488 ζονείας
2523 3429 2827 3495 ἐθάρρησαν
2855 3427 3080 3485 ἑαυτοῖς,
3114 3425 3206 3476 καὶ
3237 3423 3324 3475 τὸν
3357 3409 3539 3489 ἀγῶνα
3574 3423 3853 3474 ὐπὲλυσαν

2283 3517 2373 3566 καὶ
2407 3517 2626 3576 ἑαυτοὺς
2652 3517 3027 3583 ἐμωμήσαντο,
3070 3515 3186 3564 ἀντὶ
3225 3513 3339 3573 τοῦ,
3383 3512 3469 3563 διὰ
3500 3514 3597 3579 τὴν
3640 3513 3852 3564 πτῶσιν

2286 3607 2472 3673 μῶμον
2501 3608 2801 3674 ἐπήνεγκαν
2831 3607 3070 3665 ἑαυτοῖς,
3105 3603 3283 3654 οὐκέτι
3320 3602 3572 3653 δύνανται
3605 3603 3850 3671 λειτουρ-

2280 3700 2412 3762 γεῖν.
2450 3697 2539 3746 Διὸ
2581 3693 3026 3764 φροντιξέτωσαν,
3063 3692 3226 3758 λέγει,
3272 3691 3466 3759 μᾶλλον
3503 3692 3558 3741 ἐν
3589 3707 3847 3742 ταπεινο-

2281 3785 2552 3854 φροσύνη,
2606 3785 2720 3847 πῶς
2762 3783 3097 3837 ἐκτελέσουσι
3144 3782 3242 3849 τὴν
3273 3779 3589 3848 ὁμολογίαν,
3640 3781 3845 3849 δηλαδὴ

2280 3875 2608 3940 παυσάμενοι
2663 3873 2758 3941 τῆς
2828 3869 3145 3932 κενοδοξίας.
3203 3869 3274 3920 Τὸ
3344 3867 3448 3937 γὰρ
3498 3867 3846 3936 λειτουργίαν

2280 3961 2477 4031 ζητεῖν,
2531 3961 2614 4014 διὰ
2659 3961 2988 4025 κενοδοξίαν,
3044 3960 3207 4028 φησὶ,
3243 3959 3465 4025 γίνεται.
3504 3959 3686 4025 Ἀρκεῖ
3714 3958 3845 4027 ςγάρ

2245 4051 2456 4123 .αὐτοῖς
2497 4053 2528 4118 ἡ
2572 4049 2822 4105 κοινωνία
2848 4087 2861 4108 ,
2913 4049 3075 4113 ἤγουν
3121 4047 3181 4102 τὸ
3236 4048 3610 4112 συγκοινωνεῖν
3655 4047 3843 4106 αὐτοῖς

2277 4140 2399 4200 τοὺς
2433 4141 2685 4201 πιστοὺς,
2727 4139 2842 4206 ῆτοι
2891 4135 3272 4205 συνεύχεσθαι,
3318 4136 3350 4204 ἢ
3388 4137 3478 4187 καὶ
3519 4135 3624 4186 τῶν
3678 4135 3843 4187 θείων

2280 4229 2588 4298 μυστηρίων
2642 4227 2955 4296 μετάληψις.
3004 4226 3112 4278 Καὶ
3160 4223 3330 4276 ταῦτα
3365 4223 3478 4292 μετ’
3518 4224 3840 4284 ἐπιστασίας

2279 4319 2370 4368 καὶ
2390 4317 2668 4386 ἀκριϐείας
2689 4317 2968 4385 γενόμενα,
2991 4315 3083 4368 καὶ
3106 4315 3190 4365 ἵνα
3218 4313 3290 4383 μὴ
3315 4313 3502 4378 δόξωσι
3527 4312 3837 4370 λυπεῖσθαι,

627 4414 808 4472 studio
831 4410 1138 4466 ambitionis
1170 4407 1550 4476 proﬁciscitur.
1577 4403 2175 4471 Suﬂicitnamqueipsis

2287 4407 2415 4475 μετά
2442 4407 2561 4476 βίας
2591 4407 3064 4476 περιδρασσόμενοι
3094 4407 3192 4471 τῆς
3234 4403 3476 4454 ἐντεῦθεν
3504 4403 3835 4461 ἀναλύσεως,

625 4503 954 4566 communio,
979 4508 1035 4552 ut
1067 4515 1186 4552 cum
1211 4497 1344 4565 ipsis
1369 4497 1624 4549 nimirum
1654 4497 1835 4550 ﬁdeles
1870 4499 2174 4549 communi-

626 4602 767 4654 cent,
799 4607 861 4644 ae
889 4607 993 4644 una
1022 4597 1305 4658 precentur
1325 4627 1338 4650 ,
1389 4587 1764 4641 velsacrorum
1792 4583 2170 4650 mysteriorum

628 4682 916 4761 perceptio.
949 4685 1130 4747 Atque
1157 4680 1267 4731 haec
1296 4678 1511 4746 quidem
1563 4685 1713 4732 certo
1743 4678 1974 4732 consilio
2003 4677 2168 4731 sedu-

628 4775 782 4841 inque
813 4769 1279 4823 administratione
1309 4768 1440 4820 fiunt
1461 4807 1474 4830 ,
1508 4774 1618 4819 tum
1649 4784 1715 4821 ne
1742 4767 2024 4821 videantur
2051 4781 2170 4820 lno--

627 4863 778 4919 testia
831 4859 994 4917 uilici,
1035 4858 1159 4908 hinc
1203 4856 1620 4910 dissolutionem
1652 4859 1773 4912 vita:
1808 4859 2168 4926 arripientes,

629 4967 692 5004 ue
720 4947 923 5001 scilicet
955 4942 1221 5002 molestia,
1252 4942 1443 5009 inquit,
1497 4941 1706 5007 affecti,
1741 4944 2003 4997 decedant
2055 4944 2168 4997 sol-

627 5047 888 5106 \'entes,_a
911 5049 1135 5103 corpore
1156 5032 1401 5085 videlicet
1434 5033 1806 5094 abscedentes,
1845 5035 1914 5087 ob
1939 5035 2042 5086 vim
2061 5044 2171 5086 tor-

622 5141 947 5186 mentorum,
995 5109 1513 5190 lamictationumque
1549 5138 1683 5190 quas
1733 5124 1784 5174 in
1835 5138 2050 5177 carcere
2077 5138 2168 5190 pa-

619 5217 856 5279 tiuntur;
909 5229 968 5266 ac
998 5230 1063 5273 ne
1089 5213 1176 5281 qui
1208 5211 1610 5265 excusationem
1637 5209 1921 5278 prreferant
1954 5213 2168 5263 mutetur.

2278 4498 2368 4549 καὶ
2409 4497 2493 4548 ἴνα
2521 4497 2593 4566 μὴ
2629 4496 2979 4564 λυπούμενοι,
3027 4494 3186 4561 φησὶν
3210 4532 3222 4554 ,
3255 4491 3555 4542 ἀπέλθωσιν
3587 4489 3837 4543 ἐντεῦθεν

2277 4589 2612 4650 ἀναλύοντες.
2640 4588 2744 4639 ἀπὸ
2763 4587 2854 4638 τοῦ
2889 4585 3135 4654 σώματος
3180 4582 3414 4650 δηλονότι
3464 4579 3833 4648 ἐξερχόμενοι,

2279 4679 2413 4748 μετὰ
2461 4679 2578 4748 βίας
2611 4680 2706 4748 τῆς
2755 4680 2816 4729 ὲκ
2859 4676 2960 4727 τῶν
3007 4675 3277 4731 κολάσεων
3327 4674 3419 4724 καὶ
3456 4672 3552 4753 τῆς
3603 4674 3658 4722 ἐν
3717 4674 3835 4732 ταῖς

2275 4772 2514 4838 είρκταῖς
2561 4769 2952 4830 κακοπαθείας⁹
2999 4769 3092 4819 καὶ
3134 4768 3218 4818 ἵνα
3268 4765 3340 4834 μή
3374 4779 3514 4823 τινες
3559 4762 3834 4830 πρόφασιν

2275 4859 2439 4928 σχῶσι
2464 4859 2555 4910 τοῦ
2585 4858 2866 4925 ἐκλυθῆναι
2900 4858 2992 4909 καὶ
3017 4855 3352 4927 χαυνωθῆναι
3379 4854 3509 4922 πρὸς
3530 4852 3618 4902 τὸν
3643 4851 3831 4916 ἀγῶνα

2270 4948 2368 5014 τῆς
2391 4947 2704 5016 ὁμολογίας,
2747 4949 2835 4999 καὶ
2882 4946 2968 4998 διὰ
3005 4944 3159 5000 τοῦτο
3191 4946 3437 4995 ἐκπεσεῖν
3460 4980 3472 5000 ,
3511 4941 3606 5008 τὴν
3658 4938 3819 5006 ἐλπιτίρ

2275 5055 2454 5107 μησιν.
2494 5038 2698 5098 Οἰτινες
2751 5036 2946 5105 μᾶλλον
2991 5034 3451 5105 αἰσχυνθήσονται,
3497 5028 3630 5081 κατὰ
3676 5027 3742 5078 τὸ
3772 5027 3829 5078 ἐν

2271 5127 2618 5194 Εὐαγγελίοις
2649 5127 2960 5196 εἰρημένονο
2999 5128 3103 5191 Ὃς
3128 5124 3396 5192 θεμέλιον
3428 5123 3534 5173 οὐκ
3565 5119 3827 5185 ἴσχυσεν

2269 5214 2597 5269 ἐκτελέσαι.

616 5315 800 5380 hujus,
833 5310 901 5363 ub
923 5326 1081 5378 quam
1115 5310 1166 5362 in
1195 5305 1559 5361 confessionis
1594 5306 1891 5358 certamine
1930 5305 2230 5360 dissolutos
2253 5323 2315 5362 ac
2358 5311 2581 5378 ignavos
2633 5329 2690 5368 se
2748 5319 3052 5381 gesserunt,
3102 5318 3260 5377 atque
3312 5306 3434 5360 idco
3488 5301 3823 5356 ceciderunt.

615 5402 713 5466 Qui
772 5400 950 5468 potius
1000 5401 1197 5454 rubore
1234 5395 1629 5459 suﬂ'undentur,
1675 5393 1826 5462 juxta
1861 5390 1988 5448 illud
2025 5397 2165 5468 quod
2203 5399 2253 5451 in
2288 5399 2574 5471 Evangelia
2606 5404 2802 5457 dicitur
2850 5422 2862 5456 :

611 5494 873 5571 μινίίτςνι.

2919 5398 3022 5467 Qui
3064 5400 3454 5463 fundamentum
3503 5408 3603 5446 non
3657 5401 3822 5460 potui:
