4002 6314
228 350 323 412 5θί

1324 363 1410 425 IN
1460 362 1700 427 EPIST.
1737 365 1796 427 S.
1833 363 2066 426 PETRI
2102 366 2326 428 ALEX.

3313 364 3414 428 5θῖ

233 486 629 557 ἐιεξήτησις
673 493 962 564 φερομένη
1018 495 1168 548 κατὰ
1220 494 1336 550 τοῦ
1393 493 1777 561 Μουζάιιωνος

1884 489 2142 558 Digressio
2174 503 2290 558 qua
2316 496 2427 542 tota
2466 500 2711 542 adversus
2750 487 3080 542 lusalonem
3109 489 3411 548 intenditur.

880 562 1101 617 ἅπασα.

303 665 776 737 Ἑπιστησάτωσαν
799 668 859 720 δὲ
890 669 978 722 τδν
1011 669 1132 722 νοῦν
1167 672 1277 732 τοῖς
1306 669 1454 741 παρά
1484 669 1578 723 τοῦ
1615 670 1779 740 μεγά-

219 754 310 807 λου
350 755 504 808 τοῦδε
541 758 751 828 Πατρδς
783 759 876 811 καὶ
923 760 1309 830 ίερομάρτυρος
1352 761 1653 830 εἰρημένοις
1690 762 1777 811 ὲν-

219 842 392 897 ταῦθα
434 846 485 897 οἰ
527 846 772 914 λέγοντες
805 848 1056 901 δύνασθαι
1099 849 1221 911 τοὺς
1268 851 1537 920 ἀρχιερεῖς
1581 867 1778 920 mpet-

220 931 428 985 τετε·θαί
472 933 569 997 τάς
595 936 882 1004 ἐκκλησίας
923 938 1118 1000 αὐτῶν,
1162 941 1254 992 καὶ
1290 943 1658 1009 παρακρατεῖν
1681 939 1777 1009 τὴν

219 1021 538 1092 ἐρωσύνην.
572 1024 630 1075 Εἰ
658 1025 765 1094 γάρ
796 1028 842 1077 οἱ
881 1027 1013 1096 πρὸς
1037 1027 1318 1098 ὁμολογίας
1348 1029 1530 1094 ἀγῶνα
1566 1029 1778 1091 ἑκόντες

213 1111 558 1180 ὁρμήσαντες
610 1112 878 1184 κληρικοὶ,
912 1117 1003 1170 καὶ
1048 1118 1391 1181 κολασθέντες
1430 1121 1521 1173 καὶ
1558 1121 1630 1190 μὴ
1669 1124 1780 1174 ἑπι-

220 1202 521 1268 μείναντες,
552 1203 681 1256 ἀλλά
708 1206 962 1269 ἐνδόντες,
999 1205 1114 1261 εἶτα
1141 1192 1594 1272 ἀναπαλαίσαντες
1629 1211 1778 1279 μόλις

216 1290 494 1354 ἀξιοῦνται
524 1292 864 1365 συγγνώμης,
893 1299 968 1359 εἰς
1004 1297 1064 1349 τὸ
1098 1298 1195 1367 τὴν
1217 1299 1550 1368 λειτουργίαν
1578 1299 1779 1352 ἀναδα-

215 1381 350 1432 λεῖν·
379 1382 522 1433 κατά
550 1382 638 1434 τὸν
673 1383 810 1436 θεῖον
836 1385 1022 1438 τοῦτον
1053 1388 1289 1458 Πατέρα,
1314 1387 1464 1439 οὐδὲν
1491 1389 1672 1457 ἕτερον
1697 1389 1781 1455 ὲγ-

217 1470 560 1538 καλούμενοι,
599 1471 630 1540 ἢ
667 1472 724 1522 τὸ
773 1474 1086 1526 καταλιπεῖν
1127 1475 1252 1537 τοὺς
1305 1475 1583 1543 ἀδελφοὺς,
1624 1477 1780 1529 δυνά-

216 1575 372 1625 μενοι
403 1559 583 1621 αὐτοῖς
624 1563 680 1612 ὲν
715 1562 888 1630 καιρῷ
931 1563 1296 1630 περιστάσεως
1332 1563 1616 1633 εὔχρηστοι
1643 1560 1778 1616 εἶναι

208 1651 294 1710 εἰς
325 1647 388 1700 τὺ
419 1648 689 1719 στηρίζειν
718 1652 931 1712 αὐτοὺς,
961 1653 1052 1705 καὶ
1077 1652 1246 1705 ταῦτα
1280 1654 1577 1723 μαρτυρίας
1614 1653 1780 1717 ἀξιω-

210 1738 421 1800 θέντες,
446 1740 536 1790 καὶ
559 1740 624 1790 τὰ
645 1741 911 1809 στίγματα
935 1743 1026 1794 τοῦ
1059 1741 1292 1812 Χριστοῦ
1314 1745 1372 1795 ὲν
1396 1745 1461 1812 τῇ
1491 1744 1651 1812 σαρκὶ
1681 1744 1780 1794 αὐ·-

1941 663 2212 731 Adjiciant
2241 677 2402 731 porro
2443 661 2680 715 animum
2727 662 2795 716 iis
2821 677 2941 731 qua
2977 665 3045 718 ab
3093 665 3194 720 hoc
3225 679 3417 734 magno

1874 749 2054 814 Patre,
2086 765 2158 804 ac
2179 760 2366 805 sancto
2399 757 2631 819 martyre
2663 749 2766 802 hoc
2796 751 2915 803 loco
2942 753 3102 804 allata
3133 761 3280 814 sunt,
3323 756 3414 820 qui

1876 840 2064 895 dicunt
2090 841 2360 910 episcOpis
2391 840 2551 894 licere
2593 840 2852 898 ecclesias
2881 857 3007 895 suas
3036 843 3327 899 dimittere.
3351 858 3417 895 ac

1875 930 2161 983 sacerdotii
2191 929 2505 997 dignitatem
2556 929 2808 982 retinere.
2863 928 3071 982 Etenim
3124 935 3166 985 si
3209 935 3418 986 clericis

1876 1020 1968 1088 qui
1993 1027 2183 1088 sponte
2214 1035 2271 1072 se
2303 1018 2585 1072 certamini
2610 1017 2969 1072 confessionis
3003 1021 3328 1086 objecerant,
3358 1039 3418 1075 ac

1876 1109 2157 1166 tormentis
2187 1107 2365 1159 affecti
2400 1107 2579 1158 minus
2611 1114 2922 1159 constanter
2951 1109 3292 1171 obstiterant,
3327 1111 3419 1164 sed

1879 1203 2160 1265 postquam
2206 1203 2504 1256 cesserant,
2539 1195 2592 1248 in
2639 1203 2908 1248 certamen
2948 1197 3293 1252 redeuntibus
3333 1201 3416 1253 vit

1876 1285 2192 1338 conceditur
2221 1285 2395 1345 venia,
2419 1283 2562 1351 quod
2611 1298 2826 1336 sacrum
2873 1286 3230 1338 ministerium
3271 1289 3421 1342 obire

1877 1373 2250 1438 distulissent;
2295 1387 2397 1425 nec
2423 1387 2490 1426 ex
2538 1372 2699 1439 hujus
2742 1374 2908 1426 divini
2941 1373 3117 1427 Patris
3155 1379 3420 1430 sententia

1877 1462 2170 1531 quidquam
2197 1461 2342 1514 aliud
2371 1463 2503 1530 ipsis
2533 1463 2808 1530 objicitur,
2845 1479 3005 1532 quam
3042 1465 3185 1533 quod
3227 1464 3420 1521 fratres

1877 1551 2263 1613 deseruissent,
2296 1566 2420 1603 cum
2448 1553 2687 1605 adversis
2712 1568 2775 1606 ac
2813 1555 3140 1609 turbulentis
3169 1558 3425 1625 tempori-

1879 1641 1982 1694 bus
2013 1653 2230 1708 possent
2262 1642 2389 1709 ipsis
2426 1639 2478 1693 in
2527 1641 2627 1694 l‘ule
2655 1643 3036 1698 conﬁrmandis
3077 1660 3198 1699 esse
3227 1647 3419 1709 utiles;

1880 1727 2042 1795 idque
2068 1743 2191 1780 cum
2246 1739 2297 1781 et
2325 1728 2469 1795 digni
2510 1727 2678 1781 habiti
2727 1739 2908 1782 essent
2936 1732 3024 1796 qui
3059 1733 3423 1786 testimonium

207 1827 325 1878 τῶν
375 1830 788 1898 περιφέροντεςο
839 1833 955 1893 πῶς
1004 1833 1288 1902 ἀρχιερεὺς
1326 1833 1418 1884 καὶ
1463 1831 1681 1902 ποιμὴν,
1721 1831 1778 1895 δς

1884 1816 2224 1902 perhiberent
2251 1816 2394 1878 lldei,
2424 1824 2474 1869 et
2508 1815 2758 1884 stigmata
2806 1817 3007 1872 Christi
3034 1820 3090 1872 in
3129 1836 3228 1875 sua
3258 1837 3423 1877 carne

189 1913 421 1978 ’ὀφείλει
445 1914 644 1969 τιθέναι
667 1915 762 1987 τὴν
790 1917 962 1988 ψυχὴν
992 1920 1128 1990 ὑπὲρ
1153 1919 1258 1971 τῶν
1292 1918 1592 1986 προϐάτων,
1615 1935 1780 1971 κατα-

208 2001 392 2055 λιπὼν
417 2004 512 2073 τὴν
542 2005 987 2074 ὶμπιστευθείσαν
1013 2008 1242 2078 ποίμνην
1274 2006 1439 2077 αὐτῷ,
1468 2008 1559 2059 καὶ
1582 2023 1780 2078 παραι-

205 2092 521 2161 τησάμενος
559 2096 656 2163 τὴν
698 2098 864 2166 αὐτῆς
902 2099 1154 2168 φροντίδα
1195 2100 1287 2151 καὶ
1326 2097 1657 2167 ἐπιμέλειαν,
1686 2094 1781 2151 καὶ

205 2185 343 2237 ὅσον
391 2183 451 2235 τὺ
498 2187 616 2236 κατ’
657 2187 817 2239 αὑτὸν
856 2191 968 2250 τοῖς
1009 2187 1191 2251 λύκοις
1221 2189 1420 2259 ταύτην
1452 2184 1776 2247 ἐκδεδωκὼς,

207 2270 538 2340 ἀντέχεσθαι
566 2274 662 2342 τῆς
688 2274 1022 2345 λειτουργίας
1045 2276 1249 2339 δίκαιος
1269 2276 1664 2346 λογισθήσεται,
1691 2273 1781 2325 καὶ

206 2360 273 2412 οὐ
317 2358 513 2427 μᾶλλον
568 2360 878 2432 βαρυτάτων
923 2365 1206 2434 ἐπιτιμίων
1249 2365 1564 2435 κριθήσεται
1613 2362 1780 2426 ἄξιος.

204 2454 302 2507 διὰ
341 2457 436 2526 τὴν
478 2454 570 2508 τοῦ
615 2454 959 2517 ἀνατεθέντος
1001 2455 1147 2523 αύτῷ
1193 2455 1321 2508 λαοῦ
1375 2457 1792 2527 έγκατάλειψιν;’

221 2544 394 2596 Ἀλλά
416 2545 509 2596 καὶ
533 2545 698 2613 γέρας
728 2544 865 2614 ὑπὲρ
907 2543 1105 2612 ταύτης
1132 2546 1366 2615 αἰτήσει,
1389 2547 1421 2616 ἢ
1460 2548 1655 2615 μᾶλλον
1688 2550 1783 2600 αύ-

205 2633 310 2693 τὺς
338 2632 512 2702 ἑαυτῷ
546 2633 798 2703 παρέξει·
838 2633 900 2684 τὸ
949 2632 1045 2702 μὲν
1091 2634 1254 2687 κόπον
1307 2635 1594 2705 πρρλξενοῦν
1636 2635 1783 2706 αὐτῷ

206 2724 668 2793 παραιτούμενος,
702 2723 800 2791 τὴν
827 2722 1166 2777 διδασκαλίαν
1208 2725 1348 2794 φημὶ
1395 2727 1487 2778 καὶ
1533 2725 1628 2796 τήν
1673 2727 1782 2778 τῶν

207 2815 602 2885 παλλομένων
630 2815 928 2886 διόρθωσιν,
954 2815 1012 2868 τὸ
1047 2815 1102 2867 δὲ
1135 2815 1286 2878 δόξαν
1321 2817 1413 2868 καὶ
1442 2819 1602 2887 τιμήν
1627 2835 1783 2888 περι-

206 2906 409 2962 ποιοῦν
456 2908 862 2976 παρακατέχων,
910 2906 1002 2957 καὶ
1044 2904 1426 2973 οἰκειούμενος,
1478 2906 1570 2957 καὶ
1597 2907 1782 2958 τούτου

205 2998 391 3069 ἀπρὶξ
421 2998 690 3067 ἐχόμενος,
717 2996 809 3049 καὶ
845 2995 1006 3065 μηδὲν
1038 2995 1439 3064 μεθιστάμενος.
1475 2998 1533 3048 El
1562 2997 1668 3067 γὰρ
1694 2998 1784 3050 ἐπὶ

207 3087 494 3158 κληρικῶν
550 3086 851 3156 παράλογος
893 3084 1180 3153 ὠνομάσθη
1223 3086 1435 3154 πρᾶξις,
1473 3086 1532 3137 τὸ
1574 3087 1784 3140 καταλι-

207 3181 347 3230 πεῖν
368 3177 455 3229 τὸν
498 3177 641 3236 λαὸν,
676 3177 769 3227 καί⁵
807 3173 942 3243 πρὸς
973 3173 1062 3225 τὸν
1091 3173 1228 3242 ὑπὲρ
1251 3173 1523 3235 εὐσεϐείας
1559 3175 1784 3243 αὐτομο-

206 3269 380 3336 λῆσαι
409 3265 590 3332 ἀγῶνα
609 3283 621 3295 ⁸
651 3267 800 3334 πόσῳ
828 3263 984 3315 πλέον
1010 3263 1456 3332 παραλογώτερον
1482 3265 1546 3316 ἂν
1575 3265 1782 3333 κριθείη

207 3357 318 3408 ἐπὶ
367 3355 660 3407 ἐπισκόπου
703 3353 1088 3416 καταλιπόντος
1140 3353 1231 3404 τὸν
1273 3355 1468 3405 οἰκεῖον
1500 3353 1644 3413 λαὸν,
1691 3354 1784 3405 καὶ

206 3447 277 3497 οὐ
318 3444 453 3512 πρὸς
497 3443 678 3510 ἀγῶνα
731 3440 1046 3510 χωροῦντος,
1103 3440 1234 3510 πρὸς
1277 3439 1552 3509 ῥᾳστώνην
1595 3440 1648 3492 δὲ
1695 3442 1786 3491 καί⁹

207 3534 542 3593 ἀνάπαυσιν,
562 3532 652 3584 καὶ
673 3529 966 3601 φροντίδων
992 3529 1128 3599 ὑπὲρ
1146 3529 1409 3597 ὠφελείας
1437 3529 1621 3597 ψυχῶν
1654 3531 1786 3581 ἀπό-

209 3623 373 3674 θεσιν
397 3623 492 3673 καὶ
516 3621 842 3690 ἀπόδρασιν;
867 3620 977 3672 Καὶ
1008 3622 1036 3671 ό
1062 3625 1134 3682 ιςδ
1161 3618 1216 3670 δὲ
1241 3617 1416 3671 κανὼν
1437 3620 1533 3688 τῆς
1555 3619 1784 3688 ἑϐδόμης

215 3713 600 3781 οἰκουμενικῆς
648 3710 860 3763 συνόδου
904 3709 1100 3780 πολλὴν
1131 3709 1461 3780 ἀσελτηρίαν
1499 3712 1788 3779 κατηγορεῖ

216 3801 334 3852 τῶν
363 3799 1014 3870 ψηφιζομένωνδύνασθαι
1063 3799 1189 3860 τοὺς
1238 3800 1511 3868 ἀρχιερεῖς
1549 3800 1643 3861 τὰς
1678 3801 1788 3850 ἑπι-

220 3892 434 3954 σκοπάς
455 3890 850 3960 παραιτεῖσθαι,
873 3891 971 3959 τὴν
993 3891 1049 3943 δὲ
1078 3891 1121 3941 is
1131 3890 1373 3960 ρωσύνην
1398 3894 1782 3960 παρακρατεῖν.

220 3986 287 4037 Εἰ
315 3984 420 4054 γὰρ
441 3984 581 4037 κατά
606 3985 696 4036 τὸν
721 3976 1000 4054 εἰρημένον
1028 3985 1224 4037 κανόνα
1253 3987 1280 4037 ὁ
1303 3986 1612 4048 ἐπίσκοπος,
1650 3987 1786 4057 ὑπὲρ

219 4073 284 4124 τὸ
318 4072 576 4141 ἑξάμηνον
611 4073 708 4141 τῆς
739 4072 945 4135 οἰκείας
979 4072 1330 4143 ἀποδημήσας
1372 4075 1671 4142 ἐπισκοπῆς
1695 4072 1786 4144 [ἂν

226 4161 331 4232 μή]
366 4163 490 4230 μιᾶς
526 4162 632 4214 τῶν
667 4161 1133 4231 ἀπηριθμημένων
1171 4164 1228 4214 ἐν
1265 4162 1410 4231 αὐτῷ
1457 4163 1664 4227 αἰτιῶν,
1695 4165 1787 4216 καὶ

218 4255 326 4320 τῆς
356 4255 652 4322 δπισκοπῆς
683 4254 777 4305 καὶ
807 4255 903 4323 τῆς
947 4253 1349 4322 ἀρχιερωσύνης
1393 4255 1664 4318 ἐκπίπτει,
1696 4257 1789 4307 καὶ

221 4342 427 4408 ἀμφοῖν
451 4339 800 4409 ἠλλοτρίωται
818 4356 830 4370 ·
859 4339 973 4402 πῶς
996 4342 1025 4391 ὁ
1048 4341 1514 4409 παραιτησάμενος
1542 4342 1640 4410 τὴν
1672 4344 1790 4394 ἐπι-

224 4431 456 4498 σκοπὴν,
479 4430 572 4482 καὶ
595 4429 973 4498 ἀπαγορεύσας
1004 4429 1196 4499 μηκέτι
1227 4429 1526 4498 ποιμαίνειν
1551 4429 1610 4480 τὸ
1628 4431 1788 4498 ὲμπιυ
1818 4433 1861 4486 D

224 4520 447 4575 στευθὲν
501 4519 645 4588 αὐτῷ
701 4521 964 4588 ποίμνιον,
998 4521 1090 4572 καὶ
1138 4519 1234 4587 τῆς
1280 4518 1466 4570 τούτου
1516 4519 1788 4588 φροντίδος

221 4611 319 4663 διὰ
351 4609 463 4677 βίου
497 4611 928 4678 καταφρονήσας,
958 4609 1041 4681 εζη
1085 4608 1149 4661 ἂν
1189 4608 1504 4677 ἀρχιερεύς;
1541 4609 1602 4660 Εἰ
1629 4608 1736 4676 γὰρ
1761 4611 1790 4661 ό

222 4700 290 4753 τὸ
317 4693 474 4769 ἧττον
500 4698 842 4767 ἁμαρτάνων,
874 4697 933 4749 τὸ
965 4698 1054 4748 ἐπὶ
1093 4697 1249 4748 πλέον
1285 4696 1630 4764 ἑξαμηνιαίου
1672 4713 1787 4748 και-

229 4787 330 4859 ροῦ
370 4787 681 4839 καταλιπεῖν
725 4787 814 4839 τδν
868 4788 956 4839 ὑπ’
993 4785 1151 4838 αὑτὸν
1198 4786 1322 4837 λαὸν
1365 4785 1691 4854 ἀποίμαντόν
1732 4802 1790 4836 τε

227 4879 329 4931 καὶ
341 4878 690 4946 ἀτημέλητον,
711 4875 978 4929 ἐκπτώσει
1023 4878 1116 4928 καὶ
1138 4877 1235 4943 τῆς
1261 4874 1561 4942 ἐπισκοπῆς
1592 4876 1680 4926 καὶ
1694 4875 1790 4942 τῆς

228 4968 527 5038 ἱερωσύνης
552 4969 836 5035 ἀφίσταται
875 4985 886 4997 ·
916 4972 943 5020 ὁ
972 4969 1031 5020 τὸ
1057 4965 1249 5037 μᾶλλον
1278 4967 1369 5017 καὶ
1409 4966 1469 5017 τὸ
1495 4964 1793 5016 πολλαπλά-

229 5073 349 5110 σιον
385 5055 732 5126 πλημμελῶν,
784 5057 844 5109 τὸ
887 5057 950 5109 δι’
979 5057 1098 5108 ὅλου
1132 5055 1445 5109 καταλιπεῖν
1487 5054 1554 5105 τὰ
1594 5052 1789 5122 πλήθη,

230 5144 376 5209 ειπερ
409 5144 555 5212 αύτῷ
582 5147 892 5197 ἐπισκοπεῖν
918 5162 977 5196 τε
1001 5147 1091 5198 καὶ
1115 5147 1246 5215 όρᾷν
1271 5147 1302 5214 ή
1331 5143 1423 5196 τοῦ
1453 5144 1592 5195 θείου
1624 5144 1794 5195 Πνεύ-

235 5251 404 5303 ματος
448 5237 602 5306 χάρις
650 5236 885 5299 ἀνέθετο,
941 5235 1134 5305 μᾶλλον
1167 5234 1232 5286 ἂν
1281 5233 1364 5302 εἴη
1411 5233 1616 5296 δίκαιος
1665 5246 1794 5298 σφὼ

229 5322 480 5391 δρότερον
510 5321 951 5389 κολασθήσεσθαι,
985 5321 1076 5372 καὶ
1127 5319 1344 5388 μείζονα
1392 5316 1653 5386 τιμωρίαν
1693 5317 1792 5382 ὑφ-

234 5409 379 5474 έξειν
396 5412 492 5480 τῆς
511 5414 630 5464 ὅσον
661 5411 746 5461 ἐπ’
770 5410 958 5477 ἐκείνῳ
984 5409 1252 5470 ἀπωλείας
1283 5407 1550 5475 ποιμνίου,
1586 5400 1643 5456 οὗ
1673 5422 1795 5474 προ-

235 5501 506 5569 εκιιρίσοη
538 5501 734 5570 ποιμὴν
761 5499 908 5568 παρά
930 5498 1018 5552 τοῦ
1065 5498 1277 5570 πρώτου
1303 5499 1396 5550 καὶ
1428 5496 1656 5566 μεγάλου
1693 5497 1792 5563 ἁρ-

236 5592 459 5664 χιιρέωέ
480 5592 573 5645 καὶ
604 5590 1000 5661 ἀρχιτοοιμένος.
1027 5591 1086 5641 Οἱ
1116 5590 1170 5641 δὲ
1203 5588 1295 5641 καὶ
1321 5589 1486 5657 γέρας
1521 5586 1666 5655 αύτῷ
1703 5588 1794 5638 καὶ

244 5683 480 5752 ἀμοισὴν
494 5681 590 5751 τῆς
621 5681 994 5750 παραιτήσεως
1028 5679 1472 5747 ἐπιψηφιζόμενοι
1516 5677 1610 5744 τὴν
1643 5677 1794 5743 ἱερωτ

1878 1897 2288 1963 circumferrem
2317 1924 2329 1957 :
2362 1918 2594 1975 quonam
2629 1904 2788 1958 modo
2818 1920 3064 1962 summus
3095 1910 3348 1965 sacerdos
3370 1923 3424 1966 et

1878 2005 2082 2065 pastor,
2114 1995 2204 2064 qui
2253 2010 2350 2064 pro
2390 1997 2581 2049 ovibus
2615 1994 2771 2049 debet
2802 1999 3036 2051 animam
3068 2014 3289 2069 ponere,
3329 2003 3424 2056 de-

1879 2094 2024 2137 serto
2055 2099 2216 2154 grege
2253 2086 2353 2138 sibi
2393 2088 2708 2150 commisso,
2743 2090 2966 2158 ejusque
3007 2105 3136 2144 cura
3164 2101 3219 2146 et
3248 2095 3424 2146 admi-

1881 2175 2201 2232 nistratione
2245 2176 2543 2244 repudiata,
2579 2188 2632 2230 et
2663 2187 2924 2246 quantum
2964 2182 3180 2248 quidem
3220 2184 3275 2236 in
3306 2184 3423 2254 ipso

1879 2274 1962 2317 est
1988 2279 2052 2317 eo
2078 2267 2216 2332 lup‘s
2242 2266 2476 2333 prodito,
2512 2267 2703 2337 dignus
2728 2269 3000 2337 putabitur
3027 2272 3116 2338 qui
3151 2274 3292 2325 sacri
3323 2290 3394 2325 nn
3412 2303 3423 2310 -

1881 2356 2090 2408 nisterii
2143 2355 2459 2422 dignitatem
2518 2361 2782 2420 retineat,
2822 2367 2891 2412 'ac
2930 2346 3036 2412 non
3091 2360 3423 2422 gratissimis

1883 2446 2061 2512 potius
2091 2447 2264 2512 pinnis
2293 2447 2436 2512 quod
2468 2448 2568 2500 sibi
2591 2449 3021 2502 commendatum
3053 2454 3304 2519 populum
3331 2453 3425 2506 dc-

1882 2533 2133 2594 ser'uerit,
2168 2534 2510 2588 mulctandus
2541 2550 2660 2589 esse
2683 2536 3050 2602 iudicabitur?
3080 2540 3220 2604 Quin
3247 2543 3425 2610 potius

1881 2621 1949 2674 ob
1981 2638 2098 2676 eam
2144 2639 2256 2677 rem
2293 2628 2572 2692 prmminm
2615 2627 2890 2696 deposcet,
2924 2631 3030 2682 imo
3063 2631 3164 2683 sibi
3200 2631 3426 2698 ipsemet

1883 2710 2278 2779 suppeditabit;
2322 2715 2462 2782 quod
2488 2715 2702 2783 quidem
2747 2718 2980 2771 laborem
3013 2718 3113 2785 ipsi
3145 2719 3296 2772 allen
3339 2736 3427 2773 re-

1882 2813 2103 2862 cusans,
2159 2801 2384 2854 docendi
2431 2803 2680 2857 videlicet
2731 2821 2927 2859 munus
2973 2807 3207 2874 vitiaque
3254 2811 3427 2860 corri-

1875 2886 2074 2952 gendi;
2137 2885 2283 2953 quod
2329 2903 2456 2942 vero
2502 2890 2725 2956 gloriam
2757 2892 2861 2960 ιθ
2893 2909 2957 2947 ac
2981 2902 3144 2948 decus
3173 2897 3425 2951 conciliat

1875 2978 2223 3040 amplectens,
2263 2977 2479 3045 sibique
2510 2980 2805 3039 asciscens,
2830 2983 3209 3054 uiordicusque
3234 2990 3286 3040 id
3306 3005 3431 3042 reu-

1888 3083 2040 3127 nens,
2089 3082 2264 3135 neque
2294 3068 2376 3121 vel
2402 3068 2671 3121 tantillum
2711 3064 3022 3126 remittens.
3061 3071 3116 3124 Si
3149 3073 3290 3126 enim
3338 3074 3423 3126 ubi

1884 3156 1949 3210 de
1981 3157 2194 3209 clericis
2234 3164 2316 3211 est
2362 3172 2560 3218 sermo,
2599 3160 2741 3212 actio
2787 3162 2981 3214 rationi
3021 3163 3222 3215 absona
3256 3165 3430 3216 nomi-

1884 3253 2006 3296 nata
2037 3246 2102 3297 sit
2131 3244 2376 3297 deserere
2417 3245 2692 3313 populum,
2725 3255 2885 3314 atque
2915 3249 2979 3300 ad
3014 3258 3284 3303 certamen
3317 3253 3430 3318 pie-

1883 3334 2009 3384 tatis
2041 3347 2206 3384 causa
2251 3334 2663 3399 lransmigrare;
2704 3344 2908 3400 quanto
2953 3336 3003 3387 id
3050 3336 3216 3403 magis
3261 3355 3292 3389 a
3343 3353 3431 3389 ra-

1885 3421 2029 3474 tione
2061 3421 2294 3475 alieuum
2341 3423 2395 3475 in
2432 3424 2686 3491 episcopo
2719 3424 3070 3490 iudicabitur,
3117 3429 3206 3492 qui
3261 3441 3430 3493 popu-

1887 3512 1994 3563 lum
2023 3527 2179 3565 suum
2221 3512 2440 3574 deserit,
2473 3527 2581 3564 non
2613 3521 2672 3564 ut
2704 3513 2768 3564 ad
2795 3522 3068 3566 certamen
3099 3513 3303 3576 tendat,
3337 3518 3428 3568 Sed

1885 3607 1944 3650 ut
1973 3600 2138 3667 quieti
2162 3613 2220 3653 se
2256 3613 2318 3652 ac
2360 3600 2661 3652 remissioni
2693 3599 2892 3656 tradat.
2925 3615 3192 3670 curasque
3221 3617 3315 3668 pro
3345 3618 3432 3654 sa-

1887 3691 1999 3744 lute
2028 3689 2328 3743 animarum
2358 3689 2590 3757 deponat
2613 3703 2675 3742 ac
2703 3688 2941 3758 ell‘ugiat.
2969 3689 3218 3743 Decimus
3246 3703 3428 3743 seruus

1886 3795 2101 3850 quoque
2131 3793 2306 3834 canon
2353 3779 2592 3847 septima:
2625 3779 2970 3832 mcumenitm
3011 3780 3220 3848 synodi,
3255 3782 3432 3832 stulti-

1889 3865 1978 3924 tia!
2002 3870 2237 3940 graviter
2269 3876 2485 3923 accusat
2508 3883 2603 3922 eos
2631 3867 2720 3935 qui
2755 3869 2821 3920 ab
2844 3868 3119 3936 episc0po,
3153 3869 3433 3937 repudiato

1888 3963 2226 4029 episcopatu,
2252 3958 2391 4011 sacri
2412 3957 2692 4012 ministerii
2717 3957 3028 4026 dignitatem
3047 3957 3262 4010 retineri
3277 3974 3434 4026 posse

1887 4052 2202 4105 decernunt.
2239 4046 2297 4101 Si
2335 4061 2567 4115 namque
2598 4063 2664 4098 ex
2694 4047 2917 4100 canonis
2963 4046 3109 4098 allati
3141 4050 3430 4108 sententia,

1887 4140 2173 4207 episcopus
2202 4138 2295 4205 qui
2325 4137 2463 4189 ultra
2496 4145 2754 4190 semestre
2787 4143 2998 4204 tempus
3036 4151 3065 4189 a
3098 4151 3197 4190 suo
3221 4135 3434 4204 episco—

1887 4237 2013 4300 patu
2049 4228 2302 4289 abfuerit.
2338 4227 2440 4281 nisi
2478 4241 2584 4281 una
2630 4227 2809 4294 aliqua
2838 4241 2904 4280 ex
2948 4225 3015 4280 iis
3049 4242 3168 4295 qum
3215 4227 3286 4279 ibi
3333 4243 3434 4279 nu-

1888 4328 2187 4378 merantur,
2240 4331 2406 4387 causa
2464 4316 2860 4378 intercesserit,
2908 4327 2960 4370 et
3018 4319 3334 4386 episcopatu
3381 4327 3434 4369 ut

1889 4404 2084 4460 summi
2109 4403 2398 4458 sacerdotii
2430 4402 2690 4472 dignitate
2720 4403 2940 4466 excidit,
2981 4418 3044 4458 ac
3075 4411 3302 4473 utroque
3325 4407 3438 4474 pri-

1889 4507 2082 4549 vatur:
2111 4509 2343 4563 quonam
2373 4496 2533 4549 modo
2564 4498 2656 4564 qui
2698 4495 2999 4563 repudiavit
3043 4497 3434 4564 episcopatum,

1889 4587 2259 4654 creditumque
2287 4587 2389 4639 sibi
2415 4602 2628 4655 gregem
2658 4587 2832 4638 adhuc
2854 4600 3074 4653 pascere
3093 4588 3312 4639 omnino
3339 4588 3437 4640 ab-

1890 4680 2026 4743 nuit,
2057 4677 2284 4746 ejusque
2312 4691 2496 4730 curam
2531 4678 2718 4730 inertis
2745 4679 2863 4730 vitae
2897 4677 3079 4731 studio,
3115 4681 3433 4734 contemnit.

1891 4769 2066 4822 adhuc
2105 4769 2158 4822 in
2193 4772 2570 4838 episcoporum
2607 4780 2836 4821 numero
2875 4766 3195 4820 habebitur?
3219 4765 3434 4820 Etenim

1891 4859 1934 4910 si
1970 4858 2062 4924 qui
2101 4859 2279 4912 minus
2321 4856 2606 4924 delinquit,
2648 4864 2707 4909 ut
2754 4857 2892 4908 ultra
2924 4861 3184 4909 semestre
3225 4864 3439 4927 tempus

1892 4949 2190 5011 subiectum
2239 4948 2342 5003 sibi
2388 4947 2638 5016 populum
2683 4945 2910 5013 pastoris
2955 4960 3084 4998 cura
3117 4953 3168 4998 et
3208 4944 3439 4997 admini-

1893 5040 2151 5090 stratione
2181 5038 2498 5090 destitutum
2545 5035 2830 5102 relinquat,
2867 5035 3213 5103 episcopatus
3259 5042 3310 5087 et
3350 5050 3440 5087 sa-

1891 5144 1997 5182 crae
2023 5127 2301 5195 dignitatis
2331 5127 2681 5193 privationem
2706 5126 2966 5189 incurrit;
2999 5126 3088 5193 qui
3121 5125 3170 5176 in
3210 5137 3272 5176 eo
3292 5126 3434 5191 quod

1893 5219 2067 5285 majus
2109 5225 2161 5271 et
2201 5217 2382 5271 multis
2429 5216 2672 5285 partibus
2719 5215 2938 5284 gravius
2984 5223 3086 5275 cst,
3127 5223 3332 5282 peccat,
3382 5225 3440 5265 ut

1894 5309 2290 5363 multitudinem
2317 5324 2477 5377 quam
2499 5311 2598 5376 ipsi
2631 5310 2922 5361 curandam
2953 5316 3005 5360 et
3025 5303 3437 5366 custodiendam

1894 5400 2065 5453 sancti
2108 5397 2340 5466 Spiritus
2382 5388 2553 5466 gratia
2599 5395 2888 5454 commisit.
2934 5393 3156 5446 omnino
3195 5394 3437 5445 deserat:

1894 5489 2085 5543 merito
2115 5490 2270 5558 plane
2312 5488 2564 5556 punietur
2593 5485 2984 5543 vehementius,
3032 5479 3442 5550 gravioremqnc

1893 5595 2106 5649 pronam
2138 5580 2427 5648 persolvet,
2456 5575 2670 5647 perditi,
2698 5573 2840 5639 quod
2870 5575 2923 5626 iu
2959 5574 3074 5640 ipse
3105 5577 3208 5629 cst,
3239 5581 3438 5637 gregis,

1895 5674 2048 5739 cujus
2077 5673 2188 5739 ipse
2217 5681 2398 5738 pastor
2421 5684 2448 5721 a
2479 5669 2738 5738 primario
2773 5666 2863 5720 illo
2888 5680 2949 5718 ac
2978 5676 3230 5731 supremo
3257 5673 3444 5717 sacer-
