4002 6314
250 368 361 436 505

1380 364 1457 427 ΙΝ
1490 366 1723 428 EPIST.
1757 367 1814 428 S.
1848 365 2074 427 PETRI
2118 366 2332 430 ALEX.

3359 357 3464 420 506

257 502 500 563 νάμενοι,
536 493 652 561 ἦτοι
699 490 769 560 μὴ
813 486 1186 547 τελειώσαντες
1234 483 1293 536 τὸ
1344 483 1534 536 καλόν·
1586 482 1680 534 νῦν
1728 480 1803 534 καί

1918 489 2154 532 mentum
2188 489 2384 533 tectum
2408 495 2622 548 quoque
2648 478 3045 541 fabricaverint.
3072 493 3166 534 seu
3189 480 3333 549 quod
3366 482 3457 533 Iro-

262 583 601 652 κατασκευὴν
629 582 811 634 τούτου
838 598 896 632 τε
918 579 1009 632 καὶ
1034 578 1138 629 τῶν
1166 574 1364 627 λοιπῶν
1389 574 1597 639 ἐπάγει,
1625 573 1811 638 λέγων-

259 678 323 729 0i
352 677 462 744 γάρ
487 677 545 727 ὲν
578 674 656 744 τῷ
686 675 968 743 βράσματι,
999 673 1162 740 ἡγουν
1207 672 1263 721 ὲν
1307 670 1370 736 τῇ
1403 668 1550 734 ἀκμῇ
1581 664 1672 717 τοῦ
1698 666 1819 716 διω-

259 765 404 834 γμοῦ
429 767 721 832 ἱστάμενοι,
744 765 834 816 καὶ
861 761 1087 831 ὁρῶντες
1108 759 1174 811 τά
1207 758 1474 827 μαρτύρια
1496 756 1603 807 τῶν
1630 755 1813 820 ἁγίων,

262 857 359 908 καὶ
414 856 563 916 ὅπως
620 854 900 905 σπεύδουσι
950 852 1073 913 τοὺς
1128 850 1195 911 ἐξ*
1239 848 1476 917 οὐρανῶν
1529 847 1816 914 στεφάνους

260 943 443 997 λαϐεῖν
492 945 629 996 κατὰ
656 943 815 1010 ζῆλον
863 942 1020 1001 θεῖον,
1073 939 1341 991 ἰπεδίδουν
1391 936 1613 996 ἑαυτοὺς
1643 938 1720 996 εἰς
1758 936 1815 987 τὸ

260 1033 562 1102 μαρτύρει-,ν
613 1033 746 1100 μετὰ
789 1031 1091 1098 παρρησίας
1151 1027 1381 1094 πολλῆς,
1444 1026 1537 1077 καὶ
1589 1025 1816 1093 μάλιστα

256 1120 341 1173 ὅτι
368 1120 587 1172 ἔδλεπὸν
602 1137 749 1181 τινας
772 1117 1217 1185 ὐποσυρομένους,
1240 1116 1358 1167 ἀντὶ
1384 1113 1498 1175 τοῦ,
1526 1113 1816 1180 κλεπτομέ-

256 1226 385 1270 νους
411 1210 501 1261 καὶ
545 1208 927 1276 ἀπατωμένους
960 1207 1060 1257 ὐπὸ
1102 1204 1192 1257 τοῦ
1237 1204 1500 1265 διαϐόλου,
1538 1206 1629 1255 καὶ
1659 1204 1812 1255 ἐκπί-

256 1317 510 1361 πτοντας,
547 1302 660 1367 ἦτοι
696 1298 1049 1367 ἀρνουμένους
1082 1296 1175 1363 τὴν
1211 1293 1517 1345 εὐσέϐειαν·
1545 1287 1618 1343 ὧν
1657 1293 1812 1362 χάριν

253 1389 773 1460 ὑποθερμαινόμενόι
797 1387 1010 1447 ἔσωθεν,
1035 1386 1150 1453 ῆτοι
1170 1385 1264 1452 τὴν
1291 1383 1511 1452 καρδίαν
1539 1400 1607 1433 πυ
1618 1382 1810 1450 ρούμε-

254 1495 361 1539 νοι,
386 1478 460 1537 ὡς
500 1479 589 1528 καὶ¹
632 1476 911 1538 ἀκούοντες
954 1474 1547 1542 καταπολεμῆσαι,ἦτοι
1594 1473 1810 1540 νικῆσαι

250 1567 343 1617 διὰ
375 1564 562 1617 τούτου
607 1566 693 1616 τὸν
744 1563 970 1626 ἀλαζόνα
1014 1564 1105 1614 καὶ
1143 1561 1509 1629 ἀντικείμενον
1548 1561 1806 1623 διάϐολον,

250 1652 589 1704 ἐσπούδασαν
622 1652 872 1703 ὑποδῦναι
903 1650 961 1702 τὸ
990 1650 1300 1719 μαρτύριον,
1327 1650 1411 1700 ἴνα
1441 1648 1512 1717 μὴ
1537 1649 1810 1717 καυχήση-

248 1760 343 1793 ται
374 1744 400 1794 ὁ
439 1741 674 1804 διάϐολος
725 1741 817 1793 καὶ
864 1740 985 1809 δόξῃ
1034 1739 1204 1807 ἑαυτῷ
1248 1739 1505 1808 φρόνιμος
1550 1735 1703 1799 εἶναι,
1735 1739 1809 1800 ὼς

247 1835 482 1899 νικήσας
497 1833 632 1883 κατά
650 1831 974 1898 πανουργίαν
996 1831 1117 1891 τοὺς
1136 1830 1400 1898 αὐτομολή
1410 1846 1603 1891 σαντας
1618 1846 1630 1857 ·
1650 1831 1695 1880 εί
1717 1830 1807 1880 καὶ

243 1922 507 1974 ἐλάνθανε
532 1921 723 1989 μᾶλλον
753 1920 997 1972 νικᾶσθαι
1026 1920 1126 1970 ὑπὸ
1155 1920 1259 1971 τῶν
1294 1919 1536 1988 ἀθλητῶν
1556 1919 1659 1971 τῶν
1683 1935 1809 1987 καρ-

246 2012 592 2082 τερίησάντων
633 2012 728 2073 τὰς
777 2011 1050 2079 βασάνους.
1096 2010 1217 2071 Τοῖς
1262 2009 1389 2076 γοῦν
1421 2013 1628 2071 πιστοῖς
1663 2008 1807 2074 ἄξιόν

239 2104 425 2162 ἐστιν,
458 2102 762 2171 εὐχομένοις
782 2100 918 2169 ὑπὲρ
947 2100 1121 2151 αὐτῶν
1146 2098 1251 2150 τῶν
1277 2099 1688 2170 τιμωρηθέντων
1714 2098 1807 2150 καὶ

238 2191 609 2260 ἡττηθέντων,
638 2191 918 2249 ἐπινεύειν,
951 2192 1067 2258 ἤτοι
1099 2189 1421 2259 συντρέχειν,
1454 2190 1481 2240 ὅ
1515 2206 1566 2240 τι
1607 2190 1698 2241 καὶ
1720 2189 1806 2241 δέ·

238 2281 457 2342 δοκται,
489 2280 579 2331 καὶ
610 2281 748 2331 κατά
782 2297 832 2331 τι
871 2281 930 2329 οὐ
961 2279 1181 2347 βλάπτει
1230 2279 1568 2353 συμπάσχειν
1600 2279 1692 2331 καὶ
1720 2278 1808 2330 λυ-

242 2369 470 2420 πεῖσθαι
501 2368 637 2436 μετά
667 2368 773 2418 τῶν
795 2369 989 2434 γονέων
1012 2367 1043 2435 ἢ
1069 2368 1173 2419 τῶν
1201 2368 1371 2428 ἄλλως
1400 2368 1807 2437 προσῳκειωμέ-

240 2475 364 2509 νων
395 2457 531 2527 ὑπὲρ
579 2459 684 2509 τῶν
716 2458 1196 2527 μαρτυρησάντων,
1241 2458 1333 2508 καὶ
1378 2457 1807 2508 ἐκπεπτωκότων

240 2546 367 2600 ἀπὸ
396 2546 639 2615 μηχανῆς
667 2546 756 2597 τοῦ
777 2544 1038 2597 διαϐόλου.
1070 2543 1405 2612 Γινώσκομεν
1429 2543 1552 2611 γάρ,
1583 2543 1656 2605 ὡς
1684 2542 1807 2594 πολ-

238 2636 339 2688 λοὶ
374 2638 683 2706 ἀπήλαυσαν
727 2636 817 2688 τοῦ
852 2635 1030 2697 ἐλέους
1073 2635 1294 2702 καὶτῆς
1340 2634 1666 2703 ἀγαθότητος
1711 2631 1804 2686 τοῦ

240 2725 391 2779 Θεοῦ
420 2726 505 2777 διὰ
535 2727 694 2796 εὐχῆς
741 2726 957 2796 ἑτέρων.
990 2725 1086 2777 Διά
1113 2741 1189 2776 τοι
1222 2722 1375 2777 τοῦτο
1417 2726 1597 2782 αὐτοῖς
1626 2740 1685 2774 τε
1718 2723 1804 2775 δο-

240 2814 412 2881 θῆναι
431 2812 634 2879 ’ἄφεσιν
678 2814 825 2882 παρά
866 2811 958 2865 τοῦ
1007 2812 1140 2864 Θεοῦ
1170 2811 1539 2880 ἐξαιτήσομεν,
1567 2812 1659 2863 καὶ
1695 2814 1807 2873 τοῖς

241 2903 435 2964 ἄλλοις
459 2905 566 2964 τοῖς
599 2902 989 2963 ἐκπεπτωκόσι,
1020 2901 1107 2953 καὶ
1132 2902 1263 2969 μετά
1290 2902 1458 2954 ταῦτα
1486 2902 1580 2969 τὴν
1604 2901 1805 2969 πλάνην

240 2991 739 3059 ἀνακαλεσαμένοις
793 2991 885 3042 καὶ
940 2990 1297 3059 όμολογήσασι
1344 2991 1442 3059 τὴν
1493 2988 1802 3049 εὐσέϐειαν,

246 3082 781 3149 συγκοινωνήοομεν,
831 3080 1157 3149 μεμνημένοι
1183 3078 1288 3131 τῶν
1332 3079 1436 3148 πρὸ
1483 3079 1579 3145 τῆς
1605 3075 1807 3129 έκπτώ-
1831 3118 1872 3173 c

239 3187 394 3231 σεως
442 3170 659 3237 ἀγώνων
691 3169 884 3231 αὐτῶν,
935 3162 1009 3221 ὧν
1042 3168 1349 3236 ὐπήνεγκαν
1389 3168 1477 3219 διὰ
1504 3168 1594 3218 τὸν
1644 3166 1800 3230 Θεὸν,

237 3258 391 3309 ἀλλά
418 3259 520 3327 μὴν
549 3258 640 3310 καὶ
672 3257 761 3310 τοῦ
792 3257 928 3327 μετὰ
952 3256 1118 3310 ταῦτα
1140 3257 1339 3323 ἀγαθοῦ
1365 3257 1662 3326 μεταμέλου
1693 3255 1806 3309 τού-

235 3363 381 3405 των,
413 3347 505 3397 καὶ
538 3347 617 3396 δτι
651 3344 1055 3415 μεμαρτύρηται
1098 3344 1473 3406 ἀπολιτεύτους
1500 3344 1802 3411 λογίζεσθαι

240 3436 474 3495 ἑαυτοὺς
505 3435 589 3487 διὰ
622 3435 942 3503 ἁμάρτημα·
983 3434 1159 3486 καἱού
1192 3425 1347 3502 μόνον
1383 3434 1804 3503 συγκοινωνήσο-

248 3540 361 3593 μεν
384 3524 580 3585 αὐτοῖς,
613 3522 744 3576 ἀλλά
773 3522 865 3581 καὶ
891 3521 1249 3591 συνευξόμεθα
1277 3521 1414 3591 ὑπὲρ
1450 3520 1674 3590 ἱλασμοῦ
1707 3523 1803 3573 αὐ-

247 3613 365 3665 τῶν
400 3615 531 3680 μετά
554 3614 659 3665 τῶν
703 3613 871 3666 ἄλλων
901 3612 1005 3664 τῶν
1049 3612 1422 3680 καθηκόντων,
1468 3613 1633 3681 ήγουν
1665 3611 1802 3681 μετὰ

245 3702 364 3753 τῶν
389 3698 705 3768 ὀφειλουσῶν
731 3702 964 3768 γίνεσθαι
986 3701 1234 3754 εὐποιιῶν
1268 3702 1392 3769 περὶ
1420 3702 1658 3763 τούτους,
1718 3718 1803 3768 νη-

246 3790 435 3849 στείας
463 3790 716 3856 δηλονότι,
765 3789 1121 3858 ἐλεημοσύνης
1150 3790 1242 3841 καὶ
1287 3788 1566 3857 μετανοίας
1588 3805 1601 3817 ·
1638 3789 1704 3839 δι’
1727 3782 1799 3839 ὧν

243 3882 278 3931 ὁ
315 3878 589 3947 γενόμενος
638 3858 975 3947 παράκλητος
1021 3880 1157 3947 ὑπὲρ
1204 3880 1355 3947 ἡμῶν
1404 3877 1798 3947 έξευμενίζεται

247 3970 387 4037 ἡμῖν
419 3968 507 4018 τὸν
549 3968 780 4037 Πατέρα.
824 3965 955 4020 Εἶτα
1003 3968 1093 4019 καὶ
1136 3972 1327 4037 χρήσει
1364 3967 1622 4037 κέχρηται
1666 3982 1798 4035 γρα-

246 4058 411 4123 φικῇ.
457 4056 517 4107 Ἦ
552 4056 609 4107 δέ
640 4058 784 4108 ἐστιν
829 4058 889 4107 ὲκ
932 4057 1029 4124 τῆς
1074 4054 1292 4124 πρώτης
1340 4054 1627 4121 ωθολικῆς
1683 4056 1798 4104 ἐπι-

247 4148 442 4217 στολῆς
468 4147 559 4199 τοῦ
590 4148 742 4214 ἁγίου
771 4146 1059 4200 ἀποστόλου
1089 4147 1179 4203 καὶ
1206 4144 1581 4211 εὐαγγελιστοῦ
1624 4144 1798 4197 Ἰωάν-

243 4254 365 4291 νου.

324 4328 557 4381 ΖΩΝΔΡ.
610 4328 666 4380 Ὀ
706 4328 828 4390 νοῦς
865 4327 956 4379 τοῦ
998 4325 1259 4398 παρόντος
1296 4326 1514 4386 κανόνος
1560 4322 1797 4384 τοιοῦτός

1917 584 2044 620 num
2076 576 2161 622 est
2210 585 2318 623 non
2361 568 2684 637 perfecerint
2710 590 2721 624 :
2751 583 2897 623 nunc
2933 568 3094 636 hujus
3139 580 3192 621 et
3221 569 3454 637 reliquo-

1916 669 2036 707 rum
2067 654 2529 707 confirmationem
2569 655 2793 717 inducit,
2830 655 3015 709 dicens
3044 672 3055 706 :
3080 654 3179 717 Qui
3221 655 3363 708 enim
3401 655 3457 707 in

1916 742 2308 809 persecutionis
2353 742 2581 805 fervore.
2631 758 2723 797 seu
2760 742 3095 795 vehementia
3138 752 3361 803 stantes,
3406 751 3459 794 et

1916 831 2156 882 videntes
2185 841 2491 889 sanctorum
2522 832 2796 898 martyria.
2832 837 2884 884 et
2915 832 3181 897 quomodo
3211 832 3457 883 caelestes

1913 933 2143 972 coronas
2172 920 2353 971 divino
2385 920 2499 972 zelo
2541 922 2783 988 accipere
2829 921 3175 979 contendant,
3222 936 3277 974 se
3314 923 3460 988 ipsus

1916 1007 2117 1058 dabant
2172 1007 2427 1074 martyrio
2458 1023 2579 1059 cum
2631 1008 2799 1060 multa
2840 1008 3106 1061 libertate.
3139 1019 3191 1059 et
3231 1024 3459 1061 uiamne

1914 1098 2037 1165 quia
2066 1097 2315 1149 videbant
2346 1097 2606 1164 quosdam
2634 1099 2961 1157 subtractos,
2994 1098 3093 1149 hoc
3123 1106 3205 1150 est
3236 1098 3457 1151 eductus

1913 1197 1965 1239 et
1998 1186 2251 1253 deceptos
2282 1202 2311 1237 a
2356 1187 2595 1249 diabolo.
2626 1195 2679 1239 et
2712 1187 2893 1255 lapsos
2934 1202 3028 1240 seu
3062 1198 3315 1255 negantes
3351 1190 3458 1254 pie-

1914 1283 2076 1328 tatem
2106 1295 2117 1329 :
2154 1278 2497 1344 quamobrem
2532 1278 2759 1331 interius
2801 1278 3014 1333 accensi
3046 1296 3138 1333 seu
3178 1281 3340 1333 corde
3374 1281 3457 1331 in-

1914 1364 2189 1427 fl.unmati,
2219 1375 2277 1419 ut
2301 1367 2391 1435 qui
2432 1367 2678 1420 audirent
2711 1384 2769 1421 se
2796 1383 2888 1435 per
2926 1368 3029 1419 hoc
3070 1368 3369 1421 tlebellasse
3397 1383 3457 1421 ac

1911 1455 2103 1507 vicisse
2154 1456 2443 1523 superbum
2490 1458 2856 1511 adversarium
2899 1457 3190 1515 diabolum,
3231 1459 3455 1510 studue-

1913 1555 2037 1597 runt
2068 1546 2250 1599 subire
2272 1549 2607 1614 martyrium.
2642 1563 2708 1599 ne
2730 1546 2989 1615 glorietur
3010 1546 3255 1599 diabolus
3280 1553 3331 1597 et
3357 1548 3456 1598 sibi

1912 1635 2148 1702 prudens
2179 1651 2299 1689 esse
2329 1636 2595 1698 videatur,
2627 1645 2685 1688 ut
2708 1636 2798 1703 qui
2825 1636 3119 1689 calliditate
3152 1650 3248 1688 sua
3269 1645 3319 1688 et
3345 1652 3455 1689 ma-

1911 1726 2018 1776 litia
2050 1740 2142 1778 eos
2172 1727 2362 1778 vicerit
2393 1728 2483 1794 qui
2525 1740 2622 1779 sua
2647 1733 2838 1793 sponte
2878 1726 2943 1777 ad
2985 1726 3301 1793 martyrium
3326 1739 3452 1778 con-

1841 1802 1879 1854 Β
1909 1813 2199 1882 fugerunt:
2238 1816 2398 1869 etiam
2448 1815 2492 1868 si
2523 1830 2642 1868 eum
2691 1816 2845 1867 latuit
2885 1830 2942 1869 se
2988 1817 3159 1881 magis
3206 1814 3345 1865 vinei
3388 1815 3453 1866 ab

1909 1902 2143 1961 athletis.
2176 1904 2267 1970 qui
2303 1910 2567 1956 tormenta
2599 1901 2809 1956 fortiter
2844 1904 3081 1971 perpessi
3113 1909 3257 1955 sunt.
3301 1899 3450 1954 Fide.

1908 1992 2051 2043 libus
2085 2003 2211 2060 ergo
2235 1992 2516 2045 orantibus
2546 2006 2759 2060 equum
2790 2000 2872 2044 est
2904 2006 2999 2059 pro
3031 1992 3160 2058 ipsis
3191 1992 3451 2059 supplicio

1907 2080 2111 2134 aﬂ‘ectis
2131 2090 2182 2133 et
2211 2081 2435 2149 punitis,
2468 2095 2726 2142 annuere,
2764 2080 2875 2134 sive
2903 2081 2955 2132 in
2984 2080 3085 2133 hoc
3110 2095 3450 2141 Concurrere,

1906 2169 2049 2236 quod
2076 2170 2238 2223 etiam
2272 2170 2444 2223 visum
2484 2177 2587 2233 est,
2633 2179 2686 2223 et
2719 2170 2899 2237 aliquo
2933 2169 3091 2221 modo
3124 2170 3254 2220 nihil
3291 2170 3450 2227 ltedit.

1907 2275 2010 2311 una
2041 2274 2162 2312 cum
2193 2260 2505 2328 parentibus
2534 2260 2615 2312 vel
2642 2260 2764 2312 aliis
2796 2258 3193 2313 necessitudine
3226 2259 3449 2325 conjun-

1906 2350 2029 2411 ctis,
2060 2364 2157 2416 pro
2193 2349 2258 2402 iis
2285 2350 2378 2417 qui
2408 2350 2776 2403 testimonium
2815 2350 3078 2403 dederunt
3108 2351 3449 2417 martyrium-
3530 2408 3533 2409 ν

1906 2452 2010 2504 que
2039 2440 2346 2501 subierunt,
2380 2441 2470 2494 sed
2514 2440 2652 2508 lapsi
2688 2449 2822 2493 sunt
2847 2440 3043 2493 diaboli
3076 2448 3189 2492 arte.
3226 2452 3277 2493 et
3318 2438 3448 2492 insi-

1905 2527 2029 2587 diis.
2076 2527 2257 2583 dolere
2299 2538 2352 2583 et
2404 2530 2622 2583 tristitia
2675 2529 2828 2581 allici.
2866 2528 3079 2582 Scimus
3122 2530 3263 2581 enim
3307 2532 3448 2597 quod

1906 2616 2059 2667 multi
2109 2616 2402 2670 bonitatem
2450 2625 2503 2671 et
2550 2617 2975 2671 misericordiam
3040 2617 3131 2670 Dei
3171 2618 3446 2669 consecuti

1905 2713 2032 2757 sunt
2062 2720 2157 2773 per
2187 2706 2413 2759 aliorum
2442 2708 2734 2761 orationes.
2772 2706 2999 2774 Ideoque
3026 2717 3078 2759 et
3109 2708 3239 2774 ipsis
3271 2708 3386 2759 dari
3418 2729 3446 2757 ει

1905 2792 2013 2847 Deo
2041 2802 2385 2862 peccatorum
2417 2796 2786 2849 remissionem
2808 2797 3221 2864 postulabimus,
3251 2803 3304 2847 et
3326 2796 3445 2847 aliis

1904 2887 1995 2953 qui
2030 2887 2160 2955 lapsi
2203 2896 2348 2947 sunt.
2379 2892 2430 2939 et
2462 2894 2645 2954 postea
2678 2902 2917 2940 errorem
2962 2895 3351 2939 revocaverunt
3396 2893 3446 2939 et

1904 2975 2154 3039 pietatem
2189 2974 2433 3026 confessi
2461 2980 2607 3034 sunt.
2660 2974 3197 3034 communicabimus,
3240 2988 3445 3027 memo-

1905 3077 1993 3114 res
2020 3078 2206 3115 eorum
2242 3078 2360 3131 quae
2408 3071 2532 3115 ante
2570 3063 2776 3130 lapsum
2810 3072 3027 3132 propter
3062 3062 3225 3116 Deum
3278 3065 3444 3116 susti—

1899 3161 2138 3207 nuerunt
2172 3155 2547 3221 certaminum,
2578 3163 2629 3208 et
2655 3157 2815 3208 etiam
2854 3158 3002 3208 bonae
3031 3170 3214 3209 eorum
3260 3166 3444 3223 postea

1902 3244 2254 3311 poenitentiae.
2299 3254 2352 3298 et
2398 3245 2540 3314 quod
2564 3259 2622 3299 se
2664 3246 2810 3313 ipsos
2857 3245 3032 3297 testati
3086 3252 3210 3298 sunt
3247 3259 3374 3297 esse
3415 3258 3444 3295 τι

1901 3335 2119 3387 civitate
2160 3336 2364 3387 alienos
2393 3342 2612 3402 propter
2643 3341 2917 3402 peccatum
2952 3351 2965 3385 :
3017 3342 3070 3386 et
3117 3347 3223 3384 non
3270 3332 3443 3383 solum

1902 3421 2034 3491 ipsis
2064 3425 2603 3487 communicabimus,
2649 3425 2741 3479 sed
2769 3436 2817 3478 et
2849 3438 2944 3492 pro
2973 3438 3158 3475 eorum
3198 3423 3443 3474 reconci-

1902 3512 2120 3566 liatione
2157 3515 2456 3580 orabimus,
2492 3529 2612 3567 cum
2665 3514 2784 3567 aliis
2814 3528 2932 3575 qua:
2959 3513 3133 3573 decet,
3179 3527 3273 3564 seu
3318 3525 3440 3563 cuni

1900 3603 2058 3656 bonis
2101 3604 2354 3671 operibus
2403 3618 2523 3672 qua:
2561 3602 2757 3656 debent
2806 3602 2873 3654 ab
2914 3599 3045 3668 ipsis
3076 3599 3209 3660 ﬁeri,
3238 3598 3442 3665 jejunio

1900 3694 2128 3751 scilicet.
2177 3692 2516 3761 eleemosyna
2567 3699 2618 3745 et
2649 3691 2991 3760 poenitentia;
3033 3704 3125 3756 per
3167 3703 3303 3756 quae,
3350 3686 3441 3754 qui

1900 3796 1996 3849 pro
2041 3782 2195 3834 nobis
2228 3791 2310 3835 est
2345 3781 2657 3841 advocatus,
2690 3778 2900 3832 Patrem
2952 3779 3105 3831 nobis
3150 3776 3437 3845 propitium

1899 3870 2320 3939 benevolumque
2360 3870 2537 3926 eﬂi‘cit.
2583 3869 2785 3924 Deinde
2829 3876 2882 3923 et
2924 3884 3090 3923 saera:
3145 3866 3440 3932 Scriptura:

1900 3962 2164 4014 sententia
2200 3976 2329 4014 usus
2360 3968 2460 4014 est.
2502 3960 2575 4013 Ea
2607 3975 2733 4013 vero
2762 3967 2928 4013 estex
2963 3960 3129 4025 prima
3159 3957 3425 4009 catholica

1897 4052 2120 4117 epis-tota
2151 4051 2320 4103 sancti
2351 4048 2575 4116 apostoli
2610 4058 2660 4101 et
2686 4047 3022 4112 evangelista:
3050 4044 3294 4100 Joannis.

1967 4307 2165 4359 Zomn.
2204 4305 2373 4373 liujus
2425 4307 2649 4360 canonis
2704 4308 2966 4361 sententia
3020 4307 3282 4375 ejusmodi
3335 4316 3431 4361 est.

244 4421 397 4470 ἐστιν
416 4433 428 4446 ·
456 4419 515 4470 Οἱ
544 4420 600 4468 ὲν
629 4416 704 4485 τῷ
734 4416 1023 4484 βράσματι,
1047 4394 1197 4485 φησὶ,
1220 4414 1313 4466 τοῦ
1342 4412 1602 4482 διωγμοῦ,
1628 4414 1791 4481 ἤγουν

1902 4396 1999 4459 Qui
2034 4397 2087 4448 in
2141 4394 2374 4452 fervore.
2418 4397 2612 4463 inquit,
2660 4399 3069 4465 persecutionis.
3102 4397 3204 4449 hoc
3252 4406 3335 4449 est
3386 4398 3436 4449 in

242 4509 308 4559 ὲν
341 4510 403 4575 τῇ
438 4508 586 4575 ἀκμῇ
612 4545 625 4565 ,
668 4509 731 4574 τῇ
776 4504 918 4567 ζέσει
962 4505 1270 4572 ἱστάμενοι,
1320 4503 1410 4553 καὶ
1450 4503 1681 4572 ὁρῶντες
1726 4502 1792 4553 τά

248 4594 521 4666 μαρτύρια
546 4595 652 4647 τῶν
682 4594 883 4661 ἁγίων,
927 4593 1020 4644 καὶ
1059 4593 1203 4653 ὅπως
1244 4591 1527 4643 σπεύδουσι
1577 4593 1699 4652 τοὺς
1736 4590 1792 4653 ἐξ

242 4684 474 4752 οὐρανοῦ
504 4684 793 4749 στεφάνους
822 4681 1002 4732 λαϐεῖν
1026 4719 1040 4742 ,
1066 4680 1203 4733 κατά
1238 4678 1396 4750 ζῆλον
1442 4678 1583 4734 θεῖον
1615 4678 1793 4731 ἐπεδί-

241 4775 372 4826 δουν
403 4773 623 4835 ἑαυτοὺς
650 4776 726 4833 είς
747 4772 812 4825 τὰ
843 4769 1128 4839 μαρτύρια,
1166 4768 1302 4838 μετά
1330 4768 1635 4838 παρρησίας
1663 4767 1761 4819 πολ

241 4864 347 4931 λῆς
390 4864 721 4933 ὁρμήσαντες
768 4863 847 4922 είς
890 4859 979 4911 τὸν
1026 4858 1242 4923 ἀγῶνα,
1286 4856 1623 4926 ζηλώσαντες
1669 4858 1790 4918 τούι,

242 4949 432 5015 ἁγίους
456 4950 757 5016 πάσχοντας
776 4988 791 5010 ,
822 4947 914 4999 καὶ
948 4945 1215 5006 ἐπιδόντες
1239 4946 1463 5007 ἑαυτοὺς
1499 4944 1791 5013 προθύμως

240 5042 314 5106 τῇ
368 5039 635 5107 μαρτυρίᾳ
658 5077 673 5099 ,
723 5038 813 5089 καὶ
847 5034 1073 5105 μάλιστα
1104 5033 1183 5085 ὅτι
1224 5033 1443 5084 ἔϐλεπον
1470 5050 1621 5095 τινας
1665 5033 1793 5083 ὐπο-

244 5128 598 5197 συρομένους,
649 5128 765 5179 ἀντὶ
798 5125 909 5187 τοῦ,
930 5123 1352 5192 κλεπτομένους,
1398 5122 1791 5190 ἀπατωμένους

241 5219 341 5274 καὶ
382 5217 739 5288 ἀρνουμένους
771 5217 867 5285 τὴν
896 5213 1168 5267 εὐσέϐειαν
1190 5250 1204 5273 ,
1236 5211 1749 5281 ὐποθερμαινόμενοι
1774 5252 1788 5275 ,

240 5311 363 5376 ἦτοι
407 5308 728 5377 πυρούμενοι
766 5305 864 5374 τὴν
911 5302 1168 5372 καρδίαν,
1198 5301 1453 5353 ἔσπευδον
1490 5300 1788 5352 καταπολε-

246 5397 420 5465 μῆσαι
444 5395 531 5448 τὸν
561 5397 755 5457 αὐτοὺς
780 5392 1111 5462 ὐποσύροντα
1144 5391 1396 5460 πονηρὸν,
1426 5390 1511 5441 ἵνα
1547 5388 1619 5458 μὴ
1653 5406 1789 5439 καυ-

236 5488 433 5555 χὶται,
465 5486 539 5547 ὡς
567 5486 738 5554 ήττῶν
787 5485 912 5548 τοὺς
958 5482 1198 5544 εὐσεϐεῖς
1223 5499 1237 5513 ο
1284 5485 1331 5534 εί
1366 5481 1459 5532 καὶ
1506 5479 1790 5531 ἐλάνθανεν

238 5575 430 5629 ἑαυτὸν
457 5576 695 5643 ἀγνοῶν,
733 5577 813 5627 ὅτι
859 5574 1051 5644 μᾶλλον
1093 5573 1350 5642 ἡττᾶται,
1385 5569 1591 5622 πολλῶν
1631 5568 1788 5639 μέχρι

847 5665 871 5677 η

239 5665 471 5719 θανάτου
506 5666 599 5734 τὴν
633 5666 768 5737 ὑπὲρ
816 5665 909 5733 τῆς
948 5665 1175 5727 πίστεως
1208 5661 1454 5714 ἔνστασιν
1487 5657 1785 5727 ἐνδειξαμέ-

1896 4498 2106 4535 summo
2143 4483 2286 4535 illius
2317 4484 2626 4536 discrimine
2665 4484 3240 4552 vehementissimeque
3282 4484 3435 4537 dimi-

1894 4573 2104 4626 catione
2153 4574 2453 4635 constituti,
2496 4588 2559 4625 ac
2590 4575 2844 4642 martyria
2886 4583 3191 4627 sanctorum
3226 4577 3435 4626 intuen-

1894 4670 1995 4723 tes,
2032 4673 2083 4714 et
2109 4678 2270 4727 quam
2324 4662 2664 4716 vehementer
2708 4663 2774 4715 ad
2805 4664 3147 4729 accipiendas
3187 4663 3436 4715 cwlestes

1893 4767 2121 4806 cnrnnas
2173 4751 2521 4813 festinarent.
2567 4753 2747 4806 divina
2798 4753 3137 4805 aemulatione
3187 4767 3244 4805 se
3293 4754 3435 4820 ipSUS

1893 4842 2149 4911 martyrio
2176 4843 2462 4905 tradidere,
2478 4843 2648 4895 multa
2674 4857 2793 4894 cum
2816 4843 3058 4896 libertate
3088 4842 3139 4894 in
3163 4852 3434 4896 certamen

1892 4932 2221 4997 desilientes,
2253 4944 2558 4988 sanctorum
2597 4934 2689 5002 qui
2736 4934 3076 5001 paziebantnr
3117 4933 3436 4995 imitatione,

1892 5037 2053 5089 seque
2081 5033 2357 5091 promptos
2388 5022 2451 5076 ad
2481 5024 2635 5076 fidem
2677 5023 2982 5076 testimonio
3013 5022 3433 5073 conlirinamiam

1891 5116 2156 5176 obtulere,
2196 5123 2305 5166 tum
2336 5115 2407 5166 ob
2439 5114 2488 5166 id
2512 5114 2743 5166 maxime
2766 5114 2890 5181 quia
2926 5112 3123 5162 inuitos
3154 5120 3436 5162 Ccl‘fiel‘t‘lzl

1891 5206 1981 5277 qui
2018 5204 2496 5267 subtrahebantur,
2529 5205 2628 5256 hoc
2679 5211 2760 5256 est
2815 5200 3252 5261 traducebantur,
3288 5200 3436 5254 deci-

1892 5297 2192 5363 piebantur,
2218 5296 2467 5364 pietatem
2518 5294 2800 5363 negabant.
2838 5293 3122 5352 ferventes.
3178 5292 3276 5343 hoc
3330 5300 3430 5352 est.

1891 5387 2161 5438 flammato
2186 5386 2367 5448 corde.
2407 5385 2657 5438 infestum
2686 5384 2818 5451 ipsis
2849 5383 3213 5441 adversarium
3252 5381 3435 5435 debel-

1892 5477 2001 5529 lare
2030 5477 2374 5539 studucrunt,
2410 5490 2474 5528 ne
2515 5473 2672 5527 veluti
2719 5472 2925 5539 piorum
2966 5473 3137 5524 victor
3178 5473 3434 5539 gloriam--

1892 5577 2008 5632 lur;
2044 5568 2291 5636 quamvis
2347 5583 2466 5621 cuin
2520 5567 2753 5627 latuerit.
2787 5566 2925 5617 vinci
2974 5580 3031 5617 se
3077 5563 3277 5631 potius,
3308 5574 3434 5615 cum

1896 5658 2048 5711 multi
2084 5656 2147 5710 ad
2180 5665 2402 5710 nnrtetn
2432 5671 2602 5724 usque
2635 5670 2731 5723 pro
2791 5655 2891 5709 title
2935 5654 3290 5707 constantiam
3328 5667 3435 5723 prae
