3998 6326
283 377 391 439 513

1412 370 1491 430 1N
1524 366 1764 429 EPIST.
1797 370 1863 427 S.
1902 367 2132 427 PETRI
2166 367 2384 426 ALEX.

3401 359 3506 426 514

284 500 486 574 ᾐτιάθη
520 503 549 555 ό
570 500 767 573 Κύριος
794 520 805 533 ·
842 504 931 557 καὶ
962 504 1057 573 τῆς
1098 501 1373 556 Ἐλισάόετ
1397 501 1673 571 φυγούσης
1701 498 1826 569 μετᾶ

1940 512 2097 565 quam
2126 498 2194 550 ob
2221 512 2354 558 rem,
2390 496 2583 563 inquit,
2616 494 2755 547 haud
2789 498 3077 545 accusatus
3109 495 3188 543 est
3212 486 3493 541 Dominus.

301 590 573 654 Ἰωάννου,
601 592 693 643 καὶ
722 591 1180 661 παραφυλαξάσης
1206 591 1387 654 αὑτὸν,
1415 591 1443 640 ό
1469 590 1651 659 πατὴρ
1681 588 1841 641 αὑτοῦ

285 679 567 749 Ζαχαρίας
615 680 873 753 ἀνῃρέθη,
899 681 989 733 τὸν
1035 681 1151 734 υἱὸν
1197 677 1618 748 ἀπαιτούμενος,
1653 677 1768 733 ἀλλ’
1815 680 1843 729 ὁ

296 768 553 839 Ἰωάννης
583 769 670 824 διὰ
692 771 848 824 τοῦτο
875 772 974 823 οὐκ
998 771 1210 841 ᾐτιάθη.

882 921 1119 974 ΚΑΝοΝ
1157 922 1252 973 lA'.

360 1027 379 1058 ι
430 1007 493 1061 Εἰ
523 1008 577 1061 δέ
601 1025 744 1071 τινες
772 1007 891 1078 βίαν
914 1010 1108 1081 πολλὴν
1138 1010 1230 1063 καὶ
1253 1009 1495 1078 ἀνάγκην
1523 1005 1837 1071 πεπόνθασι,

286 1116 306 1148 ι
353 1097 519 1167 χάνον
550 1098 616 1128 ⁸¹⁶
660 1098 908 1162 λαῦόντες
938 1101 995 1153 ὲν
1025 1099 1103 1169 τῷ
1121 1100 1345 1170 στόματι
1377 1099 1469 1151 καὶ
1483 1098 1729 1168 δεσμοὺς,
1747 1098 1840 1150 καὶ

290 1206 311 1238 ι
359 1187 736 1257 ἐπιμείναντες
770 1190 1049 1261 καρτερῶς
1080 1193 1145 1259 τῇ
1174 1188 1403 1242 διαθέσει
1448 1189 1544 1258 τῆς
1572 1188 1803 1249 πίστεως
1822 1225 1836 1249 ,

286 1296 307 1328 ι
356 1278 452 1330 καὶ
479 1277 576 1339 τάς
598 1281 784 1349 χεῖρας
814 1279 991 1332 αὐτῶν
1018 1281 1106 1310 ⁸¹⁶⁶
1138 1280 1332 1347 καῆναι
1359 1277 1768 1348 προσαγομένας
1796 1274 1840 1306 ⁸³

283 1384 305 1418 ι
353 1368 542 1421 ἀκοντὶ
566 1368 768 1439 (16)τῷ
802 1370 999 1438 ἀνιέρῳ
1038 1368 1254 1438 θύματι·
1296 1367 1576 1437 ὠσπεροῦν
1598 1365 1838 1435 ἔγραψάν

283 1478 303 1509 ι
355 1476 450 1529 μοι
464 1462 512 1511 οἱ
528 1460 633 1513 ἀπὸ
649 1459 748 1529 τῆς
770 1460 1012 1529 φυλακῆς
1026 1460 1407 1529 τρισμακάριοι
1430 1458 1700 1528 μάρτυρες
1713 1457 1838 1526 περὶ⁵

282 1568 301 1599 ι
352 1550 464 1601 τῶν
478 1552 533 1602 ὲν
549 1550 741 1624 Λιϐύῃ,
763 1551 857 1603 καὶ
875 1550 1049 1619 ἕτεροι
1065 1550 1121 1601 δὲ
1154 1548 1570 1619 συλλειτουργοίο
1592 1550 1641 1599 οἱ
1666 1545 1839 1599 τοιοῦ-

280 1657 299 1688 ι
352 1656 471 1701 τοι,
506 1639 1026 1710 συμμαρτυρούντων
1051 1639 1231 1701 αὐτοῖς
1274 1638 1318 1669 ⁸⁸
1349 1637 1579 1707 μάλιστα
1614 1637 1707 1691 καὶ
1735 1636 1838 1689 τῶν

280 1749 300 1781 ι
348 1729 527 1785 ἄλλων
557 1731 797 1799 ἀδελφῶν
821 1732 886 1794 ⁸⁸,
909 1730 1158 1784 δύνανται
1188 1727 1326 1783 εἶναι
1355 1732 1413 1783 ἐν
1438 1733 1504 1801 τῇ
1536 1729 1837 1800 λειτουργίᾳ

278 1837 298 1870 ι
345 1820 637 1888 ταχθέντες
669 1824 726 1873 ὲν
766 1824 877 1885 τοῖς
915 1822 1286 1892 ὁμολογηταϊς,
1324 1820 1399 1883 ὡς
1444 1820 1537 1873 καὶ
1580 1822 1627 1873 οἱ
1674 1837 1837 1873 κατα-
1865 1809 1909 1865 Β

279 1930 299 1963 ι
349 1914 715 1982 νεκρωθέντες
739 1916 796 1966 ὲν
815 1916 935 1975 ταῖς
963 1912 1184 1975 πολλαῖς
1215 1911 1486 1982 βασάνοις,
1518 1914 1611 1966 καὶ
1641 1912 1833 1982 μηκέτι

278 2019 298 2051 ι
350 2001 732 2070 ὲξισχύσαντες
775 2001 1063 2071 λαλῆσαιῆ
1107 2000 1435 2069 φθέγξασθαι
1473 2001 1505 2069 ἢ
1554 2001 1834 2071 κινηθῆναι

277 2110 297 2143 ι
348 2095 434 2154 είς
464 2092 527 2145 τὸ
562 2093 874 2162 ἀντιστῆναι
924 2095 1035 2174 τοῖς
1075 2094 1153 2152 εἰς
1188 2093 1366 2162 μάτην
1404 2090 1735 2162 βιαζομένοις
1766 2093 1830 2123 uo

275 2199 296 2231 ι
345 2180 473 2233 οὐδὲ
502 2181 605 2252 γὰρ
632 2180 1020 2249 συγκατέθεντο
1041 2184 1107 2251 τῇ
1127 2180 1592 2251 βδελυρίᾳιαὺτῶν,
1625 2180 1834 2249 ὡσπερ-

276 2290 296 2322 ι
340 2269 442 2323 οὖν
462 2272 608 2341 παρά
622 2272 1037 2341 συλλειτουργῶν
1072 2272 1229 2325 πάλιν
1252 2273 1456 2341 ἥκουσα
1477 2272 1608 2342 (l7).
1623 2272 1847 2341 Ταχθήω

272 2377 293 2409 ι
352 2375 511 2412 σεται
548 2360 603 2413 δὲ
633 2362 691 2412 ὲν
732 2360 798 2391 ⁶⁶’
830 2364 941 2424 τοῖς
955 2360 1309 2431 ὁμολογηταῖς
1350 2362 1442 2414 καὶ⁸
1464 2364 1569 2425 πᾶς
1590 2361 1830 2414 ὁστισοῦν

272 2464 293 2496 ι
340 2445 489 2497 κατά
516 2447 776 2515 Τιμόθεον
802 2447 1134 2499 πολιτεύεται
1154 2486 1169 2510 ,
1208 2447 1523 2517 πειθόμενος
1550 2450 1642 2502 καὶ
1670 2450 1830 2511 αὐτὸς

269 2551 293 2587 ι
340 2534 423 2602 τῷ
448 2534 675 2601 λέγοντι·
711 2537 889 2588 Διωκε
928 2536 1015 2566 ⁸⁸⁸·
1048 2536 1456 2603 δικαιοσύνην,
1501 2538 1828 2601 εὐσέϐειαν,

271 2644 292 2677 ι
344 2626 573 2689 πίστιν,
636 2626 894 2706 ἁγάίτην,
954 2629 1289 2696 ὑπομονὴν,
1348 2630 1646 2695 πραότητα
1680 2630 1824 2660 κω,

271 2732 291 2764 ι
342 2712 637 2782 ἀγωνίζου
664 2715 771 2768 τόν
801 2715 994 2769 καλὸν
1033 2717 1231 2785 ἀγῶνα
1262 2717 1370 2784 τῆς
1398 2720 1675 2783 πίστεως·
1706 2721 1831 2773 ἐπι-

271 2821 292 2855 ι
338 2805 533 2859 λαϐοῦ
584 2806 697 2872 τῆς
763 2808 1003 2861 αἰωνίου
1057 2807 1202 2874 ζωῆς
1257 2811 1344 2874 εἰς
1400 2808 1480 2875 ἢν
1538 2811 1826 2876 ἐκλήθης,

264 2909 289 2944 ι
336 2894 721 2960 ὁμολογήσας
744 2894 879 2926 ⁶⁶⁶¹⁶⁶
904 2896 1015 2962 τὴν
1034 2898 1233 2965 καλὴν
1246 2900 1564 2977 όμολογίαν
1576 2898 1829 2953 ἐνώπιον

264 3000 288 3035 ι
333 2982 583 3035 πολλῶν
589 2985 914 3050 μαρτύρων.
964 3004 984 3037 ι

335 3074 539 3125 ΒΑΛΣ.
566 3074 702 3136 Τοὺς
727 3073 834 3126 ἀπὸ
865 3074 983 3143 βίας
1011 3077 1335 3146 τυραννικῆς
1354 3077 1622 3143 δόξανταςι
1635 3082 1823 3146 φαγεῖν

260 3162 439 3232 κρέας
472 3162 535 3212 ἐκ
572 3160 677 3213 τῶν
709 3162 1107 3228 εἰδωλοθύτων,
1154 3167 1186 3235 ἢ
1232 3170 1374 3219 πιεῖν
1424 3164 1562 3219 οἶνον
1607 3170 1671 3219 ἐκ
1716 3171 1822 3220 τῶν

272 3250 609 3321 Ἑλληνικῶν
633 3253 870 3306 σπονδῶν
928 3256 1108 3325 (τυχὸν
1132 3257 1239 3327 γὰρ
1258 3259 1404 3326 ,κατά
1434 3261 1535 3329 γῆς
1563 3262 1610 3312 ot
1633 3278 1825 3332 τυραν-

257 3342 486 3404 νοῦντες
531 3342 742 3411 θέμενοι
782 3345 1029 3409 τούτους,
1076 3349 1168 3400 καὶ
1200 3349 1414 3417 χάνους,
1451 3351 1566 3418 ἦτοι
1613 3352 1822 3421 σιδήρια

257 3431 522 3501 βαλόντες
554 3434 632 3495 είς
674 3433 741 3486 τά
776 3434 1015 3503 στόματα
1046 3437 1251 3500 αὐτῶν,
1302 3437 1440 3491 ὥστε
1472 3440 1641 3493 διόλου
1684 3439 1819 3495 εἶναι

254 3525 586 3591 ὴνεῳγμένα
604 3561 618 3585 ,
646 3523 868 3591 ἐπέχεον
898 3526 976 3586 είς
1006 3526 1097 3577 τὸν
1131 3528 1382 3597 φάρυγγα
1428 3528 1628 3581 τούτων
1659 3527 1817 3595 οἶνον,

257 3613 357 3665 καὶ
390 3611 527 3681 κρέα
561 3612 920 3682 ὲπέρῤιπτον,
964 3615 996 3684 ἢ
1032 3616 1122 3667 καὶ
1163 3619 1281 3678 ταῖς
1310 3618 1492 3686 χερσὶν
1526 3619 1702 3672 αὐτῶν
1730 3622 1821 3671 ἀν-

256 3699 497 3768 θρακιάς
524 3702 657 3769 μετά
688 3701 981 3755 λιϐανωτοῦ
1023 3704 1235 3773 θέμενοι
1255 3744 1270 3767 ,
1307 3708 1709 3777 παρεσκεύαζον
1735 3711 1821 3780 δῆ-

255 3788 354 3841 θεν
380 3787 528 3841 θύειν
554 3790 805 3859 αὐτοὺς),
843 3793 1133 3862 κληρικοὺς
1185 3796 1280 3864 μὲν
1318 3797 1507 3861 ὄντας.
1547 3802 1684 3852 εἶναι
1725 3802 1817 3853 καὶ

254 3872 425 3929 πάλιν
455 3877 514 3928 ὲν
542 3877 619 3945 τῷ
653 3879 838 3949 οἰκείῳ
885 3879 1080 3949 βαθμῷ
1104 3885 1131 3934 ὁ
1172 3883 1349 3935 κανὼν
1384 3884 1707 3954 διορίζεται,
1744 3890 1817 3950 ὡς

255 3963 628 4032 τεταγμένους
661 3967 799 4035 μετά
827 3968 932 4020 τῶν
969 3969 1325 4039 ὀμολογητῶν·
1351 3970 1568 4035 λαῐκοὺς
1612 3975 1687 4039 δὲ,
1734 3976 1816 4027 λο-

254 4051 507 4118 γίζεσθαι
540 4054 615 4116 ὡς
645 4056 957 4127 μάρτυρας,
997 4058 1082 4112 διά
1125 4060 1185 4112 τὸ
1216 4062 1289 4131 μὴ
1324 4064 1459 4115 κατὰ
1503 4066 1813 4136 προαίρεσιν

256 4140 473 4191 οἰκείαν
506 4142 725 4212 ποιῆσαι
750 4144 921 4197 ταῦτα
948 4146 1184 4212 τούτους,
1224 4149 1355 4219 μηδὲ
1385 4154 1811 4218 συγκαταθέσθαι

254 4229 397 4290 ὅλως
422 4233 492 4299 τῇ
523 4232 716 4301 πράξει
739 4252 751 4263 ·
784 4234 968 4306 ὥσπερ
997 4240 1106 4300 τοῖς
1133 4241 1485 4310 ὁμολογηταῖς
1517 4247 1797 4317 συνταχθήυ

258 4333 444 4370 σονται
481 4321 574 4371 καὶ
607 4323 655 4372 oi
682 4324 746 4392 τῇ
769 4325 876 4377 τῶν
907 4326 1151 4391 βασάνων
1176 4332 1384 4402 ἀνάγκη
1412 4335 1809 4404 παραλυθέντες

254 4407 349 4462 τὸν
378 4410 528 4463 τόνον
550 4412 643 4463 τοῦ
676 4413 942 4483 σώματος,
965 4419 1055 4471 καὶ
1086 4420 1158 4489 μὴ
1184 4421 1463 4491 δυνάμενοι
1498 4426 1807 4495 ἀντιστῆναι
1841 4424 1884 4480 D

254 4501 369 4563 τοῖς
395 4500 673 4587 ἐκχέουσιν
700 4506 781 4565 εις
815 4504 882 4557 τὰ
916 4508 1153 4575 στόματα
1191 4511 1368 4562 αὐτῶν
1400 4509 1536 4564 οἶνον
1570 4515 1677 4567 ἀπὸ
1703 4516 1810 4567 τῶν

258 4587 520 4643 σπονδῶν.
561 4589 713 4660 Ἑξῆς
743 4590 798 4643 δὲ
837 4592 963 4661 περὶ
990 4595 1096 4648 τῶν
1132 4596 1450 4653 διανυόντων
1474 4601 1534 4653 τὸ
1569 4604 1666 4673 τῆς
1698 4622 1812 4658 συν-

254 4673 518 4767 ειδήσεως
553 4678 849 4749 μαρτύριον
889 4680 1073 4749 λέγει,
1111 4685 1393 4751 κάκείνους
1422 4693 1532 4753 τοῖς
1558 4693 1811 4767 ὁμολογη-

252 4766 377 4827 ταϊς
405 4768 740 4837 συναριθμεῖ.
1801 4776 1807 4789 ’

628 4860 689 4909 Ol
738 4860 863 4922 τοὺς
914 4862 1097 4928 ἁγίους
1138 4865 1452 4933 κολάζοντες
1505 4873 1800 4945 μάρτυρας,

255 4942 396 5012 μετὰ
427 4943 691 5012 βασάνους
726 4949 923 5013 πολλὰς
951 4952 1041 5004 ἐπί
1074 4971 1250 5020 τινων,
1291 4958 1378 5029 βίᾳ
1397 4963 1508 5024 τοῖς
1547 4942 1803 5036 στόμασιν

325 5066 350 5094 ιι
379 5053 406 5106 1
449 5054 585 5109 Tim.
617 5072 693 5123 vl,
724 5058 809 5121 Η,
846 5059 908 5111 12

1943 587 2186 654 Cumque
2222 583 2445 651 fugisset
2476 582 2743 636 Elisabetli
2774 596 2895 633 eum
2925 579 3149 638 Joanne,
3210 575 3497 643 ipsumque

1943 686 2232 736 servasset,
2270 672 2585 727 interiectus
2624 682 2705 725 est
2736 670 3047 727 Zacharias,
3092 682 3118 718 a
3143 682 3250 734 quo
3280 664 3483 730 em.th—

1944 763 2158 814 labatur
2197 776 2362 828 puer,
2412 775 2587 828 neque
2630 759 2681 812 id
2735 756 2930 810 Joanni
2995 753 3209 808 crimini
3257 761 3340 805 est
3396 753 3493 804 da-

1943 861 2074 905 ιυιιι.

2398 929 2504 998 22
2519 938 2743 994 cauom
2784 935 2919 991 xw.

2015 1049 2032 1080 ι
2072 1031 2123 1084 Si
2156 1032 2244 1100 qui
2273 1039 2449 1084 autem
2480 1031 2585 1081 vim
2618 1030 2836 1081 multam
2867 1037 2919 1081 et
2946 1025 3316 1080 necessitatem
3345 1024 3492 1090 passi

1950 1141 1966 1172 ι
2001 1132 2147 1185 sunt,
2178 1124 2375 1191 quique
2402 1134 2455 1175 et
2486 1122 2539 1174 in
2570 1137 2663 1175 ore
2692 1121 2896 1175 ferrum
2937 1127 2991 1173 et
3031 1116 3241 1170 vincula
3272 1128 3492 1181 accepe-

1950 1232 1967 1264 ι
2010 1221 2157 1276 runt,
2192 1221 2244 1268 et
2267 1225 2484 1283 propter
2539 1214 2731 1266 bonam
2795 1211 2911 1265 tidci
2971 1209 3328 1266 affectionem,
3362 1218 3492 1259 suas

1948 1324 1965 1356 ι
2005 1321 2222 1374 quoque
2275 1322 2469 1360 manus
2503 1307 2581 1359 uri
2621 1306 2824 1358 fortiter
2866 1303 3225 1373 pertulerunt,
3271 1300 3334 1351 ad
3366 1312 3491 1365 pro-

1945 1414 1963 1447 ι
2002 1395 2186 1449 fanum
2223 1385 2555 1449 sacriﬁcium
2585 1397 2665 1448 eis
2696 1394 2879 1447 invitis
2907 1392 3185 1451 adductas.
3217 1385 3488 1454 Quemad—

1944 1504 1962 1535 ι
1994 1485 2210 1538 modum
2271 1486 2434 1554 igitur
2468 1486 2597 1539 mihi
2638 1486 2973 1554 scripserunt
3003 1498 3066 1537 ex
3093 1480 3338 1537 custodia
3364 1480 3487 1532 bea-

1945 1594 1963 1627 ι
2011 1575 2206 1629 tissimi
2243 1585 2505 1645 martyres
2532 1575 2597 1628 de
2621 1576 2687 1629 iis
2717 1576 2809 1642 qui
2849 1582 2975 1629 sunt
3008 1574 3061 1625 in
3092 1572 3278 1640 Libya,
3318 1576 3370 1621 et
3399 1567 3487 1621 alii

1945 1682 1964 1715 ι
2004 1667 2165 1718 etiam
2185 1664 2239 1717 in
2264 1665 2434 1718 sacris
2464 1664 2849 1728 comministri;
2878 1664 2913 1717 ii
2955 1663 3114 1717 simul
3148 1659 3486 1714 testificanti-

1944 1775 1962 1806 ι
1996 1756 2095 1811 bus
2129 1755 2352 1824 reliquis
2404 1769 2618 1823 quoque
2667 1754 2945 1817 fratribus,
3000 1760 3226 1823 possunt
3289 1748 3485 1803 essein

1942 1872 1961 1905 ι
2004 1868 2160 1907 sacro
2204 1852 2502 1905 ministerio
2542 1853 2684 1905 inter
2731 1849 3074 1903 confessores
3121 1845 3389 1904 collocati,
3431 1850 3489 1896 ut

1941 1962 1959 1994 ι
1989 1954 2040 1997 et
2065 1944 2158 2011 qui
2182 1946 2232 1996 in
2264 1942 2449 1995 multis
2499 1941 2789 1994 tormentis
2820 1937 3090 1992 fortificati
3122 1934 3342 1994 fuerint,
3379 1948 3485 1985 non

1941 2052 1957 2083 ι
1992 2033 2224 2102 amplius
2256 2032 2548 2100 potuerint,
2578 2030 2659 2081 vel
2701 2028 2867 2097 loqui,
2899 2028 2979 2081 vel
3010 2028 3209 2087 dicere,
3238 2023 3321 2077 vel
3372 2036 3489 2074 mo-

1939 2142 1957 2174 ι
2004 2123 2134 2184 veri,
2180 2128 2239 2174 ut
2268 2122 2581 2175 resisterent
2632 2121 2697 2174 iis
2749 2120 2838 2188 qui
2874 2120 2977 2171 vim
3035 2116 3233 2170 frustra
3297 2113 3486 2167 aﬂ‘ere-

1940 2229 1958 2261 ι
1998 2211 2149 2263 bant.
2184 2209 2365 2277 Neque
2389 2212 2729 2262 enimeorum
2752 2206 3079 2275 improbitati
3105 2203 3311 2258 assensi
3336 2209 3481 2255 sunt.

1937 2318 1957 2353 (
1993 2299 2456 2366 Quemadmodum
2484 2313 2610 2365 ergo
2665 2313 2692 2349 a
2732 2296 3125 2351 comministris
3168 2309 3359 2347 rursus
3389 2308 3486 2345 au-

1938 2408 1955 2439 ι
1988 2391 2117 2453 divi,
2153 2388 2655 2442 annnmerabuntur
2689 2387 2827 2439 inter
2859 2384 3239 2446 confessores;
3271 2391 3325 2436 ct
3362 2382 3488 2451 qui-

1938 2500 1954 2531 ι
1991 2497 2202 2550 cunque
2256 2481 2551 2535 secundum
2616 2478 2957 2531 'l‘imotlieum
3003 2478 3167 2528 vitam
3226 2474 3483 2537 instituit,

1936 2591 1953 2622 ι
1992 2588 2186 2640 parens
2210 2573 2255 2625 ei
2311 2587 2525 2640 quoque
2551 2570 2643 2638 qui
2696 2568 2830 2621 dicit
2863 2580 2927 2620 a:
2968 2565 3279 2635 Persequere
3321 2566 3486 2633 justi-

1936 2684 1953 2713 ι
1989 2666 2135 2725 tiam,
2169 2664 2433 2728 pietatem,
2476 2662 2653 2728 ﬁdem,
2716 2659 3063 2722 dilectionem,
3127 2657 3464 2709 tolerantiam

1935 2771 1953 2803 ι
1980 2753 2241 2805 lenitatem
2291 2768 2308 2804 :
2360 2764 2499 2804 certa
2527 2750 2799 2817 pulchrum
2829 2759 3085 2802 certamen
3117 2746 3240 2814 ﬁdei
3260 2762 3280 2799 :
3302 2761 3486 2813 appre-

1934 2860 1951 2891 ι
1992 2842 2152 2895 [tende
2180 2846 2337 2895 vitam
2388 2843 2638 2894 aniestem
2670 2843 2722 2893 in
2751 2856 2907 2908 quant
2931 2848 3141 2892 uocatus
3164 2855 3217 2892 es
3240 2853 3259 2901 ,'
3288 2848 3335 2890 et
3361 2853 3486 2890 con-

1934 2953 1953 2983 ‹
1981 2933 2147 3000 fessus
2177 2950 2352 2986 coram
2380 2934 2556 2985 multis
2584 2931 2795 2985 testibus
2826 2931 3218 2998 confessionem.
3260 2949 3278 2981 ι

1850 3115 1896 3175 c
1998 3111 2157 3164 BALS.
2190 3108 2297 3169 Eos
2327 3109 2416 3176 qui
2443 3108 2492 3160 vi
2515 3108 2793 3176 tyrannica
2823 3105 2926 3159 visi
2956 3111 3083 3159 sunt
3111 3119 3175 3157 ex
3225 3103 3484 3166 idolothy-

1928 3201 1996 3254 tis
2027 3215 2219 3253 carnes
2282 3198 2583 3257 comedere,
2654 3195 2734 3248 vel
2764 3210 2828 3247 ex
2882 3192 3083 3247 Graecis
3132 3191 3482 3245 libationib'ns

1923 3289 2107 3341 vinum
2145 3289 2326 3341 bibere
2352 3286 2509 3353 (forte
2540 3285 2681 3338 enim
2712 3285 2776 3337 iis
2828 3284 2881 3335 in
2931 3290 3127 3335 terram
3161 3279 3404 3346 deiectis,
3428 3289 3482 3333 ct

1922 3379 1974 3431 in
2001 3394 2183 3432 eorum
2224 3391 2315 3429 ora
2355 3375 2527 3427 hamis
2588 3389 2681 3426 seu
2737 3371 3082 3425 ferramentis
3134 3370 3369 3437 injectis,
3421 3378 3479 3421 nt

1922 3480 2133 3533 semper
2163 3471 2346 3532 aperta
2391 3470 2592 3525 essent,
2649 3461 2863 3528 tyranni
2903 3461 2953 3512 in
2987 3474 3171 3513 eorum
3199 3460 3380 3512 fauces
3403 3460 3480 3511 vi-

1921 3572 2049 3609 num
2092 3554 2468 3617 infundebant,
2502 3561 2555 3607 et
2600 3567 2791 3605 carnes
2838 3550 3176 3617 injicit-bant,
3212 3549 3291 3602 vel
3315 3550 3475 3602 etiam

1921 3647 1973 3698 in
1999 3660 2184 3698 eorum
2215 3642 2466 3696 manibus
2497 3642 2822 3694 carbonibus
2852 3654 2973 3692 cum
3009 3639 3166 3692 thure
3212 3639 3477 3705 impositis

1920 3736 2224 3791 sacrificare
2257 3733 2539 3802 cogebant)
2576 3752 2587 3785 :
2622 3732 2667 3785 si
2703 3738 2885 3785 essent
2924 3728 3137 3797 quidem
3184 3727 3387 3790 clerici,
3423 3729 3474 3779 in

1918 3842 2017 3880 suo
2046 3841 2259 3895 quoque
2293 3839 2482 3877 rursus
2515 3822 2681 3892 gradu
2728 3836 2848 3875 esse
2900 3820 3141 3895 decernit
3195 3832 3392 3879 canon,
3422 3826 3476 3868 ut

1914 3917 2004 3986 qui
2032 3918 2280 3971 collocati
2309 3916 2417 3967 sint
2466 3928 2587 3966 cum
2616 3890 3075 3966 confessoribus.‘
3102 3907 3246 3959 Laici
3295 3914 3473 3958 autem

1916 4016 2235 4075 reputentur
2273 4013 2328 4056 ut
2363 4013 2648 4073 martyres,
2682 4002 2825 4070 quod
2856 4001 2891 4052 ii
2928 3999 3039 4052 haec
3069 4012 3167 4051 sua
3197 3998 3474 4050 voluntate

1916 4114 2023 4151 non
2086 4095 2335 4155 fecerint,
2374 4108 2475 4147 nec
2521 4092 2721 4145 actioni
2775 4091 2997 4143 omnino
3033 4090 3240 4142 assensi
3292 4088 3403 4141 sint
3454 4104 3469 4141 :

1913 4185 2364 4257 quemadmodum
2406 4185 2544 4236 inter
2585 4180 2928 4235 confessores
2985 4191 3474 4247 quoque‘numera-

1911 4281 2133 4343 buntur,
2163 4278 2252 4344 qui
2289 4280 2505 4341 propter
2540 4278 2928 4324 tormentorum
2952 4268 3326 4322 necessitatem
3357 4266 3473 4319 dis-

1913 4370 2089 4422 soluta
2120 4365 2363 4433 corporis
2394 4362 2665 4425 firmitate,
2697 4376 2802 4413 non
2829 4361 3067 4413 valentes
3099 4359 3165 4412 iis
3191 4358 3467 4419 resistere,

1914 4460 2003 4527 qui
2040 4460 2093 4510 in
2138 4470 2232 4509 ora
2256 4470 2440 4509 eorum
2494 4453 2673 4505 vinum
2726 4466 2787 4504 ex
2835 4450 3181 4503 libaminibns
3224 4448 3467 4501 effunde-

1918 4549 2067 4602 bant.
2103 4545 2365 4612 Deinceps
2395 4551 2573 4596 autem
2630 4540 2695 4594 de
2732 4542 2797 4594 iis
2824 4542 2913 4608 qui
2944 4540 3286 4592 conscientiae
3324 4553 3467 4591 mar-

1918 4639 2115 4709 tyrium
2145 4644 2430 4705 peragunt,
2481 4632 2634 4694 dicit,
2665 4637 2716 4685 et
2763 4631 2883 4684 illos
2913 4645 3033 4681 cum
3062 4629 3471 4683 confessoribua

1911 4735 2279 4781 COIlIlUﬂlCl‘ﬂl.

1981 4882 2182 4933 Zomn.
2216 4878 2317 4942 Qui
2348 4884 2561 4931 sanctos
2621 4881 2884 4942 martyres
2940 4874 3216 4942 ευριιιίι-ἱίδ
3250 4873 3467 4927 divesn-

1908 4975 2057 5035 bant,
2096 4978 2214 5039 post
2255 4974 2519 5022 tormenta
2540 4965 2705 5017 multa
2732 4966 3001 5018 nonnullis
3052 4980 3142 5028 per
3179 4966 3283 5017 vim
3318 4965 3465 5015 adhi-

1502 5155 1730 5212 νΑιιιΑε
1771 5144 2171 5219 Lisc'rto‘Nes.

308 5238 381 5322 ut
398 5239 632 5322 κάμονλ,
671 5240 759 5271 ’Μ
772 5241 963 5322 ,ἦὺτῶν
994 5259 1101 5322 οἴη·
1187 5247 1689 5322 ,προσᾳγρμένῳν
1770 5253 1814 5283 ⁸⁵
1835 5261 2012 5319 αὐτοῖς
2040 5274 2145 5309 om.
2215 5258 2256 5288 °'
2284 5258 2375 5308 καὶ
2402 5256 2507 5322 τῷν
2528 5254 2765 5322 ἀδελφῶν
2784 5255 2891 5306 τῶν
2921 5258 3134 5311 λοιπῶν.

1618 5320 1726 5349 ⁶⁶”⁶
1754 5327 2146 5393 προσπάθειαν.

244 5302 513 5375 ζομένοις.
565 5308 632 5340 ⁸⁸·
664 5309 1020 5380 ταχθήσονται
1048 5316 1124 5367 ἐν.
1195 5302 1529 5371 δο’“ἐιι1ό.’δέ.

261 5484 276 5503 0
317 5416 577 5503 (16λΤῆς
603 5422 859 5503 πίσςεως
993 5424 1376 5503 d_xortl._Ms.,
1404 5427 1504 5495 τῆς
1543 5430 1794 5503 πίστεως,

242 5488 321 5568 ei»;
364 5488 457 5539 καὶ
514 5488 613 5568 τᾲς
670 5493 855 5568 χεῖρας
912 5494 1103 5568 αὐτῶν
1142 5488 1370 5566 καῆναι,
1409 5488 1798 5568 προσαγόμενοι

242 5555 519 5633 amovisse;
533 5555 775 5633 Etm'ox,
794 5563 850 5611 ὲν
880 5564 942 5629 τῇ
972 5561 1164 5633 Λιϐύῃ.

321 5622 431 5699 (l7)
466 5627 629 5699 Παρὰ
660 5622 1145 5699 mummium;
1165 5631 1418 5698 ἤκουσα,
1445 5652 1497 5687 κ.
1523 5653 1573 5689 τ.
1597 5635 1646 5689 λ.
1677 5636 1798 5691 Με..

243 5694 395 5761 παρὰ
450 5695 870 5767 συλλειτουργῶν
922 5694 1079 5753 πάλιν
1110 5694 1335 5770 ﬁxe-ma,
1383 5694 1703 5775 ταχθήσεται
1742 5708 1796 5757 ἐν

3221 5257 3261 5285 ⁵⁵
3280 5256 3462 5309 ἐκϐια-

2229 5326 2360 5356 ⁶⁸““
2390 5318 2481 5378 καῖ
2504 5318 2876 5394 ὡμολόγησας.

1903 5438 2010 5504 τοῖς
2039 5434 2412 5504 όμολογηταῖς,
2442 5437 2533 5487 καὶ
2572 5438 2696 5498 πᾶς,
2725 5454 2776 5489 κ.
2807 5454 2856 5488 τ.
2883 5439 2928 5487 λ.
2965 5436 3125 5504 (Bt-ne
3155 5452 3279 5495 ms.,
3312 5437 3460 5502 napi

1906 5503 2327 5574 συλλειτουργῶν
2358 5505 2516 5557 πάλιν
2560 5505 2785 5572 ἥκουσα,
2808 5508 3000 5575 quippi-
3029 5508 3149 5571 quia
3178 5506 3457 5575 p:tulo_su-

1907 5574 2087 5642 perius
2110 5570 2307 5646 dific-rit
2339 5584 2560 5631 sanctus
2584 5570 2767 5642 later,
2794 5570 3218 5646 ἔγραῴάτμοιᾲ.
3254 5570 3456 5624 συλλει-

1904 5643 2136 5712 τουργοί.
2174 5644 2350 5713 Εοιτ.)
