3998 6326
548 357 652 420 515

1773 356 2061 418 THEOD.
2121 355 2522 415 BALSAMON

3644 359 3747 429 5l6

548 491 674 554 bita,
710 491 764 545 in
795 506 888 547 ora
904 491 1118 547 illorum
1146 492 1329 545 vinum
1362 489 1794 543 infundebantex
1819 490 2088 543 libarioni-

2208 489 2365 540 ιύτῶν
2396 489 2604 556 ἐνέχεον
2637 485 2775 539 οίνον
2803 490 2863 539 ἐκ
2905 490 3009 542 τῶν
3042 486 3313 554 σπονδῶν,
3346 486 3382 560 ἢ
3413 489 3506 542 καὶ
3538 489 3602 558 ἐκ
3633 507 3737 540 των

547 586 667 644 bus.
705 583 787 635 vel
822 582 986 635 etiam
1004 598 1065 635 ex
1094 583 1234 635 idolo
1256 581 1501 633 mactatis
1527 579 1781 632 carnibus
1819 580 2088 647 quidpiam

545 670 761 722 illorum
803 670 882 720 ori
919 669 1250 731 inserebant,
1294 683 1355 718 ac
1385 669 1539 718 thura
1571 667 1807 733 ipsorum
1844 667 2092 719 manibus

547 757 873 823 injicientes.
925 758 1070 824 ipsos
1127 759 1192 810 ad
1241 773 1384 808 aram
1429 757 1733 816 trahebant,
1761 763 1814 808 et
1869 770 1962 822 per
1987 757 2090 806 vim

547 848 953 913 comprehensis
977 847 1186 900 illorum
1210 847 1476 906 manibus,
1505 854 1594 897 aut
1621 846 1774 897 thura
1793 860 1896 897 arae
1916 860 2095 913 super-

550 935 879 998 fundebant;
911 943 1002 986 aut
1062 936 1224 988 etiam
1257 937 1519 988 carbones
1568 949 1690 986 cum
1739 934 1894 987 thure
1927 936 2095 1002 impo-

551 1025 747 1076 nehant
796 1025 1032 1090 ipsorum
1098 1024 1380 1081 manibus,
1422 1030 1479 1073 ut
1530 1022 1738 1074 ardoris
1794 1022 2094 1074 cruciatum

549 1116 771 1167 minime
812 1114 1061 1173 ferentes.
1093 1115 1218 1166 thus
1240 1130 1362 1166 cum
1387 1115 1712 1167 carbonibus
1747 1114 1801 1166 in
1834 1129 1982 1165 aram
2014 1114 2096 1167 ef—

553 1204 868 1267 funderent;
927 1204 992 1256 ab
1039 1205 1240 1256 eisdem
1283 1219 1472 1271 nempe.
1510 1203 1910 1257 detinebantur.
1938 1202 2099 1270 Ejus-

552 1294 693 1347 modi
740 1295 792 1345 in
832 1308 988 1345 sacro
1029 1293 1329 1346 ministerio
1383 1293 1593 1345 censeri
1647 1309 1804 1361 posse
1850 1292 2097 1356 aﬂirmat,

551 1383 634 1432 vel
664 1382 842 1449 potius
894 1380 946 1432 in
979 1379 1352 1434 confessorum
1387 1381 1570 1431 ordine
1615 1381 1886 1434 collocari.
1917 1379 2100 1447 Neque

553 1470 692 1521 enim
725 1485 819 1521 sua
837 1478 1026 1537 sponte
1057 1470 1134 1522 vel
1159 1469 1511 1537 degustabant
1536 1469 1837 1534 libationes,
1862 1471 1941 1521 vel
1975 1471 2100 1523 thus

553 1563 897 1626 imponcliant
952 1575 1080 1620 arm,
1139 1559 1232 1612 sed
1283 1561 1332 1612 vi
1384 1560 1578 1617 coacti,
1628 1560 1836 1612 ratione
1881 1561 2097 1612 illorum

554 1649 752 1699 actioni
786 1649 1005 1700 minime
1051 1651 1418 1713 consentiente
1473 1665 1485 1700 :
1548 1647 1993 1715 quemadmodum
2050 1657 2103 1701 et

554 1737 752 1802 quibus
784 1745 1174 1788 tormentorum
1203 1739 1524 1789 necessitate
1543 1737 1812 1790 resolutus
1837 1736 2008 1789 fuerat
2023 1739 2101 1790 vi-

556 1838 651 1890 gor
693 1827 956 1891 corporis,
983 1834 1042 1876 ut
1079 1840 1174 1878 nec
1200 1827 1398 1879 moveri
1430 1841 1528 1878 nec
1567 1827 1711 1894 loqui
1740 1837 1977 1894 possent.
2004 1843 2100 1880 nec
2131 1799 2174 1856 Β

561 1913 739 1962 vinum
777 1913 1091 1963 liliationum
1121 1912 1170 1962 in
1197 1927 1288 1962 ora
1323 1913 1562 1979 ipsorum
1591 1929 1684 1980 per
1715 1915 1820 1965 vim
1857 1915 2103 1980 injicien-

557 2000 700 2053 tibus
731 2002 1014 2059 obsistere.
1048 2002 1082 2052 ii
1125 2016 1336 2069 quoque
1369 2003 1542 2053 locum
1576 2003 1714 2055 inter
1763 2000 2104 2054 confessores

553 2088 895 2141 obtinebunt.
935 2088 1160 2142 Disscrit
1183 2097 1356 2143 autem
1383 2105 1504 2142 mox
1525 2089 1591 2142 de
1623 2089 1688 2142 iis
1711 2091 1801 2157 qui
1823 2091 2106 2143 conscien-

558 2179 644 2228 tia
672 2178 981 2245 martyrium
1009 2187 1290 2246 peragunt,
1344 2192 1405 2230 ac
1427 2192 1520 2231 eos
1545 2191 1757 2246 quoque
1793 2178 1844 2230 in
1892 2178 2107 2232 confes-

559 2281 740 2318 θοι-ιω)
780 2283 1000 2320 numero
1033 2269 1192 2320 locat.

1024 2346 1126 2413 23
1144 2354 1367 2409 CANON
1400 2354 1515 2409 XV.

635 2461 651 2491 ‹
687 2442 800 2496 Non
844 2445 1198 2511 reprehendet
1251 2460 1350 2500 nos
1399 2446 1709 2513 quispiam,
1764 2452 2008 2513 quartam
2056 2455 2109 2499 et

567 2551 584 2581 ι
629 2545 834 2585 senem
866 2534 1049 2584 feriam
1083 2534 1454 2595 observantes,
1486 2535 1541 2587 in
1571 2533 1767 2602 quibus
1795 2534 1952 2588 nobis
1977 2535 2111 2602 jeju-

565 2641 585 2671 ‹
629 2638 756 2675 nare
803 2623 1096 2675 secundum
1130 2623 1472 2676 traditionem
1529 2637 1650 2675 cum
1681 2623 1889 2677 ratione
1913 2637 2111 2691 praece-

567 2732 584 2760 ι
625 2719 769 2778 ptum
827 2719 926 2764 est.
983 2710 1237 2774 Quartam
1290 2712 1502 2778 quidem
1560 2721 1776 2781 propter
1841 2713 2032 2766 initum
2079 2727 2111 2765 a

567 2823 584 2851 ι
625 2802 824 2854 Judzeis
859 2803 1146 2855 consilium
1175 2803 1240 2856 de
1281 2805 1584 2869 proditione
1611 2805 1821 2857 Domini
1858 2824 1870 2858 :
1900 2813 2107 2858 sextam

571 2911 588 2938 ι
630 2900 830 2953 autem,
866 2892 1006 2959 quod
1028 2893 1139 2958 ipse
1167 2907 1262 2958 pro
1285 2893 1437 2945 nobis
1464 2909 1657 2960 passus
1687 2895 1774 2946 sit.
1804 2893 1950 2947 Diem
1966 2895 2108 2946 enim

569 2995 588 3026 ι
635 2976 967 3029 Dominicum
1003 2978 1199 3030 latitia
1227 2977 1365 3030 diem
1400 2981 1630 3045 agimus,
1664 2981 1804 3046 quod
1839 2981 1890 3032 in
1931 2994 1994 3033 eo
2026 2995 2111 3031 re—

2192 577 2544 630 εἰδωλοθύτων
2606 577 2780 647 κρεῶν
2841 577 3085 630 ἐνέϐαλον
3113 579 3191 641 είς
3220 579 3280 631 τδ
3326 580 3495 648 στόμα
3537 578 3738 640 αὐτῶν,

2193 669 2283 720 καὶ
2315 669 2432 729 ταῖς
2463 667 2647 735 χερσὶν
2681 665 2858 718 αὐτῶν
2881 666 3206 728 ἐπιτιθέντες
3233 665 3540 731 λιϐανωτὸν,
3561 663 3743 719 εἷλκον

2193 759 2384 817 αὐτοὺς
2415 757 2506 808 ἐπὶ
2541 755 2629 807 τὸν
2662 755 2840 824 βωμὸν
2862 792 2877 817 ,
2912 756 3004 807 καὶ
3045 755 3141 817 τὰς
3181 758 3365 826 χεῖρας
3394 756 3567 808 αὐτῶν
3615 773 3745 825 κρα-

2193 845 2406 907 τοῦντες
2441 845 2552 913 βίᾳ,
2577 843 2666 896 τὸν
2703 843 2992 897 λιϐανωτὸν
3021 844 3238 913 ἐπέχεον
3267 845 3344 914 τῷ
3375 845 3556 915 βωμῷ,
3585 845 3619 915 ἢ
3650 847 3743 896 καὶ

2195 933 2468 1001 ἄνθρακας
2527 931 2663 1000 μετά
2707 929 2998 984 λιϐανωτοῦ
3055 934 3174 993 ταῖς
3236 932 3509 1001 παλάμαις
3565 933 3744 984 αὐτῶν

2196 1023 2473 1076 ἐπετίθουν
2497 1065 2510 1087 ,
2553 1025 2637 1075 ἵνα
2681 1022 2752 1091 μὴ
2785 1023 3037 1092 φέροντες
3074 1022 3172 1090 τὴν
3209 1021 3393 1090 ὀδύνην
3424 1022 3518 1091 τὴν
3547 1025 3611 1074 ὲκ
3648 1021 3747 1090 τῆς

2197 1113 2439 1174 καύσεως
2461 1113 2714 1180 ἐπιχέωσι
2744 1112 2828 1163 τὸν
2860 1111 3150 1175 λιϐανῳτδν
3176 1112 3269 1164 σὺν
3294 1115 3400 1172 τοῖς
3428 1111 3646 1180 ἄνθραξι
3667 1112 3749 1180 τῷ

2202 1202 2393 1271 βωμῷ·
2430 1203 2738 1270 κατείχοντο
2771 1201 2877 1271 γάρ
2912 1203 3037 1270 παρ’
3067 1200 3259 1253 αὐτῶν.
3297 1201 3432 1262 τοὺς
3474 1203 3750 1264 τοιούτους

2200 1293 2328 1361 φησὶ
2379 1291 2634 1343 δύνασθαι
2678 1287 2813 1343 εἶναι
2848 1294 2903 1343 ἐν
2926 1293 2990 1358 τῇ
3014 1289 3337 1359 λειτουργίᾳ,
3365 1290 3396 1358 ἢ
3425 1292 3620 1357 μᾶλλον
3654 1293 3752 1343 καὶ

2201 1383 2259 1432 ἐν
2312 1384 2421 1442 τοῖς
2462 1381 2816 1448 ὁμολογηταῖς
2857 1381 3129 1449 τετάχθαι·
3180 1383 3240 1433 οὺ
3271 1382 3376 1450 γὰρ
3406 1384 3580 1449 οίκείᾳ
3616 1397 3754 1450 προ-

2201 1469 2405 1538 αιρέσει
2445 1471 2476 1539 ἢ
2505 1469 2609 1520 τῶν
2640 1470 2876 1522 σπονδῶν
2904 1470 3190 1538 ἐγεύσαντο
3209 1510 3223 1534 ,
3270 1470 3301 1539 ἢ
3343 1471 3431 1524 τὸν
3459 1472 3753 1524 λιϐανωτὸν

2202 1557 2460 1608 ἐπέϐαλον
2487 1556 2563 1624 τῷ
2596 1557 2782 1626 βωμῷ,
2809 1558 2921 1610 ἀλλ’
2951 1559 2984 1628 ἢ
3019 1558 3124 1627 βίᾳ,
3169 1557 3262 1610 τοῦ
3287 1558 3540 1626 λογισμοῦ
3573 1559 3755 1611 αὐτῶν

2201 1650 2264 1716 τῇ
2311 1647 2501 1716 πράξει
2549 1647 2619 1716 μὴ
2666 1647 3207 1716 συγκατατιθεμένου.
3245 1649 3449 1717 ’Ὠσπερ
3481 1649 3574 1699 καὶ
3602 1649 3650 1698 oi
3683 1650 3752 1716 τῇ

2203 1737 2309 1787 τῶν
2354 1736 2599 1804 βασάνων
2639 1737 2846 1806 ἀνάγκῃ
2894 1737 3291 1808 παραλυθέντες
3335 1737 3423 1790 τὸν
3469 1737 3618 1788 τόνον
3656 1736 3756 1788 τοῦ

2205 1825 2483 1893 σώματος,
2527 1824 2602 1886 ὡς
2646 1827 2778 1892 μήτε
2810 1826 3091 1895 κινηθῆναι
3114 1824 3387 1886 δύνασθαι,
3425 1826 3554 1894 μήτε
3589 1825 3758 1892 φθέγ-

2205 1913 2417 1975 ξασθαι,
2467 1914 2558 1964 καὶ
2586 1914 2895 1982 ἀντιστῆναι
2929 1916 3040 1974 τοῖς
3068 1914 3157 1982 βίᾳ
3192 1917 3269 1976 είς
3295 1913 3364 1966 τά
3392 1913 3626 1981 στόματα
3655 1914 3758 1965 αὑ-

2203 2000 2308 2052 τῶν
2343 2001 2560 2069 ἐκχέασι
2602 2001 2693 2052 τὸν
2723 1997 2862 2053 οἶνον
2911 2000 3012 2052 τῶν
3054 2001 3323 2063 σπονδῶν,
3369 2002 3598 2053 κάκεῖνοι
3641 2004 3762 2065 τοῖς

2203 2088 2556 2157 ὁμολογηταῖς
2592 2089 3064 2157 συνταχθήσονται.
3101 2088 3256 2156 Ἑξῆς
3281 2089 3337 2140 δὲ
3364 2090 3488 2157 περὶ
3515 2089 3621 2141 τῶν
3648 2090 3760 2142 δια-

2204 2178 2434 2228 νυόντων
2462 2177 2521 2227 τὸ
2553 2177 2650 2245 τῆς
2683 2177 3030 2246 συνειδήσεως
3063 2177 3355 2246 μαρτύριον
3382 2176 3544 2243 λέγει,
3575 2179 3762 2232 κάκεί-

2205 2282 2324 2326 νους
2359 2268 2467 2326 τοῖς
2498 2264 2855 2332 ὁμολογηταίς
2886 2264 3248 2334 συναριθμῶν.

2731 2353 2964 2404 ΚΑΝΩΝ
3003 2354 3085 2404 lE'
3113 2352 3241 2422 (ιε).

2282 2463 2299 2494 ι
2345 2445 2458 2496 Οὐκ
2503 2445 2783 2511 ἐγκαλέσει
2825 2461 2906 2506 τις
2949 2445 3077 2512 ἡμῖν
3115 2447 3607 2513 παρατηρουμένοις
3670 2459 3763 2496 ’4εείδ

2213 2551 2232 2584 ι
2276 2533 2445 2602 τράδα
2474 2535 2568 2584 καὶ
2601 2535 2968 2603 παρασκευὴν,
2992 2536 3048 2584 ἐν
3077 2529 3163 2594 αἷς
3195 2536 3283 2584 καὶ
3316 2533 3586 2600 νηστεύειν
3620 2535 3759 2602 ἡμῖν

2213 2640 2231 2673 ι
2277 2623 2412 2675 κατὰ
2449 2624 2740 2692 παράδοσιν
2785 2623 3019 2690 εὐλόγως
3070 2624 3479 2692 προσετέτακτο.
3515 2622 3623 2692 Τὴν
3657 2624 3763 2692 μὲν

2213 2732 2233 2764 ι
2277 2714 2381 2783 γὰρ
2409 2715 2638 2783 τετράδα
2663 2712 2775 2784 (19)
2803 2715 2889 2765 διὰ
2914 2715 2972 2766 τὸ
2997 2715 3280 2782 γενόμενον
3309 2713 3624 2781 συμϐούλιον
3653 2712 3763 2765 ὐτώ

2214 2820 2232 2852 ι
2277 2801 2384 2852 τῶν
2416 2801 2677 2853 Ἰουδαίων
2710 2804 2800 2853 ἐπὶ
2837 2805 2902 2871 τῇ
2947 2802 3199 2871 προδοσίᾳ
3241 2801 3333 2853 τοῦ
3375 2802 3608 2870 Κυρίου·
3659 2813 3759 2851 ττι]

2214 2908 2234 2940 ι
2277 2889 2330 2940 δὲ
2372 2892 2751 2958 ’παρασκευὴνῑ
2803 2892 2883 2941 ὅτι
2925 2890 3083 2950 αὐτὸς
3126 2891 3263 2958 ὑπὲρ
3310 2888 3463 2957 ἡμῶν
3507 2888 3672 2940 ἔπαθε
3690 2889 3758 2938 ".

2217 2995 2234 3025 ι
2281 2976 2558 3044 Κυριακὴν
2593 2976 2649 3027 δὲ
2691 2977 3032 3044 χαρμοσύνης
3065 2976 3274 3045 ἡμέραν
3317 2977 3517 3045 ἄγομεν
3553 2969 3638 3027 διὰ
3667 2974 3764 3025 τὸν

569 3084 589 3115 ι
623 3066 918 3118 surrexerit
953 3083 967 3119 :
994 3067 1049 3119 in
1082 3081 1186 3134 quo
1216 3081 1312 3119 nec
1333 3081 1503 3134 genua
1531 3069 1743 3135 quidem
1776 3066 1989 3121 ﬂectere
2023 3082 2109 3120 ac-

2219 3081 2237 3111 ι
2284 3062 2585 3114 ἀναστάντα
2635 3064 2693 3116 ἐν
2736 3064 2904 3134 αὐτῇ,
2956 3066 3014 3117 ἐν
3144 3063 3262 3116 οὐδέ
3313 3064 3513 3131 γόνατα
3562 3063 3765 3115 κλίνειν

569 3169 592 3202 «ι
626 3168 885 3221 cepimus.
923 3171 942 3203 ι

636 3242 793 3295 Βιλιε.
843 3241 1252 3307 (lonsequenter
1288 3241 1621 3309 sexagesimo
1671 3253 1862 3310 quarto
1915 3243 2110 3295 canonl

569 3329 886 3397 apostolico.
910 3330 1002 3395 qui
1035 3329 1275 3380 decernit
1308 3345 1413 3380 non
1441 3345 1559 3381 csse
1586 3329 1738 3380 nobis
1759 3328 2111 3395 jejunandum

570 3420 844 3481 Sabbatis,
877 3426 1069 3486 praeter
1116 3418 1623 3489 unumSabhatum,
1684 3433 1932 3485 magnum
1967 3418 2115 3472 scili-

571 3523 685 3575 cet;
720 3518 772 3563 et
812 3511 1146 3577 sexagesimo
1201 3525 1343 3563 nono
1374 3511 1462 3577 qui
1516 3511 1668 3562 valde
1719 3511 1872 3577 punit
1901 3524 1994 3562 eos
2022 3509 2114 3576 qui

573 3614 727 3653 sacra
755 3598 1176 3666 Quadragesima
1209 3599 1602 3665 nonjejunant,
1642 3599 1894 3664 omnique
1927 3605 2116 3665 quarta

573 3700 624 3743 et
659 3698 808 3742 sexta
848 3688 999 3748 feria.
1033 3703 1264 3755 praesens
1294 3703 1508 3755 quoque
1542 3689 1801 3741 decernit.

647 3777 847 3830 Zouan.
882 3779 1121 3844 Semper,
1157 3778 1348 3844 inquit,
1402 3787 1589 3843 quarta
1621 3786 1672 3829 et
1703 3784 1849 3830 sexta
1896 3775 2119 3843 cujusli-

577 3868 667 3921 bet
700 3867 1048 3920 hebdomadae
1079 3866 1208 3919 feria
1239 3861 1589 3933 jejunandum
1631 3884 1642 3918 :
1686 3881 1784 3919 nec
1833 3881 1932 3920 nos
1970 3865 2117 3935 quis-

578 3970 740 4024 quam
763 3955 1070 4022 jcjuuantes
1103 3957 1452 4023 reprehendet
1489 3975 1500 4009 :
1546 3971 1845 4023 causasque
1889 3955 2119 4022 subjun-

581 4045 656 4115 git
712 4044 986 4098 Doniinica
1017 4061 1144 4098 vero
1160 4046 1245 4098 die
1279 4061 1384 4098 non
1417 4054 1498 4099 est
1522 4046 1894 4111 jejunandum,
1925 4045 2121 4113 quippe

578 4149 700 4201 qua:
732 4135 802 4186 sit
830 4135 1006 4201 gaudii
1038 4135 1107 4186 ob
1155 4135 1362 4187 Domini
1415 4135 1882 4187 resurrectionem.
1941 4133 2122 4201 Neque

582 4237 732 4284 vero,
771 4223 964 4289 inquit.
1017 4223 1069 4274 in
1126 4239 1186 4275 ea
1219 4239 1390 4290 genua
1440 4223 1579 4275 ﬂecti
1614 4232 1862 4290 oportere
1912 4223 2121 4290 accepi-

589 4320 728 4358 mus.
753 4305 1158 4359 Observandum
1188 4309 1349 4376 igitur
1380 4311 1600 4362 verbum
1633 4309 1783 4371 illud,
1812 4310 2120 4375 accepimus,

2222 3167 2239 3201 ι
2285 3151 2715 3220 παρειλήφαμεν.
2765 3170 2782 3200 .-

2276 3245 2801 3308 ΒΑΛΣ.Ἀκολούθως
2817 3247 2891 3315 τῷ
2911 3244 2978 3308 ξδ’
3000 3243 3334 3312 ἀποστολικῴ
3350 3243 3549 3303 κανόνι,
3579 3241 3656 3309 τῷ
3683 3243 3764 3294 δι-

2207 3337 2504 3407 οριζομένῳ
2537 3337 2608 3407 μὴ
2627 3335 2903 3405 νηστεύειν
2925 3336 3068 3404 ἡμᾶς
3089 3335 3228 3386 κατὰ
3247 3334 3311 3385 τὰ
3333 3333 3602 3392 Σάϐϐατα,
3623 3332 3763 3400 πλὴν

2204 3424 2296 3476 τοῦ
2318 3425 2432 3485 ἐνὸς
2454 3425 2611 3492 μόνου
2636 3421 2930 3483 Σαϐϐάτου,
2950 3421 3042 3473 τοῦ
3064 3421 3295 3490 μεγάλου
3325 3419 3540 3488 δηλαδή·
3567 3420 3659 3469 καὶ
3682 3417 3763 3486 τῷ

2209 3514 2281 3576 ξθ¹
2301 3514 2502 3576 κανόνι,
2518 3511 2592 3580 τῷ
2620 3511 2890 3573 κολάζοντι
2909 3509 3150 3578 μεγάλως
3169 3509 3292 3570 τοὺς
3314 3509 3388 3576 μὴ
3408 3505 3764 3574 νηστεύοντας

2207 3602 2303 3671 τὴν
2341 3602 2498 3667 ἁγίαν
2523 3598 2986 3669 Τεσσαρακοστὴν,
3029 3597 3120 3649 καὶ
3160 3597 3300 3648 κατὰ
3324 3598 3500 3647 πᾶσαν
3530 3595 3762 3664 τετράδα

2211 3692 2303 3744 καὶ
2325 3688 2690 3758 παρασκευὴν,
2715 3689 2808 3738 καὶ
2835 3689 2862 3739 ὁ
2887 3687 3071 3755 παρὼν
3096 3683 3272 3737 κανὼν
3292 3685 3649 3736 διατάττεται.

2289 3776 2524 3828 ΖΩΝΑΡ.
2565 3776 2671 3828 Ἀεί
2732 3792 2863 3845 φησι
2929 3775 3028 3838 τὰς
3075 3775 3333 3845 τετράδας
3360 3775 3447 3826 καὶ
3472 3773 3566 3833 τάς
3596 3789 3766 3840 παρα-

2221 3872 2416 3928 σκευὰς
2440 3867 2672 3934 ἑκάστης
2698 3865 2982 3932 ἑϐδομάδος
3012 3864 3287 3933 νηστεύειν
3305 3879 3318 3892 ·
3352 3864 3444 3914 καὶ
3475 3862 3572 3912 οὐκ
3593 3862 3766 3912 αἰτιά-

2222 3956 2369 4008 σεταί
2394 3973 2476 4017 τις
2499 3957 2642 4025 ἡμᾶς
2671 3955 3023 4024 νηστεύοντας
3041 3971 3054 3984 ·
3090 3954 3183 4007 καὶ
3209 3953 3307 4015 τάς
3335 3953 3511 4010 αίτίας
3536 3950 3763 4020 προστί-

2223 4047 2394 4116 θησιν.
2447 4047 2554 4116 Τὴν
2589 4046 2645 4097 δὲ
2686 4046 2966 4116 Κυριακὴν
3000 4043 3277 4113 νηστεύειν
3319 4044 3378 4094 οὐ
3405 4043 3516 4101 δεῖ,
3563 4039 3763 4109 χαρμό-

2224 4153 2375 4189 συνον
2419 4131 2580 4188 οὖσαν
2621 4135 2706 4187 διὰ
2736 4135 2834 4203 τὴν
2875 4134 2966 4186 τοῦ
3017 4134 3220 4203 Κυρίου
3274 4133 3596 4185 ἀνάστασιν·
3640 4129 3766 4182 οὐδὲ

2222 4227 2346 4292 γόνυ
2375 4225 2570 4277 κλίνειν
2599 4226 2655 4275 ἐν
2683 4224 2838 4292 αὐτῇ,
2882 4223 3032 4292 φησι,
3064 4221 3489 4292 παρειλήφαμεν.
3522 4217 3766 4286 Σημειω-

2221 4315 2338 4367 τέον
2375 4307 2466 4364 οὖν
2522 4312 2582 4363 τὸ
2625 4310 3086 4378 παρειλήφαμεν,
3139 4311 3230 4362 καὶ
3268 4308 3328 4358 τὸ
3395 4307 3541 4359 κατὰ
3578 4305 3766 4371 παρὰ·

579 4400 638 4445 et
668 4395 818 4452 illud.
873 4395 1016 4448 nobis
1061 4413 1122 4448 ea:
1168 4396 1445 4450 traditione
1500 4408 1809 4465 praeceptum
1842 4408 1936 4450 est.
1990 4397 2109 4450 Nam

2223 4403 2395 4454 δοσιν
2436 4402 2576 4468 ἡμῖν
2621 4399 3064 4467 προστέτακται.
3115 4395 3418 4449 Κάντεῧθεν
3452 4396 3555 4463 γὰρ
3588 4393 3768 4461 φαίνε-

582 4484 710 4537 hinc
763 4501 975 4554 quoque
1015 4496 1234 4555 apparet
1293 4488 1643 4540 inveteratam
1684 4487 2109 4540 consuetudinea.

2224 4509 2341 4553 ται,
2379 4492 2546 4543 ὅτιτὸ
2590 4492 2680 4541 ἐπὶ
2715 4489 2921 4558 μακρὸν
2969 4488 3246 4557 κρατῆσαν
3286 4485 3402 4545 ἔθος
3436 4484 3552 4536 ἀντὶ
3599 4482 3764 4550 νόμου

587 4588 684 4639 pro
727 4575 841 4642 lege
883 4575 1050 4628 fuisse
1079 4584 1372 4644 acceptam.
1422 4575 1643 4643 Magnus
1700 4591 1859 4644 porro
1894 4575 2122 4630 Basilius

585 4675 779 4714 causas
813 4680 1022 4731 quoque
1049 4666 1303 4724 adnectit.
1333 4665 1400 4718 ob
1425 4682 1560 4732 quas
1588 4665 1862 4718 Dominica
1891 4666 1996 4726 die.
2027 4675 2124 4720 eta

587 4747 851 4803 Paschate
887 4753 949 4802 ad
987 4753 1350 4807 Pentecosmm
1385 4770 1570 4820 usque.
1603 4770 1772 4822 genua
1797 4754 2009 4807 ﬂectere
2032 4734 2121 4808 ve-

582 4838 743 4890 titum
783 4849 884 4892 est.
920 4839 1055 4909 Lege
1113 4854 1164 4894 et
1187 4845 1580 4910 sexagesimum
1624 4852 1828 4895 sextum
1866 4844 2122 4910 apostoli-

589 4942 710 4982 cum
736 4945 994 4983 canonem
1017 4940 1067 4984 et
1100 4937 1489 5001 sexagesimum
1520 4948 1739 4985 nonum.

2224 4581 2540 4645 λελόγισται.
2579 4581 2634 4630 '0
2674 4580 2727 4630 δὲ
2780 4578 2950 4648 μέγας
2996 4577 3269 4637 Βασίλειος
3315 4574 3407 4626 καὶ
3454 4573 3546 4632 τὰς
3588 4572 3767 4631 αίτίας

2227 4671 2643 4740 προστίθησι,δι’
2670 4669 2734 4731 ἃς
2771 4668 3132 4737 ἀπηγόρευται
3172 4664 3366 4715 κλίνειν
3415 4665 3471 4714 ἐν
3514 4660 3766 4729 κυριακῇ

2223 4760 2348 4825 γόνυ
2379 4760 2471 4810 καὶ
2515 4760 2618 4810 ἀπὸ
2661 4756 2753 4809 τοῦ
2800 4758 2986 4825 Πάσχα
3031 4755 3187 4825 μέχρι
3235 4753 3331 4820 τῆς
3375 4747 3765 4818 Πεντηκοστῆς.

2235 4848 2526 4914 ’Δνάγνωθι
2558 4849 2652 4901 καὶ
2673 4848 2760 4900 τὸν
2789 4845 2869 4910 ξςθ
2901 4843 3248 4898 άποστολικδν
3279 4841 3478 4894 κανόνα
3497 4876 3514 4902 ,
3547 4836 3640 4891 καὶ
3667 4835 3766 4900 80'.

1849 5044 2075 5099 VARIE
2111 5042 2500 5102 LECTIONES.

693 5133 738 5164 θ’
756 5133 841 5185 διὶ
865 5134 923 5184 τὸ
948 5135 1262 5187 πεπονθέναι
1301 5134 1458 5185 αὑτὸν
1489 5135 1624 5202 ὑπὲρ
1647 5134 1817 5201 ἡμῶν.

657 5243 766 5327 (ξε)
801 5244 1007 5327 {iam
1041 5251 1120 5296 ιεδι
1143 5245 1346 5327 thas.-
1381 5243 1695 5327 rssi°ﬁ938
1729 5241 2017 5327 praeﬁgit“
2043 5242 2132 5320 hic-
2233 5243 2577 5327 aeiﬁvr‘e'
2611 5241 2724 5327 τὴν.
2748 5241 2804 5327 δὲ
2849 5233 3775 5327 “scaenafittif‘ff’ﬁi‘fﬂ

588 5310 775 5369 titulus
810 5313 931 5365 huic
965 5315 1155 5364 canoni
1187 5332 1197 5365 :
1231 5311 1341 5365 Τοῦ
1375 5310 1558 5367 αὑτοῦ
1589 5313 1656 5363 ἐκ
1689 5311 1793 5362 τοῦ
1822 5310 2002 5379 λόγου
2028 5311 2133 5363 τοῦ
2235 5313 2392 5364 αὐτὸν
2441 5310 2576 5380 ὑπὲρ
2610 5311 2798 5380 ἡμῶν·
2848 5310 2949 5380 τὴν
2987 5310 3094 5379 γὰρ

585 5385 667 5443 εἰς
703 5381 768 5431 τὸ
799 5382 1030 5446 Πάσχα.
1075 5381 1368 5434 ΗΑιιυουιΝ.

658 5452 678 5510 (
685 5449 768 5518 19)
810 5450 924 5515 Τὴν
935 5449 1050 5516 μὲν
1071 5451 1177 5517 γὰρ
1200 5465 1345 5514 τετρ.
1372 5448 1669 5502 Cotclerius
1691 5449 1753 5500 ad
1779 5448 1954 5502 Const.
1971 5455 2138 5514 apost.

588 5521 681 5571 lib.
728 5515 787 5577 ll,
820 5534 937 5585 cap.
984 5515 1086 5578 59.-
1115 5523 1254 5570 hunc
1301 5532 1558 5569 canonem
1602 5533 1665 5570 ex
1706 5519 1865 5585 regiis
1903 5532 2032 5569 mss.
2065 5518 2136 5585 ita
2242 5518 2455 5585 laudato
2497 5518 2642 5585 regio
2682 5515 2866 5568 codice

589 5588 821 5652 complet
851 5584 926 5672 ac.
942 5588 1174 5672 restituit
1202 5605 1217 5672 Ξ
1248 5586 1355 5664 Τῂν
1392 5584 1867 5672 μὲ-δθτετρὰδα“⁷δι³ά
1898 5586 1955 5636 τὸ
1987 5584 2137 5672 γενό-

599 5670 754 5706 μενον
786 5654 1100 5708 συμϐούλιον
1127 5656 1229 5707 ὑπὸ
1257 5655 1359 5705 τῶν
1394 5653 1652 5707 Ἰουδαίων
1678 5655 1766 5705 ἐπὶ
1793 5655 1854 5721 τῇ
1890 5653 2140 5721 προδοσίᾳ

3185 5306 3409 5378 υριακὴν
3435 5305 3776 5378 χαρμοξτύγης

2237 5382 2442 5454 ἡμέραν
2475 5369 2672 5454 exiuit
2698 5377 2785 5431 διὰ
2814 5369 2916 5454 τδνῖ
2929 5369 3232 5454 ἀναστάντα
3257 5379 3313 5428 ἐν
3509 5369 3635 5454 ἐννῇ
3657 5373 3720 5422 οὐ

2238 5441 2435 5514 γόνατα
2469 5441 2681 5528 κλίνειν·
2704 5447 3121 5565 παρειλᾌφαμεν.
3162 5448 3333 5524 Atque
3375 5441 3683 5510 ita’paril’er
3713 5454 3778 5518 ex

2242 5518 2455 5570 laudato
2497 5531 2642 5579 regio
2682 5515 2866 5568 codice
2941 5514 3043 5566 038
3067 5522 3119 5567 et
3151 5514 3270 5566 alus
3303 5513 3477 5564 locum
3513 5510 3778 5579 suppievnt

2244 5584 2561 5639 llarduinus.
