3998 6326
233 266 329 335 521

1227 271 1302 332 IN
1333 272 1570 332 EPIST.
1609 269 1669 330 S.
1710 268 2089 331 GREGORU
2132 267 2559 330 NEOC.iiS.-\R.

3333 261 3436 322 52?

233 396 428 459 ἑκοντὶ,
459 395 537 458 εἰς
571 395 692 457 τοὺς
731 395 866 446 κατὰ
909 391 1023 462 βίαν
1055 391 1157 443 τῶν
1197 390 1478 461 βαρϐάρων
1516 389 1769 456 φαγόντας

1883 386 2251 443 necessitatem
2282 403 2375 442 eas
2412 403 2567 441 escas
2612 385 2871 450 fecerunt,
2906 396 2958 440 et
2999 386 3053 440 in
3098 399 3192 442 eos
3238 388 3330 456 qui
3360 387 3427 441 ad

233 487 420 552 ταῦτα,
441 490 520 549 εἰς
546 489 669 550 τοὺς
701 486 766 538 δι’
791 484 1029 551 ἀνάγκην
1047 483 1144 549 τῆς
1171 481 1378 549 φύσεως
1414 480 1600 550 βρῶμα
1621 495 1778 550 ποιηο

229 576 496 644 σαμένους
526 575 680 636 αὐτὰ,
711 574 802 627 καὶ
836 576 914 636 είς
953 572 1075 635 τοὺς
1109 570 1419 640 βιασθέντας
1453 570 1584 640 πρὸς
1625 571 1781 624 τοῦτο

230 665 378 734 παρὰ
415 665 720 735 βαρϐάρων,
750 666 823 734 μὴ
871 662 1164 715 τεθυκότων
1212 663 1320 723 τοῖς
1364 659 1780 722 εἰδώλοις.”Οθεν

229 756 337 814 καὶ,
361 755 437 816 ὡς
471 757 591 824 ἐμοὶ
617 757 778 812 δοκεῖ.
807 753 921 806 οὐδὲ
957 746 1032 814 εἷς
1071 753 1133 802 ὲκ
1175 749 1370 802 τούτων
1402 750 1779 818 ὰνεπιτίμητος

227 845 398 898 ἔσται.
443 846 504 897 Οἱ
543 845 649 913 γὰρ
688 844 772 895 διὰ
804 842 1006 914 τρυφὴν
1041 841 1299 909 φαγόντες
1334 837 1503 892 ταῦτα
1545 837 1779 908 μείζοσιν

228 934 518 1002 ἐπιτιμίοις
551 932 1034 1002 ὑποϐληθήσονται·
1070 933 1116 983 οἰ
1152 931 1217 983 δι’
1256 930 1496 998 ἀνάγκην
1530 927 1618 981 καὶ
1647 929 1780 980 ἀπο-

227 1023 426 1092 τροφὴν
458 1022 551 1074 τοῦ
581 1021 844 1091 σώματος,
866 1021 939 1083 ὼς
966 1019 1038 1089 μὴ
1072 1019 1280 1088 ἔχοντες
1307 1018 1477 1079 ἄλλως
1509 1017 1620 1077 πῶς
1646 1018 1779 1069 ὰπο-

226 1113 516 1182 τραφῆναι,
553 1114 781 1181 ἡττόνως
810 1111 1222 1180 κολασθήσονται
1276 1110 1381 1162 Καὶ
1415 1111 1463 1160 οἰ
1495 1109 1664 1162 λοιποὶ
1692 1107 1779 1160 διὰ

225 1204 318 1271 τὴν
364 1203 730 1272 μιαροφαγίαν
776 1202 1130 1272 μετριώτερον
1169 1200 1664 1270 ἐπιτιμηθήσονται,
1697 1199 1776 1251 ὄτι

225 1295 318 1344 καὶ
355 1295 386 1345 ό
418 1295 568 1366 ἅγιος
596 1294 654 1345 οὐ
688 1293 820 1362 βαρύ
849 1309 1008 1363 φησιν
1035 1288 1172 1344 εἶναι
1203 1293 1262 1343 τὸ
1292 1293 1479 1359 φαγεῖν
1511 1290 1779 1343 εἰδωλόθυ-

224 1400 287 1435 τα
325 1385 478 1453 παρὰ
510 1383 613 1435 τῶν
642 1369 714 1453 μὴ
739 1383 1009 1436 θυσάντων
1035 1386 1142 1446 τοῖς
1165 1383 1396 1446 εἰδώλοις
1427 1379 1778 1451 παρατιθέμε·

225 1490 307 1535 να,
340 1473 402 1524 ού
431 1475 535 1542 μὴν
564 1474 655 1526 καὶ
680 1474 851 1544 πάντη
878 1473 1292 1544 ὰκατέγκλητον.
1311 1474 1596 1542 Ἐρωτήσει
1614 1471 1668 1523 δέ
1694 1487 1777 1532 τις

225 1566 318 1628 ὡς,
351 1566 444 1618 τοῦ
482 1564 539 1617 ιδ’
573 1567 790 1628 κανόνος
815 1567 908 1620 τοῦ
933 1565 1195 1634 μακαρίου
1217 1563 1419 1633 Πέτρου
1445 1559 1779 1632 ἀρχιεπισκό-

224 1669 326 1705 που
364 1655 761 1724 Ἀλεξανδρείας
781 1656 872 1706 καὶ
901 1654 1168 1724 μάρτυρος
1192 1651 1635 1722 διαλαμϐάνοντος
1655 1651 1778 1713 τοὺς

225 1744 364 1796 κατὰ
427 1744 543 1812 βίαν
596 1744 916 1814 τυραννικὴν
970 1743 1237 1812 φαγόντας
1297 1741 1631 1802 εἰδωλόθυτα,
1690 1739 1778 1792 καὶ

226 1836 647 1902 τοιουτοτρόπως
675 1834 956 1895 θύσαντας,
981 1835 1052 1904 μὴ
1080 1831 1446 1902 ἐπιτιμᾶσθαι,
1483 1830 1615 1883 ἀλλὰ
1650 1830 1778 1899 μᾶλ-

226 1921 312 1974 λον
352 1923 446 1974 καὶ
485 1923 541 1974 ἑν
573 1922 646 1991 τῷ
673 1923 853 1992 κλήρῳ
882 1917 1038 1981 εἶναι,
1081 1920 1366 1990 κληρικοὺς
1389 1920 1562 1981 ὄντας,
1595 1917 1710 1980 πῶς
1740 1921 1772 1987 ὴ

225 2011 472 2081 παροῦσα
512 2013 762 2081 ἐπιστολὴ
789 2011 1071 2081 διορίζεται
1114 2011 1236 2072 τοὺς
1272 2009 1536 2076 φαγόντας
1567 2007 1776 2062 εἰδωλό-

225 2101 358 2155 θυτα
375 2102 463 2170 μὴ
487 2103 722 2169 ,ϐαρέως
756 2102 1101 2171 βλάπτεσθαι,
1127 2100 1198 2164 ὡς
1227 2101 1288 2151 ἐκ
1316 2099 1500 2152 τούτου
1527 2099 1775 2168 ἐκφαίνε-

225 2191 344 2242 σθαι
368 2191 693 2258 βλάπτεσθαι
727 2191 914 2252 αὐτοὺς
933 2191 1209 2257 μεὴριωω
1241 2189 1424 2251 Λύσις.
1444 2189 1498 2241 ὐ
1525 2189 1777 2258 ἱερομάρ-

225 2297 318 2343 τυς
353 2281 559 2350 Πέτρος
593 2281 648 2330 ὲν
677 2281 752 2349 τῷ
781 2281 839 2331 ιδ’
868 2281 1048 2333 κανόνι
1086 2280 1248 2334 αὑτοῦ
1279 2281 1367 2332 καὶ
1407 2279 1530 2349 περὶ
1563 2279 1690 2330 αὐτὸ
1716 2277 1779 2330 τὸ

225 2373 413 2438 ραγεῖν
443 2371 510 2422 τὰ
539 2371 851 2422 εἰδωλόθυτα
884 2370 1222 2439 μαρτυρῆσαι
1256 2371 1378 2432 τοὺς
1404 2369 1636 2438 ἀθλητάς
1657 2369 1773 2421 δια⁶

225 2461 504 2530 λαμϐάνει.
534 2461 668 2530 Φησὶ
701 2464 826 2531 γὰρ,
861 2462 940 2514 ὃτι
970 2462 1061 2512 καὶ
1087 2461 1242 2529 χάνος
1269 2461 1522 2528 ἐνεϐλήθη
1552 2459 1626 2528 τῷ
1658 2459 1774 2510 στό-

224 2566 353 2618 ματι
394 2551 568 2603 αὐτῶν
611 2554 701 2603 καὶ
735 2552 790 2603 αἰ
833 2555 1008 2620 χεῖρες
1053 2551 1252 2603 τούτων
1291 2549 1650 2619 κατεκὰησαν,
1682 2549 1775 2600 καὶ

224 2640 405 2702 ἁπλῶς
435 2640 540 2692 οὐδ’
564 2641 699 2704 ὅλως
730 2641 1004 2692 συνέθεντο
1036 2642 1112 2702 εἰς
1149 2639 1208 2691 τὸ
1241 2638 1558 2692 εἰδωλόθυτα
1583 2641 1773 2706 φαγεῖν

223 2728 249 2798 ἢ
276 2729 356 2790 εἰς
388 2730 448 2780 τὸ
481 2729 637 2782 θῦσαι
669 2733 776 2791 τοῖς
811 2729 1062 2790 εἰδώλοις.
1081 2730 1141 2781 Ἡ
1170 2729 1224 2781 δὲ
1256 2729 1496 2799 παροῦσα
1520 2727 1772 2797 κανονικὴ

224 2819 472 2891 ἐπιστολὴ
499 2820 843 2891 διαλαμϐάνει
873 2819 1009 2872 κατὰ
1036 2819 1130 2881 τὰς
1150 2820 1342 2890 ἀρχὰς,
1365 2819 1502 2872 κατὰ
1531 2819 1649 2886 βίαν
1677 2819 1772 2884 μὲν

222 2913 412 2978 φαγεῖν
443 2914 566 2974 τοὺς
587 2911 956 2982 αἰχμαλώτους
980 2909 1046 2961 τὰ
1081 2910 1477 2979 παρατιθέμενα
1500 2909 1676 2970 αὐτοῖς
1697 2909 1773 2958 εἰ-

1881 478 1990 531 haec
2030 477 2077 530 vi
2112 479 2372 546 compulsi
2397 487 2520 532 sunt
2548 494 2576 530 a
2608 478 2871 533 barbaris.
2901 479 2991 548 qui
3025 477 3181 532 idolis
3210 491 3314 530 non
3336 491 3427 530 sa—

1877 566 2209 622 criﬁcarunt.
2241 567 2408 630 Unde,
2439 577 2496 622 ut
2525 567 2653 620 mihi
2682 569 2909 629 videtur,
2943 569 3121 622 nullus
3145 583 3326 622 eorum
3358 567 3422 617 ab

1875 657 2020 710 omni
2082 659 2235 726 culpa
2295 659 2552 712 immunis
2611 661 2731 712 erit.
2764 658 2863 725 Qui
2913 675 2972 712 ea
3027 661 3164 710 enim
3215 668 3419 726 propter

1875 747 2061 800 luxum
2113 757 2167 802 et
2214 748 2434 802 delicias
2476 751 2846 813 comederunt,
2902 750 3193 813 majoribus
3251 752 3422 816 poenis

1875 836 2255 902 subiiciantur;
2283 839 2374 906 qui
2404 851 2619 906 propter
2650 842 3039 895 necessitatem.
3079 851 3132 891 et
3176 841 3420 906 corporis

1875 925 2285 989 nutrimentum,
2319 935 2369 980 et
2405 936 2457 977 ut
2487 927 2578 993 qui
2627 943 2730 979 non
2778 929 2985 995 possint
3013 930 3168 979 aliter
3202 929 3415 987 nutriri,

1872 1013 2051 1067 minus
2082 1015 2389 1080 punientur.
2427 1014 2634 1082 Reliqui
2668 1030 2880 1082 quoque
2910 1026 3122 1084 propter
3154 1032 3302 1070 esum
3333 1032 3422 1068 ex-

1871 1105 2186 1158 secrabilem
2219 1107 2397 1160 mitius
2427 1108 2733 1174 punientur,
2767 1122 2830 1158 eo
2858 1109 2998 1174 quo:l
3035 1116 3256 1160 sanctus
3287 1121 3420 1173 quo-

1870 1207 1973 1260 que
1999 1194 2125 1247 dicit
2160 1211 2264 1248 non
2297 1211 2453 1264 grave
2491 1210 2608 1250 esse
2656 1195 2944 1265 idolothyta
2975 1198 3271 1253 comedere.
3300 1211 3419 1264 quae

1871 1283 1937 1334 ab
1993 1283 2055 1337 iis
2111 1295 2452 1352 apponuntur
2503 1287 2592 1352 qui
2644 1285 2798 1338 idolis
2849 1301 2950 1338 non
2999 1285 3414 1340 sacriﬁcarunt:

1871 1389 1974 1425 non
2013 1381 2093 1426 est
2125 1383 2298 1428 tamen
2337 1374 2403 1428 ab
2440 1376 2583 1428 omni
2616 1378 2823 1443 penitus
2852 1376 3262 1443 reprehensione
3292 1375 3420 1428 alie-

1869 1479 2018 1517 num.
2065 1463 2474 1530 lnterrogaverit
2502 1476 2676 1520 autem
2707 1468 2970 1536 quispiam
3008 1484 3020 1519 :
3048 1465 3180 1519 Cum
3215 1483 3302 1520 xw
3328 1483 3417 1521 ca-

1869 1570 1974 1607 non
2010 1557 2148 1610 beati
2175 1555 2316 1611 Petri
2350 1559 2734 1626 archiepiscopi
2767 1560 3107 1612 Alexandim
3135 1570 3187 1612 et
3219 1568 3417 1626 marty-

1867 1645 1943 1700 ris
1972 1649 2256 1713 contineat,
2291 1664 2384 1703 eos
2413 1650 2504 1718 qui
2551 1651 2601 1703 vi
2653 1652 2924 1721 tyrannica
2959 1652 3416 1718 compulsi‘idolo-

1867 1739 2014 1809 thyla
2045 1740 2393 1794 comederunt
2439 1750 2491 1793 et
2541 1743 2719 1795 itidem
2757 1741 3148 1796 sacriﬁcarunt.
3182 1756 3284 1794 non
3319 1756 3416 1806 pu-

1864 1830 1992 1891 niri,
2022 1830 2112 1884 sed
2145 1829 2321 1897 potius
2351 1845 2469 1884 esse
2499 1832 2656 1884 etiam
2690 1833 2741 1884 in
2772 1832 2934 1892 clero,
2967 1832 3008 1885 si
3051 1831 3159 1884 sint
3197 1829 3411 1885 clerici:

1866 1921 2136 1987 quomodo
2182 1923 2420 1976 decernit
2463 1938 2694 1992 praesens
2749 1924 2861 1976 hac
2907 1921 3150 1989 epistola,
3177 1936 3270 1975 eos
3322 1922 3414 1989 qui

1868 2007 2158 2078 idolothyta
2190 2012 2553 2074 comederuot,
2587 2028 2684 2063 non
2712 2013 2934 2079 graviter
2958 2012 3076 2067 ίαιισ
3107 2026 3123 2061 :
3156 2019 3212 2063 ut
3244 2025 3305 2062 ex
3347 2026 3414 2061 eo

1869 2109 2148 2164 appareat,
2184 2100 2327 2166 ipsos
2369 2100 2693 2152 mediocriter
2727 2102 2880 2154 lardi?
2913 2100 3137 2153 Solutio.
3186 2097 3414 2151 Sanctus

1865 2199 2067 2257 martyr
2112 2187 2322 2255 Petrus,
2362 2192 2412 2242 in
2445 2207 2530 2243 xiv
2572 2205 2672 2244 suo
2715 2205 2938 2254 canone,
2978 2190 3138 2242 etiam
3189 2190 3240 2241 iu
3296 2188 3412 2256 ipso

1864 2275 2260 2330 immolatorum
2293 2292 2384 2332 esu
2421 2279 2643 2332 atlilstas
2688 2289 2948 2348 martyres
2976 2277 3140 2332 fuisse
3176 2287 3227 2330 et
3261 2277 3414 2330 testi-

1864 2366 2102 2417 monium
2136 2367 2424 2433 praebuisse
2458 2369 2714 2434 perhibet.
2746 2368 2879 2422 Dicit
2906 2369 3047 2421 enim
3082 2369 3221 2436 quod
3248 2368 3406 2421 etiam

1864 2450 2246 2507 ferramentum
2289 2456 2338 2506 in
2371 2471 2430 2508 os
2464 2456 2700 2524 ipsorum
2734 2457 2982 2524 injectum
3011 2464 3112 2519 est,
3141 2465 3192 2507 et
3219 2469 3410 2506 manus

1864 2558 2048 2598 eorum
2076 2553 2208 2597 usta)
2245 2554 2390 2609 sunt,
2417 2555 2490 2610 ει,
2522 2557 2577 2599 ιιι
2610 2548 2772 2601 semel
2800 2549 2996 2610 dicam,
3025 2547 3088 2601 ad
3123 2547 3412 2618 iunnolatis

1862 2636 2181 2689 vescendum
2213 2635 2357 2687 nullo
2389 2637 2548 2690 modo
2573 2647 2986 2703 consenserunt,
3019 2652 3116 2692 nec
3154 2637 3312 2691 etiam
3341 2638 3408 2690 ad

1863 2723 2021 2779 idolis
2049 2727 2482 2783 sacriﬁcandum.
2511 2728 2753 2782 Praesens
2781 2737 2958 2782 autem
3004 2727 3260 2782 (anonica
3297 2729 3409 2795 cpi-

1862 2816 1996 2869 stola
2031 2825 2222 2871 tractat
2255 2820 2308 2871 iu
2343 2820 2625 2887 principio,
2655 2820 2894 2888 captivos
2923 2821 3136 2888 quidem
3167 2819 3405 2887 apposita

1860 2904 1962 2957 sibi
1995 2904 2286 2974 idolothyta
2314 2907 2364 2958 vi
2392 2908 2709 2972 comedisse,
2747 2907 2839 2961 sed
2870 2923 2977 2960 nou
3003 2907 3162 2960 etiam
3191 2922 3255 2960 eo
3289 2908 3407 2975 ipso

222 3000 506 3062 δωλόθυτα,
543 3001 599 3052 οὐ
633 3002 735 3071 μὴν
765 3003 857 3054 καὶ
886 3003 1003 3054 κατ’
1035 2999 1166 3054 αὐτὸ
1194 2998 1253 3054 τὸ
1290 3001 1478 3069 φαγεῖν
1513 3013 1769 3071 τυραννη-

1861 3001 2099 3062 tempore
2135 3010 2243 3062 quo
2271 2996 2636 3059 comedebant,
2669 2998 2945 3066 tyrannica
2983 2996 3232 3050 violentia
3257 3011 3401 3050 com-

224 3088 403 3157 θῆναι,
431 3092 524 3141 καὶ
555 3091 640 3143 διὰ
668 3090 820 3143 τοῦτο
852 3091 992 3144 θέλει
1016 3097 1090 3156 ὡς
1113 3091 1244 3154 ὅλως
1282 3091 1655 3160 ὑποκύψαντας
1695 3090 1769 3160 τῷ

1861 3085 2042 3153 pulsos
2074 3085 2272 3150 fuisse;
2300 3097 2350 3140 et
2395 3087 2513 3141 ideo
2546 3088 2655 3140 vult
2696 3103 2809 3153 eos,
2838 3097 2894 3142 ut
2941 3090 3030 3157 qui
3079 3089 3299 3141 omnino
3329 3100 3410 3161 ty-

221 3178 486 3248 θελήματι
535 3180 624 3232 τοῦ
673 3181 950 3250 τυράννου,
984 3182 1212 3252 μετρίως
1243 3181 1633 3252 τιμωρηθῆναι.
1665 3181 1769 3231 Νο-

223 3270 366 3337 μίζω
395 3271 449 3320 δὲ
480 3269 606 3336 ἐγὼ,
641 3271 741 3330 ὅτι,
770 3269 954 3339 ὥσπερ
983 3272 1082 3324 οὑκ
1108 3272 1220 3323 ἑστι
1251 3273 1419 3340 πάντη
1448 3271 1769 3339 ἀνεπιτίμη-

219 3377 310 3411 τον
359 3361 419 3411 τὸ
461 3364 651 3427 φαγεῖν
683 3360 999 3414 εἰδωλόθυτα
1042 3361 1181 3413 κατὰ
1226 3361 1342 3429 βίαν
1379 3361 1662 3430 βαρϐάρων
1697 3358 1771 3429 μὴ

219 3446 608 3512 ὲπιθυσάντων,
638 3448 806 3512 οὕτως
831 3451 945 3502 οὐδὲ
981 3451 1037 3502 τὸ
1071 3450 1364 3518 ὑποστῆναι
1409 3449 1609 3519 φθορὰν
1639 3449 1760 3517 βαρο

220 3538 454 3608 ϐαρικὴν
479 3540 614 3592 κατὰ
641 3539 784 3608 βίαν’
816 3540 908 3592 καὶ
934 3541 1088 3592 τοῦτο
1116 3541 1222 3611 γὰρ
1260 3540 1489 3609 μετρίως
1521 3543 1770 3610 ἐπιτιμη-

218 3626 462 3696 Θήσεται.
513 3629 630 3682 Κᾶν
674 3630 782 3700 γὰρ
835 3632 928 3683 καὶ
965 3633 994 3683 ό
1027 3631 1296 3694 πολιτικὸς
1335 3631 1492 3700 νόμος
1525 3632 1686 3701 φησιν
1713 3634 1770 3684 ὲν

218 3715 407 3786 βιϐλίῳ
456 3717 496 3781 ξ’
524 3718 698 3770 τίτλου
745 3718 824 3789 λη’
854 3720 1041 3788 κεφαλ.
1079 3720 1141 3792 ιβ’
1165 3719 1357 3790 θέματι
1397 3720 1568 3790 ῐκτῳο
1603 3721 1768 3792 Καὶή

217 3805 366 3877 παρὰ
410 3809 520 3870 τοῖς
569 3807 838 3876 πολεμίοις
881 3808 1218 3877 μοιχευθεῖσα
1255 3808 1347 3861 καὶ
1393 3809 1769 3882 ύποστρέψασα

217 3899 598 3966 κατηγορεῖται
631 3897 778 3966 παρὰ
805 3896 898 3948 τοῦ
929 3897 1136 3966 ἀνδρὸς,
1164 3899 1223 3951 οὐ
1248 3898 1435 3968 δικαίῳ
1471 3899 1680 3970 ἀνδρὸς,
1719 3903 1766 3954 εἰ

215 3985 294 4056 μὴ
327 3985 416 4055 βία
454 3986 610 4039 τοῦτο
655 3986 906 4048 πέπονθε,
933 3989 1024 4039 καὶ
1066 3988 1480 4058 τοιουτοτρόπως
1507 3990 1768 4058 συγγινώ-

216 4093 334 4128 σκει
368 4077 467 4140 τὴν
496 4075 822 4145 βιασθεῖσαν,
853 4079 944 4130 καὶ
980 4078 1070 4130 τὸν
1107 4079 1280 4148 γάμον
1311 4079 1370 4132 ού
1397 4080 1623 4150 διασπᾷ·
1653 4079 1766 4132 ἀλλ’

211 4165 240 4216 ὁ
270 4165 715 4233 ἐκκλησιαστικὸς
745 4168 902 4235 νόμος
946 4167 1040 4236 τὴν
1088 4167 1220 4229 ὅλως
1248 4168 1351 4220 ὑπὸ
1376 4168 1645 4241 βαρϐάρου
1680 4187 1766 4240 μο-

215 4255 492 4309 λυνθείσαν
521 4256 598 4326 μὴ
622 4257 969 4328 καθαριεῦσαι
995 4257 1058 4309 δι’
1088 4258 1355 4327 ἐπιτιμίου
1378 4261 1475 4312 οὐκ
1501 4261 1761 4324 ἀνέξεται.

1859 3191 2151 3230 raunorum
2205 3180 2468 3232 voluntati
2515 3179 2809 3241 cesserint,
2876 3180 3149 3232 moderate
3207 3181 3403 3248 puniri.

1860 3264 2122 3320 Existimo
2169 3278 2346 3322 autem
2398 3285 2516 3339 ego,
2547 3271 2687 3339 quod
2734 3270 3188 3338 quemadmodum
3242 3273 3407 3325 idolo-

1861 3359 2005 3427 thyla
2036 3359 2332 3422 comedere,
2363 3375 2392 3414 a
2426 3361 2669 3415 barbaris
2717 3362 2808 3428 qui
2855 3375 2961 3413 non
3014 3361 3405 3419 sacriﬁcarunt.

1857 3451 2216 3517 compulsum,
2252 3466 2356 3505 non
2396 3461 2476 3505 est
2528 3453 2594 3505 ab
2643 3452 2788 3506 omni
2822 3452 3229 3520 reprehensione
3279 3452 3407 3503 Iibe-

1858 3554 2011 3604 rum;
2046 3539 2117 3593 ita
2149 3556 2244 3594 nec
2266 3543 2604 3597 barbaricum
2634 3550 2877 3610 stuprum
2907 3542 2953 3594 vi
2985 3556 3294 3610 perpessum
3327 3556 3407 3592 cs-

1858 3643 1916 3682 se
1949 3647 1962 3682 :
1994 3645 2116 3683 nam
2163 3631 2263 3686 hoc
2314 3647 2528 3701 quoque
2576 3633 2784 3687 modice
2824 3633 3090 3702 punietur.
3127 3631 3235 3683 Etsi
3263 3631 3404 3683 enim

1857 3718 1940 3771 lex
1967 3720 2138 3776 civilis
2172 3723 2298 3776 dicit
2327 3723 2378 3776 in
2407 3723 2496 3776 lib.
2529 3739 2616 3786 ιιι,
2648 3725 2728 3776 tit.
2758 3722 2914 3788 '58,c.
2947 3723 3032 3786 l2,
3067 3725 3299 3776 themate
3327 3723 3359 3774 6
3390 3740 3402 3768 :

1857 3805 2028 3860 Etiam
2063 3824 2126 3864 ea
2153 3826 2272 3880 qua:
2305 3813 2374 3866 ab
2403 3812 2649 3866 hostibus
2670 3821 2752 3866 est
2784 3813 3104 3878 adulterata,
3137 3829 3198 3867 ac
3229 3828 3404 3866 rever—

1858 3910 1937 3962 sa,
1966 3912 1994 3950 a
2020 3900 2133 3951 viro
2159 3902 2286 3968 (non
2311 3902 2410 3954 rite
2433 3901 2572 3970 viro)
2597 3910 2900 3966 accusatur,
2924 3903 3022 3956 nisi
3052 3904 3152 3957 hoc
3177 3904 3224 3955 vi
3248 3917 3401 3971 passa

1855 3996 1959 4050 cst,
2009 3997 2061 4041 et
2094 3989 2194 4044 hoc
2222 3991 2382 4045 modo
2423 3992 2469 4045 ei
2508 3993 2592 4045 cui
2625 3993 2706 4046 vis
2751 3993 2910 4046 allata
2957 4002 3056 4057 est,
3087 3993 3402 4062 ignoscitur,

1857 4091 1954 4129 nec
1983 4075 2032 4128 id
2059 4085 2113 4130 et
2144 4079 2543 4133 matrimonium
2569 4081 2770 4134 dirimit
2802 4099 2813 4134 :
2841 4081 2931 4134 sed
2965 4081 3046 4133 lex
3077 4081 3405 4134 ecclesiasti-

1854 4178 1938 4228 ca,
1965 4179 2080 4217 eam
2112 4180 2230 4233 qua:
2259 4169 2479 4220 omnino
2503 4183 2532 4220 a
2563 4167 2790 4220 barbaro
2820 4169 3022 4236 polluta
3050 4178 3152 4232 εει,
3182 4169 3283 4222 nisi
3314 4183 3404 4236 per

1854 4268 2066 4321 pinnam
2115 4272 2246 4324 pura
2296 4258 2384 4322 sit,
2413 4274 2519 4313 non
2556 4259 2710 4312 sinet.
2744 4257 2879 4326 Lege
2911 4267 2962 4312 et
2995 4272 3085 4311 cm
3139 4257 3400 4310 novellam

219 4344 513 4410 Ἀνάγνωθι
544 4347 635 4398 καὶ
668 4347 762 4415 την
794 4353 874 4416 ργ¹
907 4345 1100 4417 νεαρὰν
1137 4348 1220 4401 τοῦ
1272 4347 1532 4417 βασιλέως
1572 4353 1762 4422 κυρίου

1861 4344 2191 4412 imperatoris
2221 4348 2422 4400 domini
2455 4347 2647 4401 Leonis
2681 4347 2967 4416 Sapientis,
3015 4363 3135 4415 quae
3189 4347 3299 4400 haec
3346 4349 3396 4399 iu

207 4435 433 4496 Λέοντος
478 4435 569 4487 τοῦ
603 4435 798 4504 Σοφοῦ,
841 4437 1098 4504 λέγουσαν
1137 4440 1260 4509 περὶ
1287 4440 1346 4492 τὸ
1377 4440 1525 4502 τέλος
1561 4442 1758 4494 ταῦτα·

203 4522 470 4591 Οὐδαμῶς
498 4521 588 4577 οὖν
621 4524 942 4596 θεσπίζομεν
975 4527 1054 4578 ἔτι
1083 4528 1216 4598 πρὸς
1239 4530 1523 4595 συνάφειαν
1552 4531 1758 4600 ἑτέρου,

200 4613 294 4664 τὸν
350 4613 642 4682 ἀπείρατον
691 4616 1028 4684 μεμενηκότα
1062 4617 1162 4683 τῆς
1196 4617 1559 4685 αἰχμαλωσίας
1608 4619 1762 4689 ἔρχε-

206 4702 352 4765 σθαι,
385 4704 478 4754 καὶ
507 4704 593 4755 τὰ.
621 4704 761 4772 ἑξῆς.
783 4706 1015 4773 ’Δναιρεῖ
1049 4706 1103 4756 δὲ
1151 4707 1183 4775 ή
1221 4707 1435 4777 τοιαύτη
1470 4709 1634 4778 νεαρὰ
1662 4711 1760 4780 τὴν

215 4791 637 4842 Ἰουστινιάνειον
664 4792 761 4861 ριζ¹
784 4793 980 4862 νεαρὰν
1004 4791 1098 4862 τὴν
1129 4794 1384 4862 κειμένην
1409 4797 1465 4845 ὲν
1489 4795 1649 4865 βίϐλῳ
1675 4804 1757 4866 κη’

201 4879 382 4931 τίτλου
411 4878 454 4941 ξ’
481 4882 570 4931 καὶ
599 4881 892 4948 λέγουσαν,
932 4884 1117 4938 'Ea‘rtv
1133 4887 1217 4939 ὂτε
1233 4889 1449 4942 λύεσθαι
1474 4885 1561 4936 τὸν
1587 4886 1759 4939 τοιοῦ-

200 4984 292 5020 τον
325 4969 500 5038 γάμον
525 4986 537 4998 ·
582 4970 718 5040 πλὴν
753 4973 785 5040 η
819 4978 1035 5042 τοιαύτη
1067 4973 1230 5040 νεαρὰ
1257 4973 1436 5042 χώραν
1469 4975 1596 5043 ἔχει,
1636 4978 1758 5028 ὅταν

209 5060 238 5127 ἡ
269 5058 762 5127 αἰχμαλωτισθεῖσα
787 5064 883 5114 οὐκ
908 5063 1131 5132 ἐμιάνθη
1157 5065 1304 5133 παρὰ
1322 5065 1425 5116 τῶν
1452 5066 1751 5137 βαρϐάρων.

200 5146 458 5198 Τοιούτου
483 5147 537 5199 δέ
571 5165 709 5210 τινος
756 5151 1052 5215 γεγονότος,
1081 5151 1259 5220 χώραν
1283 5153 1465 5222 ἐχουσι
1497 5155 1564 5206 τὰ
1599 5158 1653 5207 ὲν
1683 5156 1757 5225 τῷ

205 5233 423 5304 ῥηθέντι
452 5235 726 5304 κεφαλαίῳ
755 5237 848 5288 τοῦ
878 5236 919 5300 ξ’
946 5237 1165 5305 βιϐλίου.

274 5325 514 5377 ΖΩΝΑΡ.
578 5327 870 5398 Βαρϐάρων
910 5330 1238 5383 ἐπελθόντων
1281 5331 1483 5403 χώραις
1523 5334 1756 5404 Ῥωμαῖ-

205 5416 345 5475 καῖς,
369 5415 462 5465 καὶ
488 5414 827 5484 ληῖσαμένων
858 5419 1043 5481 αὑτὰς,
1066 5422 1113 5470 οἰ
1143 5423 1265 5491 παρ’
1289 5423 1463 5473 αὐτῶν
1493 5425 1755 5494 αἰχμαλω-

205 5503 472 5566 τισθέντες
499 5505 785 5570 ἐγεύσαντο
823 5508 1196 5571 εἰδωλοθύτων,
1229 5509 1260 5579 ἦ
1290 5511 1381 5563 καί
1408 5511 1578 5564 ἄλλων
1608 5516 1754 5584 ἀπη-

202 5597 546 5666 γορευμένων
585 5598 1196 5672 βρωμάτων.Ἦρωτήθη
1246 5600 1336 5656 οὖν
1386 5607 1507 5673 περὶ
1551 5606 1750 5662 τούτων

513 5699 775 5763 Ρλιιιωι.
811 5704 924 5766 GR.
970 5702 1371 5766 CXXXVIII.

1854 4433 1958 4488 fine
2009 4437 2353 4504 prosequitur
2397 4437 2601 4490 :Nullo
2656 4453 2784 4505 ergo
2834 4438 2993 4490 modo
3037 4436 3394 4496 decernimus,

1851 4538 1972 4576 eum
2003 4525 2092 4592 qui
2123 4527 2479 4594 captivitatem
2515 4543 2617 4580 non
2645 4537 2896 4594 expertus
2925 4527 3139 4590 mansit,
3168 4528 3230 4578 ad
3261 4528 3399 4579 διιε-

1852 4615 1966 4666 rius
2014 4615 2446 4682 conjunctionem
2477 4617 2679 4680 venire,
2704 4626 2756 4670 et
2803 4625 3011 4669 cantem.
3049 4615 3169 4670 llaec
3219 4627 3396 4669 autem

1850 4705 2054 4756 novella
2083 4705 2218 4758 tollit
2246 4704 2532 4758 Justiuiani
2562 4721 2703 4760 csvu
2733 4707 3019 4773 novellam,
3045 4722 3164 4774 quae
3195 4709 3295 4760 sita
3320 4718 3402 4759 est

1850 4793 1902 4846 in
1949 4795 2083 4847 libro
2113 4812 2302 4860 xxvztt,
2354 4797 2433 4850 tit.
2467 4796 2515 4860 7,
2554 4806 2606 4848 et
2650 4797 2798 4860 dicit,
2845 4811 3233 4864 nonnunquam
3265 4797 3400 4850 solvi

1849 4886 2248 4938 matiimonium
2296 4905 2308 4939 :
2353 4901 2535 4938 verum
2586 4887 2698 4938 hinc
2743 4887 2950 4938 novella
2998 4886 3174 4938 locum
3222 4885 3399 4948 habet,

1847 4977 2063 5044 quando
2094 4978 2296 5042 captiva
2328 4993 2355 5028 a
2386 4976 2629 5030 barLaris
2658 4990 2764 5028 non
2797 4985 2878 5029 est
2913 4975 3134 5044 polluta.
3176 4975 3234 5029 Si
3271 4977 3401 5042 quid

1848 5074 2025 5118 autem
2059 5066 2318 5131 ejusmodi
2347 5066 2543 5118 factum
2569 5066 2657 5128 sit,
2679 5067 2854 5120 locum
2880 5068 3098 5133 habent,
3127 5083 3246 5137 qua
3275 5079 3404 5122 sunt

1852 5155 1902 5206 in
1935 5156 2078 5207 dicto
2104 5158 2273 5223 capite
2302 5171 2368 5208 ιιι
2398 5157 2541 5210 libri.

1915 5334 2114 5393 ΖοιιΑιι.
2153 5337 2287 5391 Cum
2319 5339 2368 5391 in
2406 5339 2675 5394 Romanas
2702 5342 2944 5410 regiones
2973 5340 3185 5397 barbari
3214 5340 3402 5396 irruis-

1851 5439 1988 5494 scnt,
2032 5445 2229 5497 easque
2261 5431 2486 5485 fuissent
2514 5433 2847 5500 depopulati,
2883 5435 2974 5502 qui
3023 5437 3089 5489 ab
3137 5435 3267 5503 ipsis
3312 5447 3404 5486 ca-

1851 5522 1976 5588 ptivi
2023 5531 2146 5573 sunt
2196 5521 2344 5584 facti,
2374 5523 2684 5594 idolothyta,
2717 5526 2798 5578 vel
2827 5527 2962 5580 alios
3007 5539 3222 5595 quoque
3254 5524 3399 5580 cibos

1851 5610 2042 5666 vetitos
2071 5613 2438 5676 degustatum.
2477 5613 2548 5668 De
2590 5615 2654 5669 iis
2699 5616 2880 5685 itaque
2925 5626 3142 5685 rogatus
3180 5615 3278 5669 fuit
3325 5616 3402 5668 vir

3038 5717 3109 5776 Π
