3998 6326
214 338 322 401 525
1209 337 1289 400 IN
1328 337 1566 399 EPlST.
1607 338 1648 398 S
1709 338 2086 401 GREGORII
2140 334 2575 402 NEOC/ESAR.
3347 340 3449 406 526

226 471 245 505 ε
286 454 608 529 ἐκκηρύξαι,
643 459 849 529 μήποτε
882 459 965 526 ἐφ’
992 458 1110 511 ὅλον
1140 457 1270 530 ἔλθῃ
1298 460 1387 513 τὸν
1415 460 1541 516 λαὸν
1581 466 1614 534 ἡ
1658 463 1795 537 ὀργὴ

1889 470 1909 507 ι
1955 455 2097 509 modi
2133 456 2382 510 abdicare
2406 458 2580 514 visum
2609 468 2709 524 est,
2738 476 2803 515 ne
2836 460 2972 515 forte
2996 462 3047 515 in
3078 471 3246 518 totum
3273 480 3444 536 popu-

224 564 246 598 ε
288 548 384 601 καὶ
414 550 498 602 ἐπ’
520 549 716 617 αὐτοὺς
738 548 951 619 πρῶτον
979 550 1105 611 τοὺς
1148 550 1489 621 προεστῶτας
1508 591 1522 615 ,
1554 553 1679 617 τοὺς
1722 554 1795 626 μὴ

1888 559 1909 595 ι
1953 543 2063 597 lum
2093 545 2173 599 ira
2205 545 2402 612 veniat,
2432 556 2486 602 et
2515 547 2566 601 in
2597 563 2689 603 eos
2722 550 2952 617 primum
2979 550 3071 619 qui
3100 562 3357 619 praesunt,
3392 564 3445 609 ct

226 656 247 689 ε
292 639 702 711 ἐπιζητοῦντας.
745 641 1017 712 Φοϐοῦμαι
1052 640 1194 712 γὰρ,
1238 640 1369 713 ὼςή
1402 643 1590 714 Γραφὴ
1628 642 1794 712 λέγει,

1888 651 1908 687 ι
1954 650 2059 689 non
2092 636 2389 706 inquirunt.
2425 637 2625 695 Vereor
2653 642 2817 706 enim,
2852 650 2909 695 ut
2942 642 3017 696 ait
3046 641 3345 713 Scriptura,
3378 661 3446 700 ne

224 748 246 779 ε
292 730 368 800 μὴ
395 732 737 804 συναπολέσῃ
770 732 969 802 ἀσεϐὴς
991 732 1081 785 τὸν
1110 728 1334 787 δίκαιον.
1368 736 1621 801 Πορνεία
1664 737 1793 806 γὰρ,

1886 742 1906 777 ι
1951 726 2151 795 impius
2197 728 2405 797 justum
2448 745 2553 783 una
2592 746 2772 786 secum
2817 732 3005 801 perdat
3050 733 3088 787 ⁸.
3124 728 3443 789 Tornicatio

224 838 241 869 ι
291 821 454 891 φησὶ,
497 821 595 875 καί
635 822 974 887 πλεονεξία,
1000 821 1073 875 δι’
1099 820 1138 874 d
1161 821 1392 890 ἔρχεται
1434 824 1473 892 ἠ
1517 824 1661 893 ὀργὴ
1692 825 1796 879 τοῦ

1886 833 1903 867 ι
1950 817 2113 881 enim,
2152 817 2356 886 inquit,
2399 831 2445 874 et
2480 822 2737 887 avaritia,
2782 837 2873 891 per
2901 838 3017 893 qua:
3056 826 3189 877 venit
3234 827 3314 878 ira
3352 825 3444 879 Dei

224 926 243 960 ι
293 909 440 964 Θεοῦ
468 911 566 965 ἐπὶ
591 911 732 977 τοὺς
756 912 922 978 υἱοὺς
958 912 1067 981 τῆς
1096 913 1416 978 ἀπειθείας.
1440 912 1538 979 Μὴ
1561 910 1673 968 οὖν
1708 914 1795 983 τί-

1884 926 1902 956 ι
1951 909 2008 961 in
2049 908 2189 978 ﬁlios
2224 908 2582 962 inobedientite
2608 924 2625 963 :
2650 925 2713 962 ne
2754 913 2869 965 sitis
2901 928 3021 981 ergo
3066 930 3242 966 eorum
3273 920 3443 983 parti.

224 1019 240 1051 ι
286 1005 467 1065 read;
495 1002 857 1072 συμμέτοχοι
876 1002 1091 1057 αὐτῶν.
1108 998 1245 1058 Ἦτε
1266 1001 1375 1071 γάρ
1393 1018 1536 1056 ποτε
1551 1006 1791 1072 σκότος,

1885 1014 1903 1047 ι
1945 998 2103 1066 cipes.
2128 995 2328 1050 Fuistis
2358 999 2494 1050 enim
2517 998 2802 1069 aliquando
2824 1001 3079 1055 tenebras:
3114 1018 3244 1055 nunc
3268 1015 3440 1059 autem

226 1112 244 1143 ι
286 1091 406 1145 νῦν
440 1092 508 1145 δὲ
531 1092 657 1161 ςρῶς
676 1094 972 1159 ἐνΚυρίῳ.
1011 1093 1103 1158 Ὠς
1128 1092 1307 1148 τέκνα
1326 1092 1516 1163 φωτὸς
1556 1107 1797 1162 anputa-

1882 1101 1903 1137 ι
1949 1085 2042 1140 luas
2091 1086 2146 1139 in
2192 1086 2434 1141 Domino.
2480 1087 2545 1142 Ut
2579 1089 2680 1157 ﬁlii
2724 1089 2857 1143 lucis
2907 1091 3167 1144 ambulate
3218 1095 3439 1162 (fructus

224 1202 240 1231 ι
293 1182 442 1235 τεῒτε
469 1184 487 1241 ί
501 1189 534 1236 d
559 1184 669 1251 γὰρ
698 1183 923 1250 καρπὸς
942 1182 1046 1238 τοῦ
1075 1184 1271 1253 φωτὸς
1293 1184 1363 1237 ἐν
1393 1184 1562 1254 πάσῃ
1585 1185 1791 1254 ἀναθο-

1885 1196 1904 1228 ι
1947 1177 2083 1231 em’m
2134 1177 2263 1230 lucis
2295 1187 2369 1230 est
2402 1178 2456 1230 in
2488 1180 2627 1231 omni
2651 1179 2951 1241 bonitate,et
2966 1182 3199 1248 justitia,
3231 1195 3277 1236 et
3309 1186 3440 1237 veri-

222 1289 242 1321 ι
288 1272 451 1338 σύνῃ
475 1272 571 1325 καὶ
591 1273 867 1343 ἀληθείῃ)
891 1313 906 1336 ,
942 1274 1355 1344 δοκιμάζοντες
1382 1277 1439 1328 τί
1471 1275 1799 1343 εὐάρεστον

1882 1285 1901 1319 ι
1946 1268 2109 1337 tate),
2160 1270 2433 1337 probantes
2478 1268 2613 1337 quod
2667 1271 2733 1323 sit
2791 1268 2894 1322 Deo
2942 1283 3245 1339 acceptant:
3288 1285 3337 1327 et
3377 1294 3439 1331 ne

220 1380 241 1412 ι
286 1360 366 1425 τῷ
409 1363 636 1428 Κυρίῳ,
677 1362 773 1415 καί
819 1363 906 1432 μὴ
941 1365 1395 1433 συγκοινωνεῒτε
1435 1366 1559 1432 τοῖς
1600 1367 1794 1435 ἔργοις

1882 1372 1899 1404 ι
1944 1358 2321 1409 communicata
2348 1356 2674 1425 iufrugifrris
2703 1358 2940 1425 operibus
2965 1361 3310 1427 tenebrarum,
3348 1366 3436 1418 scd

220 1471 241 1502 ε
286 1451 414 1517 τοῖς
456 1452 748 1521 ἀκάρποις
804 1453 911 1507 τοῦ
950 1456 1244 1522 σκότους,
1297 1454 1541 1525 μᾶλλον
1586 1455 1653 1510 δὲ
1695 1448 1791 1512 καί

1882 1464 1900 1495 ‹
1944 1446 2116 1509 potius
2150 1445 2307 1498 etiam
2350 1446 2662 1516 redarguite.
2701 1446 2830 1511 Qua:
2863 1450 3001 1502 enim
3041 1454 3107 1503 ab
3146 1453 3271 1519 ipsis
3303 1453 3433 1521 ﬁunt

220 1561 242 1593 ε
281 1542 583 1610 ἐλέγχετεο
634 1542 702 1597 τὰ
733 1543 842 1612 γὰρ
894 1542 1092 1613 κρυφῇ
1138 1548 1429 1614 γινόμενα
1465 1546 1565 1601 ὑπ’
1602 1547 1798 1601 αὐτῶν

1882 1555 1899 1589 ι
1944 1539 2271 1606 clanculum,
2323 1556 2468 1610 turpe
2508 1552 2582 1595 est
2626 1543 2707 1598 vel
2728 1544 2915 1598 dicere.
2973 1546 3162 1601 Omnia
3200 1562 3370 1602 autent
3402 1569 3434 1605 ιι

221 1651 241 1683 ι
286 1634 542 1701 αίσχρόν
574 1634 703 1687 ἐστι
737 1635 832 1691 καὶ
860 1633 1078 1705 λέγειν.
1128 1637 1203 1689 Τὰ
1225 1636 1293 1689 δὲ
1328 1636 1523 1691 πάντα
1549 1639 1795 1708 ἐλεγχό-

1882 1650 1898 1682 ι
1943 1632 2057 1685 ίιιεε
2086 1634 2318 1686 convicta
2344 1634 2753 1703 manifestautur
2799 1634 2843 1692 ‘.
2891 1636 3013 1694 llaec
3048 1641 3260 1708 quidem
3300 1642 3434 1712 Apo-

222 1740 243 1772 ι
276 1738 434 1790 μενα
463 1723 583 1776 ὑπὸ
608 1722 713 1777 τοῦ
739 1724 931 1792 φωτὸς
962 1724 1341 1793 φανεροῦται.
1384 1727 1619 1782 Τοιαῦτα
1646 1730 1741 1799 μέν
1769 1729 1797 1781 ὁ

1882 1741 1897 1775 ι
1944 1724 2139 1779 stolus.
2194 1723 2249 1778 Si
2297 1733 2474 1778 autem
2508 1725 2598 1795 qui
2638 1735 2854 1795 propter
2890 1731 3119 1797 priorem
3153 1734 3301 1799 plura
3339 1737 3434 1787 lia-

222 1829 244 1862 ε
307 1812 652 1876 Ἀπὸστολος.
699 1814 823 1866 Ἐὰν
856 1813 931 1877 δέ,
954 1814 1040 1866 διὰ
1065 1814 1162 1885 τὴν
1196 1816 1465 1887 προτέραν
1489 1818 1795 1883 πλεονεξίαν

1882 1833 1895 1866 ι
1942 1815 2101 1869 bendi
2156 1815 2540 1884 cupiditatem,
2594 1833 2715 1886 qua
2772 1819 2823 1871 in
2859 1836 2989 1888 pace
3036 1821 3172 1883 fuit,
3220 1840 3430 1891 pmnam

220 1918 243 1951 ε
280 1900 381 1971 τὴν
408 1902 463 1953 ἐν
481 1904 543 1971 τῇ
564 1902 754 1974 εἰρήνῃ
769 1904 1062 1973 γενομένην
1083 1904 1236 1974 δίκην
1257 1906 1547 1970 τιννύντες,
1572 1908 1629 1959 ἐν
1651 1907 1795 1977 αύτῷ

1882 1921 1898 1957 ι
1942 1904 2106 1971 dant,
2158 1904 2210 1958 in
2263 1906 2379 1974 ipso
2411 1906 2502 1959 irae
2538 1916 2775 1976 tempore
2810 1925 3001 1965 rursus
3047 1913 3111 1965 ad
3155 1915 3432 1969 avaritiam

223 2007 243 2039 ε
285 1990 365 2059 τῷ
392 1989 566 2059 καιρῷ
612 1991 712 2060 τῆς
754 1990 920 2061 ὀργῆς
968 1991 1310 2062 πάλινοπρδς
1351 1991 1446 2062 τὴν
1482 1993 1795 2059 πλεονεξίαν

1882 2014 1897 2047 ι
1942 2005 2360 2061 convertuntur,
2390 1996 2787 2053 lucrifacientcs
2820 2014 2884 2053 ex
2916 2003 3175 2070 sanguine
3215 2012 3265 2057 et
3309 2020 3432 2073 pcr-

222 2096 243 2127 ε
284 2077 597 2146 ἐκτραπῶσί
622 2096 784 2143 τινες,
814 2080 1183 2149 κερδαίνοντες
1212 2079 1270 2145 ἐξ
1295 2080 1523 2150 αἵματος
1565 2082 1658 2135 καὶ
1683 2082 1798 2135 ὀλέ-

1882 2105 1895 2137 ι
1941 2086 2081 2143 nicie
2117 2102 2424 2142 eversorum
2468 2087 2777 2153 hominum,
2813 2090 3146 2146 captivorum
3168 2133 3182 2157 ,
3219 2094 3436 2147 interfe-

223 2186 243 2216 ε
285 2166 416 2236 θρου
442 2166 741 2236 ἀνθρώπων
778 2170 1091 2223 ἀναστάτων
1119 2171 1425 2241 γενομένων
1449 2172 1480 2242 ἢ
1512 2172 1786 2242 αἰχμαλώ-

1882 2197 1895 2229 ι
1942 2185 2190 2241 ctorum;
2239 2178 2366 2247 quid
2409 2177 2552 2232 aliud
2596 2181 3015 2247 exspectandum
3056 2190 3156 2244 est,
3183 2198 3343 2251 quam
3380 2192 3435 2235 ut

223 2277 245 2308 ι
282 2274 407 2322 των,
435 2260 865 2328 πεφονευμένων,
901 2262 952 2314 τί
976 2261 1159 2332 ἕτερον
1192 2262 1503 2334 προσδοκᾷν
1538 2263 1692 2333 χρὴῆ
1721 2263 1795 2325 ὼς

1882 2284 1896 2317 ι
1943 2267 2168 2321 avaritia
2191 2267 2529 2323 decertantes
2562 2267 2695 2322 iram
2734 2269 2835 2323 sibi
2866 2278 2917 2323 ct
2942 2272 3197 2325 universo
3238 2273 3434 2340 pupula

226 2367 245 2399 ε
287 2350 793 2420 ἐπαγωνιζομένους
818 2353 883 2421 τῇ
913 2350 1212 2421 πλεονεξίᾳ,
1235 2351 1599 2412 ἐπισωοεῦσαι
1620 2352 1795 2424 ὀργὴν
1880 2376 1897 2408 ι
1947 2358 2327 2413 accumuleut?
2354 2376 2372 2408 ι

225 2458 246 2490 ι
283 2440 378 2492 καὶ
402 2442 609 2503 ἑαυτοῖς
634 2439 728 2493 καὶ
759 2441 921 2494 παντὶ
948 2440 1025 2509 τῷ
1061 2440 1205 2510 λαῷ;
1238 2458 1256 2491 ι

294 2531 488 2583 ΒΔΛΣ.
516 2531 603 2583 Ἐν
628 2530 705 2601 τῷ
729 2530 901 2600 καιρῷ
924 2530 1022 2600 τῆς
1046 2531 1153 2583 τῶν
1172 2530 1458 2602 βαρϐάρων
1479 2530 1794 2601 ἐπιδρομῆςν

222 2620 479 2690 ἥρπασάν
510 2634 652 2685 τινες
681 2622 789 2674 τῶν
813 2620 1102 2692 ὀρθοδόξων
1125 2620 1193 2673 τά
1226 2620 1321 2691 τὴν
1361 2620 1648 2691 λεηλασίαν
1680 2620 1796 2674 δια-

201 2710 485 2779 ,φυγόντα’
522 2711 631 2764 τῶν
708 2711 1242 2782 αἰχμαλωτισθέντων
1285 2710 1599 2781 πράγματα.
1663 2709 1797 2779 Περὶ

223 2801 429 2854 τούτων
461 2797 553 2854 οὖν
588 2802 882 2873 ἐρωτηθεὶς
904 2804 930 2855 ὁ
978 2801 1150 2869 ἅγιος,
1175 2800 1359 2871 φησὶν,
1389 2801 1469 2853 ὅτι
1495 2802 1600 2862 πᾶς
1644 2799 1794 2851 πλεο.

225 2890 420 2960 νέκτης
456 2891 789 2961 ἐκκήρυκτος
830 2891 929 2960 τῆς
982 2889 1307 2960 Ἐκκλησίας
1334 2890 1501 2953 ἐστὶν,
1534 2888 1652 2941 ἀντὶ
1679 2886 1794 2955 τοῦ,

226 2979 528 3049 ἀπόϐλητος
568 2979 662 3033 καὶ
701 2980 1000 3050 ἀλλότριος.
1046 2979 1545 3050 Ἀποκηρύσσεσθαι
1575 2981 1681 3051 γὰρ
1710 2980 1796 3032 λέ-

227 3086 413 3138 γονται
438 3071 488 3123 οἰ
511 3070 614 3123 υἰοὶ
642 3069 767 3122 ὅταν
806 3070 895 3122 διά
911 3087 1028 3122 τινα
1050 3070 1344 3139 αἰτιάματα
1364 3070 1427 3121 ἐκ
1453 3069 1550 3138 τῆς
1582 3069 1799 3138 γονικῆς

1948 2524 2055 2594 27
2077 2524 2227 2582 ΒΑιε.
2248 2526 2306 2582 in
2341 2538 2583 2598 tempore
2608 2527 2960 2594 incursionis,
2987 2528 3204 2597 quidam
3226 2543 3289 2583 ev
3340 2543 3435 2583 or-

1875 2616 2131 2672 thodoxis
2151 2619 2536 2689 corripuerunt
2558 2634 2643 2673 res
2660 2633 2780 2688 qua:
2797 2620 3134 2687 captivorum
3160 2619 3437 2688 depraeda-

1874 2709 2079 2763 tionem
2100 2708 2431 2779 effugerunt.
2475 2711 2550 2764 De
2575 2710 2660 2765 his
2676 2724 2803 2779 ergo
2826 2708 3191 2779 interrogatus
3214 2716 3435 2761 sanctus

1873 2801 2023 2865 dicit.
2051 2804 2193 2873 quod
2220 2804 2465 2874 quisquis
2498 2812 2578 2860 est
2611 2819 2827 2870 avarus,
2863 2811 2945 2857 est
2974 2802 3042 2855 ab
3068 2800 3304 2855 Ecclesia
3338 2800 3434 2853 ab-

1872 2893 2104 2957 dicatus,
2152 2894 2202 2947 id
2241 2902 2343 2958 est,
2377 2895 2579 2965 ejectus
2621 2903 2674 2949 et
2722 2895 2947 2948 alienus.
3002 2891 3264 2946 Dicuntur
3288 2893 3430 2943 enim

1873 2980 2104 3036 abdicati
2139 2982 2231 3036 ﬁlii
2262 2983 2477 3051 quando
2509 2990 2726 3052 prepter
2758 2982 2934 3051 aliqua
2978 2982 3201 3035 crimina
3234 2979 3300 3032 ab
3326 2978 3434 3032 lia:-

1873 3071 2101 3126 reditate
2130 3081 2351 3141 paterna
2378 3073 2699 3128 alienantur.
2743 3070 2797 3126 In
2835 3083 3070 3142 tempore
3102 3081 3279 3125 autem
3309 3070 3431 3124 talis

228 3159 588 3232 κληρονομίας
615 3155 1013 3230 ἀλλοτριῶνται.
1046 3159 1117 3211 Τὸ
1138 3159 1201 3211 δὲ
1226 3160 1281 3212 ἐν
1315 3158 1494 3229 καιρῷ
1521 3158 1799 3228 συμφορᾶς

1882 3159 2200 3215 calamitatis
2252 3159 2449 3215 audere
2492 3161 2722 3229 aliquem
2768 3160 2975 3215 facinus
3021 3160 3327 3230 ejusmodi,
3379 3170 3434 3215 et

232 3252 480 3321 τοιαύτης
501 3250 760 3321 τολμῆσαί
792 3267 912 3303 τινα
933 3248 1167 3302 τοιοῦτον
1194 3266 1248 3302 τι
1282 3249 1449 3301 κακὸν
1467 3288 1482 3313 ,
1514 3249 1606 3301 καὶ
1656 3248 1802 3317 λογί-

229 3342 427 3396 σασθαι
451 3342 684 3413 κέρδους
710 3340 960 3412 ἀφορμὴν
987 3341 1083 3410 τὴν
1104 3340 1211 3392 τῶν
1233 3337 1473 3408 ἀδελφῶν
1498 3338 1799 3409 συμφορὰν,

230 3432 390 3502 ἔργον
417 3433 563 3484 ἐστὶν
598 3431 899 3504 ἀνθρώπων
928 3429 1137 3483 ἀσεϐῶν
1166 3430 1256 3482 καὶ
1285 3423 1388 3482 ὕπὸ
1416 3428 1508 3482 τοῦ
1546 3428 1677 3482 Θεοῦ
1710 3446 1799 3498 μι-

233 3519 529 3590 σουμένων,
555 3520 647 3573 καὶ
668 3521 847 3589 πάσης
890 3518 1115 3581 ἀτοπίας
1152 3518 1423 3571 ἐπέκεινα.
1451 3517 1608 3570 Ὅθεν
1653 3514 1799 3582 ἔδοξε

232 3611 357 3673 τοὺς
377 3610 646 3673 τοιούτους
678 3608 975 3680 ἐκκηρύξαι
1002 3608 1123 3661 ἀντὶ
1144 3605 1258 3670 τοῦ,
1296 3606 1540 3676 φανερῶς
1554 3603 1803 3669 ἐκδιῶξαι

232 3698 333 3766 τῆς
372 3698 729 3767 Ἐκκλησίας,
767 3698 861 3750 καὶ
892 3695 1119 3765 χωρίσαι
1169 3694 1263 3748 τοῦ
1302 3692 1659 3765 πληρώματος
1693 3693 1800 3747 τῶν

234 3770 467 3842 πιστῶνο
503 3788 589 3839 τνα
620 3788 692 3857 μὴ
711 3786 777 3838 δι’
804 3785 1000 3849 αὐτοὺς
1033 3787 1065 3857 ἡ
1098 3783 1234 3856 ὀργὴ
1258 3782 1350 3836 τοῦ
1377 3781 1508 3835 Θεοῦ
1556 3780 1685 3852 ἔλθη
1707 3782 1800 3834 ἐπὶ

237 3880 465 3942 πάντας,
496 3878 589 3930 ml.
614 3877 717 3948 πρὸ
740 3876 847 3928 τῶν
875 3875 1045 3930 ἀλλων
1076 3875 1168 3928 ἐπὶ
1187 3876 1309 3937 τοὺς
1330 3873 1697 3943 προεστῶτας,
1719 3872 1793 3944 μὴ

236 3966 627 4039 ἐπιζητοῦντας
653 3966 747 4019 καὶ
778 3963 1127 4031 ἐξετάζοντας
1165 3964 1289 4027 τοὺς
1332 3962 1621 4024 τοιούτους.
1670 3956 1789 4015 Εἴτε

238 4043 435 4129 ἐπάγει
470 4063 563 4114 καὶ
592 4058 870 4130 Γραφικάς
904 4056 1203 4128 μαρτυρίας
1224 4094 1240 4118 ,
1268 4054 1362 4108 καὶ
1394 4053 1520 4125 περί
1554 4052 1614 4102 rb
1651 4052 1798 4116 τέλος

239 4150 519 4221 ἐπιφέρει·
547 4150 608 4202 Εἰ
638 4149 694 4200 δέ
715 4164 857 4211 τινες
879 4146 965 4199 διά
993 4144 1300 4210 πλεονεξίαν
1333 4145 1627 4213 γενομένην
1673 4143 1802 4213 παρ’

239 4242 422 4296 αὐτῶν
459 4240 601 4295 κατὰ
624 4240 715 4293 τὸν
738 4239 835 4308 τῆς
858 4239 1075 4308 εἰρήνης
1100 4236 1289 4305 καιρὸν
1310 4233 1676 4296 κολασθέντες,
1710 4232 1805 4284 πά-

240 4334 322 4385 λιν
343 4334 439 4386 καὶ
466 4334 547 4393 εἰς
577 4330 672 4395 τὴν
697 4328 802 4381 τῶν
835 4326 1121 4398 βαρϐάρων
1147 4326 1332 4394 ἔφοδον
1358 4323 1425 4377 τὰ
1461 4321 1599 4376 αὐτά
1624 4321 1804 4391 ἥμαρ-

1873 3250 2184 3305 existimare
2228 3252 2455 3305 aliorum
2489 3252 2848 3306 calamitatem
2878 3266 2997 3306 esse
3040 3252 3121 3305 sui
3162 3251 3295 3305 lucri
3343 3265 3435 3305 oc-

1875 3341 2172 3406 casionem,
2196 3350 2279 3395 est
2304 3342 2591 3411 impiorum
2620 3342 2897 3395 hominum
2926 3350 2977 3395 et
3002 3341 3106 3395 Deo
3135 3342 3431 3394 invisorum

1876 3442 1929 3487 et
1960 3430 2051 3502 qui
2084 3446 2297 3485 omnem
2325 3432 2720 3501 improbitatem
2750 3440 3025 3500 superant.
3078 3431 3227 3485 Unde
3260 3432 3431 3485 visum

1877 3530 1961 3577 est
1985 3536 2078 3577 eos
2110 3521 2380 3586 abdicare,
2414 3535 2511 3590 pro
2553 3535 2617 3575 eo
2665 3522 2809 3589 quod
2838 3528 2940 3585 est,
2975 3531 3156 3591 aperte
3196 3519 3434 3576 Ecclesia

1858 3594 2166 3679 'expeliere,
2215 3616 2269 3663 et
2316 3624 2347 3662 a
2399 3608 2632 3664 ﬁdelium
2663 3609 3005 3663 multitudine
3044 3625 3325 3678 separare:
3372 3627 3438 3665 ne

1878 3707 2095 3769 propter
2124 3698 2272 3768 ipsos
2302 3698 2392 3753 Dei
2423 3699 2502 3753 ira
2538 3699 2591 3753 in
2627 3713 2815 3753 omnes
2846 3700 3041 3762 veniat,
3077 3709 3129 3754 et
3159 3709 3280 3755 ante
3304 3701 3437 3755 alios

1878 3790 1932 3844 in
1968 3803 2061 3845 eos
2088 3789 2181 3859 qui
2219 3796 2489 3859 pnesunt,
2524 3788 2617 3857 qui
2648 3788 2910 3858 ejusmodi
2944 3789 3187 3843 homines
3224 3805 3328 3843 non
3359 3792 3440 3843 in-

1881 3878 2104 3949 quirunt
2134 3886 2186 3932 et
2208 3879 2537 3933 examinant.
2568 3877 2765 3933 Deinde
2795 3879 3069 3948 subjungit
3095 3880 3253 3933 etiam
3286 3886 3438 3935 testi-

1883 3968 2065 4023 monia
2102 3966 2413 4038 Scriptum,
2448 3976 2500 4021 et
2538 3968 2681 4022 circa
2718 3968 2873 4022 tinem
2902 3968 3096 4022 infert:
3135 3967 3191 4023 Si
3222 3969 3312 4038 qui
3345 3986 3441 4025 au-

1882 4069 1989 4113 tem
2036 4065 2251 4126 propter
2300 4071 2452 4112 suam
2492 4057 2815 4122 avaritiam,
2866 4070 2985 4126 qua:
3043 4056 3141 4111 fuit
3205 4066 3440 4126 tempore

1883 4147 2074 4215 pacis,
2124 4146 2334 4215 puniti,
2386 4146 2437 4199 in
2490 4147 2840 4201 barbarorum
2896 4148 3087 4200 iterum
3136 4148 3443 4203 incursione

1884 4238 2069 4290 eadem
2103 4235 2473 4303 peccaverint,
2514 4236 2585 4301 ii,
2623 4236 2816 4305 inquit,
2849 4251 2957 4290 non
2986 4237 3155 4290 solum
3188 4237 3279 4291 Dei
3307 4239 3441 4293 iram

1886 4325 1939 4377 in
1980 4338 2038 4379 se
2074 4325 2386 4394 attrahunt,
2422 4325 2513 4381 sed
2537 4327 2696 4381 etiam
2730 4327 2986 4382 adversus
3017 4343 3227 4382 omnem
3274 4344 3445 4399 pupu-

240 4439 353 4486 τον,
384 4424 432 4475 οἰ
460 4419 717 4484 τοιοῦτοι,
749 4418 912 4489 φησὶν
935 4456 951 4481 ,
993 4417 1053 4470 οὑ
1097 4416 1254 4487 μόνον
1292 4413 1412 4467 καθ’
1463 4411 1665 4467 ἐαυτῶν
1706 4410 1800 4482 τὴν

1888 4414 2020 4469 lum.
2054 4413 2324 4469 Haec'cum
2354 4416 2427 4469 ita
2456 4430 2514 4471 se
2544 4416 2792 4482 habeant,
2818 4427 2941 4470 nota
2969 4432 3031 4469 cx
3060 4417 3160 4471 hac
3192 4419 3439 4485 prtesenti

241 4513 415 4584 ὀργὴν
436 4512 529 4564 τοῦ
568 4510 702 4564 Θεοῦ
746 4510 1061 4576 ἐφέλκουσιν
1085 4548 1099 4571 ,
1138 4507 1271 4561 ἀλλά
1306 4506 1395 4560 καὶ
1436 4502 1576 4557 κατά
1611 4502 1804 4565 παντὸς

243 4602 339 4654 τοῦ
366 4600 518 4653 λαοῦ.
562 4598 777 4652 Τούτων
820 4595 986 4659 οὕτως
1033 4595 1261 4665 ἐχόντων
1334 4593 1662 4663 σημείωσαι,
1722 4592 1803 4644 ὅτι

243 4693 341 4746 καὶ
361 4690 469 4746 ἀπὸ
506 4689 605 4759 τῆς
634 4685 913 4759 παρούσης
952 4684 1236 4755 ἐπιστολῆς
1289 4686 1495 4752 ἐφεῖται
1538 4684 1645 4745 τοῖς
1685 4682 1803 4733 ἐπι-

243 4782 466 4842 σκόποις
490 4780 584 4843 τὰς
616 4778 719 4831 τῶν
743 4775 1075 4829 πλεονεκτῶν
1110 4773 1421 4836 δυναστείας
1468 4769 1806 4825 ἀναστέλλειν

239 4870 326 4922 διὰ
349 4868 637 4937 ἐπιτιμίων
657 4885 670 4898 ο
706 4868 797 4920 καὶ
822 4866 945 4929 τοὺς
975 4866 1070 4937 μὲν
1102 4864 1440 4935 ἁρπάζοντας
1481 4861 1550 4914 τὰ
1578 4860 1684 4914 ἀπὸ
1710 4859 1807 4929 τῆς

240 4960 612 5030 αἰχμαλωσίας
630 4957 1041 5029 περιλειφθέντα
1072 4956 1367 5026 πράγματα
1388 4954 1494 5007 τῶν
1516 4952 1805 5023 δρθοδόξων

246 5048 335 5102 διά
372 5047 616 5117 μεγάλων
643 5046 1103 5117 ἐκκλησιαστικῶν
1140 5043 1482 5115 σωφρονίζειν
1514 5042 1802 5097 κολάσεων·

246 5139 373 5200 τοὺς
394 5136 451 5189 δέ
481 5137 555 5207 μὴ
574 5135 844 5199 τοιούτους
866 5136 1114 5206 ἅρπαγας
1132 5153 1225 5206 μετ
1235 5134 1503 5206 ριωτέρως
1531 5134 1803 5203 ἐπιτιμᾷνσ

247 5226 389 5279 ὥστε
430 5226 537 5279 ἀπὸ
583 5224 838 5278 τοιούτων
896 5225 1021 5293 περὶ
1076 5224 1324 5277 τοιούτων
1372 5222 1671 5277 ὑποθέσεων
1713 5221 1807 5274 καὶ

248 5318 471 5378 λαῖκοὺς
490 5315 800 5385 ἐνδυνάμως
827 5315 913 5366 ἶνα
948 5314 1237 5366 δικάσωσιν
1265 5313 1314 5365 οί
1343 5312 1645 5366 ἐπίσκοποι.
1685 5309 1809 5372 Πῶς

252 5410 362 5479 γὰρ
392 5408 772 5477 ἐπιτιμήσουσι
816 5404 1034 5467 τούτους
1075 5405 1171 5475 τῆς
1201 5403 1451 5473 ἀληθείας
1485 5402 1557 5473 μὴ
1604 5403 1807 5470 ἀναφα-

254 5500 438 5563 νείσης
458 5499 720 5569 πρότερον
745 5511 760 5559 ;
790 5494 862 5547 Τὸ
889 5495 943 5548 δὲ
976 5495 1062 5547 διὰ
1096 5494 1401 5556 πλεονεξίαν
1435 5490 1811 5563 ἀποκηρύσσε-

337 5683 351 5711 ¹
384 5687 515 5743 Gcn.
551 5700 701 5745 mu.
726 5684 814 5747 '25,
843 5683 931 5737 25.
1022 5676 1039 5704 '
1081 5680 1276 5747 Eplies.
1312 5698 1362 5743 ν,
1393 5681 1542 5736 543.

1886 4506 2133 4576 epistola,
2174 4507 2317 4575 quod
2353 4506 2620 4576 episcopis
2647 4507 2973 4576 permittitur
3003 4523 3287 4562 avarorum
3316 4510 3407 4576 plu
3426 4539 3439 4549 -

1888 4610 2055 4665 raque
2086 4594 2314 4649 habendi
2354 4596 2670 4665 cupidorum
2717 4601 3013 4664 potentiam
3049 4597 3221 4663 poenis
3265 4596 3441 4664 impn-

1890 4685 2007 4739 sitis
2040 4699 2321 4739 coercere:
2366 4693 2418 4739 et
2450 4699 2545 4739 eos
2571 4684 2817 4753 quidem,
2849 4685 2974 4753 qui,
3020 4701 3139 4753 qua:
3169 4701 3230 4739 ex
3275 4686 3443 4753 capti-

1889 4777 2053 4831 vitate
2080 4776 2261 4829 relicta
2291 4784 2415 4830 sunt
2448 4774 2690 4829 ﬁdelibus
2711 4816 2726 4840 ,
2758 4776 3003 4845 rapiunt,
3034 4776 3241 4844 magnis
3272 4776 3441 4829 cccle-

1890 4866 2122 4923 siasticis
2147 4866 2702 4921 animadversionihus
2730 4868 3022 4935 castigare;
3060 4867 3151 4933 qui
3177 4881 3283 4919 non
3319 4876 3445 4920 sunt

1892 4966 2073 5013 autem
2154 4955 2417 5026 ejusmodi
2480 4970 2741 5024 rapaces,
2830 4956 3171 5009 mediocriter
3231 4956 3439 5023 punire.

1892 5045 2252 5113 Quamobrem
2296 5058 2362 5099 ex
2414 5043 2498 5097 bis
2545 5043 2611 5097 de
2671 5042 2976 5113 bujusmodi
3038 5043 3217 5097 causis
3280 5043 3443 5098 laicus

1894 5150 2109 5207 quoque
2146 5134 2380 5205 episcopi
2418 5133 2517 5186 rite
2548 5133 2804 5202 judicent.
2852 5132 3132 5198 Quomodo
3174 5134 3317 5186 enim
3352 5148 3445 5187 eos

1894 5228 2151 5297 punient,
2197 5226 2242 5280 si
2284 5239 2390 5279 non
2422 5224 2570 5293 prius
2614 5224 2809 5277 veritus
2842 5223 3187 5292 apparuerit?
3223 5223 3446 5292 Propter

1897 5316 2173 5373 avaritiam
2189 5324 2366 5369 autem
2401 5328 2428 5365 a
2454 5314 2685 5367 fidelium
2709 5313 3086 5367 communione
3102 5313 3333 5381 aliquem
3352 5314 3446 5366 ah-

1896 5410 2084 5472 dicari.
2115 5422 2363 5475 magnum
2396 5416 2495 5467 cst.
2529 5415 2581 5459 et
2610 5420 2689 5459 vae
2721 5406 2926 5459 avaris!
2962 5402 3066 5456 Lex
3099 5418 3224 5457 vero
3253 5404 3445 5475 civilis.

1895 5514 2017 5555 eum
2062 5498 2155 5568 qui
2208 5497 2343 5567 rapit
2387 5512 2447 5551 ex
2494 5494 2740 5549 incendio
2785 5495 2864 5548 vel
2914 5508 2976 5547 cx
3021 5493 3176 5546 ruina
3219 5494 3445 5559 aedium,
