3998 6326
138 489 252 557 529
1082 491 1159 553 IX
1202 492 1438 552 El‘iST.
1573 487 1944 550 GHEGORII
1988 486 2421 547 NEOCJESHL
3257 487 3380 550 53ον

142 645 162 677 c
203 627 375 698 λησε.
420 640 524 680 axe
557 625 644 680 τοῦ
688 625 1050 696 άναθέματος,
1095 631 1186 682 καὶ
1235 630 1323 682 ἐπὶ
1371 631 1548 681 πᾶσαν
1589 645 1693 680 συν·

1807 647 1824 680 ι
1861 628 2164 684 dedicatum
2213 636 2344 684 erat,
2403 624 2642 689 peccarit
2688 632 2783 675 :ct
2835 625 2884 674 in
2935 639 3145 676 omnem
3192 623 3354 676 lsiaul

142 737 160 768 ι
209 717 444 788 αγωγὴν
524 718 733 789 Ἰσραὴλ
767 718 994 788 ἐγενήθη
1034 720 1066 790 ἡ
1099 719 1269 790 ὁργή;
1325 719 1434 773 Καὶ
1477 712 1556 781 εἷς
1616 718 1693 790 μό-

1808 737 1830 776 (
1870 730 2197 791 synagogam
2247 714 2326 769 ira
2373 713 2652 782 pervenit?
2693 716 2864 781 Atque
2907 716 2990 766 hic
3034 730 3172 767 unus
3207 716 3352 767 solus

142 823 161 854 ‹
203 822 306 867 νος
338 799 492 866 οὗτος
519 806 750 875 ἥμαρτε,
784 807 855 875 μὴ
893 808 1047 874 μόνος
1072 805 1334 858 ἀπέθανεν
1364 803 1420 857 ἐν
1447 808 1511 877 τῇ
1537 805 1693 877 ἁμαρι

1808 829 1828 862 σ
1869 810 2130 881 peccavit,
2161 805 2252 860 sed
2293 818 2397 857 non
2430 803 2578 860 solus
2612 803 2664 856 in
2701 819 2800 857 suo
2833 814 3048 872 peccato
3079 812 3160 856 cst
3205 820 3349 857 "10'.-

144 914 161 945 ι
208 897 312 965 τίᾳ
355 893 539 948 αὑτοῦ.
599 896 756 963 Ἡμῖν
793 894 849 946 δὲ
897 896 1001 946 πᾶν
1032 893 1091 944 τὺ
1125 894 1198 964 μὴ
1236 895 1530 964 ἡμέτερον,
1575 894 1693 946 ἀλλα

1810 920 1828 952 ι
1863 911 2008 955 tuus.
2060 896 2227 952 Nobis
2265 903 2440 948 autem
2492 893 2751 961 quidquid
2793 908 2896 946 non
2935 903 3213 955 nostrum,
3257 895 3350 946 sed

143 1003 162 1035 ς
209 986 516 1055 ἀλλότριον,
551 984 626 1054 τῷ
653 985 823 1055 καιρῷ
847 984 1018 1053 τούτῳ
1055 984 1260 1055 κέρδος,
1296 985 1536 1053 ἀνάθεμα
1563 1000 1693 1037 νενο-

1809 1008 1828 1041 ι
1869 989 2100 1044 alienum
2145 996 2244 1050 est,
2281 989 2384 1038 hoc
2426 995 2665 1052 tempore
2708 983 2940 1047 lucrum,
2991 981 3097 1035 Deo
3136 983 3351 1036 dedica-

146 1097 165 1130 ι
214 1078 412 1146 μίσθαι
457 1079 731 1150 προσήκει.
779 1078 1036 1138 Κάκεῖνος
1092 1077 1188 1146 μὲν
1223 1074 1329 1147 γὰρ
1366 1077 1394 1129 ὸ
1446 1077 1617 1145 Ἀχαρ
1645 1075 1693 1127 ἐ)

1808 1097 1827 1131 ι
1867 1089 1979 1134 tum
2015 1093 2134 1132 esse
2165 1075 2578 1132 existimandum
2618 1084 2717 1128 est.
2751 1071 2881 1126 Nam
2925 1083 2976 1124 et
3015 1072 3102 1126 ille
3131 1072 3347 1141 quidem

147 1185 164 1214 ι
210 1167 321 1235 τῆς
357 1169 631 1238 προνομῆς
663 1166 847 1218 ἐλαϐε-
885 1167 974 1218 xei.
1006 1165 1156 1217 αὐτοὶ
1186 1163 1279 1216 νῦν
1310 1165 1373 1216 ἐκ
1406 1162 1705 1233 προνομῆςο

146 1276 164 1307 ι
208 1261 470 1320 κάκεῖνος
506 1258 601 1327 μὲν
629 1256 697 1309 τὰ
722 1257 827 1308 τῶν
870 1254 1161 1325 πολεμίων,
1197 1254 1244 1306 οε
1286 1252 1342 1305 δὲ
1379 1251 1470 1304 νῦν
1499 1252 1565 1304 τὰ
1589 1251 1707 1307 ,τῶν

146 1367 165 1398 σ
212 1348 489 1416 ἀδελφῶν,
525 1349 888 1417 κερδαίνοντες
918 1345 1153 1416 ὀλέθριον
1182 1345 1384 1415 κέρδος.
1419 1363 1437 1394 ›

220 1527 422 1579 ΒΑΛΣ.
473 1524 651 1578 Είπὼν
694 1527 721 1577 ό
778 1525 926 1592 ἅγιος
973 1522 1436 1594 ἀποκηρύττεσθαι
1484 1523 1547 1572 ἐκ
1600 1520 1703 1571 τῶν

145 1618 364 1671 πιστῶν
413 1618 538 1680 τοὺς
587 1617 932 1685 ἁρπάσαντας
983 1617 1050 1668 τά
1091 1619 1198 1678 τοῖς
1239 1612 1704 1684 αίχμαλωτισθεϊσι

141 1711 498 1779 διαφέροντα,
543 1710 632 1760 καὶ
665 1706 769 1759 ἀπὸ
797 1708 892 1775 τῆς
936 1705 1268 1776 βαρϐαρικῆς
1295 1704 1578 1773 λεηλασίας
1610 1720 1704 1756 πε-

147 1798 520 1866 ριλειφθέντα,
567 1797 659 1849 καὶ
692 1798 771 1848 ὅτι
804 1795 890 1847 διὰ
929 1798 1051 1857 τοὺς
1081 1795 1220 1847 οὓτω
1258 1793 1507 1854 πολλάκις
1551 1793 1706 1846 πταί-

145 1905 356 1950 σαντας
399 1889 492 1947 καὶ
541 1888 612 1956 μὴ
662 1885 1060 1956 διορθωθέντας,
1114 1885 1203 1936 καὶ
1245 1886 1322 1948 είς
1373 1884 1461 1936 τδν
1501 1885 1624 1936 λαὸν
1666 1886 1699 1955 η

1811 1188 1829 1220 ο
1868 1169 2047 1222 Achar
2088 1182 2152 1221 ex
2199 1167 2375 1235 praeda
2410 1165 2636 1233 accepit,
2679 1171 2732 1218 et
2771 1163 2869 1231 ipsi
2903 1178 3043 1215 nunc
3077 1178 3139 1216 ex
3172 1165 3346 1231 praxia

1808 1278 1825 1310 ι
1866 1259 2150 1327 accipiunt.
2183 1257 2258 1311 Ac
2288 1257 2631 1324 illequiilem,
2658 1270 2717 1309 ea
2747 1270 2865 1321 quae
2890 1263 3043 1307 erant
3073 1255 3306 1306 hostium
3333 1274 3342 1305 ;

1809 1367 1825 1398 ι
1851 1349 1941 1417 qui
1959 1363 2082 1400 vero
2100 1362 2241 1399 nunc
2268 1355 2412 1402 sunt.
2433 1361 2491 1398 ea
2519 1343 3348 1412 qua:suntl'ratrum,pcrnicio.w

1808 1457 1826 1488 ι
1867 1438 2016 1491 lucro
2046 1436 2464 1491 luerifacieurs.
2505 1455 2521 1486 ι

1872 1527 2026 1582 Βλις.
2064 1529 2195 1580 Cum
2245 1527 2472 1580 dixisset
2504 1534 2720 1579 sanctus
2766 1542 2793 1577 a
2832 1525 3075 1577 titlelibus
3107 1525 3342 1578 abdicari

1801 1632 1892 1672 eos
1921 1619 2009 1686 qui
2061 1617 2274 1684 rapiunt
2319 1634 2436 1684 qua:
2465 1617 2528 1668 ad
2563 1618 2803 1684 captivos
2852 1616 3138 1683 pertinent,
3181 1623 3231 1667 et
3278 1631 3338 1667 ex

1802 1706 2079 1762 barbarica
2128 1707 2302 1774 praeda
2352 1707 2530 1759 relicta
2580 1705 2826 1768 fuerunt;
2860 1707 3083 1772 etquod
3130 1713 3344 1774 preptcr

1800 1812 1892 1852 eos
1915 1799 2004 1865 qui
2045 1797 2123 1849 sic
2165 1811 2302 1863 saepe
2331 1796 2462 1863 lapsi
2503 1805 2553 1848 ct
2582 1794 2799 1846 minime
2835 1795 3067 1862 correpti
3105 1803 3250 1855 sunt,
3291 1794 3340 1846 in

1801 1888 2054 1957 pepulum
2086 1901 2298 1955 quoque
2328 1889 2403 1937 ira
2434 1886 2523 1936 Dei
2559 1886 2887 1938 accumulata
2919 1887 3020 1950 sit;
3055 1886 3120 1939 ad
3152 1901 3336 1939 eorum

142 1977 290 2048 ὀργὴ
301 1976 397 2029 τοῦ
421 1975 553 2028 Θεοῦ
577 1974 932 2045 ἐπισωρευθῇ,
953 1973 1196 2042 ἐπιφέρει
1224 1974 1353 2044 «pb;
1372 1973 1693 2040 κατασκευὴν

1799 1977 2260 2031 confirmationem
2320 1976 2524 2028 inducit
2565 1976 2739 2029 Achar
2789 1976 3067 2028 historiam
3104 1977 3155 2029 in
3204 1977 3338 2030 Iibt'n

143 2065 358 2118 τούτων
393 2064 489 2133 τὴν
517 2066 574 2115 ἐν
614 2065 677 2132 τῇ
727 2063 890 2134 βίϐλῳ
923 2060 1016 2112 τοῦ
1069 2060 1237 2131 Ἰησοῦ
1279 2061 1370 2114 τοῦ
1413 2061 1566 2129 Ναυῆ
1609 2076 1700 2126 γε’

145 2153 481 2223 γραμμένην
512 2152 745 2221 ἱστορίαν
767 2147 1002 2218 περὶτοῦ
1037 2148 1226 2220 Ἀχαρ.
1278 2150 1579 2218 ἰστορεῑται
1598 2148 1702 2219 γὰρ

143 2244 222 2304 ὡς
252 2241 348 2295 τοῦ
387 2240 557 2311 Ἰησοῦ
581 2240 1034 2309 ἐπαγγειλαμένου
1062 2238 1444 2308 ἀνατεθειμένα
1472 2234 1603 2292 εἶναι
1627 2236 1702 2308 τῷ

141 2333 271 2400 Θεῷ
321 2331 499 2384 πάντα
546 2329 614 2381 τὰ
663 2332 766 2382 ἀπὸ
811 2330 906 2398 τῆς
960 2328 1300 2401 Ἱεριχοῦντος
1344 2328 1700 2398 σκυλευθησό-

148 2439 316 2489 μενα,
359 2424 388 2474 ό
423 2422 597 2491 Ἀχαρ
632 2420 767 2490 μετὰ
803 2421 898 2490 τὴν
943 2420 1135 2473 ἅλωσιν
1181 2420 1276 2490 τῆς
1308 2418 1507 2482 πόλεως
1546 2420 1700 2490 Ἱερι-

145 2512 395 2580 χοῦντος,
444 2511 684 2578 γλῶτταν
729 2510 930 2579 χρυσῆν
975 2511 1066 2563 καὶ
1097 2509 1319 2578 ῦφασμά
1353 2525 1402 2560 τι
1436 2508 1697 2578 ὑφελόμε-

145 2619 260 2664 νος,
315 2601 618 2669 κατέχωσεν
670 2599 804 2651 αὐτὰ
859 2601 914 2650 ἐν
951 2602 1015 2668 τῇ
1068 2602 1238 2668 σκηνῇ
1279 2597 1460 2651 αὑτοῦ.
1527 2597 1703 2667 Ὀργι-

146 2692 371 2753 σθέντος
409 2691 465 2743 δὲ
513 2689 604 2742 τοῦ
655 2689 787 2742 Θεοῦ
836 2688 921 2741 διὰ
954 2689 1126 2752 τοῦτο,
1173 2687 1478 2758 ἡττήθησαν
1531 2688 1586 2740 ἐν
1625 2686 1701 2755 τῷ

147 2781 375 2850 πολέμῳ
418 2783 466 2832 οί
523 2779 862 2848 Ἰσραηλῖται.
910 2779 1025 2830 ’Ότι
1063 2778 1117 2830 δὲ
1155 2777 1343 2846 ἄδηλος
1378 2774 1502 2847 ἧνῆ
1557 2777 1700 2830 αίτία

146 2869 248 2935 τῆς
284 2868 450 2938 ὀργῆς
483 2867 572 2920 τοῦ
600 2866 753 2929 Θεοῦ,
784 2868 969 2935 γέγονε
1004 2865 1219 2936 κλῆρος,
1255 2866 1346 2919 καὶ
1388 2865 1580 2917 ἔπεσεν
1611 2863 1699 2915 ἐπὶ

145 2958 240 3010 τὸν
276 2959 470 3027 Ἀχαρ.
502 2957 780 3021 Κάκεῖνος,
832 2957 1262 3026 ἀνακρινόμενος,
1304 2955 1611 3024 ὡμολόγησε
1641 2951 1700 3003 τὸ

149 3046 376 3116 κλέμμα
406 3046 497 3097 καὶ
527 3046 594 3104 τὰ
625 3045 894 3098 κλαπέντα
928 3045 1287 3112 προσήνεγκε·
1327 3041 1418 3094 καὶ⁵
1464 3039 1696 3094 ἐλιθοσο·

145 3136 291 3205 λήθη
337 3135 495 3197 αὑτός
530 3151 588 3186 τε
627 3135 717 3186 καὶ
757 3132 954 3195 πάντες
996 3133 1043 3184 οἱ
1094 3132 1221 3200 περὶ
1260 3132 1452 3196 αὐτὸν,
1497 3131 1588 3183 καὶ
1626 3130 1695 3186 τὰ

146 3226 290 3289 ζῶα,
319 3226 410 3277 καὶ
437 3227 580 3277 πᾶσα
622 3226 654 3293 η
682 3225 948 3295 ὑποσκευὴ
982 3206 1160 3277 αὐτοῦ.
1203 3225 1308 3276 Καί
1341 3239 1524 3292 φησιν,
1569 3222 1694 3276 Ἰδοὺ

1797 2058 1918 2116 Jesu
1950 2061 2090 2116 Nave
2112 2065 2454 2131 descriptam.
2485 2061 2676 2116 Narrat
2697 2064 2837 2116 enim
2867 2065 3008 2132 quod
3039 2080 3158 2118 cum
3185 2063 3339 2120 Jesua

1797 2153 2193 2221 pronuntiasset
2221 2156 2402 2207 omnia
2435 2152 2544 2207 Deo
2576 2169 2694 2207 esse
2721 2154 2961 2208 dedicata
2992 2157 3183 2225 spolia,
3218 2173 3336 2225 quae

1796 2257 1858 2296 ex
1887 2240 2103 2295 Jericbo
2137 2254 2288 2311 capta
2321 2254 2519 2302 essent,
2566 2243 2741 2296 Achar
2778 2260 3059 2312 posmnam
3098 2247 3224 2301 urbs
3251 2246 3340 2300 Je-

1797 2331 1946 2386 rielto
1979 2343 2130 2399 capta
2165 2344 2322 2394 esset,
2360 2348 2517 2386 aurea
2551 2333 2730 2404 lingua
2759 2344 2810 2388 et
2840 2337 3017 2404 aliqua
3048 2347 3192 2392 veste
3219 2353 3338 2391 sur-

1797 2431 1964 2490 repta,
1999 2438 2061 2475 ea
2090 2421 2279 2475 inl'odit
2312 2423 2363 2476 in
2390 2439 2488 2477 suo
2524 2427 2770 2478 tentorio.
2807 2427 2940 2480 Cum
2982 2437 3158 2481 autem
3196 2427 3337 2483 Deus

1794 2522 2070 2582 prOpIerea
2107 2515 2520 2577 succensuissct,
2554 2516 2603 2567 in
2640 2531 2702 2569 eo
2749 2517 2885 2569 bello
2922 2516 3171 2572 Israelitre
3207 2521 3332 2572 victi

1793 2609 1938 2654 sunt.
1969 2600 2104 2665 Quia
2127 2610 2302 2654 autem
2335 2618 2437 2655 non
2472 2602 2750 2657 manifesta
2777 2615 2891 2658 erat
2927 2609 3014 2658 inc
3035 2607 3125 2660 Dei
3151 2621 3333 2670 causa.

1795 2692 1957 2743 missa
1995 2701 2076 2744 est
2106 2706 2244 2754 sors,
2282 2701 2334 2743 et
2367 2693 2557 2746 cecidit
2603 2710 2762 2762 super
2794 2696 2989 2750 Achar.
3028 2697 3116 2751 llle
3156 2709 3333 2753 autem

1795 2777 2176 2846 interrogatus,
2202 2777 2401 2832 furtum
2432 2781 2711 2835 confessus
2736 2791 2837 2845 est,
2873 2795 2923 2838 et
2954 2802 3072 2852 qua:
3090 2798 3332 2856 surrepta

1792 2876 1938 2931 sunt,
1982 2869 2231 2935 protulit;
2286 2878 2337 2922 et
2377 2870 2643 2938 lapidibus
2695 2874 2919 2929 obrutus
2971 2885 3052 2929 est
3096 2877 3205 2946 ipse
3232 2917 3246 2941 ,
3284 2889 3335 2930 ct

1791 2971 1976 3010 omnes
2009 2958 2111 3019 sui,
2139 2970 2190 3011 et
2221 2959 2491 3024 animalia,
2521 2972 2573 3014 et
2601 2971 2705 3015 tota
2737 2963 2852 3032 ejus
2879 2966 3135 3033 supellex.
3163 2965 3228 3020 Et
3254 2967 3334 3022 tli-

1791 3047 1862 3100 cit
1898 3064 1910 3098 :
1936 3045 2072 3102 Ecce
2100 3064 2238 3102 unus
2270 3051 2533 3118 peccavit,
2567 3059 2698 3105 etex
2727 3066 2790 3106 eo
2821 3055 2960 3122 quod
2996 3053 3102 3110 Deo
3123 3055 3333 3111 dedica-

1789 3146 1899 3190 tum
1930 3146 2030 3200 est,
2059 3139 2302 3203 sustulit;
2334 3149 2386 3192 et
2416 3149 2633 3208 propter
2657 3140 2801 3196 illius
2845 3153 3143 3210 peccatum,
3175 3147 3330 3200 multi

1789 3226 2062 3297 perierunt
2089 3227 2139 3280 in
2165 3228 2324 3291 bello,
2357 3243 2419 3281 ex
2449 3245 2714 3300 synagoga
2747 3246 2838 3285 seu
2881 3240 3019 3286 cmtu
3061 3233 3330 3287 Israelita-

146 3310 226 3376 εἷς
262 3315 495 3382 ἥμαρτε,
550 3313 641 3366 καὶ
687 3313 928 3379 ὑφείλετο
967 3313 1072 3365 ἀπὸ
1107 3311 1200 3363 τοῦ
1247 3309 1576 3378 ἀναθέματος
1620 3309 1693 3379 τῷ

1789 3329 1910 3370 rum
1941 3334 1952 3367 :
1983 3326 2034 3370 et
2066 3331 2253 3370 rursus
2286 3319 2414 3370 ultio
2446 3317 2582 3372 facta
2612 3329 2711 3382 est,
2737 3335 2838 3372 non
2868 3320 2919 3372 in
2950 3321 3101 3375 illum
3132 3321 3324 3387 solum,

145 3402 288 3471 Θεῷ,
322 3404 411 3453 καὶ
443 3402 529 3454 διὰ
565 3401 662 3471 τὴν
686 3401 953 3471 ἁμαρτίαν
990 3401 1193 3453 ἐκείνου
1228 3398 1500 3452 ἀπώλοντο
1541 3400 1596 3450 ἐν
1622 3397 1697 3468 τῷ

145 3492 370 3559 πολέμῳ
404 3491 583 3542 πολλοὶ.
615 3491 677 3542 ἐκ
712 3491 806 3559 τῆς
836 3489 1150 3556 συναγωγῆς
1178 3487 1282 3539 τῶν
1324 3483 1691 3556 Ἰσραηλιτῶν

145 3582 240 3629 καὶ
272 3578 428 3638 αὖθις
458 3579 490 3647 ἡ
519 3577 786 3646 ἐκδίκησις
815 3576 1032 3643 γέγονεν
1052 3576 1149 3628 οὐκ
1183 3575 1259 3636 είς
1285 3575 1483 3626 ἐκεῖνον
1517 3574 1692 3642 μόνον,

144 3668 282 3722 ἀλλά
312 3669 402 3719 καὶ
429 3670 506 3729 είς
540 3667 739 3728 πάντας
778 3665 899 3728 τοὺς
932 3662 1324 3734 ἐκείνου..Πρδς
1361 3663 1416 3715 δὲ
1443 3663 1531 3714 τὸν
1568 3662 1693 3724 ἴσως

145 3758 368 3811 είπόντα
398 3753 655 3827 διαφορὰν
689 3751 822 3807 εἶναι
857 3754 964 3806 τῶν
1006 3751 1428 3821 ἀνατεθειμένων
1462 3749 1539 3820 τῷ
1576 3749 1693 3819 Θεῷ

144 3857 243 3908 καὶ
275 3854 382 3906 τῶν
413 3852 769 3922 διαφερόντων
805 3851 1057 3914 ἰδιώταις,
1094 3849 1528 3903 ἀντικαθίσταται
1556 3851 1584 3903 ό
1626 3850 1688 3903 ἆ-

145 3963 286 4013 γιος,
332 3947 423 3998 καὶ
459 3943 847 4006 κατασκευάζει
889 3941 1102 4011 χείρονα
1140 3940 1351 4010 ἐκείνης
1389 3940 1484 4009 τῆς
1536 3938 1691 3992 πλεο·

145 4038 324 4100 νεξίας
357 4031 494 4088 εῖναι
521 4036 617 4104 τὴν
647 4033 920 4103 παροῦσαν
940 4033 1190 4103 ἁρπαγήν
1246 4032 1327 4084 ὅτι
1354 4047 1412 4082 τε
1439 4029 1593 4083 τὰσέν
1615 4029 1691 4101 τῷ

143 4125 322 4196 καιρῷ
353 4126 449 4195 τῆς
488 4124 772 4193 λεηλασίας
803 4123 908 4175 τῶν
959 4121 1242 4192 βαρϐάρων
1289 4119 1688 4190 περιλειφθέντα

143 4215 445 4286 πράγματα
500 4214 606 4266 τῶν
668 4213 903 4281 ἀδελφῶν
935 4253 949 4278 ,
1030 4213 1103 4274 ὡς
1170 4212 1552 4280 ἁνατεθειμένα
1611 4211 1688 4282 τῷ

143 4306 265 4374 Θεῷ
294 4305 591 4372 λογίζονται
609 4321 622 4333 ο
661 4305 752 4356 καὶ
781 4305 860 4356 ὅτι
888 4304 988 4359 κᾶν
1021 4304 1235 4371 ἰσότητα
1263 4301 1420 4372 ἔχωσι
1449 4302 1518 4356 τὰ
1542 4302 1690 4371 παρὰ

142 4399 250 4449 τῶν
299 4398 474 4466 Ἀχαρ
509 4393 907 4463 ἀποσυληθέντα
953 4396 1042 4446 καὶ
1080 4393 1146 4446 τὰ
1187 4393 1331 4462 παρὰ
1361 4391 1561 4446 τούτων
1591 4393 1688 4463 ἀρ·-

141 4487 405 4553 παγέντα,
432 4485 517 4538 διὰ
552 4485 612 4536 τὸ
643 4486 706 4537 ἐκ
742 4482 1012 4553 προνομῆς
1048 4484 1164 4553 ἦτοι
1202 4481 1566 4551 αἰχμαλωσίας
1597 4482 1686 4536 καὶ

1789 3405 1882 3460 Sed
1914 3409 1964 3458 in
1999 3420 2184 3460 omnes
2221 3422 2368 3460 suos.
2415 3406 2504 3460 Eis
2532 3418 2706 3461 autem
2753 3408 2843 3478 qui
2889 3406 3024 3463 forte
3051 3410 3324 3472 dixerant,

1787 3508 1906 3548 esse
1935 3493 2283 3548 dill‘erentiam
2314 3512 2497 3549 eorum
2529 3513 2648 3566 qua:
2681 3495 2789 3550 Deo
2819 3498 3060 3552 dedicata
3093 3499 3322 3562 fuerant,

1787 3591 1841 3636 et
1869 3597 2052 3636 eorum
2083 3599 2202 3652 quae
2239 3584 2301 3637 ad
2336 3585 2570 3653 privatos
2609 3585 2818 3654 aliquos
2855 3588 3153 3655 pertinent,
3190 3590 3326 3642 resi-

1788 3672 1878 3724 stit
1903 3682 2150 3735 sanctus;
2177 3682 2229 3725 et
2253 3673 2486 3728 ostendit
2510 3674 2645 3728 hanc
2672 3677 2915 3743 rapinam
2943 3692 3064 3730 esse
3093 3677 3181 3732 illa
3203 3693 3327 3731 ara-

1787 3759 1908 3811 ritia
1957 3759 2273 3813 deteriorem
2304 3778 2315 3811 :
2354 3768 2405 3812 et
2436 3761 2575 3829 quod
2610 3776 2673 3815 eo
2718 3770 2956 3831 tempore
2987 3779 3094 3833 quo
3137 3764 3328 3832 praeda:

1786 3845 1854 3899 ab
1879 3847 2124 3902 hostibus
2154 3859 2400 3918 aguntur,
2431 3865 2516 3905 res
2549 3849 2773 3906 fratrum
2809 3854 3028 3917 relictae,
3069 3862 3324 3923 tanquam

1787 3935 1893 3992 Deo
1919 3937 2174 3992 dedicata:
2209 3949 2522 4008 reputantur
2552 3961 2563 3994 :
2588 3950 2641 3996 et
2673 3943 2836 4010 quod,
2878 3945 3126 4012 quamvis
3149 3961 3325 4014 aequa-

1785 4027 1985 4082 litatem
2031 4028 2291 4094 habeant,
2323 4046 2440 4098 qua:
2488 4024 2557 4084 tib
2586 4031 2764 4086 Achar
2804 4034 3012 4102 direpta
3046 4033 3194 4088 l'uere
3216 4075 3230 4096 ,
3274 4048 3324 4088 et

1785 4131 1903 4186 qua
1928 4117 1993 4170 ab
2023 4119 2104 4170 eis
2132 4128 2277 4185 rapta
2315 4130 2473 4183 sunt,
2510 4131 2786 4190 propterea
2833 4125 2973 4192 quod
3015 4132 3068 4177 et
3100 4133 3324 4194 utraque

1783 4222 1845 4262 ex
1899 4211 2223 4278 praedatione
2288 4211 2368 4263 vel
2418 4214 2720 4280 captivitate
2797 4227 3106 4284 comparata
3166 4228 3320 4275 sunt;

1784 4310 1968 4352 eorum
2020 4308 2198 4352 tamen
2251 4300 2402 4368 culpa
2459 4301 2632 4370 major
2689 4313 2788 4357 est.
2835 4305 3008 4357 Achar
3052 4308 3193 4359 enim
3241 4321 3323 4358 res

1786 4386 2014 4441 hostium
2049 4389 2269 4443 abstulit
2295 4406 2307 4442 ε
2338 4390 2373 4442 ii
2404 4399 2580 4444 autem
2623 4407 2760 4460 quos
2797 4392 2949 4462 plura
2984 4393 3212 4447 habendi
3255 4395 3318 4447 li-

1784 4477 1906 4531 bido
1937 4493 2079 4534 nunc
2108 4479 2322 4544 invasit,
2357 4479 2494 4533 bona
2532 4479 2752 4535 fratrum
2783 4492 3108 4552 rapuerunt;
3133 4498 3331 4536 eorum

145 4578 426 4648 ἀμφότερα
474 4574 948 4645 ἀποκερδανθῆναι,
993 4574 1104 4626 ἀλλ’
1137 4575 1170 4643 ἠ
1199 4575 1261 4624 ἐκ
1306 4572 1504 4626 τούτων
1545 4572 1685 4626 αἰτία

1789 4569 2161 4633 calamitatem,
2194 4570 2400 4623 lucrum
2445 4571 2802 4639 perniciosum
2840 4575 2959 4628 rati.
3000 4571 3136 4628 Nota
3185 4590 3319 4643 prac-

150 4663 351 4731 μείζων
372 4661 534 4713 ἐστίν.
583 4661 639 4713 '0
663 4661 757 4730 μὲν
784 4661 890 4729 γὰρ
919 4661 1092 4730 Ἀχαρ
1120 4659 1225 4712 τῶν
1255 4659 1522 4729 πολεμίων
1543 4659 1686 4728 ὑφεί-

144 4752 296 4803 λετο·
342 4752 391 4802 οἱ
439 4751 494 4804 δὲ
542 4749 633 4802 νῦν
679 4751 1156 4820 πλεονεκτήσαντες
1202 4749 1269 4802 τὰ
1302 4750 1408 4804 τῶν
1448 4749 1686 4821 ἀδελφῶν

144 4838 411 4911 ἦρπαςον,
445 4841 539 4910 τὴν
569 4838 846 4910 συμφορὰν
866 4840 1064 4893 τούτων
1085 4840 1267 4911 κέρδος
1297 4840 1530 4912 ὀὶέθριον
1553 4844 1682 4912 im-

147 4931 391 4999 σάμενοι.
423 4929 729 4999 Σημείωσαι
753 4928 820 4982 τά
841 4929 1076 4998 παρόντα
1095 4929 1181 4983 διὰ
1202 4930 1322 4993 τοὺς
1347 4930 1683 4993 ἁρπάζοντας

1783 4668 1984 4712 sentem
2024 4673 2283 4712 canonem
2332 4671 2545 4728 propter
2573 4678 2666 4716 eos
2700 4664 2791 4731 qui
2831 4681 2915 4720 res
2962 4665 3316 4722 Ecclesiai‘um

1780 4755 1833 4801 et
1860 4748 2308 4802 monasteriorum
2339 4750 2574 4818 rapiunt,
2599 4762 2673 4817 et,
2705 4762 2760 4806 ut
2785 4757 2946 4810 semel
2977 4752 3172 4823 dicam,
3195 4776 3319 4830 pru-

1781 4847 1896 4905 pter
1927 4849 2019 4889 eos
2048 4837 2139 4906 qui
2163 4852 2281 4906 quae
2319 4848 2442 4892 sunt
2473 4839 2583 4893 Deo
2610 4840 2872 4908 dedicata,
2911 4856 3164 4915 tanquam
3192 4862 3316 4918 pro-

1781 4925 1893 4992 pria
1929 4925 2215 4980 vindicant.

145 5027 213 5117 τὰ
231 5024 365 5117 ἐτῶν
414 5025 741 5095 Ἑκκλησιῶν
788 5010 877 5083 καὶ
911 5035 976 5084 τά
1023 5033 1128 5084 τῶν
1167 5038 1562 5107 μοναστηρίων,
1597 5043 1686 5091 καὶ
1712 5039 1889 5102 ἁπλῶς
1914 5040 1997 5093 διὰ
2013 5042 2132 5103 τοὺς
2158 5040 2476 5109 ίδιουμὲνους
2516 5041 2687 5094 πάντα
2729 5042 2794 5096 τὰ
2826 5045 3205 5115 ἀνατεθειμένα
3235 5049 3316 5117 τῷ

148 5113 285 5178 Θεῷ.

219 5211 458 5264 ZQNAP.
507 5211 597 5264 Ἐν
633 5217 698 5283 τῇ
740 5212 905 5284 βίϐλῳ
960 5211 1132 5282 Ἰησοῦ
1165 5213 1254 5267 τοῦ
1295 5213 1451 5286 Ναυῆ
1491 5217 1685 5288 γέγρα-

148 5317 299 5362 πται,
343 5301 422 5353 ὄτι
467 5301 766 5371 πολιορκῶν
809 5304 838 5355 ό
891 5303 1092 5373 Ἰησοῦς
1133 5295 1282 5367 οὗτος
1319 5306 1413 5375 τὴν
1453 5307 1684 5377 Ἰεριχῶ,

147 5391 322 5442 πάντα
352 5389 418 5441 τὰ
447 5391 504 5442 ἐν
540 5391 674 5462 αὐτῇ
709 5391 950 5464 ἀνάθεμα
992 5393 1347 5466 ἐπηγγείλατο
1385 5391 1517 5450 εἶναι
1548 5397 1682 5467 Θεῷ.

159 5479 484 5542 Ἐαλωκυίας
509 5479 564 5533 δὲ
589 5483 686 5551 τῆς
719 5482 939 5545 πόλεως,
972 5485 999 5537 ό
1033 5484 1228 5554 Ἀχαρ,
1267 5484 1461 5555 χρυσὸν
1501 5486 1593 5538 καί
1633 5502 1684 5538 τι

147 5569 372 5638 ὖεξασμα
420 5569 773 5639 ἀφελόμενος,
808 5572 1106 5641 κατέχωσεν
1150 5574 1284 5626 αὐτὰ
1318 5575 1374 5626 ἐν
1403 5577 1468 5644 τῇ
1514 5577 1680 5644 σκηνῇ

147 5656 331 5710 αὑτοῦ.
379 5657 741 5727 Ὀργισθέντος
761 5659 816 5711 δὲ
848 5659 938 5711 τοῦ
970 5658 1100 5712 Θεοῦ
1129 5661 1212 5713 διὰ
1243 5660 1414 5722 τοῦτο,
1451 5662 1680 5731 ἡττήθη-

150 5763 245 5797 σαν
289 5745 420 5814 μετά
449 5746 615 5798 ταῦτα
645 5747 700 5798 ἐν
729 5747 940 5818 πολέμῳ
971 5749 1016 5801 oi
1065 5750 1405 5821 Ἰσραηλῖται,
1448 5750 1540 5806 καὶ
1559 5752 1680 5806 ιπε-

149 5843 243 5886 σογ
270 5835 466 5887 πολλοί.
514 5837 842 5904 Ζητουμένου
884 5838 933 5890 δέ
967 5841 1132 5891 uitiati
1166 5842 1255 5906 τῆς
1299 5841 1386 5893 τοῦ
1419 5841 1546 5893 Θεοῦ
1591 5843 1678 5908 ὀρ-

1847 5209 2044 5266 Iussa.
2095 5212 2360 5280 Scriptum
2399 5226 2480 5268 est
2511 5217 2561 5269 in
2607 5220 2745 5276 libro
2791 5220 2916 5277 Jcsu
2966 5222 3129 5290 Nave,
3170 5231 3314 5295 quod

1780 5317 1900 5355 cum
1958 5303 2228 5357 obsideret
2269 5304 2426 5361 Jesus
2469 5307 2704 5376 Jericho,
2747 5329 3080 5384 quaecunque
3130 5305 3183 5372 in
3227 5319 3315 5375 illa

1778 5399 1951 5455 erant,
1981 5391 2089 5446 Deo
2119 5395 2358 5449 dedicata
2386 5401 2767 5465 pronuntiavit.
2803 5401 3112 5474 Expugnata
3137 5417 3314 5462 autem

1779 5479 1928 5542 urbe,
1969 5479 2149 5535 Achar
2182 5484 2394 5537 sublato
2433 5500 2564 5540 auro
2599 5502 2662 5541 ac
2702 5489 2930 5556 quodam
2960 5492 3273 5547 indumento
3295 5536 3309 5560 ,

1777 5567 1864 5621 illa
1886 5567 1936 5620 in
1965 5571 2414 5626 suotabernaculo
2427 5561 2823 5640 defodit.Quam
2842 5579 2910 5632 ob
2933 5595 3150 5635 causam
3175 5581 3312 5637 irato

1777 5652 1902 5718 Deo,
1941 5656 2064 5710 victi
2098 5671 2220 5711 sunt
2263 5661 2314 5712 in
2348 5660 2486 5713 bello
2516 5671 2637 5730 post
2680 5665 2792 5720 haec
2823 5664 3096 5730 lsraelitae,
3132 5671 3308 5724 multi-

1775 5758 1877 5808 que
1923 5746 2176 5801 cecidere.
2215 5745 2380 5804 Porro
2431 5766 2552 5805 cum
2589 5752 2782 5806 divina:
2827 5756 3113 5812 iracundia:
3147 5775 3308 5816 causa

1775 5845 2113 5902 qnwrerctnr.
2136 5840 2314 5892 missis
2345 5844 2572 5896 sortibus
2599 5843 2766 5897 Achar
2791 5857 2869 5898 est
2903 5850 3190 5918 Ic<ignatais
3213 5873 3223 5903 :
3248 5868 3307 5908 ttc
