3998 6326
157 332 289 398 533
1087 350 1159 411 [Ν
1197 352 1428 418 El‘IS'l‘.
1471 358 1531 421 S.
1572 359 1948 424 GiiEGORll
1988 364 2419 430 NEUCJSSAR.
3265 376 3381 440 534’-

150 466 475 570 ἱύρέσεως·
531 476 678 545 πόσῳ
734 478 926 546 μᾶλλον
977 483 1177 551 ὀφείλει
1223 488 1251 538 6
1291 488 1461 558 εὑρὼν
1502 491 1704 560 ἀδελφοί

1797 499 2011 545 curent
2040 509 2053 546 :
2085 502 2286 561 quanto
2323 496 2494 564 magis
2524 497 2680 554 debet
2714 500 2756 555 is
2786 504 2875 570 qui
2915 521 3002 559 res
3031 507 3231 564 invenit
3255 509 3363 564 fra-

158 553 571 629 δυστυχοῦντος
603 567 694 618 καὶ
725 570 1291 644 αίχμαλωτισῦέντοςῆ
1325 553 1415 629 καὶ
1443 553 1704 647 φεύγοντα

1822 582 1920 633 tris
1950 582 2172 637 adversa
2199 584 2415 639 fortuna
2454 590 2674 655 utentis,
2708 600 2758 644 et
2788 594 2838 644 in
2871 598 3232 662 captivitatem
3273 604 3364 653 ab-

155 648 310 709 τοίις
362 649 697 722 βαρϐάρους,
752 659 1068 728 πράγματα,
1128 665 1221 717 καὶ
1276 668 1413 719 κατᾶ
1465 673 1704 739 τοσαύτητ

1818 673 1986 737 ducti,
2006 675 2084 727 vel
2103 675 2355 731 barbaros
2375 677 2647 747 fugienlis,
2675 692 2727 736 et
2755 685 2842 752 qui
2872 686 2922 738 in
2957 698 3097 742 tanta
3136 697 3360 746 necessi-

156 735 430 837 ἀνάγκην
467 741 772 813 ἀτημέλητα
813 748 1189 815 καταλιπόντος
1240 754 1305 807 τά
1351 757 1543 823 οἰκεῖα,
1590 735 1704 812 ἀπό-

1818 769 1926 817 tate
1946 778 2043 817 sua
2063 766 2298 834 neglecta
2322 769 2555 837 reliquit.
2570 786 2662 826 eas
2685 781 2789 825 tam
2812 775 3137 832 infortunato
3155 782 3354 835 homini

154 822 622 927 xa-Bta-ccivlatkd
664 834 798 902 πρὸς
844 834 903 887 τὸ
955 838 1114 908 μέρος
1170 843 1260 894 τοῦ
1313 843 1451 898 οὕτω
1493 847 1704 916 δυσπρα-

1815 855 2132 909 restituere?
2159 858 2332 925 Atque
2358 860 2469 913 lnee
2498 862 2710 927 quidem
2739 875 2953 918 sanctus
2980 867 3227 922 describit
3258 887 3270 923 :
3304 887 3357 923 (ιι

153 910 274 978 γοῦ
291 929 404 975 ne;
450 916 768 999 ἀνθρώπους
825 923 931 975 Καὶ
972 927 999 977 6
1051 927 1145 994 μὲν
1195 928 1347 994 ᾶγιος
1400 934 1567 986 ταῦτα
1610 910 1697 987 ἐίιέ

157 1013 371 1050 σπεσε·
419 1002 510 1053 καὶ
550 1004 739 1073 ἐφεξῆς
793 1007 1026 1061 διδάσκει
1068 1013 1181 1074 πῶς
1213 1015 1509 1081 ὀφείλουσιν
1556 1022 1723 1073 ἐπιτι-

159 1088 385 1155 μᾶσθαι
422 1089 475 1141 οἵ
510 1105 571 1141 τε
624 1092 959 1161 ἁρπάσαντες
1011 1096 1077 1149 τά
1125 1102 1345 1155 τοιαῦτα
1404 1107 1721 1176 πράγματα,

156 1175 266 1227 καὶ
295 1176 346 1227 οἱ
375 1177 447 1246 μὴ
482 1178 831 1247 ἁρπάζοντες,
871 1175 1016 1237 ἀλλά
1045 1189 1316 1257 εὑρόντεςδ
1358 1175 1491 1262 πρὸς
1528 1196 1584 1247 δὲ
1631 1199 1722 1250 καὶ

151 1268 210 1319 oi.
282 1270 423 1337 μετά
485 1270 582 1341 τὴν
640 1272 852 1344 εὕρεσιν
915 1278 988 1345 μὴ
1042 1279 1507 1346 ἀποκαθιστῶντες
1563 1287 1717 1340 αὑτά.

166 1357 232 1409 Ὁ
280 1358 337 1409 δὲ
391 1360 659 1424 πολιτικὸς
694 1364 855 1432 νόμος
898 1367 1058 1435 φησιν
1090 1369 1145 1419 ἐν
1175 1369 1363 1440 Θέματι
1388 1371 1449 1435 ε’,
1493 1371 1588 1425 τοῦ
1633 1378 1722 1442 μγ’

150 1446 491 1514 κεφαλαίου,
539 1449 631 1501 τοῦ
669 1450 744 1521 ιβ’
789 1452 987 1518 τίτλου,
1034 1454 1127 1507 τοῦ
1181 1456 1247 1520 ξ’·
1275 1457 1500 1526 βιϐλίου,
1550 1461 1720 1512 ταῦτα

153 1538 349 1605 ῥητῶς
368 1555 382 1568 ·
420 1539 478 1591 '0
498 1539 560 1591 τδ
592 1539 866 1610 ἀλλότριον
908 1546 1132 1613 πρᾶγμα
1159 1550 1481 1616 ἐρριμμένον
1516 1548 1719 1617 λαμϐά-

149 1641 273 1677 νων
294 1626 389 1677 ἐπὶ
400 1626 477 1697 τῷ
493 1628 765 1697 κερδᾶναι,
787 1631 890 1683 κᾶν
911 1633 1075 1702 ἀγνοῇ
1104 1634 1243 1698 τίνος
1259 1637 1421 1698 ἐστὶν,
1441 1639 1718 1692 ὑπόκειται

149 1719 227 1784 τῇ
282 1718 413 1786 περὶ
470 1717 673 1787 κλοπῆς
713 1722 923 1789 ἀγωγῇο
980 1728 1027 1773 ει
1083 1724 1155 1792 μὴ
1185 1724 1288 1793 ἀρα
1322 1726 1651 1794 ἀπρονόητον
1686 1731 1713 1781 6

150 1804 432 1873 δεσπότης
463 1803 642 1858 εἴασεν
689 1809 848 1859 αὐτό*
906 1811 1025 1861 τότε
1066 1812 1173 1882 γὰρ
1213 1814 1314 1865 κᾶν
1359 1814 1432 1877 ὡς
1477 1816 1715 1869 κλέπτων
1745 1826 1853 1889 Bm

150 1893 297 1943 αὐτὸ
316 1892 527 1955 ἔλαϐεν,
564 1895 745 1966 ἐπειδὴ
794 1898 1062 1951 ἐπαύσατο
1082 1901 1243 1953 αὑτοῦ
1276 1899 1431 1964 εἶναι,
1460 1904 1555 1974 οὐχ
1590 1907 1718 1957 ὑπό-

149 1997 364 2033 κειται.
400 1984 586 2054 Κλοπὴ
618 1986 724 2056 γὰρ
763 1989 822 2039 οὐ
856 1990 1060 2054 γίνεται
1098 1992 1171 2061 μὴ
1203 1992 1349 2055 ὄντος
1393 1995 1482 2047 τοῦ
1514 1996 1714 2067 κλοπὴν

151 2070 555 2140 ὑφισταμένου.
606 2074 666 2126 Εἰ
707 2075 760 2126 δὲ
805 2077 867 2127 τὸ
902 2078 974 2147 μὴ
1014 2079 1072 2132 δν
1102 2082 1425 2152 ἀπρονόητον
1472 2085 1714 2155 ἐνόμισεν

1812 942 1967 997 docet
1988 944 2237 1013 deinceps
2250 952 2518 1014 quomodo
2533 952 2702 1018 puniri
2728 954 2970 1017 debeant,
2988 964 3038 1008 et
3060 959 3148 1023 qui
3167 975 3248 1011 res
3264 975 3354 1011 cas

1815 1028 2125 1098 rapuerunt,
2146 1044 2197 1087 et
2232 1036 2323 1102 qui
2344 1052 2449 1090 non
2485 1052 2789 1106 rapuerunt,
2816 1044 2904 1095 sed
2942 1044 3275 1109 invenerunt,
3300 1058 3353 1099 rt

1815 1120 1909 1186 qui
1938 1131 2218 1198 postquam
2249 1124 2564 1180 invenerunt
2598 1143 2690 1181 eas
2716 1146 2819 1181 non
2850 1133 3211 1186 restituerunt.
3244 1134 3347 1188 Lex

1808 1219 1990 1263 autem
2018 1212 2191 1265 civilis
2230 1213 2343 1266 bare
2374 1229 2626 1283 expresse
2652 1218 2780 1271 dicit
2824 1219 2873 1270 in
2904 1221 3131 1276 tbemate
3156 1224 3206 1284 5,
3230 1240 3346 1293 cap.

1806 1302 1896 1365 45,
1932 1302 2011 1355 tit.
2052 1302 2134 1367 1.2,
2167 1302 2260 1357 lib.
2294 1320 2360 1357 ιιι
2389 1321 2402 1356 :
2438 1305 2542 1371 Qui
2571 1323 2679 1360 rem
2713 1310 2940 1363 alienam
2971 1312 3226 1379 abjectam
3257 1331 3346 1368 ae-

1808 1391 1954 1457 cipit.
2000 1400 2057 1444 ut
2095 1406 2213 1445 eam
2253 1392 2511 1458 lucretur,
2554 1398 2763 1451 etiamsi
2806 1400 3015 1467 ignorat
3046 1404 3200 1471 cujus
3239 1405 3343 1467 sit,

1804 1490 1885 1534 est
1911 1480 2038 1536 furti
2068 1484 2263 1536 actioni
2298 1484 2563 1539 obnoxius
2593 1504 2603 1538 :
2636 1490 2738 1542 nisi
2770 1489 2908 1544 forte
2940 1491 3190 1545 dominus
3225 1512 3341 1545 eam

1803 1569 1876 1621 ita
1907 1569 2199 1637 reliquerit,
2232 1580 2289 1624 ut
2322 1572 2478 1638 cujus
2510 1575 2708 1628 nullam
2753 1592 2936 1630 curam
2981 1592 3144 1647 gerat.
3195 1580 3342 1634 Tum:

1800 1660 1943 1711 enim
1984 1661 2192 1715 etiamsi
2218 1670 2275 1714 ut
2304 1676 2365 1714 ea
2405 1666 2587 1716 iurans
2620 1668 2841 1733 ceperit,
2885 1670 3139 1735 quoniam
3177 1672 3342 1736 ipsius

1799 1762 1921 1801 esse
1950 1749 2129 1812 desiit,
2156 1748 2283 1803 furti
2310 1765 2413 1802 non
2439 1760 2668 1805 tenetur.
2702 1751 2817 1807 Non
2847 1757 2988 1807 enim
3023 1756 3079 1807 ﬁt
3117 1756 3336 1821 furtum,

1860 1838 1905 1892 si
1940 1840 2009 1891 sit
2040 1840 2125 1893 cui
2156 1839 2356 1894 furtum
2399 1843 2508 1895 liat.
2554 1843 2608 1894 Si
2637 1851 2813 1896 autem
2844 1846 2986 1912 quod
3013 1862 3113 1899 non
3141 1860 3220 1901 est
3248 1867 3341 1918 p20

1801 1925 2053 1979 derelicto
2082 1926 2347 1990 habitum,
2386 1944 2482 1997 pro
2526 1929 2779 1989 derelicto
2817 1946 2933 1986 esse
2960 1932 3196 1987 habitum
3225 1953 3339 1988 exi-

1801 2018 2057 2081 stimavit,
2106 2032 2208 2070 non
2256 2030 2338 2073 est
2374 2020 2492 2083 fur;
2528 2020 2770 2072 siautem
2817 2034 2914 2073 nec
2956 2037 3052 2089 pro
3088 2024 3339 2079 derelicto

1800 2106 2114 2171 habebatur,
2147 2124 2243 2161 nec
2270 2123 2363 2175 pro
2385 2108 2635 2161 deielicto
2670 2109 2850 2160 haberi
2882 2111 3223 2173 existimavit,
3244 2128 3335 2165 ac-

148 2160 525 2231 ἀπρονόητονν
564 2164 661 2215 οὐκ
703 2163 816 2216 ἐστι
871 2167 1123 2237 κλέπτηςο
1157 2174 1202 2222 εί
1248 2172 1302 2223 δὲ
1341 2174 1413 2243 μὴ
1435 2169 1501 2243 ἦν
1541 2176 1704 2246 ἀπρο-

1797 2160 2119 2256 cepitauteni
2136 2200 2195 2244 ut
2213 2160 2434 2243 domino
2453 2190 2670 2243 invento
2691 2190 2961 2257 redderet,
2979 2190 3186 2243 actione
3206 2190 3332 2241 lurti

149 2249 369 2319 νόητον,
430 2252 566 2320 μήτε
610 2254 873 2322 ἐνόμισεν,
906 2256 1059 2309 ἔλαϐε
1092 2260 1169 2321 δὲ,
1201 2262 1289 2312 ἐπὶ
1313 2262 1387 2330 τῷ
1426 2263 1604 2316 δοῦναι
1632 2264 1704 2334 τῷ

1797 2296 1895 2335 non
1948 2291 2179 2347 tenetur,
2210 2280 2424 2336 etiamsi
2450 2283 2560 2351 3o
2603 2298 2701 2351 pro
2754 2280 3068 2333 inventione
3100 2279 3331 2346 pretium

148 2341 532 2410 εὑρισκομένῳ
581 2341 829 2413 δεσπότῃ,
864 2347 961 2415 οὺχ
1016 2349 1291 2401 ὑπόκειται
1329 2354 1392 2420 τῇ
1426 2354 1549 2422 περὶ
1582 2354 1705 2407 κλο-

150 2430 265 2497 πῆς
292 2434 504 2501 ἀγωγῇ,
539 2434 640 2485 κᾶν
662 2433 889 2503 εὖρετρα
917 2436 1070 2506 λάϐῃ.
1104 2439 1371 2502 Ὡσαύτως
1400 2442 1490 2493 καὶ
1534 2438 1593 2491 τὸ
1618 2437 1696 2505 Ea’

150 2537 285 2588 κεφ.
310 2522 403 2572 τοῦ
448 2528 495 2588 γ’
530 2522 706 2574 τίτλου
752 2523 842 2575 τοῦ
880 2529 922 2576 ν’
950 2524 1148 2593 βιϐλίου
1171 2526 1308 2580 οὕτω
1339 2528 1701 2599 διαλαμϐάνειο

162 2607 296 2657 Ἐάν
327 2625 408 2669 τις
457 2608 685 2672 ἀπόντος
738 2613 964 2682 πρᾶγμα
1012 2615 1234 2684 κατέσχε
1292 2616 1563 2684 σχολάζον,
1606 2619 1705 2671 οὐκ

148 2694 381 2763 ἐνήγετο
408 2696 468 2747 τὸ
492 2697 716 2750 παλαιὸν
745 2701 776 2769 ἢ
808 2700 883 2769 τῷ
910 2704 1034 2771 περὶ
1061 2703 1177 2771 βίας
1213 2706 1641 2777 παραγγέλματι,
1669 2709 1701 2779 ἢ

149 2781 256 2850 τῷ,
292 2785 465 2854 Ὅπερ
509 2784 597 2855 βίᾳ
627 2788 659 2858 ἢ
695 2787 887 2859 λάθρα,
917 2794 964 2843 εί
995 2794 1067 2862 μὴ
1098 2794 1207 2864 ἄρα
1234 2795 1390 2863 τῇ·τά
1424 2797 1527 2849 ἴδια
1564 2798 1701 2849 ἐκδι-

150 2874 329 2947 κούσῃ
348 2878 558 2946 ἀγωγῇ,
592 2879 650 2931 ἐν
677 2870 720 2944 ᾦ
753 2881 1011 2949 δεσπότης
1032 2877 1097 2951 ἦν
1122 2888 1148 2935 6
1173 2881 1344 2934 ἀπών.
1387 2884 1569 2953 Ἢμεῖς
1591 2883 1700 2950 οὖν,

150 2965 227 3028 ὡς
254 2966 421 3035 νομέα
454 2968 598 3033 ὄντα,
654 2969 949 3040 βουλόμεοα
984 2978 1295 3043 κρατεῖσθαι
1326 2977 1401 3046 τῷ
1436 2981 1560 3048 περὶ
1586 2979 1701 3048 βίας

150 3056 358 3124 γενικῷ
392 3060 826 3130 παραγγέλματι·
860 3063 1062 3128 γελοῖον
1102 3066 1206 3134 γάρ
1250 3069 1364 3119 ἐστι
1416 3070 1476 3120 τὸ
1506 3069 1700 3138 λέγειν,

1794 2369 2077 2438 acceperit.
2098 2367 2351 2420 Similiter
2371 2376 2422 2419 et
2442 2365 2502 2419 61
2534 2381 2648 2433 cap.
2663 2404 2677 2428 ,
2697 2366 2729 2417 5
2748 2365 2854 2429 tit.,
2872 2380 2900 2416 L
2924 2365 3016 2417 lib.
3040 2366 3117 2419 sic
3130 2366 3292 2419 habet
3317 2383 3330 2418 :

1796 2460 1850 2512 Si
1891 2460 2012 2527 quis
2037 2458 2275 2511 absentis
2302 2471 2413 2510 rem
2446 2468 2723 2508 vacantem
2754 2457 3099 2522 detinuisset,
3126 2470 3231 2509 non
3257 2465 3335 2509 te-

1792 2552 2020 2603 nebatur
2060 2550 2186 2602 olim
2239 2548 2322 2601 vel
2376 2548 2658 2600 interdicto
2708 2548 2773 2599 de
2804 2547 2876 2610 vi,
2914 2546 2994 2598 vel
3030 2545 3329 2608 interdicto,

1791 2637 1947 2705 Quod
1971 2640 2018 2692 vi
2043 2649 2135 2691 aut
2167 2638 2329 2701 clam,
2364 2637 2467 2691 nisi
2501 2640 2681 2705 utique
2696 2638 2770 2689 rei
2802 2635 3173 2695 vindieatione,
3199 2651 3333 2703 qua-

1792 2735 1948 2779 tenus
1975 2726 2168 2779 absens
2200 2733 2313 2777 erat
2337 2719 2607 2777 dominus.
2652 2722 2759 2776 Nos
2782 2738 2905 2791 ergo
2932 2722 3178 2774 volumus
3208 2738 3327 2774 eum

1794 2822 1850 2866 ut
1875 2812 1967 2881 qui
1991 2813 2060 2864 sit
2083 2825 2385 2879 possessor.
2413 2810 2643 2878 generali
2671 2810 2733 2862 de
2755 2810 2803 2861 \i
2831 2810 3111 2862 interdicto
3140 2813 3326 2863 teneri.

1791 2900 1887 2953 Est
1911 2904 2052 2952 enim
2078 2898 2361 2952 ridiculum
2387 2898 2563 2951 dicere
2590 2898 2731 2965 quod
2760 2900 3031 2965 proprium
3054 2899 3329 2951 existinm-

1790 2992 1919 3046 bant
1964 2992 2013 3045 id
2058 2990 2199 3058 quod
2245 2998 2327 3043 est
2372 2989 2601 3042 alienum
2631 2989 3116 3055 :quemadmodum
3165 2997 3217 3041 et
3263 2991 3329 3041 de

1791 3080 1923 3134 furti
1952 3080 2001 3132 in
2033 3080 2253 3148 duplum
2294 3078 2502 3131 actione
2544 3077 2798 3141 diximus,
2843 3078 2983 3145 quod
3023 3079 3113 3145 qui
3141 3088 3327 3145 pra-ter

150 3144 239 3196 ὃτι
274 3146 515 3215 ἐνόμιζον
544 3149 669 3202 ἴδιον
718 3151 780 3203 τὸ
806 3152 1096 3221 ἀλλότριον·
1131 3154 1314 3226 ὥσπερ
1346 3153 1436 3209 οὗν
1467 3158 1557 3211 καὶ
1611 3160 1701 3212 ἐπὶ

1797 3170 1994 3226 domini
2026 3144 2341 3225 sententiam
2363 3183 2425 3221 ac
2446 3166 2768 3221 voluntatem
2793 3144 3106 3221 contrectat.
3128 3167 3324 3219 furtum

151 3234 255 3304 τῆς
281 3238 403 3306 περὶ
429 3238 631 3309 κλοπῆς
673 3242 755 3304 εἰς
800 3242 859 3294 τὸ
897 3242 1169 3296 διπλάσιον
1216 3246 1432 3317 ἀγωγῆς
1460 3248 1701 3318 εἴπομεν,

150 3324 238 3376 ὅτι
261 3328 290 3378 6
336 3329 483 3396 παρὰ
516 3328 734 3400 γνώμην
761 3331 855 3382 τοῦ
888 3332 1140 3386 δεσπότου
1197 3335 1453 3403 ψηλαφῶν
1502 3337 1704 3409 κλοπὴν

150 3415 481 3485 ἁμαρτάνει.
532 3419 714 3471 Ταῦτα
756 3420 812 3473 δέ
845 3438 1039 3491 φαμεν,
1073 3423 1165 3476 ἐὰν
1197 3427 1267 3494 μὴ
1301 3430 1703 3495 τριακονταετία

152 3507 431 3576 παρῆλθεν
462 3508 520 3571 ἐξ
551 3503 609 3559 οὗ
642 3511 737 3579 τῆς
771 3513 935 3581 νομῆς
973 3514 1275 3566 ἐπελάϐετο.
1307 3517 1611 3584 Σημείωσαι
1638 3520 1705 3574 τά

150 3596 389 3649 ἐνταῦθα
445 3601 796 3669 γεγραμμένα
854 3604 980 3672 περὶ
1035 3602 1143 3655 τῶν
1202 3608 1535 3675 πραγμάτων
1596 3609 1702 3660 τῶν

150 3686 527 3757 αἶχμαλώτων.
572 3691 859 3758 Ἀνάγνωθι
889 3694 977 3745 καὶ
1004 3693 1137 3761 βιϐλ.
1167 3694 1255 3759 λό’,
1306 3713 1404 3747 τιτ.
1452 3704 1520 3760 α’,
1574 3714 1694 3765 κεφ.

156 3776 247 3840 ιζ’,
284 3778 459 3845 λέγον·
507 3779 642 3841 Τοὺς
674 3777 1070 3850 ἀναληφθέντας
1102 3784 1244 3855 παρὰ
1296 3786 1398 3837 τῶν
1443 3787 1701 3857 πολεμίων

151 3867 359 3936 ἀγροὺς
389 3870 438 3920 οἱ
471 3870 657 3939 πρώην
687 3869 1117 3939 ἀναλαμϐάνουσι
1142 3873 1409 3928 δεσπόταν
1433 3878 1491 3928 οὐ
1514 3879 1620 3947 γὰρ
1645 3879 1701 3929 ἐν

152 3960 305 4023 τάξει
338 3960 726 4031 πραίδαςιείσὶν
760 3961 879 4014 οὐδὲ
921 3961 1160 4031 δημόσιοι
1206 3965 1457 4031 γίνονται.
1488 3968 1561 4019 Οὐ
1595 3968 1701 4039 γάρ

150 4049 263 4101 τῶν
294 4050 566 4118 πολεμίων
591 4048 1003 4119 λαμϐανόμενοι,
1039 4052 1268 4118 γίνονται
1306 4054 1565 4125 δημόσιοι.
1600 4059 1701 4127 Ση-

154 4139 387 4207 μείωσαι
412 4134 525 4201 οὖν,
560 4140 636 4190 ὅτι
671 4140 762 4191 καὶ
791 4140 898 4192 ἀπὸ
928 4141 1033 4193 τῶν
1068 4143 1300 4194 κανόνων
1342 4146 1432 4197 καὶ
1460 4147 1565 4198 ἀπὸ
1595 4147 1700 4199 τῶν

151 4230 333 4299 νόμων
360 4230 420 4281 οὺ
455 4229 600 4298 μόνοι
632 4231 682 4280 oi
709 4229 777 4281 τά
830 4230 935 4282 τῶν
988 4232 1521 4300 αίχμαλωτισθέντων
1566 4238 1694 4289 ἀπο-

154 4319 421 4382 συλῶντες
466 4319 498 4388 ἢ
541 4319 871 4389 ἁρπάζοντες
917 4321 1226 4386 κολάζονται
1272 4326 1361 4376 καὶ
1413 4327 1693 4394 ἐνέχονται,

1792 3263 2091 3317 committit.
2131 3258 2254 3313 ch
2300 3270 2477 3312 autem
2514 3258 2745 3311 dicimus
2776 3258 2880 3310 nisi
2917 3274 3021 3309 nx
3066 3271 3327 3310 annorum

1792 3353 2022 3419 spatium
2067 3349 2394 3419 prmterierit,
2442 3364 2508 3400 ex
2553 3364 2660 3415 quo
2703 3348 3092 3414 possessionem
3141 3363 3330 3414 appre~

1792 3441 1993 3494 bendit.
2034 3439 2167 3493 Nota
2214 3454 2333 3507 qua:
2374 3440 2455 3491 hic
2484 3439 2548 3489 de
2583 3438 2915 3505 captivoriun
2952 3438 3109 3489 rebus
3136 3438 3328 3505 scripta

1793 3539 1938 3583 sunt.
1968 3528 2105 3598 Lege
2137 3530 2292 3581 etiam
2317 3529 2407 3580 lib.
2442 3542 2625 3590 χχχιιι,
2659 3526 2740 3577 tit.
2768 3527 2814 3588 l,
2845 3541 2962 3594 cap.
2994 3526 3076 3589 l7,
3106 3528 3284 3580 diCCIh
3313 3543 3326 3579 :

1792 3615 2053 3686 Receptos
2079 3618 2144 3670 ab
2176 3616 2418 3669 hostibus
2443 3630 2620 3683 agros,
2651 3614 2740 3680 qui
2772 3614 2919 3681 prius
2949 3625 3097 3666 erant
3131 3616 3333 3667 dmnini

1795 3710 2056 3776 recipiunt
2082 3724 2096 3771 ;
2127 3722 2229 3760 non
2264 3706 2404 3759 enim
2424 3706 2540 3759 loco
2569 3706 2759 3773 praeda:
2787 3715 2932 3767 sunt,
2964 3718 3134 3772 neque
3163 3705 3333 3771 pubii-

1794 3806 2003 3850 cantur.
2036 3794 2138 3860 Qui
2169 3811 2231 3849 ex
2271 3795 2513 3848 bostibus
2545 3794 2687 3848 enim
2722 3793 3023 3861 rapiuntur,
3064 3808 3165 3846 non
3200 3793 3334 3845 fiunt

1792 3886 2017 3954 publici.
2046 3884 2179 3937 Nota
2215 3900 2341 3953 ergo
2370 3884 2510 3953 quod
2534 3886 2695 3936 etiam
2726 3892 2778 3936 et
2800 3884 3095 3935 canonibus
3123 3891 3175 3934 et
3203 3882 3333 3950 legi-

1791 3979 1910 4040 bus,
1946 3992 2051 4029 non
2087 3976 2260 4029 solum
2287 3975 2377 4043 qui
2410 3977 2739 4044 captivorum
2775 3989 2860 4028 res
2889 3974 3258 4041 depraedantur
3283 3983 3335 4024 ct

1789 4067 2073 4134 diripiunt,
2119 4064 2412 4133 puniuntur
2454 4075 2507 4117 et
2550 4074 2825 4129 tenentur;
2854 4064 2945 4118 sed
2982 4064 3142 4116 etiam
3175 4063 3208 4112 ii
3242 4062 3336 4127 qui

1793 4172 1906 4211 rem
1949 4156 2274 4209 immobilem
2315 4164 2594 4207 vacantem
2638 4156 2908 4206 invenisse
2940 4167 2997 4205 se
3031 4153 3211 4205 dicunt
3237 4191 3251 4212 ,
3282 4164 3334 4203 et

1791 4262 1896 4303 non
1940 4247 2122 4300 statim
2169 4259 2281 4299 rem
2327 4244 2593 4311 aperiunt,
2625 4251 2677 4295 et
2707 4257 2823 4295 eam
2875 4241 3089 4292 nomine
3132 4240 3333 4292 domini

1791 4343 2093 4411 possident;
2131 4340 2428 4394 secundum
2462 4337 2628 4406 legem
2662 4336 2874 4403 quidem
2914 4332 3332 4386 ecelesiaSliram

153 4408 291 4461 ἀλλά
324 4410 416 4460 καὶ
447 4410 492 4459 οἱ
526 4408 729 4477 εὕρεμά
754 4426 805 4461 τι
829 4412 861 4479 ἢ
885 4411 1133 4481 ἀκίνητον
1174 4411 1426 4483 σχόλάζον
1462 4415 1700 4483 λέγοντες

1797 4408 1871 4485 eis
1893 4430 2200 4500 ptenitentia
2219 4428 2560 4497 injungetur;
2586 4427 2879 4479 secundum
2902 4423 3109 4476 civilem
3133 4431 3328 4481 autem,

154 4500 424 4569 ἐφευρεῖν,
446 4500 538 4550 καὶ
564 4500 636 4568 μὴ
662 4500 856 4552 αὐτίκα
876 4501 936 4551 τὸ
962 4505 1186 4571 πρᾶγμα
1208 4505 1498 4572 κατάδηλον
1523 4506 1702 4559 ποιού-

156 4605 331 4657 μενοι,
358 4588 451 4639 καὶ
486 4588 834 4654 φυλάττοντες
865 4590 989 4642 αὐτὸ
1019 4594 1096 4649 είς
1123 4592 1287 4662 ὄνομα
1310 4594 1401 4646 τοῦ
1424 4595 1696 4661 δεσπότου,

153 4679 296 4731 κατά
336 4678 433 4748 μὲν
475 4678 567 4730 τὸν
623 4678 1063 4749 ἐκκλησιαστικὸν
1107 4684 1263 4753 νόμον
1288 4686 1700 4755 ἐπιτιμηθήσον-

153 4785 261 4833 ται,
292 4769 427 4821 κατά
457 4767 510 4819 δὲ
541 4768 632 4819 τὸν
659 4768 925 4822 πολιτικὸν
954 4770 985 4840 ἦ
1014 4771 1089 4833 ὡς
1139 4773 1363 4825 κλέπται
1395 4776 1698 4847 τιμωρηθή-

154 4876 360 4921 σονται,
392 4858 485 4911 ἐάν
509 4860 623 4909 ἐστι
652 4857 711 4909 τὸ
741 4861 967 4928 πρᾶγμα
988 4863 1218 4928 κινητὸν,
1253 4860 1283 4929 ἡ
1317 4862 1389 4930 τῷ
1422 4864 1547 4932 περὶ
1584 4864 1697 4933 βίας

155 4946 596 5015 παραγγέλματι,
644 4947 736 4999 ἐάν
766 4948 910 4999 ἐστιν
945 4950 1213 5018 ἀκίνητον.
1254 4951 1414 5001 Ὅταν
1453 4951 1506 5003 δὲ
1535 4955 1705 5023 ἀπρο-

157 5033 342 5102 νόητόν
379 5033 494 5082 ἐστι
515 5036 576 5083 τὸ
600 5033 835 5101 εὑρεθὲν,
870 5034 929 5084 τὸ
963 5036 1111 5104 παρά
1157 5040 1266 5099 τοῖς
1296 5039 1477 5107 νόμοις
1513 5040 1698 5092 καλού-

160 5137 319 5189 μενον
347 5120 776 5191 προδερέλικτον,
794 5123 852 5172 οὐ
874 5123 1147 5184 κολάζεται
1170 5129 1475 5195 παρομοίως
1501 5131 1528 5179 ὁ
1550 5127 1705 5179 τοῦτο

159 5207 463 5277 κατασχώνλ⁵
508 5207 620 5259 ἀλλ’
651 5210 697 5259 εί
735 5212 831 5277 μὲν
873 5212 1084 5279 κινητόν
1136 5213 1299 5275 ἐστιν,
1346 5214 1702 5280 ἀναγκάζεται

159 5301 289 5352 αὐτὸ
315 5298 623 5360 ἀποδοῦναι,
652 5302 745 5351 καὶ
776 5301 949 5368 μόνον,
978 5302 1023 5350 εἰ
1050 5302 1120 5370 μὴ
1148 5302 1429 5355 ὲδέσποσεν
1456 5304 1601 5366 αὐτὸ,
1628 5306 1701 5359 ὡς

161 5392 297 5460 καλῇ
322 5390 500 5442 πίστει
549 5389 761 5456 νομεὺς.
812 5390 956 5452 ἐντὸς
978 5392 1232 5460 τριετίας·
1264 5392 1312 5442 εί
1335 5391 1388 5443 δέ
1436 5392 1700 5462 ἀκίνητον.

166 5482 292 5536 αὐτὸ
320 5469 495 5534 ἐκεῖνο
518 5483 576 5533 τὸ
607 5480 932 5550 κατασχεοὲν
966 5481 1038 5542 ὡς
1084 5481 1509 5551 προδερέλικτον,
1553 5485 1599 5535 εί
1630 5487 1700 5557 μὴ

165 5571 353 5636 γέγονε
381 5571 568 5623 τούτου
596 5572 877 5639 δεσπότης,
911 5572 1061 5632 ἐντὸς
1092 5572 1384 5633 δεκαετίας.
1421 5570 1694 5641 2;:on-

164 5678 251 5721 τος
274 5661 329 5713 δὲ
360 5663 453 5714 καὶ
500 5662 829 5730 ἀπρονοήτου
858 5661 1059 5729 μεγάλη
1093 5661 1337 5730 διαπορά.
1380 5662 1449 5713 Τὸ
1483 5663 1575 5729 μὲν
1599 5662 1702 5729 γὰρ

1796 4524 1880 4577 vel
1919 4532 1975 4576 ut
2009 4520 2157 4574 fures
2190 4520 2508 4588 puniuntur,
2555 4518 2597 4571 si
2629 4533 2714 4569 res
2745 4515 2844 4569 erit
2882 4514 3116 4575 mobilis,
3145 4512 3223 4564 vel
3250 4513 3333 4563 in-

1799 4613 2023 4668 terdicto
2053 4613 2118 4665 de
2149 4612 2222 4673 vi,
2269 4610 2311 4664 si
2363 4611 2463 4663 erit
2514 4606 2821 4661 immobilis.
2868 4604 3092 4669 Quando
3134 4612 3333 4661 autem,

1793 4703 1937 4773 quod
1970 4703 2245 4756 inventum
2278 4702 2575 4770 neglectum
2608 4708 2709 4760 est,
2740 4698 2879 4765 quod
2912 4712 2938 4747 a
2976 4696 3179 4764 legibus
3210 4712 3337 4765 pro-

1795 4793 2106 4847 derelictum
2155 4802 2516 4859 nuncupatur,
2563 4804 2669 4841 non
2701 4788 2943 4841 similiter
2977 4788 3212 4854 punitur,
3246 4790 3337 4855 qui

1800 4884 1849 4935 id
1877 4882 2124 4935 detinuit.
2156 4881 2257 4934 Sed
2295 4883 2338 4935 si
2374 4882 2441 4932 sit
2470 4880 2682 4947 quidem
2731 4892 2814 4931 res
2864 4878 3093 4941 mobilis,
3128 4880 3338 4945 cogitur

1798 4988 1915 5025 eam
1959 4971 2176 5023 domino
2207 4969 2507 5031 restituere,
2559 4979 2610 5021 et
2652 4969 2825 5021 solum
2875 4969 2972 5020 nisi
3006 4968 3121 5033 ejus
3165 4968 3337 5021 domi-

1799 5061 1948 5115 nium
1983 5069 2262 5113 assecutus
2290 5059 2377 5119 sit,
2411 5069 2467 5110 ut
2509 5060 2660 5110 bona:
2704 5058 2823 5110 lidei
2865 5073 3163 5124 possessor,
3200 5059 3336 5111 intra

1798 5150 2117 5213 triennium;
2172 5150 2215 5201 si
2256 5158 2430 5201 autem
2469 5148 2597 5199 illud
2633 5148 2920 5203 immobile,
2952 5151 3091 5215 quod
3126 5165 3218 5215 pro
3248 5150 3340 5201 de-

1800 5240 1985 5293 relicto
2012 5239 2284 5292 detentum
2336 5246 2436 5298 est,
2489 5236 2590 5288 nisi
2631 5236 2746 5303 ejus
2770 5237 2940 5289 factus
2971 5238 3039 5290 sit
3067 5238 3339 5299 dominus,

1801 5329 1939 5382 intra
1966 5327 2303 5380 decennium.
2350 5325 2599 5378 Vaeantis
2626 5334 2824 5389 autem,
2854 5336 2905 5378 et
2934 5327 3047 5392 ejus
3078 5328 3218 5395 quod
3248 5343 3343 5394 ιιι-ιι

1803 5419 2055 5473 derelicto
2086 5417 2328 5471 habetur.
2357 5430 2546 5482 magna
2577 5424 2655 5467 est
2682 5416 2997 5469 dilIerenlia.
3023 5417 3173 5481 Quod
3201 5421 3342 5469 enim

1806 5518 1980 5569 vacat,
2043 5509 2220 5561 animo
2276 5506 2633 5572 possidemus,
2688 5506 2894 5559 etiamsi
2948 5507 2997 5558 id
3032 5507 3344 5559 naturaliter

1805 5613 1910 5653 non
1947 5599 2312 5661 possidemus;
2349 5596 2489 5663 quod
2519 5607 2696 5648 autem
2729 5612 2824 5665 pro
2852 5598 3123 5657 derelicto,
3149 5614 3243 5651 nee
3270 5598 3341 5650 ci-

1807 5691 1998 5744 vrlitcr.
2026 5703 2121 5741 nec
2158 5687 2465 5741 naturaliter
2501 5688 2866 5751 possidemus;
2897 5700 2947 5741 et
2982 5688 3098 5740 ideo
3136 5706 3160 5739 ει
3193 5689 3342 5740 imm!)
