3998 6326
601 427 702 487 535

1821 437 2094 502 THEOD.
2131 441 2522 505 BALSAMON

3693 435 3818 504 536

607 559 726 613 fidei
757 574 1062 628 posse~sore
1096 561 1212 628 eius
1241 562 1532 614 dominium
1558 563 1867 627 acquiritur.
1904 560 2025 617 Haec
2051 578 2144 615 au-

2249 568 2498 638 σχολάζον
2526 572 2666 640 ψυχῇ
2694 572 2982 641 νεμόμεθα,
3013 573 3113 624 κᾶν
3145 571 3381 640 φυσικῶς
3409 570 3535 624 αὑτό
3566 571 3624 622 οὑ
3663 587 3821 623 κατ-

607 662 711 702 tnm
756 652 932 703 locum
963 666 1067 704 non
1099 651 1294 704 habent
1330 652 1380 704 in
1420 652 1483 703 iis
1515 667 1630 719 qua:
1657 653 1720 705 ad
1752 655 1990 722 captivos
2021 668 2142 722 per-

608 743 805 805 tinent;
844 750 896 792 et
934 740 1052 794 ideo
1082 741 1173 808 qui
1218 755 1277 793 ea
1307 741 1574 805 detinent,
1619 751 1672 794 et
1701 757 1804 796 non
1837 745 2140 806 restituunt,

611 839 663 880 ut
699 831 946 896 superius
984 833 1206 893 dictum,
1259 835 1390 883 citra
1424 830 1587 883 ullam
1639 831 2060 896 distinctionem,
2091 843 2140 886 et

607 926 873 980 tein-titur,
905 930 954 972 et
983 922 1291 987 puniuntur.

2249 661 2439 729 έχομεν
2461 679 2473 690 ·
2521 661 2580 713 τὸ
2611 661 2667 714 δὲ
2693 662 3096 732 προδερέλικτον
3127 663 3248 716 οὐδὲ
3276 663 3514 732 νομίμως
3541 661 3658 714 οὐδὲ
3691 678 3813 729 φυ-

2249 751 2410 812 σικῶς
2437 752 2732 821 κατέχομεν
2753 768 2765 781 ·
2825 753 2913 803 καὶ
2964 752 3048 803 διὰ
3093 751 3244 804 τοῦτο
3288 752 3593 814 δεσπόζεται
3631 751 3811 820 παρὰ

2247 838 2335 891 τοῦ
2362 840 2493 909 καλῇ
2523 841 2697 892 πίστει
2745 840 3065 909 νεμηθέντος
3096 842 3243 894 αὑτό.
3292 842 3473 894 Ταῦτα
3519 842 3569 894 δὲ
3597 840 3810 909 χώραν

2243 929 2342 981 οὑκ
2368 929 2574 998 ἔχουσιν
2602 929 2692 981 ἐπὶ
2714 930 2818 982 τῶν
2845 931 3146 1000 ἀνηκόντων
3168 934 3274 993 τοῖς
3292 929 3744 999 αἰχμαλωτισθεῖσ
3756 946 3801 980 ι·

610 1017 703 1068 καὶ
751 1016 836 1069 διὰ
887 1018 1042 1070 τοῦτο
1072 1021 1119 1071 οἰ
1185 1023 1500 1090 κατέχοντες
1550 1025 1684 1076 αύτά
1739 1026 1828 1077 καὶ
1878 1025 1949 1094 μὴ
1993 1021 2476 1084 ἀποκαθιστῶντες,
2533 1022 2605 1084 ῶς
2630 1021 2830 1073 ἀνωθεν
2875 1020 3100 1090 εἴρηται,
3140 1022 3487 1086 ἀδιαστίκτως
3535 1025 3624 1077 καὶ
3679 1025 3810 1078 ἐνέ-

612 1125 792 1174 χονται
823 1111 914 1160 καὶ
947 1110 1273 1172 κολάζονται.

680 1215 873 1268 Ζοκλιι.
916 1212 989 1267 Ne
1017 1213 1279 1281 quispiam
1311 1227 1368 1266 se
1399 1212 1568 1278 ipsum
1597 1211 1836 1269 sedncat,
1862 1210 2010 1276 quasi
2038 1220 2149 1260 rem

612 1306 792 1358 fratris
823 1306 1106 1372 projectam
1143 1303 1370 1355 fortasse
1401 1302 1658 1369 planeque
1685 1299 1976 1367 neglectam
2003 1300 2150 1351 inve-

612 1399 765 1450 nerit.
803 1396 930 1448 Nam
953 1394 1054 1446 etsi
1081 1395 1154 1445 ita
1185 1392 1420 1444 inveniat
1453 1393 1642 1458 ipsam,
1673 1389 1868 1443 lucrari
1905 1388 2044 1441 haud
2069 1386 2152 1441 fas

612 1496 710 1546 est,
765 1486 973 1552 sibique
1020 1497 1130 1535 rem
1182 1482 1410 1534 alienam
1455 1480 1744 1541 vindicare,
1774 1479 1984 1532 etiamsr
2016 1478 2150 1530 forte

614 1579 823 1641 ignoret
865 1574 1174 1634 dominum;
1221 1571 1313 1625 sed
1364 1572 1507 1624 illam
1550 1585 1762 1624 sumere
1804 1578 2034 1638 oportet,
2086 1583 2150 1621 ac

613 1678 780 1731 usque
831 1663 974 1716 illam
1023 1661 1274 1715 dominus
1321 1661 1462 1712 norit
1507 1675 1568 1711 ac
1606 1659 1874 1727 requirat,
1916 1671 2148 1713 servare.

613 1755 748 1805 'l‘um
792 1751 1184 1823 Denteronomii
1219 1766 1281 1804 ac
1311 1750 1478 1803 Exodi
1505 1749 1649 1804 locos
1679 1749 1897 1817 profert,
1933 1750 2001 1802 ita
2038 1749 2149 1802 dis-

616 1857 798 1896 sciens
832 1863 843 1894 :
873 1842 926 1894 Si
960 1842 1104 1908 pacis
1137 1851 1371 1909 tempore
1407 1838 1570 1914 frater
1597 1849 1739 1901 tuus,
1778 1849 1868 1891 aut
1902 1839 2151 1894 inimicus

2312 1226 2546 1280 ΖΩΝΑΡ.
2577 1229 2694 1280 ’Ότι
2718 1228 2789 1297 μὴ
2825 1229 3142 1294 ἐξαπατάτω
3162 1229 3242 1290 τὶς
3267 1230 3471 1290 ἑαυτὸν,
3499 1229 3572 1290 ὼς
3603 1225 3798 1297 εὑρὼν

2241 1319 2301 1368 τὺ
2325 1317 2414 1368 τοῦ
2451 1317 2671 1386 ἀδελφοῦ
2708 1320 2931 1389 πρᾶγμα
2974 1319 3294 1389 ἐρριμμένον
3329 1320 3450 1381 ἰσως
3481 1320 3571 1372 καὶ
3595 1322 3799 1372 ἀνεπι-

2245 1407 2468 1476 μέλητον
2499 1410 2764 1477 κείμενον.
2798 1410 2912 1462 Κᾶν
2962 1409 3069 1479 γὰρ
3100 1409 3268 1471 οὑτως
3301 1410 3430 1480 εὕρῃ
3473 1411 3618 1470 αὐτὸ,
3681 1412 3792 1463 οὐκ

2240 1494 2412 1557 ἔξεστι
2441 1496 2693 1566 κερδῆσαι
2725 1497 2853 1550 αὑτὸ
2881 1498 2972 1549 καὶ
3001 1497 3378 1550 οἰκειώσασθαι
3402 1497 3461 1548 τὸ
3483 1496 3786 1565 mapm-

2239 1589 2340 1640 κᾶν
2381 1589 2507 1651 ἴσως
2530 1591 2692 1659 ἀγνοῇ
2737 1590 2827 1641 τὸν
2845 1590 3105 1660 δεσπότην
3132 1590 3224 1640 τοῦ
3250 1589 3582 1658 πράγματος
3610 1603 3789 1656 χρεω-

2241 1680 2354 1728 στεῖ
2377 1677 2483 1748 γὰρ
2512 1678 2689 1731 λαϐεῖν
2713 1679 2859 1740 αὐτὸ,
2886 1680 2978 1731 καὶ
3007 1678 3231 1746 φυλάξαι
3267 1679 3369 1740 ἓως
3394 1681 3422 1730 6
3463 1677 3644 1748 κύριος
3685 1679 3788 1728 αὑ-

2238 1767 2330 1820 τοῦ
2359 1768 2467 1837 γνῷ
2499 1770 2588 1821 καὶ
2613 1768 2819 1842 ζητήσῃ
2855 1770 3002 1822 αὑτό.
3028 1771 3135 1822 Καὶ
3164 1769 3231 1821 τά
3256 1768 3347 1820 τοῦ
3373 1768 3786 1837 Δευτερονομίου

2240 1857 2331 1910 καὶ
2354 1857 2419 1909 τά
2461 1858 2560 1928 τῆς
2599 1859 2805 1924 Ἐξόδου
2836 1861 3024 1926 ὲπάγει
3056 1859 3226 1925 λέγων
3253 1858 3352 1921 ὅτι,
3385 1857 3507 1909 Ἐὰν
3530 1860 3585 1908 ὲν
3608 1858 3789 1928 καιρῷ

619 1944 742 1986 tuus
772 1950 833 1985 ex
865 1933 1178 2000 negligentia
1208 1945 1316 1983 rem
1358 1945 1507 1982 suam
1542 1930 1743 1998 perdat,
1766 1927 1902 1982 haud
1929 1928 2008 1981 fas
2047 1936 2146 1991 est,

2241 1946 2456 2014 εἰρήνης
2483 1949 2510 1998 6
2542 1946 2761 2014 ἀδελφός
2789 1949 2937 2017 σου-ἠ
2983 1950 3011 2000 6
3062 1947 3248 2017 ἐχθρός
3281 1962 3372 1997 σου
3414 1947 3475 1997 ὲκ
3515 1945 3792 2015 ῥᾳθυμίας

613 2026 654 2073 si
705 2037 821 2073 cam
867 2020 1150 2085 inventis,
1196 2018 1288 2072 tibi
1336 2019 1603 2085 propriam
1650 2018 1936 2080 vindicare,
1981 2016 2069 2070 sed
2099 2016 2147 2070 ei

611 2114 700 2182 qui
731 2112 957 2180 perdidit
992 2113 1191 2164 servari
1224 2113 1439 2179 antiqua
1479 2112 1555 2176 le}
1582 2111 1762 2178 jubet;
1803 2119 2002 2178 quanto
2033 2125 2149 2163 ma-

614 2204 693 2268 gis
726 2202 768 2255 si
805 2218 888 2254 res
933 2202 1200 2270 inveneris
1242 2200 1424 2254 fratris
1455 2202 1529 2254 tui
1565 2202 1654 2270 qui
1699 2199 1922 2269 aufugit,
1970 2210 2059 2253 aut
2095 2200 2146 2252 in

618 2293 926 2345 servitutem
971 2291 1233 2346 abductus
1278 2303 1376 2355 ost,
1412 2292 1477 2345 ab
1506 2294 1623 2360 ipso
1662 2294 1895 2355 relictas,
1938 2306 2150 2346 servam

617 2383 733 2434 iilas
764 2396 823 2433 ac
858 2382 1162 2434 infortuniis
1189 2396 1371 2450 presso
1399 2382 1616 2435 reddere
1647 2382 1948 2448 oportebit?

1197 2650 1419 2704 (SA-NON
1462 2653 1521 2702 Υ.

697 2756 710 2782 ι
752 2737 851 2788 Alii
903 2749 1074 2790 autem
1108 2740 1312 2805 suipsos
1349 2740 1627 2804 se’duCunt,
1663 2757 1758 2808 pro
1783 2743 2009 2809 propriis
2033 2759 2148 2812 quae

626 2844 642 2873 ι
685 2827 971 2893 perierunt,
1024 2827 1194 2880 aliena
1245 2843 1363 2896 qute
1420 2830 1755 2896 invenerunt,
1807 2831 2145 2889 detinentes:

626 2937 643 2961 ι
671 2904 742 2969 ἰιι
771 2917 1019 2983 quoniam
1052 2915 1237 2970 Boradi
1268 2927 1320 2970 et
1358 2916 1518 2971 Gothi
1549 2919 1626 2972 eis
1653 2918 1866 2973 hostilia
1890 2920 2147 2984 fecerunt,

627 3027 642 3056 ι
686 3007 786 3073 ipsi
829 3009 934 3060 sitit
967 3009 1086 3062 aliis
1123 3006 1314 3061 Boradi
1370 3020 1420 3061 et
1473 3006 1649 3062 Gothi.
1694 3008 1978 3083 Propterea
2024 3027 2151 3082 ergo

628 3119 642 3146 ‹
687 3096 900 3149 fratrem
932 3109 979 3151 et
1021 3113 1305 3152 consenem
1349 3109 1590 3152 nostrum
1634 3098 2040 3171 Euphrosynum
2085 3103 2150 3156 ad

629 3206 644 3235 ι
688 3200 781 3240 vos
817 3188 1080 3251 misimus,
1113 3199 1170 3241 ut
1198 3190 1488 3243 secundum
1525 3189 1748 3243 formam
1781 3207 1898 3258 quae
1933 3192 2020 3244 hic
2050 3202 2148 3257 est,

2239 2035 2477 2105 ἀπολέσῃ
2522 2036 2580 2086 τὸ
2620 2037 2765 2099 ἴδιον,
2798 2038 2894 2089 οὑκ
2928 2036 3100 2099 ἒξεστί
3154 2053 3230 2088 σοι
3262 2036 3468 2105 εὑρόντι
3497 2035 3624 2086 αὑτὸ
3649 2035 3785 2105 κέρ-

2238 2126 2325 2187 δος
2354 2125 2480 2177 ἴδιον
2527 2126 2868 2194 ποιήσασθαι,
2899 2126 3032 2178 ἀλλὰ
3078 2125 3419 2178 ὲπανασῶσαι
3470 2125 3544 2194 τῷ
3590 2125 3790 2178 ἀπολέ-

2243 2231 2390 2268 σαντι
2436 2214 2563 2266 αὐτὸ
2615 2217 2811 2286 ἀπαιτῇ
2861 2216 3001 2270 κατά
3050 2217 3136 2269 τὸν
3186 2217 3345 2284 νόμον
3388 2216 3476 2268 τὸν
3529 2215 3786 2268 παλαιόν’

2240 2303 2388 2373 πόσῳ
2430 2305 2642 2372 μᾶλλον,
2683 2306 2775 2358 ὲάν
2798 2305 2888 2358 τοῦ
2924 2306 3207 2374 φεύγοντος
3238 2304 3460 2372 ἀδελφοῦ
3501 2321 3592 2356 σου
3621 2307 3652 2375 ἢ
3685 2306 3786 2358 τοῦ

2241 2395 2754 2462 αἰχμαλωτισθέντας
2792 2397 3037 2466 εὑρήσεις
3087 2397 3378 2466 πράγματα
3426 2397 3551 2465 παρ’
3607 2397 3789 2447 αὐτῶν

2240 2483 2746 2552 ιγκαταλειςςθέντα,
2779 2486 2879 2554 χρή
2912 2501 2967 2537 σε
3011 2484 3235 2553 φυλάξαι
3268 2483 3402 2536 αὐτὰ
3431 2483 3522 2535 καὶ⁵
3554 2484 3765 2535 άπώσῖν

2241 2587 2323 2623 ναι
2351 2571 2425 2640 τῷ
2463 2571 2846 2641 δυσπραγοῦντι
2867 2589 2880 2637 ;

2860 2664 3088 2716 ΚΑΝΩΝ
3121 2664 3192 2715 Ε’.

2314 2769 2330 2800 σ
2360 2751 2533 2802 Ἄλλοι
2559 2752 2613 2802 δὲ
2653 2751 2871 2813 ἑαυτοὺς
2920 2753 3274 2815 ἐξαπατῶσιν,
3318 2753 3434 2804 αντὶ
3479 2753 3584 2804 τῶν
3635 2752 3786 2805 ἰδίων

2245 2858 2262 2890 ι
2301 2841 2406 2890 τῶν
2434 2840 2776 2908 ἀπολομένων
2800 2841 2833 2894 ἃ
2864 2835 3015 2911 εὖρον
3053 2841 3300 2910 ἀλλότρια
3330 2842 3660 2909 κατέχοντες·
3696 2843 3786 2894 ῐνα

2245 2947 2262 2980 ι
2309 2928 2492 2998 ἐπειδὴ
2543 2931 2723 2991 αὐτοῖς
2762 2930 2979 2999 Βοράδοι
3014 2931 3105 2982 καὶ
3130 2929 3308 2981 Γότθοι
3337 2931 3400 2982 τὰ
3430 2929 3520 2980 τοῦ
3545 2929 3784 2999 πολέμου

2245 3038 2260 3069 ι
2303 3021 2638 3086 εἰργάσαντο,
2689 3021 2838 3072 αὑτοὶ
2885 3020 3057 3081 ἄλλοις
3110 3020 3326 3090 Βοράδοι
3359 3020 3449 3072 καὶ
3479 3017 3656 3070 Γότθοι
3689 3019 3782 3085 γί-

2245 3127 2261 3160 ι
2304 3127 2515 3162 νωνται.
2555 3108 2964 3178 Ἀπεστείλαμεν
2992 3105 3081 3162 οὖν
3100 3109 3188 3160 τὸν
3213 3108 3433 3177 ἀδελφὸν
3460 3109 3549 3160 καὶ
3581 3107 3780 3174 συγγέ-

2246 3217 2264 3250 ι
2305 3216 2466 3270 ροντα
2513 3199 2846 3268 Εὑφρόσυνον
2871 3198 2956 3250 διά
2985 3198 3154 3252 ταῦτα
3207 3198 3340 3268 πρὸς
3373 3199 3531 3268 ὑμᾶς,
3570 3199 3652 3250 ἶνα
3678 3214 3780 3251 και

627 3296 647 3329 ε
689 3287 738 3329 et
767 3277 876 3343 ipse
906 3278 992 3330 det
1023 3279 1283 3341 similiter,
1316 3290 1367 3332 et
1404 3295 1630 3348 quorum
1666 3284 2030 3337 accusationes
2059 3284 2148 3336 ad-

2245 3309 2260 3341 ι
2302 3291 2368 3342 τά
2399 3291 2486 3342 τὸν
2523 3281 2704 3342 ἐνθάδε
2733 3289 2898 3341 τύπον
2951 3291 3041 3341 καὶ
3081 3289 3239 3352 αὐτὸς
3282 3288 3391 3358 δώῃ
3441 3288 3637 3357 ὁμοίως
3679 3291 3778 3341 καὶ

627 3389 642 3416 ι
685 3368 891 3420 mittere
923 3378 1178 3436 Oporteat,
1212 3380 1261 3422 et
1294 3385 1431 3439 quos
1458 3387 1486 3424 a
1511 3371 1757 3440 precibus
1790 3372 2049 3425 abdicare.
2090 3390 2106 3422 ι

690 3544 844 3597 13ης.
878 3544 1164 3616 Postquam
1198 3562 1439 3612 sanctus,
1467 3566 1581 3618 quae
1608 3561 1760 3604 erant
1793 3563 2150 3606 consentanea

621 3638 894 3702 respondit
929 3639 994 3690 iis
1033 3640 1121 3706 qui
1144 3639 1404 3693 «licebant
1431 3655 1486 3693 se
1520 3651 1575 3693 nt
1607 3641 1859 3708 disjectas
1884 3651 1936 3694 et
1971 3641 2152 3708 neg|e~

620 3728 724 3777 ι-ιιιί
757 3727 968 3780 habitas
1006 3744 1086 3782 res
1120 3730 1448 3797 captivorum
1481 3731 1746 3784 invenisse
1784 3741 1833 3782 et
1873 3741 2148 3800 propterea

620 3829 680 3865 ,εει
709 3815 806 3867 sibi
837 3817 1133 3869 vindicasse
1159 3833 1172 3878 ;
1203 3833 1342 3870 nunc
1374 3819 1438 3870 iis
1467 3820 1767 3886 respondet,
1801 3821 1912 3887 qui,
1941 3836 2059 3888 qua:
2086 3822 2150 3875 ad

622 3905 856 3966 ςιηριὶνοε
888 3904 1243 3970 pertinebant,
1295 3921 1388 3972 pro
1420 3907 1483 3959 iis
1520 3922 1639 3974 quae
1672 3908 1767 3960 sibi
1802 3908 1868 3960 ab
1907 3907 2150 3963 hostibus

622 4002 637 4047 ε·
660 3985 768 4036 rius
787 3986 962 4038 ablata
984 3987 1219 4048 fuerant,
1241 3990 1610 4047 vindicabant.
1656 3994 1791 4048 Dicit
1813 3997 1954 4049 enim
1980 4009 2033 4053 et
2071 3999 2171 4054 hoc

616 4095 736 4133 esse
755 4078 996 4133 fraudem
1016 4091 1069 4132 et
1085 4079 1185 4148 31
1207 4080 1421 4136 inanem
1455 4096 1792 4152 praetextum.
1819 4087 2006 4158 Neque
2022 4091 2167 4146 enim

619 4177 828 4229 aequum
859 4174 958 4226 est,
988 4175 1044 4218 ut
1080 4167 1169 4233 qui
1208 4183 1272 4222 ex
1305 4168 1442 4223 bello
1467 4170 1743 4228 barbarico
1769 4174 2146 4231 detrimentum

620 4253 936 4320 acceperint,
966 4268 1068 4306 non
1091 4258 1377 4310 toleranter
1398 4256 1585 4324 ferant,
1608 4261 1698 4313 sed
1721 4262 1826 4315 sint
1849 4264 1945 4331 ipsi
1967 4265 2148 4323 hostes

621 4343 865 4404 fratrum,
902 4353 952 4395 ct
989 4343 1078 4397 alii
1117 4346 1166 4396 in
1211 4347 1354 4413 ipsos
1378 4348 1591 4401 barbari
1637 4353 1981 4419 appellentur.
2017 4353 2147 4408 Pro-

622 4441 823 4497 pterea,
856 4434 1046 4501 inquit,
1082 4435 1324 4490 misimus
1375 4438 1438 4490 ad
1469 4453 1563 4492 vos
1593 4439 1808 4493 fratrem
1843 4440 2148 4515 Enphrosy-

2248 3394 2264 3425 ι
2303 3372 2375 3432 ὧν
2404 3379 2481 3430 δεῖ
2508 3380 2603 3440 τὰς
2644 3379 2966 3448 κατηγορίας
2990 3378 3324 3448 προσίεσθαι,
3349 3380 3439 3431 καὶ
3465 3376 3558 3444 οὓς
3585 3378 3662 3430 δεῖ
3684 3379 3780 3430 ὲκ·-

2241 3487 2257 3517 ι
2299 3467 2524 3539 κηρύξαι
2558 3468 2662 3520 τῶν
2692 3467 2914 3536 εὐχῶν.»

2313 3558 2504 3610 ΒΑΛΣ.
2550 3556 3041 3626 Ἀπολογησάμενος
3090 3558 3118 3608 ό
3143 3557 3291 3624 ἀγιος
3324 3557 3392 3608 τά
3430 3558 3608 3609 εἰκότα
3646 3555 3782 3625 πρὸς

2241 3650 2363 3710 τοὺς
2386 3647 2658 3714 λέγοντας,
2690 3647 2762 3709 ὡς
2807 3647 3106 3718 ἐρριμμένα
3151 3646 3241 3698 καὶ
3272 3645 3577 3715 ἀτημέλητα
3602 3645 3783 3714 εὑρεῖν

2239 3739 2305 3791 τὰ
2332 3738 2439 3791 τῶν
2464 3737 2994 3807 αἰχμαλωτισθέντων
3051 3737 3364 3806 πράγματα,
3388 3737 3481 3788 καὶ
3509 3735 3594 3788 διὰ
3623 3734 3782 3787 τοῦτο

2246 3829 2548 3880 ἰδιώσασθαι
2576 3827 2726 3882 αύτάσ
2781 3828 2902 3896 άρτι
2930 3826 3262 3894 ἀπολογεῖται
3295 3827 3426 3896 πρὸς
3467 3828 3588 3888 τοὺς
3631 3827 3780 3878 ἀντι-

2244 3919 2588 3986 ποιουμένους
2617 3916 2720 3970 τῶν
2754 3916 3108 3985 διαφερόντων
3144 3917 3252 3977 τοῖς
3280 3916 3780 3985 αἰχμαλωτισθεῑσιν

2239 4006 2356 4060 ἀντὶ
2379 4007 2484 4058 τῶν
2507 4005 2815 4074 φθασάντων
2835 4005 2982 4075 παρά
3001 4005 3106 4056 τῶν
3137 4004 3404 4073 πολεμίων
3423 4004 3782 4074 ἀφαιρεθῆναι

2241 4097 2574 4164 πραγμάτων
2597 4094 2789 4147 αὑτῶν.
2841 4095 2975 4162 Φησὶ
3028 4093 3134 4162 γὰρ
3173 4093 3247 4154 ὼς
3285 4094 3375 4144 καὶ
3419 4093 3572 4146 τοῦτο
3595 4095 3775 4164 ἀπάτη

2241 4186 2354 4237 ἐστὶ
2376 4185 2467 4235 καὶ
2525 4183 2722 4252 ματαία
2767 4184 3052 4252 πρόφασις.
3083 4180 3212 4232 Οὐδὲ
3265 4181 3371 4249 γὰρ
3416 4181 3617 4234 δίκαιόν
3659 4184 3777 4237 ἐστι

2238 4274 2454 4335 τούτους
2481 4273 2762 4340 γεγονότας
2785 4272 3150 4341 παρανάλωμα
3175 4270 3426 4340 πολεμίου
3449 4271 3775 4342 βαρϐαρικοῦ

2243 4364 2315 4434 μὴ
2369 4364 2716 4432 καρτερῆσαι,
2762 4362 2892 4414 ἀλλά
2936 4358 3178 4428 γενέσθαι
3247 4360 3438 4422 αὑτοὺς
3490 4362 3776 4429 πολεμίους

2239 4451 2344 4504 τῶν
2370 4451 2640 4520 ἀδελφῶν,
2688 4454 2779 4504 καὶ
2818 4453 3149 4521 χρηματίσαι
3197 4452 3273 4511 εἰς
3319 4451 3532 4512 τούτους
3587 4451 3777 4514 ἄλλους

625 4537 772 4586 num,
806 4533 860 4575 ut
887 4523 1035 4589 juxta
1075 4525 1294 4577 formam
1326 4526 1411 4578 hic
1442 4529 1710 4593 traditam,
1758 4547 1848 4585 seu
1890 4535 2142 4601 quemad-

2241 4540 2557 4611 βαρϐάρους.
2587 4542 2681 4593 Διά
2703 4543 2870 4595 ταῦτα
2895 4544 3303 4612 ἀπεστείλαμεν,
3329 4542 3491 4609 λέγει,
3516 4542 3603 4594 τὸν
3622 4539 3774 4592 ἀδελ-

620 4612 833 4664 modnm
869 4612 952 4666 hic
996 4612 1247 4678 fecimus,
1283 4616 1437 4670 isthic
1472 4633 1683 4686 quoque
1714 4622 1800 4674 det
1832 4621 2056 4677 formam
2091 4632 2148 4677 ut

2241 4631 2335 4697 φὺν
2360 4632 2698 4700 Εὑφρόσυνον
2728 4632 2860 4702 πρὸς
2896 4634 3054 4701 ὑμᾶς,
3099 4633 3185 4686 ἵνα
3216 4633 3352 4684 κατὰ
3407 4631 3495 4683 τδν
3543 4629 3775 4685 ἐνταῦθα

621 4702 694 4754 εὶς
723 4717 817 4755 vos
848 4701 1072 4755 faciatis.
1105 4702 1297 4757 Deinde
1322 4706 1448 4758 dicit
1475 4726 1486 4759 :
1521 4706 1904 4779 Euphrosynus
1932 4728 2024 4766 vos
2048 4713 2145 4766 do-

620 4791 758 4843 cebit
784 4807 1043 4859 quosnam
1079 4803 1129 4847 et
1158 4794 1412 4848 adversus
1443 4810 1578 4863 quos
1608 4810 1922 4855 accusantes
1955 4802 2146 4856 admit-

622 4893 751 4944 tere,
783 4893 829 4934 et
865 4897 1123 4949 quosnam
1167 4883 1233 4936 ab
1270 4883 1500 4938 Ecclesia
1543 4896 1593 4938 et
1640 4888 1870 4944 fidelium
1905 4905 2143 4948 commu-

622 4970 779 5022 nione
802 4971 1044 5025 abdicare
1077 4983 1334 5041 oporteat.

689 5239 887 5292 Zona.
931 5239 1200 5305 Nonnulli,
1249 5247 1438 5312 inquit,
1490 5251 1707 5303 ειιιιιεεὶε
1734 5251 1892 5305 rebus
1918 5255 2050 5317 suis,
2089 5269 2150 5308 ac

619 5330 794 5383 aliena
837 5331 1185 5396 invenientes,
1216 5349 1312 5400 pro
1343 5335 1408 5388 iis
1444 5352 1560 5404 qua
1600 5341 1892 5394 amiserunt
1923 5357 1986 5395 ea
2015 5343 2150 5396 deti-

619 5435 745 5474 nere
777 5435 834 5472 se
859 5431 1124 5486 asserunt,
1185 5426 1390 5493 seipsos
1419 5425 1759 5494 decipientes.
1796 5427 1949 5494 Quod
1983 5432 2148 5497 enim,

621 5521 713 5576 ait,
741 5511 848 5566 iiiis
877 5505 1032 5566 fuere
1070 5514 1251 5567 hostes
1278 5515 1512 5580 barbari,
1540 5515 1638 5570 hoc
1672 5518 1768 5585 ipsi
1807 5521 1940 5572 llunt
1969 5518 2150 5573 fratri-

621 5609 738 5660 hus.
764 5606 979 5660 Barbari
1023 5621 1107 5660 res
1138 5606 1346 5659 illorum
1373 5620 1681 5674 rapuerunt,
1710 5623 1768 5661 ac
1799 5607 1871 5660 illi
1901 5608 2145 5663 fratrum.

621 5701 920 5766 i-‘mpterca.
956 5697 1145 5765 inquit,
1184 5695 1640 5767 [Enphrnsynum'l
1669 5699 1730 5749 ad
1761 5713 1853 5751 vos
1886 5700 2151 5763 misimus,

623 5805 668 5843 ω
713 5789 996 5838 τιτιιιιὰιηῖι
1053 5789 1276 5839 fut-mutu
1327 5789 1404 5837 ἰιίν
1449 5790 1776 5840 uim'twtntn
1819 5807 1906 5839 \Hx
1944 5805 2151 5858 quoque

2239 4719 2422 4784 τύπον,
2462 4721 2646 4787 ἦγουν,
2697 4721 2874 4783 καθὼς
2929 4725 3087 4791 ἡμεῖς
3144 4721 3373 4774 ἐνταῦθα
3425 4722 3773 4789 ἐποιήσαμεν,

2237 4807 2344 4879 δώῃ
2368 4811 2528 4861 τύπον
2565 4811 2653 4861 καὶ
2690 4810 2866 4861 αὐτόθι
2904 4810 3040 4862 ῶστε
3078 4810 3217 4862 οὑτω
3246 4813 3413 4862 ποιεῖν
3445 4811 3602 4879 ὑμᾶς.
3643 4807 3778 4863 Εῐτά

2239 4915 2400 4966 φησιν
2436 4899 2508 4959 ὼς
2548 4902 2575 4950 ό
2606 4900 2762 4961 αὐτὸς
2808 4899 3144 4966 Εὐφρόσυνος
3175 4899 3468 4962 ἀναδιδάξει
3506 4900 3651 4962 τίνας
3693 4900 3776 4953 δεῐ

2242 4987 2622 5055 προσδέχεσθαι
2653 4988 3079 5058 κατηγοροῦντας
3122 4989 3261 5040 κατὰ
3307 5004 3477 5048 τινων,
3507 4989 3597 5040 καὶ
3627 4990 3776 5051 τίνας

2241 5077 2342 5144 χρὴ
2367 5077 2755 5145 ἀποκηρύττειν
2785 5077 2882 5144 τῆς
2922 5077 3235 5144 Ἐκκλησίας
3260 5077 3350 5128 καὶ
3377 5078 3471 5145 τῆς
3501 5077 3776 5137 κοινωνίας

2237 5164 2342 5216 τῶν
2369 5165 2586 5216 πιστῶν.

2305 5253 2540 5305 ΖΩΝΑΡ.
2571 5252 2744 5316 Τινὲς,
2789 5255 2969 5322 φησὶν,
3004 5252 3357 5312 ἀπολέσαντες
3404 5254 3571 5304 οἰκεῖα
3609 5252 3776 5320 πράγ-

2241 5360 2402 5414 ματα,
2425 5346 2515 5395 καὶ
2536 5344 2781 5413 εὑρόντες
2813 5341 3083 5412 ἀλλότρια,
3118 5342 3329 5408 λέγουσι
3356 5341 3599 5410 κατέχειν
3615 5341 3772 5401 αὑτὰ,

2235 5433 2346 5486 ἀνθ’
2367 5425 2440 5485 ὧν
2467 5431 2768 5499 ἀπώλεσαν,
2792 5431 3160 5496 ἐξαπατῶντες
3184 5430 3424 5491 ἑαυτούς.
3452 5433 3625 5501 Ὅπερ
3646 5431 3773 5500 γὰρ,

2239 5525 2417 5594 φησὶν,
2436 5525 2676 5588 ἐγένοντο
2705 5525 2930 5584 ἐκείνοις
2956 5524 3002 5577 οἱ
3033 5522 3272 5589 πολέμιοι
3308 5519 3588 5590 βάρϐαροι,
3621 5521 3776 5572 τοῦτο

2237 5614 2468 5680 γίνονται
2503 5614 2651 5664 αὑτοὶ
2677 5615 2786 5674 τοῖς
2819 5611 3078 5678 ἀδελφοῖς.
3116 5611 3400 5676 ’Ἡρπασαν
3433 5610 3479 5661 οἱ
3515 5609 3778 5680 βάρϐαροι

2236 5708 2298 5758 τὰ
2349 5707 2584 5764 ἐκείνων,
2639 5704 2972 5756 κάκεῖνοι-τὰ
3033 5702 3136 5753 τῶν
3191 5700 3443 5766 ἀδελιρῶν.
3482 5699 3578 5751 Διὰ
3605 5701 3780 5753 ταῦτα

2237 5794 2644 5862 ἀπεστείλαμτν,
2679 5793 2841 5859 λέγει,
2873 5792 2953 5843 ἵνα
3012 5789 3144 5842 κατὰ
3195 5791 3278 5840 τὸν
3327 5788 3552 5840 ἐνταῦθα
3590 5791 3786 5851 τύπω,
