3998 6326
121 472 250 536 53Ὶ
1121 471 1200 531 IN
1252 472 1488 535 EPIST.
1527 473 1584 536 S.
1619 474 2004 537 GREGORII
2047 476 2479 538 NEOCESAIL
3301 483 3401 549 538

115 606 238 658 καὶ
283 609 494 664 αὐτόθι
543 609 682 662 ὥστε
716 608 886 674 οὕτως
914 610 1056 680 ὑμᾶς
1105 615 1298 675 ποιεῖν,
1353 614 1445 665 καὶ
1490 612 1640 674 τίνας
1667 614 1729 668 δεῖ

1844 609 1952 664 illic
1977 608 2204 672 faciatis,
2235 617 2288 662 et
2307 624 2536 677 quorum
2563 613 2942 667 accusationes
2967 624 3019 667 et
3041 622 3226 668 contra
3252 629 3391 684 quos

128 699 626 768 κατηγοροῦντάς
663 716 822 750 τινων
861 700 1265 769 προσδέχεσθαι,
1327 702 1416 754 καὶ
1443 703 1534 764 οὓς
1582 705 1729 774 ἐκκη-

1840 710 2082 770 oporteat
2105 701 2418 764 admittatis,
2444 714 2495 757 et
2522 718 2658 772 quos
2685 704 2834 756 decet
2855 703 3116 758 abdicetis
3137 743 3150 765 .
3178 704 3282 758 hoc
3319 714 3396 760 est

134 785 368 854 ρύξαι,
402 790 565 858 ἦγουν
592 789 742 852 τίνας
771 790 868 858 τῆς
907 789 1225 858 Ἐκκλησίας
1263 792 1479 855 ἐξῶσαι,
1528 795 1748 847 καὶτῶν

129 881 399 931 πιστῶν
457 881 707 951 χωρίσαι,
742 881 881 932 ὥστε
915 881 986 950 μὴ
1023 882 1370 951 συνεύχεσθαι
1427 887 1622 948 αὐτοῖς.
1655 881 1744 938 '1“-

131 984 260 1031 νας
308 971 370 1022 δὲ
411 971 489 1022 δεῖ
544 972 980 1041 κατηγοροῦντας
1032 973 1440 1042 προσδέχεσθαι,
1487 977 1546 1027 τὺ
1591 977 1746 1030 ἕκτον

133 1061 473 1126 κεφάλαιον
520 1062 620 1128 τῆς
673 1062 928 1130 δευτέρας
989 1062 1368 1131 οίκουμενικῆς
1420 1065 1631 1118 συνόδου
1667 1065 1744 1119 δι·-

132 1149 391 1216 δάσκει.
452 1153 844 1219 ’Δναγνωστέον
870 1157 960 1207 καὶ
990 1158 1058 1210 τὰ
1089 1159 1203 1209 ἐκεῖ
1228 1157 1603 1226 γεγραμμένα.

779 1245 1011 1298 ΚΛΝΩΝ
1044 1250 1133 1313 ς’.

238 1351 262 1382 ι
307 1333 444 1402 Περὶ
466 1333 570 1385 τῶν
596 1333 683 1403 βίᾳ
716 1336 1049 1403 κατεχόντων
1081 1339 1205 1399 τοὺς
1237 1339 1298 1390 ὲκ
1327 1339 1432 1390 τῶν
1458 1338 1746 1408 βαρϐάρων

147 1440 169 1472 ι
225 1423 641 1491 αἰχμαλώτους.
694 1425 1032 1495 Ἀπηγγέλθη
1063 1427 1118 1479 δέ
1147 1445 1196 1478 τι
1223 1429 1352 1495 ἡμῖν
1381 1429 1473 1480 καὶ
1519 1427 1743 1480 ἄπιστον

148 1532 169 1563 ς
230 1516 302 1565 ὲν
338 1517 406 1583 τῇ
455 1513 603 1584 χώρᾳ
636 1516 812 1584 ’ὑμῶν
857 1518 1162 1585 γενόμενον,
1225 1518 1437 1580 πάντως
1491 1535 1587 1569 που
1639 1518 1744 1570 ὑπὸ

151 1622 174 1653 ι
234 1605 491 1669 ἀπίστων
545 1606 635 1657 καὶ
689 1605 898 1657 ἀσεϐῶν
926 1607 1019 1658 καὶ
1061 1607 1132 1675 μὴ
1163 1608 1376 1659 εἰδότων
1409 1609 1537 1678 μηδὲ
1573 1609 1741 1678 ὄνομα

153 1714 175 1745 ι
227 1697 469 1765 Κυρίου,
506 1699 586 1748 ὃτι
644 1699 749 1767 ἄρα
779 1699 856 1759 εἰς
892 1698 1140 1750 τοσοῦτόν
1181 1716 1322 1761 τινες
1347 1699 1625 1768 ὠμότητος
1649 1700 1740 1752 καὶ

156 1803 178 1834 ι
239 1785 643 1854 ἀπανθρωπίας
678 1785 1088 1856 προεχώρησαν,
1117 1787 1254 1838 ὥστε
1284 1789 1434 1850 τινας
1476 1790 1599 1850 τοὺς
1625 1788 1740 1841 δια--

157 1895 179 1922 ι
232 1878 506 1944 φυγόντας
540 1877 912 1946 αἰχμαλώτους
942 1878 1030 1947 βίᾳ
1055 1879 1322 1946 κατέχειν.
1365 1879 1738 1932 ’Δποστείλατέ

1840 792 2071 860 ejiciatis
2096 791 2163 844 ab
2193 791 2448 856 Ecclesia,
2478 803 2636 860 atque
2666 809 2693 844 a
2725 792 2969 846 ﬁdelibus
3000 795 3308 862 segregetis,
3337 811 3397 851 ne

1842 895 1963 933 cum
1995 879 2126 947 ipsis
2167 896 2272 932 una
2306 889 2610 950 precentur.
2648 880 2816 932 Porro
2847 896 3206 948 quorumnam
3237 900 3398 938 accu-

1841 970 2081 1024 sationes
2107 984 2136 1022 a
2160 971 2449 1023 lmittendm
2482 973 2610 1033 sint,
2637 981 2847 1023 sextum
2881 975 3131 1027 secunda:
3158 990 3396 1028 cet-ume-

1839 1061 1973 1115 nicze
2019 1061 2206 1130 synodi
2241 1071 2400 1130 caput
2431 1062 2607 1114 docet.
2666 1060 2934 1129 Legantur
2976 1063 3137 1115 etiam
3171 1081 3289 1133 quae
3325 1065 3394 1118 ibi

1838 1151 2173 1218 scripsimus.

2013 1227 2022 1234 ’
2431 1238 2655 1293 CANON
2712 1239 2798 1292 Vl.

1911 1349 1930 1382 ι
1969 1330 2044 1384 De
2075 1333 2139 1386 iis
2163 1331 2252 1398 qui
2272 1331 2514 1398 captivos
2531 1347 2591 1382 ex
2620 1330 2862 1382 barbaris
2888 1330 3153 1398 fugientes
3186 1333 3235 1384 vi
3263 1333 3394 1385 deti-

1842 1439 1861 1471 ι
1903 1430 2050 1473 nent.
2084 1421 2465 1473 Denuntiatum
2499 1428 2673 1472 autem
2701 1428 2779 1470 est
2817 1420 2971 1473 nobis
3001 1423 3275 1489 quidpiam
3309 1425 3393 1475 in-

1837 1527 1857 1560 ‹
1899 1510 2151 1563 credibile
2195 1511 2247 1562 in
2273 1522 2449 1562 vestra
2497 1511 2715 1577 regione
2758 1509 2955 1562 factum
2988 1527 3126 1574 eSse,
3172 1515 3391 1566 omnino

1837 1617 1856 1650 ι
1895 1602 1960 1652 ab
1995 1601 2300 1653 infidelibus
2330 1609 2381 1653 et
2410 1601 2609 1667 impiis,
2635 1611 2686 1652 et
2716 1603 2803 1668 qui
2837 1617 2901 1653 ne
2937 1617 3130 1654 nomen
3173 1604 3390 1671 quidem

1837 1705 1852 1736 ι
1896 1686 2109 1740 Domini
2140 1703 2370 1753 novere;
2426 1689 2568 1756 quod
2615 1691 2857 1741 nonnulli
2888 1705 2950 1742 eo
2982 1692 3389 1747 inbumanitatis

1835 1796 1854 1828 ι
1893 1779 2333 1845 crudelitatisque
2363 1793 2692 1845 processere.
2722 1789 2776 1829 ut
2803 1781 3042 1845 captivos
3063 1781 3273 1847 δήμιος
3297 1783 3388 1849 qui

1835 1885 1854 1918 ι
1896 1867 2215 1936 eﬂ'ugerunt,
2259 1869 2306 1920 vi
2365 1869 2630 1922 retineant
2705 1867 2896 1920 Mittite
2953 1871 3163 1937 aliquos
3211 1874 3262 1924 in
3306 1889 3385 1926 re-

159 1987 181 2016 ‹
229 1984 390 2028 τινας
417 1968 495 2028 είς
523 1969 619 2036 τὴν
646 1966 846 2036 χώραν,
883 1969 955 2037 μὴ
987 1969 1079 2019 καὶ
1124 1969 1351 2036 σκηπτοὶ
1386 1969 1620 2022 πέσωσιν
1646 1971 1729 2020 ἐπὶ

1833 1975 1851 2008 ι
1893 1959 2128 2026 gionem,
2183 1974 2249 2011 ne
2304 1958 2383 2011 vel
2433 1958 2653 2010 fulmina
2690 1959 2742 2010 in
2786 1974 2879 2012 eos
2911 1960 3104 2012 cadant
3140 1963 3230 2029 qui
3276 1965 3386 2018 lucc

161 2074 184 2106 ι
235 2058 371 2117 τοὺς
399 2055 467 2106 τὰ
493 2058 714 2108 τοιαῦτα
746 2058 1104 2125 πράσσοντας.
1123 2075 1138 2105 ι

245 2147 426 2198 ΒΑΛΣ
485 2146 720 2214 Ἐμαθεν
744 2148 771 2196 ὁ
819 2147 968 2212 ἅγιος
992 2147 1064 2209 ὦς
1085 2165 1226 2209 τινες
1245 2146 1508 2217 όρθόδοξοι
1546 2147 1739 2216 αἰχμά-

153 2237 360 2298 λωτοι,
410 2240 506 2297 τας
564 2235 900 2306 βαρϐαρικὰς
951 2241 1134 2306 χεῖρας
1189 2237 1554 2305 διαφυγόντες,
1589 2237 1739 2289 κατέ⁴

155 2343 364 2394 χονται
387 2325 488 2375 ὑπό
516 2341 672 2376 τινων
702 2326 838 2376 κατὰ
864 2325 1006 2394 βίαν,
1056 2328 1146 2379 καὶ
1198 2329 1257 2380 ού
1293 2328 1737 2399 παραχωροῦνται

155 2415 360 2467 οἴκαδε
391 2413 743 2483 ὑποστρέψαι.
768 2417 932 2484 Φησὶν
961 2412 1050 2468 οὖν
1086 2417 1217 2488 πρὸς
1248 2417 1338 2479 οὓς
1368 2419 1645 2487 ἀπεστάλη
1676 2418 1736 2469 τὸ

157 2503 582 2572 επιστολιμαῖον
616 2503 767 2555 τοῦτο
798 2504 1049 2573 γράμμα,
1081 2505 1152 2568 ὡς
1209 2505 1364 2558 τοῦτο
1392 2508 1482 2559 καὶ
1511 2508 1736 2560 ἄπιστον

159 2594 428 2663 ἐλογίσθη
481 2593 644 2662 αύτῷ·
683 2591 837 2665 ἔργον
887 2596 994 2664 γάρ
1026 2597 1169 2647 ἐστιν
1222 2597 1461 2652 ἀπίστων
1495 2600 1587 2652 καὶ
1614 2599 1736 2651 ἀσε-

159 2686 305 2736 ϐῶν.
340 2684 402 2735 Et
431 2684 485 2735 δὲ
519 2686 759 2750 γέγονεν,
791 2686 1135 2754 ἀνεκδίκητον
1162 2688 1260 2738 ούκ
1289 2687 1457 2740 ἔσται.
1513 2687 1607 2739 Διὸ
1644 2688 1734 2741 καὶ

157 2773 536 2839 ὁφείλουσιτέι
568 2773 691 2841 περὶ
745 2773 929 2824 τούτου
985 2774 1588 2847 πολυπραγμονηθῆναι,
1642 2777 1732 2830 καὶ

158 2855 488 2914 ἀποστεῖλαι
551 2864 629 2923 είς
655 2859 960 2931 τῆν’χώραν
1017 2865 1110 2917 καὶ
1165 2865 1472 2936 ἐρευνῆσαι.
1505 2867 1731 2938 Νομίζει

158 2954 280 3021 γὰρ
310 2951 385 3012 ὼς
418 2951 509 3002 καὶ
566 2951 822 3019 σκηπτὸς,
877 2953 1040 3020 ἤγουν
1097 2954 1225 3022 πῦρ,
1259 2957 1321 3008 ὲκ
1369 2956 1461 3008 τοῦ
1509 2957 1732 3027 ούρανοῦ

159 3040 356 3099 ἔπεσε,
382 3042 472 3091 καὶ
501 3037 788 3106 κατέφλεξε
821 3041 943 3102 τοὺς
974 3041 1142 3094 ταῦτα
1169 3045 1525 3114 πράσσοντας.

241 3129 482 3179 ΖΩΝΑΡ.
513 3128 684 3190 Τινὲς,
717 3131 878 3197 φησὶν
932 3132 1004 3194 ὼς
1037 3133 1325 3201 ἐμάθομεν,
1361 3135 1733 3204 αἰχμαλώτους

157 3217 526 3284 διαφυγόντας
555 3220 678 3281 τοὺς
705 3220 1012 3288 πολεμίους,
1047 3221 1135 3292 βίᾳ
1163 3224 1480 3291 κατέχουσιν
1499 3241 1511 3253 ·
1542 3225 1732 3286 οἵτινες

1833 2065 1852 2098 ι
1893 2057 2078 2115 agunt.
2120 2066 2138 2099 ι

1895 2137 2056 2192 Bth.
2092 2124 2307 2206 Accepit
2336 2149 2556 2192 sanctus
2579 2139 2720 2208 quod
2753 2139 2970 2207 quidam
2995 2143 3184 2209 captivi
3212 2145 3382 2199 ortho-

1823 2228 1968 2293 doxi,
1998 2239 2285 2297 postquam
2319 2245 2509 2282 manus
2541 2231 2848 2284 barbaricas
2875 2247 3113 2294 evasere,
3144 2236 3190 2284 vi
3220 2249 3247 2285 a
3271 2235 3381 2301 qni-

1825 2320 2050 2373 buadam
2081 2322 2408 2383 detinentur,
2447 2336 2542 2374 nec
2591 2322 2811 2374 domum
2862 2325 3054 2374 reverti
3102 2323 3380 2377 sinuntur.

1822 2408 1962 2463 Dicit
2001 2425 2128 2478 ergo
2156 2411 2239 2472 iis,
2272 2411 2333 2462 ad
2369 2427 2503 2477 quos
2531 2411 2788 2478 scriptum
2819 2414 2917 2463 hoc
2944 2413 3230 2478 episrolare
3253 2415 3381 2468 mis.

1822 2514 1940 2553 sum
1986 2508 2089 2560 est,
2128 2500 2272 2567 quod
2322 2500 2422 2553 hoc
2454 2501 2499 2552 ei
2556 2500 2868 2552 incredibile
2918 2501 3091 2552 visum
3143 2514 3261 2556 est:
3301 2513 3380 2559 est

1821 2592 1964 2643 enim
2015 2590 2304 2641 inﬁdelium
2338 2599 2390 2642 et
2419 2591 2704 2656 impiorum
2748 2604 2904 2657 opus.
2940 2589 3031 2643 Sin
3074 2603 3252 2646 autem
3292 2594 3374 2647 fa-

1821 2687 1965 2731 ctum
1991 2687 2092 2737 est,
2127 2693 2231 2728 non
2263 2680 2556 2730 remanebit
2581 2679 2923 2746 impunitum.
2953 2681 3016 2734 Et
3041 2683 3158 2735 ideo
3184 2684 3379 2738 debent

1821 2768 1932 2821 haec
1961 2769 2242 2836 diligenter
2265 2769 2483 2835 inquiri,
2509 2777 2562 2821 et
2595 2771 2734 2822 mitti
2767 2773 2816 2822 in
2846 2775 3117 2840 regionem
3145 2775 3234 2840 qni
3266 2776 3378 2829 haec

1817 2867 2243 2924 perscrutentur.
2278 2857 2749 2922 Existimatenim,
2790 2863 2930 2928 quod
2969 2865 3128 2916 etiam
3174 2865 3374 2919 fulmen

1816 2957 1910 2999 seu
1956 2947 2094 3014 ignis
2144 2949 2210 3000 sit
2258 2963 2504 3012 casurus,
2547 2959 2602 3001 et
2643 2963 2739 3004 eos
2780 2953 2873 3018 qui
2914 2953 3026 3006 baac
3060 2965 3375 3024 aguntexu-

1814 3045 2018 3091 sturus.

1882 3123 2078 3178 Zona.
2121 3124 2392 3190 Nonnulli,
2430 3128 2624 3195 inquit,
2684 3140 2739 3182 ut
2773 3131 3090 3194 didicimus.
3135 3137 3372 3203 captivos

1812 3229 1880 3270 cr.
1912 3216 2154 3270 hostibus
2184 3216 2519 3284 dillugientes
2551 3219 2596 3270 vi
2636 3221 2867 3274 retinent
2914 3241 2926 3275 :
2974 3226 3064 3291 qni
3101 3234 3222 3279 Sunt
3252 3242 3369 3280 om-

161 3308 390 3369 πάντως
420 3308 632 3360 ἄπιστοί
659 3311 763 3360 είσι
794 3311 886 3362 καὶ
921 3311 1153 3374 ἀσεϐεῖς,
1189 3315 1279 3366 καὶ
1308 3314 1426 3365 οὐδὲ
1460 3313 1590 3367 Θεοῦ
1615 3313 1729 3366 ὲπί-

1814 3305 1940 3359 hino
1984 3307 2224 3360 inﬁdeles
2271 3317 2323 3359 et
2378 3309 2548 3375 impii,
2607 3325 2778 3380 neque
2809 3313 2906 3366 veL
2936 3312 3099 3367 Deum
3147 3327 3363 3372 norunt.

157 3414 368 3465 γνωσιν
396 3399 622 3467 ἔχουσιν.
668 3400 911 3452 Ἀπαιτεῖ
939 3397 1031 3453 οὖν
1059 3404 1086 3453 ὁ
1115 3403 1262 3468 ἅγιος
1297 3405 1418 3466 τοὺς
1463 3405 1598 3474 πρὸς
1638 3403 1728 3466 οὓς

159 3491 404 3559 γράφει,
450 3491 760 3543 ἀποστεῖλαι
809 3495 886 3555 είς
932 3492 1026 3561 τὴν
1087 3492 1264 3562 χώραν
1311 3494 1402 3545 καὶ
1443 3494 1728 3564 ἐρευνῆσαι

158 3580 299 3649 περὶ
326 3581 418 3632 τοῦ
452 3582 785 3650 πράγματος,
817 3585 902 3636 ἴνα
937 3583 1008 3653 μὴ
1033 3584 1162 3652 πῦρ,
1194 3584 1375 3652 φησιν,
1412 3584 1472 3647 ὲξ
1501 3585 1725 3654 ούρανοῦ

159 3671 311 3737 πέτῃ
342 3671 434 3720 καὶ
458 3672 761 3743 καταφλέξῃ
797 3674 916 3734 τοὺς
955 3673 1120 3725 ταῦτα
1158 3674 1515 3744 πράσσοντας.
1562 3675 1728 3729 Τοῦτο

156 3758 219 3811 δὲ
255 3755 398 3819 εἷπε,
429 3759 522 3829 τὴν
550 3762 775 3815 ἀτοπίαν
806 3755 1061 3814 δεικνύων
1090 3763 1186 3831 τῆς
1213 3765 1475 3834 πράξεως.

785 3855 1018 3905 ΚΑΝΩΝ
1052 3856 1121 3906 Z'.

245 3958 263 3990 ι
305 3941 438 4009 Περὶ
469 3942 574 3994 τῶν
601 3943 1098 4012 ὲγκαταλεχθέντων
1132 3948 1243 4009 τοῖς
1268 3947 1557 4018 βαρϐάροις
1577 3988 1590 4011 ,
1633 3953 1726 4002 καὶ

166 4047 184 4078 ι
232 4029 408 4080 ἆτοπά
433 4047 549 4081 τινα
575 4031 712 4082 κατὰ
729 4031 834 4082 τῶν
849 4033 1131 4100 ὁμοφύλων
1163 4035 1560 4103 τολμησάντων.
1588 4039 1723 4100 Τοὺς

167 4140 184 4168 ι
235 4121 334 4188 μὲν
363 4116 452 4171 οὖν
485 4120 977 4188 ὲγκαταλεχθέντας
1004 4125 1112 4184 τοῖς
1162 4121 1448 4193 βαρϐάροις
1483 4127 1574 4176 καὶ
1608 4127 1722 4194 μετ’

167 4229 186 4260 ι
224 4211 406 4262 αὐτῶν
437 4212 492 4262 ἐν
530 4211 870 4281 αἰχμαλωσίᾳ
903 4212 1252 4276 ἐπελθόντας,
1285 4214 1719 4284 ἐπιλαθομένους,

167 4318 185 4348 ι
229 4299 312 4351 ἵκει
340 4295 477 4368 ἦσαν
510 4298 756 4350 Ποντικοὶ
793 4300 882 4352 καὶ
916 4301 1248 4368 Χριστιανοὶ,
1281 4301 1722 4371 ὲκϐαρϐαρωθένυ

166 4408 185 4440 ι
223 4406 324 4451 τας
357 4389 411 4440 δὲ
438 4388 511 4449 ὡς
537 4388 628 4439 καὶ
663 4388 909 4455 φονεύειν
937 4389 1060 4450 τοὺς
1101 4389 1396 4456 ὁμοφύλους
1438 4389 1468 4458 ἢ
1519 4390 1655 4458 ξύλῳ
1685 4390 1718 4459 ἢ

167 4498 186 4529 ι
225 4477 450 4550 ἀγχόνῃ,
485 4477 858 4531 ὑποδεικνύναι
880 4477 936 4530 δὲ
969 4477 1001 4546 ἢ
1031 4469 1225 4548 ὁδοὺςῆ
1265 4481 1437 4540 οίκίας
1473 4479 1721 4547 ἀγνοοῦσι

169 4587 188 4617 ι
228 4569 341 4628 τοῖς
383 4566 700 4634 βαρϐάροις·
733 4567 825 4656 και
855 4566 1298 4656 τῇς-ἀκροασεως
1333 4568 1584 4656 ἀπείρξαι
1621 4569 1718 4636 δεῖ,
1742 4601 1783 4656 D

163 4676 178 4702 ο
227 4654 418 4722 μέχρις
443 4653 507 4704 ἂν
537 4655 688 4722 κοινῇ
705 4653 830 4722 περὶ
846 4653 1024 4705 αὐτῶν
1048 4670 1098 4705 τι
1127 4653 1250 4723 δόξῃ
1283 4653 1586 4705 συνελθοῦσι
1611 4659 1719 4716 τοῖς

163 4763 180 4794 ι
221 4743 416 4810 ἁγίοις,
451 4743 542 4795 καὶ
569 4743 672 4812 πρὸ
702 4743 877 4794 αύτῶν
908 4743 983 4812 τῷ
1007 4744 1142 4812 ἁγίῳ
1174 4745 1464 4813 Πνεύματι.
1505 4763 1524 4795 ι

231 4924 422 4975 ΒΔΑΣ.
460 4923 596 4984 Τοὺς
626 4921 802 4990 μέντοι
839 4922 974 4990 μετὰ
1001 4922 1057 4974 τὸ
1079 4924 1566 4992 αίχμα).ωτισθῆναι
1609 4928 1714 4989 τοῖς

164 5013 455 5083 βαρϐάροις
476 5013 966 5082 ὁμοφρονήσαντας.
999 5014 1088 5064 καὶ
1124 5015 1238 5082 μετ’
1258 5013 1432 5064 αὐτῶν
1459 5009 1566 5064 οἷον
1596 5013 1717 5083 βαρ-

163 5102 522 5172 ϐαρωθέντας,
557 5103 647 5152 καὶ
678 5103 801 5162 τοὺς
836 5100 1132 5168 ὁμοφύλους
1153 5102 1502 5171 Χριστιανοὺς
1531 5101 1717 5169 φονεύ-

166 5209 381 5254 σαντας,
412 5193 448 5260 η
503 5191 653 5252 ὁδοὺς
694 5191 1052 5257 ἀγνοουμενας
1088 5193 1199 5250 τοῖς
1251 5189 1574 5261 βαρϐάροις,
1625 5191 1710 5242 καὶ

165 5282 474 5344 ἁπαγούσας
507 5283 584 5344 είς
629 5278 976 5347 Χριστιανοὺς
1021 5277 1426 5342 ὑποδείξαντας,
1471 5278 1502 5347 ἢ
1543 5277 1713 5342 οἰκίας

167 5372 360 5425 τούτων
387 5369 712 5438 καταδήλους
738 5371 848 5429 τοϊς
876 5366 1146 5436 πολεμίοις
1189 5369 1510 5437 ποιήσαντας
1528 5405 1542 5429 ,
1580 5367 1711 5436 μηδὲ

167 5463 243 5522 εἰς
274 5462 527 5529 ἀκρόασιν
556 5457 660 5510 τῶν
677 5457 835 5509 θείων
860 5455 1169 5524 δοξολογιῶν
1196 5455 1591 5525 παραδεχθῖψαι
1610 5457 1709 5508 διο-

173 5551 395 5623 ρίζεται.
432 5549 563 5601 ἀλλὰ
622 5548 723 5613 ἔξω
763 5545 1036 5607 παντελῶς
1096 5545 1192 5614 τῆς
1232 5546 1518 5612 ἐκκλησίας
1565 5547 1702 5598 ἵσταο

172 5640 290 5693 σθαι
334 5641 526 5701 αὐτοὺς
574 5640 629 5688 ὲν
669 5639 812 5706 τόπῳ
851 5635 1278 5706 προσκλαιόντων
1326 5635 1534 5696 πάντως
1579 5634 1708 5704 μετὰ

173 5736 263 5801 την
293 5729 669 5799 ἐξομολόγησιν
698 5729 727 5796 ἢ
756 5728 849 5792 τὴν
877 5727 1190 5795 καταδίκην,
1225 5726 1325 5788 ἕως
1354 5726 1415 5777 ἂν
1435 5726 1706 5793 σκοπὴσω-

177 5822 322 5876 σινοὶ
349 5824 486 5886 Ξτιοι
525 5817 644 5886 περὶ
676 5817 847 5868 αὐτῶν
894 5818 1041 5886 κοινῇ
1090 5817 1442 5879 συνελθόντες.
1505 5817 1704 5882 ’Λγίους

1809 3394 2041 3451 Proinde
2066 3410 2284 3452 sanctus
2316 3401 2392 3451 vir
2418 3401 2484 3452 ab
2522 3401 2587 3454 iis
2629 3403 2692 3455 ad
2725 3419 2862 3471 quos
2894 3406 3098 3466 scribit,
3134 3409 3369 3473 postulat

1809 3489 1947 3541 mitti
1983 3491 2034 3540 in
2061 3491 2327 3556 regionem
2360 3491 2600 3545 homines
2630 3494 2716 3561 qui
2741 3495 2806 3547 de
2843 3498 2938 3547 bac
2967 3512 3022 3548 re
3058 3497 3363 3564 inquirant;

1809 3593 1913 3642 ne,
1957 3579 2163 3644 inquit,
2213 3579 2348 3647 ignis
2396 3580 2551 3632 cadat
2601 3584 2852 3645 coalitus,
2895 3600 2955 3637 ac
2999 3601 3089 3638 eos
3132 3588 3222 3654 qui
3254 3589 3368 3642 banc

1808 3676 1972 3734 agunt
2001 3667 2268 3721 absumat.
2313 3667 2424 3723 lloc
2457 3678 2630 3722 autem
2663 3671 2817 3735 dixit,
2849 3672 3102 3727 facinoris
3132 3677 3363 3740 gravita-

1808 3759 1913 3806 tem
1948 3754 2212 3809 indicans.

2274 3838 2378 3908 32
2396 3845 2620 3900 CANON
2655 3846 2763 3899 vn.

1880 3955 1897 3985 ι
1942 3935 2014 3990 De
2049 3937 2113 3990 iis
2144 3937 2232 4004 qui
2268 3938 2404 3990 inter
2438 3939 2696 3991 barbaros
2730 3941 3063 3991 annumerati
3101 3951 3259 4004 sunt,
3307 3954 3362 3995 et

1810 4044 1828 4076 ι
1873 4029 2103 4079 absurda
2131 4029 2372 4094 quaedam
2409 4028 2460 4079 in
2489 4042 2581 4079 eos
2610 4028 2699 4094 qui
2729 4038 2852 4079 sunt
2875 4029 2955 4078 sui
2988 4030 3198 4095 genrris
3228 4031 3364 4085 iece-

1810 4133 1828 4166 ι
1877 4125 2021 4167 runt.
2076 4113 2181 4166 Eos
2227 4115 2400 4182 itaque
2431 4115 2520 4182 qui
2570 4115 2705 4166 inter
2758 4115 3014 4168 barbaros
3062 4122 3358 4170 ennmcrati

1807 4222 1828 4255 ι
1871 4213 2027 4265 sunt,
2057 4212 2252 4256 etcum
2283 4205 2360 4257 eis
2392 4204 2442 4255 in
2491 4204 2794 4271 captivitate
2826 4205 3166 4270 invaserunt,
3207 4208 3356 4260 obliti

1806 4313 1824 4343 ι
1871 4309 1928 4347 se
1973 4309 2091 4347 esse
2130 4282 2378 4346 Ponticos
2421 4303 2474 4346 et
2517 4293 2889 4358 Christianos,
2933 4295 3134 4348 eﬂerati
3179 4309 3358 4349 autem

1805 4402 1824 4434 ι
1871 4386 2188 4452 barbarique
2214 4384 2425 4448 redditi,
2457 4394 2512 4437 ut
2543 4395 2593 4436 et
2619 4399 2712 4437 eos
2738 4386 2829 4452 qui
2862 4386 2942 4436 sui
2971 4394 3094 4437 sunt
3117 4388 3357 4454 generis,

1803 4494 1822 4524 ‹
1871 4476 1951 4528 vel
1989 4475 2130 4543 ligno
2162 4475 2239 4540 vel
2267 4475 2616 4529 suil‘ocatione
2649 4476 3002 4538 interﬁciant,
3031 4477 3143 4530 vias
3176 4488 3357 4530 autem

1804 4585 1822 4618 ι
1870 4568 1950 4620 vel
1979 4567 2167 4620 domos
2193 4568 2550 4621 nescientibus
2577 4568 2816 4619 barbaris
2841 4568 3155 4631 ostendant;
3190 4577 3353 4620 etiam

1803 4676 1821 4708 ι
1866 4657 1934 4709 ab
1967 4655 2241 4708 auditione
2280 4671 2462 4708 arcere
2509 4666 2750 4723 oportet,
2795 4657 2963 4709 donec
3011 4658 3076 4710 de
3113 4658 3176 4710 iis
3221 4673 3351 4708 θυη-

1801 4764 1821 4796 ι
1868 4745 2098 4814 gregatis
2124 4745 2324 4809 sanctis
2353 4744 2550 4812 aliquid
2581 4745 2936 4796 communiter
2969 4747 3138 4799 visum
3166 4744 3348 4808 fuerit,

1802 4854 1819 4886 ί
1867 4845 1917 4888 ct
1942 4843 2064 4887 ante
2095 4849 2187 4887 eos
2219 4843 2403 4886 sancto
2436 4833 2676 4900 Spiritui.
2720 4851 2738 4882 ι

1877 4925 2032 4976 ΙιΑιε.
2074 4923 2180 4974 Eos
2237 4924 2448 4990 quidem
2501 4923 2590 4990 qui
2636 4931 2915 4989 postquam
2970 4924 3161 4992 captivi
3219 4921 3350 4976 facti

1795 5024 1955 5078 sunt,
2004 5013 2244 5066 barbaris
2288 5021 2717 5073 consenserunt,
2765 5022 2818 5063 et
2878 5027 3001 5065 cum
3058 5015 3138 5065 eis
3181 5013 3342 5066 veluti

1796 5104 2010 5158 barbari
2042 5102 2212 5155 eﬂecti
2247 5111 2402 5166 sunt,
2441 5112 2491 5154 et
2533 5103 2613 5154 sui
2641 5100 2850 5170 generis
2889 5099 3226 5155 Christianos
3263 5102 3345 5154 in-

1796 5194 2154 5254 terfecerunt,
2193 5193 2270 5245 vel
2309 5195 2424 5246 vias
2463 5193 2702 5246 barbaris
2749 5195 3041 5266 ignotaswt
3074 5193 3136 5244 ad
3188 5190 3343 5245 Cbri~

1795 5283 1997 5336 stianos
2041 5283 2298 5335 ducentes
2343 5283 2708 5342 ostenderunt,
2735 5281 2812 5332 vel
2857 5295 3040 5332 eorum
3078 5282 3215 5333 aedes
3248 5282 3345 5332 lm-

1792 5373 1964 5426 stibus
1989 5371 2298 5426 manifestas
2331 5372 2587 5433 fecerunt,
2620 5387 2682 5423 ne
2705 5370 2768 5422 ad
2800 5373 3098 5425 divinarum
3129 5371 3344 5439 quidem

1793 5461 2007 5515 laudum
2044 5462 2365 5515 auditionem
2401 5461 2755 5513 admittendos
2794 5474 2912 5513 esse
2943 5459 3213 5512 decernit:
3248 5460 3342 5512 sed

1792 5568 1885 5607 eos
1913 5554 2133 5606 omnino
2177 5563 2322 5606 extra
2383 5552 2664 5604 ecclesiam
2697 5550 2856 5603 statui
2901 5551 2951 5600 in
2993 5548 3110 5602 loco
3145 5547 3345 5602 deﬂen-

1793 5656 1922 5700 tium
1945 5685 1959 5708 ,
2015 5657 2133 5715 post
2163 5647 2555 5699 confessionem
2590 5645 2790 5699 scilicet
2822 5645 2898 5696 vel
2942 5642 3346 5696 condemnatio-

1792 5752 1910 5790 nem
1937 5777 1952 5800 ,
2002 5738 2173 5788 donec
2213 5736 2379 5788 sancti
2427 5735 2585 5786 simul
2631 5734 2934 5801 congregati
2987 5732 3052 5783 de
3093 5730 3156 5782 iis
3197 5744 3344 5781 com‘

1792 5828 2022 5882 mnuitcr
2049 5827 2344 5878 szntnerint.
2385 5826 2609 5877 Sanctus
2644 5833 2817 5876 autem
2851 5821 3130 5889 episcnqim
3163 5820 3338 5888 appel-
