3998 6326
566 340 669 405 539

1850 352 2126 416 TllEOD.
2169 350 2254 415 ΒΑ
2268 351 2564 417 LSAMON

3697 358 3796 423 540

572 486 667 538 lat.
716 484 850 537 Illud
899 498 1096 543 autem,
1128 494 1250 536 ante
1302 482 1444 547 ipsos
1490 491 1668 533 sa‘ncro
1722 479 1969 548 Spiritui,
2007 480 2136 534 sub-

2236 484 2292 537 δὲ
2313 484 2437 547 τοὺς
2465 485 2784 546 ἐπισκόπους
2805 485 2970 538 καλεῖ.
2998 485 3157 546 That,
3184 485 3295 553 πρὸ
3321 484 3510 540 αὐτῶν
3534 486 3612 551 τῷ
3642 488 3789 555 ἁγιῳ

570 575 785 642 junxit,
828 571 1149 636 ostendens,
1201 571 1344 640 quod
1384 585 1716 638 qtneeuuque
1762 570 1814 623 in
1863 568 2136 623 communi

574 661 1010 717 consideratione
1037 660 1104 714 ab
1127 658 1394 728 episcopis
1414 657 1791 725 dispensantur
1818 668 1870 713 et
1897 666 2137 713 statuun-

574 761 699 816 tur,
733 750 971 820 Spiritus
1017 760 1237 805 sanctus
1281 764 1343 803 ea
1389 750 1643 818 suggerit.
1695 748 1758 803 Et
1803 750 1885 804 lex
1917 749 2135 821 quidem

572 843 946 900 ecclesiastica
988 845 1134 912 ipsos
1175 842 1255 898 sic
1299 845 1472 910 punit.
1513 841 1625 895 Lex
1669 856 1799 895 vero
1838 842 2008 896 civilis
2042 855 2136 895 eos

574 936 878 1007 majestatis
916 936 1130 991 crimini
1160 936 1397 1004 subjicit.
1433 933 1571 986 Dicit
1599 933 1742 986 enim
1781 933 2010 1001 primum
2042 946 2136 987 ca-

575 1037 692 1098 put,
735 1029 803 1083 56
832 1028 937 1090 tit.,
971 1042 1037 1080 ιι
1072 1026 1163 1079 lib.
1203 1044 1215 1079 :
1253 1024 1361 1079 Lex
1390 1023 1683 1091 majestatis
1708 1022 1899 1076 similis
1926 1031 2009 1075 est
2032 1022 2138 1095 legi

572 1119 642 1172 de
667 1117 971 1185 sacrilegio.
1002 1114 1066 1168 Et
1103 1124 1313 1169 tenetur
1338 1129 1420 1177 ea,
1445 1114 1536 1181 qui
1569 1112 1827 1166 adversus
1879 1111 2133 1181 populum

574 1206 883 1261 Romanum
928 1204 1239 1264 commisit,
1300 1210 1353 1257 et
1391 1202 1483 1270 qui
1548 1201 1673 1255 dolo
1736 1200 1878 1254 malo
1932 1202 2139 1255 curavit

572 1298 785 1367 injussu
823 1292 1081 1364 principis
1131 1293 1343 1347 obsides
1388 1291 1657 1356 interimi;
1714 1291 1793 1343 vel
1844 1297 1902 1343 ut
1945 1290 2135 1344 armati

574 1388 826 1441 homines
856 1387 907 1438 in
940 1386 1073 1440 urbe
1099 1385 1206 1440 sint
1230 1384 1489 1437 adversus
1523 1380 1939 1448 rempublicam,
1972 1379 2053 1432 vel
2080 1386 2139 1433 ut

574 1478 694 1531 loca
728 1487 821 1529 aut
845 1476 1039 1544 templa
1070 1481 1420 1542 occupentur,
1455 1471 1536 1524 vel
1568 1471 1856 1525 seditiosus
1890 1469 1979 1521 ttat
2010 1482 2139 1523 ceu-

574 1578 789 1632 ventus,
824 1567 906 1621 vel
948 1575 1005 1619 ut
1045 1564 1321 1619 occidatur
1352 1563 1699 1631 magistratus
1720 1602 1735 1627 ,
1765 1571 1818 1615 et
1849 1561 1915 1615 ad
1954 1559 2141 1614 hostes

578 1661 824 1714 mmtium
850 1659 931 1713 vel
958 1658 1165 1712 litteras
1188 1654 1354 1718 misit,
1382 1655 1462 1708 vel
1493 1655 1643 1722 signa
1674 1654 1751 1707 eis
1775 1653 1937 1718 dedit,
1966 1652 2140 1707 aliove

579 1750 742 1804 modo
776 1749 853 1803 eis
882 1749 1003 1801 tulit
1028 1746 1285 1800 auxilium
1308 1786 1323 1811 ,
1358 1754 1409 1799 et
1438 1745 1530 1812 qui
1562 1742 1867 1797 sollicitavit
1898 1741 1980 1796 vel
2011 1754 2141 1796 con-

2236 571 2550 639 Πνεύματι,
2577 572 2841 640 ἐπήγαγε,
2861 573 3087 635 δεικνὺς,
3107 575 3184 626 ὃτι
3212 576 3307 627 ὅσα
3326 577 3382 627 tv
3406 579 3555 646 κοινῇ
3572 577 3793 629 διασκέ-

2235 661 2325 727 ψει
2367 662 2764 731 οίκονομοῦνται
2813 661 2959 731 παρά
3004 663 3111 716 τῶν
3161 666 3484 730 ἐπισκόπων,
3533 664 3597 717 τὸ
3640 666 3796 733 ἅγιον

2236 749 2454 821 Πνεῦμα
2483 752 2795 822 ὑποτίθησιν
2822 754 2977 807 αὐτά.
3007 755 3116 806 Καὶ
3138 757 3165 807 ό
3212 755 3308 824 μὲν
3345 755 3798 827 ὲκκλησιαστικὸς

2236 841 2396 912 νόμος
2418 842 2558 895 οὕτω
2583 844 2799 909 τούτους
2842 846 3085 910 κολάζει·
3117 850 3144 901 ό
3183 848 3238 900 δὲ
3268 847 3537 912 πολιτικὸς
3560 847 3637 919 τῷ
3663 849 3797 921 περὶ

2236 929 2609 994 καθοσιώσεως
2622 933 2921 1003 ἐγκλήματι
2949 933 3082 986 καθυ
3090 935 3337 989 ποϐάλλει
3355 937 3481 999 τοὺς
3498 934 3791 1001 τοιούτους.

2233 1019 2368 1088 οησὶ
2393 1020 2498 1090 γάρ
2528 1020 2720 1089 κεφάλ.
2755 1028 2802 1073 α’
2834 1022 2924 1075 τοῦ
2976 1022 3061 1086 λς’
3105 1023 3285 1077 τίτλου
3326 1026 3420 1078 τοῦ
3455 1025 3495 1090 ξ’
3540 1026 3754 1096 βιϐλίου
3779 1044 3791 1056 ·

2246 1109 2303 1161 '0
2333 1109 2459 1179 περὶ
2486 1110 2592 1163 τῶν
2636 1111 2931 1165 ἐπιϐούλων
2957 1112 3121 1181 νόμος
3163 1114 3342 1182 ὅμοιός
3386 1116 3498 1168 ἐστι
3536 1116 3614 1186 τῷ
3665 1117 3796 1185 περὶ

2236 1198 2550 1270 ἱεροσυλίας.
2577 1202 2683 1254 Καὶ
2712 1203 2951 1272 ἐνέχεται
2974 1204 3120 1274 αὐτῷ
3140 1206 3169 1258 ό
3195 1206 3333 1259 κατά
3358 1206 3451 1259 τοῦ
3483 1207 3796 1276 Ῥωμαϊκοῦ

2232 1288 2295 1359 δή
2305 1306 2401 1357 μου
2431 1290 2847 1363 πλημμελήσας,
2870 1294 2960 1347 καὶ
2984 1296 3283 1361 σπουδάσας
3312 1298 3447 1351 κατὰ
3473 1299 3621 1352 δόλον
3642 1300 3797 1370 παρὰ

2234 1380 2477 1433 κέλευσιν
2497 1382 2763 1452 βασιλέως
2791 1384 3139 1455 ἀναιρεθῆναι
3168 1389 3289 1450 τοὺς
3328 1390 3566 1459 ὁμήρους
3584 1407 3597 1419 ·
3641 1390 3799 1460 ἤιῖνα

2232 1472 2441 1527 ἔνοπλοι
2468 1475 2736 1545 ἄνθρωποι
2767 1478 2824 1529 tv
2851 1476 3000 1528 πόλει
3028 1477 3167 1530 κατὰ
3192 1478 3287 1547 τῆς
3334 1479 3604 1543 πολιτείας
3635 1474 3794 1545 ὦσιν,

2232 1563 2266 1629 ἢ
2298 1563 2384 1618 ἴνα
2413 1564 2573 1629 τόπος
2603 1566 2635 1636 ἢ
2672 1566 2789 1638 ίερά
2814 1566 3238 1636 κατασχεθῶσιν,
3278 1569 3310 1639 ἢ
3361 1569 3661 1639 στασιώδης
3701 1570 3789 1639 γέ·

2233 1669 2387 1723 νηται
2422 1654 2655 1719 σύνοδος,
2683 1656 2717 1726 ἢ
2750 1655 2835 1709 ίνα
2867 1656 3105 1726 φονευθῇδ
3132 1658 3159 1708 ό
3199 1657 3376 1726 ἄρχων
3398 1674 3410 1687 ι
3453 1658 3545 1711 καὶ
3584 1660 3613 1709 ὁ
3657 1660 3794 1729 πρὸς

2232 1746 2356 1808 τοὺς
2388 1746 2674 1816 πολεμίους
2699 1747 2979 1817 γράμμαῆ
3002 1747 3225 1814 ἄγγελον
3256 1748 3471 1816 πέμψας
3498 1748 3529 1818 ἦ
3567 1752 3795 1820 σημεῖον

577 1842 765 1895 citavit
815 1840 1014 1893 milites
1061 1838 1127 1891 ad
1170 1838 1490 1891 seditionem
1542 1836 1625 1889 vel
1690 1837 1898 1889 turbam
1948 1840 2139 1887 contra

2236 1834 2417 1897 αὐτοῖς
2447 1835 2768 1907 δεδωκὼςηῆ
2799 1837 2969 1901 ἄλλως
3004 1837 3272 1907 βοηθήσας
3299 1840 3499 1900 αὐτοῖς,
3534 1841 3627 1891 καὶ
3663 1842 3795 1892 ὐπο-

577 1930 985 1999 rempublicam.
1039 1928 1104 1981 Et
1146 1944 1263 1998 cap.
1310 1929 1345 1982 3
1387 1927 1626 1995 ejusdem
1658 1927 1738 1980 tit.
1783 1934 1834 1979 et
1869 1924 1961 1977 lib.
1990 1941 2003 1977 :
2036 1921 2140 1988 Qui

577 2016 763 2070 hostes
789 2015 1124 2079 sollicitavit,
1150 2024 1203 2068 et
1229 2015 1306 2068 eis
1341 2015 1720 2082 rempublicam
1753 2012 2004 2077 tradidit,
2044 2027 2139 2066 cx-

578 2104 687 2172 pite
734 2103 974 2171 punitur.
1032 2100 1096 2153 Et
1137 2102 1389 2169 deinceps
1437 2100 1653 2154 disserit
1695 2107 1857 2167 caput
1902 2097 1968 2152 de
2020 2096 2140 2150 aliis

579 2189 905 2260 quibusdam
940 2189 1227 2244 similibus.
1279 2189 1342 2257 Et
1373 2190 1484 2242 haec
1516 2188 1728 2257 quidem
1767 2188 1833 2241 de
1868 2188 1933 2241 iis
1961 2188 2051 2255 qui
2084 2188 2139 2241 in

579 2284 942 2351 captivitatem
974 2281 1187 2334 abducti
1217 2290 1362 2342 sunt.
1392 2290 1443 2333 et
1467 2280 1705 2333 bosnbus
1731 2287 2138 2343 consenserunt,

579 2375 725 2429 etde
776 2374 841 2428 iis
887 2375 1068 2427 itidem
1123 2374 1214 2442 qui
1255 2388 1360 2425 non
1403 2372 1454 2424 in
1506 2371 1868 2438 captivitatem
1922 2369 2140 2424 abducti

581 2474 731 2527 sunt,
762 2480 884 2517 cum
921 2466 1162 2518 hostibus
1196 2473 1371 2516 tamen
1399 2471 1811 2523 consenserunt,
1852 2469 1906 2513 et
1953 2459 2143 2513 adver-

583 2570 678 2610 sus
722 2554 1024 2609 Romanum
1072 2555 1354 2623 imperium
1390 2553 1783 2621 eonspirarunt.
1830 2549 1932 2614 Qui
1961 2557 2138 2601 autem

580 2660 707 2698 cum
753 2644 820 2697 iis
868 2644 960 2712 qui
1016 2652 1211 2696 terram
1263 2658 1515 2710 mareque
1565 2639 1990 2708 depopulantur,
2036 2652 2141 2691 una

586 2733 872 2804 depraedati
902 2742 1061 2799 sunt,
1090 2731 1291 2801 magis,
1328 2740 1384 2784 ut
1415 2731 1545 2785 mibi
1572 2730 1794 2793 videtur,
1822 2728 2139 2797 punientur,

585 2825 712 2895 quia
756 2823 929 2892 major
960 2832 1043 2877 est
1083 2838 1268 2876 eorum
1307 2821 1641 2888 improbitas.
1677 2820 1866 2874 llostes
1902 2819 2044 2873 enim
2085 2834 2143 2872 a-

582 2924 738 2985 perta
772 2914 968 2977 fronte,
1001 2922 1053 2968 et
1083 2914 1249 2978 nudo,
1281 2922 1337 2965 ut
1373 2912 1540 2976 aiunt,
1576 2912 1747 2980 capite
1767 2909 1961 2963 bellum
1990 2923 2141 2962 com-

587 3013 815 3074 parant;
844 3004 1079 3057 latrones
1107 3012 1281 3055 autem
1320 3002 1457 3055 ciant
1487 3012 1538 3054 et
1572 2999 1777 3053 occulte
1814 2997 2144 3066 inopinatam

591 3096 786 3149 caadem
837 3094 1152 3147 moliuntur.
1211 3091 1423 3156 Quanto
1472 3105 1598 3159 ergo
1664 3089 1874 3158 prmvisi
1921 3086 2144 3156 periculi

593 3200 771 3254 pugna
802 3184 970 3236 levior
1000 3190 1083 3235 est
1114 3182 1387 3248 inopinato
1417 3181 1574 3242 malo,
1612 3187 1759 3231 tanto
1791 3177 2024 3231 hostium
2059 3176 2147 3229 in-

589 3273 767 3328 sultus
794 3281 875 3326 est
904 3270 1229 3324 tolerabilior
1259 3270 1524 3322 latronum
1556 3267 1783 3320 insidiis.

2234 1922 2487 1986 νοθεύσας
2530 1924 2859 1995 στρατιώτας
2907 1926 3039 1997 πρὸς
3082 1928 3265 1980 στάσιν
3302 1929 3334 1997 ἢ
3397 1927 3623 2000 θόρυϐον
3654 1931 3797 1983 κατὰ

2232 2010 2331 2077 τῆς
2359 2011 2646 2075 πολιτείας.
2685 2013 2793 2065 Καὶ
2822 2012 3011 2081 κεφάλ.
3046 2020 3114 2081 γ’,
3160 2014 3255 2067 τοῦ
3285 2016 3447 2069 αὑτοῦ
3488 2018 3667 2071 τιτλου
3704 2019 3797 2071 καὶ

2234 2099 2435 2170 βιϐλίου
2456 2118 2468 2131 ο
2510 2102 2566 2154 '0
2593 2104 2716 2165 τοὺς
2744 2104 3027 2173 πολεμίους
3049 2105 3317 2175 ἐρεθίσας,
3342 2106 3372 2174 ἢ
3400 2108 3671 2177 παραδοὺς
3697 2109 3795 2161 αύ-

2232 2195 2341 2255 τοῖς
2369 2191 2587 2262 πολίτην
2611 2232 2624 2255 ,
2670 2195 2748 2257 είς
2788 2194 3024 2264 κεφαλὴν
3075 2198 3409 2264 τιμωρεῖται.
3446 2198 3553 2248 Καὶ
3597 2199 3796 2269 ἐφεξῆς

2233 2282 2531 2352 διαλέγεται
2564 2285 2625 2337 τὸ
2659 2285 2945 2353 κεφάλαιον
2989 2286 3115 2356 περὶ
3161 2287 3332 2340 ἄλλων
3367 2290 3525 2342 τινῶν
3571 2291 3791 2359 ὁμοίων.

2234 2372 2344 2424 Καὶ
2369 2372 2538 2425 ταῦτα
2566 2373 2661 2443 μὲν
2692 2374 2819 2445 περὶ
2845 2374 2950 2427 τῶν
2983 2374 3514 2443 αἰχμαλωτισθέντων
3541 2377 3636 2428 καὶ
3663 2381 3794 2447 ὁμο-

2234 2462 2593 2530 φωνησάντων
2623 2467 2731 2527 τοῖς
2766 2463 3061 2533 πολεμίοις,
3092 2464 3185 2517 καὶ
3213 2465 3341 2534 περὶ
3372 2465 3479 2517 τῶν
3504 2467 3576 2537 μὴ
3602 2470 3798 2536 αίχμα·

2233 2550 2618 2617 λωτισθέντων,
2652 2554 2799 2622 ὅμως
2834 2554 3011 2623 μέντοι
3039 2556 3148 2615 τοῖς
3182 2554 3451 2624 πολεμίοις
3480 2558 3797 2625 ὁμογνωμο-

2234 2643 2509 2712 νησάντων
2534 2683 2548 2707 ,
2591 2644 2683 2697 καὶ
2732 2644 3107 2715 φρονησάντων
3150 2644 3289 2697 κατά
3336 2645 3432 2713 τῆς
3485 2646 3795 2715 Ῥωμαῖκῆς

2235 2733 2499 2798 ἐξουσίας.
2533 2738 2593 2787 υί
2633 2736 2689 2787 δὲ
2719 2739 2828 2797 τοῖς
2856 2714 2993 2787 κατά
3033 2735 3222 2804 χέρσον
3266 2735 3357 2787 καὶ
3399 2735 3660 2789 θάλατταν
3706 2714 3797 2807 λη-

2240 2823 2480 2876 στεύουσι
2505 2824 3011 2894 συλλῃστεύσαντες,
3051 2824 3327 2889 πλειόνως,
3358 2826 3431 2887 ὡς
3471 2825 3590 2896 ἐμοὶ
3629 2826 3792 2889 δοκεῖ,

2238 2910 2679 2981 κολασθήσονται·
2705 2912 2785 2963 ὅτι
2817 2912 2907 2963 καὶ
2934 2911 3129 2979 μείζων
3161 2911 3275 2963 ἐστὶ
3312 2912 3514 2963 τούτων
3547 2914 3578 2979 ή
3611 2908 3793 2963 κακία.

2239 3003 2301 3054 Οἱ
2330 3001 2426 3071 μὲν
2452 3001 2559 3071 γὰρ
2592 3001 2833 3070 πολέμιοι
2876 3000 3011 3053 κατά
3043 3001 3325 3071 πρόσωπον
3369 3000 3457 3053 καὶ
3484 3001 3659 3069 γυμνῇ
3704 3015 3792 3050 κε·

2240 3091 2402 3161 φαλῇ,
2436 3092 2497 3143 τὸ
2523 3092 2830 3160 λεγόμενον,
2856 3090 2943 3142 τὸν
2972 3090 3202 3158 πόλεμον
3255 3090 3567 3142 συνιστῶσιν
3589 3105 3603 3119 ⁸
3649 3090 3699 3141 oi
3740 3089 3795 3141 δὲ

2240 3178 2431 3251 λῃσταὶ
2462 3179 2704 3246 ἀοράτως
2738 3179 2829 3229 καὶ
2863 3178 3074 3244 ἀφανῶς
3107 3178 3504 3247 ἀπροσδόκητον
3534 3178 3793 3244 μελετῶσι

2239 3267 2414 3334 φόνον.
2447 3268 2605 3319 Ὅσον
2630 3262 2721 3319 οῦν
2746 3265 2837 3318 τοῦ
2874 3267 3224 3336 προκειμένου
3255 3266 3373 3319 κατ’
3405 3266 3460 3326 ω
3477 3282 3525 3319 ιν
3552 3264 3791 3319 κινδύνου

592 3377 627 3449 ἡ
674 3378 821 3447 μάχη
868 3376 1167 3447 κουφοτέρα
1203 3375 1318 3427 ἐστὶ
1354 3372 1444 3425 τοῦ
1496 3372 1898 3442 ἀπροσδοκήτου
1946 3375 2143 3441 κακοῦ,
2192 3373 2438 3427 τοσοῦτον
2465 3374 2554 3426 καὶ
2585 3370 2748 3442 ἡτῶν
2783 3369 3047 3437 πολεμίων
3091 3368 3272 3436 ἔφοδος
3326 3365 3646 3433 άνεκτοτέρα
3672 3357 3787 3410 ἐστὶ

590 3467 688 3538 τῆς
712 3469 816 3520 τῶν
842 3468 1205 3538 λῃστευόντων
1242 3466 1544 3534 ἐπιϐουλῆς.

670 3567 871 3620 Ζυιδιιιιι.
913 3566 1229 3631 Quicunque
1274 3562 1527 3631 quidem,
1575 3561 1692 3624 ait,
1754 3558 2046 3628 aliquando
2096 3557 2149 3610 in

600 3660 911 3713 servitutem
941 3655 1153 3708 abducti
1195 3670 1252 3707 se
1283 3652 1525 3706 barbaris
1556 3651 1933 3717 adjunxerunt,
1970 3655 2020 3700 et
2047 3661 2149 3700 una

600 3760 723 3799 cum
762 3745 826 3797 iis
871 3742 1100 3811 grassati
1150 3750 1274 3793 sunt
1323 3754 1530 3793 tuorum
1580 3738 1878 3791 barbariem
1929 3736 2153 3787 induen-

601 3846 717 3896 tes,
759 3848 821 3885 ac
851 3832 995 3884 velut
1028 3830 1176 3883 obliti
1217 3844 1274 3882 se
1315 3844 1380 3881 ex
1428 3826 1597 3879 Ponto
1622 3826 1958 3878 Christianos
1997 3838 2149 3888 esse,

600 3939 694 3977 eos
732 3922 821 3990 qui
850 3919 1090 3989 ejusdem
1122 3926 1248 3972 sunt
1280 3916 1490 3985 generis
1521 3913 1831 3967 interfecere
1852 3954 1865 3974 ,
1917 3912 1996 3964 vel
2031 3912 2153 3964 bar-

602 4012 749 4066 baris
783 4012 990 4080 ignotas
1037 4017 1401 4061 monstravere
1445 4007 1576 4067 vias,
1613 4004 1866 4057 domosve
1906 4001 2038 4069 ipsis
2068 4014 2154 4053 oc-

604 4101 810 4162 cultas;
857 4100 911 4152 hi
950 4114 1016 4152 ne
1053 4098 1117 4151 ad
1150 4097 1479 4150 auditionem
1512 4093 1727 4161 quidem
1761 4090 2111 4144 admittantur
2135 4126 2152 4152 ,

602 4190 971 4261 paenitentiam
1015 4198 1267 4256 agentes;
1319 4186 1423 4239 hoc
1485 4193 1603 4245 est,
1662 4190 1812 4234 extra
1872 4177 2155 4232 ecclesiam

604 4282 829 4337 omnino
858 4280 1190 4342 consistant,
1240 4276 1294 4329 in
1326 4276 1443 4329 loco
1468 4274 1712 4327 videlicet
1752 4269 1987 4323 ﬂentium
2008 4307 2022 4331 ,
2059 4266 2157 4319 do-

603 4387 705 4425 nec
730 4372 781 4424 in
810 4370 1083 4424 communi
1127 4375 1388 4420 conventu
1437 4364 1607 4417 sancti
1641 4361 1707 4415 de
1751 4360 1918 4427 ipsius
1956 4356 2156 4411 delibe-

2302 3547 2540 3602 ΖΩΝΑΡ.
2579 3546 2731 3598 Ὅσοι
2767 3545 2864 3616 μὲν
2896 3540 3009 3607 οῦν,
3038 3542 3231 3613 φησὶν,
3276 3543 3791 3613 αἰχμαλωτισθέντες

2235 3640 2383 3703 ποτὲ,
2418 3638 2897 3706 πγκατετάγησαν
2927 3638 3034 3698 τοῖς
3080 3635 3400 3704 βαρϐάροις,
3437 3635 3528 3686 καὶ
3560 3635 3673 3704 μετ’
3702 3636 3796 3688 αὑ-

2235 3731 2341 3785 τῶν
2374 3729 2605 3800 ἐπῆλθον
2635 3726 3072 3799 βαρϐαρωθέντες
3099 3726 3165 3777 τὰ
3192 3726 3285 3795 ἔθη
3305 3743 3319 3753 ·
3352 3727 3442 3777 καὶ
3470 3724 3655 3795 ῶσπερ
3682 3725 3797 3776 tm-

2237 3820 2537 3888 λαθόμενοι,
2569 3821 2649 3871 ὅτι
2678 3819 2741 3870 ὲκ
2763 3818 2855 3870 τοῦ
2888 3818 3089 3868 Πόντου
3122 3812 3260 3893 ἦσαν
3288 3816 3630 3885 Χριστιανοὶ.
3668 3816 3794 3883 ὀμο-

2237 3908 2434 3975 ᾳύλους
2450 3908 2809 3976 ὲφόνευσαν,ἢ
2837 3907 2985 3968 ὀδοὺς
3008 3905 3348 3957 ὑπεδείκνυον
3378 3908 3487 3967 τοῖς
3508 3903 3793 3974 βαρϐάροις

2238 3998 2601 4067 ἀγνοουμένας
2621 3996 2864 4064 αὐτοῖς,ἢ
2893 3997 3065 4057 οίκίας
3089 3994 3446 4056 λανθανούσας
3465 3994 3676 4055 αὐτούς’
3710 3987 3795 4045 οὖ-

2239 4107 2319 4141 τοι
2352 4088 2483 4161 μηδὲ
2509 4092 2586 4150 είς
2603 4089 2860 4158 ἀκρόασιν
2876 4086 3364 4156 παραδεχθήτωσαν
3388 4083 3787 4154 μετανοοῦντες·

2240 4179 2515 4231 τουτέστιν
2553 4178 2656 4240 ἐξω
2706 4176 2975 4238 παντελῶς
3023 4176 3123 4244 τῆς
3160 4174 3450 4244 ἐκκλησίας
3502 4172 3793 4243 ὲστηκέτωο

2246 4286 2362 4332 σαν,
2399 4271 2455 4321 tv
2487 4269 2635 4337 τόπῳ
2664 4266 2858 4337 δηλαδὴ
2887 4264 3335 4336 προσκλαιόντων,
3364 4263 3467 4325 ἕως
3494 4264 3557 4315 ἂν
3595 4262 3797 4330 σκοπή-

2247 4376 2408 4411 σωσιν
2436 4359 2485 4410 οἱ
2510 4358 2650 4425 ἅγιοι
2679 4356 2804 4426 περὶ
2829 4356 3005 4407 αὐτῶν
3023 4357 3172 4423 κοινῇ
3198 4353 3554 4414 συνελθόντες.
3590 4352 3793 4418 Ἀγίους

605 4470 744 4517 rent.
798 4460 1025 4513 Sanctos
1061 4473 1220 4526 porro
1249 4467 1339 4509 aut
1371 4455 1654 4523 episcopos
1687 4460 1839 4504 vocat
1860 4489 1873 4512 ,
1907 4457 1998 4501 aut
2028 4446 2144 4501 sim-

2244 4448 2300 4500 δὲ
2329 4449 2362 4518 ἢ
2396 4449 2518 4510 τοὺς
2550 4448 2874 4508 ἐπισκόπους
2904 4445 3092 4507 καλεῖ,
3125 4445 3157 4513 ἢ
3196 4445 3321 4505 τοὺς
3357 4443 3578 4503 πιστοὺς
3621 4438 3799 4499 ἁπλῶς

606 4553 812 4621 pliciter
875 4551 1095 4611 tideles,
1163 4546 1342 4616 magni
1403 4543 1556 4596 Pauli
1606 4540 1830 4609 apostoli
1891 4538 2136 4605 exemplo

605 4641 698 4695 Illa
743 4654 919 4695 autem
969 4640 1123 4693 verba
1148 4678 1161 4699 ,
1210 4650 1329 4689 ante
1374 4636 1511 4702 ipsos
1544 4633 1764 4700 Spiritui
1791 4644 2002 4693 sancto,
2038 4630 2157 4683 ideo

2188 4505 2229 4558 ο
2248 4505 2386 4595 κατά
2418 4505 2514 4593 τὸν⁷
2540 4540 2707 4609 μέγαν
2742 4505 3033 4591 ἀπόστολον
3062 4505 3292 4589 Παῦλον.
3332 4533 3403 4584 Τὸ
3430 4533 3505 4595 δὲ,
3538 4532 3650 4597 πρὸ
3700 4531 3796 4581 αὺ-

2249 4631 2363 4687 τῶν
2383 4630 2460 4694 τῷ
2492 4631 2635 4698 ἁγίῳ
2661 4632 2992 4701 Πνεύματι,.
3024 4629 3291 4697 ἐπήγαγε,
3324 4625 3535 4685 δεικνὺς
3554 4662 3568 4685 ,
3596 4624 3677 4675 ὅτι
3706 4623 3800 4674 ὅσα

606 4729 884 4798 adjunxit,
931 4736 988 4781 ut
1032 4739 1361 4795 quaecunque
1411 4724 1463 4775 in
1518 4737 1617 4775 con
1646 4720 1791 4772 'nuni
1829 4719 2051 4773 consilio
2093 4716 2144 4769 al

2253 4723 2307 4773 tv
2337 4724 2488 4791 κοινῇ
2526 4721 2804 4787 διασκέψει
2842 4716 3243 4787 οίκονομοῦνται
3292 4714 3437 4784 παρά
3474 4713 3797 4772 ἐπισκόπων,

605 4823 896 4892 episcopis,
929 4822 1007 4873 vel
1030 4820 1187 4872 etiam
1215 4834 1243 4869 a
1274 4816 1685 4883 quibuscunque
1708 4812 1950 4864 tidelibus
1974 4811 2144 4862 decer-

2250 4814 2283 4882 ἢ
2320 4815 2409 4865 καὶ
2438 4814 2617 4873 άπλῶς
2647 4811 2751 4864 τῶν
2776 4810 2997 4870 πιστῶν,
3033 4808 3092 4859 τὸ
3112 4808 3261 4873 ἀγιον
3292 4805 3515 4873 Πνεῦμα
3557 4803 3802 4870 ὑποτίθη·

610 4924 833 4975 nuntnr,
865 4912 1123 4979 Spiritum
1148 4917 1389 4963 sanctum
1436 4918 1497 4957 ea
1519 4900 1935 4956 deliberantibus
1972 4913 2163 4968 sugge—

612 5016 732 5055 rere
760 5000 1109 5053 demonstret.

1070 5075 1174 5144 33
1189 5078 1411 5134 CANON
1446 5075 1579 5133 Viti.

690 5198 707 5230 ι
754 5178 829 5232 De
869 5178 936 5231 iis
969 5177 1058 5245 qui
1090 5175 1291 5227 alienas
1321 5175 1504 5226 domos
1529 5168 1791 5223 hostiliter
1818 5168 2020 5237 ingredi
2048 5166 2166 5219 ausi

2254 4923 2336 4958 σιν
2365 4904 2503 4959 αὐτὰ
2532 4906 2643 4965 τοῖς
2672 4902 2796 4971 περὶ
2830 4900 3003 4953 αὐτῶν
3034 4896 3526 4966 διασκεπτομένοις.

2864 5080 3095 5137 ΚΛΝΩΝ
3133 5080 3207 5130 H’.

2332 5195 2351 5227 τ
2394 5176 2525 5245 Περὶ
2554 5173 2658 5226 τῶν
2690 5174 2853 5235 οἴκοις
2892 5169 3183 5238 ἀλλοτρίοις
3228 5166 3468 5219 ἐπελθεῖν
3514 5164 3803 5233 τολμησάν-

619 5286 639 5317 σ
688 5281 815 5321 sunt
864 5268 915 5318 in
966 5264 1315 5317 barbarorum
1353 5262 1675 5311 incursione.
1720 5255 1825 5310 Eos
1870 5266 2044 5309 autem
2075 5270 2144 5321 qu

2264 5288 2281 5319 ι
2318 5286 2423 5320 των
2462 5270 2515 5320 ὲν
2548 5268 2609 5334 τῇ
2640 5265 2746 5316 τῶν
2779 5262 3061 5333 βαρϐάρων
3082 5259 3365 5328 ἐπιδρομῇ.
3396 5257 3531 5317 Τοὺς
3562 5255 3617 5306 δὲ
3646 5256 3807 5311 οἴκοις

622 5378 640 5407 ι
688 5358 893 5410 alienas
929 5355 1115 5407 domos
1158 5350 1409 5403 invadere
1438 5348 1553 5400 ausi
1585 5346 1814 5409 fuerint,
1857 5346 1899 5397 si
1933 5352 2144 5396 accusat

2267 5378 2285 5412 ι
2322 5357 2615 5428 ἀλλοτρίοις
2648 5356 2885 5407 ἐπελθεῖν
2914 5352 3283 5421 τολμήσαντας
3309 5388 3321 5409 ,
3373 5348 3463 5399 ὲάν
3509 5346 3604 5414 μὲν
3649 5359 3806 5408 κατη-

622 5468 640 5498 ι
688 5447 905 5515 quidem
946 5442 1175 5498 convicti
1229 5439 1464 5501 fuerint,
1531 5453 1627 5491 nec
1669 5436 1941 5489 auditione
1978 5435 2144 5502 digno,

2268 5469 2286 5501 ι
2328 5445 2645 5520 γορηθέιτες
2677 5443 2988 5512 ἐλεγχθῶσι,
3019 5442 3149 5511 μηδὲ
3175 5440 3273 5508 τῆς
3300 5438 3609 5507 ἀκροάσεως
3650 5431 3807 5520 ἀξιῶτ

620 5561 640 5589 ς
688 5537 1014 5593 existimare.
1045 5533 1137 5587 Sin
1166 5541 1343 5584 autem
1384 5529 1667 5581 iudicarint
1698 5542 1754 5580 se
1787 5526 1931 5594 ipsos
1962 5539 2025 5578 ac
2054 5523 2173 5576 red—

623 5648 640 5678 ι
688 5627 959 5689 diderint,
1028 5627 1079 5678 in
1129 5639 1311 5678 eorum
1361 5622 1450 5689 qui
1501 5629 1881 5673 convertuntur
1929 5614 2170 5669 ordinent

626 5740 645 5771 ι
691 5721 977 5777 substerni.
1011 5738 1027 5769 ι

2272 5559 2289 5590 ι
2330 5519 2446 5591 δαί·
2478 5537 2568 5589 ἐὰν
2613 5536 2667 5587 δὲ
2694 5536 2887 5593 αὐτοὺς
2922 5531 3169 5594 ἐξείπωσι
3205 5528 3295 5580 καὶ
3329 5526 3629 5585 ἀποδῶσιν,
3660 5524 3720 5576 ιν
3749 5519 3807 5583 τῇ

2276 5650 2293 5683 ι
2329 5630 2434 5684 τῶν
2462 5627 2894 5699 ὑποστρεψάντων
2923 5623 3068 5686 τάξει
3102 5621 3437 5673 ὑποπίπτειν.
3481 5637 3497 5667 ι
