3998 6326
158 395 283 462 541
1130 399 1204 459 1N
1239 399 1473 461 El‘lS’l‘.
1506 402 1561 462 S.
1594 401 1972 461 GllEGORll
2033 399 2459 459 NEOC/ESAR.
3283 390 3389 455 542

232 526 440 580 ΒΔΛΣ.
468 524 801 595 Παχυμερῶς
830 523 1092 579 διαλαϐὼν
1111 526 1140 578 6
1161 523 1310 592 ἀγιος
1343 527 1467 594 περὶ
1499 526 1603 577 τῶν
1634 528 1727 596 ἀρε
1755 573 1756 580 η

1893 523 2051 581 Βιιε.
2088 521 2379 593 Postquam
2417 533 2634 579 sanctus
2666 518 2840 579 fusius
2873 527 3177 581 tractaverit
3204 524 3272 582 de
3309 528 3377 582 iis

146 616 467 671 πασάντων
494 616 527 685 ἦ
562 614 865 686 εὑρηκότων
897 613 1191 685 πράγματά
1217 630 1374 667 τινων
1401 616 1728 684 αἰχμαλωτι-

1852 617 1914 685 ῖυὶ
1953 623 2263 684 rapuerunt,
2304 615 2386 669 vel
2429 598 2786 684 quorumdam
2812 616 3140 682 captivorum
3172 631 3257 670 res
3290 617 3374 669 in-

148 706 447 768 σθὲντων,
496 707 616 757 ὅσον
658 704 793 766 τέως
821 706 897 766 εἰς
937 704 1027 755 τὸν
1055 703 1208 770 λόγον
1261 704 1369 757 τῶν
1414 705 1724 775 ιπιτιμίων·

1852 713 2123 769 'enerunt,
2175 703 2316 772 quod
2378 704 2443 755 ad
2498 717 2777 770 pinnarum
2830 703 3089 756 rationem
3138 704 3371 767 attinet;

147 796 303 867 ἄρτι
330 788 513 847 καὶτὰ
546 794 657 864 εἴδη
699 794 797 863 τῆς
834 794 1113 863 μετανοίας
1148 797 1261 863 ἦτοι
1295 794 1402 847 τῶν
1444 795 1722 866 ἐκκλησια-

1852 811 1968 848 iunc
1994 808 2209 863 quoque
2236 793 2442 860 species
2469 790 2810 859 paenitentiae,
2843 791 2956 845 sive
2987 792 3375 845 ecclesiastica-

152 885 377 937 στικῶν
408 885 693 953 ὲπιτιμίων
717 884 938 954 ἄρχεται
962 883 1153 950 λέγειν.
1197 884 1304 935 Καὶ
1336 884 1528 937 αὐτίκα
1568 884 1729 955 διορί-

1852 901 1947 939 um
1990 899 2266 953 poenarum
2313 883 2497 949 incipit
2529 874 2726 934 dicere.
2776 880 2841 933 Et
2901 882 3083 934 statim
3133 882 3372 934 decernit

156 974 355 1037 ζεται,
408 974 493 1025 ἴνα
553 973 681 1043 μηδὲ
736 972 869 1041 μετά
906 971 1011 1023 τῶν
1044 973 1403 1042 ἀκροωμένων
1452 972 1718 1039 ίστῶφται,

1852 985 1884 1029 it
1928 990 2025 1029 nec
2069 982 2210 1029 stent
2242 988 2362 1026 cum
2396 972 2775 1034 audientibus,
2826 972 2916 1025 sed
2964 985 3085 1024 cum
3135 971 3376 1025 deflenti-

152 1063 312 1116 ἀ).λά
360 1064 492 1133 μετά
534 1063 639 1116 τῶν
681 1063 1108 1134 προσκλαιόντων
1163 1061 1359 1127 ἔξωθεν
1393 1063 1489 1133 τῆς
1540 1066 1732 1135 ἐκκληο

1852 1079 1944 1126 ius,
1981 1071 2127 1116 extra
2159 1062 2472 1123 ecclesiam,
2514 1061 2605 1128 qui
2652 1075 2762 1113 rem
2809 1060 3006 1127 captivi
3040 1071 3371 1127 rapuerunt,

160 1156 300 1217 σίας
321 1194 336 1216 ,
357 1156 405 1205 οἰ
433 1154 771 1223 ἁρπάσαντες
796 1150 1031 1204 τοιοῦτόν
1044 1168 1096 1204 τι
1123 1155 1349 1221 πρᾶγμα
1367 1152 1727 1222 αἰχμαλώτου,

1856 1161 1877 1206 t
1905 1168 2023 1207 eam
2052 1167 2158 1206 non
2201 1155 2567 1212 restituerunt,
2597 1151 2690 1205 sed
2721 1150 3116 1203 accusationem
3159 1159 3212 1202 et
3250 1165 3376 1216 pro-

158 1246 273 1297 xa‘t
308 1246 382 1314 μὴ
410 1242 851 1313 ἀντιστρέψαντες
867 1242 1015 1304 αὐτὸ,
1042 1242 1171 1294 ἀλλὰ
1188 1243 1572 1312 ἀναμείναντες
1589 1259 1690 1296 κατ
1701 1272 1727 1283 -

1852 1244 2092 1296 lationem
2130 1250 2504 1310 exspectarunt
2550 1247 2762 1307 propter
2824 1238 3217 1291 infitiationem.
3269 1238 3373 1291 Eos

164 1334 418 1404 ηγορξαν
464 1334 554 1385 καὶ
580 1332 792 1400 ἔλεγχον
811 1331 898 1383 διὰ
924 1331 1019 1401 τὴν
1063 1331 1306 1403 ἄρνησιν.
1345 1334 1481 1395 Τοὺς
1522 1333 1576 1384 δὲ
1605 1334 1731 1387 ἑαν-

1852 1341 1999 1386 .utem
2039 1333 2131 1400 qui
2173 1346 2230 1385 se
2276 1331 2421 1399 ipsos
2446 1328 2765 1392 detulerunt,
2796 1335 2850 1380 et
2886 1342 2983 1380 sua
3027 1335 3217 1394 sponte
3255 1342 3374 1395 quae

157 1426 303 1487 τοὺς
335 1422 821 1494 προσαγγείλαντας
848 1425 939 1475 καὶ
965 1423 1149 1484 δόντας
1177 1422 1474 1486 καλοθελῶς
1492 1422 1732 1492 πρδάναο

1852 1421 2113 1483 .hstulere,
2154 1426 2276 1473 ante
2306 1420 2572 1474 actionem
2623 1418 2905 1480 dederunt,
2938 1417 3125 1470 statuit
3156 1425 3213 1469 ut
3245 1433 3373 1484 pro-

159 1511 367 1579 γωγῆς
398 1510 437 1563 ἃ.
468 1510 773 1577 ἀφείλοντο,
815 1508 1105 1579 διορίζεται
1133 1508 1220 1562 διὰ
1250 1509 1347 1578 τὴν
1378 1511 1735 1579 μεταμέλεια-ι

1852 1519 1943 1565 iter
1964 1511 2327 1578 pmnitentiam
2352 1517 2778 1575 comprecentur,
2810 1524 2904 1560 seu
2927 1510 3222 1561 consistant
3250 1522 3371 1561 cum

164 1597 553 1667 συνεύχεσθαι,
582 1598 744 1665 ἧγουν
773 1597 1149 1659 συνίστασθαι,
1188 1598 1324 1667 μετά
1350 1597 1458 1651 τῶν
1495 1600 1729 1655 πιστῶν⁶

1852 1597 2097 1662 idelibus;
2130 1597 2540 1651 substernantur
2593 1604 2770 1649 autem
2816 1596 2956 1656 illis,
3003 1610 3066 1648 eo
3105 1596 3243 1663 quod
3276 1610 3371 1647 co-

163 1687 507 1740 ὐποπίπτειν
534 1686 590 1738 δὲ
616 1685 791 1744 αὐτῶν
810 1685 897 1749 διὰ
922 1685 985 1737 τδ
1005 1685 1403 1753 ἀναγκάζεσθαι
1422 1687 1735 1759 ὲξέρχεσθαι

1852 1696 2024 1751 :untur
2065 1687 2242 1755 egredi
2279 1701 2400 1740 cum
2439 1686 2859 1740 catechumenis.
2902 1685 2978 1739 Ac
3023 1685 3102 1737 lex
3154 1685 3369 1752 quidem

171 1793 323 1848 μετα
352 1778 457 1830 τῶν
490 1776 923 1846 κατηχουμένων.
960 1777 1068 1828 Καὶ
1107 1779 1136 1830 6
1159 1779 1255 1847 μὲν
1289 1778 1734 1848 δκκλησιαστικδς

1852 1776 2180 1830 cclesiastica
2216 1789 2309 1829 eos
2346 1775 2425 1829 sic
2455 1778 2627 1841 punit.
2671 1772 2780 1828 Lex
2818 1788 2945 1827 vero
2988 1774 3161 1827 civilis
3194 1782 3374 1842 rapto—

169 1867 350 1937 νόμος
372 1866 511 1920 οὕτω
538 1858 757 1927 τούτους
786 1865 999 1929 κολάζει
1017 1883 1030 1895 ·
1058 1867 1086 1918 6
1113 1867 1170 1920 δὲ
1197 1868 1466 1930 πολιτικὸς
1490 1870 1613 1932 τοὺς
1639 1869 1738 1940 ἅρ-

1854 1881 1912 1919 es
1940 1865 2081 1935 quod
2104 1865 2169 1918 ab
2196 1865 2327 1932 ipsis
2357 1874 2568 1931 raptum
2600 1872 2680 1916 est
2705 1863 2863 1915 etiam
2895 1870 3015 1915 ante
3045 1863 3373 1916 condemna-

169 1973 365 2025 παγας
394 1958 486 2010 καὶ
517 1957 620 2027 πρὸ
647 1956 933 2026 καταδίκης
966 1956 1329 2026 προσάγοντας
1357 1956 1417 2009 τὸ
1443 1956 1534 2011 ὑπ’
1559 1958 1737 2011 αὐτῶν

1852 1957 2029 2011 ionem
2069 1956 2350 2011 otl‘crentes
2376 1994 2390 2019 ,
2448 1968 2552 2006 non
2588 1954 2860 2016 admittit,
2908 1952 3001 2006 sed
3056 1952 3375 2006 condemnat

172 2048 434 2119 ἁρπαγὲν
464 2047 522 2099 οὐ
556 2046 934 2118 προσδέχεται.
983 2046 1095 2098 ἀλλ’
1142 2048 1219 2107 είς
1256 2046 1316 2099 τὸ
1351 2046 1737 2116 τετραπλάσιον

1852 2061 1880 2098 n
1925 2045 2301 2114 quadruplum.
2370 2043 2507 2097 Dicit
2546 2044 2689 2095 enim
2734 2057 2855 2110 cap.
2905 2042 2958 2103 6,
3017 2041 3082 2094 17
3136 2044 3256 2104 tit.,
3305 2056 3375 2095 ιι

174 2138 551 2201 καταδικάζει.
581 2138 714 2206 φησι
739 2137 851 2203 γὰρ·
868 2153 992 2203 κεφ.
1019 2141 1091 2198 ς’,
1121 2135 1212 2187 τοῦ
1239 2135 1303 2199 ιζ’
1351 2134 1545 2198 τίτλον,
1583 2135 1671 2189 τοῦ
1692 2137 1734 2203 ξ’

1852 2135 1919 2194 ib.
1951 2152 1965 2188 :
2000 2133 2203 2202 Raptor
2241 2147 2398 2202 poena
2429 2148 2533 2185 non
2550 2132 2814 2185 liberatur
2843 2132 3108 2185 oblatione
3132 2134 3203 2186 rei
3250 2143 3375 2189 ante

178 2229 393 2299 βιϐλίον
410 2245 425 2259 ·
470 2230 528 2280 ’0
555 2228 734 2298 ἅρπαξ
764 2228 861 2279 οὐκ
888 2226 1279 2280 ἀπαλλάττεται
1294 2227 1391 2296 τῆς
1423 2228 1610 2297 ποινῆς
1633 2223 1738 2297 πρὸ

1852 2226 1990 2278 item.
2050 2223 2111 2277 Et
2156 2224 2330 2277 thema
2379 2223 2409 2274 7
2436 2261 2453 2285 ,
2494 2237 2609 2290 cap.
2652 2222 2686 2275 2
2729 2222 2968 2290 ejusdem
3033 2223 3121 2276 lib.
3155 2232 3208 2276 et
3240 2224 3318 2277 tit.
3354 2237 3371 2277 :

176 2320 285 2390 τῆς
310 2318 467 2390 δίκης
496 2318 780 2389 προσάγων
820 2318 881 2369 τὸ
928 2319 1175 2388 πρᾶγμα.
1216 2317 1324 2370 Καὶ
1364 2318 1503 2387 θεμα
1549 2318 1612 2381 ζ’,
1644 2318 1737 2371 τοῦ

1852 2325 1964 2368 utra
2010 2325 2208 2367 annum
2262 2328 2447 2365 verum
2495 2314 2722 2380 pretium
2787 2312 3214 2380 quadruplatur,
3268 2328 3371 2367 non

183 2388 253 2479 ﬂ"
517 2388 610 2458 τοῦ
642 2404 802 2459 αὑτοῦ
832 2404 1033 2475 βιϐλίου
1049 2405 1140 2459 καὶ
1154 2404 1328 2459 τίτλον
1348 2422 1361 2435 ·
1387 2406 1738 2459 Εἰσω·ὲνιαν-

1859 2412 1999 2457 utem
2050 2403 2102 2456 id
2156 2402 2297 2470 quod
2358 2402 2600 2454 interest.
2666 2401 2819 2465 Quod
2864 2410 3041 2454 autem
3104 2401 3190 2455 hic
3243 2403 3374 2456 dicit

179 2498 283 2551 τοῦ
312 2497 376 2551 τὸ
406 2495 599 2566 ἀληθὲς
645 2494 737 2548 τοῦ
772 2496 1089 2565 πράγματος
1123 2494 1331 2565 τίμημα
1351 2494 1742 2565 τετραπλασιά-

1854 2507 2042 2546 anctus
2072 2490 2139 2545 de
2179 2492 2244 2545 iis
2286 2491 2379 2559 qui
2427 2500 2551 2544 ante
2586 2490 3086 2544 condemnationem
3129 2499 3180 2544 et
3214 2507 3374 2546 accu-

183 2588 365 2653 ζεται,
386 2588 448 2640 οὐ
474 2588 577 2657 μὴν
599 2586 661 2638 τὸ
687 2586 958 2655 διαφέρον.
988 2585 1160 2653 Ὅπερ
1177 2584 1233 2637 δέ
1260 2602 1424 2655 φησιν
1459 2585 1685 2639 ἐνταῦθα
1712 2588 1741 2639 6

1853 2581 2087 2635 ationem
2130 2595 2241 2634 rem
2280 2582 2597 2647 restituunt,
2639 2582 2723 2635 lex
2768 2582 2919 2650 jubet
2949 2582 2998 2636 id
3032 2583 3143 2636 fieri
3186 2583 3239 2637 in
3282 2599 3374 2641 eos

186 2676 350 2744 ἅγιος
372 2675 526 2745 χάριν
563 2673 670 2725 τῶν
702 2672 808 2741 πρὸ
836 2671 1127 2741 καταδίκης
1157 2672 1251 2724 καὶ
1296 2670 1621 2741 κατηγορίας
1662 2670 1740 2723 δι-

1852 2669 1917 2738 ιιιί
1974 2671 2172 2739 aliquid
2238 2686 2302 2725 ex
2368 2673 2549 2740 aliquo
2615 2681 2758 2726 metu
2834 2685 3170 2742 acceperunt.
3237 2676 3377 2733 Dicit

185 2767 389 2820 δόντων
412 2765 473 2817 τδ
501 2762 785 2832 ἀτραιρεθὲν
804 2804 818 2827 ,
850 2761 1006 2815 τοῦτο
1042 2761 1071 2813 6
1109 2761 1272 2831 νόμος
1318 2760 1739 2830 παρακελεύεται

1852 2760 1964 2812 nim
1998 2759 2031 2813 5
2071 2759 2281 2827 thema,
2327 2760 2394 2816 l3
2433 2776 2577 2829 cap.-,
2600 2762 2634 2815 2
2677 2763 2781 2829 tit.,
2805 2779 2837 2816 x
2882 2764 3010 2817 lib.:
3044 2764 3196 2820 Actio
3219 2768 3375 2836 cujus

186 2843 443 2923 γίνεσθὶι
467 2855 547 2915 εἰς
575 2854 699 2916 τοὺς
732 2851 869 2905 κατὰ
901 2851 1062 2920 φόϐον
1090 2851 1348 2911 λαϐόντας
1386 2867 1437 2903 τι
1476 2852 1538 2902 ὲκ
1580 2849 1739 2912 τινός.

1852 2859 1999 2901 nctus
2034 2864 2225 2915 causa,
2268 2859 2349 2906 est
2373 2851 2579 2916 libera;
2613 2860 2666 2906 et
2702 2853 2823 2907 licet
2858 2853 2906 2907 ei
2934 2854 3189 2910 adversus
3214 2872 3373 2924 quem

188 2945 331 3016 Φησὶ
363 2945 468 3015 γάρ
491 2943 551 2995 τὸ
581 2947 618 2995 ε’
647 2941 804 3011 θέμα,
849 2940 942 2994 τοῦ
972 2946 1037 3007 ιγ’
1079 2938 1290 3008 itaqu)“,
1327 2937 1420 2992 τοῦ
1461 2938 1501 3008 β’
1536 2938 1734 3000 τίτλον,

1852 2938 2024 3008 igitur,
2054 2938 2117 2991 ad
2151 2940 2465 2993 sententiam
2498 2955 2667 3010 usque
2694 2956 2804 2994 rem
2848 2944 3147 3003 restituere.
3182 2953 3236 2997 et
3265 2961 3369 2997 non

190 3036 293 3090 τοῦ
325 3034 546 3088 δεκάτου
580 3032 809 3102 βιϐλίον’
872 3031 936 3084 Ἦ
973 3031 1060 3084 διὰ
1100 3030 1260 3100 φόϐον
1288 3029 1520 3093 αίτίασις
1554 3029 1739 3100 αἱρετή

1852 3033 1954 3086 lare
2001 3030 2379 3100 quadruplum.
2435 3030 2528 3084 Est
2589 3040 2766 3085 autem
2822 3039 2876 3084 et
2927 3032 3024 3084 alia
3077 3032 3373 3087 diﬂ‘crentia

190 3128 314 3181 tm
332 3143 348 3156 ο
377 3124 470 3178 καὶ
496 3123 669 3187 ἔξεστι
692 3122 767 3193 τῷ
799 3121 1105 3191 ἑναγομένῳ
1136 3121 1293 3192 μέχρι
1323 3120 1499 3190 ψήφου
1537 3120 1744 3172 ἀποκα-

1852 3135 2013 3174 :orum
2046 3120 2137 3187 qui
2177 3121 2227 3172 vi
2283 3136 2369 3174 res
2416 3118 2687 3181 auferunt,
2735 3127 2789 3173 et
2832 3134 3018 3173 eorum
3051 3123 3141 3189 qui
3171 3121 3370 3189 aliquid

190 3214 458 3284 ταστῆσαι
484 3213 543 3264 τὸ
568 3212 814 3280 πρᾶγμα,
844 3211 935 3263 κιιί⁵
965 3210 1038 3279 μὴ
1079 3208 1258 3261 δοῦναι
1293 3208 1353 3260 τὸ
1395 3206 1741 3277 τετραπλοῦν.

1852 3210 1898 3263 ib
1922 3211 2104 3277 aliquo
2130 3217 2272 3263 metu
2299 3209 2585 3277 accipiunt.
2641 3210 2896 3276 Raptores
2941 3209 3079 3262 enim
3113 3226 3216 3266 una
3245 3227 3367 3267 cum

195 3304 359 3355 Ἔστι
384 3302 441 3354 δὲ
464 3304 556 3354 καὶ
580 3301 737 3370 ἑτέρα
764 3299 989 3370 διαφορὰ
1007 3299 1111 3351 τῶν
1133 3298 1312 3367 βιαίως
1338 3295 1745 3366 ἀφαιρουμένων

1852 3299 2112 3367 ιυαίιτυριὶ
2138 3298 2485 3352 retributione
2508 3298 2665 3351 etiam
2690 3298 3043 3363 infamantur;
3077 3301 3167 3368 qui
3193 3311 3369 3355 autem

195 3394 496 3465 πράγματα
518 3388 737 3445 καὶτῶν
774 3392 913 3444 κατὰ
943 3390 1102 3458 φόϐον
1133 3388 1504 3460 λαμϐανόντων
1546 3405 1597 3439 τι
1635 3386 1744 3439 ἀπό

1852 3398 2029 3440 netum
2072 3387 2385 3451 intulerunt,
2434 3385 2489 3439 in
2520 3387 2914 3441 existimatione
2959 3398 3159 3443 tantum
3198 3390 3369 3444 labem

195 3499 342 3545 τινος
366 3498 379 3513 ⁸
406 3482 455 3533 οί
485 3482 579 3551 μὲν
602 3482 709 3550 γάρ
734 3482 973 3551 ἅρπαγες
1016 3482 1110 3532 σὺν
1149 3482 1214 3549 τῇ
1250 3478 1497 3531 ἀποδόσει
1534 3475 1626 3529 τοῦ
1654 3493 1745 3529 τε·

1852 3474 2068 3543 tliquam
2095 3476 2437 3530 contrahunt.

196 3570 440 3641 τραπλώ
478 3571 571 3622 καὶ
616 3568 954 3639 ἀτιμοῦνται·
999 3571 1046 3622 οί
1084 3569 1138 3624 δὲ
1184 3567 1341 3637 φόϐον
1364 3565 1747 3633 ἐπαγαγόντες,

201 3660 515 3714 σπιλοῦνται
545 3661 700 3730 μόνον
726 3659 862 3713 κατὰ
886 3659 980 3729 τὴν
1008 3657 1288 3726 ὑπόληψιν.

1130 399 1204 459 1N
1239 399 1473 461 El‘lS’l‘.
1506 402 1561 462 S.
1594 401 1972 461 GllEGORll
2033 399 2459 459 NEOC/ESAR.

278 3750 518 3801 ΖΩΝΑΡ.
547 3750 612 3801 Οἵ
638 3765 777 3810 τινες
805 3748 859 3800 δὲ
886 3747 1114 3816 ἐπῆλθον
1139 3746 1307 3809 οῐκοις
1330 3745 1618 3817 ἀλλοτρίοις
1659 3746 1750 3807 καὶ

199 3840 455 3908 ἥρπασαν
482 3837 684 3891 ἐκεῖθεν
716 3839 980 3908 χρήματα,
1022 3830 1183 3902 οὗτοι,
1215 3837 1395 3905 φησὶν,
1416 3838 1464 3889 εί
1482 3842 1600 3907 μὲν,
1619 3854 1748 3890 κατ-

203 3927 565 3999 ηγορηθὲντες
625 3928 717 3981 καὶ
757 3927 1101 3998 ἀρνούμενοι,
1156 3926 1514 3995 ἐλεγχθῶσιν,
1555 3928 1751 3996 ὁμοίως

202 4023 319 4083 τοῖς
341 4020 759 4090 ,προειρημένοις
777 4020 868 4073 καὶ
896 4020 993 4088 τῆς
1019 4018 1326 4089 ἀκροάσεως
1352 4017 1749 4079 κωλυέσθωσαν,

206 4111 303 4162 καὶ
338 4110 474 4179 μετά
505 4110 612 4161 τῶν
639 4109 1066 4179 προσκλαιόντων
1092 4107 1457 4177 τετάχθωσαν·
1487 4108 1534 4159 εί
1555 4105 1611 4159 δὲ
1636 4107 1753 4158 ἐαυ-

204 4198 339 4260 τοὺς
368 4188 671 4261 ἔξείπωσιν,
696 4198 729 4267 ἢ
757 4196 859 4267 πρὸ
890 4196 979 4249 τοῦ
1024 4197 1460 4267 κατηγορηθῆναι
1507 4194 1756 4265 ὁμολογή-

210 4302 378 4339 σωσιν
406 4286 755 4355 ἀγνοούμενον
775 4286 835 4338 τὸ
856 4287 1168 4355 ἁμάρτημα,
1189 4287 1280 4337 καὶ
1301 4284 1586 4337 ἀποδοῖενά
1608 4282 1748 4351 ἀφεί-

208 4379 382 4441 λοντο,
409 4379 644 4431 ἔστωσαν
671 4379 726 4430 ὲν
758 4380 867 4439 τοῖς
894 4377 1317 4447 ὑποστρέφουσιν
1346 4375 1451 4428 ἀπὸ
1469 4374 1754 4445 ἁμαρτίας,

1904 3753 2100 3809 Zona.
2131 3755 2232 3821 Qui
2255 3770 2379 3810 vero
2397 3756 2597 3810 alienas
2623 3754 2812 3809 domos
2845 3753 3152 3808 imlaserunt
3184 3769 3377 3823 resque

1838 3848 1959 3901 inde
1992 3849 2316 3916 surripuere,
2366 3848 2461 3911 illi,
2497 3847 2687 3915 inquit,
2721 3847 2766 3901 si
2794 3847 3007 3914 quidem
3034 3847 3267 3899 accusati
3313 3862 3377 3899 ac

1839 3944 2188 4004 pernegantes
2229 3937 2454 3991 convicti
2498 3936 2713 4002 fuerint,
2744 3952 2865 3991 cum
2911 3935 2976 3988 iis
3018 3936 3217 4001 pariter
3241 3950 3378 4001 quos

1840 4043 2000 4096 supra
2034 4026 2268 4082 diximus
2304 4030 2370 4082 ab
2407 4029 2679 4082 auditione
2713 4041 2924 4096 quoque
2964 4026 3378 4094 prohibeantur,

1840 4126 1999 4185 atque
2023 4117 2075 4170 in
2099 4117 2337 4171 ﬂentium
2363 4119 2603 4171 ordinem
2634 4119 2967 4185 relegentur;
2998 4117 3080 4171 sin
3112 4126 3287 4170 autem
3323 4131 3381 4170 sc

1844 4208 1989 4274 ipsos
2017 4205 2342 4270 detexerint»,
2382 4216 2475 4260 aut
2517 4217 2640 4260 ante
2680 4207 3076 4261 accusationem
3110 4206 3380 4259 occultum

1844 4294 2045 4348 crimen
2075 4294 2305 4348 confessi
2335 4294 2553 4358 fuerint,
2580 4310 2771 4364 resque
2795 4295 2997 4348 ablatas
3025 4294 3381 4355 reddiderint,

1845 4382 2239 4436 constituantur
2284 4383 2338 4436 in
2383 4398 2569 4436 eorum
2598 4384 2784 4437 urdine
2814 4383 2965 4450 quia
3000 4390 3217 4449 peccato
3262 4397 3388 4435 con-

214 4470 460 4522 τουτέστι
483 4470 579 4539 τῆς
614 4469 815 4534 τάξεως
836 4467 941 4520 τῶν
962 4466 1386 4527 ὑποπιπτόντων,
1411 4465 1599 4528 οἵτινες
1631 4465 1756 4517 ὑπο-

1852 4478 2145 4533 vertuntur,
2189 4473 2290 4525 hoc
2327 4480 2430 4536 est,
2470 4472 2655 4525 ordine
2697 4472 3111 4534 substratorum,
3139 4470 3230 4537 Qui
3264 4484 3386 4522 cum

220 4560 563 4629 συνεύχονται
598 4560 693 4629 μὲν
717 4562 826 4620 τοῖς
852 4560 1055 4619 πιστοῖς
1098 4558 1351 4620 εἰσιόντες
1379 4557 1457 4620 εἰς
1491 4556 1579 4608 τὸν
1616 4556 1757 4621 ναὸν,

216 4652 526 4723 ἐξέρχονται
546 4651 602 4703 δὲ
631 4651 704 4712 ὡς
725 4652 774 4702 οἰ
808 4650 1037 4719 κατηχού
1046 4666 1209 4719 μενοι.

812 4741 1047 4794 ΚΑΝΩΝ
1098 4739 1171 4792 Θν.

294 4853 315 4885 ι
352 4833 486 4903 Περί
528 4832 634 4885 τῶν
680 4833 736 4883 ἐν
764 4831 839 4900 τῷ
884 4830 1105 4899 πεδίῳῆ
1154 4831 1209 4881 ὲν
1246 4830 1357 4889 τοῖς
1408 4826 1555 4887 ἰδίοις
1597 4826 1763 4886 οἴκοις

226 4942 246 4975 ι
281 4923 544 4994 εὑρόντων
587 4921 655 4974 τὰ
704 4921 807 4974 ὑπὸ
856 4920 961 4972 τῶν
1000 4918 1279 4989 βαρϐάρων
1328 4915 1756 4981 καταλειφθέντα.

226 5035 247 5067 ι
282 5016 423 5078 Τοὺς
446 5014 501 5066 δὲ
544 5015 600 5066 ἐν
650 5013 811 5081 πεδίῳ
839 5011 1089 5080 εὑρόντας
1134 5025 1185 5059 τι
1227 5008 1260 5077 ἢ
1301 5008 1357 5059 ὲν
1399 5009 1517 5067 ταῖς
1561 5004 1763 5056 ἑαυτῶν

230 5123 247 5154 ι
285 5105 484 5164 οἰκίαις
511 5100 858 5167 καταλειφθὲν
897 5098 998 5151 ὑπὸ
1041 5097 1148 5149 τῶν
1188 5094 1500 5164 βαρϐάρων,
1530 5093 1622 5143 ὲάν
1670 5092 1762 5160 μὲν

232 5211 250 5241 ι
288 5189 749 5260 κατηγορηθέντες
793 5185 1112 5254 ἐλεγχθῶσιν
1133 5223 1147 5245 ,
1176 5184 1371 5252 ὁμοίως
1402 5183 1457 5232 ὲν
1496 5184 1604 5243 τοῖς
1636 5182 1765 5232 ὑπο-

233 5299 251 5331 ι
293 5281 605 5331 πίπτουσιν·
639 5276 732 5329 ὲάν
771 5274 826 5327 δὲ
858 5274 1076 5333 ἑαυτοὺς
1102 5270 1354 5335 ὲξείπωσι
1383 5269 1472 5320 καὶ
1497 5266 1760 5329 ἀποδῶσι,

235 5390 253 5421 ι
292 5372 383 5422 καὶ
411 5369 507 5437 τῆς
536 5368 697 5436 εὑχης
725 5364 968 5427 ἀξιῶσαι.
1000 5380 1017 5412 ι

305 5460 491 5512 ΒΑΛΣ.
522 5459 745 5526 Εἰρηται
773 5452 986 5505 ὄπισθεν
1015 5450 1138 5519 περὶ
1168 5447 1273 5499 τῶν
1312 5448 1568 5513 λεγόντων
1595 5444 1766 5511 εὑρεῖν

231 5550 593 5619 ἀνεπιμὲ).ητα
626 5547 693 5596 τὰ
723 5544 827 5595 τῶν
872 5538 1400 5610 αἰχμαλωτισθέντων
1454 5535 1766 5604 πράγματα,

234 5643 326 5693 καὶ
355 5636 661 5691 ἰδιώσασθαι
691 5633 843 5686 αὑτά.
877 5632 983 5683 Καὶ
1023 5628 1116 5680 νῦν
1143 5629 1197 5679 δὲ
1240 5627 1522 5695 διορίζεται
1564 5628 1591 5676 6
1620 5626 1768 5690 ἅγιος

235 5733 359 5790 τοὺς
391 5732 446 5779 ἐν
473 5730 589 5786 ταῖς
617 5724 808 5779 οἰκίαις
833 5721 936 5772 τῶν
965 5716 1490 5787 αἰχμαλωτισθέντων
1518 5713 1765 5782 εὑρόντας

1850 4559 2092 4617 ﬁdelibus
2135 4561 2345 4628 quidem
2378 4570 2659 4629 precantur
2694 4561 2945 4628 templum
2974 4562 3252 4625 intrantes,
3289 4574 3391 4613 ca:-

1851 4658 2022 4703 terum
2048 4665 2194 4704 more
2218 4653 2719 4704 catechumenorum
2751 4650 3115 4719 egrediuntur.

2444 4740 2666 4794 GANON
2711 4740 2800 4795 IX.

1929 4848 1950 4883 ι
1984 4830 2055 4886 De
2086 4831 2151 4884 iis
2175 4831 2265 4899 qui
2288 4832 2341 4884 in
2373 4845 2499 4899 agro
2529 4832 2611 4884 vel
2636 4832 2689 4884 in
2712 4831 2915 4884 aedibus
2941 4831 3054 4885 suis
3094 4845 3179 4889 ea,
3210 4843 3328 4896 quae
3361 4843 3395 4881 α

1860 4937 1881 4972 ι
1925 4920 2169 4974 barbaris
2198 4922 2374 4974 relicta
2400 4931 2545 4982 sunt,
2584 4922 2919 4974 invenerunt.
2957 4918 3063 4972 Eos
3098 4918 3278 4971 autem
3300 4919 3396 4984 qui

1860 5027 1884 5063 ι
1925 5011 1981 5064 in
2016 5027 2202 5079 campo
2240 5011 2438 5079 aliquid
2488 5012 2825 5072 invenerunt,
2851 5010 2934 5063 vel
2975 5010 3028 5062 in
3056 5010 3171 5063 suis
3191 5009 3397 5061 aedibus

1861 5119 1885 5151 ι
1912 5088 1958 5153 ἀ
1989 5103 2227 5158 barbaris
2261 5103 2529 5164 relictum,
2562 5103 2609 5155 si
2642 5102 2876 5155 accusati
2907 5100 3120 5169 quidem
3168 5102 3397 5153 convicti

1864 5209 1883 5242 ι
1927 5191 2142 5256 fuerint,
2173 5195 2279 5247 sint
2304 5194 2551 5246 similiter
2575 5195 2712 5245 inter
2728 5208 2820 5245 eos
2842 5192 2930 5259 qui
2955 5192 3393 5254 substernuntur;

1866 5301 1886 5336 ι
1928 5284 2009 5337 sin
2039 5294 2215 5336 autem
2244 5299 2300 5337 se
2323 5285 2467 5351 ipsos
2496 5283 2779 5335 drtnleriut
2798 5292 2851 5336 et
2870 5280 3213 5345 reddiderint,
3238 5280 3397 5332 etiam

1867 5389 1886 5423 ι
1931 5372 2177 5439 precibus
2203 5372 2349 5441 digni
2389 5371 2706 5422 habeantur.
2756 5387 2772 5417 ι

1931 5456 2087 5511 Βλιε.
2135 5457 2341 5511 Dictum
2383 5469 2465 5511 est
2511 5456 2757 5524 superius
2782 5456 2846 5508 de
2875 5456 2941 5517 iis
2977 5454 3074 5521 qui
3120 5453 3305 5505 dicunt
3342 5468 3400 5504 se

1865 5546 2129 5599 invenisse
2145 5561 2227 5599 res
2239 5546 2570 5613 captivorum
2598 5544 2857 5611 neglectui
2884 5544 3114 5603 habitas,
3138 5550 3189 5592 et
3215 5556 3406 5593 earum

1863 5634 1964 5687 sibi
2008 5634 2382 5701 proprietatem
2407 5634 2729 5686 vindicasse.
2763 5632 2911 5685 Nunc
2960 5640 3134 5683 autem
3163 5629 3401 5681 decernit
3452 5680 3455 5681 ν

1865 5734 2104 5788 sanctus,
2122 5733 2213 5778 eos
2239 5725 2433 5792 quires
2467 5727 2796 5791 captivorum
2826 5724 2877 5775 in
2906 5720 3152 5775 domibus
3178 5720 3396 5776 iuvene-
