3998 6326
565 425 670 490 543

1812 417 1905 474 'I'll
1920 414 2079 473 EUU.
2127 413 2215 470 ΒΑ
2225 410 2519 472 LSAMON

3664 400 3782 469 ειι

562 569 705 624 runt,
731 567 910 626 utpote
937 571 1042 611 non
1081 571 1108 610 a
1148 554 1386 609 barbaris
1414 552 1636 612 ablatas,
1666 547 1744 602 vel
1773 548 1824 599 in
1850 546 1949 600 viis
1998 544 2080 598 ab-

2208 541 2522 611 πράγματα,
2542 538 2616 602 ὡς
2643 537 2714 609 μὴ
2751 536 2897 608 παρά
2925 536 3030 590 τῶν
3059 534 3341 608 βαρϐάρων
3371 533 3780 607 ἀφαιρεθὲντα,

554 650 737 716 jectas,
764 648 986 701 fortasse
1004 655 1213 715 propter
1230 644 1455 712 pondus,
1475 643 1715 694 inventas
1730 636 1940 706 quidem
1955 634 2092 689 bona

562 741 664 792 tide
697 740 1061 793 restituentes.
1093 737 1142 787 in
1163 733 1267 804 34
1286 733 1524 802 perferto
1546 732 1709 800 gradu
1741 739 1883 783 stare
1915 726 2116 781 debere

565 838 684 875 cum
707 822 970 874 ﬁdelibus.
987 822 1078 875 Sin
1099 833 1272 874 autem
1293 816 1868 875 condemnatifuerint,
1891 814 2111 869 colloca-

564 913 610 965 ri
627 927 750 965 cum
770 913 834 964 iis
851 913 940 981 qui
959 913 1401 974 substernuntur,
1419 909 1622 964 scilicet
1637 907 1817 977 egredi
1832 921 1952 961 cum
1974 917 2115 959 cate-

563 1000 862 1052 chumenis.
881 995 1000 1049 llch
1016 1011 1135 1048 cum
1161 996 1228 1048 ita
1253 1011 1306 1048 se
1332 996 1580 1058 babeant,
1603 995 1794 1046 dixerit
1811 994 2096 1061 quispiam,

563 1108 654 1145 eos
689 1092 764 1144 sic
794 1091 986 1158 puniri,
1018 1091 1106 1156 qui
1142 1104 1236 1156 pro
1265 1105 1321 1141 re
1350 1087 1561 1140 inventa
1595 1088 1918 1140 restituenda
1970 1099 2098 1139 eon-

565 1181 956 1233 (lemnationcm
1001 1186 1334 1244 exspectant,
1377 1167 1494 1229 es'se
1524 1177 1880 1244 justissimum
1905 1215 1920 1238 ,
1959 1189 2098 1244 quo-

567 1271 711 1322 niam
743 1268 869 1320 l'urti
898 1282 1108 1334 quoque
1141 1265 1349 1318 actione
1378 1275 1656 1328 tenentur,
1688 1264 1980 1320 secundum
2021 1265 2098 1318 le-

567 1374 704 1426 gem,
734 1371 852 1424 quae
885 1357 1046 1409 dicit:
1076 1354 1182 1406 Fur
1205 1362 1286 1406 est
1308 1354 1397 1420 qui
1427 1370 1534 1407 rem
1560 1355 1785 1407 alienam
1809 1359 2101 1407 contrectat

569 1456 756 1514 praeter
786 1446 986 1497 domini
1016 1444 1363 1506 voluntatem,
1409 1446 1582 1496 sciens
1605 1444 1654 1495 id
1693 1443 1766 1495 illi
1818 1443 2098 1495 molestum

565 1551 702 1589 esse.
733 1536 865 1588 Cum
897 1534 1138 1586 lidclibus
1159 1543 1334 1585 autem
1361 1533 1676 1593 consistere,
1703 1541 1755 1584 et
1790 1546 2098 1585 sacramen-

569 1624 636 1676 tis
689 1632 892 1675 tantum
919 1637 1022 1674 non
1057 1621 1261 1689 dignari
1287 1637 1408 1673 cum
1437 1622 1527 1688 qui
1555 1636 1611 1673 se
1638 1621 1808 1688 ipsum
1833 1621 2096 1683 detulerit,

567 1723 618 1765 et
643 1713 804 1779 probe
823 1725 932 1763 rem
960 1712 1224 1762 inventam
1249 1709 1469 1770 dederit,
1498 1726 1690 1762 novum
1717 1720 1828 1772 est;
1859 1719 1937 1763 est
1959 1710 2100 1763 enim

570 1802 748 1868 potius
781 1799 1112 1851 Eucliaristia
1137 1799 1347 1865 dignus,
1372 1807 1427 1851 ut
1447 1800 1536 1866 qui
1563 1814 1671 1853 rem
1702 1799 1894 1866 captivi
1923 1813 2102 1851 serva-

2202 632 2236 702 ῆ
2267 631 2357 685 καὶ
2389 630 2528 684 κατά
2554 628 2649 692 τὰς
2694 629 2843 690 ὁδοὺς
2884 627 3120 698 ῥιφέντα,
3157 629 3241 682 διά
3273 630 3334 682 τὸ
3367 630 3528 701 βάρος
3562 628 3774 697 τυχὸν,

2204 721 2674 781 ἀποκαθιστῶντας
2705 718 2800 788 μὲν
2843 717 3191 786 εὐγνωμόνως
3233 718 3298 772 τά
3339 719 3654 790 εὑρεθέντα,
3687 720 3780 779 εις

2203 813 2291 866 τδν
2336 812 2496 864 τόπον
2544 810 2787 863 ἵστασθαι
2830 809 2919 861 τὸν
2955 809 3151 862 τέλειον
3187 810 3320 880 μετά
3357 811 3462 863 τῶν
3504 809 3735 863 πιστῶν
3760 823 3774 837 ·

2171 925 2175 936 ·
2205 905 2251 956 εἰ
2279 902 2332 954 δὲ
2362 900 2810 960 καταδικασθῶσι,
2839 899 3123 952 τάττεσθαι
3154 901 3247 952 σὺν
3277 904 3386 963 τοῖς
3419 899 3777 953 ὑποπίπτου-

2206 1008 2308 1054 σιν,
2334 993 2496 1058 ἧγουν
2521 988 2831 1058 ὲξέρχεσθαι
2863 989 2994 1058 μετὰ
3023 989 3130 1041 τῶν
3161 990 3589 1058 κατηχουμένων.
3622 985 3780 1041 Τού-

2204 1099 2308 1136 των
2335 1080 2504 1143 οὕτως
2548 1081 2774 1149 ἐχόντων
2796 1120 2809 1143 ,
2840 1080 2980 1131 εἴποι
3021 1096 3124 1143 τις,
3153 1079 3227 1142 ὼς
3257 1079 3317 1131 τὸ
3361 1079 3496 1131 οὕτω
3530 1079 3778 1142 κολάζε-

2207 1172 2327 1224 σθαι
2366 1172 2491 1234 τοὺς
2526 1170 2886 1238 ἀναμένοντας
2938 1170 3230 1239 καταδίκην
3272 1170 3430 1240 χάριν
3471 1170 3776 1236 ἀντιστρο-

2207 1262 2309 1330 φῆς
2355 1262 2445 1313 τοῦ
2470 1260 2789 1330 εὐρέματος,
2820 1258 3148 1312 δικαιότατόν
3201 1262 3346 1311 ἐστιν
3371 1298 3384 1322 ,
3435 1259 3512 1310 ὅτι
3557 1257 3662 1309 καὶ
3698 1259 3773 1324 τῇ

2206 1351 2333 1420 περὶ
2373 1350 2576 1418 κλοπῆς
2598 1351 2794 1418 ἀγωγῇ
2826 1350 3128 1418 ἐνέχονται,
3162 1348 3300 1400 κατὰ
3347 1348 3433 1400 τὸν
3472 1347 3640 1415 νόμον
3673 1352 3777 1398 τὸν

2205 1441 2454 1507 λέγοντα·
2519 1439 2766 1510 κλέπτης
2824 1440 2967 1491 ἐστὶν
3020 1441 3048 1492 ὁ
3089 1438 3150 1490 τὸ
3194 1438 3465 1508 ἀλλότριον
3520 1439 3776 1508 πρᾶγμα

2204 1530 2463 1599 ψηλαφῶν
2495 1529 2643 1600 παρά
2673 1526 2891 1597 γνώμην
2925 1527 3018 1580 τοῦ
3047 1528 3301 1580 δεσπότου
3342 1529 3399 1579 ὲν
3437 1528 3635 1596 εἰδήσει
3667 1525 3774 1579 τοῦ

2205 1620 2440 1688 λυπῆσαι
2481 1619 2660 1671 αὐτόν.
2697 1619 2770 1671 Τὸ
2799 1619 2855 1670 δὲ
2897 1617 3240 1670 συνίστασθαι
3271 1619 3380 1679 τοῖς
3404 1618 3632 1679 πιστοῖς,
3671 1616 3775 1668 καὶ

2208 1710 2365 1774 μόνον
2401 1711 2473 1780 μὴ
2517 1707 2793 1773 ἀξιοῦσθαι
2830 1709 2886 1762 δὲ
2927 1709 3034 1761 τῶν
3083 1708 3432 1777 ἀγιασμάτων
3468 1707 3552 1760 τὸν
3584 1722 3775 1776 repos-

2205 1800 2528 1867 αγγείλαντα
2553 1799 2742 1850 ἑαυτὸν
2761 1799 2853 1850 xui.
2880 1799 3227 1867 εὐγνωμόνως
3253 1798 3408 1851 δόντα
3436 1798 3493 1849 τὸ
3523 1797 3769 1866 εὕρεμα,

572 1890 725 1948 verit.
757 1898 810 1942 et
839 1892 1006 1955 ipsam
1031 1889 1341 1941 restituerit.
1382 1887 1447 1940 Et
1489 1889 1606 1941 ideo
1629 1889 1809 1941 dicunt
1837 1888 2100 1954 nonnulli,

2208 1893 2386 1944 καινόν
2420 1893 2594 1942 ἐστιν·
2627 1888 2771 1952 ἄξιος
2803 1887 2910 1958 γάρ
2958 1887 3150 1956 μάλλον
3188 1888 3541 1957 Εὑχαριστίας
3581 1887 3768 1946 ἐστὶν,

571 1994 692 2031 cum
717 1978 960 2031 ﬁdelibus
984 1979 1404 2041 consistentiam,
1420 1988 1875 2032 sacramentorum
1893 1991 2102 2046 quoque

574 2072 1024 2138 participationem
1057 2072 1215 2124 tacite
1250 2071 1521 2138 consequi.

644 2339 836 2393 ZONAB.
874 2336 1112 2398 Barbari.
1141 2354 1259 2391 cum
1314 2339 1756 2406 depopularentur
1805 2339 2102 2407 regionem,

577 2446 661 2485 res
693 2431 950 2497 quasdam
1009 2439 1334 2496 rapuerunt;
1394 2444 1621 2496 moxque
1674 2429 1753 2480 vel
1780 2428 1918 2481 obvii
1980 2427 2105 2481 facti

578 2522 910 2580 melioribus,
939 2521 1016 2572 vel
1043 2522 1243 2588 gravati
1271 2521 1519 2588 pondere,
1537 2536 1656 2574 eum
1681 2535 1799 2586 qua:
1823 2525 2110 2586 rapuerant.

581 2611 718 2663 ferre
744 2611 960 2662 minime
1000 2619 1237 2676 possent,
1270 2610 1462 2676 partim
1490 2625 1584 2676 per
1610 2624 1824 2676 campos
1846 2608 2103 2676 abiecere,

579 2695 768 2761 partim
825 2695 875 2746 in
910 2695 1210 2762 aliquorum
1269 2697 1489 2758 milibus,
1543 2697 1593 2748 in
1646 2697 1840 2763 quibus
1889 2697 2106 2749 meliora

579 2784 708 2836 forte
737 2793 1059 2850 repererant,
1089 2785 1399 2850 deposuere.
1457 2784 1769 2852 Quicunque
1804 2785 1982 2853 igitur,
2019 2785 2104 2837 in-

578 2874 711 2939 quit,
741 2883 828 2925 aut
862 2874 912 2923 in
937 2873 1138 2939 campis
1171 2883 1261 2926 aut
1305 2875 1366 2932 in
1393 2875 1503 2927 suis
1552 2875 1794 2928 domibus
1815 2875 1992 2939 aliqua
2021 2873 2105 2925 in-

581 2962 946 3023 venerunt,i|li
973 2963 1014 3014 si
1050 2964 1263 3028 quidem
1296 2964 1527 3016 accusati
1554 2971 1605 3015 et
1636 2964 1859 3016 convicti
1890 2961 2106 3023 fuerint,

581 3052 716 3102 inter
736 3065 828 3102 eos
851 3050 940 3117 qui
959 3051 1374 3103 substernuntur
1399 3051 1570 3103 locum
1593 3051 1871 3118 accipiant.
1901 3048 1957 3102 Si
1983 3063 2108 3101 vero

2205 1981 2280 2045 ὡς
2322 1981 2382 2034 τὸ
2413 1982 2641 2050 πρᾶγμα
2692 1977 2784 2031 τοῦ
2833 1977 3346 2047 αἰχμαλωτισθέντος
3373 1977 3608 2045 φυλάξας
3669 1976 3773 2028 καὶ

2206 2070 2656 2138 ἀποκαταστήσας
2685 2067 2833 2120 αὑτό.
2869 2067 2958 2118 Διὸ
2985 2067 3077 2119 καὶ
3110 2066 3323 2133 λέγουσί
3347 2083 3490 2128 τινες
3523 2065 3771 2118 συνέπε-

2210 2159 2327 2212 σθαι
2363 2161 2428 2228 τῇ
2465 2159 2600 2229 μετά
2647 2157 2754 2210 τῶν
2797 2157 2997 2208 πιστῶν
3043 2159 3325 2220 συστάσει,
3372 2157 3464 2210 καὶ
3507 2155 3602 2225 τὴν
3654 2155 3774 2208 τῶν

2209 2248 2555 2318 ἁγιασμάτων
2591 2247 2799 2317 μέθεξιν
2833 2247 3139 2318 σιωπηρῶς.

2278 2339 2514 2391 ΖΩΝΑΡ.
2562 2339 2625 2390 Ol
2659 2338 2945 2407 βάρϐαροι,
2991 2336 3369 2406 λεηλατοῦντες
3409 2336 3503 2406 τὴν
3546 2335 3766 2407 χώραν,

2207 2429 2446 2499 ἥρπαζον
2501 2429 2823 2498 πράγματα’
2875 2429 2966 2480 καὶ
3020 2428 3053 2496 ἢ
3102 2427 3370 2496 κρείττοσι
3417 2428 3548 2496 μετά
3588 2429 3768 2481 ταῦτα

2210 2520 2637 2588 ἐντυγχάνοντες,
2659 2520 2699 2588 ἦ
2729 2518 2812 2571 διὰ
2845 2519 3004 2590 βάρος
3035 2518 3109 2588 μὴ
3137 2519 3413 2587 δυνάμενοι
3444 2519 3629 2589 φέρειν
3663 2520 3769 2571 ὅσα

2209 2610 2476 2678 ἥρπασαν,
2511 2609 2578 2660 τὰ
2612 2610 2704 2678 μὲν
2749 2611 2805 2661 ὲν
2834 2609 2908 2677 τῷ
2940 2609 3101 2678 πεδίῳ
3147 2608 3428 2678 ἔρριπτον,
3464 2609 3532 2662 τὰ
3561 2610 3616 2662 δὲ
3668 2611 3768 2662 καὶ

2208 2699 2265 2748 ὲν
2307 2699 2497 2760 οἰκίαις
2545 2699 2738 2762 τινῶν,
2786 2700 2841 2750 ὲν
2889 2693 2973 2761 αἷς
3027 2697 3152 2762 ἴσως
3196 2700 3444 2752 καλλίονα
3485 2698 3763 2770 εὕρισκον.

2212 2789 2361 2840 Ὅσοι
2409 2788 2568 2856 γοῦν,
2623 2790 2814 2856 φησὶν,
2861 2784 3010 2858 εὗρόν
3055 2806 3174 2842 τινα
3218 2794 3274 2844 ὲν
3311 2791 3388 2859 τῷ
3439 2790 3598 2858 πεδίῳ
3633 2789 3669 2859 ἢ
3705 2790 3766 2840 εν

2209 2881 2326 2939 ταῖς
2358 2879 2563 2930 ἑαυτῶν
2616 2878 2847 2940 οἰκίαις,
2898 2873 3072 2941 οὗτοι,
3103 2881 3150 2930 εἰ
3206 2880 3299 2947 μὲν
3346 2878 3767 2950 κατηγορηθῶσι

2212 2967 2302 3018 καὶ
2334 2967 2644 3035 ἐλεγχθῶσι,
2685 2967 3055 3019 ταττέσθωσαν
3098 2971 3153 3021 ὲν
3182 2972 3292 3030 τοῖς
3334 2969 3757 3021 ὑποπίπτουσιν·

2213 3054 2305 3106 ὲάν
2356 3055 2411 3106 δὲ
2468 3055 2689 3117 ἑαυτοὺς
2738 3056 3200 3125 προσαγγείλωσι,
3259 3058 3349 3109 xui.
3401 3057 3667 3109 ἀποδῶσιν
3728 3056 3766 3109 ἃ

580 3155 636 3192 se
669 3140 812 3206 ipsos
840 3139 1146 3225 detulerint,
1172 3154 1232 3192 ac
1255 3154 1315 3191 ea
1347 3155 1465 3206 quae
1489 3142 1735 3192 invenere
1765 3138 2105 3203 reddiderint,

2213 3138 2400 3214 εὖρον,
2451 3146 2672 3214 καὶτῆς
2719 3147 2879 3215 εὐχῆς
2926 3147 3324 3212 ἀξιούσθωσαν·
3382 3147 3544 3216 ἤγουν
3594 3147 3759 3216 μέχρι

584 3229 888 3296 precatione
918 3244 1130 3296 quoque
1151 3228 1296 3297 digni
1329 3229 1624 3282 habeantur
1653 3247 1664 3280 :
1701 3228 1798 3282 hoc
1824 3237 1922 3290 est,
1951 3227 2014 3280 ad
2041 3226 2106 3280 li-

584 3332 702 3368 nem
728 3331 893 3382 usque
923 3319 1246 3384 precationis
1276 3333 1396 3372 cum
1428 3317 1670 3371 ﬁdelibus
1695 3319 2012 3382 consistant,
2044 3330 2108 3371 ac

584 3418 610 3454 a
647 3412 828 3455 sancta
863 3404 1237 3456 communione
1286 3404 1654 3456 tantummodo
1683 3410 1995 3464 arceantur;
2022 3400 2105 3452 vi-

583 3490 767 3542 delicet
810 3491 1103 3555 usquedum
1142 3491 1504 3558 paenitentiam
1549 3490 1978 3557 ostenderint,et
2007 3488 2107 3541 bac

584 3594 795 3647 quoque
818 3578 961 3648 digni
994 3580 1385 3633 existimentur.

1182 3667 1404 3722 CANON
1436 3668 1501 3721 Χ.

657 3777 674 3808 ι
719 3758 823 3812 Eos
854 3766 1028 3812 autem
1061 3757 1148 3825 qui
1181 3767 1396 3812 servant
1422 3759 1686 3824 mandata,
1734 3759 1934 3827 absque
1965 3756 2110 3810 omni

588 3868 604 3897 ε
649 3849 787 3916 turpi
837 3849 988 3900 lucro
1016 3862 1228 3900 servare
1257 3857 1495 3914 oportet;
1549 3863 1646 3900 nec
1677 3847 1854 3900 indicii
1888 3847 1968 3898 vel
2012 3861 2110 3900 cu-

586 3957 605 3988 (
646 3938 849 4001 stodize,
891 3936 970 3988 vel
1012 3935 1333 3987 inventionis
1362 3936 1610 4003 pretium,
1657 3935 1737 3989 vel
1792 3949 2112 4005 quocunque

587 4045 608 4078 ε
653 4027 866 4080 nomine
896 4025 996 4078 hoc
1035 4025 1316 4091 appellant,
1347 4025 1634 4092 exigentes.
1679 4042 1696 4074 ι

650 4115 808 4168 llus.
835 4115 965 4166 Cum
1007 4113 1310 4166 admisisset
1343 4123 1559 4166 sanctus
1583 4113 1774 4166 bonam
1807 4126 1992 4166 eorum
2018 4127 2131 4165 vo--

585 4209 861 4265 luntatem,
885 4203 972 4268 qui
1007 4215 1062 4253 se
1093 4199 1238 4266 ipsos
1262 4201 1564 4253 detulerunt
1608 4208 1660 4253 et
1714 4201 1987 4254 inventum
2015 4200 2108 4254 be-

585 4292 770 4346 nevole
791 4291 1157 4348 reddiderunt,
1179 4289 1378 4356 adjicit,
1398 4292 1537 4358 quod
1562 4291 1603 4344 si
1633 4289 1668 4342 ii
1695 4289 1853 4343 velint
1879 4285 2110 4340 mandati

587 4382 674 4435 Dei
700 4382 1070 4434 observatores
1094 4378 1284 4441 videri,
1315 4381 1508 4433 debent
1531 4381 1730 4447 absque
1760 4380 1948 4448 quovis
1973 4374 2112 4445 turpi

586 4470 735 4523 lucro
764 4487 874 4523 rem
913 4472 1178 4524 inventam
1212 4470 1448 4523 reddere.
1491 4469 1770 4522 Deﬁnitum
1806 4478 1979 4521 autem
2008 4473 2108 4531 est,

583 4573 688 4612 non
724 4561 930 4628 exigere
957 4572 1200 4629 oportere
1229 4575 1348 4614 eum
1380 4559 1471 4627 qui
1515 4559 1736 4620 invenit,
1786 4558 1850 4611 ab
1906 4572 1969 4610 eo
2019 4557 2109 4625 qui

583 4648 824 4714 captivus
863 4648 983 4712 fuit,
1006 4650 1085 4703 vel
1110 4649 1312 4713 indicii,
1343 4649 1418 4701 vel
1446 4648 1720 4710 custodiae,
1749 4647 1826 4700 vel
1853 4646 2113 4700 inventio-

586 4737 668 4788 nis
692 4737 939 4803 pretium,
973 4739 1050 4790 vel
1082 4739 1278 4805 aliquid
1303 4739 1474 4800 aliud;
1516 4753 1578 4790 eo
1612 4737 1754 4804 quod
1780 4751 1882 4788 non
1921 4751 1982 4789 ex
2018 4751 2108 4789 ne-

585 4827 837 4894 gligentia
868 4827 1230 4887 dominorum,
1256 4828 1338 4879 vel
1357 4828 1515 4880 etiam
1554 4825 1770 4878 fortuito
1804 4841 1889 4879 res
1916 4826 2108 4878 amissa

584 4917 676 4979 sit,
708 4916 797 4968 sed
844 4931 1032 4983 magna
1065 4917 1364 4968 calamitate
1395 4923 1445 4966 et
1475 4914 1752 4967 barbarica
1784 4912 2108 4966 incursione.

584 5004 686 5069 Qui
730 5006 869 5058 enim
908 5023 989 5060 res
1021 5007 1356 5061 dominorum
1402 5003 1715 5070 negligentia
1763 5002 1843 5054 vel
1895 5000 2112 5053 fortuito

587 5097 817 5162 perditas
847 5096 1160 5149 invenerunt
1202 5105 1253 5149 et
1295 5111 1386 5148 eas
1426 5094 1744 5156 restituunt,
1794 5087 2112 5144 inventionis

585 5187 812 5253 pretium
839 5195 982 5238 recte
1011 5187 1248 5251 exigunt,
1278 5184 1720 5252 quemadmodum
1748 5183 1848 5234 boc
1878 5195 1938 5233 ex
1985 5179 2113 5246 legi-

588 5277 686 5329 bus
718 5277 962 5343 superius
993 5275 1180 5345 positis
1213 5283 1444 5343 apparet.

661 5453 855 5506 Zama.
887 5455 1018 5507 Cum
1050 5454 1112 5506 iis
1142 5453 1231 5520 qui
1275 5467 1380 5503 rem
1409 5451 1630 5504 alienam
1675 5467 1701 5503 a
1746 5466 1802 5502 se
1847 5449 2105 5501 inventam

586 5543 931 5604 denuntiant,
981 5545 1255 5611 benignius
1303 5545 1555 5612 age-mlum
1609 5559 1724 5596 esse
1779 5543 1854 5593 vir
1898 5547 2108 5595 sanctus

677 5704 787 5771 (δῖ)
829 5707 895 5757 Τὸ
931 5707 962 5758 εὶ
989 5712 1000 5755 ἰ
1027 5708 1256 5771 ίεὲτίίον.
1293 5706 1474 5760 SCIibe
1512 5707 1612 5758 τῶν
1643 5707 1938 5775 aiio-4mm

2209 3234 2394 3298 τέλους
2450 3235 2561 3304 τῆς.
2622 3236 2786 3304 εὐχῆς
2840 3237 3306 3305 συνεστηκέτωσαν
3355 3239 3464 3300 τοῖς
3510 3239 3718 3297 πιστοῖς
3744 3275 3759 3297 ,

2214 3324 2377 3394 μόνης
2436 3326 2534 3393 τῆς
2582 3325 2742 3392 ἁγίας
2807 3326 3152 3396 μεταλήψεως
3194 3327 3543 3396 κωλυόμενον
3591 3326 3763 3395 ἤγουν

2215 3414 2401 3485 μέχρις
2431 3416 2494 3470 ἂν
2529 3415 2819 3486 μετάνοιαν
2841 3417 3227 3482 ἐπιδείξωνται,
3251 3417 3344 3472 καὶ
3366 3417 3562 3486 ταύτης
3593 3416 3761 3480 ἀξιω-

2212 3503 2365 3558 θῶσι.

2821 3667 3050 3719 ΚᾹΝΩΝ
3091 3669 3144 3718 ι’.

2289 3772 2307 3805 ι
2348 3754 2482 3817 Τοὺς
2512 3755 2568 3807 δὲ
2616 3755 2712 3825 τὴν
2754 3755 2965 3825 ἐντολὴν
3005 3753 3338 3825 πληροῦντας
3378 3754 3531 3816 ἐκτὸς
3575 3751 3757 3822 πάσης

2219 3861 2237 3894 ι
2276 3845 2710 3914 αἰσχροκερδείας
2741 3845 2974 3915 πληροῦν
3000 3846 3098 3906 δεῖ,
3132 3847 3266 3916 μήτε
3313 3847 3550 3917 μήνυτρα
3578 3846 3609 3917 ἢ
3643 3844 3758 3899 σῶ-

2217 3951 2237 3984 ι
2278 3950 2438 4002 στρα,
2470 3935 2500 4004 ἢ
2532 3934 2756 4005 εῦρετρα
2780 3973 2794 3998 ,
2829 3936 2860 4004 ἢ
2910 3930 2953 4003 ᾦ
2991 3936 3209 4005 ὀνόματι
3255 3935 3423 3988 ταῦτα
3471 3935 3753 4000 καλοῦσιν,

2225 4041 2241 4075 ι
2279 4024 2653 4086 ἀπαιτοῦντας.
2685 4043 2700 4074 ι

2283 4113 2472 4166 ΒΑΛΣ.
2507 4114 2918 4180 Ἀποδεξάμενος
2941 4112 3033 4181 τὴν
3063 4110 3435 4179 ἀγαθοθέλειαν
3457 4111 3563 4164 τῶν
3594 4125 3759 4169 προσ-

2214 4203 2573 4269 άγγειλάντων
2630 4204 2850 4265 ἑαυτοὺς
2906 4204 2997 4254 καὶ
3054 4201 3350 4254 ἀποδόντων
3407 4202 3759 4269 εὐγνωμονως

2213 4292 2273 4344 τὸ
2305 4291 2543 4362 εὕρεμα,
2575 4292 2920 4364 προστίθησιν
2966 4291 3190 4356 ὁ-,ἆγιος
3214 4329 3228 4352 ,
3271 4290 3376 4353 ὡς,
3422 4293 3467 4342 εἰ
3517 4290 3758 4344 θέλουσιν

2213 4378 2356 4436 οῦτοι
2401 4383 2704 4452 λογισθῆναι
2752 4383 3027 4452 πληρωταὶ
3063 4382 3158 4450 τῆς
3202 4381 3418 4450 ὲντολῆς
3469 4382 3559 4433 τοῦ
3598 4386 3755 4446 Genu.

2154 4460 2192 4514 θ
2215 4473 2481 4541 ὀφείλουσι
2540 4473 2704 4544 χωρὶς
2751 4471 2972 4541 αἰσχροῦ
3019 4471 3238 4540 κέρδους
3273 4471 3381 4522 οἴου
3404 4471 3465 4541 δή
3489 4487 3626 4533 τινος
3657 4469 3756 4539 τὴν

2216 4562 2461 4614 ἀπόδοσιν
2492 4560 2583 4612 τοῦ
2620 4561 2911 4630 εὑρέματος
2941 4563 3128 4611 ποιεῖν.
3168 4559 3379 4628 Ὠρίσθη
3409 4559 3464 4612 δὲ
3487 4559 3561 4629 μὴ
3593 4559 3754 4612 ἀπαι-

2213 4652 2418 4705 τεῖσθαι
2468 4650 2614 4720 παρὰ
2669 4649 2759 4700 τοῦ
2816 4650 3100 4718 εὐρηκότος
3151 4649 3213 4699 ὲκ
3275 4647 3364 4700 τοῦ
3426 4648 3618 4720 μέρους
3660 4645 3755 4701 τοῦ

2217 4737 2557 4808 αἰχμαλώτου
2594 4739 2835 4807 μήνυτρα
2878 4739 2909 4806 ἦ
2944 4738 3155 4808 σῶστρα
3183 4738 3214 4807 ἦ
3245 4736 3509 4808 εῦρετρα,
3557 4739 3587 4808 ἦ
3629 4739 3754 4792 ἄλλο

2215 4844 2288 4888 τι,
2315 4826 2400 4880 διά
2425 4827 2485 4879 τὸ
2522 4827 2592 4896 μὴ
2625 4826 2681 4892 ἑξ
2716 4827 2966 4895 ἀμελείας
3005 4827 3112 4878 τῶν
3153 4825 3420 4879 δεσποτῶν
3466 4827 3498 4896 ἢ
3541 4829 3634 4882 καὶ
3659 4845 3742 4881 τυ-

2216 4919 2380 4987 χαίως
2406 4917 2650 4982 γενέσθαι
2679 4916 2772 4986 τὴν
2794 4915 3081 4978 ἀπώλειαν,
3105 4915 3237 4969 ἀλλὰ
3265 4917 3370 4968 ἀπὸ
3391 4919 3752 4988 περιστάσεως

2221 5007 2455 5076 μεγάλης
2495 5009 2586 5059 καὶ
2629 5007 2923 5076 ἐπιδρομῆς
2965 5006 3314 5078 βαρϐαρικῆς.
3347 5009 3407 5062 Οί
3449 5009 3555 5079 γὰρ
3595 5009 3752 5081 εὑρημ-

2219 5098 2371 5160 κότες
2403 5099 2694 5166 πράγματα
2724 5097 2782 5161 εξ
2811 5098 3059 5166 ἀμελείας
3093 5098 3199 5151 τῶν
3233 5098 3495 5151 δεσποτῶν
3528 5098 3559 5168 ἢ
3592 5099 3752 5170 τύχης

2221 5189 2596 5249 ἀπολεσθὲντα,
2627 5190 2718 5242 καὶ
2741 5189 3202 5253 ἀωκαθιστῶντες
3231 5189 3418 5250 ταῦτα,
3445 5191 3754 5269 ἀπαιτοῦσιν

2222 5278 2464 5348 εὖρετρα,
2498 5277 2676 5340 καθὼς
2708 5279 2860 5331 τοῦτο
2887 5280 3226 5347 ἀναφαίνεται
3267 5280 3372 5332 ἀπὸ
3398 5279 3505 5331 τῶν
3541 5280 3754 5333 δπισθιν

2223 5368 2702 5436 κατατρωθέντων
2734 5367 2928 5435 νόμων.

2290 5458 2522 5509 ΖΩΝΑΡ.
2594 5458 2714 5520 Τοῖς
2770 5457 3079 5526 ὁμολογοῦσι
3129 5457 3189 5510 τὸ
3239 5457 3444 5528 εῦρεμα
3493 5459 3550 5510 τὸ
3610 5457 3750 5509 ἀλλό-

2223 5563 2364 5616 τριον
2419 5545 2524 5614 (3-1)
2577 5547 3100 5617 συγγνωμονέστερον
3154 5547 3477 5600 διατίθεσθαι
3529 5547 3556 5594 ι
3612 5546 3754 5612 ἅγιος
