3998 6326
652 350 750 412 55,7
1874 335 2571 400 'l‘llEOD.l’..\LS.~\.\lON
3755 328 3854 390 5-ἱὲ

654 461 952 519 Salvatoril
982 461 1155 518 nostri
1199 459 1466 531 grauiam,
1512 455 1860 522 depellamus,
1914 452 2199 521 simplicia!

2301 450 2553 517 ρέρε,διὰ
2581 447 2828 518 βραχέων
2881 446 2971 499 καὶ
3036 450 3131 516 τὴν
3193 443 3282 497 τοῦ
3340 443 3572 511 πονηροῦ
3631 441 3851 507 πλάνην

651 570 881 622 rumque
899 563 1132 608 mentem
1151 553 1550 607 conlirmemus.
1575 547 1761 601 Omnia
1780 545 1994 606 quidem
2011 546 2199 596 munda

2301 543 2638 608 ιπελάσωμεν
2683 541 2884 610 τῇ,τού
2922 539 3168 608 Σωτῆρος
3201 536 3562 606 ἡμῶιχᾶριτι,
3595 535 3706 586 καὶ
3754 533 3855 597 τὴν

650 649 860 702 Mundi:
885 648 901 678 ⁸
932 665 945 699 :
978 647 1069 700 sed
1114 645 1448 712 impurorum
1499 651 1610 696 tum
1662 637 1990 694 conscientia
2021 678 2035 699 ,
2090 646 2199 690 tum

2301 633 2384 686 τῶν
2421 631 2802 702 ἁπλουστέρων
2857 631 3082 699 γνώμην
3119 629 3480 698 στηρίξωμεν.
3511 624 3731 679 Πάντα
3758 624 3857 690 μὶν

653 744 846 791 autem
875 734 1052 789 omnia
1097 734 1369 786 immunda
1411 741 1554 786 sunt.
1597 717 1761 784 Miror
1787 740 1965 784 autem
1995 727 2192 783 diaboli

655 821 943 886 vafritiem,
971 824 1061 891 qui
1093 823 1302 876 tametsi
1328 821 1598 889 corruptio
1629 821 1848 888 lucsque
1866 827 1968 882 est,
1989 819 2193 888 cogita-

653 915 829 969 tiones
856 913 1089 983 suggerit
1116 915 1290 980 specie
1320 913 1532 980 quidem
1560 911 1787 980 puritate
1812 911 2014 978 plenas.
2039 908 2188 974 Quod

655 1005 765 1073 agit
807 1005 894 1058 ille
941 1005 1255 1056 insidiarum
1301 1004 1478 1071 potius
1528 1017 1726 1065 causa,
1779 1017 1938 1070 quam
1988 1000 2192 1067 experi-

657 1093 840 1146 menti.
873 1092 990 1156 Quo
1022 1092 1185 1155 enim,
1213 1103 1269 1144 ut
1295 1106 1454 1159 supra
1482 1092 1611 1154 dixi,
1643 1101 1850 1145 ascetas
1877 1107 1903 1142 ιι
1935 1098 2192 1143 consueta

656 1189 708 1233 et
738 1180 956 1233 salutari
984 1180 1326 1242 meditatione
1355 1187 1578 1238 aveztat,
1608 1187 1766 1246 atque
1810 1178 1906 1229 hac
1931 1176 1985 1228 in
2011 1189 2066 1228 re
2099 1190 2192 1227 su-

660 1271 833 1338 perior
861 1269 1078 1332 evadat,
1113 1269 1418 1336 hujusmodi
1447 1269 1690 1336 quaedam
1723 1269 2044 1328 insusurrat,
2076 1279 2194 1332 qua:

657 1359 790 1411 nihil
814 1359 932 1412 vitae
957 1357 1222 1412 commodi
1255 1357 1484 1410 all‘erunt
1511 1375 1524 1410 ι
1559 1358 1649 1410 sed
1677 1370 1844 1409 vanas
1874 1354 2194 1422 quas-tiones

657 1457 710 1501 et
743 1463 940 1515 nugas,
977 1463 1006 1500 a
1049 1447 1202 1500 nobis
1251 1461 1380 1500 sane
1424 1445 1797 1516 repudiandas.
1847 1444 1985 1510 Quid
2018 1444 2192 1506 enim,

656 1550 857 1604 quasso,
893 1537 1081 1590 dilecte
1106 1552 1168 1589 ac
1198 1537 1455 1610 piissime,
1505 1533 1706 1603 peccati
1753 1544 1842 1586 aut
1873 1534 2067 1601 impuri
2100 1547 2193 1585 na-

653 1624 814 1676 turali
851 1624 988 1678 inest
1017 1625 1394 1678 excremento?
1426 1624 1620 1692 Ecquis
1655 1624 1783 1675 vitio
1826 1631 2027 1675 vertere
2077 1621 2196 1673 velit

661 1727 931 1766 mucorem
959 1727 988 1765 e
1027 1711 1248 1765 naribus
1276 1712 1524 1780 ejectum,
1555 1711 1634 1764 vel
1663 1720 1815 1778 sputa
1847 1725 1940 1763 ore
1963 1707 2196 1762 emissa?

665 1803 860 1870 quibus
887 1803 1111 1870 plurima
1159 1817 1438 1870 possemus
1466 1802 1678 1862 addere,
1719 1801 1919 1855 ventris
1946 1801 2194 1854 nimirum

659 1905 1015 1956 excrementa,
1053 1909 1172 1961 qua:
1197 1893 1410 1946 animali
1436 1891 1499 1945 ad
1529 1893 1690 1944 vitam
1725 1890 2020 1944 necessaria
2050 1897 2194 1942 sunt.

657 1981 737 2033 Ad
770 1982 900 2044 haec,
929 1982 971 2034 si
1008 1981 1274 2034 hominem
1305 1995 1420 2033 esse
1447 1993 1700 2031 manuum
1736 1976 1824 2029 Dei
1849 1991 1982 2043 opus
2007 1991 2196 2029 secun-

658 2070 784 2122 dum
813 2069 1115 2137 Scripturas
1139 2072 1426 2132 credimus,
1455 2069 1722 2138 quomodo
1751 2082 1812 2118 ex
1847 2082 1978 2134 pura
2009 2075 2197 2133 poten-

658 2160 732 2211 tia
760 2174 894 2226 opus
936 2161 1354 2212 contaminatum
1386 2159 1598 2226 prodire
1629 2155 1827 2209 valuit?
1854 2153 1915 2208 Et
1944 2155 2016 2220 si,
2052 2163 2108 2207 ut
2142 2155 2194 2206 in

661 2247 879 2301 Actibus
907 2248 1272 2315 apostolorum
1315 2248 1527 2317 legitur,
1583 2261 1752 2314 genus
1792 2244 1882 2298 Dei
1930 2260 2118 2298 sumus
2153 2251 2194 2308 ',

661 2337 790 2390 nihil
821 2352 948 2392 sane
979 2339 1030 2391 in
1057 2338 1209 2391 nobis
1237 2339 1502 2406 impurum
1547 2339 1824 2392 habemus.
1869 2335 2017 2389 Tunc
2056 2335 2198 2389 enim

661 2426 834 2480 solum
865 2428 1224 2496 inquinamur,
1269 2443 1388 2482 cum
1420 2429 1634 2498 pessimi
1666 2429 1849 2482 odoris
1877 2442 2011 2494 opus
2031 2464 2045 2485 ,
2077 2441 2199 2494 pec-

661 2517 838 2563 catum
871 2513 1107 2575 scilicet,
1143 2528 1446 2581 Operamur.
1482 2514 1548 2568 At
1581 2529 1701 2569 cum
1736 2524 1922 2583 praeter
1959 2513 2202 2567 volunta-

663 2603 767 2646 tem
828 2597 1069 2651 naturale
1113 2601 1398 2667 quodpiam
1455 2611 1849 2656 excrementum
1917 2602 2195 2663 emittitur,

663 2689 791 2736 tunc
835 2693 1040 2739 natura:
1078 2690 1432 2752 necessitate,
1480 2700 1538 2744 ut
1579 2707 1737 2759 supra
1787 2692 1990 2745 diximu
2039 2731 2052 2755 ,
2091 2691 2201 2745 hanc

662 2787 783 2826 cum
817 2776 1019 2830 caeteris
1069 2777 1375 2832 toleramus.
1435 2778 1535 2833 Sed
1571 2783 1692 2848 quia
1738 2782 1802 2845 ii,
1850 2783 2044 2849 quibus
2094 2795 2201 2833 una

663 2862 828 2928 probe
876 2864 1052 2928 dictis,
1085 2865 1192 2918 imo
1236 2882 1265 2920 a
1313 2866 1422 2922 Deo
1465 2870 1629 2938 gestis
1676 2870 1835 2923 rebus
1870 2868 2200 2938 repugnandi

667 2951 804 3005 inest
832 2969 992 3019 cura,
1027 2957 1226 3012 dictum
1271 2958 1398 3012 illud
1439 2961 1798 3028 evangelicum
1835 2963 2150 3026 detorquent
2186 2978 2198 3013 :

664 3035 781 3092 Non
812 3056 929 3108 qua:
960 3042 1342 3112 ingrediuntur,
1386 3047 1478 3100 sed
1526 3063 1644 3115 quze
1684 3048 2026 3112 egrediuntur
2056 3048 2203 3102 coin—

664 3130 891 3198 quinant
941 3134 1207 3188 hominem
1251 3144 1307 3202 ³;
1360 3138 1496 3191 hanc
1552 3154 1735 3193 eorum
1792 3139 2086 3201 insaniam,
2139 3154 2204 3192 ne

666 3220 837 3274 dicam
905 3223 1292 3290 quaestionem,
1346 3226 1699 3279 confutemus.
1767 3226 2002 3279 Primum
2059 3230 2199 3280 enim

2293 728 2398 795 γὰρ
2434 723 2655 792 καθαρὰ
2693 722 2808 787 τοῖς
2843 721 3141 788 καθαροῖς·
3171 723 3274 773 τῶν
3306 721 3360 772 δὲ
3401 719 3731 789 ἀκαθάρτων
3762 717 3855 770 καὶ

2293 819 2324 886 η
2357 816 2652 882 συνείδησις
2687 815 2777 866 καὶ
2805 812 2872 865 τὰ
2910 813 3082 864 πάντα
3115 813 3453 880 μεμόλυνται.
3511 813 3769 878 ’Δγαμαι
3802 807 3855 860 δὲ

2291 906 2384 958 τοῦ
2407 905 2650 958 διαϐόλου
2681 905 2742 957 τὸ
2776 905 3011 972 σόφισμα
3039 944 3052 966 ,
3101 903 3285 971 ὅτιπερ
3311 942 3323 962 ,
3376 901 3544 970 φθορά
3570 903 3670 952 καὶ
3703 899 3852 966 λύμη

2293 998 2566 1066 ὑπάρχων,
2600 996 2886 1064 λογισμοὺς
2918 994 3201 1047 ὑποϐάλλει
3233 994 3308 1062 τῷ
3339 995 3509 1046 δοκεῖν
3543 992 3641 1060 μὲν
3677 989 3856 1042 καθα-

2296 1089 2529 1156 ρότητος·
2572 1085 2759 1136 ἔστιδὲ
2789 1086 2848 1137 τὺ
2874 1086 3184 1154 γιγνόμενον
3216 1084 3400 1152 ἐνέδρα
3427 1083 3616 1152 μᾶλλον
3643 1081 3680 1150 ἦ
3711 1081 3856 1133 δοκιο

2295 1177 2479 1245 μασία.
2511 1177 2624 1228 Ἵνα
2649 1177 2776 1243 γὰρ,
2808 1176 2884 1237 ὡς
2909 1179 3180 1246 προεῖπον,
3207 1173 3548 1244 ἀπασχολήσῃ
3728 1171 3854 1231 τοὺς

2292 1264 2531 1334 ἀσκητάς
2559 1265 2657 1333 τῆς
2690 1265 2875 1333 ὲθίμου
2911 1265 3004 1317 καὶ
3035 1263 3399 1333 σωτηριώδους
3439 1263 3702 1332 μελέτης,
3760 1262 3853 1312 καὶ

2293 1354 2416 1425 δόξῃ
2445 1357 2660 1423 κρατεῖν
2681 1371 2695 1383 ·
2727 1354 2864 1406 κατὰ
2895 1352 3048 1407 τοῦτο
3077 1353 3296 1406 τοιαῦτά
3319 1370 3438 1405 τινα
3467 1355 3598 1404 κινεί
3637 1350 3852 1420 popa-3-

2295 1461 2386 1496 κια
2407 1483 2420 1506 ,
2461 1445 2614 1496 ἆτινα
2641 1444 2791 1515 φέρει
2827 1444 2922 1512 μὶν
2952 1444 3098 1495 οὐδὲν
3129 1442 3201 1512 τῷ
3232 1443 3328 1512 βίῳ
3359 1443 3616 1512 χρήσιμον
3639 1481 3656 1503 ,
3691 1441 3852 1500 κενάς

2294 1532 2347 1583 δὲ
2366 1530 2616 1601 ζητήσεις
2633 1531 2723 1584 καὶ
2741 1529 3020 1601 φλυαρίας,
3040 1531 3102 1593 ἃς
3120 1531 3198 1582 δεῖ
3217 1529 3605 1600 παραιτεῖσθαι.
3627 1528 3700 1580 Τί
3723 1529 3850 1597 γὰρ,

2297 1624 2414 1675 είπέ
2454 1639 2559 1690 μοι,
2591 1616 2634 1674 ῶ
2674 1622 2919 1690 ἀγαπητὲ
2946 1623 3037 1674 καὶ
3065 1622 3437 1682 εὐλαεέστατε,
3463 1621 3564 1689 ἔχει
3595 1621 3854 1687 ἁμάρτη-

2300 1728 2373 1779 μα
2403 1711 2434 1780 ἢ
2472 1711 2771 1780 ἀκάθαρτον
2804 1713 2999 1780 φυσική
3029 1728 3110 1773 τις
3143 1711 3409 1781 ἔκκρισιςς
3442 1711 3513 1772 ὡς
3543 1709 3713 1770 εἴτις
3740 1707 3852 1759 ὲθὲ-

2295 1799 2374 1849 λοι
2428 1799 2690 1850 ποιεῖσθαι
2735 1799 2980 1867 ἔγκλημα
3028 1800 3117 1850 καὶ
3146 1798 3240 1859 τὰς
3269 1797 3354 1849 διά
3387 1798 3540 1865 ῥινῶν
3569 1799 3848 1864 ἐκπεμπο-

2300 1888 2465 1957 μένας
2499 1889 2667 1957 μύξας
2703 1891 2793 1941 καὶ
2825 1891 2889 1941 τὰ
2918 1890 3002 1941 διὰ
3035 1890 3296 1958 στόματος
3329 1888 3612 1956 πτύσματα
3635 1903 3648 1916 ·
3681 1886 3770 1937 ἔτι
3798 1885 3850 1936 δὲ

2298 1981 2390 2032 καὶ
2418 1980 2615 2032 τούτων
2645 1981 2836 2049 ἔχομεν
2867 1979 3041 2046 λέγειν
3078 1979 3311 2040 πλείονα,
3339 1978 3433 2040 τὰς
3458 1976 3540 2028 διὰ
3564 1976 3851 2044 γαστέρων

2297 2069 2586 2140 ἐκκρίσεις,
2617 2071 2756 2140 άπερ
2785 2070 2860 2138 τῷ
2882 2069 3000 2137 ζώῳ
3029 2068 3162 2137 πρὸς
3185 2069 3244 2119 τὸ
3270 2069 3364 2136 ζῇν
3393 2067 3662 2133 ἀναγκαῖα
3726 2063 3850 2115 καθ-

2297 2159 2540 2229 έστηκεν.
2577 2160 2691 2211 Ἔτι
2718 2176 2774 2211 τε
2823 2195 2838 2220 ,
2973 2160 3016 2211 εί
3047 2158 3151 2210 τῶν
3175 2157 3262 2209 τοῦ
3300 2156 3429 2208 Θεοῦ
3466 2156 3656 2224 χειρῶν
3695 2156 3850 2222 ἔργον

2297 2245 2430 2300 εἶναι
2462 2249 2782 2316 πιστεύομεν
2813 2248 2900 2300 τὸν
2927 2247 3226 2317 ἄνθρωπον,
3258 2246 3393 2298 κατὰ
3419 2248 3511 2307 τὰς
3535 2246 3688 2305 θείας
3712 2244 3849 2311 Γρα-

2299 2339 2422 2406 φάς,
2453 2339 2567 2401 πῶς
2600 2339 2823 2407 ἠδύνατο
2851 2341 2913 2390 ὲκ
2943 2338 3182 2407 καθαρᾶς
3206 2338 3478 2406 δυνάμεως
3503 2336 3660 2406 ἔργον
3688 2351 3742 2385 τι
3770 2332 3848 2400 γί-

2299 2432 2479 2486 νεσθαι
2511 2430 2943 2500 μεμολυσμένονς
2974 2431 3080 2482 Kal.
3114 2431 3159 2480 εί
3196 2430 3347 2496 γένος
3387 2429 3480 2480 τοῦ
3507 2427 3638 2479 Θεοῦ
3676 2428 3849 2495 ὑπάρο

2299 2539 2461 2591 χομεν
2493 2521 2627 2574 κατὰ
2654 2521 2750 2583 τὰς
2777 2519 2923 2581 θείας
2944 2519 3051 2572 τῶν
3080 2520 3384 2573 ἀποστόλων
3413 2518 3660 2588 Πράξεις,
3702 2518 3848 2570 οὐδὲν

2299 2613 2489 2682 ἔχομεν
2519 2613 2575 2664 ὲν
2606 2613 2812 2673 ἑαυτοῖς
2842 2611 3162 2680 ἀκάθαρτον.
3195 2611 3320 2662 Τότε
3359 2610 3464 2678 γὰρ
3495 2611 3651 2677 μόνον
3683 2626 3844 2678 μεμο-

2299 2705 2558 2772 λύσμεθα,
2588 2705 2673 2755 ὅτε
2698 2703 2794 2771 τὴν
2821 2702 3218 2770 δυσωδεστάτην
3252 2701 3517 2770 ἁμαρτίαν
3547 2699 3845 2771 ἐργαζόμε-

2299 2795 2384 2845 θα.
2425 2794 2549 2844 Ὅτε
2580 2793 2635 2845 δὲ
2662 2793 2859 2861 φυσική
2893 2808 2975 2853 τις
3009 2791 3249 2858 ἔκκρισις
3295 2789 3595 2859 ἀϐουλήτως
3768 2789 3845 2854 γίο

2299 2896 2444 2932 νεται
2464 2919 2476 2940 ,
2509 2880 2627 2931 τότε
2658 2882 2721 2949 τῇ
2749 2881 2846 2948 τῆς
2878 2879 3089 2947 φύσεως
3125 2879 3336 2950 ἀνάγκῃ
3369 2879 3502 2946 μετά
3525 2877 3629 2930 τῶν
3654 2878 3842 2939 ἄλλων,

2300 2969 2374 3030 ὡς
2399 2969 2722 3038 προείπομεν
2740 3008 2754 3031 ,
2795 2970 2887 3022 καὶ
2915 2968 3070 3022 τοῦτο
3095 2969 3449 3037 ὑπομένομεν.
3488 2968 3616 3020 Ἀλλ’
3640 2967 3847 3036 ἐπειδή-

2302 3075 2405 3128 περ
2439 3059 2486 3110 οί
2520 3057 2760 3121 θέλοντες
2792 3059 2945 3127 μόνον
2975 3058 3268 3124 ἀντιλέγειν
3297 3061 3405 3121 τοῖς
3436 3059 3600 3128 ὀρθῶς
3626 3055 3845 3126 λεγομέ-

2301 3165 2408 3210 νοις
2432 3186 2447 3210 ,
2487 3147 2680 3217 μᾶλλον
2709 3148 2766 3199 δὲ
2800 3148 2946 3216 παρὰ
2989 3148 3120 3200 Θεοῦ
3154 3148 3556 3217 πεποιημένοις,
3604 3144 3845 3215 παραφέ-

2304 3253 2453 3307 ρουσι
2482 3239 2574 3288 καὶ
2722 3239 2880 3306 ῥητὸν
2905 3237 3248 3303 εύαγγελικόν
3272 3255 3282 3266 ·
3303 3237 3374 3298 ὡς
3392 3238 3470 3288 ὅτι
3488 3237 3556 3288 Ού
3584 3236 3650 3286 τά
3674 3237 3842 3303 είσερ-

669 3308 972 3378 Scripturas
999 3327 1093 3380 pro
1134 3329 1228 3368 sua
1276 3316 1602 3383 ignorantia,
1652 3317 1923 3370 instabiles
1951 3332 2079 3369 sane
2108 3317 2199 3368 ho-

2303 3328 2501 3396 χόμενα
2535 3330 2700 3380 κοινοῖ
2740 3329 2827 3380 τὸν
2856 3328 3132 3397 ἄνθρωπον
3157 3369 3170 3393 ,
3223 3327 3354 3380 ἀλλά
3393 3327 3458 3379 τά
3490 3327 3840 3396 ἐξερχόμενα·

669 3401 840 3453 mines
865 3439 878 3462 ,
910 3403 1195 3470 depravant
1232 3408 1268 3456 ³.
1326 3405 1490 3459 Porro
1521 3407 1757 3459 divinum
1807 3409 2081 3461 oraculum
2125 3408 2200 3461 sic

673 3489 828 3542 habet
858 3508 869 3543 :
896 3505 1015 3544 cum
1051 3494 1266 3560 quidam
1301 3496 1440 3547 enim
1470 3536 1484 3559 ,
1514 3497 1962 3563 quemadmodum
1999 3497 2104 3560 isti,
2139 3497 2203 3550 de

670 3577 803 3632 cibis
849 3581 1175 3650 ambigerem
1199 3621 1212 3645 ,
1245 3583 1354 3650 ipse
1382 3583 1638 3638 Dominus
1669 3626 1682 3648 ,
1715 3594 1771 3638 ut
1799 3601 1981 3640 eorum
2007 3587 2205 3639 levaret

674 3663 1021 3733 ignorantiam
1044 3710 1057 3733 ,
1101 3670 1385 3739 dolumque
1420 3675 1626 3727 cunctis
1657 3684 1929 3743 retegeret,
1964 3676 2058 3740 ait,
2089 3674 2204 3729 Non

669 3771 730 3809 ca
779 3773 896 3824 qua:
943 3759 1308 3828 ingrediuntur
1364 3763 1631 3816 hominem
1683 3765 2057 3832 coinquinare,
2115 3767 2205 3820 sed

670 3863 788 3914 qua:
844 3850 1203 3916 egrediuntur.
1251 3851 1409 3904 Addit
1459 3862 1577 3920 post
1621 3855 1764 3916 haec,
1826 3863 1877 3908 et
1939 3857 2204 3909 undenam

671 3938 1013 4006 egrediuntur
1046 3955 1144 3992 rex
1192 3941 1368 3994 corde.
1434 3941 1586 4006 Quod
1636 3945 1798 4010 probe
1868 3954 2050 3999 nosset
2100 3947 2207 4000 illic

675 4027 1012 4092 profanarum
1073 4029 1451 4098 cogitationum
1527 4033 1865 4100 aliorumque
1942 4036 2202 4088 scelerum

673 4115 841 4168 malos
887 4117 1058 4169 inesse
1103 4118 1399 4171 thesauros.
1440 4118 1660 4173 Brevius
1709 4133 1884 4175 autem
1927 4123 2205 4190 Apostolus

675 4207 899 4274 “ipsum
926 4207 1104 4260 docuit
1137 4208 1279 4261 hisce
1302 4209 1472 4262 verbis
1497 4226 1508 4258 :
1546 4209 1678 4261 Esca
1706 4227 1804 4262 non
1838 4227 1926 4262 nos
1953 4229 2207 4264 commen-

672 4300 762 4353 c’at
797 4302 932 4356 Deo'
964 4341 978 4354 .
1003 4301 1117 4354 Jam
1147 4304 1338 4370 aliquis
1368 4313 1662 4370 opportune
1691 4305 1884 4357 dixerit
1915 4325 1925 4357 :
1958 4305 2206 4358 Naturale

673 4401 1065 4444 excrementum
1104 4393 1231 4444 nulli
1279 4408 1374 4444 nos
1407 4394 1666 4460 supplicio
1891 4395 2103 4446 addicit.
2145 4393 2208 4446 Et

675 4479 900 4534 fortasse
934 4481 1031 4548 ipsi
1063 4482 1248 4534 medici
1285 4486 1363 4547 (ut
1395 4484 1517 4537 hinc
1546 4485 1787 4538 homines
1821 4485 1892 4536 illi
1925 4485 2003 4537 vel
2028 4485 2094 4538 ab
2120 4500 2208 4538 ex-

675 4574 872 4624 traneis
919 4573 1118 4641 pudore
1168 4573 1496 4638 amtiantur)
1552 4575 1827 4628 nobiscum
1887 4576 2201 4642 defendent,

2303 3417 2610 3482 ἀναγκαίως
2632 3419 2807 3473 αὐτῶν
2838 3420 2928 3470 καὶ
2953 3417 3152 3486 ταύτην
3183 3418 3277 3486 τὴν
3307 3419 3538 3483 ἀλογίαψ
3563 3418 3622 3469 ού
3657 3418 3762 3485 γάρ
3783 3414 3840 3467 ἂν

2302 3506 2543 3574 εἷποιμεν
2689 3508 2927 3576 ζήτησιν,
2951 3505 3248 3575 ὲλέγξομεν.
3276 3508 3490 3576 Πρῶτον
3509 3507 3601 3576 μὲν
3627 3506 3735 3576 γὰρ
3755 3503 3840 3563 τὰς

2303 3595 2520 3664 Γραφάς
2547 3596 2683 3646 κατὰ
2710 3594 2806 3657 τὰς
2838 3595 2968 3657 ιδίας
2993 3596 3226 3664 ἀμαθίας
3239 3598 3549 3666 ἀστήρικτοι
3574 3597 3722 3655 ὄντες
3741 3593 3841 3662 βιά-

2305 3683 2500 3748 ζονται.
2523 3687 2672 3755 Ἔχει
2701 3687 2832 3738 δὲτὸ
2855 3686 2994 3738 θετον
3024 3685 3160 3737 οὓτω
3183 3687 3356 3751 λόγιον
3381 3705 3392 3717 ·
3425 3687 3591 3738 Τινῶν
3617 3686 3725 3753 γάρ
3747 3683 3840 3736 πά-

2304 3777 2384 3828 λιν
2417 3777 2622 3839 τούτοις
2659 3777 2855 3844 όμοίως
2890 3778 3185 3840 ἐνδυαστῶς
3218 3778 3443 3846 ἐχόντων
3477 3776 3598 3846 περὶ
3631 3774 3839 3844 βρωμά-

2304 3884 2436 3925 των,
2471 3867 2629 3927 αὑτὺς
2671 3867 2698 3918 ὁ
2732 3866 2932 3934 Κύριος
2960 3866 3098 3917 λύων
3140 3866 3312 3918 αὐτῶν
3341 3867 3435 3935 τὴν
3467 3866 3698 3932 ἄγνοιαν,
3729 3863 3761 3932 ἦ
3791 3863 3836 3926 γ’

2305 3949 2393 4005 οὖν
2417 3951 2510 4022 τὴν
2543 3953 2753 4020 ἀπάτην
2785 3952 3117 4022 δημοσιεύων
3138 3991 3151 4016 ,
3192 3957 3322 4022 φησι
3345 3993 3357 4015 ,
3388 3953 3477 4021 Μὴ
3509 3951 3575 4002 τὰ
3606 3946 3835 4018 είσερτίσ

2308 4057 2439 4108 μενα
2475 4039 2815 4091 κοινοῦν-τὸν
2849 4039 3162 4108 ἄνθρωπον,
3214 4038 3346 4090 ἀλλὰ
3387 4038 3454 4090 τὰ
3505 4038 3833 4107 ἐξερχόμενα.

2307 4125 2436 4180 Εἶτα
2464 4130 2672 4196 ἐπάγει,
2703 4130 2793 4181 καὶ
2815 4129 2972 4181 πόθεν
3001 4129 3323 4199 ὲξερ;(όμενα
3341 4147 3353 4158 ·
3386 4128 3451 4180 τά
3479 4129 3582 4180 ἀπὸ
3606 4126 3832 4197 καρδίας.

2319 4222 2461 4271 Ἐκεῖ
2486 4221 2590 4289 γάρ
2613 4216 2748 4271 εἶναι
2779 4221 2900 4281 τοὺς
2924 4225 3185 4289 πονηρους
3217 4219 3516 4288 θησαυροὺς
3543 4217 3648 4269 τῶν
3694 4214 3837 4283 βεὸἠο

2306 4311 2408 4361 λων
2431 4310 2699 4379 λογισμῶν
2723 4315 2813 4362 καὶ
2828 4312 2933 4361 τῶν
2956 4311 3124 4362 ἄλλων
3152 4310 3552 4378 ἁμαρτημάτων
3576 4308 3833 4374 γινώσκει.

2306 4398 2708 4467 Συντομώτερον
2759 4400 2813 4451 δὲ
2859 4401 2885 4450 ὁ
2946 4399 3256 4461 ’Λπόστολος
3308 4399 3434 4450 αὐτὸ
3487 4395 3835 4464 δεδιδαγμένος

2308 4487 2436 4555 φησί
2457 4504 2468 4515 ’
2505 4488 2710 4554 Βρῶμα
2735 4487 2800 4539 δὲ
2827 4487 2976 4555 ἡμᾶς
3000 4491 3070 4540 οὐ
3096 4471 3463 4556 παραστῖξσει
3617 4486 3689 4550 τῷ
3708 4480 3832 4544 Θεῷ.

2306 4576 2438 4642 Φαίη
2472 4575 2514 4625 δ’
2541 4573 2603 4626 ἄν
2637 4593 2715 4636 τις
2745 4577 2833 4626 καὶ
2859 4575 2950 4627 νῦν
2981 4577 3210 4643 εὐλόγως
3230 4595 3241 4606 ·
3274 4579 3472 4646 Φυσική
3503 4595 3582 4638 τις
3612 4576 3833 4644 ἔκκρισις

675 4661 889 4714 animali
941 4660 1091 4713 dalos
1141 4677 1257 4715 esse
1296 4663 1553 4727 quosdam
1597 4665 1925 4716 necessarios
1973 4674 2198 4727 meatus,

2307 4664 2448 4732 ἡμᾶς
2504 4664 2560 4714 οὐ
2616 4667 2948 4734 παραστήσει
2993 4668 3125 4735 πρὸς
3160 4669 3441 4736 τιμωρίαν.
3480 4668 3626 4735 Τάχα
3667 4665 3719 4716 δὲ
3753 4661 3835 4715 καὶ

675 4750 739 4800 ad
783 4751 1026 4802 humores
1056 4749 1144 4816 qui
1186 4750 1235 4800 in
1274 4750 1495 4816 singulis
1525 4751 1783 4803 habentur
1818 4753 2068 4806 membris
2103 4770 2201 4806 no-

677 4837 799 4889 stris
852 4838 1136 4904 rgeren-lns
1171 4855 1184 4889 :
1216 4838 1389 4904 qnth
1442 4849 1563 4892 sunt
1610 4841 1797 4906 capitis
1845 4852 2202 4899 excrementa.

668 4931 782 4998 pili,
809 4932 1276 5000 aquosilatesqua-
1300 4948 1364 4986 ex
1393 4935 1566 5000 rapite
1598 4935 1918 4986 emittuntur
1952 4950 1966 4987 :
2004 4935 2207 4989 ventris

663 5020 787 5072 item
816 5035 1089 5082 secessus,
1114 5020 1308 5090 illaque
1334 5024 1779 5088 sperruaticnrnm
1809 5035 2077 5075 meatuuni
2116 5040 2208 5076 su-

660 5111 955 5174 perﬂuitas.
984 5110 1326 5176 Ecqtimlnarn
1353 5112 1450 5165 hac
1474 5113 1523 5164 in
1556 5127 1609 5165 rc
1636 5124 1911 5176 peccatqu
1947 5117 1997 5167 in
2014 5115 2203 5176 Deum.

652 5213 818 5252 senex
857 5200 1283 5268 religiosissime,
1321 5216 1441 5254 cum
1466 5202 1578 5267 ipse
1607 5202 1865 5255 Dominus
1887 5204 1976 5269 qui
2008 5202 2203 5255 animal

651 5288 916 5354 condidit,
955 5290 1004 5341 id
1047 5291 1253 5342 curarit
1279 5289 1649 5357 cilecerilqne,
1709 5299 1766 5343 ut
1816 5291 1927 5344 haec
1958 5291 2195 5344 membra

650 5389 827 5430 essent
857 5379 1418 5443 ejusmodi-meatibus
1445 5392 1729 5434 instructa.
1776 5380 2040 5435 Ca'teruln
2075 5383 2195 5450 quia

653 5469 1022 5534 pranertenda
1052 5480 1177 5521 sunt
1197 5470 1561 5537 improborum
1585 5482 1895 5539 argumenta
1933 5489 1945 5524 :
1974 5472 2199 5525 fortasse

652 5558 794 5611 enim
832 5561 1068 5613 dixerint
1107 5579 1118 5614 :
1157 5559 1296 5630 Ergo
1356 5578 1450 5615 nec
1493 5578 1652 5617 verus
1707 5579 1892 5616 eorum
1957 5581 2085 5617 usus
2118 5575 2200 5617 est

729 5693 742 5709 ι
771 5679 873 5728 Tir.
916 5697 951 5737 ι.
993 5682 1071 5736 13.
1155 5688 1170 5715 ⁵
1215 5684 1327 5736 Art.
1377 5700 1499 5748 xw,
1551 5686 1634 5739 ‘23.
1713 5688 1728 5715 ³
1761 5687 1943 5742 Matth.
1989 5706 2072 5752 xv,
2113 5689 2200 5743 εὶοο

2281 5691 2296 5719 ⁵
2332 5691 2369 5744 il
2407 5693 2546 5749 Pctr.
2583 5709 2655 5753 HI,
2699 5694 2778 5749 16.

2312 4754 2490 4815 παῖδες
2521 4755 2733 4822 ἰατρῶν,
2763 4757 2846 4807 ἵνα
2875 4758 2970 4808 κᾶν
2997 4759 3058 4809 ὲκ
3087 4757 3191 4808 τῶν
3225 4758 3416 4820 ἔξωθεν
3446 4756 3830 4826 δυσωπηθῶσιν.

2309 4845 2444 4913 ὑπὲρ
2483 4846 2666 4897 τούτου
2706 4847 3125 4916 ἀπολογήσονται
3150 4868 3162 4879 ο
3221 4852 3299 4902 ὅτι
3330 4849 3404 4918 τῷ
3453 4849 3573 4918 ζῴῳ
3616 4845 3830 4900 δέδσντοί

2312 4949 2451 4993 τινες
2491 4934 2790 5001 ἀναγκαῖαι
2833 4934 3047 4998 διέξοδοι
3087 4938 3226 4989 κατά
3271 4937 3377 4988 τῶν
3409 4937 3464 4987 ὲν
3494 4938 3623 5005 ἡμῖν
3652 4935 3842 4998 ἑκάστῳ

2315 5023 2492 5089 μελῶν
2548 5027 2894 5093 τρεφομένων
2935 5026 2992 5076 τὺ
3023 5026 3276 5094 περιττὸν
3331 5028 3700 5093 ἀποπέμπειν
3748 5018 3842 5074 οἷον

2309 5114 2550 5181 κεφαλῆς
2576 5115 2985 5184 περιττώματα,
3023 5117 3226 5186 τρίχες,
3263 5118 3357 5170 καί
3389 5118 3457 5170 τά
3485 5119 3590 5170 ἀπὸ
3623 5115 3839 5183 κεφαλῆς

2310 5204 2552 5270 ύδατὼδη
2586 5206 2933 5274 πεμπόμενα.
2953 5209 3043 5260 καὶ
3064 5209 3294 5273 γαστρὸς
3329 5209 3737 5277 διαχωρήματα,
3765 5205 3840 5257 καὶ

2306 5295 2482 5346 τοίνυν
2509 5297 2617 5350 τῶν
2652 5300 3042 5365 σπερματικῶν
3080 5301 3263 5368 πόρων
3309 5303 3486 5352 ἐκεῖνο
3516 5303 3832 5369 περίττωμα.

2307 5387 2440 5456 Ποία
2465 5390 2640 5439 τοίνυν
2655 5389 2773 5440 ἐστι
2794 5391 2926 5459 πρὸς
2941 5386 3146 5452 Θεοῦ,ῶ
3164 5393 3435 5458 πρεσϐῦτα
3456 5392 3836 5458 θεοφιλέστατε,

2309 5478 2570 5544 ἁμαρτία,
2591 5479 2751 5530 αὑτοῦ
2788 5481 2872 5531 τοῦ
2897 5481 3194 5545 πλάσαντος
3217 5483 3274 5534 τὸ
3288 5481 3393 5546 ζῶν
3409 5486 3682 5537 Δεσπότου
3698 5480 3803 5542 θελή
3819 5503 3832 5515 ο

2311 5586 2496 5630 σαντος
2527 5570 2617 5622 καὶ
2637 5571 2960 5640 ποιήσαντος
2981 5574 3154 5628 ταῦτα
3181 5578 3244 5628 τά
3267 5575 3399 5645 μέλη
3420 5574 3676 5639 τοιαύτας
3712 5576 3832 5641 ἔχειν

2858 5697 2917 5749 5l
2955 5697 3075 5752 Cor.
3121 5714 3232 5757 rm.
3264 5698 3314 5751 3.
