3998 6326
205 355 345 418 543

203 481 504 547 δεεξὸδους
523 500 537 547 ;
570 484 785 557 Ἐπειδὴ
814 488 869 539 δὲ

206 576 492 645 πονηρῶν
520 576 889 647 ἐναντιώματα
907 619 922 643 ,
950 580 1150 634 εἴποιεν
1180 581 1286 652 γὰρ
1310 583 1374 637 ἄν
1397 600 1409 611 ·
1446 585 1556 636 υὺκ
1580 580 1671 636 οὖν
1696 585 1792 636 οὐκ

208 661 389 717 ἔστιν
426 668 665 737 ἁμαρτία
709 668 824 719 οὐδὲ
857 669 887 737 ἡ
934 668 1136 739 ἀληθὴς
1173 672 1391 740 χρῆσις,
1425 672 1471 722 εί
1497 671 1562 722 τὰ
1592 671 1793 739 ὄργανα

212 755 395 824 παρά
422 756 514 808 τοῦ
543 758 879 827 Δημιουργοῦ
910 759 1320 816 δια-πέπλασται.
1473 761 1614 831 Πρὸς
1639 761 1793 814 τοῦτο

211 844 669 915 ὲρωτηματικῶς
701 848 895 910 αὐτοὺς
926 848 1219 918 παύσωμεν
1259 849 1555 918 φάσκοντες
1574 868 1587 881 ’
1627 852 1791 903 Ποίαν

210 931 415 999 λέγεις
436 933 648 1002 χρῆσιν,
665 936 761 1003 τὴν
787 934 1004 1005 ἔννομον
1020 976 1033 997 ,
1061 917 1130 1006 ἢν
1153 936 1246 990 καὶ
1274 940 1302 990 ὀ
1326 937 1455 1001 Θεὸς
1478 917 1788 1018 ἐπέτρεψεν,

210 1021 583 1085 Αὐξὰνεσθε
602 1065 614 1085 ,
646 1025 814 1091 λέγων
833 1065 847 1088 ,
881 1026 977 1078 καί
1019 1028 1412 1094 πληθύνεσθε,
1448 1028 1543 1080 καί

212 1129 389 1167 ante
428 1114 541 1180 τὴν
568 1113 713 1183 τῆνο
762 1116 829 1185 ἢν
860 1119 888 1168 ὁ
923 1118 1237 1180 Ἀπόστολος
1273 1118 1561 1181 ἀπεδέξατο
1590 1118 1753 1171 εἰπών
1773 1135 1786 1149 ·

217 1206 436 1273 Τίμιος
467 1209 499 1259 ὁ
528 1205 711 1274 γάμος
753 1208 850 1260 καὶ
902 1209 941 1273 ὴ
972 1209 1136 1275 κοίτη
1169 1209 1451 1277 ἀμίαντος
1473 1227 1484 1240 ·
1516 1210 1548 1279 ἢ
1575 1210 1671 1279 τὴν
1700 1211 1792 1279 δη-

216 1292 389 1364 μώδη
418 1294 535 1364 μὲν,
562 1294 826 1364 λαθραίως
848 1295 902 1347 δὲ
933 1298 1024 1348 καὶ
1058 1297 1316 1366 μοιχικᾶις
1343 1297 1787 1367 ὲπιτελουμένην;

233 1384 404 1437 Ἐπεὶ
430 1386 517 1437 καὶ
535 1385 641 1438 τῶν
662 1385 854 1449 ἀλλων,
878 1384 984 1437 τῶν
1005 1386 1061 1437 ὲν
1084 1385 1159 1454 τῷ
1181 1385 1278 1455 βίῳ
1298 1385 1613 1454 γινομένων,
1635 1385 1792 1455 εὑρή-

214 1490 401 1528 σομεν
426 1476 522 1538 τὰς
553 1475 807 1546 διαφορὰς
836 1475 974 1528 κατά
1001 1493 1051 1528 τι
1080 1476 1363 1545 γινομένας
1381 1492 1395 1506 ο
1416 1470 1525 1529 οἷον
1551 1476 1789 1543 φονεύειν

215 1565 335 1618 οὐκ
367 1566 589 1629 ἔξεστιν.
622 1565 734 1618 ἀλλ’
762 1568 817 1618 ὲν
835 1566 1087 1636 πολέμοις
1234 1567 1475 1635 ἀναιρεῖν
1499 1566 1621 1628 τοὺς
1640 1565 1789 1617 ἀντι-

218 1655 436 1719 πάλους
459 1657 549 1708 καὶ
579 1656 797 1725 ἔννομον
820 1657 912 1709 καὶ
940 1655 1157 1708 ἐπαίνου
1180 1651 1345 1721 ἀξιον.
1375 1654 1526 1707 Οὕτω
1543 1653 1671 1721 γοῦν
1695 1653 1788 1707 καὶ

217 1746 408 1814 τιμῶν
431 1747 675 1815 μεγάλων
689 1749 737 1799 οἱ
755 1746 895 1799 κατά
913 1747 1143 1816 πόλεμον
1160 1744 1574 1816 ἀριστεύσαντες
1591 1744 1789 1811 ἀξιοῦν·

1221 366 1302 425 ΙΝ
1341 366 1577 427 El‘lS’i‘.
1620 365 1680 426 S.
1726 362 2125 425 A'l‘llANASli
2161 365 2384 425 ALEX.
3338 367 3442 430 550

1033 486 1112 540 δεῖ
1140 490 1573 561 προσλαμϐάνειν
1602 491 1667 543 τὰ
1690 492 1783 545 τῶν

1891 497 2189 557 peccatum,
2216 487 2478 557 siquidem
2516 502 2709 557 mgana
2742 503 2770 542 a
2797 488 3071 544 conditore
3101 487 3242 542 fama
3272 500 3438 553 sunt;

1892 576 1962 627 ita
2011 575 2355 643 loquentibus
2404 575 2508 629 illis
2555 574 2654 628 hac
2704 577 3118 645 interrogatione
3168 574 3437 630 silentium

1892 664 2229 732 imponamus
2257 685 2268 718 :
2301 666 2469 731 Quem
2496 668 2632 721 dicis
2662 684 2839 730 usum,
2874 669 3434 737 legitimumne,quem

1890 752 2031 807 Deus
2083 755 2166 808 his
2202 758 2443 824 permisit
2487 758 2662 811 verbis
2693 777 2704 811 :
2742 757 2984 821 Crescite,
3033 768 3080 811 ct
3116 758 3435 825 multiplica-

1891 847 2049 905 mini.
2092 855 2140 899 et
2186 848 2371 916 replete
2418 859 2607 902 terram
2644 858 2661 888 ί
2692 867 2705 900 :
2736 867 2893 918 quem
2947 861 2999 904 et
3039 852 3152 917 ipse
3192 850 3436 918 probavit

1888 936 2204 1003 Apostolus,
2255 953 2375 991 cum
2426 940 2611 991 dixit:
2651 939 2967 993 Honorabile
3020 941 3331 992 counubium
3387 950 3436 992 et

1892 1026 2067 1078 Morus
2120 1028 2486 1081 immaculata:
2524 1036 2583 1094 ’ς
2650 1046 2717 1083 an
2786 1031 3057 1099 publicum
3123 1031 3270 1083 illum
3343 1030 3433 1096 qui

1887 1116 2190 1170 clanculum
2233 1128 2285 1171 et
2329 1120 2611 1174 libidinose
2643 1122 2959 1175 exercetur?
2987 1119 3116 1173 Nam
3146 1122 3198 1174 in
3228 1120 3438 1174 caeteris

1891 1221 2124 1275 Quoque,
2150 1223 2247 1277 per
2278 1209 2415 1262 hanc
2438 1211 2599 1262 vitam
2631 1211 2716 1280 agi
2753 1211 2945 1272 solitis,
2970 1210 3212 1279 quaedam
3239 1224 3433 1262 occur-

1889 1300 2017 1345 runt
2048 1294 2235 1363 agendi
2266 1295 2575 1350 discrimina
2609 1318 2622 1351 :
2659 1296 2816 1364 quale
2847 1297 3091 1350 occidere
3125 1311 3228 1349 non
3270 1296 3430 1360 licet;

1888 1388 1942 1432 at
1968 1382 2021 1432 in
2050 1380 2188 1434 bello
2218 1382 2554 1436 adversarios
2586 1383 2904 1446 interﬁcere,
2932 1395 2985 1438 et
3017 1385 3333 1454 legitimum,
3383 1392 3436 1435 et

1889 1466 2045 1520 laude
2069 1468 2287 1536 dignum
2311 1479 2409 1523 est.
2448 1468 2534 1523 Sic
2557 1471 2766 1540 magnis
2790 1471 3057 1525 donantur
3087 1471 3318 1539 praemiis
3340 1471 3431 1539 qui

1889 1573 1947 1613 se
1980 1559 2033 1612 in
2068 1559 2204 1612 bello
2232 1568 2445 1614 strenue
2470 1569 2683 1629 gerunt,
2710 1560 2958 1628 cippique
2984 1560 3283 1629 eriguntur,
3314 1574 3433 1629 qua:

1889 1650 2143 1716 praeclara
2168 1664 2356 1703 eorum
2402 1649 2671 1702 celebrent
2703 1648 2959 1702 facinora.
2992 1648 3170 1716 Itaque
3197 1648 3430 1718 idipsum

1889 1735 2120 1802 quodam
2152 1736 2333 1798 modo,
2363 1745 2415 1789 et
2440 1738 2670 1804 quodam
2706 1746 2942 1804 tempore
2968 1750 3073 1789 non
3102 1736 3222 1789 licet
3247 1753 3261 1789 :
3293 1751 3431 1805 qua-

217 1854 321 1889 “Lat
346 1878 362 1900 ,
408 1838 498 1889 καὶ
547 1837 735 1907 στῆλαι
767 1836 968 1890 τούτων
995 1838 1291 1936 ἐγείρονται
1325 1837 1684 1906 κηρύττουσαι
1722 1837 1783 1888 τὰ

1886 1824 2007 1878 dam
2067 1834 2243 1879 autem
2296 1825 2503 1878 ratione
2549 1834 2600 1878 et
2647 1824 3041 1893 opportunitate
3107 1826 3432 1892 permittitur

1892 1916 2301 1936 --_-_..._______
2358 1914 2551 1936 13-1-..-
2951 1918 2994 1936 ι,
3413 1934 3425 1936 -

218 1926 648 1997 κατορθώματα.
685 1927 845 1978 Ὠστε
873 1926 934 1979 τὸ
968 1926 1267 1980 αὺτδ”κατά
1297 1944 1349 1979 τι
1386 1926 1483 1996 μὲν
1524 1928 1616 1978 καὶ
1650 1929 1788 1980 κατά

220 2018 422 2087 καιρὸν
446 2018 541 2069 οὐκ
573 2017 746 2083 ἔξεστι
765 2057 779 2079 ,
810 2018 948 2070 κατά
984 2034 1036 2069 τι
1070 2018 1126 2069 δὲ
1158 2018 1249 2069 καὶ
1276 2017 1541 2086 εὐκαίρως
1572 2017 1785 2083 ἀφίεται

221 2110 328 2159 καὶ
378 2106 804 2178 συγκεχώρηται.
1008 2109 1065 2161 '0
1094 2108 1253 2168 αὐτὸς
1290 2106 1467 2158 τοίνυν
1509 2105 1663 2173 λόγος
1696 2108 1786 2159 κα)⁵

222 2198 364 2267 περὶ
389 2198 483 2266 τῆς
509 2197 727 2266 μίξεως·
751 2197 1027 2268 Μακάριος
1050 2198 1105 2260 ὃς
1128 2198 1184 2249 ἐν
1212 2196 1439 2265 νεότητι⁴
1468 2195 1626 2261 ζυγὸν
1650 2194 1785 2264 ἔχων

221 2287 541 2357 ἐλεύθερον,
576 2290 640 2357 τῇ
685 2288 841 2353 φύσει
886 2290 1014 2358 πρὸς
1042 2287 1378 2340 παιδοποιίαν
1408 2285 1701 2355 κέχρηταιο
1737 2285 1783 2337 εί

222 2379 282 2430 δὲ
322 2378 455 2447 πρὸς
486 2377 786 2445 ἀσέλγειαν,
820 2379 1053 2448 πόρνους
1100 2379 1191 2430 καὶ
1222 2377 1438 2446 μοιχοὺς
1467 2379 1499 2446 η
1533 2376 1680 2446 παρά
1708 2374 1785 2445 τῷ

236 2466 547 2535 Ἀποστόλῳ
571 2469 837 2535 γραφεῖσα
854 2466 1090 2536 τιμωρία
1115 2465 1405 2531 ἐκδέξεται.
1556 2465 1657 2517 Δύο
1678 2465 1785 2536 γὰρ

223 2555 406 2622 οὐσῶν
434 2554 564 2607 ὁδῶν
590 2557 646 2607 ὲν
666 2555 742 2624 τῷ
763 2554 861 2624 βίῳ
882 2555 1007 2625 περὶ
1030 2554 1251 2617 τούτων,
1286 2554 1412 2623 μιᾶς
1438 2556 1534 2623 μὲν
1558 2570 1789 2624 μετριωέ

224 2644 396 2712 τέρας
434 2644 524 2694 καὶ
558 2642 843 2712 βιωτικῆς,
873 2643 966 2694 τοῦ
994 2642 1168 2711 γάμου
1192 2642 1334 2709 λέγω
1352 2658 1365 2671 ·
1397 2642 1492 2710 τῆς
1518 2640 1573 2695 δὲ
1596 2642 1785 2713 ἐτέρας

223 2731 524 2799 ἀγγελικῆς
558 2730 649 2783 καὶ
682 2729 1100 2799 ἀνυπερϐλήτου,
1130 2726 1228 2797 τῆς
1250 2730 1541 2798 παρθενίας
1563 2746 1577 2760 ο
1609 2731 1655 2782 εί
1688 2729 1785 2798 μέν

222 2838 314 2883 τις
344 2820 439 2891 τὴν
464 2819 747 2890 κοσμικὴν,
781 2819 921 2871 τοῦτ’
950 2818 1063 2870 εστι
1092 2818 1181 2871 τὸν
1210 2819 1405 2888 γάμον,
1431 2821 1618 2877 ἕλοιτο.
1646 2820 1784 2888 μέμ-

223 2911 325 2977 ψιν
361 2913 454 2977 μὲν
483 2910 580 2962 οὐκ
613 2908 722 2979 ἔχει
740 2924 754 2937 ·
787 2907 1017 2961 τοσαῦτα
1038 2907 1094 2959 δὲ
1115 2907 1424 2978 χαρίσματα
1455 2910 1513 2961 οὐ
1536 2909 1780 2979 λήψεται.

224 2998 473 3069 Λήψεται
506 2998 613 3067 γὰρ
634 3037 649 3063 ,
683 2997 906 3067 ἐπείπερ
935 2996 1086 3067 φέρει
1116 2996 1210 3052 καὶ
1253 3000 1412 3061 αὐτὸς
1446 3000 1652 3069 καρπὸν
1677 2998 1793 3050 τῶν

224 3090 548 3157 τριάκοντα.
713 3088 775 3140 Ei
801 3087 861 3147 ,δὲ
893 3088 991 3160 τὴν
1018 3089 1183 3159 ἁγνήν
1210 3105 1291 3151 τις
1318 3089 1409 3141 καὶ
1426 3088 1783 3158 ὑπερκόσμιον

225 3154 545 3240 ἀσπάσοιτο,
570 3179 615 3231 εί
642 3176 733 3229 καὶ
758 3154 982 3249 τραχεῖα
1003 3154 1152 3250 παρά
1176 3163 1272 3249 τῆν
1298 3176 1514 3249 πρώτην
1534 3154 1636 3229 ’καὶ
1662 3154 1783 3228 δυσ-

1882 3168 2197 3224 lentioribus
2249 3170 2335 3225 ille
2384 3171 2697 3226 muneribus
2730 3162 3041 3225 'donandus
3090 3179 3173 3223 est
3220 3185 3233 3222 ι

226 3269 569 3338 κατόρθωτος
602 3269 637 3340 ἡ
664 3269 809 3333 ὁδὸς,
838 3271 985 3340 ὅμως
1006 3270 1116 3338 ἔχει
1143 3270 1453 3339 χαρίσματα
1471 3266 1782 3336 θαυμασιώ-

223 3377 290 3412 τε
302 3376 398 3431 ρα·
429 3361 519 3413 τὸν
548 3361 654 3430 γὰρ
683 3360 883 3413 τέλειον
918 3360 1123 3430 καρπὸν
1151 3361 1246 3429 τὴν
1279 3357 1599 3410 ἑκατοντάδα
1628 3356 1783 3408 ὲόλά-

232 3460 453 3515 στησεν.
490 3448 646 3501 ’Ὥστε
672 3449 738 3502 τὰ
768 3448 1047 3517 ἀκάθαρτα
1074 3446 1247 3499 αὐτῶν
1272 3446 1364 3498 καὶ
1391 3446 1598 3515 πονηρὰ
1621 3443 1784 3513 ζητή-

235 3552 387 3604 ματα
413 3534 588 3597 λύσεις
620 3536 753 3598 ἰδίας
783 3535 905 3603 ἔσχε
937 3538 1027 3588 καὶ
1060 3535 1208 3603 παρά
1237 3534 1341 3587 τῶν
1376 3534 1530 3586 θείων
1556 3534 1781 3603 Γραφῶν

232 3623 404 3677 πάλαι
433 3623 802 3694 προλυθείσας.
872 3625 1224 3695 Ὑποστήριζε
1257 3624 1450 3688 τοίνυν,
1502 3620 1546 3676 ὧ
1579 3624 1778 3690 Πάτερ,

230 3714 338 3775 τὰς
368 3714 471 3766 ὑπὸ
505 3714 695 3766 σαυτὸν
724 3714 950 3781 ἀγέλας,
991 3715 1053 3767 ὲκ
1082 3714 1186 3767 τῶν
1210 3714 1574 3767 ἀποστολικῶν
1608 3730 1780 3781 παρα-

232 3801 442 3859 καλῶν,
607 3801 668 3853 ὲκ
690 3800 793 3852 τῶν
821 3800 1183 3868 εύαγγελικῶν
1208 3800 1557 3869 ψυχαγαγῶν,
1588 3800 1653 3851 ἐκ
1672 3798 1777 3852 τῶν

228 3886 461 3956 ψαλμῶν
492 3887 893 3956 συμϐουλεύων·
924 3888 1126 3956 Ζῆσόν
1154 3903 1228 3955 με
1250 3926 1265 3950 ,
1295 3887 1463 3954 λέγων
1485 3925 1498 3949 ,
1544 3885 1690 3938 κατὰ
1715 3886 1780 3937 τὸ

232 3978 443 4045 ,ιότιόν
470 3994 605 4031 σου·
641 3978 813 4046 λόγιον
832 3980 887 4032 δὲ
924 3977 1085 4031 αὐτοῦ
1112 3979 1173 4030 τὸ
1204 3981 1266 4031 ὲκ
1292 3978 1533 4049 καθαρᾶς
1561 3977 1782 4046 καρδίας

232 4062 514 4131 λατρεύειν
536 4063 697 4133 αὐτῷ.
731 4064 896 4117 Τοῦτο
917 4064 1022 4136 γὰρ
1049 4062 1199 4126 εἰδὼς
1226 4066 1254 4117 ό
1286 4064 1443 4127 αὐτὸς
1471 4064 1778 4136 Προφήτης,

232 4150 424 4220 ὥσπερ
451 4152 639 4204 ἑαυτὸν
669 4153 1054 4224 μεταφράζων,
1111 4142 1288 4220 λέγει·
1318 4152 1576 4220 Καρδίαν
1601 4154 1781 4206 καθα-

231 4243 351 4307 ρὰν
372 4242 582 4295 κτίσον
608 4244 676 4296 ἐν
697 4244 846 4312 ἐμοὶ.
872 4247 906 4297 ὁ
936 4245 1074 4309 Θεός
1093 4259 1108 4274 ·
1138 4244 1224 4297 ἵνα
1252 4242 1326 4313 μὴ
1354 4240 1617 4312 ῥυπώδεις
1638 4241 1783 4308 λογι-

228 4334 357 4404 σμοί
388 4352 452 4404 με
476 4334 765 4405 ταράξωσι.
800 4335 965 4390 Πάλιν
999 4336 1185 4390 Δαδίδ·
1207 4336 1315 4390 Καὶ
1339 4336 1781 4409 Πνεύμαηήτις

228 4425 453 4493 μονικῷ
483 4425 765 4493 στήριξόν
784 4442 891 4495 με·
921 4426 1024 4489 ἵνα,
1053 4427 1151 4480 κάν
1178 4443 1303 4479 ποτε
1322 4426 1566 4497 λογισμοί
1599 4444 1665 4497 με
1694 4427 1784 4484 θο-

1886 1916 2325 1985 concediturque.
2358 1914 2555 1969 Eadem
2605 1917 2763 1984 igitur
2810 1926 2892 1971 est
2935 1918 3000 1970 de
3047 1918 3188 1969 coitu
3240 1917 3428 1970 ratio:

1886 2003 2082 2060 Beatus
2110 2007 2201 2074 qui
2235 2007 2287 2059 in
2318 2007 2598 2074 juventute
2627 2008 2795 2061 libero
2816 2007 3031 2075 junctus
3067 2008 3430 2072 matrimonio,

1887 2103 2077 2149 natura
2107 2096 2172 2147 ad
2197 2096 2488 2149 liberorum
2516 2097 2937 2164 procreationem
2974 2111 3102 2150 usus
3125 2105 3208 2149 est
3242 2113 3255 2148 :
3286 2094 3431 2162 quod

1886 2183 1932 2237 si
1982 2184 2047 2237 ad
2092 2184 2401 2249 libidinem,
2460 2184 2814 2240 fornicatores
2863 2195 2916 2239 et
2957 2187 3236 2249 moechos,
3284 2184 3431 2253 quod

1885 2273 2026 2343 apud
2057 2273 2372 2343 Apostolum
2417 2284 2746 2327 memoratur
2769 2313 2784 2338 ,
2817 2274 3137 2342 supplicium
3178 2274 3427 2342 excipiet.

1885 2364 2018 2418 Nam
2052 2364 2244 2432 duplex
2274 2378 2396 2417 cum
2425 2364 2495 2416 sit
2533 2361 2615 2415 via
2653 2363 2704 2415 in
2736 2364 2841 2417 vita
2865 2402 2880 2425 ,
2909 2364 3014 2416 alia
3049 2364 3261 2432 quidem
3294 2363 3431 2417 infc-

1889 2455 1996 2508 rior
2018 2454 2414 2523 vulgariorquc,
2441 2453 2765 2517 matrimonii
2796 2453 3034 2519 scilicet;
3058 2455 3163 2507 alia
3188 2468 3312 2507 vero
3333 2469 3429 2507 an-

1884 2544 2051 2614 gelica
2085 2551 2139 2597 et
2167 2556 2418 2611 suprema
2450 2542 2688 2594 omnium
2717 2580 2732 2605 ,
2766 2557 2954 2610 nempe
2982 2543 3335 2612 virginitatis;
3381 2543 3427 2597 si

1884 2634 2007 2702 quis
2037 2632 2362 2685 mundanam
2388 2670 2401 2693 ,
2435 2630 2653 2699 nuptias
2684 2630 2936 2683 nimirum
2976 2631 3227 2697 elegerit,
3272 2628 3426 2699 culpa

1882 2723 2097 2793 quidem
2132 2728 2314 2785 vacat,
2359 2719 2449 2774 sed
2500 2728 2576 2773 tot
2621 2729 2874 2789 tantaque
2918 2735 3024 2773 nou
3056 2731 3427 2791 consequetur

1884 2811 2044 2867 dona.
2069 2810 2445 2878 Consequetur
2470 2814 2648 2862 tamen
2678 2809 2887 2877 aliqua,
2916 2812 2960 2863 si
2987 2812 3200 2878 quidem
3230 2820 3283 2865 et
3310 2815 3426 2880 ipse

1884 2900 1985 2955 fert
2016 2899 2244 2952 fructum
2269 2898 2620 2952 tricesimum.
2651 2896 2706 2949 Si
2736 2898 2857 2966 quis
2883 2914 3007 2953 vero
3035 2907 3235 2951 castam
3268 2915 3428 2951 mttu-

1880 2987 2059 3056 doque
2110 2987 2439 3054 superiorem
2482 2984 2762 3052 amplexus
2790 2984 2949 3040 fuerit
2975 2987 3135 3039 vitam
3160 3028 3175 3051 ,
3212 2988 3422 3042 tametsi

1882 3078 1996 3131 haec
2024 3077 2188 3131 altera
2218 3076 2459 3146 asperior
2501 3082 2555 3127 et
2588 3073 2853 3131 dimeilior
2880 3076 2963 3129 via
2990 3086 3101 3141 est,
3136 3086 3187 3130 at
3239 3077 3420 3131 excel-

3293 3183 3419 3237 per-

1881 3257 2077 3313 fectum
2128 3260 2322 3327 quippe
2364 3260 2634 3322 fructum,
2676 3275 2863 3327 nempe
2895 3259 3242 3313 centesimum
3291 3270 3418 3325 pro-

1879 3347 2048 3400 duxit.
2080 3345 2260 3415 Itaque
2288 3346 2536 3402 obscenae
2561 3348 2772 3401 illorum
2809 3357 2966 3414 atque
2996 3346 3239 3412 malignae
3270 3359 3415 3412 quzeo

1880 3436 2119 3496 etioncs.
2192 3438 2436 3505 proprias
2506 3438 2704 3491 habent
2756 3438 3048 3491 solutiones
3097 3450 3159 3487 ex
3220 3434 3417 3489 divinis

1881 3523 2172 3592 Scripturis
2198 3525 2307 3592 jam
2343 3526 2467 3577 olim
2499 3526 2707 3579 allatas.
2743 3523 3011 3579 Conﬁrma
3048 3537 3205 3592 ergo,
3235 3520 3414 3587 Pater,

1877 3629 2063 3683 greges
2116 3624 2237 3668 tuos
2265 3654 2279 3677 ,
2313 3616 2725 3684 apostolicisque
2766 3615 2943 3669 verbis
2978 3614 3206 3667 hortare.
3243 3608 3419 3664 Evan-

1878 3705 2058 3773 gelicis
2087 3704 2347 3769 demulce,
2376 3722 2438 3759 ex
2467 3706 2687 3775 psalmis
2720 3707 2784 3759 da
2816 3705 3097 3760 consilium
3138 3719 3152 3757 :
3199 3703 3415 3771 Viriﬁca

1881 3810 1978 3858 me,
2008 3794 2213 3858 dicens,
2264 3796 2541 3847 secundum
2579 3795 2834 3866 eloquium
2871 3805 3014 3847 tuum
3054 3798 3074 3829 ³
3104 3812 3115 3846 :
3141 3793 3413 3861 eloquittm

1875 3892 2050 3937 autem
2081 3883 2198 3953 ejus
2240 3883 2363 3944 illud
2390 3893 2470 3938 est
2493 3924 2506 3947 ,
2554 3891 2611 3936 ut
2653 3900 2715 3936 ex
2749 3898 2880 3950 puro
2914 3882 3074 3937 corde
3116 3882 3414 3935 serviamus

1873 3973 1973 4025 illi.
2008 3970 2117 4027 Hoc
2144 3987 2265 4025 cum
2296 3987 2402 4025 non
2430 3973 2637 4042 ignoret
2664 3974 2774 4041 ipse
2796 3971 3082 4041 Propheta,
3111 3984 3229 4023 sese
3251 3968 3407 4038 quasi

1875 4062 2254 4130 interpretatur
2273 4061 2475 4116 dicens:
2497 4061 2602 4116 Car
2618 4062 2864 4114 mundum
2877 4077 2992 4115 (νεα
3005 4062 3059 4113 in
3084 4059 3325 4123 me,Deus
3362 4058 3409 4120 ⁵,

1874 4169 1941 4208 ne
1985 4169 2071 4208 me
2118 4154 2361 4209 obscene
2410 4157 2762 4224 cogitationes
2812 4159 3147 4213 conturbent.
3203 4156 3413 4210 Rursus

1874 4244 1988 4310 ipse
2018 4243 2177 4297 David
2204 4261 2218 4297 :
2252 4242 2315 4295 Et
2345 4242 2545 4311 Spiritu
2570 4246 2846 4313 principali
2868 4247 3118 4313 confirma
3143 4261 3218 4297 me
3241 4243 3263 4275 ⁸
3303 4287 3316 4309 ,
3357 4254 3414 4297 ut

1864 4332 1910 4389 si
1938 4332 2154 4404 quando
2182 4347 2267 4386 me
2292 4330 2642 4403 cogitationes
2674 4336 2997 4387 conturbent
3025 4372 3037 4397 ,
3068 4333 3241 4387 valida
3271 4348 3332 4385 ex
3365 4343 3415 4386 te

1863 4424 2033 4479 virtus
2067 4439 2152 4479 tne
2179 4425 2331 4492 quasi
2366 4422 2512 4478 basis
2545 4420 2753 4476 fulciat.
2810 4420 2933 4475 Haac
2982 4421 3144 4491 igitur
3189 4430 3240 4474 et
3286 4421 3411 4475 talia

239 4502 543 4582 ρυὸήσωσιν
565 4554 580 4576 ,
618 4515 809 4584 ἰσχυρά
860 4531 943 4577 τις
991 4514 1137 4585 παρὰ
1169 4513 1262 4567 σοῦ
1293 4514 1515 4585 δύναμις
1558 4513 1780 4590 στηριξῃ

1879 4515 2191 4571 :onsulendo
2213 4556 2225 4579 ,
2260 4514 2347 4569 dio
2378 4514 2441 4569 iis
2466 4513 2557 4583 qui
2602 4512 2749 4566 tarde
2776 4511 2983 4564 veritati
3019 4511 3412 4577 obtemperant,

238 4616 332 4671 με,
509 4600 694 4672 ὥσπερ
727 4603 926 4673 κρηπὶς
968 4603 1318 4672 τυγχάνουσα.
1377 4604 1544 4666 Αὐτὸς
1584 4604 1779 4672 τοίνυν,

234 4692 405 4744 ταῦτα
433 4691 527 4745 καὶ
557 4691 624 4744 τὰ
653 4692 871 4746 τοιαῦτα
895 4693 1268 4763 συμϐουλεύων
1290 4733 1304 4757 ,
1338 4693 1459 4762 λέγε
1488 4695 1624 4764 πρὸς
1656 4697 1780 4758 τοὺς

235 4780 447 4853 βράδιον
488 4784 552 4852 τῇ
586 4781 807 4852 ἀληθείᾳ
840 4782 1207 4851 πειθομένους
1264 4782 1487 4847 Διδάξω
1522 4784 1779 4854 ἀνόμους

233 4871 339 4935 τὰς
366 4870 541 4935 ὁδούς
562 4886 703 4924 σου·
733 4871 828 4924 καὶ
854 4871 1065 4943 θαρρῶν
1091 4872 1296 4941 Κυρίῳ,
1324 4873 1403 4925 ὅτι
1428 4872 1633 4935 πείσεις
1657 4874 1771 4926 ἀπο

235 4961 456 5032 σχέσθαι
502 4963 600 5032 τῆς
638 4963 887 5039 τοιαύτης
917 4964 1139 5039 κακίας,
1168 4963 1363 5031 ψάλλεσ
1397 4964 1510 5017 Kal
1547 4964 1776 5029 ἀσεϐεῖς

227 5054 327 5105 ἐπὶ
358 5052 433 5105 σὲ
590 5034 991 5120 ἐπιτρέψουσα
1020 5034 1229 5106 Γένοιτο
1249 5055 1304 5106 δὲ
1324 5055 1443 5115 τοὺς
1486 5053 1582 5123 μὲν
1620 5070 1766 5106 κακο-

230 5139 374 5208 ήθως
408 5140 694 5210 ζητοῦντας
728 5140 1032 5194 παύσασθαι
1064 5142 1160 5212 τῆς
1191 5141 1439 5211 τοιαύτης
1488 5156 1765 5210 ματαιοπο·

230 5227 378 5290 νίας*
434 5229 559 5291 τοὺς
586 5229 639 5281 δὲ
672 5228 738 5281 δι’
772 5230 1017 5301 εὐήθειαν
1202 5230 1496 5292 ὲνδυαστῶς
1539 5228 1775 5299 ἔχοντας,

227 5315 534 5385 ¹ἢγεμονικίῥ
566 5317 837 5388 Πνεύματι
879 5320 1270 5390 κρατυνθῆναι·
1300 5321 1411 5373 ὅσοι
1450 5321 1506 5374 δὲ
1551 5319 1774 5389 βεϐαίως

222 5403 324 5471 τὴν
352 5402 603 5472 ἀλήθειαν
628 5405 936 5468 ἐπίστασθε,
954 5408 1166 5477 ἀρραγῆ
1193 5408 1390 5477 ταύτην
1406 5408 1657 5479 κατέχετε
1684 5408 1776 5462 καὶ

1864 4606 2064 4661 Docebo
2095 4607 2297 4675 iniquos
2328 4606 2437 4658 vias
2470 4615 2587 4658 tua:
2611 4644 2624 4667 ,
2667 4604 2719 4656 in
2756 4602 3085 4670 Dominoque
3117 4601 3412 4665 conlidens,

1865 4704 1917 4751 te
1943 4710 2229 4750 suasurum
2256 4694 2359 4748 illis
2390 4704 2448 4747 ut
2476 4695 2543 4748 ab
2569 4691 2881 4762 huiusmodi
2912 4692 3043 4746 vitio
3087 4691 3413 4753 abstineant.

1863 4785 2061 4855 psalle,
2093 4795 2141 4838 et
2185 4785 2331 4853 impii
2375 4784 2442 4837 ad
2486 4793 2532 4837 le
2573 4791 2932 4837 convertentur
2976 4784 3013 4837 ⁸.
3056 4781 3269 4837 Utinam
3320 4783 3415 4852 qui

1863 4873 2006 4927 malo
2038 4874 2217 4928 animo
2252 4876 2411 4928 hasce
2460 4883 2677 4927 movent
2710 4874 3059 4943 quaestiones,
3110 4873 3160 4926 in
3198 4886 3413 4926 cassum

1862 4961 2139 5017 laborandi
2185 4963 2341 5015 finem
2396 4960 2593 5016 fat-iant
2622 4983 2633 5016 :
2663 4965 2754 5032 qui
2798 4978 2923 5017 vero
2960 4962 3030 5016 ob
3078 4960 3240 5015 animi
3283 4960 3414 5013 sim-

1862 5051 2151 5120 plicitatem
2187 5051 2239 5103 in
2272 5051 2605 5105 dubitatione
2634 5058 2937 5112 versantur,
2973 5047 3175 5117 Spiritu
3213 5047 3414 5115 princ'-

1862 5139 1967 5208 pali
2021 5139 2407 5192 conﬁrmentur
2440 5155 2451 5189 :
2482 5147 2741 5208 quotquot
2776 5147 2951 5191 autem
2996 5138 3275 5191 veritatem
3324 5136 3416 5189 tir-

1865 5229 2022 5282 miter
2062 5231 2231 5284 nostis
2255 5272 2269 5296 ,
2300 5244 2419 5283 eam
2470 5228 2750 5283 infractam
2779 5237 2833 5282 et
2880 5228 3254 5283 inconcussam
3289 5227 3420 5279 reti-

1867 5318 2035 5372 neatis
2066 5319 2116 5371 in
2344 5318 2557 5373 Christo
2602 5317 2729 5372 Jesu
2765 5317 2993 5372 Domino
3031 5325 3217 5371 nostro
3250 5332 3262 5367 :
3294 5315 3417 5385 qui-

1857 5418 1987 5474 cum
2036 5405 2175 5459 Patri
2228 5406 2398 5474 gloria
2429 5416 2479 5461 et
2506 5406 2787 5475 imperium
2822 5420 2943 5460 cum
2980 5403 3183 5475 Spiritu
3226 5411 3415 5456 sancto

224 5490 513 5544 ἀσάλευτον
562 5493 619 5544 ὲν
669 5492 883 5565 Χριστῷ
924 5488 1094 5566 ’1ησοῦ
1121 5494 1196 5563 τῷ
1220 5496 1408 5566 Κυρίῳ
1434 5496 1620 5568 ἡμῶν,
1657 5495 1773 5567 μεθ’

1879 5498 1919 5547 ζη
1947 5496 2158 5549 saecula.
2191 5496 2381 5553 Amen.

219 5597 275 5651 οἱ
304 5594 382 5664 τῷ
414 5595 583 5662 Πατρὶ
609 5591 736 5655 δόξα
776 5590 951 5644 καὶτὸ
983 5590 1179 5660 κράτος
1208 5590 1302 5642 σὺν
1325 5588 1462 5657 ἁγίῳ
1483 5587 1756 5656 Πνεύματι
1788 5587 1867 5649 είς
1899 5586 2021 5649 τοὺς
2064 5585 2287 5650 αἰῶνας.
2333 5580 2520 5654 Ἀμὴν.

298 5716 531 5773 ίῦεηεε.
571 5732 609 5779 ι,
641 5714 732 5770 9.8.
807 5719 827 5747 ’
864 5712 1024 5768 Hebr.
1055 5727 1168 5777 ru,
1211 5712 1260 5765 ιι
1336 5712 1355 5742 ³
1384 5710 1516 5765 Psal.
1559 5725 1742 5770 cxvnt.

1879 5710 1904 5761 '.
1982 5708 2001 5738 ⁸
2032 5711 2167 5771 Psal.
2200 5726 2248 5771 t.,
2283 5709 2362 5762 12.
2438 5710 2456 5740 ⁵
2493 5707 2619 5759 ibid.
2661 5709 2741 5762 Η.
2820 5707 2838 5739 ⁸
2863 5707 3001 5763 Psal.
3034 5724 3081 5777 ι,
3116 5707 3202 5767 i5.
