3998 6326
177 405 294 468 553

1099 403 1178 464 IN
1223 403 1464 464 EPIST.
1510 403 1564 463 S.
1607 398 2017 461 ATHANASII
2054 399 2152 459 AD
2195 396 2500 457 AMMUM.

3321 392 3423 452 554

174 517 385 588 ράσσει
427 515 554 578 τοὺς
593 513 1012 585 ἀκεραιοτέρους
1048 514 1146 583 τὴν
1185 515 1429 584 γνώμην,
1474 513 1596 584 ἦτοι
1636 508 1761 573 τοὺς

1882 514 2036 565 iores
2080 511 2279 574 animo,
2320 508 2677 575 simpliciores
2710 503 2959 559 videlicet
2988 503 3376 573 perturbantur
3413 519 3429 552 :

175 611 594 681 ἁπλουστέρους
623 625 640 642 ο
684 610 816 679 φέρε
859 609 927 662 δι’
949 610 1147 678 ὀλίγων
1187 611 1358 677 λόγων
1397 608 1760 676 ἀπελάσωμεν

174 703 250 755 ὲν
282 701 402 771 Θεῷ
434 701 533 772 τὴν
565 699 660 754 τοῦ
697 700 936 772 πονηροῦ
976 701 1206 772 πλάνην,
1248 702 1368 754 ἀντὶ
1400 700 1495 753 τοῦ
1534 699 1611 770 τῷ
1645 695 1763 765 Θεῷ

176 794 550 865 Θαρροῦντες,
584 793 675 845 καὶ
705 793 804 861 τὴν
831 791 1056 862 γνώμην
1085 793 1192 844 τῶν
1223 791 1604 858 ἁπλουστέρων
1636 804 1764 856 στη-

179 885 451 953 ρίξωμεν.
481 885 742 953 Ἀρχεται
779 882 872 937 οὖν
910 883 1006 936 τοῦ
1047 883 1228 950 λόγου,
1266 882 1463 951 χρῆσιν
1501 881 1764 950 παράγων

176 976 255 1026 ἐκ
283 976 381 1040 τῆς
411 974 548 1042 πρὸς
578 975 734 1026 Τῖτον
765 974 1052 1043 ἐπιστολῆς
1083 973 1176 1026 τοῦ
1211 973 1367 1041 ἁγίου
1405 972 1641 1034 Παύλου,
1671 970 1767 1024 καί

179 1080 358 1133 φησιν
386 1065 468 1116 ὅτι
499 1063 676 1118 πάντα
703 1063 922 1133 καθαρά
949 1066 1062 1127 τοῖς
1091 1062 1382 1134 καθαροῖς,
1413 1063 1518 1116 τῶν
1546 1062 1599 1114 δὲ
1628 1062 1766 1114 ἀκα-

179 1153 404 1223 θάρτων
440 1156 535 1207 καὶ
577 1155 610 1224 ἡ
657 1153 962 1225 συνείδησις
1015 1155 1371 1224 μεμόλυνται.
1412 1153 1598 1207 Ταῦτα
1641 1155 1697 1205 δὲ
1741 1155 1768 1205 ό

182 1244 462 1312 μακάριος
503 1242 712 1305 Παῦλος
753 1243 879 1314 περὶ
914 1243 1017 1313 τῆς
1053 1245 1110 1296 ὲν
1153 1243 1437 1313 βρώμασιν
1474 1241 1766 1309 Ἰουδαϊκῆς

177 1337 336 1403 λέγει
371 1335 832 1406 παρατηρήσεως,
865 1336 946 1389 ὅτι
975 1335 1084 1388 τῶν
1115 1336 1219 1388 ὑπὸ
1248 1336 1382 1388 θεοῦ
1417 1335 1764 1398 κτισθέντων,

179 1429 341 1482 οὐδὲν
376 1429 689 1498 ἀκάθαρτον
724 1429 866 1481 κατά
900 1429 1000 1496 τὴν
1036 1427 1230 1481 ἑαυτοῦ
1271 1428 1432 1496 φύσιν
1458 1445 1471 1459 ·
1525 1427 1678 1480 οὐδὲν
1712 1427 1769 1479 δὲ

177 1521 300 1582 τοῖς
343 1519 737 1590 μεμιασμένοις
775 1519 1036 1587 καθαρὸν,
1078 1518 1213 1571 ἀλλά
1257 1518 1551 1588 μεμίανται
1590 1517 1770 1569 αὐτῶν

179 1612 279 1663 καὶ
308 1613 337 1664 ὁ
368 1609 492 1672 νοῦς
519 1614 610 1664 καὶ
641 1613 672 1680 ἡ
706 1610 1010 1686 συνείδησις
1031 1625 1043 1639 ·
1081 1607 1375 1679 μεμίανται
1404 1608 1459 1660 δὲ
1491 1608 1556 1677 τῇ
1592 1608 1770 1676 ἁμαρ-

179 1701 277 1772 τίᾳ
308 1703 404 1754 καὶ
433 1700 510 1772 τῷ
545 1701 856 1770 λογίζεσθαι
889 1703 955 1754 τὰ
994 1700 1069 1772 μὴ
1103 1700 1402 1769 πρέποντα.
1434 1698 1531 1751 Διά
1562 1698 1772 1752 τούτων

179 1788 280 1846 οῦν
305 1792 414 1845 τῶν
439 1792 612 1862 λόγων
641 1792 1169 1865 προκατασκευάσας
1196 1793 1223 1842 ό
1251 1790 1426 1860 μέγας
1457 1788 1773 1852 ’Δθανάσιος

180 1879 288 1948 τὴν
317 1880 530 1934 οἰκείαν
559 1882 778 1952 γραφὴν
815 1881 1012 1948 ἀπάγει
1038 1894 1054 1911 '
1087 1881 1337 1948 ’Δγαμαι
1369 1879 1426 1932 δὲ
1447 1919 1463 1945 ,
1495 1879 1615 1950 ἦτοι
1646 1878 1775 1933 θαυο

183 1969 372 2041 μάξω,
399 1971 494 2024 τοῦ
523 1971 770 2025 διαϐόλου
799 1971 860 2025 τὸ
887 1971 1156 2041 σόφισμα,
1183 1971 1281 2041 τὴν
1307 1971 1525 2044 ἀπάτην
1551 1971 1778 2054 δηλαδὴ⁹

179 2062 269 2115 δτι
299 2061 478 2131 φθορά
504 2061 581 2114 ὣν
611 2062 706 2116 καὶ
737 2061 886 2132 λύμη
912 2062 1195 2129 ὲνθυμίζιι
1227 2062 1520 2132 λογισμοὺς
1552 2064 1774 2118 δοκοῦν-

179 2170 285 2217 τας
316 2147 457 2208 εἶναι
484 2153 877 2224 καθαρότητος.
907 2154 980 2206 Τὸ
1007 2153 1065 2207 δὶ
1092 2155 1224 2225 παρ’
1249 2154 1459 2207 ἐκείνου
1491 2157 1774 2225 γινόμενον

179 2244 381 2314 ἐνέδρα
407 2245 579 2309 ἐστὶν,
607 2245 775 2315 ἤγουν
802 2244 1010 2315 κρυφία
1035 2244 1320 2316 ἐπιϐουλὴ,
1347 2245 1463 2300 ἀλλ’
1485 2247 1602 2316 οὐχὶ
1632 2247 1778 2299 δοκι-

183 2334 387 2404 μασία.
415 2336 533 2389 Ἵνα
560 2340 669 2408 γὰρ
696 2336 960 2409 ἀπαγάγῃ
990 2337 1114 2399 τοὺς
1143 2338 1388 2408 ἀσκητάς
1416 2337 1516 2406 τῆς
1545 2337 1737 2409 ίθίμου
1755 2377 1774 2404 ,

177 2427 435 2479 τουτέστι
465 2426 563 2496 τῆς
593 2427 860 2497 συνήθους
889 2428 985 2481 καὶ
1013 2426 1295 2497 ὠφελίμου
1325 2427 1607 2496 φροντίδος
1629 2468 1644 2492 ,
1675 2428 1770 2481 καὶ

175 2515 312 2585 δόξῃ
346 2515 500 2585 νικᾷν
533 2515 735 2578 αύτούς
763 2532 776 2547 ο
809 2514 950 2569 κατά
978 2514 1137 2570 τοῦτο
1170 2515 1292 2587 (διὰ
1323 2515 1516 2588 τοῦτο)
1546 2517 1772 2573 τοιαῦτα

181 2607 330 2658 κινεί
375 2605 668 2674 βομὸύκια,
716 2607 833 2676 ἦτοι
879 2606 1148 2677 φόδητρα,
1190 2607 1426 2678 βόμϐους
1468 2609 1627 2677 μόνον
1668 2611 1768 2678 ἐμ-

186 2696 474 2751 ποιοῦντα.
505 2697 570 2751 Τί
602 2701 733 2768 γάρ,
767 2701 952 2766 φησιν,
982 2699 1096 2769 ἔχει
1127 2700 1432 2770 ἁμάρτημα
1461 2701 1492 2770 ἢ
1525 2701 1772 2772 ἀκάθαρ-

185 2805 281 2842 τον
308 2792 344 2859 ﬂ
375 2789 582 2858 φυσικὴ
612 2789 901 2858 ἐκκρίσιςς
934 2788 1124 2859 ὥσπερ
1151 2792 1247 2844 ἐάν
1272 2809 1355 2853 τις
1384 2792 1621 2844 αἰτιᾶται
1648 2793 1773 2853 τοὺς

186 2882 514 2953 ἀνθρώπους
545 2885 638 2936 καὶ
662 2883 749 2937 διὰ
774 2884 872 2947 τὰς
901 2884 1066 2948 ἄλλας
1095 2884 1397 2955 ἐκκρίσεις,
1425 2880 1538 2937 οἷον
1561 2885 1647 2938 διὰ
1673 2885 1773 2946 τὰς

189 2973 370 3044 μύξας
403 2976 497 3026 καὶ
526 2977 594 3028 τά
630 2975 958 3044 πτύσματα,
993 2977 1086 3030 καὶ
1115 2977 1216 3030 ὅσα
1247 2975 1334 3029 διὰ
1365 2977 1646 3047 γαστέρων
1676 2977 1772 3029 ὲκ-

185 3065 510 3138 κρίνονται,
541 3065 710 3136 ήγουν
740 3065 1096 3119 ὲκϐἀλλονται
1127 3065 1224 3119 καὶ
1257 3065 1538 3119 κενοῦνται
1561 3104 1577 3128 ,
1612 3066 1771 3120 ama

1867 619 1963 671 age
1997 602 2145 658 brevi
2173 615 2420 656 sermone
2454 600 2530 670 (id
2561 611 2662 662 εει,
2695 596 2804 651 Deo
2829 597 3073 664 ﬁdentes)
3101 597 3431 666 disjiciamus

1870 698 1922 749 in
1973 697 2082 749 Deo
2119 694 2314 750 diaboli
2363 693 2614 755 fraudes,
2668 706 2731 744 ac
2787 689 3173 759 simpliciorum
3225 689 3434 743 animos

1869 788 2272 842 confirmemus.
2332 782 2647 838 Sermonem
2703 783 2885 850 itaque
2941 781 3274 849 auspicatur.
3326 782 3434 837 divi

1869 879 2017 934 Pauli
2049 877 2369 934 sententiam
2418 875 2696 944 proferens
2729 887 2792 927 ex
2828 872 3062 942 Epistola
3098 874 3164 927 ad
3215 871 3437 936 Titum,

1870 976 2050 1041 aitque
2078 971 2254 1025 omnia
2283 969 2480 1023 munda
2517 967 2750 1032 mundis,
2787 968 3115 1033 impurornm
3147 981 3274 1020 vero
3306 981 3438 1021 cana

1872 1063 2156 1119 scientiam
2186 1076 2404 1132 quoque
2438 1074 2558 1114 esse
2583 1059 2857 1129 pollutam.
2899 1058 3022 1113 Haec
3070 1073 3198 1112 vero
3252 1059 3439 1112 beatus

1875 1156 2068 1211 Paulus
2097 1155 2163 1210 de
2187 1154 2406 1208 Judaica
2441 1153 2818 1207 observatione
2843 1151 2895 1204 in
2927 1151 3064 1204 cibis
3105 1152 3299 1204 asserit
3330 1192 3344 1215 ,
3379 1150 3442 1202 il-

1877 1248 2046 1303 lorum
2080 1261 2200 1315 qua:
2230 1261 2259 1299 a
2300 1245 2407 1299 Deo
2441 1253 2619 1298 creata
2654 1255 2778 1297 sunt
2806 1252 2996 1296 natura
3027 1257 3124 1294 sua
3161 1241 3294 1293 nihil
3320 1254 3445 1292 esse

1873 1339 2141 1408 impurum
2169 1354 2186 1392 :
2210 1350 2384 1405 neque
2407 1350 2534 1389 vero
2573 1333 2788 1402 pollutis
2818 1333 3110 1400 quidquam
3139 1345 3259 1384 esse
3287 1346 3442 1382 mun-

1873 1429 2023 1490 dum,
2053 1427 2146 1482 sed
2177 1426 2411 1495 ipsorum
2439 1437 2652 1492 quoque
2685 1433 2944 1485 mentem,
2973 1430 3024 1476 et
3059 1420 3442 1474 conscientiam

1875 1519 2130 1589 pollutam
2159 1531 2298 1572 esse.
2338 1513 2530 1569 Polluti
2561 1523 2687 1568 sunt
2711 1513 2856 1568 cnim
2891 1524 3134 1583 peccato,
3155 1521 3208 1566 et
3233 1526 3295 1565 ιλιι
3325 1527 3443 1579 qua:

1876 1615 2126 1670 indecora
2173 1620 2341 1678 sunt,
2380 1611 2684 1681 cogitando.
2741 1610 2843 1663 Per
2894 1610 3006 1663 haec
3063 1609 3221 1679 igitur
3276 1605 3440 1660 verba

1877 1708 2166 1763 constituto
2189 1720 2300 1760 suae
2327 1703 2634 1773 scriptionis
2663 1702 2923 1771 prommio
2951 1716 3174 1769 magnus
3204 1701 3444 1752 Athana-

1876 1800 1990 1854 sius
2017 1797 2271 1866 subiicit:
2306 1795 2473 1850 Miror
2522 1804 2729 1858 autem,
2777 1793 2890 1846 sive
2933 1807 3054 1844 cum
3086 1790 3443 1843 admiratimte

1891 1897 2076 1958 specto
2100 1887 2292 1942 diaboli
2322 1885 2670 1940 calliditatem
2697 1924 2714 1949 ,
2767 1882 2984 1936 fraudes
3026 1882 3271 1936 videlicet
3304 1897 3318 1935 :
3356 1882 3446 1951 qui

1886 1995 2010 2035 cum
2043 1978 2313 2048 corruptio
2339 1976 2409 2031 sit
2437 1985 2492 2031 et
2522 1975 2655 2040 lues,
2690 1974 3042 2044 cogitationes
3088 1982 3264 2026 tamen
3285 2012 3298 2035 ,
3329 1986 3448 2040 qua)

1891 2087 2036 2142 purae
2065 2073 2312 2127 videntur
2335 2084 2477 2134 esse,
2510 2067 2564 2122 in
2584 2068 2828 2122 animum
2858 2066 3114 2121 insinuat.
3145 2065 3295 2131 Quod
3321 2078 3449 2117 vero

1889 2165 1956 2219 ab
1993 2164 2084 2220 illo
2116 2163 2173 2217 lit
2204 2161 2416 2217 insidias
2448 2171 2594 2223 sunt,
2625 2160 2726 2213 hoc
2771 2167 2872 2222 est,
2906 2157 3132 2212 occulta:
3171 2157 3453 2210 machina-

1883 2256 2081 2319 tiones,
2116 2267 2218 2307 non
2246 2249 2534 2321 probanda
2564 2249 2876 2304 constantiae
2894 2247 3346 2317 experimentum.
3378 2243 3449 2300 Ut

1885 2346 2028 2400 enim
2061 2358 2174 2406 eos.
2209 2340 2383 2410 quiin
2426 2353 2605 2394 rerum
2653 2337 2959 2392 divinarum
2993 2334 3342 2389 meditatione
3387 2349 3450 2387 se

1884 2442 2160 2496 exercent,
2195 2447 2224 2485 a
2248 2441 2534 2491 consueta,
2565 2428 2664 2482 hoc
2695 2435 2798 2493 est,
2827 2427 3026 2481 usitata
3061 2426 3214 2494 ipsis,
3249 2436 3302 2479 et
3334 2423 3450 2478 tru-

1885 2537 2071 2582 ctuosa
2119 2524 2350 2578 abducat
2383 2521 2727 2589 cogitatione,
2797 2527 2957 2588 atque
3003 2518 3148 2590 ipsos
3188 2533 3450 2586 superare

1885 2619 2149 2680 videatur,
2198 2614 2492 2670 secundum
2544 2612 2646 2668 hoc
2692 2613 2828 2683 (sive
2884 2611 3024 2666 hanc
3076 2612 3144 2665 ob
3201 2616 3446 2677 causam)

1886 2708 2148 2777 ejusmodi
2178 2714 2356 2762 movet
2386 2705 2698 2776 hombycia,
2722 2719 2818 2759 seu
2848 2701 3284 2757 terriculamenta
3319 2717 3440 2768 qua:

1883 2803 2217 2858 solummodo
2250 2799 2473 2854 bombos
2497 2798 2660 2852 cient.
2697 2794 2836 2861 Quid
2883 2802 2965 2849 est
3016 2793 3182 2857 enim,
3238 2795 3350 2858 ait,
3391 2794 3443 2844 in

1887 2893 2114 2948 naturali
2157 2892 2469 2947 excretione
2501 2889 2770 2952 criminis,
2795 2897 2886 2940 aut
2914 2886 3259 2955 impuritatis?
3287 2885 3447 2937 \‘Clttli

1884 2989 1928 3042 si
1951 2988 2070 3056 quis
2087 2985 2330 3039 homines
2357 2984 2427 3038 oh
2455 2983 2559 3036 alia
2590 2995 2804 3051 quoque
2828 2990 3175 3035 excrementa
3211 2985 3446 3038 accusrt,

1883 3086 1943 3131 ut
1986 3077 2054 3132 ob
2089 3089 2363 3129 mucorem
2416 3073 2650 3136 narium,
2705 3079 2760 3124 et
2813 3078 2994 3139 sputa,
3030 3079 3085 3122 et
3116 3081 3450 3135 quaecunque

187 3153 559 3222 ὶκκρινόμενα
586 3153 854 3222 ὠφελοῦσι
889 3153 1025 3224 πρὸς
1053 3155 1154 3224 τὴν
1187 3154 1354 3225 ζωήν.
1392 3155 1691 3224 Ἐπιχειρεῐ
1718 3155 1774 3207 δὲ

1883 3183 1978 3236 per
2009 3165 2364 3219 ventriculum
2396 3169 2781 3226 excernuntur,
2814 3161 2914 3215 hoc
2947 3167 3046 3223 est,
3074 3160 3362 3228 ejiciuntur
3387 3171 3449 3209 ac

189 3243 288 3293 καὶ
314 3242 603 3312 ἑτέρωθεν.
636 3243 699 3295 Et
731 3243 836 3314 γὰρ
869 3241 1222 3311 πιστεύομεν,
1255 3245 1409 3312 φησι,
1441 3244 1552 3296 τῶν
1580 3245 1779 3314 χειρῶν

187 3334 285 3386 τοῦ
314 3333 451 3386 Θεοῦ
481 3333 692 3404 ποίημα
717 3329 854 3387 εἶναι
879 3335 971 3387 τὸν
997 3334 1307 3404 ἄνθρωπον,
1335 3334 1451 3399 πῶς
1475 3337 1594 3388 ἐστι
1619 3335 1777 3387 δυνα-

188 3425 284 3477 τὸν
312 3425 378 3477 ὲκ
401 3423 496 3476 τοῦ
523 3422 658 3476 Θεοῦ
689 3425 995 3496 ἀκάθαρτόν
1019 3441 1074 3478 τι
1102 3423 1352 3493 γενέσθαι
1379 3426 1473 3479 καὶ
1506 3414 1775 3495 μεμολυσ-

193 3517 396 3586 μένονς
426 3518 534 3569 Καὶ
569 3517 616 3570 εί
649 3516 802 3584 γένος
839 3517 976 3570 Θεοῦ
1016 3517 1336 3587 ύπάρχομεν
1372 3517 1512 3571 κατὰ
1543 3520 1640 3580 τὰς
1674 3518 1783 3569 τῶν

192 3608 361 3660 θείων
393 3607 706 3660 ἀποστόλων
740 3607 1012 3676 Πρὰξεις,
1047 3609 1199 3661 οὐδὲν
1237 3608 1432 3678 ἔχομεν
1469 3610 1528 3660 ὲν
1568 3609 1784 3670 ἑαυτοῖς

191 3696 536 3765 ἀκάθαρτον.
574 3697 662 3750 Ἐν
692 3697 802 3768 γὰρ
831 3700 897 3767 τῇ
929 3697 1100 3768 βίϐλῳ
1129 3697 1238 3751 τῶν
1271 3699 1531 3768 Πράξεων
1561 3699 1782 3769 ἱστόρη-

193 3806 288 3841 ται
331 3791 360 3840 ὁ
406 3790 576 3858 μέγας
622 3790 832 3851 Παῦλος
880 3793 993 3852 τοῖς
1027 3790 1336 3858 Ἀθηναίοις
1377 3789 1780 3860 διαλεγόμενος,

195 3879 298 3932 καὶ
338 3878 475 3947 πρὸς
513 3881 626 3941 τοῖς
665 3879 844 3942 ἀλλοις
887 3879 982 3931 καὶ
1015 3878 1188 3932 ταῦτα
1225 3879 1396 3947 λέγων
1433 3883 1564 3950 περὶ
1599 3878 1736 3932 Θεοῦ
1766 3896 1781 3910 ·

210 3973 318 4025 Ἐν
345 3969 507 4034 αὐτῷ
540 3972 652 4038 γὰρ
686 3969 871 4038 ζῶμεν
902 3971 1001 4023 καί
1035 3972 1360 4039 κινούμεθα
1380 4013 1394 4034 ,
1430 3973 1530 4024 καί
1560 3971 1780 4040 ἐσμεν,

196 4064 282 4128 ὠς
323 4065 426 4117 καί
459 4080 618 4128 τινες
658 4062 776 4115 τῶν
812 4065 940 4116 καθ’
974 4062 1130 4132 ὑμᾶς
1168 4063 1430 4130 ποιητῶν
1465 4063 1740 4131 εἰρήκασι
1766 4081 1781 4096 ο

206 4155 322 4208 Τοῦ
353 4156 461 4223 γὰρ
490 4154 663 4222 γένος
691 4155 895 4223 ἐσμέν.
923 4155 1094 4207 Τοῦτο
1119 4154 1173 4207 δὲ
1211 4155 1288 4224 τῷ
1329 4156 1542 4224 ’Δράτῳ
1571 4156 1783 4225 ιῐρηται

198 4248 335 4316 περὶ
368 4247 462 4298 τοῦ
497 4248 617 4309 Διός
645 4261 661 4277 ⁶
695 4249 722 4297 ὁ
760 4247 818 4298 δὲ
855 4247 1176 4307 ’Λπόστολος
1213 4249 1292 4308 ei;
1323 4247 1415 4298 τὸν
1447 4245 1615 4309 δντως
1652 4247 1784 4298 Θεὸν

197 4339 264 4390 τὸ
289 4337 469 4406 νόημα
499 4337 868 4407 ᾐχμαλώτισε.
902 4335 1088 4405 Τούτῳ
1117 4339 1296 4389 τοίνυν
1327 4338 1407 4398 είς
1439 4336 1782 4403 κατασκευὴν

198 4425 298 4478 τοῦ
333 4427 538 4478 οἰκείου
568 4427 724 4492 λόγον
753 4425 782 4476 ὀ
814 4424 988 4493 μέγας
1017 4426 1287 4494 ίχρήσατο
1321 4426 1638 4490 Ἀθανάσιος
1661 4443 1677 4458 ·
1707 4428 1782 4490 ὡς

1881 3267 2266 3321 exoneramur,
2325 3269 2445 3325 qum
2499 3253 2713 3321 quidem
2766 3266 2860 3320 per
2914 3252 3280 3305 escretiouem
3338 3249 3448 3319 39

1883 3348 2081 3404 emissa
2113 3347 2177 3401 ad
2209 3347 2370 3400 vitam
2399 3344 2613 3414 juvant.
2654 3342 2827 3395 Aliam
2864 3356 2989 3394 vero
3023 3349 3280 3410 praeterea
3323 3355 3444 3407 pro-

1881 3441 2155 3496 bationem
2183 3437 2514 3506 aggreditur.
2549 3435 2605 3490 Si
2634 3435 2798 3497 enim,
2830 3434 3027 3501 inquit,
3048 3448 3184 3501 opus
3212 3432 3302 3486 Dei
3333 3447 3450 3485 ma-

1886 3546 2046 3585 nuum
2078 3543 2195 3585 esse
2226 3528 2495 3582 hominem
2527 3525 2821 3588 credimus,
2860 3526 2956 3592 qui
2985 3521 3097 3576 ﬁeri
3133 3532 3308 3592 potest
3336 3531 3391 3574 ut
3419 3536 3448 3573 a

1884 3621 1994 3676 Deo
2043 3620 2307 3688 impurum
2352 3616 2623 3686 quidpiam
2683 3615 3060 3684 pollutumque
3096 3613 3450 3682 procreetur?

1883 3714 1962 3766 Ac
1989 3710 2254 3778 siquidem
2291 3707 2386 3762 Dei
2415 3721 2584 3775 genus
2620 3721 2828 3770 smnus,
2861 3714 2916 3758 ut
2968 3708 3019 3757 in
3060 3704 3207 3758 Actis
3239 3705 3450 3757 divine-

1888 3819 2004 3858 rum
2043 3800 2407 3871 apostolorum
2456 3798 2671 3867 legitur,
2711 3797 2841 3850 nihil
2879 3797 2931 3850 in
2966 3798 3119 3851 nobis
3168 3798 3297 3865 ipsis
3350 3799 3450 3849 im-

1886 3893 2141 3947 ntundum
2179 3889 2463 3944 habemus.
2489 3887 2958 3941 Commemoratur
2983 3903 3212 3957 namque
3235 3889 3286 3942 in
3315 3889 3449 3942 libro

1883 3986 2138 4040 Actorum
2187 3995 2411 4049 magnus
2445 3978 2642 4031 Paulus
2674 3977 2739 4031 ad
2772 3978 3127 4031 Athenienses
3154 3981 3446 4038 disserens,

1884 4089 1947 4126 ac
1981 4081 2172 4142 praeter
2207 4070 2310 4121 alia
2347 4069 2458 4120 haec
2485 4082 2699 4135 quoque
2726 4066 2922 4120 eti'atur
2964 4069 3028 4120 de
3059 4066 3166 4120 Deo
3199 4083 3211 4118 :
3249 4065 3311 4118 In
3338 4069 3448 4134 ipso

1883 4180 2018 4217 enim
2048 4162 2286 4220 vivimus,
2319 4174 2603 4218 moremur,
2631 4166 2680 4210 et
2726 4173 2938 4216 sumus.
2975 4167 3030 4209 ut
3064 4158 3219 4210 etiam
3258 4173 3453 4210 cestro-

1885 4267 2000 4304 rum
2027 4260 2293 4318 poetarum
2332 4248 2544 4316 quidam
2583 4246 2853 4307 dixerunt,
2901 4243 3076 4313 Ipsius
3117 4261 3338 4313 namque
3368 4251 3454 4313 gi:-

1886 4361 1981 4398 nus
2003 4359 2182 4397 sumus
2239 4344 2279 4396 ¹.
2311 4339 2422 4394 lloc
2451 4352 2578 4391 vero
2613 4339 2746 4392 dixit
2779 4339 2981 4390 Aratus
3012 4343 3074 4390 de
3098 4335 3227 4391 Jove
3257 4356 3267 4389 :
3309 4338 3452 4406 Apo-

1885 4435 2057 4490 stolus
2102 4443 2279 4486 autem
2319 4429 2386 4482 ad
2437 4445 2623 4483 verum
2662 4429 2824 4482 Deum
2875 4429 3196 4482 sententiam
3239 4443 3450 4481 accom-

200 4520 253 4573 εί
288 4520 444 4585 γένος
481 4516 613 4569 Θεοῦ
656 4516 842 4586 ἐσμὲν,
880 4517 954 4578 ὡς
988 4519 1044 4569 εν
1081 4520 1200 4580 ταῖς
1243 4517 1516 4587 Πράξεσιν
1538 4520 1775 4586 εἴρηται,

1884 4527 2142 4582 modavit.
2175 4524 2252 4578 Eo
2279 4523 2442 4591 igitur
2477 4523 2542 4575 ad
2573 4536 2683 4575 sua:
2708 4521 2968 4575 orationis
2993 4519 3450 4575 connrtnatiOnem

200 4610 356 4662 οὐδὲν
388 4609 578 4678 ἔχομεν
615 4606 1027 4677 μεμολυσμένον
1056 4607 1088 4676 ἦ
1127 4609 1345 4676 μιαρόν.
1374 4609 1505 4660 Τότε
1539 4611 1647 4676 γὰρ
1685 4625 1779 4677 με·

204 4702 547 4770 μολύσμεθα,
573 4703 660 4754 ὅτε
688 4700 1078 4769 ἁμαρτάνομεν
1099 4714 1112 4728 ’
1137 4702 1170 4770 ἡ
1198 4700 1254 4752 δὲ
1285 4701 1488 4771 φυσικὴ
1519 4701 1784 4769 ἔκκρισις,

204 4797 472 4862 γινομένη
519 4791 578 4854 ἐξ
623 4792 866 4859 ἀνάγκης
911 4791 1010 4859 τῆς
1052 4790 1289 4858 φύσεως,
1330 4791 1391 4841 οὐ
1440 4792 1661 4858 μιαίνει.
1699 4791 1786 4853 Ὠς

203 4884 371 4937 τινῶν
403 4883 458 4935 δὲ
494 4882 881 4948 ἀντιλεγόντων
914 4882 1009 4934 καὶ
1043 4882 1405 4950 παραγόντων
1440 4882 1581 4951 ρητά
1617 4883 1782 4949 εύαγο

205 4975 402 5043 γελικά
427 4975 497 5027 τὰ
527 4974 774 5041 λέγοντα,
812 4976 894 5028 Οὐ
927 4973 998 5026 τὰ
1031 4974 1424 5045 είσερχόμενα
1457 4972 1652 5026 κοινοῖ
1678 4975 1784 5025 τὸν

207 5070 546 5133 ἄνθρωπον,
572 5066 729 5119 ἀλλὰ
754 5066 825 5117 τὰ
856 5065 1221 5134 ἐξερχόμενα
1244 5081 1257 5094 ’
1290 5065 1504 5116 ἵσταται
1532 5065 1624 5115 καὶ
1652 5068 1786 5133 πρὸς

205 5159 368 5212 τοῦτο
392 5156 604 5218 δεικνὺς
637 5157 711 5226 μὴ
738 5156 918 5219 καλῶς
947 5157 1211 5225 νοούμενα
1238 5157 1307 5208 τὰ
1334 5156 1471 5226 ῥητά
1507 5156 1652 5224 παρὰ
1680 5154 1786 5206 τῶν

207 5249 602 5316 ἀντιλεγόντων
628 5266 640 5279 ·
676 5250 768 5301 καί
803 5266 936 5317 φησι
971 5249 1050 5301 ὃτι
1086 5252 1213 5318 περὶ
1250 5247 1553 5319 βρωμάτων
1585 5248 1788 5298 ἐνδοια-

211 5343 352 5404 στῶς
393 5343 628 5410 ἑχόντων
669 5340 832 5392 τινῶν
872 5341 989 5408 ἦτοι
1032 5340 1380 5402 δειλιώντων,
1417 5339 1783 5409 ἁμφιὸαλλόν-

207 5455 317 5490 των
341 5477 356 5501 ,
388 5438 462 5497 ὡς
503 5437 838 5505 μολυνόντων
871 5437 996 5497 τοὺς
1031 5435 1346 5505 χρωμένους
1381 5436 1564 5495 αὐτοῖς
1585 5474 1599 5496 ,
1637 5434 1780 5484 λύων

207 5530 391 5582 αὐτῶν
415 5530 512 5597 τὴν
538 5530 758 5596 ἄγνοιαν
782 5529 811 5580 ὁ
837 5528 1040 5598 Κύριός
1068 5543 1200 5596 φησι
1233 5526 1307 5596 μὴ
1334 5529 1401 5579 τὰ
1431 5528 1781 5595 εἰσερχόμενα

209 5620 454 5685 κοινοῦν,
487 5621 654 5689 ἢγουν
690 5621 953 5687 μιαίνειν,
991 5619 1271 5688 μολύνειν,
1305 5618 1441 5672 ἀλλὰ
1473 5619 1538 5671 τὰ
1569 5618 1780 5687 ἐξερχό-

300 5806 312 5834 ¹
367 5802 491 5855 Aet.
521 5815 622 5852 .wn
653 5840 667 5864 ,
703 5798 794 5852 23.
897 5793 915 5821 ⁸
953 5800 1138 5855 Matth.
1177 5817 1241 5853 xv
1276 5841 1288 5861 ,
1323 5802 1402 5854 ιι.

535 5897 804 5956 Fames.
849 5899 965 5959 (in.
1005 5891 1396 5958 CXXXVIII.

1882 4631 2106 4687 magnus
2137 4631 2262 4671 usus
2294 4624 2378 4668 cst
2434 4613 2757 4666 Athanasius
2802 4613 3008 4675 dicens,
3057 4612 3320 4680 siquidem
3361 4611 3450 4665 Dei

1882 4725 2048 4780 genus
2074 4722 2280 4772 sumus,
2315 4715 2371 4759 ut
2406 4707 2456 4758 in
2503 4705 2652 4758 Actis
2683 4704 2898 4767 dicitur,
2945 4703 3075 4756 nihil
3112 4703 3309 4756 habere
3355 4719 3449 4755 nos

1884 4799 2168 4867 pollutum,
2203 4806 2297 4849 aut
2322 4795 2680 4848 immundum.
2716 4793 2867 4846 Tunc
2897 4809 3130 4862 namque
3159 4792 3449 4862 polluimur

1884 4904 2004 4945 cum
2039 4902 2343 4956 peccamus.
2370 4886 2636 4940 Naturalis
2686 4895 2864 4939 autem
2912 4885 3172 4950 cxcretio,
3219 4899 3334 4952 quae
3389 4899 3451 4936 cx

1891 4993 2097 5034 natura:
2147 4979 2464 5032 necessitate
2517 4977 2613 5041 tit,
2667 4977 2884 5030 minime
2917 4975 3122 5043 polluit.
3187 4976 3451 5028 Cit-terum

1888 5087 2009 5124 cum
2064 5069 2302 5125 nonnulli
2351 5071 2779 5124 comradicerent
2815 5108 2829 5132 ,
2883 5081 2943 5119 ac
2999 5067 3313 5135 Evangeliea
3367 5067 3454 5118 illa

1889 5166 2049 5217 verba
2080 5161 2405 5230 proferrent,
2441 5159 2562 5213 Non
2595 5176 2710 5224 quae
2734 5160 2927 5212 intrant
2964 5158 3304 5225 coinquinant
3356 5156 3451 5209 lto-

1890 5255 2099 5317 minem,
2128 5255 2216 5306 sed
2241 5269 2357 5321 quia
2387 5261 2574 5306 exeunt
2612 5257 2658 5313 ³,
2681 5251 2747 5302 ad
2778 5251 2876 5302 hoc
2904 5264 3110 5317 quoque
3144 5248 3451 5315 respondet.

1891 5346 1956 5396 ab
1998 5344 2062 5396 iis
2098 5344 2186 5410 qui
2220 5352 2404 5395 contra
2441 5349 2675 5410 arguunt
2711 5353 2818 5391 non
2849 5338 2982 5389 liene
3038 5335 3259 5402 intelligi
3296 5333 3454 5386 verba

1887 5436 1975 5490 illa
2005 5435 2400 5498 demonstrans;
2428 5434 2610 5498 aitque
2634 5445 2756 5483 eum
2788 5430 2852 5483 de
2881 5427 3016 5480 cibis
3050 5427 3264 5492 quidam
3301 5424 3457 5477 dubi-

1891 5535 2087 5590 tarem,
2133 5526 2246 5578 sive
2294 5520 2656 5577 tiinidiuscule
2707 5520 3054 5583 hmsitarent,
3093 5517 3201 5570 acsi
3248 5526 3458 5569 utentes

1890 5620 2018 5688 ipsis
2053 5617 2381 5687 polluerent,
2414 5629 2598 5669 eorum
2634 5612 3026 5681 ignorationem
3063 5608 3320 5663 Dominus
3348 5607 3458 5660 sol-

3070 5875 3138 5937 ιδ
