3998 6326
297 388 408 451 557

1200 394 1284 455 ΙΝ
1320 394 1563 455 EPIST.
1613 395 1675 454 S.
1717 391 2140 454 ATHANASII
2176 394 2276 452 AD
2311 393 2618 454 AMMUM.

3438 397 3537 458 558

297 504 544 574 σφριγᾷ·
574 502 654 555 διὸ
682 503 835 573 παρᾶ
859 504 957 574 τὴν
988 504 1211 577 πρώτην
1242 507 1476 576 εἴρηται.
1498 507 1625 560 Ὅτε
1653 506 1708 558 δὲ
1739 506 1863 572 πρὸς

1981 501 2113 557 illud
2150 517 2276 558 vero
2317 502 2488 573 (παρὰ
2518 502 2615 573 τὴν
2659 503 2900 574 πρώτην)
2930 513 3020 559 aut
3049 504 3115 559 de
3165 506 3416 574 praedicta
3454 511 3536 563 via

295 594 478 662 γῆρᾶς
509 593 817 660 ἀπονεύσει,
847 598 894 649 εί
922 597 1015 650 καὶ
1051 597 1184 666 μηδὲ
1210 598 1328 649 τότε
1360 597 1643 651 σϐέννυται
1670 596 1731 650 τὺ
1761 596 1873 666 πῦρ

295 686 365 736 ἐκ
389 684 495 736 τῶν
519 684 726 751 παθῶν,
753 686 887 739 ἀλλά
910 704 971 755 γε
995 688 1417 758 μαλθακώτερον
1436 689 1667 756 γίνεται.
1691 688 1874 741 Ταῦτα

295 774 473 828 εἰπὼν
505 776 702 845 ἐπάγει
737 779 817 831 ὅτι
849 779 914 831 τὰ
949 780 1241 848 ζητήματα
1275 780 1454 833 αὐτῶν
1486 782 1551 833 τὰ
1587 779 1874 848 ἀκάθαρτα

293 867 653 935 προλέλυνται
686 869 841 938 παρά
872 869 980 922 τῶν
1012 871 1173 922 θείων
1204 871 1456 940 Γραφῶν,
1490 873 1584 922 καὶ
1614 873 1877 940 παραινεῖ

291 957 392 1009 τὸν
431 959 786 1028 ἐρωτήσαντα
833 958 1217 1030 ύποστηρίζειν
1261 964 1388 1024 τοὺς
1432 961 1522 1013 ὑπ’
1551 963 1734 1026 αὑτὸν,
1780 963 1874 1015 καὶ

290 1052 524 1118 κρήσεσι
555 1050 821 1118 κέχρηται
851 1056 1148 1120 γραφικαῐς
1181 1052 1458 1122 διαφόροις
1479 1068 1494 1084 ο
1526 1049 1641 1105 εἶτα
1673 1055 1766 1105 καὶ
1795 1057 1874 1117 είς

289 1140 462 1207 εὐχὴν
486 1139 690 1208 τρέψας
712 1140 803 1192 τὸν
836 1140 992 1207 λόγον
1013 1141 1209 1195 τελειοϊ
1231 1143 1330 1213 τὴν
1355 1143 1660 1212 ἐπιστολήν.
1687 1146 1728 1197 Τ
1733 1143 1873 1198 αὔτα

292 1233 399 1297 μὲν
428 1227 520 1282 οὖν
550 1232 578 1282 6
611 1234 782 1300 μέγας
814 1237 978 1302 φησιν
1011 1233 1330 1295 ’Λθανάσιος
1359 1235 1484 1301 περὶ
1513 1235 1608 1304 τῆς
1640 1237 1872 1305 φυσικῆς

285 1321 594 1390 ἐκκρίσεως
624 1323 723 1390 τῆς
755 1325 938 1392 γονῆς.
975 1326 1033 1377 '0
1063 1325 1121 1377 δὲ
1157 1326 1564 1396 Ἀλεξανδρείας
1597 1327 1871 1389 Διονύσιος

283 1415 347 1463 ἐν
383 1415 444 1480 τῇ
483 1413 618 1481 πρὸς
653 1412 968 1484 Βασιλείδην
999 1417 1254 1487 ἐπιστολῇ
1286 1417 1458 1471 ταῦτα
1490 1435 1654 1487 φησιν
1677 1436 1688 1449 ·
1721 1419 1784 1470 Ol
1814 1418 1869 1470 δὲ

281 1504 347 1554 ἐν
380 1504 728 1574 ἀπροαιρέτῳ
758 1509 1046 1576 νυκτεριννῇ
1081 1509 1235 1575 ῥύσει
1266 1509 1548 1576 γενόμενοι
1579 1507 1654 1577 τῷ
1683 1507 1870 1577 οἰκείῳ

283 1593 554 1644 συνειδότι
581 1595 1159 1649 κατακολουθείτωσαν
1184 1614 1199 1630 ο
1233 1599 1328 1651 καὶ
1357 1599 1584 1661 ἑαυτοὺς
1615 1600 1725 1651 εἴτε
1753 1599 1869 1651 δια-

278 1687 600 1754 κρίνονται,
631 1687 741 1740 εἴτε
778 1687 884 1756 μὴ,
918 1689 1316 1742 σκοπείτωσαν.
1352 1688 1440 1752 Ὦς
1468 1690 1561 1742 ἐπὶ
1588 1689 1697 1742 τῶν
1727 1689 1869 1759 βρω-

283 1778 481 1846 μάτων
523 1779 550 1830 6
599 1778 1041 1849 διακρινόμενος,
1092 1781 1288 1850 φησὶν,
1331 1781 1426 1834 ὲάν
1473 1781 1652 1851 φάγῃ,
1699 1797 1869 1834 κατα-

280 1879 542 1935 κεκριται
576 1882 589 1896 ’
643 1869 741 1922 καὶ
793 1870 850 1920 ὲν
900 1869 1112 1932 τούτοις
1164 1870 1537 1939 εύσυνείδητος
1588 1872 1728 1924 ἔστω
1777 1873 1870 1924 καὶ

279 1958 772 2028 εὐπαρρησίαστος
808 1961 949 2013 κατὰ
981 1960 1042 2012 τδ
1068 1961 1199 2014 ἴδιον
1235 1962 1489 2032 ἐνθύμιον
1507 1963 1616 2025 πᾶς
1649 1965 1676 2014 6
1699 1979 1868 2030 προσ-

281 2050 384 2101 ιὼν
415 2050 491 2119 τῷ
522 2044 672 2114 Θεῷξ
696 2052 760 2105 Ὃ
788 2051 845 2103 δὲ
875 2052 1023 2117 λέγει
1050 2052 1292 2107 τοιοῦτόν
1320 2055 1488 2119 ἔστιν,
1535 2055 1618 2106 ὅτι
1663 2054 1722 2106 '0
1770 2054 1871 2125 τὴν

277 2142 379 2195 τοῦ
413 2144 728 2214 σπέρματος
761 2144 998 2207 ὑποστὰς
1030 2144 1244 2214 ρεὖσιν,
1275 2145 1465 2198 ἑαυτὸν
1493 2147 1828 2217 ἀνακρινέτω
1852 2163 1866 2178 ο

278 2237 381 2286 καὶ
407 2236 456 2286 εί
491 2236 586 2304 μὲν
616 2237 890 2304 ἐμπάθειά
918 2253 1001 2299 τις
1032 2239 1384 2307 προηγήσατο
1413 2240 1476 2290 ὲκ
1503 2238 1597 2290 τού
1627 2237 1866 2308 πονηροῦ

281 2326 417 2386 (om;
450 2328 706 2396 ὲνθυμίου
741 2330 837 2380 καὶ
870 2329 1340 2396 συγκαταθέσεως,
1375 2330 1466 2382 καὶ
1497 2328 1668 2392 οὕτως
1705 2331 1736 2399 ἡ
1771 2331 1868 2398 τῆς

279 2418 450 2484 γονῆς
485 2417 892 2487 ἐπηκολούθησε
926 2418 1143 2488 ῥεῦσις,
1174 2420 1274 2472 οὐκ
1307 2422 1574 2487 ἀμίαντος
1603 2423 1632 2472 6
1662 2421 1867 2488 ταύτην

281 2509 475 2560 παθών
499 2525 513 2538 ·
553 2512 600 2560 εἰ
638 2508 682 2561 δ’
708 2510 860 2562 οὐδὲν
894 2509 1132 2562 τοιοῦτον
1170 2512 1559 2579 προηγήσατο,
1596 2511 1717 2564 οὐδὲ
1752 2512 1868 2564 δια-

279 2599 530 2669 κρίνεται
561 2600 650 2652 διά
678 2617 732 2652 τι
761 2599 1004 2653 τοιοῦτον
1024 2640 1039 2664 ,
1072 2600 1164 2653 καὶ
1195 2601 1254 2652 οὐ
1293 2601 1621 2669 μεμόλυνται
1656 2601 1803 2671 αύτῷ
1837 2604 1864 2654 6

277 2691 563 2758 λογισμὸς,
598 2689 840 2758 προσίτω
869 2693 982 2752 τοῖς
1011 2690 1341 2758 ἀγιάσμασι.
1373 2690 1528 2753 Τινὲς
1556 2689 1611 2742 δὲ
1643 2691 1733 2743 τὸν
1767 2692 1863 2759 μέ-

277 2798 390 2850 γαν
425 2780 709 2833 Βασίλειον
743 2798 907 2847 φασιν
943 2782 1232 2849 ἀπείργειν
1255 2782 1379 2843 τοὺς
1403 2782 1640 2834 τοιοῦτόν
1676 2799 1725 2834 τι
1763 2798 1865 2836 πα-

277 2874 476 2935 θόντας
519 2874 616 2942 τῆς
659 2872 766 2924 τῶν
813 2871 1170 2942 ἁγιασμιάτων
1217 2873 1593 2942 μεταλήψεως.
1627 2873 1863 2942 Ἐρωτη-

275 2966 396 3026 θεὶς
425 2968 529 3034 γὰρ
560 2967 587 3016 ὀ
615 2966 769 3032 ἅγιος
795 2959 951 3028 οὗτος
972 3007 986 3029 ,
1015 2965 1092 3026 ὡς
1121 2968 1177 3018 ὲν
1205 2969 1313 3027 τοῖς
1345 2965 1662 3033 ἀσκητικοῖς
1694 2966 1860 3018 αὐτοῦ

275 3057 721 3125 ἀναγέγραπται,
753 3058 799 3108 εί
829 3056 937 3108 τῶν
968 3055 1216 3126 συνήθων
1241 3056 1337 3108 καὶ
1367 3059 1510 3109 κατά
1537 3057 1698 3125 φύσιν
1723 3072 1864 3123 γινο-

1977 595 2246 664 conjngali
2282 595 2680 663 intelligendum
2715 607 2817 660 est,
2849 607 2942 650 aut
2967 598 3031 651 de
3061 596 3232 652 initio.
3264 598 3364 665 Qui
3394 602 3538 654 enim

1978 686 2342 754 virginitatem
2377 687 2735 755 amplectitur,
2767 702 2886 741 cum
2925 702 3051 740 caro
3107 689 3172 741 ad
3213 690 3536 758 voluptates.

1976 779 2314 846 maximeque
2337 794 2597 833 venereas
2622 780 2692 833 sit
2722 780 2988 848 proclivis;
3018 779 3359 834 conﬂictatur
3389 781 3542 835 iuitiu

1976 870 2402 931 diﬂiuiltatibtts,
2435 879 2621 924 natura
2655 872 2718 924 ad
2748 871 3019 926 libidinem
3044 873 3353 935 inclinante,
3383 873 3542 941 idque

1978 964 2277 1030 praesertim
2309 963 2432 1016 dum
2471 963 2522 1015 in
2565 963 2740 1017 etatis
2791 964 2919 1017 ﬂore
2966 973 3236 1029 versatur,
3269 980 3331 1017 ac
3361 966 3538 1031 viget;

1975 1067 2131 1119 quam
2157 1054 2226 1107 ob
2254 1068 2468 1106 causam
2491 1054 2650 1106 verba
2685 1054 2770 1106 illa
2800 1053 2991 1120 (primo
3020 1056 3191 1122 aditu)
3217 1066 3341 1109 sunt
3375 1057 3540 1108 dicta.

1975 1143 2077 1199 Ubi
2112 1160 2240 1198 vero
2290 1148 2354 1200 ad
2413 1155 2742 1198 senectutem
2793 1149 2986 1213 vergit,
3028 1149 3239 1200 etiamsi
3289 1161 3355 1198 ne
3416 1159 3543 1201 tunc

1972 1236 2187 1303 quidem
2230 1238 2599 1303 exstinguatur
2651 1236 3000 1305 cupiditatum
3053 1238 3267 1290 ﬂamma
3298 1277 3313 1300 ,
3369 1238 3543 1291 lenior

1978 1338 2149 1381 tamen
2181 1330 2379 1382 evadit.
2417 1327 2509 1380 llis
2556 1329 2716 1381 dictis
2752 1328 3002 1395 subjicit,
3038 1329 3249 1381 illorum
3303 1331 3541 1395 impuras

1972 1421 2292 1489 quaestiones
2317 1421 2423 1489 jam
2448 1429 2570 1472 ante
2594 1435 2656 1473 ex
2686 1420 2855 1473 sacris
2887 1419 3104 1474 Litteris
3130 1421 3294 1474 fuisse
3316 1423 3541 1484 Solutas,

1973 1522 2260 1579 monetque
2313 1512 2760 1576 interrogantem,
2800 1522 2856 1564 ut
2886 1513 2986 1565 sibi
3048 1513 3293 1566 subditos
3343 1513 3544 1564 confir-

1971 1613 2102 1667 met,
2137 1603 2407 1671 variisque
2440 1601 2731 1671 Scriptura:
2762 1604 3046 1656 sententiis
3080 1606 3287 1669 utitur;
3326 1613 3436 1656 tttm
3474 1605 3542 1656 ad

1970 1694 2333 1761 precationem
2368 1708 2628 1748 conversa
2668 1695 2912 1747 oratione
2961 1694 3241 1763 epistolam
3289 1695 3538 1748 absolvit.

1980 1784 2104 1839 Haec
2131 1801 2257 1855 ergo
2295 1801 2520 1855 magnus
2552 1786 2786 1854 loquitur
2824 1787 3150 1840 Athanasius
3197 1785 3263 1840 de
3312 1786 3542 1838 naturali

1979 1875 2199 1929 seminis
2233 1878 2563 1929 excretione.
2599 1873 2886 1944 Dionysius
2933 1889 3095 1942 porro
3146 1875 3542 1932 Alexandrinus

1973 1963 2028 2016 iu
2061 1962 2287 2033 epistola
2337 1963 2402 2017 ad
2450 1962 2746 2017 Basilidem
2796 1963 2909 2017 haec
2952 1964 3113 2017 habet
3145 1981 3160 2016 :
3197 1964 3297 2028 Qui
3331 1979 3455 2018 vero
3489 1966 3540 2019 in

1975 2069 2077 2108 non
2109 2053 2414 2108 voluntario
2453 2064 2719 2108 nocturno
2747 2052 2892 2106 ﬂuxu
2940 2052 3109 2116 fuere,
3149 2054 3417 2122 propriam
3454 2072 3541 2110 se-

1971 2157 2203 2215 quantur
2233 2147 2642 2211 conscientiam,
2680 2155 2732 2198 et
2765 2161 2970 2207 secum,
3002 2159 3066 2198 an
3092 2145 3156 2198 de
3182 2160 3245 2198 eo
3274 2145 3538 2208 dubitant,

1970 2251 2160 2300 necne,
2207 2237 2566 2290 considerent.
2621 2237 3082 2301 Quemadmodum
3132 2235 3184 2288 in
3236 2237 3390 2298 cibis,
3447 2239 3537 2304 qui

1969 2329 2203 2393 dubitat,
2233 2327 2428 2397 inquit,
2469 2330 2853 2382 coridcmnatus
2884 2335 2965 2381 est
2993 2369 3008 2392 ,
3041 2329 3082 2380 si
3113 2328 3443 2390 comederit,
3487 2328 3540 2379 in

1970 2421 2052 2474 his
2080 2435 2297 2489 quoque
2333 2421 2487 2473 home
2513 2421 2580 2472 sit
2604 2419 2968 2483 conscientiae,
2993 2430 3045 2471 et
3071 2419 3235 2473 libere
3264 2421 3532 2486 loquatur,

1961 2507 2112 2576 juxta
2145 2519 2456 2576 conceptam
2495 2508 2673 2561 animo
2699 2511 3100 2575 cogitationem,
3130 2510 3306 2562 omnis
3333 2511 3418 2576 qui
3446 2525 3538 2562 ac-

1976 2602 2120 2656 cedit
2160 2601 2219 2652 ad
2257 2598 2444 2652 Deum.
2475 2598 2624 2664 Quod
2668 2614 2795 2653 vero
2823 2600 2895 2652 ait
2923 2599 3183 2666 ejusmodi
3213 2610 3316 2664 est,
3354 2611 3410 2654 ut
3445 2603 3536 2669 qui

1966 2692 2185 2746 seminis
2213 2692 2416 2745 ﬂuxum
2445 2702 2524 2746 est
2557 2706 2746 2758 passus
2775 2691 3007 2758 seipsum
3039 2693 3334 2758 examinet,
3365 2708 3425 2746 ac
3456 2693 3533 2745 si-

1971 2785 2186 2851 quidem
2242 2783 2451 2838 aﬂectio
2506 2783 2680 2852 aliqua
2741 2784 3034 2849 praecessit,
3067 2799 3130 2838 ex
3189 2799 3352 2852 prava
3399 2785 3537 2840 forte

1968 2876 2294 2944 c03itatione
2328 2886 2486 2944 atque
2541 2891 2807 2931 consensu
2831 2917 2844 2939 ,
2880 2886 2932 2929 et
2985 2878 3082 2929 hoc
3118 2886 3270 2944 pacto
3317 2879 3536 2932 seminis

1965 2964 2138 3020 ﬂuxus
2172 2977 2252 3020 est
2284 2978 2630 3032 consecutus,
2662 2965 2747 3020 cui
2781 2968 2824 3019 is
2859 2968 3082 3034 contigit
3118 2968 3529 3037 haudquaquam

1965 3076 2131 3130 purus
2163 3061 2559 3115 existimabitur
2598 3077 2610 3112 :
2648 3062 2730 3114 sin
2769 3062 2900 3114 nihil
2948 3062 3051 3116 tale
3083 3065 3393 3131 praecessit,
3431 3081 3528 3119 nec

280 3148 460 3219 μένων
487 3149 596 3200 τινὶ
626 3148 730 3217 χρὴ
762 3147 967 3217 τολμᾷν
994 3148 1073 3209 είς
1103 3149 1389 3202 κοινωνίαν
1419 3149 1526 3201 τῶν
1557 3149 1728 3215 ἁγίων
1762 3165 1859 3200 πα·

1969 3155 2029 3208 de
2061 3153 2236 3222 aliqua
2269 3153 2532 3221 ejusmodi
2567 3168 2622 3207 re
2649 3154 2869 3222 ambigit
2895 3191 2910 3217 ,
2941 3169 3037 3207 nec
3069 3154 3172 3206 ulla
3212 3158 3404 3208 rationi
3441 3159 3534 3209 ad—

277 3237 627 3309 ραδέχεσθαι,
670 3239 963 3308 ἀπεκρίθη,
1014 3239 1315 3308 Κρείττονα
1355 3239 1452 3308 τῆς
1502 3237 1714 3306 φύσεως
1764 3239 1859 3292 καὶ

274 3332 382 3398 τῆς
414 3331 700 3400 συνηθείας
730 3330 968 3393 ἐδίδαξεν
994 3333 1021 3382 6
1057 3332 1377 3392 Ἀπὸστολος
1409 3326 1545 3383 εἶναι
1576 3331 1667 3383 τὸν
1693 3332 1751 3382 ἐν
1781 3329 1858 3399 τῷ

277 3420 613 3489 βαπτίσματι
649 3419 986 3485 σννταφέντα
1016 3417 1267 3488 Χριστῷ·
1301 3417 1429 3469 ποτὲ
1459 3418 1559 3482 μὲν
1584 3417 1753 3468 εἰπὼν
1778 3417 1857 3468 ὅτι

291 3513 349 3565 '0
387 3512 639 3572 παλαιὸς
673 3509 844 3578 ἡμῶν
872 3511 1184 3576 ἅνθρωπος
1217 3507 1685 3575 συνεσταυρώθη
1706 3547 1720 3570 ,
1758 3507 1860 3559 ἵνα

278 3600 625 3672 καταργηθῇ
661 3603 729 3654 τὸ
756 3599 937 3668 ,σῶμα
971 3601 1080 3666 τῆς
1113 3601 1422 3669 ἁμαρτίας,
1459 3597 1566 3651 τοῦ
1595 3598 1680 3666 μὴ
1718 3596 1856 3650 δου-

275 3697 487 3749 λεύειν
527 3693 684 3761 ἡμᾶς
726 3691 797 3760 τῇ
843 3693 1098 3760 ἁμαρτίᾳ
1123 3708 1138 3725 ο
1185 3691 1312 3743 ποτε
1354 3691 1411 3742 δὲ
1454 3688 1856 3759 παραγγείλας,

276 3785 634 3852 Νεκρώσατε
673 3780 786 3837 οὖν
818 3784 890 3836 τὰ
923 3783 1078 3851 μέλη
1121 3783 1286 3850 ὑμῶν
1321 3779 1390 3833 τὰ
1425 3781 1522 3832 ἐπὶ
1558 3778 1668 3848 τῆς
1706 3779 1815 3848 γῆς
1840 3794 1855 3809 ο

277 3891 592 3942 πορνείαν,
623 3875 1017 3940 ἀκαθαρσίαν,
1049 3872 1260 3936 πάθος,
1289 3871 1612 3937 ἐπιθυμίαν
1637 3867 1854 3935 κακὴν,

277 3973 385 4020 καὶ
413 3967 526 4033 τὴν
556 3964 942 4028 πλεονεξίαν,
977 3963 1014 4029 ἦ
1051 3980 1136 4029 τις
1170 3962 1344 4016 ἐστὶν
1373 3959 1856 4027 είδωλολατρεία,

276 4058 357 4111 δι’
389 4059 427 4110 ἀ
454 4058 748 4125 ἒρχεταιέή
779 4055 924 4124 ὀργὴ
954 4054 1058 4108 τοῦ
1090 4053 1233 4108 Θεοῦ
1259 4055 1354 4107 ἐπὶ
1386 4054 1525 4119 τοὺς
1556 4053 1722 4118 υἱοὺς
1751 4051 1859 4120 τῆς

276 4151 588 4213 ἀπειθείας
610 4164 624 4177 ο
655 4149 782 4199 ποτὲ
813 4148 869 4200 δὲ
900 4149 1021 4217 ὅρον
1046 4148 1336 4215 ἐκθέμενος
1368 4148 1422 4198 ὲν
1449 4144 1525 4215 τῷ
1555 4147 1728 4198 εἰπεῖν
1752 4162 1764 4176 ·
1795 4147 1859 4199 Ut

278 4242 351 4294 δὲ
392 4241 494 4294 τοῦ
535 4239 795 4306 Χριστοῦ
835 4238 1025 4306 Ἰησοῦ
1067 4240 1465 4304 ἐσταύρωσαν
1507 4239 1623 4305 τὴν
1662 4238 1859 4304 σάρκα

277 4333 408 4387 σὺν
439 4332 564 4397 τοῖς
598 4331 911 4399 παθήμασι
945 4329 1042 4382 καί
1074 4330 1203 4392 ταῖς
1235 4330 1595 4397 ἐπιθυμίαις.
1632 4328 1771 4396 Ἐγὼ
1804 4329 1860 4380 δὲ

278 4428 456 4495 ἔγνων
491 4429 573 4477 ὅτι
606 4424 778 4476 ταῦτα
821 4422 1152 4491 κατωρθωθη
1189 4421 1424 4491 Χριστοῦ
1460 4423 1641 4490 χάριτι
1677 4421 1770 4472 καὶ
1804 4421 1859 4470 ἐν

1969 3244 2122 3298 luesit
2149 3245 2378 3308 ntacula,‘
2406 3243 2470 3295 ad
2500 3258 2653 3296 sacra
2684 3243 2756 3295 illi
2791 3244 3040 3309 mysteria
3074 3243 3230 3298 liceat
3254 3245 3529 3302 accedere.

1973 3334 2227 3389 Nonnulli
2265 3350 2412 3397 vero,
2449 3335 2627 3401 magni
2660 3332 2842 3387 Basilii
2871 3335 3136 3388 sententia
3168 3376 3180 3397 ,
3210 3340 3296 3404 qui
3333 3337 3533 3404 aliquid

1961 3426 2221 3494 ejusmodi
2255 3425 2394 3494 passi
2427 3436 2570 3486 sunt,
2610 3439 2637 3477 a
2679 3439 2957 3479 sacrorum
2997 3428 3372 3494 mysteriorum
3407 3443 3529 3494 per-

1961 3519 2212 3588 cepzione
2258 3516 2427 3570 arceri
2467 3530 2734 3570 asserunt.
2782 3515 3017 3584 Rogatus
3065 3533 3297 3588 namque
3334 3519 3417 3572 hic
3456 3522 3535 3573 vir

1961 3620 2182 3664 sanctus
2220 3608 2317 3678 (uti
2372 3608 2423 3661 in
2479 3608 2642 3676 ipsius
2692 3608 2952 3664 Asceticis
3001 3619 3083 3663 cst
3134 3611 3413 3678 scriptum)
3467 3627 3531 3663 an

1963 3715 2108 3762 eum,
2156 3700 2240 3752 cui
2281 3715 2342 3752 ex
2402 3698 2789 3752 coosuetudiue
2851 3707 2944 3753 aut
2999 3708 3188 3752 natura
3249 3701 3521 3767 quidpiam

1960 3791 2163 3854 evenit,
2199 3791 2399 3843 audere
2425 3799 2669 3858 Oporteat
2715 3790 2781 3843 ad
2843 3805 3119 3844 sacrorum
3162 3795 3532 3847 communica-

1962 3880 2158 3935 tionem
2192 3880 2514 3936 admittere?
2545 3880 2853 3949 respondit:
2880 3879 3219 3949 Superiorem
3252 3893 3453 3936 natura:
3484 3893 3536 3934 ct

1979 3973 2356 4028 consuetudini
2387 3972 2567 4026 docuit
2595 3973 2882 4040 Apostolus
2913 3986 3032 4026 esse
3071 3987 3213 4036 eum,
3241 3975 3331 4041 qui
3362 3976 3412 4026 in
3447 3975 3536 4028 ba-

1965 4067 2160 4134 ptismo
2195 4065 2539 4132 consepultus
2572 4076 2654 4118 est
2707 4063 2925 4118 Christo
2969 4081 2983 4117 :
3022 4080 3167 4118 nunc
3203 4068 3416 4134 quidem
3455 4069 3536 4120 d—i-

1963 4171 2112 4220 cens,
2145 4156 2297 4221 Quod
2333 4167 2471 4210 vetus
2507 4166 2681 4209 noster
2713 4157 2865 4208 homo
2894 4173 3008 4209 cum
3040 4173 3097 4208 eo
3133 4159 3414 4224 cruciﬁxus
3440 4171 3532 4220 est,

1963 4258 2020 4302 ut
2056 4250 2328 4302 aboleatur
2373 4265 2558 4315 corpus
2606 4250 2824 4312 peccati,
2857 4263 2921 4300 ne
2957 4265 3048 4301 nos
3082 4251 3307 4315 amplius
3338 4249 3536 4301 servio-

1964 4356 2079 4392 mus
2137 4349 2346 4407 peccato
2381 4345 2396 4374 ¹
2450 4339 2612 4391 :alibi
2665 4352 2795 4392 vero
2833 4340 3165 4405 praecipiens,
3220 4339 3532 4405 Mortiﬁcate

1965 4432 2128 4499 igitur
2156 4432 2385 4482 membra
2411 4439 2581 4483 vestra
2615 4432 2911 4491 terrestria,
2939 4431 3333 4488 srortationem,
3363 4432 3537 4494 impu-

277 4515 509 4582 ἀνδράσι
534 4514 628 4566 καὶ
654 4513 866 4580 γυναιξὶ
893 4514 1070 4562 πίστει
1091 4514 1154 4581 τῇ
1183 4514 1258 4573 εἰς
1281 4511 1370 4562 τὸν
1398 4511 1595 4580 Κύριον
1620 4511 1817 4579 γνησίᾳ
1837 4524 1849 4536 ⁸

1969 4524 2186 4585 rit-tem,
2223 4522 2516 4582 mollitiem,
2545 4522 2880 4587 cupiditatem
2909 4519 3130 4580 malum,
3150 4532 3195 4572 et
3222 4521 3530 4578 avaritiam,

275 4607 376 4662 τοῦ
413 4607 469 4658 δὲ
507 4609 566 4658 ἐν
597 4605 908 4674 ἀκαθαρσίᾳ
946 4605 1074 4655 ὄντα
1105 4606 1225 4656 τινα
1262 4603 1496 4670 ἐγγίζειν
1531 4607 1641 4666 τοῖς
1682 4607 1855 4671 ἁγίοις

274 4701 377 4754 καὶ
412 4705 473 4750 ἑκ
507 4699 605 4764 τῆς
644 4698 885 4758 Haloti;
919 4695 1191 4765 Διαθήκης
1229 4695 1458 4765 φοῦερὸν
1491 4697 1856 4765 διδασκόμεθα

274 4793 341 4844 τὸ
378 4792 573 4860 κρῖμα.
611 4791 668 4841 Εἰ
703 4789 757 4840 δὲ
797 4789 979 4842 πλεῖον
1011 4787 1102 4840 τοῦ
1141 4787 1287 4857 ἱεροῦ
1321 4781 1444 4851 ὧδε,
1480 4789 1856 4858 φοϐερώτερον

275 4892 545 4962 δηλονότι.
597 4887 883 4940 Παιδεύσει
924 4886 982 4938 δὲ
1026 4886 1174 4952 ἡμᾶς
1213 4885 1240 4934 6
1279 4883 1598 4945 ’Δπόστολος
1642 4883 1812 4935 είπών
1843 4895 1856 4911 ⁸

287 4986 354 5037 '0
385 4983 603 5035 ἐσθίων
629 4980 724 5034 καὶ
754 4981 946 5030 πίνων
968 4977 1227 5040 ἀναξίως
1253 4975 1432 5043 κρῖμα
1457 4973 1644 5039 ἐαυτῷ
1669 4975 1857 5029 ἐσθίει

277 5075 381 5128 καὶ
413 5073 595 5124 πίνει.
633 5071 727 5123 Ἐκ
758 5069 888 5136 γοῦν
917 5069 1016 5136 τῆς
1049 5065 1388 5136 ἀποκρίσεως
1419 5066 1618 5135 ταύτης
1651 5065 1855 5118 οἴονταί

273 5180 424 5230 τινες
456 5165 547 5216 τὸν
583 5164 755 5232 μέγαν
787 5159 1068 5216 Βασίλειον
1099 5157 1443 5226 ἀκαθαρσίαν
1474 5157 1726 5226 ἡγεῖσθαι
1758 5158 1856 5226 τὴν

274 5255 376 5309 τοῦ
409 5255 722 5323 σπέρματος
751 5252 950 5321 ἐκροήν
975 5266 989 5281 ·
1022 5249 1137 5302 ἀλλ’
1159 5250 1261 5300 οὐκ
1291 5248 1406 5301 ἐστι
1434 5246 1610 5300 τοῦτο.
1643 5247 1715 5300 Οὐ
1750 5246 1856 5317 γὰρ

278 5348 414 5417 περὶ
444 5345 792 5413 ἀφαντάστου
826 5345 958 5410 φησι
991 5340 1200 5410 ῥύσεως
1221 5380 1234 5404 ,
1267 5339 1381 5391 ἀλλ’
1408 5339 1527 5393 οὐδὲ
1563 5339 1700 5408 μετά
1733 5356 1858 5406 φαν-

274 5439 473 5500 τασίας
503 5435 825 5505 γενομένης,
855 5435 982 5488 ἄνευ
1015 5435 1202 5504 μέντοι
1231 5431 1560 5500 ἐμπαθείας,
1588 5427 1655 5501 ἧς
1685 5432 1868 5484 ἐπιθυ-

281 5531 386 5603 μία
431 5530 492 5582 οὑ
538 5530 926 5599 προηγήσατο·
973 5526 1005 5594 ἢ
1051 5524 1152 5578 κᾶν
1202 5524 1578 5595 προηγήσατο,
1624 5522 1742 5575 ἀλλ’
1770 5525 1867 5576 ούκ

279 5623 578 5690 ινέμεινεν,
608 5619 722 5671 ἀλλ’
748 5619 1086 5687 ἀπεπέμφθη
1112 5614 1205 5668 τοῦ
1235 5614 1548 5685 κρείττονος
1575 5615 1870 5685 ὲπικρατή.

381 5806 394 5835 ⁸
425 5805 581 5863 Bora.
617 5819 690 5871 νι,
728 5804 780 5861 6.
889 5800 908 5830 ¹
947 5801 1158 5859 Coloss.
1198 5817 1257 5858 ιιι
1286 5843 1301 5868 ,
1337 5802 1402 5867 5,
1434 5799 1490 5854 6.

1584 5796 1601 5824 ³
1639 5795 1816 5853 Galat.
1857 5813 1888 5850 ν
1916 5837 1930 5863 ,
1959 5795 2051 5852 Ἡ.

1957 4631 2074 4682 quia
2105 4625 2180 4668 es!
2202 4615 2529 4679 idololatria,
2552 4611 2613 4666 ob
2642 4627 2756 4682 qua:
2787 4614 2918 4665 venit
2955 4615 3032 4665 ira
3064 4612 3157 4664 Dei
3188 4629 3341 4680 super
3371 4613 3539 4665 Itcmi‘

1958 4719 2045 4756 uer
2091 4713 2420 4757 contumaces
2464 4709 2484 4738 '
2533 4722 2546 4758 :
2588 4704 2715 4757 alibi
2766 4713 2941 4755 autem
2979 4703 3211 4766 regulam
3247 4719 3537 4770 exponens,

1961 4796 2086 4846 dum
2120 4796 2212 4857 ait,
2254 4793 2359 4859 Qui
2386 4797 2524 4847 enim
2556 4804 2675 4847 sunt
2721 4794 2941 4858 Christi,
3006 4811 3214 4846 carnem
3263 4795 3537 4861 ειμι-ἡβαρ-

1960 4893 2085 4938 runt
2133 4901 2250 4937 cum
2318 4885 2592 4954 affectibus
2664 4894 2711 4938 et
2758 4888 3134 4954 cupiditatibus
3183 4886 3226 4941 ³.
3260 4887 3369 4954 Ego
3417 4903 3541 4939 vero

1961 4977 2075 5029 scio
2105 4977 2388 5028 emendata
2416 4976 2531 5030 haec
2561 4976 2729 5030 fuisse
2761 4992 2855 5043 per
2884 4977 3082 5031 Christi
3114 4979 3344 5046 gratiam
3373 4978 3426 5029 in
3458 4979 3540 5029 vi-

1966 5067 2040 5121 ris
2075 5074 2126 5118 et
2162 5065 2494 5130 mulieribus,
2530 5067 2740 5121 sincera
2772 5067 2825 5120 in
2861 5067 3144 5120 Dominum
3191 5067 3292 5120 ﬁde
3323 5083 3335 5118 :
3371 5069 3435 5119 de
3464 5083 3528 5119 eo

1966 5171 2094 5210 vero
2128 5157 2217 5224 qui
2267 5157 2577 5224 impuritate
2605 5157 2834 5225 pollutus
2871 5158 3095 5210 accessit
3123 5161 3188 5208 ad
3217 5167 3431 5219 sancta,
3476 5171 3540 5209 cx

1965 5249 2143 5304 Veteri
2171 5263 2383 5316 quoque
2416 5246 2761 5302 Testamento
2793 5248 3118 5302 horrendum
3145 5248 3433 5301 edocemur
3456 5248 3543 5314 ju-

1971 5341 2190 5394 dicium.
2223 5339 2375 5404 Quod
2414 5341 2457 5392 si
2491 5339 2610 5407 plus
2642 5339 2838 5408 templo
2868 5341 2954 5393 hic
2982 5350 3094 5403 est,
3127 5354 3257 5392 sane
3281 5351 3334 5391 et
3355 5337 3543 5391 formi-

1973 5434 2227 5488 dabilius.
2275 5431 2419 5486 Idem
2471 5449 2568 5488 nos
2598 5436 2807 5487 erudiet
2853 5435 3142 5502 Apostolus
3196 5435 3405 5498 dicens,
3441 5431 3544 5496 Qui

1977 5525 2260 5576 manducat
2287 5533 2335 5576 et
2383 5524 2511 5576 bibit
2561 5525 3077 5593 indigue,jmticium
3124 5525 3220 5578 sibi
3264 5526 3542 5577 manduca:

1979 5623 2024 5666 et
2057 5613 2184 5666 bibit
2239 5612 2280 5665 ⁸.
2317 5613 2393 5666 Ex
2428 5615 2528 5667 hoc
2565 5615 2729 5682 igitur
2781 5632 3041 5684 responso
3076 5615 3292 5684 quidam
3343 5612 3541 5682 opinati

2132 5797 2151 5826 ⁵
2183 5795 2201 5851 l
2239 5794 2368 5850 Cor.
2401 5808 2484 5860 xi,
2515 5793 2607 5848 ‘31.
