3998 6326
369 388 480 451 55⁸1

1272 396 1357 456 IN
1392 395 1636 457 EPIST.
1686 397 1748 456 S.
1790 393 2213 455 ATHANASII
2249 396 2349 454 AD
2384 395 2691 457 AMMUM.

3511 401 3609 462 558

369 505 585 574 σφριγᾷ
605 519 617 531 ⁸
647 502 727 556 διὸ
755 503 907 574 παρᾶ
932 505 1030 576 τὴν
1061 505 1284 578 πρώτην
1315 509 1549 578 εἴρηται.
1570 509 1698 562 Ὅτε
1726 507 1780 560 δὲ
1812 507 1934 575 πρὸς

2054 503 2186 559 lllud
2223 520 2349 560 vero
2389 505 2561 576 (παρά
2591 505 2687 576 τὴν
2731 505 2972 578 πρώτην)
3003 517 3094 562 aut
3121 508 3188 562 de
3238 509 3489 578 praedicta
3527 514 3610 567 via

365 595 549 663 γῆρας
581 594 889 660 ἀπονεύσει,
920 599 967 649 εί
995 598 1088 650 καὶ
1123 598 1256 668 μηδὲ
1282 599 1401 651 τότε
1432 599 1716 652 σϐέννυται
1743 598 1804 651 τὺ
1833 598 1946 668 πῦρ

367 687 440 737 ὲκ
462 684 567 737 τῶν
592 685 798 752 παθῶν,
825 687 960 740 ἀλλά
983 705 1043 756 γε
1068 690 1490 760 μαλθακώτερον
1508 691 1740 758 γίνεται.
1764 690 1946 743 Ταῦτα

367 775 546 829 εἰπὼν
578 776 774 846 ὲπάγει
809 780 890 832 ὅτι
921 780 986 832 τά
1021 781 1314 850 ζητήματα
1347 782 1526 835 αὐτῶν
1559 784 1624 835 τὰ
1659 781 1947 851 ἀκάθαρτα

365 867 726 935 προλέλυνται
758 870 914 939 παρὰ
945 870 1052 922 τῶν
1085 873 1246 924 θείων
1278 873 1527 941 Γραφῶν,
1562 875 1656 924 καὶ
1686 875 1948 941 παραινεῖ

361 957 463 1010 τὲν
504 959 858 1028 ἐρωτήσαντα
905 961 1290 1032 ὑποστηρίξειν
1333 966 1461 1026 τοὺς
1503 963 1594 1015 ὑπ’
1624 964 1806 1028 αὑτὸν,
1853 964 1947 1016 καὶ

361 1052 596 1118 κρήσεσι
629 1050 894 1119 κέχρηται
924 1058 1221 1121 γραφικατς
1253 1053 1530 1124 διαφόροις
1551 1070 1566 1086 ο
1598 1050 1713 1107 εἶτα
1745 1057 1838 1108 καὶ
1867 1059 1945 1119 είς

361 1140 535 1207 εὐχὴν
557 1141 762 1208 τρέψας
785 1141 875 1194 τὸν
908 1141 1065 1208 λόγον
1086 1143 1282 1196 τελειοῖ
1304 1145 1402 1214 τὴν
1426 1144 1732 1214 ἐπιστολήν.
1760 1145 1945 1200 Ταῦτα

363 1235 471 1298 μὲν
500 1227 592 1283 οὖν
623 1233 650 1284 ὁ
683 1235 854 1301 μέγας
887 1238 1050 1303 φησὶν
1083 1235 1402 1297 ’Λθανάσιος
1431 1237 1557 1302 περὶ
1585 1236 1680 1305 τῆς
1712 1239 1944 1307 φυσικῆς

357 1323 666 1391 ἐκκρίσεως
697 1323 794 1390 τῆς
826 1326 1010 1393 γονῆς.
1047 1327 1106 1379 '0
1136 1326 1193 1379 δὲ
1229 1327 1635 1397 ’Ἀλεξανδρείας
1669 1328 1943 1390 Διονύσιος

355 1416 424 1464 ἐν
455 1416 516 1482 τῇ
553 1414 691 1481 πρὸς
725 1413 1041 1486 Βασιλείδην
1071 1418 1326 1488 ἐπιστολῇ
1358 1419 1530 1472 ταῦτα
1562 1437 1726 1488 φησιν
1749 1437 1760 1451 ο
1792 1421 1855 1471 Οἱ
1885 1419 1941 1471 δὲ

354 1505 424 1556 ὲν
454 1505 799 1576 ἁπροαιρέτῳ
829 1509 1118 1577 νυκτερινῇ
1153 1511 1306 1576 ῥύσει
1338 1510 1619 1578 γενόμενοι
1650 1509 1726 1578 τῷ
1754 1509 1941 1578 οίκείῳ

356 1594 625 1646 συνειδότι
653 1595 1230 1650 κατακολουθείτωσαν
1257 1615 1271 1631 ·
1305 1601 1399 1652 καὶ
1429 1600 1655 1662 ἑαυτοὺς
1687 1601 1796 1652 εἴτε
1824 1601 1940 1653 δια-

350 1688 672 1755 κρίνονται,
703 1689 812 1741 εἴτε
849 1688 956 1758 μὴ,
990 1691 1388 1744 σκοπείτωσαν.
1424 1689 1511 1754 Ὧς
1539 1692 1632 1743 ἐπὶ
1659 1691 1768 1744 τῶν
1799 1690 1940 1760 βρω-

357 1779 552 1846 μάτων
594 1781 622 1831 ὁ
669 1779 1112 1849 διακρινόμενος,
1163 1782 1360 1852 φησιν,
1402 1783 1498 1836 ἐὰν
1544 1783 1723 1852 φάγῃ,
1771 1799 1941 1836 κατα-

352 1879 612 1936 κεκριται
646 1883 660 1896 '
714 1871 811 1923 xci.
864 1871 922 1920 ὲν
970 1871 1184 1934 τούτοις
1235 1871 1609 1941 εὐσυνείδητος
1659 1873 1799 1925 ἔστω
1848 1874 1941 1926 καὶ

351 1959 843 2030 εὑπαρρησίαστος
879 1962 1020 2014 κατά
1053 1961 1113 2014 τὸ
1139 1963 1271 2016 ἴδιον
1305 1963 1560 2034 ἐνθύμιον
1578 1965 1687 2028 πᾶς
1720 1968 1746 2016 ὁ
1770 1981 1939 2032 προσ·

353 2051 457 2102 ιὼν
487 2051 561 2120 τῷ
592 2046 743 2115 Θεῷξ
767 2053 831 2106 ’0
859 2052 916 2104 δὲ
946 2053 1094 2119 λέγει
1121 2055 1363 2108 τοιοῦτόν
1391 2056 1560 2121 ἐστιν,
1607 2057 1689 2108 ὅτι
1733 2057 1793 2107 Ὀ
1841 2056 1942 2127 τὴν

347 2143 452 2196 τοῦ
484 2144 799 2214 σπέρματος
832 2145 1070 2208 ὑποστὰς
1101 2145 1314 2216 psam,
1345 2147 1536 2200 ἑαυτὸν
1564 2149 1898 2219 ἀνακρινέτω
1923 2165 1936 2180 ·

349 2237 454 2287 καὶ
480 2237 526 2287 εί
561 2237 657 2305 μὲν
687 2237 962 2306 ἑμπάθειά
989 2255 1072 2301 τις
1103 2241 1454 2308 προηγήσατο
1483 2242 1547 2292 ὲκ
1574 2240 1668 2292 τοῦ
1698 2239 1936 2310 πονηροῦ

352 2326 488 2387 loco;
521 2329 777 2398 ὲνθυμίου
811 2331 908 2381 καὶ
941 2330 1411 2396 συγκαταθέσεως,
1446 2331 1536 2384 καὶ
1568 2330 1739 2394 οὕτως
1775 2333 1807 2401 ἡ
1841 2333 1938 2400 τῆς

347 2419 521 2485 γονῆς
555 2419 962 2488 ἐπηκολούθησε
997 2419 1214 2490 ῥεῦσις,
1245 2421 1344 2474 οὐκ
1378 2423 1645 2489 ἀμίαντος
1674 2425 1703 2475 ὁ
1733 2423 1937 2491 ταύτην

351 2510 546 2560 παθών
570 2525 583 2540 '
624 2513 670 2561 εί
709 2510 752 2562 δ’
778 2511 930 2563 οὐδὲν
965 2510 1202 2564 τοιοῦτον
1241 2513 1629 2581 προηγήσατο,
1667 2513 1787 2566 οὐδὲ
1823 2514 1938 2566 δια-

349 2601 600 2670 κρίνεται
631 2601 720 2653 διά
749 2618 802 2654 τι
832 2600 1074 2654 τοιοῦτον
1095 2641 1109 2665 ,
1142 2602 1235 2654 καὶ
1265 2603 1325 2654 οὐ
1363 2603 1691 2671 μεμόλυνται
1725 2603 1873 2673 αὐτῷ
1908 2606 1934 2656 ό

348 2691 634 2758 λογισμὸς,
667 2690 909 2760 προσίτω
940 2694 1052 2753 τοῖς
1082 2692 1411 2760 ἀγιάσμασι.
1443 2692 1598 2755 Τινὲς
1625 2691 1682 2744 δὲ
1713 2693 1803 2745 τὸν
1837 2693 1933 2761 μέ-

347 2798 461 2851 γαν
497 2781 779 2834 Βασίλειόν
813 2799 977 2848 φασιν
1013 2784 1302 2850 ἀπείργειν
1325 2783 1449 2844 τοὺς
1473 2783 1710 2836 τοιοῦτόν
1745 2801 1796 2836 τι
1833 2801 1935 2838 παι

347 2874 547 2936 θὸντας
590 2875 687 2943 τῆς
729 2874 836 2926 τῶν
882 2873 1240 2943 ἀγιασμιατων
1286 2874 1663 2944 μεταλήψεως.
1697 2875 1934 2944 Ἐρωτη-

345 2967 467 3027 θεὶς
496 2968 600 3034 γὰρ
629 2967 657 3017 ὀ
686 2967 838 3033 ἅγιος
865 2961 1021 3029 οὗτος
1042 3008 1056 3030 ,
1085 2965 1161 3028 ὡς
1190 2969 1247 3020 ὲν
1275 2971 1383 3028 τοῖς
1415 2967 1732 3035 ἀσκητικοῖς
1764 2968 1931 3020 αὐτοῦ

345 3057 790 3126 ἀναγέγραπται,
822 3059 868 3109 εἰ
898 3057 1007 3108 τῶν
1038 3057 1286 3127 συνήθων
1311 3059 1407 3110 καὶ
1436 3061 1580 3110 κατά
1607 3059 1768 3127 φύσιν
1793 3074 1934 3126 γινο-

2049 597 2318 666 conjugali
2355 598 2752 666 intelligendqu
2787 609 2889 663 est,
2921 610 3014 654 aut
3039 601 3104 654 de
3134 599 3306 655 initio.
3337 601 3438 668 Qui
3467 605 3609 658 enim

2051 689 2414 756 virginitatem
2450 689 2807 758 amp‘tectitur,
2839 705 2958 744 cum
2997 705 3124 744 caro
3179 693 3245 744 ad
3286 693 3609 761 voluptates.

2049 781 2387 848 maximeque
2410 796 2670 836 venereas
2694 782 2764 836 sit
2794 783 3061 850 proclivis;
3091 782 3432 837 conﬂictatur
3462 785 3615 840 ἱιιίιίιι

2048 871 2474 934 difﬁcultatibus,
2508 882 2694 926 natura
2727 875 2791 926 ad
2820 874 3091 930 libidinem
3116 876 3426 939 inclinante,
3455 877 3615 945 idque

2050 966 2350 1032 prmsertim
2381 966 2504 1018 dum
2544 966 2594 1018 in
2637 966 2813 1020 aetatis
2863 967 2992 1020 ﬂore
3039 977 3308 1032 versatur,
3341 983 3403 1021 ac
3434 970 3611 1034 viget;

2047 1069 2203 1121 quam
2230 1056 2298 1110 ob
2327 1070 2541 1109 causam
2563 1057 2723 1108 verba
2757 1057 2842 1108 illa
2871 1057 3064 1123 (primo
3093 1059 3263 1126 aditu)
3288 1070 3414 1113 sunt
3447 1061 3612 1111 dicta.

2047 1145 2149 1201 Ubi
2185 1163 2312 1201 vero
2362 1150 2426 1202 ad
2485 1158 2814 1201 senectutem
2865 1152 3059 1217 vergit,
3101 1151 3312 1203 etiamsi
3362 1165 3427 1201 ne
3488 1162 3616 1204 tunc

2044 1238 2259 1305 quidem
2302 1241 2672 1306 cxstinguatur
2723 1239 3072 1308 cupiditatum
3125 1241 3340 1294 ﬂamma
3371 1281 3386 1303 ,
3441 1241 3614 1294 lenior

2049 1339 2221 1383 tamen
2253 1333 2450 1384 evadit.
2489 1330 2580 1382 llis
2628 1331 2788 1384 dictis
2824 1331 3075 1398 subjicit,
3111 1332 3322 1384 illorum
3375 1333 3613 1398 impuras

2044 1424 2364 1491 quaestiones
2388 1423 2495 1491 jam
2521 1431 2643 1476 ante
2666 1437 2728 1476 ex
2758 1423 2927 1476 sacris
2959 1422 3176 1477 Litteris
3202 1424 3365 1477 fuisse
3388 1426 3613 1488 Solutas,

2045 1525 2332 1581 monetque
2385 1515 2831 1579 interrogantem,
2872 1524 2928 1568 ut
2958 1516 3058 1568 sibi
3120 1515 3366 1568 subditos
3415 1516 3616 1567 contir-

2043 1615 2173 1669 met,
2209 1605 2479 1674 variisque
2511 1603 2803 1673 Scriptura:
2833 1606 3119 1659 sententiis
3151 1609 3316 1660 utitur
3344 1623 3359 1673 ;
3398 1617 3507 1660 tum
3546 1607 3613 1659 ad

2041 1696 2405 1764 precationem
2440 1711 2700 1750 conversa
2741 1698 2984 1750 oratione
3033 1697 3312 1766 epistolam
3361 1698 3610 1752 absolvit.

2052 1786 2176 1841 llaec
2203 1803 2329 1857 ergo
2367 1803 2592 1857 magnus
2624 1789 2858 1856 loquitur
2896 1790 3222 1842 Athanasius
3269 1789 3336 1843 de
3384 1789 3614 1842 naturali

2050 1878 2271 1931 seminis
2305 1880 2634 1932 excretione.
2671 1876 2957 1947 Dionysius
3004 1893 3166 1946 porro
3217 1879 3614 1935 Alexandrinus

2045 1965 2098 2018 in
2131 1965 2358 2035 epistola
2409 1966 2474 2020 ad
2522 1965 2818 2020 Basilidem
2868 1966 2980 2019 haec
3023 1968 3184 2020 habet
3217 1985 3230 2020 :
3269 1967 3368 2032 Qui
3402 1983 3527 2021 vero
3561 1970 3611 2022 in

2045 2071 2148 2110 non
2181 2056 2485 2110 voluntario
2525 2067 2791 2111 nocturno
2819 2055 2963 2110 ﬂuxu
3012 2055 3181 2120 fuere,
3220 2058 3489 2126 propriam
3526 2076 3614 2113 se-

2041 2159 2274 2217 quantur
2305 2149 2714 2212 conscientiam,
2751 2157 2804 2201 et
2837 2164 3041 2210 secum,
3073 2163 3138 2201 an
3164 2148 3228 2202 de
3253 2163 3316 2202 co
3344 2149 3610 2212 dubitant,

2041 2253 2231 2303 necne,
2279 2239 2639 2293 considerent.
2691 2240 3152 2304 Quemadmodum
3203 2239 3256 2292 in
3307 2241 3462 2302 cibis,
3518 2242 3609 2309 qui

2039 2331 2274 2396 dubitat,
2305 2331 2500 2400 inquit,
2540 2333 2924 2385 condemnatus
2955 2339 3036 2384 est
3065 2372 3079 2396 ,
3112 2332 3153 2384 si
3185 2332 3474 2385 comederit
3500 2369 3514 2393 ,
3559 2333 3610 2383 in

2040 2423 2123 2477 his
2151 2437 2368 2491 quoque
2404 2424 2557 2476 bonae
2585 2424 2651 2476 sit
2676 2423 3039 2487 conscientia,
3064 2433 3116 2476 et
3142 2423 3306 2477 libere
3336 2425 3604 2490 loquatur,

2031 2509 2183 2578 juxta
2216 2521 2527 2579 conceptam
2567 2511 2745 2563 animo
2769 2514 3170 2578 cogitationem,
3201 2514 3377 2566 omnis
3403 2515 3489 2580 qui
3517 2529 3609 2566 ac-

2047 2604 2191 2659 cedit
2230 2604 2290 2655 ad
2328 2601 2515 2655 Deum.
2546 2601 2695 2666 Quod
2739 2617 2866 2656 vero
2893 2603 2966 2656 ait
2995 2603 3255 2669 ejusmodi
3283 2614 3387 2667 est,
3426 2616 3481 2658 ut
3517 2607 3607 2673 qui

2037 2695 2256 2749 seminis
2283 2695 2486 2748 ﬂuxum
2515 2705 2595 2748 est
2628 2709 2817 2761 passus
2847 2695 3078 2761 seipsum
3110 2697 3405 2762 examinet,
3435 2712 3497 2749 ac
3527 2696 3604 2749 si—

2042 2787 2257 2853 quidem
2313 2785 2522 2840 aﬂ‘ectio
2577 2785 2751 2855 aliqua
2812 2787 3105 2852 praecessit,
3137 2802 3201 2842 ex
3259 2803 3424 2856 prava
3470 2789 3608 2844 forte

2039 2879 2364 2946 cogitatione
2398 2889 2556 2946 atque
2611 2894 2878 2934 consensu
2901 2921 2915 2942 ,
2951 2889 3004 2933 et
3056 2881 3152 2933 hoc
3188 2890 3341 2948 pacto
3387 2883 3607 2936 seminis

2034 2967 2208 3022 ﬂuxus
2243 2979 2322 3022 est
2355 2981 2700 3035 consecutus,
2733 2969 2818 3023 cui
2852 2972 2895 3023 is
2930 2971 3152 3038 Contigit
3189 2971 3600 3040 haudquaquam

2035 3079 2200 3133 purus
2233 3064 2630 3117 existimabitur
2669 3080 2681 3116 :
2719 3065 2801 3117 sin
2839 3065 2971 3117 nihil
3019 3065 3122 3119 tale
3153 3069 3464 3134 praecessit,
3502 3085 3598 3123 nec

350 3148 531 3219 μένων
557 3150 666 3200 τινὶ
696 3149 799 3218 χρὴ
832 3149 1037 3218 τολμᾷν
1064 3149 1143 3211 είς
1173 3151 1459 3204 κοινωνίαν
1489 3151 1595 3203 τῶν
1628 3151 1799 3218 ἁγίων
1832 3167 1929 3203 παι

2039 3158 2100 3211 de
2132 3156 2306 3225 aliqua
2339 3155 2602 3224 ejusmodi
2637 3171 2692 3210 re
2720 3157 2940 3225 ambigit
2966 3195 2980 3221 ,
3012 3172 3108 3211 nec
3139 3157 3242 3210 ulla
3282 3163 3475 3211 rationi
3511 3163 3604 3213 ad-

347 3237 697 3309 ραδέχεσθαι,
740 3239 1034 3309 ἀπεκρίθη,
1083 3240 1384 3309 Κρείττονα
1425 3241 1522 3311 τῆς
1572 3239 1784 3308 φύσεως
1835 3242 1930 3294 καὶ

343 3332 452 3398 τῆς
485 3331 770 3400 συνηθείας
799 3331 1038 3394 ἐδίδαξεν
1064 3333 1090 3383 ό
1126 3333 1446 3394 Ἀπόστολος
1479 3329 1616 3385 εἶναι
1646 3333 1737 3385 τὸν
1764 3334 1820 3384 ὲν
1851 3332 1928 3402 τῷ

347 3420 684 3490 βαπτίσματι
719 3420 1056 3486 συνταφέντα
1086 3418 1337 3489 Χριστιῖν
1371 3418 1499 3471 ποτὲ
1529 3419 1629 3483 μὲν
1654 3420 1823 3471 εἰπὼν
1848 3419 1927 3470 ὅτι

361 3513 423 3565 '0
455 3513 709 3573 παλαιὸς
742 3510 914 3579 ἡμῶν
941 3512 1254 3577 ἅνθρωπος
1286 3509 1755 3577 συνεσταυρώθη
1776 3549 1790 3572 ,
1828 3509 1930 3561 ἵνα

347 3600 695 3671 καταργηθῇ
730 3603 799 3655 τὸ
826 3600 1007 3670 ¹σῶμα
1040 3603 1149 3668 τῆς
1183 3603 1492 3670 ἁμαρτίας,
1529 3599 1636 3653 τοῦ
1665 3600 1750 3669 μὴ
1788 3598 1926 3652 δου-

344 3697 558 3750 λεύειν
595 3694 753 3762 ἡμᾶς
797 3693 868 3761 τῇ
913 3694 1207 3761 ἁμαρτίᾳ*
1254 3693 1381 3744 ποτὲ
1425 3693 1481 3744 δὲ
1523 3691 1926 3762 παραγγείλας,

345 3784 704 3852 Νεκρώσατε
742 3781 856 3839 οὖν
888 3785 959 3838 τὰ
993 3783 1148 3852 μέλη
1190 3784 1355 3852 ὑμῶν
1390 3782 1460 3835 τὰ
1495 3782 1592 3835 ἐπὶ
1627 3781 1739 3850 τῆς
1775 3780 1885 3850 γῆς
1910 3796 1924 3811 ⁸

347 3891 662 3943 πορνείαν,
693 3875 1087 3941 ἀκαθαρσίαν,
1119 3873 1329 3938 πάθος,
1359 3873 1681 3939 ἐπιθυμίαν
1707 3868 1924 3937 κακὴν,

347 3973 453 4020 καὶ
483 3968 596 4033 τὴν
625 3966 1012 4030 πλεονεξίαν,
1046 3965 1084 4032 ἢ
1120 3981 1206 4030 τις
1239 3963 1413 4017 ἐστὶν
1442 3961 1924 4029 είδωλολατρεία,

345 4058 428 4112 δι’
457 4060 495 4112 d
522 4059 816 4125 Epzstatgri
848 4056 994 4124 ὀργὴ
1023 4055 1127 4109 τοῦ
1160 4054 1303 4109 Θεοῦ
1327 4055 1423 4108 ἐπὶ
1455 4056 1595 4122 τοὺς
1625 4055 1791 4120 υἱοὺς
1821 4053 1929 4122 τῆς

345 4153 658 4214 ἀπειθείας
680 4166 693 4178 ·
724 4151 852 4202 ποτὲ
882 4149 938 4201 δὲ
969 4150 1090 4218 ὅρον
1115 4149 1405 4216 ἐκθέμενος
1437 4149 1492 4200 ὲν
1515 4146 1594 4216 τῷ
1624 4149 1797 4200 εἰπεῖν
1822 4164 1834 4178 ·
1865 4149 1928 4200 Οἱ

348 4243 422 4295 δὲ
461 4243 563 4296 τοῦ
605 4240 863 4307 Χριστοῦ
904 4239 1093 4307 Ἰησοῦ
1135 4242 1534 4306 ἐσταύρωσαν
1576 4240 1692 4307 τὴν
1731 4240 1928 4306 σάρκα

347 4334 477 4388 σὺν
507 4333 632 4398 τοῖς
667 4333 980 4400 παθήμασι
1014 4331 1111 4384 καὶ
1141 4332 1272 4394 ταῖς
1304 4331 1664 4399 ἐπιθυμίαις.
1701 4330 1840 4399 Ἐγὼ
1873 4331 1930 4382 δὲ

347 4429 526 4495 ἔγνων
560 4429 641 4479 ὅτι
675 4426 847 4477 ταῦτα
890 4423 1220 4493 κατωρθώθη
1258 4423 1493 4492 Χριστοῦ
1529 4425 1710 4492 χάριτι
1746 4423 1838 4475 καὶ
1873 4423 1929 4473 ὲν

2039 3247 2193 3300 haesit
2219 3247 2448 3311 macula,
2477 3246 2540 3298 ad
2570 3261 2723 3299 sacra
2754 3246 2827 3298 illi
2861 3248 3110 3314 mysteria
3145 3247 3301 3301 liccat
3325 3249 3600 3306 accedere.

2043 3337 2298 3391 Nonnulli
2335 3353 2482 3400 vero,
2520 3338 2698 3404 magni
2731 3335 2913 3390 Basilii
2941 3339 3206 3391 sententia
3238 3379 3251 3400 ,
3280 3344 3367 3408 qui
3403 3341 3603 3408 aliquid

2032 3429 2291 3497 ejusmodi
2326 3429 2464 3497 passi
2497 3439 2641 3489 sunt,
2680 3443 2707 3480 a
2749 3443 3027 3482 sacrorum
3067 3431 3442 3497 mysteriorum
3477 3447 3600 3498 per-

2031 3521 2282 3591 cepzione
2327 3519 2497 3573 arceri
2537 3533 2804 3574 asserunt.
2852 3519 3087 3588 Rogatus
3136 3537 3366 3591 namque
3404 3522 3487 3576 hic
3526 3527 3606 3577 vir

2031 3623 2253 3667 sanctus
2289 3611 2387 3681 (uti
2442 3611 2492 3664 iu
2548 3611 2712 3680 ipsius
2762 3612 3022 3668 Asceticis
3072 3623 3154 3667 est
3204 3615 3482 3682 scriptum)
3537 3631 3602 3667 an

2033 3717 2178 3765 cum,
2227 3703 2310 3754 cui
2351 3718 2413 3755 ex
2472 3701 2860 3755 consuetudine
2922 3711 3013 3757 aut
3069 3712 3258 3756 natura
3319 3706 3591 3772 quidpiam

2030 3794 2232 3856 evenit,
2269 3794 2469 3845 audere
2495 3803 2739 3862 oporteat
2785 3794 2851 3847 ad
2913 3809 3189 3848 sacrorum
3232 3799 3602 3851 communica—

2031 3882 2228 3938 tionem
2262 3883 2584 3938 admittere?
2615 3883 2923 3952 respondit:
2950 3883 3289 3953 Superiorem
3322 3897 3522 3939 natura:
3553 3897 3605 3939 ct

2049 3976 2424 4030 consuetudini
2457 3974 2636 4028 docuit
2664 3975 2952 4042 Apostolus
2982 3990 3102 4030 esse
3140 3991 3283 4040 eum,
3310 3979 3400 4045 qui
3432 3980 3481 4030 in
3516 3979 3606 4031 ba-

2034 4069 2229 4137 ptismo
2265 4067 2608 4134 consepultus
2641 4079 2723 4120 est
2776 4067 2995 4122 Christo
3039 4085 3052 4120 :
3092 4083 3236 4122 nunc
3273 4072 3486 4137 quidem
3525 4073 3606 4123 di-

2033 4173 2182 4222 cens,
2215 4157 2366 4223 Quod
2403 4168 2540 4212 cetus
2576 4169 2751 4212 noster
2782 4159 2935 4211 homo
2963 4176 3078 4212 cum
3109 4176 3167 4212 eo
3203 4163 3483 4227 cruciﬁxus
3510 4175 3602 4223 est,

2033 4261 2089 4304 ut
2125 4253 2398 4304 aboleatur
2441 4267 2628 4316 corpus
2676 4253 2894 4314 peccati,
2927 4266 2991 4303 ne
3026 4268 3117 4305 nos
3151 4253 3376 4318 amplius
3408 4253 3605 4305 servia-

2033 4358 2149 4395 mus
2206 4351 2416 4410 peccato
2451 4347 2466 4376 ί
2519 4341 2682 4393 :alibi
2734 4355 2864 4395 vero
2903 4343 3234 4408 praecipiens,
3290 4341 3602 4408 Mortiﬁcate

2035 4434 2197 4502 igitur
2225 4435 2454 4485 membra
2480 4441 2651 4486 vestra
2684 4435 2980 4494 terrestria,
3008 4434 3402 4492 st'ortationem,
3432 4435 3605 4499 impu-

347 4516 578 4584 ἀνδράσι
603 4515 697 4567 καὶ
721 4513 934 4582 γυναιξὶ
961 4515 1139 4564 πίστει
1160 4516 1223 4584 τῇ
1251 4515 1327 4574 είς
1349 4512 1439 4564 τὸν
1467 4513 1663 4582 Κύριον
1689 4513 1886 4582 γνησίᾳ
1905 4526 1918 4538 ’

2039 4527 2256 4587 ritatem,
2292 4524 2586 4584 mollitiem,
2614 4525 2950 4590 cupiditatem
2979 4522 3198 4583 malum,
3218 4535 3264 4575 et
3291 4525 3600 4582 avaritiam.

345 4607 444 4663 τοῦ
482 4609 537 4660 δὲ
575 4609 634 4660 ἐν
666 4607 976 4676 ἀκαθαρσίᾳ
1014 4607 1142 4657 ὄντα
1173 4608 1293 4658 τινα
1331 4606 1565 4673 ἐγγίζειν
1599 4609 1710 4668 τοῖς
1750 4609 1924 4674 ἁγίοις

341 4703 445 4756 καὶ
480 4706 541 4751 ὲκ
575 4701 673 4767 τῆς
713 4700 954 4760 Παλαιᾶς
989 4697 1259 4767 Διαθήκης
1297 4697 1526 4767 φοϐερὸν
1561 4699 1925 4768 διδασκόμεθα

341 4793 414 4846 τὸ
447 4794 641 4861 κρῖμα.
679 4792 736 4842 Εἰ
771 4791 825 4842 δὲ
864 4791 1048 4843 πλεῖον
1079 4790 1170 4842 τοῦ
1209 4789 1356 4859 ἱεροῦ
1389 4783 1512 4854 ὧδε,
1549 4791 1925 4861 φοϐερώτερον

343 4893 613 4962 δηλονότι.
665 4889 952 4942 Παιδεύσει
992 4888 1050 4940 δὲ
1094 4888 1243 4954 ἡμᾶς
1281 4886 1309 4936 ὁ
1347 4886 1667 4947 Ἀπόστολος
1711 4885 1881 4938 είπὼν
1911 4898 1924 4913 ⁶

356 4987 424 5037 '0
454 4985 671 5036 ἐσθίων
697 4981 791 5035 καὶ
822 4982 1014 5032 πίνων
1036 4978 1295 5042 ἀναξίως
1321 4977 1500 5045 κρῖμα
1525 4975 1713 5041 ἐαυτῷ
1737 4979 1926 5031 ἐσθίει

344 5076 450 5129 καί
482 5075 663 5126 πίνει.
701 5073 794 5124 Ἐκ
825 5070 956 5138 γοῦν
985 5070 1084 5138 τῆς
1116 5067 1455 5138 ἀποκρίσεως
1487 5069 1686 5138 ταύτης
1719 5067 1923 5121 οἴονταί

341 5181 494 5231 τινες
525 5166 614 5218 τὸν
651 5166 822 5234 μέγαν
855 5161 1137 5216 Βασίλειον
1167 5159 1511 5229 ἀκαθαρσίαν
1543 5159 1794 5228 ἡγεῖσθαι
1827 5161 1925 5228 τὴν

339 5257 445 5310 τοῦ
478 5257 790 5325 σπέρματος
817 5253 1018 5323 ἐκροήν
1043 5268 1057 5282 ·
1089 5251 1204 5304 ἀλλ’
1228 5252 1328 5302 οὐκ
1359 5250 1473 5302 ἐστι
1501 5249 1679 5302 τοῦτο.
1711 5250 1784 5302 Οὐ
1819 5249 1925 5320 γὰρ

344 5349 484 5418 περὶ
513 5347 858 5414 ἀφαντὰστον
894 5347 1026 5412 φησὶ
1059 5342 1268 5412 ῥύσεως
1289 5381 1302 5405 ,
1335 5341 1449 5393 ἀλλ’
1476 5342 1594 5395 οὐδὲ
1631 5341 1768 5410 μετά
1801 5359 1926 5409 φαν-

338 5440 541 5500 τασίας
571 5437 893 5506 γενομένης,
923 5437 1050 5490 ἀνευ
1083 5436 1270 5505 μέντοι
1300 5434 1627 5502 ὲμπαθείας,
1657 5429 1723 5503 ἧς
1753 5434 1936 5487 ἐπιθυ-

348 5531 455 5603 μία
500 5532 559 5582 οὺ
606 5532 994 5600 προηγήσατο·
1041 5527 1073 5596 ἢ
1118 5526 1219 5579 κᾶν
1269 5527 1645 5597 προηγήσατο,
1692 5525 1810 5577 ἀλλ’
1838 5527 1936 5578 οὐκ

344 5623 645 5691 ἀνέμεινεν,
676 5620 790 5672 ἀλλ’
815 5620 1154 5688 ἀπεπέμφθη
1180 5616 1272 5670 τοῦ
1303 5616 1615 5687 κρείττονος
1643 5617 1938 5687 ὲπικρατή-

449 5806 463 5835 ³
491 5805 650 5864 Bom.
685 5820 757 5871 vi,
795 5805 848 5862 6.
957 5802 976 5831 '
1015 5803 1225 5861 Coloss.
1266 5819 1325 5861 ιιι
1354 5845 1369 5870 ,
1405 5805 1469 5870 5,
1502 5801 1557 5857 6.

1653 5799 1669 5827 ³
1707 5798 1884 5856 Galat.
1926 5815 1956 5853 ν
1984 5840 1998 5865 ,
2027 5799 2118 5854 ‘24.

2026 4634 2143 4686 quae
2174 4627 2248 4670 est
2272 4617 2598 4682 idololatria,
2621 4614 2682 4669 ob
2711 4630 2826 4685 quin
2857 4616 2987 4667 venit
3024 4618 3101 4667 ira
3133 4616 3226 4667 Dei
3257 4632 3409 4682 super
3440 4616 3607 4668 homi-

2027 4722 2113 4758 nes
2160 4715 2490 4758 contumaces
2532 4711 2553 4741 ί
2602 4724 2615 4761 :
2657 4707 2784 4760 alibi
2835 4716 3010 4757 autem
3047 4707 3279 4770 regulam
3315 4723 3606 4774 exponens,

2029 4798 2155 4850 dum
2188 4798 2281 4860 ait,
2324 4796 2428 4862 Qui
2455 4799 2592 4849 enim
2625 4807 2744 4850 sunt
2790 4796 3010 4860 Christi,
3075 4814 3282 4849 carnem
3331 4799 3605 4864 εγω-ιβπε-

2029 4897 2153 4939 runt
2202 4903 2318 4940 cum
2386 4888 2662 4956 aﬂ'ettibus
2733 4897 2781 4941 et
2827 4890 3203 4957 cupiditatibus
3252 4889 3294 4944 ³.
3329 4891 3438 4958 Ego
3484 4907 3610 4942 vero

2030 4980 2144 5032 scio
2173 4979 2456 5032 emendata
2485 4978 2599 5033 haec
2629 4979 2798 5033 fuisse
2829 4995 2924 5046 per
2952 4979 3151 5034 Christi
3183 4983 3412 5049 gratiam
3442 4981 3494 5033 in
3526 4982 3609 5032 vi-

2034 5070 2109 5123 ris
2143 5076 2194 5122 et
2231 5069 2564 5134 mulieribus,
2599 5070 2808 5124 sincera
2840 5071 2894 5123 in
2929 5070 3212 5123 Dominum
3260 5071 3360 5123 tide
3391 5087 3404 5122 :
3439 5071 3503 5122 de
3532 5087 3596 5122 eo

2034 5173 2163 5213 vero
2196 5159 2286 5227 qui
2337 5159 2646 5228 impuritate
2674 5160 2903 5228 pollutus
2939 5162 3164 5215 accessit
3191 5164 3256 5212 ad
3284 5170 3498 5222 sancta,
3544 5175 3608 5212 ex

2034 5251 2212 5306 Veteri
2240 5266 2452 5320 quoque
2485 5249 2828 5305 Testamento
2860 5251 3186 5305 horrendum
3213 5252 3502 5305 e'locemur
3525 5251 3612 5316 ju-

2040 5344 2259 5397 dicium.
2291 5342 2444 5407 Quod
2483 5344 2526 5395 si
2559 5342 2678 5410 plus
2710 5343 2906 5411 templo
2935 5344 3021 5396 hic
3050 5354 3126 5397 est
3147 5385 3161 5407 ,
3194 5358 3325 5396 sane
3349 5354 3400 5395 et
3423 5340 3611 5393 formi-

2041 5437 2296 5491 dabilius.
2343 5434 2486 5489 ldem
2539 5453 2637 5490 nos
2666 5439 2876 5490 erudiet
2921 5438 3209 5505 Aposrolus
3263 5438 3472 5502 dicens,
3509 5435 3612 5499 Qui

2045 5529 2328 5579 manducet
2355 5537 2404 5578 et
2451 5527 2578 5579 bibit
2628 5528 3144 5596 indigne,judicimu
3191 5529 3286 5582 sibi
3331 5529 3610 5580 manduca:

2047 5627 2092 5668 et
2126 5616 2252 5669 bibit
2308 5614 2348 5668 ⁵.
2385 5615 2461 5668 Ex
2496 5618 2596 5670 hoc
2632 5616 2797 5685 igitur
2849 5634 3108 5687 responso
3143 5619 3358 5686 quidam
3409 5616 3608 5685 opinati

2200 5800 2219 5829 ³
2251 5797 2269 5852 ι
2308 5796 2435 5853 Cor.
2467 5810 2550 5862 τι,
2582 5795 2675 5850 σιτ.
