3998 6326
570 369 672 430 55:)

1803 375 2076 435 TllEOD.
2111 370 2504 432 BALSAMON

3663 366 3768 426 5‘60

567 496 688 538 sunt
723 498 962 553 magnum
1003 484 1613 552 Basiliunt'impuritatis
1649 488 1762 541 loco
1797 489 1992 541 ducere
2025 503 2103 540 se-

2217 500 2404 545 σαντος
2425 481 2682 549 λογισμοῦ
2702 497 2715 512 ο
2755 482 2890 533 ὥστε
2915 479 3048 550 μηδέ
3073 475 3469 546 συγκατάθεσιν
3491 477 3767 543 γενέσῖλαι,

568 577 723 628 minis
744 576 959 642 fluxum;
989 579 1079 631 sed
1108 594 1208 629 non
1242 587 1321 630 est
1350 580 1442 631 ita.
1473 577 1584 633 Non
1613 579 1753 632 enim
1785 579 1849 632 de
1879 595 1943 632 eo
1967 578 2110 631 ﬂuxu

565 667 821 735 loquitur,
858 666 947 734 qui
983 669 1097 720 sine
1127 665 1505 732 imaginatione
1537 668 1622 733 fit,
1664 669 1767 720 imo
1800 684 1895 721 nec
1926 670 1991 722 de
2023 683 2109 732 eo,

566 773 722 822 quem
752 758 1063 822 iinaginatio
1093 759 1379 810 comitatur
1405 799 1418 821 ,
1468 761 1581 811 sine
1611 760 1711 811 ulla
1744 768 1918 812 tamen
1947 760 2110 811 animi

565 850 863 912 alfectione,
899 865 1054 916 quam
1081 849 1339 916 cupiditas
1399 864 1499 901 non
1551 851 1912 916 praecesserit;
1945 857 2036 900 aut
2067 848 2112 901 si

563 943 849 1007 pt'asccssit.
885 940 1022 993 haud
1065 939 1158 993 diu
1197 950 1373 991 tamen
1404 939 1661 1002 substitit,
1694 940 1785 992 sed
1833 938 2110 992 exturbata

563 1043 641 1084 est
679 1013 899 1098 potioris
932 1031 1153 1098 imperio
1188 1031 1443 1094 rationis;
1475 1030 1544 1082 ita
1576 1040 1635 1082 ut
1665 1045 1837 1097 neque
1869 1031 2111 1082 assensio

561 1124 629 1174 sit
663 1129 971 1183 consecuta,
1005 1134 1100 1172 nec
1123 1119 1304 1187 aliqua
1353 1134 1448 1187 per
1478 1119 1620 1171 illam
1655 1119 1866 1170 macula
1914 1116 2107 1170 rationi

562 1211 865 1262 :idliteserit.
900 1209 1061 1274 quue
1108 1223 1171 1260 ex
1225 1210 1447 1276 ipSumel
1495 1207 1669 1275 magni
1726 1207 1898 1260 Patris
1955 1207 2099 1260 illius

560 1299 846 1365 scriptione
898 1297 1343 1349 animadvertenti
1395 1295 1549 1348 facile
1592 1295 1694 1348 erit
1759 1309 2103 1364 cognosCere.

559 1389 796 1453 Apostoli
827 1402 1054 1454 namque
1082 1386 1260 1449 verba,
1283 1385 1475 1452 quibus
1504 1384 1588 1438 ille
1615 1385 1677 1438 ad
1699 1399 1808 1438 sua:
1833 1385 2109 1438 sententia:

559 1479 1011 1528 conﬁrmationem
1045 1485 1126 1528 est
1171 1490 1318 1539 usus,
1372 1474 1577 1541 peccati
1612 1477 1898 1527 meminere
1931 1475 2107 1541 impu-

563 1566 860 1631 iitatisqne,
887 1573 940 1616 et
971 1560 1418 1630 concupisCentia:
1469 1562 1620 1614 tnalte
1643 1600 1656 1627 ,
1703 1574 1764 1614 ex
1801 1561 1993 1628 quibus
2019 1562 2106 1614 ille

559 1672 709 1707 suam
754 1655 1010 1707 stabilivit
1052 1653 1394 1716 sententiam,
1441 1652 1644 1716 dicens,
1690 1653 1932 1718 Aliquem
1981 1665 2105 1705 vero

564 1746 866 1814 impuritate
913 1745 1170 1813 pollutum
1217 1743 1283 1797 ad
1329 1753 1510 1796 sancta
1539 1742 1639 1812 41
1675 1745 1926 1796 accedere
1951 1783 1965 1807 ,
1998 1758 2100 1797 etc.

2217 577 2346 644 μηδὲ
2389 575 2711 643 μολυνθῆναι
2743 573 2915 644 ταύτῃ
2945 572 3035 624 τὸν
3067 572 3342 637 λογισμόν.
3379 567 3488 621 Καὶ
3520 566 3677 619 τοῦτο
3709 569 3770 631 ἐξ

2211 664 2377 733 αὐτῆς
2408 665 2502 731 τῆς
2535 662 2751 731 γραφῆς
2782 663 2874 714 τοῦ
2911 661 3147 730 μεγάλου
3185 659 3392 726 [ἰατρὸς
3426 657 3637 709 ἐκείνου
3668 675 3770 708 καο

2209 753 2609 822 ταληφθήσεται
2632 753 2709 821 τῷ
2733 753 3065 820 προσέχοντι.
3095 750 3173 802 Τά
3198 750 3303 818 γὰρ
3325 747 3414 808 τοῦ
3439 749 3495 800 Ἀ
3507 748 3771 800 ποστόλου

2212 845 2432 913 ῥήματα
2461 839 2537 906 οἷς
2568 845 2772 904 ἐκεῖνος
2802 847 2880 903 εἰς
2908 843 3252 908 κατασκευὴν
3280 841 3547 909 ἐχρήσατο
3572 839 3661 890 τοῦ
3690 839 3772 889 σί-

2212 936 2358 986 κείου
2397 935 2586 1001 λόγου,
2629 934 2900 1005 ἁμαρτίας
2946 936 3214 1002 μέμνηται
3257 934 3349 984 καὶ
3393 933 3770 1000 ἀκαθαρσίας,

2210 1028 2300 1077 καὶ
2337 1026 2626 1095 ἐπιθυμίας
2670 1027 2866 1094 κακῆς.
2909 1027 3050 1093 Πρδς
3094 1026 3233 1093 ἅπερ
3273 1026 3477 1082 ἐκεῖνος
3523 1023 3771 1091 στηρίξει

2208 1117 2308 1184 τὴν
2334 1117 2557 1185 γνώμην
2583 1116 2678 1186 τὴν
2707 1116 2921 1175 ἑαυτοῦ.
2953 1117 3126 1181 λέγων
3145 1132 3158 1147 ’
3187 1117 3259 1167 Τὸ
3285 1115 3339 1166 δὲ
3371 1116 3429 1165 ἐν
3455 1115 3772 1183 ἀκαθαρσίᾳ

2208 1204 2335 1256 ὄντα
2363 1208 2483 1258 τινὰ
2510 1208 2746 1273 ἐγγίζειν
2771 1208 2881 1267 τοῖς
2908 1208 3106 1272 ἁγίοις,
3136 1209 3226 1257 καὶ
3253 1206 3319 1258 τὰ
3351 1205 3532 1257 λοιπά.
3560 1206 3674 1255 Οὐκ
3701 1205 3771 1256 ἂν

2207 1296 2264 1349 δὲ
2302 1315 2382 1359 τις
2421 1301 2559 1352 είποι
2599 1301 2932 1368 ἀκαθαρσίαν
2969 1299 3226 1366 ὀνομάσαι
3262 1299 3351 1350 τὸν
3391 1299 3566 1366 μέγαν
3607 1298 3773 1349 Baci-

2209 1385 2350 1439 λειον
2382 1387 2478 1457 τὴν
2513 1390 2890 1459 σπερματικὴν
2923 1390 3169 1459 ἔκκρισιν
3200 1390 3420 1450 ἀπαθῶς
3454 1391 3770 1457 γινομένην.

2207 1479 2379 1531 Τοῦτο
2413 1482 2520 1549 γὰρ
2556 1481 2771 1551 διαῆολὴ
2803 1482 2897 1550 τῆς
2932 1482 3130 1551 σαρκός
3156 1497 3170 1511 ·
3203 1483 3229 1532 ὁ
3262 1480 3317 1532 δὲ
3349 1482 3404 1531 ἐν
3437 1480 3643 1531 πλείοσι
3680 1479 3772 1530 λό-

2206 1585 2322 1635 γοις
2351 1570 2770 1640 ἐφιλοσόφησεν,
2800 1571 2875 1633 ὡς
2906 1572 2965 1623 οὐ
3000 1570 3167 1624 κακὸν
3197 1572 3258 1623 τὸ
3289 1571 3446 1640 σῶμα
3467 1609 3481 1632 ,
3512 1570 3632 1622 οὐδὲ
3663 1587 3772 1622 καο

2206 1658 2328 1720 κίας
2368 1661 2546 1729 ἀρχὴ,
2586 1660 2764 1722 καθὼς
2805 1661 2948 1724 ἐδοξέ
2983 1677 3144 1715 τισιν.
3184 1663 3304 1713 Οὐδ’
3335 1663 3550 1714 ἐναντία
3593 1661 3775 1726 λέγειν

2206 1750 2364 1802 αὐτὸν
2406 1752 2481 1818 τῷ
2518 1753 2735 1819 μεγαλῳ
2770 1752 3063 1820 Ἀθανασίῳ
3098 1752 3371 1820 λογίσαιτό
3399 1769 3482 1814 τις
3507 1792 3524 1816 ,
3553 1749 3613 1806 οῦ
3644 1757 3774 1814 τοὺς

562 1837 742 1903 Neque
767 1851 892 1889 vero
914 1835 1232 1902 impuritatis
1256 1834 1467 1886 nomine
1488 1835 1704 1885 seminis
1724 1834 2103 1912 expretionem,

2210 1841 2397 1907 λόγους
2426 1843 2660 1904 ἅπαντες
2687 1844 2735 1895 οἱ
2765 1845 2900 1911 ἱεροὶ
2935 1844 3172 1912 ιιατέρες
3200 1844 3395 1914 ἐξόχως
3425 1844 3772 1908 σεῦἁζονται.

562 1943 680 1993 ίιξιὲυ
733 1928 938 1992 alisque
987 1924 1149 1976 animi
1199 1922 1600 1989 perturbat'one
1653 1905 1959 1991 contingit,
1997 1938 2111 1976 ma-

563 2036 719 2086 gnum
747 2019 988 2071 Basiliutn
1008 2018 1332 2070 intellexisse
1355 2017 1613 2085 quispiam
1639 2016 1831 2068 dixerit
1863 2033 1876 2068 :
1907 2015 2112 2068 esthoc

564 2128 790 2178 minque
845 2124 1097 2164 accusare
1141 2124 1375 2162 carnem.
1428 2108 1586 2177 Atqui
1637 2108 1724 2160 ille
1770 2107 1820 2159 in
1871 2105 2110 2174 pluribus

564 2205 678 2256 suis
708 2200 1037 2254 orationibus
1065 2200 1333 2262 disseruit,
1366 2199 1502 2251 haud
1534 2199 1725 2250 malum
1746 2211 1864 2250 esse
1894 2209 2110 2264 corpus,

558 2312 657 2345 m-c
688 2293 806 2344 ntali
835 2292 1174 2360 principium,
1217 2303 1270 2341 ut
1303 2289 1543 2342 nonnulli
1578 2289 1974 2342 existimarunt.
2002 2287 2110 2340 Nec

563 2384 708 2435 illum
741 2381 1003 2435 contraria
1035 2395 1224 2448 magno
1244 2381 1548 2448 Athanasio
1564 2381 1823 2432 disserere
1845 2379 2106 2446 quispiam

564 2474 875 2538 arbitretur,
910 2472 1059 2540 cujus
1089 2473 1228 2524 dicta
1260 2486 1443 2523 omnes
1475 2469 1644 2524 sancti
1684 2469 1869 2523 Patres
1914 2470 1964 2521 in
2000 2468 2109 2537 pri-

565 2565 668 2616 mis
702 2571 1047 2624 venerantur,
1086 2563 1177 2613 sed
1207 2564 1362 2628 plane
1398 2560 1610 2612 nomine
1648 2559 1971 2627 impuritatis
1997 2575 2107 2612 nia-

556 2669 694 2722 vgnus
725 2651 949 2705 Basilius
979 2666 1079 2704 non
1106 2651 1464 2704 excretionem
1492 2650 1732 2711 seminis,
1761 2650 1852 2702 sed
1887 2665 2103 2717 pravam

560 2744 908 2811 cupiditatem
943 2741 1224 2811 signiﬁcat,
1258 2757 1373 2808 qua:
1405 2739 1492 2793 ubi
1538 2740 1863 2802 dominatur,
1913 2755 2105 2808 pecca-

562 2843 668 2882 tum
704 2847 912 2899 quoque
944 2832 994 2884 in
1025 2830 1346 2898 cogitatione
1382 2828 1653 2897 perficitur
1686 2841 1752 2880 ex
1786 2843 2049 2881 consensu
2081 2865 2098 2891 ,

561 2934 721 2987 atque
750 2922 849 2974 hoc
876 2930 1027 2989 pacto
1045 2920 1416 2986 concipiuntur
1441 2919 1697 2986 imagines
1719 2932 1812 2984 per
1833 2932 2101 2983 somnum,

559 3011 882 3077 seminisque
917 3009 1074 3063 ﬂuxio
1100 3009 1377 3076 contingit.
1430 3008 1565 3072 Quin
1621 3024 1686 3061 ex
1745 3008 1847 3060 illis
1900 3008 2098 3070 verbis,

558 3117 654 3170 ego
684 3116 802 3154 vero
828 3101 938 3153 scio
967 3100 1242 3153 emendata
1279 3102 1388 3151 haec
1417 3099 1582 3152 fuisse
1613 3097 1706 3152 Dei
1739 3097 1909 3165 gratia
1941 3102 1993 3152 in
2016 3100 2098 3151 vi-

558 3192 632 3244 ris
666 3201 716 3242 et
751 3191 1076 3254 mulieribus;
1105 3200 1286 3255 aperte
1314 3189 1632 3251 ostenditur,
1664 3190 1730 3242 de
1760 3189 1980 3241 seminis
2006 3205 2099 3242 ex-

557 3283 811 3344 cretione,
845 3295 1004 3348 quam
1040 3279 1348 3345 imaginatio
1380 3280 1686 3336 comitatur.
1722 3281 1897 3346 ipsum
1932 3279 2100 3349 loqui.

556 3385 821 3438 quantque
873 3383 1033 3437 prava
1086 3369 1295 3422 affectio
1343 3378 1396 3421 et
1451 3378 1725 3436 peccatum
1781 3369 2103 3436 cogitatione

557 3472 870 3527 conceptum
905 3462 1195 3529 praecessit.
1226 3458 1319 3512 Est
1365 3460 1506 3512 enim
1542 3462 1851 3526 praeclarqu
1899 3462 2103 3515 facinus

557 3551 921 3604 assensionem
950 3548 1152 3618 fugere,
1185 3559 1236 3602 et
1267 3565 1384 3618 qua:
1411 3564 1504 3616 per
1541 3550 1707 3616 ipsam
1745 3552 1938 3603 rationi
1987 3567 2099 3605 nia-

554 3640 674 3692 ,cula
724 3641 996 3693 adhmret:
1034 3655 1134 3694 non
1179 3651 1353 3692 autent
1386 3639 1666 3692 excludere
1701 3640 2092 3708 cupiditatem,

559 3731 697 3797 quod
739 3740 816 3784 est
862 3732 1098 3784 animum
1140 3731 1205 3783 ad
1261 3731 1402 3782 illam
1457 3730 1601 3783 nullo
1633 3740 1788 3794 pacto
1834 3734 2091 3800 adjicere.

2227 1931 2383 1983 Ἀλλά
2411 1932 2627 1995 πάντως
2658 1933 2996 2002 ἀκαθαρσίαν
3022 1935 3050 1986 ὁ
3081 1935 3251 2003 μέγας
3279 1933 3558 1996 Βασίλειος
3586 1935 3646 1988 οὐ
3674 1934 3776 2004 τὴν

2213 2022 2594 2092 σπερματικὴν
2624 2023 2907 2092 ὠνόμασεν
2939 2024 3204 2094 ἔκκρισιν,
3237 2025 3370 2078 ἀλλά
3399 2024 3496 2095 τὴν
3527 2027 3776 2095 πονηρὰν

2210 2110 2504 2180 ἐπιθυμίαν
2524 2128 2538 2141 ·
2561 2107 2624 2180 ἧς
2646 2115 2971 2181 ἡγουμένης.
2995 2115 3088 2166 καὶ
3111 2116 3141 2182 ἠ
3167 2116 3304 2167 κατά
3324 2114 3565 2168 διάνοιαν
3590 2116 3776 2184 ἁμαρ·

2209 2201 2296 2252 τία
2325 2202 2555 2254 τελεῖται
2588 2204 2673 2254 διὰ
2707 2205 3178 2270 συγκαταθέσεως.
3213 2206 3322 2257 Καὶ
3352 2205 3525 2264 οὕτως
3559 2205 3775 2271 γίνεται

2211 2290 2479 2358 φαντασία
2507 2292 2627 2344 καθ’
2649 2291 2848 2352 ὕπνους
2873 2296 2966 2346 καὶ
2987 2293 3078 2346 τοῦ
3111 2296 3422 2364 σπέρματος
3447 2299 3634 2369 ἐκροή.
3662 2301 3775 2351 Καὶ

2207 2382 2270 2433 ἐκ
2307 2382 2397 2433 τοῦ
2437 2384 2598 2450 φάναι
2637 2385 2691 2435 δὲ
2733 2386 2814 2437 ὅτι
2853 2385 2992 2451 Ἐγὼ
3026 2387 3194 2452 ἔγνων
3233 2389 3313 2439 ὅτι
3348 2388 3517 2440 ταῦτα
3559 2407 3777 2459 κατωρ-

2210 2470 2352 2541 θώθη
2380 2473 2512 2526 Θεοῦ
2542 2476 2720 2542 χάριτι
2748 2476 2838 2527 καὶ
2865 2476 3086 2544 ἀνδράσι
3114 2478 3206 2528 καὶ
3232 2479 3466 2544 γυναιξὶ,
3491 2479 3775 2533 δείκνυται

2208 2563 2449 2631 ἐναργῶς
2476 2565 2554 2616 ὅτι
2585 2567 2708 2633 περὶ
2737 2566 3032 2635 ἐκκρίσεως
3062 2567 3371 2636 σπέρματος
3401 2569 3537 2637 μειά
3566 2586 3776 2636 φαντα-

2210 2653 2329 2716 σίας
2360 2655 2646 2724 γινομένης
2677 2657 2857 2724 φησὶν,
2890 2651 2955 2724 ἧς
2989 2659 3258 2726 ὲμπάθεια
3294 2661 3648 2730 προηγήσατο
3677 2664 3774 2714 καὶ

2205 2743 2238 2810 ἡ
2267 2744 2404 2795 κατά
2430 2745 2668 2797 διάνοιαν
2693 2747 2952 2817 ἁμαρτία.
2975 2747 3144 2801 Τοῦτο
3166 2751 3272 2817 γάρ
3298 2752 3410 2802 ἐστι
3441 2751 3775 2821 κατόρθωμα

2203 2835 2263 2884 τὸ
2289 2835 2385 2903 τὴν
2413 2836 2804 2902 συγκατάθεσιν
2834 2841 3106 2908 ἐκφυγεῖν,
3142 2842 3232 2892 καὶ
3261 2841 3349 2892 τὸν
3378 2842 3442 2893 δι’
3475 2843 3642 2910 αὐτῆς
3674 2843 3772 2895 τοῦ

2204 2923 2464 2992 λογισμοῦ
2501 2927 2807 2995 μολυσμὸν,
2843 2930 2957 2982 ἀλλ’
2982 2933 3101 2998 οὐχὶ
3132 2932 3191 2983 τὸ
3227 2931 3301 2999 μὴ
3333 2933 3704 3002 ἐπιθυμῆσαι,
3742 2935 3774 2985 ὃ

2203 3016 2319 3065 ἐστι
2347 3018 2407 3067 τὸ
2443 3019 2516 3085 μὴ
2547 3018 2872 3086 προσϐαλεῖν
2901 3021 3175 3090 λογισμόν.
3208 3022 3375 3075 Τοῦτο
3407 3027 3514 3094 γὰρ
3539 3027 3639 3093 τῆς
3669 3026 3771 3092 φύ-

2210 3121 2350 3166 σεως
2389 3106 2419 3174 ἢ
2456 3107 2794 3185 ἠλιθιότητος
2819 3126 2831 3139 ·
2864 3111 2924 3162 τὸ
2955 3111 3009 3163 δὲ
3046 3114 3120 3181 μὴ
3156 3115 3510 3185 ὑποκλιθῆναι
3541 3122 3606 3185 τῇ
3645 3122 3772 3170 ἐπι-

2202 3194 2401 3266 θυμίᾳ,
2437 3197 2568 3265 μηδὲ
2603 3190 3036 3265 συγκαταθέσθᾶι
3069 3205 3145 3274 τῷ
3181 3206 3426 3275 λογισμῴ
3449 3248 3464 3272 ,
3499 3207 3634 3277 μηδέ
3668 3211 3771 3278 τὴν

2199 3290 2338 3340 κατά
2362 3288 2599 3342 διάνοιαν
2628 3292 2901 3360 ἁμαρτίαν
2927 3296 3307 3366 ἐκτελεσθῆναι
3335 3301 3429 3352 καὶ
3455 3301 3620 3369 ἀρετή
3651 3303 3768 3355 ἐστι

2200 3378 2294 3429 καὶ
2323 3380 2671 3452 κατόρθωμα.
2703 3385 2836 3438 Οὐδὲ
2863 3389 2924 3437 τὸ
2957 3386 3029 3456 μή
3058 3389 3308 3454 γενέσθαι
3336 3391 3442 3444 τινὶ
3467 3392 3559 3444 τοῦ
3593 3399 3770 3462 art-€2,0-

2203 3485 2365 3536 ματος
2409 3472 2653 3541 ἔκκρισιν
2702 3477 3040 3544 καθόρθωσις
3085 3481 3489 3550 λογισθήσεται.
3531 3485 3769 3537 Φυσικὸν

2202 3560 2309 3625 γὰρ
2337 3560 2493 3613 τοῦτο
2519 3579 2530 3592 ·
2563 3565 2641 3614 διὸ
2672 3567 2765 3616 καὶ
2794 3569 3074 3636 γινόμενον
3105 3571 3434 3640 ἀνέγκλητον
3457 3589 3472 3602 ο
3502 3573 3615 3625 ἀλλ’
3640 3576 3768 3629 οὐδὲ

2203 3665 2282 3710 τις
2311 3646 2460 3720 οἶμαι
2489 3654 2585 3723 τὴν
2613 3658 2844 3728 φυσικὴν
2874 3659 3056 3729 ρεῦσιν
3083 3661 3149 3714 δι’
3165 3663 3284 3715 ὅλου
3313 3662 3586 3732 φεύξεται,
3613 3668 3661 3717 εἰ
3691 3669 3767 3734 μή

2203 3757 2284 3801 τις
2314 3744 2396 3810 εῐη
2426 3745 2542 3798 λίαν
2573 3747 2797 3814 ἠλίθιος.

543 3821 668 3875 .lloc
701 3838 928 3891 namque
953 3833 1033 3878 est
1066 3839 1094 3875 a
1127 3832 1316 3876 natura
1349 3832 1438 3876 aut
1472 3820 1806 3878 stoliditate.
1871 3824 2060 3881 Verum
2136 3848 2162 3884 a
2206 3836 2502 3899 cupiditate
2536 3844 2756 3896 minime
2787 3844 2953 3910 vinci,
2985 3860 3084 3901 nec
3115 3850 3359 3903 assentiri
3393 3855 3584 3906 rationi
3616 3894 3631 3917 ,
3667 3869 3770 3908 ne!

559 3922 828 3970 peccatum
864 3915 1180 3983 cogitatione
1224 3914 1476 3982 perficere
1501 3955 1515 3980 ,
1556 3916 1655 3969 hoc
1706 3918 1917 3972 virtutis
1966 3933 2098 3987 opus
2137 3934 2216 3975 est
2251 3923 2562 3998 facinusque
2593 3933 2929 3998 praclarum.
2976 3935 3160 4006 Neque
3192 3942 3330 4008 quod
3395 3942 3552 3996 alicui
3617 3914 3768 3998 ium-

559 4021 715 4070 quam
761 4007 979 4060 seminis
1005 4009 1238 4062 excretio
1286 4009 1588 4076 contigerit,
1648 4011 1919 4076 egregium
1986 4009 2194 4067 facinus
2230 4018 2644 4076 existimabitur.
2682 4023 2795 4079 Hoc
2839 4028 2980 4081 enim
3017 4007 3257 4084 “ammte
3285 4043 3366 4085 εει

3412 4049 3426 4084 :
3479 4050 3770 4103 propterea

560 4113 679 4148 i-mn
711 4100 919 4190 accidit,
945 4099 1094 4164 culpa
1121 4110 1283 4153 caret.
1325 4100 1431 4152 lino
1483 4115 1608 4153 vero
1659 4115 1755 4153 nec
1805 4103 2098 4158 naturalem
2139 4107 2276 4163 hanc
2323 4110 2610 4169 fluxionem
2656 4118 2940 4188 quisquam
3008 4122 3242 4190 penitus,
3291 4122 3398 4177 nisi
3473 4099 3771 4182 admodum

561 4191 804 4256 stupidus
832 4189 1016 4254 fuerit,
1055 4203 1109 4242 nt
1136 4193 1346 4259 opinor,
1398 4190 1634 4259 effugiet.

562 4279 668 4349 ἤιε
703 4277 950 4347 Ejusdem
972 4297 1033 4335 ιε
1057 4283 1311 4336 tricesima
1337 4300 1470 4357 noua
1490 4287 1708 4353 epistola
1733 4288 1929 4357 feriati,
1956 4290 2104 4344 initio

1236 4353 1437 4407 mutila.

629 4460 696 4513 At
727 4463 1159 4533 quandoquidem
1203 4470 1266 4521 de
1298 4469 1562 4524 haereticis
1594 4480 1852 4540 tanquam
1883 4474 2111 4527 mortuis

558 4551 883 4604 mentionem
914 4553 1162 4618 fecimus,
1218 4557 1283 4609 de
1307 4558 1461 4610 nobis
1501 4569 1702 4625 autem,
1749 4571 1806 4615 ttt
1853 4564 1944 4630 qui
1975 4564 2111 4616 divi-

559 4660 654 4697 nas
685 4645 748 4696 ad
784 4647 1009 4698 salutem
1038 4644 1240 4700 litteras
1297 4647 1611 4710 habeamus,
1667 4659 1719 4702 et
1761 4651 1886 4719 qttia
1922 4667 2107 4705 vereor

557 4747 641 4792 ne,
679 4740 735 4785 ut
763 4734 825 4785 ad
851 4733 1157 4787 Corinthios
1189 4733 1387 4787 Paulus
1443 4737 1656 4803 scripsit
1724 4739 1765 4800 ί,
1807 4755 1869 4793 ex
1899 4741 2101 4810 simpli-

554 4822 789 4875 cioribus
821 4825 993 4890 pauci,
1023 4839 1052 4877 a
1109 4825 1448 4892 simplicitate
1480 4827 1816 4896 puritateque
1846 4845 1962 4894 sua,
2011 4847 2104 4899 per

553 4912 906 4975 quorumdam
945 4913 1222 4966 hominum
1279 4913 1542 4968 vafritiem
1589 4928 1895 4972 avertantur
1930 4939 1941 4972 :
1973 4937 2103 4974 neve

551 5001 804 5067 deinceps
836 5001 1002 5054 libros
1049 5002 1182 5055 alios
1210 5003 1408 5071 legant,
1447 5007 1538 5073 qui
1575 5011 1864 5077 apocryphi
1902 5028 2099 5064 vocan-

551 5079 658 5150 tur,
689 5091 963 5144 nominum
997 5091 1350 5148 similitudine
1386 5095 1637 5165 'decepti,
1674 5113 1780 5166 qua
1810 5114 1930 5151 cum
1958 5100 2100 5154 veris

555 5179 701 5232 libris
731 5183 1086 5246 conveniunt;
1113 5199 1288 5250 teque,
1326 5202 1532 5252 quaeso,
1580 5188 1717 5242 ferte
1750 5191 1932 5242 animo
1959 5193 2003 5243 si
2037 5193 2102 5245 de

553 5269 743 5335 quibus
766 5271 929 5337 probe
962 5273 1151 5333 nostis,
1180 5272 1463 5327 deiisdem
1488 5291 1585 5344 ego
1632 5278 1829 5339 scribo,
1866 5280 2006 5347 quod
2037 5294 2098 5331 ex

555 5373 609 5410 re
645 5359 976 5429 utilitateque
1005 5360 1256 5416 Ecclesia!
1281 5363 1393 5417 fore
1423 5368 1748 5421 existiment.
1799 5367 1889 5421 Illa
1916 5379 2096 5422 autem

554 5456 969 5513 memoraturus,
1003 5450 1067 5503 ad
1109 5453 1327 5506 audacis
1383 5457 1640 5523 propositi
1676 5459 1778 5510 mei
1803 5459 2096 5512 confirma-

555 5535 772 5598 tionem,
806 5541 1143 5605 evangelislzc
1180 5541 1334 5594 Luc-tn
1370 5543 1540 5596 forma
1581 5555 1698 5597 utar
1737 5548 1785 5608 ²,
1821 5547 2047 5600 dicendo
2081 5563 2093 5599 :

554 5624 812 5690 Quoniam
867 5632 1071 5694 quidem
1126 5633 1288 5698 a’iqui
1331 5637 1501 5685 conati
1527 5645 1662 5698 sunt,
1703 5652 1819 5704 qua:
1842 5638 2097 5692 dicuntur

614 5774 698 5828 'll
723 5774 846 5830 Cor.
891 5794 956 5840 xi,
994 5778 1043 5831 5.
1152 5781 1168 5808 ‘-'
1209 5777 1341 5834 Lac.
1382 5795 1416 5845 ι,
1468 5779 1506 5832 l.

2219 4317 2327 4370 Τοῦ
2361 4303 2557 4372 ἀὑτοῦ
2604 4318 2672 4373 ἐκ
2704 4318 2814 4388 τῆς
2838 4319 2927 4373 ,ιϐ’
2976 4320 3364 4388 ἐορταστικῆς
3408 4323 3767 4391 ἐπιστολῆς.

2289 4491 2423 4543 Ἀλλ’
2447 4493 2628 4560 ἐπειδὴ
2660 4492 2785 4559 περὶ
2819 4490 2915 4560 μὲν
2957 4489 3061 4543 τῶν
3101 4489 3387 4560 αἱρετικῶν
3416 4489 3770 4561 ἐμνήσθημεν

2208 4581 2282 4641 ὡς
2310 4580 2534 4646 νεκρῶν·
2574 4582 2699 4650 περὶ
2731 4580 2787 4631 δὲ
2831 4580 2984 4649 ἡμῶν
3011 4579 3082 4642 ὼς
3117 4580 3344 4648 ἐχόντων
3396 4580 3536 4649 πρὸς
3590 4597 3765 4647 σωτηο

2211 4670 2328 4737 ρίαν
2361 4667 2458 4728 τὰς
2495 4667 2638 4729 θείας
2673 4669 2709 4720 Γ
2717 4669 2909 4738 ραφόις’
2948 4670 3038 4720 καὶ
3088 4669 3350 4738 φοϐοῦμαι
3543 4669 3767 4739 μήπως,

2203 4757 2276 4818 ὡς
2307 4755 2507 4825 ἔγραψε
2531 4757 2832 4826 Κορινθίοις
2880 4756 3104 4818 Παῦλος,
3144 4757 3310 4822 ὀλίγοι
3353 4757 3460 4808 τῶν
3491 4757 3767 4826 ἀκεραίων

2205 4847 2312 4897 απὸ
2335 4847 2428 4914 τῆς
2459 4847 2753 4916 ἁπλότητος
2801 4848 2894 4899 καὶ
2945 4847 3040 4916 τῆς
3081 4848 3368 4916 ἀγνότητος
3419 4847 3767 4914 πλανηθῶσιν

2203 4936 2309 4986 ἀπὸ
2335 4935 2433 5002 τῆς
2486 4935 2814 5004 πανουργίας
2853 4935 3010 4988 τινῶν
3063 4935 3389 5006 ἀνθρώπων,
3439 4938 3532 4989 καὶ
3575 4938 3764 4990 λοιπὸν

2202 5025 2540 5092 ἐντυγχάνειν
2613 5025 2817 5093 ἑτέροις
2888 5025 3181 5094 ἄρξωνται.
3255 5028 3364 5087 τοῖς
3443 5024 3764 5092 λεγομένοις

2201 5113 2553 5181 ἀποκρύφοις,
2588 5112 2929 5181 ἀπατώμενοι
2977 5117 3042 5184 τῇ
3099 5116 3384 5185 ὁμωνυμίᾳ
3433 5114 3536 5166 τῶν
3573 5115 3759 5184 ἀληθι-

2199 5205 2302 5257 νῶν
2335 5205 2443 5271 (80)
2468 5204 2702 5272 βιϐλίωνο
2734 5207 3027 5274 παρακαλῶ
3075 5207 3378 5275 ἀνέχεσθαι,
3435 5209 3481 5258 εί
3528 5209 3651 5276 περὶ
3684 5203 3764 5262 ὧν

2199 5295 2509 5355 ἐπίστασθε,
2565 5295 2920 5364 περὶτούτων
2949 5295 3100 5363 κάγὼ
3144 5297 3492 5366 μνημονεύων
3540 5300 3764 5368 γράφω,

2198 5385 2283 5436 διά
2307 5402 2362 5436 τε
2387 5385 2480 5453 τὴν
2513 5385 2753 5453 ἀνάγκην
2782 5387 2874 5436 καὶ
2902 5387 2960 5436 τὸ
2989 5385 3254 5453 χρήσιμον
3299 5386 3397 5452 τῆς
3413 5387 3761 5453 Ἐκκλησίας.

2196 5472 2417 5524 Μέλλων
2439 5473 2492 5523 δὲ
2521 5472 2720 5524 τούτων
2763 5473 3130 5542 μνημονεύειν,
3180 5475 3450 5543 χρήσομαι
3496 5476 3632 5543 προς
3665 5477 3761 5529 σύ-

2201 5578 2383 5612 στασιν
2441 5563 2538 5631 τῆς
2595 5562 2828 5630 ἐμαυτοῦ
2882 5563 3080 5633 τόλμης
3128 5564 3203 5632 τῷ
3262 5563 3416 5631 τύπῳ
3464 5564 3555 5615 τοῦ
3595 5566 3762 5632 εὐαγ-

2196 5651 2440 5715 γελιστοῦ
2467 5654 2664 5716 Λουκὶ,
2701 5653 2985 5722 λέγωνκαὶ
3024 5653 3170 5706 αὑτό·
3222 5652 3560 5717 ’ίῖςειδήπείι
3600 5657 3761 5723 τινὲς
