3998 6326
306 345 412 413 561

1190 352 1274 415 IN
1317 356 1553 419 EPIS'I‘.
1597 356 1660 416 S.
1700 354 2110 416 ATHANASH
2147 355 2240 412 AD
2282 351 2589 413 AMMUM.

3412 351 3523 412 δίὶὲ

244 461 253 526 ί
302 476 706 542 ἐπεχείρησαν
767 470 1130 536 ἀνατάξασθαι
1201 472 1409 532 ἑαυτοῖς
1476 469 1541 520 τὰ
1606 467 1858 537 λεγόμενα

1963 466 2265 538 apocrypha
2291 466 2343 520 in
2366 481 2524 526 suum
2548 465 2790 521 ordinem
2821 467 3077 535 redigere,
3097 477 3265 534 caque
3288 461 3465 517 misce:
3481 478 3514 516 ο

303 565 633 634 ἀπόκρυφα,
696 564 786 617 καὶ
851 562 1097 632 ὲπιμίξαι
1165 562 1333 614 ταῦτα
1403 562 1467 628 τῇ
1533 557 1870 627 Θεοπνεύστῳ

304 657 522 725 Γραφῇ,
556 657 679 723 περὶ
708 650 772 723 ἦς
801 651 1340 723 ἐπληροφορήθημεν,
1373 648 1550 711 καθὼς
1575 648 1869 716 παρέδοσαν

304 750 418 808 τοῖς
451 747 720 816 Πατράσιν
753 746 798 797 οἱ
824 738 916 798 a‘n'
944 744 1115 813 ἀρχῆς
1152 741 1414 794 αὐτόπται
1467 740 1558 792 καὶ
1605 738 1868 806 ὑπηρέται

304 837 588 906 γενόμενοι
638 836 728 888 τοῦ
791 835 969 902 λόγου·
1031 823 1173 896 ἔδοξε
1236 831 1434 902 κάμοὶ,
1504 831 1868 899 προτραπέντι

306 927 460 994 παρὰ
493 927 722 995 γνησίων
775 924 1037 991 ἀδελφῶν,
1079 923 1172 975 καὶ
1227 921 1448 992 μαθόντι
1490 920 1710 982 ἄνωθεν,
1746 919 1868 986 ὲξῆς

303 1016 562 1068 ἐκθέσθαι
596 1016 662 1068 τὰ
690 1014 1074 1084 κανονιςόμενα
1098 1012 1191 1064 καὶ
1237 1010 1624 1080 παραδοθέντα,
1655 1025 1867 1060 πιστευ-

307 1106 470 1158 ὃέντα
497 1122 553 1157 τε
582 1105 697 1157 θεῖα
725 1101 860 1156 εἶναι
888 1104 1081 1173 βιϐλία·
1133 1096 1216 1155 ἵνα
1259 1101 1504 1162 ἕκαστος,
1528 1100 1574 1151 εἰ
1609 1099 1701 1168 μὲν
1736 1099 1856 1165 rma.-

304 1193 471 1262 τήθη,
531 1191 784 1260 καταγνῷ
833 1191 940 1244 τῶν
1000 1189 1402 1257 πλανησαντων·
1456 1188 1484 1238 6
1530 1186 1584 1238 δὲ
1635 1185 1868 1255 καθαρὸς

303 1283 586 1350 διαμείνας
614 1282 777 1352 χαίρῃ
803 1281 962 1334 πάλιν
985 1280 1545 1349 ὑπομιμνησκόμενος.
1583 1278 1735 1329 Ἔστι
1761 1277 1868 1328 τοί-

304 1392 405 1423 νυν
427 1372 520 1438 τῆς
551 1373 645 1436 an
675 1372 910 1432 Παλαιᾶς
933 1371 1200 1441 Διαθήκης
1245 1368 1418 1439 βιϐλία
1458 1368 1534 1437 τῷ
1566 1365 1780 1438 ἀριθμῷ
1801 1367 1866 1420 τὰ

307 1462 486 1512 πάντα
513 1459 794 1511 εἰκοσιδύο·
831 1459 1064 1512 τοσαῦτα
1120 1459 1245 1528 γὰρ,
1286 1459 1358 1524 ὡς
1402 1461 1626 1529 ἥκουσα,
1670 1460 1762 1512 καὶ
1799 1459 1867 1510 τὰ

311 1551 551 1618 στοιχεῖα
579 1548 643 1600 τὰ
696 1550 825 1616 παρ’
869 1531 1135 1618 Ἑϐραίοις
1183 1546 1320 1601 εἶναι
1372 1550 1744 1619 παραδέδοται·
1798 1549 1863 1618 τῇ

307 1639 372 1688 δὲ.
427 1637 575 1702 τάξει
639 1639 734 1689 καὶ
780 1638 857 1707 τῷ
910 1638 1127 1706 ὀνόματί
1180 1639 1326 1690 ἐστιν
1383 1637 1607 1690 ἕκαστον
1671 1637 1862 1699 οὕτως·

312 1728 536 1795 Πρῶτον
699 1727 931 1790 Γένεσις,
962 1724 1076 1780 εἶτα
1111 1727 1345 1790 Ἐξοδος,
1396 1722 1513 1778 εἶτα
1564 1725 1864 1788 Δευῖτικδν,

1964 557 2256 627 Scriptura:
2289 575 2316 611 a
2347 557 2450 612 Deo
2487 560 2777 627 inspirata},
2813 573 2973 626 quam
3007 557 3167 612 certis
3209 557 3510 624 accepimus

1963 650 2306 714 testimoniis,
2333 652 2781 720 quemadmodum
2809 649 3058 703 Patribus
3115 648 3381 701 tradidere
3415 648 3506 713 qui

1966 742 2033 794 ab
2063 741 2214 793 initio
2237 742 2334 809 ipsi
2358 741 2622 815 viderunt,
2641 750 2690 794 et
2718 727 2943 793 ministri
2969 739 3185 793 fuerunt
3211 741 3507 791 sermonis:

1963 833 2139 884 visum
2174 841 2254 886 est
2281 833 2515 892 chihi,
2568 831 2978 884 adhortantibus
3026 829 3297 900 germanis
3328 828 3512 882 fratri-

1964 919 2084 984 bus,
2110 928 2269 988 prout
2308 920 2490 984 didici,
2513 921 2593 973 .ab
2629 920 2781 973 initio
2819 928 2873 972 et
2921 919 3302 973 ordinelibros
3327 933 3514 970 recen-

1966 1026 2105 1075 sere,
2139 1026 2273 1079 quos
2296 1012 2503 1065 divinos
2530 1018 2670 1073 eSse,
2716 1011 2977 1066 canonice
3037 1011 3317 1078 scriptum,
3352 1009 3516 1062 tradi-

1966 1110 2078 1154 tum
2107 1111 2159 1155 et
2188 1084 2445 1156 creditum
2471 1113 2580 1156 est:
2607 1113 2663 1156 ut
2695 1103 2922 1171 quisque
2947 1103 2991 1156 si
3023 1102 3273 1156 seductus
3299 1099 3512 1167 quidem

1967 1189 2267 1252 fuerit,eos
2292 1203 2546 1260 coarguat
2587 1194 2676 1259 qui
2729 1209 2785 1248 se
2841 1193 3181 1257 seduxerint;
3225 1192 3306 1245 sin
3347 1205 3517 1259 purus

1968 1283 2341 1352 permanserit,
2367 1283 2520 1337 laetus
2562 1285 2673 1338 haec
2719 1285 2919 1337 monita
2957 1285 3202 1352 accipiat.
3249 1283 3384 1336 Sunt
3417 1283 3514 1334 ita-

1969 1387 2074 1440 que
2104 1371 2310 1429 Veteris
2335 1373 2661 1428 Testamenti
2695 1375 2814 1427 libri
2846 1390 3031 1428 omnes
3067 1388 3291 1427 numero
3330 1371 3524 1440 viginti

1968 1460 2096 1516 duo.
2128 1461 2228 1515 Tot
2248 1463 2409 1526 enim,
2443 1474 2499 1517 ut
2530 1463 2728 1525 audivi,
2774 1465 3034 1520 elementa
3070 1462 3209 1529 apud
3267 1461 3516 1513 llcbrmos

1967 1563 2089 1604 esse
2118 1554 2368 1606 traditum
2404 1564 2502 1607 est.
2565 1552 2771 1621 Singuli
2808 1563 2985 1606 autem
3041 1553 3144 1606 hoc
3171 1552 3377 1613 ordine,
3417 1552 3518 1606 hoc

1971 1640 2188 1692 nomine
2217 1650 2343 1693 sunt
2395 1661 2406 1694 :
2460 1640 2697 1694 Primum
2756 1640 2997 1704 Genesis,
3030 1640 3222 1694 deinde
3273 1638 3512 1704 Exodus,

1970 1727 2096 1781 hinc
2127 1729 2411 1794 Levitieus,
2441 1739 2626 1798 postea
2677 1730 2918 1795 Numeri,
2954 1730 3147 1784 exinde
3186 1728 3513 1783 Dcuterono-

315 1815 415 1861 καὶ
447 1812 580 1879 μετὰ
616 1810 770 1862 τοῦτο
814 1810 1075 1879 Ἀριθμοὶ,
1125 1813 1215 1863 καὶ
1268 1812 1446 1862 λοιπὸν
1512 1812 1570 1863 τὸ
1618 1815 1858 1882 Δευτερο-

1971 1813 2158 1864 mium.
2191 1813 2298 1865 Hos
2326 1814 2613 1880 excipiunt,
2665 1809 2821 1864 Jesus
2875 1813 3016 1864 tilius
3066 1810 3228 1876 Nave,
3275 1808 3509 1865 Judiccs.

313 1901 524 1970 νόμιον.
573 1902 723 1972 Ἑξῆς
746 1903 801 1956 δὲ
843 1903 1049 1965 τούτοις
1099 1905 1240 1955 ἐστὶν
1277 1903 1479 1971 Ἰησοῦς
1520 1905 1547 1954 6
1570 1903 1662 1955 τοῦ
1691 1903 1864 1970 Ναυῆ,

316 1994 415 2046 καὶ
438 1994 646 2066 Κριταί·
679 1994 771 2047 καὶ
810 1993 941 2062 μετὰ
967 1992 1121 2044 τοῦτο
1151 1993 1184 2061 ἡ
1224 1992 1395 2043 Ῥούθ·
1437 1992 1528 2043 καὶ
1562 1991 1718 2042 πάλιν
1743 1988 1867 2056 ἑξῆς

315 2084 607 2136 Βασιλειὼν
635 2084 872 2150 τέσσαρα
913 2081 1090 2150 βιϐλία
1125 2117 1141 2141 ,
1234 2145 1244 2154 .
1297 2082 1389 2133 καὶ
1439 2082 1636 2133 τούτων
1683 2078 1742 2131 τὸ
1773 2079 1868 2147 μὲν

316 2174 532 2242 πρῶτον
561 2173 648 2225 καὶ
681 2172 927 2240 δεύτερον
947 2173 1024 2232 εἰς
1049 2171 1104 2222 ἓν
1144 2170 1342 2239 βιϐλίον
1369 2171 1697 2240 ἀριθμεῖται·
1725 2169 1784 2220 τὸ
1811 2169 1867 2220 δὲ

314 2263 496 2332 τρίτον
521 2264 611 2314 καὶ
644 2263 893 2333 τέταρτον
938 2263 1131 2331 ὁμοίως
1187 2263 1264 2322 εἰς
1307 2261 1383 2312 ἓν.
1421 2261 1570 2312 Μετὰ
1615 2259 1668 2310 δὲ
1699 2259 1866 2310 ταῦτα

317 2354 804 2422 Παραλειπομένων
888 2356 931 2402 α’
1018 2354 1111 2404 καὶ
1206 2348 1248 2418 β’
1321 2353 1518 2420 ὁμοίως
1563 2354 1640 2414 εἰς
1687 2353 1743 2403 ἓν
1791 2351 1867 2419 βι-

315 2446 467 2496 Gliov
518 2445 674 2496 πάλιν
731 2443 1120 2514 ἀριθμούμενα·
1155 2440 1270 2495 εἶτα
1319 2444 1549 2511 Ἔσδρας
1588 2449 1633 2494 α’
1685 2443 1774 2493 καὶ
1823 2441 1866 2509 β’

311 2537 516 2603 ὁμοίως
546 2538 622 2598 είς
646 2536 722 2588 ἓν.
750 2535 899 2587 Μετὰ
955 2535 1010 2585 δὲ
1044 2533 1213 2586 ταῦτα
1247 2533 1424 2601 βίϐλος
1472 2531 1732 2598 Ψαλμῶν,
1774 2532 1866 2583 καὶ

313 2627 446 2693 ἑξῆς
497 2625 807 2694 Παροιμίαι·
861 2620 976 2677 εἶτα
1040 2623 1491 2691 Ἐκκλησιαστὴς,
1539 2623 1629 2673 καὶ
1678 2618 1864 2690 ’ᾼσμα

313 2715 594 2782 ᾀσμάτων.
643 2715 782 2783 Πρὸς
826 2714 1030 2775 τούτοις
1084 2712 1197 2763 ἐστὶ
1261 2711 1351 2762 καὶ
1399 2710 1535 2771 Ἰὼϐ,
1565 2711 1654 2762 καὶ
1687 2710 1864 2761 λοιπὸν

314 2805 609 2873 προφῆται·
634 2806 681 2856 οἱ
718 2805 812 2872 μὲν
835 2803 1037 2854 δώδεκα
1058 2804 1134 2863 είς
1158 2803 1213 2853 ἓν
1235 2800 1431 2870 βιϐλίον
1461 2800 1860 2869 ἀριθμούμενοι·

311 2889 437 2945 εἶτα
501 2893 740 2954 Ἡσαΐας,
802 2890 1099 2962 Ἱερεμίας,
1157 2893 1248 2944 καὶ
1299 2893 1393 2942 σὺν
1447 2890 1590 2960 αύτῷ
1635 2891 1861 2958 Baga-Dx,

308 2983 531 3051 Θρῆνοι,
573 2981 854 3050 Ἐπιστολὴ
893 2998 906 3011 ·
1042 2981 1132 3032 καὶ
1159 2979 1273 3050 μετ’
1307 2981 1467 3032 αὐτὸν
1499 2980 1750 3047 Ἰεζεκιὴλ
1774 2981 1865 3030 καὶ

309 3071 530 3140 Δανιήλ.
577 3072 736 3140 Ἀχρι
799 3070 997 3123 τούτων
1051 3071 1114 3123 τὰ
1170 3071 1266 3139 τῆς
1314 3071 1550 3132 Παλαιᾶς
1596 3070 1864 3140 Διαθήκης

309 3161 547 3214 ἵσταται.
600 3162 680 3213 Τὰ
727 3162 784 3214 δὲ
845 3163 938 3232 τῆς
1001 3163 1203 3229 Καινῆς
1253 3161 1410 3212 πάλιν
1467 3162 1564 3212 ούκ
1615 3161 1864 3228 ὀκνητέον

305 3253 504 3302 εἰπεῖν·
530 3250 640 3303 ἔστι
681 3252 787 3320 γὰρ
832 3252 1025 3304 ταῦτα·
1054 3251 1354 3317 Εύαγγέλια
1415 3250 1669 3316 τέσσαρα·
1727 3253 1865 3300 κατὰ

310 3339 612 3396 Ματθαῖον,
638 3339 775 3390 κατὰ
804 3341 1046 3408 Μάρκον,
1075 3337 1214 3389 κατὰ
1254 3339 1482 3399 Λουκᾶν,
1512 3336 1649 3387 κατὰ
1690 3337 1865 3388 Ἰωάν-

303 3445 428 3495 νην.
468 3424 593 3479 Εἶτα
622 3429 756 3497 μετὰ
782 3429 947 3480 ταῦτα
1124 3425 1353 3496 Πράξεις
1384 3425 1710 3485 ἀποστόλων,
1773 3425 1863 3476 καὶ

318 3519 626 3571 Ἐπιστολαὶ
688 3518 984 3571 Καθολικαὶ
1043 3516 1368 3585 καλούμεναι
1405 3516 1510 3568 τῶν
1557 3514 1862 3566 ἀποστόλων

305 3611 469 3662 ἑπτα·
519 3608 657 3660 οὕτω
713 3609 809 3678 μὲν
855 3606 1103 3659 Ἰακώϐου
1159 3613 1225 3665 α’,
1269 3606 1469 3674 Πέτρου
1517 3605 1570 3656 δὲ
1629 3604 1693 3672 β’,
1744 3600 1861 3656 εἶτα

316 3699 562 3750 Ἰωάννου
587 3698 654 3764 γ’,
687 3698 778 3749 καὶ
814 3697 948 3766 μετὰ
1000 3695 1194 3758 ταύτας
1249 3694 1412 3746 ’ἰούδα
1442 3702 1509 3746 α’.
1572 3694 1710 3763 Πρὸς
1741 3693 1860 3745 τού-

299 3804 422 3848 τοις
450 3787 656 3839 Παύλου
679 3787 972 3838 ἀποστόλου
1000 3785 1132 3836 εἰσὶν
1156 3784 1428 3836 ἐπιστολαὶ
1449 3783 1854 3852 δεκατέσσαρες,

298 3879 374 3944 τῇ
404 3876 548 3938 τάξει
570 3865 906 3944 γραφόμεναι
940 3873 1126 3935 οὕτως·
1158 3872 1343 3942 πρώτη
1377 3873 1508 3936 πρὸς
1541 3872 1854 3938 Ῥωμαίους·

301 3966 425 4020 εἶτα
458 3968 590 4034 πρὸς
611 3965 923 4035 Κορινθίους
944 3965 1035 4016 δύο
1057 3979 1070 3994 ·
1105 3964 1196 4015 καὶ
1232 3964 1363 4031 μετὰ
1395 3963 1558 4014 ταῦτα
1724 3961 1856 4030 πρὸς

301 4056 569 4117 Γαλάτας·
619 4057 709 4107 καὶ
773 4054 898 4121 ἑξῆς
968 4055 1102 4124 πρὸς
1181 4053 1487 4121 Ἐφεσίους·
1539 4048 1653 4103 εἶτα
1723 4052 1856 4121 πρὸς

298 4147 708 4216 Φιλιππησίους,
741 4146 834 4197 καὶ
880 4145 1012 4213 πρὸς
1056 4145 1399 4206 Κολασσαεῖς·
1445 4143 1536 4195 καὶ
1571 4143 1703 4210 μετά
1730 4142 1856 4193 ταύ-

299 4254 403 4298 τας
433 4237 563 4305 πρὸς
593 4235 994 4296 Θεσσαλονικεῖς
1017 4233 1128 4298 δύο,
1169 4233 1260 4286 καὶ
1375 4233 1508 4303 πρὸς
1557 4232 1849 4300 Ἐϐραίους·

301 4328 400 4381 καὶ
432 4327 585 4388 εὐθὺς
617 4326 748 4396 πρὸς
784 4327 878 4395 μὲν
907 4325 1163 4394 Τιμόθεον
1317 4323 1427 4385 δύο,
1464 4322 1596 4394 πρὸς
1619 4324 1673 4376 δὲ
1697 4323 1852 4375 Τίτον

302 4415 424 4484 μία·
474 4416 563 4466 καὶ
601 4413 880 4466 τελευταία
940 4414 971 4483 ή
1027 4413 1161 4483 πρὸς
1217 4413 1508 4481 Φιλήμονα·
1556 4412 1648 4464 καὶ
1695 4411 1852 4463 πάλιν

1958 4415 2192 4469 docetur.
2223 4414 2388 4470 Nemo
2420 4419 2486 4472 iis
2532 4419 2710 4482 addat,
2743 4426 2832 4471 aut
2859 4418 3058 4487 aliquid
3090 4419 3158 4472 ab

311 4503 556 4554 Ἰωάννου
607 4501 988 4569 Ἀποκάλυψις.
1029 4499 1207 4553 Ταῦτα
1232 4501 1402 4568 πηγαὶ
1437 4500 1528 4552 τοῦ
1560 4502 1844 4570 σωτηρίου,

294 4592 438 4644 ὥστε
475 4592 562 4643 τὸν
593 4592 828 4657 διψῶντα
869 4590 976 4642 τῶν
1033 4591 1088 4642 ὲν
1135 4591 1338 4652 τούτοις
1375 4590 1721 4660 ἐμφορεῖσθαι
1760 4591 1845 4642 λο-

294 4683 454 4748 γίων·
489 4681 542 4731 ὲν
575 4680 779 4740 τούτοις
815 4680 993 4747 μόνοις
1040 4679 1098 4730 τὸ
1131 4679 1227 4753 τῆς
1274 4679 1548 4740 εὐσεϐείας
1596 4679 1846 4731 διδασκα-

292 4769 439 4820 λεῖον
484 4767 906 4833 εὖαγγελίζεται.
968 4768 1168 4838 Μηδεὶς
1215 4767 1424 4829 τούτοις
1479 4768 1842 4831 ὲπιϐαλλέτω,

296 4858 436 4927 μηδὲ
466 4856 662 4909 τούτων
685 4856 1017 4926 ἀφαιρείσθω
1043 4874 1113 4908 τι.
1137 4859 1268 4926 Περὶ
1295 4858 1349 4908 δὲ
1374 4859 1573 4910 τούτων
1593 4859 1620 4909 6
1649 4859 1846 4927 Κύριος

291 4946 681 5006 Σαδδουκαίους
712 4947 807 5014 μὲν
845 4944 1128 5009 ἐδυσώπει,
1175 4946 1362 5013 λέγων·
1423 4947 1735 5002 Πλανᾶσθε
1756 4939 1840 5016 μὴ

287 5037 516 5101 ειδότες
547 5037 648 5101 τὰς
677 5037 936 5104 Γραφάς·
969 5039 1079 5099 τοῖς
1127 5035 1182 5089 δὲ
1242 5037 1505 5098 Ἰουδαίοις
1704 5057 1844 5110 παρ-

288 5128 432 5195 ῄνει·
503 5125 803 5192 Ἐρευνᾶτε
834 5127 938 5191 τὰς
971 5126 1229 5194 Γραφάς·
1264 5126 1349 5179 ὅτι
1382 5130 1555 5181 αὐταί
1600 5132 1756 5183 εἴση·
1782 5135 1840 5184 al

280 5215 692 5285 μαρτυροῦσαι
749 5217 877 5282 περὶ
936 5215 1097 5282 ἐμοῦ.
1140 5217 1276 5269 Ἀλλ’
1309 5217 1469 5270 ἓνεκά
1518 5236 1577 5284 γε
1605 5221 1841 5284 πλείονος

285 5304 573 5373 ἀκριϐείας
596 5304 920 5375 προστίθημι
949 5306 1042 5358 καὶ
1073 5304 1226 5358 τοῦτο
1259 5307 1480 5374 γράφων
1511 5308 1836 5375 ἀναγκαίως,

282 5393 368 5452 ὡς
534 5392 613 5443 ὅτι
637 5393 752 5444 ἐστὶ
783 5392 876 5444 κοιλ⁵
901 5392 1059 5461 ἔτερα
1108 5392 1285 5460 βιϐλία
1311 5393 1509 5446 τούτων
1542 5389 1752 5457 ἔξωθεν·
1777 5399 1835 5448 ού

281 5481 674 5552 κανονιξόμενα
710 5483 829 5552 μὲν,
873 5471 1223 5552 τετυπωμένα
1250 5483 1304 5536 δὲ
1332 5485 1478 5553 παρὰ
1527 5485 1632 5537 τῶν
1669 5487 1836 5538 Πατέ-

375 5675 388 5706 ¹
419 5675 608 5731 Mafth.
643 5674 884 5741 unﬁt).
961 5679 981 5711 ⁸
1015 5676 1164 5734 Joan.
1193 5699 1240 5748 v,
1271 5683 1360 5738 39.

1967 1911 2019 1954 et
2059 1911 2240 1968 postea
2268 1899 2429 1953 Ruth.
2461 1899 2594 1954 Hinc
2633 1915 2846 1954 rursum
2890 1898 3196 1968 Regnorum
3237 1899 3354 1952 libri
3378 1915 3510 1968 qua-

1966 1998 2086 2042 tuor
2119 2008 2132 2042 :
2165 2005 2229 2043 ex
2255 1990 2449 2059 quibus
2495 1990 2700 2057 primus
2725 1997 2777 2040 et
2811 1988 3079 2041 secundus
3143 2001 3238 2056 pro
3271 2002 3377 2040 uno
3405 2002 3509 2042 uu-

1968 2082 2416 2147 meranturlibro;
2475 2081 2664 2135 tertius
2695 2088 2748 2134 et
2787 2088 3013 2148 quartus
3058 2093 3154 2146 pro
3184 2093 3292 2131 uno
3321 2079 3510 2132 simili-

1968 2180 2068 2223 ter.
2096 2169 2223 2223 Post
2254 2172 2366 2224 haec
2402 2170 2846 2236 Paralipomenon
2892 2169 3098 2236 primus
3147 2177 3201 2221 et
3245 2169 3511 2221 secundus

1970 2274 2064 2324 pro
2095 2273 2204 2314 uno
2238 2261 2432 2328 pariter
2455 2259 2592 2313 libro
2619 2267 2926 2313 censentur.
2947 2256 3081 2311 Ilinc
3111 2256 3290 2310 Esdra:
3311 2259 3511 2325 primus

1966 2359 2019 2401 et
2068 2351 2369 2410 secundus,
2435 2365 2532 2417 pro
2588 2363 2696 2401 uno
2760 2347 3003 2401 similiter
3060 2364 3074 2400 :
3145 2356 3326 2412 postea
3381 2348 3512 2402 liber

1967 2440 2325 2504 Psalmorum,
2356 2440 2609 2508 deinceps
2632 2438 2942 2503 Proverbia,
2977 2447 3087 2493 tum
3139 2437 3508 2501 Ecclesiastes,

1966 2543 2016 2585 et
2042 2532 2320 2585 Canticum
2357 2530 2710 2584 canticorum.
2745 2529 2822 2582 Ad
2855 2530 2965 2583 haec
3012 2529 3132 2594 Job,
3180 2545 3242 2583 ac
3265 2530 3510 2598 deinceps

1966 2622 2252 2691 praphctm,
2285 2637 2349 2676 ex
2375 2621 2569 2688 quibus
2590 2620 2866 2672 duodecim
2903 2634 2996 2687 pro
3027 2635 3131 2672 uno
3158 2618 3302 2672 libro
3326 2635 3508 2672 nume-

1967 2723 2171 2765 rantur.
2200 2709 2335 2765 Hinc
2369 2711 2556 2771 Isaias,
2587 2709 2847 2762 Jeremias
2886 2719 2938 2762 et
2966 2725 3085 2762 cum
3121 2709 3235 2777 ipso
3276 2709 3508 2774 Baruch,

1967 2801 2419 2860 Lamentationes,
2481 2796 2713 2866 Epistola
2751 2815 2765 2852 :
2809 2808 2989 2866 postea
3041 2797 3284 2852 Ezechiel
3320 2806 3370 2851 et
3411 2797 3504 2851 Da-

1966 2894 2090 2946 niel.
2115 2891 2382 2946 Hactenus
2408 2889 2609 2944 Veteris
2639 2889 2961 2946 Testamenti
2991 2891 3128 2943 libri.
3167 2889 3299 2944 Novi
3331 2901 3505 2944 autem

1967 2981 2292 3035 Testamenti
2331 2982 2495 3035 libros
2537 2980 2736 3035 referre
2764 2996 2827 3034 ne
2859 2982 3052 3049 pigeat.
3085 2979 3219 3034 Sunt
3251 2980 3390 3034 enim
3417 2981 3503 3034 hi:

1921 3116 1932 3136 ,
1966 3070 2249 3140 Evangelia
2273 3082 2522 3140 qualuor,
2543 3071 2834 3124 secunddm
2867 3069 3194 3134 Mattbmum,
3215 3072 3506 3124 secundum

1965 3159 2223 3224 Marcum,
2263 3162 2553 3214 secundum
2607 3159 2826 3225 Lucam,
2881 3161 3174 3214 secundum
3226 3159 3504 3213 Joannem.

1963 3247 2151 3302 Postea
2203 3249 2330 3300 Acta
2390 3249 2785 3315 apostolorum,
2844 3257 2895 3301 et
2956 3247 3200 3316 Epistolas
3278 3248 3508 3305 Catholi-

1964 3352 2069 3397 cze,
2111 3352 2230 3404 qum
2278 3337 2653 3405 Apostolorum
2696 3348 2992 3401 vocantur,
3042 3352 3265 3392 numero
3302 3351 3505 3408 septem

1963 3441 2172 3493 nempe,
2207 3425 2387 3479 Jacobi
2421 3441 2545 3489 una,
2596 3425 2734 3480 l'ctri
2764 3429 2900 3492 dum,
2959 3427 3178 3481 Joannis
3206 3439 3330 3494 tres,
3358 3429 3508 3484 Judas

1962 3531 2089 3568 una.
2143 3516 2219 3567 Ad
2271 3517 2382 3569 [nec
2434 3516 2584 3571 Pauli
2647 3518 2873 3585 apostoli
2925 3517 3326 3586 quatuordecim
3378 3531 3504 3573 sunt

1961 3603 2231 3671 Epistolae,
2286 3607 2363 3659 sic
2417 3607 2602 3660 ordine
2655 3609 2971 3675 descriptrez
3032 3609 3224 3676 prima,
3288 3610 3350 3666 ad
3397 3609 3506 3665 Bo-

1958 3706 2150 3745 manos
2180 3710 2191 3744 :
2238 3702 2348 3745 tum
2394 3693 2512 3746 duae
2565 3693 2628 3745 ad
2658 3693 2964 3746 Corinthios
2997 3711 3009 3746 :
3043 3693 3255 3759 dehinc,
3308 3698 3371 3749 ad
3403 3695 3498 3750 Ca-

1957 3781 2129 3837 lalas:
2162 3792 2369 3850 postea,
2428 3784 2491 3836 ad
2540 3783 2798 3852 Ephesios
2838 3801 2850 3835 :
2901 3783 3146 3851 deindc,_
3185 3786 3248 3839 ad
3303 3785 3504 3855 Philip-

1959 3887 2182 3941 penscs:
2215 3883 2348 3936 tum,
2409 3874 2473 3925 ad
2521 3872 2917 3926 Colossenses:
2976 3885 3181 3943 postea,
3240 3878 3302 3929 ad
3333 3876 3502 3932 Thes-

1958 3961 2323 4018 salonicenses
2352 3962 2489 4024 duae,
2514 3970 2566 4014 et
2588 3977 2647 4015 ea
2680 3977 2798 4028 quze
2829 3965 2892 4016 ad
2928 3963 3178 4019 llebrwos
3216 3966 3502 4035 dirigitur:

1955 4055 2148 4108 deinde
2177 4054 2241 4106 ad
2286 4051 2623 4106 Timotheum
2660 4055 2777 4110 dua:
2810 4057 2927 4110 :"ad
2980 4055 3161 4110 Titum
3226 4054 3367 4110 una':
3419 4060 3499 4112 ul-

1956 4144 2109 4206 timo,
2146 4143 2209 4197 ad
2240 4143 2605 4196 Philemonem
2644 4160 2793 4199 una:
2847 4146 2911 4200 ad
2973 4148 3083 4201 haec
3110 4147 3334 4202 Joannis
3361 4149 3501 4219 Apo-

1953 4235 2200 4304 calypsis.
2240 4233 2303 4288 Ili
2333 4242 2457 4287 sunt
2487 4235 2677 4291 salutis
2705 4235 2898 4301 fontes,
2947 4247 3002 4291 ut
3034 4239 3288 4305 quisitit,
3313 4253 3498 4295 eorum

1953 4326 2180 4394 eloquiis
2228 4328 2553 4397 impleatur:
2607 4329 2660 4382 in
2724 4329 2806 4384 his
2841 4329 2968 4384 solis
3009 4330 3219 4397 pietatis
3255 4331 3496 4388 doctrina

1950 4506 2213 4561 detrahat.
2253 4505 2325 4560 De
2370 4507 2451 4563 his
2505 4507 2763 4563 Dominus
2797 4508 3342 4578 Sadducmospudm'e
3381 4511 3496 4564 alli-

1948 4597 2141 4662 ciebat,
2166 4597 2249 4650 his
2278 4597 2455 4652 verbis
2494 4615 2506 4650 :
2557 4597 2760 4651 Erratis
2792 4599 3069 4654 nescientes
3097 4597 3390 4666 Scriptura:
3437 4603 3449 4631 ¹
3481 4620 3496 4656 :

1945 4683 2158 4740 Judaeos
2189 4702 2313 4740 vero
2361 4687 2676 4739 hortabatur
2722 4687 2949 4742 dicens:
2998 4687 3317 4742 Scrulamini
3353 4689 3493 4744 Scri-

1942 4783 2146 4841 pturas,
2201 4776 2322 4843 quia
2363 4774 2471 4827 ille
2519 4784 2638 4827 sum
2685 4791 2800 4844 qua:
2850 4777 3198 4830 testimonium
3236 4779 3492 4846 perhibent

1944 4865 2007 4916 de
2049 4880 2128 4916 me
2217 4865 2256 4915 ’.
2306 4862 2408 4918 Sed
2473 4864 2692 4930 majoris
2738 4867 3100 4921 accurationis
3153 4883 3318 4922 causa
3364 4870 3491 4923 illud

1943 4969 2157 5024 quoque
2189 4955 2389 5029 scripto
2421 4956 2614 5012 addere
2654 4971 2872 5012 necesse
2899 4957 3053 5022 duxi;
3082 4973 3199 5012 esse
3239 4939 3490 5012 nimirum

1943 5047 2079 5101 alios
2102 5047 2269 5101 libros
2301 5059 2490 5115 prazter
2520 5048 2672 5115 istos,
2726 5064 2830 5104 non
2887 5051 2937 5102 in
2970 5064 3232 5102 canonem
3275 5051 3489 5118 quidem

1942 5136 2208 5198 redactos,
2239 5136 2328 5189 sed
2358 5151 2493 5203 quos
2517 5151 2546 5189 a
2577 5136 2825 5192 Patribus
2869 5138 3140 5191 decretum
3176 5146 3276 5202 est,
3317 5140 3491 5210 legen-

1941 5227 2038 5280 dos
2062 5226 2216 5279 abiis
2247 5241 2366 5279 esse
2393 5226 2483 5294 qui
2542 5243 2714 5294 nuper
2765 5228 3034 5281 ediscendi
3088 5227 3295 5296 pietatis
3345 5229 3485 5283 verbi

1940 5316 2110 5384 gratia
2141 5317 2485 5370 accesserint.
2524 5316 2797 5384 Sapientia
2831 5315 3157 5377 Salomonis.
3189 5329 3241 5370 et
3274 5317 3486 5384 sapien-

1942 5407 2011 5460 tia
2040 5405 2253 5469 Sirach,
2281 5402 2488 5472 Esther,
2515 5405 2722 5469 Judith,
2752 5405 2970 5471 Tobias,
3001 5406 3276 5472 Doctrina,
3307 5416 3365 5460 ut
3397 5423 3486 5462 vo-

1939 5507 2083 5560 cant,
2138 5498 2525 5568 apostolorum,
2572 5506 2625 5551 ct
2676 5496 2886 5553 Pastor.
2936 5497 3216 5562 Attamen,
3282 5498 3481 5562 dilecti,
