3998 6326
515 340 624 409 563

1769 347 2044 433 TllEOl).
2087 347 2478 408 BALSAMON

3651 352 3758 414 564

511 466 641 510 cuin
691 457 762 510 illi
811 459 860 511 in
921 472 1179 511 canonem
1235 457 1435 510 redacti
1491 459 1617 519 sint,
1673 456 1726 510 lii
1797 456 2064 524 lcgantur,

2181 474 2290 526 ρων
2318 458 2794 526 ἀναγινώσκεσθαι
2832 463 2946 524 τοῖς
2977 463 3110 531 ἄρτι
3157 464 3617 531 προσερχομένας
3660 473 3757 518 καὶ

487 563 777 616 ,ιιιιεηιιίιιιι
811 549 1242 619 apocrypltorum
1276 549 1477 604 mentio
1515 548 1742 603 habetur
1772 548 1883 618 (9'2)
1912 567 1926 614 ;
1981 547 2073 602 sed

519 640 555 694 li
613 653 736 695 sunt
801 643 1176 696 hrcreticorum
1229 651 1611 706 commentum,
1669 641 1757 708 qtti
1811 641 2070 693 arbitratu

521 745 620 784 suo
649 732 809 786 libros
828 733 1197 796 cottscribunt,
1239 734 1436 801 quibus
1480 734 1763 800 assignant
1808 741 2070 797 tempora,

519 831 660 874 utea
693 838 851 890 quam
890 825 1019 888 ipsis
1065 825 1336 877 ascribunt
1377 823 1714 884 antiquitatis
1749 823 1947 892 specie,
1983 835 2073 872 oc-

515 913 784 968 casionem
814 923 1025 983 captent
1051 915 1398 984 simpliciores
1435 913 1676 968 fallendi.

512 1100 648 1154 ἀλλά
675 1103 961 1171 αἱρετικῶν
1000 1105 1146 1158 ἐστιν
1187 1102 1395 1154 ἐπίνοια
1417 1146 1430 1168 ,

2185 549 2526 618 βουλομένοις
2588 552 2943 620 κατηχεῖσθαι
3004 555 3097 605 τὸν
3159 556 3260 623 τῆς
3318 557 3604 615 εὐσεϐείας
3669 557 3756 609 λό-

2181 658 2274 708 γον
2307 660 2319 672 ·
2394 642 2558 707 Σοῳία
2613 643 2982 710 Σολομῶντος.
3040 646 3134 698 καὶ
3180 648 3352 714 Σοφία
3406 648 3598 717 Σιράχ,
3656 653 3753 702 καὶ

2194 731 2410 800 Ἐσθὴρ.
2443 735 2539 786 καὶ
2577 735 2785 799 Ἰουδὶθ,
2819 737 2911 789 καὶ
2939 733 3158 800 Τοϐίας,
3195 739 3285 790 καὶ
3315 737 3513 806 Διδαχὴ
3542 741 3746 792 καλουο

2189 823 2324 892 μένη
2383 824 2490 876 τῶν
2543 825 2875 889 ἀποστόλων,
2932 829 3027 881 καὶ
3073 829 3101 880 6
3149 829 3379 898 Ποιμήν.
3423 832 3535 883 Καὶ
3570 833 3750 898 ὅμως,

2181 915 2487 983 ἀγαπητοὶ,
2543 915 2809 968 κάκείνων
2881 918 3310 987 κανονιζομένων
3377 925 3466 976 καὶ
3537 921 3750 973 τούτων

2186 1009 2733 1076 ἀναγινωσκομένων,
2754 1009 2989 1079 οὐδαμοῦ
3017 1010 3126 1063 τῶν
3156 1012 3492 1082 ἀποκρύφων
3526 995 3747 1082 μνήμηῖ

1491 1101 1807 1170 γραφόντων
1860 1098 1957 1168 μὲν
2017 1097 2104 1149 ὅτε
2163 1096 2404 1150 θέλουσιν
2466 1101 2635 1164 αὐτὰ,
2680 1102 3050 1170 χαριζομένων
3095 1103 3151 1156 δὲ
3202 1105 3291 1154 καὶ
3343 1105 3747 1171 προστιθέντων

512 1194 692 1252 αὐτοῖς
730 1196 976 1262 χρόνιος,
1015 1195 1101 1258 ἵν’,
1130 1193 1202 1255 ὡς
1235 1193 1437 1246 παλαια
1464 1194 1843 1262 προφέροντες,
1879 1190 2146 1256 πρόφασιν
2173 1187 2364 1256 ἔχωσιν
2398 1191 2612 1260 ἀπατᾷν
2643 1193 2706 1244 ὲκ
2737 1193 2924 1246 τούτου
2953 1195 3076 1256 τοὺς
3103 1197 3408 1266 ἀκεραίους.

585 1283 778 1336 ΒΛΙ,8.
835 1283 1141 1335 Po~.trctuus
1176 1297 1346 1334 canon
1407 1282 1736 1346 apostolicus
1787 1285 2070 1333 enumerat

514 1377 680 1428 libros
712 1373 801 1439 qui
841 1374 940 1439 legi
973 1373 1192 1436 debent,
1231 1382 1284 1424 et
1343 1371 1549 1424 Veteris
1605 1369 1955 1428 Testantcnli,
2018 1377 2065 1419 et

514 1465 669 1518 Novi.
710 1463 806 1518 llic
853 1474 1028 1516 autem
1076 1474 1317 1523 sanctus,
1349 1477 1468 1515 cmn
1511 1459 1815 1514 reseivisset
1866 1459 1947 1527 (ut
1992 1467 2073 1510 est

525 1554 839 1620 verisimile)
881 1555 1018 1624 quod
1075 1555 1337 1619 nonnulli,
1373 1553 1610 1606 volentes
1649 1566 1764 1614 eos,
1819 1553 1908 1619 qui
1952 1560 2074 1602 sunt

521 1647 572 1698 in
601 1641 800 1714 pietate
839 1662 900 1698 ac
934 1647 1192 1714 religione
1225 1638 1414 1713 integri
1447 1642 1662 1713 (quibus
1702 1641 1907 1695 scilicet
1941 1641 2068 1693 nihil

517 1738 714 1801 deﬁcit,
737 1753 832 1791 nec
857 1739 980 1806 quid
1014 1739 1207 1790 habent
1232 1737 1607 1804 compositum,
1630 1734 1713 1788 vel
1744 1743 2070 1799 contortum,

519 1831 614 1882 sed
669 1839 794 1882 sunt
841 1829 1132 1897 simplices)
1184 1831 1461 1891 seducere,
1515 1827 1699 1882 dicunt
1740 1841 1888 1879 essse
1939 1825 2072 1878 alios

518 1925 778 1987 quosdant
851 1921 1034 1985 libros,
1106 1922 1197 1989 qui
1247 1919 1458 1989 quidem
1507 1929 1631 1972 sunt
1699 1932 2070 1985 perversorum

2251 1279 2441 1333 ΒΛᾹΣ.
2495 1279 2554 1331 Ὀ
2594 1281 2900 1346 τελευταῖος
2933 1284 3282 1348 ἀποστολικδς
3321 1289 3498 1340 κανὼν
3536 1289 3749 1354 ἀπαριο

2180 1370 2394 1438 θμεῖται
2438 1375 2506 1425 τά
2550 1373 2836 1440 ὀφείλοντα
2891 1377 3360 1442 ἀναγινώσκεσθαι
3407 1380 3584 1449 βιϐλία
3642 1383 3746 1446 τῆς

2180 1463 2422 1524 Παλαιᾶς
2456 1463 2730 1532 Διαθήκης
2763 1467 2856 1518 καὶ
2911 1467 3008 1534 τῆς
3055 1468 3218 1529 Νέας.
3281 1470 3545 1522 Ἐνταῦθα
3601 1470 3658 1523 δὲ
3717 1473 3745 1522 6

2182 1555 2356 1618 ἅγιος,
2388 1555 2458 1617 ὡς
2495 1556 2665 1620 ἔοικε,
2698 1557 2883 1623 μαθὼν
2933 1559 3016 1612 ὅτι
3061 1561 3207 1622 τινὲς
3238 1561 3486 1624 θέλοντες
3521 1564 3742 1632 ἀπατᾷν

2182 1649 2306 1708 τοὺς
2334 1647 2628 1717 ἀκεραίους
2653 1652 2797 1702 κατὰ
2819 1650 2915 1719 τὴν
2955 1651 3262 1714 εὐσέϐειαν,
3295 1653 3462 1721 ἧγουν
3489 1655 3613 1714 τοὺς
3667 1654 3740 1720 μὴ

2179 1737 2400 1806 ἔχοντας
2449 1737 2661 1800 ἐλλιπές
2706 1756 2758 1791 τι
2808 1739 2840 1808 ἢ
2898 1743 3146 1794 σύνθετον
3177 1743 3268 1794 καὶ
3313 1742 3547 1804 σκολιὸν,
3600 1742 3744 1795 ἀλλά

2178 1830 2335 1891 ὄντας
2368 1829 2592 1893 ἀπλοῦς,
2632 1830 2879 1897 λέγουσιν
2909 1827 3046 1885 εἶναι
3077 1833 3170 1885 καὶ
3197 1833 3360 1902 ἕτερά
3387 1851 3506 1885 τινα
3532 1832 3740 1900 βιϐλία,

2176 1919 2621 1988 διεστραμμένων
2676 1921 2773 1989 μὲν
2819 1922 2947 1974 ὅντα
2991 1923 3296 1990 δογμάτων,
3338 1924 3630 1990 ἀπόκρυφα
3682 1923 3744 1974 δὲ

517 2010 852 2077 dogmatum,
876 2020 926 2063 et
955 2012 1203 2063 dicuntur
1231 2009 1572 2078 apocrypha;
1607 2007 1822 2074 scripsit
1858 2016 1911 2058 et
1938 2006 2071 2073 ipse,

2179 2009 2463 2078 λεγόμενα,
2510 2013 2715 2081 ἔγραψε
2745 2013 2801 2066 δὲ
2841 2015 3000 2074 αὐτὸς
3031 2015 3100 2067 τὰ
3135 2016 3415 2083 ὀφείλοντα
3464 2016 3747 2080 ἀναγινώο

519 2104 680 2155 libros
723 2118 856 2170 quos
906 2103 1004 2171 legi
1037 2111 1298 2172 oporteat.
1337 2100 1412 2153 Ne
1442 2098 1651 2152 mireris
1686 2107 1882 2159 autem,
1917 2097 1960 2148 si
1993 2097 2073 2148 in-

519 2196 731 2248 veneris
762 2209 1019 2247 canonem
1052 2193 1426 2261 apostolicum,
1460 2192 1548 2260 qui
1596 2191 1729 2244 alios
1758 2203 1970 2258 quoque
2007 2188 2072 2241 li-

515 2288 646 2338 bros
671 2294 992 2339 enumerat:
1031 2284 1125 2337 sed
1171 2285 1286 2353 lege
1319 2298 1440 2353 quae
1484 2283 1537 2337 in
1582 2283 1724 2337 dicto
1776 2281 2072 2351 apostolico

519 2389 726 2428 ratione
760 2377 958 2444 scripta
995 2385 1139 2430 sunt.

592 2465 834 2521 ZONAR.
872 2468 968 2520 Hic
991 2483 1209 2536 magnus
1229 2468 1552 2522 Athanasius
1569 2467 1787 2528 Veteris
1809 2465 2074 2533 Novchue

525 2557 814 2625 Scriptura:
852 2560 1014 2613 libros
1052 2571 1352 2625 enumerat,
1387 2562 1530 2629 quia
1573 2559 1820 2613 fidelibus
1850 2558 1948 2627 legi
1983 2560 2076 2611 tle-

523 2649 691 2714 bent;
725 2665 788 2701 ne
821 2650 910 2716 qui
949 2651 1149 2717 decepti
1183 2651 1347 2704 libros
1397 2651 1730 2720 apocrypltos
1783 2650 1956 2704 dictos
1993 2649 2070 2703 le-

524 2755 672 2808 cant,
704 2748 794 2809 qui
821 2763 922 2801 non
959 2755 1101 2801 recte
1135 2764 1191 2802 se
1223 2745 1441 2809 habent,
1470 2755 1523 2798 et
1547 2745 1811 2812 ἀκέραιοι,
1840 2744 1940 2797 hoc
1969 2754 2070 2810 est,

523 2836 794 2904 simplices
824 2847 876 2889 et
906 2839 1126 2908 deceplu
1159 2837 1339 2892 faciles
1366 2837 1556 2890 exinde
1587 2835 1927 2890 incommodo
1961 2835 2073 2890 alli-

520 2929 760 2983 ciuntur.
798 2929 900 2982 Eos
947 2940 1121 2983 autent
1167 2939 1220 2984 et
1265 2944 1433 2983 canon
1487 2927 1556 2982 85
1579 2928 1676 2982 SS.
1711 2929 2073 2996 apostolorum

522 3028 676 3071 antea
713 3021 1000 3073 recensuit.
1039 3019 1134 3072 llic
1165 3029 1339 3072 autem
1368 3021 1543 3083 Pater,
1579 3031 1836 3088 quantum
1876 3020 1940 3072 ad
1974 3034 2072 3070 nu-

525 3127 727 3167 merum
755 3127 936 3165 eorum
961 3123 1185 3181 spectat,
1229 3113 1410 3166 ultimo
1449 3112 1529 3165 isti
1566 3112 1858 3181 apostolico
1882 3111 2072 3165 canoni

522 3206 574 3256 in
605 3205 854 3258 omnibus
890 3221 991 3256 non
1028 3206 1296 3258 convenit.
1330 3203 1567 3273 Apostoli
1600 3206 1741 3257 enint
1790 3203 1985 3257 Esther
2019 3211 2074 3256 et

529 3293 860 3363 Sapientiam
895 3295 1082 3348 Sirach
1123 3305 1176 3348 et
1211 3295 1377 3350 libros
1418 3295 1833 3349 Maccabzeorum
1867 3308 2074 3347 connu-

2179 2103 2402 2154 σκεσθαι
2462 2103 2661 2172 βιϐλία.
2717 2105 2809 2174 Μὴ
2866 2105 3150 2176 θαυμάσῃς
3215 2106 3271 2158 δὲ
3319 2107 3587 2177 εὑρίσκων
3646 2108 3749 2160 τὸν

2175 2193 2529 2247 ἀποστολικδν
2557 2196 2756 2248 κανόνα
2787 2197 2880 2248 καὶ
2911 2197 3116 2262 ἐτέρων
3147 2197 3366 2263 βιϐλίων
3416 2198 3736 2265 ἀπαρίθμηο

2177 2301 2261 2336 σιν
2302 2286 2655 2352 ποιούμενον·
2691 2284 2825 2338 ἀλλά
2873 2286 3146 2351 ἀνάγνωθι
3190 2287 3259 2338 τά
3304 2289 3362 2339 ὲν
3409 2287 3485 2356 τῷ
3515 2286 3742 2357 ῥηθέντι

2175 2375 2514 2442 ἀποστολικῷ
2547 2377 2734 2430 κανόνι
2763 2377 3066 2444 γραφέντα.

2249 2467 2490 2520 ΖΩΝΑΡ.
2520 2467 2784 2521 Ἐνταῦθα
2812 2469 2886 2534 (α)
2912 2471 2938 2521 6
2974 2468 3476 2538 μέγαςἊθανάσιος
3503 2471 3744 2533 ἀπαρίθ-

2179 2575 2346 2629 μησιν
2375 2563 2609 2613 ποιεῖται
2629 2559 2738 2612 τῶν
2775 2561 2992 2629 βιϐλίων
3014 2562 3111 2628 τῆς
3137 2578 3194 2612 τε
3230 2562 3472 2625 Παλαιᾶς
3512 2564 3744 2631 Γραφῆς

2177 2653 2268 2704 καὶ
2299 2651 2398 2718 τῆς
2429 2652 2568 2714 Νέας
2604 2651 2711 2703 τῶν
2737 2651 3057 2718 ὀφειλόντων
3087 2653 3554 2720 ἀναγινώσκεσθαι
3583 2654 3742 2722 ταρά

2175 2747 2283 2796 τιίν
2336 2745 2576 2797 πιστῶν·
2611 2745 2701 2795 ἴνα
2763 2747 2835 2814 μή
2890 2763 3037 2808 τινες
3071 2746 3414 2814 πλανώμενοι
3460 2746 3739 2812 ἀναγινώ-

2177 2853 2348 2889 σκωσι
2385 2837 2479 2888 καὶ
2521 2837 2619 2898 τὰς
2654 2836 2951 2904 λεγομένας
2999 2838 3353 2905 ἀποκρύφους
3409 2838 3636 2906 βίϐλους,
3678 2838 3741 2890 αἶ

2174 2929 2273 2980 οὐκ
2325 2928 2500 2997 ὀρθῶς
2528 2928 2728 2997 ἔχουσι,
2753 2930 2846 2980 καὶ
2875 2928 3121 2982 ἐντεῦθεν
3146 2929 3471 2998 βλάπτονται
3490 2930 3739 2994 ἀκέραιοι

2174 3022 2322 3083 ὅντες
2366 3023 2484 3091 ἦτοι
2528 3021 2793 3081 ἄπλαστοι
2837 3021 2933 3074 καὶ
2977 3021 3393 3087 εὐεξαπάτητοι.
3441 3019 3623 3073 Ταῦτα
3676 3019 3741 3072 δὲ

2179 3115 2268 3168 καὶ
2311 3116 2338 3166 6
2375 3112 2454 3166 πε⁰
2503 3114 2683 3167 κανὼν
2717 3115 2822 3168 τῶν
2857 3114 3027 3182 ἀγίων
3057 3116 3371 3167 ἀποστόλων
3402 3115 3504 3182 ττρὸ
3542 3114 3740 3166 τούτου

2177 3208 2482 3276 ἀπαριθμεῖ
2509 3223 2520 3236 ’
2553 3208 2651 3258 οὐκ
2685 3208 2741 3258 ἐν
2769 3208 2899 3259 πᾶσι
2933 3207 2988 3258 δὲ
3034 3208 3061 3257 6
3101 3205 3290 3274 Πατὴρ
3325 3199 3478 3267 οὗτος
3508 3221 3739 3272 συμφωο

2178 3293 2361 3364 νείτῷ
2393 3293 2732 3362 ἀποστολικῷ
2773 3293 3064 3360 τελευταίῳ
3107 3296 3289 3347 κανόνι
3335 3295 3393 3345 ὲν
3433 3297 3496 3362 τῇ
3533 3297 3743 3362 ἀπαρι-

521 3397 797 3440 tlerartutt
840 3388 970 3441 :hic
1013 3399 1188 3442 autem
1246 3403 1339 3442 eos
1394 3388 1752 3456 prattermisit.
1811 3387 1867 3440 ln
1916 3385 2073 3438 Nova:

2179 3388 2400 3456 θμήσει.
2453 3388 2513 3438 0i
2546 3389 2644 3456 μὲν
2677 3388 2782 3456 γάρ
2812 3387 3098 3440 ἀπόστολοι
3132 3389 3226 3438 καὶ
3253 3387 3351 3454 τὴν
3393 3386 3591 3454 Ἑσθὴρ
3626 3387 3746 3437 ἀπ-

520 3478 683 3530 etiam
722 3476 1202 3544 Scriptnrmlibris,
1235 3480 1398 3533 divini
1431 3479 1646 3549 quidem
1681 3477 1910 3546 apostoli
1940 3490 2071 3528 con-

523 3569 828 3622 stitutiones
882 3583 1007 3622 snas
1034 3585 1058 3620 a
1093 3568 1366 3623 Clemente
1413 3569 1750 3635 conscriptas
1787 3581 2073 3620 enumera-

527 3669 651 3712 runt
686 3677 698 3712 :
738 3660 823 3712 hic
855 3673 1032 3712 autem
1057 3674 1148 3712 eas
1173 3660 1372 3713 omisit.
1419 3658 1634 3713 Addidit
1665 3674 1789 3710 vero
1820 3657 2074 3725 Theologi

532 3751 920 3819 Apocalypsint.
960 3751 1082 3804 Post
1120 3751 1283 3805 libros
1324 3761 1500 3804 autem
1560 3759 1924 3813 enumeratos,
1978 3751 2073 3814 ait,

526 3843 664 3912 quod
694 3844 783 3897 alii
815 3843 920 3895 sint
948 3851 1137 3909 przeter
1163 3857 1255 3897 eos
1286 3842 1427 3906 Ιίιιιὶ,
1475 3843 1529 3894 iu
1564 3857 1822 3896 canonem
1860 3842 2074 3909 quidem

533 3950 634 3986 non
663 3934 843 4004 relati,
877 3933 1085 4002 legendi
1133 3944 1346 3998 tamen;
1384 3947 1515 4001 quos
1545 3933 1674 3985 dicit
1702 3947 1819 3986 esse
1850 3931 2078 4000 Sapien-

533 4027 658 4076 tiam
689 4026 1012 4088 Salomonis,
1049 4035 1100 4078 et
1133 4025 1455 4093 Sapientiam
1487 4024 1694 4089 Sirach,
1735 4025 1944 4086 Esther,
1979 4023 2075 4077 lu-

529 4111 664 4174 tlitlt,
699 4123 750 4164 et
783 4113 960 4175 Tobit,
995 4123 1050 4165 et
1093 4115 1388 4166 doctrinam
1443 4114 1802 4180 apostolorum
1852 4114 2073 4179 dictam,

523 4218 658 4270 quas
704 4212 955 4257 asserunt
996 4218 1116 4258 esse
1163 4204 1584 4258 Constitutiones
1641 4205 2006 4272 apostolorum
2043 4217 2073 4256 a

525 4295 799 4347 Clemente
829 4295 1193 4363 conscriptas;
1242 4310 1375 4363 quas
1423 4310 1483 4350 ea
1537 4311 1652 4364 qua)
1689 4305 1836 4348 sexta
1878 4295 2076 4348 dicitur

507 4385 764 4450 synodus
794 4383 889 4448 legi
925 4400 1027 4438 non
1055 4386 1337 4452 permittit,
1369 4394 1424 4438 ut
1451 4386 1778 4438 atlulteratas
1810 4394 1862 4438 et
1891 4398 2074 4438 corru-

525 4485 643 4538 ptas
687 4473 752 4525 ab
794 4475 1084 4528 ltzeretiris.
1134 4477 1232 4537 Qui
1289 4483 1466 4527 autent
1524 4476 1838 4544 apocryphi,
1877 4477 2071 4543 inquit,

521 4574 781 4616 vocantur
812 4565 955 4630 libri,
988 4579 1163 4634 neque
1207 4565 1344 4618 inter
1373 4579 1486 4628 eos,
1518 4565 1607 4634 qui
1643 4577 1794 4618 extra
1841 4567 1970 4620 istos
2000 4567 2076 4619 le-

2181 3479 2578 3546 ηριημήσαντο,
2613 3477 2820 3546 tullth
2844 3477 3051 3543 Σοφίαν
3074 3476 3262 3546 Σιράχ,
3289 3477 3378 3528 καὶ
3409 3476 3476 3527 τὰ
3510 3477 3744 3527 Μακκα-

2178 3571 2344 3623 ϐαἳκά
2364 3585 2379 3600 ο
2413 3565 2562 3628 0510;
2590 3569 2643 3620 δὲ
2674 3568 3036 3636 παραλέλοιπε
3066 3567 3260 3621 ταῦτα.
3303 3567 3389 3618 Ἐν
3417 3568 3470 3618 δὲ
3495 3569 3615 3627 ταῖς
3631 3567 3742 3631 τῆς

2178 3661 2318 3722 Νέας
2349 3659 2565 3728 Γραφῆς
2594 3657 2817 3726 βίϐλοις,
2842 3657 2890 3707 οί
2925 3657 3017 3722 μὲν
3049 3655 3178 3708 θεῖοι
3213 3655 3498 3708 ἀπόστολοι
3525 3655 3746 3716 καὶτὰς

2176 3752 2263 3805 διὰ
2294 3751 2385 3802 τοῦ
2431 3751 2742 3818 Κλήμεντος
2773 3747 3182 3814 συγγραζείσας
3234 3745 3496 3813 διαταγὰς
3558 3745 3745 3795 αὐτῶν

2179 3841 2605 3912 ἀπηρίθμησαν·
2639 3834 2792 3902 οὗτος
2836 3838 2893 3890 δὲ
2938 3837 3139 3899 ταύτας
3196 3837 3290 3906 μὲν
3333 3836 3740 3903 παραλέλοιπεν

2177 3933 2470 4005 προσέθετο
2515 3931 2570 3984 δὲ
2609 3931 2706 3998 τὴν
2749 3927 3111 3995 ’Δποκάλυψιν
3135 3927 3227 3979 τοῦ
3267 3927 3552 3996 Θεολόγου.
3585 3930 3747 3982 Μετά

2177 4026 2232 4078 δέ
2265 4042 2324 4092 γε
2357 4025 2456 4092 τὴν
2485 4023 2885 4090 ἀπαρίθμησιν,
2932 4023 3115 4089 φησὶν,
3147 4021 3228 4072 ὅτι
3269 4019 3416 4071 ἔστιν
3460 4021 3623 4089 ἓτερα
3656 4022 3738 4088 βι.

2177 4116 2300 4168 ϐλία
2331 4115 2534 4166 τούτων
2562 4111 2780 4178 ἔξωθεν,
2809 4113 2868 4162 οὺ
2901 4110 3290 4179 κανονιζόμενα
3322 4110 3441 4177 μὲν,
3474 4112 3746 4178 ἀναγινωο

2179 4208 2413 4276 σκόμενα
2445 4204 2522 4266 δὲ,
2573 4202 2734 4256 ἅτινα
2781 4201 2929 4266 λέγει
2975 4197 3114 4254 εἶναι
3168 4203 3268 4274 τὴν
3301 4203 3494 4268 σοφίαν
3544 4202 3740 4270 Σιράχ,

2191 4297 2410 4362 Ἐσθὴρ,
2454 4293 2680 4361 Ἰουδὴθ,
2706 4295 2798 4344 καὶ
2832 4289 3047 4361 Τωὸὴτ,
3079 4293 3174 4345 καὶ
3214 4292 3433 4361 διδαχὴν
3468 4293 3748 4360 καλουμέ-

2179 4405 2275 4454 νην
2301 4386 2406 4438 τῶν
2439 4385 2747 4437 ἀποστόλων
2782 4383 3033 4451 λέγουσιν
3060 4379 3199 4436 εἶναι
3227 4385 3322 4444 τὰς
3362 4384 3449 4435 διά
3471 4383 3563 4434 τοῦ
3593 4384 3746 4452 Κλή-

2181 4496 2371 4549 μεντος
2399 4476 2811 4545 συγγραφείσας
2855 4477 2961 4528 τῶν
2995 4474 3310 4529 ἀποστόλων
3341 4475 3635 4539 διατάξεις,
3671 4475 3743 4537 ἃς

2178 4573 2494 4643 ὴλεγομένη
2520 4571 2652 4637 ’ἑκτη
2683 4569 2897 4630 σύνοδος
2932 4566 3487 4634 ἀναγινώσκεσθαιού
3527 4569 3741 4635 σὺγχωο

523 4657 678 4724 gentli
714 4659 1134 4720 constituuntur,
1182 4657 1270 4724 qui
1310 4657 1516 4709 scilicet
1552 4657 1606 4708 in
1653 4670 1916 4710 canonem
1967 4672 2073 4710 non

2182 4665 2282 4734 ρεῖ,
2301 4662 2372 4724 ὡς
2397 4659 2740 4721 νοθευθείσας
2764 4659 2856 4711 καὶ
2886 4657 3180 4728 φθαρείσας
3212 4658 3314 4742 ι’)πδ
3333 4658 3648 4727 αίρετικῶν.
3673 4661 3742 4710 Δί

490 4800 494 4805 ,
525 4747 847 4800 referuntur.
883 4747 1182 4801 Canonicos
1208 4757 1382 4801 autent
1414 4749 1525 4802 sive
1558 4748 1607 4800 itt
1639 4763 1898 4801 canonem
1934 4749 2075 4803 rela-

525 4847 607 4891 tos
630 4837 795 4890 libros
829 4849 1046 4892 sanctus
1074 4841 1382 4892 denominat
1414 4855 1476 4892 ex
1514 4854 1717 4892 canone
1735 4840 1846 4893 sive
1872 4841 2072 4910 regula,

522 4931 663 4995 quod
691 4930 889 4997 lignum
921 4939 1024 4992 est,
1058 4944 1162 4996 quo
1193 4931 1426 4985 artilices
1456 4941 1677 4985 utuntur
1715 4933 1780 4985 ad
1807 4931 2072 5001 lignorum

524 5030 619 5073 aut
653 5020 886 5088 lapidum
925 5019 1319 5094 rectitudinetn.
1359 5021 1616 5091 Regulam
1648 5024 1792 5077 enim
1826 5024 1910 5089 iis,
1957 5039 2077 5093 qua:

523 5123 835 5180 operantur,
872 5121 1224 5179 opponentes,
1264 5126 1357 5180 per
1384 5127 1498 5165 eam
1533 5114 1577 5168 si
1607 5129 1742 5181 quas
1795 5098 2074 5170 inveniunt

525 5205 576 5256 in
611 5205 725 5257 istis
763 5204 1126 5273 altliqnitates,
1163 5205 1529 5258 imminentias
1569 5215 1622 5260 et
1670 5206 2075 5275 prontinentias,

525 5295 592 5348 ad
621 5296 990 5348 rectitudinetn
1027 5297 1287 5348 abratlunt
1344 5305 1396 5348 et
1451 5296 1525 5349 sic
1575 5311 1709 5364 opus
1763 5297 2077 5359 rectiticant.

525 5383 635 5438 lloc
668 5384 850 5454 itaque
882 5385 932 5437 in
962 5385 1079 5439 istis
1111 5385 1263 5440 libris
1290 5387 1433 5440 ratio
1459 5397 1708 5455 tanquam
1743 5387 1920 5455 regula
1946 5387 2076 5441 elle-

526 5478 618 5536 cit,
653 5475 772 5528 illos
801 5475 1132 5544 distinguens
1165 5476 1231 5529 ab
1274 5477 1413 5541 istis,
1449 5478 1537 5546 qui
1573 5492 1676 5530 non
1719 5488 1862 5531 recte
1889 5493 1946 5531 se
1977 5477 2076 5531 ha-

525 5566 673 5623 bent,
707 5565 798 5615 sed
830 5562 1065 5628 perversi
1099 5572 1222 5615 sunt
1254 5577 1267 5616 :
1297 5574 1349 5617 et
1383 5565 1480 5618 hos
1514 5564 1726 5632 quidem
1767 5567 2073 5629 admittens,

529 5665 585 5707 et
626 5655 948 5722 approbatis,
981 5665 1032 5708 et
1061 5656 1160 5723 piis
1186 5655 1438 5724 legendos
1469 5671 1802 5725 proponens;
1833 5657 1950 5710 illos
1979 5672 2074 5710 au-

2180 4755 2235 4806 δὲ
2285 4753 2638 4821 καλούμεναι,
2693 4752 2878 4820 φησὶν,
2917 4735 3226 4819 ἀπόκρυφοι
3271 4749 3463 4819 βίϐλοι,
3527 4749 3649 4803 οὗτε
3681 4752 3741 4804 ἑν

2159 4847 2297 4908 ’ταῖς
2327 4843 2806 4912 ἀπηριθμημέναις
2847 4840 3046 4908 βίϐλοις
3103 4839 3472 4909 εὑρίσκονται,
3527 4841 3648 4894 οὔτε
3680 4844 3744 4894 ιν

2181 4937 2387 4998 τούτοις
2408 4935 2561 4995 ἐκτὸς
2588 4933 2808 4986 ἐκείνων
2840 4933 3193 5000 τεταγμένοις
3239 4931 3743 4998 ἀναγινώσκεσθαι,

2181 5029 2379 5098 δηλαδὴ
2429 5029 2537 5088 τοῖς
2562 5026 2952 5085 ἀκανονίστοις.
3007 5024 3450 5091 Κεκανονισμένα
3476 5023 3532 5074 δὲ
3560 5023 3743 5091 βιϐλία

2183 5123 2285 5192 ἔφη
2331 5123 2358 5173 6
2390 5123 2540 5188 ᾰγιος
2570 5118 2635 5169 ὲκ
2663 5117 2756 5169 τοῦ
2790 5117 3032 5181 κανόνος,
3064 5117 3091 5169 ὅ
3117 5120 3231 5169 ἐστι
3259 5110 3476 5182 ξύλονῷ
3511 5117 3745 5185 κέχρην-

2181 5229 2268 5264 ται
2298 5211 2346 5262 oi
2374 5212 2614 5278 τεχνῖται
2651 5209 2730 5269 είς
2757 5206 2926 5272 ξύλων
2959 5207 2990 5276 ῆ
3021 5206 3183 5258 λίθων
3212 5205 3486 5274 εὑοὺτητα
3508 5223 3520 5237 ·
3565 5223 3746 5274 παρα-

2179 5300 2424 5361 τεθέντες
2469 5298 2576 5370 γὰρ
2606 5299 2694 5350 τὸν
2724 5299 2926 5349 κανόνα
2955 5299 3066 5358 τοῖς
3126 5294 3255 5364 παρ’
3291 5293 3472 5346 αὐτῶν
3507 5293 3742 5364 ἐργαζο-

2184 5391 2383 5459 μένοις,
2434 5389 2500 5442 δι¹
2538 5386 2703 5442 αὑτοῦ
2754 5387 2805 5439 εἴ
2856 5403 3004 5449 τινας
3063 5385 3411 5454 εὑρίσκουσιν
3463 5385 3523 5436 ὲν
3557 5385 3745 5447 αὐτοῖς

2181 5481 2471 5548 λοξότητας
2529 5479 2742 5547 εἰσοχάς
2790 5495 2849 5531 τε
2911 5480 3007 5530 καὶ
3054 5474 3265 5543 ἐξοχὰς,
3322 5476 3402 5537 είς
3464 5473 3748 5541 εὐθύτητα

2183 5571 2491 5635 ἀποξέουσι,
2525 5570 2617 5621 καὶ
2655 5567 2873 5638 ὀρθοῦσι
2917 5567 2978 5620 τὸ
3010 5566 3414 5634 ἑργαζόμενονο
3460 5564 3618 5617 τοῦτο
3652 5563 3747 5616 οὖν

2184 5660 2277 5713 καὶ
2307 5661 2395 5712 ἐπὶ
2439 5660 2546 5712 τῶν
2578 5659 2795 5728 βιϐλίων
2827 5656 3032 5711 τούτων
3079 5659 3107 5710 6
3137 5656 3293 5724 λόγος
3345 5655 3536 5726 ὥσπερ
3567 5653 3748 5710 κανὼν

590 5775 661 5830 (a)
687 5775 826 5833 Apud
854 5776 1176 5831 Bevcrezium
1204 5777 1252 5826 in
1281 5776 1430 5831 notis.
1458 5791 1505 5832 ι).
1528 5777 1637 5836 221,
1672 5790 1730 5828 ex
1758 5778 1923 5829 codice
1953 5779 2353 5830 Amerbachiano.
2381 5779 2513 5830 Εοιτ.
