3998 6326
240 336 354 398 565

1181 332 1267 392 ΙΝ
1304 330 1547 392 EPIST.
1580 330 1644 392 S.
1678 329 2104 396 ATHANASII
2140 337 2242 397 AD
2280 337 2547 401 RUFIN.

3390 339 3496 404 δθσ

240 454 540 519 ιποίησεν·
573 444 871 503 ἀποδιελὼν
892 444 1033 499 αὕτά
1065 444 1176 499 τῶν
1212 444 1287 516 μὴ
1333 441 1510 515 ὀρθῶς
1561 443 1816 511 ἐχόντων,

1926 455 2034 502 tem
2065 452 2459 518 condemnans,
2494 461 2547 509 et
2577 455 2680 525 legi
2711 455 3027 522 prohibens.
3077 454 3272 531 Quare
3324 459 3495 511 etiam

246 542 391 595 ἀλλά
423 540 873 610 διεστραμμένων
895 552 912 570 ⁸
946 535 1041 590 καὶ
1072 536 1139 589 τά
1190 535 1288 605 μὶν
1316 532 1573 606 δγκρίνας
1594 534 1689 587 καὶ
1728 533 1816 587 δο-

241 632 494 701 κιμάσας
516 632 610 686 καὶ
628 630 959 703 προθέμενος
980 629 1060 692 είς
1084 627 1390 696 ἀνάγνωσιν
1405 626 1521 687 τοϊς
1536 624 1782 677 εὐσεϐέσι
1800 637 1816 654 ο

240 724 317 778 τὰ
344 725 405 781 δὲ
436 724 840 793 ἀποδοκιμάσας
858 762 875 787 ,
916 720 1010 775 καὶ
1038 717 1301 792 ἀπείρξας
1329 714 1819 788 ἀναγινώσκεσθαι.

474 926 839 981 ΕΠΙΣΥΟΛΙΙ
878 921 1070 976 ΠΡΟΣ
1116 921 1207 972 PO
1221 914 1636 970 ΥΦΙΝΙΑΝΟΝ.

336 1041 525 1109 Κυρίῳ
553 1039 652 1109 υἱῷ
682 1037 773 1091 καὶ
797 1032 1161 1101 ποθεινοτάτῳ
1194 1026 1587 1100 συλλειτουργῷ
1626 1026 1838 1092 Ῥουφι-

256 1133 453 1203 νιανῷ,
502 1130 819 1191 ’Δθανὰσιος
848 1129 906 1179 ὲν
930 1126 1121 1197 Κυρίῳ
1150 1121 1380 1193 χαίρειν.

247 1197 261 1207 .
336 1197 417 1276 Σὶί
450 1223 543 1292 μὲν
595 1219 661 1273 τὰ
713 1219 813 1289 υἱῷ
866 1214 1203 1287 ἠγαπημένῳ
1248 1210 1527 1282 πρέποντα
1702 1205 1834 1274 πρὸς

260 1314 485 1383 Πατέρα
513 1315 761 1382 γράφειςο
797 1310 1087 1377 ἐγγίσαντα
1118 1304 1245 1372 γοῦν
1296 1320 1353 1355 σε
1409 1301 1497 1354 διά
1539 1298 1632 1352 τοῦ
1660 1299 1836 1369 γράμσ

265 1420 440 1472 ματος
490 1400 967 1472 περιεπτυξάμην,
1032 1397 1246 1448 πάντων
1307 1392 1427 1461 ἐμοὶ
1497 1390 1835 1444 ποθεινότατι

277 1494 633 1560 Ῥουφινιανέ·
667 1489 820 1557 κάγὼ
850 1489 924 1551 δὲ,
954 1488 1028 1549 ὡς
1052 1484 1151 1555 υίῷ
1201 1483 1491 1551 δυνάμενος
1522 1481 1750 1551 γράφειν
1780 1478 1836 1531 ἐν

261 1600 325 1635 τε
353 1585 466 1645 τοῖς
642 1579 946 1652 προοιμίοις
997 1576 1091 1630 καὶ
1122 1576 1304 1646 μέσοις
1358 1572 1453 1625 atati.
1488 1570 1836 1652 τελευταίοις,

260 1672 517 1741 ἐπέσχον,
562 1673 647 1724 ἴνα
706 1671 778 1740 μὴ
829 1670 894 1720 ὲκ
924 1665 1259 1736 γραμμάτων
1309 1665 1341 1733 ή
1394 1662 1646 1723 σύστασις
1679 1659 1837 1729 καλή

1925 554 2046 608 quae
2072 541 2123 595 in
2151 543 2403 599 ultimum
2453 554 2766 603 sanctorum
2814 548 3183 618 apostolorum
3227 561 3491 604 canonem

1926 631 2125 702 scripta
2151 644 2291 689 sunt.

2050 915 2159 989 Μ
2178 921 2537 980 EPISTULA
2591 924 2685 977 AD
2724 922 3238 981 RUFINIANUM.

1993 1034 2220 1089 Domino
2253 1037 2383 1099 tilio,
2438 1045 2490 1091 et
2542 1036 2884 1104 optatissimo
2931 1037 3307 1092 comministro
3333 1036 3482 1091 Rufi-

1922 1125 2104 1187 niano,
2134 1126 2459 1180 Athanasius
2481 1126 2534 1179 in
2570 1125 2795 1180 Domino
2820 1126 3073 1181 salutem.

1991 1212 2071 1267 Tu
2099 1215 2312 1283 quidem
2345 1231 2464 1284 qua:
2487 1217 2743 1269 dilectum
2780 1216 2945 1268 lilium
2970 1216 3159 1269 decent
3178 1215 3243 1269 ad
3270 1214 3479 1270 Patrem

1922 1303 2151 1357 scribis:
2182 1312 2231 1357 te
2261 1306 2441 1373 itaque
2465 1306 2657 1359 litteris
2687 1306 3028 1359 accedentem
3067 1306 3172 1358 tuis
3200 1307 3482 1374 amplexus

1922 1409 2069 1458 sum,
2114 1395 2358 1449 omnium
2417 1396 2765 1450 dilectissime
2812 1396 2944 1448 mihi
2994 1395 3297 1449 Ruliniane.
3343 1396 3477 1451 Cum

1922 1494 2101 1537 autem
2160 1493 2213 1538 et
2257 1485 2311 1539 in
2368 1485 2633 1540 sermonis
2666 1486 2887 1540 exordio
2909 1495 2963 1540 et
3002 1486 3053 1539 in
3106 1486 3283 1540 medio
3332 1495 3384 1541 et
3427 1488 3478 1540 in

1923 1573 2047 1635 fine,
2084 1574 2200 1637 tibi,
2252 1577 2405 1643 quasi
2464 1576 2574 1628 ﬁlio
2629 1576 2866 1629 scribere
2925 1590 3179 1644 possem,
3237 1591 3322 1630 me
3368 1578 3483 1644 ipse

1923 1662 2162 1727 cohibui,
2193 1678 2259 1717 ne
2285 1680 2345 1719 ex
2375 1665 2568 1718 litteris
2594 1666 2991 1719 commendatio
3022 1676 3072 1719 et
3106 1666 3476 1719 testimonium

269 1763 545 1833 μαρτυρία
588 1760 936 1837 γνωρξζηται.
971 1758 1042 1809 Σὺ
1071 1756 1180 1826 γὰρ
1226 1755 1347 1825 ἐμοὶ
1400 1748 1835 1820 ὲπιστολὴ,κατέι

1923 1752 2097 1820 palam
2156 1754 2323 1805 fieret.
2372 1752 2450 1806 Tu
2504 1754 2647 1807 enim
2719 1754 2849 1807 mihi
2910 1769 2968 1809 es
3025 1755 3281 1821 epistola,
3340 1755 3483 1808 sicut

259 1853 327 1905 τὸ
352 1851 751 1922 γεγραμμένον,
810 1847 1275 1916 ὲπιγινωσκομένη
1334 1842 1428 1897 καὶ
1474 1843 1839 1909 ἀναγινωσκο-

265 1943 405 2013 μένη
430 1946 487 1995 ὲν
518 1940 732 2010 καρδία.
762 1938 917 1992 Οὕτω
937 1937 1115 1990 τοίνυν
1166 1936 1385 1987 πίστευε
1566 1929 1837 2000 διακείμε-

261 2032 491 2093 veg,ti
550 2030 791 2082 πίστευε.
842 2026 1239 2096 Προσαγορεύω
1297 2040 1355 2076 σε
1408 2023 1502 2077 καὶ
1545 2022 1836 2091 προτρέπω

259 2122 517 2189 γράψειν·
551 2121 610 2172 οὐ
644 2120 753 2189 γάρ
788 2118 1000 2184 ὀλίγως,
1058 2115 1191 2170 ἀλλὰ
1246 2112 1493 2191 μεγάλως
1530 2110 1836 2181 εὐφραίνεις

256 2210 423 2262 τοῦτο
449 2209 635 2262 ποιῶν.
813 2207 1029 2277 Ἐπειδὴ
1058 2206 1114 2257 δὲ
1166 2202 1467 2273 φιλοκάλως
1516 2200 1611 2252 καὶ
1636 2198 1836 2266 ἐκκλη-

265 2300 589 2361 σιαστικῶς,
618 2298 775 2352 τοῦτο
806 2299 914 2367 γὰρ
937 2297 1096 2349 πάλιν
1128 2295 1326 2364 πρέπει
1357 2296 1423 2363 τῇ
1457 2294 1520 2361 σῇ
1558 2289 1834 2359 εὐλαϐείᾳ,

259 2387 557 2457 ἠρώτησας
583 2385 841 2455 περὶτῶν
896 2385 963 2437 δι’
994 2383 1236 2452 ἀνάγκην
1297 2380 1671 2450 ὑποσυρέντων
1718 2378 1836 2447 μὲν,

265 2480 344 2549 μὴ
375 2468 685 2548 φθὲρέντων
730 2478 786 2529 δὲ
821 2478 877 2528 ὲν
905 2478 972 2546 τῇ
1019 2472 1365 2541 κακοπιστίᾳ,
1414 2472 1509 2524 καὶ
1561 2468 1833 2538 ἠθέλησας

246 2571 467 2641 ,γράψαι
510 2586 574 2639 με
608 2566 675 2622 τὲι
701 2568 924 2631 δόξαντα
952 2566 1080 2635 περὶ
1134 2562 1309 2617 αὐτῶν
1342 2564 1398 2615 ὲν
1437 2563 1557 2622 ταῖς
1604 2558 1839 2623 συνόδοις

260 2658 362 2710 καὶ
397 2655 664 2725 πανταχοῦ
697 2671 711 2686 ο
844 2654 1100 2719 γίνωσκε,
1138 2650 1311 2722 Κύριέ
1342 2666 1440 2718 μου
1473 2647 1836 2706 ποθεινότατε,

260 2750 348 2801 ὅτι
384 2748 442 2798 ὲν
468 2748 607 2816 ἀρχῇ
644 2746 762 2814 μὲν,
811 2742 1167 2811 παυσαμένης
1215 2739 1314 2808 τῆς
1358 2738 1644 2807 γινομένης
1698 2736 1838 2805 βίας,

258 2838 456 2905 γέγονε
490 2834 724 2896 σύνοδος,
758 2834 1035 2905 παρόντων
1066 2830 1173 2883 ἀπὸ
1202 2830 1307 2883 τῶν
1359 2828 1462 2893 ἔξω
1509 2825 1685 2896 μερῶν
1717 2825 1839 2876 ἑπι-

260 2926 505 2979 σκόπων-
535 2925 721 2992 γέγονε
742 2924 799 2976 δὲ
837 2923 931 2975 καὶ
963 2920 1115 2992 παρὰ
1139 2921 1252 2982 τοῖς
1279 2918 1376 2987 τὴν
1410 2916 1632 2969 Ἐλλάδα
1656 2930 1838 2967 κατοιο

262 2998 424 3065 mea:
461 3012 903 3081 συλλειτουργοῖς·
932 3009 1082 3062 οὐδὲν
1099 3008 1156 3059 δὲ
1176 3004 1334 3077 ἦττον
1366 3006 1583 3067 καὶτοῖς
1615 3004 1672 3055 ὲν
1694 3002 1840 3055 Σπα-

259 3106 357 3174 νίᾳ.
390 3106 480 3157 καὶ
509 3104 705 3175 Γαλλίᾳ
726 3122 737 3132 ·
778 3103 870 3157 καὶ
929 3102 1126 3172 ἧρεσεν
1258 3100 1393 3168 ὅπερ
1447 3090 1547 3149 ὧδε
1578 3093 1672 3147 καὶ
1705 3109 1839 3147 παν-

261 3191 434 3259 ταχοῦ
462 3225 477 3247 ς
572 3190 707 3244 ὥστε
728 3193 837 3252 τοῖς
867 3191 962 3261 μὲν
985 3187 1447 3242 κακαπεπτωκόσι
1478 3186 1570 3238 καὶ
1592 3187 1836 3253 προϊστα-

266 3282 453 3351 μένοις
483 3283 581 3350 τῆς
603 3281 857 3343 ἀσεϐείας
921 3277 1312 3346 συγγινώσκειν
1359 3275 1455 3343 μὲν
1498 3271 1835 3343 μετανοοῦσι,

268 3370 349 3439 μὴ
376 3370 571 3422 διδόναι
596 3370 651 3422 δὲ
675 3370 858 3430 αὐτοῖς
896 3369 1057 3419 τόπον
1108 3367 1327 3437 κλήρου·
1389 3365 1498 3427 τοῖς
1542 3363 1600 3415 δὲ
1633 3362 1706 3431 μὴ
1742 3362 1838 3415 αὺ-

264 3460 513 3514 θεντοῦσι
577 3461 674 3529 μὲν
741 3460 839 3528 τῆς
900 3457 1187 3519 ἀσεϐείας,
1249 3456 1607 3525 παρασυρεῖσι
1659 3453 1714 3505 δὲ
1772 3453 1867 3505 δι’·

263 3550 517 3619 ἀνάγκην
548 3550 641 3601 καὶ
669 3549 810 3618 βίαν,
864 3547 1007 3612 ἔδοξε
1051 3544 1282 3599 δίδοσθαι
1348 3543 1444 3615 μὲν
1490 3543 1835 3612 συγγνώμην,

263 3640 417 3709 ἔχειν
442 3640 496 3692 δὲ
520 3640 613 3691 καὶ
642 3640 733 3698 τὸν
756 3639 917 3691 τόπον
938 3635 1029 3688 τοῦ
1075 3635 1297 3705 κλήρου·
1329 3634 1561 3703 μάλιστα
1585 3632 1665 3685 ὅτι
1703 3632 1838 3685 ἀπο-

263 3729 459 3797 λογίαν
508 3728 738 3797 πιθανὴν
796 3724 1136 3795 ἐπορίσαντο,
1183 3725 1274 3777 καὶ
1313 3722 1457 3789 ἔδοξε
1508 3720 1663 3775 τοῦτό
1721 3737 1837 3784 πως

260 3818 627 3889 οἰκονομικῶς
657 3817 931 3886 γενέσθαι.
1094 3811 1552 3868 Διεϐεϐαιὼσαντο
1606 3814 1714 3883 γὰρ
1764 3813 1837 3883 μή

267 3908 711 3981 μεταϐεϐλῆσθαι
737 3907 816 3969 είς
848 3905 1120 3959 ἀσέϐειαν·
1152 3905 1237 3956 ἵνα
1276 3904 1331 3956 δὲ
1369 3904 1440 3973 μὴ
1477 3902 1839 3955 κατασταθὲν.-

262 4015 364 4061 τες
395 3997 537 4060 τινὲς
567 3995 915 4048 ἀσεϐέστατοι
958 3993 1310 4062 διαφθείρωσι
1352 3991 1450 4054 τὰς
1492 3992 1834 4061 Ἐκκλησίας,

264 4088 476 4141 εἴλοντο
513 4087 708 4156 μᾶλλον
744 4085 1067 4156 συνδραμεῖν
1125 4087 1189 4154 τῇ
1223 4084 1313 4153 βία
1343 4086 1435 4136 καὶ
1470 4083 1729 4152 βαστάσαι
1774 4085 1836 4137 τὸ

268 4181 458 4251 βάρος,
485 4179 515 4249 ἦ
542 4179 705 4240 λαοὺς
731 4177 1044 4231 ἀπολέσθαι,
1075 4175 1243 4228 Τοῦτο
1373 4174 1427 4227 δὲ
1451 4175 1696 4242 λέγοντες
1723 4175 1836 4228 ἔδο-

269 4268 372 4333 ξαν
406 4269 533 4337 ἡμῖν
559 4266 799 4328 πιθανῶς
828 4264 1024 4330 λέγειν’
1063 4263 1148 4315 διά
1183 4262 1242 4315 τὸ
1294 4262 1386 4314 καὶ
1413 4259 1835 4330 προφασίζεσθαι

264 4359 470 4419 αὐτοὺς
486 4359 573 4409 τὸν
616 4355 825 4421 Ἀαρὼν
850 4358 938 4407 τδν
989 4354 1080 4405 τοῦ
1127 4352 1400 4413 Μωῦσέως
1434 4350 1658 4418 ἀδελφὸν
1682 4353 1739 4404 ὲν
1766 4352 1831 4419 τῇ

270 4429 465 4498 ἐρήμῳ
491 4428 810 4496 συνδραμεῖν
841 4429 934 4497 μὲν
967 4430 1030 4496 τῇ
1062 4427 1154 4479 τοῦ
1183 4426 1308 4480 λαοῦ
1339 4429 1659 4497 παῳόάσει·
1691 4433 1827 4485 ἀπο-
1855 4420 1897 4476 Ῐ)

269 4516 463 4583 λογίαν
493 4516 548 4568 δὲ
581 4516 891 4585 ἐσχηκέναι,
918 4516 1002 4567 ῐνα
1031 4517 1104 4585 μὴ
1158 4518 1185 4569 ὁ
1234 4517 1357 4579 λαδς
1506 4516 1828 4584 ἐπιστρέψας

270 4604 356 4663 είς
390 4604 658 4668 Αἴγυπτον
712 4603 966 4673 empsim
1022 4606 1084 4672 τῇ
1132 4603 1555 4675 είδωλολατρείᾳ·
1605 4607 1696 4657 καὶ
1727 4607 1833 4675 γὰρ

271 4686 340 4759 ἢν
372 4690 431 4741 τὸ
466 4690 783 4758 φαινόμενον
808 4689 1044 4758 εὔλογον·
1075 4693 1153 4744 ὅτι
1191 4694 1437 4762 μένοντες
1463 4696 1519 4747 ὲν
1552 4696 1617 4763 τῇ
1646 4696 1833 4764 ἐρήμῳ

269 4774 523 4826 δύνανται
552 4774 859 4828 παύσασθαι
899 4777 995 4845 τῆς
1023 4778 1292 4841 ἀσεϐείας·
1317 4781 1642 4844 εἰσελθόντες
1672 4783 1727 4835 δὲ
1756 4785 1833 4845 εἰς

269 4862 563 4928 Αἴγυπτον,
623 4865 967 4934 ἐπετρίϐοντο
1027 4868 1119 4919 καὶ
1163 4868 1388 4937 ηὕξανον
1429 4873 1485 4923 ὲν
1622 4871 1831 4933 ἑαυτοῖς

268 4953 377 5021 τὴν
401 4954 672 5005 ἀσέϐειαν.
721 4954 935 5007 Τούτων
983 4956 1158 5008 τοίνυν
1211 4959 1371 5011 ἓνεκα
1414 4961 1749 5027 συγγνωστὸν
1770 4961 1833 5013 τὸ

269 5042 411 5111 πρὸς
442 5041 528 5094 τὸν
558 5044 756 5113 κλῆρον
782 5045 990 5112 γέγονε·
1019 5048 1128 5108 τοῖς
1153 5048 1208 5099 δὲ
1243 5049 1561 5117 ἁπατηθεῖσι
1595 5051 1686 5102 καὶ
1712 5050 1830 5119 βίαν

271 5130 505 5184 παθοῦσι
557 5133 853 5204 συγγνώμη
910 5133 1121 5188 δίδοται.
1170 5135 1352 5191 Ταῦτα
1526 5140 1618 5191 καὶ
1668 5142 1730 5209 τῇ
1765 5143 1827 5210 σῇ

268 5220 525 5292 εὐσεϐείᾳ
545 5222 706 5292 δηλῶ,
733 5222 969 5293 θαρρῶν,
1006 5224 1085 5276 ὃτι
1114 5225 1204 5277 καὶ
1236 5227 1301 5279 τὰ
1327 5226 1548 5291 δόξαντα
1577 5229 1831 5292 ἀποδέξε-

267 5310 368 5364 ται
399 5327 488 5363 σου
518 5314 551 5381 ἡ
580 5296 983 5371 θεοσέϐεια.καὶ
1014 5315 1073 5366 οὐ
1108 5316 1507 5383 καταγνώσεται
1531 5319 1831 5389 ἐκεχειρίας

267 5398 385 5451 τῶν
418 5400 774 5454 συνελθόντων
805 5400 993 5463 οὕτως.
1045 5404 1391 5469 Καταξίωσον
1442 5407 1498 5458 δὲ
1528 5408 1667 5460 αὐτά
1697 5409 1831 5478 ἀνατ

268 5489 474 5558 γνῶναι
508 5490 585 5560 τῷ
620 5492 869 5561 ἱερατείῳ
892 5494 981 5546 καὶ
1010 5494 1085 5563 τῷ
1116 5494 1227 5564 λαῷ
1264 5494 1341 5565 τῷ
1373 5497 1475 5551 ὑπὸ
1508 5498 1565 5550 σὲ
1594 5528 1615 5559 ,ι
1720 5499 1826 5563 ἴνα,

271 5578 370 5632 καὶ
396 5580 548 5631 αὐτοὶ
578 5579 952 5647 γινώσκοντες,
990 5582 1060 5651 μὴ
1095 5584 1411 5652 μέμφωνται
1441 5585 1580 5647 οὕτω
1611 5588 1667 5640 σὲ
1723 5589 1832 5641 δια-

270 5665 521 5733 κείμενον
548 5669 673 5738 περὶ
702 5670 825 5732 τοὺς
854 5670 1138 5735 τοιούτους.
1188 5673 1454 5738 Ἀποεπὲς
1501 5675 1604 5744 γάρ
1633 5672 1695 5746 ἦν
1732 5678 1827 5746 ἐμὲ

1921 1840 2181 1909 scriptum
2216 1850 2299 1895 est
2327 1842 2391 1905 ⁸³,
2424 1844 2603 1909 agnita
2631 1844 2872 1911 lectaque
2904 1845 2956 1896 in
2991 1845 3171 1898 corde.
3204 1842 3293 1897 Sic
3317 1844 3479 1913 igitur

1923 1931 2147 1992 Credite,
2183 1940 2235 1985 et
2289 1931 2359 1984 ita
2414 1933 2634 1986 allectus
2663 1941 2803 1994 esto,
2858 1932 3017 1986 etiam
3044 1933 3266 1987 credito.
3294 1933 3480 1987 Saluto

1920 2028 1995 2086 te,
2028 2030 2169 2075 etut
2216 2022 2482 2076 rescribas
2536 2023 2753 2089 hortor;
2805 2038 2914 2077 non
2964 2037 3153 2090 parum
3178 2024 3343 2085 enim,
3384 2022 3477 2075 sed

1922 2122 2263 2176 summopere
2320 2124 2424 2173 me,
2504 2112 2574 2164 ita
2618 2111 2844 2179 agendo,
2895 2111 3147 2165 delectas.
3208 2109 3476 2175 Quoniam

1922 2208 2101 2253 autem
2130 2199 2369 2254 studiose
2394 2208 2447 2253 et
2491 2200 2875 2264 ccelesiastice,
2926 2208 2987 2254 ut
3025 2200 3206 2269 pietati
3230 2201 3477 2255 convenit

1922 2296 2051 2351 tim,
2113 2288 2456 2359 interrogasti
2513 2290 2579 2344 de
2613 2290 2679 2344 iis
2713 2290 2806 2359 qui
2854 2290 2904 2343 vi
2952 2292 3169 2360 quidem
3199 2290 3478 2355 subducti,

1923 2378 2055 2446 lapsi
2095 2388 2239 2440 sunt,
2267 2396 2361 2445 nec
2400 2390 2575 2435 tamen
2596 2396 2761 2450 prava
2804 2381 2907 2435 fide
2965 2382 3246 2449 corrupti:
3282 2390 3337 2435 et
3385 2396 3480 2436 vo-

1922 2468 2069 2523 luisti
2098 2484 2184 2524 me
2216 2472 2534 2535 rescribere,
2568 2488 2688 2541 qua:
2711 2474 2775 2526 de
2809 2472 2937 2536 illis,
2968 2488 3090 2527 cum
3124 2473 3176 2525 in
3231 2473 3473 2541 synodis.

1922 2570 2032 2615 tum
2063 2561 2258 2629 ubique
2283 2564 2415 2618 alias
2483 2565 2696 2618 decreta
2748 2574 2906 2629 sunt;
2964 2565 3101 2619 scito
3150 2563 3373 2617 Domine
3402 2566 3473 2617 mi

1921 2650 2288 2717 Optatissitne,
2355 2654 2407 2705 in
2482 2652 2749 2721 principio
2797 2652 3014 2721 quidem
3067 2667 3190 2705 cum
3247 2653 3329 2706 vis
3386 2652 3475 2705 illa

1921 2740 2187 2804 desiisset,
2222 2751 2460 2797 coactam
2500 2742 2766 2813 synodum
2817 2742 2986 2797 fuisse
3032 2741 3164 2811 (99),
3199 2740 3478 2809 praesenti-

1921 2829 2025 2883 bus
2055 2841 2358 2885 exterarum
2384 2832 2616 2899 partium
2650 2832 2920 2900 episcopis
2954 2850 2967 2885 :
2997 2833 3320 2884 celebratam
3347 2832 3473 2883 item

1920 2921 2081 2975 aliam
2116 2920 2279 2975 fuisse
2312 2922 2449 2989 apud
2483 2920 2699 2975 Crtecite
2746 2921 3168 2981 connninislros,
3200 2921 3476 2990 nihiloque

1921 3009 2098 3064 accitis
2124 3009 2257 3078 apud
2288 3010 2406 3063 illos
2445 3011 2537 3078 qui
2592 3011 2644 3063 in
2687 3008 2943 3079 Hispania
3002 3019 3056 3063 et
3086 3010 3138 3062 in
3184 3009 3355 3064 Gallia
3382 3011 3477 3064 de-

1922 3107 2053 3167 gunt
2091 3119 2101 3153 :
2160 3110 2317 3167 atque
2352 3101 2582 3169 idipsum
2619 3100 2703 3155 hic
2734 3108 2786 3153 et
2830 3100 3029 3168 ubique
3063 3098 3349 3167 placuisse,
3391 3101 3477 3153 ni-

1923 3187 2117 3240 tnirutn
2149 3198 2202 3241 ut
2254 3188 2319 3241 iis
2372 3188 2462 3256 qui
2496 3187 2628 3257 lapsi
2659 3196 2803 3246 sunt,
2859 3185 2905 3240 si
2948 3184 3237 3252 impietatis
3275 3182 3475 3238 fuerint

1920 3275 2176 3345 praefecti,
2208 3278 2359 3329 venia
2392 3278 2741 3340 concedatur,
2783 3275 2829 3329 si
2883 3275 3099 3343 quidem
3134 3274 3471 3342 resipiscam,

1923 3381 2021 3419 nec
2044 3366 2198 3419 detur
2226 3372 2405 3419 tamen
2467 3366 2520 3419 in
2557 3365 2702 3420 clero
2733 3365 2885 3419 locus
2923 3383 2937 3425 ;
2970 3365 3035 3417 iis
3072 3378 3197 3417 vero
3231 3364 3324 3432 qui
3373 3364 3474 3417 im-

1923 3459 2104 3526 pietati
2142 3457 2460 3526 patrocinati
2486 3473 2591 3510 non
2627 3466 2776 3518 sunt,
2806 3456 2897 3511 sed
2929 3455 3242 3508 necessitate
3271 3469 3333 3508 ac
3359 3454 3475 3508 vio-

1923 3544 2084 3598 lentia
2121 3546 2273 3599 tracti
2312 3544 2479 3608 fuere,
2515 3545 2786 3599 decretum
2832 3554 2934 3607 est,
2969 3552 3029 3597 ut
3054 3553 3107 3597 et
3139 3546 3293 3598 venia
3347 3559 3475 3598 con-

1921 3639 2163 3699 cedatur,
2186 3643 2237 3689 et
2266 3633 2318 3689 in
2351 3636 2495 3689 clero
2520 3635 2675 3690 detur
2704 3635 2889 3697 locus;
2954 3634 3297 3702 potissimum
3348 3635 3475 3704 quia

1922 3731 2339 3778 consentaneam
2386 3724 2683 3779 attulerunt
2737 3722 3164 3785 excusationem,
3232 3733 3285 3778 et
3331 3728 3475 3794 quod

1921 3814 2219 3867 oeconomia
2255 3814 2487 3882 quadam
2517 3814 2569 3867 id
2602 3813 2802 3868 factum
2846 3815 3107 3870 videatur.
3129 3813 3478 3868 Aliirmabant

1921 3901 2116 3967 quippe
2139 3915 2195 3955 se
2221 3901 2445 3956 minime
2474 3902 2526 3955 in
2557 3902 2885 3971 impietatem
2918 3902 3098 3972 lapsos
3147 3901 3314 3957 fuisse
3344 3921 3354 3956 :
3383 3903 3474 3956 sed

1922 4003 1988 4042 ne
2034 3988 2342 4057 impiissimi
2392 3991 2613 4061 quidam
2670 3992 2915 4048 homines
2982 3992 3046 4046 ad
3102 3993 3474 4060 episcopatum

1919 4077 2109 4142 evecti,
2139 4075 2411 4132 Ecclesias
2471 4090 2897 4147 corrumperent,
2950 4094 3008 4134 se
3056 4081 3311 4134 maluisse
3353 4095 3475 4133 cum

1920 4165 2171 4221 violentia
2228 4183 2580 4232 concurrere,
2635 4178 2687 4222 et
2754 4168 2807 4223 id
2863 4170 3043 4224 oneris
3100 4168 3261 4231 ferre,
3315 4185 3476 4239 quam

1918 4256 2148 4323 populos
2178 4257 2419 4325 perdere.
2475 4255 2601 4312 llaec
2657 4257 2732 4310 illi
2774 4259 2930 4311 verba
2966 4273 3073 4312 non
3100 4259 3197 4313 ahs
3222 4275 3278 4313 re
3331 4259 3477 4328 loqui

1919 4344 2077 4398 nobis
2102 4345 2201 4398 visi
2244 4356 2370 4400 sunt
2403 4365 2415 4401 :
2476 4349 2622 4418 quod
2681 4350 2915 4404 maxime
2947 4350 3047 4418 ipsi
3095 4351 3146 4402 in
3175 4351 3477 4419 exemplum

1924 4430 2193 4497 afferrent,
2228 4434 2514 4498 Aaronem,
2540 4430 2737 4499 Moysis
2766 4431 3005 4494 fratrem,
3046 4432 3096 4485 in
3128 4433 3339 4483 deserto
3382 4444 3478 4499 po-

1935 4522 2042 4589 puli
2069 4523 2490 4590 pratvaricationi
2518 4522 2861 4577 concurrisse
2985 4535 3000 4573 :
3135 4520 3274 4573 hanc
3300 4530 3475 4572 tamen

1932 4613 2334 4665 excusationem
2396 4611 2672 4674 habuisse,
2745 4627 2812 4665 ne
2876 4610 3109 4681 populus
3162 4609 3364 4664 scilicet
3425 4610 3478 4661 in

1932 4699 2219 4771 {Egyptum
2245 4715 2493 4756 reversus
2524 4701 2576 4754 in
2604 4700 2897 4755 idololatria
2934 4707 3269 4769 permaneret
3304 4718 3317 4753 :
3355 4713 3479 4752 nam

1932 4791 1981 4844 id
2018 4790 2210 4844 rationi
2236 4798 2378 4844 certe
2411 4800 2832 4845 consentaneum
2872 4789 3183 4852 videbatur;
3214 4788 3478 4857 siquidem

1930 4875 1984 4927 in
2018 4877 2231 4928 deserto
2282 4870 2605 4940 'manentes,
2673 4883 2923 4943 poterant
2978 4875 3268 4944 impietatis
3318 4877 3478 4928 linem

1931 4962 2122 5026 facere,
2148 4962 2229 5016 sin
2262 4971 2438 5017 autem
2469 4963 2520 5016 in
2558 4962 2846 5033 Egyptum
2898 4963 3121 5030 ingressi
3145 4960 3390 5023 fuissent,
3423 4961 3478 5014 in

1932 5055 2199 5122 impietate
2237 5053 2431 5105 versati
2458 5053 2708 5121 auctique
2742 5052 2991 5106 fuissent.
3049 5051 3381 5120 Quapropter
3408 5052 3477 5104 ad

1928 5142 2129 5195 clerum
2162 5140 2364 5193 reditus
2388 5140 2491 5193 illis
2515 5154 2803 5194 concessus
2828 5148 2945 5203 est;
2992 5139 3059 5194 iis
3102 5140 3245 5193 enim
3271 5140 3362 5208 qui
3390 5142 3480 5193 de-

1927 5230 2063 5298 cepti
2098 5239 2148 5284 et
2175 5229 2281 5282 vim
2315 5228 2460 5297 passi
2518 5240 2643 5283 sunt
2703 5230 2859 5284 venia
2900 5228 3059 5283 facile
3118 5231 3298 5283 datur.
3354 5227 3479 5284 Hac

1929 5329 2031 5373 tuae
2053 5333 2266 5387 quoque
2306 5319 2491 5386 pietati
2531 5318 2800 5389 significo,
2833 5319 3135 5382 confidens,
3169 5328 3314 5374 tuam
3352 5321 3480 5374 reli-

1927 5410 2136 5478 gionem
2169 5425 2287 5478 quae
2322 5410 2535 5464 decreta
2583 5419 2710 5465 sunt
2743 5420 3136 5479 suscepturam,
3165 5427 3263 5466 nec
3286 5410 3481 5465 lenita-

1930 5513 2031 5555 tem
2059 5518 2242 5556 eorum
2278 5504 2368 5571 qni
2393 5518 2691 5558 convenere
2716 5504 3116 5559 damnaturam.
3156 5503 3277 5560 Haec
3302 5504 3479 5575 legere

1926 5592 2163 5660 digneris
2185 5592 2353 5645 sacris
2385 5592 2647 5647 ministris
2695 5601 2745 5645 et
2780 5593 3099 5664 populo-qui
3135 5595 3230 5649 tibi
3260 5595 3475 5659 subest;

1929 5690 1985 5733 ut
2017 5689 2066 5733 et
2094 5682 2190 5749 ipsi
2220 5681 2300 5735 his
2332 5682 2639 5751 compertis,
2675 5690 2725 5737 te
2779 5684 2920 5738 circa
2958 5685 3076 5739 illos
3120 5684 3189 5739 ita
3229 5684 3475 5740 affectum
