3998 6326
616 289 715 352 567

1827 295 2096 357 THEUD.
2130 299 2357 361 BALSA
2368 299 2525 359 MON

3729 321 3824 382 568

612 412 715 452 non
745 413 1053 473 coarguant.
1095 405 1204 460 Abs
1227 420 1284 460 re
1310 409 1452 461 enim
1479 416 1619 463 esset
1646 425 1733 463 me
1753 411 2003 474 scribere,
2026 426 2132 464 cun

2284 410 2526 503 γράφειν,
2555 412 2852 487 δυναμένης
2882 419 2978 489 τῆς
3010 424 3106 493 σῆς
3126 425 3403 491 εὐλαϐείας
3438 432 3527 482 καί
3553 434 3649 502 τὴν

610 500 697 547 tua
726 494 895 563 pietas
929 495 1119 562 possit,
1155 506 1207 551 et
1259 506 1501 552 nostrum
1548 514 1674 567 erga
1723 501 1844 553 illos
1901 499 2148 553 affectum

608 585 872 644 mmtiare,
902 596 951 638 et
982 588 1161 640 omnia
1185 602 1303 654 qum
1331 586 1525 642 desunt
1578 590 1816 657 implere.
1849 589 2028 644 Gratia
2053 590 2150 643 Do-

608 674 775 736 mino,
808 676 897 743 qui
925 675 1160 744 implevit
1185 687 1233 730 te
1261 680 1407 731 omni
1438 679 1602 733 verbo
1625 690 1677 733 et
1721 681 1865 734 omni
1903 682 2144 735 scicntia.

606 764 706 829 Qui
737 765 916 832 itaque
952 768 1319 833 paenitentiam
1360 776 1544 837 agunt,
1596 771 1939 823 anathemate
1997 772 2148 825 dam-

608 861 753 912 nent,
781 867 1033 920 expresso
1066 854 1305 919 nomine,
1352 872 1571 923 pravam
1622 856 1811 911 Euzoii
1840 868 1892 911 et
1922 858 2146 913 Eudoxii

605 941 923 995 doctrinam.
954 942 1031 995 illi
1080 944 1222 997 enim
1273 946 1487 1001 Ariante
1520 948 1787 1002 haereseos
1830 952 2062 1018 patroni,
2090 951 2144 1002 ir.

604 1030 879 1084 ChriStum
944 1032 1376 1101 hlasphcmantes
1451 1046 1753 1089 creaturam
1837 1053 1960 1091 cum
2029 1053 2146 1093 esse

605 1121 959 1187 scripserunt.
1006 1122 1371 1176 Conﬁtcantur
1422 1141 1634 1194 quoque
1691 1127 1846 1180 fidem
1899 1126 2145 1182 Nicaea

606 1207 851 1263 Patrihus
899 1211 1255 1277 declaratam,
1314 1222 1367 1266 et
1415 1215 1617 1267 nullam
1674 1216 1832 1268 aliam
1883 1218 2147 1285 synodum

605 1298 729 1351 huic
795 1310 1137 1369 anteponant.
1212 1300 1397 1355 Saluta
1470 1302 1663 1359 fratres
1719 1307 1809 1374 qui
1890 1306 2029 1374 apud
2094 1316 2147 1360 te

604 1398 759 1450 sunt;
809 1390 901 1457 qui
964 1391 1104 1460 apud
1154 1407 1239 1446 me
1288 1393 1506 1463 degunt,
1563 1404 1613 1450 te
1664 1395 1717 1449 in
1780 1395 2006 1451 Domino
2056 1411 2147 1452 sa-

602 1477 867 1611 lmlaixtlsS.
900 1555 977 1611 De
1010 1556 1099 1621 iis,
1132 1560 1221 1626 qui
1241 1558 1409 1615 idolis
1458 1561 1734 1618 immolata
1783 1567 2157 1629 comederunt.

604 1659 653 1700 et
680 1650 769 1716 qui
806 1650 962 1704 idolis
1004 1652 1396 1719 sacriﬁcarunt,
1437 1663 1673 1727 synodus
1724 1658 2073 1729 Gangrensis,
2105 1673 2157 1717 et

603 1738 773 1789 sancti
802 1736 941 1791 Petri
972 1740 1362 1811 archiepiscopi
1416 1744 1783 1813 Alexandrini,
1808 1759 1861 1804 et
1884 1752 2154 1821 martyris,

584 1842 835 1883 .eanones
866 1828 972 1899 45
1008 1831 1175 1886 fusius
1210 1842 1462 1891 tractant.
1492 1835 1736 1893 Praesens
1768 1851 1951 1895 autem
1986 1845 2154 1896 sancti

600 1918 877 1974 Athanasii
924 1922 1147 1989 cpistola
1210 1934 1402 1980 tractat
1462 1930 1527 1982 de
1593 1930 1679 1994 iis,
1733 1933 1824 1999 qui
1891 1932 2156 1987 haereticis

600 2013 1136 2079 communicarunt,et
1163 2018 1229 2071 ad
1255 2018 1547 2075 Ecclesiam
1585 2022 1863 2077 accedunt.
1890 2025 1966 2077 Ad
1991 2023 2155 2077 fium-

600 2098 816 2152 nianum
851 2101 1015 2166 enim,
1046 2103 1136 2170 qui
1188 2103 1334 2158 illum
1390 2107 1833 2176 interrogaverat,
1883 2112 2151 2178 scribens,

595 2203 817 2247 sanctus
847 2198 945 2258 ait,
975 2198 1143 2264 quod,
1168 2200 1261 2267 qui
1297 2200 1432 2270 lapsi
1457 2211 1584 2257 sunt
1606 2212 1659 2258 et
1696 2205 1962 2263 haereticis
2005 2222 2153 2261 com-

597 2286 945 2339 nnmicarunt
970 2296 1024 2340 et
1070 2289 1364 2357 impietatis
1389 2295 1669 2362 praesides,
1695 2306 1747 2351 et
1773 2300 1985 2367 patroni
2034 2298 2151 2353 fue-

596 2385 745 2441 runt,
782 2378 847 2429 ad
875 2381 1242 2447 paenitentiam
1271 2384 1486 2452 quidem
1528 2388 1926 2444 admittuntur:
1959 2390 2005 2445 si
2055 2406 2153 2443 au-

595 2478 698 2521 tem
730 2471 836 2523 sint
869 2473 1071 2539 clerici,
1098 2476 1180 2530 vel
1217 2478 1349 2532 alias
1389 2480 1441 2533 in
1486 2482 1656 2536 sacris
1709 2484 2009 2550 ordinibus,
2060 2499 2150 2541 sa-

588 2560 834 2615 cerdotio
863 2564 1006 2630 digni
1037 2580 1140 2619 non
1173 2568 1458 2625 hahentur.
1510 2571 1611 2637 Qui
1649 2582 1825 2630 autem
1858 2575 2149 2643 impietatis

593 2666 697 2705 non
740 2653 936 2709 fuerint
989 2668 1258 2723 auctores,
1304 2676 1396 2716 seu
1444 2664 1534 2733 qui
1580 2681 1675 2721 sua
1734 2669 2052 2725 auctoritate
2094 2682 2147 2725 et

591 2737 863 2794 voluntate
896 2756 1017 2797 cum
1056 2746 1325 2802 haereticis
1354 2764 1461 2803 non
1492 2758 2023 2823 communicaveriut,
2052 2762 2145 2813 sed

589 2842 617 2877 ιι
643 2829 841 2895 pietate
876 2831 944 2885 ad
982 2833 1307 2903 impietatem
1350 2841 1401 2893 vi
1448 2844 1602 2897 tracti
1646 2844 1879 2911 fuerint;
1938 2849 1984 2901 si
2037 2848 2146 2904 sint

585 2921 799 2987 quidem
832 2923 1036 2992 clerici,
1069 2936 1119 2980 et
1158 2931 1309 2983 venia
1352 2932 1497 3003 digni
1525 2934 1807 3003 habentur,
1857 2946 1910 2992 et
1934 2955 1962 2993 a
1997 2940 2145 2995 clero

2281 501 2403 566 περὶ
2431 502 2622 566 αὐτοὺς
2639 506 2872 562 διάθεσιν
2898 512 3245 580 ἀπαγγεῖλαι,
3273 520 3364 572 καί
3420 524 3591 575 πάντα
3630 501 3827 579 τά-λεε-

2279 607 2445 687 ποντα
2505 595 2920 670 ἀποπληρῶσαι.
2975 604 3149 673 Χάρις
3198 608 3273 676 τῷ
3325 612 3511 681 Κυρίῳ
3558 614 3637 683 τῷ
3689 617 3825 687 πλη-

2279 679 2509 775 ροῦσαντί
2538 701 2596 737 σε
2628 687 2684 739 ὲν
2723 693 2883 743 παντί⁵
2906 692 3046 763 λόγῳ
3085 698 3179 749 καὶ
3209 699 3355 771 πάσῃ
3389 679 3618 768 γνώσει.-
3638 707 3697 757 Ol
3731 679 3829 775 μέν

2275 768 2367 823 οῦν
2391 775 2769 841 μετανοοῦντες
2801 783 3044 852 φανερῶς
3073 768 3607 857 ἀναθεματιξέτωσαν
3634 768 3827 860 ὀνομα-

2275 858 2454 923 ζοντες
2484 864 2729 930 Εύδοξίου
2766 869 2857 920 καὶ
2885 871 3120 935 Εὺζωῖου
3145 875 3241 947 τὴν
3266 882 3601 946 κακοδοξίαν.

2272 949 2354 1001 τοὶ
2375 952 2481 1020 γὰρ
2505 953 2683 1007 λοιπὸν
2719 956 3155 1028 βλασφημοῦντες
3180 994 3202 1026 ,-
3257 967 3415 1018 αὑτὸν
3467 972 3667 1039 κτίσμα
3723 975 3827 1025 ἀπ-

2272 1040 2579 1133 εγράψαντο
2619 1046 2715 1114 τῆς
2751 1050 3023 1119 Ἀρειανῆς
3050 1053 3309 1122 αἱρέσεως
3328 1062 3637 1127 προστάται,
3670 1064 3826 1133 Ὁμο-

2275 1127 2595 1196 λογεὶτωσαν
2645 1134 2699 1187 δὲ
2748 1138 2843 1206 τὴν
2899 1140 2955 1190 ὲν
2977 1140 3177 1212 Νικαίᾳ
3230 1145 3377 1215 παρά
3425 1147 3525 1199 τῶν
3559 1127 3825 1221 Πατέρων

2269 1220 2680 1288 ὁμολογηθεῖσαν
2713 1226 2907 1288 πίστιν,
2961 1230 3053 1281 καὶ
3113 1232 3373 1300 μηδεμίαν
3418 1236 3579 1306 ἀλλην
3609 1220 3823 1294 σύνοδον

2271 1311 2578 1379 προκρίνειν
2605 1313 2802 1382 ταύτης
2828 1317 2923 1384 τῆς
2958 1320 3189 1373 συνόδου.
3243 1323 3505 1391 Πρόσειπε
3538 1328 3633 1397 τὴν
3663 1333 3813 1398 παρά

2273 1396 2353 1447 col.
2399 1398 2753 1469 ἀδελφότητα·
2802 1402 2861 1454 σὲ
2906 1405 2939 1471 ὴ
2982 1406 3077 1457 σὺν
3129 1408 3257 1477 ἡμῖν
3302 1411 3359 1461 ὲν
3410 1412 3595 1483 Κυρίῳ
3642 1396 3819 1484 προσ-

2270 1485 2535 1554 αγορεύει.

2339 1575 2534 1631 ΒΛΛΣ.
2564 1580 2696 1648 Περὶ
2728 1582 2835 1634 τῶν
2864 1583 3187 1638 εἰδωλόθυτα
3238 1586 3539 1652 φαγόντων,
3573 1588 3669 1639 καὶ
3694 1588 3824 1655 περὶ

2264 1664 2370 1717 τῶν
2396 1667 2672 1722 θυσάντων
2702 1675 2812 1733 τοῖς
2858 1674 3115 1738 είδὼλοις,
3153 1678 3186 1744 ἡ
3238 1678 3302 1747 ὲν
3329 1677 3558 1746 Γάγγρᾳ
3603 1677 3824 1739 σύνοδεος

2262 1758 2352 1808 καὶ
2410 1760 2457 1809 οἰ
2506 1762 2727 1824 κανόνες
2774 1764 2868 1815 τοῦ
2904 1765 3056 1831 ἁγίου
3113 1767 3321 1836 Πέτρου
3381 1770 3822 1839 ἀρχιεπισκὸπου

2272 1848 2674 1919 Ἀλεξανδρείας
2702 1855 2795 1905 καὶ
2828 1856 3102 1925 μάρτυρος
3132 1857 3466 1927 πλατύτερον
3506 1859 3821 1927 διαλαμϐά-

2257 1956 2457 1993 νουσιν.
2493 1939 2558 1994 Ἦ
2596 1944 2651 1996 δὲ
2683 1946 2930 2013 παροῦσα
2971 1949 3225 2019 ἐπιστολὴ
3263 1950 3357 2003 τοῦ
3389 1951 3550 2016 ἁγίου
3582 1952 3820 2006 Ἀθανα-

2258 2030 2376 2082 σίου
2406 2031 2760 2102 διαλαμϐάνει
2784 2038 2911 2105 περὶ
2939 2036 3045 2090 τῶν
3088 2042 3639 2109 συγκοινωνησάντων
3673 2044 3825 2110 αἰρε-

2254 2125 2444 2189 τικοίς,
2476 2125 2568 2177 καὶ
2624 2129 3074 2197 προσερχομένων
3101 2133 3166 2198 τῇ
3196 2131 3511 2201 Ἐκκλησία.
3542 2134 3680 2201 Φησῖ
3707 2134 3817 2205 γὰρ

2254 2214 2283 2264 ό
2315 2214 2470 2281 ἅγιος
2500 2216 2830 2269 ἐπιστέλλων
2858 2218 2990 2288 πρὸς
3018 2219 3821 2291 τὸν-ἐρωτήσανταῬουφιανὶν

2253 2304 2334 2357 ὅτι
2364 2305 2413 2357 οἰ
2464 2306 2537 2376 μὴ
2571 2311 3075 2375 παραπεπτωκότες
3108 2313 3201 2364 καὶ
3229 2313 3659 2380 κοινωνήσαντες
3705 2318 3819 2375 τοῖς

2252 2394 2571 2461 αἰρετικοῖς,
2620 2397 2711 2447 καὶ
2747 2398 3046 2466 προστάται
3090 2400 3183 2451 καὶ
3217 2400 3505 2467 συνήγοροι
3537 2401 3638 2468 τῆς
3681 2404 3817 2454 ἀσε-

2250 2483 2402 2545 ϐείας
2426 2487 2727 2555 γενόμενοι,
2761 2489 2841 2550 εἰς
2874 2489 3164 2558 μετάνοιαν
3196 2490 3293 2559 μὲν
3322 2491 3586 2560 δέχονται,
3619 2493 3818 2561 κληρι-

2249 2576 2334 2628 κοὶ
2362 2576 2417 2629 δὲ
2444 2577 2652 2645 ὄντεςῆ
2695 2578 2865 2638 ἄλλως
2916 2581 3197 2648 ἰερωμένοι
3231 2582 3328 2648 τῆς
3371 2581 3673 2649 ἱερωσύνης
3716 2583 3819 2635 οὐκ

2248 2667 2542 2733 ἀξιοῦνται.
2592 2668 2655 2722 Οἱ
2703 2668 2775 2739 μὴ
2798 2669 3179 2733 αὑθεντοῦντες
3228 2673 3366 2740 ὑπὲρ
3401 2673 3500 2740 τῆς
3530 2673 3816 2738 ἀσεϐείας,

2246 2758 2412 2826 ἧγουν
2440 2758 2511 2828 μὴ
2551 2760 2689 2813 κατά
2716 2760 3000 2813 αὑθεντίαν
3026 2763 3118 2813 καὶ
3145 2763 3285 2814 κατὰ
3312 2763 3558 2816 ἑκούσιον
3583 2763 3816 2832 γνώμην

2246 2852 2665 2919 κοινωνήσαντες
2698 2852 2808 2913 τοῖς
2831 2853 3145 2921 αἰρετικοῖς,
3185 2854 3318 2906 ἀλλά
3350 2854 3539 2920 βιαίως
3576 2854 3810 2920 ἐξελκυ-

2247 2939 2459 3003 σθέντες
2488 2941 2594 2993 ἀπὸ
2622 2944 2717 3010 τῆς
2768 2942 3054 3005 εὐσεϐείας
3096 2944 3177 3005 εἰς
3226 2943 3500 3004 ἀσέϐειαν,
3550 2944 3814 3015 κληρικοὶ

585 3026 687 3064 non
720 3014 1094 3086 abalienemur
1138 3036 1152 3072 :
1181 3035 1355 3089 eoque
1386 3028 1575 3095 magis,
1612 3029 1752 3095 quod
1801 3039 2053 3084 asserunt
2085 3045 2132 3083 se

2245 3030 2415 3094 ὄντες,
2475 3033 2801 3102 συγγνώμης
2834 3032 3128 3097 ἀξιοῦνται,
3180 3034 3274 3086 καὶ
3321 3034 3415 3086 τοῦ
3465 3014 3669 3103 κλήρου
3712 3036 3815 3085 οὐκ

582 3102 648 3154 ad
676 3102 1000 3172 impietatem
1044 3125 1149 3163 non
1182 3112 1349 3168 fuisse
1383 3116 1688 3182 traductos,
1724 3132 1817 3173 seu
1859 3120 2137 3174 haeretico-

582 3204 699 3242 rum
738 3195 1014 3250 sententiae
1067 3212 1171 3251 non
1222 3198 1388 3256 fuisse
1432 3217 1705 3267 assensos.
1760 3208 1854 3261 sed
1906 3210 2134 3275 quodam

578 3283 801 3337 consilio
830 3286 908 3340 eis
937 3292 1385 3359 communicasse,
1421 3310 1486 3349 ne
1525 3298 1591 3351 iis
1645 3297 1712 3352 ab
1748 3299 1993 3354 ecclesiis
2043 3315 2135 3355 ex-

576 3374 764 3443 pulsis,
812 3380 899 3433 alii
932 3381 1082 3450 impii
1114 3384 1166 3439 in
1196 3399 1383 3441 eorum
1418 3387 1593 3444 locum
1637 3390 2131 3456 introducerentur,

572 3476 626 3520 et
657 3472 910 3538 pupulum
962 3476 1315 3531 orthodoxnm
1362 3490 1787 3549 corrumperent.
1846 3482 1957 3539 Visi
2006 3494 2134 3539 sunt

576 3558 754 3624 igitur,
789 3562 988 3631 inquit,
1014 3565 1127 3619 haec
1165 3567 1349 3623 dicere
1368 3570 1739 3637 probabiliter,
1777 3574 1954 3627 Aaron
1988 3589 2123 3642 quo-

574 3666 676 3718 que
710 3654 952 3721 exemplo
982 3665 1213 3712 utentes.
1264 3658 1354 3713 ille
1405 3664 1569 3723 enim,
1612 3679 1751 3735 cum
1813 3664 2021 3736 Moyses
2071 3667 2124 3720 in

572 3750 753 3795 monte
778 3744 975 3800 diutius
1006 3757 1152 3802 esset
1182 3761 1444 3816 moratus,
1487 3762 1539 3806 et
1568 3755 1917 3811 Hehrmornm
1957 3773 2126 3827 popu-

571 3832 653 3887 lus
680 3834 807 3888 deos
842 3847 1125 3905 quaereret,
1167 3844 1332 3896 cessit
1362 3859 1545 3897 eorum
1591 3849 2048 3914 prmvaricationi,
2072 3861 2126 3905 et

568 3924 778 3977 t'usilcm
808 3926 1028 3980 vitulum
1063 3931 1109 3983 ei
1151 3931 1266 3986 fieri
1306 3936 1567 4002 permisit.
1607 3934 1719 3991 Hoc
1761 3949 1937 3993 autem
1977 3940 2120 4006 fecit,

565 4028 631 4066 ne
677 4031 924 4071 reversus
968 4019 1021 4072 in
1076 4020 1366 4091 )EgypIum
1421 4026 1649 4096 populus
1702 4027 1755 4081 in
1804 4028 2117 4099 Egyptiaca

562 4104 859 4160 idololatria
888 4122 1247 4176 permaneret,
1274 4126 1547 4182 reputans,
1576 4118 1740 4187 quod,
1784 4133 1905 4171 cum
1935 4120 2045 4174 sint
2069 4124 2118 4176 in

558 4198 790 4260 deserto,
832 4208 1085 4264 poterunt
1131 4205 1197 4257 ab
1225 4205 1496 4273 impietate
1544 4208 1799 4263 desistere
1833 4227 1847 4265 :
1882 4213 1972 4264 sed
1990 4213 2033 4266 si
2063 4212 2117 4266 in

559 4286 1035 4356 1E3yptofuerint,
1066 4297 1413 4365 cruntmagis
1440 4297 1606 4364 impii,
1642 4314 1816 4355 mores
1840 4300 2117 4372 Aigyptio-

556 4395 674 4432 rum
711 4392 1016 4449 sequentes.
1052 4385 1129 4439 Ac
1162 4387 1227 4440 de
1260 4387 1326 4441 iis
1359 4389 1594 4455 quidem,
1630 4392 1719 4458 qui
1752 4407 1938 4448 sacros
1971 4395 2115 4447 ordi-

555 4486 650 4522 nes
679 4484 1042 4538 sumpscrunt,
1090 4477 1200 4529 haec
1234 4479 1382 4533 dicit.
1418 4478 1663 4548 Deceptis
1688 4493 1888 4548 autem,
1921 4494 1974 4537 et
2007 4486 2111 4537 vim

552 4563 729 4627 passis
754 4563 905 4619 laicis
938 4566 1094 4620 venia
1127 4568 1305 4632 datur,
1339 4573 1624 4640 susceptis,
1665 4583 1715 4625 et
1756 4574 1824 4628 ab
1848 4576 2111 4643 episcOpis

551 4654 811 4707 canonice
844 4656 1188 4725 dispensatis,
1219 4668 1405 4726 utpote
1452 4663 1542 4729 qui
1586 4664 1835 4717 haeretica
1881 4667 2112 4719 deheant

551 4754 735 4813 aperte
771 4749 1229 4803 anathematizare
1280 4767 1376 4806 seu
1427 4752 1477 4805 in
1528 4752 1768 4808 Ecclesia
1811 4755 2108 4811 :Nicrnam

552 4851 731 4890 autem
768 4840 1119 4893 orthodoxam
1152 4842 1308 4896 fidem
1336 4846 1604 4899 confiteri.
1651 4847 1956 4918 Ἐκεχειρία
1985 4866 2111 4905 vero

548 4932 749 4985 dicitur
774 4932 948 4999 quies,
982 4942 1037 4986 et
1081 4936 1264 5001 operis
1310 4937 1576 5002 remissio,
1636 4955 1755 5007 quae
1804 4950 1859 4993 ct
1904 4943 2107 4997 vacatio

548 5026 771 5077 remissa
796 5026 1013 5089 dicitur,
1048 5040 1073 5078 a
1106 5028 1355 5082 manibus
1388 5029 1744 5095 continuandis,
1786 5044 1843 5085 ut
1884 5049 2000 5102 qua:
2038 5036 2109 5090 sit

548 5130 799 5168 manuum
825 5118 1176 5172 continentia.
1196 5117 1329 5174 Nota
1352 5134 1481 5191 ergo
1500 5137 1561 5175 cx
1588 5126 1834 5189 pnesenti
1862 5127 2105 5193 epistola,

545 5206 686 5271 quod
718 5206 867 5261 aliter
903 5210 1219 5277 puniuntur,
1248 5213 1336 5280 qui
1383 5228 1483 5281 per
1520 5216 1621 5268 vim
1671 5231 1789 5270 cum
1846 5220 2106 5274 ha-rrticis

544 5298 716 5353 solum
744 5305 1228 5370 comrnunicarunt,
1256 5305 1408 5358 aliter
1434 5309 1525 5375 qui
1578 5309 1662 5363 his
1691 5323 2104 5380 consenuerunt,

543 5399 597 5442 et
622 5390 943 5457 impieiatem
972 5394 1345 5461 defenderunt,
1366 5398 1522 5452 aliter
1551 5402 1641 5468 qui
1678 5403 1742 5453 ad
1771 5402 2101 5472 impietatem

545 5482 961 5553 transfugerunt,
993 5486 1149 5539 aliter
1183 5489 1275 5558 qui
1316 5490 1397 5543 his
1425 5494 1908 5558 communicarunt,
1937 5508 1989 5551 et
2017 5513 2104 5553 sa-

546 5572 874 5639 crifirarunt,
908 5578 1064 5631 aliter
1098 5578 1190 5648 qui
1235 5579 1527 5652 idolothyta
1559 5586 1605 5637 vi
1634 5589 2001 5654 comederunt,
2053 5599 2106 5643 et

544 5663 907 5733 aliterquibus
934 5669 996 5724 ad
1020 5670 1119 5727 hoc
1151 5671 1345 5742 ipsum,
1366 5682 1421 5731 ut
1448 5678 1808 5749 comederent,
1836 5681 1915 5735 vis
1947 5681 2102 5737 allata

2244 3121 2663 3187 ἁποξενοῦνται·
2725 3123 3056 3191 καὶμᾶλλον
3107 3123 3191 3176 ὅτι
3242 3122 3683 3176 διαϐεϐαιοῦνται
3736 3123 3812 3193 μὴ

2247 3212 2647 3284 μεταϐληθῆναι
2679 3214 2756 3274 εἰς
2785 3213 3058 3277 ἀσέϐειαν,
3093 3214 3263 3284 ἧγουν
3309 3216 3383 3283 μὴ
3416 3214 3705 3267 συνθέσθαι
3741 3219 3809 3286 τῇ

2241 3305 2366 3374 δόξῃ
2418 3307 2527 3359 τῶν
2573 3308 2890 3375 αἰρετικῶν.
2935 3309 3069 3363 ἀλλὰ
3113 3310 3252 3362 κατά
3292 3310 3449 3376 λόγον
3496 3310 3812 3376 οἰκονομίας

2241 3396 2675 3465 συγκοινωνῆσαι
2701 3398 2931 3463 τούτοις,
2960 3401 3046 3452 ῐνα
3072 3398 3169 3468 μὴ.
3192 3400 3372 3453 αὐτῶν
3402 3400 3812 3467 ἐκδιωχθέντων

2238 3479 2348 3534 ἀπὸ
2395 3482 2500 3535 τῶν
2555 3483 2878 3554 ἐκκλησιῶν,
2912 3486 3090 3557 ἕτεροι
3137 3487 3356 3549 ἀσεϐεῖς
3404 3489 3809 3557 ἀντεισαχθῶσι

2237 3570 2332 3623 καὶ
2387 3571 2741 3642 διαφθείρωσι
2779 3576 2869 3628 τὸν
2928 3576 3207 3647 όρθόδοξον
3236 3577 3385 3632 λαόν.
3418 3579 3641 3643 Ἐδοξαν
3682 3574 3805 3643 οὖν,

2236 3658 2389 3725 φησὶ,
2421 3660 2668 3726 πιθανῶς
2698 3663 2871 3717 ταῦτα
2898 3665 3099 3733 λέγειν,
3150 3666 3425 3737 χρώμενοι
3467 3670 3562 3721 καὶ
3602 3686 3807 3737 παρα-

2233 3748 2485 3818 δείγματι
2522 3752 2751 3823 Ἀαρών.
2796 3755 3037 3819 Ἐκεῖνος
3084 3758 3194 3825 γὰρ
3237 3758 3332 3810 τοῦ
3365 3758 3640 3819 Μωῡσέως
3672 3775 3809 3827 κρο-

2234 3837 2478 3903 νίσαντος
2510 3843 2571 3895 ὲν
2624 3842 2699 3912 τῷ
2750 3844 2886 3915 δρει,
2938 3846 3034 3899 καὶ
3065 3847 3159 3899 τοῦ
3192 3848 3327 3900 λαοῦ
3379 3848 3487 3900 τῶν
3528 3847 3806 3917 Ἐϐραίων

2233 3927 2388 3993 θεοὺς
2417 3931 2724 4002 ζητοῦντος,
2760 3936 2985 3989 ἐνέδωκε
3012 3939 3075 4007 τῇ
3105 3937 3310 3990 τούτων
3341 3939 3671 4005 παραϐάσει,
3702 3940 3804 3991 καὶ

2230 4020 2484 4086 γενέσθαι
2507 4024 2691 4086 αὐτοῖς
2712 4026 3073 4096 παρεχώρησε
3091 4029 3359 4099 χωνευτὸν
3386 4029 3603 4097 μόσχον.
3624 4028 3805 4081 Τοῦτο

2226 4111 2281 4164 δὲ
2315 4114 2594 4180 ἐποίησεν,
2645 4118 2729 4170 ἵνα
2778 4118 2853 4186 μὴ
2898 4120 2927 4170 ό
2973 4119 3099 4181 λαὸς
3128 4119 3483 4189 ὑποστρέψας
3514 4122 3594 4182 εἰς
3625 4121 3801 4189 Αἴγυς

2226 4221 2357 4257 πτον
2380 4208 2468 4259 ἐπι
2478 4208 2635 4277 μείνῃ
2656 4211 2721 4279 τῇ
2748 4210 3158 4282 εἰδωλολατρεία
3181 4215 3246 4281 τῇ
3264 4214 3627 4282 Αἰγυπτιακῇ,
3646 4212 3804 4279 λογι-

2227 4297 2455 4365 σάμενος
2473 4299 2572 4363 ὅτι,
2596 4303 2652 4351 ὲν
2670 4303 2734 4369 τῇ
2755 4302 2942 4371 ἐρήμῳ
2958 4301 3131 4365 ὄντες,
3149 4304 3468 4375 δυνήσονται
3489 4304 3799 4373 ἀποστῆναι

2156 4377 2194 4430 Ι)
2223 4388 2320 4452 τῆς
2351 4388 2605 4451 ἀσεϐείας
2630 4406 2644 4421 ·
2685 4391 2743 4442 ἐν
2769 4391 2824 4442 δὲ
2863 4394 2929 4459 τῇ
2962 4392 3222 4461 Αἰγύπτῳ
3251 4394 3553 4461 γενόμενοι,
3588 4392 3798 4460 μᾶλλον

2217 4479 2689 4549 ἀσεϐήσουσιτοϊς
2744 4484 3057 4551 Αἰγυπτίων
3115 4485 3372 4551 ἑπόμενοι
3436 4485 3605 4538 ἔθεσι.
3673 4485 3795 4537 Καὶ

2216 4571 2342 4639 περὶ
2373 4571 2469 4639 μὲν
2497 4572 2809 4640 ἱερωμένων
2836 4573 3010 4628 ταῦτά
3034 4591 3185 4642 φησι.
3221 4576 3350 4637 Τοῖς.
3369 4575 3424 4627 δὲ
3458 4574 3785 4643 ἀπατηθεεσι

2213 4666 2306 4714 καὶ
2336 4662 2458 4731 βίαν
2488 4664 2723 4716 παθοῦσι
2749 4665 2959 4727 λαῖκοῖς
2988 4665 3284 4734 συγγνώμη
3310 4666 3534 4727 δίδοται,
3566 4666 3789 4735 δεχομέ-

2214 4770 2327 4816 νοις
2359 4756 2450 4807 xui.
2499 4755 2973 4824 οἰκονομουμένοις
3012 4757 3164 4824 παρά
3193 4756 3302 4807 τῶν
3335 4755 3647 4807 ἐπισκόπων
3685 4773 3791 4807 κα-

2212 4845 2455 4906 νονικῶς,
2487 4844 2559 4907 ὡς
2614 4847 2705 4898 καὶ
2750 4846 3061 4914 ὀφείλουσιν
3105 4846 3529 4915 ἀναθεματίζειν
3586 4848 3682 4912 μὲν
3721 4848 3791 4899 τὰ

2210 4932 2318 4993 τῶν
2362 4934 2652 4998 αἰρετικῶν
2710 4934 3000 5003 φανερῶς,
3056 4936 3227 5004 ἧγουν
3294 4938 3381 4989 ἐπ’
3438 4936 3785 5003 ἐκκλησίας·

2210 5020 2490 5088 ὁμολογεῖν
2514 5022 2569 5074 δὲ
2604 5021 2703 5092 τὴν
2742 5024 2800 5073 ἐν
2828 5022 3032 5094 Nini;
3062 5025 3349 5095 ὀρθόδοξον
3383 5026 3586 5078 πίστιν.
3628 5024 3789 5077 Ἐκε-

2212 5114 2394 5182 χειρία
2422 5114 2479 5167 δὲ
2535 5115 2753 5181 λέγεται
2798 5117 3029 5187 ήάργία
3085 5118 3181 5171 καὶ
3231 5116 3491 5187 ἀπραξία.
3532 5118 3653 5187 ἥτις
3683 5120 3788 5170 καὶ

2210 5206 2397 5269 ἄνετος
2429 5206 2582 5259 ἄδεια
2619 5207 2858 5275 λέγεται,
2889 5210 2998 5262 ἀπὸ
3044 5210 3137 5261 τοῦ
3189 5210 3410 5280 ἐπέχειν
3440 5210 3536 5271 τάς
3567 5210 3785 5278 χεῖρας.

2210 5296 2485 5367 ἐκεχειρία
2539 5316 2623 5361 τις
2661 5294 2815 5353 οῦσα.
2875 5302 3188 5369 Σημείωσαι
3238 5301 3331 5355 οὖν
3390 5302 3482 5353 καὶ
3536 5300 3642 5353 ἀπὸ
3675 5301 3786 5369 τῆς

2211 5389 2492 5460 παρούσης
2533 5392 2821 5461 ἐπιστολῆς
2846 5394 2926 5446 ὅτι
2974 5393 3151 5458 ἄλλως
3184 5393 3503 5456 κολάζονται
3535 5393 3583 5444 οἱ
3635 5395 3785 5446 κατά

2209 5482 2334 5545 βίαν
2369 5485 2795 5553 κοινωνήσαντες
2826 5485 2989 5553 μύκον
3013 5489 3122 5546 τοῖς
3153 5486 3468 5551 αἰρετικοϊς,
3511 5482 3686 5545 ἄλλως
3730 5488 3783 5538 οἱ

2210 5573 2680 5643 ὁμοφρονήσαντες
2710 5575 2918 5638 τούτοις
2955 5576 3046 5627 καὶ
3077 5575 3214 5643 ὑπὲρ
3240 5574 3336 5643 τῆς
3370 5574 3625 5635 ἀσεϐείας
3654 5590 3791 5626 συν-ν

2213 5666 2607 5735 ηγορήσαντες,
2632 5666 2801 5730 ἄλλως
2822 5669 2867 5720 οἱ
2897 5666 3385 5735 αὐτομολήσαντες,
3402 5666 3577 5730 ἄλλως
3595 5668 3640 5719 οἰ
3664 5683 3779 5720 κοι-
