3998 6326
241 329 357 388 569

1171 334 1252 395 ΙΝ
1284 336 1524 396 EPIST.
1554 339 1623 395 S.
1659 335 2080 395 A'l‘ll-AN’ASII
2126 339 2225 397 AD
2264 338 2528 401 RUFIN.

3385 333 3493 395 570

248 439 587 501 νωνήσαντες
608 440 817 504 τούτοις
843 443 932 495 καὶ
960 442 1437 518 θύσαντες,εάλλως
1463 449 1513 501 οἱ
1536 448 1674 501 κατὰ
1698 449 1820 516 βίαν

1939 459 2022 502 est
2052 467 2065 501 :
2099 462 2151 503 et
2179 463 2235 503 ut
2258 449 2421 504 setnel
2453 451 2653 510 dicam.
2689 461 2882 510 magna
2945 447 3060 501 haec
3106 446 3507 500 examinatione

250 532 890 596 φαγθῖντεςείδωλόθυταο
920 538 1012 588 καὶ
1037 537 1211 600 ἄλλως
1231 541 1278 591 οἱ
1301 540 1563 607 παθόντες
1585 541 1705 611 βίαν
1731 541 1829 592 καὶ

1943 541 2198 607 indigent,
2226 542 2478 609 quoniam
2509 540 2671 593 etiam
2702 539 2984 591 difficulter
3018 547 3272 589 curantur

251 627 386 690 περὶ
409 626 538 678 αὐτὸ
568 627 628 679 τὸ
651 631 862 695 φαγεῖν.
886 635 981 682 καὶ
1012 632 1197 692 ἁπλῶς
1223 636 1289 684 τά
1307 634 1417 685 τῶν
1443 635 1698 687 τοιούτων
1721 631 1963 700 μεγάλης
1983 634 2279 697 ἐξετάσεως
2308 636 2538 697 δέονται,
2562 633 2643 685 ὅτι
2675 633 2767 683 καὶ
2791 631 3066 700 δυσχερῶς
3088 619 3506 696 θεραπεύονται.

327 713 570 769 ΖΩΝΛΡ.
609 717 684 769 Οὐ
741 718 867 786 περὶ
919 720 1028 771 τῶν
1062 721 1304 784 εἰδώλοις
1361 724 1666 784 θυσάντων,
1722 724 1818 775 καὶ

253 805 429 870 οὕτως
486 810 1004 872 παραπεπτωκότων
1051 792 1092 882 ἦ
1147 814 1417 884 ἐρώτησις
1455 816 1594 886 αὕτη
1651 816 1822 877 ἐστὶν,

255 899 392 953 ἀλλά
426 901 679 968 περὶτῶν
705 902 1000 969 αἱρετικοϊς
1034 910 1615 974 συγκοινωνησάντων,
1653 909 1822 977 ἤγουν

263 991 589 1059 Ἀρειανοῖς.
643 993 706 1046 οι
741 995 848 1063 γὰρ
875 997 974 1065 τῆς
1012 998 1219 1067 Ἀρείου
1252 1000 1540 1067 αἱρέσεως,
1589 1015 1823 1069 προστε-

253 1084 444 1144 θέντας
497 1087 680 1148 αὐτοῖς
733 1089 957 1157 σχόντες
1015 1089 1257 1155 βασιλεῖς
1294 1091 1390 1144 τὸν
1441 1093 1823 1146 Κωνστάντιον

250 1178 349 1223 καὶ
379 1174 468 1223 τὸν
498 1173 793 1237 Οὐάλεντα,
838 1178 1137 1231 κάντεῦθεν
1171 1182 1316 1247 μέγα
1346 1182 1656 1249 δυνάμενοι,
1691 1181 1822 1233 πολ-

249 1264 380 1323 λοὺς
417 1263 707 1343 ἐϐιάσαντο
759 1269 1126 1338 προστεθῆναι
1178 1275 1243 1341 τῇ
1302 1272 1426 1343 δόξῃ
1482 1273 1683 1331 αὐτῶν.
1722 1267 1822 1325 Ὧν

248 1350 480 1421 ὕστερον
511 1357 934 1424 μετανοούντων,
974 1362 1067 1411 καὶ
1099 1365 1552 1431 προσερχομένων
1588 1366 1652 1432 τῇ
1685 1363 1823 1415 καθ-

248 1441 410 1513 ολικῇ
466 1445 785 1519 Ἐκκλησία,
833 1449 1179 1520 ὴρώτησεν’ὁ
1214 1452 1584 1520 Ῥουφινιανδς
1601 1453 1824 1506 ἐπίσκο-

247 1553 357 1600 πος
385 1536 481 1601 ὢν,
508 1539 657 1602 ὅπως
686 1540 792 1611 χρὴ
821 1541 947 1604 τοὺς
973 1543 1250 1606 τοιούτους
1276 1543 1526 1613 δέχεσθαι
1552 1559 1565 1573 ·
1593 1544 1728 1613 πρὸς
1757 1545 1824 1612 ἢν

248 1624 524 1698 ἐρώτησιν
555 1631 826 1702 ἀπεκρίθη
858 1634 887 1686 δ
923 1633 1092 1702 μέγας
1135 1634 1448 1696 Ἀθανάσιος
1477 1637 1583 1696 ὅτι,
1615 1636 1824 1689 πολλῶν

247 1722 562 1782 γενομένων
612 1723 848 1774 συνόδων
884 1724 1124 1778 τοπικῶν
1162 1725 1360 1795 δηλαδὴ
1419 1728 1549 1796 περὶ
1593 1727 1826 1788 τούτων,

247 1813 453 1876 ἔδοξεν,
485 1815 622 1868 ὥστε
643 1818 754 1878 τοῖς
790 1817 888 1885 μὲν
909 1820 1291 1886 παραπεσοῦσι
1311 1821 1681 1889 κοινωνήσασι
1712 1822 1824 1881 τοίς

246 1905 570 1969 αἱρετικοίς.
607 1904 700 1956 καὶ
731 1905 798 1956 τά
844 1906 984 1959 αὑτᾶ
1033 1908 1268 1971 ἐκείνοις
1300 1911 1521 1976 φρονεῖν
1549 1908 1823 1977 ὁμολογή-

1997 722 2388 778 ZONAR.'Nmt
2419 726 2484 775 de
2513 722 2600 784 iis,
2621 725 2710 790 qui
2737 723 2890 776 idolis
2919 721 3292 780 immolavere,
3339 732 3400 769 ac
3431 716 3504 767 ita

1926 815 2056 884 lapsi
2092 828 2238 879 sunt,
2278 818 2389 870 haec
2422 817 2648 884 quaestio
2675 824 2779 878 cst,
2813 829 2997 868 verum
3051 813 3119 865 de
3155 811 3221 862 iis
3253 809 3341 874 qui
3375 823 3504 862 cum

1926 908 2197 962 haereticis
2227 908 2714 973 communicavere,
2741 908 2954 961 Arionis
2994 903 3267 957 nimirum.
3296 899 3505 954 Etenim

1927 999 2138 1061 Ariani,
2175 1015 2297 1052 cum
2333 1000 2433 1052 sibi
2491 1001 2900 1054 consentientes
2953 998 3214 1053 haberent
3264 995 3502 1056 imm-'3‘

1930 1103 2074 1146 tores
2107 1091 2486 1147 Constantium
2520 1102 2573 1145 et
2604 1092 2908 1153 Valentem,
2949 1104 3016 1143 ex
3067 1100 3237 1149 eoque
3272 1082 3502 1136 multum

1931 1186 2202 1250 valerent,
2233 1185 2558 1252 complures,
2590 1193 2647 1237 ιιι
2687 1185 2922 1251 ipsorum
2953 1180 3261 1248 opinionem
3291 1179 3502 1241 ample-

1928 1287 2228 1338 cterentur,
2268 1290 2364 1344 per
2393 1276 2500 1328 vim
2533 1275 2780 1339 adegere.
2808 1271 2933 1338 Qui,
2987 1286 3112 1325 cum
3166 1284 3289 1321 mox
3333 1265 3506 1334 paeni-

1927 1368 2092 1420 tentia
2125 1367 2272 1420 ducti
2299 1368 2363 1420 ad
2397 1365 2692 1422 Ecclesiam
2724 1364 3045 1419 catholicam
3079 1375 3138 1416 se
3168 1360 3502 1420 conferrent,

1930 1458 2522 1526 rogavitRoflinianns,
2573 1457 2771 1526 quippe
2821 1456 3128 1524 episcopus,
3154 1443 3410 1520 'qoa'mam
3448 1449 3504 1500 in

1925 1548 2190 1618 ejusmodi
2247 1548 2557 1602 hominibus
2624 1546 2976 1618 admittendis
3043 1543 3310 1598 servanda
3365 1540 3504 1595 ratio

1926 1648 2088 1693 esset.
2121 1638 2199 1692 Ad
2231 1652 2396 1707 quam
2453 1617 2934 1704 interrogationem
2988 1645 3217 1702 magnus
3265 1628 3506 1683 Athana-

1927 1730 2038 1786 sius
2085 1729 2405 1797 respondit,
2449 1745 2571 1783 cum
2606 1728 2786 1780 multa:
2823 1724 3036 1796 synodi,
3086 1722 3286 1774 locales
3342 1719 3507 1773 nitui-

1930 1835 2070 1884 rum,
2097 1821 2163 1874 de
2187 1821 2271 1874 his
2305 1819 2590 1874 celebratae
2619 1819 2749 1881 sint,
2789 1818 3066 1869 decretum
3101 1811 3294 1873 fuisse,
3341 1816 3400 1861 ut
3425 1807 3504 1860 la-

1928 1913 2059 1981 psis,
2084 1910 2175 1980 qui
2204 1925 2325 1966 cum
2371 1910 2640 1964 haereticis
2671 1906 3171 1964 cotomuuicarunt,
3209 1902 3506 1967 eademque

252 2005 404 2047 σασι.
442 1993 535 2043 καὶ
573 1993 634 2045 οὐ
691 1992 854 2062 μόνον
887 1995 1069 2060 τοῦτο,
1101 1997 1235 2049 ἀλλά
1280 1999 1373 2048 καὶ
1401 1999 1822 2066 προϊσταμένοις

1930 2020 2050 2059 cum
2083 2003 2420 2058 illis~sentire
2459 2017 2520 2057 sc
2552 2000 2780 2070 professi
2819 2008 2970 2056 sunt.
3006 2010 3184 2065 neque
3234 1994 3339 2047 hoc
3390 2003 3507 2045 tan-

243 2081 354 2150 τῆς
389 2083 679 2146 ἀσεϐείας·
723 2086 892 2154 ἤγουν
927 2088 1496 2159 ύπεραγωνιζομένοις
1533 2090 1702 2158 αὐτῆς
1730 2088 1830 2147 κα)⁵

245 2172 636 2243 συνηγοροῦσι,
683 2177 778 2228 καὶ
835 2176 1046 2230 πείθειν
1084 2178 1410 2231 σπεύδουσιν
1453 2179 1529 2242 ὡς
1569 2178 1822 2248 ἀσφαλὴς

245 2265 283 2332 ἡ
317 2264 546 2317 ἐκείνων
590 2266 706 2318 ἐστὶ
748 2264 898 2331 δόξα.
948 2267 1268 2336 μετανοοῦσι
1318 2269 1413 2322 καὶ
1458 2269 1830 2339 προσερχομέ-

243 2373 364 2418 νοις
416 2361 480 2425 τῇ
541 2357 803 2428 όρθοδόξῳ
851 2359 1168 2431 Ἐκκλησία,
1215 2359 1452 2414 δίδοσθαι
1502 2362 1600 2429 μὲν
1658 2361 1826 2429 μετά-

244 2467 402 2502 νοιαν
459 2453 553 2505 καὶ
614 2452 986 2522 συγγνώμην·
1048 2455 1124 2522 μὴ
1179 2455 1362 2523 μέντοι
1394 2471 1459 2522 γε
1521 2455 1615 2506 καὶ
1661 2455 1826 2507 τόπον

243 2539 457 2608 κλήρου
513 2542 696 2605 αὐτοῖς
752 2542 1178 2612 παραδέχεσθαι.
1235 2545 1355 2596 Κᾶν
1383 2544 1492 2612 γὰρ
1527 2543 1823 2595 ἐπίσκοποι

241 2633 414 2698 τυχὸν
439 2627 579 2702 ἦσαν
603 2634 635 2703 ἢ
663 2634 935 2703 κληρικοὶ,
968 2634 1150 2697 οὐκέτι
1179 2635 1534 2705 δεχθήσονται
1558 2636 1638 2696 είς
1661 2636 1824 2688 τόπον

242 2723 583 2793 ἱερωμένων,
612 2725 728 2779 ἀλλ’
760 2725 836 2789 ὡς
855 2724 1034 2803 λαῖικοὶ
1064 2726 1298 2781 ἔσονται.
1333 2727 1457 2790 Τοῖς
1486 2728 1541 2780 δὲ
1575 2728 1650 2796 μὴ
1678 2727 1814 2781 αὐθ-

241 2815 462 2868 εντοῦσι
505 2817 604 2884 μὲν
646 2818 746 2884 τῆς
804 2817 1083 2882 ἀσεϐείας,
1133 2818 1302 2889 ἢγουν
1341 2820 1415 2888 μὴ
1445 2819 1586 2871 κατὰ
1630 2818 1823 2872 αὐθεν-

240 2909 373 2961 τίαν
403 2909 496 2961 καὶ
526 2908 752 2980 γνώμην
801 2910 1050 2964 ἑκούσιον
1083 2912 1462 2980 κοινωνήσασι
1508 2911 1623 2971 τοῖς
1669 2911 1824 2977 uipr-

241 3001 455 3062 τικοίςο
494 3003 860 3070 παρασυρείσι
893 3001 952 3053 δὲ
1009 3001 1081 3053 δι’
1107 3001 1354 3071 ἀνάγκην
1385 3001 1480 3053 καὶ
1530 3000 1670 3068 βίαν,
1704 3000 1823 3068 ἢτοι

239 3090 443 3160 βιαίως
493 3091 844 3161 συνθεμένοις
891 3094 958 3162 τῇ
1009 3091 1258 3160 ἀσεϐείᾳ,
1300 3091 1395 3144 καὶ
1445 3089 1821 3156 ὲξελκυσθεῖσι

240 3184 345 3251 τῆς
379 3183 659 3246 εὐσεϐείας
701 3183 916 3254 (ὥσπερ
976 3183 1088 3252 γὰρ
1125 3185 1152 3235 ὁ
1189 3183 1294 3234 ὑπὸ
1341 3182 1577 3250 σφοδρᾶς
1611 3179 1821 3232 ὑδάτων

241 3275 425 3345 φορᾶς
479 3275 936 3346 παρασυρόμενος
971 3277 1031 3329 οὐ
1062 3275 1208 3328 κατὰ
1254 3275 1579 3344 προαίρεσιν
1610 3270 1820 3324 οἰκείαν

1931 2108 2068 2160 tum,
2095 2095 2187 2151 sed
2210 2103 2264 2150 et
2288 2094 2587 2164 impietatis
2622 2090 2900 2162 primipili,
2931 2089 3035 2141 hoc
3062 2097 3167 2148 est,
3197 2084 3504 2153 propngna4

1931 2196 2076 2241 tores
2099 2196 2152 2241 et
2178 2185 2386 2256 patroni
2423 2184 2663 2247 fuerunt,
2686 2197 2747 2236 ac
2771 2172 2938 2235 tutam
2960 2179 3174 2232 illorum
3194 2175 3503 2242 Opinionem

1929 2295 2049 2334 esse
2074 2279 2404 2349 persuadere
2432 2277 2788 2340 studuerunt;
2837 2275 2882 2328 si
2937 2268 3289 2338 resipuerint,
3340 2280 3506 2334 seque

1929 2372 2249 2427 orthodoxae
2289 2369 2543 2424 Ecclesia:
2576 2366 2946 2434 adiunxerint,
3001 2361 3338 2432 pmuitentiae
3381 2357 3505 2426 qui-

1930 2464 2050 2517 dem
2073 2463 2139 2516 sit
2171 2463 2320 2516 locus
2351 2468 2406 2514 et
2435 2459 2602 2513 venias
2634 2477 2648 2513 :
2694 2466 2948 2512 caeterum
2979 2455 3045 2509 ad
3077 2454 3254 2507 locum
3286 2453 3336 2506 in
3360 2450 3506 2503 clero

1925 2553 2278 2608 obtinendum
2317 2550 2622 2604 nullatenus
2667 2547 3050 2602 admittantur.
3106 2543 3241 2597 Nam
3282 2541 3497 2596 etiamsi

1925 2642 2160 2714 episcopi
2197 2641 2422 2697 fuissent
2483 2639 2712 2694 forsitan
2763 2637 2846 2691 vel
2897 2635 3103 2700 clerici,
3163 2646 3503 2701 nequaquam

1925 2737 1978 2791 in
2008 2749 2288 2790 sacrorum
2325 2734 2604 2788 hominum
2641 2731 2889 2786 ordinem
2937 2729 3291 2799 recipientur,
3321 2723 3414 2780 sed
3447 2733 3507 2778 ut

1926 2826 2050 2881 laici
2082 2837 2262 2880 erunt.
2306 2824 2408 2891 Qui
2443 2840 2572 2879 vero
2622 2823 2922 2893 impietatis
2967 2831 3221 2876 auctores
3284 2819 3506 2872 minime

1925 2917 2164 2979 fuerunt,
2199 2918 2302 2971 hoc
2331 2926 2434 2979 est,
2465 2917 2556 2984 qui
2590 2927 2782 2983 sponte
2829 2923 2883 2970 et
2913 2912 3218 2967 voluntarie
3247 2911 3506 2988 cumba:-

1926 3008 2110 3062 reticis
2154 3021 2261 3060 non
2313 3006 2804 3068 communicarunt,
2866 3004 3196 3058 necessitate
3233 3008 3412 3054 autem
3445 3010 3504 3054 et

1921 3097 1973 3152 vi
2003 3097 2163 3151 tracti
2199 3106 2344 3159 sunt,
2382 3096 2517 3160 sive,
2541 3111 2638 3164 per
2658 3095 2763 3149 vim
2789 3094 3050 3164 impietati
3083 3100 3499 3153 consenserunt,

1921 3197 2153 3257 suntque
2176 3205 2205 3242 a
2234 3188 2436 3256 pietate
2461 3187 2718 3242 abstracti
2750 3186 2832 3258 (ut
2882 3185 3048 3249 cnim,
3081 3183 3170 3252 qui
3192 3180 3500 3237 vehementi

1929 3295 2193 3351 aquarum
2247 3281 2447 3348 impetu
2479 3279 2706 3346 rapitur,
2736 3293 2842 3330 non
2874 3292 2968 3330 sua
2992 3275 3269 3329 voluntate
3323 3272 3505 3327 defer-

242 3368 495 3436 φέρεται,
531 3367 667 3422 ἀλλά
701 3366 892 3436 βιαίως
944 3368 1198 3420 ἕλκεται·
1248 3365 1421 3428 οὕτως
1460 3365 1703 3416 κάκεῖνοι
1753 3363 1821 3431 τῇ

1933 3384 2038 3436 tur,
2066 3371 2159 3426 sed
2192 3372 2428 3424 trahitur
2458 3371 2509 3423 vi
2543 3369 2655 3441 46
2684 3367 2912 3423 adactus
2942 3384 2955 3421 :
2986 3368 3065 3421 sic
3089 3375 3143 3421 et
3170 3366 3268 3430 illi,
3294 3363 3362 3418 ob
3388 3364 3503 3417 vim

244 3459 347 3530 et;
385 3459 696 3528 νικηθέντες
739 3457 847 3510 τῶν
898 3457 1213 3526 αἱρετικῶν,
1263 3456 1670 3524 παρεσύρησαν
1728 3453 1824 3505 καὶ

239 3548 557 3620 ὑπέκυψαν)
608 3548 778 3614 ιδοξε,
829 3551 986 3619 φησὶ,
1031 3548 1123 3603 καὶ
1176 3547 1510 3615 συγγνώμην
1575 3544 1822 3598 δίδοσθαι

244 3639 716 3711 μεταμελομένοις
738 3655 753 3670 ⁶
791 3639 1087 3708 ἀπονέμειν
1115 3635 1176 3690 δὲ
1206 3638 1388 3699 αὐτοῖς
1416 3635 1627 3689 καὶτὸν
1654 3635 1822 3686 τόπον

237 3731 341 3785 τοῦ
373 3731 596 3802 κλήρου.
626 3731 739 3784 Καὶ
764 3732 825 3784 οὐ
861 3731 1044 3800 μόνον,
1083 3730 1166 3783 ὅτι
1227 3727 1543 3799 βιασθέντες
1598 3726 1822 3780 ινδεδὼ-

239 3840 402 3889 κασι,
430 3823 967 3896 ωγγνςυμονοῦνται,
999 3823 1186 3892 φησὶν,
1224 3820 1340 3874 ἀλλ’
1381 3821 1462 3874 ὅτι
1505 3821 1600 3872 καὶ
1627 3817 1825 3871 ἀπολο-

239 3918 377 3985 γίαν
405 3917 641 3988 πιθανὴν
679 3917 981 3970 ποιοῦνται·
1020 3917 1090 3969 δι’
1122 3919 1188 3986 ἣν
1224 3915 1371 3980 εδοξε
1429 3914 1491 3967 τὸ
1541 3912 1821 3979 ὕποκύψαι

239 4010 446 4072 αὐτοὺς
473 4010 587 4071 τοῖς
636 4008 936 4078 αίρετικοϊς
985 4007 1346 4072 οἰκονομικῶς
1396 4005 1671 4075 γενέσθαι.
1728 4007 1820 4056 Δι-

238 4093 647 4157 αϐεϐαιώσαντο
668 4101 799 4172 γὰρ,
823 4103 938 4156 ἀντὶ
950 4100 1068 4162 τοῦ,
1087 4101 1320 4171 βεϐαίως
1347 4098 1822 4170 ἐπληροφόρησαν,

243 4193 326 4263 μὴ
369 4190 776 4261 μεταϐληθῆναι
812 4192 891 4255 είς
929 4190 1190 4244 ἀσέϐειαν
1217 4204 1232 4219 ⁶
1283 4190 1452 4258 ήγουν
1501 4189 1576 4258 μὴ
1613 4185 1823 4240 ισυνθέ-

240 4285 379 4339 σθαι
405 4286 470 4354 τῇ
526 4282 655 4354 δόξῃ
708 4282 819 4336 τῶν
852 4273 1170 4352 αίρετικῶν,
1212 4281 1349 4335 άλλά
1375 4283 1472 4350 τῆς
1497 4279 1666 4349 ὀρθῆς
1702 4278 1822 4345 ἔχε-

239 4378 377 4430 σθαι
407 4375 644 4436 πίστεως
670 4391 684 4405 ·
723 4375 883 4445 μόνον
921 4375 979 4428 δὲ
1015 4374 1450 4442 συγκοινωνῆσαι
1484 4372 1597 4431 τοῖς
1663 4369 1819 4439 αἱρε-

234 4469 442 4531 τικοῖς,
475 4467 563 4519 ἴνα
603 4467 697 4535 μὴ,
740 4466 921 4520 αὐτῶν
959 4466 1358 4536 ἐκδιωχθέντων
1383 4464 1492 4516 τῶν
1515 4459 1821 4529 ἐκκλησιῶν

234 4561 426 4629 ἕτεροι
463 4557 682 4620 ἀσεϐεῖς
721 4556 1141 4625 ἀντεισαχθῶσι,
1197 4557 1293 4608 καὶ
1315 4552 1667 4623 διαφθείρωσι
1718 4551 1855 4614 τὰςισ

1931 3465 2000 3519 ab
2035 3465 2307 3519 ltazreticis
2333 3462 2534 3515 illatam
2577 3463 2848 3522 cedentes,
2885 3456 3178 3512 transversi
3213 3456 3315 3510 acti
3351 3464 3501 3516 sunt,

1923 3566 1979 3610 ct
2015 3555 2461 3619 succubuerunt),
2511 3551 2733 3618 placuit,
2770 3548 2966 3617 inquit,
3016 3556 3070 3601 et
3114 3535 3329 3602 veniam
3369 3546 3508 3615 ipsis

1925 3644 2173 3709 concedi,
2207 3645 2254 3700 si
2286 3643 2662 3713 pmnitentiam
2698 3649 2886 3711 agant,
2917 3649 2972 3694 et
3021 3639 3201 3694 locum
3234 3648 3500 3708 praeterea

1924 3739 2055 3796 cleri
2088 3736 2379 3806 assignari.
2421 3734 2533 3790 Nec
2563 3744 2798 3797 tantum,
2827 3731 2969 3803 quod
3000 3731 3051 3785 vi
3098 3731 3277 3785 adacti
3329 3742 3505 3782 cesse-

1925 3839 2074 3895 runt,
2109 3829 2308 3896 inquit,
2345 3828 2475 3897 ipsis
2506 3825 2804 3894 ignoscitur
2845 3843 2860 3879 :
2917 3822 3011 3878 sed
3062 3822 3191 3892 quia
3240 3829 3506 3890 praeterea

1924 3919 2288 3974 defensionem
2342 3915 2675 3988 probabilem
2711 3914 2969 3976 afferunt,
3005 3928 3100 3982 per
3127 3927 3314 3982 quam,
3354 3906 3504 3979 quod

1927 4010 2200 4066 haereticis
2231 4009 2524 4072 cesserint,
2574 4005 2826 4077 prudenti
2881 4005 2936 4059 id
2989 4004 3222 4059 consilio
3263 4003 3331 4057 ab
3367 4001 3508 4071 ipsis

1926 4101 2133 4158 factum
2182 4115 2305 4156 esse
2352 4099 2594 4155 videtur.
2647 4096 3050 4152 Conflrmarunt
3082 4095 3156 4149 illi
3205 4093 3529 4164 siquidem,.

1925 4195 2030 4248 hoc
2059 4201 2166 4256 est,
2202 4201 2357 4248 certo
2389 4191 2550 4261 plane
2587 4190 2891 4259 probarunt
2922 4187 3148 4243 minime
3199 4202 3258 4242 se
3294 4186 3360 4240 ad
3395 4186 3504 4239 im-

1921 4287 2179 4358 pietatem
2206 4284 2514 4348 traductos,
2545 4297 2892 4352 nequaquam
2923 4280 3178 4336 videlicet
3208 4278 3501 4334 haeretico-

1922 4391 2043 4431 rum
2075 4374 2423 4445 opinionibus
2449 4373 2772 4437 adhaesisse,
2838 4373 2932 4430 sed
2988 4381 3192 4427 rectam
3251 4373 3504 4427 tenuisse

1925 4461 2083 4514 fidem
2138 4477 2150 4510 :
2199 4460 2580 4515 tantummodo
2635 4471 2819 4514 autem
2873 4461 3311 4515 communicasse
3366 4475 3498 4514 cum

1923 4551 2220 4617 haereticis,
2272 4537 2339 4605 ne
2369 4552 2502 4606 dum
2555 4552 2625 4606 ab
2663 4552 2912 4607 ecclesiis
2952 4552 3052 4620 ipsi
3114 4551 3351 4617 depulsi,
3408 4551 3506 4604 alii

235 4649 542 4718 ἐκκλησίας
593 4649 713 4718 ἦτοι
761 4649 852 4701 τὸν
883 4648 1170 4718 δρθόδοξον
1199 4647 1356 4700 λαόν.
1403 4647 1512 4699 Καὶ
1539 4644 1628 4697 διὰ
1659 4642 1819 4696 τοῦτο

1927 4641 2146 4710 quidem
2191 4642 2342 4712 impii
2384 4643 2889 4707 introducerentur,
2943 4651 2996 4697 et
3052 4643 3342 4704 ecclesias,
3400 4642 3505 4696 hoc

236 4741 571 4810 ῂρετίσαντο
613 4737 938 4806 συνδραμεῖν
982 4740 1046 4807 τῇ
1087 4737 1200 4808 βίᾳ,
1236 4735 1510 4806 βαστάσαι
1542 4733 1604 4786 τὺ
1655 4732 1819 4802 βάρος

235 4828 340 4884 τοῦ
366 4830 666 4898 ἐπιτιμίου.
689 4828 776 4882 διὰ
797 4831 857 4882 τὸ
885 4829 1033 4896 δόξαι
1059 4828 1365 4897 ὑποκύψαι,
1393 4828 1489 4880 καὶ
1517 4827 1591 4895 μὴ
1617 4825 1820 4895 μᾶλλον

237 4924 374 4983 τοὺς
412 4923 574 4985 λαοὺς
602 4922 924 4983 ἀπολέσθαι.
959 4921 1182 4986 Ἔδοξαν
1217 4920 1338 4984 οὖν,
1372 4920 1526 4990 φησὶ,
1577 4917 1831 4988 πιθανῶς,

236 5012 424 5067 ταῦτα
439 5013 639 5080 λέγειν,
660 5015 932 5085 χρώμενοι
954 5015 1049 5067 καὶ
1067 5013 1473 5082 παραδείγματι
1486 5009 1563 5080 τῷ
1577 5007 1814 5078 ’Δαρὼν.

252 5105 495 5166 Ἐκεῖνος
515 5105 643 5174 γὰρ,
666 5104 756 5157 τοῦ
776 5104 1018 5168 Μωσέως
1036 5105 1378 5175 χρονίσαντος
1395 5103 1452 5155 ἐν
1469 5100 1545 5170 τῷ
1560 5100 1651 5170 δρε
1662 5118 1699 5164 ι,
1720 5099 1816 5152 καὶ

241 5194 345 5248 τοῦ
376 5195 505 5248 λαοῦ
532 5195 920 5262 τῶνἘϐραίων
947 5195 1102 5258 θεολς
1130 5194 1438 5263 ζητοῦντος,
1470 5192 1727 5246 ὲνδὲδωκε
1751 5193 1816 5261 τῇ

237 5286 342 5340 τοῦ
379 5285 507 5340 λαοῦ
534 5287 868 5356 παραϐάσει,
922 5289 1016 5340 καὶ
1059 5286 1315 5356 γενέσθαι
1341 5288 1524 5348 αὐτοῖς
1549 5283 1814 5353 παρεχώ-

243 5393 391 5449 ρησε
425 5377 696 5445 χωνευτὸν
735 5379 952 5448 μόσχον.
987 5379 1159 5431 Τοῦτο
1189 5378 1244 5430 δὲ
1291 5377 1572 5446 ἐποίησεν,
1614 5377 1700 5429 ἶνα
1739 5377 1815 5444 μὴ

235 5473 270 5521 ὁ
306 5468 462 5533 λαὸς,
500 5468 847 5538 ὑποστρέψας
892 5471 971 5533 εἰς
1004 5469 1308 5537 Αἴγυπτον,
1343 5467 1604 5538 ὲπιμείνῃ
1639 5470 1706 5537 τῇ
1740 5468 1816 5518 εί-

234 5556 612 5628 δωλολατρείᾳ
663 5563 731 5629 τῇ
785 5561 1157 5631 Αἰγυπτιακῇ,
1199 5560 1558 5628 λογισάμενος
1617 5562 1720 5622 ὃτι,
1756 5561 1814 5609 ἑν

236 5651 311 5718 τῇ
356 5649 545 5720 ἐρήμῳ
583 5650 756 5715 ὄντες,
816 5651 1139 5721 δυνήσονται
1188 5653 1493 5721 ἀποστῆναι
1530 5651 1628 5719 τῆς
1685 5653 1814 5703 ἀσε-

234 5741 398 5806 θείας
422 5759 436 5772 ⁸
462 5745 517 5797 ὲν
551 5743 607 5796 δὲ
633 5746 696 5813 τῇ
733 5743 991 5814 Αἰγύπτῳ
1036 5746 1335 5816 γενόμενοι,
1379 5741 1576 5814 μᾶλλον
1616 5741 1813 5815 ἀσεϐη-

1928 4742 2032 4798 est,
2079 4733 2340 4803 pupulum
2405 4734 2774 4788 orthodoxum
2833 4744 3270 4804 corrumperent.
3325 4734 3502 4802 Atque

1932 4827 2073 4880 hanc
2095 4828 2165 4880 ob
2194 4841 2415 4880 causam
2443 4826 2705 4881 maluisse
2738 4826 2789 4880 vi
2814 4826 3034 4891 cedere,
3063 4841 3127 4880 ac
3158 4827 3338 4880 multa:
3359 4841 3501 4880 onus

1931 4908 2143 4983 subire,
2172 4933 2237 4972 ex
2264 4934 2330 4974 eo
2361 4919 2506 4988 quod
2558 4919 2914 4974 succubuisse
2944 4919 3260 4974 viderentur
3281 4959 3296 4981 ,
3334 4934 3500 4988 quam

1925 5011 2184 5081 populum
2220 5013 2465 5079 perdere.
2517 5009 2641 5064 llaec
2680 5026 2831 5081 ergo,
2888 5011 3086 5081 inquit,
3145 5011 3508 5080 probabiliter

1925 5101 2074 5170 loqui
2106 5101 2209 5155 visi
2239 5111 2390 5165 sunt,
2421 5101 2731 5168 exemplum
2767 5115 2984 5170 quoque
3011 5101 3192 5154 Aaron
3217 5101 3502 5170 proferen-

1926 5202 2029 5248 les.
2074 5192 2168 5248 llle
2216 5207 2478 5260 namque.
2543 5208 2665 5246 eum
2710 5193 2899 5247 Moses
2954 5192 3163 5247 diutius
3211 5194 3265 5245 in
3313 5202 3499 5246 monte

1921 5296 2298 5349 cunctaretur,
2330 5300 2394 5338 ac
2426 5284 2781 5339 Hebraorunt
2825 5284 3055 5353 populus
3095 5285 3225 5338 deos
3257 5285 3499 5351 require-

1928 5390 2034 5442 ret,
2097 5379 2514 5448 transgressioui
2583 5377 2770 5446 populi
2830 5377 3017 5439 cessit,
3063 5375 3387 5445 fusilemque
3431 5377 3502 5431 ab

1923 5470 2059 5538 ipsis
2093 5471 2327 5526 vitulum
2367 5469 2483 5522 ﬁeri
2539 5469 2812 5536 permisit.
2851 5467 2905 5520 ld
2945 5477 3126 5521 autem
3166 5481 3233 5522 eo
3266 5467 3506 5520 consilio

1922 5561 2150 5617 fecitne
2200 5561 2430 5632 p0pulus
2473 5560 2528 5613 in
2557 5559 2849 5629 Egyptum
2909 5573 3163 5614 reversus
3222 5559 3274 5614 in
3327 5556 3498 5627 Egy~

1922 5657 2100 5726 ptiaca
2132 5655 2440 5709 idololatria
2492 5653 2816 5720 pcrsisterct
2851 5671 2865 5706 :
2897 5666 3083 5705 secum
3138 5652 3256 5715 ipse
3317 5666 3492 5718 repit-

1923 5747 2349 5815 tans,qtto_tl.in
2402 5743 2620 5800 deserto
2667 5744 2952 5799 continere
3009 5758 3067 5799 sc
3112 5744 3178 5799 ab
3217 5742 3498 5813 impitate
