3998 6326
620 351 722 415 515

1891 334 2160 398 THEOD.
2207 340 2495 400 BALSAM
2508 338 2603 398 ΟΝ

3737 331 3831 396 576

618 474 865 542 peritum,
910 472 1130 543 fugerit.
1167 470 1388 540 Antiqui
1437 467 1582 520 enim
1622 465 1754 520 illud
1787 466 2058 536 baptisma
2096 481 2194 521 su-

2300 459 2451 528 λθειν.
2513 457 2718 509 Ἐκεῖνο
2792 454 2899 527 γὶῲ
2962 468 3172 526 ικρινον
3229 459 3278 510 οἱ
3326 438 3543 512 παλαιοὶ
3592 459 3830 528 δέχεσθαι

623 561 965 630 Spiciendum
1016 571 1309 630 putavere,
1357 556 1503 626 quod
1557 555 1692 608 nihil
1738 569 1766 608 a
1803 555 1905 610 nde
1951 557 2192 626 recedit;

625 653 766 704 unde
791 652 928 704 alias
965 651 1182 718 quidem
1221 648 1476 709 haereses,
1528 644 1634 698 alia
1686 645 2003 712 schismata,
2060 647 2192 702 alia:

624 754 1074 809 parasynagogas
1122 738 1490 807 appellarunt.
1527 735 1774 790 llmreses
1811 736 2030 805 quidem
2079 753 2195 800 eos,

623 833 713 896 qui
751 829 968 897 penitus
1003 829 1197 883 resecti
1229 835 1378 886 sunt,
1410 837 1461 880 et
1492 827 1544 878 in
1577 826 1693 896 ipsa
1725 826 1830 880 title
1863 828 2191 891 abalienati;

2272 551 2573 618 βάπτισμα,
2610 548 2670 600 τὸ
2694 546 2857 615 μηδὲν
2900 547 2999 618 τῆς
3034 547 3268 609 πίστεως
3299 551 3664 617 παρεκίαῖνον
3695 549 3767 616 (4
3791 555 3801 608 l
3823 565 3834 577 '

2268 641 2388 692 ὅθεν
2410 641 2509 702 τὰς
2526 640 2622 709 μὲν
2647 639 2886 709 αἱρέσεις
2906 637 3216 708 ὠνόμασαν,
3241 639 3309 691 τὰ
3336 639 3392 690 δὲ
3419 639 3690 708 σχίσματα
3713 640 3728 707 (
3751 643 3784 697 5
3808 644 3838 700 >,

2279 731 2369 791 τὰς
2399 730 2454 782 δὲ
2487 729 2982 800 παρασυναγωγάς.
3024 730 3269 800 Αίρέσεις
3303 730 3398 799 μὲν
3430 731 3554 792 τοὺς
3577 729 3841 789 παντελῶς

2273 822 2746 891 ἁπερῤηγμένους,
2793 821 2885 872 καὶ
2920 821 3038 872 κατ’
3081 820 3248 890 αὐτὴν
3281 822 3377 890 τὴν
3409 820 3588 871 πίστιν
3619 818 3845 886 ἀπηλλο-

624 921 916 974 scbismata
978 935 1128 980 vero,
1192 934 1309 982 eos,
1359 919 1451 988 qui
1505 926 1726 986 propter
1789 919 2190 973 ecclesiasticas

2310 914 2646 983 ριωμένους·
2684 914 2957 982 σχίσματα
2996 912 3052 964 δὲ
3102 913 3227 975 τοὺς
3266 911 3333 964 δι’
3371 912 3553 972 αἰτίας
3575 909 3728 972 τινὰς
3758 910 3845 960 tuo

624 1012 889 1080 quasdam
918 1025 1111 1064 causas
1146 1017 1200 1062 et
1228 1010 1561 1079 quaestiones
1590 1010 1732 1062 inter
1764 1016 2046 1077 utramque
2075 1025 2194 1078 par-

624 1113 728 1157 tem
762 1117 866 1156 non
911 1102 1247 1155 insanabiles
1281 1100 1584 1164 dissident;
1617 1114 2058 1169 parasynagogas
2101 1117 2194 1153 au-

625 1203 753 1256 tem,
795 1204 1102 1246 conventus
1135 1194 1259 1246 illos
1290 1193 1382 1261 qui
1421 1192 1488 1244 ab
1527 1192 1891 1262 immorigeris
1921 1192 2200 1259 presbyte-

625 1286 702 1337 ris
757 1293 850 1337 aut
909 1285 1184 1353 episcopis
1241 1292 1293 1336 et
1345 1297 1374 1335 a
1435 1283 1649 1351 populis
1895 1283 2193 1351 disciplinis

624 1375 941 1443 expertibus
991 1376 1148 1427 tiunt.
1193 1371 1354 1426 Velut
1396 1375 1440 1426 si
1491 1373 1616 1440 quis
1676 1371 1728 1426 in
1764 1370 1960 1426 delicto
2003 1373 2189 1440 depre-

627 1469 849 1522 henstts.
884 1478 914 1516 a
957 1462 1267 1516 ministerio
1323 1471 1595 1520 arceatur.
1646 1475 1746 1514 nec
1791 1477 1850 1515 se
1897 1462 2196 1514 canonibus

625 1554 950 1616 summittat,
1002 1552 1098 1608 sed
1151 1552 1256 1606 sibi
1315 1551 1681 1621 principatum
1737 1558 1793 1604 et
1837 1549 2197 1603 ministerium

2274 1004 2668 1074 κλησιαστικὰς
2706 1004 2801 1056 καὶ
2854 1003 3141 1073 ζητήματα
3190 1002 3382 1071 ίάσιμα
3422 1001 3557 1066 πρὸς
3589 999 3847 1069 ἀλλήλους

2277 1094 2678 1162 διενεχθέντας’
2742 1093 3218 1162 παρασυναγωγὰς
3262 1093 3314 1144 δὲ
3343 1092 3440 1154 τὰς
3479 1091 3722 1156 συνάξεις
3758 1090 3848 1151 τὰς

2286 1184 2430 1253 παρὰ
2455 1183 2563 1235 τῶν
2601 1184 2989 1236 ἀνυποτάκτων
3032 1181 3417 1253 πρεσῦυτὲρων
3463 1182 3848 1250 ῆ-ὲπισκόπων

2283 1275 2372 1326 καὶ
2418 1275 2566 1343 παρὰ
2601 1273 2707 1325 τῶν
2741 1272 3080 1325 ἀπαιδεύτων
3118 1272 3261 1325 λαῶν
3305 1272 3610 1341 γινομένας.
3643 1265 3770 1324 Οῗον
3805 1270 3854 1323 εί

2281 1382 2384 1427 τις,
2442 1366 2500 1416 ὲν
2541 1366 2841 1435 πταίσματι
2904 1364 3244 1430 ὲξετασῦεὶς,
3297 1364 3561 1433 ἐπεσχέθη
3608 1362 3707 1430 τῆς
3745 1363 3850 1414 λειο

2283 1458 2562 1526 τουργίας,
2594 1456 2687 1507 καὶ
2713 1455 2788 1525 μὴ
2819 1454 3066 1522 ὑπέκυψε
3115 1457 3230 1518 τοῖς
3269 1454 3508 1516 κανόσιν,
3534 1453 3644 1506 ἀλλ’
3683 1451 3852 1520 ἑαυτῷ

2283 1549 2560 1616 ἐξεδίκησε
2607 1546 2704 1616 τὴν
2751 1542 3044 1614 προεδρίαν
3093 1545 3188 1596 καὶ
3230 1545 3329 1615 τὴν
3371 1544 3731 1612 λειτουργίαν,
3767 1541 3853 1592 καὶ

625 1645 884 1707 vindicet,
917 1659 979 1698 ac
1011 1643 1262 1699 nonnulli
1289 1658 1394 1696 una
1418 1657 1542 1696 cuin
1587 1656 1670 1704 eo,
1708 1641 1897 1694 relicta
1929 1640 2197 1695 catholica

2300 1634 2633 1704 ςυναπῆλοον
2657 1634 2833 1702 τούτῳ
2851 1633 2994 1695 τινὲς
3035 1631 3426 1693 καταλιπόντες
3454 1633 3551 1700 την
3572 1629 3853 1698 καθολικὴν

627 1735 892 1796 Ecclesia,
960 1734 1295 1803 discedant;
1357 1734 1461 1787 hoc
1513 1733 1715 1786 dicitur
1768 1746 2196 1803 parasynagoga.

2300 1727 2648 1797 Ἐκκλησίαν,
2697 1725 3140 1795 παρασυναγωγὴ
3193 1724 3255 1775 τὸ
3298 1722 3526 1776 τοιοῦτο.
3559 1721 3770 1791 Σχίσμα
3801 1721 3852 1772 δὲ

621 1825 869 1878 Schisma
918 1833 1101 1879 autem
1143 1836 1248 1886 εει,
1298 1824 1366 1878 de
1417 1823 1741 1893 poenitentia
1787 1823 1854 1876 ab
1889 1823 1954 1875 iis
1983 1824 2075 1891 qui
2125 1837 2194 1876 ex

2300 1819 2349 1871 τὸ
2368 1820 2494 1888 περὶ
2523 1819 2620 1887 τῆς
2653 1817 2941 1886 μετανοίας
2965 1816 3234 1886 διαφόρως
3269 1815 3410 1885 ἔχειν
3442 1815 3578 1885 πρὸς
3606 1816 3733 1876 τοὺς
3754 1813 3855 1865 ἀπὸ

631 1914 874 1969 Ecclesia
931 1923 1082 1978 sunt,
1134 1915 1452 1969 dissentire.
1511 1910 1759 1966 [hereses
1807 1919 2011 1971 autem,
2053 1912 2200 1964 velut

628 2004 1064 2069 Manicltazorum,
1088 2014 1144 2060 et
1181 2004 1681 2058 Valentinianorum
1701 2043 1713 2065 ,
1739 2009 1791 2056 et
1821 2001 2200 2055 Marcionista-

625 2111 743 2148 rum
761 2135 777 2158 ,
803 2106 856 2149 et
883 2097 1074 2150 borum
1111 2097 1352 2166 ipsorum
1377 2095 1818 2164 Pepuzenorum;
1853 2094 2032 2147 statim
2057 2091 2198 2148 enim

626 2183 695 2236 de
731 2185 847 2252 ipsa
880 2186 932 2238 in
970 2185 1138 2238 Deum
1168 2185 1270 2238 (ide
1299 2185 1575 2238 dissensio
1609 2191 1711 2237 est.
1742 2181 1929 2236 Visum
1960 2189 2043 2236 est
2073 2195 2202 2250 ergo

629 2274 871 2341 antiquis
899 2274 1281 2329 haereticorum
1317 2274 1537 2344 quidem
1569 2275 1840 2344 baptisma
1873 2275 2089 2344 penitus
2118 2287 2202 2328 re-

627 2416 875 2484 prianum
908 2415 973 2466 de
1003 2413 1278 2484 baptismo
1317 2415 1578 2468 sensisse.
1631 2411 1860 2468 Videtur
1897 2423 1997 2468 hac
2036 2416 2102 2484 in
2135 2429 2194 2469 re

629 2482 800 2551 lltajtit'
825 2484 1118 2536 auctoritas
1164 2482 1364 2537 Basilio
1403 2486 1746 2538 attribuenda
1789 2499 1950 2552 quam
2009 2483 2198 2538 lliero~

630 2568 814 2622 nymo.
871 2553 998 2606 Plus
1044 2569 1222 2622 opera:
1271 2555 1640 2622 insumpserat
1690 2553 1927 2607 Basilius
1962 2554 2017 2606 in
2048 2569 2108 2607 ea
2139 2569 2196 2608 re

629 2621 1003 2675 ekaniinanda.
1039 2621 1304 2676 l’rzeterea
1348 2621 1471 2676 cum
1521 2623 1667 2676 illius
1725 2625 2038 2677 testimonio
2072 2639 2194 2676 con-

630 2695 774 2758 gruit
805 2701 912 2744 tota
952 2693 1191 2762 Dionysii
1235 2693 1426 2763 agendi
1460 2695 1620 2756 ratio,
1654 2694 1746 2758 qui
1779 2698 2188 2763 deprecatorem

630 2775 690 2814 se
752 2775 848 2828 pro
887 2761 1142 2815 Asiaticis
1192 2769 1245 2813 et
1287 2761 1435 2816 Afris
1493 2763 1819 2830 interposuit
1854 2761 1867 2814 Ξ
1906 2763 2102 2816 nedum
2141 2762 2195 2813 in

628 2832 814 2883 eadem
836 2844 899 2882 ac
921 2830 996 2882 illi
1029 2845 1191 2883 causa
1227 2844 1556 2885 versaretur.
1587 2831 1729 2896 Quin
1752 2833 1913 2885 etiam
1948 2846 2100 2885 suam
2133 2847 2198 2885 ac

630 2899 982 2952 decessurum
1043 2914 1266 2954 suorum
1321 2902 1647 2954 sententiam
1685 2903 1818 2955 satis
1867 2901 2194 2962 declaravit,

630 2983 754 3020 cum
779 2968 1048 3022 hominem
1079 2968 1252 3039 impio
1274 2977 1327 3022 et
1351 2970 1700 3039 blasphemiae
1737 2972 1896 3038 pleno
1925 2972 2197 3039 baptismo

2289 1908 2388 1975 τῆς
2429 1907 2772 1974 Ἐκκλησίας.
2809 1905 3055 1976 Αίρέσεις
3076 1904 3153 1966 δὲ,
3185 1898 3294 1955 οἷον
3325 1904 3356 1972 ὴ
3387 1901 3493 1954 τῶν
3528 1900 3853 1970 λιανιχαὶων,

2291 1999 2385 2051 καὶ
2417 1996 2806 2056 Οὐαλεντίνων,
2830 1997 2924 2046 καὶ
2962 1993 3396 2064 Μαρκιονιστῶν,
3426 1993 3519 2044 καὶ
3539 1990 3716 2043 αὐτῶν
3741 1989 3856 2042 τού-

2291 2107 2399 2141 των
2421 2087 2528 2139 τῶν
2559 2082 2922 2154 Πεπουζηνῶν
2943 2101 2955 2113 ’
2985 2083 3146 2146 εὐθὺς
3173 2085 3278 2154 γὰρ
3314 2083 3440 2151 περὶ
3470 2081 3635 2148 αὐτῆς
3659 2081 3757 2148 τῆς
3785 2081 3855 2140 είς

2294 2179 2424 2230 Θεὸν
2476 2174 2712 2237 πίστεώς
2758 2176 2906 2226 ἐστιν
2952 2174 3270 2244 ηδιαφορά.
3317 2172 3500 2237 Ἔδοξε
3550 2172 3730 2224 τοίνυν
3759 2173 3858 2231 τοῖς

2296 2269 2354 2335 ἐξ
2411 2270 2582 2338 ἀρχῆς
2634 2266 2784 2338 t6),
2828 2267 2890 2318 τὸ
2950 2266 3047 2337 μὲν
3091 2263 3198 2318 τῶν
3253 2265 3548 2334 αίρετικῶν
3597 2259 3861 2322 παντελῶς

2296 2416 2363 2467 At
2391 2415 2636 2484 profecto
2662 2429 2938 2483 nunquam
2980 2424 3129 2467 tanta
3165 2431 3300 2469 usus
3333 2422 3479 2469 esset
3513 2413 3859 2484 indulgentia,

2300 2486 2344 2538 si
2381 2483 2650 2554 baptisma
2683 2501 2714 2537 a
2751 2485 2855 2538 lide
2882 2487 3132 2538 recedere
3161 2495 3254 2536 aut
3287 2499 3392 2536 non
3417 2484 3671 2554 recedere
3693 2483 3863 2554 existi-

2301 2552 2520 2618 nuisset,
2557 2563 2714 2624 prout
2755 2555 3070 2624 praescripta
3113 2570 3141 2605 a
3185 2555 3401 2608 Christo
3429 2552 3603 2624 forma
3639 2553 3865 2624 violatur

2301 2634 2390 2676 aut
2426 2620 2694 2677 servatur.
2751 2620 2997 2690 Denique
3021 2624 3199 2676 sancit
3260 2639 3381 2677 can.
3414 2622 3481 2674 47
3521 2620 3863 2690 baptizandos

2300 2690 2624 2761 Encratitas,
2651 2694 2902 2761 quamvis
2931 2693 3135 2751 dicant,
3179 2691 3243 2744 In
3279 2691 3494 2761 Patrem
3527 2701 3574 2743 et
3604 2690 3794 2742 Filium
3822 2702 3862 2742 et

2303 2760 2559 2826 Spiritum
2609 2760 2847 2815 sanctum
2882 2762 3138 2828 baptizati
3187 2777 3388 2814 sumus.
3422 2760 3722 2827 Bejiciebat
3749 2775 3865 2826 ergo

2302 2830 2432 2884 illud
2464 2833 2731 2900 baptisma
2790 2847 2898 2884 non
2946 2836 3015 2884 ob
3063 2832 3288 2882 violatos
3350 2831 3654 2900 baptizandi
3715 2831 3860 2890 ritus,

2302 2901 2395 2953 sed
2429 2897 2552 2969 quia
2590 2900 2900 2962 Encratitze,
2941 2910 2998 2953 ut
3028 2900 3226 2953 ibidem
3260 2897 3511 2962 testatur,
3559 2897 3724 2969 Deum
3771 2914 3861 2950 au-

2303 2968 2505 3023 ctorem
2531 2971 2798 3023 malorum
2823 2972 3231 3035 existimabant,
3255 2969 3440 3023 itidem
3469 2977 3527 3021 ut
3559 2968 3797 3023 Marcion
3817 2975 3863 3020 et

633 3039 776 3104 apud
825 3039 1109 3092 haereticos
1141 3037 1433 3109 initiatum,
1459 3038 1553 3092 sed
1583 3037 1900 3108 jamdudum
1935 3037 2054 3091 sine
2105 3038 2196 3090 ba-
2227 3053 2268 3109 ο
2305 3040 2418 3092 alia:
2442 3041 2692 3109 lttnreses.

633 3110 831 3175 ptismo
863 3109 931 3160 ab
962 3107 1398 3162 antecessoribus
1433 3109 1549 3176 suis
1587 3117 1882 3176 receptum,
1933 3115 2060 3160 ante
2086 3122 2194 3176 non

633 3191 801 3231 ausus
829 3190 912 3232 est
943 3177 1239 3247 baptizare,
1263 3192 1424 3247 quain
1460 3175 1687 3247 Xystum
1716 3175 2044 3247 ’episc0pum
2084 3175 2196 3247 Ro-

634 3261 852 3298 manum
903 3245 1295 3308 consuluisset,
1353 3245 1547 3299 Euseb.
1612 3245 1825 3301 llistJI.
1887 3261 1985 3308 vn,
2047 3260 2096 3299 c.
2139 3245 2194 3297 9.

633 3314 689 3367 2°
718 3315 827 3370 Etsi
869 3325 1100 3369 testatur
1132 3315 1369 3386 Basilius
1403 3332 1511 3369 non
1542 3317 1801 3384 reiectum
1857 3329 1886 3368 a
1938 3315 2198 3386 Dionysio

638 3389 807 3439 tuisse
845 3387 1114 3454 baptisma
1147 3383 1556 3455 Pepuzenorum
1578 3383 1609 3450 ;“
1639 3401 1746 3439 ιιοιι
1784 3393 1964 3439 tamen
1986 3383 2201 3438 videtur

635 3455 980 3509 existimasse
1007 3468 1259 3522 magnum
1291 3457 1440 3509 illuni
1481 3457 1654 3524 virum
1685 3455 1874 3524 eadem
1915 3455 2201 3524 indulgen-

638 3525 710 3574 tia
743 3526 794 3574 ιιι
829 3525 964 3576 alios
1018 3525 1299 3578 haireticos
1349 3538 1506 3577 usum
1546 3523 1734 3577 fuisse.
1777 3523 2006 3578 Miratur
2055 3523 2200 3576 enim

639 3609 735 3644 rur
784 3602 891 3644 tam
933 3591 1224 3645 liberaliter
1273 3595 1444 3661 egerit
1492 3610 1614 3646 cuni
1652 3592 1953 3661 Pepuzenis
2015 3601 2200 3660 utpote

642 3609 735 3644 rur
784 3609 891 3644 tam
933 3609 1224 3645 unci-auter
1273 3609 1444 3713 οῗρηι
1492 3610 1614 3646 cunt
1652 3609 1953 3661 repuzenis
2015 3609 2199 3660 utp0te

642 3663 942 3726 haireticis;
997 3662 1139 3727 quod
1201 3677 1296 3730 pro
1324 3675 1446 3716 ccio
1503 3664 1698 3714 mirum
1757 3662 1834 3730 ei_
1866 3663 2038 3715 visum
2093 3678 2199 3714 non

641 3729 857 3790 fuisset,
889 3732 932 3785 si
965 3733 1116 3801 ipsos
1135 3728 1296 3801 etiam
1327 3730 1673 3785 Marcionitas
1706 3738 1760 3784 et
1793 3728 2202 3801 Valentinianus

641 3802 708 3853 ab
737 3815 802 3854 eo
845 3802 962 3871 sine
990 3799 1280 3871 baptismo
1323 3808 1569 3871 receptos
1620 3801 1960 3855 credidisset.
1996 3799 2202 3871 Quam-

639 3873 828 3924 obrem
854 3869 1037 3923 Basilii
1059 3871 1324 3941 sententia
1353 3869 1511 3941 paulo
1534 3871 1838 3941 re5trictius
1861 3869 2198 3941 accipienda,

643 3955 804 4008 quam
855 3941 1016 4010 vulgo
1049 3940 1331 4009 accipitur.
1354 3939 1593 3995 Constat
1624 3941 1768 3994 illius
1802 3940 1868 3994 de
1903 3939 2202 4009 Pcpuzenis

642 4018 762 4064 sine
797 4011 1066 4080 baptismo
1105 4012 1340 4080 receptis
1377 4011 1771 4072 testimonium,
1805 4020 1966 4080 atque
1995 4025 2062 4064 ex
2097 4010 2199 4062 hoc

644 4078 956 4134 testimonio
1015 4078 1145 4131 illud
1192 4081 1356 4132 etiam
1419 4081 1598 4148 colligi
1648 4078 1892 4149 potest,‘
1923 4080 2204 4148 quodlibet

644 4150 932 4214 baptisma,
968 4148 1128 4217 modo
1155 4149 1293 4202 ritus
1329 4149 1597 4217 legitimus
1629 4148 1736 4202 non
1767 4149 1999 4209 deesset,
2026 4163 2201 4202 ratum

643 4235 672 4270 a
717 4218 971 4288 Dionysio
1013 4216 1254 4270 habitum
1294 4216 1483 4273 l'uiSse.
1542 4219 1646 4271 Sed
1686 4218 1916 4272 Basilius
1976 4219 2093 4286 ipse
2137 4218 2204 4271 de

644 4290 779 4342 solis
813 4288 1113 4357 l’epuzenis
1142 4289 1430 4357 loquitur,
1463 4296 1516 4342 et
1571 4289 1644 4357 in,
1683 4288 1784 4340 hoc
1828 4289 1948 4356 ipso
1995 4302 2204 4340 canone

2375 3110 2486 3175 (5)
2527 3108 2600 3177 Td
2653 3107 2720 3159 δὲ
2763 3109 3090 3176 σχίσματα.
3140 3106 3233 3161 Sic
3280 3106 3527 3177 plerique
3560 3121 3692 3161 mss.
3729 3104 3860 3159 Editi

2295 3178 2393 3240 τὰς
2424 3179 2500 3230 δέ.
2533 3176 2792 3231 Nonnulli
2839 3177 3064 3232 codices
3123 3176 3323 3232 habent
3373 3178 3470 3240 τὰς
3508 3176 3564 3230 δὲ
3609 3192 3864 3248 παρασυν-

2299 3249 2538 3310 αγωγάς.

2337 3265 2623 3369 imi“?
2710 3316 2739 3369 ὲ
2830 3316 2868 3368 ἀ
2961 3315 2986 3325 ·
3389 3316 3438 3368 l'
3607 3315 3618 3326 '
3791 3315 3801 3325 '

2337 3317 2493 3438 nimii
2524 3316 2798 3438 υῗιέῖιιιιξι
2829 3317 3353 3438 Aﬁziﬁ'mii‘i‘fﬁﬂﬂf'.‘
3378 3323 3862 3438 εὲοεῗιῗέιὲξῖῗὲςέῗ-

2301 3384 2493 3454 telligit
2524 3386 2798 3439 Basalius?
2829 3388 2909 3438 An
2942 3384 3342 3454 Firmilianum,
3378 3399 3444 3438 an
3479 3386 3599 3454 ejus
3631 3393 3862 3437 anteces-

2301 3453 2476 3520 sores,
2513 3471 2580 3508 an
2614 3455 3004 3510 successores?
3026 3453 3142 3510 Non
3170 3456 3410 3524 loquitur
3433 3455 3498 3510 de
3521 3453 3858 3516 Firmiliano;

2301 3527 2418 3593 ejus
2452 3527 2593 3578 enim
2616 3525 3078 3594 sententiatnAnon
3109 3540 3299 3594 parum
3333 3525 3400 3576 ab
3425 3527 3527 3578 ista
3551 3525 3855 3592 discrepan-

2301 3591 2406 3647 tem
2445 3596 2584 3646 intra
2633 3607 2874 3662 exponit.
2929 3591 2984 3644 Si
3031 3591 3121 3647 de’
3153 3596 3564 3648 successoribus
3602 3591 3852 3662 loquitur,

2301 3665 2436 3716 nihil
2466 3665 2569 3716 erit
2590 3660 2851 3731 ambigui,
2883 3663 3020 3716 nihil
3050 3677 3159 3716 non
3191 3670 3445 3715 accurate
3485 3663 3708 3715 dictum.
3740 3660 3859 3714 Nam

2302 3747 2425 3786 cum
2462 3731 2810 3786 Firmilianus
2852 3733 3000 3784 nullo
3038 3732 3350 3785 discrimine
3387 3732 3670 3785 habuisset
3693 3732 3859 3799 bapti-

2302 3817 2419 3857 sma
2445 3804 2559 3858 sive
2589 3803 2643 3854 in
2670 3802 2884 3862 haeresi,
2917 3804 3031 3856 sive
3065 3802 3118 3855 in
3147 3801 3464 3863 schismate,
3519 3802 3634 3854 sive
3676 3800 3730 3854 in
3774 3812 3857 3868 pa:

2303 3871 2653 3952 Lasyiiagogis
2693 3871 2906 3952 datum,
2942 3880 3003 3951 ut
3045 3878 3192 3940 patet
3233 3885 3295 3923 ex
3348 3871 3744 3952 eiusepistola

2303 3940 2632 4011 Cyprianum
2656 3949 2710 4011 et
2743 3955 2807 3994 ex
2839 3941 2941 3994 hoc
2966 3942 3082 4009 ipso
3115 3954 3358 4003 canone;
3391 3940 3458 3994 de
3486 3940 3634 3994 illius
3671 3940 3860 4011 severi-

2302 4009 2416 4064 tate
2469 4009 2673 4080 aliquid
2710 4019 2896 4080 postea
2924 4011 3192 4070 limatum,
3234 4017 3288 4062 et
3323 4023 3385 4080 ea
3414 4011 3636 4080 inducta
3683 4009 3860 4080 distin-

2303 4081 2414 4134 ctio
2443 4075 2606 4149 quain
2659 4075 2892 4134 Basilius
2912 4088 3320 4134 commemorat.
3349 4079 3454 4133 Sed
3484 4081 3695 4133 videtur
3724 4075 3862 4130 Basi-

2307 4150 2411 4219 lius
2470 4149 2754 4219 episcopos
2805 4149 3124 4219 Firmiliano
3174 4149 3508 4218 antiquiores
3563 4149 3856 4219 designare.

2309 4218 2430 4272 llaec
2456 4215 2597 4272 enim
2636 4215 2796 4272 v'erba
2827 4222 2939 4280 τοῖς
2975 4218 3034 4281 ἐξ
3074 4219 3245 4288 ἀρχῆς
3286 4215 3418 4273 satis
3451 4228 3574 4286 apte
3601 4215 3704 4288 eos
3731 4215 3860 4269 indiv

2306 4297 2452 4352 cant,
2491 4289 2580 4357 qui
2610 4289 2676 4342 de
2707 4289 2973 4355 baptismo
3003 4285 3175 4356 primi
3204 4285 3624 4354 pertractat-unt.
3651 4285 3860 4357 Praeter-

645 4352 1098 4448 resril’jiaeii
1130 4352 2203 4448 Fffi“‘.".'_‘_.(.s_‘°_FEEF!L“B‘§?E"L‘)-§'LPP
2240 4390 2288 4448 υ
2312 4352 3857 4448 9?.."2fiflffr.PE‘éil‘l’si9’91.PE?!{>LSE“§.~.fl‘iiflﬂa'ff

645 4428 994 4481 manifestum
1023 4434 1099 4496 et,
1128 4438 1253 4481 ante
1287 4427 1478 4482 oculos
1516 4428 1754 4496 positum
1800 4442 1924 4480 esse
1948 4427 2208 4488 declarat,

645 4500 788 4564 quod
814 4495 1131 4550 discesserit
1165 4510 1194 4547 a
1220 4497 1427 4550 saucita
1459 4495 1654 4564 priscis
1684 4497 1988 4549 canonibus
2006 4498 2211 4565 regula,

649 4576 706 4618 ut
737 4568 894 4620 aliter
942 4566 1211 4626 haeretici,
1264 4567 1420 4619 aliter
1472 4566 1805 4619 schisniatici
1851 4566 2209 4633 recipiantur.

645 4636 913 4689 Credebat
941 4651 1072 4702 ergo
1107 4637 1377 4704 opinatam
1426 4635 1568 4688 illam
1602 4637 1839 4703 regulam
1877 4636 1932 4688 in
1954 4635 2077 4689 aliis
2106 4637 2215 4689 hae-

651 4707 867 4758 rcsihus
895 4722 922 4756 a
951 4704 1206 4824 υἱυιιέωιο
1223 4706 1564 4758 observatam
1607 4704 1790 4758 fuisse.

720 4776 831 4824 Hi
885 4772 954 4824 Τὸ
991 4790 1065 4824 an
1108 4774 1176 4824 ἐν
1215 4773 1324 4824 nir-
1374 4776 1630 4824 πίστεως
1665 4790 1790 4824 παι).

720 4776 831 4844 (4)
866 4772 954 4844 ῨΤὸ
975 4772 1176 4844 ,μηδὲν
1215 4773 1324 4841 τῆς
1374 4776 1630 4834 πίστεως
1665 4773 2079 4841 παρεκὸαἴνον.
2118 4772 2214 4829 His

648 4843 830 4897 verbis
865 4843 1119 4903 Basilius,
1163 4845 1250 4911 qui
1296 4844 1426 4897 nihil
1461 4863 1490 4896 ιι
1528 4845 1630 4912 [ide
1677 4845 1892 4902 recedit.
1943 4845 2213 4912 baptisma

650 4913 921 4981 intelligit,
956 4912 1098 4984 quod
1126 4914 1192 4984 ab
1213 4915 1520 4984 hominibus
1549 4914 1681 4984 nihil
1707 4915 1760 4984 in
1796 4913 1951 4965 Iidem
1983 4929 2214 4982 peccan-

652 4987 798 5036 tibus
827 4991 981 5037 extra
1030 4981 1324 5037 Ecclesium
1375 4983 1555 5036 datur.
1582 4982 1714 5034 Nam
1751 4983 1805 5035 in
1836 4991 1949 5034 toto
1979 4981 2081 5036 hoc
2121 4999 2213 5036 ca-

651 5069 794 5108 none
848 5067 954 5105 non
1000 5052 1213 5121 quaerit,
1269 5060 1449 5121 utrum
1502 5053 1788 5104 observata
1839 5065 2013 5105 necne
2049 5051 2210 5106 fuerit

653 5125 966 5192 praescripti
1007 5120 1035 5173 a
1076 5123 1291 5174 Christo
1314 5120 1484 5175 forma
1521 5139 1533 5172 :
1570 5122 1663 5174 sed
1695 5135 1812 5192 eant
1851 5136 1986 5182 rent,
2025 5131 2083 5174 tit
2111 5124 2212 5173 mi-

654 5191 798 5245 iiime
850 5201 1251 5246 controversam
1298 5191 1742 5259 prwterinittens,
1801 5191 2054 5259 baptismi
2097 5192 2214 5257 reji-

651 5264 828 5316 ciendi
867 5271 958 5313 aut
1020 5262 1279 5330 probandi
1337 5261 1574 5329 regulam
1618 5259 1809 5329 repetit
1852 5277 1915 5312 ex
1952 5276 2083 5313 sana
2119 5269 2211 5313 aut

656 5335 907 5385 lucretio.)
937 5331 1203 5384 doctrina.
1243 5330 1376 5383 llinc
1415 5332 1502 5382 illa
1533 5330 1822 5390 hazresum,
1856 5331 2208 5384 schismatuin

653 5413 706 5456 et
740 5415 1264 5472 par-asynagogarutn
1294 5400 1602 5462 distinctio,
1629 5416 1692 5453 ex
1724 5415 1826 5467 qua
1857 5403 2099 5472 proiecto
2128 5401 2210 5452 di-

653 5470 841 5538 gndsci
899 5470 1002 5524 non
1037 5472 1225 5538 possit,
1259 5479 1439 5523 utrum
1483 5472 1753 5523 observati
1795 5486 1959 5524 necne
2010 5470 2210 5523 fuerint

657 5541 877 5610 legivimi
924 5543 1080 5594 ritus.
1143 5541 1277 5592 llinc
1327 5543 1486 5592 etiam
1533 5540 1772 5592 Basilius
1835 5541 2207 5594 luereticormn

657 5611 944 5680 baptisma,
982 5612 1082 5664 etsi
1132 5627 1163 5662 a
1202 5611 1302 5677 ﬁde
1334 5611 1541 5672 recedit,
1590 5611 1854 5663 interdum
1901 5619 2077 5663 tamen
2125 5625 2210 5662 ra-

659 5689 770 5735 tum
806 5695 926 5734 esse
968 5684 1192 5749 patitur,
1232 5682 1275 5735 si
1330 5684 1398 5734 ita
1434 5681 1665 5748 postulet.
1721 5681 1934 5749 publica
1982 5683 2205 5734 utilitas.

2315 4428 2416 4480 fuit
2448 4425 2768 4487 Firiniliani.
2816 4430 2884 4480 ab
2930 4422 3029 4480 hac
3057 4422 3409 4482 distinctione
3454 4422 3770 4480 discesserit
3811 4422 3858 4474 in

2316 4498 2627 4570 recipiendo
2658 4495 3389 4570 Pepuzen‘orun‘ibaptismo.
3424 4494 3542 4548 Jam
3576 4504 3694 4570 tuin
3740 4507 3856 4570 ergo

2315 4564 2458 4618 illam
2489 4569 2721 4636 viguisse
2738 4564 3009 4620 credebat.
3040 4564 3372 4619 llaec’autein
3417 4565 3589 4619 sancti
3625 4564 3856 4636 doctoris

2316 4638 2499 4704 opinio
2523 4630 2647 4691 Cum
2679 4652 2778 4690 sua
2809 4645 2999 4704 sponte
3035 4651 3142 4687 non
3176 4635 3488 4688 verisimilis
3524 4643 3628 4695 est,
3659 4643 3768 4688 tutn
3801 4630 3858 4682 ab

2316 4703 2434 4774 ipso
2475 4707 2790 4760 lt‘irntilian'o
2825 4703 3109 4764 refellitur,
3156 4705 3250 4771 qui
3299 4706 3620 4759 sententiam
3651 4717 3798 4759 suam
3835 4713 3860 4751 a

2317 4777 2613 4842 majoribus
2645 4774 2917 4842 accepisse
2963 4789 3022 4828 se
3067 4782 3319 4828 testatur.
3378 4775 3486 4827 Aec
3524 4775 3858 4830 meminimus,

2316 4846 2489 4913 inquit
2520 4847 2572 4898 in
2603 4846 2829 4913 epistola
2867 4845 3006 4897 inter
3037 4843 3396 4913 Cyprianicas
3418 4844 3504 4907 75,
3551 4860 3601 4912 ρ.
3651 4844 3748 4896 149
3771 4856 3858 4893 nu—

2314 4912 2402 4968 vze
2424 4917 2578 4976 edit.,
2610 4912 2703 4966 hoc
2725 4913 2863 4978 apud
2902 4929 2994 4965 nos
3020 4912 3307 4982 aliquando
3332 4916 3562 4981 coepisse.
3582 4924 3861 4982 rumuscul-

2312 5001 2402 5048 μετ’
2422 4985 2540 5036 istic
2578 4984 2904 5036 observatum
2935 4983 3023 5045 sit,
3055 4979 3117 5035 ut
3133 4999 3233 5035 non
3261 4984 3365 5036 nisi
3394 4979 3549 5035 unam
3569 4981 3666 5036 Dei
3695 4979 3860 5032 Eccle-

2313 5056 2443 5105 siam
2467 5070 2752 5115 nossemus,
2784 5063 2830 5106 et
2861 5064 3101 5106 sanctum
3132 5052 3394 5119 baptisma
3418 5070 3517 5105 non
3546 5053 3648 5104 nisi
3677 5057 3857 5104 sancta

2318 5123 2565 5176 Ecclesia:
2589 5134 3028 5190 computaretnus.
3066 5123 3332 5177 Credebat
3369 5137 3495 5191 ergo
3526 5119 3854 5173 Firinilianus

2314 5193 2553 5260 ignotam
2592 5195 2893 5260 majoribus
2923 5193 3037 5247 suis
3076 5192 3246 5246 fuisse
3273 5192 3679 5244 distinctionem
3705 5191 3856 5242 haere-

2313 5271 2544 5315 ticorum
2585 5272 2638 5316 et
2691 5264 3164 5317 schismaticoruin
3205 5262 3259 5314 in
3294 5263 3618 5329 baptismate
3661 5280 3674 5313 :
3717 5261 3857 5326 longe

2313 5334 2470 5386 aliter
2499 5335 2673 5388 visunt
2705 5334 2922 5386 Basilio.
2943 5330 3095 5386 Unde
3115 5339 3260 5398 patet
3289 5345 3534 5384 sutnntos
3563 5331 3687 5385 illos
3713 5331 3857 5386 viros.

2313 5400 2688 5475 Firinilianum
2724 5413 2777 5457 et
2807 5400 3512 5475 liusilium,_errasse._duni_
3535 5416 3693 5475 suam
3728 5407 3852 5475 uter-

2311 5487 2417 5539 que
2445 5474 2756 5540 opinionem
2783 5475 2934 5541 justo
2968 5473 3180 5535 longius
3214 5471 3431 5538 repetit,
3467 5471 3602 5541 alter
3635 5471 3708 5524 ab
3745 5471 3858 5538 ipsis

2312 5538 2594 5610 apostolis,
2661 5538 2798 5598 alter
2840 5557 2870 5596 ιι
2940 5541 3276 5611 temporibus
3323 5547 3451 5596 ante
3501 5538 3856 5596 Firmilianum

2310 5614 2530 5682 elapsis.
