  <div class='ocr_page' id='page_1' title='image "/cluster/home/n/w/nwhite01/storage/ocr_20150623/138/pst.000005714544/327.png"; bbox 0 0 3998 6326; ppageno 0'>
   <div class='ocr_carea' id='block_1_1' title="bbox 605 349 706 413">
    <p class='ocr_par' dir='ltr' id='par_1_1' title="bbox 605 349 706 413">
     <span class='ocr_line' id='line_1_1' title="bbox 605 349 706 413; baseline -0.02 -2"><span class='ocrx_word' id='word_1_1' title='bbox 605 349 706 413; x_wconf 76' lang='grc'><strong>575</strong></span> 
     </span>
    </p>
   </div>
   <div class='ocr_carea' id='block_1_2' title="bbox 1874 333 2587 398">
    <p class='ocr_par' dir='ltr' id='par_1_2' title="bbox 1874 333 2587 398">
     <span class='ocr_line' id='line_1_2' title="bbox 1874 333 2587 398; baseline 0.006 -5"><span class='ocrx_word' id='word_1_2' title='bbox 1874 333 2144 397; x_wconf 72' lang='grc' dir='ltr'><strong>ΤιιΕοῡ.</strong></span> <span class='ocrx_word' id='word_1_3' title='bbox 2191 337 2587 398; x_wconf 59' lang='grc' dir='ltr'><strong>ΒΑΙΒΑἩΟΝ</strong></span> 
     </span>
    </p>
   </div>
   <div class='ocr_carea' id='block_1_3' title="bbox 3722 330 3824 395">
    <p class='ocr_par' dir='ltr' id='par_1_3' title="bbox 3722 330 3824 395">
     <span class='ocr_line' id='line_1_3' title="bbox 3722 330 3824 395; baseline 0.01 -2"><span class='ocrx_word' id='word_1_4' title='bbox 3722 330 3824 395; x_wconf 72' lang='lat'><strong>575</strong></span> 
     </span>
    </p>
   </div>
   <div class='ocr_carea' id='block_1_4' title="bbox 603 439 2183 542">
    <p class='ocr_par' dir='ltr' id='par_1_4' title="bbox 603 464 2178 542">
     <span class='ocr_line' id='line_1_4' title="bbox 603 464 2178 542; baseline -0.003 -18"><span class='ocrx_word' id='word_1_5' title='bbox 603 472 849 539; x_wconf 86' lang='lat' dir='ltr'><strong>peritum,</strong></span> <span class='ocrx_word' id='word_1_6' title='bbox 894 470 1115 542; x_wconf 71' lang='lat' dir='ltr'><strong>fugerit.</strong></span> <span class='ocrx_word' id='word_1_7' title='bbox 1151 469 1372 539; x_wconf 71' lang='lat' dir='ltr'><strong>Antiqui</strong></span> <span class='ocrx_word' id='word_1_8' title='bbox 1422 466 1565 520; x_wconf 87' lang='lat' dir='ltr'><strong>enim</strong></span> <span class='ocrx_word' id='word_1_9' title='bbox 1606 464 1738 519; x_wconf 89' lang='lat' dir='ltr'><strong>illud</strong></span> <span class='ocrx_word' id='word_1_10' title='bbox 1772 464 2041 534; x_wconf 78' lang='lat' dir='ltr'><strong>baptisma</strong></span> <span class='ocrx_word' id='word_1_11' title='bbox 2080 481 2178 520; x_wconf 78' lang='lat' dir='ltr'><strong>su-</strong></span> 
     </span>
    </p>
   </div>
   <div class='ocr_carea' id='block_1_5' title="bbox 2285 439 3822 542">
    <p class='ocr_par' dir='ltr' id='par_1_5' title="bbox 2285 439 3822 528">
     <span class='ocr_line' id='line_1_5' title="bbox 2285 439 3822 528; baseline 0 -16"><span class='ocrx_word' id='word_1_12' title='bbox 2285 459 2436 526; x_wconf 24' lang='grc' dir='ltr'><strong>ηλοεν.</strong></span> <span class='ocrx_word' id='word_1_13' title='bbox 2497 457 2702 509; x_wconf 79' lang='grc' dir='ltr'><strong>Ἐκεῖνο</strong></span> <span class='ocrx_word' id='word_1_14' title='bbox 2776 454 2884 528; x_wconf 53' lang='lat' dir='ltr'><strong>rip</strong></span> <span class='ocrx_word' id='word_1_15' title='bbox 2946 468 3156 527; x_wconf 79' lang='grc' dir='ltr'><strong>εκρινον</strong></span> <span class='ocrx_word' id='word_1_16' title='bbox 3212 459 3261 510; x_wconf 86' lang='lat' dir='ltr'><strong>oi</strong></span> <span class='ocrx_word' id='word_1_17' title='bbox 3309 439 3527 511; x_wconf 65' lang='grc' dir='ltr'><strong>παλαιοί</strong></span> <span class='ocrx_word' id='word_1_18' title='bbox 3578 459 3822 528; x_wconf 75' lang='grc' dir='ltr'><strong>δέχεσθαι</strong></span> 
     </span>
    </p>
   </div>
   <div class='ocr_carea' id='block_1_6' title="bbox 607 553 2176 629">
    <p class='ocr_par' dir='ltr' id='par_1_6' title="bbox 607 553 2176 629">
     <span class='ocr_line' id='line_1_6' title="bbox 607 553 2176 629; baseline -0.003 -14"><span class='ocrx_word' id='word_1_19' title='bbox 607 559 948 628; x_wconf 76' lang='lat' dir='ltr'><strong>Spiciendum</strong></span> <span class='ocrx_word' id='word_1_20' title='bbox 1001 569 1293 629; x_wconf 89' lang='lat' dir='ltr'><strong>putavere,</strong></span> <span class='ocrx_word' id='word_1_21' title='bbox 1341 555 1488 626; x_wconf 90' lang='lat' dir='ltr'><strong>quod</strong></span> <span class='ocrx_word' id='word_1_22' title='bbox 1541 553 1676 607; x_wconf 83' lang='lat' dir='ltr'><strong>nihil</strong></span> <span class='ocrx_word' id='word_1_23' title='bbox 1722 569 1749 607; x_wconf 91' lang='lat' dir='ltr'><strong>a</strong></span> <span class='ocrx_word' id='word_1_24' title='bbox 1787 554 1889 610; x_wconf 83' lang='lat' dir='ltr'><strong>lide</strong></span> <span class='ocrx_word' id='word_1_25' title='bbox 1934 556 2176 626; x_wconf 89' lang='lat' dir='ltr'><strong>recedit;</strong></span> 
     </span>
    </p>
   </div>
   <div class='ocr_carea' id='block_1_7' title="bbox 2256 546 3827 617">
    <p class='ocr_par' dir='ltr' id='par_1_7' title="bbox 2256 546 3827 617">
     <span class='ocr_line' id='line_1_7' title="bbox 2256 546 3827 617; baseline 0.001 -15"><span class='ocrx_word' id='word_1_26' title='bbox 2256 551 2557 617; x_wconf 63' lang='grc' dir='ltr'><strong>βάπτισμα,</strong></span> <span class='ocrx_word' id='word_1_27' title='bbox 2594 547 2655 599; x_wconf 80' lang='grc' dir='ltr'><strong>τὸ</strong></span> <span class='ocrx_word' id='word_1_28' title='bbox 2679 546 2841 616; x_wconf 79' lang='grc' dir='ltr'><strong>μηδὲν</strong></span> <span class='ocrx_word' id='word_1_29' title='bbox 2884 547 2984 617; x_wconf 81' lang='grc' dir='ltr'><strong>τῆς</strong></span> <span class='ocrx_word' id='word_1_30' title='bbox 3018 546 3252 610; x_wconf 85' lang='grc' dir='ltr'><strong>πίστεως</strong></span> <span class='ocrx_word' id='word_1_31' title='bbox 3282 551 3651 617; x_wconf 57' lang='grc' dir='ltr'><strong>παρεκίίαῖνον</strong></span> <span class='ocrx_word' id='word_1_32' title='bbox 3681 549 3827 616; x_wconf 61' lang='grc'><strong>(11·</strong></span> 
     </span>
    </p>
   </div>
   <div class='ocr_carea' id='block_1_8' title="bbox 609 638 2183 716">
    <p class='ocr_par' dir='ltr' id='par_1_8' title="bbox 609 643 2176 716">
     <span class='ocr_line' id='line_1_8' title="bbox 609 643 2176 716; baseline 0 -15"><span class='ocrx_word' id='word_1_33' title='bbox 609 651 750 702; x_wconf 89' lang='lat' dir='ltr'><strong>unde</strong></span> <span class='ocrx_word' id='word_1_34' title='bbox 775 650 912 703; x_wconf 89' lang='lat' dir='ltr'><strong>alias</strong></span> <span class='ocrx_word' id='word_1_35' title='bbox 948 649 1166 716; x_wconf 77' lang='lat' dir='ltr'><strong>quidem</strong></span> <span class='ocrx_word' id='word_1_36' title='bbox 1204 647 1460 708; x_wconf 64' lang='lat' dir='ltr'><strong>haereses.</strong></span> <span class='ocrx_word' id='word_1_37' title='bbox 1512 643 1618 696; x_wconf 84' lang='lat' dir='ltr'><strong>alia</strong></span> <span class='ocrx_word' id='word_1_38' title='bbox 1670 643 1988 712; x_wconf 73' lang='lat' dir='ltr'><strong>schismata,</strong></span> <span class='ocrx_word' id='word_1_39' title='bbox 2043 647 2176 702; x_wconf 77' lang='lat' dir='ltr'><strong>alias</strong></span> 
     </span>
    </p>
   </div>
   <div class='ocr_carea' id='block_1_9' title="bbox 2285 638 3832 716">
    <p class='ocr_par' dir='ltr' id='par_1_9' title="bbox 2285 638 3832 709">
     <span class='ocr_line' id='line_1_9' title="bbox 2285 638 3832 709; baseline -0.001 -18"><span class='ocrx_word' id='word_1_40' title='bbox 2285 641 2372 692; x_wconf 64' lang='grc' dir='ltr'><strong>θεν</strong></span> <span class='ocrx_word' id='word_1_41' title='bbox 2394 640 2494 702; x_wconf 77' lang='grc' dir='ltr'><strong>τὰς</strong></span> <span class='ocrx_word' id='word_1_42' title='bbox 2510 640 2606 709; x_wconf 81' lang='grc' dir='ltr'><strong>μὲν</strong></span> <span class='ocrx_word' id='word_1_43' title='bbox 2631 639 2870 709; x_wconf 78' lang='grc' dir='ltr'><strong>αἱρέσεις</strong></span> <span class='ocrx_word' id='word_1_44' title='bbox 2890 638 3199 708; x_wconf 79' lang='grc' dir='ltr'><strong>ὠνόμασαν,</strong></span> <span class='ocrx_word' id='word_1_45' title='bbox 3225 639 3292 691; x_wconf 70' lang='grc' dir='ltr'><strong>τὰ</strong></span> <span class='ocrx_word' id='word_1_46' title='bbox 3320 639 3376 690; x_wconf 81' lang='grc' dir='ltr'>δὲ</span> <span class='ocrx_word' id='word_1_47' title='bbox 3403 639 3677 708; x_wconf 75' lang='grc' dir='ltr'><strong>σχίσματα</strong></span> <span class='ocrx_word' id='word_1_48' title='bbox 3698 640 3712 706; x_wconf 88' lang='grc'><strong>(</strong></span> <span class='ocrx_word' id='word_1_49' title='bbox 3733 643 3770 696; x_wconf 84' lang='grc'><strong>5</strong></span> <span class='ocrx_word' id='word_1_50' title='bbox 3796 640 3832 700; x_wconf 69' lang='grc'><strong>1,</strong></span> 
     </span>
    </p>
   </div>
   <div class='ocr_carea' id='block_1_10' title="bbox 608 733 2179 807">
    <p class='ocr_par' dir='ltr' id='par_1_10' title="bbox 608 733 2179 807">
     <span class='ocr_line' id='line_1_10' title="bbox 608 733 2179 807; baseline 0.001 -19"><span class='ocrx_word' id='word_1_51' title='bbox 608 753 1058 807; x_wconf 73' lang='lat' dir='ltr'><strong>parasynagogas</strong></span> <span class='ocrx_word' id='word_1_52' title='bbox 1105 737 1474 806; x_wconf 75' lang='lat' dir='ltr'><strong>appellarunt.</strong></span> <span class='ocrx_word' id='word_1_53' title='bbox 1511 733 1757 790; x_wconf 68' lang='lat' dir='ltr'><strong>llaareses</strong></span> <span class='ocrx_word' id='word_1_54' title='bbox 1795 736 2014 804; x_wconf 79' lang='lat' dir='ltr'><strong>quidem</strong></span> <span class='ocrx_word' id='word_1_55' title='bbox 2063 752 2179 801; x_wconf 89' lang='lat' dir='ltr'><strong>eos,</strong></span> 
     </span>
    </p>
   </div>
   <div class='ocr_carea' id='block_1_11' title="bbox 607 825 2175 895">
    <p class='ocr_par' dir='ltr' id='par_1_11' title="bbox 607 825 2175 895">
     <span class='ocr_line' id='line_1_11' title="bbox 607 825 2175 895; baseline 0.002 -20"><span class='ocrx_word' id='word_1_56' title='bbox 607 833 696 894; x_wconf 86' lang='lat' dir='ltr'><strong>qui</strong></span> <span class='ocrx_word' id='word_1_57' title='bbox 735 828 952 895; x_wconf 84' lang='lat' dir='ltr'><strong>penitus</strong></span> <span class='ocrx_word' id='word_1_58' title='bbox 987 828 1181 881; x_wconf 91' lang='lat' dir='ltr'><strong>resecti</strong></span> <span class='ocrx_word' id='word_1_59' title='bbox 1213 833 1362 886; x_wconf 83' lang='lat' dir='ltr'><strong>sunt,</strong></span> <span class='ocrx_word' id='word_1_60' title='bbox 1394 836 1445 878; x_wconf 89' lang='lat' dir='ltr'><strong>et</strong></span> <span class='ocrx_word' id='word_1_61' title='bbox 1476 826 1529 878; x_wconf 93' lang='lat' dir='ltr'><strong>in</strong></span> <span class='ocrx_word' id='word_1_62' title='bbox 1561 825 1676 894; x_wconf 90' lang='lat' dir='ltr'><strong>ipsa</strong></span> <span class='ocrx_word' id='word_1_63' title='bbox 1709 825 1814 879; x_wconf 86' lang='lat' dir='ltr'><strong>lide</strong></span> <span class='ocrx_word' id='word_1_64' title='bbox 1847 827 2175 892; x_wconf 86' lang='lat' dir='ltr'><strong>abalienati;</strong></span> 
     </span>
    </p>
   </div>
   <div class='ocr_carea' id='block_1_12' title="bbox 608 917 2175 985">
    <p class='ocr_par' dir='ltr' id='par_1_12' title="bbox 608 917 2175 985">
     <span class='ocr_line' id='line_1_12' title="bbox 608 917 2175 985; baseline 0.002 -16"><span class='ocrx_word' id='word_1_65' title='bbox 608 919 900 972; x_wconf 86' lang='lat' dir='ltr'><strong>schismata</strong></span> <span class='ocrx_word' id='word_1_66' title='bbox 961 933 1112 978; x_wconf 89' lang='lat' dir='ltr'><strong>vero,</strong></span> <span class='ocrx_word' id='word_1_67' title='bbox 1176 933 1293 981; x_wconf 84' lang='lat' dir='ltr'><strong>eos,</strong></span> <span class='ocrx_word' id='word_1_68' title='bbox 1342 917 1436 985; x_wconf 90' lang='lat' dir='ltr'><strong>qui</strong></span> <span class='ocrx_word' id='word_1_69' title='bbox 1489 925 1710 984; x_wconf 82' lang='lat' dir='ltr'><strong>propter</strong></span> <span class='ocrx_word' id='word_1_70' title='bbox 1773 919 2175 972; x_wconf 75' lang='lat' dir='ltr'><strong>ecclesiasticas</strong></span> 
     </span>
    </p>
   </div>
   <div class='ocr_carea' id='block_1_13' title="bbox 607 1008 2178 1078">
    <p class='ocr_par' dir='ltr' id='par_1_13' title="bbox 607 1008 2178 1078">
     <span class='ocr_line' id='line_1_13' title="bbox 607 1008 2178 1078; baseline 0.001 -18"><span class='ocrx_word' id='word_1_71' title='bbox 607 1010 873 1078; x_wconf 88' lang='lat' dir='ltr'><strong>quasdam</strong></span> <span class='ocrx_word' id='word_1_72' title='bbox 902 1023 1095 1062; x_wconf 83' lang='lat' dir='ltr'><strong>causas</strong></span> <span class='ocrx_word' id='word_1_73' title='bbox 1129 1015 1183 1061; x_wconf 86' lang='lat' dir='ltr'><strong>et</strong></span> <span class='ocrx_word' id='word_1_74' title='bbox 1212 1008 1546 1077; x_wconf 69' lang='lat' dir='ltr'><strong>quaestiones</strong></span> <span class='ocrx_word' id='word_1_75' title='bbox 1575 1009 1716 1060; x_wconf 91' lang='lat' dir='ltr'><strong>inter</strong></span> <span class='ocrx_word' id='word_1_76' title='bbox 1747 1015 2030 1076; x_wconf 70' lang='lat' dir='ltr'><strong>utramque</strong></span> <span class='ocrx_word' id='word_1_77' title='bbox 2059 1024 2178 1077; x_wconf 88' lang='lat' dir='ltr'><strong>par-</strong></span> 
     </span>
    </p>
   </div>
   <div class='ocr_carea' id='block_1_14' title="bbox 608 1098 2178 1168">
    <p class='ocr_par' dir='ltr' id='par_1_14' title="bbox 608 1098 2178 1168">
     <span class='ocr_line' id='line_1_14' title="bbox 608 1098 2178 1168; baseline -0.001 -14"><span class='ocrx_word' id='word_1_78' title='bbox 608 1111 712 1155; x_wconf 86' lang='lat' dir='ltr'><strong>tem</strong></span> <span class='ocrx_word' id='word_1_79' title='bbox 746 1115 850 1153; x_wconf 93' lang='lat' dir='ltr'><strong>nou</strong></span> <span class='ocrx_word' id='word_1_80' title='bbox 895 1100 1231 1152; x_wconf 77' lang='lat' dir='ltr'><strong>insanabiles</strong></span> <span class='ocrx_word' id='word_1_81' title='bbox 1265 1098 1567 1162; x_wconf 82' lang='lat' dir='ltr'><strong>dissident;</strong></span> <span class='ocrx_word' id='word_1_82' title='bbox 1600 1112 2042 1168; x_wconf 78' lang='lat' dir='ltr'><strong>parasynagogas</strong></span> <span class='ocrx_word' id='word_1_83' title='bbox 2085 1117 2178 1152; x_wconf 85' lang='lat' dir='ltr'><strong>au-</strong></span> 
     </span>
    </p>
   </div>
   <div class='ocr_carea' id='block_1_15' title="bbox 609 1190 2184 1260">
    <p class='ocr_par' dir='ltr' id='par_1_15' title="bbox 609 1190 2184 1260">
     <span class='ocr_line' id='line_1_15' title="bbox 609 1190 2184 1260; baseline 0 -17"><span class='ocrx_word' id='word_1_84' title='bbox 609 1201 737 1254; x_wconf 83' lang='lat' dir='ltr'><strong>tem,</strong></span> <span class='ocrx_word' id='word_1_85' title='bbox 778 1201 1086 1244; x_wconf 81' lang='lat' dir='ltr'><strong>conventus</strong></span> <span class='ocrx_word' id='word_1_86' title='bbox 1118 1191 1242 1243; x_wconf 87' lang='lat' dir='ltr'><strong>illos</strong></span> <span class='ocrx_word' id='word_1_87' title='bbox 1273 1191 1365 1259; x_wconf 84' lang='lat' dir='ltr'><strong>qui</strong></span> <span class='ocrx_word' id='word_1_88' title='bbox 1405 1191 1472 1243; x_wconf 89' lang='lat' dir='ltr'><strong>ab</strong></span> <span class='ocrx_word' id='word_1_89' title='bbox 1511 1190 1875 1260; x_wconf 71' lang='lat' dir='ltr'><strong>immorigeris</strong></span> <span class='ocrx_word' id='word_1_90' title='bbox 1906 1191 2184 1258; x_wconf 63' lang='lat' dir='ltr'><strong>presbyte-</strong></span> 
     </span>
    </p>
   </div>
   <div class='ocr_carea' id='block_1_16' title="bbox 2263 729 3835 800">
    <p class='ocr_par' dir='ltr' id='par_1_16' title="bbox 2263 729 3835 800">
     <span class='ocr_line' id='line_1_16' title="bbox 2263 729 3835 800; baseline -0.002 -18"><span class='ocrx_word' id='word_1_91' title='bbox 2263 730 2353 791; x_wconf 69' lang='grc' dir='ltr'><strong>τὰς</strong></span> <span class='ocrx_word' id='word_1_92' title='bbox 2383 731 2438 782; x_wconf 75' lang='grc' dir='ltr'><strong>δὲ</strong></span> <span class='ocrx_word' id='word_1_93' title='bbox 2472 729 2966 800; x_wconf 81' lang='grc' dir='ltr'><strong>παρασυναγωγάς.</strong></span> <span class='ocrx_word' id='word_1_94' title='bbox 3007 730 3253 799; x_wconf 76' lang='grc' dir='ltr'><strong>Λίρέσεις</strong></span> <span class='ocrx_word' id='word_1_95' title='bbox 3286 731 3382 799; x_wconf 79' lang='grc' dir='ltr'><strong>μὲν</strong></span> <span class='ocrx_word' id='word_1_96' title='bbox 3414 732 3536 792; x_wconf 75' lang='grc' dir='ltr'><strong>τοὺς</strong></span> <span class='ocrx_word' id='word_1_97' title='bbox 3561 729 3835 789; x_wconf 72' lang='grc' dir='ltr'><strong>παντελῶς</strong></span> 
     </span>
    </p>
   </div>
   <div class='ocr_carea' id='block_1_17' title="bbox 2256 817 3840 892">
    <p class='ocr_par' dir='ltr' id='par_1_17' title="bbox 2256 817 3840 892">
     <span class='ocr_line' id='line_1_17' title="bbox 2256 817 3840 892; baseline -0.004 -19"><span class='ocrx_word' id='word_1_98' title='bbox 2256 822 2730 892; x_wconf 73' lang='grc' dir='ltr'><strong>ἀπεῤῥηγμένους,</strong></span> <span class='ocrx_word' id='word_1_99' title='bbox 2777 821 2869 872; x_wconf 72' lang='grc' dir='ltr'><strong>καὶ</strong></span> <span class='ocrx_word' id='word_1_100' title='bbox 2903 821 3021 872; x_wconf 73' lang='grc' dir='ltr'><strong>κατ’</strong></span> <span class='ocrx_word' id='word_1_101' title='bbox 3065 820 3232 890; x_wconf 78' lang='grc' dir='ltr'><strong>αὐτὴν</strong></span> <span class='ocrx_word' id='word_1_102' title='bbox 3264 821 3360 890; x_wconf 79' lang='grc' dir='ltr'><strong>τὴν</strong></span> <span class='ocrx_word' id='word_1_103' title='bbox 3394 820 3573 871; x_wconf 83' lang='grc' dir='ltr'><strong>πίστιν</strong></span> <span class='ocrx_word' id='word_1_104' title='bbox 3605 817 3840 886; x_wconf 72' lang='grc' dir='ltr'><strong>ἀπηλλο-</strong></span> 
     </span>
    </p>
   </div>
   <div class='ocr_carea' id='block_1_18' title="bbox 2256 909 3839 982">
    <p class='ocr_par' dir='ltr' id='par_1_18' title="bbox 2256 909 3839 982">
     <span class='ocr_line' id='line_1_18' title="bbox 2256 909 3839 982; baseline -0.004 -17"><span class='ocrx_word' id='word_1_105' title='bbox 2256 914 2630 982; x_wconf 78' lang='grc' dir='ltr'><strong>τριωμένους·</strong></span> <span class='ocrx_word' id='word_1_106' title='bbox 2669 913 2940 982; x_wconf 75' lang='grc' dir='ltr'><strong>σχίσματα</strong></span> <span class='ocrx_word' id='word_1_107' title='bbox 2979 912 3034 964; x_wconf 83' lang='grc' dir='ltr'><strong>δὲ</strong></span> <span class='ocrx_word' id='word_1_108' title='bbox 3085 913 3211 975; x_wconf 73' lang='grc' dir='ltr'><strong>τοὺς</strong></span> <span class='ocrx_word' id='word_1_109' title='bbox 3250 912 3316 964; x_wconf 83' lang='grc' dir='ltr'><strong>δι’</strong></span> <span class='ocrx_word' id='word_1_110' title='bbox 3354 911 3537 972; x_wconf 79' lang='grc' dir='ltr'><strong>αἰτίας</strong></span> <span class='ocrx_word' id='word_1_111' title='bbox 3559 909 3712 971; x_wconf 79' lang='grc' dir='ltr'><strong>τινὰς</strong></span> <span class='ocrx_word' id='word_1_112' title='bbox 3741 910 3839 960; x_wconf 71' lang='grc' dir='ltr'><strong>ικ-</strong></span> 
     </span>
    </p>
   </div>
   <div class='ocr_carea' id='block_1_19' title="bbox 2258 999 3842 1073">
    <p class='ocr_par' dir='ltr' id='par_1_19' title="bbox 2258 999 3842 1073">
     <span class='ocr_line' id='line_1_19' title="bbox 2258 999 3842 1073; baseline -0.003 -17"><span class='ocrx_word' id='word_1_113' title='bbox 2258 1005 2652 1073; x_wconf 69' lang='grc' dir='ltr'><strong>κλησιαστικὰς</strong></span> <span class='ocrx_word' id='word_1_114' title='bbox 2690 1003 2785 1055; x_wconf 79' lang='grc' dir='ltr'><strong>καὶ</strong></span> <span class='ocrx_word' id='word_1_115' title='bbox 2838 1003 3125 1073; x_wconf 72' lang='grc' dir='ltr'><strong>ζητήματα</strong></span> <span class='ocrx_word' id='word_1_116' title='bbox 3173 1003 3364 1071; x_wconf 71' lang='grc' dir='ltr'><strong>ἰάσιμα</strong></span> <span class='ocrx_word' id='word_1_117' title='bbox 3406 1001 3540 1066; x_wconf 72' lang='grc' dir='ltr'>πρὸς</span> <span class='ocrx_word' id='word_1_118' title='bbox 3575 999 3842 1068; x_wconf 77' lang='grc' dir='ltr'><strong>ἀλλήλους</strong></span> 
     </span>
    </p>
   </div>
   <div class='ocr_carea' id='block_1_20' title="bbox 2260 1090 3844 1162">
    <p class='ocr_par' dir='ltr' id='par_1_20' title="bbox 2260 1090 3844 1162">
     <span class='ocr_line' id='line_1_20' title="bbox 2260 1090 3844 1162; baseline -0.003 -17"><span class='ocrx_word' id='word_1_119' title='bbox 2260 1094 2662 1161; x_wconf 77' lang='grc' dir='ltr'><strong>διενεχθέντας’</strong></span> <span class='ocrx_word' id='word_1_120' title='bbox 2726 1093 3200 1162; x_wconf 69' lang='grc' dir='ltr'><strong>παρασυναγωγὰς</strong></span> <span class='ocrx_word' id='word_1_121' title='bbox 3245 1093 3298 1144; x_wconf 80' lang='grc' dir='ltr'><strong>δὲ</strong></span> <span class='ocrx_word' id='word_1_122' title='bbox 3326 1093 3425 1154; x_wconf 69' lang='grc' dir='ltr'><strong>τὰς</strong></span> <span class='ocrx_word' id='word_1_123' title='bbox 3463 1090 3706 1155; x_wconf 71' lang='grc' dir='ltr'><strong>συνάξεις</strong></span> <span class='ocrx_word' id='word_1_124' title='bbox 3741 1090 3844 1150; x_wconf 71' lang='grc' dir='ltr'><strong>τὰς</strong></span> 
     </span>
    </p>
   </div>
   <div class='ocr_carea' id='block_1_21' title="bbox 2270 1181 3843 1252">
    <p class='ocr_par' dir='ltr' id='par_1_21' title="bbox 2270 1181 3843 1252">
     <span class='ocr_line' id='line_1_21' title="bbox 2270 1181 3843 1252; baseline -0.002 -19"><span class='ocrx_word' id='word_1_125' title='bbox 2270 1184 2414 1252; x_wconf 68' lang='grc' dir='ltr'><strong>παρὰ</strong></span> <span class='ocrx_word' id='word_1_126' title='bbox 2438 1183 2547 1234; x_wconf 83' lang='grc' dir='ltr'><strong>τῶν</strong></span> <span class='ocrx_word' id='word_1_127' title='bbox 2584 1183 2973 1235; x_wconf 77' lang='grc' dir='ltr'><strong>ἀνυποτάκτων</strong></span> <span class='ocrx_word' id='word_1_128' title='bbox 3015 1182 3402 1252; x_wconf 79' lang='grc' dir='ltr'><strong>πρεσῦυτέρων</strong></span> <span class='ocrx_word' id='word_1_129' title='bbox 3445 1182 3478 1250; x_wconf 78' lang='grc' dir='ltr'><strong>ἢ</strong></span> <span class='ocrx_word' id='word_1_130' title='bbox 3521 1181 3843 1232; x_wconf 74' lang='grc' dir='ltr'><strong>ἐπισκόπων</strong></span> 
     </span>
    </p>
   </div>
   <div class='ocr_carea' id='block_1_22' title="bbox 609 1264 2183 1350">
    <p class='ocr_par' dir='ltr' id='par_1_22' title="bbox 609 1281 2177 1350">
     <span class='ocr_line' id='line_1_22' title="bbox 609 1281 2177 1350; baseline 0 -16"><span class='ocrx_word' id='word_1_131' title='bbox 609 1284 685 1334; x_wconf 91' lang='lat' dir='ltr'><strong>ris</strong></span> <span class='ocrx_word' id='word_1_132' title='bbox 741 1290 834 1334; x_wconf 91' lang='lat' dir='ltr'><strong>aut</strong></span> <span class='ocrx_word' id='word_1_133' title='bbox 892 1283 1168 1350; x_wconf 81' lang='lat' dir='ltr'><strong>episcopis</strong></span> <span class='ocrx_word' id='word_1_134' title='bbox 1224 1289 1276 1334; x_wconf 91' lang='lat' dir='ltr'><strong>et</strong></span> <span class='ocrx_word' id='word_1_135' title='bbox 1330 1295 1358 1333; x_wconf 92' lang='lat' dir='ltr'><strong>a</strong></span> <span class='ocrx_word' id='word_1_136' title='bbox 1419 1281 1633 1350; x_wconf 87' lang='lat' dir='ltr'><strong>populis</strong></span> <span class='ocrx_word' id='word_1_137' title='bbox 1879 1282 2177 1350; x_wconf 76' lang='lat' dir='ltr'><strong>disciplina:</strong></span> 
     </span>
    </p>
   </div>
   <div class='ocr_carea' id='block_1_23' title="bbox 2285 1264 3850 1350">
    <p class='ocr_par' dir='ltr' id='par_1_23' title="bbox 2285 1264 3850 1343">
     <span class='ocr_line' id='line_1_23' title="bbox 2285 1264 3850 1343; baseline -0.001 -20"><span class='ocrx_word' id='word_1_138' title='bbox 2285 1274 2356 1324; x_wconf 79' lang='grc' dir='ltr'><strong>ιαί</strong></span> <span class='ocrx_word' id='word_1_139' title='bbox 2402 1274 2550 1343; x_wconf 71' lang='grc' dir='ltr'><strong>παρὰ</strong></span> <span class='ocrx_word' id='word_1_140' title='bbox 2584 1272 2690 1324; x_wconf 80' lang='grc' dir='ltr'><strong>τῶν</strong></span> <span class='ocrx_word' id='word_1_141' title='bbox 2725 1271 3064 1325; x_wconf 82' lang='grc' dir='ltr'><strong>ἀπαιδεύτων</strong></span> <span class='ocrx_word' id='word_1_142' title='bbox 3101 1271 3245 1325; x_wconf 84' lang='grc' dir='ltr'><strong>λαῶν</strong></span> <span class='ocrx_word' id='word_1_143' title='bbox 3289 1271 3594 1341; x_wconf 72' lang='grc' dir='ltr'><strong>γινομένας.</strong></span> <span class='ocrx_word' id='word_1_144' title='bbox 3629 1264 3754 1322; x_wconf 77' lang='grc' dir='ltr'><strong>Οἷον</strong></span> <span class='ocrx_word' id='word_1_145' title='bbox 3793 1269 3850 1322; x_wconf 79' lang='grc' dir='ltr'>εἴ</span> 
     </span>
    </p>
   </div>
   <div class='ocr_carea' id='block_1_24' title="bbox 607 1361 2183 1441">
    <p class='ocr_par' dir='ltr' id='par_1_24' title="bbox 607 1369 2173 1441">
     <span class='ocr_line' id='line_1_24' title="bbox 607 1369 2173 1441; baseline -0.001 -17"><span class='ocrx_word' id='word_1_146' title='bbox 607 1373 925 1441; x_wconf 70' lang='lat' dir='ltr'><strong>expertibus</strong></span> <span class='ocrx_word' id='word_1_147' title='bbox 975 1374 1132 1425; x_wconf 89' lang='lat' dir='ltr'><strong>liunt.</strong></span> <span class='ocrx_word' id='word_1_148' title='bbox 1177 1369 1337 1424; x_wconf 86' lang='lat' dir='ltr'><strong>Velut</strong></span> <span class='ocrx_word' id='word_1_149' title='bbox 1379 1373 1422 1424; x_wconf 87' lang='lat' dir='ltr'><strong>si</strong></span> <span class='ocrx_word' id='word_1_150' title='bbox 1475 1371 1600 1439; x_wconf 88' lang='lat' dir='ltr'><strong>quis</strong></span> <span class='ocrx_word' id='word_1_151' title='bbox 1660 1369 1712 1424; x_wconf 91' lang='lat' dir='ltr'><strong>in</strong></span> <span class='ocrx_word' id='word_1_152' title='bbox 1748 1369 1944 1425; x_wconf 91' lang='lat' dir='ltr'><strong>delicto</strong></span> <span class='ocrx_word' id='word_1_153' title='bbox 1986 1372 2173 1439; x_wconf 87' lang='lat' dir='ltr'><strong>depre-</strong></span> 
     </span>
    </p>
   </div>
   <div class='ocr_carea' id='block_1_25' title="bbox 2285 1361 3846 1441">
    <p class='ocr_par' dir='ltr' id='par_1_25' title="bbox 2285 1361 3846 1434">
     <span class='ocr_line' id='line_1_25' title="bbox 2285 1361 3846 1434; baseline -0.001 -20"><span class='ocrx_word' id='word_1_154' title='bbox 2285 1381 2368 1426; x_wconf 77' lang='grc' dir='ltr'><strong>τις,</strong></span> <span class='ocrx_word' id='word_1_155' title='bbox 2426 1365 2484 1414; x_wconf 83' lang='grc' dir='ltr'><strong>ὲν</strong></span> <span class='ocrx_word' id='word_1_156' title='bbox 2525 1364 2824 1434; x_wconf 77' lang='grc' dir='ltr'><strong>πταίσματι</strong></span> <span class='ocrx_word' id='word_1_157' title='bbox 2887 1363 3227 1429; x_wconf 75' lang='grc' dir='ltr'><strong>ὲξετασθεὶς,</strong></span> <span class='ocrx_word' id='word_1_158' title='bbox 3279 1364 3544 1432; x_wconf 76' lang='grc' dir='ltr'><strong>ἐπεσχέθη</strong></span> <span class='ocrx_word' id='word_1_159' title='bbox 3593 1361 3690 1430; x_wconf 79' lang='grc' dir='ltr'><strong>τῆς</strong></span> <span class='ocrx_word' id='word_1_160' title='bbox 3729 1362 3846 1413; x_wconf 85' lang='grc' dir='ltr'><strong>λει-</strong></span> 
     </span>
    </p>
   </div>
   <div class='ocr_carea' id='block_1_26' title="bbox 611 1451 2183 1525">
    <p class='ocr_par' dir='ltr' id='par_1_26' title="bbox 611 1460 2180 1520">
     <span class='ocr_line' id='line_1_26' title="bbox 611 1460 2180 1520; baseline -0.001 -7"><span class='ocrx_word' id='word_1_161' title='bbox 611 1467 833 1520; x_wconf 85' lang='lat' dir='ltr'><strong>heustts,</strong></span> <span class='ocrx_word' id='word_1_162' title='bbox 868 1475 897 1512; x_wconf 90' lang='lat' dir='ltr'><strong>a</strong></span> <span class='ocrx_word' id='word_1_163' title='bbox 939 1460 1250 1514; x_wconf 87' lang='lat' dir='ltr'><strong>ministerio</strong></span> <span class='ocrx_word' id='word_1_164' title='bbox 1307 1470 1579 1519; x_wconf 84' lang='lat' dir='ltr'><strong>arceatur.</strong></span> <span class='ocrx_word' id='word_1_165' title='bbox 1629 1473 1730 1512; x_wconf 93' lang='lat' dir='ltr'><strong>nec</strong></span> <span class='ocrx_word' id='word_1_166' title='bbox 1775 1475 1834 1513; x_wconf 86' lang='lat' dir='ltr'><strong>se</strong></span> <span class='ocrx_word' id='word_1_167' title='bbox 1880 1461 2180 1512; x_wconf 75' lang='lat' dir='ltr'><strong>canonitrus</strong></span> 
     </span>
    </p>
   </div>
   <div class='ocr_carea' id='block_1_27' title="bbox 2285 1451 3848 1525">
    <p class='ocr_par' dir='ltr' id='par_1_27' title="bbox 2285 1451 3848 1525">
     <span class='ocr_line' id='line_1_27' title="bbox 2285 1451 3848 1525; baseline -0.004 -16"><span class='ocrx_word' id='word_1_168' title='bbox 2285 1457 2544 1525; x_wconf 74' lang='grc' dir='ltr'><strong>τουργίας,</strong></span> <span class='ocrx_word' id='word_1_169' title='bbox 2578 1455 2671 1506; x_wconf 73' lang='grc' dir='ltr'><strong>καὶ</strong></span> <span class='ocrx_word' id='word_1_170' title='bbox 2697 1454 2772 1524; x_wconf 79' lang='grc' dir='ltr'><strong>μὴ</strong></span> <span class='ocrx_word' id='word_1_171' title='bbox 2802 1453 3050 1522; x_wconf 72' lang='grc' dir='ltr'>ὑπέκυψε</span> <span class='ocrx_word' id='word_1_172' title='bbox 3099 1457 3212 1517; x_wconf 82' lang='grc' dir='ltr'><strong>τοῖς</strong></span> <span class='ocrx_word' id='word_1_173' title='bbox 3252 1453 3492 1514; x_wconf 82' lang='grc' dir='ltr'><strong>κανόσιν,</strong></span> <span class='ocrx_word' id='word_1_174' title='bbox 3517 1452 3630 1504; x_wconf 78' lang='grc' dir='ltr'><strong>ἀλλ’</strong></span> <span class='ocrx_word' id='word_1_175' title='bbox 3667 1451 3848 1520; x_wconf 73' lang='grc' dir='ltr'><strong>ἑαυτῷ</strong></span> 
     </span>
    </p>
   </div>
   <div class='ocr_carea' id='block_1_28' title="bbox 609 1539 2183 1620">
    <p class='ocr_par' dir='ltr' id='par_1_28' title="bbox 609 1547 2181 1620">
     <span class='ocr_line' id='line_1_28' title="bbox 609 1547 2181 1620; baseline -0.003 -14"><span class='ocrx_word' id='word_1_176' title='bbox 609 1551 933 1613; x_wconf 84' lang='lat' dir='ltr'><strong>Summittat,</strong></span> <span class='ocrx_word' id='word_1_177' title='bbox 985 1550 1081 1606; x_wconf 89' lang='lat' dir='ltr'><strong>sed</strong></span> <span class='ocrx_word' id='word_1_178' title='bbox 1135 1550 1240 1604; x_wconf 83' lang='lat' dir='ltr'><strong>sibi</strong></span> <span class='ocrx_word' id='word_1_179' title='bbox 1299 1549 1665 1620; x_wconf 91' lang='lat' dir='ltr'><strong>principatum</strong></span> <span class='ocrx_word' id='word_1_180' title='bbox 1721 1556 1777 1602; x_wconf 90' lang='lat' dir='ltr'><strong>et</strong></span> <span class='ocrx_word' id='word_1_181' title='bbox 1821 1547 2181 1602; x_wconf 82' lang='lat' dir='ltr'><strong>ministerium</strong></span> 
     </span>
    </p>
   </div>
   <div class='ocr_carea' id='block_1_29' title="bbox 2285 1539 3849 1620">
    <p class='ocr_par' dir='ltr' id='par_1_29' title="bbox 2285 1539 3849 1615">
     <span class='ocr_line' id='line_1_29' title="bbox 2285 1539 3849 1615; baseline -0.003 -18"><span class='ocrx_word' id='word_1_182' title='bbox 2285 1547 2543 1615; x_wconf 70' lang='grc' dir='ltr'><strong>εξεδίκησε</strong></span> <span class='ocrx_word' id='word_1_183' title='bbox 2591 1545 2687 1615; x_wconf 83' lang='grc' dir='ltr'><strong>τὴν</strong></span> <span class='ocrx_word' id='word_1_184' title='bbox 2735 1539 3028 1614; x_wconf 80' lang='grc' dir='ltr'><strong>προεδρίαν</strong></span> <span class='ocrx_word' id='word_1_185' title='bbox 3077 1543 3171 1596; x_wconf 68' lang='grc' dir='ltr'><strong>καὶ</strong></span> <span class='ocrx_word' id='word_1_186' title='bbox 3213 1543 3312 1614; x_wconf 76' lang='grc' dir='ltr'><strong>τὴν</strong></span> <span class='ocrx_word' id='word_1_187' title='bbox 3353 1543 3714 1612; x_wconf 78' lang='grc' dir='ltr'><strong>λειτουργίαν,</strong></span> <span class='ocrx_word' id='word_1_188' title='bbox 3751 1540 3849 1592; x_wconf 73' lang='grc' dir='ltr'><strong>καὶ</strong></span> 
     </span>
    </p>
   </div>
   <div class='ocr_carea' id='block_1_30' title="bbox 609 1628 2183 1704">
    <p class='ocr_par' dir='ltr' id='par_1_30' title="bbox 609 1639 2181 1704">
     <span class='ocr_line' id='line_1_30' title="bbox 609 1639 2181 1704; baseline -0.002 -9"><span class='ocrx_word' id='word_1_189' title='bbox 609 1641 868 1704; x_wconf 79' lang='lat' dir='ltr'><strong>vindicet,</strong></span> <span class='ocrx_word' id='word_1_190' title='bbox 900 1657 963 1696; x_wconf 87' lang='lat' dir='ltr'><strong>ac</strong></span> <span class='ocrx_word' id='word_1_191' title='bbox 995 1641 1245 1696; x_wconf 90' lang='lat' dir='ltr'><strong>nonnulli</strong></span> <span class='ocrx_word' id='word_1_192' title='bbox 1273 1657 1376 1694; x_wconf 92' lang='lat' dir='ltr'><strong>una</strong></span> <span class='ocrx_word' id='word_1_193' title='bbox 1401 1655 1525 1694; x_wconf 90' lang='lat' dir='ltr'><strong>cum</strong></span> <span class='ocrx_word' id='word_1_194' title='bbox 1570 1655 1654 1704; x_wconf 91' lang='lat' dir='ltr'><strong>eo,</strong></span> <span class='ocrx_word' id='word_1_195' title='bbox 1692 1639 1882 1693; x_wconf 89' lang='lat' dir='ltr'><strong>relicta</strong></span> <span class='ocrx_word' id='word_1_196' title='bbox 1913 1639 2181 1694; x_wconf 87' lang='lat' dir='ltr'><strong>catholica</strong></span> 
     </span>
    </p>
   </div>
   <div class='ocr_carea' id='block_1_31' title="bbox 2285 1628 3850 1704">
    <p class='ocr_par' dir='ltr' id='par_1_31' title="bbox 2285 1628 3850 1702">
     <span class='ocr_line' id='line_1_31' title="bbox 2285 1628 3850 1702; baseline -0.004 -15"><span class='ocrx_word' id='word_1_197' title='bbox 2285 1633 2616 1702; x_wconf 74' lang='grc' dir='ltr'><strong>ςυναπῆλοον</strong></span> <span class='ocrx_word' id='word_1_198' title='bbox 2640 1633 2816 1702; x_wconf 81' lang='grc' dir='ltr'><strong>τούτῳ</strong></span> <span class='ocrx_word' id='word_1_199' title='bbox 2835 1631 2977 1694; x_wconf 80' lang='grc' dir='ltr'><strong>τινὲς</strong></span> <span class='ocrx_word' id='word_1_200' title='bbox 3017 1631 3410 1692; x_wconf 74' lang='grc' dir='ltr'><strong>καταλιπόντες</strong></span> <span class='ocrx_word' id='word_1_201' title='bbox 3437 1631 3535 1699; x_wconf 65' lang='grc' dir='ltr'><strong>τὴν</strong></span> <span class='ocrx_word' id='word_1_202' title='bbox 3555 1628 3850 1698; x_wconf 77' lang='grc' dir='ltr'><strong>καθολικὴν</strong></span> 
     </span>
    </p>
   </div>
   <div class='ocr_carea' id='block_1_32' title="bbox 610 1719 2183 1802">
    <p class='ocr_par' dir='ltr' id='par_1_32' title="bbox 610 1731 2180 1802">
     <span class='ocr_line' id='line_1_32' title="bbox 610 1731 2180 1802; baseline 0 -19"><span class='ocrx_word' id='word_1_203' title='bbox 610 1732 875 1794; x_wconf 78' lang='lat' dir='ltr'><strong>Ecclesia,</strong></span> <span class='ocrx_word' id='word_1_204' title='bbox 943 1732 1278 1801; x_wconf 63' lang='lat' dir='ltr'><strong>discedant;</strong></span> <span class='ocrx_word' id='word_1_205' title='bbox 1341 1732 1444 1785; x_wconf 88' lang='lat' dir='ltr'><strong>hoc</strong></span> <span class='ocrx_word' id='word_1_206' title='bbox 1497 1731 1699 1784; x_wconf 74' lang='lat' dir='ltr'><strong>dicitur</strong></span> <span class='ocrx_word' id='word_1_207' title='bbox 1751 1744 2180 1802; x_wconf 72' lang='lat' dir='ltr'><strong>parasynagoga.</strong></span> 
     </span>
    </p>
   </div>
   <div class='ocr_carea' id='block_1_33' title="bbox 2285 1719 3849 1802">
    <p class='ocr_par' dir='ltr' id='par_1_33' title="bbox 2285 1719 3849 1796">
     <span class='ocr_line' id='line_1_33' title="bbox 2285 1719 3849 1796; baseline -0.004 -18"><span class='ocrx_word' id='word_1_208' title='bbox 2285 1725 2631 1796; x_wconf 79' lang='grc' dir='ltr'><strong>Ἐκκλησίαν,</strong></span> <span class='ocrx_word' id='word_1_209' title='bbox 2679 1724 3123 1794; x_wconf 74' lang='grc' dir='ltr'><strong>παρασυναγωγὴ</strong></span> <span class='ocrx_word' id='word_1_210' title='bbox 3177 1723 3238 1774; x_wconf 82' lang='grc' dir='ltr'><strong>τὸ</strong></span> <span class='ocrx_word' id='word_1_211' title='bbox 3281 1721 3509 1775; x_wconf 76' lang='grc' dir='ltr'><strong>τοιοῦτο.</strong></span> <span class='ocrx_word' id='word_1_212' title='bbox 3543 1720 3756 1790; x_wconf 77' lang='grc' dir='ltr'><strong>Σχίσμα</strong></span> <span class='ocrx_word' id='word_1_213' title='bbox 3789 1719 3849 1772; x_wconf 79' lang='grc' dir='ltr'><strong>δὲ</strong></span> 
     </span>
    </p>
   </div>
   <div class='ocr_carea' id='block_1_34' title="bbox 604 1812 2183 1890">
    <p class='ocr_par' dir='ltr' id='par_1_34' title="bbox 604 1821 2178 1890">
     <span class='ocr_line' id='line_1_34' title="bbox 604 1821 2178 1890; baseline 0 -16"><span class='ocrx_word' id='word_1_214' title='bbox 604 1822 852 1875; x_wconf 81' lang='lat' dir='ltr'><strong>Seliisma</strong></span> <span class='ocrx_word' id='word_1_215' title='bbox 901 1831 1084 1877; x_wconf 91' lang='lat' dir='ltr'><strong>autem</strong></span> <span class='ocrx_word' id='word_1_216' title='bbox 1127 1833 1232 1884; x_wconf 87' lang='lat' dir='ltr'><strong>est,</strong></span> <span class='ocrx_word' id='word_1_217' title='bbox 1281 1822 1349 1876; x_wconf 89' lang='lat' dir='ltr'><strong>de</strong></span> <span class='ocrx_word' id='word_1_218' title='bbox 1401 1822 1725 1890; x_wconf 62' lang='lat' dir='ltr'><strong>poenitentia</strong></span> <span class='ocrx_word' id='word_1_219' title='bbox 1771 1821 1838 1875; x_wconf 88' lang='lat' dir='ltr'><strong>ab</strong></span> <span class='ocrx_word' id='word_1_220' title='bbox 1873 1821 1938 1874; x_wconf 90' lang='lat' dir='ltr'><strong>iis</strong></span> <span class='ocrx_word' id='word_1_221' title='bbox 1967 1823 2058 1889; x_wconf 85' lang='lat' dir='ltr'><strong>qui</strong></span> <span class='ocrx_word' id='word_1_222' title='bbox 2109 1836 2178 1875; x_wconf 80' lang='lat' dir='ltr'><strong>ex</strong></span> 
     </span>
    </p>
   </div>
   <div class='ocr_carea' id='block_1_35' title="bbox 2285 1812 3852 1890">
    <p class='ocr_par' dir='ltr' id='par_1_35' title="bbox 2285 1812 3852 1886">
     <span class='ocr_line' id='line_1_35' title="bbox 2285 1812 3852 1886; baseline -0.004 -17"><span class='ocrx_word' id='word_1_223' title='bbox 2285 1817 2332 1870; x_wconf 77' lang='grc' dir='ltr'><strong>ιδ</strong></span> <span class='ocrx_word' id='word_1_224' title='bbox 2351 1819 2477 1886; x_wconf 75' lang='grc' dir='ltr'><strong>περὶ</strong></span> <span class='ocrx_word' id='word_1_225' title='bbox 2505 1818 2603 1886; x_wconf 82' lang='grc' dir='ltr'><strong>τῆς</strong></span> <span class='ocrx_word' id='word_1_226' title='bbox 2636 1816 2924 1886; x_wconf 78' lang='grc' dir='ltr'><strong>μετανοίας</strong></span> <span class='ocrx_word' id='word_1_227' title='bbox 2948 1815 3217 1885; x_wconf 76' lang='grc' dir='ltr'><strong>διαφόρως</strong></span> <span class='ocrx_word' id='word_1_228' title='bbox 3251 1814 3393 1884; x_wconf 71' lang='grc' dir='ltr'><strong>ἔχειν</strong></span> <span class='ocrx_word' id='word_1_229' title='bbox 3425 1814 3561 1884; x_wconf 75' lang='grc' dir='ltr'><strong>πρὸς</strong></span> <span class='ocrx_word' id='word_1_230' title='bbox 3590 1815 3717 1875; x_wconf 79' lang='grc' dir='ltr'><strong>τοὺς</strong></span> <span class='ocrx_word' id='word_1_231' title='bbox 3738 1812 3852 1864; x_wconf 73' lang='grc' dir='ltr'><strong>ἀπὸ</strong></span> 
     </span>
    </p>
   </div>
   <div class='ocr_carea' id='block_1_36' title="bbox 615 1897 2183 1976">
    <p class='ocr_par' dir='ltr' id='par_1_36' title="bbox 615 1908 2183 1976">
     <span class='ocr_line' id='line_1_36' title="bbox 615 1908 2183 1976; baseline -0.002 -12"><span class='ocrx_word' id='word_1_232' title='bbox 615 1911 856 1966; x_wconf 83' lang='lat' dir='ltr'><strong>Ecclesia</strong></span> <span class='ocrx_word' id='word_1_233' title='bbox 914 1921 1065 1976; x_wconf 90' lang='lat' dir='ltr'><strong>sunt,</strong></span> <span class='ocrx_word' id='word_1_234' title='bbox 1118 1913 1437 1967; x_wconf 87' lang='lat' dir='ltr'><strong>dissentire.</strong></span> <span class='ocrx_word' id='word_1_235' title='bbox 1495 1908 1743 1965; x_wconf 68' lang='lat' dir='ltr'><strong>Ilirreses</strong></span> <span class='ocrx_word' id='word_1_236' title='bbox 1791 1917 1994 1970; x_wconf 88' lang='lat' dir='ltr'><strong>autem.</strong></span> <span class='ocrx_word' id='word_1_237' title='bbox 2037 1911 2183 1962; x_wconf 85' lang='lat' dir='ltr'><strong>velut</strong></span> 
     </span>
    </p>
   </div>
   <div class='ocr_carea' id='block_1_37' title="bbox 2285 1897 3850 1976">
    <p class='ocr_par' dir='ltr' id='par_1_37' title="bbox 2285 1897 3850 1974">
     <span class='ocr_line' id='line_1_37' title="bbox 2285 1897 3850 1974; baseline -0.006 -16"><span class='ocrx_word' id='word_1_238' title='bbox 2285 1907 2371 1974; x_wconf 72' lang='grc' dir='ltr'><strong>τῆς</strong></span> <span class='ocrx_word' id='word_1_239' title='bbox 2412 1906 2756 1974; x_wconf 81' lang='grc' dir='ltr'><strong>Ἐκκλησίας.</strong></span> <span class='ocrx_word' id='word_1_240' title='bbox 2793 1903 3038 1974; x_wconf 82' lang='grc' dir='ltr'><strong>Αίρὲσεις</strong></span> <span class='ocrx_word' id='word_1_241' title='bbox 3059 1903 3136 1966; x_wconf 83' lang='grc' dir='ltr'><strong>δὲ,</strong></span> <span class='ocrx_word' id='word_1_242' title='bbox 3167 1897 3278 1954; x_wconf 78' lang='grc' dir='ltr'><strong>οἷον</strong></span> <span class='ocrx_word' id='word_1_243' title='bbox 3308 1903 3339 1970; x_wconf 77' lang='grc' dir='ltr'><strong>ἡ</strong></span> <span class='ocrx_word' id='word_1_244' title='bbox 3370 1900 3474 1953; x_wconf 85' lang='grc' dir='ltr'><strong>τῶν</strong></span> <span class='ocrx_word' id='word_1_245' title='bbox 3510 1899 3850 1970; x_wconf 78' lang='grc' dir='ltr'><strong>Μανιχαίων,</strong></span> 
     </span>
    </p>
   </div>
   <div class='ocr_carea' id='block_1_38' title="bbox 611 1999 2183 2068">
    <p class='ocr_par' dir='ltr' id='par_1_38' title="bbox 611 1999 2183 2068">
     <span class='ocr_line' id='line_1_38' title="bbox 611 1999 2183 2068; baseline -0.001 -14"><span class='ocrx_word' id='word_1_246' title='bbox 611 2002 1047 2068; x_wconf 73' lang='lat' dir='ltr'><strong>Maniehzeorum,</strong></span> <span class='ocrx_word' id='word_1_247' title='bbox 1072 2012 1127 2058; x_wconf 93' lang='lat' dir='ltr'><strong>et</strong></span> <span class='ocrx_word' id='word_1_248' title='bbox 1163 2002 1696 2064; x_wconf 79' lang='lat' dir='ltr'><strong>V&#39;alentinianorum,</strong></span> <span class='ocrx_word' id='word_1_249' title='bbox 1723 2008 1775 2054; x_wconf 92' lang='lat' dir='ltr'><strong>et</strong></span> <span class='ocrx_word' id='word_1_250' title='bbox 1805 1999 2183 2054; x_wconf 65' lang='lat' dir='ltr'><strong>Marcionistao</strong></span> 
     </span>
    </p>
   </div>
   <div class='ocr_carea' id='block_1_39' title="bbox 607 2090 2181 2164">
    <p class='ocr_par' dir='ltr' id='par_1_39' title="bbox 607 2090 2181 2164">
     <span class='ocr_line' id='line_1_39' title="bbox 607 2090 2181 2164; baseline 0.001 -19"><span class='ocrx_word' id='word_1_251' title='bbox 607 2109 726 2145; x_wconf 89' lang='lat' dir='ltr'><strong>rum</strong></span> <span class='ocrx_word' id='word_1_252' title='bbox 745 2133 759 2156; x_wconf 94' lang='lat'><strong>,</strong></span> <span class='ocrx_word' id='word_1_253' title='bbox 785 2104 838 2147; x_wconf 85' lang='lat' dir='ltr'><strong>et</strong></span> <span class='ocrx_word' id='word_1_254' title='bbox 866 2095 1057 2148; x_wconf 90' lang='lat' dir='ltr'><strong>horum</strong></span> <span class='ocrx_word' id='word_1_255' title='bbox 1095 2096 1335 2164; x_wconf 85' lang='lat' dir='ltr'><strong>ipsorum</strong></span> <span class='ocrx_word' id='word_1_256' title='bbox 1360 2093 1802 2163; x_wconf 83' lang='lat' dir='ltr'><strong>Pepuzenorum;</strong></span> <span class='ocrx_word' id='word_1_257' title='bbox 1836 2092 2015 2145; x_wconf 83' lang='lat' dir='ltr'><strong>statim</strong></span> <span class='ocrx_word' id='word_1_258' title='bbox 2040 2090 2181 2146; x_wconf 86' lang='lat' dir='ltr'><strong>enim</strong></span> 
     </span>
    </p>
   </div>
   <div class='ocr_carea' id='block_1_40' title="bbox 608 2179 2186 2250">
    <p class='ocr_par' dir='ltr' id='par_1_40' title="bbox 608 2179 2186 2250">
     <span class='ocr_line' id='line_1_40' title="bbox 608 2179 2186 2250; baseline -0.001 -17"><span class='ocrx_word' id='word_1_259' title='bbox 608 2181 678 2234; x_wconf 92' lang='lat' dir='ltr'><strong>de</strong></span> <span class='ocrx_word' id='word_1_260' title='bbox 713 2183 830 2250; x_wconf 89' lang='lat' dir='ltr'><strong>ipsa</strong></span> <span class='ocrx_word' id='word_1_261' title='bbox 863 2184 915 2235; x_wconf 93' lang='lat' dir='ltr'><strong>in</strong></span> <span class='ocrx_word' id='word_1_262' title='bbox 952 2183 1121 2237; x_wconf 88' lang='lat' dir='ltr'><strong>Deum</strong></span> <span class='ocrx_word' id='word_1_263' title='bbox 1151 2183 1254 2238; x_wconf 79' lang='lat' dir='ltr'><strong>(ide</strong></span> <span class='ocrx_word' id='word_1_264' title='bbox 1283 2183 1559 2237; x_wconf 90' lang='lat' dir='ltr'><strong>dissensio</strong></span> <span class='ocrx_word' id='word_1_265' title='bbox 1592 2190 1694 2236; x_wconf 90' lang='lat' dir='ltr'><strong>est.</strong></span> <span class='ocrx_word' id='word_1_266' title='bbox 1726 2179 1912 2235; x_wconf 78' lang='lat' dir='ltr'><strong>Visum</strong></span> <span class='ocrx_word' id='word_1_267' title='bbox 1943 2187 2026 2234; x_wconf 90' lang='lat' dir='ltr'><strong>est</strong></span> <span class='ocrx_word' id='word_1_268' title='bbox 2056 2194 2186 2249; x_wconf 83' lang='lat' dir='ltr'><strong>ergo</strong></span> 
     </span>
    </p>
   </div>
   <div class='ocr_carea' id='block_1_41' title="bbox 611 2273 2185 2343">
    <p class='ocr_par' dir='ltr' id='par_1_41' title="bbox 611 2273 2185 2343">
     <span class='ocr_line' id='line_1_41' title="bbox 611 2273 2185 2343; baseline 0.002 -20"><span class='ocrx_word' id='word_1_269' title='bbox 611 2273 854 2339; x_wconf 74' lang='lat' dir='ltr'><strong>antiquis</strong></span> <span class='ocrx_word' id='word_1_270' title='bbox 881 2273 1264 2327; x_wconf 62' lang='lat' dir='ltr'><strong>haereticorum</strong></span> <span class='ocrx_word' id='word_1_271' title='bbox 1301 2273 1521 2343; x_wconf 87' lang='lat' dir='ltr'><strong>quidem</strong></span> <span class='ocrx_word' id='word_1_272' title='bbox 1553 2273 1823 2343; x_wconf 83' lang='lat' dir='ltr'><strong>baptisma</strong></span> <span class='ocrx_word' id='word_1_273' title='bbox 1855 2274 2072 2342; x_wconf 87' lang='lat' dir='ltr'><strong>penitus</strong></span> <span class='ocrx_word' id='word_1_274' title='bbox 2101 2286 2185 2326; x_wconf 87' lang='lat' dir='ltr'><strong>re-</strong></span> 
     </span>
    </p>
   </div>
   <div class='ocr_carea' id='block_1_42' title="bbox 609 2409 2177 2482">
    <p class='ocr_par' dir='ltr' id='par_1_42' title="bbox 609 2409 2177 2482">
     <span class='ocr_line' id='line_1_42' title="bbox 609 2409 2177 2482; baseline 0.004 -20"><span class='ocrx_word' id='word_1_275' title='bbox 609 2414 857 2482; x_wconf 72' lang='lat' dir='ltr'><strong>prianum</strong></span> <span class='ocrx_word' id='word_1_276' title='bbox 891 2413 956 2465; x_wconf 89' lang='lat' dir='ltr'><strong>de</strong></span> <span class='ocrx_word' id='word_1_277' title='bbox 986 2411 1262 2482; x_wconf 73' lang='lat' dir='ltr'><strong>baptismo</strong></span> <span class='ocrx_word' id='word_1_278' title='bbox 1300 2413 1561 2467; x_wconf 86' lang='lat' dir='ltr'><strong>sensisse.</strong></span> <span class='ocrx_word' id='word_1_279' title='bbox 1613 2409 1844 2466; x_wconf 85' lang='lat' dir='ltr'><strong>Videtur</strong></span> <span class='ocrx_word' id='word_1_280' title='bbox 1879 2421 1980 2466; x_wconf 87' lang='lat' dir='ltr'><strong>hac</strong></span> <span class='ocrx_word' id='word_1_281' title='bbox 2029 2414 2085 2465; x_wconf 83' lang='lat' dir='ltr'><strong>in</strong></span> <span class='ocrx_word' id='word_1_282' title='bbox 2118 2428 2177 2468; x_wconf 87' lang='lat' dir='ltr'><strong>re</strong></span> 
     </span>
    </p>
   </div>
   <div class='ocr_carea' id='block_1_43' title="bbox 611 2480 2180 2550">
    <p class='ocr_par' dir='ltr' id='par_1_43' title="bbox 611 2480 2180 2550">
     <span class='ocr_line' id='line_1_43' title="bbox 611 2480 2180 2550; baseline 0.002 -16"><span class='ocrx_word' id='word_1_283' title='bbox 611 2480 782 2549; x_wconf 80' lang='lat' dir='ltr'><strong>inajor</strong></span> <span class='ocrx_word' id='word_1_284' title='bbox 808 2483 1102 2534; x_wconf 81' lang='lat' dir='ltr'><strong>auctoritas</strong></span> <span class='ocrx_word' id='word_1_285' title='bbox 1147 2480 1347 2536; x_wconf 88' lang='lat' dir='ltr'><strong>Basilio</strong></span> <span class='ocrx_word' id='word_1_286' title='bbox 1386 2484 1728 2536; x_wconf 84' lang='lat' dir='ltr'><strong>attribuenda</strong></span> <span class='ocrx_word' id='word_1_287' title='bbox 1771 2497 1932 2550; x_wconf 89' lang='lat' dir='ltr'><strong>quam</strong></span> <span class='ocrx_word' id='word_1_288' title='bbox 1991 2482 2180 2537; x_wconf 85' lang='lat' dir='ltr'><strong>Hiero-</strong></span> 
     </span>
    </p>
   </div>
   <div class='ocr_carea' id='block_1_44' title="bbox 612 2551 2178 2621">
    <p class='ocr_par' dir='ltr' id='par_1_44' title="bbox 612 2551 2178 2621">
     <span class='ocr_line' id='line_1_44' title="bbox 612 2551 2178 2621; baseline 0.003 -19"><span class='ocrx_word' id='word_1_289' title='bbox 612 2566 796 2620; x_wconf 87' lang='lat' dir='ltr'><strong>nymo.</strong></span> <span class='ocrx_word' id='word_1_290' title='bbox 853 2552 980 2604; x_wconf 86' lang='lat' dir='ltr'><strong>Plus</strong></span> <span class='ocrx_word' id='word_1_291' title='bbox 1025 2567 1205 2621; x_wconf 70' lang='lat' dir='ltr'><strong>opera:</strong></span> <span class='ocrx_word' id='word_1_292' title='bbox 1253 2552 1623 2621; x_wconf 84' lang='lat' dir='ltr'><strong>insumpserat</strong></span> <span class='ocrx_word' id='word_1_293' title='bbox 1673 2551 1910 2605; x_wconf 85' lang='lat' dir='ltr'><strong>Basilius</strong></span> <span class='ocrx_word' id='word_1_294' title='bbox 1945 2553 1999 2605; x_wconf 89' lang='lat' dir='ltr'><strong>in</strong></span> <span class='ocrx_word' id='word_1_295' title='bbox 2031 2567 2091 2606; x_wconf 92' lang='lat' dir='ltr'><strong>ea</strong></span> <span class='ocrx_word' id='word_1_296' title='bbox 2122 2568 2178 2606; x_wconf 90' lang='lat' dir='ltr'><strong>re</strong></span> 
     </span>
    </p>
   </div>
   <div class='ocr_carea' id='block_1_45' title="bbox 610 2620 2178 2675">
    <p class='ocr_par' dir='ltr' id='par_1_45' title="bbox 610 2620 2178 2675">
     <span class='ocr_line' id='line_1_45' title="bbox 610 2620 2178 2675; baseline 0 -1"><span class='ocrx_word' id='word_1_297' title='bbox 610 2621 985 2674; x_wconf 62' lang='lat' dir='ltr'><strong>examinanda.</strong></span> <span class='ocrx_word' id='word_1_298' title='bbox 1021 2620 1287 2674; x_wconf 60' lang='lat' dir='ltr'><strong>Praeterea</strong></span> <span class='ocrx_word' id='word_1_299' title='bbox 1331 2620 1454 2673; x_wconf 89' lang='lat' dir='ltr'><strong>cum</strong></span> <span class='ocrx_word' id='word_1_300' title='bbox 1504 2621 1650 2674; x_wconf 88' lang='lat' dir='ltr'><strong>illius</strong></span> <span class='ocrx_word' id='word_1_301' title='bbox 1707 2623 2020 2675; x_wconf 78' lang='lat' dir='ltr'><strong>testimonio</strong></span> <span class='ocrx_word' id='word_1_302' title='bbox 2055 2637 2178 2674; x_wconf 92' lang='lat' dir='ltr'><strong>con-</strong></span> 
     </span>
    </p>
   </div>
   <div class='ocr_carea' id='block_1_46' title="bbox 611 2691 2171 2761">
    <p class='ocr_par' dir='ltr' id='par_1_46' title="bbox 611 2691 2171 2761">
     <span class='ocr_line' id='line_1_46' title="bbox 611 2691 2171 2761; baseline 0.001 -20"><span class='ocrx_word' id='word_1_303' title='bbox 611 2693 756 2756; x_wconf 76' lang='lat' dir='ltr'><strong>gruit</strong></span> <span class='ocrx_word' id='word_1_304' title='bbox 787 2700 894 2761; x_wconf 87' lang='lat' dir='ltr'><strong>tota</strong></span> <span class='ocrx_word' id='word_1_305' title='bbox 935 2691 1174 2760; x_wconf 79' lang='lat' dir='ltr'><strong>Dionysii</strong></span> <span class='ocrx_word' id='word_1_306' title='bbox 1217 2691 1409 2761; x_wconf 80' lang='lat' dir='ltr'><strong>agendi</strong></span> <span class='ocrx_word' id='word_1_307' title='bbox 1443 2693 1602 2754; x_wconf 82' lang='lat' dir='ltr'><strong>ratio,</strong></span> <span class='ocrx_word' id='word_1_308' title='bbox 1637 2693 1728 2756; x_wconf 88' lang='lat' dir='ltr'><strong>qui</strong></span> <span class='ocrx_word' id='word_1_309' title='bbox 1763 2696 2171 2761; x_wconf 79' lang='lat' dir='ltr'><strong>deprecatorem</strong></span> 
     </span>
    </p>
   </div>
   <div class='ocr_carea' id='block_1_47' title="bbox 611 2759 2177 2828">
    <p class='ocr_par' dir='ltr' id='par_1_47' title="bbox 611 2759 2177 2828">
     <span class='ocr_line' id='line_1_47' title="bbox 611 2759 2177 2828; baseline -0.001 -15"><span class='ocrx_word' id='word_1_310' title='bbox 611 2774 672 2813; x_wconf 87' lang='lat' dir='ltr'><strong>se</strong></span> <span class='ocrx_word' id='word_1_311' title='bbox 734 2773 829 2826; x_wconf 84' lang='lat' dir='ltr'><strong>pro</strong></span> <span class='ocrx_word' id='word_1_312' title='bbox 870 2759 1124 2813; x_wconf 81' lang='lat' dir='ltr'><strong>Asiaticis</strong></span> <span class='ocrx_word' id='word_1_313' title='bbox 1174 2767 1228 2811; x_wconf 85' lang='lat' dir='ltr'><strong>et</strong></span> <span class='ocrx_word' id='word_1_314' title='bbox 1269 2759 1417 2814; x_wconf 74' lang='lat' dir='ltr'><strong>Afris</strong></span> <span class='ocrx_word' id='word_1_315' title='bbox 1476 2762 1801 2828; x_wconf 86' lang='lat' dir='ltr'><strong>interposuit</strong></span> <span class='ocrx_word' id='word_1_316' title='bbox 1836 2759 1850 2812; x_wconf 76' lang='grc' dir='ltr'>Ξ</span> <span class='ocrx_word' id='word_1_317' title='bbox 1889 2761 2084 2815; x_wconf 87' lang='lat' dir='ltr'><strong>nedum</strong></span> <span class='ocrx_word' id='word_1_318' title='bbox 2125 2760 2177 2812; x_wconf 91' lang='lat' dir='ltr'><strong>in</strong></span> 
     </span>
    </p>
   </div>
   <div class='ocr_carea' id='block_1_48' title="bbox 609 2828 2180 2895">
    <p class='ocr_par' dir='ltr' id='par_1_48' title="bbox 609 2828 2180 2895">
     <span class='ocr_line' id='line_1_48' title="bbox 609 2828 2180 2895; baseline 0.001 -13"><span class='ocrx_word' id='word_1_319' title='bbox 609 2831 795 2882; x_wconf 89' lang='lat' dir='ltr'><strong>eadem</strong></span> <span class='ocrx_word' id='word_1_320' title='bbox 819 2842 881 2880; x_wconf 90' lang='lat' dir='ltr'><strong>ac</strong></span> <span class='ocrx_word' id='word_1_321' title='bbox 903 2828 979 2880; x_wconf 90' lang='lat' dir='ltr'><strong>illi</strong></span> <span class='ocrx_word' id='word_1_322' title='bbox 1011 2843 1174 2881; x_wconf 82' lang='lat' dir='ltr'><strong>causa</strong></span> <span class='ocrx_word' id='word_1_323' title='bbox 1208 2842 1538 2883; x_wconf 87' lang='lat' dir='ltr'><strong>versaretur.</strong></span> <span class='ocrx_word' id='word_1_324' title='bbox 1569 2830 1711 2895; x_wconf 86' lang='lat' dir='ltr'><strong>Quin</strong></span> <span class='ocrx_word' id='word_1_325' title='bbox 1735 2831 1896 2883; x_wconf 84' lang='lat' dir='ltr'><strong>etiam</strong></span> <span class='ocrx_word' id='word_1_326' title='bbox 1930 2845 2082 2884; x_wconf 85' lang='lat' dir='ltr'><strong>suam</strong></span> <span class='ocrx_word' id='word_1_327' title='bbox 2116 2845 2180 2884; x_wconf 89' lang='lat' dir='ltr'><strong>ac</strong></span> 
     </span>
    </p>
   </div>
   <div class='ocr_carea' id='block_1_49' title="bbox 611 2898 2176 2961">
    <p class='ocr_par' dir='ltr' id='par_1_49' title="bbox 611 2898 2176 2961">
     <span class='ocr_line' id='line_1_49' title="bbox 611 2898 2176 2961; baseline 0.001 -13"><span class='ocrx_word' id='word_1_328' title='bbox 611 2898 964 2949; x_wconf 77' lang='lat' dir='ltr'><strong>deressorum</strong></span> <span class='ocrx_word' id='word_1_329' title='bbox 1025 2912 1248 2952; x_wconf 89' lang='lat' dir='ltr'><strong>suorum</strong></span> <span class='ocrx_word' id='word_1_330' title='bbox 1303 2899 1630 2952; x_wconf 87' lang='lat' dir='ltr'><strong>sententiam</strong></span> <span class='ocrx_word' id='word_1_331' title='bbox 1667 2901 1801 2953; x_wconf 90' lang='lat' dir='ltr'><strong>satis</strong></span> <span class='ocrx_word' id='word_1_332' title='bbox 1849 2899 2176 2961; x_wconf 83' lang='lat' dir='ltr'><strong>declaravit,</strong></span> 
     </span>
    </p>
   </div>
   <div class='ocr_carea' id='block_1_50' title="bbox 611 2966 2179 3038">
    <p class='ocr_par' dir='ltr' id='par_1_50' title="bbox 611 2966 2179 3038">
     <span class='ocr_line' id='line_1_50' title="bbox 611 2966 2179 3038; baseline 0.001 -20"><span class='ocrx_word' id='word_1_333' title='bbox 611 2981 736 3018; x_wconf 93' lang='lat' dir='ltr'><strong>cum</strong></span> <span class='ocrx_word' id='word_1_334' title='bbox 761 2966 1030 3038; x_wconf 87' lang='lat' dir='ltr'><strong>hominem</strong></span> <span class='ocrx_word' id='word_1_335' title='bbox 1061 2967 1235 3038; x_wconf 82' lang='lat' dir='ltr'><strong>impio</strong></span> <span class='ocrx_word' id='word_1_336' title='bbox 1256 2975 1309 3020; x_wconf 88' lang='lat' dir='ltr'><strong>et</strong></span> <span class='ocrx_word' id='word_1_337' title='bbox 1334 2968 1683 3038; x_wconf 70' lang='lat' dir='ltr'><strong>blasphemia:</strong></span> <span class='ocrx_word' id='word_1_338' title='bbox 1719 2970 1878 3038; x_wconf 86' lang='lat' dir='ltr'><strong>pleno</strong></span> <span class='ocrx_word' id='word_1_339' title='bbox 1906 2971 2179 3038; x_wconf 82' lang='lat' dir='ltr'><strong>baptismo</strong></span> 
     </span>
    </p>
   </div>
   <div class='ocr_carea' id='block_1_51' title="bbox 2275 1988 3853 2063">
    <p class='ocr_par' dir='ltr' id='par_1_51' title="bbox 2275 1988 3853 2063">
     <span class='ocr_line' id='line_1_51' title="bbox 2275 1988 3853 2063; baseline -0.007 -13"><span class='ocrx_word' id='word_1_340' title='bbox 2275 1998 2369 2050; x_wconf 70' lang='lat' dir='ltr'><strong>xci.</strong></span> <span class='ocrx_word' id='word_1_341' title='bbox 2401 1995 2789 2055; x_wconf 78' lang='grc' dir='ltr'><strong>Οὑαλεντίνων,</strong></span> <span class='ocrx_word' id='word_1_342' title='bbox 2813 1995 2907 2046; x_wconf 78' lang='grc' dir='ltr'><strong>καὶ</strong></span> <span class='ocrx_word' id='word_1_343' title='bbox 2945 1992 3378 2063; x_wconf 75' lang='grc' dir='ltr'><strong>Μαρκιονιστῶν,</strong></span> <span class='ocrx_word' id='word_1_344' title='bbox 3409 1992 3501 2043; x_wconf 74' lang='grc' dir='ltr'><strong>καὶ</strong></span> <span class='ocrx_word' id='word_1_345' title='bbox 3521 1988 3697 2042; x_wconf 81' lang='grc' dir='ltr'><strong>αὐτῶν</strong></span> <span class='ocrx_word' id='word_1_346' title='bbox 3724 1989 3853 2041; x_wconf 75' lang='grc' dir='ltr'><strong>τού-</strong></span> 
     </span>
    </p>
   </div>
   <div class='ocr_carea' id='block_1_52' title="bbox 2275 2080 3853 2153">
    <p class='ocr_par' dir='ltr' id='par_1_52' title="bbox 2275 2080 3853 2153">
     <span class='ocr_line' id='line_1_52' title="bbox 2275 2080 3853 2153; baseline -0.006 -14"><span class='ocrx_word' id='word_1_347' title='bbox 2275 2105 2382 2140; x_wconf 87' lang='grc' dir='ltr'><strong>των</strong></span> <span class='ocrx_word' id='word_1_348' title='bbox 2404 2085 2510 2138; x_wconf 84' lang='grc' dir='ltr'><strong>τῶν</strong></span> <span class='ocrx_word' id='word_1_349' title='bbox 2542 2081 2904 2153; x_wconf 77' lang='grc' dir='ltr'><strong>Πεπουζηνῶν</strong></span> <span class='ocrx_word' id='word_1_350' title='bbox 2926 2099 2938 2111; x_wconf 87' lang='grc'><strong>·</strong></span> <span class='ocrx_word' id='word_1_351' title='bbox 2968 2082 3129 2145; x_wconf 74' lang='grc' dir='ltr'>εὐθὺς</span> <span class='ocrx_word' id='word_1_352' title='bbox 3156 2084 3260 2153; x_wconf 72' lang='grc' dir='ltr'><strong>γὰρ</strong></span> <span class='ocrx_word' id='word_1_353' title='bbox 3296 2082 3423 2150; x_wconf 74' lang='grc' dir='ltr'>περὶ</span> <span class='ocrx_word' id='word_1_354' title='bbox 3452 2080 3619 2148; x_wconf 78' lang='grc' dir='ltr'><strong>αὐτῆς</strong></span> <span class='ocrx_word' id='word_1_355' title='bbox 3642 2080 3740 2147; x_wconf 79' lang='grc' dir='ltr'><strong>τῆς</strong></span> <span class='ocrx_word' id='word_1_356' title='bbox 3772 2080 3853 2140; x_wconf 78' lang='grc' dir='ltr'><strong>εἰς</strong></span> 
     </span>
    </p>
   </div>
   <div class='ocr_carea' id='block_1_53' title="bbox 2277 2171 3857 2242">
    <p class='ocr_par' dir='ltr' id='par_1_53' title="bbox 2277 2171 3857 2242">
     <span class='ocr_line' id='line_1_53' title="bbox 2277 2171 3857 2242; baseline -0.006 -12"><span class='ocrx_word' id='word_1_357' title='bbox 2277 2178 2407 2230; x_wconf 74' lang='grc' dir='ltr'>Θεὸν</span> <span class='ocrx_word' id='word_1_358' title='bbox 2459 2173 2694 2236; x_wconf 78' lang='grc' dir='ltr'><strong>πίστεώς</strong></span> <span class='ocrx_word' id='word_1_359' title='bbox 2741 2175 2889 2225; x_wconf 73' lang='grc' dir='ltr'><strong>ἐστιν</strong></span> <span class='ocrx_word' id='word_1_360' title='bbox 2934 2173 3253 2242; x_wconf 66' lang='grc' dir='ltr'><strong>ὴδιαφορά.</strong></span> <span class='ocrx_word' id='word_1_361' title='bbox 3299 2171 3483 2236; x_wconf 79' lang='grc' dir='ltr'>Ἔδοξε</span> <span class='ocrx_word' id='word_1_362' title='bbox 3533 2171 3710 2222; x_wconf 74' lang='grc' dir='ltr'><strong>τοίνυν</strong></span> <span class='ocrx_word' id='word_1_363' title='bbox 3743 2172 3857 2231; x_wconf 73' lang='grc' dir='ltr'><strong>τοῖς</strong></span> 
     </span>
    </p>
   </div>
   <div class='ocr_carea' id='block_1_54' title="bbox 2279 2260 3860 2338">
    <p class='ocr_par' dir='ltr' id='par_1_54' title="bbox 2279 2260 3860 2338">
     <span class='ocr_line' id='line_1_54' title="bbox 2279 2260 3860 2338; baseline -0.006 -18"><span class='ocrx_word' id='word_1_364' title='bbox 2279 2267 2336 2333; x_wconf 65' lang='grc' dir='ltr'><strong>ἐξ</strong></span> <span class='ocrx_word' id='word_1_365' title='bbox 2393 2268 2564 2338; x_wconf 79' lang='grc' dir='ltr'>ἀρχῆς</span> <span class='ocrx_word' id='word_1_366' title='bbox 2616 2265 2767 2336; x_wconf 70' lang='lat'><strong>(6),</strong></span> <span class='ocrx_word' id='word_1_367' title='bbox 2811 2266 2872 2317; x_wconf 85' lang='grc' dir='ltr'><strong>τὸ</strong></span> <span class='ocrx_word' id='word_1_368' title='bbox 2933 2265 3030 2336; x_wconf 76' lang='grc' dir='ltr'><strong>μὲν</strong></span> <span class='ocrx_word' id='word_1_369' title='bbox 3073 2262 3180 2317; x_wconf 84' lang='grc' dir='ltr'><strong>τῶν</strong></span> <span class='ocrx_word' id='word_1_370' title='bbox 3235 2263 3531 2332; x_wconf 82' lang='grc' dir='ltr'><strong>αίρετικῶν</strong></span> <span class='ocrx_word' id='word_1_371' title='bbox 3580 2260 3860 2322; x_wconf 81' lang='grc' dir='ltr'><strong>παντελῶς</strong></span> 
     </span>
    </p>
   </div>
   <div class='ocr_carea' id='block_1_55' title="bbox 2279 2412 3858 2482">
    <p class='ocr_par' dir='ltr' id='par_1_55' title="bbox 2279 2412 3858 2482">
     <span class='ocr_line' id='line_1_55' title="bbox 2279 2412 3858 2482; baseline -0.002 -16"><span class='ocrx_word' id='word_1_372' title='bbox 2279 2415 2346 2466; x_wconf 80' lang='lat' dir='ltr'><strong>At</strong></span> <span class='ocrx_word' id='word_1_373' title='bbox 2374 2413 2619 2482; x_wconf 73' lang='lat' dir='ltr'><strong>profecto</strong></span> <span class='ocrx_word' id='word_1_374' title='bbox 2644 2428 2921 2482; x_wconf 89' lang='lat' dir='ltr'><strong>nunquam</strong></span> <span class='ocrx_word' id='word_1_375' title='bbox 2963 2423 3111 2466; x_wconf 85' lang='lat' dir='ltr'><strong>tanta</strong></span> <span class='ocrx_word' id='word_1_376' title='bbox 3147 2430 3282 2468; x_wconf 93' lang='lat' dir='ltr'><strong>usus</strong></span> <span class='ocrx_word' id='word_1_377' title='bbox 3315 2421 3461 2468; x_wconf 72' lang='lat' dir='ltr'><strong>esset</strong></span> <span class='ocrx_word' id='word_1_378' title='bbox 3495 2412 3858 2481; x_wconf 77' lang='lat' dir='ltr'><strong>indulgentia,</strong></span> 
     </span>
    </p>
   </div>
   <div class='ocr_carea' id='block_1_56' title="bbox 2283 2483 3862 2552">
    <p class='ocr_par' dir='ltr' id='par_1_56' title="bbox 2283 2483 3862 2552">
     <span class='ocr_line' id='line_1_56' title="bbox 2283 2483 3862 2552; baseline -0.002 -15"><span class='ocrx_word' id='word_1_379' title='bbox 2283 2485 2328 2537; x_wconf 89' lang='lat' dir='ltr'><strong>si</strong></span> <span class='ocrx_word' id='word_1_380' title='bbox 2364 2486 2632 2552; x_wconf 81' lang='lat' dir='ltr'><strong>baptisma</strong></span> <span class='ocrx_word' id='word_1_381' title='bbox 2666 2500 2695 2536; x_wconf 90' lang='lat' dir='ltr'><strong>a</strong></span> <span class='ocrx_word' id='word_1_382' title='bbox 2734 2484 2838 2538; x_wconf 82' lang='lat' dir='ltr'><strong>ﬁde</strong></span> <span class='ocrx_word' id='word_1_383' title='bbox 2865 2485 3115 2537; x_wconf 87' lang='lat' dir='ltr'><strong>recedere</strong></span> <span class='ocrx_word' id='word_1_384' title='bbox 3144 2494 3237 2535; x_wconf 88' lang='lat' dir='ltr'><strong>aut</strong></span> <span class='ocrx_word' id='word_1_385' title='bbox 3269 2499 3375 2535; x_wconf 90' lang='lat' dir='ltr'><strong>non</strong></span> <span class='ocrx_word' id='word_1_386' title='bbox 3399 2483 3653 2536; x_wconf 88' lang='lat' dir='ltr'><strong>recedere</strong></span> <span class='ocrx_word' id='word_1_387' title='bbox 3674 2483 3862 2535; x_wconf 77' lang='lat' dir='ltr'><strong>existi-</strong></span> 
     </span>
    </p>
   </div>
   <div class='ocr_carea' id='block_1_57' title="bbox 2284 2551 3863 2674">
    <p class='ocr_par' dir='ltr' id='par_1_57' title="bbox 2284 2551 3863 2674">
     <span class='ocr_line' id='line_1_57' title="bbox 2284 2551 3863 2622; baseline -0.001 -18"><span class='ocrx_word' id='word_1_388' title='bbox 2284 2551 2503 2616; x_wconf 84' lang='lat' dir='ltr'><strong>masset,</strong></span> <span class='ocrx_word' id='word_1_389' title='bbox 2539 2562 2696 2622; x_wconf 90' lang='lat' dir='ltr'><strong>prout</strong></span> <span class='ocrx_word' id='word_1_390' title='bbox 2777 2554 3052 2621; x_wconf 69' lang='lat' dir='ltr'><strong>rasscripta</strong></span> <span class='ocrx_word' id='word_1_391' title='bbox 3095 2568 3124 2604; x_wconf 90' lang='lat' dir='ltr'><strong>a</strong></span> <span class='ocrx_word' id='word_1_392' title='bbox 3167 2554 3384 2607; x_wconf 83' lang='lat' dir='ltr'><strong>Christo</strong></span> <span class='ocrx_word' id='word_1_393' title='bbox 3418 2551 3584 2604; x_wconf 82' lang='lat' dir='ltr'><strong>forma</strong></span> <span class='ocrx_word' id='word_1_394' title='bbox 3623 2553 3863 2603; x_wconf 77' lang='lat' dir='ltr'><strong>violatur</strong></span> 
     </span>
     <span class='ocr_line' id='line_1_58' title="bbox 2284 2569 3862 2674; baseline 0.001 -2"><span class='ocrx_word' id='word_1_395' title='bbox 2284 2633 2372 2674; x_wconf 90' lang='lat' dir='ltr'><strong>aut</strong></span> <span class='ocrx_word' id='word_1_396' title='bbox 2409 2632 2676 2674; x_wconf 89' lang='lat' dir='ltr'><strong>servatur.</strong></span> <span class='ocrx_word' id='word_1_397' title='bbox 2734 2569 2975 2674; x_wconf 71' lang='lat' dir='ltr'><strong>Beniuue</strong></span> <span class='ocrx_word' id='word_1_398' title='bbox 3003 2623 3182 2674; x_wconf 82' lang='lat' dir='ltr'><strong>sancit</strong></span> <span class='ocrx_word' id='word_1_399' title='bbox 3242 2638 3364 2674; x_wconf 88' lang='lat' dir='ltr'><strong>can.</strong></span> <span class='ocrx_word' id='word_1_400' title='bbox 3397 2621 3463 2673; x_wconf 75' lang='grc'><strong>47</strong></span> <span class='ocrx_word' id='word_1_401' title='bbox 3503 2620 3862 2674; x_wconf 77' lang='lat' dir='ltr'><strong>baptizandos</strong></span> 
     </span>
    </p>
   </div>
   <div class='ocr_carea' id='block_1_58' title="bbox 2284 2620 3862 2690">
    <p class='ocr_par' dir='ltr' id='par_1_58' title="bbox 2284 2620 3862 2690">
     <span class='ocr_line' id='line_1_59' title="bbox 2284 2620 3862 2690; baseline 0.001 -18"><span class='ocrx_word' id='word_1_402' title='bbox 2284 2633 2372 2690; x_wconf 73' lang='lat' dir='ltr'><strong>aut</strong></span> <span class='ocrx_word' id='word_1_403' title='bbox 2409 2620 2676 2676; x_wconf 81' lang='lat' dir='ltr'><strong>servatur.</strong></span> <span class='ocrx_word' id='word_1_404' title='bbox 2734 2620 2978 2690; x_wconf 84' lang='lat' dir='ltr'><strong>Denique</strong></span> <span class='ocrx_word' id='word_1_405' title='bbox 3003 2623 3182 2675; x_wconf 82' lang='lat' dir='ltr'><strong>sancit</strong></span> <span class='ocrx_word' id='word_1_406' title='bbox 3242 2638 3364 2676; x_wconf 87' lang='lat' dir='ltr'><strong>can.</strong></span> <span class='ocrx_word' id='word_1_407' title='bbox 3397 2621 3463 2673; x_wconf 75' lang='grc'><strong>47</strong></span> <span class='ocrx_word' id='word_1_408' title='bbox 3503 2620 3862 2690; x_wconf 75' lang='lat' dir='ltr'><strong>baptizandos</strong></span> 
     </span>
    </p>
   </div>
   <div class='ocr_carea' id='block_1_59' title="bbox 2283 2689 3860 2760">
    <p class='ocr_par' dir='ltr' id='par_1_59' title="bbox 2283 2689 3860 2760">
     <span class='ocr_line' id='line_1_60' title="bbox 2283 2689 3860 2760; baseline -0.002 -18"><span class='ocrx_word' id='word_1_409' title='bbox 2283 2689 2605 2760; x_wconf 73' lang='lat' dir='ltr'><strong>Encratitas,</strong></span> <span class='ocrx_word' id='word_1_410' title='bbox 2633 2689 3118 2760; x_wconf 12' lang='lat' dir='ltr'><strong>quamvisrdicant,</strong></span> <span class='ocrx_word' id='word_1_411' title='bbox 3161 2690 3226 2744; x_wconf 82' lang='lat' dir='ltr'><strong>In</strong></span> <span class='ocrx_word' id='word_1_412' title='bbox 3261 2690 3476 2760; x_wconf 77' lang='lat' dir='ltr'><strong>Patrem</strong></span> <span class='ocrx_word' id='word_1_413' title='bbox 3509 2701 3557 2742; x_wconf 85' lang='lat' dir='ltr'><strong>et</strong></span> <span class='ocrx_word' id='word_1_414' title='bbox 3585 2689 3784 2742; x_wconf 81' lang='lat' dir='ltr'><strong>Filium</strong></span> <span class='ocrx_word' id='word_1_415' title='bbox 3814 2702 3860 2743; x_wconf 79' lang='lat' dir='ltr'><strong>et</strong></span> 
     </span>
    </p>
   </div>
   <div class='ocr_carea' id='block_1_60' title="bbox 2285 2758 3865 2827">
    <p class='ocr_par' dir='ltr' id='par_1_60' title="bbox 2285 2758 3865 2827">
     <span class='ocr_line' id='line_1_61' title="bbox 2285 2758 3865 2827; baseline -0.001 -15"><span class='ocrx_word' id='word_1_416' title='bbox 2285 2758 2541 2825; x_wconf 72' lang='lat' dir='ltr'><strong>Spiritum</strong></span> <span class='ocrx_word' id='word_1_417' title='bbox 2591 2758 2829 2814; x_wconf 69' lang='lat' dir='ltr'><strong>sanctum</strong></span> <span class='ocrx_word' id='word_1_418' title='bbox 2864 2761 3120 2827; x_wconf 75' lang='lat' dir='ltr'><strong>baptizali</strong></span> <span class='ocrx_word' id='word_1_419' title='bbox 3169 2777 3370 2812; x_wconf 74' lang='lat' dir='ltr'><strong>sumus.</strong></span> <span class='ocrx_word' id='word_1_420' title='bbox 3405 2759 3699 2826; x_wconf 78' lang='lat' dir='ltr'><strong>Bejiciebat</strong></span> <span class='ocrx_word' id='word_1_421' title='bbox 3730 2775 3865 2826; x_wconf 63' lang='lat' dir='ltr'><strong>ergo</strong></span> 
     </span>
    </p>
   </div>
   <div class='ocr_carea' id='block_1_61' title="bbox 2285 2829 3859 2899">
    <p class='ocr_par' dir='ltr' id='par_1_61' title="bbox 2285 2829 3859 2899">
     <span class='ocr_line' id='line_1_62' title="bbox 2285 2829 3859 2899; baseline 0.001 -19"><span class='ocrx_word' id='word_1_422' title='bbox 2285 2829 2414 2883; x_wconf 89' lang='lat' dir='ltr'><strong>illud</strong></span> <span class='ocrx_word' id='word_1_423' title='bbox 2447 2832 2713 2899; x_wconf 87' lang='lat' dir='ltr'><strong>baptisma</strong></span> <span class='ocrx_word' id='word_1_424' title='bbox 2772 2846 2880 2883; x_wconf 91' lang='lat' dir='ltr'><strong>non</strong></span> <span class='ocrx_word' id='word_1_425' title='bbox 2928 2834 2997 2883; x_wconf 92' lang='lat' dir='ltr'><strong>ob</strong></span> <span class='ocrx_word' id='word_1_426' title='bbox 3045 2831 3271 2882; x_wconf 78' lang='lat' dir='ltr'><strong>violatos</strong></span> <span class='ocrx_word' id='word_1_427' title='bbox 3332 2830 3636 2899; x_wconf 67' lang='lat' dir='ltr'><strong>baptizandi</strong></span> <span class='ocrx_word' id='word_1_428' title='bbox 3694 2829 3859 2891; x_wconf 86' lang='lat' dir='ltr'><strong>ritus,</strong></span> 
     </span>
    </p>
   </div>
   <div class='ocr_carea' id='block_1_62' title="bbox 2283 2897 3860 2968">
    <p class='ocr_par' dir='ltr' id='par_1_62' title="bbox 2283 2897 3860 2968">
     <span class='ocr_line' id='line_1_63' title="bbox 2283 2897 3860 2968; baseline 0 -17"><span class='ocrx_word' id='word_1_429' title='bbox 2283 2899 2378 2952; x_wconf 83' lang='lat' dir='ltr'><strong>sed</strong></span> <span class='ocrx_word' id='word_1_430' title='bbox 2411 2897 2534 2968; x_wconf 79' lang='lat' dir='ltr'><strong>quia</strong></span> <span class='ocrx_word' id='word_1_431' title='bbox 2572 2899 2883 2962; x_wconf 74' lang='lat' dir='ltr'><strong>Encratitze,</strong></span> <span class='ocrx_word' id='word_1_432' title='bbox 2923 2909 2980 2952; x_wconf 92' lang='lat' dir='ltr'><strong>ut</strong></span> <span class='ocrx_word' id='word_1_433' title='bbox 3010 2899 3208 2952; x_wconf 84' lang='lat' dir='ltr'><strong>ibidem</strong></span> <span class='ocrx_word' id='word_1_434' title='bbox 3243 2897 3493 2960; x_wconf 62' lang='lat' dir='ltr'><strong>testatur,</strong></span> <span class='ocrx_word' id='word_1_435' title='bbox 3541 2897 3704 2968; x_wconf 80' lang='lat' dir='ltr'><strong>Deum</strong></span> <span class='ocrx_word' id='word_1_436' title='bbox 3757 2914 3860 2951; x_wconf 82' lang='lat' dir='ltr'><strong>au-</strong></span> 
     </span>
    </p>
   </div>
   <div class='ocr_carea' id='block_1_63' title="bbox 2285 2967 3862 3034">
    <p class='ocr_par' dir='ltr' id='par_1_63' title="bbox 2285 2967 3862 3034">
     <span class='ocr_line' id='line_1_64' title="bbox 2285 2967 3862 3034; baseline 0.001 -15"><span class='ocrx_word' id='word_1_437' title='bbox 2285 2967 2488 3022; x_wconf 91' lang='lat' dir='ltr'><strong>ctorem</strong></span> <span class='ocrx_word' id='word_1_438' title='bbox 2513 2970 2780 3022; x_wconf 89' lang='lat' dir='ltr'><strong>malorum</strong></span> <span class='ocrx_word' id='word_1_439' title='bbox 2805 2971 3213 3034; x_wconf 73' lang='lat' dir='ltr'><strong>existimabant,</strong></span> <span class='ocrx_word' id='word_1_440' title='bbox 3237 2968 3422 3022; x_wconf 85' lang='lat' dir='ltr'><strong>itidem</strong></span> <span class='ocrx_word' id='word_1_441' title='bbox 3453 2975 3509 3020; x_wconf 90' lang='lat' dir='ltr'><strong>ut</strong></span> <span class='ocrx_word' id='word_1_442' title='bbox 3540 2967 3786 3022; x_wconf 79' lang='lat' dir='ltr'><strong>Marcion</strong></span> <span class='ocrx_word' id='word_1_443' title='bbox 3809 2975 3862 3020; x_wconf 89' lang='lat' dir='ltr'><strong>et</strong></span> 
     </span>
    </p>
   </div>
   <div class='ocr_carea' id='block_1_64' title="bbox 614 3035 2674 3107">
    <p class='ocr_par' dir='ltr' id='par_1_64' title="bbox 614 3035 2674 3107">
     <span class='ocr_line' id='line_1_65' title="bbox 614 3035 2674 3107; baseline 0.001 -20"><span class='ocrx_word' id='word_1_444' title='bbox 614 3037 758 3102; x_wconf 89' lang='lat' dir='ltr'><strong>apud</strong></span> <span class='ocrx_word' id='word_1_445' title='bbox 807 3037 1090 3090; x_wconf 66' lang='lat' dir='ltr'><strong>haereticos</strong></span> <span class='ocrx_word' id='word_1_446' title='bbox 1123 3035 1414 3107; x_wconf 84' lang='lat' dir='ltr'><strong>initiatum,</strong></span> <span class='ocrx_word' id='word_1_447' title='bbox 1441 3037 1535 3090; x_wconf 88' lang='lat' dir='ltr'><strong>sed</strong></span> <span class='ocrx_word' id='word_1_448' title='bbox 1564 3035 1882 3106; x_wconf 85' lang='lat' dir='ltr'><strong>jamdudum</strong></span> <span class='ocrx_word' id='word_1_449' title='bbox 1917 3035 2036 3089; x_wconf 82' lang='lat' dir='ltr'><strong>sine</strong></span> <span class='ocrx_word' id='word_1_450' title='bbox 2087 3037 2179 3089; x_wconf 86' lang='lat' dir='ltr'><strong>ba-</strong></span> <span class='ocrx_word' id='word_1_451' title='bbox 2209 3052 2250 3107; x_wconf 76' lang='grc' dir='ltr'><strong>ο</strong></span> <span class='ocrx_word' id='word_1_452' title='bbox 2287 3039 2401 3090; x_wconf 66' lang='lat' dir='ltr'><strong>alite</strong></span> <span class='ocrx_word' id='word_1_453' title='bbox 2424 3040 2674 3107; x_wconf 69' lang='lat' dir='ltr'><strong>haereses.</strong></span> 
     </span>
    </p>
   </div>
   <div class='ocr_carea' id='block_1_65' title="bbox 614 3105 2176 3174">
    <p class='ocr_par' dir='ltr' id='par_1_65' title="bbox 614 3105 2176 3174">
     <span class='ocr_line' id='line_1_66' title="bbox 614 3105 2176 3174; baseline 0.001 -18"><span class='ocrx_word' id='word_1_454' title='bbox 614 3108 813 3174; x_wconf 84' lang='lat' dir='ltr'><strong>ptismo</strong></span> <span class='ocrx_word' id='word_1_455' title='bbox 844 3108 912 3158; x_wconf 88' lang='lat' dir='ltr'><strong>ab</strong></span> <span class='ocrx_word' id='word_1_456' title='bbox 945 3105 1381 3160; x_wconf 82' lang='lat' dir='ltr'><strong>antecessoribus</strong></span> <span class='ocrx_word' id='word_1_457' title='bbox 1415 3107 1532 3159; x_wconf 84' lang='lat' dir='ltr'><strong>suis</strong></span> <span class='ocrx_word' id='word_1_458' title='bbox 1568 3105 1864 3174; x_wconf 84' lang='lat' dir='ltr'><strong>receptum,</strong></span> <span class='ocrx_word' id='word_1_459' title='bbox 1915 3113 2042 3159; x_wconf 89' lang='lat' dir='ltr'><strong>ante</strong></span> <span class='ocrx_word' id='word_1_460' title='bbox 2068 3121 2176 3158; x_wconf 91' lang='lat' dir='ltr'><strong>non</strong></span> 
     </span>
    </p>
   </div>
   <div class='ocr_carea' id='block_1_66' title="bbox 615 3174 2178 3246">
    <p class='ocr_par' dir='ltr' id='par_1_66' title="bbox 615 3174 2178 3246">
     <span class='ocr_line' id='line_1_67' title="bbox 615 3174 2178 3246; baseline 0 -20"><span class='ocrx_word' id='word_1_461' title='bbox 615 3189 782 3229; x_wconf 79' lang='lat' dir='ltr'><strong>ausus</strong></span> <span class='ocrx_word' id='word_1_462' title='bbox 811 3188 894 3229; x_wconf 90' lang='lat' dir='ltr'><strong>est</strong></span> <span class='ocrx_word' id='word_1_463' title='bbox 925 3175 1220 3246; x_wconf 83' lang='lat' dir='ltr'><strong>baptizare,</strong></span> <span class='ocrx_word' id='word_1_464' title='bbox 1245 3189 1406 3246; x_wconf 74' lang='lat' dir='ltr'><strong>qua_m</strong></span> <span class='ocrx_word' id='word_1_465' title='bbox 1442 3174 1670 3246; x_wconf 75' lang='lat' dir='ltr'><strong>Xystuni</strong></span> <span class='ocrx_word' id='word_1_466' title='bbox 1712 3178 2026 3246; x_wconf 88' lang='lat' dir='ltr'><strong>episcopum</strong></span> <span class='ocrx_word' id='word_1_467' title='bbox 2066 3174 2178 3246; x_wconf 78' lang='lat' dir='ltr'><strong>Ro-</strong></span> 
     </span>
    </p>
   </div>
   <div class='ocr_carea' id='block_1_67' title="bbox 615 3243 2176 3307">
    <p class='ocr_par' dir='ltr' id='par_1_67' title="bbox 615 3243 2176 3307">
     <span class='ocr_line' id='line_1_68' title="bbox 615 3243 2176 3307; baseline 0.001 -12"><span class='ocrx_word' id='word_1_468' title='bbox 615 3259 834 3296; x_wconf 87' lang='lat' dir='ltr'><strong>manum</strong></span> <span class='ocrx_word' id='word_1_469' title='bbox 885 3243 1276 3306; x_wconf 80' lang='lat' dir='ltr'><strong>consuluisset,</strong></span> <span class='ocrx_word' id='word_1_470' title='bbox 1335 3243 1529 3298; x_wconf 82' lang='lat' dir='ltr'><strong>Euseb.</strong></span> <span class='ocrx_word' id='word_1_471' title='bbox 1594 3243 1806 3300; x_wconf 57' lang='grc' dir='ltr'><strong>Ηὶςιζι.</strong></span> <span class='ocrx_word' id='word_1_472' title='bbox 1868 3243 1967 3307; x_wconf 82' lang='lat' dir='ltr'><strong>vit,</strong></span> <span class='ocrx_word' id='word_1_473' title='bbox 2029 3259 2078 3298; x_wconf 90' lang='lat' dir='ltr'><strong>c.</strong></span> <span class='ocrx_word' id='word_1_474' title='bbox 2122 3244 2176 3296; x_wconf 83' lang='lat'><strong>9.</strong></span> 
     </span>
    </p>
   </div>
   <div class='ocr_carea' id='block_1_68' title="bbox 613 3312 2181 3384">
    <p class='ocr_par' dir='ltr' id='par_1_68' title="bbox 613 3312 2181 3384">
     <span class='ocr_line' id='line_1_69' title="bbox 613 3312 2181 3384; baseline 0 -19"><span class='ocrx_word' id='word_1_475' title='bbox 613 3313 670 3365; x_wconf 77' lang='lat'><strong>2°</strong></span> <span class='ocrx_word' id='word_1_476' title='bbox 698 3312 808 3368; x_wconf 75' lang='lat' dir='ltr'><strong>Etsi</strong></span> <span class='ocrx_word' id='word_1_477' title='bbox 851 3323 1082 3366; x_wconf 86' lang='lat' dir='ltr'><strong>testatur</strong></span> <span class='ocrx_word' id='word_1_478' title='bbox 1114 3313 1352 3384; x_wconf 76' lang='lat' dir='ltr'><strong>Basilius</strong></span> <span class='ocrx_word' id='word_1_479' title='bbox 1385 3330 1493 3367; x_wconf 91' lang='lat' dir='ltr'><strong>non</strong></span> <span class='ocrx_word' id='word_1_480' title='bbox 1524 3315 1784 3384; x_wconf 76' lang='lat' dir='ltr'><strong>reiectum</strong></span> <span class='ocrx_word' id='word_1_481' title='bbox 1839 3328 1868 3366; x_wconf 92' lang='lat' dir='ltr'><strong>a</strong></span> <span class='ocrx_word' id='word_1_482' title='bbox 1920 3313 2181 3384; x_wconf 88' lang='lat' dir='ltr'><strong>Dionysio</strong></span> 
     </span>
    </p>
   </div>
   <div class='ocr_carea' id='block_1_69' title="bbox 618 3381 2183 3454">
    <p class='ocr_par' dir='ltr' id='par_1_69' title="bbox 618 3381 2183 3454">
     <span class='ocr_line' id='line_1_70' title="bbox 618 3381 2183 3454; baseline 0.001 -20"><span class='ocrx_word' id='word_1_483' title='bbox 618 3388 788 3437; x_wconf 81' lang='lat' dir='ltr'><strong>luisse</strong></span> <span class='ocrx_word' id='word_1_484' title='bbox 827 3384 1096 3452; x_wconf 89' lang='lat' dir='ltr'><strong>baptisma</strong></span> <span class='ocrx_word' id='word_1_485' title='bbox 1129 3381 1538 3454; x_wconf 83' lang='lat' dir='ltr'><strong>Pepuzenorum</strong></span> <span class='ocrx_word' id='word_1_486' title='bbox 1561 3381 1593 3449; x_wconf 59' lang='grc'>;’</span> <span class='ocrx_word' id='word_1_487' title='bbox 1621 3400 1728 3437; x_wconf 84' lang='grc'><strong>11011</strong></span> <span class='ocrx_word' id='word_1_488' title='bbox 1756 3392 1946 3454; x_wconf 87' lang='lat' dir='ltr'><strong>tamen</strong></span> <span class='ocrx_word' id='word_1_489' title='bbox 1968 3381 2183 3436; x_wconf 81' lang='lat' dir='ltr'><strong>videtur</strong></span> 
     </span>
    </p>
   </div>
   <div class='ocr_carea' id='block_1_70' title="bbox 615 3453 2183 3522">
    <p class='ocr_par' dir='ltr' id='par_1_70' title="bbox 615 3453 2183 3522">
     <span class='ocr_line' id='line_1_71' title="bbox 615 3453 2183 3522; baseline 0 -17"><span class='ocrx_word' id='word_1_490' title='bbox 615 3454 963 3507; x_wconf 83' lang='lat' dir='ltr'><strong>existimasse</strong></span> <span class='ocrx_word' id='word_1_491' title='bbox 989 3466 1241 3520; x_wconf 77' lang='lat' dir='ltr'><strong>magnum</strong></span> <span class='ocrx_word' id='word_1_492' title='bbox 1273 3455 1422 3508; x_wconf 87' lang='lat' dir='ltr'><strong>illum</strong></span> <span class='ocrx_word' id='word_1_493' title='bbox 1463 3456 1636 3522; x_wconf 85' lang='lat' dir='ltr'><strong>virum</strong></span> <span class='ocrx_word' id='word_1_494' title='bbox 1667 3453 1855 3522; x_wconf 87' lang='lat' dir='ltr'><strong>eadem</strong></span> <span class='ocrx_word' id='word_1_495' title='bbox 1897 3454 2183 3522; x_wconf 80' lang='lat' dir='ltr'><strong>indulgen-</strong></span> 
     </span>
    </p>
   </div>
   <div class='ocr_carea' id='block_1_71' title="bbox 618 3521 2181 3576">
    <p class='ocr_par' dir='ltr' id='par_1_71' title="bbox 618 3521 2181 3576">
     <span class='ocr_line' id='line_1_72' title="bbox 618 3521 2181 3576; baseline 0.001 -4"><span class='ocrx_word' id='word_1_496' title='bbox 618 3524 690 3572; x_wconf 91' lang='lat' dir='ltr'><strong>tia</strong></span> <span class='ocrx_word' id='word_1_497' title='bbox 724 3524 776 3572; x_wconf 92' lang='lat' dir='ltr'><strong>iu</strong></span> <span class='ocrx_word' id='word_1_498' title='bbox 810 3523 946 3575; x_wconf 90' lang='lat' dir='ltr'><strong>alios</strong></span> <span class='ocrx_word' id='word_1_499' title='bbox 1000 3523 1282 3576; x_wconf 69' lang='lat' dir='ltr'><strong>haereticos</strong></span> <span class='ocrx_word' id='word_1_500' title='bbox 1332 3539 1488 3576; x_wconf 82' lang='lat' dir='ltr'><strong>usum</strong></span> <span class='ocrx_word' id='word_1_501' title='bbox 1528 3521 1716 3575; x_wconf 83' lang='lat' dir='ltr'><strong>fuisse.</strong></span> <span class='ocrx_word' id='word_1_502' title='bbox 1760 3521 1987 3575; x_wconf 81' lang='lat' dir='ltr'><strong>Miratur</strong></span> <span class='ocrx_word' id='word_1_503' title='bbox 2036 3521 2181 3574; x_wconf 86' lang='lat' dir='ltr'><strong>enim</strong></span> 
     </span>
    </p>
   </div>
   <div class='ocr_carea' id='block_1_72' title="bbox 620 3590 2182 3659">
    <p class='ocr_par' dir='ltr' id='par_1_72' title="bbox 620 3590 2182 3659">
     <span class='ocr_line' id='line_1_73' title="bbox 620 3590 2182 3659; baseline 0.002 -18"><span class='ocrx_word' id='word_1_504' title='bbox 620 3607 716 3642; x_wconf 81' lang='lat' dir='ltr'><strong>cur</strong></span> <span class='ocrx_word' id='word_1_505' title='bbox 765 3601 874 3642; x_wconf 91' lang='lat' dir='ltr'><strong>tam</strong></span> <span class='ocrx_word' id='word_1_506' title='bbox 915 3591 1206 3644; x_wconf 85' lang='lat' dir='ltr'><strong>liberaliter</strong></span> <span class='ocrx_word' id='word_1_507' title='bbox 1255 3593 1426 3659; x_wconf 81' lang='lat' dir='ltr'><strong>egerit</strong></span> <span class='ocrx_word' id='word_1_508' title='bbox 1474 3607 1596 3644; x_wconf 82' lang='lat' dir='ltr'><strong>eum</strong></span> <span class='ocrx_word' id='word_1_509' title='bbox 1634 3590 1935 3659; x_wconf 79' lang='lat' dir='ltr'><strong>Pepuzenis</strong></span> <span class='ocrx_word' id='word_1_510' title='bbox 1997 3600 2182 3659; x_wconf 85' lang='lat' dir='ltr'><strong>utpote</strong></span> 
     </span>
    </p>
   </div>
   <div class='ocr_carea' id='block_1_73' title="bbox 622 3660 2180 3728">
    <p class='ocr_par' dir='ltr' id='par_1_73' title="bbox 622 3660 2180 3728">
     <span class='ocr_line' id='line_1_74' title="bbox 622 3660 2180 3728; baseline 0 -16"><span class='ocrx_word' id='word_1_511' title='bbox 622 3662 924 3724; x_wconf 80' lang='lat' dir='ltr'><strong>hzereticis;</strong></span> <span class='ocrx_word' id='word_1_512' title='bbox 979 3661 1121 3725; x_wconf 82' lang='lat' dir='ltr'><strong>quod</strong></span> <span class='ocrx_word' id='word_1_513' title='bbox 1182 3660 1428 3728; x_wconf 86' lang='lat' dir='ltr'><strong>proleeto</strong></span> <span class='ocrx_word' id='word_1_514' title='bbox 1485 3661 1680 3711; x_wconf 89' lang='lat' dir='ltr'><strong>mirum</strong></span> <span class='ocrx_word' id='word_1_515' title='bbox 1739 3660 1817 3728; x_wconf 80' lang='lat' dir='ltr'><strong>ei_</strong></span> <span class='ocrx_word' id='word_1_516' title='bbox 1847 3661 2019 3712; x_wconf 87' lang='lat' dir='ltr'><strong>visum</strong></span> <span class='ocrx_word' id='word_1_517' title='bbox 2074 3675 2180 3712; x_wconf 89' lang='lat' dir='ltr'><strong>non</strong></span> 
     </span>
    </p>
   </div>
   <div class='ocr_carea' id='block_1_74' title="bbox 621 3726 2183 3799">
    <p class='ocr_par' dir='ltr' id='par_1_74' title="bbox 621 3726 2183 3799">
     <span class='ocr_line' id='line_1_75' title="bbox 621 3726 2183 3799; baseline 0.003 -19"><span class='ocrx_word' id='word_1_518' title='bbox 621 3729 839 3790; x_wconf 83' lang='lat' dir='ltr'><strong>fuisset,</strong></span> <span class='ocrx_word' id='word_1_519' title='bbox 871 3731 914 3784; x_wconf 90' lang='lat' dir='ltr'><strong>si</strong></span> <span class='ocrx_word' id='word_1_520' title='bbox 946 3731 1097 3799; x_wconf 82' lang='lat' dir='ltr'><strong>ipsos</strong></span> <span class='ocrx_word' id='word_1_521' title='bbox 1117 3726 1278 3799; x_wconf 81' lang='lat' dir='ltr'><strong>etiam</strong></span> <span class='ocrx_word' id='word_1_522' title='bbox 1308 3728 1655 3783; x_wconf 78' lang='lat' dir='ltr'><strong>Marcionitas</strong></span> <span class='ocrx_word' id='word_1_523' title='bbox 1688 3736 1741 3799; x_wconf 88' lang='lat' dir='ltr'><strong>et</strong></span> <span class='ocrx_word' id='word_1_524' title='bbox 1772 3726 2183 3799; x_wconf 66' lang='lat' dir='ltr'><strong>Valentinianus</strong></span> 
     </span>
    </p>
   </div>
   <div class='ocr_carea' id='block_1_75' title="bbox 621 3797 2183 3869">
    <p class='ocr_par' dir='ltr' id='par_1_75' title="bbox 621 3797 2183 3869">
     <span class='ocr_line' id='line_1_76' title="bbox 621 3797 2183 3869; baseline -0.001 -17"><span class='ocrx_word' id='word_1_525' title='bbox 621 3802 690 3853; x_wconf 90' lang='lat' dir='ltr'><strong>ab</strong></span> <span class='ocrx_word' id='word_1_526' title='bbox 717 3815 783 3854; x_wconf 91' lang='lat' dir='ltr'><strong>eo</strong></span> <span class='ocrx_word' id='word_1_527' title='bbox 826 3801 943 3869; x_wconf 74' lang='lat' dir='ltr'><strong>sine</strong></span> <span class='ocrx_word' id='word_1_528' title='bbox 971 3797 1261 3869; x_wconf 70' lang='lat' dir='ltr'><strong>baptismo</strong></span> <span class='ocrx_word' id='word_1_529' title='bbox 1305 3805 1551 3869; x_wconf 87' lang='lat' dir='ltr'><strong>receptos</strong></span> <span class='ocrx_word' id='word_1_530' title='bbox 1602 3798 1942 3852; x_wconf 88' lang='lat' dir='ltr'><strong>credidisset.</strong></span> <span class='ocrx_word' id='word_1_531' title='bbox 1977 3797 2183 3869; x_wconf 81' lang='lat' dir='ltr'><strong>Quam-</strong></span> 
     </span>
    </p>
   </div>
   <div class='ocr_carea' id='block_1_76' title="bbox 619 3867 2180 3939">
    <p class='ocr_par' dir='ltr' id='par_1_76' title="bbox 619 3867 2180 3939">
     <span class='ocr_line' id='line_1_77' title="bbox 619 3867 2180 3939; baseline -0.001 -17"><span class='ocrx_word' id='word_1_532' title='bbox 619 3873 809 3923; x_wconf 83' lang='lat' dir='ltr'><strong>obrem</strong></span> <span class='ocrx_word' id='word_1_533' title='bbox 835 3867 1018 3922; x_wconf 80' lang='lat' dir='ltr'><strong>Basilii</strong></span> <span class='ocrx_word' id='word_1_534' title='bbox 1040 3869 1306 3939; x_wconf 83' lang='lat' dir='ltr'><strong>sententia</strong></span> <span class='ocrx_word' id='word_1_535' title='bbox 1334 3867 1493 3939; x_wconf 72' lang='lat' dir='ltr'><strong>paulo</strong></span> <span class='ocrx_word' id='word_1_536' title='bbox 1516 3868 1820 3939; x_wconf 80' lang='lat' dir='ltr'><strong>restrictius</strong></span> <span class='ocrx_word' id='word_1_537' title='bbox 1843 3867 2180 3939; x_wconf 67' lang='lat' dir='ltr'><strong>accipienda,</strong></span> 
     </span>
    </p>
   </div>
   <div class='ocr_carea' id='block_1_77' title="bbox 624 3936 2183 4008">
    <p class='ocr_par' dir='ltr' id='par_1_77' title="bbox 624 3936 2183 4008">
     <span class='ocr_line' id='line_1_78' title="bbox 624 3936 2183 4008; baseline -0.001 -17"><span class='ocrx_word' id='word_1_538' title='bbox 624 3955 786 4007; x_wconf 87' lang='lat' dir='ltr'><strong>quam</strong></span> <span class='ocrx_word' id='word_1_539' title='bbox 836 3939 997 4008; x_wconf 76' lang='lat' dir='ltr'><strong>vulgo</strong></span> <span class='ocrx_word' id='word_1_540' title='bbox 1030 3938 1312 4007; x_wconf 82' lang='lat' dir='ltr'><strong>accipitur.</strong></span> <span class='ocrx_word' id='word_1_541' title='bbox 1335 3936 1575 3992; x_wconf 51' lang='lat' dir='ltr'><strong>&#39;Constat</strong></span> <span class='ocrx_word' id='word_1_542' title='bbox 1606 3939 1750 3992; x_wconf 88' lang='lat' dir='ltr'><strong>illius</strong></span> <span class='ocrx_word' id='word_1_543' title='bbox 1785 3937 1850 3991; x_wconf 90' lang='lat' dir='ltr'><strong>de</strong></span> <span class='ocrx_word' id='word_1_544' title='bbox 1885 3936 2183 4007; x_wconf 84' lang='lat' dir='ltr'><strong>Pepuzenis</strong></span> 
     </span>
    </p>
   </div>
   <div class='ocr_carea' id='block_1_78' title="bbox 623 4007 2181 4078">
    <p class='ocr_par' dir='ltr' id='par_1_78' title="bbox 623 4007 2181 4078">
     <span class='ocr_line' id='line_1_79' title="bbox 623 4007 2181 4078; baseline -0.001 -16"><span class='ocrx_word' id='word_1_545' title='bbox 623 4017 742 4063; x_wconf 78' lang='lat' dir='ltr'><strong>sine</strong></span> <span class='ocrx_word' id='word_1_546' title='bbox 778 4010 1048 4078; x_wconf 88' lang='lat' dir='ltr'><strong>baptismo</strong></span> <span class='ocrx_word' id='word_1_547' title='bbox 1085 4010 1322 4078; x_wconf 84' lang='lat' dir='ltr'><strong>receptis</strong></span> <span class='ocrx_word' id='word_1_548' title='bbox 1358 4010 1753 4068; x_wconf 88' lang='lat' dir='ltr'><strong>testimonium,</strong></span> <span class='ocrx_word' id='word_1_549' title='bbox 1787 4017 1947 4077; x_wconf 86' lang='lat' dir='ltr'><strong>atque</strong></span> <span class='ocrx_word' id='word_1_550' title='bbox 1978 4023 2044 4078; x_wconf 70' lang='lat' dir='ltr'><strong>ex</strong></span> <span class='ocrx_word' id='word_1_551' title='bbox 2078 4007 2181 4061; x_wconf 91' lang='lat' dir='ltr'><strong>hoc</strong></span> 
     </span>
    </p>
   </div>
   <div class='ocr_carea' id='block_1_79' title="bbox 624 4077 2185 4146">
    <p class='ocr_par' dir='ltr' id='par_1_79' title="bbox 624 4077 2185 4146">
     <span class='ocr_line' id='line_1_80' title="bbox 624 4077 2185 4146; baseline -0.003 -14"><span class='ocrx_word' id='word_1_552' title='bbox 624 4077 936 4132; x_wconf 86' lang='lat' dir='ltr'><strong>testimonio</strong></span> <span class='ocrx_word' id='word_1_553' title='bbox 995 4077 1126 4129; x_wconf 91' lang='lat' dir='ltr'><strong>illud</strong></span> <span class='ocrx_word' id='word_1_554' title='bbox 1173 4079 1337 4130; x_wconf 87' lang='lat' dir='ltr'><strong>etiam</strong></span> <span class='ocrx_word' id='word_1_555' title='bbox 1400 4079 1579 4146; x_wconf 73' lang='lat' dir='ltr'><strong>colligi</strong></span> <span class='ocrx_word' id='word_1_556' title='bbox 1629 4085 1842 4146; x_wconf 85' lang='lat' dir='ltr'><strong>potest,</strong></span> <span class='ocrx_word' id='word_1_557' title='bbox 1905 4077 2185 4146; x_wconf 85' lang='lat' dir='ltr'><strong>quodlibet</strong></span> 
     </span>
    </p>
   </div>
   <div class='ocr_carea' id='block_1_80' title="bbox 624 4146 2182 4215">
    <p class='ocr_par' dir='ltr' id='par_1_80' title="bbox 624 4146 2182 4215">
     <span class='ocr_line' id='line_1_81' title="bbox 624 4146 2182 4215; baseline -0.003 -15"><span class='ocrx_word' id='word_1_558' title='bbox 624 4148 912 4212; x_wconf 87' lang='lat' dir='ltr'><strong>baptisma,</strong></span> <span class='ocrx_word' id='word_1_559' title='bbox 949 4147 1109 4199; x_wconf 87' lang='lat' dir='ltr'><strong>modo</strong></span> <span class='ocrx_word' id='word_1_560' title='bbox 1136 4146 1274 4200; x_wconf 88' lang='lat' dir='ltr'><strong>ritus</strong></span> <span class='ocrx_word' id='word_1_561' title='bbox 1310 4147 1579 4215; x_wconf 74' lang='lat' dir='ltr'><strong>legitimus</strong></span> <span class='ocrx_word' id='word_1_562' title='bbox 1611 4162 1718 4199; x_wconf 88' lang='lat' dir='ltr'><strong>non</strong></span> <span class='ocrx_word' id='word_1_563' title='bbox 1748 4147 1981 4206; x_wconf 88' lang='lat' dir='ltr'><strong>deesset,</strong></span> <span class='ocrx_word' id='word_1_564' title='bbox 2009 4160 2182 4200; x_wconf 87' lang='lat' dir='ltr'><strong>ratqu</strong></span> 
     </span>
    </p>
   </div>
   <div class='ocr_carea' id='block_1_81' title="bbox 624 4215 2186 4286">
    <p class='ocr_par' dir='ltr' id='par_1_81' title="bbox 624 4215 2186 4286">
     <span class='ocr_line' id='line_1_82' title="bbox 624 4215 2186 4286; baseline -0.001 -17"><span class='ocrx_word' id='word_1_565' title='bbox 624 4233 652 4269; x_wconf 90' lang='lat' dir='ltr'><strong>a</strong></span> <span class='ocrx_word' id='word_1_566' title='bbox 698 4216 952 4286; x_wconf 89' lang='lat' dir='ltr'><strong>Dionysio</strong></span> <span class='ocrx_word' id='word_1_567' title='bbox 994 4215 1235 4268; x_wconf 90' lang='lat' dir='ltr'><strong>habitum</strong></span> <span class='ocrx_word' id='word_1_568' title='bbox 1275 4215 1465 4271; x_wconf 79' lang='lat' dir='ltr'><strong>fuisse.</strong></span> <span class='ocrx_word' id='word_1_569' title='bbox 1523 4217 1628 4269; x_wconf 81' lang='lat' dir='ltr'><strong>Sed</strong></span> <span class='ocrx_word' id='word_1_570' title='bbox 1667 4215 1898 4286; x_wconf 83' lang='lat' dir='ltr'><strong>Basilius</strong></span> <span class='ocrx_word' id='word_1_571' title='bbox 1958 4217 2074 4283; x_wconf 87' lang='lat' dir='ltr'><strong>ipse</strong></span> <span class='ocrx_word' id='word_1_572' title='bbox 2118 4215 2186 4268; x_wconf 91' lang='lat' dir='ltr'><strong>de</strong></span> 
     </span>
    </p>
   </div>
   <div class='ocr_carea' id='block_1_82' title="bbox 624 4285 2186 4355">
    <p class='ocr_par' dir='ltr' id='par_1_82' title="bbox 624 4285 2186 4355">
     <span class='ocr_line' id='line_1_83' title="bbox 624 4285 2186 4355; baseline -0.003 -14"><span class='ocrx_word' id='word_1_573' title='bbox 624 4289 759 4342; x_wconf 83' lang='lat' dir='ltr'><strong>solis</strong></span> <span class='ocrx_word' id='word_1_574' title='bbox 793 4285 1093 4354; x_wconf 83' lang='lat' dir='ltr'><strong>Pepuzenis</strong></span> <span class='ocrx_word' id='word_1_575' title='bbox 1124 4287 1412 4355; x_wconf 71' lang='lat' dir='ltr'><strong>loquitur,</strong></span> <span class='ocrx_word' id='word_1_576' title='bbox 1444 4293 1498 4339; x_wconf 90' lang='lat' dir='ltr'><strong>et</strong></span> <span class='ocrx_word' id='word_1_577' title='bbox 1552 4287 1626 4355; x_wconf 12' lang='lat' dir='ltr'><strong>in,</strong></span> <span class='ocrx_word' id='word_1_578' title='bbox 1664 4286 1766 4338; x_wconf 89' lang='lat' dir='ltr'><strong>hoc</strong></span> <span class='ocrx_word' id='word_1_579' title='bbox 1810 4285 1929 4355; x_wconf 89' lang='lat' dir='ltr'><strong>ipso</strong></span> <span class='ocrx_word' id='word_1_580' title='bbox 1977 4299 2186 4355; x_wconf 79' lang='lat' dir='ltr'><strong>canone</strong></span> 
     </span>
    </p>
   </div>
   <div class='ocr_carea' id='block_1_83' title="bbox 2358 3103 3859 3176">
    <p class='ocr_par' dir='ltr' id='par_1_83' title="bbox 2358 3103 3859 3176">
     <span class='ocr_line' id='line_1_84' title="bbox 2358 3103 3859 3176; baseline -0.002 -14"><span class='ocrx_word' id='word_1_581' title='bbox 2358 3109 2468 3174; x_wconf 82' lang='grc'><strong>(5)</strong></span> <span class='ocrx_word' id='word_1_582' title='bbox 2509 3107 2582 3176; x_wconf 56' lang='grc' dir='ltr'><strong>Τὰ</strong></span> <span class='ocrx_word' id='word_1_583' title='bbox 2634 3105 2702 3158; x_wconf 75' lang='grc' dir='ltr'><strong>δὲ</strong></span> <span class='ocrx_word' id='word_1_584' title='bbox 2745 3107 3072 3175; x_wconf 81' lang='grc' dir='ltr'><strong>σχΙσματα.</strong></span> <span class='ocrx_word' id='word_1_585' title='bbox 3123 3105 3215 3160; x_wconf 90' lang='lat' dir='ltr'><strong>Sic</strong></span> <span class='ocrx_word' id='word_1_586' title='bbox 3263 3106 3508 3176; x_wconf 86' lang='lat' dir='ltr'><strong>plerique</strong></span> <span class='ocrx_word' id='word_1_587' title='bbox 3541 3120 3674 3159; x_wconf 88' lang='lat' dir='ltr'><strong>mss.</strong></span> <span class='ocrx_word' id='word_1_588' title='bbox 3708 3103 3859 3159; x_wconf 79' lang='lat' dir='ltr'><strong>Editi</strong></span> 
     </span>
    </p>
   </div>
   <div class='ocr_carea' id='block_1_84' title="bbox 2277 3174 3863 3247">
    <p class='ocr_par' dir='ltr' id='par_1_84' title="bbox 2277 3174 3863 3247">
     <span class='ocr_line' id='line_1_85' title="bbox 2277 3174 3863 3247; baseline -0.001 -19"><span class='ocrx_word' id='word_1_589' title='bbox 2277 3177 2374 3238; x_wconf 79' lang='grc' dir='ltr'><strong>τὰς</strong></span> <span class='ocrx_word' id='word_1_590' title='bbox 2406 3177 2482 3228; x_wconf 82' lang='grc' dir='ltr'><strong>δέ.</strong></span> <span class='ocrx_word' id='word_1_591' title='bbox 2515 3174 2773 3229; x_wconf 84' lang='lat' dir='ltr'><strong>Nonnulli</strong></span> <span class='ocrx_word' id='word_1_592' title='bbox 2821 3174 3046 3231; x_wconf 81' lang='lat' dir='ltr'><strong>codices</strong></span> <span class='ocrx_word' id='word_1_593' title='bbox 3105 3174 3305 3231; x_wconf 79' lang='lat' dir='ltr'><strong>habent</strong></span> <span class='ocrx_word' id='word_1_594' title='bbox 3355 3174 3453 3239; x_wconf 65' lang='grc' dir='ltr'><strong>τάξ</strong></span> <span class='ocrx_word' id='word_1_595' title='bbox 3490 3175 3545 3229; x_wconf 80' lang='grc' dir='ltr'><strong>δὲ</strong></span> <span class='ocrx_word' id='word_1_596' title='bbox 3590 3192 3863 3247; x_wconf 80' lang='grc' dir='ltr'><strong>παρασυν-</strong></span> 
     </span>
    </p>
   </div>
   <div class='ocr_carea' id='block_1_85' title="bbox 2281 3248 2519 3308">
    <p class='ocr_par' dir='ltr' id='par_1_85' title="bbox 2281 3248 2519 3308">
     <span class='ocr_line' id='line_1_86' title="bbox 2281 3248 2519 3308; baseline -0.004 -10"><span class='ocrx_word' id='word_1_597' title='bbox 2281 3248 2519 3308; x_wconf 81' lang='grc' dir='ltr'><strong>αγωγάς.</strong></span> 
     </span>
    </p>
   </div>
   <div class='ocr_carea' id='block_1_86' title="bbox 2318 3263 3861 3436">
    <p class='ocr_par' dir='ltr' id='par_1_86' title="bbox 2318 3263 3861 3436">
     <span class='ocr_line' id='line_1_87' title="bbox 2318 3263 3861 3384; baseline 0 -16"><span class='ocrx_word' id='word_1_598' title='bbox 2318 3263 2634 3384; x_wconf 46' lang='grc' dir='ltr'><strong>γωέῗςῖοῖς</strong></span> <span class='ocrx_word' id='word_1_599' title='bbox 2692 3315 2759 3378; x_wconf 82' lang='grc' dir='ltr'><strong>ἐξ</strong></span> <span class='ocrx_word' id='word_1_600' title='bbox 2812 3313 3025 3382; x_wconf 82' lang='grc' dir='ltr'><strong>ἀρχῆς.</strong></span> <span class='ocrx_word' id='word_1_601' title='bbox 3057 3315 3336 3379; x_wconf 88' lang='lat' dir='ltr'><strong>Quosnam</strong></span> <span class='ocrx_word' id='word_1_602' title='bbox 3372 3314 3458 3368; x_wconf 90' lang='lat' dir='ltr'><strong>hic</strong></span> <span class='ocrx_word' id='word_1_603' title='bbox 3491 3314 3742 3382; x_wconf 88' lang='lat' dir='ltr'><strong>antiquos</strong></span> <span class='ocrx_word' id='word_1_604' title='bbox 3780 3315 3861 3368; x_wconf 86' lang='lat' dir='ltr'><strong>in-</strong></span> 
     </span>
     <span class='ocr_line' id='line_1_88' title="bbox 2318 3317 3860 3436; baseline 0 0"><span class='ocrx_word' id='word_1_605' title='bbox 2318 3317 2475 3436; x_wconf 59' lang='lat' dir='ltr'><strong>:liicit</strong></span> <span class='ocrx_word' id='word_1_606' title='bbox 2505 3384 2780 3436; x_wconf 77' lang='lat' dir='ltr'><strong>Basrlius?</strong></span> <span class='ocrx_word' id='word_1_607' title='bbox 2811 3387 2891 3436; x_wconf 79' lang='lat' dir='ltr'><strong>An</strong></span> <span class='ocrx_word' id='word_1_608' title='bbox 2924 3383 3323 3436; x_wconf 86' lang='lat' dir='ltr'><strong>Firmilianum.</strong></span> <span class='ocrx_word' id='word_1_609' title='bbox 3360 3398 3426 3436; x_wconf 91' lang='lat' dir='ltr'><strong>an</strong></span> <span class='ocrx_word' id='word_1_610' title='bbox 3461 3385 3580 3436; x_wconf 83' lang='lat' dir='ltr'><strong>eius</strong></span> <span class='ocrx_word' id='word_1_611' title='bbox 3611 3392 3860 3436; x_wconf 83' lang='lat' dir='ltr'><strong>anteces-</strong></span> 
     </span>
    </p>
   </div>
   <div class='ocr_carea' id='block_1_87' title="bbox 2283 3383 3860 3452">
    <p class='ocr_par' dir='ltr' id='par_1_87' title="bbox 2283 3383 3860 3452">
     <span class='ocr_line' id='line_1_89' title="bbox 2283 3383 3860 3452; baseline -0.001 -14"><span class='ocrx_word' id='word_1_612' title='bbox 2283 3383 2475 3452; x_wconf 77' lang='lat' dir='ltr'><strong>telligit</strong></span> <span class='ocrx_word' id='word_1_613' title='bbox 2505 3384 2780 3438; x_wconf 82' lang='lat' dir='ltr'><strong>Basdius?</strong></span> <span class='ocrx_word' id='word_1_614' title='bbox 2811 3387 2891 3436; x_wconf 79' lang='lat' dir='ltr'><strong>An</strong></span> <span class='ocrx_word' id='word_1_615' title='bbox 2924 3383 3323 3446; x_wconf 85' lang='lat' dir='ltr'><strong>Firmilianum,</strong></span> <span class='ocrx_word' id='word_1_616' title='bbox 3360 3398 3426 3437; x_wconf 91' lang='lat' dir='ltr'><strong>an</strong></span> <span class='ocrx_word' id='word_1_617' title='bbox 3461 3385 3580 3450; x_wconf 86' lang='lat' dir='ltr'><strong>ejus</strong></span> <span class='ocrx_word' id='word_1_618' title='bbox 3611 3392 3860 3437; x_wconf 84' lang='lat' dir='ltr'><strong>anteces-</strong></span> 
     </span>
    </p>
   </div>
   <div class='ocr_carea' id='block_1_88' title="bbox 2283 3451 3857 3523">
    <p class='ocr_par' dir='ltr' id='par_1_88' title="bbox 2283 3451 3857 3523">
     <span class='ocr_line' id='line_1_90' title="bbox 2283 3451 3857 3523; baseline -0.001 -15"><span class='ocrx_word' id='word_1_619' title='bbox 2283 3451 2458 3519; x_wconf 74' lang='lat' dir='ltr'><strong>sores,</strong></span> <span class='ocrx_word' id='word_1_620' title='bbox 2494 3470 2561 3507; x_wconf 90' lang='lat' dir='ltr'><strong>an</strong></span> <span class='ocrx_word' id='word_1_621' title='bbox 2595 3453 2986 3508; x_wconf 85' lang='lat' dir='ltr'><strong>successores?</strong></span> <span class='ocrx_word' id='word_1_622' title='bbox 3008 3452 3125 3508; x_wconf 87' lang='lat' dir='ltr'><strong>Non</strong></span> <span class='ocrx_word' id='word_1_623' title='bbox 3152 3455 3392 3523; x_wconf 89' lang='lat' dir='ltr'><strong>loquitur</strong></span> <span class='ocrx_word' id='word_1_624' title='bbox 3415 3455 3480 3508; x_wconf 90' lang='lat' dir='ltr'><strong>de</strong></span> <span class='ocrx_word' id='word_1_625' title='bbox 3502 3451 3857 3518; x_wconf 84' lang='lat' dir='ltr'><strong>Firmiliano;</strong></span> 
     </span>
    </p>
   </div>
   <div class='ocr_carea' id='block_1_89' title="bbox 2281 3523 3853 3592">
    <p class='ocr_par' dir='ltr' id='par_1_89' title="bbox 2281 3523 3853 3592">
     <span class='ocr_line' id='line_1_91' title="bbox 2281 3523 3853 3592; baseline 0.001 -17"><span class='ocrx_word' id='word_1_626' title='bbox 2281 3526 2400 3591; x_wconf 86' lang='lat' dir='ltr'><strong>ejus</strong></span> <span class='ocrx_word' id='word_1_627' title='bbox 2433 3525 2574 3576; x_wconf 84' lang='lat' dir='ltr'><strong>enim</strong></span> <span class='ocrx_word' id='word_1_628' title='bbox 2597 3523 3060 3592; x_wconf 17' lang='lat' dir='ltr'><strong>sententiamﬁnon</strong></span> <span class='ocrx_word' id='word_1_629' title='bbox 3090 3539 3281 3592; x_wconf 63' lang='lat' dir='ltr'><strong>parum</strong></span> <span class='ocrx_word' id='word_1_630' title='bbox 3315 3524 3382 3576; x_wconf 88' lang='lat' dir='ltr'><strong>ab</strong></span> <span class='ocrx_word' id='word_1_631' title='bbox 3407 3525 3508 3576; x_wconf 91' lang='lat' dir='ltr'><strong>ista</strong></span> <span class='ocrx_word' id='word_1_632' title='bbox 3531 3524 3853 3591; x_wconf 86' lang='lat' dir='ltr'><strong>discrepan-</strong></span> 
     </span>
    </p>
   </div>
   <div class='ocr_carea' id='block_1_90' title="bbox 2283 3591 3850 3661">
    <p class='ocr_par' dir='ltr' id='par_1_90' title="bbox 2283 3591 3850 3661">
     <span class='ocr_line' id='line_1_92' title="bbox 2283 3591 3850 3661; baseline 0 -18"><span class='ocrx_word' id='word_1_633' title='bbox 2283 3601 2388 3646; x_wconf 89' lang='lat' dir='ltr'><strong>tem</strong></span> <span class='ocrx_word' id='word_1_634' title='bbox 2426 3594 2564 3645; x_wconf 85' lang='lat' dir='ltr'><strong>inl&#39;ra</strong></span> <span class='ocrx_word' id='word_1_635' title='bbox 2615 3605 2856 3661; x_wconf 78' lang='lat' dir='ltr'><strong>exponit.</strong></span> <span class='ocrx_word' id='word_1_636' title='bbox 2911 3591 2966 3643; x_wconf 86' lang='lat' dir='ltr'><strong>Si</strong></span> <span class='ocrx_word' id='word_1_637' title='bbox 3013 3591 3099 3646; x_wconf 11' lang='lat' dir='ltr'><strong>de?</strong></span> <span class='ocrx_word' id='word_1_638' title='bbox 3135 3595 3545 3646; x_wconf 80' lang='lat' dir='ltr'><strong>successoribus</strong></span> <span class='ocrx_word' id='word_1_639' title='bbox 3583 3594 3850 3661; x_wconf 74' lang='lat' dir='ltr'><strong>loquitur,</strong></span> 
     </span>
    </p>
   </div>
   <div class='ocr_carea' id='block_1_91' title="bbox 2283 3660 3857 3730">
    <p class='ocr_par' dir='ltr' id='par_1_91' title="bbox 2283 3660 3857 3730">
     <span class='ocr_line' id='line_1_93' title="bbox 2283 3660 3857 3730; baseline -0.001 -16"><span class='ocrx_word' id='word_1_640' title='bbox 2283 3663 2417 3714; x_wconf 87' lang='lat' dir='ltr'><strong>nihil</strong></span> <span class='ocrx_word' id='word_1_641' title='bbox 2447 3660 2832 3730; x_wconf 76' lang='lat' dir='ltr'><strong>eritatubigui,</strong></span> <span class='ocrx_word' id='word_1_642' title='bbox 2865 3662 3002 3715; x_wconf 90' lang='lat' dir='ltr'><strong>nihil</strong></span> <span class='ocrx_word' id='word_1_643' title='bbox 3033 3676 3140 3714; x_wconf 89' lang='lat' dir='ltr'><strong>non</strong></span> <span class='ocrx_word' id='word_1_644' title='bbox 3173 3669 3426 3714; x_wconf 88' lang='lat' dir='ltr'><strong>accurate</strong></span> <span class='ocrx_word' id='word_1_645' title='bbox 3467 3661 3690 3714; x_wconf 86' lang='lat' dir='ltr'><strong>dictum.</strong></span> <span class='ocrx_word' id='word_1_646' title='bbox 3722 3660 3857 3713; x_wconf 80' lang='lat' dir='ltr'><strong>Nam</strong></span> 
     </span>
    </p>
   </div>
   <div class='ocr_carea' id='block_1_92' title="bbox 2283 3729 3858 3799">
    <p class='ocr_par' dir='ltr' id='par_1_92' title="bbox 2283 3729 3858 3799">
     <span class='ocr_line' id='line_1_94' title="bbox 2283 3729 3858 3799; baseline -0.001 -17"><span class='ocrx_word' id='word_1_647' title='bbox 2283 3745 2406 3783; x_wconf 92' lang='lat' dir='ltr'><strong>cum</strong></span> <span class='ocrx_word' id='word_1_648' title='bbox 2443 3729 2791 3784; x_wconf 87' lang='lat' dir='ltr'><strong>Firmilianus</strong></span> <span class='ocrx_word' id='word_1_649' title='bbox 2833 3731 2982 3783; x_wconf 83' lang='lat' dir='ltr'><strong>nullo</strong></span> <span class='ocrx_word' id='word_1_650' title='bbox 3020 3730 3332 3784; x_wconf 81' lang='lat' dir='ltr'><strong>discrimine</strong></span> <span class='ocrx_word' id='word_1_651' title='bbox 3369 3730 3652 3784; x_wconf 90' lang='lat' dir='ltr'><strong>habuisset</strong></span> <span class='ocrx_word' id='word_1_652' title='bbox 3676 3731 3858 3799; x_wconf 80' lang='lat' dir='ltr'><strong>bapti-</strong></span> 
     </span>
    </p>
   </div>
   <div class='ocr_carea' id='block_1_93' title="bbox 2284 3799 3856 3868">
    <p class='ocr_par' dir='ltr' id='par_1_93' title="bbox 2284 3799 3856 3868">
     <span class='ocr_line' id='line_1_95' title="bbox 2284 3799 3856 3868; baseline -0.004 -13"><span class='ocrx_word' id='word_1_653' title='bbox 2284 3814 2401 3855; x_wconf 86' lang='lat' dir='ltr'><strong>sma</strong></span> <span class='ocrx_word' id='word_1_654' title='bbox 2427 3802 2540 3855; x_wconf 91' lang='lat' dir='ltr'><strong>sive</strong></span> <span class='ocrx_word' id='word_1_655' title='bbox 2571 3801 2624 3852; x_wconf 90' lang='lat' dir='ltr'><strong>in</strong></span> <span class='ocrx_word' id='word_1_656' title='bbox 2651 3800 2865 3860; x_wconf 65' lang='lat' dir='ltr'><strong>haeresi.</strong></span> <span class='ocrx_word' id='word_1_657' title='bbox 2899 3803 3013 3855; x_wconf 87' lang='lat' dir='ltr'><strong>sive</strong></span> <span class='ocrx_word' id='word_1_658' title='bbox 3046 3800 3100 3853; x_wconf 89' lang='lat' dir='ltr'><strong>in</strong></span> <span class='ocrx_word' id='word_1_659' title='bbox 3128 3799 3446 3862; x_wconf 85' lang='lat' dir='ltr'><strong>schismate,</strong></span> <span class='ocrx_word' id='word_1_660' title='bbox 3499 3801 3615 3853; x_wconf 85' lang='lat' dir='ltr'><strong>sive</strong></span> <span class='ocrx_word' id='word_1_661' title='bbox 3657 3799 3712 3852; x_wconf 88' lang='lat' dir='ltr'><strong>in</strong></span> <span class='ocrx_word' id='word_1_662' title='bbox 3760 3813 3856 3868; x_wconf 48' lang='lat' dir='ltr'><strong>pag</strong></span> 
     </span>
    </p>
   </div>
   <div class='ocr_carea' id='block_1_94' title="bbox 2284 3866 3856 3950">
    <p class='ocr_par' dir='ltr' id='par_1_94' title="bbox 2284 3866 3856 3950">
     <span class='ocr_line' id='line_1_96' title="bbox 2284 3866 3856 3950; baseline 0 -28"><span class='ocrx_word' id='word_1_663' title='bbox 2284 3869 2634 3950; x_wconf 54' lang='lat' dir='ltr'><strong>Lasynagogis</strong></span> <span class='ocrx_word' id='word_1_664' title='bbox 2674 3869 2888 3950; x_wconf 81' lang='lat' dir='ltr'><strong>datum,</strong></span> <span class='ocrx_word' id='word_1_665' title='bbox 2924 3879 2985 3949; x_wconf 77' lang='lat' dir='ltr'><strong>ut</strong></span> <span class='ocrx_word' id='word_1_666' title='bbox 3027 3877 3174 3938; x_wconf 89' lang='lat' dir='ltr'><strong>patet</strong></span> <span class='ocrx_word' id='word_1_667' title='bbox 3214 3883 3278 3921; x_wconf 82' lang='lat' dir='ltr'><strong>ex</strong></span> <span class='ocrx_word' id='word_1_668' title='bbox 3329 3869 3726 3950; x_wconf 44' lang='lat' dir='ltr'><strong>ejusepistola</strong></span> <span class='ocrx_word' id='word_1_669' title='bbox 3765 3866 3856 3944; x_wconf 67' lang='lat' dir='ltr'><strong>ad</strong></span> 
     </span>
    </p>
   </div>
   <div class='ocr_carea' id='block_1_95' title="bbox 2283 3938 3860 4009">
    <p class='ocr_par' dir='ltr' id='par_1_95' title="bbox 2283 3938 3860 4009">
     <span class='ocr_line' id='line_1_97' title="bbox 2283 3938 3860 4009; baseline -0.003 -16"><span class='ocrx_word' id='word_1_670' title='bbox 2283 3938 2613 4009; x_wconf 83' lang='lat' dir='ltr'><strong>Cyprianum</strong></span> <span class='ocrx_word' id='word_1_671' title='bbox 2638 3948 2692 4009; x_wconf 84' lang='lat' dir='ltr'><strong>et</strong></span> <span class='ocrx_word' id='word_1_672' title='bbox 2724 3954 2788 3992; x_wconf 76' lang='lat' dir='ltr'><strong>ex</strong></span> <span class='ocrx_word' id='word_1_673' title='bbox 2821 3939 2923 3992; x_wconf 92' lang='lat' dir='ltr'><strong>hoc</strong></span> <span class='ocrx_word' id='word_1_674' title='bbox 2947 3940 3064 4007; x_wconf 91' lang='lat' dir='ltr'><strong>ipso</strong></span> <span class='ocrx_word' id='word_1_675' title='bbox 3097 3952 3340 4002; x_wconf 86' lang='lat' dir='ltr'><strong>canone;</strong></span> <span class='ocrx_word' id='word_1_676' title='bbox 3373 3939 3439 3992; x_wconf 87' lang='lat' dir='ltr'><strong>de</strong></span> <span class='ocrx_word' id='word_1_677' title='bbox 3468 3938 3615 3992; x_wconf 87' lang='lat' dir='ltr'><strong>illius</strong></span> <span class='ocrx_word' id='word_1_678' title='bbox 3652 3939 3860 4009; x_wconf 81' lang='lat' dir='ltr'><strong>severi-</strong></span> 
     </span>
    </p>
   </div>
   <div class='ocr_carea' id='block_1_96' title="bbox 2283 4008 3860 4078">
    <p class='ocr_par' dir='ltr' id='par_1_96' title="bbox 2283 4008 3860 4078">
     <span class='ocr_line' id='line_1_98' title="bbox 2283 4008 3860 4078; baseline -0.002 -17"><span class='ocrx_word' id='word_1_679' title='bbox 2283 4008 2397 4062; x_wconf 87' lang='lat' dir='ltr'><strong>tate</strong></span> <span class='ocrx_word' id='word_1_680' title='bbox 2449 4008 2661 4078; x_wconf 77' lang='lat' dir='ltr'><strong>aliquid</strong></span> <span class='ocrx_word' id='word_1_681' title='bbox 2692 4017 2877 4077; x_wconf 90' lang='lat' dir='ltr'><strong>postea</strong></span> <span class='ocrx_word' id='word_1_682' title='bbox 2906 4010 3174 4067; x_wconf 88' lang='lat' dir='ltr'><strong>limatum,</strong></span> <span class='ocrx_word' id='word_1_683' title='bbox 3216 4015 3270 4061; x_wconf 92' lang='lat' dir='ltr'><strong>et</strong></span> <span class='ocrx_word' id='word_1_684' title='bbox 3305 4021 3367 4078; x_wconf 88' lang='lat' dir='ltr'><strong>ea</strong></span> <span class='ocrx_word' id='word_1_685' title='bbox 3395 4009 3616 4078; x_wconf 88' lang='lat' dir='ltr'><strong>inducta</strong></span> <span class='ocrx_word' id='word_1_686' title='bbox 3665 4008 3860 4078; x_wconf 81' lang='lat' dir='ltr'><strong>distin-</strong></span> 
     </span>
    </p>
   </div>
   <div class='ocr_carea' id='block_1_97' title="bbox 2285 4075 3862 4147">
    <p class='ocr_par' dir='ltr' id='par_1_97' title="bbox 2285 4075 3862 4147">
     <span class='ocr_line' id='line_1_99' title="bbox 2285 4075 3862 4147; baseline -0.001 -17"><span class='ocrx_word' id='word_1_687' title='bbox 2285 4079 2395 4131; x_wconf 91' lang='lat' dir='ltr'><strong>ctio</strong></span> <span class='ocrx_word' id='word_1_688' title='bbox 2424 4075 2587 4147; x_wconf 83' lang='lat' dir='ltr'><strong>quam</strong></span> <span class='ocrx_word' id='word_1_689' title='bbox 2640 4075 2873 4132; x_wconf 81' lang='lat' dir='ltr'><strong>Basilius</strong></span> <span class='ocrx_word' id='word_1_690' title='bbox 2893 4086 3302 4132; x_wconf 87' lang='lat' dir='ltr'><strong>commemorat.</strong></span> <span class='ocrx_word' id='word_1_691' title='bbox 3330 4077 3435 4131; x_wconf 85' lang='lat' dir='ltr'><strong>Sed</strong></span> <span class='ocrx_word' id='word_1_692' title='bbox 3465 4080 3677 4131; x_wconf 82' lang='lat' dir='ltr'><strong>videtur</strong></span> <span class='ocrx_word' id='word_1_693' title='bbox 3707 4075 3862 4130; x_wconf 76' lang='lat' dir='ltr'><strong>Basi-</strong></span> 
     </span>
    </p>
   </div>
   <div class='ocr_carea' id='block_1_98' title="bbox 2288 4147 3855 4216">
    <p class='ocr_par' dir='ltr' id='par_1_98' title="bbox 2288 4147 3855 4216">
     <span class='ocr_line' id='line_1_100' title="bbox 2288 4147 3855 4216; baseline 0 -16"><span class='ocrx_word' id='word_1_694' title='bbox 2288 4148 2393 4202; x_wconf 92' lang='lat' dir='ltr'><strong>lius</strong></span> <span class='ocrx_word' id='word_1_695' title='bbox 2451 4147 2735 4216; x_wconf 78' lang='lat' dir='ltr'><strong>episcopos</strong></span> <span class='ocrx_word' id='word_1_696' title='bbox 2785 4147 3105 4216; x_wconf 89' lang='lat' dir='ltr'><strong>Firmiliano</strong></span> <span class='ocrx_word' id='word_1_697' title='bbox 3157 4147 3491 4216; x_wconf 81' lang='lat' dir='ltr'><strong>antiquiores</strong></span> <span class='ocrx_word' id='word_1_698' title='bbox 3544 4147 3855 4215; x_wconf 76' lang='lat' dir='ltr'><strong>designare.</strong></span> 
     </span>
    </p>
   </div>
   <div class='ocr_carea' id='block_1_99' title="bbox 2290 4215 3859 4286">
    <p class='ocr_par' dir='ltr' id='par_1_99' title="bbox 2290 4215 3859 4286">
     <span class='ocr_line' id='line_1_101' title="bbox 2290 4215 3859 4286; baseline -0.001 -18"><span class='ocrx_word' id='word_1_699' title='bbox 2290 4216 2411 4270; x_wconf 65' lang='lat' dir='ltr'><strong>llaec</strong></span> <span class='ocrx_word' id='word_1_700' title='bbox 2436 4215 2578 4269; x_wconf 86' lang='lat' dir='ltr'><strong>enim</strong></span> <span class='ocrx_word' id='word_1_701' title='bbox 2617 4215 2777 4270; x_wconf 76' lang='lat' dir='ltr'><strong>verba</strong></span> <span class='ocrx_word' id='word_1_702' title='bbox 2808 4220 2921 4279; x_wconf 81' lang='grc' dir='ltr'><strong>τοῖς</strong></span> <span class='ocrx_word' id='word_1_703' title='bbox 2957 4215 3016 4279; x_wconf 81' lang='grc' dir='ltr'>ἐξ</span> <span class='ocrx_word' id='word_1_704' title='bbox 3055 4217 3226 4286; x_wconf 79' lang='grc' dir='ltr'><strong>ἀρχῆς</strong></span> <span class='ocrx_word' id='word_1_705' title='bbox 3267 4215 3400 4273; x_wconf 84' lang='lat' dir='ltr'><strong>satis</strong></span> <span class='ocrx_word' id='word_1_706' title='bbox 3433 4226 3557 4284; x_wconf 91' lang='lat' dir='ltr'><strong>apte</strong></span> <span class='ocrx_word' id='word_1_707' title='bbox 3584 4231 3678 4286; x_wconf 89' lang='lat' dir='ltr'><strong>eo_s</strong></span> <span class='ocrx_word' id='word_1_708' title='bbox 3713 4217 3859 4270; x_wconf 77' lang='lat' dir='ltr'><strong>indi-</strong></span> 
     </span>
    </p>
   </div>
   <div class='ocr_carea' id='block_1_100' title="bbox 2288 4284 3860 4354">
    <p class='ocr_par' dir='ltr' id='par_1_100' title="bbox 2288 4284 3860 4354">
     <span class='ocr_line' id='line_1_102' title="bbox 2288 4284 3860 4354; baseline -0.001 -16"><span class='ocrx_word' id='word_1_709' title='bbox 2288 4295 2433 4350; x_wconf 88' lang='lat' dir='ltr'><strong>cant,</strong></span> <span class='ocrx_word' id='word_1_710' title='bbox 2472 4286 2562 4354; x_wconf 90' lang='lat' dir='ltr'><strong>qui</strong></span> <span class='ocrx_word' id='word_1_711' title='bbox 2591 4286 2656 4340; x_wconf 92' lang='lat' dir='ltr'><strong>de</strong></span> <span class='ocrx_word' id='word_1_712' title='bbox 2687 4287 2954 4354; x_wconf 89' lang='lat' dir='ltr'><strong>baptismo</strong></span> <span class='ocrx_word' id='word_1_713' title='bbox 2985 4284 3156 4354; x_wconf 86' lang='lat' dir='ltr'><strong>primi</strong></span> <span class='ocrx_word' id='word_1_714' title='bbox 3186 4284 3606 4353; x_wconf 76' lang='lat' dir='ltr'><strong>pertractat-unt.</strong></span> <span class='ocrx_word' id='word_1_715' title='bbox 3632 4284 3860 4338; x_wconf 70' lang='lat' dir='ltr'><strong>Praeter-</strong></span> 
     </span>
    </p>
   </div>
   <div class='ocr_carea' id='block_1_101' title="bbox 625 4353 3858 4446">
    <p class='ocr_par' dir='ltr' id='par_1_101' title="bbox 625 4353 3858 4446">
     <span class='ocr_line' id='line_1_103' title="bbox 625 4353 3858 4446; baseline -0.001 -36"><span class='ocrx_word' id='word_1_716' title='bbox 625 4359 806 4446; x_wconf 51' lang='lat' dir='ltr'><strong>niagn‘i</strong></span> <span class='ocrx_word' id='word_1_717' title='bbox 837 4353 1079 4446; x_wconf 73' lang='lat' dir='ltr'><strong>Dionysii</strong></span> <span class='ocrx_word' id='word_1_718' title='bbox 1117 4353 1360 4409; x_wconf 78' lang='lat' dir='ltr'><strong>erratum</strong></span> <span class='ocrx_word' id='word_1_719' title='bbox 1378 4353 1499 4446; x_wconf 53' lang='lat' dir='ltr'><strong>&#39;(sic</strong></span> <span class='ocrx_word' id='word_1_720' title='bbox 1545 4354 1692 4434; x_wconf 82' lang='lat' dir='ltr'><strong>enim</strong></span> <span class='ocrx_word' id='word_1_721' title='bbox 1741 4353 1998 4446; x_wconf 48' lang='lat' dir='ltr'><strong>appellaJt)</strong></span> <span class='ocrx_word' id='word_1_722' title='bbox 2032 4355 2086 4446; x_wconf 80' lang='lat' dir='ltr'><strong>in</strong></span> <span class='ocrx_word' id='word_1_723' title='bbox 2119 4369 2184 4407; x_wconf 89' lang='lat' dir='ltr'><strong>eo</strong></span> <span class='ocrx_word' id='word_1_724' title='bbox 2221 4387 2268 4446; x_wconf 68' lang='grc' dir='ltr'><strong>Β</strong></span> <span class='ocrx_word' id='word_1_725' title='bbox 2293 4370 2369 4446; x_wconf 41' lang='lat' dir='ltr'><strong>ea.</strong></span> <span class='ocrx_word' id='word_1_726' title='bbox 2397 4353 2630 4446; x_wconf 42' lang='lat' dir='ltr'><strong>iiiiratui:</strong></span> <span class='ocrx_word' id='word_1_727' title='bbox 2672 4353 2929 4446; x_wconf 50' lang='lat' dir='ltr'><strong>BaSiIilusl,</strong></span> <span class='ocrx_word' id='word_1_728' title='bbox 2966 4357 3109 4446; x_wconf 75' lang='lat' dir='ltr'><strong>quod</strong></span> <span class='ocrx_word' id='word_1_729' title='bbox 3151 4355 3485 4446; x_wconf 33' lang='lat' dir='ltr'><strong>.Dionysiusjo</strong></span> <span class='ocrx_word' id='word_1_730' title='bbox 3511 4358 3602 4424; x_wconf 91' lang='lat' dir='ltr'><strong>qui</strong></span> <span class='ocrx_word' id='word_1_731' title='bbox 3631 4354 3858 4446; x_wconf 61' lang='lat' dir='ltr'><strong>aequalis</strong></span> 
     </span>
    </p>
   </div>
   <div class='ocr_carea' id='block_1_102' title="bbox 626 4424 2190 4493">
    <p class='ocr_par' dir='ltr' id='par_1_102' title="bbox 626 4424 2190 4493">
     <span class='ocr_line' id='line_1_104' title="bbox 626 4424 2190 4493; baseline -0.003 -13"><span class='ocrx_word' id='word_1_732' title='bbox 626 4424 1057 4480; x_wconf 47' lang='lat' dir='ltr'><strong>manifestum&#39;et</strong></span> <span class='ocrx_word' id='word_1_733' title='bbox 1108 4436 1234 4478; x_wconf 90' lang='lat' dir='ltr'><strong>ante</strong></span> <span class='ocrx_word' id='word_1_734' title='bbox 1268 4424 1458 4479; x_wconf 85' lang='lat' dir='ltr'><strong>oculos</strong></span> <span class='ocrx_word' id='word_1_735' title='bbox 1498 4425 1735 4493; x_wconf 89' lang='lat' dir='ltr'><strong>positum</strong></span> <span class='ocrx_word' id='word_1_736' title='bbox 1781 4439 1905 4478; x_wconf 88' lang='lat' dir='ltr'><strong>esse</strong></span> <span class='ocrx_word' id='word_1_737' title='bbox 1929 4424 2190 4485; x_wconf 86' lang='lat' dir='ltr'><strong>declarat,</strong></span> 
     </span>
    </p>
   </div>
   <div class='ocr_carea' id='block_1_103' title="bbox 625 4495 2192 4563">
    <p class='ocr_par' dir='ltr' id='par_1_103' title="bbox 625 4495 2192 4563">
     <span class='ocr_line' id='line_1_105' title="bbox 625 4495 2192 4563; baseline -0.001 -17"><span class='ocrx_word' id='word_1_738' title='bbox 625 4498 768 4563; x_wconf 85' lang='lat' dir='ltr'><strong>quod</strong></span> <span class='ocrx_word' id='word_1_739' title='bbox 794 4495 1112 4548; x_wconf 83' lang='lat' dir='ltr'><strong>discesserit</strong></span> <span class='ocrx_word' id='word_1_740' title='bbox 1146 4509 1175 4545; x_wconf 92' lang='lat' dir='ltr'><strong>a</strong></span> <span class='ocrx_word' id='word_1_741' title='bbox 1200 4495 1409 4547; x_wconf 87' lang='lat' dir='ltr'><strong>saneita</strong></span> <span class='ocrx_word' id='word_1_742' title='bbox 1440 4495 1635 4563; x_wconf 86' lang='lat' dir='ltr'><strong>priscis</strong></span> <span class='ocrx_word' id='word_1_743' title='bbox 1665 4495 1969 4546; x_wconf 85' lang='lat' dir='ltr'><strong>eanonibus</strong></span> <span class='ocrx_word' id='word_1_744' title='bbox 1987 4495 2192 4562; x_wconf 78' lang='lat' dir='ltr'><strong>regula,</strong></span> 
     </span>
    </p>
   </div>
   <div class='ocr_carea' id='block_1_104' title="bbox 628 4563 2190 4630">
    <p class='ocr_par' dir='ltr' id='par_1_104' title="bbox 628 4563 2190 4630">
     <span class='ocr_line' id='line_1_106' title="bbox 628 4563 2190 4630; baseline -0.003 -13"><span class='ocrx_word' id='word_1_745' title='bbox 628 4575 686 4618; x_wconf 90' lang='lat' dir='ltr'><strong>ut</strong></span> <span class='ocrx_word' id='word_1_746' title='bbox 717 4567 874 4618; x_wconf 81' lang='lat' dir='ltr'><strong>aliter</strong></span> <span class='ocrx_word' id='word_1_747' title='bbox 922 4564 1192 4625; x_wconf 66' lang='lat' dir='ltr'><strong>haeretici,</strong></span> <span class='ocrx_word' id='word_1_748' title='bbox 1245 4565 1401 4617; x_wconf 89' lang='lat' dir='ltr'><strong>aliter</strong></span> <span class='ocrx_word' id='word_1_749' title='bbox 1452 4563 1786 4616; x_wconf 78' lang='lat' dir='ltr'><strong>schisniatiei</strong></span> <span class='ocrx_word' id='word_1_750' title='bbox 1833 4564 2190 4630; x_wconf 86' lang='lat' dir='ltr'><strong>recipiantur.</strong></span> 
     </span>
    </p>
   </div>
   <div class='ocr_carea' id='block_1_105' title="bbox 624 4633 2196 4702">
    <p class='ocr_par' dir='ltr' id='par_1_105' title="bbox 624 4633 2196 4702">
     <span class='ocr_line' id='line_1_107' title="bbox 624 4633 2196 4702; baseline -0.001 -14"><span class='ocrx_word' id='word_1_751' title='bbox 624 4635 893 4688; x_wconf 77' lang='lat' dir='ltr'><strong>Credebat</strong></span> <span class='ocrx_word' id='word_1_752' title='bbox 922 4650 1052 4701; x_wconf 77' lang='lat' dir='ltr'><strong>ergo</strong></span> <span class='ocrx_word' id='word_1_753' title='bbox 1086 4635 1358 4702; x_wconf 90' lang='lat' dir='ltr'><strong>opinatam</strong></span> <span class='ocrx_word' id='word_1_754' title='bbox 1407 4633 1550 4686; x_wconf 87' lang='lat' dir='ltr'><strong>illam</strong></span> <span class='ocrx_word' id='word_1_755' title='bbox 1583 4634 1820 4702; x_wconf 80' lang='lat' dir='ltr'><strong>regulam</strong></span> <span class='ocrx_word' id='word_1_756' title='bbox 1859 4633 1913 4685; x_wconf 88' lang='lat' dir='ltr'><strong>in</strong></span> <span class='ocrx_word' id='word_1_757' title='bbox 1935 4633 2058 4687; x_wconf 87' lang='lat' dir='ltr'><strong>aliis</strong></span> <span class='ocrx_word' id='word_1_758' title='bbox 2087 4635 2196 4686; x_wconf 57' lang='lat' dir='ltr'><strong>hac</strong></span> 
     </span>
    </p>
   </div>
   <div class='ocr_carea' id='block_1_106' title="bbox 631 4701 1771 4758">
    <p class='ocr_par' dir='ltr' id='par_1_106' title="bbox 631 4701 1771 4758">
     <span class='ocr_line' id='line_1_108' title="bbox 631 4701 1771 4758; baseline -0.004 -1"><span class='ocrx_word' id='word_1_759' title='bbox 631 4706 847 4758; x_wconf 75' lang='lat' dir='ltr'><strong>I&#39;CSillUS</strong></span> <span class='ocrx_word' id='word_1_760' title='bbox 876 4720 903 4754; x_wconf 89' lang='lat' dir='ltr'><strong>a</strong></span> <span class='ocrx_word' id='word_1_761' title='bbox 931 4701 1186 4758; x_wconf 73' lang='lat' dir='ltr'><strong>Dionvsio</strong></span> <span class='ocrx_word' id='word_1_762' title='bbox 1203 4704 1545 4756; x_wconf 82' lang='lat' dir='ltr'><strong>observatam</strong></span> <span class='ocrx_word' id='word_1_763' title='bbox 1587 4701 1771 4755; x_wconf 79' lang='lat' dir='ltr'><strong>fuisse.</strong></span> 
     </span>
    </p>
   </div>
   <div class='ocr_carea' id='block_1_107' title="bbox 700 4769 2195 4844">
    <p class='ocr_par' dir='ltr' id='par_1_107' title="bbox 700 4769 2195 4844">
     <span class='ocr_line' id='line_1_109' title="bbox 700 4769 2195 4844; baseline 0.001 -20"><span class='ocrx_word' id='word_1_764' title='bbox 700 4775 811 4844; x_wconf 59' lang='grc'><strong>(4)</strong></span> <span class='ocrx_word' id='word_1_765' title='bbox 845 4769 1157 4844; x_wconf 32' lang='grc' dir='ltr'><strong>-Τὸ-μηδὲν</strong></span> <span class='ocrx_word' id='word_1_766' title='bbox 1195 4771 1304 4844; x_wconf 66' lang='grc' dir='ltr'><strong>τῆς</strong></span> <span class='ocrx_word' id='word_1_767' title='bbox 1343 4773 1610 4844; x_wconf 65' lang='grc' dir='ltr'><strong>Δπίστεως·</strong></span> <span class='ocrx_word' id='word_1_768' title='bbox 1645 4771 2065 4844; x_wconf 13' lang='grc' dir='ltr'><strong>παρεγκϐαῖνοντ</strong></span> <span class='ocrx_word' id='word_1_769' title='bbox 2099 4769 2195 4826; x_wconf 81' lang='lat' dir='ltr'><strong>His</strong></span> 
     </span>
    </p>
   </div>
   <div class='ocr_carea' id='block_1_108' title="bbox 627 4841 2192 4910">
    <p class='ocr_par' dir='ltr' id='par_1_108' title="bbox 627 4841 2192 4910">
     <span class='ocr_line' id='line_1_110' title="bbox 627 4841 2192 4910; baseline -0.002 -13"><span class='ocrx_word' id='word_1_770' title='bbox 627 4841 809 4897; x_wconf 79' lang='lat' dir='ltr'><strong>verbis</strong></span> <span class='ocrx_word' id='word_1_771' title='bbox 844 4841 1100 4901; x_wconf 86' lang='lat' dir='ltr'><strong>Basilius,</strong></span> <span class='ocrx_word' id='word_1_772' title='bbox 1143 4843 1231 4909; x_wconf 83' lang='lat' dir='ltr'><strong>qui</strong></span> <span class='ocrx_word' id='word_1_773' title='bbox 1277 4841 1407 4894; x_wconf 79' lang='lat' dir='ltr'><strong>nihil</strong></span> <span class='ocrx_word' id='word_1_774' title='bbox 1442 4861 1470 4894; x_wconf 81' lang='grc' dir='ltr'><strong>α</strong></span> <span class='ocrx_word' id='word_1_775' title='bbox 1509 4843 1611 4910; x_wconf 82' lang='lat' dir='ltr'><strong>[ide</strong></span> <span class='ocrx_word' id='word_1_776' title='bbox 1657 4843 1872 4900; x_wconf 77' lang='lat' dir='ltr'><strong>recedit,</strong></span> <span class='ocrx_word' id='word_1_777' title='bbox 1924 4842 2192 4910; x_wconf 85' lang='lat' dir='ltr'><strong>baptisma</strong></span> 
     </span>
    </p>
   </div>
   <div class='ocr_carea' id='block_1_109' title="bbox 630 4911 2195 4980">
    <p class='ocr_par' dir='ltr' id='par_1_109' title="bbox 630 4911 2195 4980">
     <span class='ocr_line' id='line_1_111' title="bbox 630 4911 2195 4980; baseline -0.003 -13"><span class='ocrx_word' id='word_1_778' title='bbox 630 4913 900 4980; x_wconf 77' lang='lat' dir='ltr'><strong>intelligit,</strong></span> <span class='ocrx_word' id='word_1_779' title='bbox 936 4911 1078 4980; x_wconf 86' lang='lat' dir='ltr'><strong>quod</strong></span> <span class='ocrx_word' id='word_1_780' title='bbox 1107 4913 1172 4963; x_wconf 88' lang='lat' dir='ltr'><strong>ab</strong></span> <span class='ocrx_word' id='word_1_781' title='bbox 1194 4913 1501 4965; x_wconf 83' lang='lat' dir='ltr'><strong>hominibus</strong></span> <span class='ocrx_word' id='word_1_782' title='bbox 1530 4911 1662 4980; x_wconf 86' lang='lat' dir='ltr'><strong>nihil</strong></span> <span class='ocrx_word' id='word_1_783' title='bbox 1687 4912 1741 4963; x_wconf 90' lang='lat' dir='ltr'><strong>in</strong></span> <span class='ocrx_word' id='word_1_784' title='bbox 1777 4911 1932 4963; x_wconf 87' lang='lat' dir='ltr'><strong>tidem</strong></span> <span class='ocrx_word' id='word_1_785' title='bbox 1964 4927 2195 4980; x_wconf 87' lang='lat' dir='ltr'><strong>peccan-</strong></span> 
     </span>
    </p>
   </div>
   <div class='ocr_carea' id='block_1_110' title="bbox 631 4979 2193 5036">
    <p class='ocr_par' dir='ltr' id='par_1_110' title="bbox 631 4979 2193 5036">
     <span class='ocr_line' id='line_1_112' title="bbox 631 4979 2193 5036; baseline -0.001 -1"><span class='ocrx_word' id='word_1_786' title='bbox 631 4987 778 5036; x_wconf 87' lang='lat' dir='ltr'><strong>tihus</strong></span> <span class='ocrx_word' id='word_1_787' title='bbox 806 4979 960 5036; x_wconf 79' lang='lat' dir='ltr'><strong>extra</strong></span> <span class='ocrx_word' id='word_1_788' title='bbox 1010 4979 1304 5034; x_wconf 79' lang='lat' dir='ltr'><strong>Ecclesium</strong></span> <span class='ocrx_word' id='word_1_789' title='bbox 1356 4981 1535 5033; x_wconf 90' lang='lat' dir='ltr'><strong>datur.</strong></span> <span class='ocrx_word' id='word_1_790' title='bbox 1563 4979 1695 5032; x_wconf 82' lang='lat' dir='ltr'><strong>Nam</strong></span> <span class='ocrx_word' id='word_1_791' title='bbox 1731 4980 1786 5032; x_wconf 91' lang='lat' dir='ltr'><strong>in</strong></span> <span class='ocrx_word' id='word_1_792' title='bbox 1817 4989 1930 5032; x_wconf 92' lang='lat' dir='ltr'><strong>toto</strong></span> <span class='ocrx_word' id='word_1_793' title='bbox 1960 4979 2061 5033; x_wconf 86' lang='lat' dir='ltr'><strong>hoc</strong></span> <span class='ocrx_word' id='word_1_794' title='bbox 2102 4996 2193 5033; x_wconf 92' lang='lat' dir='ltr'><strong>ca-</strong></span> 
     </span>
    </p>
   </div>
   <div class='ocr_carea' id='block_1_111' title="bbox 630 5049 2191 5119">
    <p class='ocr_par' dir='ltr' id='par_1_111' title="bbox 630 5049 2191 5119">
     <span class='ocr_line' id='line_1_113' title="bbox 630 5049 2191 5119; baseline -0.003 -13"><span class='ocrx_word' id='word_1_795' title='bbox 630 5067 773 5107; x_wconf 91' lang='lat' dir='ltr'><strong>none</strong></span> <span class='ocrx_word' id='word_1_796' title='bbox 827 5066 934 5104; x_wconf 89' lang='lat' dir='ltr'><strong>non</strong></span> <span class='ocrx_word' id='word_1_797' title='bbox 980 5050 1193 5119; x_wconf 60' lang='lat' dir='ltr'><strong>quierit,</strong></span> <span class='ocrx_word' id='word_1_798' title='bbox 1249 5057 1430 5119; x_wconf 84' lang='lat' dir='ltr'><strong>utrum</strong></span> <span class='ocrx_word' id='word_1_799' title='bbox 1483 5049 1769 5102; x_wconf 85' lang='lat' dir='ltr'><strong>observata</strong></span> <span class='ocrx_word' id='word_1_800' title='bbox 1820 5063 1993 5102; x_wconf 90' lang='lat' dir='ltr'><strong>necne</strong></span> <span class='ocrx_word' id='word_1_801' title='bbox 2028 5049 2191 5103; x_wconf 77' lang='lat' dir='ltr'><strong>fuerit</strong></span> 
     </span>
    </p>
   </div>
   <div class='ocr_carea' id='block_1_112' title="bbox 631 5118 2193 5192">
    <p class='ocr_par' dir='ltr' id='par_1_112' title="bbox 631 5118 2193 5192">
     <span class='ocr_line' id='line_1_114' title="bbox 631 5118 2193 5192; baseline -0.003 -18"><span class='ocrx_word' id='word_1_802' title='bbox 631 5123 945 5192; x_wconf 61' lang='lat' dir='ltr'><strong>praescripti</strong></span> <span class='ocrx_word' id='word_1_803' title='bbox 987 5118 1014 5171; x_wconf 82' lang='lat' dir='ltr'><strong>a</strong></span> <span class='ocrx_word' id='word_1_804' title='bbox 1056 5121 1272 5172; x_wconf 68' lang='lat' dir='ltr'><strong>Christo</strong></span> <span class='ocrx_word' id='word_1_805' title='bbox 1294 5118 1464 5172; x_wconf 72' lang='lat' dir='ltr'><strong>fot‘iua</strong></span> <span class='ocrx_word' id='word_1_806' title='bbox 1501 5119 1643 5192; x_wconf 83' lang='lat' dir='ltr'><strong>:scd</strong></span> <span class='ocrx_word' id='word_1_807' title='bbox 1675 5133 1792 5192; x_wconf 86' lang='lat' dir='ltr'><strong>eam</strong></span> <span class='ocrx_word' id='word_1_808' title='bbox 1832 5133 1966 5192; x_wconf 89' lang='lat' dir='ltr'><strong>rem,</strong></span> <span class='ocrx_word' id='word_1_809' title='bbox 2005 5121 2193 5192; x_wconf 69' lang='grc'><strong>1111111-</strong></span> 
     </span>
    </p>
   </div>
   <div class='ocr_carea' id='block_1_113' title="bbox 632 5189 2194 5257">
    <p class='ocr_par' dir='ltr' id='par_1_113' title="bbox 632 5189 2194 5257">
     <span class='ocr_line' id='line_1_115' title="bbox 632 5189 2194 5257; baseline -0.004 -12"><span class='ocrx_word' id='word_1_810' title='bbox 632 5189 777 5245; x_wconf 67' lang='lat' dir='ltr'><strong>nime</strong></span> <span class='ocrx_word' id='word_1_811' title='bbox 829 5189 1232 5245; x_wconf 73' lang='lat' dir='ltr'><strong>controversam</strong></span> <span class='ocrx_word' id='word_1_812' title='bbox 1277 5189 1722 5257; x_wconf 68' lang='lat' dir='ltr'><strong>praetermittens,</strong></span> <span class='ocrx_word' id='word_1_813' title='bbox 1781 5189 2034 5257; x_wconf 80' lang='lat' dir='ltr'><strong>baptismi</strong></span> <span class='ocrx_word' id='word_1_814' title='bbox 2077 5189 2194 5254; x_wconf 84' lang='lat' dir='ltr'><strong>reji-</strong></span> 
     </span>
    </p>
   </div>
   <div class='ocr_carea' id='block_1_114' title="bbox 631 5258 2192 5328">
    <p class='ocr_par' dir='ltr' id='par_1_114' title="bbox 631 5258 2192 5328">
     <span class='ocr_line' id='line_1_116' title="bbox 631 5258 2192 5328; baseline -0.004 -12"><span class='ocrx_word' id='word_1_815' title='bbox 631 5263 807 5316; x_wconf 83' lang='lat' dir='ltr'><strong>ciendi</strong></span> <span class='ocrx_word' id='word_1_816' title='bbox 846 5271 937 5312; x_wconf 88' lang='lat' dir='ltr'><strong>aut</strong></span> <span class='ocrx_word' id='word_1_817' title='bbox 999 5259 1259 5328; x_wconf 88' lang='lat' dir='ltr'><strong>probandi</strong></span> <span class='ocrx_word' id='word_1_818' title='bbox 1317 5260 1554 5327; x_wconf 75' lang='lat' dir='ltr'><strong>regulam</strong></span> <span class='ocrx_word' id='word_1_819' title='bbox 1598 5258 1788 5328; x_wconf 77' lang='lat' dir='ltr'><strong>repetit</strong></span> <span class='ocrx_word' id='word_1_820' title='bbox 1832 5275 1894 5311; x_wconf 74' lang='lat' dir='ltr'><strong>ex</strong></span> <span class='ocrx_word' id='word_1_821' title='bbox 1931 5274 2063 5312; x_wconf 86' lang='lat' dir='ltr'><strong>sana</strong></span> <span class='ocrx_word' id='word_1_822' title='bbox 2099 5267 2192 5311; x_wconf 92' lang='lat' dir='ltr'><strong>aut</strong></span> 
     </span>
    </p>
   </div>
   <div class='ocr_carea' id='block_1_115' title="bbox 634 5329 2188 5389">
    <p class='ocr_par' dir='ltr' id='par_1_115' title="bbox 634 5329 2188 5389">
     <span class='ocr_line' id='line_1_117' title="bbox 634 5329 2188 5389; baseline -0.002 -5"><span class='ocrx_word' id='word_1_823' title='bbox 634 5334 887 5385; x_wconf 63' lang='lat' dir='ltr'><strong>haeretica</strong></span> <span class='ocrx_word' id='word_1_824' title='bbox 917 5330 1184 5383; x_wconf 72' lang='lat' dir='ltr'><strong>doctrina.</strong></span> <span class='ocrx_word' id='word_1_825' title='bbox 1223 5329 1356 5381; x_wconf 88' lang='lat' dir='ltr'><strong>llinc</strong></span> <span class='ocrx_word' id='word_1_826' title='bbox 1395 5330 1482 5381; x_wconf 89' lang='lat' dir='ltr'><strong>illa</strong></span> <span class='ocrx_word' id='word_1_827' title='bbox 1513 5329 1802 5389; x_wconf 64' lang='lat' dir='ltr'><strong>liwresum,</strong></span> <span class='ocrx_word' id='word_1_828' title='bbox 1835 5329 2188 5382; x_wconf 89' lang='lat' dir='ltr'><strong>schismatum</strong></span> 
     </span>
    </p>
   </div>
   <div class='ocr_carea' id='block_1_116' title="bbox 631 5398 2190 5471">
    <p class='ocr_par' dir='ltr' id='par_1_116' title="bbox 631 5398 2190 5471">
     <span class='ocr_line' id='line_1_118' title="bbox 631 5398 2190 5471; baseline -0.004 -16"><span class='ocrx_word' id='word_1_829' title='bbox 631 5414 685 5455; x_wconf 92' lang='lat' dir='ltr'><strong>et</strong></span> <span class='ocrx_word' id='word_1_830' title='bbox 719 5414 1244 5471; x_wconf 73' lang='lat' dir='ltr'><strong>par-asynagogarnm</strong></span> <span class='ocrx_word' id='word_1_831' title='bbox 1274 5399 1581 5471; x_wconf 83' lang='lat' dir='ltr'><strong>distinctio,</strong></span> <span class='ocrx_word' id='word_1_832' title='bbox 1609 5414 1671 5451; x_wconf 73' lang='lat' dir='ltr'><strong>ex</strong></span> <span class='ocrx_word' id='word_1_833' title='bbox 1703 5412 1805 5465; x_wconf 90' lang='lat' dir='ltr'><strong>qua</strong></span> <span class='ocrx_word' id='word_1_834' title='bbox 1837 5401 2078 5471; x_wconf 76' lang='lat' dir='ltr'><strong>proiecto</strong></span> <span class='ocrx_word' id='word_1_835' title='bbox 2108 5398 2190 5471; x_wconf 85' lang='lat' dir='ltr'><strong>di-</strong></span> 
     </span>
    </p>
   </div>
   <div class='ocr_carea' id='block_1_117' title="bbox 632 5468 2190 5537">
    <p class='ocr_par' dir='ltr' id='par_1_117' title="bbox 632 5468 2190 5537">
     <span class='ocr_line' id='line_1_119' title="bbox 632 5468 2190 5537; baseline -0.001 -15"><span class='ocrx_word' id='word_1_836' title='bbox 632 5468 819 5537; x_wconf 75' lang='lat' dir='ltr'><strong>gnosci</strong></span> <span class='ocrx_word' id='word_1_837' title='bbox 878 5468 982 5522; x_wconf 80' lang='lat' dir='ltr'><strong>non</strong></span> <span class='ocrx_word' id='word_1_838' title='bbox 1017 5471 1204 5537; x_wconf 82' lang='lat' dir='ltr'><strong>possit,</strong></span> <span class='ocrx_word' id='word_1_839' title='bbox 1239 5478 1418 5521; x_wconf 88' lang='lat' dir='ltr'><strong>utrum</strong></span> <span class='ocrx_word' id='word_1_840' title='bbox 1463 5470 1732 5521; x_wconf 73' lang='lat' dir='ltr'><strong>observatt</strong></span> <span class='ocrx_word' id='word_1_841' title='bbox 1774 5485 1939 5522; x_wconf 81' lang='lat' dir='ltr'><strong>net-ne</strong></span> <span class='ocrx_word' id='word_1_842' title='bbox 1989 5468 2190 5521; x_wconf 83' lang='lat' dir='ltr'><strong>fuerint</strong></span> 
     </span>
    </p>
   </div>
   <div class='ocr_carea' id='block_1_118' title="bbox 636 5538 2187 5609">
    <p class='ocr_par' dir='ltr' id='par_1_118' title="bbox 636 5538 2187 5609">
     <span class='ocr_line' id='line_1_120' title="bbox 636 5538 2187 5609; baseline -0.002 -16"><span class='ocrx_word' id='word_1_843' title='bbox 636 5540 856 5609; x_wconf 53' lang='lat' dir='ltr'><strong>legitimi</strong></span> <span class='ocrx_word' id='word_1_844' title='bbox 904 5542 1060 5592; x_wconf 89' lang='lat' dir='ltr'><strong>ritus.</strong></span> <span class='ocrx_word' id='word_1_845' title='bbox 1123 5539 1256 5590; x_wconf 83' lang='lat' dir='ltr'><strong>Hinc</strong></span> <span class='ocrx_word' id='word_1_846' title='bbox 1307 5542 1466 5591; x_wconf 81' lang='lat' dir='ltr'><strong>etiam</strong></span> <span class='ocrx_word' id='word_1_847' title='bbox 1513 5538 1751 5591; x_wconf 82' lang='lat' dir='ltr'><strong>Basilius</strong></span> <span class='ocrx_word' id='word_1_848' title='bbox 1814 5539 2187 5591; x_wconf 69' lang='lat' dir='ltr'><strong>haereticorum</strong></span> 
     </span>
    </p>
   </div>
   <div class='ocr_carea' id='block_1_119' title="bbox 637 5609 2189 5679">
    <p class='ocr_par' dir='ltr' id='par_1_119' title="bbox 637 5609 2189 5679">
     <span class='ocr_line' id='line_1_121' title="bbox 637 5609 2189 5679; baseline -0.002 -17"><span class='ocrx_word' id='word_1_849' title='bbox 637 5611 924 5679; x_wconf 64' lang='lat' dir='ltr'><strong>baptisma,</strong></span> <span class='ocrx_word' id='word_1_850' title='bbox 962 5609 1062 5663; x_wconf 90' lang='lat' dir='ltr'><strong>etsi</strong></span> <span class='ocrx_word' id='word_1_851' title='bbox 1112 5625 1143 5661; x_wconf 90' lang='lat' dir='ltr'><strong>a</strong></span> <span class='ocrx_word' id='word_1_852' title='bbox 1181 5610 1282 5675; x_wconf 75' lang='lat' dir='ltr'><strong>[ide</strong></span> <span class='ocrx_word' id='word_1_853' title='bbox 1314 5610 1520 5670; x_wconf 72' lang='lat' dir='ltr'><strong>recedit,</strong></span> <span class='ocrx_word' id='word_1_854' title='bbox 1569 5609 1834 5661; x_wconf 89' lang='lat' dir='ltr'><strong>interdum</strong></span> <span class='ocrx_word' id='word_1_855' title='bbox 1880 5616 2056 5661; x_wconf 87' lang='lat' dir='ltr'><strong>tamen</strong></span> <span class='ocrx_word' id='word_1_856' title='bbox 2105 5621 2189 5660; x_wconf 86' lang='lat' dir='ltr'><strong>ra-</strong></span> 
     </span>
    </p>
   </div>
   <div class='ocr_carea' id='block_1_120' title="bbox 638 5679 2184 5748">
    <p class='ocr_par' dir='ltr' id='par_1_120' title="bbox 638 5679 2184 5748">
     <span class='ocr_line' id='line_1_122' title="bbox 638 5679 2184 5748; baseline 0 -16"><span class='ocrx_word' id='word_1_857' title='bbox 638 5688 748 5734; x_wconf 86' lang='lat' dir='ltr'><strong>uim</strong></span> <span class='ocrx_word' id='word_1_858' title='bbox 786 5693 906 5733; x_wconf 88' lang='lat' dir='ltr'><strong>csse</strong></span> <span class='ocrx_word' id='word_1_859' title='bbox 947 5681 1171 5748; x_wconf 78' lang='lat' dir='ltr'><strong>patitur,</strong></span> <span class='ocrx_word' id='word_1_860' title='bbox 1211 5682 1254 5733; x_wconf 89' lang='lat' dir='ltr'><strong>si</strong></span> <span class='ocrx_word' id='word_1_861' title='bbox 1310 5682 1377 5732; x_wconf 86' lang='lat' dir='ltr'><strong>ita</strong></span> <span class='ocrx_word' id='word_1_862' title='bbox 1413 5679 1643 5747; x_wconf 77' lang='lat' dir='ltr'><strong>postulet</strong></span> <span class='ocrx_word' id='word_1_863' title='bbox 1701 5679 1912 5746; x_wconf 76' lang='lat' dir='ltr'><strong>publica</strong></span> <span class='ocrx_word' id='word_1_864' title='bbox 1961 5680 2184 5732; x_wconf 79' lang='lat' dir='ltr'><strong>utilitas.</strong></span> 
     </span>
    </p>
   </div>
   <div class='ocr_carea' id='block_1_121' title="bbox 2297 4422 3857 4485">
    <p class='ocr_par' dir='ltr' id='par_1_121' title="bbox 2297 4422 3857 4485">
     <span class='ocr_line' id='line_1_123' title="bbox 2297 4422 3857 4485; baseline -0.001 -8"><span class='ocrx_word' id='word_1_865' title='bbox 2297 4426 2396 4477; x_wconf 81' lang='lat' dir='ltr'><strong>fuit</strong></span> <span class='ocrx_word' id='word_1_866' title='bbox 2429 4422 2749 4485; x_wconf 85' lang='lat' dir='ltr'><strong>Firmiliani.</strong></span> <span class='ocrx_word' id='word_1_867' title='bbox 2797 4427 2865 4478; x_wconf 90' lang='lat' dir='ltr'><strong>ab</strong></span> <span class='ocrx_word' id='word_1_868' title='bbox 2911 4422 3011 4478; x_wconf 82' lang='lat' dir='ltr'><strong>hac</strong></span> <span class='ocrx_word' id='word_1_869' title='bbox 3038 4422 3391 4480; x_wconf 85' lang='lat' dir='ltr'><strong>distinctione</strong></span> <span class='ocrx_word' id='word_1_870' title='bbox 3435 4422 3753 4479; x_wconf 80' lang='lat' dir='ltr'><strong>discesserit</strong></span> <span class='ocrx_word' id='word_1_871' title='bbox 3805 4423 3857 4476; x_wconf 88' lang='lat' dir='ltr'><strong>iu</strong></span> 
     </span>
    </p>
   </div>
   <div class='ocr_carea' id='block_1_122' title="bbox 2298 4493 3855 4573">
    <p class='ocr_par' dir='ltr' id='par_1_122' title="bbox 2298 4493 3855 4573">
     <span class='ocr_line' id='line_1_124' title="bbox 2298 4493 3855 4573; baseline 0.002 -29"><span class='ocrx_word' id='word_1_872' title='bbox 2298 4495 2608 4573; x_wconf 62' lang='lat' dir='ltr'><strong>reeipiendq</strong></span> <span class='ocrx_word' id='word_1_873' title='bbox 2639 4494 3062 4573; x_wconf 59' lang='lat' dir='ltr'><strong>Pepuzenorurn</strong></span> <span class='ocrx_word' id='word_1_874' title='bbox 3080 4496 3370 4563; x_wconf 89' lang='lat' dir='ltr'><strong>baptismo.</strong></span> <span class='ocrx_word' id='word_1_875' title='bbox 3407 4493 3676 4573; x_wconf 59' lang='lat' dir='ltr'><strong>Jamtuin</strong></span> <span class='ocrx_word' id='word_1_876' title='bbox 3718 4508 3855 4573; x_wconf 53' lang='lat' dir='ltr'><strong>ergo</strong></span> 
     </span>
    </p>
   </div>
   <div class='ocr_carea' id='block_1_123' title="bbox 2296 4562 3856 4634">
    <p class='ocr_par' dir='ltr' id='par_1_123' title="bbox 2296 4562 3856 4634">
     <span class='ocr_line' id='line_1_125' title="bbox 2296 4562 3856 4634; baseline -0.001 -18"><span class='ocrx_word' id='word_1_877' title='bbox 2296 4562 2439 4616; x_wconf 89' lang='lat' dir='ltr'><strong>illam</strong></span> <span class='ocrx_word' id='word_1_878' title='bbox 2469 4566 2702 4634; x_wconf 78' lang='lat' dir='ltr'><strong>viguisse</strong></span> <span class='ocrx_word' id='word_1_879' title='bbox 2720 4562 2991 4618; x_wconf 81' lang='lat' dir='ltr'><strong>credebat.</strong></span> <span class='ocrx_word' id='word_1_880' title='bbox 3021 4562 3354 4617; x_wconf 28' lang='lat' dir='ltr'><strong>Haec’autem</strong></span> <span class='ocrx_word' id='word_1_881' title='bbox 3399 4564 3571 4617; x_wconf 82' lang='lat' dir='ltr'><strong>sancti</strong></span> <span class='ocrx_word' id='word_1_882' title='bbox 3607 4562 3856 4634; x_wconf 83' lang='lat' dir='ltr'><strong>doctoris</strong></span> 
     </span>
    </p>
   </div>
   <div class='ocr_carea' id='block_1_124' title="bbox 2297 4633 3858 4703">
    <p class='ocr_par' dir='ltr' id='par_1_124' title="bbox 2297 4633 3858 4703">
     <span class='ocr_line' id='line_1_126' title="bbox 2297 4633 3858 4703; baseline 0.001 -18"><span class='ocrx_word' id='word_1_883' title='bbox 2297 4635 2479 4702; x_wconf 85' lang='lat' dir='ltr'><strong>opinio</strong></span> <span class='ocrx_word' id='word_1_884' title='bbox 2503 4633 2628 4688; x_wconf 80' lang='lat' dir='ltr'><strong>cum</strong></span> <span class='ocrx_word' id='word_1_885' title='bbox 2661 4650 2758 4688; x_wconf 89' lang='lat' dir='ltr'><strong>sua</strong></span> <span class='ocrx_word' id='word_1_886' title='bbox 2790 4643 2980 4703; x_wconf 88' lang='lat' dir='ltr'><strong>sponte</strong></span> <span class='ocrx_word' id='word_1_887' title='bbox 3016 4650 3123 4685; x_wconf 89' lang='lat' dir='ltr'><strong>non</strong></span> <span class='ocrx_word' id='word_1_888' title='bbox 3158 4633 3470 4686; x_wconf 89' lang='lat' dir='ltr'><strong>verisimilis</strong></span> <span class='ocrx_word' id='word_1_889' title='bbox 3505 4642 3610 4694; x_wconf 79' lang='lat' dir='ltr'><strong>est,</strong></span> <span class='ocrx_word' id='word_1_890' title='bbox 3639 4641 3752 4686; x_wconf 89' lang='lat' dir='ltr'><strong>tum</strong></span> <span class='ocrx_word' id='word_1_891' title='bbox 3792 4633 3858 4686; x_wconf 86' lang='lat' dir='ltr'><strong>ab</strong></span> 
     </span>
    </p>
   </div>
   <div class='ocr_carea' id='block_1_125' title="bbox 2297 4702 3860 4772">
    <p class='ocr_par' dir='ltr' id='par_1_125' title="bbox 2297 4702 3860 4772">
     <span class='ocr_line' id='line_1_127' title="bbox 2297 4702 3860 4772; baseline -0.002 -15"><span class='ocrx_word' id='word_1_892' title='bbox 2297 4705 2415 4772; x_wconf 91' lang='lat' dir='ltr'><strong>ipso</strong></span> <span class='ocrx_word' id='word_1_893' title='bbox 2456 4705 2771 4757; x_wconf 71' lang='lat' dir='ltr'><strong>Firmilian&#39;o</strong></span> <span class='ocrx_word' id='word_1_894' title='bbox 2806 4702 3089 4761; x_wconf 82' lang='lat' dir='ltr'><strong>refellitur,</strong></span> <span class='ocrx_word' id='word_1_895' title='bbox 3137 4703 3230 4769; x_wconf 86' lang='lat' dir='ltr'><strong>qui</strong></span> <span class='ocrx_word' id='word_1_896' title='bbox 3279 4705 3602 4756; x_wconf 86' lang='lat' dir='ltr'><strong>sententiam</strong></span> <span class='ocrx_word' id='word_1_897' title='bbox 3633 4717 3790 4757; x_wconf 89' lang='lat' dir='ltr'><strong>suam</strong></span> <span class='ocrx_word' id='word_1_898' title='bbox 3831 4716 3860 4754; x_wconf 89' lang='lat' dir='ltr'><strong>a</strong></span> 
     </span>
    </p>
   </div>
   <div class='ocr_carea' id='block_1_126' title="bbox 2297 4773 3858 4840">
    <p class='ocr_par' dir='ltr' id='par_1_126' title="bbox 2297 4773 3858 4840">
     <span class='ocr_line' id='line_1_128' title="bbox 2297 4773 3858 4840; baseline 0.001 -18"><span class='ocrx_word' id='word_1_899' title='bbox 2297 4774 2593 4839; x_wconf 81' lang='lat' dir='ltr'><strong>majoribus</strong></span> <span class='ocrx_word' id='word_1_900' title='bbox 2624 4773 2898 4840; x_wconf 80' lang='lat' dir='ltr'><strong>accepisse</strong></span> <span class='ocrx_word' id='word_1_901' title='bbox 2945 4787 3003 4826; x_wconf 91' lang='lat' dir='ltr'><strong>se</strong></span> <span class='ocrx_word' id='word_1_902' title='bbox 3048 4780 3300 4826; x_wconf 89' lang='lat' dir='ltr'><strong>testatur.</strong></span> <span class='ocrx_word' id='word_1_903' title='bbox 3359 4773 3468 4826; x_wconf 67' lang='lat' dir='ltr'><strong>Aec</strong></span> <span class='ocrx_word' id='word_1_904' title='bbox 3507 4773 3858 4834; x_wconf 74' lang='lat' dir='ltr'><strong>meruininius,</strong></span> 
     </span>
    </p>
   </div>
   <div class='ocr_carea' id='block_1_127' title="bbox 2296 4841 3859 4911">
    <p class='ocr_par' dir='ltr' id='par_1_127' title="bbox 2296 4841 3859 4911">
     <span class='ocr_line' id='line_1_129' title="bbox 2296 4841 3859 4911; baseline -0.002 -15"><span class='ocrx_word' id='word_1_905' title='bbox 2296 4843 2470 4910; x_wconf 86' lang='lat' dir='ltr'><strong>inquit</strong></span> <span class='ocrx_word' id='word_1_906' title='bbox 2501 4844 2552 4896; x_wconf 92' lang='lat' dir='ltr'><strong>in</strong></span> <span class='ocrx_word' id='word_1_907' title='bbox 2583 4843 2810 4910; x_wconf 87' lang='lat' dir='ltr'><strong>epistola</strong></span> <span class='ocrx_word' id='word_1_908' title='bbox 2848 4843 2987 4895; x_wconf 91' lang='lat' dir='ltr'><strong>inter</strong></span> <span class='ocrx_word' id='word_1_909' title='bbox 3018 4841 3377 4910; x_wconf 83' lang='lat' dir='ltr'><strong>Cyprianicas</strong></span> <span class='ocrx_word' id='word_1_910' title='bbox 3400 4843 3486 4905; x_wconf 82' lang='lat'><strong>75,</strong></span> <span class='ocrx_word' id='word_1_911' title='bbox 3533 4859 3584 4911; x_wconf 89' lang='lat' dir='ltr'><strong>p.</strong></span> <span class='ocrx_word' id='word_1_912' title='bbox 3632 4843 3732 4895; x_wconf 71' lang='lat' dir='ltr'><strong>Mt)</strong></span> <span class='ocrx_word' id='word_1_913' title='bbox 3758 4858 3859 4894; x_wconf 58' lang='lat' dir='ltr'><strong>no.</strong></span> 
     </span>
    </p>
   </div>
   <div class='ocr_carea' id='block_1_128' title="bbox 2294 4911 3862 4979">
    <p class='ocr_par' dir='ltr' id='par_1_128' title="bbox 2294 4911 3862 4979">
     <span class='ocr_line' id='line_1_130' title="bbox 2294 4911 3862 4979; baseline -0.002 -15"><span class='ocrx_word' id='word_1_914' title='bbox 2294 4928 2372 4965; x_wconf 75' lang='lat' dir='ltr'><strong>we</strong></span> <span class='ocrx_word' id='word_1_915' title='bbox 2405 4914 2558 4974; x_wconf 86' lang='lat' dir='ltr'><strong>edit.,</strong></span> <span class='ocrx_word' id='word_1_916' title='bbox 2590 4912 2684 4963; x_wconf 82' lang='lat' dir='ltr'><strong>hoc</strong></span> <span class='ocrx_word' id='word_1_917' title='bbox 2706 4911 2844 4976; x_wconf 82' lang='lat' dir='ltr'><strong>apud</strong></span> <span class='ocrx_word' id='word_1_918' title='bbox 2883 4928 2975 4964; x_wconf 80' lang='lat' dir='ltr'><strong>nos</strong></span> <span class='ocrx_word' id='word_1_919' title='bbox 3001 4911 3287 4979; x_wconf 80' lang='lat' dir='ltr'><strong>aliquando</strong></span> <span class='ocrx_word' id='word_1_920' title='bbox 3312 4914 3543 4979; x_wconf 72' lang='lat' dir='ltr'><strong>coepisse,</strong></span> <span class='ocrx_word' id='word_1_921' title='bbox 3576 4927 3691 4963; x_wconf 83' lang='lat' dir='ltr'><strong>cum</strong></span> <span class='ocrx_word' id='word_1_922' title='bbox 3732 4927 3862 4963; x_wconf 75' lang='lat' dir='ltr'><strong>sem-</strong></span> 
     </span>
    </p>
   </div>
   <div class='ocr_carea' id='block_1_129' title="bbox 2292 4979 3860 5046">
    <p class='ocr_par' dir='ltr' id='par_1_129' title="bbox 2292 4979 3860 5046">
     <span class='ocr_line' id='line_1_131' title="bbox 2292 4979 3860 5046; baseline 0.001 -14"><span class='ocrx_word' id='word_1_923' title='bbox 2292 4999 2382 5046; x_wconf 71' lang='lat' dir='ltr'><strong>per</strong></span> <span class='ocrx_word' id='word_1_924' title='bbox 2402 4983 2521 5034; x_wconf 79' lang='lat' dir='ltr'><strong>istic</strong></span> <span class='ocrx_word' id='word_1_925' title='bbox 2558 4981 2884 5033; x_wconf 82' lang='lat' dir='ltr'><strong>observatum</strong></span> <span class='ocrx_word' id='word_1_926' title='bbox 2916 4982 3004 5044; x_wconf 75' lang='lat' dir='ltr'><strong>sit,</strong></span> <span class='ocrx_word' id='word_1_927' title='bbox 3035 4990 3213 5033; x_wconf 79' lang='lat' dir='ltr'><strong>utnon</strong></span> <span class='ocrx_word' id='word_1_928' title='bbox 3241 4983 3346 5034; x_wconf 77' lang='lat' dir='ltr'><strong>nisi</strong></span> <span class='ocrx_word' id='word_1_929' title='bbox 3374 4999 3530 5034; x_wconf 83' lang='lat' dir='ltr'><strong>unam</strong></span> <span class='ocrx_word' id='word_1_930' title='bbox 3550 4980 3646 5034; x_wconf 86' lang='lat' dir='ltr'><strong>Dei</strong></span> <span class='ocrx_word' id='word_1_931' title='bbox 3675 4979 3860 5033; x_wconf 77' lang='lat' dir='ltr'><strong>Eccle-</strong></span> 
     </span>
    </p>
   </div>
   <div class='ocr_carea' id='block_1_130' title="bbox 2293 5050 3857 5118">
    <p class='ocr_par' dir='ltr' id='par_1_130' title="bbox 2293 5050 3857 5118">
     <span class='ocr_line' id='line_1_132' title="bbox 2293 5050 3857 5118; baseline 0.001 -16"><span class='ocrx_word' id='word_1_932' title='bbox 2293 5054 2424 5102; x_wconf 79' lang='lat' dir='ltr'><strong>siam</strong></span> <span class='ocrx_word' id='word_1_933' title='bbox 2447 5067 2733 5112; x_wconf 76' lang='lat' dir='ltr'><strong>nossemus,</strong></span> <span class='ocrx_word' id='word_1_934' title='bbox 2764 5061 2811 5104; x_wconf 81' lang='lat' dir='ltr'><strong>et</strong></span> <span class='ocrx_word' id='word_1_935' title='bbox 2842 5062 3081 5104; x_wconf 77' lang='lat' dir='ltr'><strong>sanctum</strong></span> <span class='ocrx_word' id='word_1_936' title='bbox 3113 5050 3374 5118; x_wconf 81' lang='lat' dir='ltr'><strong>baptisma</strong></span> <span class='ocrx_word' id='word_1_937' title='bbox 3399 5069 3499 5104; x_wconf 82' lang='lat' dir='ltr'><strong>non</strong></span> <span class='ocrx_word' id='word_1_938' title='bbox 3528 5053 3629 5103; x_wconf 84' lang='lat' dir='ltr'><strong>nisi</strong></span> <span class='ocrx_word' id='word_1_939' title='bbox 3657 5060 3857 5103; x_wconf 75' lang='lat' dir='ltr'><strong>sancta</strong></span> 
     </span>
    </p>
   </div>
   <div class='ocr_carea' id='block_1_131' title="bbox 2299 5118 3854 5189">
    <p class='ocr_par' dir='ltr' id='par_1_131' title="bbox 2299 5118 3854 5189">
     <span class='ocr_line' id='line_1_133' title="bbox 2299 5118 3854 5189; baseline 0.002 -18"><span class='ocrx_word' id='word_1_940' title='bbox 2299 5120 2545 5174; x_wconf 72' lang='lat' dir='ltr'><strong>Ecclesia:</strong></span> <span class='ocrx_word' id='word_1_941' title='bbox 2570 5131 3009 5187; x_wconf 74' lang='lat' dir='ltr'><strong>computaremus.</strong></span> <span class='ocrx_word' id='word_1_942' title='bbox 3047 5121 3312 5175; x_wconf 84' lang='lat' dir='ltr'><strong>Credebat</strong></span> <span class='ocrx_word' id='word_1_943' title='bbox 3349 5136 3477 5189; x_wconf 80' lang='lat' dir='ltr'><strong>ergo</strong></span> <span class='ocrx_word' id='word_1_944' title='bbox 3508 5118 3854 5174; x_wconf 86' lang='lat' dir='ltr'><strong>Firmilianus</strong></span> 
     </span>
    </p>
   </div>
   <div class='ocr_carea' id='block_1_132' title="bbox 2294 5190 3856 5258">
    <p class='ocr_par' dir='ltr' id='par_1_132' title="bbox 2294 5190 3856 5258">
     <span class='ocr_line' id='line_1_134' title="bbox 2294 5190 3856 5258; baseline 0.003 -17"><span class='ocrx_word' id='word_1_945' title='bbox 2294 5190 2534 5257; x_wconf 59' lang='lat' dir='ltr'><strong>ignotam</strong></span> <span class='ocrx_word' id='word_1_946' title='bbox 2573 5192 2873 5258; x_wconf 85' lang='lat' dir='ltr'><strong>majoribus</strong></span> <span class='ocrx_word' id='word_1_947' title='bbox 2904 5191 3018 5244; x_wconf 88' lang='lat' dir='ltr'><strong>suis</strong></span> <span class='ocrx_word' id='word_1_948' title='bbox 3056 5190 3226 5244; x_wconf 76' lang='lat' dir='ltr'><strong>fuisse</strong></span> <span class='ocrx_word' id='word_1_949' title='bbox 3254 5190 3658 5243; x_wconf 88' lang='lat' dir='ltr'><strong>distinctionem</strong></span> <span class='ocrx_word' id='word_1_950' title='bbox 3686 5191 3856 5245; x_wconf 70' lang='lat' dir='ltr'><strong>haere-</strong></span> 
     </span>
    </p>
   </div>
   <div class='ocr_carea' id='block_1_133' title="bbox 2293 5261 3858 5329">
    <p class='ocr_par' dir='ltr' id='par_1_133' title="bbox 2293 5261 3858 5329">
     <span class='ocr_line' id='line_1_135' title="bbox 2293 5261 3858 5329; baseline 0.002 -19"><span class='ocrx_word' id='word_1_951' title='bbox 2293 5268 2525 5313; x_wconf 85' lang='lat' dir='ltr'><strong>tieoruin</strong></span> <span class='ocrx_word' id='word_1_952' title='bbox 2566 5269 2619 5312; x_wconf 89' lang='lat' dir='ltr'><strong>et</strong></span> <span class='ocrx_word' id='word_1_953' title='bbox 2672 5262 3145 5329; x_wconf 82' lang='lat' dir='ltr'><strong>schisrnaticoruni</strong></span> <span class='ocrx_word' id='word_1_954' title='bbox 3185 5261 3240 5312; x_wconf 92' lang='lat' dir='ltr'><strong>in</strong></span> <span class='ocrx_word' id='word_1_955' title='bbox 3275 5261 3601 5327; x_wconf 88' lang='lat' dir='ltr'><strong>baptismate</strong></span> <span class='ocrx_word' id='word_1_956' title='bbox 3641 5277 3653 5311; x_wconf 89' lang='lat'>:</span> <span class='ocrx_word' id='word_1_957' title='bbox 3699 5261 3858 5329; x_wconf 79' lang='lat' dir='ltr'><strong>longe</strong></span> 
     </span>
    </p>
   </div>
   <div class='ocr_carea' id='block_1_134' title="bbox 2293 5328 3858 5396">
    <p class='ocr_par' dir='ltr' id='par_1_134' title="bbox 2293 5328 3858 5396">
     <span class='ocr_line' id='line_1_136' title="bbox 2293 5328 3858 5396; baseline 0.003 -17"><span class='ocrx_word' id='word_1_958' title='bbox 2293 5331 2451 5383; x_wconf 87' lang='lat' dir='ltr'><strong>aliter</strong></span> <span class='ocrx_word' id='word_1_959' title='bbox 2479 5331 2653 5384; x_wconf 85' lang='lat' dir='ltr'><strong>visunt</strong></span> <span class='ocrx_word' id='word_1_960' title='bbox 2685 5331 2902 5384; x_wconf 85' lang='lat' dir='ltr'><strong>Basilio.</strong></span> <span class='ocrx_word' id='word_1_961' title='bbox 2924 5328 3076 5383; x_wconf 88' lang='lat' dir='ltr'><strong>Unde</strong></span> <span class='ocrx_word' id='word_1_962' title='bbox 3097 5337 3240 5396; x_wconf 88' lang='lat' dir='ltr'><strong>patet</strong></span> <span class='ocrx_word' id='word_1_963' title='bbox 3270 5343 3516 5383; x_wconf 82' lang='lat' dir='ltr'><strong>Summus</strong></span> <span class='ocrx_word' id='word_1_964' title='bbox 3545 5330 3666 5383; x_wconf 86' lang='lat' dir='ltr'><strong>illos</strong></span> <span class='ocrx_word' id='word_1_965' title='bbox 3695 5328 3858 5391; x_wconf 81' lang='lat' dir='ltr'><strong>viros,</strong></span> 
     </span>
    </p>
   </div>
   <div class='ocr_carea' id='block_1_135' title="bbox 2292 5397 3852 5464">
    <p class='ocr_par' dir='ltr' id='par_1_135' title="bbox 2292 5397 3852 5464">
     <span class='ocr_line' id='line_1_137' title="bbox 2292 5397 3852 5464; baseline 0.003 -14"><span class='ocrx_word' id='word_1_966' title='bbox 2292 5397 2668 5453; x_wconf 87' lang='lat' dir='ltr'><strong>Firmiliannm</strong></span> <span class='ocrx_word' id='word_1_967' title='bbox 2705 5411 2757 5454; x_wconf 88' lang='lat' dir='ltr'><strong>et</strong></span> <span class='ocrx_word' id='word_1_968' title='bbox 2787 5400 3068 5464; x_wconf 77' lang='lat' dir='ltr'><strong>Basiliuin,</strong></span> <span class='ocrx_word' id='word_1_969' title='bbox 3093 5414 3332 5456; x_wconf 85' lang='lat' dir='ltr'><strong>errasse.</strong></span> <span class='ocrx_word' id='word_1_970' title='bbox 3354 5399 3483 5452; x_wconf 90' lang='lat' dir='ltr'><strong>dum</strong></span> <span class='ocrx_word' id='word_1_971' title='bbox 3517 5413 3672 5451; x_wconf 85' lang='lat' dir='ltr'><strong>suam</strong></span> <span class='ocrx_word' id='word_1_972' title='bbox 3712 5407 3852 5454; x_wconf 87' lang='lat' dir='ltr'><strong>uter-</strong></span> 
     </span>
    </p>
   </div>
   <div class='ocr_carea' id='block_1_136' title="bbox 2291 5469 3859 5540">
    <p class='ocr_par' dir='ltr' id='par_1_136' title="bbox 2291 5469 3859 5540">
     <span class='ocr_line' id='line_1_138' title="bbox 2291 5469 3859 5540; baseline 0.003 -22"><span class='ocrx_word' id='word_1_973' title='bbox 2291 5484 2397 5535; x_wconf 86' lang='lat' dir='ltr'><strong>que</strong></span> <span class='ocrx_word' id='word_1_974' title='bbox 2425 5471 2736 5538; x_wconf 86' lang='lat' dir='ltr'><strong>opinionem</strong></span> <span class='ocrx_word' id='word_1_975' title='bbox 2763 5472 2914 5538; x_wconf 85' lang='lat' dir='ltr'><strong>justo</strong></span> <span class='ocrx_word' id='word_1_976' title='bbox 2949 5470 3160 5533; x_wconf 70' lang='lat' dir='ltr'><strong>longius</strong></span> <span class='ocrx_word' id='word_1_977' title='bbox 3195 5469 3412 5536; x_wconf 86' lang='lat' dir='ltr'><strong>repetit,</strong></span> <span class='ocrx_word' id='word_1_978' title='bbox 3447 5469 3583 5540; x_wconf 88' lang='lat' dir='ltr'><strong>al_ter</strong></span> <span class='ocrx_word' id='word_1_979' title='bbox 3616 5469 3688 5523; x_wconf 85' lang='lat' dir='ltr'><strong>ab</strong></span> <span class='ocrx_word' id='word_1_980' title='bbox 3730 5470 3859 5540; x_wconf 69' lang='lat' dir='ltr'><strong>ipsis</strong></span> 
     </span>
    </p>
   </div>
   <div class='ocr_carea' id='block_1_137' title="bbox 2292 5537 3858 5608">
    <p class='ocr_par' dir='ltr' id='par_1_137' title="bbox 2292 5537 3858 5608">
     <span class='ocr_line' id='line_1_139' title="bbox 2292 5537 3858 5608; baseline 0.002 -18"><span class='ocrx_word' id='word_1_981' title='bbox 2292 5537 2575 5607; x_wconf 82' lang='lat' dir='ltr'><strong>apostolis,</strong></span> <span class='ocrx_word' id='word_1_982' title='bbox 2642 5537 2777 5595; x_wconf 79' lang='lat' dir='ltr'><strong>alter</strong></span> <span class='ocrx_word' id='word_1_983' title='bbox 2821 5555 2850 5594; x_wconf 87' lang='lat' dir='ltr'><strong>a</strong></span> <span class='ocrx_word' id='word_1_984' title='bbox 2920 5539 3256 5608; x_wconf 88' lang='lat' dir='ltr'><strong>temporibus</strong></span> <span class='ocrx_word' id='word_1_985' title='bbox 3303 5545 3432 5594; x_wconf 85' lang='lat' dir='ltr'><strong>ante</strong></span> <span class='ocrx_word' id='word_1_986' title='bbox 3483 5537 3858 5594; x_wconf 76' lang='lat' dir='ltr'><strong>Firmilianum</strong></span> 
     </span>
    </p>
   </div>
   <div class='ocr_carea' id='block_1_138' title="bbox 2289 5612 2510 5679">
    <p class='ocr_par' dir='ltr' id='par_1_138' title="bbox 2289 5612 2510 5679">
     <span class='ocr_line' id='line_1_140' title="bbox 2289 5612 2510 5679; baseline 0.005 -16"><span class='ocrx_word' id='word_1_987' title='bbox 2289 5612 2510 5679; x_wconf 78' lang='lat' dir='ltr'><strong>elapsis.</strong></span> 
     </span>
    </p>
   </div>
  </div>
