3998 6326
513 316 621 378 583

507 521 768 584 schisma,
805 527 859 573 et
885 520 1010 586 quid
1055 533 1458 590 parasynagoga
1494 521 1586 581 sit,
1623 519 1802 584 docet,
1848 534 1912 572 ac
1965 518 2074 571 hae-

511 611 810 666 reticorum
879 609 1096 677 quidem
1156 611 1481 677 baptismum
1546 609 1700 679 plane
1767 610 2076 663 damnatum

507 705 703 767 fuisse,
757 701 1232 755 scltismaticorum
1277 717 1406 756 vero
1454 704 1771 759 admissum.
1808 703 1908 766 Qui
1954 713 2078 752 vero

507 807 945 864 parasyuagogas
1000 807 1093 846 seu
1157 792 1376 847 illicitos
1407 805 1708 846 conventus
1740 799 1980 861 agerent,
2033 791 2077 842 si

505 885 664 951 digna
695 882 1011 951 poenitentia
1053 890 1521 946 converterentur,
1562 881 1818 936 Ecclesiae
1864 896 2077 935 rursum

509 975 754 1043 adjungi,
798 984 958 1042 atque
988 975 1058 1027 ita
1095 975 1350 1028 Ecclesia:
1377 975 1616 1044 adjungi,
1660 986 1715 1028 ut
1760 975 1827 1029 ad
1861 975 2078 1027 eosdem

507 1080 723 1133 quoque
757 1066 956 1132 gradus
988 1077 1149 1131 smpe,
1179 1063 1229 1116 id
1264 1073 1345 1117 est
1375 1062 1694 1131 quandoque
1722 1065 2071 1118 admitteren-

511 1168 616 1207 tur.
656 1153 971 1221 Pepuzenos
1015 1167 1199 1220 porro,
1242 1155 1440 1221 quippe
1485 1155 1575 1223 qni
1615 1165 1804 1220 aperte
1841 1153 2078 1206 ltzeretici

509 1257 708 1310 essent,
762 1247 807 1298 si
837 1260 894 1298 se
919 1233 1211 1300 Catholica:
1242 1243 1498 1299 Ectlesize
1538 1247 1771 1310 sistant,
1804 1245 2082 1313 baptizan-

512 1341 610 1393 dos
641 1352 762 1391 esse
802 1337 1164 1391 demonstrat.
1202 1338 1301 1403 Qui
1330 1336 1473 1390 enim
1505 1338 1656 1404 juxta
1698 1339 1852 1391 nobis
1885 1335 2080 1389 tradita

513 1430 766 1496 baptizati
805 1443 906 1480 non
939 1439 1084 1491 sunt,
1124 1429 1373 1482 videlicet
1417 1430 1469 1481 in
1503 1430 1722 1482 nomine
1763 1427 1974 1492 Patris,
2028 1435 2083 1480 et

508 1521 653 1584 Filii,
692 1531 747 1573 et
776 1519 1013 1587 Spiritus
1041 1519 1240 1582 sancti,
1291 1533 1358 1570 ne
1409 1518 1668 1586 baptizati
1699 1518 1918 1586 quidem
1963 1531 2082 1572 esse

509 1611 783 1664 videntur.
840 1607 958 1672 Quo
999 1607 1157 1661 modo
1203 1620 1331 1660 vero
1373 1621 1439 1661 ex
1482 1608 1738 1662 Ecclesiae
1802 1607 2082 1663 catholicae

514 1705 810 1759 traditione
841 1704 1142 1769 baptizatus
1178 1699 1342 1754 fuerit
1374 1700 1464 1768 qui
1510 1698 1845 1765 Montanum,
1877 1711 1930 1755 et
1961 1701 2072 1755 Pri~

511 1799 717 1852 scillam
759 1797 1097 1851 Paracletum
1146 1794 1496 1848 nominabat?
1546 1793 1814 1847 Catltaros
1855 1804 2035 1848 autem
2062 1832 2078 1857 ,

513 1890 611 1954 ait,
658 1899 712 1942 et
757 1887 1079 1951 Encratitas,
1107 1896 1162 1940 et
1197 1884 1709 1954 Hydroparastatas,
1782 1886 1954 1938 visum
1999 1897 2084 1939 est

512 1980 810 2049 Cypriano,
858 1987 913 2033 et
968 1977 1286 2032 Firmiliano
1333 1987 1520 2032 nostro
1561 1979 1830 2048 (nostrum
1877 1978 2086 2032 scilicet

512 2071 893 2125 Firmilianum
933 2069 1192 2138 appellat,
1229 2071 1426 2140 quippe
1454 2071 1545 2140 qui
1584 2071 1843 2126 Caesarea:
1875 2070 2086 2140 episco-

513 2175 615 2230 pus
647 2157 828 2228 fuerit)
862 2159 1146 2213 universos
1189 2159 1386 2214 iterum
1435 2161 1723 2232 baptizari.
1751 2160 2086 2230 Carthagine

513 2251 804 2318 siquid-em,
850 2248 1006 2318 cujus
1033 2249 1322 2319 episcopus
1371 2261 1492 2305 erat
1529 2252 1852 2322 Cyprianus,
1898 2253 2085 2307 habita

510 2343 720 2412 synodo
773 2341 1016 2395 omnium
1074 2340 1454 2410 antiquissima
1504 2342 1786 2399 decretum
1857 2355 1940 2401 est
2029 2355 2089 2401 ut

512 2445 708 2486 omnes
767 2441 885 2486 tum
936 2432 1194 2497 lneretici,
1249 2443 1359 2488 tum
1427 2434 1758 2490 schismatici
1809 2439 1875 2491 ad
1908 2435 2090 2492 Eccle-

513 2527 650 2580 siam
687 2525 1005 2579 accedentes
1043 2526 1455 2595 baptizarentur
1488 2546 1501 2582 :
1566 2531 1812 2597 quamvis
1847 2531 1992 2585 enim
2034 2533 2085 2586 in

518 2608 664 2672 nullo
692 2618 944 2685 dogmate
978 2618 1315 2672 schismatici
1357 2619 1715 2689 decipiantur,
1749 2632 1928 2677 tamen
1957 2639 2092 2693 quo-

517 2711 660 2764 niam
684 2725 710 2762 a
735 2725 962 2778 Corpore
990 2711 1240 2765 Ecclesiae
1267 2713 1478 2780 abrupti
1507 2722 1650 2778 sunt,
1686 2727 2088 2782 permanentem

518 2799 574 2854 in
624 2799 752 2867 ipsis
800 2798 1036 2867 Spiritus
1086 2798 1263 2852 sancti
1317 2804 1546 2867 gratiam
1580 2803 1812 2870 amplius
1854 2820 1958 2856 non
2005 2806 2093 2857 Ita-

522 2891 672 2943 bent.
707 2887 858 2954 Quod
894 2890 1059 2958 igitur
1088 2904 1193 2942 non
1247 2892 1449 2942 habent
1493 2891 1617 2959 ipsi,
1647 2907 1881 2960 quonam
1931 2897 2092 2949 modo

527 2982 648 3036 aliis
672 2981 1185 3035 communicabunt?
1221 2981 1326 3035 Sed
1367 2991 1583 3051 tamen,
1631 2986 2090 3054 quandoquidem,

1770 315 2045 376 ΤΗΕΟΙ).
2103 314 2190 372 BA
2201 311 2499 372 LSAMON

571 429 685 484 Hoc
735 429 856 483 loco
903 441 1130 494 magnus
1159 427 1430 493 Basilius,
1485 426 1614 497 quid
1660 427 1906 490 haeresis,
1951 427 2076 497 quid
2112 433 2156 488 Α

3648 311 3770 371 534

2268 425 2530 478 Ἐνταῦθα
2578 424 2605 474 6
2657 422 2832 492 μέγας
2867 419 3144 480 nasum;
3194 419 3436 472 διδάσκει
3492 419 3546 471 τί
3602 421 3767 471 ἐστιν

2181 517 2413 586 αἵρεσις.
2451 517 2541 567 καὶ
2568 516 2618 566 τί
2655 514 2881 582 σχίσμα.
2916 514 3008 565 καὶ
3053 512 3105 562 τί
3140 512 3612 580 παρασυναγωγὴ,
3654 512 3767 564 καὶ

2177 607 2241 660 τὸ
2282 607 2382 676 μὲν
2441 607 2549 657 τῶν
2603 604 2896 674 αἰρετικῶν
2948 619 3080 671 φησι
3131 601 3416 672 βάπτισμα
3468 601 3764 666 παντελῶς

2178 697 2510 761 ἀθετεῖσθαι,
2541 699 2601 750 τδ
2629 697 2686 750 δὲ
2717 698 2826 748 τῶν
2859 696 3273 764 ἀποσχισάντων
3316 695 3761 764 παραδέχεσθαι.

2180 792 2317 850 Τοὺς
2367 790 2422 842 δὲ
2483 791 2971 859 παρασυνάγοντας
3029 787 3396 841 συνάπτεσθαι
3455 788 3614 841 πάλιν
3687 792 3764 858 τῇ

2193 883 2485 951 Ἐκκλησία
2516 884 2945 952 ἐπιστρέφοντας
3002 883 3060 935 ἐν
3125 882 3388 951 μετανοίᾳ
3438 878 3713 948 ἀξιολόγῳ
3744 893 3762 908 ⁸

2183 975 2275 1025 καὶ
2305 973 2558 1025 τοσοῦτον
2591 973 2960 1027 συνάπεεσθαι
3013 975 3080 1044 τῇ
3120 972 3438 1043 Ἐκκλησία,
3471 971 3604 1023 ὥστε
3656 972 3768 1024 καὶ

2181 1068 2262 1128 εἰς
2299 1067 2388 1119 τὸν
2420 1067 2580 1119 αὑτὸν
2606 1067 2887 1132 πολλάκις,
2933 1067 3054 1119 ἀντὶ
3097 1065 3216 1130 τοῦ,
3247 1067 3394 1116 ἔστιν
3425 1067 3537 1129 ὅτε,
3565 1079 3768 1130 παρα.-

2181 1160 2432 1228 δέχεσθαι
2455 1159 2648 1220 αὐτοὺς
2675 1158 2900 1226 βαθμόν.
2933 1158 3073 1218 Τοὺς
3107 1156 3163 1208 δὲ
3189 1157 3569 1225 Πεπουζηνοὺς
3610 1171 3765 1223 προ-

2179 1252 2355 1321 δήλως
2407 1252 2564 1312 ὄντας
2614 1252 2922 1319 αἱρετικοὺς
2960 1249 3315 1318 βαπτίζεσθαι
3363 1251 3766 1316 ἀποφαίνεται,

2182 1340 2659 1410 προσερχομένους
2700 1342 2765 1409 τῇ
2824 1341 3085 1408 καθολικῇ
3153 1339 3476 1409 Ἐκκλησία.
3513 1340 3575 1390 0i.
3632 1341 3764 1407 γὰρ

2185 1437 2262 1503 μὴ
2287 1435 2366 1497 είς
2415 1433 2482 1486 τὰ
2525 1432 2933 1503 παραδεδομένα
2975 1434 3105 1501 ἡμῖν
3138 1432 3546 1500 βαπτισθέντες.
3575 1431 3768 1500 ἤγουν

2183 1525 2263 1587 είς
2291 1525 2531 1594 Πατέρα,
2555 1524 2646 1576 καὶ
2661 1522 2810 1587 Υῖδν,
2833 1524 2925 1576 καὶ
2951 1522 3101 1590 άγιον
3120 1522 3364 1592 Πνεῦμα,
3393 1522 3512 1574 οὺδὶ
3537 1521 3766 1573 δοκοῦσι

2186 1615 2569 1686 βαπτισθῆναι.
2609 1615 2730 1677 Πῶς
2761 1614 2817 1667 δὲ
2852 1615 2992 1668 κατὰ
3026 1613 3128 1684 τὴν
3162 1615 3260 1683 τῆς
3290 1615 3588 1683 καθολικῆς
3622 1612 3763 1665 Ἐκ-

2183 1707 2412 1778 κλησίας
2449 1706 2746 1774 παράδοσιν
2786 1705 3080 1759 ἐϐάπτισεν
3121 1706 3186 1758 ἂν
3215 1708 3242 1759 6
3274 1705 3636 1776 Παράκλητον
3660 1709 3769 1757 τὶν

2183 1797 2462 1852 Μοντανὸν
2504 1794 2789 1866 ὀνομάζων
2820 1798 2914 1848 καὶ
2963 1796 3062 1866 τὴν
3091 1795 3467 1866 Πρισκίλλαν;
3503 1796 3648 1856 Τοὺς
3702 1795 3765 1848 δὲ

2185 1889 2494 1958 Καθαροὺς,
2536 1887 2692 1958 φησὶ,
2718 1890 2810 1940 καὶ
2856 1887 3239 1957 Ἐγκρατίτας,
3272 1887 3363 1939 καὶ
3411 1885 3774 1954 ’Υδροπαρα-

2186 1978 2408 2042 στάτας,
2441 1975 2588 2041 ἔδοξε
2631 1977 2743 2037 τοῖς
2792 1978 2920 2047 ’περὶ⁸
2955 1976 3290 2045 Κυπριανδν,
3327 1977 3420 2028 καὶ
3465 1973 3768 2045 Φιρμιλια-

2184 2069 2273 2122 νδν
2301 2070 2391 2121 τδν
2418 2066 2686 2137 ἡμέτερον
2713 2067 3032 2135 (οἰκειοῦται
3059 2067 3116 2121 δὲ
3146 2069 3236 2121 τὴν
3263 2067 3644 2137 Φιρμιλιανὸν,
3679 2067 3766 2129 ὠς

2183 2159 2282 2228 τῆς
2324 2156 2666 2226 Καισαρείας
2693 2156 2955 2224 γεγονότα
3007 2154 3349 2224 ἐπίσκοπον),
3384 2155 3594 2217 πάντας
3625 2153 3768 2205 ἀνα-

2186 2247 2571 2313 ϐαπτίζεσθαι.
2607 2244 2698 2301 Ἐν
2725 2247 2834 2318 γάρ
2859 2248 2927 2317 τῇ
2973 2246 3306 2318 Καρχηδόνι,
3336 2240 3406 2318 ἦς
3452 2245 3767 2306 ἐπίσκοπος

2183 2334 2256 2411 ἦν
2303 2341 2332 2392 6
2384 2338 2722 2410 Κυπριανδς,
2758 2317 2998 2390 ’συνόδου
3064 2317 3335 2408 συστάσης
3364 2317 3768 2407 γάρχαιοτέρας

2189 2433 2402 2495 πασῶν,
2437 2432 2582 2498 ἔδοξε
2636 2431 2844 2494 πάντας
2889 2430 3015 2493 τούς
3064 2446 3122 2482 τε
3153 2428 3486 2499 αἱρετικοὺς,
3518 2431 3650 2492 τούς
3703 2447 3766 2483 τε

2192 2523 2605 2595 σχισματικοὺς,
2638 2521 2992 2592 βαπτίζεσθαι
3034 2521 3364 2590 προσιόντας
3396 2523 3460 2591 τῇ
3523 2520 3763 2588 Ἐκκληο

2192 2620 2285 2688 σία
2312 2634 2324 2647 ·
2362 2616 2463 2669 κᾶν
2490 2618 2596 2685 γάρ
2635 2614 2709 2683 μὴ
2741 2613 2871 2682 περὶ
2901 2612 3077 2680 δόγμα
3106 2613 3153 2663 οἱ
3191 2611 3543 2681 σχισματικοὶ
3589 2611 3769 2678 σφάλ-

2190 2711 2393 2770 λονται,
2462 2706 2577 2759 ἀλλ’
2622 2705 2745 2758 ἐπεὶ
2791 2703 2884 2756 τοῦ
2945 2701 3200 2767 σώματος
3259 2700 3359 2768 τῆς
3432 2699 3768 2768 Ἑκκλησίας

2191 2794 2826 2871 ἁπερῤάγησαν,·οὺκέτι
2857 2793 3071 2863 ἔχουσιν
3117 2792 3298 2854 αὐτοῖς
3331 2791 3765 2859 παραμένουσαν

2192 2895 2290 2963 τὴν
2314 2893 2475 2963 χάριν
2499 2889 2594 2943 τοῦ
2631 2889 2788 2957 ἁγίου
2821 2885 3160 2955 Πνεύματος.
3190 2885 3257 2936 ‘0
3291 2883 3421 2952 γοῦν
3451 2884 3549 2934 οὑκ
3593 2882 3763 2951 ἐχου-

2197 3002 2270 3049 σι,
2331 2984 2448 3046 πῶς
2507 2982 2686 3044 ἄλλοις
2715 2977 2881 3033 αὑτοῦ
2933 2977 3372 3047 μεταδώσουσιν;
3415 2973 3556 3028 Ἀλλ’
3614 2976 3769 3042 ὅμως

521 3074 701 3141 inquit
751 3075 838 3126 hic
876 3088 1102 3142 magnus
1150 3073 1345 3135 Pater,
1396 3073 1754 3129 Catharorum
1822 3079 2089 3147 baptisma

2199 3077 2364 3146 φησὶν
2398 3076 2427 3126 6
2463 3075 2633 3144 μέγας
2683 3066 2837 3133 οὗτος
2863 3071 2891 3121 6
2919 3072 3110 3140 Πατὴρ
3140 3071 3244 3132 ὅτι,
3289 3067 3407 3121 ἐπεί
3439 3083 3580 3120 τισιν
3616 3065 3769 3127 ἔδοξ-ι

524 3163 734 3216 admitti
768 3164 1020 3232 prudenti
1041 3163 1266 3218 consilio
1291 3164 1612 3231 quibusdam
1646 3166 1867 3236 placuit,
1892 3171 2092 3222 admit-

525 3265 719 3310 tamus.
766 3255 1016 3309 Secunda
1067 3270 1285 3324 quoque
1325 3259 1664 3313 mcumenica
1725 3263 2001 3330 synodus,
2039 3268 2096 3313 ut

519 3356 680 3400 antea
710 3346 910 3400 dictum
945 3355 1048 3409 est,
1083 3345 1482 3400 admittendum
1512 3348 1742 3402 censuit.
1783 3348 1858 3402 De
1894 3348 2094 3402 Encra-

522 3441 637 3492 titis
672 3454 818 3500 vero,
852 3439 1090 3509 ipsorum
1122 3440 1390 3509 baptisma
1430 3440 1652 3494 minime
1687 3441 1902 3494 admitti
1930 3457 2094 3511 opor-

523 3537 641 3580 tere
687 3527 906 3581 asserit.
961 3527 1232 3582 Utendum
1285 3542 1412 3581 vero
1456 3527 1533 3580 ait
1579 3530 1991 3593 consuetudine,
2037 3545 2098 3584 ac

523 3618 680 3685 scqui
729 3629 978 3688 Oportere
1025 3620 1233 3679 Patres,
1270 3619 1360 3687 qui
1391 3633 1476 3673 res
1511 3628 1724 3673 nostras
1752 3621 2099 3675 administra-

529 3717 677 3772 runt,
730 3722 797 3761 ne
839 3709 908 3761 ob
958 3707 1180 3760 nimium
1215 3708 1442 3775 rigorem
1478 3709 1761 3776 svgniores
1801 3723 1892 3762 eos
1921 3709 1986 3762 ad
2016 3725 2103 3763 ca-

529 3797 786 3851 tholicam
823 3795 1119 3850 Ecclesiam
1152 3797 1518 3850 accedendum
1557 3798 1870 3852 reddamus.
1919 3797 2104 3866 Neque

530 3905 662 3943 vero
697 3905 762 3943 eo
805 3888 948 3956 quod
997 3887 1070 3939 illi
1117 3898 1358 3940 nOstrum
1406 3889 1670 3955 baptisma
1705 3903 1957 3953 servent,
2005 3907 2102 3947 nos

529 3996 747 4049 quoque
777 3978 1224 4039 verecundantcs,
1260 3974 1368 4045 50
1413 3976 1627 4029 illorum
1672 3992 1892 4031 serrare
1939 3993 2099 4047 Opor-

536 4082 633 4126 tet.
671 4070 783 4126 Nec
828 4071 972 4124 enim
1005 4069 1265 4122 debemus
1296 4068 1506 4135 gratias
1543 4069 1673 4138 ipsis
1722 4069 1960 4132 referre.
2007 4073 2099 4126 sed

531 4171 775 4217 exactam
810 4170 1029 4212 servare
1069 4155 1421 4221 diligentiam.
1470 4155 1680 4210 interea
1717 4171 1867 4220 vero,
1904 4158 1994 4225 qui
2031 4173 2098 4210 cx

491 4235 499 4248 ’
536 4253 669 4320 ipsis
717 4250 782 4302 ad
832 4264 932 4302 nos
972 4254 1209 4315 adeunt,
1252 4263 1441 4303 sancto
1471 4288 1486 4314 ,
1545 4247 1757 4315 inquit,
1807 4247 2105 4299 chrismate

537 4345 892 4412 iniungantur,
931 4358 996 4396 ac
1043 4345 1116 4396 ita
1158 4346 1330 4398 sacris
1376 4341 1648 4410 mysteriis
1678 4340 2102 4392 communicent.

2195 3170 2262 3223 6.‘
2286 3170 2601 3238 οἰκονομίαν
2627 3167 2688 3219 τὸ
2712 3164 2820 3218 τῶν
2847 3164 3118 3234 Καθαρῶν
3149 3162 3434 3231 βάπτισμα
3480 3158 3763 3227 δέχεσθαι,

2197 3255 2336 3307 ἔστω
2365 3255 2572 3306 δεκτόν.
2604 3253 2711 3306 Καὶ
2753 3255 2784 3320 ἡ
2835 3251 3066 3321 δευτέρα
3110 3247 3462 3318 οίκουμενικὴ
3523 3246 3769 3308 σύνοδος,

2197 3347 2271 3409 ὡς
2318 3345 2678 3416 προείρηται,
2736 3343 2923 3395 δεκτὸν
2995 3340 3126 3393 αὐτὸ
3187 3341 3456 3411 ἡγήσατο.
3519 3339 3658 3409 Περὶ
3711 3339 3767 3390 δδ

2210 3436 2584 3506 Ἐγκρατιτὼν
2613 3452 2778 3505 φησιν
2811 3434 2883 3497 ὡς
2916 3434 3149 3504 οὺκξὲδει
3182 3434 3241 3485 τὸ
3271 3433 3449 3485 αὐτῶν
3481 3431 3767 3500 βάπτισμα

2198 3529 2469 3597 δέχεσθαι.
2502 3529 2780 3597 Χρηστέον
2824 3529 2903 3589 δὲ,
2932 3527 3086 3596 φησι,
3135 3524 3213 3595 τῷ
3243 3524 3377 3588 ἔθει,
3421 3525 3514 3576 καὶ
3545 3524 3770 3576 ἀκολου·

2203 3622 2317 3672 θεῖν
2347 3620 2425 3672 δεῖ
2447 3622 2556 3679 τοῖς
2586 3619 2652 3670 τὰ
2682 3617 2804 3670 καθ’
2837 3617 2981 3685 ἡμᾶς
3023 3616 3415 3685 οίκονομήσασι
3461 3615 3769 3682 Πατράσιν,

2204 3711 2290 3763 ἵνα
2351 3711 2425 3780 μὴ
2479 3711 2567 3762 διὰ
2617 3710 2715 3778 τὴν
2769 3708 3075 3777 ἀκρίϐειαν,
3127 3709 3521 3777 όκνηροτέρους
3569 3706 3771 3768 αὐτοὺς

2205 3802 2524 3870 ποιήσωμεν
2559 3802 2636 3861 είς
2684 3799 2744 3852 τὸ
2790 3797 3195 3868 προσέρχεσθαι
3222 3802 3287 3867 τῇ
3324 3798 3590 3866 κσθολικῇ
3639 3798 3769 3849 Ἐκο

2206 3895 2423 3963 κλησίᾳ.
2469 3893 2578 3961 Οὐχ
2609 3893 2692 3944 ὅτι
2744 3892 2798 3944 δέ
2852 3909 2986 3961 φησι
3034 3893 3404 3959 φυλάσσουσιν
3456 3895 3662 3946 ἐκεῖνοι
3711 3893 3771 3945 τὸ

2205 3987 2470 4056 ἡμέτερον
2511 3986 2814 4053 βάπτισμα,
2866 3985 2945 4038 δεῖ
2991 3985 3085 4038 καὶ
3129 3987 3275 4054 ἡμᾶς
3316 3988 3773 4055 δυσωπουμένους

2205 4077 2264 4128 τὸ
2302 4077 2526 4129 ἐκείνων
2564 4077 2876 4144 φυλάσσειν.
2917 4078 2991 4130 Οὔ
3041 4080 3151 4148 γάρ
3197 4078 3486 4148 ὀφείλομεν
3540 4081 3774 4151 χάριτας

2206 4169 2528 4221 ἀντιδιδόναι
2589 4171 2804 4232 αὐτοῖς,
2857 4170 2989 4223 ἀλλά
3052 4175 3241 4239 τηρεῖν
3296 4173 3394 4242 τὴν
3449 4174 3768 4241 ἀκρίϐειαν.

2208 4263 2356 4323 Τέως
2405 4262 2460 4313 δὲ
2509 4264 2556 4313 οἱ
2609 4263 3036 4331 προσερχόμενοι
3069 4263 3128 4326 ἐξ
3151 4263 3330 4317 αὐτῶν
3356 4281 3370 4294 ·
3405 4267 3770 4334 χριέσθωσαν,

2211 4354 2366 4422 φησὶ,
2397 4353 2472 4423 τῷ
2497 4353 2636 4423 ἁγίῳ
2693 4354 2871 4423 μύρῳ,
2918 4356 3013 4407 καὶ
3057 4355 3198 4408 οὕτω
3250 4358 3358 4410 τῶν
3409 4360 3774 4428 άγιασμάτων

543 4436 945 4490 Encratitarum
991 4450 1156 4501 porro
1203 4434 1386 4502 Opinio
1435 4435 1548 4487 haec
1589 4433 1708 4487 fuit.
1742 4435 1823 4488 Ab
1862 4433 2006 4486 onmi
2053 4446 2093 4486 rt

2216 4443 2809 4513 μεταλαμϐανέτωσαν.
2849 4445 2914 4497 Ἡ
2969 4447 3025 4498 δὲ
3069 4447 3180 4499 τῶν
3223 4449 3595 4517 Ἐγκρατιτῶν
3650 4452 3777 4514 δόξα

538 4531 776 4581 animata
805 4528 1168 4586 abstinebant,
1211 4541 1276 4579 ac
1313 4538 1526 4594 nuptias
1558 4527 1915 4588 recusabant,
1951 4525 2106 4578 Sata-

539 4623 695 4677 nicas
726 4621 845 4674 illas
874 4622 1235 4676 nominantes.
1272 4619 1540 4673 Praeterea
1578 4618 1866 4674 Marcionis
1892 4634 2107 4688 quoque

538 4715 823 4781 opiniones
866 4725 1049 4767 tenere
1095 4713 1371 4766 dicuntur.
1406 4712 1674 4775 Quoniam
1714 4725 1876 4774 vero,
1915 4713 2106 4778 inquit,

541 4806 862 4860 admisimus
888 4805 997 4873 jam
1031 4806 1082 4857 in
1115 4804 1428 4859 cathedram
1459 4807 1836 4871 cpisc0p0rum
1861 4803 2026 4865 hunc,
2056 4811 2111 4856 et

542 4899 714 4962 illmu,
750 4899 842 4967 qui
886 4913 951 4952 ex
994 4898 1206 4951 illorum
1260 4909 1484 4950 numero
1522 4905 1667 4958 sunt,
1704 4895 2104 4947 Encratitarum

545 4992 816 5054 Videlicet,
861 4992 1001 5044 haud
1051 4991 1174 5044 licet
1202 4991 1358 5043 nobis
1390 4988 1615 5057 amplius
1651 4989 1717 5041 ab
1744 4987 1984 5042 Ecclesia
2023 5002 2111 5041 se-

544 5099 787 5153 gregare,
827 5097 890 5135 ac
921 5095 1232 5145 secernere,
1256 5083 1344 5148 qui
1384 5080 1597 5133 illorum
1622 5080 1798 5133 ordini
1842 5090 1967 5134 sunt
2010 5079 2103 5132 ad-

541 5176 738 5242 iuncti,
773 5174 865 5241 qui
900 5171 1090 5226 eadem
1117 5173 1370 5226 nimirum
1407 5186 1526 5224 cum
1557 5170 1687 5240 ipsis
1712 5171 1969 5225 sentiunt.
2001 5169 2111 5224 Ad-

548 5264 728 5318 missis
758 5276 991 5330 namque
1019 5263 1254 5330 ipsorum
1289 5260 1578 5328 episc0pis,
1627 5259 1791 5312 veluti
1842 5272 2108 5312 canonem

545 5366 598 5408 et
629 5364 806 5426 typqu
833 5361 1054 5409 cteteros
1084 5365 1298 5422 quoque
1327 5349 1645 5406 admitteudi
1687 5365 1783 5419 per
1813 5363 1908 5404 eos
1945 5349 2115 5404 edidi‘

552 5462 689 5498 ttttts.

620 5533 844 5590 AltlST.
890 5533 1188 5588 [hereticus
1233 5539 1348 5598 est,
1399 5534 1488 5602 qui
1529 5532 1673 5586 circa
1728 5531 1881 5586 (idem
1927 5541 2115 5586 errat:

547 5629 638 5697 qui
683 5643 811 5681 vero
843 5627 983 5682 circa
1028 5626 1397 5680 medicabilcm
1454 5624 1689 5693 aliquam
1735 5626 2114 5693 quaestionem,

548 5721 926 5783 schismaticus
972 5736 984 5773 :
1036 5718 1365 5788 innuorigeri
1407 5733 1570 5784 vero,
1643 5720 1733 5788 qui
1785 5728 2113 5787 congregant

2211 4536 2428 4606 τοιαύτη
2480 4533 2584 4604 ἦν·
2621 4538 2868 4606 ἐμψύχου
2921 4540 3121 4603 παντὸς
3174 4541 3487 4609 ἀπείχοντο,
3546 4545 3639 4594 καὶ
3682 4545 3775 4595 τὸν

2211 4627 2386 4695 γάμον
2436 4625 2718 4696 ὴρνοῦντο,
2779 4627 2870 4679 τοῦ
2935 4629 3152 4682 Σατανᾶ
3221 4631 3516 4692 καλοῦντες
3569 4633 3774 4684 αὐτόν’

2210 4716 2458 4783 λέγονται
2485 4717 2543 4769 δὲ.
2611 4721 2830 4786 φρονεῖν
2871 4719 2965 4771 κα.)⁵
3015 4718 3084 4771 τὰ
3133 4719 3229 4772 τοῦ
3271 4721 3618 4789 Μαρκίωνος.
3649 4720 3772 4774 Ὀτι

2212 4809 2290 4872 δε,
2325 4812 2510 4878 φησὶν,
2553 4810 2855 4879 ἐδεξάμεθα
2904 4811 3004 4881 ἤδη
3064 4813 3146 4873 είς
3204 4814 3301 4880 τὴν
3359 4812 3631 4881 καθέδραν
3666 4814 3774 4865 τῶν

2213 4899 2528 4952 ἐπισκόπων
2573 4901 2719 4952 τόνδε
2759 4901 2853 4953 καὶ
2893 4902 3060 4966 τόνδε,
3097 4903 3155 4968 ἐξ
3197 4904 3426 4956 ἐκείνων
3459 4905 3643 4967 ὄντας,
3671 4905 3778 4956 τῶν

2228 4991 2597 5062 Ἐγκρατιτῶν
2640 4991 2863 5060 δηλαδὴ,
2908 4992 3091 5045 οὐκέτι
3150 4996 3427 5064 δυνάμεθα
3474 4998 3775 5067 διακρίνειν

2217 5083 2307 5133 καὶ
2358 5079 2706 5148 διαχωρίξειν
2761 5081 2868 5134 ἀπὸ
2931 5081 3032 5150 τῆς
3098 5083 3428 5154 Ἐκκλησίας
3512 5090 3638 5149 τοὺς
3701 5085 3775 5156 τῷ

2213 5171 2454 5238 τάγματι
2513 5170 2738 5223 ἐκείνων
2791 5174 3209 5242 συνημμένουςο
3263 5177 3430 5247 ἤγουν
3482 5180 3608 5240 τοὺς
3652 5181 3778 5248 ὀμο-

2214 5262 2397 5325 δόξους
2446 5261 2692 5326 ἐκείνοις.
2747 5263 3038 5334 Δεξάμενοι
3099 5268 3205 5336 γὰρ
3256 5270 3384 5332 τοὺς
3444 5269 3776 5330 ἐπισκόπους

2212 5354 2411 5417 αὐτῶν,
2450 5355 2650 5407 κανόνα
2695 5359 2789 5406 καὶ
2830 5356 2998 5410 τύπον
3032 5359 3222 5430 ὥσπερ
3257 5360 3496 5428 ἐθέμεθα
3531 5361 3600 5414 δι’
3632 5363 3774 5414 ὲκεί-

2212 5465 2338 5508 νων,
2379 5448 2472 5498 καὶ
2507 5446 2631 5508 τοὺς
2667 5446 2889 5510 λοιποὺς
2924 5447 3196 5517 δέχεσθαι.

2284 5535 2502 5586 ΛΡΙΣΤ.
2532 5535 2814 5605 Αίρετικὸς
2847 5553 2873 5587 ο
2928 5540 3067 5590 κατὰ
3116 5541 3212 5607 τὴν
3241 5540 3421 5591 πίστιν
3464 5540 3776 5612 ἀλλότριοςο

2217 5628 2242 5679 ὁ
2285 5629 2340 5680 δὲ
2385 5631 2523 5680 κατά
2556 5648 2607 5682 τι
2656 5632 2872 5697 ίασιμον
2926 5630 3149 5698 ζήτημα
3187 5635 3574 5702 σχισματικός.
3625 5634 3692 5687 Οἱ
3728 5633 3776 5684 ἃ

2223 5738 2283 5771 συ
2322 5721 2540 5784 οἱγοηιτες
2595 5723 2954 5776 άνυπύῖακτοι
2996 5728 3219 5788 2mm,-
3253 5727 3284 5795 ἢ
3322 5726 3567 5784 ἐκείνους
3603 5742 3773 5795 παρα·
