3998 6326
286 389 394 457 585

1198 399 1278 462 IN
1320 403 1564 464 EPIST.
1598 405 1656 466 S.
1695 405 1974 466 BASlLlI
2036 407 2472 471 CANONICAM
2522 411 2566 477 Ῑ.

3409 422 3505 486 586

295 509 620 575 συνάγί--γοι.
675 507 746 561 Τὸ
805 508 862 576 ἐξ
919 511 1195 580 αίρετικοῦ
1246 513 1529 584 βάπτισμα
1582 516 1836 570 ἄδεκτονε

1956 517 2052 570 bos
2081 517 2158 569 Vel
2193 519 2342 581 istos,
2385 532 2510 574 sum
2551 525 2959 593 parasynagogi.
2995 523 3264 596 Baptisms
3299 530 3368 584 ab
3402 531 3509 586 ba:-

291 599 481 650 δεκτὸν
513 599 568 650 δὲ
599 597 660 650 τὸ
694 598 1023 666 ἀποσχίστου
1053 601 1148 652 καὶ
1200 603 1697 672 παρασυναγώγου.
1741 604 1855 657 Πα·

295 689 563 756 ράκλητον
591 689 640 739 oi
673 688 1006 758 Πεπουζηνοὶ
1033 691 1124 742 τὸν
1165 691 1438 745 Μοντανὸν
1461 693 1814 762 ὀνομάζουσιν
1835 708 1851 724 ο

289 780 414 831 ὅθεν
445 781 536 830 καὶ
567 779 646 840 είς
681 780 841 832 αὐτὸν
871 778 1250 849 βαπτιζόμενοι
1286 781 1627 837 ἀϐάπτιστοι.
1651 784 1724 837 Τὸ
1747 782 1856 837 τῶν

295 871 568 942 Καθαρῶν
611 872 704 924 καὶ
764 869 1285 940 ’Υδροπαραστατῶν
1330 871 1422 924 καὶ
1483 874 1854 941 Ἐγκρατιτῶν

293 964 596 1032 βάπτισμα,
627 966 673 1016 εί
702 966 792 1017 καὶ
823 965 1065 1027 ἄδεκτον,
1099 965 1184 1017 διὰ
1214 966 1274 1017 τὸ
1319 965 1593 1033 ἑπιλεῖψαι
1639 965 1854 1028 τούτοις

287 1055 351 1105 τὸ
407 1053 627 1123 Πνεῦμα
681 1055 738 1108 τὺ
797 1054 973 1123 ᾶγιον,
998 1055 1116 1110 ἀλλ’
1172 1056 1265 1110 οῦν
1319 1057 1629 1127 οἰκονομίας
1688 1058 1852 1129 χάριν

287 1163 446 1200 «στω.

361 1415 422 1467 Οἱ
464 1416 537 1484 μὴ
599 1416 980 1479 κοινωνοῦντες
1027 1418 1094 1485 τῇ
1144 1416 1403 1486 καθολικῇ
1447 1413 1740 1487 Ἐκκλησία
1769 1419 1853 1481 εἰς

281 1505 417 1573 τρία
446 1504 810 1573 διαιροῦνται·
845 1507 924 1569 είς
953 1505 1282 1574 αίρετικοῦς,
1323 1508 1402 1568 είς
1437 1508 1848 1576 σχίσματικοὺς,

286 1597 388 1648 καὶ
431 1597 950 1664 παρασυναγώγους.
985 1597 1092 1650 Καὶ
1146 1597 1412 1666 αἱρετικοὶ
1460 1599 1561 1668 μέν
1608 1599 1748 1651 εἰσιν
1797 1600 1846 1651 oi

280 1689 386 1755 τῆς
409 1691 488 1748 εἰς
527 1689 658 1741 Θεὸν
695 1689 932 1751 πίστεως
976 1689 1254 1750 παντελῶς
1307 1689 1846 1759 ἀπαλλοτριῶσαντες

281 1780 512 1842 ἑαυτούς
531 1793 544 1810 ⁸
570 1779 643 1841 ὡς
671 1782 718 1832 oi
741 1781 1097 1849 Πεπουζηνοὶ,
1123 1783 1166 1833 al
1195 1781 1507 1852 Μανιχαῐοι,
1539 1784 1586 1834 oi
1618 1782 1847 1835 Οὐαλεν-

1960 607 2127 660 retico
2149 609 2496 677 celebratum,
2539 627 2643 666 non
2697 614 3057 682 recipiendum
3096 633 3110 671 :
3151 619 3511 688 recipiendum

1958 709 2085 748 vero
2127 698 2267 764 quod
2318 713 2347 752 a
2403 701 2753 758 schismatico
2791 705 2872 758 vel
2931 722 3336 781 parasynagogo
3380 713 3519 768 cele-

1957 785 2165 842 bratur.
2217 787 2480 857 Pepuzeni
2520 790 2833 847 Montanum
2879 798 3217 855 nominarunt
3268 803 3515 859 Paracle-

1960 883 2094 936 tum,
2127 888 2453 946 quapropter
2481 881 2570 948 qui
2607 881 2656 934 in
2697 898 2818 936 eum
2859 885 3212 953 baptizantur,
3246 907 3350 945 non
3387 906 3512 946 sunt

1955 965 2235 1033 baptizati.
2271 967 2626 1024 Catharorum
2645 983 2698 1025 et
2721 972 3321 1048 llydroparastatarum,
3352 996 3513 1054 atque

1955 1051 2354 1110 Encratitarum
2415 1059 2676 1127 baptisma
2715 1067 2925 1118 etiamsi
2970 1082 3074 1120 non
3129 1071 3201 1122 sit
3249 1051 3512 1142 recipien-

1955 1140 2102 1202 dum,
2138 1153 2356 1209 propter
2403 1143 2634 1212 Spiritus
2680 1151 2853 1204 sancti
2903 1157 3041 1222 apud
3069 1171 3160 1211 eos
3205 1140 3508 1232 defectum,

1954 1231 2307 1290 nihilominus
2341 1238 2656 1292 oeconomia:
2692 1255 2853 1295 causa
2886 1245 3230 1315 suscipiatur.

2025 1409 2271 1475 Quicum
2307 1411 2547 1470 Ecclesia
2581 1418 2845 1474 catholica
2872 1436 2976 1477 non
3008 1431 3424 1501 communicant,
3459 1436 3512 1489 in

1953 1502 2053 1553 tria
2077 1516 2270 1569 genera
2295 1504 2624 1572 dividuntur,
2652 1508 2706 1562 in
2731 1509 3028 1580 haereticos,
3049 1515 3100 1569 in
3117 1520 3508 1590 schismaticus,

1951 1600 2005 1644 et
2037 1608 2495 1666 parasynagogos.
2523 1595 2592 1651 Et
2621 1599 2858 1656 haeretici
2891 1605 3110 1674 quidem
3147 1621 3271 1666 sunt
3311 1615 3345 1667 ii
3371 1654 3386 1679 ,
3418 1619 3509 1686 qui

1946 1697 2066 1738 sese
2105 1697 2134 1735 a
2167 1683 2266 1738 ﬁde
2293 1685 2348 1739 in
2385 1686 2548 1741 Deum
2579 1691 2798 1746 omnino
2823 1693 3220 1766 abalienarunt,
3256 1713 3313 1756 ut
3337 1683 3510 1774 Pepu-

1948 1773 2085 1834 zeni,
2111 1775 2414 1842 Manicbaei,
2440 1778 2826 1848 Valentiniani,
2861 1783 3252 1858 Marcionistae,’
3274 1803 3326 1849 et
3356 1773 3505 1853 mu'lti

279 1872 533 1929 τινιανοὶ,
565 1870 613 1921 οί
655 1868 1086 1939 Μαρκιωνισταὶ,
1117 1869 1213 1923 καὶ
1240 1868 1388 1922 ἄλλοι
1420 1867 1626 1922 πολλοί.
1651 1869 1716 1923 Οἱ
1744 1869 1836 1939 μὲν

1944 1865 2056 1918 alii.
2077 1864 2347 1937 Pepuseni
2365 1871 2508 1924 enim
2523 1871 2831 1928 Montanum
2848 1879 3128 1934 nominant
3147 1881 3216 1936 Pa
3227 1887 3504 1955 racletum,

280 1957 393 2028 γὰρ
419 1959 754 2030 Πεπουζηνοὶ
800 1960 890 2013 τὸν
935 1960 1204 2012 Μοντανὸν
1250 1960 1601 2030 παράκλητον
1645 1961 1840 2030 ὀνομά-

279 2047 456 2112 ζουσι,
485 2051 577 2102 καὶ
603 2049 700 2111 τάς
736 2049 1099 2116 συναφθείσας
1138 2049 1283 2118 αὐτῷ
1318 2049 1590 2119 πορνικῶς
1618 2050 1711 2103 δύο
1739 2067 1839 2117 γυο

279 2141 494 2204 ναῖκας,
532 2140 859 2211 Πρίσκιλλαν
893 2143 982 2194 καὶ
1014 2140 1373 2209 Μαξίμιλλαν,
1404 2141 1480 2205 ὡς
1507 2143 1840 2214 προφήτιδας

277 2233 484 2301 ἔχουσι.
513 2233 651 2296 Τοὺς
699 2233 909 2302 γάμους
943 2233 1245 2304 ἀδιαφόρως
1284 2233 1470 2286 λύουσι
1494 2247 1511 2268 ο
1554 2234 1615 2287 τὸ
1651 2235 1841 2303 Πάσχα

276 2324 305 2376 δ
332 2323 691 2394 αστρέφουσι·
729 2324 826 2387 τὰς
860 2327 1006 2395 τρεῖς
1033 2325 1366 2388 ὑποστάσεις
1409 2325 1509 2395 τῆς
1553 2326 1837 2395 ὁμοουσίου

282 2415 549 2484 Θεότητος
572 2417 650 2478 είς
675 2415 732 2468 ἓν
760 2417 1044 2484 συγχέουσι
1070 2417 1373 2484 πρόσωπον,
1402 2417 1494 2468 καὶ
1530 2416 1694 2487 ἕτερά
1721 2435 1839 2470 τινα

275 2504 451 2573 ἀσεϐῆ
480 2505 702 2558 τοιαῦτα
737 2505 1045 2573 φρονοῦσιν.
1066 2507 1128 2560 Οί
1151 2505 1205 2558 δὲ
1230 2507 1521 2577 Μανιχαίοι
1549 2507 1642 2560 δύο
1666 2509 1839 2578 ἀρχὰς

277 2596 595 2660 εἰσάγουσιν,
632 2597 898 2659 ἐναντίας,
951 2597 1044 2649 καὶ
1091 2597 1415 2659 ίσοσθενείς·
1457 2599 1550 2650 καὶ
1593 2597 1690 2669 τήν
1738 2598 1839 2667 μὲν

279 2685 458 2753 φωτὸς
489 2686 800 2751 δοξάζουσιν
841 2684 978 2740 εἶναι
1019 2687 1325 2756 παραίτιον,
1361 2686 1460 2756 τὴν
1502 2687 1558 2740 δὲ
1594 2689 1836 2750 σκότους.

278 2779 393 2832 Καὶ
421 2779 570 2849 ήλιον
603 2780 696 2832 καὶ
737 2780 965 2850 σελήνην
1019 2778 1387 2833 θεοποιοῦνται
1414 2795 1429 2810 ⁶
1464 2778 1558 2832 καὶ
1593 2780 1682 2832 τὸν
1727 2780 1840 2832 διά-

277 2869 435 2922 ϐολον
461 2873 558 2940 τῆς
602 2869 733 2937 ὕλης
776 2869 1270 2939 προσαγορεύουσιν
1313 2869 1550 2938 ἄρχοντα
1577 2886 1591 2900 ⁸
1625 2871 1720 2922 καὶ
1748 2870 1838 2922 τὸν

275 2961 458 3028 τάμον
510 2960 826 3029 νομοθεσίαν
868 2960 1089 3012 καλοῦσι
1148 2961 1240 3011 τοῦ
1293 2960 1544 3028 δαίμονος
1569 2975 1582 2988 ο
1617 2962 1710 3011 καὶ
1739 2961 1838 3027 τὴν

277 3055 363 3116 είς
407 3054 530 3116 τοὺς
561 3053 851 3122 δεομένους
914 3053 1196 3120 μετάδοσιν
1247 3053 1501 3119 ἀνομημα
1554 3050 1834 3118 κρίνουσι·

277 3149 378 3200 καὶ
402 3145 490 3196 τὸν
523 3144 722 3213 Κύριον
756 3143 907 3196 οὐδὲν
937 3142 1272 3212 ἀνθρώπινον
1307 3142 1584 3210 εἰληφέναι
1616 3158 1833 3210 σαρκω-

273 3238 441 3290 ῡέντα
473 3236 750 3301 δοξάζουσι
771 3250 785 3266 '
824 3235 913 3288 xui.
942 3235 1030 3288 τὸν
1059 3235 1309 3303 σταυρὸν,
1343 3238 1434 3287 καὶ
1465 3235 1556 3287 τὸν
1579 3233 1830 3300 θάνατον,

274 3329 375 3380 καὶ
417 3327 511 3398 τὴν
565 3328 880 3391 ἀνάστασιν,
910 3326 984 3390 ὡς
1043 3325 1116 3394 μὴ
1167 3328 1232 3395 τῇ
1282 3325 1508 3396 ἀληθείᾳ
1545 3326 1829 3394 γενόμενα,

273 3415 628 3486 διασύρουσι·
667 3416 759 3468 καὶ
790 3415 957 3484 μύρια
1005 3414 1137 3467 ἄλλα
1171 3415 1338 3483 ἀσεϐῆ
1395 3412 1832 3481 δογματίζουσιν.

273 3510 338 3560 Οί
371 3508 424 3559 δὲ
451 3508 881 3560 Οὖαλεντινιανοὶ
906 3506 1004 3574 τῆς
1039 3506 1236 3574 σαρκὸς
1284 3508 1686 3575 ἀπαγορεύουσι
1733 3508 1833 3576 τὴν

273 3603 604 3653 ἀνάστασινο
639 3601 735 3667 τὴν
777 3598 1012 3651 παλαιάν
1059 3596 1310 3650 ἀθετοῦσι
1361 3598 1660 3666 Διαθήκην,
1711 3602 1834 3661 τοὺς

275 3694 560 3761 προφήτας
612 3689 1073 3755 ἀναγινώσκοντες
1123 3689 1214 3738 καὶ
1264 3688 1395 3755 πρὶς
1441 3687 1539 3757 τὴν
1582 3687 1833 3754 αῐσθησιν

273 3785 455 3837 αὑτῶ-ι
489 3785 708 3843 τούτους
756 3781 1274 3850 μεθερμηνεύοντες,
1305 3777 1628 3847 μυθολογίας
1681 3780 1831 3840 τινὰς

273 3875 717 3927 ἀναπλάττουσι·
766 3872 857 3925 καὶ
900 3871 990 3923 τὸν
1045 3871 1276 3939 Χριστὸν
1331 3871 1427 3923 ἀπ’
1475 3871 1702 3941 ούρανοῦ
1751 3871 1835 3925 λέ-

273 3982 434 4032 γουσι
468 3968 562 4034 τὴν
598 3963 777 4034 σάρκα
808 3965 1178 4028 κατενεγκεῖν,
1212 3961 1307 4013 καὶ
1348 3961 1420 4024 ὡς
1452 3961 1540 4012 διὰ
1570 3961 1827 4030 σωλῆνος,

271 4054 503 4108 διελθεῖν
550 4053 649 4120 τῆς
711 4051 1028 4120 Παρθένουο
1079 4049 1172 4102 καὶ
1235 4047 1372 4102 ἄλλα
1433 4050 1556 4101 τινὰ
1608 4047 1832 4101 τοιαῦτα

275 4144 572 4213 βλάσφημα
605 4140 956 4210 ληρωδοῦσιν.
989 4140 1051 4191 Ol
1083 4139 1136 4192 δὲ
1165 4139 1575 4208 Μαρκιωνισταί
1603 4141 1742 4190 εἰσιν
1780 4138 1831 4189 οί

271 4237 639 4296 Μασαλιανοὶ,
664 4235 712 4285 oi.
743 4235 834 4285 καὶ
885 4232 1105 4299 Εὐχῖται
1142 4229 1567 4299 ὲρμηνευόμενοι
1590 4246 1602 4260 ·
1631 4230 1829 4291 οἵτινες

270 4327 647 4395 πολυκέφαλον
684 4325 774 4376 καὶ
814 4311 1165 4388 πολυώνυμον
1193 4319 1291 4389 τὴν
1331 4319 1542 4386 αἵρεσιν
1595 4318 1828 4387 ἔχουσιν.

270 4413 436 4474 Οὗτοι
464 4417 593 4487 γοῦν
626 4417 822 4475 πάντες
855 4413 952 4482 τῆς
1002 4411 1265 4481 αἱρέσεως
1296 4409 1476 4462 αὐτῶν
1527 4425 1833 4481 μεταστραι

271 4520 486 4587 φέντες,
520 4511 614 4566 καὶ
643 4511 708 4578 τῇ
740 4506 1023 4576 ἀμωμήτῳ
1068 4502 1246 4555 πίστει
1290 4499 1699 4570 προσελθόντες,
1734 4500 1832 4570 βα-

271 4610 577 4672 πτίζονται,
617 4603 707 4655 διὰ
741 4602 800 4651 τδ
831 4596 1137 4650 ἀθετεῖσθαι
1191 4595 1322 4662 παρ’
1367 4593 1521 4663 ήμῶν
1545 4592 1606 4645 τὸ
1637 4592 1831 4660 βάπτιο

273 4718 392 4768 σμα
419 4697 616 4752 αὐτῶν.
661 4689 1014 4762 Σχισματικοὶ
1042 4687 1097 4739 δέ
1128 4686 1267 4738 είσιν
1296 4685 1342 4737 oi
1376 4685 1472 4753 τῆς
1506 4683 1831 4753 Ἐκκλησίας

269 4791 500 4850 ἑαυτοὺς
558 4786 1003 4854 ἀποστήσαντες·
1036 4778 1110 4841 ὡς
1161 4778 1210 4828 οί
1266 4777 1602 4838 Δονατισταὶ,
1632 4776 1728 4827 καὶ
1779 4777 1828 4826 οί

269 4880 559 4946 λεγόμενοι
591 4875 857 4941 Καθαροὶ,
905 4869 999 4923 καὶ
1057 4868 1105 4918 al
1159 4865 1703 4933 ’Υδροπαραστάται,
1737 4864 1832 4916 καὶ

267 4973 321 5023 οἱ
371 4967 737 5036 Ἐγκρατῖται.
785 4955 944 5015 Οὗτοι
996 4961 1122 5028 γὰρ,
1158 4960 1206 5010 εἰ
1252 4955 1640 5023 ὲπιστρέψουσι
1693 4953 1831 5023 πρὸς

266 5064 374 5131 τὴν
406 5059 699 5126 καθολικὴν
744 5054 1090 5121 Ἐκκλησίαν,
1122 5051 1213 5102 καὶ
1244 5049 1342 5110 τὰς
1367 5049 1607 5116 αἱρέσεις
1651 5044 1830 5096 αὐτῶν

267 5147 783 5215 ἀναθεματίσουσιν,
813 5140 887 5201 ὡς
919 5136 1337 5208 βεϐαπτισμένοι
1390 5133 1831 5202 παραδεχϐήσον-

266 5257 386 5303 ται,
413 5238 505 5290 καὶ
538 5234 682 5303 μόνῳ
705 5232 782 5299 τῷ
830 5230 969 5299 ἁγίῳ
999 5226 1156 5296 μύρῳ
1207 5224 1614 5294 χρισθήσονται.
1653 5223 1834 5292 Παρα-

269 5330 581 5395 συνάγωγοι
661 5324 718 5377 δέ
791 5323 930 5373 εἰσιν
988 5319 1038 5369 οί
1090 5317 1510 5384 κατακριθέντες
1575 5314 1668 5366 ἐπί
1718 5330 1832 5366 τισι

266 5421 611 5488 πταίσμασιν
646 5415 954 5475 ἐπίσκοποι,
984 5409 1017 5479 ἦ
1049 5406 1431 5478 πρεσϐύτεροι,
1479 5408 1570 5458 καὶ
1602 5423 1831 5474 μετακι-

266 5510 528 5582 νηθέντες
558 5509 652 5573 τῆς
685 5501 1044 5573 λειτουργίας,
1069 5501 1163 5551 καὶ
1206 5499 1281 5567 μὴ
1312 5497 1685 5564 ύποκύψαντες
1715 5498 1830 5557 τοῖς

265 5594 514 5662 κανόσιν,
543 5598 657 5653 ἀλλ’
689 5597 916 5657 ἑαυτοὺς
940 5591 1267 5653 αὐθεντικῶς
1295 5590 1700 5658 ἑκδικήσαντες,
1725 5588 1825 5657 τὴν

265 5693 586 5766 προεδρίαν,
621 5690 714 5742 καὶ
757 5687 856 5758 τὴν
901 5683 1264 5753 λειτουργίαν,
1301 5681 1392 5732 καὶ
1434 5679 1824 5749 Θυσιαστήριον

1942 1965 1997 2012 et
2040 1960 2170 2012 duas
2202 1960 2454 2017 mulieres
2481 1963 2741 2020 adulterio
2773 1967 2820 2020 ei
2851 1969 3162 2038 conjunctas
3199 1975 3500 2037 Priscillam

1940 2058 1993 2102 et
2018 2047 2357 2104 Maxiinillam
2397 2067 2492 2121 pro
2521 2057 2876 2124 prophetissis
2903 2059 3120 2117 habent.
3163 2064 3385 2134 Nuptias
3423 2075 3505 2126 in-

1941 2136 2246 2193 diﬂ'ereutet'
2274 2139 2509 2206 solvunt,
2541 2143 2746 2198 Pascha
2771 2159 3102 2216 pervertunt,
3137 2164 3244 2209 tres
3274 2162 3505 2214 consul).

1942 2229 2208 2284 stantialis
2233 2231 2459 2286 Deitatis
2498 2233 2874 2292 subsistentias
2915 2240 2967 2293 in
3001 2257 3163 2298 unam
3205 2261 3494 2314 personam

1942 2319 2273 2374 confundunt
2294 2361 2309 2385 ,
2340 2332 2393 2378 et
2425 2324 2529 2378 alia
2563 2327 2813 2395 quaedam
2841 2329 3140 2386 istiusmodi
3189 2335 3348 2404 impia
3378 2353 3501 2393 sen-

1944 2411 2100 2466 tiunt.
2133 2409 2412 2468 ﬂanicbtei
2467 2426 2644 2470 autem
2687 2417 2793 2471 duo
2843 2422 3106 2492 principia
3159 2427 3503 2487 introducunt

1941 2502 2233 2566 contraria,
2282 2510 2337 2556 et
2386 2505 2578 2574 mquali
2630 2510 2869 2576 potentia
2933 2515 3192 2580 praedita,
3238 2529 3293 2572 et
3335 2535 3498 2578 unum

1940 2593 2157 2660 quidem
2194 2594 2330 2650 lucis
2360 2610 2576 2652 causam
2613 2614 2734 2655 esse
2774 2603 3086 2671 opinantur,
3123 2607 3353 2664 alterum
3397 2627 3500 2667 au-

1945 2690 2050 2734 tem
2093 2685 2463 2740 tenebrarum.
2502 2685 2684 2743 Solem
2713 2701 2768 2746 et
2797 2692 2976 2748 lunam
3007 2696 3138 2752 deos
3180 2697 3417 2769 faciunt,
3447 2717 3503 2760 et

1945 2773 2221 2828 diabolum
2269 2777 2513 2833 materia
2558 2781 2858 2851 principem
2892 2785 3163 2854 appellant
3200 2799 3255 2844 et
3289 2797 3501 2861 nuptias

1940 2866 2196 2921 daemonis
2232 2878 2554 2936 praeceptum
2587 2883 2800 2936 vocant,
2831 2883 2886 2929 et
2919 2877 2984 2929 ad
3006 2892 3206 2949 egenos
3233 2882 3494 2939 distribu-

1942 2955 2137 3010 tionem
2172 2955 2427 3028 ﬂagitium
2461 2961 2723 3030 iudicant,
2749 2974 2802 3019 et
2833 2967 3115 3024 Dominum
3154 2971 3495 3032 incainatum

1942 3047 2072 3101 nihil
2092 3049 2382 3104 humanum
2404 3054 2763 3120 assumpsisse
2785 3055 3134 3124 arbitrantur,
3163 3072 3216 3116 et
3244 3078 3457 3121 crucem
3485 3113 3494 3133 ,

1941 3145 1995 3189 et
2029 3145 2256 3193 mortem
2296 3150 2348 3195 et
2367 3143 2812 3198 resurrectionem
2851 3154 2907 3199 ut
2929 3162 3035 3203 non
3060 3165 3187 3206 vere
3220 3153 3359 3210 facta
3385 3158 3496 3212 ele-

1939 3235 2082 3293 vant,
2107 3232 2560 3301 etquamplurima
2590 3236 2747 3304 impia
2769 3237 2984 3294 docent.
3014 3243 3372 3302 Valentiniani
3401 3266 3495 3305 ει-

1937 3327 2041 3372 tem
2096 3323 2278 3375 carnis
2324 3328 2777 3382 resurrectionem
2839 3343 3055 3400 negant,
3118 3345 3272 3392 vetus
3305 3339 3491 3393 Τοειιιο

1939 3424 2174 3467 mentum
2224 3417 2492 3484 rejiciunt,
2529 3421 2818 3488 prophetas
2855 3423 3096 3493 legentes
3134 3435 3186 3481 et
3231 3431 3297 3482 ad
3339 3447 3491 3486 suam

1935 3506 2334 3570 perceptionem
2368 3520 2462 3560 eos
2480 3508 2920 3577 interpretantes,
2946 3515 3298 3586 mythologias
3325 3534 3491 3588 quas-

1935 3595 2055 3643 dam
2111 3593 2389 3664 emngunt,
2431 3607 2484 3650 et
2525 3597 2797 3652 Christum
2844 3617 2873 3654 a
2916 3604 3052 3658 calo
3081 3619 3298 3662 carnem
3350 3619 3494 3664 οιιιιο

1936 3683 2082 3746 lisse,
2112 3694 2165 3736 et
2195 3683 2467 3754 Virginem
2507 3695 2765 3756 tanquam
2807 3707 2902 3759 per
2931 3695 3172 3749 canalem
3216 3701 3496 3759 transiisse

1935 3772 2139 3834 tlit'ttttl,
2162 3783 2217 3827 et
2247 3774 2348 3827 alia
2379 3777 2633 3829 nonnulla
2678 3779 2981 3834 istiusmodi
3027 3782 3336 3851 blasphema
3361 3791 3495 3845 deli-

1937 3875 2116 3916 rantes
2150 3863 2452 3932 proferunt.
2495 3865 2854 3925 Mareionislze
2887 3885 3012 3926 vero
3045 3885 3170 3928 sunt
3202 3879 3290 3946 qui
3314 3878 3496 3936 Mesa-

1935 3951 2064 4005 liaui
2104 3964 2160 4006 et
2227 3953 2466 4010 Euchita:
2515 3958 2952 4026 interpretantur,
2985 3978 3214 4030 quorum
3274 3969 3496 4026 ltmresis

1935 4045 2284 4099 multiformis
2327 4055 2410 4100 est
2451 4057 2507 4100 et
2542 4050 2952 4105 multinominis.
2991 4051 3050 4107 Hi
3082 4055 3263 4125 itaque
3304 4073 3494 4116 omnes

1933 4137 2001 4190 ab
2038 4139 2224 4192 heresi
2257 4155 2352 4192 sua
2384 4142 2652 4206 conversi,
2697 4152 2751 4196 et
2783 4145 2847 4197 ad
2890 4156 3089 4200 rectam
3133 4148 3289 4204 ﬁdem
3335 4169 3494 4207 acce-

1933 4227 2141 4292 dentes,
2175 4229 2540 4299 baptizantur,
2587 4234 2711 4300 quia
2752 4249 2936 4289 eorum
2978 4236 3242 4306 baptisma
3275 4257 3303 4294 a
3339 4243 3494 4298 nobis

1933 4329 2032 4384 pro
2073 4319 2242 4374 nihilo
2271 4321 2504 4376 ducitur.
2555 4321 2895 4378 Schismatici
2922 4339 3100 4381 autem
3131 4342 3280 4395 sunt,
3305 4335 3392 4400 qui
3427 4336 3496 4387 ah

1932 4405 2173 4464 Ecclesia
2200 4426 2320 4466 sese
2354 4413 2721 4478 absciderunt,
2748 4425 2803 4468 ut
2827 4417 3115 4473 Donatistm
3135 4459 3148 4481 ,
3184 4433 3238 4475 et
3267 4425 3353 4490 qui
3387 4424 3494 4479 Ca-

1863 4532 1907 4587 ο
1936 4498 2072 4551 tbari
2096 4499 2365 4563 dicuntur,
2404 4509 2456 4555 et
2475 4500 2972 4572 llydroparastatre,
3003 4517 3057 4560 et
3093 4509 3398 4567 Encraaitaa.
3429 4512 3493 4568 lli

1938 4587 2082 4641 enim
2137 4588 2182 4642 si
2229 4589 2293 4642 ad
2322 4592 2644 4645 catholicam
2687 4595 2906 4648 redeant
2938 4597 3249 4666 Ecclesiam,
3287 4613 3341 4656 et
3386 4604 3494 4658 ha:-

1942 4693 2086 4733 reses
2131 4693 2258 4734 suas
2298 4681 2774 4750 anathematizent,
2807 4695 2864 4738 nt
2904 4686 3157 4756 baptizati
3207 4691 3494 4747 admitten-

1937 4779 2046 4833 tur,
2083 4780 2137 4824 et
2168 4770 2283 4824 solo
2320 4784 2510 4827 sancto
2554 4774 2844 4831 chrismate
2873 4786 3158 4845 ungentur.
3196 4766 3494 4852 Parasyua-

1935 4861 2056 4930 gogi
2081 4873 2263 4917 autem
2297 4875 2422 4918 sunt
2455 4867 2689 4935 episcopi
2719 4878 2809 4922 aut
2839 4869 3137 4938 presbyteri
3165 4874 3255 4943 qui
3285 4878 3354 4928 ob
3383 4879 3492 4931 cri-

1938 4953 2083 5006 mina
2123 4955 2300 5023 aliqua
2334 4959 2698 5021 condemnati,
2731 4967 2784 5013 et
2822 4960 3120 5016 ministerio
3152 4980 3308 5020 sacro
3342 4971 3492 5032 moti,

1937 5057 1989 5100 et
2012 5047 2309 5101 canonibus
2337 5064 2440 5102 non
2482 5050 2868 5115 auscultantes,
2899 5053 2993 5107 sed
3026 5069 3084 5107 se
3110 5071 3230 5111 cum
3261 5061 3490 5113 auctori.

1938 5146 2048 5191 tate
2066 5138 2436 5202 defendentes,
2465 5140 2884 5208 prmsidentiam.
2933 5151 2986 5195 et
3017 5143 3311 5215 liturgiam,
3335 5160 3386 5202 et
3410 5153 3490 5203 al-

1935 5238 2050 5283 tare
2067 5227 2169 5299 51
2207 5231 2347 5284 aliud
2365 5240 2697 5295 struxerunt,
2723 5234 2914 5287 et-aliis
2934 5250 3044 5290 sua:
3063 5251 3182 5291 esse
3214 5243 3491 5296 sententia:

1936 5327 2341 5382 persuaserunt,
2391 5328 2448 5371 ut
2502 5320 2645 5386 ipsos
2687 5331 3004 5390 sequantur,
3050 5334 3107 5379 et
3166 5329 3486 5384 catholicam

1937 5410 2186 5462 deserant
2215 5408 2531 5462 Ecclesiam.
2571 5411 2729 5464 Tales
2758 5413 2901 5466 enim
2925 5417 3296 5483 paenitentiam
3324 5435 3488 5488 agen-

1947 5511 2026 5553 tes
2057 5511 2109 5553 et
2141 5499 2479 5553 memorabili
2518 5501 2887 5568 resipisceutia
2923 5514 2972 5557 et
3001 5510 3352 5562 conversione
3378 5495 3488 5562 me-

1934 5592 2097 5645 liores
2119 5593 2426 5651 evadentes,
2454 5589 2709 5645 Ecclesia:
2734 5593 2950 5662 iterum,
2981 5607 3037 5649 ut
3059 5614 3222 5652 unum
3267 5615 3487 5666 corpus,

1931 5677 2049 5745 conj
2060 5695 2232 5747 unguit
2243 5687 2348 5733 tur.

267 5789 576 5858 πηξάμενοι
601 5785 809 5852 ἕτερον,
868 5781 962 5834 καὶ
1007 5778 1108 5845 τῆς
1168 5777 1391 5842 γνώμης
1435 5775 1612 5828 αὐτῶν
1651 5776 1897 5843 γενέσθαι
1930 5777 2080 5836 τινας
2128 5776 2588 5845 παραπεὶσαντες,
2621 5777 2761 5832 ὥστε
2797 5779 3254 5849 συνακολουθῆσαι
3285 5781 3491 5851 αὐτοῖς,

475 5881 744 5939 Ρλτιιοι.
792 5875 908 5936 Gtt.
955 5874 1055 5935 CX
1070 5869 1326 5930 XXVlll.

3068 5871 3136 5932 19
