3998 6326
595 418 694 482 3‘57

1837 411 2117 470 ΤΠΕΟΙ).
2155 410 2242 467 BA
2254 407 2550 467 LSASION

3718 395 3830 458 583

585 532 680 584 καὶ
742 530 836 598 τὴν
907 526 1194 594 καθολικὴν
1243 525 1559 578 καταλιπεῖν
1632 525 1974 593 Ἐκκλησῐαν.
2046 524 2109 573 Οἱ
2167 521 2396 573 τοιοῦτοι
2461 521 2587 589 γὰρ,
2661 518 3144 588 μεταμεληθέντες,
3209 516 3303 570 καὶ
3352 515 3610 585 μετανοίᾳ.
3674 516 3816 580 diter

588 623 750 690 λόγῳ,
801 621 893 672 καὶ
951 620 1248 686 ἐπιστροφῇ
1315 617 1715 686 βελτιωθέντες,
1771 617 2130 668 συνάπτονται
2165 615 2343 674 πάλιν,
2379 614 2449 675 ib;
2484 613 2540 664 ἓν
2573 614 2749 680 σῶμα,
2779 616 2842 682 τῇ
2885 612 3202 679 Ἐκκλησία.

1200 709 1427 764 CANON
1461 709 1520 764 ll.

591 809 718 869 ρυςυ
751 807 813 859 de
843 805 1096 859 industria
1140 803 1307 857 fetum
1332 803 1591 872 eorrupit,
1617 802 1778 856 aedis
1808 816 1997 870 poenas
2021 799 2148 852 luat.

665 896 899 949 Formati
933 906 1108 949 autem
1136 894 1219 948 vel
1258 893 1502 948 informis
1526 893 1835 946 subtilitasa
1861 892 2014 944 nobis
2045 904 2152 941 non

667 984 955 1038 attenditur
985 1005 997 1036 :
1032 984 1116 1036 hic
1161 983 1328 1046 enim,
1363 998 1467 1036 non
1512 982 1680 1035 solum
1735 981 1874 1049 quod
1906 980 2155 1032 'nascitu-

665 1092 778 1130 rum
807 1077 926 1138 fuit,
961 1074 1276 1138 vindicatur,
1307 1077 1397 1128 sed
1422 1074 1582 1126 etiam
1610 1075 1718 1140 ipsa
1748 1086 1864 1138 quae
1895 1070 1994 1124 sibi
2027 1069 2156 1121 insi-

668 1169 786 1222 dias
837 1167 1081 1235 paravit,
1138 1166 1392 1231 quoniam
1442 1175 1496 1216 ut
1553 1163 1837 1230 plurimum
1892 1159 2152 1226 ejusmodi

667 1257 895 1324 inceptis
919 1269 1018 1308 una
1069 1249 1282 1322 quoque
1332 1253 1585 1307 mulieres
1631 1253 1918 1306 intereunt.
1956 1251 2014 1302 Ei
2053 1264 2147 1301 au-

678 1353 782 1397 tem
834 1342 1034 1396 accedit
1082 1341 1220 1395 fetus
1269 1357 1478 1410 quoque
1529 1340 1925 1400 interitus,alia
1956 1340 2154 1400 caedes,-

675 1447 860 1485 eorum
907 1432 1141 1499 quidem,
1178 1432 1266 1499 qui
1313 1433 1424 1485 haec
1467 1433 1684 1492 audent,
1735 1429 2152 1484 existimatione.

671 1518 885 1586 Oportet
921 1528 1099 1572 autem
1131 1533 1233 1572 non
1273 1533 1443 1588 usque
1483 1519 1545 1572 at!
1571 1519 1776 1572 obitum
1804 1531 1988 1570 eorum
2021 1528 2152 1568 con-

682 1608 968 1662 fessionem
999 1608 1310 1672 extendere,
1360 1611 1452 1662 sed
1494 1617 1616 1677 post
1665 1607 1850 1662 decem
1889 1619 2152 1659 annorum

677 1713 978 1754 mensuram
1025 1699 1327 1752 admittere.
1367 1699 1598 1751 Definire
1628 1708 1805 1752 autem
1858 1713 1962 1752 non
2016 1707 2152 1751 tem-

678 1803 827 1857 pore,
863 1790 953 1844 sed
978 1790 1132 1844 modo
1162 1790 1488 1859 poenitentiae
1521 1789 1865 1843 medicinam.

681 1968 871 2025 BALS.
911 1968 981 2023 De
1009 1969 1072 2023 iis
1095 1983 1210 2036 quae
1235 1969 1589 2034 fornicamur,
1623 1979 1674 2023 et
1694 1984 1824 2024 suos
1853 1969 1992 2023 fetus
2025 1983 2149 2037 per-

603 2058 775 2111 imunt
826 2035 1248 2123 medicamentis,
1295 2059 1376 2113 vel
1407 2061 1583 2129 aliquo
1613 2059 1716 2112 alio
1738 2059 1917 2123 modo,
1951 2035 2150 2112 dictum
2185 2035 2226 2091 Β

601 2159 683 2202 est
720 2149 772 2202 in
797 2163 918 2216 cap.
954 2165 1008 2212 ι,
1038 2150 1120 2202 tit.
1157 2150 1244 2211 t3,
1281 2153 1560 2218 praesentis
1603 2151 1805 2219 operis,
1859 2161 1911 2204 et
1965 2152 2016 2204 in
2061 2165 2152 2203 ea-

607 2254 744 2294 none
777 2239 839 2292 21
874 2241 1063 2309 synodi
1105 2241 1422 2310 Ancyrame.
1478 2240 1721 2294 Prmscns
1763 2250 1939 2294 autem
1981 2255 2150 2295 canon

602 2330 917 2393 decernens,
958 2345 1046 2384 eas
1077 2346 1195 2400 quae
1236 2332 1338 2386 tale
1375 2331 1502 2400 quid
1538 2343 1720 2400 agunt,
1763 2331 2152 2386 homicidarum

603 2422 776 2489 turnis
805 2422 1011 2487 subjici,
1045 2423 1227 2492 adjicit
1274 2438 1376 2477 non
1422 2439 1540 2479 esse
1593 2423 1943 2479 differentiam
1988 2424 2150 2477 ullam

603 2511 825 2564 abortivi
904 2512 1044 2566 fctus
1103 2514 1275 2567 :sive
1334 2517 1477 2567 enim
1539 2526 1622 2568 est
1687 2514 1950 2576 informe,
2011 2514 2154 2581 quod

603 2600 792 2652 abortu
851 2601 1118 2669 abjectnm
1175 2607 1298 2664 est,
1340 2601 1451 2653 sive
1516 2599 1842 2661 formatum,
1907 2607 1960 2652 et
2013 2597 2153 2666 quod

606 2690 766 2744 habet
828 2690 1058 2743 hominis
1119 2690 1528 2755 characterem,
1589 2690 1776 2743 eadem
1847 2697 1927 2742 est
1996 2689 2153 2740 ratio.

605 2781 717 2835 lloc
765 2790 940 2834 autem
989 2781 1188 2833 dictum
1253 2791 1335 2833 est
1395 2791 1612 2849 propter
1650 2793 1762 2842 eos,
1811 2779 1901 2846 qui
1949 2779 2153 2842 dicunt,

602 2870 766 2940 quod,
802 2870 1056 2938 quoniam
1099 2884 1282 2923 semen
1316 2871 1366 2922 in
1400 2869 1675 2923 matricem
1720 2869 1984 2937 dejectqu
2052 2883 2155 2920 non

607 2963 790 3015 statim
827 2963 1088 3014 formatur
1119 2960 1169 3012 in
1199 2961 1491 3024 hominem,
1523 2964 1614 3014 sed
1653 2961 1803 3028 prius
1843 2960 2052 3027 quidem
2101 2959 2158 3010 tit

606 3054 859 3122 sanguis,
895 3053 1088 3107 deinde
1137 3054 1188 3105 in
1230 3067 1445 3106 carnem
1495 3052 1780 3104 humanam
1832 3049 2154 3114 concrescit,

604 3147 799 3199 deinde
827 3145 1110 3212 effingitur,
1141 3153 1193 3197 et
1229 3144 1486 3197 formatur
1513 3147 1564 3195 in
1597 3144 1832 3196 membra
1876 3151 1929 3196 et
1953 3153 2156 3210 partes,

607 3247 709 3286 non
740 3233 794 3285 fit
817 3235 1010 3297 ρωπίας,
1048 3233 1259 3301 quando
1287 3232 1489 3284 abortio
1514 3231 1652 3286 facta
1695 3231 2032 3298 fueritfetus,
2068 3232 2156 3300 qui

2179 711 2228 766 Δ

2845 705 3082 757 ΚΛΝΩΝ
3145 705 3221 757 B'.

2254 799 2526 866 Φοεέρασα
2585 798 2704 849 κατ’
2767 795 3134 865 ἐπιτήδευσιν,
3168 796 3328 864 φόνου
3373 793 3528 863 δίκην
3579 795 3823 865 ὑπέχειο

2326 889 2678 956 ἀκριϐολογίαν.
2711 888 2765 940 δέ
2801 886 3303 955 ἐκμεμορφωμένου
3358 889 3449 938 καὶ
3481 886 3796 950 ἀνεξεικονί

2332 997 2457 1032 στου
2476 981 2606 1048 παρ’
2626 979 2755 1046 ἡμῖν
2787 978 2882 1028 οὑκ
2915 977 3080 1029 ἐστιν.
3114 976 3376 1029 Ἐνταῦθα
3395 977 3501 1046 γὰρ
3519 978 3826 1028 ἐκδικεῖται

2300 1068 2383 1122 *οὗ
2423 1070 2580 1139 μόνον
2610 1067 2668 1119 τὸ
2719 1066 3210 1134 γεννηθησόμενον,
3259 1066 3393 1117 ἀλλὰ
3447 1065 3538 1118 καὶ
3590 1066 3734 1132 αὑτὴ
3788 1068 3824 1132 ἡ

2325 1163 2488 1230 ἑαυτῇ
2518 1157 2972 1222 ἐπιϐουλεύσασα,
3001 1158 3133 1210 διότι
3165 1158 3240 1219 ὠς
3286 1158 3377 1210 ἐπὶ
3407 1159 3465 1210 τὸ
3515 1160 3646 1209 πολὺ
3690 1161 3823 1208 Eva-

2328 1252 2697 1320 ποθνησκουσι
2725 1251 2846 1311 ταῖς
2869 1249 3144 1309 τοιαύταις
3181 1248 3590 1316 ἐπιχειρήσεσιν
3621 1248 3677 1298 αί
3719 1264 3822 1311 γυ-

2326 1339 2527 1404 ναῖκες.
2576 1341 2841 1409 Πρόσεστι
2891 1339 2946 1392 δὲ
2996 1339 3169 1408 τούτῳ
3224 1339 3318 1391 καὶ
3387 1339 3418 1406 ἡ
3483 1338 3653 1407 φθορὰ
3724 1337 3827 1387 τοῦ

2321 1433 2582 1504 ἐμϐρὺου,
2617 1432 2801 1502 ἕτερος
2828 1433 2984 1499 φόνος
3024 1431 3164 1483 κατά
3198 1446 3261 1498 γε
3303 1432 3402 1498 τὴν
3431 1430 3672 1480 ἐπίιοιαν
3709 1427 3826 1480 τῶν

2322 1524 2493 1578 ταῦτα
2549 1521 2902 1590 τολμώντων·
2963 1521 3042 1572 δεῖ
3092 1521 3276 1589 μέντοι
3349 1521 3424 1589 μὴ
3498 1519 3657 1586 μέχρι
3725 1519 3827 1584 τῆς

2326 1616 2504 1681 ἐξόδου
2540 1614 2887 1682 παρατείνειν
2915 1611 3090 1664 αὐτῶν
3124 1611 3220 1677 τὴν
3244 1609 3658 1680 ἐξομολόγησιν,
3681 1608 3828 1659 ἀλλὰ

2325 1705 2572 1775 δέχεσθαι
2609 1704 2743 1775 μετὰ
2768 1705 2826 1755 τὸ
2860 1703 3058 1772 μέτρον
3089 1703 3196 1754 τῶν
3226 1703 3358 1755 δέκα
3389 1702 3527 1754 ἐτῶν
3547 1718 3560 1732 °
3608 1701 3828 1768 ὁρίζειν

2315 1799 2372 1852 δὲ
2407 1798 2481 1866 μὴ
2525 1798 2726 1866 χρόνῳ,
2759 1795 2894 1848 ἀλλὰ
2922 1795 3107 1864 τρόπῳ
3139 1795 3236 1866 τὴν
3286 1794 3384 1864 τῆς
3412 1793 3701 1863 μετανοίας
3736 1791 3828 1843 θε-

2325 1891 2577 1959 ραπείαν.

2329 1981 2522 2034 ΒΑΛΣ.
2565 1981 2697 2049 Περὶ
2743 1979 2852 2031 τῶν
2899 1976 3278 2046 πορνευουσῶν
3334 1975 3431 2028 καὶ
3479 1973 3828 2040 ἁναιροοσῶν

2255 2075 2323 2126 τὰ
2344 2072 2462 2125 κατ’
2487 2073 2654 2133 σύτὰς
2689 2070 2903 2140 ἔμϐρυα
2935 2070 3024 2121 διὰ
3061 2069 3368 2137 φαρμάκων
3412 2067 3446 2136 ἢ
3480 2065 3652 2126 ἄλλως
3678 2081 3829 2124 ττως,

2251 2164 2469 2233 εἴρηται
2503 2165 2559 2216 ἐν
2588 2161 2664 2232 τῷ
2695 2162 2906 2230 δεκάτῳ
2949 2159 3230 2228 κεφαλαίῳ
3257 2157 3352 2210 τοῦ
3401 2163 3470 2225 ιγ’
3506 2156 3685 2208 τίτλου
3722 2157 3826 2207 τοῦ

2251 2259 2517 2327 παρόντος
2558 2255 2961 2324 συντάγματος,
3003 2254 3098 2305 καὶ
3138 2254 3195 2305 ἐν
3249 2251 3324 2320 τῷ
3349 2257 3435 2304 κα¹
3488 2249 3673 2302 κανόνι
3716 2248 3827 2314 τῆς

2251 2353 2311 2404 ἐν
2350 2349 2592 2418 Ἀγκύρᾳ
2626 2347 2870 2399 συνόδου.
2914 2345 2973 2398 '0
3017 2343 3073 2395 δέ
3120 2341 3313 2412 παρὼν
3346 2339 3548 2402 κανὼν,
3579 2337 3823 2406 διοριζόο

2256 2457 2413 2509 μενος
2474 2442 2572 2500 τὰς
2619 2437 2857 2489 τοιοῦτόν
2905 2453 2960 2487 τι
3013 2433 3274 2494 ποιούσας
3320 2434 3430 2492 τοῖς
3461 2431 3570 2482 τῶν
3609 2430 3828 2496 φονέων

2251 2531 2547 2599 ἐπιτιμίοις
2594 2525 3131 2587 καθυποϐἀλλεσθαι,
3177 2521 3504 2594 προστίθησι
3551 2519 3627 2588 μὴ
3673 2512 3822 2569 εἶναι

2251 2619 2509 2690 διαφορὰν
2538 2617 2630 2672 τοῦ
2655 2616 3039 2688 ἀμϐλώματος.
3068 2616 3180 2667 Κᾶν
3201 2616 3310 2683 γὰρ
3341 2611 3664 2682 ἁμόρςρωτὸν
3696 2613 3824 2661 ἐστι

2254 2714 2316 2766 τὸ
2364 2711 2670 2781 ἁμϐλωθὲν,
2719 2710 2822 2764 κᾶν
2875 2707 3313 2779 μεμορφωμένον
3354 2707 3448 2756 καὶ
3491 2703 3828 2773 χαρακτῆρα

2256 2805 2378 2874 ἔχον
2401 2803 2709 2874 ἀνθρώπου,
2735 2803 2761 2854 6
2793 2801 2951 2862 αὐτὸς
2972 2799 3127 2866 λόγος
3157 2798 3294 2851 ἐστί.
3329 2795 3500 2848 Τοῦτο
3524 2796 3576 2847 δὲ
3610 2795 3826 2864 ἐῤῥέθη

2257 2895 2344 2946 διὰ
2382 2894 2505 2952 τοὺς
2551 2893 2804 2958 λέγοντας
2835 2889 2929 2951 ὡς,
2978 2889 3099 2940 ἐπεὶ
3137 2890 3200 2940 τὸ
3251 2888 3496 2956 σπέρμα,
3531 2887 3594 2953 τῇ
3635 2886 3826 2953 μήτρα

2257 2982 2750 3051 καταϐαλλόμενον,
2797 2983 2895 3035 οὐκ
2960 2979 3287 3034 ἀπεντεῦθεν
3340 2979 3685 3031 είδοποιείται
3743 2979 3829 3038 εἰς

2258 3076 2561 3146 ἄνθρωπον,
2593 3074 2730 3125 ἀλλὰ
2773 3074 3038 3142 πρότερον
3100 3071 3200 3139 μὲν
3257 3067 3667 3137 ἐξαιματοῦται,
3701 3061 3829 3119 εἶτα

2259 3175 2338 3232 είς
2370 3170 2547 3238 σάρκα
2575 3169 2848 3236 πήγνυται
2875 3165 3239 3234 ἀνθρωπίνην,
3266 3159 3386 3215 εἶτα
3420 3158 3822 3225 ἐξεικονίζεται

2261 3264 2352 3313 καὶ
2379 3259 2729 3312 διατυποῦται
2783 3261 2860 3320 είς
2917 3258 3051 3326 μέλη
3110 3257 3204 3307 καὶ
3237 3257 3438 3324 μόρια·
3489 3255 3549 3304 οὐ
3604 3253 3827 3318 γίνεται

605 3326 836 3378 nondmn
863 3333 944 3376 est
966 3324 1244 3376 formatus.
1267 3323 1531 3377 Praeterea
1550 3325 1728 3388 adjicit
1750 3335 1988 3384 sanctus,
2015 3323 2152 3390 quod

2264 3353 2440 3420 φόνος,
2471 3352 2598 3402 ὅταν
2645 3323 2927 3417 ἀμϐλωθη
2954 3348 3014 3398 τὸ
3041 3323 3400 3416 ἐμϐρυον,γτδ
3449 3346 3615 3412 μήπω
3674 3342 3826 3394 είδο-

607 3430 710 3470 non
748 3415 919 3467 solum
951 3424 1168 3481 propter
1209 3413 1346 3466 fetus
1385 3414 1658 3466 interitum
1699 3415 1749 3465 tit
1784 3415 1942 3466 caedis
1969 3414 2154 3465 vindi-

607 3505 767 3567 catio,
797 3505 886 3556 sed
919 3505 1078 3556 etiam
1119 3514 1332 3571 promer
1361 3503 1602 3567 insidias,
1639 3520 1772 3572 quas
1805 3506 1905 3558 sibi
1945 3506 2158 3572 paravit

609 3595 796 3647 mulier
828 3594 1067 3661 gravida.
1100 3591 1168 3645 Ut
1209 3594 1492 3660 plurimum
1523 3597 1664 3647 enim
1699 3605 1900 3650 matres
1938 3611 2156 3663 quoque

609 3700 710 3736 una
738 3695 962 3744 pereunt
1008 3695 1227 3751 propter
1263 3685 1599 3752 ejectionem.
1637 3685 1797 3737 Pinna
1834 3699 2036 3750 autem,
2073 3689 2155 3738 iu-

608 3776 744 3842 quit,
781 3789 846 3827 ne
874 3775 1194 3826 extendatur
1237 3790 1404 3844 usque
1433 3776 1498 3827 ad
1533 3776 1689 3828 tinem
1726 3776 1847 3829 vitae
1879 3779 1993 3843 ejus
2041 3791 2158 3844 qua:

609 3868 807 3918 caedem
841 3867 1185 3933 perpetravit,
1217 3868 1308 3919 sed
1346 3867 1396 3917 iu
1423 3866 1607 3918 decem
1634 3879 1825 3918 atitIos.
1863 3866 2027 3918 l’orro
2057 3866 2158 3918 tale

607 3971 816 4022 quoque
879 3966 1086 4022 tempus
1147 3954 1272 4007 licet
1330 3955 1400 4008 sit
1450 3968 1480 4006 a
1525 3970 1730 4008 canone
1778 3955 2154 4017 constitutum,

605 4055 812 4113 oportet
842 4057 1015 4098 tamen
1060 4043 1400 4108 medicinam,
1428 4057 1534 4097 non
1565 4053 1827 4111 tempore,
1875 4047 1967 4098 sed
1999 4046 2158 4097 modo

607 4138 976 4190 circumscribi
1011 4152 1024 4185 :
1059 4135 1261 4188 scilicet
1290 4136 1333 4188 si
1360 4149 1479 4202 qua:
1504 4138 1747 4201 peccavit
1778 4136 2011 4201 quidem,
2041 4150 2156 4202 pa:-

615 4226 894 4276 uitentiam
929 4223 1207 4289 aspernari
1269 4223 1532 4286 videatur,
1584 4238 1686 4275 non
1738 4225 1910 4276 solum
1959 4224 2155 4276 decert-

609 4315 750 4365 nium
788 4313 1023 4377 finietur,
1072 4313 1167 4365 sed
1211 4313 1373 4365 etiam
1413 4313 1714 4380 auge-bitur.
1769 4313 1870 4366 Sed
1926 4313 1970 4365 si
2018 4313 2157 4365 serio

605 4414 726 4472 agat
753 4405 1141 4471 paenitentiam,
1167 4403 1482 4456 decennium
1509 4419 1719 4471 gnuque
1744 4405 2028 4457 minuetur.
2063 4402 2158 4455 At-

604 4514 706 4566 que
736 4499 845 4550 hzec
869 4497 1081 4565 quidem
1112 4511 1347 4564 praesens
1363 4511 1554 4551 canon.
1581 4496 1657 4550 Tu
1689 4509 1866 4551 autem
1887 4499 1997 4565 lege
2017 4513 2140 4550 cant.

605 4590 666 4640 ‘Jl
713 4604 830 4656 syn.
860 4588 910 4639 in
942 4587 1143 4650 Tiullo,
1173 4598 1224 4640 et
1247 4604 1365 4654 qum
1395 4589 1446 4640 in
1477 4604 1539 4640 eo
1571 4600 1715 4650 sunt,
1742 4601 1794 4640 et
1819 4592 1975 4639 tinem
1998 4603 2156 4641 cano-

607 4679 692 4733 nis
720 4681 752 4731 8
783 4682 1053 4747 praesentis
1082 4680 1314 4746 episton
1345 4697 1360 4733 :
1395 4689 1448 4733 et
1487 4681 1625 4733 scies
1655 4681 1794 4748 quod
1839 4696 1943 4733 non
1979 4681 2147 4732 solum
2184 4686 2230 4740 D

608 4784 725 4837 qua:
758 4769 917 4822 fetum
973 4772 1024 4822 in
1073 4781 1226 4825 utero
1271 4771 1529 4838 corrupit,
1576 4770 1855 4835 sebjieitnr
1892 4775 2152 4824 canonico

607 4861 886 4912 homicida:
912 4862 1189 4928 supplicio,
1215 4863 1304 4914 sed
1337 4863 1496 4914 etiam
1526 4876 1642 4928 qua:
1671 4864 1758 4913 dat
1784 4876 1984 4914 venena
2015 4866 2153 4915 fetus

604 4953 939 5016 perimentia,
969 4963 1020 5005 et
1056 4968 1171 5019 qua:
1201 4955 1379 5016 habet,
1411 4963 1464 5005 ct
1498 4968 1617 5021 qua:
1662 4954 1888 5020 accepit,
1940 4954 2149 5006 etiamsi

603 5045 766 5096 fctum
798 5059 901 5094 non
931 5047 1273 5110 pereinerint.
1311 5047 1442 5097 Cum
1484 5056 1659 5098 autent
1699 5061 1936 5112 praesens
1975 5060 2146 5098 canon

603 5137 739 5189 hanc
770 5137 1048 5187 mulierem
1092 5136 1368 5188 decennali
1415 5137 1677 5204 supplicio
1725 5139 1911 5204 puniat
1960 5151 2153 5189 conse-

601 5238 825 5296 quenter
869 5227 1060 5279 cauoni
1104 5227 1162 5278 2i
1205 5228 1499 5296 Aucyraua:
1558 5231 1773 5297 synodi,
1825 5239 1878 5281 et
1923 5244 2045 5282 can.
2082 5229 2149 5280 56

601 5323 772 5374 sancti
811 5321 985 5374 Basilii
1027 5322 1104 5375 sic
1135 5332 1318 5390 aperte
1362 5321 1589 5374 dicentis
1627 5337 1638 5372 :
1675 5320 1775 5385 Qui
1818 5338 1921 5374 non
1955 5331 2148 5389 sponte

601 5412 890 5476 interfecit,
941 5413 1096 5466 annis
1139 5414 1384 5465 undecim
1424 5427 1526 5465 non
1565 5412 1634 5464 sit
1682 5425 2145 5466 sacramentorum

601 5507 890 5576 particeps;
947 5507 1130 5557 dicunt
1184 5495 1398 5570 qui’dan‘t
1477 5504 1890 5558 involuntariam
1947 5505 2145 5558 cmdem

598 5605 903 5667 perpetrare
931 5610 1072 5659 cam,
1101 5609 1215 5661 quae
1242 5597 1360 5648 data
1391 5610 1552 5660 opera
1601 5595 1789 5659 fetum,
1820 5597 1910 5662 qui
1947 5606 2065 5650 erat
2094 5598 2143 5650 in

597 5705 768 5754 utero,
801 5691 1056 5758 corrupit.
1089 5689 1218 5743 Mihi
1255 5701 1429 5744 autent
1469 5692 1698 5754 videtur,
1733 5707 1849 5744 eam
1897 5692 2147 5745 tolunla-

599 5785 731 5837 riunt
779 5795 990 5848 quOQue
1038 5783 1236 5837 caedem
1281 5795 1610 5852 perpetrare,
1665 5795 1722 5837 ut
1769 5786 1867 5838 hoc
1921 5802 1984 5840 ex
2045 5785 2148 5839 fine

2257 3441 2501 3508 ποιηθέν.
2535 3438 3021 3508 Ἐπιπροστίθησιν
3057 3439 3083 3489 6
3118 3436 3274 3504 ἆγιος
3303 3435 3377 3497 ὡς
3414 3436 3474 3486 οὐ
3519 3434 3680 3502 μόνον
3725 3434 3825 3484 διὰ

2255 3533 2353 3602 τὴν
2405 3533 2498 3584 τοῦ
2548 3529 2790 3599 ἐμϐρύου
2843 3529 3049 3598 φθορὰν
3105 3530 3136 3596 ἢ
3188 3526 3282 3578 τοῦ
3332 3527 3492 3594 φόνου
3533 3525 3824 3591 ἐκδίκησις

2255 3621 2486 3686 γίνεται,
2505 3619 2640 3671 ἀλλὰ
2669 3619 2754 3669 διὰ
2780 3617 2876 3687 τὴν
2911 3617 3200 3684 ἐπιϐουλὴν
3225 3616 3322 3684 τῆς
3351 3614 3827 3682 κυοφορουμένης.

2268 3709 2354 3771 Ὠς
2381 3709 2473 3760 ἐπὶ
2505 3708 2564 3760 τὸ
2594 3707 2726 3760 πολὺ
2763 3708 2870 3776 γὰρ
2905 3706 3335 3760 συναπόλλυνται
3364 3708 3458 3760 καὶ
3493 3707 3548 3760 αἱ
3580 3706 3827 3774 μητέρες

2256 3802 2343 3854 διὰ
2371 3800 2470 3868 τὴν
2511 3799 2801 3868 ἀποϐολήν.
2836 3799 2907 3851 Τὸ
2943 3799 3000 3850 δὲ
3044 3800 3318 3867 ἐπιτίμιόν
3369 3817 3507 3868 φησι
3552 3801 3624 3868 μὴ
3673 3817 3826 3868 παρ-

2259 3893 2597 3944 εκτείνεσθαι
2638 3892 2799 3959 μέχρι
2835 3891 3020 3951 τέλους
3052 3890 3194 3957 ζωῆς
3221 3891 3387 3958 αὐτῆς
3418 3893 3514 3959 τῆς
3542 3893 3629 3943 τὸν
3663 3893 3827 3958 φόνον

2259 3983 2632 4050 ἁμαρτούσης,
2663 3981 2799 4032 ἀλλὰ
2827 3982 2883 4030 ἐν
2911 3980 3043 4033 δέκα
3073 3980 3246 4033 ἔτεσι.
3282 3982 3388 4033 Καὶ
3415 3983 3440 4032 6
3475 3981 3726 4043 τοιοῦτος
3760 3983 3824 4034 δὲ

2257 4076 2464 4142 χρόνος,
2497 4073 2596 4124 xiv
2625 4072 3031 4134 κεκανόνισται,
3066 4071 3196 4123 ἀλλὰ
3222 4072 3329 4139 χρὴ
3361 4072 3461 4138 τὴν
3503 4071 3825 4141 θεραπείαν

2260 4161 2334 4230 μὴ
2359 4162 2554 4230 χρόνῳ,
2588 4159 2722 4212 ἀλλὰ
2765 4159 2952 4228 τρόπῳ
2985 4158 3444 4228 περιγράρεσθαι.
3480 4157 3711 4226 ’ῐίγουν,
3766 4163 3820 4211 εί

2261 4253 2357 4322 μὲν
2393 4251 2878 4320 καταφρονητικῶς
2914 4251 3182 4303 διάκειται
3215 4253 3350 4319 πρὸς
3386 4251 3484 4319 τὴν
3525 4253 3824 4318 μετάνειιν

2257 4345 2290 4411 ἡ
2326 4342 2669 4412 ἁμαρτοῦσα,
2693 4341 2750 4392 ού
2791 4341 2949 4410 μόνον
2989 4342 3022 4409 ἡ
3063 4340 3316 4392 δεκαετία
3350 4342 3825 4410 περαιωθήσεται,

2257 4434 2393 4486 ἀλλὰ
2453 4433 2547 4485 καὶ
2596 4431 3058 4500 ἐπιτιμηθήσεται
3085 4447 3097 4461 ο
3128 4432 3174 4482 εἰ
3206 4430 3263 4482 δέ
3296 4431 3622 4492 σπουδαίως,
3659 4435 3752 4482 καὶ
3789 4435 3822 4501 ἡ

2256 4525 2508 4577 δεκαετία
2553 4523 3005 4592 κολοϐωθήσεται.
3040 4523 3146 4574 Καὶ
3196 4523 3368 4575 ταῦτα
3411 4525 3508 4592 μὲν
3549 4526 3576 4575 6
3627 4520 3825 4592 παρὼν

2258 4615 2456 4669 κανών.
2489 4617 2560 4669 Σὺ
2596 4616 2652 4668 δὲ
2686 4617 2997 4682 ἁνὰγνωσον
3029 4617 3237 4668 καὶτὸν
3278 4623 3366 4680 ςα⁹
3402 4618 3603 4668 κανόνα
3631 4619 3730 4685 τῆς
3761 4621 3824 4669 ἐν

2257 4704 2332 4772 τῷ
2361 4703 2612 4772 Τρούλλῳ
2647 4705 2885 4766 συνόδου,
2922 4707 3013 4760 καὶ
3040 4705 3106 4757 τὰ
3150 4705 3206 4756 ὲν
3248 4705 3417 4775 αὐτῷ,
3447 4708 3540 4757 καὶ
3580 4707 3641 4757 τὸ
3668 4706 3822 4768 τέλος

2251 4793 2344 4846 τοῦ
2376 4799 2424 4864 η’
2455 4795 2672 4855 κανόνος
2703 4795 2798 4863 τῆς
2836 4796 3113 4864 παρούσης
3145 4798 3431 4866 ἐπιστολῆς
3451 4813 3467 4829 ο
3510 4799 3606 4850 καὶ
3635 4798 3822 4866 μάθῃς

2252 4887 2324 4948 ὼς
2383 4887 2443 4936 οὐ
2505 4887 2636 4955 μόνη
2668 4887 2699 4952 ἡ
2730 4885 2997 4954 φθείρασα
3027 4886 3086 4937 τὸ
3130 4885 3368 4956 ἔμϐρυον
3420 4887 3708 4942 ὑπόκειται
3741 4892 3822 4958 τῷ

2253 4977 2517 5044 κανονικῴ
2556 4976 2647 5028 τοῦ
2680 4978 2882 5046 φονέως
2936 4978 3216 5046 ἐπιτιμίῳ,
3247 4977 3379 5030 ἀλλὰ
3405 4979 3498 5031 καὶ⁵
3532 4981 3563 5046 ἡ
3598 4979 3820 5033 διδοῦσα

2253 5067 2622 5136 ἐμϐρυοκτόνα
2663 5067 2987 5136 δηλητήρια,
3025 5068 3118 5119 καὶ
3166 5069 3197 5137 ἡ
3244 5067 3463 5136 ἔχουσα,
3497 5069 3590 5121 καὶ
3635 5071 3666 5138 ὴ
3720 5071 3812 5124 λα-

2254 5155 2440 5220 ϐοῦσα,
2476 5155 2578 5207 κᾶν
2616 5157 2688 5224 μὴ
2733 5157 2968 5226 φονεύσῃ
2999 5157 3060 5210 τὸ
3089 5156 3346 5226 ἔμϐρυον.
3380 5157 3486 5211 Τοῦ
3521 5160 3576 5212 δὲ
3614 5161 3818 5230 παρόν-

2254 5263 2340 5307 τος
2372 5247 2589 5309 κανόνος
2617 5247 2704 5299 διὰ
2731 5247 3009 5315 ἐπιτιμίου
3038 5247 3321 5312 δεκαετίας
3349 5251 3674 5314 κολάζοντος
3714 5252 3817 5322 τὴν

2253 5339 2506 5408 τοιαύτην
2538 5343 2766 5406 γυναῖκα
2809 5341 3114 5403 ἀκολούθως
3145 5343 3223 5412 τῷ
3259 5343 3342 5396 κα¹
3389 5348 3571 5399 κανόνι
3612 5350 3712 5416 τῆς
3751 5352 3813 5402 ἐν

2266 5431 2507 5501 Ἀγκύρα
2561 5432 2797 5492 συνόδου,
2830 5435 2922 5485 καὶ
2976 5432 3070 5484 τοῦ
3126 5432 3202 5497 νξ¹
3252 5437 3473 5500 κανόνος
3507 5437 3602 5491 τοῦ
3654 5438 3816 5504 ἁγίου

2256 5523 2535 5574 Βασιλείου
2578 5525 2825 5590 λέγοντος
2868 5525 3009 5577 οὕτω
3057 5527 3259 5594 ῥητῶς,
3301 5529 3358 5580 Ὀ
3404 5529 3674 5592 ἀκουσίως
3719 5548 3807 5598 φο-

2252 5611 2445 5673 νεύσας
2475 5612 2662 5664 ἓνδεκα
2709 5613 2884 5665 ἐτεσιν
2921 5617 3279 5685 ἀκοινώνητος
3330 5617 3483 5669 ἔσται
3521 5619 3630 5669 τῶν
3661 5621 3810 5686 ἁγιὶο

2256 5702 2475 5769 σμάτων
2498 5719 2511 5730 ·
2541 5703 2758 5763 λέγουσί
2813 5722 2955 5766 τινες
2999 5706 3251 5757 ἀκούσιον
3278 5708 3434 5774 φόνον
3481 5710 3815 5778 ἁμαρτάνειν

2250 5789 2349 5856 τὴν
2399 5791 2696 5858 φθείρασαν
2751 5793 2867 5845 κατ’
2927 5793 3266 5860 ἐπιτήδευσιν
3318 5796 3377 5848 τὸ
3426 5799 3814 5863 regimini;
