3998 6326
206 378 339 444 589

1144 383 1226 449 IN
1256 383 1494 444 EPIST.
1524 382 1565 443 S
1615 383 1901 445 BASlLlI
1952 384 2389 446 CANONICAM
2437 386 2487 446 Ι.

3372 386 3474 450 590

200 497 730 569 ὲγκυμονούμενον.
768 496 926 568 Ἐμοὶ
971 500 1029 555 δέ
1081 500 1226 553 δοκιῖ
1281 500 1529 554 εκούσιον
1570 500 1668 569 μὲν
1714 500 1806 554 καὶ

1911 504 2088 556 octavi
2125 501 2350 555 canonis
2378 499 2704 562 ostenditur,
2732 509 2786 553 et
2816 499 2999 569 potius
3030 499 3147 554 loco
3189 500 3326 569 ejus,
3355 517 3476 569 qute

204 589 444 658 ταύτην
473 591 634 658 φόνον
666 590 1031 660 πλημμελεῖν,
1062 592 1243 653 καθὼς
1270 592 1427 645 τοῦτο
1473 592 1806 657 παρίσταται

208 679 337 733 ἀπὸ
372 682 468 738 τοῦ
497 682 680 745 τέλους
706 682 799 735 τοῦ
824 680 875 753 η’
902 683 1145 749 κανόνος,
1169 685 1263 738 καὶ
1291 686 1369 747 είς
1402 684 1569 737 τόπον
1605 684 1805 753 μᾶλλον

210 772 631 838 αὐτοφονευτοῦ
691 775 891 843 ἑαυτὴν
955 774 1342 839 καθίστασθαι,
1406 776 1499 828 ἐὰν
1558 776 1621 827 ὲκ
1707 774 1803 826 τοῦ

207 861 476 914 τοιούτου
502 864 699 933 τρόπου
727 865 1026 936 τελευτήσῃ
1051 879 1064 893 ⁸
1106 865 1180 933 μὴ
1207 863 1525 917 ὑποκεῖσθαι
1550 863 1606 916 δὲ
1643 864 1801 933 φόνου

211 953 483 1006 ἑκουσίου
540 958 798 1027 ἐπιτιμίῳ
851 957 939 1009 διὰ
1002 957 1063 1010 τὸ
1114 958 1190 1028 μὴ
1245 951 1385 1009 εἶναι
1432 959 1488 1009 ἐν
1532 957 1691 1026 φύσει
1741 958 1801 1009 τδ

212 1047 694 1116 κυοφορούμενον,
730 1049 823 1101 καὶ
848 1048 935 1102 διὰ
974 1049 1035 1102 τὺ
1067 1051 1141 1117 μὴ
1186 1051 1249 1103 ἐκ
1288 1049 1581 1111 διαθέσεως
1624 1050 1803 1118 κακῆς

213 1141 601 1211 μελετηθῆναι
623 1144 713 1197 τὸν
744 1145 921 1212 φόνον,
951 1144 1085 1197 ἀλλὰ
1129 1144 1216 1198 διά
1262 1144 1424 1211 φόϐον
1464 1145 1565 1197 οὐκ
1610 1146 1798 1214 ἀγενῆ,

209 1234 435 1298 γονέως
464 1236 627 1301 τυχὸν
672 1237 707 1302 ἦ
755 1236 1035 1299 δεσπότου,
1088 1234 1119 1304 ἢ
1169 1236 1328 1288 ἄλλου
1374 1235 1517 1297 τινὸς
1557 1234 1803 1287 κίνδυνον

210 1325 608 1390 ἀπειλοῦντος.
645 1328 764 1380 Ὅτι
810 1328 864 1381 δὲ
902 1329 1169 1397 διαφθορά
1213 1331 1329 1381 ἐστι
1373 1328 1467 1381 τοῦ
1506 1345 1803 1395 κυοφορου-

218 1422 423 1484 μένου,
461 1420 555 1470 καὶ
586 1418 680 1471 τοῦ
716 1421 795 1481 είς
850 1420 966 1488 φῶς
1015 1419 1323 1485 ἐξελθόντος
1353 1421 1604 1490 βρέφους,
1641 1419 1799 1488 δῆλόν

212 1510 379 1561 ἐστιν
435 1511 541 1562 ἀπὸ
587 1512 687 1578 τῆς
731 1511 912 1579 βίόλου
963 1514 1063 1582 τῆς
1120 1511 1370 1575 Ἐξόδου·
1420 1514 1553 1581 φησὶ
1605 1513 1711 1581 γὰρ
1769 1514 1795 1583 η

212 1595 456 1666 τοιαύτη
515 1600 784 1670 Μωσαῖκὴ
854 1599 1062 1668 βίϐλος·
1129 1602 1272 1655 Ἐὰν
1319 1601 1626 1669 μάχωνται
1690 1601 1798 1654 δύο

214 1686 466 1753 ἄνδρες,
504 1688 601 1739 καὶ
633 1689 941 1753 πατάξωσι
969 1690 1225 1758 γυναῖκα
1251 1692 1320 1744 ἐν
1360 1692 1572 1760 γαστρί
1620 1692 1798 1757 ἔχου-

214 1789 371 1850 σᾳν,
399 1776 495 1829 καί
523 1777 736 1845 ἐξέλθῃ
777 1780 842 1831 τὸ
878 1780 1121 1835 παιδίον
1155 1781 1241 1850 μὴ
1284 1783 1800 1848 ἐξεικονισμένον,

212 1848 535 1933 ἐεῖσζήμιον
555 1865 980 1934 ζημιωθήσεται
1006 1848 1209 1923 καθότι
1237 1870 1313 1923 ἂν
1337 1871 1628 1937 ἐπιϐάλλῃ
1648 1871 1803 1935 ἀνὴρ

217 1952 339 2020 τῆς
368 1960 675 2022 γυναικός.
722 1958 864 2013 Ἐὰν
898 1961 965 2012 δὲ
1006 1960 1499 2029 ἐξεικονισμένον
1539 1954 1599 2030 ἦ,
1623 1960 1803 2013 δώσει

215 2050 446 2117 ψυχήν
470 2050 603 2103 ἀντὶ
637 2050 874 2120 ψυχῆς-ο
913 2052 1007 2104 καὶ
1043 2052 1150 2104 ἀπὸ
1188 2053 1281 2105 τοῦ
1313 2052 1392 2118 λγ¹
1426 2053 1665 2113 κανόνος,
1706 2050 1801 2102 καὶ

218 2139 319 2190 τοῦ
374 2140 453 2208 νβ’
510 2143 751 2205 κανόνος.
805 2142 942 2211 Φησὶ
993 2142 1099 2211 γὰρ
1160 2141 1259 2210 τὴν
1304 2142 1657 2210 ἀμελήσασαν
1704 2139 1798 2192 τοῦ

221 2231 513 2298 κυήματος
543 2231 618 2293 ὡς
641 2234 732 2284 ἐπὶ
764 2233 905 2301 φόνῳ
930 2231 1227 2301 κρίνεσθαι.
1258 2230 1416 2284 Ἀλλὰ
1457 2230 1563 2301 μὴν
1593 2232 1626 2299 ἠ
1659 2229 1799 2283 κατὰ

222 2324 495 2391 ἀμέλειαν
545 2325 959 2395 ἀποϐαλλομένη
996 2325 1055 2377 τὸ
1132 2324 1368 2395 ἔμϐρυον
1414 2324 1488 2387 ὡς
1573 2322 1865 2391 φονεύτρια

222 2419 472 2489 ἔμϐρυον
532 2421 723 2489 αὐτῆς,
787 2422 883 2490 οὐχ
961 2422 1245 2474 ὑπόκειται
1302 2422 1595 2492 ἐπιτιμίοις
1656 2419 1862 2489 φονέων

302 2514 548 2567 ΖΩΝΑΡ.
576 2514 765 2584 Λάθρα
799 2513 1051 2581 γυναῖκές
1082 2531 1224 2576 τινες
1269 2514 1493 2581 ἀνδράσι
1538 2513 1804 2583 συμφθει-

230 2606 488 2675 ρόμεναι,
536 2605 1010 2674 συλλαμῧὰνουσιο
1045 2605 1193 2675 φόϐῳ
1247 2605 1302 2657 δὲ
1354 2608 1553 2671 γονέων
1606 2606 1797 2675 ἴσωςῆ

226 2698 590 2767 δεσποτῶν,ἦ
628 2700 831 2767 ἐτέρων
888 2697 1069 2759 τινῶν,
1107 2696 1485 2765 ἐπιτηδεύουσι
1542 2697 1651 2750 τῶν
1700 2700 1804 2767 ἐμ-

231 2787 419 2857 ϐρύων
458 2788 755 2858 ἀποϐολὴν,
784 2791 1093 2856 φαρμάκων
1138 2789 1299 2841 τινῶν
1336 2791 1579 2853 πόσεσιν,
1623 2791 1653 2860 ἢ
1710 2790 1803 2842 καὶ

231 2880 457 2947 τρόποις
484 2880 707 2948 ἑτέροις,
740 2883 832 2933 καὶ
862 2881 1237 2950 φθείρουσιντά
1270 2884 1528 2951 κυίμενα.
1560 2882 1671 2941 Τὰς
1709 2877 1803 2932 οὖν

231 2970 393 3022 τοῦτο
426 2972 706 3034 ποιούσας,
737 2973 812 3034 ὡς
843 2975 1001 3041 φόνον
1050 2974 1399 3042 τολμησάσας
1443 2971 1805 3042 ἐπιτιμᾶσθαι

232 3060 427 3127 ὁρίζει.
475 3062 624 3113 Ἐπεὶ
656 3062 711 3115 δὲ
740 3065 809 3115 τὰ
838 3064 1254 3133 ἁποϐιλλόμενα
1281 3066 1348 3118 τὰ
1383 3069 1479 3134 μὲν
1508 3065 1590 3119 ἐτι
1617 3067 1791 3135 ἀμόρ-

1830 1821 1877 1880 Β

1910 592 2017 649 sibi
2048 604 2274 647 mortem
2307 592 2589 658 conscivit,
2621 592 2664 645 si
2696 607 2756 645 ea
2792 594 3004 645 ratione
3048 594 3297 661 perierit,
3333 594 3477 661 seip-

1911 699 2023 738 sam
2057 684 2385 737 constituere
2418 699 2431 734 :
2469 684 2788 737 voluntariae
2807 693 2985 737 autem
3019 685 3181 738 caedis
3209 685 3476 751 supplicio

1914 791 2023 829 non
2056 774 2270 841 snhjici,
2308 774 2449 843 quod
2494 773 2549 827 in
2583 789 2765 827 rerum
2814 783 3008 828 natura
3056 789 3163 828 non
3207 774 3271 828 sit
3308 773 3474 836 fetus.

1909 864 1997 934 qui
2030 874 2111 917 est
2149 864 2199 916 in
2235 874 2387 918 utero
2425 881 2439 918 :
2472 872 2523 917 'et
2554 866 2692 932 quod
2721 879 2823 917 non
2852 865 2991 919 male
3018 864 3208 918 all‘ecta
3244 877 3472 917 mortem

1909 957 2087 1010 molita
2152 957 2240 1020 sit,
2293 954 2385 1009 sed
2452 964 2668 1024 propter
2721 965 2920 1007 metum
2987 969 3089 1006 non
3133 953 3470 1020 illiberalem,

1910 1047 2228 1117 parentibus
2263 1045 2425 1109 forte,
2466 1045 2545 1100 vel
2574 1045 2821 1109 domino,
2871 1045 2949 1099 vel
2983 1045 3169 1114 aliquo
3196 1046 3324 1107 alio,
3377 1061 3472 1115 pe-

1907 1137 2134 1191 riculum
2186 1135 2487 1189 minitante.
2550 1134 2703 1200 Quod
2756 1143 2933 1189 autem
2987 1137 3143 1187 detur
3201 1137 3376 1189 caedes
3419 1145 3475 1189 et

1913 1227 2055 1281 fetus
2087 1227 2174 1293 qui
2211 1235 2292 1279 est
2328 1225 2381 1278 in
2416 1233 2591 1287 utero,
2622 1234 2674 1278 et
2706 1223 2930 1278 iniantis
2956 1227 3006 1276 in
3042 1226 3215 1278 lucem
3247 1228 3470 1294 egressi.

1911 1316 2252 1369 manifestum
2285 1322 2451 1367 estex
2478 1314 2616 1367 libro
2646 1312 2856 1367 Exodi:
2888 1315 3015 1367 dicit
3049 1316 3190 1368 enim
3220 1316 3304 1369 hic
3340 1315 3474 1368 libt-r

1908 1407 2173 1462 Mosaicus
2201 1424 2212 1457 :
2248 1405 2425 1459 Siduo
2449 1405 2546 1458 viri
2578 1414 2822 1473 pugnent,
2849 1414 2895 1457 et
2915 1417 3268 1475 praegnantem
3291 1407 3474 1458 mulie-

1908 1496 2011 1551 rém
2038 1497 2351 1565 percutiant,
2381 1506 2426 1549 et
2454 1511 2691 1564 egressus
2723 1497 2877 1564 fuerit
2910 1497 3088 1563 infans
3126 1514 3226 1550 non
3271 1496 3473 1565 formu-

1908 1598 2015 1651 ειη,
2043 1605 2103 1642 eu
2132 1604 2281 1657 paena
2328 1587 2432 1657 52
2473 1586 2857 1651 multabttnlur,
2896 1604 3054 1657 quam
3089 1588 3323 1641 mulieris
3362 1604 3473 1640 mu-

1914 1682 2046 1734 ritus
2080 1683 2405 1748 imposuerit.
2453 1679 2547 1733 Sin
2579 1687 2754 1732 autem
2810 1678 3068 1746 formatus
3109 1680 3289 1745 fuerit,
3330 1678 3472 1731 dabit

1908 1774 2142 1826 animum
2185 1789 2278 1833 pro
2310 1773 2491 1826 anima
2534 1772 2575 1824 ’.
2631 1772 2696 1825 Et
2730 1786 2796 1825 ex
2832 1786 2954 1825 can.
3007 1771 3075 1826 55
3108 1782 3162 1824 et
3204 1771 3290 1825 52.
3339 1771 3475 1825 Dicit

1909 1864 2050 1915 enim
2090 1861 2255 1927 :Qnte
2305 1861 2383 1915 sui
2436 1860 2575 1916 fetus
2624 1875 2807 1915 curam
2854 1875 2959 1913 non
3012 1860 3263 1927 gesserit,
3306 1860 3472 1913 veluti

1910 1954 2070 2008 caadis
2105 1962 2434 2006 accersatnr.
2460 1953 2617 2020 Atqui
2636 1966 2756 2019 quae
2780 1966 2875 2020 per
2900 1951 3277 2019 negligentiam
3307 1949 3469 2003 fetum

1910 2047 2080 2131 ejicit,
2127 2055 2379 2113 tanquam
2429 2044 2695 2098 homicida
2748 2058 2853 2097 non
2890 2043 3245 2110 reputabitur.
3279 2040 3354 2094 Ex
3390 2043 3474 2094 his

1908 2127 2273 2202 ergn'ptdehre
2291 2130 2522 2195 elicitur,
2550 2131 2687 2198 quod
2710 2145 2828 2198 qua:
2846 2128 3006 2182 fetum
3028 2144 3183 2182 suum
3209 2127 3471 2195 corrup't,

1908 2227 2327 2278 voluntariorum
2356 2222 2743 2275 homicidarum
2786 2221 2957 2287 poenis
2991 2234 3093 2271 non
3128 2217 3467 2286 Suhjicietur.

1911 2320 1970 2372 οὑ
2019 2318 2419 2385 λογισθήσεται.
2457 2317 2657 2369 Λοιπὸν
2723 2314 2901 2377 καλῶς
2968 2315 3002 2384 ὴ
3073 2313 3345 2383 φθείρασα
3415 2314 3472 2364 τὸ

1908 2417 2032 2469 ἐκου
2043 2415 2193 2470 σίων.

1979 2507 2233 2561 ZUNAR.
2271 2506 2518 2560 Mulieres
2544 2505 2785 2575 quaedam
2815 2503 3023 2558 occulte
3046 2518 3167 2557 cum
3200 2504 3327 2557 rivis
3349 2518 3472 2557 cor-

1912 2611 2082 2667 rupta:
2114 2597 2458 2667 concipiunt,
2498 2606 2639 2650 metu
2684 2610 2807 2650 vero
2850 2606 3133 2665 parentum
3185 2596 3342 2657 forte,
3390 2596 3473 2649 νει

1910 2691 2276 2753 dominorum,
2312 2698 2401 2742 aut
2433 2688 2656 2741 aliorum
2684 2688 3064 2757 quorumdam,
3095 2689 3311 2741 student
3338 2702 3471 2742 con-

1910 2791 2122 2849 ceptum
2151 2782 2369 2849 ejicere,
2395 2779 2797 2833 medicamentis
2818 2778 3133 2845 quibusdam
3158 2780 3349 2845 epulis,
3383 2789 3475 2831 aut

1911 2871 2030 2925 aliis
2058 2872 2247 2934 modis,
2284 2885 2346 2923 ac
2384 2868 2525 2923 fetus
2556 2879 2773 2923 necant.
2809 2869 2939 2936 Quae
2967 2868 3126 2937 igitur
3169 2868 3218 2921 id
3246 2866 3471 2932 faciunt,

1909 2958 2073 3012 veluti
2108 2968 2320 3026 patrata
2363 2959 2509 3011 caede
2541 2958 2837 3026 puuiendas
2889 2971 3009 3009 esse
3039 2956 3298 3009 decernit.
3331 2954 3473 3019 Quo-

1911 3051 2053 3103 niam
2094 3064 2219 3102 vero
2243 3064 2428 3104 eorum
2464 3064 2579 3115 qua:
2609 3048 2902 3116 ejiciuntur
2931 3048 3032 3101 alia
3065 3048 3277 3115 quidem
3310 3046 3474 3099 infor-

236 3153 396 3219 φωτά
430 3154 554 3216 είσι,
591 3154 659 3204 τᾶι
684 3154 739 3204 δὲ
771 3157 1199 3224 μεμορφωμένα,
1238 3159 1481 3219 καὶτοὺς
1515 3158 1800 3227 χαρακτῆ-

1912 3140 2017 3190 mia
2061 3149 2189 3192 sunt
2229 3140 2426 3201 adhuc,
2465 3139 2567 3191 alia
2621 3152 2746 3191 vero
2791 3137 3061 3205 formatah
3098 3144 3150 3189 et
3191 3152 3311 3211 quae
3358 3138 3469 3203 jam

240 3258 342 3310 ρας
407 3241 646 3304 σώζοντα
721 3243 817 3311 τῆς
872 3243 1215 3313 ἀνθρωπίιης
1280 3247 1493 3315 μορφῆς
1553 3238 1635 3311 (τὸ
1692 3246 1801 3314 γὰρ

240 3332 484 3400 σπέρμα,
516 3335 580 3399 τῇ
640 3333 823 3402 μήτρᾳ
867 3326 1363 3401 καταϐαλλόμενον,
1402 3337 1665 3406 πρότερον
1700 3337 1802 3403 μὲν

239 3421 649 3491 ἐξαιματρῦταν
686 3420 802 3476 εἶτα
832 3424 909 3485 είς
939 3424 1115 3496 σάρκα
1147 3428 1418 3494 πήγνυται
1447 3427 1797 3496 ἁμόρφωτον⁹

240 3508 360 3564 εἶτα
398 3513 784 3577 ὲξεικονίζεται
843 3517 936 3568 καὶ
991 3516 1350 3569 διατυποῦται
1400 3518 1479 3578 είς
1532 3518 1669 3586 μέλη
1711 3518 1806 3571 καὶ

245 3605 429 3673 μόρια)
456 3622 467 3633 ·
508 3607 607 3658 οὐκ
660 3606 1190 3677 ἀκριϐολογούμεθα,
1229 3610 1411 3677 φησιν,
1472 3612 1586 3663 εἴτε
1630 3613 1804 3682 ἀμόρ-

245 3713 421 3762 φωτον
468 3698 749 3767 ἀπεϐλήθη
785 3699 845 3751 τὸ
875 3700 1131 3768 ἔμὸρυον,
1171 3702 1277 3753 εἴτε
1312 3703 1803 3773 διατετυπωμένον.

244 3787 318 3837 Οὐ
348 3787 455 3855 γὰρ
489 3788 519 3854 ἡ
552 3787 724 3856 φθορά
755 3789 966 3839 ἐκείνου
998 3793 1159 3858 μόνου
1185 3790 1476 3843 ἐκδικείται
1504 3808 1518 3821 ·
1544 3792 1675 3844 ἀλλὰ
1709 3794 1806 3844 καὶ

243 3878 279 3945 ἡ
318 3879 455 3929 κατὰ
489 3878 588 3946 τῆς
642 3878 699 3929 ἐν
760 3880 958 3947 γαστρὶ
1001 3879 1227 3948 ἐχούσης
1274 3881 1534 3950 ἐπιϐουλή
1563 3898 1575 3910 ’
1609 3882 1682 3943 ὡς
1711 3883 1803 3934 ἐπὶ

242 3965 305 4018 τὸ
332 3967 464 4019 πολὺ
505 3970 630 4034 γὰρ,
664 3973 817 4037 φησὶ,
856 3968 1285 4021 συναπόλλυνται
1327 3971 1419 4022 καὶ
1464 3973 1520 4022 αἱ
1552 3975 1807 4036 γυναῖκες

244 4057 352 4119 τοῖς
399 4058 682 4125 ἐμϐρύοις,
745 4059 1249 4129 ἐναποθνήσκουσαι
1300 4064 1364 4131 τῇ
1415 4061 1617 4113 τούτων
1667 4064 1804 4113 ἀπο-

249 4147 395 4217 εολῇ.
450 4150 548 4201 Διά
591 4166 645 4201 τε
697 4150 827 4215 γοῦν
877 4151 975 4220 τὴν
1027 4151 1319 4222 ἐπιϐουλὴν
1353 4154 1576 4221 ἑαυτῆς,
1619 4152 1706 4205 διά
1744 4169 1805 4205 τε

248 4237 340 4301 τὴν
369 4236 463 4289 τοῦ
495 4238 734 4309 ἐμϐρύου
780 4239 1005 4309 φθορὰν,
1038 4240 1114 4308 τῷ
1165 4240 1255 4292 τοῦ
1306 4242 1505 4308 φονέως
1541 4242 1803 4311 ἐπιτιμίῳ

250 4328 663 4394 καταδικάζεται
690 4346 702 4360 ·
733 4332 794 4383 οὐ
840 4331 1000 4401 μέχρι
1049 4332 1104 4385 δὲ
1147 4335 1247 4403 τῆς
1288 4333 1473 4399 ἐξόδου
1502 4335 1654 4385 ἔσται
1701 4334 1807 4385 ὑπὸ

249 4420 308 4471 τὸ
336 4421 629 4487 ἐπιτίμιον,
664 4420 801 4474 ἀλλά
835 4426 891 4474 ἐν
931 4424 1078 4476 ἐτεσι
1129 4427 1260 4479 δέκα
1280 4441 1295 4456 ο
1325 4427 1382 4478 οὐ
1413 4424 1517 4494 χρὴ
1548 4425 1603 4478 δὲ
1629 4425 1806 4495 χρόνῳ
1840 4453 1889 4513 D

254 4513 635 4580 παραγράφειν
672 4513 782 4582 τὴν
807 4515 1119 4583 μετάνοιαν,
1148 4517 1283 4570 ἀλλά
1323 4518 1512 4588 τρόπῳ
1534 4534 1545 4547 ο
1582 4516 1720 4569 ὥστε
1757 4517 1805 4569 εί

256 4601 345 4668 μὲν
378 4605 862 4673 καταφρονητικῶς
904 4606 1172 4659 διάκειται
1203 4608 1339 4677 πρὸς
1372 4606 1470 4678 τὴν
1508 4609 1803 4677 μετάνοιαν

251 4694 284 4762 ἡ
313 4694 695 4762 ἁμαρτήσασα,
716 4696 776 4749 οὐ
809 4698 965 4765 μόνον
997 4701 1027 4768 ή
1059 4699 1308 4751 δεκαετία
1339 4699 1801 4769 περαιωθήσεται,

253 4785 377 4837 ἀλλά
409 4786 504 4838 καὶ
553 4786 945 4855 ἐπιταθήσεται
972 4804 986 4820 ·
1017 4793 1063 4842 εί
1095 4790 1151 4842 δὲ
1204 4792 1506 4854 σπουδαίως
1564 4792 1806 4862 προσφέ-

257 4890 395 4943 ρεται
442 4876 579 4942 πρὸς
609 4877 705 4945 τὴν
757 4878 855 4945 τῆς
901 4880 1174 4948 ἁμαρτίας
1213 4881 1470 4942 διάθεσιν,
1517 4884 1674 4953 καὶὴ
1723 4883 1808 4935 δε-

254 4964 439 5015 καετία
466 4964 902 5035 κολοὸωθήσεται
929 4980 943 4995 ⁸
989 4968 1051 5020 τὸ
1102 4969 1208 5020 πᾶν
1249 4969 1304 5022 δὲ
1352 4973 1414 5040 τῇ
1466 4970 1560 5021 τοῦ
1593 4975 1803 5023 οἰκονο-

258 5048 474 5120 μοῦντος
515 5052 677 5104 αὑτὸν
721 5052 1008 5124 ἀνατίθησι
1062 5055 1263 5124 κρίσει.
1307 5057 1395 5110 Ἐν
1449 5056 1524 5126 τῷ
1570 5057 1710 5110 τέλει
1749 5057 1806 5110 δὲ

253 5138 339 5192 τοῦ
386 5140 572 5208 ὀγδόου
632 5141 855 5204 κανόνος
883 5143 992 5195 -καὶ
1022 5143 1121 5206 τὰς
1174 5144 1419 5208 διδούσας
1460 5146 1529 5198 τὰ
1579 5145 1809 5214 ἀμϐλω-

256 5229 423 5300 θρίδια
467 5231 734 5301 φάρμακα
781 5233 858 5303 τῷ
904 5232 995 5286 τοῦ
1044 5235 1206 5302 φόνου
1259 5236 1523 5306 ἐπιτιμίῳ
1575 5237 1799 5305 ὑπάγει.

271 5321 541 5375 Ἀκουσίου
563 5322 619 5375 δέ
648 5323 809 5389 φόνου
838 5324 1066 5377 ἐνταῦθα
1097 5327 1323 5396 χρόνους
1352 5327 1527 5396 ὁρίζει
1552 5327 1627 5398 τῷ
1663 5329 1806 5383 κατά

256 5410 351 5464 τῶν
396 5412 652 5466 τοιούτων
702 5414 977 5481 γυναικῶν
1010 5415 1287 5487 ἐπιτιμίῳ.
1325 5417 1416 5470 Ἐν
1451 5415 1555 5485 γὰρ
1602 5418 1679 5487 τῷ
1728 5417 1805 5481 νζ¹

259 5503 431 5555 κανόνι
470 5502 612 5557 οὕτω
656 5506 855 5575 φησίν·
886 5505 945 5560 '0
974 5507 1245 5571 ἀκουσίως
1274 5508 1543 5577 φονεύσας
1582 5511 1641 5563 ἐν
1672 5509 1804 5562 δέκα

259 5592 420 5646 ἐτεσιν
452 5593 809 5665 ἀκοινώνητος
848 5596 1002 5650 ἔσται
1050 5590 1159 5652 τῶν
1211 5600 1586 5670 ἁγιασμάτων.
1626 5601 1809 5672 Ἀκρι-

321 5751 338 5783 ³
368 5748 538 5809 Exod.
569 5770 681 5814 ut.
710 5753 800 5815 τε.
826 5754 916 5811 23.

1907 3229 2155 3282 humanae
2195 3228 2375 3299 ﬁgura:
2418 3228 2645 3299 elﬁgicm
2679 3238 2920 3294 servant,
2964 3232 3166 3296 (semen
3218 3230 3470 3282 nimirum

1908 3318 1958 3372 in
1986 3319 2265 3372 matricem
2315 3319 2581 3385 deiectum
2630 3320 2857 3388 primmn
2911 3320 2960 3371 in
2991 3334 3304 3389 sangumem
3350 3336 3471 3373 ver-

1910 3408 2039 3462 titur
2076 3426 2088 3460 :
2134 3408 2323 3462 deinde
2354 3408 2404 3460 in
2439 3424 2651 3461 carnem
2677 3409 2974 3462 concrescit
3004 3408 3286 3461 iulormem
3312 3425 3340 3461 τ
3362 3420 3469 3463 tum

1910 3497 1960 3551 in
2000 3500 2236 3552 membra
2295 3508 2349 3552 et
2390 3509 2573 3566 partes
2604 3499 2833 3552 hominis
2884 3500 3150 3567 eﬂlngitnr
3188 3513 3241 3554 et
3276 3499 3474 3555 forma-

1911 3590 2041 3657 tur),
2078 3590 2511 3658 haudquaquam,
2565 3592 2661 3655 ait,
2721 3590 3037 3643 iuformisue
3064 3591 3263 3659 eiectus
3312 3591 3477 3644 fuerit

1909 3681 2068 3745 fetus,
2105 3695 2171 3731 an
2198 3683 2459 3734 formatus
2487 3681 2838 3747 inquirimus.
2874 3681 2988 3737 Non
3020 3684 3159 3736 enim
3190 3683 3330 3736 illius
3358 3695 3475 3734 tan-

1910 3774 2189 3825 tummodo
2223 3771 2474 3826 interitus
2502 3772 2823 3827 vindicatur.
2860 3788 3042 3827 verum
3094 3774 3299 3829 insidize
3335 3792 3473 3844 pra:-

1909 3868 2053 3913 tcrea
2088 3860 2139 3912 in
2175 3876 2295 3913 eam
2332 3876 2449 3929 quae
2479 3862 2697 3928 gravida
2723 3875 2805 3917 est
2835 3873 3175 3932 comparatae.
3226 3864 3474 3919 Plerum-

1908 3965 2014 4019 que
2044 3953 2329 4019 siquidem,
2360 3955 2456 4017 ait,
2484 3954 2612 4019 ipsaz
2638 3969 2852 4022 quoque
2890 3955 3141 4009 mulieres
3168 3956 3323 4010 simul
3350 3972 3471 4011 cum

1910 4044 2020 4095 fetu
2048 4054 2295 4111 pereunt,
2331 4044 2382 4096 in
2418 4045 2536 4113 ejus
2582 4044 2848 4112 ejectione
2881 4048 3196 4101 morientes.
3241 4048 3475 4103 Proinde

1910 4145 2018 4187 tum
2054 4138 2120 4187 ob
2146 4129 2470 4206 praipara'tas
2496 4136 2598 4191 sibi
2636 4137 2881 4203 insidias,
2912 4148 3021 4191 tum
3047 4140 3113 4191 oh
3141 4136 3307 4192 fetum
3355 4154 3477 4207 per-

1909 4236 2166 4293 emptum,
2216 4228 2602 4281 homicidarum
2636 4230 2812 4295 pcenis
2861 4230 3167 4297 subjicitur.
3206 4232 3474 4286 (Steterunt

1910 4320 2098 4371 nonad
2134 4320 2254 4374 vita:
2283 4334 2453 4387 usque
2481 4323 2705 4383 exitum.
2736 4320 2829 4374 sed
2854 4325 3036 4375 decem
3070 4332 3273 4375 tantum
3306 4336 3479 4376 anno-

1917 4424 2033 4462 rum
2066 4411 2241 4476 spatio
2275 4423 2434 4477 paena
2466 4412 2853 4475 exercebitur;
2882 4427 2990 4465 non
3017 4421 3256 4479 tempore
3296 4425 3475 4467 autem

1916 4510 2127 4569 oportet
2150 4500 2401 4564 deﬁnire,
2438 4503 2530 4555 sed
2560 4502 2719 4557 modo
2748 4518 2762 4555 :
2794 4501 2863 4554 ita
2888 4510 2946 4554 ut
2976 4502 3238 4569 séqnidem
3270 4516 3329 4554 ea
3361 4516 3479 4568 qua:

1915 4595 2157 4660 peccavit
2203 4592 2574 4659 paenitentiam
2623 4602 2983 4660 aspernatur,
3035 4607 3138 4646 non
3199 4593 3479 4661 expleatur

1914 4682 2088 4736 solum
2136 4682 2378 4736 decennii
2426 4692 2655 4749 tempus,
2718 4684 2811 4734 sed
2860 4690 3179 4750 prorogetur
3227 4699 3241 4735 :
3288 4698 3476 4737 vernn

1915 4776 1959 4827 si
2005 4774 2246 4828 studiose
2290 4774 2342 4827 in
2398 4767 2716 4843 penitentia
2768 4774 2871 4827 rite
2920 4772 3168 4826 obeunda
3210 4774 3475 4833 elaborat.

1916 4864 2120 4931 aliquid
2176 4879 2241 4918 ex
2307 4867 2422 4933 ipso
2480 4880 2694 4934 quoque
2753 4864 3015 4919 decennio
3064 4869 3475 4935 amputahitur:

1918 4955 2078 5024 idque
2107 4966 2277 5009 totum
2324 4954 2469 5009 illius
2521 4957 2874 5011 moderatOris
2920 4958 3147 5012 arbitrio
3197 4960 3475 5026 permittit.

1913 5045 1970 5099 In
2007 5058 2250 5101 extremo
2283 5061 2443 5115 porro
2473 5047 2646 5099 octavi
2684 5048 2925 5112 canonis,
2973 5061 3065 5101 eas
3098 5056 3330 5117 quoque,
3362 5065 3481 5116 qua:

1912 5141 2202 5208 pltarmaca
2226 5140 2290 5193 ad
2322 5140 2563 5192 abortum
2592 5139 2856 5208 prabent,
2880 5138 3268 5193 homicidarum
3306 5144 3481 5210 poenis

1911 5234 2151 5287 damnat.
2188 5230 2566 5285 lnvolnntaria:
2586 5240 2762 5284 autem
2791 5231 2950 5285 caedis
2975 5230 3075 5285 hoc
3101 5230 3217 5286 loco
3240 5245 3479 5302 tempora

1915 5323 2179 5387 decernit,
2212 5323 2338 5377 dum
2370 5323 2508 5377 hanc
2536 5322 2753 5377 multam
2784 5322 3039 5377 adversus
3069 5323 3326 5391 ejusmodi
3361 5340 3481 5379 mu-

1910 5415 2071 5470 lieres
2101 5415 2308 5470 statuit.
2343 5412 2465 5469 lkec
2491 5414 2635 5468 enim
2682 5413 2847 5470 habet
2895 5417 3345 5484 quinquagesimo
3386 5433 3478 5471 sc-

1919 5508 2089 5578 ptimo
2137 5521 2340 5563 canone
2371 5523 2385 5560 :
2412 5505 2516 5572 Qui
2559 5505 2918 5562 involutntarie
2970 5506 3262 5575 interfecit,
3290 5509 3477 5563 decem

1917 5599 2075 5655 annis
2124 5613 2152 5653 ο
2203 5612 2484 5655 sacrorum
2519 5600 2894 5670 mysteriorum
2934 5601 3285 5672 perceptione
3310 5600 3480 5657 absti-
