  <div class='ocr_page' id='page_1' title='image "/cluster/home/n/w/nwhite01/storage/ocr_20150623/138/pst.000005714544/335.png"; bbox 0 0 3998 6326; ppageno 0'>
   <div class='ocr_carea' id='block_1_1' title="bbox 578 364 676 428">
    <p class='ocr_par' dir='ltr' id='par_1_1' title="bbox 578 364 676 428">
     <span class='ocr_line' id='line_1_1' title="bbox 578 364 676 428; baseline 0.02 -2"><span class='ocrx_word' id='word_1_1' title='bbox 578 364 676 428; x_wconf 79' lang='lat'><strong>591</strong></span> 
     </span>
    </p>
   </div>
   <div class='ocr_carea' id='block_1_2' title="bbox 1832 361 2535 424">
    <p class='ocr_par' dir='ltr' id='par_1_2' title="bbox 1832 361 2535 424">
     <span class='ocr_line' id='line_1_2' title="bbox 1832 361 2535 424; baseline 0.003 -2"><span class='ocrx_word' id='word_1_2' title='bbox 1832 364 2107 422; x_wconf 76' lang='lat' dir='ltr'><strong>THEOD.</strong></span> <span class='ocrx_word' id='word_1_3' title='bbox 2139 361 2228 419; x_wconf 83' lang='grc' dir='ltr'><strong>ΒΑ</strong></span> <span class='ocrx_word' id='word_1_4' title='bbox 2239 362 2368 422; x_wconf 84' lang='lat' dir='ltr'><strong>LSA</strong></span> <span class='ocrx_word' id='word_1_5' title='bbox 2380 365 2535 424; x_wconf 74' lang='grc' dir='ltr'><strong>ΜοΝ</strong></span> 
     </span>
    </p>
   </div>
   <div class='ocr_carea' id='block_1_3' title="bbox 3692 366 3804 425">
    <p class='ocr_par' dir='ltr' id='par_1_3' title="bbox 3692 366 3804 425">
     <span class='ocr_line' id='line_1_3' title="bbox 3692 366 3804 425; baseline 0 -1"><span class='ocrx_word' id='word_1_6' title='bbox 3692 366 3804 425; x_wconf 80' lang='lat'><strong>592</strong></span> 
     </span>
    </p>
   </div>
   <div class='ocr_carea' id='block_1_4' title="bbox 574 478 2132 552">
    <p class='ocr_par' dir='ltr' id='par_1_4' title="bbox 574 479 2124 551">
     <span class='ocr_line' id='line_1_4' title="bbox 574 479 2124 551; baseline -0.001 -18"><span class='ocrx_word' id='word_1_7' title='bbox 574 481 741 534; x_wconf 85' lang='lat' dir='ltr'><strong>uehit.</strong></span> <span class='ocrx_word' id='word_1_8' title='bbox 773 480 882 535; x_wconf 87' lang='lat' dir='ltr'><strong>Nos</strong></span> <span class='ocrx_word' id='word_1_9' title='bbox 911 492 1108 546; x_wconf 85' lang='lat' dir='ltr'><strong>autem,</strong></span> <span class='ocrx_word' id='word_1_10' title='bbox 1148 481 1322 551; x_wconf 91' lang='lat' dir='ltr'><strong>inquit</strong></span> <span class='ocrx_word' id='word_1_11' title='bbox 1372 491 1608 544; x_wconf 87' lang='lat' dir='ltr'><strong>sanctus,</strong></span> <span class='ocrx_word' id='word_1_12' title='bbox 1645 480 1687 534; x_wconf 91' lang='lat' dir='ltr'><strong>si</strong></span> <span class='ocrx_word' id='word_1_13' title='bbox 1713 481 2024 534; x_wconf 75' lang='lat' dir='ltr'><strong>affui-matus</strong></span> <span class='ocrx_word' id='word_1_14' title='bbox 2050 479 2124 532; x_wconf 89' lang='lat' dir='ltr'><strong>fe-</strong></span> 
     </span>
    </p>
   </div>
   <div class='ocr_carea' id='block_1_5' title="bbox 2240 478 3806 552">
    <p class='ocr_par' dir='ltr' id='par_1_5' title="bbox 2240 478 3806 552">
     <span class='ocr_line' id='line_1_5' title="bbox 2240 478 3806 552; baseline 0.001 -22"><span class='ocrx_word' id='word_1_15' title='bbox 2240 478 2454 546; x_wconf 78' lang='grc' dir='ltr'>ϐολογία</span> <span class='ocrx_word' id='word_1_16' title='bbox 2509 482 2565 533; x_wconf 79' lang='grc' dir='ltr'>δὲ</span> <span class='ocrx_word' id='word_1_17' title='bbox 2633 482 3134 552; x_wconf 70' lang='grc' dir='ltr'>ἐκμεμορφωμένου</span> <span class='ocrx_word' id='word_1_18' title='bbox 3192 485 3284 535; x_wconf 71' lang='grc' dir='ltr'><strong>καὶ</strong></span> <span class='ocrx_word' id='word_1_19' title='bbox 3363 480 3806 546; x_wconf 80' lang='grc' dir='ltr'>ἀ.εξεικονίστου</span> 
     </span>
    </p>
   </div>
   <div class='ocr_carea' id='block_1_6' title="bbox 573 570 2135 634">
    <p class='ocr_par' dir='ltr' id='par_1_6' title="bbox 573 570 2135 634">
     <span class='ocr_line' id='line_1_6' title="bbox 573 570 2135 634; baseline 0 -11"><span class='ocrx_word' id='word_1_20' title='bbox 573 582 680 634; x_wconf 88' lang='lat' dir='ltr'><strong>tus,</strong></span> <span class='ocrx_word' id='word_1_21' title='bbox 715 587 781 624; x_wconf 88' lang='lat' dir='ltr'><strong>an</strong></span> <span class='ocrx_word' id='word_1_22' title='bbox 812 572 1084 634; x_wconf 80' lang='lat' dir='ltr'><strong>informis,</strong></span> <span class='ocrx_word' id='word_1_23' title='bbox 1123 589 1228 629; x_wconf 68' lang='lat' dir='ltr'><strong>non</strong></span> <span class='ocrx_word' id='word_1_24' title='bbox 1265 573 1478 628; x_wconf 88' lang='lat' dir='ltr'><strong>curiose</strong></span> <span class='ocrx_word' id='word_1_25' title='bbox 1502 582 1826 626; x_wconf 78' lang='lat' dir='ltr'><strong>scrutamur.</strong></span> <span class='ocrx_word' id='word_1_26' title='bbox 1867 570 1999 624; x_wconf 82' lang='lat' dir='ltr'><strong>Sunt</strong></span> <span class='ocrx_word' id='word_1_27' title='bbox 2025 573 2135 623; x_wconf 67' lang='lat' dir='ltr'><strong>haec</strong></span> 
     </span>
    </p>
   </div>
   <div class='ocr_carea' id='block_1_7' title="bbox 571 660 2140 732">
    <p class='ocr_par' dir='ltr' id='par_1_7' title="bbox 571 660 2140 732">
     <span class='ocr_line' id='line_1_7' title="bbox 571 660 2140 732; baseline -0.002 -17"><span class='ocrx_word' id='word_1_28' title='bbox 571 663 829 729; x_wconf 89' lang='lat' dir='ltr'><strong>siquidem</strong></span> <span class='ocrx_word' id='word_1_29' title='bbox 863 664 914 716; x_wconf 88' lang='lat' dir='ltr'><strong>in</strong></span> <span class='ocrx_word' id='word_1_30' title='bbox 949 664 1084 718; x_wconf 88' lang='lat' dir='ltr'><strong>libro</strong></span> <span class='ocrx_word' id='word_1_31' title='bbox 1115 665 1281 719; x_wconf 76' lang='lat' dir='ltr'><strong>Exodi</strong></span> <span class='ocrx_word' id='word_1_32' title='bbox 1311 666 1623 732; x_wconf 77' lang='lat' dir='ltr'><strong>consignata</strong></span> <span class='ocrx_word' id='word_1_33' title='bbox 1651 681 1666 719; x_wconf 85' lang='lat'><strong>:</strong></span> <span class='ocrx_word' id='word_1_34' title='bbox 1698 662 1756 716; x_wconf 87' lang='lat' dir='ltr'><strong>Si</strong></span> <span class='ocrx_word' id='word_1_35' title='bbox 1785 664 1889 714; x_wconf 80' lang='lat' dir='ltr'><strong>duo</strong></span> <span class='ocrx_word' id='word_1_36' title='bbox 1923 660 2019 715; x_wconf 74' lang='lat' dir='ltr'><strong><em>viri</em></strong></span> <span class='ocrx_word' id='word_1_37' title='bbox 2039 675 2140 728; x_wconf 84' lang='lat' dir='ltr'><strong>pu-</strong></span> 
     </span>
    </p>
   </div>
   <div class='ocr_carea' id='block_1_8' title="bbox 569 757 2135 824">
    <p class='ocr_par' dir='ltr' id='par_1_8' title="bbox 569 757 2135 824">
     <span class='ocr_line' id='line_1_8' title="bbox 569 757 2135 824; baseline -0.001 -18"><span class='ocrx_word' id='word_1_38' title='bbox 569 764 745 820; x_wconf 83' lang='lat' dir='ltr'><strong>gnent,</strong></span> <span class='ocrx_word' id='word_1_39' title='bbox 767 771 824 807; x_wconf 88' lang='lat' dir='ltr'><strong>ac</strong></span> <span class='ocrx_word' id='word_1_40' title='bbox 837 771 1082 824; x_wconf 72' lang='lat' dir='ltr'><strong>prwgnan</strong></span> <span class='ocrx_word' id='word_1_41' title='bbox 1093 767 1189 811; x_wconf 87' lang='lat' dir='ltr'><strong>tem</strong></span> <span class='ocrx_word' id='word_1_42' title='bbox 1212 759 1478 810; x_wconf 82' lang='lat' dir='ltr'><strong>mulierem</strong></span> <span class='ocrx_word' id='word_1_43' title='bbox 1496 757 1808 824; x_wconf 84' lang='lat' dir='ltr'><strong>percutiant,</strong></span> <span class='ocrx_word' id='word_1_44' title='bbox 1831 763 1877 805; x_wconf 80' lang='lat' dir='ltr'><strong><em>et</em></strong></span> <span class='ocrx_word' id='word_1_45' title='bbox 1900 767 2135 822; x_wconf 73' lang='lat' dir='ltr'><strong>egressus</strong></span> 
     </span>
    </p>
   </div>
   <div class='ocr_carea' id='block_1_9' title="bbox 569 845 2132 918">
    <p class='ocr_par' dir='ltr' id='par_1_9' title="bbox 569 845 2132 918">
     <span class='ocr_line' id='line_1_9' title="bbox 569 845 2132 918; baseline -0.001 -22"><span class='ocrx_word' id='word_1_46' title='bbox 569 845 727 913; x_wconf 77' lang='lat' dir='ltr'><strong>fuerit</strong></span> <span class='ocrx_word' id='word_1_47' title='bbox 763 847 942 915; x_wconf 77' lang='lat' dir='ltr'><strong>infans</strong></span> <span class='ocrx_word' id='word_1_48' title='bbox 995 864 1095 901; x_wconf 80' lang='lat' dir='ltr'><strong>non</strong></span> <span class='ocrx_word' id='word_1_49' title='bbox 1142 850 1424 918; x_wconf 76' lang='lat' dir='ltr'><strong>formatus,</strong></span> <span class='ocrx_word' id='word_1_50' title='bbox 1463 864 1526 901; x_wconf 82' lang='lat' dir='ltr'><strong>ea</strong></span> <span class='ocrx_word' id='word_1_51' title='bbox 1565 865 1713 915; x_wconf 77' lang='lat' dir='ltr'><strong>pwna</strong></span> <span class='ocrx_word' id='word_1_52' title='bbox 1749 846 2132 909; x_wconf 80' lang='lat' dir='ltr'><strong>multabuntur,</strong></span> 
     </span>
    </p>
   </div>
   <div class='ocr_carea' id='block_1_10' title="bbox 568 936 2133 1007">
    <p class='ocr_par' dir='ltr' id='par_1_10' title="bbox 568 936 2133 1007">
     <span class='ocr_line' id='line_1_10' title="bbox 568 936 2133 1007; baseline -0.002 -19"><span class='ocrx_word' id='word_1_53' title='bbox 568 955 725 1006; x_wconf 83' lang='lat' dir='ltr'><strong>quant</strong></span> <span class='ocrx_word' id='word_1_54' title='bbox 772 941 1004 993; x_wconf 81' lang='lat' dir='ltr'><strong>tnuiieris</strong></span> <span class='ocrx_word' id='word_1_55' title='bbox 1046 941 1269 992; x_wconf 81' lang='lat' dir='ltr'><strong>maritus</strong></span> <span class='ocrx_word' id='word_1_56' title='bbox 1307 942 1637 1007; x_wconf 80' lang='lat' dir='ltr'><strong>imposuerit.</strong></span> <span class='ocrx_word' id='word_1_57' title='bbox 1679 939 1774 992; x_wconf 85' lang='lat' dir='ltr'><strong>Sin</strong></span> <span class='ocrx_word' id='word_1_58' title='bbox 1821 947 1995 990; x_wconf 83' lang='lat' dir='ltr'><strong>autem</strong></span> <span class='ocrx_word' id='word_1_59' title='bbox 2023 936 2133 1003; x_wconf 73' lang='lat' dir='ltr'><strong>[or-</strong></span> 
     </span>
    </p>
   </div>
   <div class='ocr_carea' id='block_1_11' title="bbox 569 1021 2135 1092">
    <p class='ocr_par' dir='ltr' id='par_1_11' title="bbox 569 1021 2135 1092">
     <span class='ocr_line' id='line_1_11' title="bbox 569 1021 2135 1092; baseline -0.001 -18"><span class='ocrx_word' id='word_1_60' title='bbox 569 1033 742 1077; x_wconf 82' lang='lat' dir='ltr'><strong>ntatus</strong></span> <span class='ocrx_word' id='word_1_61' title='bbox 790 1025 974 1092; x_wconf 78' lang='lat' dir='ltr'><strong>fuerit,</strong></span> <span class='ocrx_word' id='word_1_62' title='bbox 1011 1025 1157 1078; x_wconf 84' lang='lat' dir='ltr'><strong><em>dabit</em></strong></span> <span class='ocrx_word' id='word_1_63' title='bbox 1189 1026 1427 1078; x_wconf 80' lang='lat' dir='ltr'><strong><em>animant</em></strong></span> <span class='ocrx_word' id='word_1_64' title='bbox 1466 1041 1558 1088; x_wconf 88' lang='lat' dir='ltr'><strong>pro</strong></span> <span class='ocrx_word' id='word_1_65' title='bbox 1610 1026 1814 1077; x_wconf 85' lang='lat' dir='ltr'><strong>anima.</strong></span> <span class='ocrx_word' id='word_1_66' title='bbox 1870 1021 2135 1087; x_wconf 80' lang='lat' dir='ltr'><strong>Quoniam</strong></span> 
     </span>
    </p>
   </div>
   <div class='ocr_carea' id='block_1_12' title="bbox 571 1113 2138 1186">
    <p class='ocr_par' dir='ltr' id='par_1_12' title="bbox 571 1113 2138 1186">
     <span class='ocr_line' id='line_1_12' title="bbox 571 1113 2138 1186; baseline -0.003 -17"><span class='ocrx_word' id='word_1_67' title='bbox 571 1117 735 1186; x_wconf 80' lang='lat' dir='ltr'><strong><em>igitur</em></strong></span> <span class='ocrx_word' id='word_1_68' title='bbox 770 1119 990 1182; x_wconf 83' lang='lat' dir='ltr'><strong>antiqua</strong></span> <span class='ocrx_word' id='word_1_69' title='bbox 1015 1118 1122 1181; x_wconf 84' lang='lat' dir='ltr'><strong>lex,</strong></span> <span class='ocrx_word' id='word_1_70' title='bbox 1151 1132 1270 1170; x_wconf 90' lang='lat' dir='ltr'><strong>cum</strong></span> <span class='ocrx_word' id='word_1_71' title='bbox 1304 1118 1442 1172; x_wconf 89' lang='lat' dir='ltr'><strong>fetus</strong></span> <span class='ocrx_word' id='word_1_72' title='bbox 1465 1117 1681 1185; x_wconf 83' lang='lat' dir='ltr'><strong>quidem</strong></span> <span class='ocrx_word' id='word_1_73' title='bbox 1709 1116 1941 1168; x_wconf 82' lang='lat' dir='ltr'><strong>nomium</strong></span> <span class='ocrx_word' id='word_1_74' title='bbox 1973 1113 2138 1166; x_wconf 82' lang='lat' dir='ltr'><strong>effor-</strong></span> 
     </span>
    </p>
   </div>
   <div class='ocr_carea' id='block_1_13' title="bbox 570 1205 2138 1276">
    <p class='ocr_par' dir='ltr' id='par_1_13' title="bbox 570 1205 2138 1276">
     <span class='ocr_line' id='line_1_13' title="bbox 570 1205 2138 1276; baseline 0.001 -18"><span class='ocrx_word' id='word_1_75' title='bbox 570 1218 745 1260; x_wconf 86' lang='lat' dir='ltr'><strong>matus</strong></span> <span class='ocrx_word' id='word_1_76' title='bbox 789 1218 926 1269; x_wconf 62' lang='lat' dir='ltr'><strong>erat,</strong></span> <span class='ocrx_word' id='word_1_77' title='bbox 952 1207 1198 1276; x_wconf 88' lang='lat' dir='ltr'><strong>abortus,</strong></span> <span class='ocrx_word' id='word_1_78' title='bbox 1229 1208 1600 1275; x_wconf 78' lang='lat' dir='ltr'><strong>pecuniariam</strong></span> <span class='ocrx_word' id='word_1_79' title='bbox 1635 1205 1858 1258; x_wconf 85' lang='lat' dir='ltr'><strong>multam</strong></span> <span class='ocrx_word' id='word_1_80' title='bbox 1894 1205 2138 1272; x_wconf 86' lang='lat' dir='ltr'><strong>impone-</strong></span> 
     </span>
    </p>
   </div>
   <div class='ocr_carea' id='block_1_14' title="bbox 570 1296 2133 1364">
    <p class='ocr_par' dir='ltr' id='par_1_14' title="bbox 570 1296 2133 1364">
     <span class='ocr_line' id='line_1_14' title="bbox 570 1296 2133 1364; baseline -0.001 -14"><span class='ocrx_word' id='word_1_81' title='bbox 570 1299 684 1361; x_wconf 87' lang='lat' dir='ltr'><strong>bat,</strong></span> <span class='ocrx_word' id='word_1_82' title='bbox 717 1314 838 1350; x_wconf 89' lang='lat' dir='ltr'><strong>cum</strong></span> <span class='ocrx_word' id='word_1_83' title='bbox 871 1313 1000 1353; x_wconf 79' lang='lat' dir='ltr'><strong>vero</strong></span> <span class='ocrx_word' id='word_1_84' title='bbox 1052 1309 1167 1352; x_wconf 87' lang='lat' dir='ltr'><strong>erat</strong></span> <span class='ocrx_word' id='word_1_85' title='bbox 1192 1302 1493 1359; x_wconf 60' lang='lat' dir='ltr'><strong>formatus,</strong></span> <span class='ocrx_word' id='word_1_86' title='bbox 1521 1300 1629 1352; x_wconf 84' lang='lat' dir='ltr'><strong>vita</strong></span> <span class='ocrx_word' id='word_1_87' title='bbox 1682 1298 1962 1364; x_wconf 79' lang='lat' dir='ltr'><strong>puniebat,</strong></span> <span class='ocrx_word' id='word_1_88' title='bbox 1998 1296 2133 1350; x_wconf 86' lang='lat' dir='ltr'><strong>mori</strong></span> 
     </span>
    </p>
   </div>
   <div class='ocr_carea' id='block_1_15' title="bbox 562 1384 2134 1457">
    <p class='ocr_par' dir='ltr' id='par_1_15' title="bbox 562 1384 2134 1457">
     <span class='ocr_line' id='line_1_15' title="bbox 562 1384 2134 1457; baseline -0.001 -17"><span class='ocrx_word' id='word_1_89' title='bbox 562 1386 759 1450; x_wconf 88' lang='lat' dir='ltr'><strong>jubens</strong></span> <span class='ocrx_word' id='word_1_90' title='bbox 800 1403 919 1441; x_wconf 89' lang='lat' dir='ltr'><strong>eum</strong></span> <span class='ocrx_word' id='word_1_91' title='bbox 952 1390 1045 1457; x_wconf 88' lang='lat' dir='ltr'><strong>qui</strong></span> <span class='ocrx_word' id='word_1_92' title='bbox 1093 1388 1372 1443; x_wconf 83' lang='lat' dir='ltr'><strong>mulierem</strong></span> <span class='ocrx_word' id='word_1_93' title='bbox 1401 1389 1760 1452; x_wconf 81' lang='lat' dir='ltr'><strong>verberasset,</strong></span> <span class='ocrx_word' id='word_1_94' title='bbox 1805 1386 1943 1440; x_wconf 84' lang='lat' dir='ltr'><strong>facta</strong></span> <span class='ocrx_word' id='word_1_95' title='bbox 1977 1384 2134 1450; x_wconf 83' lang='lat' dir='ltr'><strong>hujus</strong></span> 
     </span>
    </p>
   </div>
   <div class='ocr_carea' id='block_1_16' title="bbox 570 1478 2134 1549">
    <p class='ocr_par' dir='ltr' id='par_1_16' title="bbox 570 1478 2134 1549">
     <span class='ocr_line' id='line_1_16' title="bbox 570 1478 2134 1549; baseline -0.003 -17"><span class='ocrx_word' id='word_1_96' title='bbox 570 1480 702 1548; x_wconf 89' lang='lat' dir='ltr'><strong>legis</strong></span> <span class='ocrx_word' id='word_1_97' title='bbox 733 1482 1024 1545; x_wconf 60' lang='lat' dir='ltr'><strong>mentione,</strong></span> <span class='ocrx_word' id='word_1_98' title='bbox 1055 1481 1182 1544; x_wconf 74' lang='lat' dir='ltr'><strong>Nos,</strong></span> <span class='ocrx_word' id='word_1_99' title='bbox 1229 1480 1402 1549; x_wconf 81' lang='lat' dir='ltr'><strong>inquit</strong></span> <span class='ocrx_word' id='word_1_100' title='bbox 1433 1487 1674 1544; x_wconf 84' lang='lat' dir='ltr'><strong>sanctus,</strong></span> <span class='ocrx_word' id='word_1_101' title='bbox 1709 1479 1913 1532; x_wconf 78' lang='lat' dir='ltr'><strong>nullum</strong></span> <span class='ocrx_word' id='word_1_102' title='bbox 1943 1478 2134 1530; x_wconf 56' lang='lat' dir='ltr'><strong>discri&#39;</strong></span> 
     </span>
    </p>
   </div>
   <div class='ocr_carea' id='block_1_17' title="bbox 570 1571 2130 1640">
    <p class='ocr_par' dir='ltr' id='par_1_17' title="bbox 570 1571 2130 1640">
     <span class='ocr_line' id='line_1_17' title="bbox 570 1571 2130 1640; baseline -0.002 -16"><span class='ocrx_word' id='word_1_103' title='bbox 570 1588 691 1628; x_wconf 88' lang='lat' dir='ltr'><strong>men</strong></span> <span class='ocrx_word' id='word_1_104' title='bbox 745 1573 1056 1632; x_wconf 76' lang='lat' dir='ltr'><strong>statuimus.</strong></span> <span class='ocrx_word' id='word_1_105' title='bbox 1091 1574 1207 1626; x_wconf 81' lang='lat' dir='ltr'><strong>sive</strong></span> <span class='ocrx_word' id='word_1_106' title='bbox 1257 1573 1488 1626; x_wconf 73' lang='lat' dir='ltr'><strong>formata</strong></span> <span class='ocrx_word' id='word_1_107' title='bbox 1531 1572 1638 1626; x_wconf 88' lang='lat' dir='ltr'><strong>sint</strong></span> <span class='ocrx_word' id='word_1_108' title='bbox 1677 1587 1794 1640; x_wconf 80' lang='lat' dir='ltr'><strong>qua-</strong></span> <span class='ocrx_word' id='word_1_109' title='bbox 1818 1571 2130 1639; x_wconf 86' lang='lat' dir='ltr'><strong>ejiciuntur,</strong></span> 
     </span>
    </p>
   </div>
   <div class='ocr_carea' id='block_1_18' title="bbox 568 1661 2135 1734">
    <p class='ocr_par' dir='ltr' id='par_1_18' title="bbox 568 1661 2135 1734">
     <span class='ocr_line' id='line_1_18' title="bbox 568 1661 2135 1734; baseline -0.003 -16"><span class='ocrx_word' id='word_1_110' title='bbox 568 1667 681 1719; x_wconf 84' lang='lat' dir='ltr'><strong>sive</strong></span> <span class='ocrx_word' id='word_1_111' title='bbox 731 1665 981 1718; x_wconf 79' lang='lat' dir='ltr'><strong>informia</strong></span> <span class='ocrx_word' id='word_1_112' title='bbox 1013 1687 1025 1732; x_wconf 87' lang='lat'><strong>;</strong></span> <span class='ocrx_word' id='word_1_113' title='bbox 1059 1681 1155 1720; x_wconf 89' lang='lat' dir='ltr'><strong>nec</strong></span> <span class='ocrx_word' id='word_1_114' title='bbox 1187 1667 1330 1719; x_wconf 89' lang='lat' dir='ltr'><strong>enim</strong></span> <span class='ocrx_word' id='word_1_115' title='bbox 1384 1664 1751 1734; x_wconf 78' lang='lat' dir='ltr'><strong>pecuniariam</strong></span> <span class='ocrx_word' id='word_1_116' title='bbox 1786 1663 2004 1718; x_wconf 70' lang='lat' dir='ltr'><strong>multum</strong></span> <span class='ocrx_word' id='word_1_117' title='bbox 2039 1661 2135 1714; x_wconf 87' lang='lat' dir='ltr'><strong>de-</strong></span> 
     </span>
    </p>
   </div>
   <div class='ocr_carea' id='block_1_19' title="bbox 568 1752 2127 1823">
    <p class='ocr_par' dir='ltr' id='par_1_19' title="bbox 568 1752 2127 1823">
     <span class='ocr_line' id='line_1_19' title="bbox 568 1752 2127 1823; baseline -0.004 -16"><span class='ocrx_word' id='word_1_118' title='bbox 568 1756 859 1819; x_wconf 82' lang='lat' dir='ltr'><strong>cernimus,</strong></span> <span class='ocrx_word' id='word_1_119' title='bbox 895 1757 986 1808; x_wconf 89' lang='lat' dir='ltr'><strong>sed</strong></span> <span class='ocrx_word' id='word_1_120' title='bbox 1017 1757 1177 1808; x_wconf 72' lang='lat' dir='ltr'><strong>caedis</strong></span> <span class='ocrx_word' id='word_1_121' title='bbox 1201 1770 1341 1819; x_wconf 84' lang='lat' dir='ltr'><strong>eam,</strong></span> <span class='ocrx_word' id='word_1_122' title='bbox 1365 1770 1484 1821; x_wconf 83' lang='lat' dir='ltr'><strong>quae</strong></span> <span class='ocrx_word' id='word_1_123' title='bbox 1519 1755 1568 1807; x_wconf 92' lang='lat' dir='ltr'><strong>id</strong></span> <span class='ocrx_word' id='word_1_124' title='bbox 1591 1754 1844 1823; x_wconf 85' lang='lat' dir='ltr'><strong>patravit,</strong></span> <span class='ocrx_word' id='word_1_125' title='bbox 1872 1752 2127 1806; x_wconf 85' lang='lat' dir='ltr'><strong>condem-</strong></span> 
     </span>
    </p>
   </div>
   <div class='ocr_carea' id='block_1_20' title="bbox 568 1845 2126 1914">
    <p class='ocr_par' dir='ltr' id='par_1_20' title="bbox 568 1845 2126 1914">
     <span class='ocr_line' id='line_1_20' title="bbox 568 1845 2126 1914; baseline -0.001 -17"><span class='ocrx_word' id='word_1_126' title='bbox 568 1861 778 1908; x_wconf 89' lang='lat' dir='ltr'><strong>namus,</strong></span> <span class='ocrx_word' id='word_1_127' title='bbox 810 1855 918 1898; x_wconf 89' lang='lat' dir='ltr'><strong>tum</strong></span> <span class='ocrx_word' id='word_1_128' title='bbox 952 1851 1019 1898; x_wconf 88' lang='lat' dir='ltr'><strong>ob</strong></span> <span class='ocrx_word' id='word_1_129' title='bbox 1058 1846 1219 1899; x_wconf 90' lang='lat' dir='ltr'><strong>fetum</strong></span> <span class='ocrx_word' id='word_1_130' title='bbox 1245 1856 1574 1914; x_wconf 88' lang='lat' dir='ltr'><strong>corruptum,</strong></span> <span class='ocrx_word' id='word_1_131' title='bbox 1602 1856 1712 1899; x_wconf 89' lang='lat' dir='ltr'><strong>tum</strong></span> <span class='ocrx_word' id='word_1_132' title='bbox 1747 1848 1816 1900; x_wconf 88' lang='lat' dir='ltr'><strong>ob</strong></span> <span class='ocrx_word' id='word_1_133' title='bbox 1848 1845 2126 1899; x_wconf 84' lang='lat' dir='ltr'><strong>mulierem</strong></span> 
     </span>
    </p>
   </div>
   <div class='ocr_carea' id='block_1_21' title="bbox 568 1938 2127 2007">
    <p class='ocr_par' dir='ltr' id='par_1_21' title="bbox 568 1938 2127 2007">
     <span class='ocr_line' id='line_1_21' title="bbox 568 1938 2127 2007; baseline 0.003 -18"><span class='ocrx_word' id='word_1_134' title='bbox 568 1957 594 1989; x_wconf 84' lang='lat' dir='ltr'><strong>a</strong></span> <span class='ocrx_word' id='word_1_135' title='bbox 623 1953 726 2005; x_wconf 90' lang='lat' dir='ltr'><strong>qua</strong></span> <span class='ocrx_word' id='word_1_136' title='bbox 761 1942 804 1991; x_wconf 92' lang='lat' dir='ltr'><strong>is</strong></span> <span class='ocrx_word' id='word_1_137' title='bbox 835 1938 1063 2006; x_wconf 87' lang='lat' dir='ltr'><strong>ejectus,</strong></span> <span class='ocrx_word' id='word_1_138' title='bbox 1108 1938 1371 2006; x_wconf 78' lang='lat' dir='ltr'><strong>siquidem</strong></span> <span class='ocrx_word' id='word_1_139' title='bbox 1416 1954 1536 1994; x_wconf 88' lang='lat' dir='ltr'><strong>cum</strong></span> <span class='ocrx_word' id='word_1_140' title='bbox 1573 1938 1681 1993; x_wconf 88' lang='lat' dir='ltr'><strong>fetu</strong></span> <span class='ocrx_word' id='word_1_141' title='bbox 1710 1939 1877 2007; x_wconf 89' lang='lat' dir='ltr'><strong>ipsam</strong></span> <span class='ocrx_word' id='word_1_142' title='bbox 1913 1953 2127 2007; x_wconf 86' lang='lat' dir='ltr'><strong>quoque</strong></span> 
     </span>
    </p>
   </div>
   <div class='ocr_carea' id='block_1_22' title="bbox 570 2029 1266 2098">
    <p class='ocr_par' dir='ltr' id='par_1_22' title="bbox 570 2029 1266 2098">
     <span class='ocr_line' id='line_1_22' title="bbox 570 2029 1266 2098; baseline 0.001 -16"><span class='ocrx_word' id='word_1_143' title='bbox 570 2029 790 2082; x_wconf 85' lang='lat' dir='ltr'><strong>interire</strong></span> <span class='ocrx_word' id='word_1_144' title='bbox 823 2045 962 2098; x_wconf 62' lang='lat' dir='ltr'><strong>saepe</strong></span> <span class='ocrx_word' id='word_1_145' title='bbox 987 2030 1266 2098; x_wconf 83' lang='lat' dir='ltr'><strong>contingit.</strong></span> 
     </span>
    </p>
   </div>
   <div class='ocr_carea' id='block_1_23' title="bbox 639 2206 2127 2277">
    <p class='ocr_par' dir='ltr' id='par_1_23' title="bbox 639 2206 2127 2277">
     <span class='ocr_line' id='line_1_23' title="bbox 639 2206 2127 2277; baseline 0.001 -17"><span class='ocrx_word' id='word_1_146' title='bbox 639 2206 861 2261; x_wconf 79' lang='lat' dir='ltr'><strong>ARIST.</strong></span> <span class='ocrx_word' id='word_1_147' title='bbox 903 2206 1030 2271; x_wconf 67' lang='lat' dir='ltr'><strong>Quae</strong></span> <span class='ocrx_word' id='word_1_148' title='bbox 1064 2208 1127 2260; x_wconf 90' lang='lat' dir='ltr'><strong>de</strong></span> <span class='ocrx_word' id='word_1_149' title='bbox 1154 2207 1420 2261; x_wconf 86' lang='lat' dir='ltr'><strong>industria</strong></span> <span class='ocrx_word' id='word_1_150' title='bbox 1459 2207 1625 2262; x_wconf 82' lang='lat' dir='ltr'><strong>fetum</strong></span> <span class='ocrx_word' id='word_1_151' title='bbox 1657 2207 1918 2277; x_wconf 86' lang='lat' dir='ltr'><strong>corrupit,</strong></span> <span class='ocrx_word' id='word_1_152' title='bbox 1949 2222 2127 2277; x_wconf 86' lang='lat' dir='ltr'><strong>quan-</strong></span> 
     </span>
    </p>
   </div>
   <div class='ocr_carea' id='block_1_24' title="bbox 571 2300 1806 2368">
    <p class='ocr_par' dir='ltr' id='par_1_24' title="bbox 571 2300 1806 2368">
     <span class='ocr_line' id='line_1_24' title="bbox 571 2300 1806 2368; baseline 0 -14"><span class='ocrx_word' id='word_1_153' title='bbox 571 2301 850 2367; x_wconf 81' lang='lat' dir='ltr'><strong>docunque</strong></span> <span class='ocrx_word' id='word_1_154' title='bbox 881 2301 1203 2368; x_wconf 85' lang='lat' dir='ltr'><strong>corruperit,</strong></span> <span class='ocrx_word' id='word_1_155' title='bbox 1245 2300 1534 2355; x_wconf 82' lang='lat' dir='ltr'><strong>homicidio</strong></span> <span class='ocrx_word' id='word_1_156' title='bbox 1568 2311 1806 2355; x_wconf 91' lang='lat' dir='ltr'><strong>tenetur.</strong></span> 
     </span>
    </p>
   </div>
   <div class='ocr_carea' id='block_1_25' title="bbox 638 2389 2124 2459">
    <p class='ocr_par' dir='ltr' id='par_1_25' title="bbox 638 2389 2124 2459">
     <span class='ocr_line' id='line_1_25' title="bbox 638 2389 2124 2459; baseline 0.001 -16"><span class='ocrx_word' id='word_1_157' title='bbox 638 2389 868 2444; x_wconf 65' lang='lat' dir='ltr'><strong>Gratida</strong></span> <span class='ocrx_word' id='word_1_158' title='bbox 899 2391 1324 2458; x_wconf 71' lang='lat' dir='ltr'><strong>quandocumque</strong></span> <span class='ocrx_word' id='word_1_159' title='bbox 1354 2406 1616 2444; x_wconf 75' lang='lat' dir='ltr'><strong>venenum</strong></span> <span class='ocrx_word' id='word_1_160' title='bbox 1651 2392 1919 2459; x_wconf 85' lang='lat' dir='ltr'><strong>acceperit</strong></span> <span class='ocrx_word' id='word_1_161' title='bbox 1956 2390 2020 2444; x_wconf 89' lang='lat' dir='ltr'><strong>ad</strong></span> <span class='ocrx_word' id='word_1_162' title='bbox 2047 2390 2124 2444; x_wconf 76' lang='lat' dir='ltr'><strong>fe-</strong></span> 
     </span>
    </p>
   </div>
   <div class='ocr_carea' id='block_1_26' title="bbox 572 2480 2128 2544">
    <p class='ocr_par' dir='ltr' id='par_1_26' title="bbox 572 2480 2128 2544">
     <span class='ocr_line' id='line_1_26' title="bbox 572 2480 2128 2544; baseline -0.001 -10"><span class='ocrx_word' id='word_1_163' title='bbox 572 2492 679 2536; x_wconf 90' lang='lat' dir='ltr'><strong>tum</strong></span> <span class='ocrx_word' id='word_1_164' title='bbox 706 2480 1082 2543; x_wconf 78' lang='lat' dir='ltr'><strong>auferendum,</strong></span> <span class='ocrx_word' id='word_1_165' title='bbox 1112 2481 1387 2534; x_wconf 85' lang='lat' dir='ltr'><strong>homicidii</strong></span> <span class='ocrx_word' id='word_1_166' title='bbox 1423 2497 1506 2536; x_wconf 90' lang='lat' dir='ltr'><strong>rea</strong></span> <span class='ocrx_word' id='word_1_167' title='bbox 1541 2493 1643 2544; x_wconf 84' lang='lat' dir='ltr'><strong>est,</strong></span> <span class='ocrx_word' id='word_1_168' title='bbox 1672 2493 1724 2535; x_wconf 89' lang='lat' dir='ltr'><strong>ct</strong></span> <span class='ocrx_word' id='word_1_169' title='bbox 1749 2497 1851 2534; x_wconf 89' lang='lat' dir='ltr'><strong>non</strong></span> <span class='ocrx_word' id='word_1_170' title='bbox 1877 2493 2128 2534; x_wconf 75' lang='lat' dir='ltr'><strong>accurate</strong></span> 
     </span>
    </p>
   </div>
   <div class='ocr_carea' id='block_1_27' title="bbox 569 2569 2123 2634">
    <p class='ocr_par' dir='ltr' id='par_1_27' title="bbox 569 2569 2123 2634">
     <span class='ocr_line' id='line_1_27' title="bbox 569 2569 2123 2634; baseline -0.001 -8"><span class='ocrx_word' id='word_1_171' title='bbox 569 2573 942 2626; x_wconf 76' lang='lat' dir='ltr'><strong>cxarninamus</strong></span> <span class='ocrx_word' id='word_1_172' title='bbox 991 2585 1059 2622; x_wconf 85' lang='lat' dir='ltr'><strong>an</strong></span> <span class='ocrx_word' id='word_1_173' title='bbox 1108 2569 1249 2623; x_wconf 86' lang='lat' dir='ltr'><strong>fetus</strong></span> <span class='ocrx_word' id='word_1_174' title='bbox 1293 2569 1540 2623; x_wconf 79' lang='lat' dir='ltr'><strong>informis</strong></span> <span class='ocrx_word' id='word_1_175' title='bbox 1592 2573 1662 2624; x_wconf 88' lang='lat' dir='ltr'><strong>sit</strong></span> <span class='ocrx_word' id='word_1_176' title='bbox 1709 2580 1800 2623; x_wconf 80' lang='lat' dir='ltr'><strong>aut</strong></span> <span class='ocrx_word' id='word_1_177' title='bbox 1837 2570 2123 2634; x_wconf 87' lang='lat' dir='ltr'><strong>formatus,</strong></span> 
     </span>
    </p>
   </div>
   <div class='ocr_carea' id='block_1_28' title="bbox 569 2658 2127 2729">
    <p class='ocr_par' dir='ltr' id='par_1_28' title="bbox 569 2658 2127 2729">
     <span class='ocr_line' id='line_1_28' title="bbox 569 2658 2127 2729; baseline -0.001 -14"><span class='ocrx_word' id='word_1_178' title='bbox 569 2662 817 2729; x_wconf 86' lang='lat' dir='ltr'><strong>quoniam</strong></span> <span class='ocrx_word' id='word_1_179' title='bbox 853 2658 1166 2727; x_wconf 87' lang='lat' dir='ltr'><strong>plerumque</strong></span> <span class='ocrx_word' id='word_1_180' title='bbox 1193 2676 1294 2712; x_wconf 76' lang='lat' dir='ltr'><strong>una</strong></span> <span class='ocrx_word' id='word_1_181' title='bbox 1328 2675 1450 2714; x_wconf 86' lang='lat' dir='ltr'><strong>cunt</strong></span> <span class='ocrx_word' id='word_1_182' title='bbox 1478 2660 1585 2714; x_wconf 78' lang='lat' dir='ltr'><strong>fetu</strong></span> <span class='ocrx_word' id='word_1_183' title='bbox 1629 2662 1894 2714; x_wconf 84' lang='lat' dir='ltr'><strong>intereant</strong></span> <span class='ocrx_word' id='word_1_184' title='bbox 1920 2672 1971 2714; x_wconf 90' lang='lat' dir='ltr'><strong>et</strong></span> <span class='ocrx_word' id='word_1_185' title='bbox 2006 2677 2127 2714; x_wconf 85' lang='lat' dir='ltr'><strong>mu-</strong></span> 
     </span>
    </p>
   </div>
   <div class='ocr_carea' id='block_1_29' title="bbox 569 2750 2126 2820">
    <p class='ocr_par' dir='ltr' id='par_1_29' title="bbox 569 2750 2126 2820">
     <span class='ocr_line' id='line_1_29' title="bbox 569 2750 2126 2820; baseline 0.002 -18"><span class='ocrx_word' id='word_1_186' title='bbox 569 2751 752 2815; x_wconf 85' lang='lat' dir='ltr'><strong>lieres,</strong></span> <span class='ocrx_word' id='word_1_187' title='bbox 783 2763 837 2804; x_wconf 85' lang='lat' dir='ltr'><strong>et</strong></span> <span class='ocrx_word' id='word_1_188' title='bbox 863 2759 1118 2817; x_wconf 86' lang='lat' dir='ltr'><strong>quantum</strong></span> <span class='ocrx_word' id='word_1_189' title='bbox 1155 2750 1217 2801; x_wconf 84' lang='lat' dir='ltr'><strong>ad</strong></span> <span class='ocrx_word' id='word_1_190' title='bbox 1242 2766 1423 2803; x_wconf 86' lang='lat' dir='ltr'><strong>earum</strong></span> <span class='ocrx_word' id='word_1_191' title='bbox 1451 2751 1902 2804; x_wconf 65' lang='lat' dir='ltr'><strong>existimationem</strong></span> <span class='ocrx_word' id='word_1_192' title='bbox 1935 2752 2126 2820; x_wconf 83' lang='lat' dir='ltr'><strong>duplex</strong></span> 
     </span>
    </p>
   </div>
   <div class='ocr_carea' id='block_1_30' title="bbox 569 2840 2126 2909">
    <p class='ocr_par' dir='ltr' id='par_1_30' title="bbox 569 2840 2126 2909">
     <span class='ocr_line' id='line_1_30' title="bbox 569 2840 2126 2909; baseline -0.001 -15"><span class='ocrx_word' id='word_1_193' title='bbox 569 2841 663 2894; x_wconf 83' lang='lat' dir='ltr'><strong>fiat</strong></span> <span class='ocrx_word' id='word_1_194' title='bbox 683 2840 1054 2904; x_wconf 87' lang='lat' dir='ltr'><strong>homicidium,</strong></span> <span class='ocrx_word' id='word_1_195' title='bbox 1081 2856 1242 2892; x_wconf 88' lang='lat' dir='ltr'><strong>unum</strong></span> <span class='ocrx_word' id='word_1_196' title='bbox 1269 2842 1480 2907; x_wconf 84' lang='lat' dir='ltr'><strong>quidem</strong></span> <span class='ocrx_word' id='word_1_197' title='bbox 1507 2840 1753 2909; x_wconf 68' lang='lat' dir='ltr'><strong>gravidae,</strong></span> <span class='ocrx_word' id='word_1_198' title='bbox 1782 2841 1921 2893; x_wconf 89' lang='lat' dir='ltr'><strong>aliud</strong></span> <span class='ocrx_word' id='word_1_199' title='bbox 1950 2851 2126 2894; x_wconf 87' lang='lat' dir='ltr'><strong>autem</strong></span> 
     </span>
    </p>
   </div>
   <div class='ocr_carea' id='block_1_31' title="bbox 569 2928 2128 2999">
    <p class='ocr_par' dir='ltr' id='par_1_31' title="bbox 569 2928 2128 2999">
     <span class='ocr_line' id='line_1_31' title="bbox 569 2928 2128 2999; baseline 0.001 -17"><span class='ocrx_word' id='word_1_200' title='bbox 569 2929 729 2983; x_wconf 78' lang='lat' dir='ltr'><strong>l‘etus.</strong></span> <span class='ocrx_word' id='word_1_201' title='bbox 766 2928 924 2983; x_wconf 85' lang='lat' dir='ltr'><strong>Tales</strong></span> <span class='ocrx_word' id='word_1_202' title='bbox 962 2930 1141 2996; x_wconf 82' lang='lat' dir='ltr'><strong>itaque</strong></span> <span class='ocrx_word' id='word_1_203' title='bbox 1176 2931 1359 2984; x_wconf 88' lang='lat' dir='ltr'><strong>decem</strong></span> <span class='ocrx_word' id='word_1_204' title='bbox 1408 2945 1577 2984; x_wconf 88' lang='lat' dir='ltr'><strong>annos</strong></span> <span class='ocrx_word' id='word_1_205' title='bbox 1627 2933 1799 2998; x_wconf 70' lang='lat' dir='ltr'><strong>poenis</strong></span> <span class='ocrx_word' id='word_1_206' title='bbox 1835 2932 2128 2999; x_wconf 87' lang='lat' dir='ltr'><strong>subjicien-</strong></span> 
     </span>
    </p>
   </div>
   <div class='ocr_carea' id='block_1_32' title="bbox 572 3022 2123 3091">
    <p class='ocr_par' dir='ltr' id='par_1_32' title="bbox 572 3022 2123 3091">
     <span class='ocr_line' id='line_1_32' title="bbox 572 3022 2123 3091; baseline -0.002 -15"><span class='ocrx_word' id='word_1_207' title='bbox 572 3037 690 3089; x_wconf 90' lang='lat' dir='ltr'><strong>tur,</strong></span> <span class='ocrx_word' id='word_1_208' title='bbox 754 3025 887 3077; x_wconf 93' lang='lat' dir='ltr'><strong>duos</strong></span> <span class='ocrx_word' id='word_1_209' title='bbox 929 3026 1144 3091; x_wconf 89' lang='lat' dir='ltr'><strong>quidem</strong></span> <span class='ocrx_word' id='word_1_210' title='bbox 1214 3037 1384 3076; x_wconf 86' lang='lat' dir='ltr'><strong>annos</strong></span> <span class='ocrx_word' id='word_1_211' title='bbox 1429 3022 1722 3086; x_wconf 70' lang='lat' dir='ltr'><strong>dedentes,</strong></span> <span class='ocrx_word' id='word_1_212' title='bbox 1780 3035 1886 3077; x_wconf 88' lang='lat' dir='ltr'><strong>tres</strong></span> <span class='ocrx_word' id='word_1_213' title='bbox 1945 3034 2123 3076; x_wconf 85' lang='lat' dir='ltr'><strong>autem</strong></span> 
     </span>
    </p>
   </div>
   <div class='ocr_carea' id='block_1_33' title="bbox 2241 571 3802 642">
    <p class='ocr_par' dir='ltr' id='par_1_33' title="bbox 2241 571 3802 642">
     <span class='ocr_line' id='line_1_33' title="bbox 2241 571 3802 642; baseline 0 -21"><span class='ocrx_word' id='word_1_214' title='bbox 2241 571 2372 640; x_wconf 76' lang='grc' dir='ltr'>παρ’</span> <span class='ocrx_word' id='word_1_215' title='bbox 2404 573 2531 640; x_wconf 73' lang='grc' dir='ltr'>ἡμῖν</span> <span class='ocrx_word' id='word_1_216' title='bbox 2557 576 2656 624; x_wconf 79' lang='grc' dir='ltr'>οὐκ</span> <span class='ocrx_word' id='word_1_217' title='bbox 2683 573 2855 639; x_wconf 80' lang='grc' dir='ltr'>ἐστιν,</span> <span class='ocrx_word' id='word_1_218' title='bbox 2884 575 2988 642; x_wconf 80' lang='grc' dir='ltr'><strong>ἔφη</strong></span> <span class='ocrx_word' id='word_1_219' title='bbox 3033 578 3060 626; x_wconf 94' lang='lat'><strong>6</strong></span> <span class='ocrx_word' id='word_1_220' title='bbox 3104 575 3286 641; x_wconf 73' lang='grc' dir='ltr'><strong>ἅγιος⁸</strong></span> <span class='ocrx_word' id='word_1_221' title='bbox 3313 574 3449 626; x_wconf 83' lang='grc' dir='ltr'>διότι</span> <span class='ocrx_word' id='word_1_222' title='bbox 3483 575 3699 642; x_wconf 85' lang='grc' dir='ltr'>εῖρηται</span> <span class='ocrx_word' id='word_1_223' title='bbox 3736 573 3802 622; x_wconf 82' lang='grc' dir='ltr'><strong>ἐν</strong></span> 
     </span>
    </p>
   </div>
   <div class='ocr_carea' id='block_1_34' title="bbox 2239 662 3803 734">
    <p class='ocr_par' dir='ltr' id='par_1_34' title="bbox 2239 662 3803 734">
     <span class='ocr_line' id='line_1_34' title="bbox 2239 662 3803 734; baseline 0.003 -23"><span class='ocrx_word' id='word_1_224' title='bbox 2239 665 2303 728; x_wconf 74' lang='grc' dir='ltr'>τῇ</span> <span class='ocrx_word' id='word_1_225' title='bbox 2339 662 2506 731; x_wconf 74' lang='grc' dir='ltr'><strong>βίϐλῳ</strong></span> <span class='ocrx_word' id='word_1_226' title='bbox 2537 664 2632 730; x_wconf 79' lang='grc' dir='ltr'><strong>τῆς</strong></span> <span class='ocrx_word' id='word_1_227' title='bbox 2669 662 2879 726; x_wconf 68' lang='grc' dir='ltr'>Ἐξόδου</span> <span class='ocrx_word' id='word_1_228' title='bbox 2915 665 3085 717; x_wconf 82' lang='grc' dir='ltr'>ταῦτα</span> <span class='ocrx_word' id='word_1_229' title='bbox 3108 681 3122 696; x_wconf 78' lang='grc' dir='ltr'><strong>ο</strong></span> <span class='ocrx_word' id='word_1_230' title='bbox 3155 665 3297 718; x_wconf 78' lang='grc' dir='ltr'><strong>Ἐὰν</strong></span> <span class='ocrx_word' id='word_1_231' title='bbox 3326 665 3634 734; x_wconf 71' lang='grc' dir='ltr'>μάχωνται</span> <span class='ocrx_word' id='word_1_232' title='bbox 3676 663 3803 716; x_wconf 67' lang='grc' dir='ltr'>δύο</span> 
     </span>
    </p>
   </div>
   <div class='ocr_carea' id='block_1_35' title="bbox 2240 753 3810 825">
    <p class='ocr_par' dir='ltr' id='par_1_35' title="bbox 2240 753 3810 825">
     <span class='ocr_line' id='line_1_35' title="bbox 2240 753 3810 825; baseline 0.004 -21"><span class='ocrx_word' id='word_1_233' title='bbox 2240 753 2452 818; x_wconf 59' lang='grc' dir='ltr'>ἄνδρες</span> <span class='ocrx_word' id='word_1_234' title='bbox 2481 754 2577 804; x_wconf 76' lang='grc' dir='ltr'>καὶ</span> <span class='ocrx_word' id='word_1_235' title='bbox 2611 754 2916 813; x_wconf 77' lang='grc' dir='ltr'>πατάξωσι</span> <span class='ocrx_word' id='word_1_236' title='bbox 2960 756 3216 822; x_wconf 75' lang='grc' dir='ltr'>γυναῖκα</span> <span class='ocrx_word' id='word_1_237' title='bbox 3258 758 3328 809; x_wconf 82' lang='grc' dir='ltr'>ἐν</span> <span class='ocrx_word' id='word_1_238' title='bbox 3371 756 3584 825; x_wconf 73' lang='grc' dir='ltr'>γαστρί</span> <span class='ocrx_word' id='word_1_239' title='bbox 3624 756 3810 823; x_wconf 81' lang='grc' dir='ltr'>ἔχου-</span> 
     </span>
    </p>
   </div>
   <div class='ocr_carea' id='block_1_36' title="bbox 2239 843 3806 914">
    <p class='ocr_par' dir='ltr' id='par_1_36' title="bbox 2239 843 3806 914">
     <span class='ocr_line' id='line_1_36' title="bbox 2239 843 3806 914; baseline 0 -17"><span class='ocrx_word' id='word_1_240' title='bbox 2239 860 2380 904; x_wconf 79' lang='grc' dir='ltr'>σαν,</span> <span class='ocrx_word' id='word_1_241' title='bbox 2411 844 2508 896; x_wconf 81' lang='grc' dir='ltr'>καὶ</span> <span class='ocrx_word' id='word_1_242' title='bbox 2546 843 2762 911; x_wconf 67' lang='grc' dir='ltr'>ἐξέλθῃ</span> <span class='ocrx_word' id='word_1_243' title='bbox 2797 846 2860 898; x_wconf 86' lang='grc' dir='ltr'>τὸ</span> <span class='ocrx_word' id='word_1_244' title='bbox 2901 847 3140 899; x_wconf 81' lang='grc' dir='ltr'><strong>παιδίον</strong></span> <span class='ocrx_word' id='word_1_245' title='bbox 3165 849 3249 914; x_wconf 82' lang='grc' dir='ltr'><em>μὴ</em></span> <span class='ocrx_word' id='word_1_246' title='bbox 3280 849 3806 914; x_wconf 78' lang='grc' dir='ltr'>ἐξεικονισμένον,</span> 
     </span>
    </p>
   </div>
   <div class='ocr_carea' id='block_1_37' title="bbox 2239 935 3807 1005">
    <p class='ocr_par' dir='ltr' id='par_1_37' title="bbox 2239 935 3807 1005">
     <span class='ocr_line' id='line_1_37' title="bbox 2239 935 3807 1005; baseline 0.001 -17"><span class='ocrx_word' id='word_1_247' title='bbox 2239 935 2540 1004; x_wconf 62' lang='grc' dir='ltr'>ἐπιζήμιον</span> <span class='ocrx_word' id='word_1_248' title='bbox 2571 936 2998 1005; x_wconf 54' lang='lat' dir='ltr'><strong>(immaduerat</strong></span> <span class='ocrx_word' id='word_1_249' title='bbox 3034 943 3301 995; x_wconf 73' lang='grc' dir='ltr'>καἿόσον</span> <span class='ocrx_word' id='word_1_250' title='bbox 3324 942 3401 996; x_wconf 80' lang='grc' dir='ltr'>ἀν</span> <span class='ocrx_word' id='word_1_251' title='bbox 3442 941 3742 1005; x_wconf 69' lang='grc' dir='ltr'><strong>ἐπιϐάλλῃ</strong></span> <span class='ocrx_word' id='word_1_252' title='bbox 3772 944 3807 990; x_wconf 86' lang='grc' dir='ltr'><strong>ό</strong></span> 
     </span>
    </p>
   </div>
   <div class='ocr_carea' id='block_1_38' title="bbox 2238 1024 3808 1100">
    <p class='ocr_par' dir='ltr' id='par_1_38' title="bbox 2238 1024 3808 1100">
     <span class='ocr_line' id='line_1_38' title="bbox 2238 1024 3808 1100; baseline 0.006 -23"><span class='ocrx_word' id='word_1_253' title='bbox 2238 1027 2392 1092; x_wconf 76' lang='grc' dir='ltr'>ἀνὴρ</span> <span class='ocrx_word' id='word_1_254' title='bbox 2422 1025 2528 1092; x_wconf 83' lang='grc' dir='ltr'>τῆς</span> <span class='ocrx_word' id='word_1_255' title='bbox 2571 1030 2873 1095; x_wconf 75' lang='grc' dir='ltr'>γυναικός.</span> <span class='ocrx_word' id='word_1_256' title='bbox 2911 1030 3051 1082; x_wconf 83' lang='grc' dir='ltr'><strong>Ἐὰν</strong></span> <span class='ocrx_word' id='word_1_257' title='bbox 3090 1031 3157 1082; x_wconf 83' lang='grc' dir='ltr'>δὲ</span> <span class='ocrx_word' id='word_1_258' title='bbox 3199 1032 3689 1100; x_wconf 77' lang='grc' dir='ltr'>ἐξεικονισμένω·</span> <span class='ocrx_word' id='word_1_259' title='bbox 3737 1024 3808 1097; x_wconf 76' lang='grc' dir='ltr'><strong>ᾗ.</strong></span> 
     </span>
    </p>
   </div>
   <div class='ocr_carea' id='block_1_39' title="bbox 2240 1116 3808 1188">
    <p class='ocr_par' dir='ltr' id='par_1_39' title="bbox 2240 1116 3808 1188">
     <span class='ocr_line' id='line_1_39' title="bbox 2240 1116 3808 1188; baseline 0.003 -22"><span class='ocrx_word' id='word_1_260' title='bbox 2240 1116 2417 1168; x_wconf 82' lang='grc' dir='ltr'>δώσει</span> <span class='ocrx_word' id='word_1_261' title='bbox 2466 1116 2680 1185; x_wconf 64' lang='grc' dir='ltr'><strong>ψυχὴν</strong></span> <span class='ocrx_word' id='word_1_262' title='bbox 2727 1118 2862 1172; x_wconf 74' lang='grc' dir='ltr'>ἀντὶ</span> <span class='ocrx_word' id='word_1_263' title='bbox 2913 1123 3142 1188; x_wconf 69' lang='grc' dir='ltr'><strong>ψυχῆς.</strong></span> <span class='ocrx_word' id='word_1_264' title='bbox 3180 1124 3300 1175; x_wconf 80' lang='grc' dir='ltr'><strong>Ὀτι</strong></span> <span class='ocrx_word' id='word_1_265' title='bbox 3347 1122 3479 1188; x_wconf 85' lang='grc' dir='ltr'>γοῦν</span> <span class='ocrx_word' id='word_1_266' title='bbox 3514 1125 3540 1174; x_wconf 92' lang='lat'><strong>6</strong></span> <span class='ocrx_word' id='word_1_267' title='bbox 3569 1123 3808 1182; x_wconf 72' lang='grc' dir='ltr'>παλαιὸς</span> 
     </span>
    </p>
   </div>
   <div class='ocr_carea' id='block_1_40' title="bbox 2239 1207 3810 1282">
    <p class='ocr_par' dir='ltr' id='par_1_40' title="bbox 2239 1207 3810 1282">
     <span class='ocr_line' id='line_1_40' title="bbox 2239 1207 3810 1282; baseline 0.004 -25"><span class='ocrx_word' id='word_1_268' title='bbox 2239 1207 2424 1274; x_wconf 77' lang='grc' dir='ltr'>νόμος,</span> <span class='ocrx_word' id='word_1_269' title='bbox 2471 1208 2557 1260; x_wconf 84' lang='grc' dir='ltr'>ὅτε</span> <span class='ocrx_word' id='word_1_270' title='bbox 2617 1209 2714 1276; x_wconf 78' lang='grc' dir='ltr'>μὲν</span> <span class='ocrx_word' id='word_1_271' title='bbox 2771 1210 2846 1279; x_wconf 81' lang='grc' dir='ltr'><strong>μὴ</strong></span> <span class='ocrx_word' id='word_1_272' title='bbox 2907 1210 3336 1281; x_wconf 75' lang='grc' dir='ltr'>ἐξεικονισρένον</span> <span class='ocrx_word' id='word_1_273' title='bbox 3393 1214 3644 1282; x_wconf 66' lang='grc' dir='ltr'>ἠμελωτο</span> <span class='ocrx_word' id='word_1_274' title='bbox 3693 1213 3810 1279; x_wconf 66' lang='grc' dir='ltr'><strong>ἐμ.-</strong></span> 
     </span>
    </p>
   </div>
   <div class='ocr_carea' id='block_1_41' title="bbox 2240 1296 3810 1372">
    <p class='ocr_par' dir='ltr' id='par_1_41' title="bbox 2240 1296 3810 1372">
     <span class='ocr_line' id='line_1_41' title="bbox 2240 1296 3810 1372; baseline 0.004 -25"><span class='ocrx_word' id='word_1_275' title='bbox 2240 1296 2424 1366; x_wconf 88' lang='grc' dir='ltr'>6ρυον,</span> <span class='ocrx_word' id='word_1_276' title='bbox 2455 1299 2534 1360; x_wconf 72' lang='grc' dir='ltr'>εἰς</span> <span class='ocrx_word' id='word_1_277' title='bbox 2561 1300 2819 1369; x_wconf 80' lang='grc' dir='ltr'>χρήματα</span> <span class='ocrx_word' id='word_1_278' title='bbox 2851 1300 3103 1370; x_wconf 73' lang='grc' dir='ltr'>ἐζημίου,</span> <span class='ocrx_word' id='word_1_279' title='bbox 3129 1305 3214 1355; x_wconf 80' lang='grc' dir='ltr'>ὅτε</span> <span class='ocrx_word' id='word_1_280' title='bbox 3234 1303 3290 1355; x_wconf 76' lang='grc' dir='ltr'>δὲ</span> <span class='ocrx_word' id='word_1_281' title='bbox 3322 1300 3389 1372; x_wconf 70' lang='grc' dir='ltr'>ἦν</span> <span class='ocrx_word' id='word_1_282' title='bbox 3431 1301 3810 1370; x_wconf 71' lang='grc' dir='ltr'>ἐξεικονισμέ-</span> 
     </span>
    </p>
   </div>
   <div class='ocr_carea' id='block_1_42' title="bbox 2238 1389 3808 1462">
    <p class='ocr_par' dir='ltr' id='par_1_42' title="bbox 2238 1389 3808 1462">
     <span class='ocr_line' id='line_1_42' title="bbox 2238 1389 3808 1462; baseline -0.004 -11"><span class='ocrx_word' id='word_1_283' title='bbox 2238 1405 2348 1450; x_wconf 73' lang='grc' dir='ltr'>νον»</span> <span class='ocrx_word' id='word_1_284' title='bbox 2381 1391 2460 1450; x_wconf 85' lang='grc' dir='ltr'>εἰς</span> <span class='ocrx_word' id='word_1_285' title='bbox 2489 1389 2670 1459; x_wconf 65' lang='grc' dir='ltr'>ψυχὴν</span> <span class='ocrx_word' id='word_1_286' title='bbox 2725 1391 3046 1455; x_wconf 75' lang='grc' dir='ltr'><strong>κατεδίκαζε</strong></span> <span class='ocrx_word' id='word_1_287' title='bbox 3103 1394 3362 1462; x_wconf 74' lang='grc' dir='ltr'><strong>θνήσκειν</strong></span> <span class='ocrx_word' id='word_1_288' title='bbox 3407 1396 3498 1445; x_wconf 65' lang='grc' dir='ltr'>τὲν</span> <span class='ocrx_word' id='word_1_289' title='bbox 3548 1394 3645 1457; x_wconf 73' lang='grc' dir='ltr'>τὴν</span> <span class='ocrx_word' id='word_1_290' title='bbox 3699 1411 3808 1458; x_wconf 84' lang='grc' dir='ltr'><strong>γυ-</strong></span> 
     </span>
    </p>
   </div>
   <div class='ocr_carea' id='block_1_43' title="bbox 2237 1479 3806 1551">
    <p class='ocr_par' dir='ltr' id='par_1_43' title="bbox 2237 1479 3806 1551">
     <span class='ocr_line' id='line_1_43' title="bbox 2237 1479 3806 1551; baseline 0.003 -23"><span class='ocrx_word' id='word_1_291' title='bbox 2237 1479 2395 1528; x_wconf 72' lang='grc' dir='ltr'>ναῖκα</span> <span class='ocrx_word' id='word_1_292' title='bbox 2433 1480 2780 1542; x_wconf 74' lang='grc' dir='ltr'>πατάξαντα·</span> <span class='ocrx_word' id='word_1_293' title='bbox 2827 1480 3018 1534; x_wconf 68' lang='grc' dir='ltr'>τούτου</span> <span class='ocrx_word' id='word_1_294' title='bbox 3071 1481 3162 1533; x_wconf 76' lang='grc' dir='ltr'>τοῦ</span> <span class='ocrx_word' id='word_1_295' title='bbox 3227 1483 3393 1550; x_wconf 80' lang='grc' dir='ltr'>νόμου</span> <span class='ocrx_word' id='word_1_296' title='bbox 3448 1482 3708 1551; x_wconf 74' lang='grc' dir='ltr'>μνησθεὶς</span> <span class='ocrx_word' id='word_1_297' title='bbox 3777 1485 3806 1533; x_wconf 98' lang='lat'><strong>6</strong></span> 
     </span>
    </p>
   </div>
   <div class='ocr_carea' id='block_1_44' title="bbox 2237 1568 3808 1642">
    <p class='ocr_par' dir='ltr' id='par_1_44' title="bbox 2237 1568 3808 1642">
     <span class='ocr_line' id='line_1_44' title="bbox 2237 1568 3808 1642; baseline 0.001 -23"><span class='ocrx_word' id='word_1_298' title='bbox 2237 1568 2390 1630; x_wconf 68' lang='grc' dir='ltr'>ἅγιος</span> <span class='ocrx_word' id='word_1_299' title='bbox 2448 1569 2550 1636; x_wconf 73' lang='grc' dir='ltr'><strong>ἔφη</strong></span> <span class='ocrx_word' id='word_1_300' title='bbox 2601 1570 2683 1620; x_wconf 78' lang='grc' dir='ltr'><strong>ὅτι</strong></span> <span class='ocrx_word' id='word_1_301' title='bbox 2732 1570 2920 1638; x_wconf 81' lang='grc' dir='ltr'>Ἡμεῖς</span> <span class='ocrx_word' id='word_1_302' title='bbox 2969 1571 3028 1623; x_wconf 86' lang='grc' dir='ltr'>οὐ</span> <span class='ocrx_word' id='word_1_303' title='bbox 3089 1572 3354 1641; x_wconf 77' lang='grc' dir='ltr'>διαφορὰν</span> <span class='ocrx_word' id='word_1_304' title='bbox 3409 1573 3626 1642; x_wconf 79' lang='grc' dir='ltr'>ἔχομεν,</span> <span class='ocrx_word' id='word_1_305' title='bbox 3684 1574 3808 1622; x_wconf 76' lang='grc' dir='ltr'>εἴτε</span> 
     </span>
    </p>
   </div>
   <div class='ocr_carea' id='block_1_45' title="bbox 2235 1659 3809 1730">
    <p class='ocr_par' dir='ltr' id='par_1_45' title="bbox 2235 1659 3809 1730">
     <span class='ocr_line' id='line_1_45' title="bbox 2235 1659 3809 1730; baseline 0.003 -22"><span class='ocrx_word' id='word_1_306' title='bbox 2235 1659 2709 1728; x_wconf 73' lang='grc' dir='ltr'>ἐκμεμορςρωμένα</span> <span class='ocrx_word' id='word_1_307' title='bbox 2758 1662 2865 1712; x_wconf 75' lang='grc' dir='ltr'>εἰσὶ</span> <span class='ocrx_word' id='word_1_308' title='bbox 2898 1664 2964 1715; x_wconf 69' lang='grc' dir='ltr'><strong>τὰ</strong></span> <span class='ocrx_word' id='word_1_309' title='bbox 3013 1661 3445 1730; x_wconf 73' lang='grc' dir='ltr'>ἀποϐαλλόμενα,</span> <span class='ocrx_word' id='word_1_310' title='bbox 3477 1664 3586 1714; x_wconf 71' lang='grc' dir='ltr'>εἴτε</span> <span class='ocrx_word' id='word_1_311' title='bbox 3618 1661 3809 1730; x_wconf 57' lang='grc' dir='ltr'>ἀμόρ-</span> 
     </span>
    </p>
   </div>
   <div class='ocr_carea' id='block_1_46' title="bbox 2237 1752 3806 1824">
    <p class='ocr_par' dir='ltr' id='par_1_46' title="bbox 2237 1752 3806 1824">
     <span class='ocr_line' id='line_1_46' title="bbox 2237 1752 3806 1824; baseline 0 -20"><span class='ocrx_word' id='word_1_312' title='bbox 2237 1767 2407 1816; x_wconf 83' lang='grc' dir='ltr'>φωτα.</span> <span class='ocrx_word' id='word_1_313' title='bbox 2465 1752 2540 1804; x_wconf 81' lang='grc' dir='ltr'><strong>Οὐ</strong></span> <span class='ocrx_word' id='word_1_314' title='bbox 2600 1753 2706 1822; x_wconf 82' lang='grc' dir='ltr'><strong>γὰρ</strong></span> <span class='ocrx_word' id='word_1_315' title='bbox 2765 1755 3026 1823; x_wconf 80' lang='grc' dir='ltr'>χρήματα</span> <span class='ocrx_word' id='word_1_316' title='bbox 3073 1755 3397 1824; x_wconf 76' lang='grc' dir='ltr'>ζημιοῦμεν,</span> <span class='ocrx_word' id='word_1_317' title='bbox 3433 1755 3566 1808; x_wconf 85' lang='grc' dir='ltr'>ἀλλά</span> <span class='ocrx_word' id='word_1_318' title='bbox 3631 1756 3806 1821; x_wconf 75' lang='grc' dir='ltr'>φόνου</span> 
     </span>
    </p>
   </div>
   <div class='ocr_carea' id='block_1_47' title="bbox 2232 1840 3808 1915">
    <p class='ocr_par' dir='ltr' id='par_1_47' title="bbox 2232 1840 3808 1915">
     <span class='ocr_line' id='line_1_47' title="bbox 2232 1840 3808 1915; baseline 0.003 -23"><span class='ocrx_word' id='word_1_319' title='bbox 2232 1840 2489 1908; x_wconf 61' lang='grc' dir='ltr'>χρίομεν</span> <span class='ocrx_word' id='word_1_320' title='bbox 2535 1843 2631 1910; x_wconf 81' lang='grc' dir='ltr'>τὴν</span> <span class='ocrx_word' id='word_1_321' title='bbox 2681 1842 2836 1895; x_wconf 85' lang='grc' dir='ltr'>τοῦτο</span> <span class='ocrx_word' id='word_1_322' title='bbox 2872 1846 3170 1913; x_wconf 74' lang='grc' dir='ltr'>ποιήσασαν</span> <span class='ocrx_word' id='word_1_323' title='bbox 3209 1846 3296 1897; x_wconf 80' lang='grc' dir='ltr'><strong>διά</strong></span> <span class='ocrx_word' id='word_1_324' title='bbox 3341 1862 3399 1897; x_wconf 83' lang='grc' dir='ltr'><strong>τε</strong></span> <span class='ocrx_word' id='word_1_325' title='bbox 3447 1843 3546 1915; x_wconf 78' lang='grc' dir='ltr'>τὴν</span> <span class='ocrx_word' id='word_1_326' title='bbox 3571 1845 3668 1896; x_wconf 83' lang='grc' dir='ltr'>τοῦ</span> <span class='ocrx_word' id='word_1_327' title='bbox 3702 1845 3808 1911; x_wconf 81' lang='grc' dir='ltr'><strong>ἐμ-</strong></span> 
     </span>
    </p>
   </div>
   <div class='ocr_carea' id='block_1_48' title="bbox 2233 1933 3805 2004">
    <p class='ocr_par' dir='ltr' id='par_1_48' title="bbox 2233 1933 3805 2004">
     <span class='ocr_line' id='line_1_48' title="bbox 2233 1933 3805 2004; baseline 0.003 -22"><span class='ocrx_word' id='word_1_328' title='bbox 2233 1933 2397 2001; x_wconf 76' lang='grc' dir='ltr'>ϐρύου</span> <span class='ocrx_word' id='word_1_329' title='bbox 2433 1933 2638 2000; x_wconf 72' lang='grc' dir='ltr'>φθορὰν</span> <span class='ocrx_word' id='word_1_330' title='bbox 2667 1936 2759 1988; x_wconf 77' lang='grc' dir='ltr'>καὶ</span> <span class='ocrx_word' id='word_1_331' title='bbox 2781 1934 2869 1987; x_wconf 81' lang='grc' dir='ltr'>6ιά</span> <span class='ocrx_word' id='word_1_332' title='bbox 2899 1934 2993 2004; x_wconf 79' lang='grc' dir='ltr'>τὴν</span> <span class='ocrx_word' id='word_1_333' title='bbox 3025 1935 3181 1986; x_wconf 82' lang='grc' dir='ltr'>τοῦτο</span> <span class='ocrx_word' id='word_1_334' title='bbox 3205 1935 3640 1994; x_wconf 72' lang='grc' dir='ltr'>ἀποϐάλλουσαν,</span> <span class='ocrx_word' id='word_1_335' title='bbox 3671 1939 3805 1986; x_wconf 73' lang='grc' dir='ltr'>ἐπεὶ</span> 
     </span>
    </p>
   </div>
   <div class='ocr_carea' id='block_1_49' title="bbox 2231 2023 3805 2095">
    <p class='ocr_par' dir='ltr' id='par_1_49' title="bbox 2231 2023 3805 2095">
     <span class='ocr_line' id='line_1_49' title="bbox 2231 2023 3805 2095; baseline 0.003 -22"><span class='ocrx_word' id='word_1_336' title='bbox 2231 2023 2521 2091; x_wconf 79' lang='grc' dir='ltr'>συμϐαίνει</span> <span class='ocrx_word' id='word_1_337' title='bbox 2576 2023 2835 2086; x_wconf 82' lang='grc' dir='ltr'><strong>πολλάκις</strong></span> <span class='ocrx_word' id='word_1_338' title='bbox 2887 2025 2963 2093; x_wconf 84' lang='grc' dir='ltr'>τῷ</span> <span class='ocrx_word' id='word_1_339' title='bbox 3013 2025 3237 2094; x_wconf 78' lang='grc' dir='ltr'>ἐμϐρύῳ</span> <span class='ocrx_word' id='word_1_340' title='bbox 3287 2025 3805 2095; x_wconf 42' lang='grc' dir='ltr'>συνδιαφθείρετθαι</span> 
     </span>
    </p>
   </div>
   <div class='ocr_carea' id='block_1_50' title="bbox 2228 2113 2545 2182">
    <p class='ocr_par' dir='ltr' id='par_1_50' title="bbox 2228 2113 2545 2182">
     <span class='ocr_line' id='line_1_50' title="bbox 2228 2113 2545 2182; baseline 0.009 -17"><span class='ocrx_word' id='word_1_341' title='bbox 2228 2113 2326 2166; x_wconf 70' lang='grc' dir='ltr'>καὶ</span> <span class='ocrx_word' id='word_1_342' title='bbox 2352 2115 2545 2182; x_wconf 84' lang='grc' dir='ltr'>αὑτήν.</span> 
     </span>
    </p>
   </div>
   <div class='ocr_carea' id='block_1_51' title="bbox 2295 2201 3810 2276">
    <p class='ocr_par' dir='ltr' id='par_1_51' title="bbox 2295 2201 3810 2276">
     <span class='ocr_line' id='line_1_51' title="bbox 2295 2201 3810 2276; baseline 0.004 -22"><span class='ocrx_word' id='word_1_343' title='bbox 2295 2201 2519 2254; x_wconf 78' lang='grc' dir='ltr'><strong>ΔΡΙΣΤ.</strong></span> <span class='ocrx_word' id='word_1_344' title='bbox 2567 2203 2701 2256; x_wconf 83' lang='grc' dir='ltr'>Κατ’</span> <span class='ocrx_word' id='word_1_345' title='bbox 2742 2205 3087 2276; x_wconf 78' lang='grc' dir='ltr'><strong>ἐπιτήδευσιν</strong></span> <span class='ocrx_word' id='word_1_346' title='bbox 3117 2208 3402 2276; x_wconf 78' lang='grc' dir='ltr'>φθείρασα,</span> <span class='ocrx_word' id='word_1_347' title='bbox 3427 2209 3513 2260; x_wconf 77' lang='grc' dir='ltr'>ὅτε</span> <span class='ocrx_word' id='word_1_348' title='bbox 3545 2208 3610 2260; x_wconf 82' lang='grc' dir='ltr'><strong>ἂν</strong></span> <span class='ocrx_word' id='word_1_349' title='bbox 3646 2208 3810 2275; x_wconf 80' lang='grc' dir='ltr'>φθεί-</span> 
     </span>
    </p>
   </div>
   <div class='ocr_carea' id='block_1_52' title="bbox 2232 2295 2675 2362">
    <p class='ocr_par' dir='ltr' id='par_1_52' title="bbox 2232 2295 2675 2362">
     <span class='ocr_line' id='line_1_52' title="bbox 2232 2295 2675 2362; baseline 0.009 -18"><span class='ocrx_word' id='word_1_350' title='bbox 2232 2310 2333 2362; x_wconf 84' lang='grc' dir='ltr'>ροι,</span> <span class='ocrx_word' id='word_1_351' title='bbox 2365 2295 2675 2362; x_wconf 82' lang='grc' dir='ltr'>φονεύτρια.</span> 
     </span>
    </p>
   </div>
   <div class='ocr_carea' id='block_1_53' title="bbox 2311 2387 3797 2462">
    <p class='ocr_par' dir='ltr' id='par_1_53' title="bbox 2311 2387 3797 2462">
     <span class='ocr_line' id='line_1_53' title="bbox 2311 2387 3797 2462; baseline 0.003 -25"><span class='ocrx_word' id='word_1_352' title='bbox 2311 2387 2375 2438; x_wconf 82' lang='grc' dir='ltr'><em>Ἢ</em></span> <span class='ocrx_word' id='word_1_353' title='bbox 2421 2387 2822 2456; x_wconf 82' lang='grc' dir='ltr'><strong>ἐγκυμονοῦσα,</strong></span> <span class='ocrx_word' id='word_1_354' title='bbox 2861 2391 3058 2442; x_wconf 74' lang='grc' dir='ltr'>ὁπόταν</span> <span class='ocrx_word' id='word_1_355' title='bbox 3108 2391 3173 2442; x_wconf 80' lang='grc' dir='ltr'><strong>ἂν</strong></span> <span class='ocrx_word' id='word_1_356' title='bbox 3213 2391 3427 2460; x_wconf 80' lang='grc' dir='ltr'>δέξηται</span> <span class='ocrx_word' id='word_1_357' title='bbox 3466 2393 3797 2462; x_wconf 69' lang='grc' dir='ltr'>φάρμακον,</span> 
     </span>
    </p>
   </div>
   <div class='ocr_carea' id='block_1_54' title="bbox 2227 2479 3802 2552">
    <p class='ocr_par' dir='ltr' id='par_1_54' title="bbox 2227 2479 3802 2552">
     <span class='ocr_line' id='line_1_54' title="bbox 2227 2479 3802 2552; baseline 0.004 -22"><span class='ocrx_word' id='word_1_358' title='bbox 2227 2481 2318 2531; x_wconf 79' lang='grc' dir='ltr'><strong>ἐπὶ</strong></span> <span class='ocrx_word' id='word_1_359' title='bbox 2352 2480 2411 2532; x_wconf 74' lang='grc' dir='ltr'><strong>τὸ</strong></span> <span class='ocrx_word' id='word_1_360' title='bbox 2440 2479 2649 2534; x_wconf 77' lang='grc' dir='ltr'>ἀνελεῖν</span> <span class='ocrx_word' id='word_1_361' title='bbox 2695 2483 2752 2533; x_wconf 85' lang='grc' dir='ltr'><strong>τὸ</strong></span> <span class='ocrx_word' id='word_1_362' title='bbox 2793 2483 3293 2550; x_wconf 67' lang='grc' dir='ltr'>ἐγκεδμονοὺμενον,</span> <span class='ocrx_word' id='word_1_363' title='bbox 3327 2484 3616 2552; x_wconf 72' lang='grc' dir='ltr'>φονεύτριά</span> <span class='ocrx_word' id='word_1_364' title='bbox 3657 2487 3802 2537; x_wconf 78' lang='grc' dir='ltr'>ἐστι.</span> 
     </span>
    </p>
   </div>
   <div class='ocr_carea' id='block_1_55' title="bbox 2229 2568 3805 2640">
    <p class='ocr_par' dir='ltr' id='par_1_55' title="bbox 2229 2568 3805 2640">
     <span class='ocr_line' id='line_1_55' title="bbox 2229 2568 3805 2640; baseline 0 -18"><span class='ocrx_word' id='word_1_365' title='bbox 2229 2570 2340 2622; x_wconf 72' lang='grc' dir='ltr'><strong>Καὶ</strong></span> <span class='ocrx_word' id='word_1_366' title='bbox 2364 2573 2463 2623; x_wconf 81' lang='grc' dir='ltr'><strong>οὐκ</strong></span> <span class='ocrx_word' id='word_1_367' title='bbox 2497 2571 2976 2640; x_wconf 75' lang='grc' dir='ltr'>ἀκριϐολογοῦμεν,</span> <span class='ocrx_word' id='word_1_368' title='bbox 3007 2573 3060 2623; x_wconf 82' lang='grc' dir='ltr'>ετ</span> <span class='ocrx_word' id='word_1_369' title='bbox 3087 2589 3148 2638; x_wconf 76' lang='grc' dir='ltr'>γε</span> <span class='ocrx_word' id='word_1_370' title='bbox 3177 2573 3608 2636; x_wconf 65' lang='grc' dir='ltr'>ἀνεξεικόειιστον</span> <span class='ocrx_word' id='word_1_371' title='bbox 3645 2568 3715 2640; x_wconf 75' lang='grc' dir='ltr'>ἦν</span> <span class='ocrx_word' id='word_1_372' title='bbox 3742 2575 3805 2622; x_wconf 72' lang='grc' dir='ltr'><strong>τὸ</strong></span> 
     </span>
    </p>
   </div>
   <div class='ocr_carea' id='block_1_56' title="bbox 2229 2661 3802 2730">
    <p class='ocr_par' dir='ltr' id='par_1_56' title="bbox 2229 2661 3802 2730">
     <span class='ocr_line' id='line_1_56' title="bbox 2229 2661 3802 2730; baseline 0.001 -19"><span class='ocrx_word' id='word_1_373' title='bbox 2229 2661 2484 2729; x_wconf 76' lang='grc' dir='ltr'>ἔμϐρυον,</span> <span class='ocrx_word' id='word_1_374' title='bbox 2521 2661 2553 2730; x_wconf 77' lang='grc' dir='ltr'>ἢ</span> <span class='ocrx_word' id='word_1_375' title='bbox 2593 2664 2684 2713; x_wconf 73' lang='grc' dir='ltr'><strong>καὶ</strong></span> <span class='ocrx_word' id='word_1_376' title='bbox 2749 2663 3179 2730; x_wconf 71' lang='grc' dir='ltr'>μεμορφωμένου</span> <span class='ocrx_word' id='word_1_377' title='bbox 3209 2677 3222 2690; x_wconf 77' lang='grc'><strong>⁸</strong></span> <span class='ocrx_word' id='word_1_378' title='bbox 3277 2662 3410 2714; x_wconf 78' lang='grc' dir='ltr'>διότι</span> <span class='ocrx_word' id='word_1_379' title='bbox 3467 2662 3540 2724; x_wconf 84' lang='grc' dir='ltr'>ὡς</span> <span class='ocrx_word' id='word_1_380' title='bbox 3581 2664 3677 2714; x_wconf 80' lang='grc' dir='ltr'><strong>ἐπὶ</strong></span> <span class='ocrx_word' id='word_1_381' title='bbox 3737 2664 3802 2714; x_wconf 66' lang='grc' dir='ltr'><strong>τδ</strong></span> 
     </span>
    </p>
   </div>
   <div class='ocr_carea' id='block_1_57' title="bbox 2227 2751 3794 2822">
    <p class='ocr_par' dir='ltr' id='par_1_57' title="bbox 2227 2751 3794 2822">
     <span class='ocr_line' id='line_1_57' title="bbox 2227 2751 3794 2822; baseline 0.001 -18"><span class='ocrx_word' id='word_1_382' title='bbox 2227 2752 2361 2804; x_wconf 80' lang='grc' dir='ltr'>πολὺ</span> <span class='ocrx_word' id='word_1_383' title='bbox 2393 2751 2896 2820; x_wconf 74' lang='grc' dir='ltr'>συναποθνῄσκουσι</span> <span class='ocrx_word' id='word_1_384' title='bbox 2932 2753 3009 2820; x_wconf 77' lang='grc' dir='ltr'>τῷ</span> <span class='ocrx_word' id='word_1_385' title='bbox 3040 2751 3264 2822; x_wconf 75' lang='grc' dir='ltr'><strong>ἐμϐρύῳ</strong></span> <span class='ocrx_word' id='word_1_386' title='bbox 3291 2753 3386 2804; x_wconf 62' lang='grc' dir='ltr'>καὶ</span> <span class='ocrx_word' id='word_1_387' title='bbox 3415 2754 3469 2804; x_wconf 89' lang='grc' dir='ltr'>αἱ</span> <span class='ocrx_word' id='word_1_388' title='bbox 3501 2756 3794 2820; x_wconf 71' lang='grc' dir='ltr'>γυναῖκες·</span> 
     </span>
    </p>
   </div>
   <div class='ocr_carea' id='block_1_58' title="bbox 2229 2838 3796 2909">
    <p class='ocr_par' dir='ltr' id='par_1_58' title="bbox 2229 2838 3796 2909">
     <span class='ocr_line' id='line_1_58' title="bbox 2229 2838 3796 2909; baseline 0.002 -19"><span class='ocrx_word' id='word_1_389' title='bbox 2229 2838 2323 2892; x_wconf 81' lang='grc' dir='ltr'>καὶ</span> <span class='ocrx_word' id='word_1_390' title='bbox 2357 2841 2478 2891; x_wconf 83' lang='grc' dir='ltr'>ὅσον</span> <span class='ocrx_word' id='word_1_391' title='bbox 2509 2839 2649 2892; x_wconf 85' lang='grc' dir='ltr'><strong>κατά</strong></span> <span class='ocrx_word' id='word_1_392' title='bbox 2675 2839 2772 2909; x_wconf 84' lang='grc' dir='ltr'>τὴν</span> <span class='ocrx_word' id='word_1_393' title='bbox 2796 2840 3038 2893; x_wconf 86' lang='grc' dir='ltr'>ἐπίνοιαν</span> <span class='ocrx_word' id='word_1_394' title='bbox 3083 2840 3261 2892; x_wconf 82' lang='grc' dir='ltr'>αὐτῶν</span> <span class='ocrx_word' id='word_1_395' title='bbox 3291 2840 3384 2892; x_wconf 73' lang='grc' dir='ltr'><strong>δύο</strong></span> <span class='ocrx_word' id='word_1_396' title='bbox 3412 2840 3657 2908; x_wconf 84' lang='grc' dir='ltr'>γίνονται</span> <span class='ocrx_word' id='word_1_397' title='bbox 3693 2842 3796 2908; x_wconf 83' lang='grc' dir='ltr'><strong>φό-</strong></span> 
     </span>
    </p>
   </div>
   <div class='ocr_carea' id='block_1_59' title="bbox 2227 2927 3798 3000">
    <p class='ocr_par' dir='ltr' id='par_1_59' title="bbox 2227 2927 3798 3000">
     <span class='ocr_line' id='line_1_59' title="bbox 2227 2927 3798 3000; baseline 0 -18"><span class='ocrx_word' id='word_1_398' title='bbox 2227 2947 2325 2993; x_wconf 79' lang='grc' dir='ltr'>νοι,</span> <span class='ocrx_word' id='word_1_399' title='bbox 2353 2927 2432 2991; x_wconf 80' lang='grc' dir='ltr'>εἷς</span> <span class='ocrx_word' id='word_1_400' title='bbox 2485 2929 2602 2995; x_wconf 80' lang='grc' dir='ltr'>μὲν,</span> <span class='ocrx_word' id='word_1_401' title='bbox 2650 2931 2676 2980; x_wconf 86' lang='lat'><strong>6</strong></span> <span class='ocrx_word' id='word_1_402' title='bbox 2711 2931 2808 2997; x_wconf 83' lang='grc' dir='ltr'>τῆς</span> <span class='ocrx_word' id='word_1_403' title='bbox 2831 2929 3139 2999; x_wconf 80' lang='grc' dir='ltr'><strong>τικτούσης,</strong></span> <span class='ocrx_word' id='word_1_404' title='bbox 3180 2931 3364 3000; x_wconf 76' lang='grc' dir='ltr'>ἔτερος</span> <span class='ocrx_word' id='word_1_405' title='bbox 3409 2932 3463 2982; x_wconf 84' lang='grc' dir='ltr'>δὲ</span> <span class='ocrx_word' id='word_1_406' title='bbox 3497 2932 3523 2982; x_wconf 92' lang='lat'><strong>6</strong></span> <span class='ocrx_word' id='word_1_407' title='bbox 3556 2931 3649 2982; x_wconf 72' lang='grc' dir='ltr'>τοῦ</span> <span class='ocrx_word' id='word_1_408' title='bbox 3691 2934 3798 3000; x_wconf 82' lang='grc' dir='ltr'><strong>ἐμ-</strong></span> 
     </span>
    </p>
   </div>
   <div class='ocr_carea' id='block_1_60' title="bbox 2229 3018 3800 3089">
    <p class='ocr_par' dir='ltr' id='par_1_60' title="bbox 2229 3018 3800 3089">
     <span class='ocr_line' id='line_1_60' title="bbox 2229 3018 3800 3089; baseline 0.003 -19"><span class='ocrx_word' id='word_1_409' title='bbox 2229 3018 2416 3089; x_wconf 77' lang='grc' dir='ltr'>ϐρύου.</span> <span class='ocrx_word' id='word_1_410' title='bbox 2461 3019 2583 3071; x_wconf 76' lang='grc' dir='ltr'><strong>Ἐπὶ</strong></span> <span class='ocrx_word' id='word_1_411' title='bbox 2627 3020 2757 3072; x_wconf 80' lang='grc' dir='ltr'>δέκα</span> <span class='ocrx_word' id='word_1_412' title='bbox 2788 3019 2922 3084; x_wconf 82' lang='grc' dir='ltr'>γοῦν</span> <span class='ocrx_word' id='word_1_413' title='bbox 2975 3020 3151 3072; x_wconf 83' lang='grc' dir='ltr'>ἐτεσιν</span> <span class='ocrx_word' id='word_1_414' title='bbox 3198 3021 3253 3073; x_wconf 72' lang='grc' dir='ltr'>αἱ</span> <span class='ocrx_word' id='word_1_415' title='bbox 3314 3021 3559 3074; x_wconf 82' lang='grc' dir='ltr'>τοιαῦται</span> <span class='ocrx_word' id='word_1_416' title='bbox 3615 3023 3800 3074; x_wconf 84' lang='grc' dir='ltr'>ἐπιτι-</span> 
     </span>
    </p>
   </div>
   <div class='ocr_carea' id='block_1_61' title="bbox 569 3109 2132 3183">
    <p class='ocr_par' dir='ltr' id='par_1_61' title="bbox 569 3114 2120 3182">
     <span class='ocr_line' id='line_1_61' title="bbox 569 3114 2120 3182; baseline -0.003 -13"><span class='ocrx_word' id='word_1_417' title='bbox 569 3130 740 3169; x_wconf 89' lang='lat' dir='ltr'><strong>annos</strong></span> <span class='ocrx_word' id='word_1_418' title='bbox 765 3130 884 3169; x_wconf 89' lang='lat' dir='ltr'><strong>cum</strong></span> <span class='ocrx_word' id='word_1_419' title='bbox 917 3114 1258 3167; x_wconf 85' lang='lat' dir='ltr'><strong>audientibus</strong></span> <span class='ocrx_word' id='word_1_420' title='bbox 1302 3125 1548 3182; x_wconf 80' lang='lat' dir='ltr'><strong>agentes,</strong></span> <span class='ocrx_word' id='word_1_421' title='bbox 1582 3122 1811 3180; x_wconf 88' lang='lat' dir='ltr'><strong>quatuor</strong></span> <span class='ocrx_word' id='word_1_422' title='bbox 1840 3115 2120 3177; x_wconf 84' lang='lat' dir='ltr'><strong>substrati,</strong></span> 
     </span>
    </p>
   </div>
   <div class='ocr_carea' id='block_1_62' title="bbox 2240 3109 3801 3183">
    <p class='ocr_par' dir='ltr' id='par_1_62' title="bbox 2240 3109 3801 3183">
     <span class='ocr_line' id='line_1_62' title="bbox 2240 3109 3801 3183; baseline 0.003 -21"><span class='ocrx_word' id='word_1_423' title='bbox 2240 3111 2453 3179; x_wconf 75' lang='grc' dir='ltr'>μῶνται,</span> <span class='ocrx_word' id='word_1_424' title='bbox 2500 3109 2592 3162; x_wconf 77' lang='grc' dir='ltr'><strong>δύο</strong></span> <span class='ocrx_word' id='word_1_425' title='bbox 2640 3111 2736 3178; x_wconf 86' lang='grc' dir='ltr'><strong>μὲν</strong></span> <span class='ocrx_word' id='word_1_426' title='bbox 2786 3110 2878 3177; x_wconf 83' lang='grc' dir='ltr'>ἔτη</span> <span class='ocrx_word' id='word_1_427' title='bbox 2930 3111 3374 3179; x_wconf 83' lang='grc' dir='ltr'>προσκλαίουσαι,</span> <span class='ocrx_word' id='word_1_428' title='bbox 3413 3113 3535 3183; x_wconf 84' lang='grc' dir='ltr'>τρία</span> <span class='ocrx_word' id='word_1_429' title='bbox 3586 3113 3644 3166; x_wconf 85' lang='grc' dir='ltr'><strong>δέ</strong></span> <span class='ocrx_word' id='word_1_430' title='bbox 3696 3115 3801 3182; x_wconf 75' lang='grc' dir='ltr'><strong>ἐτη</strong></span> 
     </span>
    </p>
   </div>
   <div class='ocr_carea' id='block_1_63' title="bbox 568 3204 2125 3270">
    <p class='ocr_par' dir='ltr' id='par_1_63' title="bbox 568 3204 2125 3270">
     <span class='ocr_line' id='line_1_63' title="bbox 568 3204 2125 3270; baseline -0.003 -10"><span class='ocrx_word' id='word_1_431' title='bbox 568 3217 622 3260; x_wconf 88' lang='lat' dir='ltr'><strong>et</strong></span> <span class='ocrx_word' id='word_1_432' title='bbox 656 3221 794 3260; x_wconf 87' lang='lat' dir='ltr'><strong>anno</strong></span> <span class='ocrx_word' id='word_1_433' title='bbox 825 3220 945 3260; x_wconf 90' lang='lat' dir='ltr'><strong>cum</strong></span> <span class='ocrx_word' id='word_1_434' title='bbox 975 3204 1216 3260; x_wconf 81' lang='lat' dir='ltr'><strong>ﬁdelibus</strong></span> <span class='ocrx_word' id='word_1_435' title='bbox 1248 3204 1547 3268; x_wconf 88' lang='lat' dir='ltr'><strong>constituti,</strong></span> <span class='ocrx_word' id='word_1_436' title='bbox 1572 3213 1625 3258; x_wconf 87' lang='lat' dir='ltr'><strong>et</strong></span> <span class='ocrx_word' id='word_1_437' title='bbox 1658 3205 1737 3258; x_wconf 91' lang='lat' dir='ltr'><strong>sic</strong></span> <span class='ocrx_word' id='word_1_438' title='bbox 1781 3215 1897 3270; x_wconf 87' lang='lat' dir='ltr'><strong>post</strong></span> <span class='ocrx_word' id='word_1_439' title='bbox 1927 3206 2125 3258; x_wconf 83' lang='lat' dir='ltr'><strong>decen-</strong></span> 
     </span>
    </p>
   </div>
   <div class='ocr_carea' id='block_1_64' title="bbox 569 3298 2122 3367">
    <p class='ocr_par' dir='ltr' id='par_1_64' title="bbox 569 3298 2122 3367">
     <span class='ocr_line' id='line_1_64' title="bbox 569 3298 2122 3367; baseline -0.001 -16"><span class='ocrx_word' id='word_1_440' title='bbox 569 3301 714 3352; x_wconf 89' lang='lat' dir='ltr'><strong>nium</strong></span> <span class='ocrx_word' id='word_1_441' title='bbox 742 3300 1044 3353; x_wconf 84' lang='lat' dir='ltr'><strong>divinorum</strong></span> <span class='ocrx_word' id='word_1_442' title='bbox 1098 3309 1554 3354; x_wconf 82' lang='lat' dir='ltr'><strong>sacramentorum</strong></span> <span class='ocrx_word' id='word_1_443' title='bbox 1607 3298 1896 3367; x_wconf 83' lang='lat' dir='ltr'><strong>participes</strong></span> <span class='ocrx_word' id='word_1_444' title='bbox 1945 3308 2122 3353; x_wconf 88' lang='lat' dir='ltr'><strong>erunt.</strong></span> 
     </span>
    </p>
   </div>
   <div class='ocr_carea' id='block_1_65' title="bbox 1088 3565 1594 3638">
    <p class='ocr_par' dir='ltr' id='par_1_65' title="bbox 1088 3565 1594 3638">
     <span class='ocr_line' id='line_1_65' title="bbox 1088 3565 1594 3638; baseline -0.008 -14"><span class='ocrx_word' id='word_1_445' title='bbox 1088 3568 1190 3638; x_wconf 84' lang='lat'><strong>53</strong></span> <span class='ocrx_word' id='word_1_446' title='bbox 1235 3565 1462 3622; x_wconf 80' lang='lat' dir='ltr'><strong>CANON</strong></span> <span class='ocrx_word' id='word_1_447' title='bbox 1510 3566 1594 3620; x_wconf 85' lang='grc' dir='ltr'><strong>ιη.</strong></span> 
     </span>
    </p>
   </div>
   <div class='ocr_carea' id='block_1_66' title="bbox 571 3656 2124 3732">
    <p class='ocr_par' dir='ltr' id='par_1_66' title="bbox 571 3656 2124 3732">
     <span class='ocr_line' id='line_1_66' title="bbox 571 3656 2124 3732; baseline -0.004 -16"><span class='ocrx_word' id='word_1_448' title='bbox 571 3663 842 3718; x_wconf 83' lang='lat' dir='ltr'><strong>Diaconus</strong></span> <span class='ocrx_word' id='word_1_449' title='bbox 872 3670 994 3732; x_wconf 86' lang='lat' dir='ltr'><strong>post</strong></span> <span class='ocrx_word' id='word_1_450' title='bbox 1037 3661 1379 3715; x_wconf 89' lang='lat' dir='ltr'><strong>diaconatum</strong></span> <span class='ocrx_word' id='word_1_451' title='bbox 1414 3658 1728 3724; x_wconf 88' lang='lat' dir='ltr'><strong>fornicatus,</strong></span> <span class='ocrx_word' id='word_1_452' title='bbox 1773 3672 1800 3710; x_wconf 89' lang='lat' dir='ltr'><strong>a</strong></span> <span class='ocrx_word' id='word_1_453' title='bbox 1840 3656 2124 3711; x_wconf 87' lang='lat' dir='ltr'><strong>diaconatu</strong></span> 
     </span>
    </p>
   </div>
   <div class='ocr_carea' id='block_1_67' title="bbox 642 3747 2129 3822">
    <p class='ocr_par' dir='ltr' id='par_1_67' title="bbox 642 3747 2129 3822">
     <span class='ocr_line' id='line_1_67' title="bbox 642 3747 2129 3822; baseline -0.005 -14"><span class='ocrx_word' id='word_1_454' title='bbox 642 3753 858 3822; x_wconf 77' lang='lat' dir='ltr'><strong>quidem</strong></span> <span class='ocrx_word' id='word_1_455' title='bbox 903 3752 1147 3820; x_wconf 79' lang='lat' dir='ltr'><strong>ejicietur</strong></span> <span class='ocrx_word' id='word_1_456' title='bbox 1185 3794 1199 3818; x_wconf 89' lang='lat'><strong>,</strong></span> <span class='ocrx_word' id='word_1_457' title='bbox 1231 3753 1282 3804; x_wconf 88' lang='lat' dir='ltr'><strong>in</strong></span> <span class='ocrx_word' id='word_1_458' title='bbox 1320 3751 1576 3804; x_wconf 84' lang='lat' dir='ltr'><strong>laicorum</strong></span> <span class='ocrx_word' id='word_1_459' title='bbox 1615 3758 1790 3801; x_wconf 88' lang='lat' dir='ltr'><strong>autem</strong></span> <span class='ocrx_word' id='word_1_460' title='bbox 1833 3747 2006 3800; x_wconf 89' lang='lat' dir='ltr'><strong>locum</strong></span> <span class='ocrx_word' id='word_1_461' title='bbox 2039 3763 2129 3801; x_wconf 79' lang='lat' dir='ltr'><strong>ex-</strong></span> 
     </span>
    </p>
   </div>
   <div class='ocr_carea' id='block_1_68' title="bbox 634 3837 2123 3906">
    <p class='ocr_par' dir='ltr' id='par_1_68' title="bbox 634 3837 2123 3906">
     <span class='ocr_line' id='line_1_68' title="bbox 634 3837 2123 3906; baseline -0.005 -12"><span class='ocrx_word' id='word_1_462' title='bbox 634 3851 834 3906; x_wconf 92' lang='lat' dir='ltr'><strong>trusus,</strong></span> <span class='ocrx_word' id='word_1_463' title='bbox 879 3857 908 3894; x_wconf 87' lang='lat' dir='ltr'><strong>a</strong></span> <span class='ocrx_word' id='word_1_464' title='bbox 960 3841 1344 3895; x_wconf 89' lang='lat' dir='ltr'><strong>communione</strong></span> <span class='ocrx_word' id='word_1_465' title='bbox 1377 3855 1484 3894; x_wconf 90' lang='lat' dir='ltr'><strong>non</strong></span> <span class='ocrx_word' id='word_1_466' title='bbox 1533 3840 1802 3892; x_wconf 81' lang='lat' dir='ltr'><strong>arcebitur</strong></span> <span class='ocrx_word' id='word_1_467' title='bbox 1834 3837 2123 3906; x_wconf 77' lang='lat' dir='ltr'><strong>:qunniam</strong></span> 
     </span>
    </p>
   </div>
   <div class='ocr_carea' id='block_1_69' title="bbox 630 3927 2118 4001">
    <p class='ocr_par' dir='ltr' id='par_1_69' title="bbox 630 3927 2118 4001">
     <span class='ocr_line' id='line_1_69' title="bbox 630 3927 2118 4001; baseline -0.006 -15"><span class='ocrx_word' id='word_1_468' title='bbox 630 3933 884 4001; x_wconf 84' lang='lat' dir='ltr'><strong>antiquus</strong></span> <span class='ocrx_word' id='word_1_469' title='bbox 923 3940 1005 3985; x_wconf 88' lang='lat' dir='ltr'><strong>est</strong></span> <span class='ocrx_word' id='word_1_470' title='bbox 1049 3947 1242 3995; x_wconf 90' lang='lat' dir='ltr'><strong>canon,</strong></span> <span class='ocrx_word' id='word_1_471' title='bbox 1271 3940 1329 3984; x_wconf 92' lang='lat' dir='ltr'><strong>ut</strong></span> <span class='ocrx_word' id='word_1_472' title='bbox 1358 3931 1448 3998; x_wconf 88' lang='lat' dir='ltr'><strong>qui</strong></span> <span class='ocrx_word' id='word_1_473' title='bbox 1493 3945 1520 3982; x_wconf 83' lang='lat' dir='ltr'><strong>a</strong></span> <span class='ocrx_word' id='word_1_474' title='bbox 1575 3931 1740 3996; x_wconf 79' lang='lat' dir='ltr'><strong>gradu</strong></span> <span class='ocrx_word' id='word_1_475' title='bbox 1781 3927 2118 3986; x_wconf 79' lang='lat' dir='ltr'><strong>exciderunt,</strong></span> 
     </span>
    </p>
   </div>
   <div class='ocr_carea' id='block_1_70' title="bbox 638 4015 2125 4092">
    <p class='ocr_par' dir='ltr' id='par_1_70' title="bbox 638 4015 2125 4092">
     <span class='ocr_line' id='line_1_70' title="bbox 638 4015 2125 4092; baseline -0.007 -16"><span class='ocrx_word' id='word_1_476' title='bbox 638 4025 760 4079; x_wconf 90' lang='lat' dir='ltr'><strong>huic</strong></span> <span class='ocrx_word' id='word_1_477' title='bbox 803 4023 902 4078; x_wconf 90' lang='lat' dir='ltr'><strong>soli</strong></span> <span class='ocrx_word' id='word_1_478' title='bbox 948 4022 1242 4092; x_wconf 83' lang='lat' dir='ltr'><strong>punitiOnis</strong></span> <span class='ocrx_word' id='word_1_479' title='bbox 1295 4021 1476 4090; x_wconf 78' lang='lat' dir='ltr'><strong>generi</strong></span> <span class='ocrx_word' id='word_1_480' title='bbox 1526 4019 1882 4086; x_wconf 87' lang='lat' dir='ltr'><strong>subjiciantnr</strong></span> <span class='ocrx_word' id='word_1_481' title='bbox 1937 4031 1950 4066; x_wconf 88' lang='lat'><strong>:</strong></span> <span class='ocrx_word' id='word_1_482' title='bbox 1991 4015 2125 4067; x_wconf 87' lang='lat' dir='ltr'><strong>anti-</strong></span> 
     </span>
    </p>
   </div>
   <div class='ocr_carea' id='block_1_71' title="bbox 637 4107 2127 4186">
    <p class='ocr_par' dir='ltr' id='par_1_71' title="bbox 637 4107 2127 4186">
     <span class='ocr_line' id='line_1_71' title="bbox 637 4107 2127 4186; baseline -0.007 -17"><span class='ocrx_word' id='word_1_483' title='bbox 637 4117 788 4186; x_wconf 90' lang='lat' dir='ltr'><strong>quis,</strong></span> <span class='ocrx_word' id='word_1_484' title='bbox 832 4125 888 4168; x_wconf 90' lang='lat' dir='ltr'><strong>ut</strong></span> <span class='ocrx_word' id='word_1_485' title='bbox 920 4113 1193 4176; x_wconf 79' lang='lat' dir='ltr'><strong>existimo,</strong></span> <span class='ocrx_word' id='word_1_486' title='bbox 1225 4115 1390 4180; x_wconf 78' lang='lat' dir='ltr'><strong>legem</strong></span> <span class='ocrx_word' id='word_1_487' title='bbox 1429 4110 1570 4162; x_wconf 81' lang='lat' dir='ltr'><strong>illam</strong></span> <span class='ocrx_word' id='word_1_488' title='bbox 1607 4109 1830 4170; x_wconf 75' lang='lat' dir='ltr'><strong>secutis,</strong></span> <span class='ocrx_word' id='word_1_489' title='bbox 1861 4107 1972 4160; x_wconf 80' lang='lat' dir='ltr'><strong>Non</strong></span> <span class='ocrx_word' id='word_1_490' title='bbox 2009 4108 2127 4159; x_wconf 87' lang='lat' dir='ltr'><strong>vin-</strong></span> 
     </span>
    </p>
   </div>
   <div class='ocr_carea' id='block_1_72' title="bbox 639 4197 2125 4270">
    <p class='ocr_par' dir='ltr' id='par_1_72' title="bbox 639 4197 2125 4270">
     <span class='ocr_line' id='line_1_72' title="bbox 639 4197 2125 4270; baseline -0.009 -9"><span class='ocrx_word' id='word_1_491' title='bbox 639 4206 849 4261; x_wconf 86' lang='lat' dir='ltr'><strong>dicahis</strong></span> <span class='ocrx_word' id='word_1_492' title='bbox 904 4207 985 4258; x_wconf 89' lang='lat' dir='ltr'><strong>bis</strong></span> <span class='ocrx_word' id='word_1_493' title='bbox 1024 4205 1076 4256; x_wconf 85' lang='lat' dir='ltr'><strong>in</strong></span> <span class='ocrx_word' id='word_1_494' title='bbox 1114 4203 1341 4270; x_wconf 83' lang='lat' dir='ltr'><strong>idipsum</strong></span> <span class='ocrx_word' id='word_1_495' title='bbox 1377 4219 1388 4252; x_wconf 91' lang='lat'>:</span> <span class='ocrx_word' id='word_1_496' title='bbox 1427 4210 1478 4251; x_wconf 74' lang='lat' dir='ltr'><strong>cl</strong></span> <span class='ocrx_word' id='word_1_497' title='bbox 1525 4201 1683 4253; x_wconf 77' lang='lat' dir='ltr'><strong>etiam</strong></span> <span class='ocrx_word' id='word_1_498' title='bbox 1726 4209 1941 4266; x_wconf 80' lang='lat' dir='ltr'><strong>propter</strong></span> <span class='ocrx_word' id='word_1_499' title='bbox 1969 4197 2125 4248; x_wconf 76' lang='lat' dir='ltr'><strong>aliain</strong></span> 
     </span>
    </p>
   </div>
   <div class='ocr_carea' id='block_1_73' title="bbox 637 4286 2126 4364">
    <p class='ocr_par' dir='ltr' id='par_1_73' title="bbox 637 4286 2126 4364">
     <span class='ocr_line' id='line_1_73' title="bbox 637 4286 2126 4364; baseline -0.013 -12"><span class='ocrx_word' id='word_1_500' title='bbox 637 4313 874 4362; x_wconf 89' lang='lat' dir='ltr'><strong>causam,</strong></span> <span class='ocrx_word' id='word_1_501' title='bbox 912 4296 1055 4364; x_wconf 85' lang='lat' dir='ltr'><strong>quod</strong></span> <span class='ocrx_word' id='word_1_502' title='bbox 1095 4295 1182 4362; x_wconf 89' lang='lat' dir='ltr'><strong>qui</strong></span> <span class='ocrx_word' id='word_1_503' title='bbox 1213 4303 1338 4346; x_wconf 70' lang='lat' dir='ltr'><strong>sunt</strong></span> <span class='ocrx_word' id='word_1_504' title='bbox 1371 4292 1584 4360; x_wconf 82' lang='lat' dir='ltr'><strong>quidem</strong></span> <span class='ocrx_word' id='word_1_505' title='bbox 1630 4293 1681 4343; x_wconf 90' lang='lat' dir='ltr'><strong>in</strong></span> <span class='ocrx_word' id='word_1_506' title='bbox 1735 4291 1924 4342; x_wconf 86' lang='lat' dir='ltr'><strong>ordine</strong></span> <span class='ocrx_word' id='word_1_507' title='bbox 1969 4286 2126 4348; x_wconf 74' lang='lat' dir='ltr'><strong>lateu,</strong></span> 
     </span>
    </p>
   </div>
   <div class='ocr_carea' id='block_1_74' title="bbox 638 4382 2129 4452">
    <p class='ocr_par' dir='ltr' id='par_1_74' title="bbox 638 4382 2129 4452">
     <span class='ocr_line' id='line_1_74' title="bbox 638 4382 2129 4452; baseline -0.009 -9"><span class='ocrx_word' id='word_1_508' title='bbox 638 4407 666 4443; x_wconf 88' lang='lat' dir='ltr'><strong>a</strong></span> <span class='ocrx_word' id='word_1_509' title='bbox 717 4389 837 4442; x_wconf 90' lang='lat' dir='ltr'><strong>loco</strong></span> <span class='ocrx_word' id='word_1_510' title='bbox 882 4387 1120 4440; x_wconf 80' lang='lat' dir='ltr'><strong>ﬁdelium</strong></span> <span class='ocrx_word' id='word_1_511' title='bbox 1168 4383 1346 4452; x_wconf 91' lang='lat' dir='ltr'><strong>ejecti,</strong></span> <span class='ocrx_word' id='word_1_512' title='bbox 1394 4398 1578 4436; x_wconf 86' lang='lat' dir='ltr'><strong>rursus</strong></span> <span class='ocrx_word' id='word_1_513' title='bbox 1632 4382 1683 4434; x_wconf 92' lang='lat' dir='ltr'><strong>in</strong></span> <span class='ocrx_word' id='word_1_514' title='bbox 1731 4396 1874 4444; x_wconf 87' lang='lat' dir='ltr'><strong>eum,</strong></span> <span class='ocrx_word' id='word_1_515' title='bbox 1914 4394 1977 4431; x_wconf 82' lang='lat' dir='ltr'><strong>ex</strong></span> <span class='ocrx_word' id='word_1_516' title='bbox 2021 4393 2129 4447; x_wconf 92' lang='lat' dir='ltr'><strong>quo</strong></span> 
     </span>
    </p>
   </div>
   <div class='ocr_carea' id='block_1_75' title="bbox 638 4453 2202 4542">
    <p class='ocr_par' dir='ltr' id='par_1_75' title="bbox 638 4453 2202 4542">
     <span class='ocr_line' id='line_1_75' title="bbox 638 4453 2202 4542; baseline -0.01 -7"><span class='ocrx_word' id='word_1_517' title='bbox 638 4481 966 4542; x_wconf 79' lang='lat' dir='ltr'><strong>ceciderunt,</strong></span> <span class='ocrx_word' id='word_1_518' title='bbox 1029 4477 1204 4530; x_wconf 89' lang='lat' dir='ltr'><strong>locum</strong></span> <span class='ocrx_word' id='word_1_519' title='bbox 1272 4475 1621 4542; x_wconf 83' lang='lat' dir='ltr'><strong>recipiuntur.</strong></span> <span class='ocrx_word' id='word_1_520' title='bbox 1681 4472 1945 4524; x_wconf 71' lang='lat' dir='ltr'><strong>Diaconus</strong></span> <span class='ocrx_word' id='word_1_521' title='bbox 1999 4483 2126 4522; x_wconf 84' lang='lat' dir='ltr'><strong>vero</strong></span> <span class='ocrx_word' id='word_1_522' title='bbox 2162 4453 2202 4510; x_wconf 78' lang='grc' dir='ltr'><strong>ο</strong></span> 
     </span>
    </p>
   </div>
   <div class='ocr_carea' id='block_1_76' title="bbox 637 4560 2126 4636">
    <p class='ocr_par' dir='ltr' id='par_1_76' title="bbox 637 4560 2126 4636">
     <span class='ocr_line' id='line_1_76' title="bbox 637 4560 2126 4636; baseline -0.011 -10"><span class='ocrx_word' id='word_1_523' title='bbox 637 4577 796 4626; x_wconf 78' lang='lat' dir='ltr'><strong>semel</strong></span> <span class='ocrx_word' id='word_1_524' title='bbox 833 4571 1015 4633; x_wconf 85' lang='lat' dir='ltr'><strong>habet,</strong></span> <span class='ocrx_word' id='word_1_525' title='bbox 1037 4565 1175 4636; x_wconf 86' lang='lat' dir='ltr'><strong>quod</strong></span> <span class='ocrx_word' id='word_1_526' title='bbox 1203 4564 1451 4628; x_wconf 86' lang='lat' dir='ltr'><strong>suﬂiciat,</strong></span> <span class='ocrx_word' id='word_1_527' title='bbox 1475 4564 1823 4631; x_wconf 84' lang='lat' dir='ltr'><strong>depositionis</strong></span> <span class='ocrx_word' id='word_1_528' title='bbox 1845 4560 2126 4628; x_wconf 81' lang='lat' dir='ltr'><strong>judicium.</strong></span> 
     </span>
    </p>
   </div>
   <div class='ocr_carea' id='block_1_77' title="bbox 641 4651 2126 4729">
    <p class='ocr_par' dir='ltr' id='par_1_77' title="bbox 641 4651 2126 4729">
     <span class='ocr_line' id='line_1_77' title="bbox 641 4651 2126 4729; baseline -0.01 -14"><span class='ocrx_word' id='word_1_529' title='bbox 641 4661 1078 4729; x_wconf 77' lang='lat' dir='ltr'><strong>Quandoquidem</strong></span> <span class='ocrx_word' id='word_1_530' title='bbox 1104 4672 1232 4727; x_wconf 89' lang='lat' dir='ltr'><strong>ergo</strong></span> <span class='ocrx_word' id='word_1_531' title='bbox 1266 4671 1371 4710; x_wconf 91' lang='lat' dir='ltr'><strong>non</strong></span> <span class='ocrx_word' id='word_1_532' title='bbox 1402 4655 1706 4707; x_wconf 86' lang='lat' dir='ltr'><strong>reddendus</strong></span> <span class='ocrx_word' id='word_1_533' title='bbox 1750 4654 1797 4704; x_wconf 91' lang='lat' dir='ltr'><strong>ei</strong></span> <span class='ocrx_word' id='word_1_534' title='bbox 1845 4653 1913 4702; x_wconf 78' lang='lat' dir='ltr'><strong>sit</strong></span> <span class='ocrx_word' id='word_1_535' title='bbox 1941 4651 2126 4702; x_wconf 87' lang='lat' dir='ltr'><strong>diaco-</strong></span> 
     </span>
    </p>
   </div>
   <div class='ocr_carea' id='block_1_78' title="bbox 647 4740 2128 4818">
    <p class='ocr_par' dir='ltr' id='par_1_78' title="bbox 647 4740 2128 4818">
     <span class='ocr_line' id='line_1_78' title="bbox 647 4740 2128 4818; baseline -0.011 -12"><span class='ocrx_word' id='word_1_536' title='bbox 647 4763 824 4816; x_wconf 82' lang='lat' dir='ltr'><strong>natus,</strong></span> <span class='ocrx_word' id='word_1_537' title='bbox 849 4752 899 4804; x_wconf 84' lang='lat' dir='ltr'><strong>in</strong></span> <span class='ocrx_word' id='word_1_538' title='bbox 932 4766 995 4804; x_wconf 88' lang='lat' dir='ltr'><strong>ea</strong></span> <span class='ocrx_word' id='word_1_539' title='bbox 1024 4750 1136 4804; x_wconf 85' lang='lat' dir='ltr'><strong>sola</strong></span> <span class='ocrx_word' id='word_1_540' title='bbox 1156 4748 1435 4818; x_wconf 89' lang='lat' dir='ltr'><strong>punitione</strong></span> <span class='ocrx_word' id='word_1_541' title='bbox 1455 4751 1739 4798; x_wconf 84' lang='lat' dir='ltr'><strong>steterunt.</strong></span> <span class='ocrx_word' id='word_1_542' title='bbox 1770 4740 1891 4794; x_wconf 66' lang='lat' dir='ltr'><strong>lltec</strong></span> <span class='ocrx_word' id='word_1_543' title='bbox 1913 4740 2128 4806; x_wconf 88' lang='lat' dir='ltr'><strong>quidem</strong></span> 
     </span>
    </p>
   </div>
   <div class='ocr_carea' id='block_1_79' title="bbox 643 4830 2128 4909">
    <p class='ocr_par' dir='ltr' id='par_1_79' title="bbox 643 4830 2128 4909">
     <span class='ocr_line' id='line_1_79' title="bbox 643 4830 2128 4909; baseline -0.01 -15"><span class='ocrx_word' id='word_1_544' title='bbox 643 4852 770 4895; x_wconf 81' lang='lat' dir='ltr'><strong>sunt</strong></span> <span class='ocrx_word' id='word_1_545' title='bbox 801 4857 918 4909; x_wconf 69' lang='lat' dir='ltr'><strong>qua:</strong></span> <span class='ocrx_word' id='word_1_546' title='bbox 945 4856 1006 4893; x_wconf 82' lang='lat' dir='ltr'><strong>ex</strong></span> <span class='ocrx_word' id='word_1_547' title='bbox 1029 4837 1499 4893; x_wconf 79' lang='lat' dir='ltr'><strong>constitutionibus</strong></span> <span class='ocrx_word' id='word_1_548' title='bbox 1518 4835 1802 4887; x_wconf 86' lang='lat' dir='ltr'><strong>habentur.</strong></span> <span class='ocrx_word' id='word_1_549' title='bbox 1834 4830 1892 4882; x_wconf 90' lang='lat' dir='ltr'><strong>lu</strong></span> <span class='ocrx_word' id='word_1_550' title='bbox 1919 4845 2128 4883; x_wconf 88' lang='lat' dir='ltr'><strong>summa</strong></span> 
     </span>
    </p>
   </div>
   <div class='ocr_carea' id='block_1_80' title="bbox 647 4927 2129 4989">
    <p class='ocr_par' dir='ltr' id='par_1_80' title="bbox 647 4927 2129 4989">
     <span class='ocr_line' id='line_1_80' title="bbox 647 4927 2129 4989; baseline -0.007 -6"><span class='ocrx_word' id='word_1_551' title='bbox 647 4942 825 4984; x_wconf 75' lang='lat' dir='ltr'><strong>autem</strong></span> <span class='ocrx_word' id='word_1_552' title='bbox 881 4932 1058 4984; x_wconf 81' lang='lat' dir='ltr'><strong>verior</strong></span> <span class='ocrx_word' id='word_1_553' title='bbox 1106 4927 1369 4982; x_wconf 87' lang='lat' dir='ltr'><strong>medicina</strong></span> <span class='ocrx_word' id='word_1_554' title='bbox 1406 4935 1487 4978; x_wconf 84' lang='lat' dir='ltr'><strong>est</strong></span> <span class='ocrx_word' id='word_1_555' title='bbox 1531 4938 1780 4978; x_wconf 87' lang='lat' dir='ltr'><strong>recessus</strong></span> <span class='ocrx_word' id='word_1_556' title='bbox 1813 4939 1841 4973; x_wconf 92' lang='lat' dir='ltr'><strong>a</strong></span> <span class='ocrx_word' id='word_1_557' title='bbox 1881 4932 2129 4989; x_wconf 86' lang='lat' dir='ltr'><strong>peccato.</strong></span> 
     </span>
    </p>
   </div>
   <div class='ocr_carea' id='block_1_81' title="bbox 644 5012 2131 5090">
    <p class='ocr_par' dir='ltr' id='par_1_81' title="bbox 644 5012 2131 5090">
     <span class='ocr_line' id='line_1_81' title="bbox 644 5012 2131 5090; baseline -0.008 -16"><span class='ocrx_word' id='word_1_558' title='bbox 644 5023 822 5088; x_wconf 83' lang='lat' dir='ltr'><strong>Quare</strong></span> <span class='ocrx_word' id='word_1_559' title='bbox 848 5022 938 5090; x_wconf 90' lang='lat' dir='ltr'><strong>qui</strong></span> <span class='ocrx_word' id='word_1_560' title='bbox 966 5031 1180 5089; x_wconf 84' lang='lat' dir='ltr'><strong>propter</strong></span> <span class='ocrx_word' id='word_1_561' title='bbox 1210 5020 1390 5072; x_wconf 84' lang='lat' dir='ltr'><strong>carnis</strong></span> <span class='ocrx_word' id='word_1_562' title='bbox 1435 5016 1762 5086; x_wconf 82' lang='lat' dir='ltr'><strong>voluptatem</strong></span> <span class='ocrx_word' id='word_1_563' title='bbox 1793 5015 2018 5082; x_wconf 83' lang='lat' dir='ltr'><strong>gratiam</strong></span> <span class='ocrx_word' id='word_1_564' title='bbox 2051 5012 2131 5062; x_wconf 86' lang='lat' dir='ltr'><strong>vi-</strong></span> 
     </span>
    </p>
   </div>
   <div class='ocr_carea' id='block_1_82' title="bbox 651 5109 2131 5185">
    <p class='ocr_par' dir='ltr' id='par_1_82' title="bbox 651 5109 2131 5185">
     <span class='ocr_line' id='line_1_82' title="bbox 651 5109 2131 5185; baseline -0.007 -18"><span class='ocrx_word' id='word_1_565' title='bbox 651 5116 888 5185; x_wconf 90' lang='lat' dir='ltr'><strong>lipendit,</strong></span> <span class='ocrx_word' id='word_1_566' title='bbox 931 5129 1023 5182; x_wconf 88' lang='lat' dir='ltr'><strong>per</strong></span> <span class='ocrx_word' id='word_1_567' title='bbox 1080 5114 1262 5167; x_wconf 88' lang='lat' dir='ltr'><strong>carnis</strong></span> <span class='ocrx_word' id='word_1_568' title='bbox 1307 5112 1654 5166; x_wconf 83' lang='lat' dir='ltr'><strong>aillictionem</strong></span> <span class='ocrx_word' id='word_1_569' title='bbox 1702 5117 1755 5162; x_wconf 89' lang='lat' dir='ltr'><strong>et</strong></span> <span class='ocrx_word' id='word_1_570' title='bbox 1789 5109 2131 5176; x_wconf 81' lang='lat' dir='ltr'><strong>omnigenum</strong></span> 
     </span>
    </p>
   </div>
   <div class='ocr_carea' id='block_1_83' title="bbox 639 5198 2132 5274">
    <p class='ocr_par' dir='ltr' id='par_1_83' title="bbox 639 5198 2132 5274">
     <span class='ocr_line' id='line_1_83' title="bbox 639 5198 2132 5274; baseline -0.009 -13"><span class='ocrx_word' id='word_1_571' title='bbox 639 5224 701 5261; x_wconf 79' lang='lat' dir='ltr'><strong>cx</strong></span> <span class='ocrx_word' id='word_1_572' title='bbox 737 5207 1100 5274; x_wconf 71' lang='lat' dir='ltr'><strong>temperantiae</strong></span> <span class='ocrx_word' id='word_1_573' title='bbox 1143 5204 1453 5270; x_wconf 68' lang='lat' dir='ltr'><strong>praescripto</strong></span> <span class='ocrx_word' id='word_1_574' title='bbox 1483 5203 1794 5255; x_wconf 80' lang='lat' dir='ltr'><strong>servitutem</strong></span> <span class='ocrx_word' id='word_1_575' title='bbox 1831 5213 1859 5250; x_wconf 91' lang='lat' dir='ltr'><strong>a</strong></span> <span class='ocrx_word' id='word_1_576' title='bbox 1888 5198 2132 5264; x_wconf 83' lang='lat' dir='ltr'><strong>volupta-</strong></span> 
     </span>
    </p>
   </div>
   <div class='ocr_carea' id='block_1_84' title="bbox 648 5293 2135 5363">
    <p class='ocr_par' dir='ltr' id='par_1_84' title="bbox 648 5293 2135 5363">
     <span class='ocr_line' id='line_1_84' title="bbox 648 5293 2135 5363; baseline -0.009 -10"><span class='ocrx_word' id='word_1_577' title='bbox 648 5302 788 5352; x_wconf 75' lang='lat' dir='ltr'><strong>&quot;bus</strong></span> <span class='ocrx_word' id='word_1_578' title='bbox 835 5297 1091 5351; x_wconf 86' lang='lat' dir='ltr'><strong>recedens</strong></span> <span class='ocrx_word' id='word_1_579' title='bbox 1137 5311 1164 5348; x_wconf 84' lang='lat' dir='ltr'><strong>a</strong></span> <span class='ocrx_word' id='word_1_580' title='bbox 1205 5295 1404 5363; x_wconf 87' lang='lat' dir='ltr'><strong>quibus</strong></span> <span class='ocrx_word' id='word_1_581' title='bbox 1450 5293 1554 5346; x_wconf 82' lang='lat' dir='ltr'><strong>fuit</strong></span> <span class='ocrx_word' id='word_1_582' title='bbox 1594 5301 1955 5360; x_wconf 85' lang='lat' dir='ltr'><strong>Oppugnatus,</strong></span> <span class='ocrx_word' id='word_1_583' title='bbox 2010 5304 2135 5358; x_wconf 80' lang='lat' dir='ltr'><strong>per-</strong></span> 
     </span>
    </p>
   </div>
   <div class='ocr_carea' id='block_1_85' title="bbox 639 5373 2135 5440">
    <p class='ocr_par' dir='ltr' id='par_1_85' title="bbox 639 5373 2135 5440">
     <span class='ocr_line' id='line_1_85' title="bbox 639 5373 2135 5440; baseline -0.009 0"><span class='ocrx_word' id='word_1_584' title='bbox 639 5389 827 5440; x_wconf 75' lang='lat' dir='ltr'><strong>iectam</strong></span> <span class='ocrx_word' id='word_1_585' title='bbox 883 5400 992 5438; x_wconf 71' lang='lat' dir='ltr'><strong>sua:</strong></span> <span class='ocrx_word' id='word_1_586' title='bbox 1047 5383 1346 5437; x_wconf 83' lang='lat' dir='ltr'><strong>curationis</strong></span> <span class='ocrx_word' id='word_1_587' title='bbox 1399 5379 1914 5434; x_wconf 79' lang='lat' dir='ltr'><strong>demonstrationem</strong></span> <span class='ocrx_word' id='word_1_588' title='bbox 1980 5373 2135 5429; x_wconf 90' lang='lat' dir='ltr'><strong>nobis</strong></span> 
     </span>
    </p>
   </div>
   <div class='ocr_carea' id='block_1_86' title="bbox 641 5468 2135 5542">
    <p class='ocr_par' dir='ltr' id='par_1_86' title="bbox 641 5468 2135 5542">
     <span class='ocr_line' id='line_1_86' title="bbox 641 5468 2135 5542; baseline -0.011 -7"><span class='ocrx_word' id='word_1_589' title='bbox 641 5478 931 5535; x_wconf 57' lang='lat' dir='ltr'><strong>exhibebit.</strong></span> <span class='ocrx_word' id='word_1_590' title='bbox 987 5475 1092 5530; x_wconf 82' lang='lat' dir='ltr'><strong>Nos</strong></span> <span class='ocrx_word' id='word_1_591' title='bbox 1120 5489 1245 5542; x_wconf 83' lang='lat' dir='ltr'><strong>ergo</strong></span> <span class='ocrx_word' id='word_1_592' title='bbox 1291 5483 1577 5538; x_wconf 89' lang='lat' dir='ltr'><strong>utrumque</strong></span> <span class='ocrx_word' id='word_1_593' title='bbox 1625 5468 1765 5522; x_wconf 90' lang='lat' dir='ltr'><strong>scire</strong></span> <span class='ocrx_word' id='word_1_594' title='bbox 1802 5475 2034 5535; x_wconf 89' lang='lat' dir='ltr'><strong>oportet,</strong></span> <span class='ocrx_word' id='word_1_595' title='bbox 2079 5474 2135 5519; x_wconf 91' lang='lat' dir='ltr'><strong>et</strong></span> 
     </span>
    </p>
   </div>
   <div class='ocr_carea' id='block_1_87' title="bbox 644 5565 2134 5640">
    <p class='ocr_par' dir='ltr' id='par_1_87' title="bbox 644 5565 2134 5640">
     <span class='ocr_line' id='line_1_87' title="bbox 644 5565 2134 5640; baseline -0.007 -21"><span class='ocrx_word' id='word_1_596' title='bbox 644 5588 761 5640; x_wconf 77' lang='lat' dir='ltr'><strong>qua:</strong></span> <span class='ocrx_word' id='word_1_597' title='bbox 805 5578 929 5622; x_wconf 90' lang='lat' dir='ltr'><strong>sunt</strong></span> <span class='ocrx_word' id='word_1_598' title='bbox 963 5566 1156 5620; x_wconf 87' lang='lat' dir='ltr'><strong>summi</strong></span> <span class='ocrx_word' id='word_1_599' title='bbox 1205 5565 1365 5631; x_wconf 83' lang='lat' dir='ltr'><strong>juris,</strong></span> <span class='ocrx_word' id='word_1_600' title='bbox 1412 5573 1466 5614; x_wconf 88' lang='lat' dir='ltr'><strong>et</strong></span> <span class='ocrx_word' id='word_1_601' title='bbox 1516 5575 1634 5629; x_wconf 69' lang='lat' dir='ltr'><strong>qua:</strong></span> <span class='ocrx_word' id='word_1_602' title='bbox 1677 5568 1801 5612; x_wconf 89' lang='lat' dir='ltr'><strong>sunt</strong></span> <span class='ocrx_word' id='word_1_603' title='bbox 1846 5567 2134 5612; x_wconf 83' lang='lat' dir='ltr'><strong>consuetu-</strong></span> 
     </span>
    </p>
   </div>
   <div class='ocr_carea' id='block_1_88' title="bbox 647 5648 2129 5726">
    <p class='ocr_par' dir='ltr' id='par_1_88' title="bbox 647 5648 2129 5726">
     <span class='ocr_line' id='line_1_88' title="bbox 647 5648 2129 5726; baseline -0.009 -13"><span class='ocrx_word' id='word_1_604' title='bbox 647 5663 784 5714; x_wconf 82' lang='lat' dir='ltr'><strong>diuis</strong></span> <span class='ocrx_word' id='word_1_605' title='bbox 819 5678 831 5712; x_wconf 85' lang='lat'><strong>:</strong></span> <span class='ocrx_word' id='word_1_606' title='bbox 865 5657 1014 5726; x_wconf 90' lang='lat' dir='ltr'><strong>sequi</strong></span> <span class='ocrx_word' id='word_1_607' title='bbox 1043 5671 1221 5710; x_wconf 85' lang='lat' dir='ltr'><strong>autem</strong></span> <span class='ocrx_word' id='word_1_608' title='bbox 1257 5655 1306 5708; x_wconf 94' lang='lat' dir='ltr'><strong>in</strong></span> <span class='ocrx_word' id='word_1_609' title='bbox 1344 5655 1430 5717; x_wconf 87' lang='lat' dir='ltr'><strong>iis,</strong></span> <span class='ocrx_word' id='word_1_610' title='bbox 1455 5668 1570 5720; x_wconf 78' lang='lat' dir='ltr'><strong>qua:</strong></span> <span class='ocrx_word' id='word_1_611' title='bbox 1607 5663 1872 5705; x_wconf 82' lang='lat' dir='ltr'><strong>sumntth</strong></span> <span class='ocrx_word' id='word_1_612' title='bbox 1903 5648 1989 5718; x_wconf 84' lang='lat' dir='ltr'><strong>jus</strong></span> <span class='ocrx_word' id='word_1_613' title='bbox 2024 5663 2129 5700; x_wconf 89' lang='lat' dir='ltr'><strong>non</strong></span> 
     </span>
    </p>
   </div>
   <div class='ocr_carea' id='block_1_89' title="bbox 639 5747 1502 5816">
    <p class='ocr_par' dir='ltr' id='par_1_89' title="bbox 639 5747 1502 5816">
     <span class='ocr_line' id='line_1_89' title="bbox 639 5747 1502 5816; baseline -0.012 -10"><span class='ocrx_word' id='word_1_614' title='bbox 639 5756 944 5816; x_wconf 84' lang='lat' dir='ltr'><strong>admittunt,</strong></span> <span class='ocrx_word' id='word_1_615' title='bbox 975 5747 1200 5802; x_wconf 83' lang='lat' dir='ltr'><strong>formam</strong></span> <span class='ocrx_word' id='word_1_616' title='bbox 1231 5747 1502 5804; x_wconf 80' lang='lat' dir='ltr'><strong>traditam.</strong></span> 
     </span>
    </p>
   </div>
   <div class='ocr_carea' id='block_1_90' title="bbox 2229 3198 3801 3270">
    <p class='ocr_par' dir='ltr' id='par_1_90' title="bbox 2229 3198 3801 3270">
     <span class='ocr_line' id='line_1_90' title="bbox 2229 3198 3801 3270; baseline 0.004 -20"><span class='ocrx_word' id='word_1_617' title='bbox 2229 3198 2596 3267; x_wconf 79' lang='grc' dir='ltr'>ἀκροωμένοις</span> <span class='ocrx_word' id='word_1_618' title='bbox 2627 3199 2986 3263; x_wconf 78' lang='grc' dir='ltr'>διατελοῦσαι,</span> <span class='ocrx_word' id='word_1_619' title='bbox 3017 3202 3074 3252; x_wconf 81' lang='grc' dir='ltr'><strong>ἐν</strong></span> <span class='ocrx_word' id='word_1_620' title='bbox 3116 3203 3406 3270; x_wconf 84' lang='grc' dir='ltr'>τέσσαρσιν</span> <span class='ocrx_word' id='word_1_621' title='bbox 3452 3203 3801 3256; x_wconf 71' lang='grc' dir='ltr'>ὑποπίπτου-</span> 
     </span>
    </p>
   </div>
   <div class='ocr_carea' id='block_1_91' title="bbox 2232 3288 3798 3358">
    <p class='ocr_par' dir='ltr' id='par_1_91' title="bbox 2232 3288 3798 3358">
     <span class='ocr_line' id='line_1_91' title="bbox 2232 3288 3798 3358; baseline 0.004 -20"><span class='ocrx_word' id='word_1_622' title='bbox 2232 3304 2338 3350; x_wconf 85' lang='grc' dir='ltr'>σαι,</span> <span class='ocrx_word' id='word_1_623' title='bbox 2371 3288 2458 3340; x_wconf 82' lang='grc' dir='ltr'><strong>καὶ</strong></span> <span class='ocrx_word' id='word_1_624' title='bbox 2486 3289 2542 3339; x_wconf 89' lang='grc' dir='ltr'><strong>ἐν</strong></span> <span class='ocrx_word' id='word_1_625' title='bbox 2569 3289 2795 3356; x_wconf 78' lang='grc' dir='ltr'>ἐνιαυτῷ</span> <span class='ocrx_word' id='word_1_626' title='bbox 2834 3292 3217 3358; x_wconf 79' lang='grc' dir='ltr'>συνιστάμεναι</span> <span class='ocrx_word' id='word_1_627' title='bbox 3250 3294 3362 3352; x_wconf 90' lang='grc' dir='ltr'>τοῖς</span> <span class='ocrx_word' id='word_1_628' title='bbox 3416 3297 3620 3355; x_wconf 78' lang='grc' dir='ltr'>πιστοῖς</span> <span class='ocrx_word' id='word_1_629' title='bbox 3645 3310 3658 3323; x_wconf 91' lang='grc'><strong>·</strong></span> <span class='ocrx_word' id='word_1_630' title='bbox 3698 3312 3798 3346; x_wconf 77' lang='grc' dir='ltr'><strong>και</strong></span> 
     </span>
    </p>
   </div>
   <div class='ocr_carea' id='block_1_92' title="bbox 2228 3377 3791 3454">
    <p class='ocr_par' dir='ltr' id='par_1_92' title="bbox 2228 3377 3791 3454">
     <span class='ocr_line' id='line_1_92' title="bbox 2228 3377 3791 3454; baseline 0.005 -25"><span class='ocrx_word' id='word_1_631' title='bbox 2228 3377 2368 3432; x_wconf 73' lang='grc' dir='ltr'>οὕτω</span> <span class='ocrx_word' id='word_1_632' title='bbox 2399 3378 2536 3446; x_wconf 74' lang='grc' dir='ltr'>μετὰ</span> <span class='ocrx_word' id='word_1_633' title='bbox 2565 3379 2654 3430; x_wconf 77' lang='grc' dir='ltr'>τὸν</span> <span class='ocrx_word' id='word_1_634' title='bbox 2692 3379 2921 3448; x_wconf 78' lang='grc' dir='ltr'>δεκαετῆ</span> <span class='ocrx_word' id='word_1_635' title='bbox 2969 3381 3160 3449; x_wconf 85' lang='grc' dir='ltr'>χρόνον</span> <span class='ocrx_word' id='word_1_636' title='bbox 3186 3381 3293 3433; x_wconf 82' lang='grc' dir='ltr'><strong>τῶν</strong></span> <span class='ocrx_word' id='word_1_637' title='bbox 3321 3381 3479 3436; x_wconf 88' lang='grc' dir='ltr'>Θείων</span> <span class='ocrx_word' id='word_1_638' title='bbox 3507 3383 3791 3454; x_wconf 82' lang='grc' dir='ltr'>ἀγιασμά-</span> 
     </span>
    </p>
   </div>
   <div class='ocr_carea' id='block_1_93' title="bbox 2229 3469 2706 3538">
    <p class='ocr_par' dir='ltr' id='par_1_93' title="bbox 2229 3469 2706 3538">
     <span class='ocr_line' id='line_1_93' title="bbox 2229 3469 2706 3538; baseline 0.008 -19"><span class='ocrx_word' id='word_1_639' title='bbox 2229 3484 2336 3520; x_wconf 87' lang='grc' dir='ltr'><strong>των</strong></span> <span class='ocrx_word' id='word_1_640' title='bbox 2371 3469 2706 3538; x_wconf 80' lang='grc' dir='ltr'>μεοέξουσιν.</span> 
     </span>
    </p>
   </div>
   <div class='ocr_carea' id='block_1_94' title="bbox 2841 3563 3178 3621">
    <p class='ocr_par' dir='ltr' id='par_1_94' title="bbox 2841 3563 3178 3621">
     <span class='ocr_line' id='line_1_94' title="bbox 2841 3563 3178 3621; baseline 0.015 -6"><span class='ocrx_word' id='word_1_641' title='bbox 2841 3563 3077 3618; x_wconf 80' lang='grc' dir='ltr'><strong>ΚΑΝΩΝ</strong></span> <span class='ocrx_word' id='word_1_642' title='bbox 3112 3565 3178 3621; x_wconf 70' lang='grc' dir='ltr'><strong>Γ.</strong></span> 
     </span>
    </p>
   </div>
   <div class='ocr_carea' id='block_1_95' title="bbox 2230 3655 3795 3729">
    <p class='ocr_par' dir='ltr' id='par_1_95' title="bbox 2230 3655 3795 3729">
     <span class='ocr_line' id='line_1_95' title="bbox 2230 3655 3795 3729; baseline 0.003 -21"><span class='ocrx_word' id='word_1_643' title='bbox 2230 3656 2479 3717; x_wconf 84' lang='grc' dir='ltr'>Διάκονος</span> <span class='ocrx_word' id='word_1_644' title='bbox 2522 3655 2654 3724; x_wconf 84' lang='grc' dir='ltr'><strong>μετά</strong></span> <span class='ocrx_word' id='word_1_645' title='bbox 2684 3656 2780 3721; x_wconf 77' lang='grc' dir='ltr'><strong>τὴν</strong></span> <span class='ocrx_word' id='word_1_646' title='bbox 2818 3655 3090 3709; x_wconf 72' lang='grc' dir='ltr'>διακονίαν</span> <span class='ocrx_word' id='word_1_647' title='bbox 3124 3659 3446 3727; x_wconf 83' lang='grc' dir='ltr'>πορνεύσας,</span> <span class='ocrx_word' id='word_1_648' title='bbox 3484 3660 3795 3729; x_wconf 67' lang='grc' dir='ltr'>ἀπόϐλητος</span> 
     </span>
    </p>
   </div>
   <div class='ocr_carea' id='block_1_96' title="bbox 2305 3745 3790 3814">
    <p class='ocr_par' dir='ltr' id='par_1_96' title="bbox 2305 3745 3790 3814">
     <span class='ocr_line' id='line_1_96' title="bbox 2305 3745 3790 3814; baseline 0.003 -17"><span class='ocrx_word' id='word_1_649' title='bbox 2305 3747 2403 3814; x_wconf 78' lang='grc' dir='ltr'><strong>μὲν</strong></span> <span class='ocrx_word' id='word_1_650' title='bbox 2432 3745 2530 3811; x_wconf 82' lang='grc' dir='ltr'>τῆς</span> <span class='ocrx_word' id='word_1_651' title='bbox 2563 3745 2834 3806; x_wconf 77' lang='grc' dir='ltr'>διακονίας</span> <span class='ocrx_word' id='word_1_652' title='bbox 2866 3745 3019 3798; x_wconf 79' lang='grc' dir='ltr'>ἔσται</span> <span class='ocrx_word' id='word_1_653' title='bbox 3043 3762 3057 3776; x_wconf 91' lang='grc'><strong>·</strong></span> <span class='ocrx_word' id='word_1_654' title='bbox 3102 3749 3178 3808; x_wconf 85' lang='grc' dir='ltr'><strong>είς</strong></span> <span class='ocrx_word' id='word_1_655' title='bbox 3210 3747 3263 3799; x_wconf 82' lang='grc' dir='ltr'><strong>δὲ</strong></span> <span class='ocrx_word' id='word_1_656' title='bbox 3305 3749 3394 3800; x_wconf 65' lang='grc' dir='ltr'>τὶν</span> <span class='ocrx_word' id='word_1_657' title='bbox 3441 3748 3550 3799; x_wconf 84' lang='grc' dir='ltr'><strong>τῶν</strong></span> <span class='ocrx_word' id='word_1_658' title='bbox 3577 3749 3790 3804; x_wconf 51' lang='grc' dir='ltr'>λλῖκῶν</span> 
     </span>
    </p>
   </div>
   <div class='ocr_carea' id='block_1_97' title="bbox 2300 3836 3791 3906">
    <p class='ocr_par' dir='ltr' id='par_1_97' title="bbox 2300 3836 3791 3906">
     <span class='ocr_line' id='line_1_97' title="bbox 2300 3836 3791 3906; baseline 0.002 -17"><span class='ocrx_word' id='word_1_659' title='bbox 2300 3837 2571 3894; x_wconf 69' lang='grc' dir='ltr'>ἀπωσθεὶς</span> <span class='ocrx_word' id='word_1_660' title='bbox 2601 3836 2784 3898; x_wconf 69' lang='grc' dir='ltr'>τόπον,</span> <span class='ocrx_word' id='word_1_661' title='bbox 2814 3837 2909 3903; x_wconf 78' lang='grc' dir='ltr'><strong>τῆς</strong></span> <span class='ocrx_word' id='word_1_662' title='bbox 2939 3837 3222 3898; x_wconf 80' lang='grc' dir='ltr'>κοινωνίας</span> <span class='ocrx_word' id='word_1_663' title='bbox 3262 3838 3360 3889; x_wconf 75' lang='grc' dir='ltr'><strong>οὐκ</strong></span> <span class='ocrx_word' id='word_1_664' title='bbox 3387 3839 3748 3906; x_wconf 76' lang='grc' dir='ltr'>εἰρχθήσεται</span> <span class='ocrx_word' id='word_1_665' title='bbox 3775 3856 3791 3870; x_wconf 80' lang='grc'><strong>⁸</strong></span> 
     </span>
    </p>
   </div>
   <div class='ocr_carea' id='block_1_98' title="bbox 2299 3926 3792 3997">
    <p class='ocr_par' dir='ltr' id='par_1_98' title="bbox 2299 3926 3792 3997">
     <span class='ocr_line' id='line_1_98' title="bbox 2299 3926 3792 3997; baseline 0.003 -20"><span class='ocrx_word' id='word_1_666' title='bbox 2299 3927 2430 3978; x_wconf 84' lang='grc' dir='ltr'>διότι</span> <span class='ocrx_word' id='word_1_667' title='bbox 2467 3926 2686 3993; x_wconf 86' lang='grc' dir='ltr'>ἀρχαῖός</span> <span class='ocrx_word' id='word_1_668' title='bbox 2734 3927 2849 3976; x_wconf 84' lang='grc' dir='ltr'>ἐστι</span> <span class='ocrx_word' id='word_1_669' title='bbox 2906 3927 3106 3991; x_wconf 81' lang='grc' dir='ltr'>κανὼν,</span> <span class='ocrx_word' id='word_1_670' title='bbox 3137 3929 3264 3988; x_wconf 77' lang='grc' dir='ltr'>τοὺς</span> <span class='ocrx_word' id='word_1_671' title='bbox 3311 3928 3419 3979; x_wconf 77' lang='grc' dir='ltr'><strong>ἀπὸ</strong></span> <span class='ocrx_word' id='word_1_672' title='bbox 3449 3929 3660 3997; x_wconf 62' lang='grc' dir='ltr'>βαθμτιῖ</span> <span class='ocrx_word' id='word_1_673' title='bbox 3693 3949 3792 3981; x_wconf 83' lang='grc' dir='ltr'>πε-</span> 
     </span>
    </p>
   </div>
   <div class='ocr_carea' id='block_1_99' title="bbox 2301 4013 3792 4082">
    <p class='ocr_par' dir='ltr' id='par_1_99' title="bbox 2301 4013 3792 4082">
     <span class='ocr_line' id='line_1_99' title="bbox 2301 4013 3792 4082; baseline 0 -16"><span class='ocrx_word' id='word_1_674' title='bbox 2301 4014 2602 4074; x_wconf 82' lang='grc' dir='ltr'>πτωκότας,</span> <span class='ocrx_word' id='word_1_675' title='bbox 2634 4013 2807 4081; x_wconf 71' lang='grc' dir='ltr'>τούτῳ</span> <span class='ocrx_word' id='word_1_676' title='bbox 2859 4014 3006 4080; x_wconf 83' lang='grc' dir='ltr'>μόνῳ</span> <span class='ocrx_word' id='word_1_677' title='bbox 3041 4015 3115 4082; x_wconf 82' lang='grc' dir='ltr'>τῷ</span> <span class='ocrx_word' id='word_1_678' title='bbox 3155 4015 3338 4081; x_wconf 71' lang='grc' dir='ltr'>τρόπῳ</span> <span class='ocrx_word' id='word_1_679' title='bbox 3383 4016 3478 4081; x_wconf 75' lang='grc' dir='ltr'>τῆς</span> <span class='ocrx_word' id='word_1_680' title='bbox 3512 4017 3792 4078; x_wconf 70' lang='grc' dir='ltr'>κολάσεως</span> 
     </span>
    </p>
   </div>
   <div class='ocr_carea' id='block_1_100' title="bbox 2300 4099 3790 4171">
    <p class='ocr_par' dir='ltr' id='par_1_100' title="bbox 2300 4099 3790 4171">
     <span class='ocr_line' id='line_1_100' title="bbox 2300 4099 3790 4171; baseline -0.001 -13"><span class='ocrx_word' id='word_1_681' title='bbox 2300 4102 2718 4158; x_wconf 79' lang='grc' dir='ltr'>ὐποὸἀλλεσθαι’</span> <span class='ocrx_word' id='word_1_682' title='bbox 2752 4103 3359 4171; x_wconf 82' lang='grc' dir='ltr'>ἀκολουθησάντων,-ὠς</span> <span class='ocrx_word' id='word_1_683' title='bbox 3387 4099 3557 4170; x_wconf 69' lang='grc' dir='ltr'>οἶμαι,</span> <span class='ocrx_word' id='word_1_684' title='bbox 3586 4104 3693 4156; x_wconf 84' lang='grc' dir='ltr'><strong>τῶν</strong></span> <span class='ocrx_word' id='word_1_685' title='bbox 3728 4105 3790 4168; x_wconf 77' lang='grc' dir='ltr'>ἐξ</span> 
     </span>
    </p>
   </div>
   <div class='ocr_carea' id='block_1_101' title="bbox 2301 4193 3794 4268">
    <p class='ocr_par' dir='ltr' id='par_1_101' title="bbox 2301 4193 3794 4268">
     <span class='ocr_line' id='line_1_101' title="bbox 2301 4193 3794 4268; baseline -0.003 -17"><span class='ocrx_word' id='word_1_686' title='bbox 2301 4200 2469 4268; x_wconf 80' lang='grc' dir='ltr'>ἀρχῆς</span> <span class='ocrx_word' id='word_1_687' title='bbox 2517 4196 2592 4266; x_wconf 83' lang='grc' dir='ltr'>τῷ</span> <span class='ocrx_word' id='word_1_688' title='bbox 2632 4196 2780 4266; x_wconf 74' lang='grc' dir='ltr'>νόμῳ</span> <span class='ocrx_word' id='word_1_689' title='bbox 2826 4195 3018 4263; x_wconf 81' lang='grc' dir='ltr'>ἐκείνῳ</span> <span class='ocrx_word' id='word_1_690' title='bbox 3065 4193 3162 4263; x_wconf 84' lang='grc' dir='ltr'><strong>τῷ,</strong></span> <span class='ocrx_word' id='word_1_691' title='bbox 3196 4195 3307 4246; x_wconf 80' lang='grc' dir='ltr'><strong>Οὐκ</strong></span> <span class='ocrx_word' id='word_1_692' title='bbox 3350 4194 3654 4262; x_wconf 77' lang='grc' dir='ltr'>ἐκδικήσεις</span> <span class='ocrx_word' id='word_1_693' title='bbox 3711 4195 3794 4258; x_wconf 82' lang='grc' dir='ltr'>δίς</span> 
     </span>
    </p>
   </div>
   <div class='ocr_carea' id='block_1_102' title="bbox 2303 4285 3795 4357">
    <p class='ocr_par' dir='ltr' id='par_1_102' title="bbox 2303 4285 3795 4357">
     <span class='ocr_line' id='line_1_102' title="bbox 2303 4285 3795 4357; baseline -0.005 -14"><span class='ocrx_word' id='word_1_694' title='bbox 2303 4292 2394 4345; x_wconf 77' lang='grc' dir='ltr'><strong>ἐπὶ</strong></span> <span class='ocrx_word' id='word_1_695' title='bbox 2423 4291 2481 4342; x_wconf 83' lang='grc' dir='ltr'><strong>τὸ</strong></span> <span class='ocrx_word' id='word_1_696' title='bbox 2531 4290 2680 4343; x_wconf 74' lang='grc' dir='ltr'>αὐτό·</span> <span class='ocrx_word' id='word_1_697' title='bbox 2740 4289 2834 4340; x_wconf 75' lang='grc' dir='ltr'>καὶ</span> <span class='ocrx_word' id='word_1_698' title='bbox 2881 4287 2944 4339; x_wconf 85' lang='grc' dir='ltr'>δι’</span> <span class='ocrx_word' id='word_1_699' title='bbox 2976 4286 3166 4357; x_wconf 78' lang='grc' dir='ltr'>ἑτέραν</span> <span class='ocrx_word' id='word_1_700' title='bbox 3188 4285 3242 4337; x_wconf 78' lang='grc' dir='ltr'>δὲ</span> <span class='ocrx_word' id='word_1_701' title='bbox 3274 4285 3449 4337; x_wconf 83' lang='grc' dir='ltr'>αἰτίαν</span> <span class='ocrx_word' id='word_1_702' title='bbox 3479 4286 3560 4338; x_wconf 88' lang='grc' dir='ltr'>ὅτι</span> <span class='ocrx_word' id='word_1_703' title='bbox 3596 4286 3643 4337; x_wconf 76' lang='lat' dir='ltr'><strong>oi</strong></span> <span class='ocrx_word' id='word_1_704' title='bbox 3693 4287 3795 4355; x_wconf 81' lang='grc' dir='ltr'><strong>μὲν</strong></span> 
     </span>
    </p>
   </div>
   <div class='ocr_carea' id='block_1_103' title="bbox 2302 4374 3792 4450">
    <p class='ocr_par' dir='ltr' id='par_1_103' title="bbox 2302 4374 3792 4450">
     <span class='ocr_line' id='line_1_103' title="bbox 2302 4374 3792 4450; baseline -0.007 -16"><span class='ocrx_word' id='word_1_705' title='bbox 2302 4384 2358 4434; x_wconf 88' lang='grc' dir='ltr'><strong>ἐν</strong></span> <span class='ocrx_word' id='word_1_706' title='bbox 2392 4376 2468 4450; x_wconf 81' lang='grc' dir='ltr'><em>τῷ</em></span> <span class='ocrx_word' id='word_1_707' title='bbox 2508 4379 2679 4448; x_wconf 85' lang='grc' dir='ltr'>λαῖκῴ</span> <span class='ocrx_word' id='word_1_708' title='bbox 2731 4379 2882 4440; x_wconf 69' lang='grc' dir='ltr'>ὄντες</span> <span class='ocrx_word' id='word_1_709' title='bbox 2933 4377 3197 4446; x_wconf 80' lang='grc' dir='ltr'>τάγματι,</span> <span class='ocrx_word' id='word_1_710' title='bbox 3243 4374 3636 4442; x_wconf 73' lang='grc' dir='ltr'>ἐκὸεὸλημένοι</span> <span class='ocrx_word' id='word_1_711' title='bbox 3697 4374 3792 4426; x_wconf 77' lang='grc' dir='ltr'>τοῦ</span> 
     </span>
    </p>
   </div>
   <div class='ocr_carea' id='block_1_104' title="bbox 2297 4459 3792 4533">
    <p class='ocr_par' dir='ltr' id='par_1_104' title="bbox 2297 4459 3792 4533">
     <span class='ocr_line' id='line_1_104' title="bbox 2297 4459 3792 4533; baseline -0.005 -10"><span class='ocrx_word' id='word_1_712' title='bbox 2297 4472 2465 4522; x_wconf 85' lang='grc' dir='ltr'>τόπου</span> <span class='ocrx_word' id='word_1_713' title='bbox 2495 4471 2600 4522; x_wconf 83' lang='grc' dir='ltr'>τῶν</span> <span class='ocrx_word' id='word_1_714' title='bbox 2632 4470 2856 4532; x_wconf 84' lang='grc' dir='ltr'>πιστῶν,</span> <span class='ocrx_word' id='word_1_715' title='bbox 2889 4468 3050 4520; x_wconf 81' lang='grc' dir='ltr'>πάλιν</span> <span class='ocrx_word' id='word_1_716' title='bbox 3074 4468 3152 4529; x_wconf 87' lang='grc' dir='ltr'><strong>είς</strong></span> <span class='ocrx_word' id='word_1_717' title='bbox 3192 4466 3282 4517; x_wconf 75' lang='grc' dir='ltr'>τὸν</span> <span class='ocrx_word' id='word_1_718' title='bbox 3313 4466 3408 4533; x_wconf 83' lang='grc' dir='ltr'><strong>ἀφ’</strong></span> <span class='ocrx_word' id='word_1_719' title='bbox 3437 4459 3496 4516; x_wconf 75' lang='grc' dir='ltr'>οὗ</span> <span class='ocrx_word' id='word_1_720' title='bbox 3530 4465 3792 4527; x_wconf 74' lang='grc' dir='ltr'>ἐξέπεσον</span> 
     </span>
    </p>
   </div>
   <div class='ocr_carea' id='block_1_105' title="bbox 2297 4555 3796 4630">
    <p class='ocr_par' dir='ltr' id='par_1_105' title="bbox 2297 4555 3796 4630">
     <span class='ocr_line' id='line_1_105' title="bbox 2297 4555 3796 4630; baseline -0.007 -16"><span class='ocrx_word' id='word_1_721' title='bbox 2297 4563 2462 4615; x_wconf 83' lang='grc' dir='ltr'>τόπον</span> <span class='ocrx_word' id='word_1_722' title='bbox 2519 4562 2986 4630; x_wconf 72' lang='grc' dir='ltr'>ἀναλαμϐάνονται</span> <span class='ocrx_word' id='word_1_723' title='bbox 3007 4575 3021 4590; x_wconf 75' lang='grc' dir='ltr'><strong>ο</strong></span> <span class='ocrx_word' id='word_1_724' title='bbox 3050 4561 3076 4610; x_wconf 87' lang='lat'><strong>6</strong></span> <span class='ocrx_word' id='word_1_725' title='bbox 3109 4559 3165 4611; x_wconf 85' lang='grc' dir='ltr'>δὲ</span> <span class='ocrx_word' id='word_1_726' title='bbox 3195 4559 3438 4619; x_wconf 82' lang='grc' dir='ltr'>διάκονος</span> <span class='ocrx_word' id='word_1_727' title='bbox 3480 4556 3625 4620; x_wconf 74' lang='grc' dir='ltr'>ἅπαξ</span> <span class='ocrx_word' id='word_1_728' title='bbox 3680 4555 3796 4625; x_wconf 78' lang='grc' dir='ltr'><strong>ἔχει</strong></span> 
     </span>
    </p>
   </div>
   <div class='ocr_carea' id='block_1_106' title="bbox 2301 4645 3797 4722">
    <p class='ocr_par' dir='ltr' id='par_1_106' title="bbox 2301 4645 3797 4722">
     <span class='ocr_line' id='line_1_106' title="bbox 2301 4645 3797 4722; baseline -0.005 -18"><span class='ocrx_word' id='word_1_729' title='bbox 2301 4653 2498 4722; x_wconf 78' lang='grc' dir='ltr'>διαρκῆ</span> <span class='ocrx_word' id='word_1_730' title='bbox 2544 4652 2641 4721; x_wconf 81' lang='grc' dir='ltr'><strong>τὴν</strong></span> <span class='ocrx_word' id='word_1_731' title='bbox 2670 4652 2826 4720; x_wconf 90' lang='grc' dir='ltr'>δίκην</span> <span class='ocrx_word' id='word_1_732' title='bbox 2866 4654 2962 4717; x_wconf 83' lang='grc' dir='ltr'><strong>τῆς</strong></span> <span class='ocrx_word' id='word_1_733' title='bbox 2991 4649 3381 4717; x_wconf 82' lang='grc' dir='ltr'>καθαιρέσεως.</span> <span class='ocrx_word' id='word_1_734' title='bbox 3425 4649 3517 4708; x_wconf 78' lang='grc' dir='ltr'>Ὠς</span> <span class='ocrx_word' id='word_1_735' title='bbox 3561 4645 3652 4697; x_wconf 75' lang='grc' dir='ltr'><strong>οὖν</strong></span> <span class='ocrx_word' id='word_1_736' title='bbox 3697 4648 3797 4697; x_wconf 82' lang='grc' dir='ltr'><strong>οὐκ</strong></span> 
     </span>
    </p>
   </div>
   <div class='ocr_carea' id='block_1_107' title="bbox 2301 4735 3799 4813">
    <p class='ocr_par' dir='ltr' id='par_1_107' title="bbox 2301 4735 3799 4813">
     <span class='ocr_line' id='line_1_107' title="bbox 2301 4735 3799 4813; baseline -0.007 -17"><span class='ocrx_word' id='word_1_737' title='bbox 2301 4743 2689 4813; x_wconf 82' lang='grc' dir='ltr'>ἀποδιδομένης</span> <span class='ocrx_word' id='word_1_738' title='bbox 2740 4743 2886 4810; x_wconf 85' lang='grc' dir='ltr'>αὑτῷ</span> <span class='ocrx_word' id='word_1_739' title='bbox 2939 4743 3037 4809; x_wconf 80' lang='grc' dir='ltr'>τῆς</span> <span class='ocrx_word' id='word_1_740' title='bbox 3085 4739 3404 4803; x_wconf 75' lang='grc' dir='ltr'>διακονίας,</span> <span class='ocrx_word' id='word_1_741' title='bbox 3453 4741 3544 4790; x_wconf 79' lang='grc' dir='ltr'><strong>ἐπὶ</strong></span> <span class='ocrx_word' id='word_1_742' title='bbox 3591 4735 3799 4801; x_wconf 64' lang='grc' dir='ltr'>ταύτης</span> 
     </span>
    </p>
   </div>
   <div class='ocr_carea' id='block_1_108' title="bbox 2302 4826 3801 4902">
    <p class='ocr_par' dir='ltr' id='par_1_108' title="bbox 2302 4826 3801 4902">
     <span class='ocr_line' id='line_1_108' title="bbox 2302 4826 3801 4902; baseline -0.005 -16"><span class='ocrx_word' id='word_1_743' title='bbox 2302 4833 2533 4902; x_wconf 74' lang='grc' dir='ltr'>ἔστησαν</span> <span class='ocrx_word' id='word_1_744' title='bbox 2585 4833 2751 4902; x_wconf 87' lang='grc' dir='ltr'>μόνης</span> <span class='ocrx_word' id='word_1_745' title='bbox 2800 4832 2901 4900; x_wconf 84' lang='grc' dir='ltr'>τῆς</span> <span class='ocrx_word' id='word_1_746' title='bbox 2947 4830 3302 4898; x_wconf 85' lang='grc' dir='ltr'>ἐκδικήσεως.</span> <span class='ocrx_word' id='word_1_747' title='bbox 3336 4827 3521 4880; x_wconf 79' lang='grc' dir='ltr'>Ταῦτα</span> <span class='ocrx_word' id='word_1_748' title='bbox 3575 4828 3671 4895; x_wconf 78' lang='grc' dir='ltr'><strong>μὲν</strong></span> <span class='ocrx_word' id='word_1_749' title='bbox 3704 4826 3801 4879; x_wconf 79' lang='grc' dir='ltr'>οὖν</span> 
     </span>
    </p>
   </div>
   <div class='ocr_carea' id='block_1_109' title="bbox 2301 4919 3802 4987">
    <p class='ocr_par' dir='ltr' id='par_1_109' title="bbox 2301 4919 3802 4987">
     <span class='ocr_line' id='line_1_109' title="bbox 2301 4919 3802 4987; baseline -0.005 -11"><span class='ocrx_word' id='word_1_750' title='bbox 2301 4924 2369 4976; x_wconf 85' lang='grc' dir='ltr'>τὰ</span> <span class='ocrx_word' id='word_1_751' title='bbox 2392 4925 2454 4976; x_wconf 85' lang='grc' dir='ltr'><strong>ἐκ</strong></span> <span class='ocrx_word' id='word_1_752' title='bbox 2477 4923 2585 4975; x_wconf 83' lang='grc' dir='ltr'><strong>τῶν</strong></span> <span class='ocrx_word' id='word_1_753' title='bbox 2610 4923 2793 4975; x_wconf 81' lang='grc' dir='ltr'>τύπων</span> <span class='ocrx_word' id='word_1_754' title='bbox 2819 4937 2832 4950; x_wconf 89' lang='grc'><strong>·</strong></span> <span class='ocrx_word' id='word_1_755' title='bbox 2865 4921 3090 4975; x_wconf 86' lang='grc' dir='ltr'>καθόλου</span> <span class='ocrx_word' id='word_1_756' title='bbox 3140 4919 3197 4972; x_wconf 82' lang='grc' dir='ltr'>δὲ</span> <span class='ocrx_word' id='word_1_757' title='bbox 3244 4919 3609 4987; x_wconf 81' lang='grc' dir='ltr'>ἀληθέστερόν</span> <span class='ocrx_word' id='word_1_758' title='bbox 3648 4922 3802 4969; x_wconf 74' lang='grc' dir='ltr'>ἐστιν</span> 
     </span>
    </p>
   </div>
   <div class='ocr_carea' id='block_1_110' title="bbox 2307 5007 3801 5083">
    <p class='ocr_par' dir='ltr' id='par_1_110' title="bbox 2307 5007 3801 5083">
     <span class='ocr_line' id='line_1_110' title="bbox 2307 5007 3801 5083; baseline -0.003 -20"><span class='ocrx_word' id='word_1_759' title='bbox 2307 5013 2501 5083; x_wconf 83' lang='grc' dir='ltr'>ίαμαή</span> <span class='ocrx_word' id='word_1_760' title='bbox 2538 5014 2636 5081; x_wconf 86' lang='grc' dir='ltr'>τῆς</span> <span class='ocrx_word' id='word_1_761' title='bbox 2693 5011 2963 5080; x_wconf 81' lang='grc' dir='ltr'>ἁμαρτίας</span> <span class='ocrx_word' id='word_1_762' title='bbox 3012 5007 3358 5080; x_wconf 82' lang='grc' dir='ltr'>ἀναχώρησις</span> <span class='ocrx_word' id='word_1_763' title='bbox 3385 5024 3399 5037; x_wconf 89' lang='grc'><strong>·</strong></span> <span class='ocrx_word' id='word_1_764' title='bbox 3455 5007 3594 5061; x_wconf 83' lang='grc' dir='ltr'>ὥστε</span> <span class='ocrx_word' id='word_1_765' title='bbox 3641 5010 3669 5059; x_wconf 92' lang='lat'><strong>6</strong></span> <span class='ocrx_word' id='word_1_766' title='bbox 3711 5007 3801 5059; x_wconf 80' lang='grc' dir='ltr'><strong>διὰ</strong></span> 
     </span>
    </p>
   </div>
   <div class='ocr_carea' id='block_1_111' title="bbox 2301 5096 3802 5172">
    <p class='ocr_par' dir='ltr' id='par_1_111' title="bbox 2301 5096 3802 5172">
     <span class='ocr_line' id='line_1_111' title="bbox 2301 5096 3802 5172; baseline -0.005 -18"><span class='ocrx_word' id='word_1_767' title='bbox 2301 5102 2503 5172; x_wconf 80' lang='grc' dir='ltr'>σαρκὸς</span> <span class='ocrx_word' id='word_1_768' title='bbox 2549 5101 2740 5170; x_wconf 80' lang='grc' dir='ltr'>ἡδονὴν</span> <span class='ocrx_word' id='word_1_769' title='bbox 2783 5101 3050 5168; x_wconf 84' lang='grc' dir='ltr'>ἀθετήσας</span> <span class='ocrx_word' id='word_1_770' title='bbox 3080 5098 3178 5169; x_wconf 78' lang='grc' dir='ltr'>τὴν</span> <span class='ocrx_word' id='word_1_771' title='bbox 3208 5101 3392 5168; x_wconf 83' lang='grc' dir='ltr'>χάριν,</span> <span class='ocrx_word' id='word_1_772' title='bbox 3418 5098 3506 5151; x_wconf 84' lang='grc' dir='ltr'>διὰ</span> <span class='ocrx_word' id='word_1_773' title='bbox 3536 5096 3629 5148; x_wconf 79' lang='grc' dir='ltr'><strong>τοῦ</strong></span> <span class='ocrx_word' id='word_1_774' title='bbox 3670 5112 3802 5147; x_wconf 77' lang='grc' dir='ltr'>συν-</span> 
     </span>
    </p>
   </div>
   <div class='ocr_carea' id='block_1_112' title="bbox 2304 5187 3800 5263">
    <p class='ocr_par' dir='ltr' id='par_1_112' title="bbox 2304 5187 3800 5263">
     <span class='ocr_line' id='line_1_112' title="bbox 2304 5187 3800 5263; baseline -0.004 -18"><span class='ocrx_word' id='word_1_775' title='bbox 2304 5192 2544 5263; x_wconf 82' lang='grc' dir='ltr'>τριμμοῦ</span> <span class='ocrx_word' id='word_1_776' title='bbox 2577 5191 2672 5259; x_wconf 86' lang='grc' dir='ltr'>τῆς</span> <span class='ocrx_word' id='word_1_777' title='bbox 2702 5192 2918 5260; x_wconf 82' lang='grc' dir='ltr'>σαρκὸς,</span> <span class='ocrx_word' id='word_1_778' title='bbox 2953 5191 3045 5243; x_wconf 79' lang='grc' dir='ltr'>καὶ</span> <span class='ocrx_word' id='word_1_779' title='bbox 3085 5192 3264 5258; x_wconf 82' lang='grc' dir='ltr'>πάσης</span> <span class='ocrx_word' id='word_1_780' title='bbox 3299 5188 3666 5256; x_wconf 75' lang='grc' dir='ltr'>δουλαγωγίας</span> <span class='ocrx_word' id='word_1_781' title='bbox 3701 5187 3800 5253; x_wconf 81' lang='grc' dir='ltr'>τῆς</span> 
     </span>
    </p>
   </div>
   <div class='ocr_carea' id='block_1_113' title="bbox 2305 5273 3800 5350">
    <p class='ocr_par' dir='ltr' id='par_1_113' title="bbox 2305 5273 3800 5350">
     <span class='ocr_line' id='line_1_113' title="bbox 2305 5273 3800 5350; baseline -0.005 -16"><span class='ocrx_word' id='word_1_782' title='bbox 2305 5285 2425 5336; x_wconf 80' lang='grc' dir='ltr'>κατ’</span> <span class='ocrx_word' id='word_1_783' title='bbox 2483 5283 2826 5350; x_wconf 72' lang='grc' dir='ltr'>ἐγκράτειαν,</span> <span class='ocrx_word' id='word_1_784' title='bbox 2873 5280 3118 5342; x_wconf 78' lang='grc' dir='ltr'>ἀποστὰς</span> <span class='ocrx_word' id='word_1_785' title='bbox 3173 5279 3281 5331; x_wconf 85' lang='grc' dir='ltr'>τῶν</span> <span class='ocrx_word' id='word_1_786' title='bbox 3324 5278 3548 5341; x_wconf 82' lang='grc' dir='ltr'>ἡδονῶν,</span> <span class='ocrx_word' id='word_1_787' title='bbox 3583 5276 3674 5342; x_wconf 61' lang='grc' dir='ltr'><strong>ὑφ’</strong></span> <span class='ocrx_word' id='word_1_788' title='bbox 3725 5273 3800 5328; x_wconf 80' lang='grc' dir='ltr'>ὢν</span> 
     </span>
    </p>
   </div>
   <div class='ocr_carea' id='block_1_114' title="bbox 2305 5365 3798 5440">
    <p class='ocr_par' dir='ltr' id='par_1_114' title="bbox 2305 5365 3798 5440">
     <span class='ocr_line' id='line_1_114' title="bbox 2305 5365 3798 5440; baseline -0.008 -15"><span class='ocrx_word' id='word_1_789' title='bbox 2305 5372 2680 5440; x_wconf 71' lang='grc' dir='ltr'>κατεστράρη,</span> <span class='ocrx_word' id='word_1_790' title='bbox 2698 5371 2908 5422; x_wconf 80' lang='grc' dir='ltr'>τελείαν</span> <span class='ocrx_word' id='word_1_791' title='bbox 2929 5372 3062 5439; x_wconf 79' lang='grc' dir='ltr'>ἡμῖν</span> <span class='ocrx_word' id='word_1_792' title='bbox 3094 5371 3314 5440; x_wconf 78' lang='grc' dir='ltr'>παρέξει</span> <span class='ocrx_word' id='word_1_793' title='bbox 3337 5369 3436 5436; x_wconf 83' lang='grc' dir='ltr'>τῆς</span> <span class='ocrx_word' id='word_1_794' title='bbox 3471 5365 3798 5436; x_wconf 74' lang='grc' dir='ltr'>ίατρεύσεως</span> 
     </span>
    </p>
   </div>
   <div class='ocr_carea' id='block_1_115' title="bbox 2305 5456 3794 5532">
    <p class='ocr_par' dir='ltr' id='par_1_115' title="bbox 2305 5456 3794 5532">
     <span class='ocr_line' id='line_1_115' title="bbox 2305 5456 3794 5532; baseline -0.008 -14"><span class='ocrx_word' id='word_1_795' title='bbox 2305 5464 2467 5518; x_wconf 80' lang='grc' dir='ltr'>αὑτοῦ</span> <span class='ocrx_word' id='word_1_796' title='bbox 2490 5464 2587 5532; x_wconf 85' lang='grc' dir='ltr'><strong>τὴν</strong></span> <span class='ocrx_word' id='word_1_797' title='bbox 2640 5461 2933 5524; x_wconf 81' lang='grc' dir='ltr'>ἀπόδειξιν.</span> <span class='ocrx_word' id='word_1_798' title='bbox 2989 5463 3301 5531; x_wconf 75' lang='grc' dir='ltr'>Ἀμφότερα</span> <span class='ocrx_word' id='word_1_799' title='bbox 3359 5458 3541 5511; x_wconf 77' lang='grc' dir='ltr'>τοίνυν</span> <span class='ocrx_word' id='word_1_800' title='bbox 3590 5456 3794 5507; x_wconf 72' lang='grc' dir='ltr'>εἱδέιαι</span> 
     </span>
    </p>
   </div>
   <div class='ocr_carea' id='block_1_116' title="bbox 2312 5546 3802 5626">
    <p class='ocr_par' dir='ltr' id='par_1_116' title="bbox 2312 5546 3802 5626">
     <span class='ocr_line' id='line_1_116' title="bbox 2312 5546 3802 5626; baseline -0.008 -18"><span class='ocrx_word' id='word_1_801' title='bbox 2312 5557 2458 5626; x_wconf 79' lang='grc' dir='ltr'><strong>ἡμᾶς</strong></span> <span class='ocrx_word' id='word_1_802' title='bbox 2491 5556 2592 5619; x_wconf 88' lang='grc' dir='ltr'>δεῖ,</span> <span class='ocrx_word' id='word_1_803' title='bbox 2630 5555 2811 5607; x_wconf 77' lang='grc' dir='ltr'>καὶτὰ</span> <span class='ocrx_word' id='word_1_804' title='bbox 2846 5554 2943 5621; x_wconf 80' lang='grc' dir='ltr'>τῆς</span> <span class='ocrx_word' id='word_1_805' title='bbox 2978 5552 3285 5621; x_wconf 77' lang='grc' dir='ltr'>ἀκριϐείας,</span> <span class='ocrx_word' id='word_1_806' title='bbox 3315 5550 3408 5600; x_wconf 76' lang='grc' dir='ltr'>καὶ</span> <span class='ocrx_word' id='word_1_807' title='bbox 3435 5549 3502 5600; x_wconf 87' lang='grc' dir='ltr'><strong>τά</strong></span> <span class='ocrx_word' id='word_1_808' title='bbox 3543 5546 3642 5615; x_wconf 80' lang='grc' dir='ltr'>τῆς</span> <span class='ocrx_word' id='word_1_809' title='bbox 3674 5563 3802 5597; x_wconf 85' lang='grc' dir='ltr'>συν·</span> 
     </span>
    </p>
   </div>
   <div class='ocr_carea' id='block_1_117' title="bbox 2306 5636 3804 5715">
    <p class='ocr_par' dir='ltr' id='par_1_117' title="bbox 2306 5636 3804 5715">
     <span class='ocr_line' id='line_1_117' title="bbox 2306 5636 3804 5715; baseline -0.007 -17"><span class='ocrx_word' id='word_1_810' title='bbox 2306 5647 2511 5715; x_wconf 85' lang='grc' dir='ltr'>ηθείας.</span> <span class='ocrx_word' id='word_1_811' title='bbox 2562 5645 2784 5696; x_wconf 72' lang='grc' dir='ltr'>ἔπεσθαι</span> <span class='ocrx_word' id='word_1_812' title='bbox 2839 5644 2895 5696; x_wconf 75' lang='grc' dir='ltr'><strong>δὲ</strong></span> <span class='ocrx_word' id='word_1_813' title='bbox 2941 5644 3034 5696; x_wconf 78' lang='grc' dir='ltr'>ἐπὶ</span> <span class='ocrx_word' id='word_1_814' title='bbox 3077 5641 3185 5694; x_wconf 84' lang='grc' dir='ltr'><strong>τῶν</strong></span> <span class='ocrx_word' id='word_1_815' title='bbox 3234 5639 3308 5709; x_wconf 80' lang='grc' dir='ltr'><strong>μὴ</strong></span> <span class='ocrx_word' id='word_1_816' title='bbox 3351 5636 3804 5708; x_wconf 68' lang='grc' dir='ltr'>καταδεξαμένων</span> 
     </span>
    </p>
   </div>
   <div class='ocr_carea' id='block_1_118' title="bbox 2311 5728 3418 5807">
    <p class='ocr_par' dir='ltr' id='par_1_118' title="bbox 2311 5728 3418 5807">
     <span class='ocr_line' id='line_1_118' title="bbox 2311 5728 3418 5807; baseline -0.013 -15"><span class='ocrx_word' id='word_1_817' title='bbox 2311 5741 2408 5807; x_wconf 79' lang='grc' dir='ltr'>τὴν</span> <span class='ocrx_word' id='word_1_818' title='bbox 2444 5739 2718 5806; x_wconf 75' lang='grc' dir='ltr'>άκρόςητα</span> <span class='ocrx_word' id='word_1_819' title='bbox 2751 5734 2824 5806; x_wconf 79' lang='grc' dir='ltr'>τῷ</span> <span class='ocrx_word' id='word_1_820' title='bbox 2857 5732 3213 5804; x_wconf 71' lang='grc' dir='ltr'>παραίοοέντι</span> <span class='ocrx_word' id='word_1_821' title='bbox 3245 5728 3418 5797; x_wconf 82' lang='grc' dir='ltr'>τύπῳ.</span> 
     </span>
    </p>
   </div>
  </div>
