3998 6326
215 352 324 412 593

1134 355 1218 418 IN
1256 354 1495 420 EPIST.
1535 356 1595 417 S.
1627 354 1908 418 BASILII
1943 356 2377 421 CANONICAM
2409 361 2458 420 Ι.

3333 364 3435 425 594

289 461 485 513 ΒΑΛΣ.
529 463 592 513 '0
624 462 722 528 μὲν
758 461 833 514 κε’
884 462 1232 526 ἀποστολικδς
1265 465 1440 518 κανὼν
1473 466 1566 519 καὶ
1587 467 1615 517 6
1645 481 1785 532 παρ-

1961 466 2150 521 ΒᾹίιὸ.
2183 467 2483 526 Vicesimus
2514 473 2725 543 quidem
2757 474 2974 540 quintus
3004 490 3174 528 canon
3222 484 3442 539 aposto—

215 553 295 606 ὼν
333 553 536 618 κανὼν,
569 555 698 625 περὶ
734 557 1034 609 ἐπισκόπου
1076 559 1171 611 καὶ
1206 559 1457 612 διακόνου
1495 560 1663 627 φασίν
1694 575 1707 591 ·
1761 562 1789 611 6

217 648 275 698 δὲ
309 644 388 715 λβ¹
421 646 599 700 κανὼν
623 647 718 700 τοῦ
766 648 922 714 ἁγίου
951 649 1235 703 Βασιλείου
1265 650 1559 717 διορίζεται
1608 649 1788 704 πάντα

224 740 542 806 ίιρωμένον,
568 738 673 791 κᾶν
703 739 802 806 τὴν
834 739 966 808 πρὸς
994 739 1220 794 θάνατον
1243 742 1513 811 ἁμαρτίαν
1540 744 1786 812 ἁμάρτῃ,

222 826 604 896 καθαιρεῖσθαι
634 828 828 897 μόνον·
867 831 928 881 οὐ
964 829 1068 899 μὴν
1114 832 1208 884 καὶ
1235 831 1342 884 ἀπὸ
1376 833 1472 900 τῆς
1507 831 1791 896 κοινωνίας

223 918 334 972 τῶν
390 919 619 980 πιστῶν,
653 919 824 987 ἤγουν
877 921 986 973 ἀπ’)
1033 920 1126 974 τοῦ
1173 922 1577 988 ἐκκλησιάζειν,
1626 923 1793 992 χωρί-

225 1011 435 1072 ζεσθαι.
487 1010 748 1064 Ἐνταῦθα
771 1010 828 1063 δέ
852 1027 1016 1081 φησιν
1043 1013 1070 1064 6
1096 1012 1250 1078 ἆγιος
1272 1015 1366 1064 καὶ
1394 1012 1572 1076 αίτίας
1600 1013 1789 1066 τούτου

223 1102 321 1154 δύο
346 1119 360 1134 ·
405 1101 533 1171 μίαν
560 1101 663 1169 μὲν
692 1102 774 1166 τὸ,
807 1103 920 1154 Ούκ
956 1103 1262 1172 ὲκδικήσεις
1292 1104 1371 1166 δὶς
1396 1105 1488 1158 ἰπὶ
1517 1105 1594 1174 τῷ
1618 1105 1787 1176 αὐτῷ·

227 1194 424 1264 ἑτέραν
469 1192 524 1244 δὲ
567 1193 625 1245 τδ
655 1194 780 1254 τοὺς
809 1193 1028 1256 λαῖκοῦς
1057 1194 1426 1257 ἐκπίπτοντας
1472 1195 1558 1250 διὰ
1610 1197 1793 1267 ἁμαρ-

225 1281 446 1351 τήματα
475 1282 576 1350 τῆς
599 1283 706 1334 τῶν
741 1284 947 1335 πιστῶν
983 1285 1294 1346 συστάσεως
1319 1285 1479 1338 πάλιν
1512 1285 1599 1339 διὰ
1631 1297 1796 1355 μετα-

228 1372 381 1433 νοίας
407 1371 879 1426 ἀποκαθίστασθαι
919 1378 998 1433 είς
1035 1375 1125 1429 τὸν
1161 1377 1326 1429 τόπον
1358 1377 1480 1430 ὅθεν
1513 1379 1790 1442 ἐξέπεσον·

227 1463 357 1520 τοὺς
411 1461 738 1530 ίερωμένους
793 1463 848 1514 δὲ
899 1465 1098 1532 μηκέτι
1142 1465 1539 1533 ἐπανέρχεσθαι
1586 1467 1664 1527 εἰς
1697 1466 1794 1534 τὴν

233 1554 554 1620 ἱερωσύνην,
611 1549 678 1623 ἦς
726 1555 1166 1607 ἔκπεπτώκασιν.
1227 1556 1313 1618 Ὧς
1375 1555 1467 1611 οὖν
1520 1557 1794 1626 ἀρκοῦσαν

233 1643 449 1713 ἔχοντες
496 1645 770 1714 τιμωρίαν
829 1647 969 1714 ὑπὲρ
1017 1648 1114 1713 τῆς
1145 1648 1417 1717 ἁμαρτίας
1462 1649 1665 1709 αὐτῶν,
1695 1649 1795 1714 τὴν

234 1735 578 1805 καθαίρεσιν,
618 1735 720 1804 τῆς
779 1738 1061 1798 κοινωνίας
1104 1739 1204 1791 οὐκ
1267 1737 1564 1807 εἴργονται.
1636 1739 1794 1791 Ἀλλά

234 1825 430 1886 ταῦτα,
469 1827 624 1894 φησὶ,
666 1825 776 1876 τῶν
809 1825 994 1881 τύπων
1046 1825 1078 1894 ἦ
1125 1825 1232 1876 τῶν
1288 1827 1588 1879 κανονικῶν
1618 1829 1798 1880 διατα-

235 1914 488 1982 γμάτων.
535 1914 599 1967 Ἦ
624 1914 681 1966 δὲ
710 1915 916 1983 ἀληθὴς
965 1915 1175 1984 ἰατρεία
1207 1915 1305 1982 τῆς
1345 1917 1621 1986 ἁμαρτίας
1650 1919 1798 1972 ἐστὶν

234 2009 269 2076 ἡ
337 2007 396 2071 ἐξ
439 2006 608 2076 αὐτῆς
655 2006 1022 2077 ἀναχώρησις.
1082 2006 1196 2058 Κάν
1256 2008 1365 2077 γάρ
1417 2010 1444 2060 6
1499 2009 1802 2078 πορνεύσας

238 2096 578 2165 καθαιρεθῇ,
635 2095 735 2148 οὐκ
801 2095 1164 2164 ἐπιτιμᾶσθαι
1215 2097 1364 2148 δοκεῖ
1418 2098 1800 2165 ἐνδεχομένως,

236 2189 380 2242 ὥστε
420 2189 514 2240 καὶ
546 2186 645 2256 τὴν
670 2187 777 2239 ἀπὸ
807 2187 900 2240 τοῦ
928 2189 1061 2240 Θεοῦ
1095 2189 1278 2241 λαόεῖν
1310 2188 1668 2256 συμπάθειαν,
1705 2190 1800 2239 ἐὰν

238 2285 336 2333 καὶ
365 2282 443 2332 ἔτι
469 2281 726 2348 ὲπιμείνῃ
760 2283 824 2348 τῇ
872 2280 1135 2349 ἁμαρτία,
1187 2282 1282 2333 καὶ
1337 2281 1454 2332 οὐδὲ
1506 2281 1576 2332 δι’
1611 2282 1803 2349 ἑτέρας

242 2371 541 2440 συντρισῆς
602 2371 900 2438 ὲξιλεοῦται
948 2375 1040 2427 τὸν
1100 2376 1250 2428 Θεόν,
1312 2376 1473 2428 Ὥστε
1527 2375 1731 2441 ὀφείλει
1779 2375 1807 2424 6

245 2461 434 2529 ίατρδς
481 2464 593 2525 τοῖς
622 2462 874 2531 ψυχικοῖς
933 2465 1095 2517 αὑτοῦ
1129 2465 1437 2534 τραύμασιν
1466 2465 1661 2517 ειδέναι
1704 2465 1802 2532 μὲν

243 2550 342 2606 καὶ
367 2549 462 2619 τὴν
493 2550 800 2617 ἀκρίϐειαν,
824 2552 990 2622 ἦγουν
1027 2553 1124 2621 τὴν
1164 2553 1252 2605 διὰ
1303 2554 1399 2620 τῆς
1431 2553 1808 2622 καθαιρέσεως

244 2644 470 2696 κόλασιν
497 2644 591 2696 τοῦ
628 2643 986 2716 πορνεύοντος
1017 2644 1284 2714 κληρικοῦ
1309 2659 1322 2672 ·
1362 2646 1434 2712 μὴ
1493 2643 1808 2696 ἀκολουθεῖν

243 2734 303 2786 δὲ
344 2733 515 2804 ταύτῃ
547 2736 604 2799 ἐξ
634 2736 903 2805 ἀνάγκης,
928 2737 1020 2790 καὶ
1049 2737 1140 2789 τὸν
1171 2737 1308 2805 μετά
1345 2738 1443 2805 τὴν
1485 2736 1806 2806 καθαίρεσιν

246 2827 582 2893 πορνεύοντα
639 2829 1032 2900 ἀνεπιτίμητον
1081 2829 1540 2897 καταλιμπάνειν,
1581 2829 1657 2892 ὥς
1707 2831 1808 2901 ἤδη

242 2922 577 2975 κολασθέντα
620 2921 707 2976 διὰ
742 2924 838 2991 τῆς
873 2923 1262 2990 καθαιρέσεως,
1306 2923 1439 2976 ἀλλὰ
1489 2924 1582 2976 καὶ
1615 2924 1810 2991 ἀφορί-

246 3013 367 3076 ζειν
392 3015 464 3075 ὡς
499 3014 581 3076 είς
606 3014 769 3066 τόπον
798 3013 1020 3065 ἐλθόντα
1048 3013 1261 3074 λαῖκοῦ,
1289 3016 1381 3065 καὶ
1411 3013 1583 3075 ἄλλως
1633 3015 1811 3066 ὲπιτιυ

246 3106 362 3174 μᾷν
418 3104 557 3155 κατὰ
600 3102 697 3172 τὴν
759 3093 987 3170 δύναμιν
1032 3101 1128 3154 τοῦ
1184 3101 1584 3170 ίατρευομένου.
1655 3102 1802 3153 ’Λνάι

245 3212 464 3262 γνωσον
495 3195 590 3248 καὶ
619 3197 710 3247 τὸν
737 3191 814 3246 νϐ’
846 3193 1044 3246 κανόνα
1076 3195 1174 3261 τῆς
1197 3194 1476 3262 παρούσης
1503 3192 1809 3261 ἐπιστολῆς,

245 3291 307 3340 ὲν
332 3286 470 3339 ἑπτὰ
496 3286 639 3338 ἔτεσι
664 3287 755 3338 τὸν
788 3285 1122 3356 πορνεύοντα
1154 3284 1474 3347 κολάζοντα.

325 3377 570 3429 ΖΩΝᾹΡ.
601 3375 741 3438 Τοὺς
788 3375 1066 3436 διακόνους
1117 3374 1525 3444 πορνεύσαντας
1565 3374 1668 3443 τῆς
1718 3375 1814 3442 μὲν

244 3468 529 3529 διακονίας
575 3465 934 3519 ἐκϐάλλεσθαι
985 3465 1153 3534 λέγει,
1180 3468 1281 3534 τῆς
1330 3467 1614 3527 κοινωνίας
1651 3465 1706 3517 δὲ
1741 3466 1813 3533 μὴ

248 3559 557 3612 κωλύεσθαι
581 3578 592 3591 ·
625 3557 718 3610 καὶ
752 3557 848 3618 τὰς
890 3557 1070 3619 αἰτίας
1124 3558 1319 3624 ἐπάγει
1350 3575 1362 3588 ·
1397 3557 1524 3625 μίαν
1572 3557 1691 3623 μὲν,
1746 3556 1814 3624 ἡν

247 3649 348 3701 καὶ
384 3649 410 3698 6
441 3654 513 3698 κε’
545 3646 898 3708 ἀποστολικδς
952 3644 1131 3699 κανὼν
1176 3645 1361 3713 λέγει·
1397 3647 1478 3705 τὸ,
1514 3647 1626 3697 Οὐκ
1664 3645 1811 3698 ἐκδι-

249 3743 443 3807 κήσεις
471 3740 552 3794 δὶς
583 3738 675 3789 ἐπὶ
719 3736 781 3789 τὸ
821 3738 952 3789 αὑτό
975 3753 988 3766 ·
1019 3737 1216 3806 ἑτέραν
1245 3737 1300 3789 δὲ
1337 3737 1395 3788 τὸ
1443 3738 1569 3798 τοὺς
1599 3736 1816 3798 λαῖκοῦς

249 3830 621 3891 ἐκπίπτοντας
660 3827 746 3880 διά
786 3829 1154 3897 ἁμαρτήματα
1194 3828 1292 3896 τῆς
1327 3829 1435 3879 τῶν
1482 3829 1688 3880 πιστῶν
1722 3845 1815 3880 συ-

251 3923 496 3982 στάσεως
530 3921 692 3973 πάλιν
738 3920 824 3972 διὰ
880 3919 1169 3988 μετανοίας
1222 3918 1687 3972 ἀποκαθίστασθαι
1740 3921 1819 3982 είς

249 4014 350 4064 τὸν
380 4013 540 4063 τόπον
569 4011 692 4062 ὅθεν
723 4009 999 4072 ἐξέπεσον.
1039 4009 1176 4070 Τοὺς
1227 4007 1281 4059 δὲ
1331 4011 1659 4076 ἱερωμένους
1718 4024 1821 4074 μη-

251 4105 375 4155 κέτι
401 4102 794 4171 ἐπανέρχεσθαι
823 4103 901 4163 εἰς
937 4101 1033 4170 τὴν
1083 4100 1383 4168 ἱερωσύνην
1416 4099 1483 4168 ἦς
1523 4099 1820 4153 ἑκπεπτιὶι⁴

252 4210 438 4247 κασιν.
479 4192 568 4254 Ὠς
618 4191 710 4244 οῦν
748 4190 1023 4260 ἀρκοῦσαν
1073 4190 1284 4258 ἔχοντες
1342 4191 1612 4260 τιμωρίαν
1677 4190 1818 4259 ὑπὲρ

249 4290 355 4355 τῆς
385 4284 653 4354 ἁμαρτίας
681 4283 858 4334 αὐτῶν
887 4283 977 4351 τὴν
1007 4281 1347 4351 καθαίρεσιν,
1388 4284 1482 4351 τῆς
1525 4281 1815 4343 κοινωνίας

249 4377 357 4428 οὐκ
402 4373 678 4442 εἴργονται
708 4389 724 4404 ο
761 4373 895 4424 ἀλλὰ
929 4372 1120 4436 ταῦτα,
1160 4363 1313 4441 φηὲι,
1353 4374 1420 4426 τὰ
1474 4374 1582 4426 τῶν
1611 4373 1819 4435 τύπων,

1890 561 2047 622 licus.
2100 573 2151 616 et
2192 578 2446 631 praesens,
2487 563 2554 618 dc
2577 565 2829 632 episcopo
2862 577 2911 616 et
2961 566 3185 618 diacono
3213 567 3392 615 dicunt
3425 579 3440 615 :

1890 652 1983 705 sed
2013 667 2182 706 canon
2214 654 2285 706 32
2315 655 2481 708 sancti
2515 654 2693 708 Basilii
2724 654 2969 708 decernit
2994 657 3236 722 quemvis
3269 654 3441 707 sacris

1890 742 2172 798 ordinibus
2207 744 2492 802 initiatum.
2534 746 2577 798 si
2604 752 2878 813 peccatum
2911 751 2974 796 ad
3008 753 3230 797 mortem
3256 757 3446 810 pecca—

1891 831 2050 890 verit.
2081 830 2456 900 deponendum
2503 840 2706 884 tantum
2747 845 2887 894 esse,
2919 845 3024 884 non
3058 838 3231 882 tamen
3259 845 3287 883 a
3320 829 3447 882 lide-

1890 921 2020 975 lium
2048 922 2211 975 etiam
2241 923 2637 986 communione,
2665 936 2729 976 ne
2756 922 2962 978 scilicet
2989 922 3040 976 itt
3067 921 3291 976 ecclesia
3319 935 3448 976 con-

1892 1023 2164 1083 gregetur,
2201 1013 2461 1082 separari.
2508 1012 2603 1067 llic
2636 1023 2810 1068 autem
2859 1015 2988 1067 dicit
3033 1022 3250 1068 sanctus
3319 1015 3450 1066 duas

1891 1103 2009 1172 ejus
2035 1105 2111 1157 rei
2139 1117 2368 1159 causas:
2399 1119 2556 1158 unam
2584 1105 2796 1172 quidem
2828 1103 2977 1165 illud.
3006 1101 3121 1156 Non
3152 1102 3450 1157 vindicahis

1894 1194 1975 1249 bis
2009 1195 2061 1248 itt
2093 1195 2344 1262 idipsum,
2397 1193 2616 1250 alteram
2668 1209 2813 1258 vero,
2850 1194 2991 1262 quod
3047 1194 3164 1246 laici
3207 1193 3444 1260 quidem,

1899 1295 2116 1353 propter
2149 1300 2244 1340 sua
2277 1295 2493 1353 peccata
2530 1302 2558 1339 a
2597 1286 2829 1340 ﬁdelium
2861 1287 3279 1353 congregatione
3304 1284 3453 1338 exci-

1897 1378 2104 1440 dentes,
2138 1391 2233 1442 per
2262 1376 2631 1444 paenitentiam
2666 1390 2851 1430 rursus
2883 1377 2934 1429 in
2961 1375 3245 1444 pristinum
3275 1374 3448 1427 locum

1894 1466 2300 1520 restituantur:
2352 1467 2526 1520 sacris
2563 1467 2844 1521 ordinibus
2889 1476 3066 1521 autem
3117 1465 3309 1518 initiati
3348 1480 3452 1516 non

1897 1559 2126 1626 amplius
2157 1566 2496 1611 revertuntur
2531 1559 2594 1611 ad
2628 1560 3006 1622 sacerdotium,
3045 1573 3071 1609 ο
3107 1573 3209 1624 qtto
3238 1556 3453 1609 exeide-

1897 1657 2041 1700 ruttt.
2071 1646 2350 1713 Tanquam
2378 1661 2504 1716 ergo
2530 1647 2796 1702 sulIiciens
2821 1646 3078 1700 habentes
3103 1660 3199 1712 pro
3223 1653 3447 1710 peccato

1897 1752 1994 1792 suo
2034 1739 2355 1807 supplicium
2417 1739 2826 1806 depositionem,
2870 1749 2898 1787 a
2930 1734 3305 1789 communione
3351 1749 3456 1787 non

1900 1844 2170 1887 arcentur.
2205 1832 2306 1886 Sed
2334 1841 2459 1885 sunt
2488 1832 2625 1894 haec,
2656 1830 2852 1896 inquit,
2877 1837 3122 1899 typorum
3156 1827 3268 1881 sive
3297 1842 3462 1879 cano-

1906 1925 2147 1978 Iticarum
2196 1921 2658 1976 constitutionum.
2714 1919 2809 1972 Est
2858 1928 3033 1973 autem
3080 1933 3204 1971 vera
3257 1918 3457 1986 peccati

1905 2011 2166 2066 medicina
2203 2011 2268 2064 ab
2301 2010 2414 2078 ipso
2461 2024 2728 2064 recessus.
2778 2007 2890 2061 Etsi
2931 2008 3093 2073 enim,
3152 2008 3240 2074 qui
3293 2006 3461 2060 torui-

1905 2112 2057 2155 catus
2088 2112 2188 2165 est,
2223 2102 2501 2169 depositus
2523 2101 2700 2167 fuerit,
2730 2116 2833 2154 non
2869 2111 3073 2153 tantum
3109 2099 3324 2166 punitus
3345 2112 3463 2149 esse

1909 2194 2144 2257 videtur,
2169 2202 2225 2247 ut
2255 2194 2417 2248 etiam
2445 2193 2872 2248 misericordiam
2901 2207 2928 2243 a
2956 2192 3064 2246 Deo
3081 2196 3461 2256 consequatur,

1907 2288 1948 2339 si
1992 2288 2166 2340 adhuc
2203 2287 2256 2340 in
2285 2298 2501 2355 peccato
2528 2284 2974 2356 perseveraverit,
3009 2297 3106 2336 nec
3131 2327 3135 2329 .
3157 2281 3319 2334 Deum
3354 2280 3452 2330 ali-t

1909 2379 2240 2433 contritione
2298 2379 2610 2448 placaverit.
2686 2377 2865 2443 Quare
2935 2375 3092 2430 debet
3149 2373 3462 2427 animalium

1913 2469 2066 2535 hujus
2103 2470 2382 2525 vulnerum
2428 2470 2670 2523 medicus
2701 2469 2840 2522 scire
2871 2466 3082 2534 quidem
3115 2474 3166 2517 et
3197 2478 3465 2517 summum

1909 2562 2020 2632 jus.
2052 2563 2260 2618 scilicet
2289 2559 2855 2640 punitionemélerici,
2888 2558 2978 2625 qui
3030 2556 3322 2609 fornicatus
3364 2565 3467 2613 est,

1913 2665 2006 2718 per
2035 2648 2416 2716 depositionem
2449 2665 2462 2701 :
2495 2661 2612 2700 eam
2640 2658 2812 2700 tamen
2833 2646 2938 2700 non
2970 2645 3270 2698 necessario
3290 2643 3464 2712 sequi,

1916 2750 1974 2794 ιιι
2007 2756 2129 2795 eum
2168 2740 2352 2802 etiam,
2400 2739 2488 2807 qui
2537 2747 2660 2806 post
2712 2738 3096 2804 depositionem
3149 2735 3467 2797 fornicatur,

1915 2830 2230 2899 impunitum
2261 2829 2547 2895 relinquat,
2582 2836 2641 2880 ut
2684 2827 2792 2893 jam
2827 2843 2918 2893 per
2952 2827 3333 2894 depositionem
3374 2837 3473 2890 pu-

1915 2921 2118 2985 nitum;
2154 2919 2244 2974 sed
2279 2929 2337 2972 ut
2369 2919 2531 2972 etiam
2566 2931 2685 2970 entn
2719 2925 2984 2984 segreget,
3020 2916 3108 2982 qui
3138 2915 3255 2968 laici
3288 2915 3464 2966 locum

1914 3012 2099 3070 subiit.
2129 3020 2178 3064 et
2207 3011 2360 3064 aliter
2387 3024 2507 3063 eum
2543 3009 2748 3076 puniat.
2779 3023 2876 3074 pro
2923 3007 3042 3070 eius
3077 3006 3329 3058 faettltatc
3377 3004 3465 3057 cui

1919 3101 2180 3157 medicina
2213 3102 2497 3168 prmbelur.
2533 3100 2669 3171 Lege
2693 3109 2746 3154 et
2770 3114 3027 3153 canonem
3077 3098 3145 3152 49
3181 3097 3339 3164 hujus
3365 3095 3476 3165 epi-

1923 3195 2091 3260 stolae,
2115 3195 2205 3263 qui
2239 3194 2622 3249 fornicatorem
2653 3200 2853 3262 septem
2883 3190 3036 3243 annis
3063 3188 3240 3259 punit.

1992 3375 2243 3432 ZONAR.
2285 3374 2572 3435 Diaconos,
2607 3372 2696 3440 qui
2723 3369 2967 3424 fornicati
3016 3376 3162 3428 sunt,
3195 3367 3474 3419 diaconatu

1922 3468 2134 3534 quidem
2181 3463 2529 3533 dejiciendos,
2562 3477 2663 3514 non
2705 3471 2882 3512 tamen
2911 3475 2937 3509 a
2974 3457 3349 3511 communione
3393 3470 3479 3507 ar-

1923 3555 2120 3608 cendos
2145 3567 2262 3607 esse
2294 3552 2505 3614 asserit,
2553 3562 2854 3617 causasque
2901 3547 3219 3616 snhjungit:
3255 3545 3476 3597 alteram

1925 3644 2160 3713 quidem,
2216 3657 2334 3712 quae
2395 3639 2686 3708 apostolico
2738 3638 2990 3690 vicesimo
3038 3635 3224 3701 quinto
3276 3647 3482 3686 canone

1925 3737 2234 3790 continetur
2269 3752 2280 3786 :
2317 3731 2428 3786 Non
2459 3730 2754 3785 vindicabis
2790 3728 2872 3781 bis
2898 3727 2946 3779 itt
2981 3727 3228 3794 idipsum,
3259 3724 3481 3779 alteram

1924 3843 2073 3890 vero,
2113 3825 2253 3895 quod
2305 3825 2423 3877 laici
2477 3823 2545 3876 οι)
2589 3821 2814 3875 crimina
2869 3833 2897 3870 τι
2955 3816 3485 3870 ίίὁοΙίιιιιιςοιιςοτιΞο

1927 3921 2108 3988 ejecti,
2148 3933 2334 3972 rursus
2383 3917 2436 3969 in
2468 3917 2664 3977 locum,
2701 3912 2841 3964 unde
2869 3910 3201 3972 exciderunt,
3233 3923 3327 3974 per
3373 3923 3487 3975 poc-

1929 4009 2206 4062 nitentiam
2272 4007 2656 4065 restituantur;
2718 4001 2888 4054 sacris
2947 4006 3123 4051 autem
3176 3997 3370 4050 initiati
3432 3997 3483 4048 itt

1928 4114 2140 4156 sacrum
2170 4077 2435 4159 ordinem,
2467 4111 2531 4150 ex
2569 4108 2676 4163 quo
2714 4093 2904 4160 dejccti
2949 4101 3094 4154 sunt,
3126 4105 3227 4142 non
3258 4087 3489 4157 amplius

1929 4192 2300 4244 adtnittantur.
2328 4188 2606 4255 Tanquam
2649 4185 2813 4254 igitur
2843 4186 2910 4237 ob
2942 4184 3232 4250 irrogatam
3277 4180 3486 4248 tlepusi-

1931 4280 2129 4332 tionem
2156 4278 2284 4331 satis
2330 4275 2573 4344 supplicii
2611 4289 2706 4341 pro
2758 4273 2965 4326 ratione
2997 4271 3212 4324 admissi
3249 4269 3491 4324 criminis

1929 4372 2098 4435 luant,
2144 4384 2172 4421 a
2205 4366 2588 4423 communione
2623 4365 2761 4418 haud
2797 4363 3171 4432 prohibentur.
3211 4361 3317 4415 Sed
3350 4361 3488 4416 hare.

251 4469 426 4534 ἤγουν
456 4464 490 4517 ἃ
528 4464 586 4527 ἐξ
624 4462 779 4525 ἔθους
816 4463 1030 4531 μακροῦ
1076 4464 1436 4534 ἐτυπώθησαν
1461 4482 1473 4495 ·
1512 4465 1738 4517 καθόλου
1765 4465 1808 4517 δὲ

1933 4463 2128 4530 inquit,
2181 4460 2234 4513 in
2290 4455 2766 4513 constitutionibus
2811 4456 3169 4522 reperiuntur,
3231 4454 3329 4505 hoc
3384 4461 3487 4508 est.

254 4559 398 4621 ἴαμα
430 4555 524 4606 τοῦ
563 4554 883 4622 σφάλματος
932 4553 1078 4620 λέγει
1107 4555 1202 4624 τὴν
1247 4555 1343 4622 τῆς
1387 4557 1662 4625 ἁμαρτίας
1694 4556 1830 4608 ἀνα-

253 4646 527 4717 χώρησιν,
558 4646 653 4697 καὶ
697 4645 757 4696 τὸ
819 4645 886 4697 δι’
940 4646 1265 4715 ἐγκρατείας
1321 4648 1414 4698 καί
1450 4646 1826 4710 κακοπαθείας

253 4737 672 4803 δουλαγωγῆσαι
697 4737 794 4804 τὴν
826 4736 1001 4806 σάρκα
1025 4752 1039 4769 ο
1070 4738 1357 4789 τουτέστιν
1387 4737 1669 4802 ὑποτάξαι,
1711 4739 1832 4789 δου-

253 4825 452 4878 λῶσαι.
505 4827 594 4876 Δεῖ
636 4825 694 4878 δὲ
746 4827 870 4888 τοὺς
925 4827 1110 4894 ψυχῶν
1164 4827 1484 4894 οίκονόμους
1541 4826 1830 4895 ἀμφότερα

257 4915 477 4979 ειδέναι,
514 4917 607 4969 καὶ
655 4916 722 4970 τὰ
782 4917 880 4985 τῆς
930 4917 1234 4986 ἀκριϐείας,
1267 4920 1361 4970 καὶ
1405 4919 1472 4972 τὰ
1507 4920 1604 4988 τῆς
1661 4936 1826 4988 συνη-

259 5009 446 5070 θείας·
477 5009 571 5060 καὶ
606 5008 652 5058 εί
686 5007 784 5074 μὲν
811 5008 860 5058 oi
898 5008 1317 5078 ἀμαρτήσαντες
1347 5011 1728 5079 καταδέχοιντο
1756 5010 1826 5063 τὰ

257 5101 363 5167 τῆς
392 5097 701 5167 ἀκριϐείας,
743 5097 862 5150 κατ’
895 5098 1109 5166 ἐκείνην
1157 5101 1556 5169 οἰκονομεῖσθαι
1588 5101 1784 5164 αὐτούς
1811 5118 1823 5132 ·

260 5189 314 5240 εί
347 5185 403 5239 δὲ
433 5187 829 5256 σκληρύνονται
872 5188 1007 5255 πρὸς
1053 5186 1151 5256 τὴν
1209 5189 1508 5258 ἀκρότητα,
1543 5192 1662 5260 ἦτοι
1695 5194 1834 5260 πρὸς

260 5279 368 5346 τὴν
398 5278 573 5347 ἄκραν
599 5277 907 5348 ἀκρίϐειαν,
949 5279 1173 5331 ἕπεσθαι
1206 5280 1328 5332 τότε
1355 5280 1431 5350 τῷ
1467 5281 1829 5352 παραδοθέντι

258 5368 444 5438 τύπῳ,
479 5372 544 5440 τῇ
578 5370 838 5441 συνηθείᾳ
865 5369 1106 5440 δηλονότι
1141 5369 1241 5443 ('5).

1933 4554 2075 4624 longi
2111 4551 2365 4618 temporis
2385 4548 2771 4602 consuetudine
2803 4547 3022 4600 definita
3052 4553 3193 4598 sunt.
3230 4543 3492 4596 Universc

1932 4658 2061 4697 vero
2109 4642 2312 4710 peccati
2366 4640 2687 4694 medicinam
2736 4639 2812 4692 ait
2859 4635 2978 4691 che
3016 4653 3043 4689 ιι
3074 4645 3294 4704 peceato
3328 4650 3494 4688 rece-

1933 4735 2082 4796 dere,
2118 4747 2180 4786 ac
2222 4744 2320 4799 per
2356 4728 2764 4797 temperantiam
2799 4726 3145 4794 corporisque
3179 4725 3492 4779 alilictioncs

1938 4841 2152 4880 carnem
2186 4823 2433 4890 redigere
2482 4822 2532 4873 itt
2585 4819 2920 4882 servitutem,
2955 4818 3054 4871 hoc
3105 4825 3206 4880 cst,
3245 4832 3492 4870 coercere.

1939 4934 2001 4973 ac
2031 4917 2307 4972 edomare.
2362 4912 2585 4982 Oportet
2638 4924 2799 4979 porro
2853 4909 3154 4961 animarum
3214 4917 3493 4961 curatores

1937 5021 2165 5076 utraque
2208 5019 2388 5065 nosse,
2437 5013 2490 5055 ct
2521 5016 2640 5070 quae
2675 4997 2869 5053 summi
2916 4997 3054 5064 juris
3098 5006 3243 5064 sunt,
3280 5007 3332 5048 et
3377 5012 3494 5066 qua:

1938 5096 2346 5154 consuetudinis
2380 5112 2392 5147 :
2424 5108 2483 5144 ae
2534 5091 2578 5145 si
2611 5090 2828 5158 quidem
2869 5089 2956 5158 qui
3006 5099 3381 5156 pecravcrunt,
3433 5105 3491 5136 t-a

1937 5204 2058 5256 quae
2087 5194 2211 5241 sunt
2240 5185 2414 5240 exacti
2453 5181 2593 5251 juris
2620 5180 2926 5242 admittant,
2953 5194 3014 5231 ex
3045 5178 3159 5246 ejus
3188 5177 3496 5245 praescripto

1938 5297 2059 5335 cum
2089 5277 2220 5347 ipsis
2243 5291 2439 5345 agere;
2471 5274 2551 5327 sin
2580 5279 2756 5325 autem
2786 5271 3047 5324 adversus
3082 5268 3370 5338 perfectam
3406 5284 3497 5320 ra-

1941 5372 2458 5434 tionem,summum
2520 5364 2769 5418 videlicet
2823 5364 2911 5431 jus
2964 5363 3328 5427 obluctentur,
3370 5371 3497 5413 tunc

1943 5463 2166 5515 formam
2205 5460 2475 5522 traditam,
2509 5456 2946 5511 consuetudinem
2979 5454 3207 5517 scilicet,
3235 5453 3406 5521 sequi.

1494 5574 1687 5634 Guill.
1729 5574 2061 5652 Beveregii
2086 5577 2274 5632 notae.

350 5668 423 5738 (ὃ)
462 5667 860 5747 fiam-noete
919 5672 1220 5739 δηλονότι.
1282 5673 1408 5730 Post
1463 5677 1576 5730 haec
1634 5679 1822 5731 ultima

265 5739 504 5792 Joannis
529 5739 758 5794 Zonarac
790 5744 840 5795 itt
875 5755 1193 5799 praesentem
1228 5758 1485 5798 canonetn
1531 5750 1710 5804 verba.
1738 5763 1832 5799 co-

1947 5679 2048 5730 des
2094 5675 2561 5727 Atnerhaehiantts
2599 5673 2765 5735 addit,
2801 5671 3046 5725 Καθόλου
3079 5670 3136 5722 δὲ
3161 5669 3296 5735 ἴαμα
3343 5665 3444 5736 ἔφη
3467 5667 3497 5720 ὁ

1947 5747 2098 5807 ἂγιο,
2125 5744 2221 5809 τὴν
2276 5746 2336 5795 ἐκ
2389 5743 2487 5811 τῆς
2525 5743 2800 5812 ἁμαρτίας
2851 5740 3232 5811 ἀναχώρησιν,
3265 5737 3394 5804 πρὸ;
3433 5737 3495 5788 τὸ
