3998 6326
232 264 340 316 597

1163 275 1246 335 IN
1286 276 1526 341 EPIST.
1569 281 1629 344 S.
1664 283 1946 347 BASILII
1991 288 2427 353 CANONICAM
2471 293 2510 356 ῐ.

3374 299 3476 365 593

236 373 315 436 pi;
352 367 491 423 εἶναι
521 374 693 443 γάμον
725 376 815 445 τὴν
838 377 1161 449 τριγᾶμίαν,
1192 385 1443 455 ἐπήγαγε
1480 391 1575 443 καὶ
1611 391 1811 460 ταύτην

237 461 255 481 ,
350 480 362 481 ί
454 468 477 480 -
521 465 545 481 λ
671 470 682 481 .
766 468 781 481 .
812 470 823 481 .
1004 476 1056 481 ςμ
1122 475 1139 481 -
1299 478 1307 481 -

1920 398 2114 462 hasset,
2142 402 2437 471 trigamiam
2466 422 2568 458 non
2592 420 2711 461 esse
2737 410 3157 477 matrimonium,
3183 414 3477 481 subiunxit.

234 461 609 532 ἐπιτιμᾶσθαι
660 468 938 536 ἀναλόγως
992 476 1058 543 τῇ
1119 475 1383 546 διγαμίᾳο
1431 481 1506 539 ὡς
1566 483 1812 537 ἐντεῦθεν

238 554 274 603 ἀ
312 555 642 618 (maiuscula:
670 563 763 613 καὶ
794 563 892 631 τὴν
926 567 1221 634 τριγαμίαν
1272 569 1467 639 ἐπίσης
1498 575 1561 642 τῇ
1593 573 1818 646 διγαμίᾳ

245 646 326 713 μὴ
362 649 716 715 διασπᾶσθαι,
761 655 895 708 ἀλλὰ
952 659 1328 727 ἐπιτιμᾶσθαι.
1365 663 1510 734 Πλὴν
1569 665 1669 732 μὲν
1721 669 1818 737 τὴν

243 738 513 806 διγαμίαν
546 741 630 794 διὰ
654 743 745 796 δύο
773 746 930 809 ἐτῶν,
963 749 1057 816 τὴν
1086 749 1141 801 δὲ
1176 754 1474 821 τριγαμίαν
1498 755 1586 808 διὰ
1632 758 1812 813 πέντε.

247 832 533 885 Ἰστασθαι
558 835 610 887 δὲ
641 837 721 899 είς
743 839 831 890 τὸν
860 840 1025 893 τόπον
1058 843 1168 894 τῶν
1200 845 1566 914 ἀκροωμένων
1595 848 1651 899 ὲν
1674 848 1816 901 ἔτεσι

242 923 421 986 τρισὶ,
476 925 570 977 καὶ
628 927 765 995 μετά
824 931 1002 985 ταῦτα
1065 934 1414 988 συνίστασθαι
1466 940 1576 999 τοῖς
1607 941 1817 1003 πιστοῖς

250 1012 443 1081 μέχρις
472 1015 598 1083 ὅλης
630 1021 944 1081 πενταετίας
971 1023 1097 1085 τοὺς
1125 1026 1451 1093 τριγάμους.
1490 1028 1597 1081 Καὶ
1625 1030 1812 1084 ἔκτοτε

245 1106 494 1180 καρποὺς
517 1107 701 1171 ἀξίους
737 1111 1174 1181 ἐπιδειξαμένους
1200 1116 1302 1184 τῆς
1346 1120 1653 1187 μετανοίας,
1682 1124 1815 1175 ἀπο-

244 1194 517 1265 καθιστᾷν
569 1198 646 1259 εἰς
695 1198 784 1253 τὸν
834 1201 1001 1252 τόπον
1036 1204 1133 1267 τῆς
1164 1206 1468 1268 κοινωνίας,
1522 1209 1670 1260 καὶὸ
1717 1209 1815 1277 μὲν

245 1283 404 1349 ἅγιος
460 1287 626 1341 ταῦτα
650 1306 665 1321 ’
697 1290 725 1341 ὁ
756 1291 810 1342 δὲ
840 1292 1003 1361 τόμος
1046 1293 1146 1361 τῆς
1182 1295 1445 1360 ἑνώσεως,
1495 1300 1523 1351 ὁ
1576 1299 1815 1366 γεγονὼς

246 1374 340 1425 ἐπὶ
372 1376 781 1430 Κωνσταντίνου
833 1381 926 1433 τοῦ
976 1384 1487 1453 Πορφυρογεννήτου
1533 1389 1627 1440 καὶ
1670 1389 1809 1441 Ῥω-

250 1467 424 1535 μανοῦ
452 1485 465 1498 υ
494 1468 587 1521 τοῦ
629 1472 725 1539 μὲν
773 1474 1178 1528 Κωνσταντίνου
1211 1476 1603 1545 βασιλεύοντος,
1636 1479 1729 1532 τοῦ
1759 1480 1815 1533 δὲ

250 1558 516 1627 πενθεροῦ
542 1563 705 1615 αὑτοῦ
760 1565 1068 1635 Ῥωμανοῦ,
1100 1569 1178 1638 τῷ
1215 1570 1309 1622 τοῦ
1345 1571 1610 1640 βασιλέως
1643 1574 1815 1643 πατρὶ

247 1651 622 1721 ὲμπρέποντος
656 1656 921 1725 ἀξιώματι
947 1659 1004 1709 ὲν
1028 1660 1137 1711 ἔτει
1172 1668 1358 1729 ςὐκη’,
1412 1664 1699 1716 ίνδικτιῶνι
1739 1664 1811 1730 η’,

1920 504 2035 541 eam
2073 506 2283 560 quoque
2316 494 2484 549 instar
2508 495 2770 563 (ligantur,
2820 504 3161 568 proportione
3198 507 3477 575 utriusque.

1920 581 2122 644 habita,
2158 585 2356 649 puniri,
2391 596 2446 640 ut
2478 602 2542 641 ex
2572 589 2671 642 hoc
2706 590 2821 644 loco
2851 602 3128 660 appareat,
3152 596 3473 660 trigamiam,

1917 672 2049 726 sicut
2085 683 2134 726 et
2186 675 2494 744 digamiam,
2538 697 2642 735 non
2684 686 2942 750 separari,
2986 686 3077 739 sed
3123 688 3319 753 puniri.
3370 690 3473 743 Sed

1917 764 2201 832 digamiam
2252 766 2465 834 quidem
2506 771 2712 826 duobus
2747 772 2936 839 faunis,
3001 777 3303 845 trigatniam
3343 794 3473 833 vero

1916 855 2184 923 quinque;
2207 868 2347 911 stare
2361 868 2536 913 autem
2556 862 2607 914 in
2628 862 2742 917 loco
2760 866 3091 919 audientium
3108 867 3275 921 tribus
3295 870 3469 931 annis,

1916 951 1968 995 et
2008 956 2193 1011 postea
2214 960 2334 998 cum
2362 947 2607 1003 fidelibus
2636 952 2931 1007 consistere
2965 956 3030 1008 ad
3048 956 3471 1025 quinquennium

1915 1047 2086 1101 usque
2116 1034 2389 1100 ttigamos,
2420 1047 2471 1091 et
2504 1041 2571 1092 ab
2602 1055 2665 1094 eo
2694 1049 2930 1109 tempore
2951 1046 3183 1100 ostensis
3209 1044 3474 1101 fructibus

1915 1124 2235 1192 paenitentia
2264 1128 2442 1197 dignis
2474 1130 2525 1183 in
2548 1134 2941 1187 communionis
2965 1135 3141 1189 locum
3164 1139 3467 1191 restituere.

1916 1217 2087 1283 Atque
2136 1217 2249 1271 hate
2283 1221 2495 1284 quidem
2546 1232 2785 1277 sanctus.
2843 1223 3063 1280 Unionis
3102 1243 3230 1281 vero
3273 1238 3469 1288 tomus.

1914 1307 2004 1375 qui
2037 1307 2207 1361 factus
2240 1320 2322 1362 est
2348 1312 2447 1365 suh
2472 1312 2826 1368 Constantino
2856 1316 3368 1388 Porphyrogenneta
3417 1331 3471 1374 et

1917 1396 2183 1462 Romano,
2237 1399 2594 1457 Constantino
2643 1408 2859 1474 quidem
2908 1409 3240 1476 imperante,
3284 1427 3471 1466 socero

1916 1496 2090 1541 autem
2123 1490 2237 1558 ejus
2264 1490 2505 1545 Romano
2534 1496 2702 1561 patris
2730 1498 3065 1565 imperatoris
3092 1501 3466 1554 auctoritatem

1914 1593 1977 1630 ac
2005 1578 2318 1647 dignitatem
2350 1583 2643 1647 obtinente,
2673 1602 2810 1641 anno
2836 1588 2994 1650 6428.
3025 1592 3315 1645 indictione
3348 1607 3466 1652 vui,

1916 1676 1968 1719 et
2000 1669 2091 1735 qui
2140 1669 2363 1735 singulis
2408 1674 2568 1728 anuis
2618 1674 2815 1744 legitur
2853 1677 2903 1729 in
2955 1686 3231 1746 suggestu,
3288 1693 3471 1733 mense

249 1744 351 1795 καὶ
372 1745 872 1815 ἀναγινωσκόμενος
898 1750 1127 1818 ἐτησίως
1161 1752 1247 1804 ἐπ’
1274 1754 1531 1822 νᾶμϐωνος
1554 1754 1693 1807 κατά
1724 1756 1814 1809 τὸν

1920 1756 2074 1822 ΙιιΙίο,
2103 1761 2214 1814 haec
2248 1760 2373 1815 dicit
2402 1765 2544 1817 circa
2579 1768 2733 1818 finem
2765 1767 3062 1835 :Deinceps
3091 1778 3272 1822 autem
3314 1783 3466 1823 com-

264 1833 482 1886 Ἰούλιον
523 1836 688 1903 μῆνα,
718 1839 840 1892 τάδε
873 1843 1002 1909 περὶ
1025 1843 1087 1894 τ’)
1113 1842 1261 1905 τέλος
1297 1844 1457 1911 φησί’
1490 1845 1596 1898 Καὶ
1630 1845 1813 1898 λοιπὸν

253 1931 673 1997 ἀποφαινόμεθα
704 1935 853 2000 κοινῇ
884 1932 1080 2006 γνώμῃ
1131 1934 1223 1987 καὶ
1275 1935 1452 2004 κρίσει
1490 1935 1597 1989 ἀπό
1627 1954 1688 2003 γε
1719 1936 1810 1989 τοῦ

250 2025 516 2093 παρόντος
547 2024 719 2089 ἔτους,
763 2025 789 2077 ὅ
831 2025 975 2077 ἐστιν
1026 2026 1142 2089 ἔτος
1174 2025 1362 2092 ςυκη’,
1420 2028 1711 2081 ίνδικτιῶνι
1739 2027 1809 2096 η’,

250 2114 510 2181 τέταρτον
541 2114 718 2180 γάμον
757 2114 947 2182 μηδενὶ
993 2115 1317 2182 τολμᾶσθαι,
1354 2115 1469 2170 ἀλλ’
1508 2112 1647 2170 εἶναι
1679 2117 1813 2171 ἀπό-

252 2204 451 2271 ϐλητον
475 2205 753 2264 παντελῶς
776 2222 790 2237 ο
823 2205 917 2258 καὶ
940 2206 1029 2259 τὸν
1058 2207 1113 2258 εί
1142 2224 1226 2269 τις
1253 2208 1344 2259 ὲπ¹ι
1370 2206 1610 2260 τοιοῦτον
1640 2207 1816 2261 ἐλθεῖν

253 2298 589 2350 συνοικέσιον
614 2297 962 2367 προθυμηθῇ,
992 2299 1172 2367 πάσης
1201 2300 1641 2368 ἀπεστερημένον
1676 2294 1815 2374 εἶναι

254 2386 526 2450 συνάξεως
560 2387 1036 2457 ὲκκλησιαστικῆς,
1074 2390 1165 2439 καὶ
1206 2389 1376 2457 αὐτῆς
1421 2390 1520 2457 τῆς
1559 2390 1697 2459 πρὸς
1720 2375 1815 2443 σὺν

255 2479 413 2544 ἅγιον
458 2478 583 2531 ναὸν
622 2478 827 2531 είσόδου
871 2479 1169 2548 ἀλλότριον,
1207 2480 1399 2550 μέχρις
1446 2480 1513 2543 ἀν
1562 2481 1813 2551 ὲπιμείνῃ

253 2569 336 2637 τῷ
361 2572 696 2640 συνοικεσῖῳ.
721 2571 892 2624 Τοῦτο
924 2571 1033 2641 γὰρ
1056 2574 1150 2625 καὶ
1178 2576 1284 2634 τοῖς
1316 2573 1418 2642 πρὸ
1449 2573 1602 2643 ήμῶν
1638 2574 1815 2639 ἁγίοις

254 2659 403 2723 εδοξε
439 2661 699 2731 Πατρὰσι.
735 2660 835 2714 Καὶ
868 2664 1030 2731 ἡμεῖς
1079 2664 1135 2716 δὲ
1171 2664 1270 2732 τὴν
1332 2666 1557 2732 γνώμην
1594 2664 1815 2733 ἐκδηλο-

254 2748 422 2817 τέραν
460 2749 761 2812 ποιοῦντες,
791 2752 864 2813 ὡς
896 2752 1173 2821 ἀλλότριον
1204 2753 1365 2806 αὑτὸν
1407 2752 1505 2821 τῆς
1550 2754 1815 2816 Χριστιαο

255 2838 412 2907 νικῆς
442 2840 716 2904 πολιτείας
738 2843 1211 2911 ἀποκηρύττομεν.
1255 2843 1392 2895 Ἀλλ’
1421 2843 1562 2896 οὕτω
1594 2844 1690 2911 μὲν
1719 2844 1813 2895 ἐπὶ

252 2929 351 2982 τοῦ
382 2932 640 3001 τετάρτου
680 2935 859 3003 γάμου
884 2950 897 2963 ο
931 2935 1014 2987 ἵνα
1061 2934 1116 2987 δὲ
1171 2936 1262 2988 καὶ
1288 2937 1351 2988 τά
1380 2934 1487 2987 τῶν
1515 2934 1687 2989 ἀλλων
1718 2935 1816 3003 γά-

247 3022 379 3100 Αμῖων
423 3024 918 3102 εὐσχημονέστερον
966 3025 1212 3095 τυπωθῇ,
1262 3026 1356 3078 καὶ
1405 3024 1498 3076 τοῦ
1530 3020 1640 3103 τῑῖξν
1677 3025 1812 3094 Χρι-

254 3095 492 3167 στιανῶν
524 3115 640 3184 βίου
672 3116 745 3185 μὴ
771 3116 988 3180 ἀνάξιον
1014 3116 1113 3186 ἔχῃ
1151 3115 1251 3185 τὴν
1304 3095 1693 3185 προσαγωγὴν,
1723 3114 1815 3166 καὶ

252 3222 321 3256 πε
336 3209 386 3259 oi.
415 3207 505 3260 τοῦ
541 3209 723 3275 τρίτου
755 3208 1003 3277 ὁρίζομεν
1030 3207 1231 3275 γάμου,
1270 3207 1407 3261 ὥστε
1439 3207 1573 3277 μηδὲ
1610 3204 1813 3269 ἁπλῶς,

256 3297 398 3365 μηδὲ
433 3297 504 3358 ὡς
543 3298 749 3367 ἔτυχεν,
786 3298 1145 3351 ἐπιτελεῖσθαι
1200 3299 1348 3352 αὐτό.
1390 3298 1499 3350 Καὶ
1550 3296 1656 3365 γὰρ
1692 3311 1817 3363 συγ·

254 3388 571 3457 κεχώρηται
632 3390 732 3459 μὲν
766 3391 839 3452 ὡς
890 3391 1151 3461 ρύπασμα
1182 3393 1292 3454 τοῖς
1328 3391 1630 3461 Πατράσιν,
1661 3388 1815 3441 οῦπω

253 3478 399 3540 τότε.
440 3479 616 3542 καθὼς
646 3479 759 3543 νῦν,
787 3481 1069 3549 γινομένου
1117 3480 1213 3533 τοῦ
1246 3481 1571 3551 πράγματος
1604 3476 1815 3548 ἀπηρυὲ

259 3571 624 3640 θριασμένως,
679 3572 798 3623 οὐδὲ
847 3572 927 3635 εἰς
980 3573 1179 3649 πλάτος
1232 3573 1653 3641 ὲξηπλωμένου·
1702 3568 1820 3623 ἀλλ’

250 3660 446 3730 ὥσπερ
472 3662 522 3715 εί
563 3680 645 3724 τις
672 3664 726 3715 ὲν
748 3662 880 3732 οἴκῳ
902 3664 1353 3733 παραπεπτωκὼς
1389 3666 1444 3715 ὲν
1484 3663 1652 3733 γωνίᾳ
1688 3678 1821 3732 παρ·

251 3756 349 3826 ίδῃ
399 3753 661 3815 πολλάκις
706 3754 955 3821 κείμενον
998 3754 1262 3823 ρύπασμα
1289 3771 1302 3783 ·
1335 3754 1428 3806 νῦν
1459 3753 1516 3805 δὲ
1549 3755 1676 3808 ὅταν
1704 3754 1811 3822 χώ-

254 3864 366 3920 ραν
397 3846 551 3913 ξλαὸε
588 3846 917 3915 παρρησίας,
949 3845 1041 3897 καὶ
1068 3844 1143 3903 ὡς
1175 3845 1325 3897 οὐδὲν
1351 3845 1487 3911 ἔχων
1516 3847 1595 3906 είς
1640 3846 1816 3913 ἀσχη-

259 3939 524 4008 μοσύνην,
556 3936 673 3988 οὐδὲ
703 3937 981 4003 ρυπαίνων
1021 3935 1294 4002 λογίζεται
1326 3938 1387 3986 ὲκ
1424 3935 1513 3987 τοῦ
1548 3933 1820 4004 προϐῆναι

251 4030 343 4089 εις
370 4027 700 4097 πληθυσμδν,
733 4027 908 4090 καλῶς
961 4026 1137 4090 ἔδοξεν
1188 4023 1577 4094 ἀ⁶νακαθαίρειν
1614 4023 1776 4078 αὐτόν
1802 4039 1816 4053 ο

250 4122 449 4187 ὥσπερ
501 4120 592 4170 καὶ
650 4114 837 4186 αἶσχος
887 4119 987 4170 οὐκ
1015 4118 1071 4170 ὲν
1113 4119 1285 4187 γωνίᾳ
1349 4116 1817 4186 παρερῤιμμὲνον,

250 4209 375 4266 ἀλλ’
412 4210 501 4263 ἐπὶ
550 4211 645 4278 τῆς
695 4213 871 4271 οίκίας
920 4194 1302 4277 ἐνηπλωμένον
1337 4206 1586 4273 οὐδαμῶς
1619 4205 1817 4273 ἐῶμεν,

251 4301 396 4355 am
424 4302 775 4370 καθαίρομεν,
809 4302 900 4352 καὶ
952 4302 1014 4352 τὸ
1060 4301 1121 4351 ἐκ
1166 4301 1354 4351 τούτου
1388 4297 1547 4367 ἀηδὲς
1576 4294 1820 4349 ἀποϐάλ-

1917 1853 2062 1905 muni
2092 1856 2361 1907 Sententia
2398 1871 2458 1909 ac
2508 1856 2713 1923 judicio
2749 1864 3180 1925 pronuntiamus,
3233 1878 3297 1915 ex
3330 1877 3469 1930 prae-

1915 1941 2052 1994 senti
2079 1957 2237 2007 anno,
2261 1944 2347 2011 qui
2372 1953 2449 1999 est
2474 1946 2635 2010 6428,
2659 1948 2850 2001 indict.
2881 1963 2998 2013 vnn,
3025 1949 3292 2003 nemiuem
3314 1963 3472 2017 opor-

1918 2041 2029 2085 tere
2053 2047 2110 2087 se
2135 2043 2329 2101 quarto
2354 2038 2699 2091 matrimonio
2724 2038 2973 2107 jungerc,
3001 2041 3093 2092 sed
3115 2054 3235 2093 esse
3254 2040 3470 2094 omnino

1919 2119 2268 2189 rejiciendum
2307 2139 2327 2177 ι
2370 2133 2422 2177 et
2468 2125 2511 2178 si
2555 2127 2675 2192 quis
2730 2128 2796 2180 ad
2844 2126 3106 2195 ejusmodi
3148 2128 3472 2181 connuhium

1918 2212 2099 2263 venire
2127 2210 2375 2275 voluerit,
2414 2227 2539 2266 eum
2589 2229 2710 2269 esse
2737 2216 2882 2269 omni
2930 2216 3296 2272 ecclesiastica
3342 2231 3470 2271 con-

1917 2303 2226 2369 gregatione
2271 2305 2557 2374 privatum,
2597 2316 2646 2360 et
2682 2307 2747 2360 ab
2791 2308 2906 2375 ipso
2939 2308 2991 2361 in
3033 2319 3277 2362 sanctum
3338 2319 3466 2362 tem-

1916 2391 2059 2459 plum
2092 2392 2334 2461 ingressu
2368 2394 2622 2458 alienum,
2656 2397 2823 2450 donec
2861 2396 2911 2450 in
2942 2396 3191 2465 coniugio
3219 2412 3466 2467 perman-

1916 2481 2066 2537 serit.
2105 2483 2216 2539 Iloc
2250 2485 2392 2538 enim
2448 2488 2609 2540 etiam
2655 2489 2859 2543 sanctis
2897 2488 3169 2556 Patribus,
3226 2490 3319 2558 qui
3374 2504 3469 2544 nos

1916 2589 2329 2646 praecesserunt,
2355 2579 2525 2632 visum
2557 2588 2656 2634 est.
2693 2579 2802 2635 Nos
2824 2596 2948 2635 vero
2968 2582 3129 2635 etiam
3152 2582 3469 2636 sententiam

1916 2667 2240 2735 apertiorem
2269 2669 2576 2735 reddentes,
2611 2671 2787 2740 ipsum
2841 2680 2899 2725 ut
2922 2685 2949 2725 θ
2978 2672 3284 2726 Christiana
3313 2688 3475 2739 repu-

1916 2759 2053 2815 blica
2093 2761 2323 2814 alienum
2375 2762 2707 2818 ahdicamus.
2732 2766 2806 2817 Ac
2832 2764 2910 2820 sic
2941 2766 3154 2835 quidem
3184 2767 3249 2821 de
3279 2775 3473 2835 quarto

1917 2852 2285 2906 matrimonio.
2320 2852 2388 2907 Ut
2420 2862 2621 2919 autem,
2646 2870 2764 2925 quce
2812 2858 2877 2909 ad
2906 2857 3007 2911 alia
3039 2872 3250 2927 quoque
3282 2858 3472 2911 matri-

1920 2944 2097 2997 monia
2131 2945 2420 3012 pertinent,
2458 2948 2739 3004 decentius
2770 2952 3195 3017 constituantur,
3238 2961 3293 3007 et
3318 2952 3475 3007 Chri-

1919 3034 2094 3089 stiana
2118 3035 2221 3090 vita
2268 3053 2371 3091 non
2416 3038 2687 3108 indignam
2726 3041 3116 3097 institutionem
3157 3043 3372 3105 habeat,
3407 3042 3473 3096 de

1921 3128 2079 3181 tertio
2098 3144 2308 3198 quoque
2330 3131 2996 3197 matrimoniofdelinimus,
3011 3143 3066 3187 ut
3086 3148 3189 3189 non
3208 3133 3471 3196 absolute,

1918 3231 2092 3286 neque
2115 3229 2310 3274 temere
2334 3221 2661 3289 perﬁciatur.
2697 3221 2904 3277 Etenim
2926 3238 2952 3275 a
2974 3224 3470 3292 Patribusquidem,

1918 3318 1976 3363 ut
1993 3310 2200 3375 sordes,
2228 3312 2547 3380 permissum
2570 3323 2792 3377 est,non
2814 3322 2940 3368 tunc
2961 3315 3216 3383 temporis
3232 3316 3470 3384 quidem,

1918 3401 2059 3455 sicut
2093 3417 2255 3465 nunc,
2288 3417 2345 3456 re
2368 3403 2500 3457 citra
2525 3403 2682 3457 ullam
2711 3405 2957 3459 ruborem
2984 3405 3323 3473 impudenter
3352 3420 3475 3474 per-

1920 3502 2061 3557 acta,
2088 3504 2139 3548 ct
2170 3494 2634 3549 indiscriminatim
2658 3505 2934 3551 contracta
2960 3513 2972 3549 :
3005 3497 3095 3551 sed
3125 3499 3473 3567 quemadmo-

1920 3583 2048 3637 dum
2076 3585 2118 3637 si
2143 3585 2262 3651 quis
2290 3585 2379 3653 qui
2410 3586 2459 3638 in
2488 3585 2645 3639 domo
2671 3585 2722 3639 in
2756 3586 3012 3655 angulum
3035 3587 3247 3651 incidit,
3268 3587 3471 3640 multas

1918 3688 2058 3742 saepe
2090 3675 2275 3729 sordes
2298 3676 2430 3729 sitas
2460 3675 2673 3737 viderit,
2703 3691 2842 3729 nunc
2869 3685 3047 3729 autem
3076 3676 3288 3745 quando
3311 3676 3474 3730 liber-

1922 3776 2083 3818 tatem
2108 3767 2331 3834 accepit,
2349 3777 2401 3820 et
2421 3766 2644 3834 perinde
2667 3781 2730 3820 ac
2752 3767 2795 3820 si
2826 3768 2959 3822 nihil
2982 3768 3175 3822 habeat
3193 3767 3473 3823 dedecoris

1922 3857 2025 3926 55
2042 3872 2140 3912 nec
2154 3859 2545 3912 contaminator
2559 3872 2623 3912 ex
2642 3874 2725 3919 eo,
2741 3860 2879 3927 quod
2896 3861 2961 3913 ad
2980 3847 3471 3927 multiplicationem

1921 3947 2185 4013 procedit,
2212 3955 2509 4016 reputatur,
2551 3957 2696 4001 recte
2732 3948 2902 4001 visum
2947 3961 3027 4002 est
3054 3963 3172 4002 eam
3205 3964 3474 4018 repugna-

1920 4052 1979 4091 re
2005 4054 2019 4090 :
2048 4037 2493 4106 quemadmodum
2551 4046 2605 4091 et
2654 4039 3036 4116 turpitudinem
3076 4054 3179 4093 non
3220 4040 3273 4093 in
3308 4056 3477 4108 angu-

1925 4129 2029 4181 lum
2060 4128 2380 4196 conjectam,
2411 4127 2501 4182 sed
2531 4128 2580 4181 in
2613 4128 2816 4183 a‘dihus
2841 4127 3112 4191 dili'usam.
3142 4130 3289 4183 nullo
3320 4129 3477 4184 modo

1924 4219 2311 4289 permittimus,
2360 4219 2453 4272 sed
2503 4234 2875 4287 repurgamus,
2914 4230 2966 4273 et
2998 4221 3136 4289 quod
3193 4221 3475 4275 molestum

1926 4320 2008 4364 est
2059 4318 2111 4364 et
2149 4310 2459 4364 indecorum
2502 4311 2570 4363 ah
2600 4324 2663 4363 eo
2695 4309 2963 4377 rejicimu’s
2985 4328 2999 4375 ;
3025 4322 3079 4364 et
3112 4313 3353 4365 humanae
3384 4327 3475 4365 ce-

252 4393 427 4460 λομεν
450 4409 464 4423 ·
500 4397 592 4443 και.
630 4395 691 4460 τῇ
733 4392 1048 4461 ἀνθρωπίνῃ
1084 4391 1497 4449 συνύπείκοντες
1539 4386 1817 4455 ἀσθενείᾳ,

1929 4399 2117 4453 dentes
2154 4398 2428 4462 infirmati,
2458 4398 2754 4451 honestatis
2781 4407 2957 4450 autem
2995 4397 3314 4451 Christianae
3354 4396 3474 4448 vitae

250 4486 355 4538 καὶ
388 4484 480 4552 τῆς
507 4483 818 4553 πρεπούσης
846 4482 1256 4550 εὐσχημοσύνης
1281 4479 1533 4548 φροντίδα
1561 4478 1819 4544 ποιούμε-

252 4579 442 4645 νοιτῇ
502 4577 859 4646 Χριστιανικῇ
922 4576 1054 4643 ζωῇ,
1110 4574 1266 4627 τοῦτο
1318 4574 1410 4626 ἐπὶ
1470 4574 1576 4625 τῶν
1621 4573 1824 4641 τρίτων

251 4669 454 4737 γάμων
506 4668 1018 4736 παραφυλάττεσθαι
1054 4667 1376 4735 διορίζομεν.
1432 4666 1617 4730 Ὥστε,
1670 4666 1722 4717 εἴ
1745 4680 1826 4725 τις

259 4761 403 4829 πρὸς
468 4760 900 4829 τεσσαρακοστὸν
945 4759 1064 4820 ἔτος
1112 4756 1499 4826 ἀναόεῆηκὼς,
1549 4760 1639 4808 καὶ
1688 4758 1824 4825 μήτε

257 4852 364 4920 τὴν
404 4851 560 4919 φύσιν
596 4852 927 4920 αἰδούμενος,
964 4853 1099 4919 μήτε
1152 4851 1250 4917 τῆς
1295 4849 1647 4918 ὀφειλομένης
1693 4848 1826 4915 Χρι-

266 4949 505 5006 στιανοῖς
540 4945 809 5013 εύκόσμου
840 4944 984 5013 ζωῆς
1023 4945 1282 5013 φροντίδα
1318 4943 1658 5010 ποιούμενος,
1689 4939 1825 4992 ἀλλὰ

263 5036 436 5105 μόνης
472 5035 568 5102 τῆς
630 5034 911 5103 ὲμπαθοῦς
960 5034 1254 5102 ἐπιθυμίας
1320 5035 1635 5101 γινόμενος,
1689 5032 1823 5099 πρὸς

254 5128 442 5198 τρῖτον
474 5128 667 5179 ἑαυτὸν
702 5125 1013 5195 ἐπρρίπτει
1043 5125 1239 5193 γάμον,
1264 5124 1449 5177 τοῦτον
1477 5123 1613 5192 μετὰ
1648 5124 1825 5191 πάσης

258 5220 549 5289 ἀκριϐείας
607 5219 702 5271 καὶ
774 5220 1211 5288 παρατηρήσεως
1272 5217 1432 5285 μέχρι
1504 5214 1824 5274 πενταετίας

258 5313 530 5381 ἀμέτοχον
561 5305 699 5363 εἶναι
733 5310 833 5379 τῆς
866 5310 957 5362 τοῦ
989 5308 1259 5377 ἀγιασμοῦ
1313 5306 1666 5376 μεταλήψεως
1687 5322 1700 5339 ⁸
1731 5305 1825 5357 καὶ

262 5403 531 5473 μηδαμῶς
563 5401 651 5453 ἐπ’
700 5400 847 5468 αύτῷ
895 5399 1287 5468 συντέμνεσθαι
1347 5398 1433 5449 τὸν
1482 5398 1693 5466 χρόνον.
1729 5397 1826 5457 Ὃς

261 5494 375 5561 γὰρ
413 5494 549 5559 μετά
608 5491 1039 5558 τεσσαρακοστὸν
1089 5490 1206 5552 ἔτος
1236 5490 1300 5540 τὸ
1348 5490 1610 5557 ρύπασμα
1650 5490 1706 5539 ὲν
1758 5489 1823 5557 τῇ

263 5583 361 5636 τοῦ
395 5583 631 5651 Χριστοῦ
681 5582 978 5651 Ἑκκλησίςι⁸
1025 5577 1165 5633 εἶναι
1197 5581 1229 5651 ἦ
1257 5580 1513 5643 λέγεσθαι
1544 5580 1824 5648 ἠγάπησε,

264 5675 388 5729 τίνα
426 5674 644 5746 παρέξει
688 5673 1057 5745 πληροφορίαν
1102 5672 1198 5741 τῆς
1230 5673 1356 5741 περὶ
1394 5672 1482 5723 τὸν
1518 5670 1627 5738 βίον
1660 5667 1823 5723 αὑτοῦ

1926 4488 2293 4542 convenientis
2331 4503 2511 4541 curam
2559 4494 2827 4553 gerentes,
2857 4485 2956 4539 hoc
2990 4484 3040 4538 in
3081 4486 3252 4538 tertiis
3283 4485 3480 4552 nuptiis

1923 4580 2244 4633 servandum
2271 4578 2577 4631 statuimus.
2620 4575 2689 4631 Ut
2714 4578 2757 4631 si
2794 4579 2939 4646 quis,
2985 4577 3071 4645 qui
3103 4592 3299 4629 annum
3343 4591 3475 4643 qua-

1924 4671 2281 4739 dragesimum
2313 4671 2620 4733 excesserit,
2665 4679 2719 4722 et
2765 4683 2861 4721 nec
2897 4677 3142 4721 naturam
3175 4668 3433 4721 reveritus
3456 4707 3470 4729 ,

1926 4779 2021 4815 nec
2055 4764 2292 4815 honesta:
2319 4761 2461 4823 vita),
2486 4773 2601 4826 quae
2623 4773 2651 4811 a
2677 4758 2998 4812 Christianis
3035 4758 3279 4820 debetur,
3314 4756 3476 4809 ullam

1924 4869 2117 4909 Curam
2139 4869 2349 4923 gerens,
2381 4854 2473 4907 sed
2520 4853 2631 4908 sola
2680 4852 2917 4906 libidinis
2958 4851 3363 4936 perturbatione
3396 4849 3479 4901 vi-

1924 4955 2063 5011 ctus,
2118 4960 2176 4999 se
2226 4947 2276 4998 in
2331 4946 2545 4999 tertium
2603 4943 3000 4997 matrimonium
3058 4939 3375 5011 projecerit,
3437 4939 3481 4990 is

1926 5049 2044 5088 cmn
2074 5034 2217 5086 omni
2259 5034 2532 5103 diligentia
2578 5043 2632 5087 et
2662 5032 3038 5088 observatione
3086 5032 3158 5086 sit
3202 5044 3374 5099 usque
3417 5029 3479 5081 ad

1927 5125 2355 5193 quinquennium
2414 5124 2736 5179 sacramenti
2794 5121 3191 5177 communionis
3261 5119 3480 5172 minium

1928 5214 2215 5282 particeps,
2249 5224 2299 5267 et
2329 5229 2426 5267 nec
2470 5214 2569 5269 hoc
2607 5224 2810 5282 tempus
2854 5213 2928 5267 illi
2972 5212 3342 5266 contrahatur.
3379 5204 3480 5272 Qui

1926 5304 2066 5359 enim
2110 5313 2227 5373 post
2270 5320 2467 5358 annum
2516 5304 2984 5374 quadragesimum
3027 5303 3079 5355 in
3124 5299 3322 5355 Christi
3380 5297 3480 5350 Ec-

1926 5396 2088 5450 clesia
2124 5409 2243 5449 esse
2280 5396 2361 5450 vel
2408 5396 2511 5449 dici
2538 5396 2757 5459 amavit,
2792 5393 2932 5464 quod
2964 5391 3199 5446 melioris
3235 5390 3355 5442 vita:
3392 5401 3481 5439 ar-

1928 5494 2239 5555 gumentum
2282 5486 2569 5555 praebebit,
2620 5496 2838 5555 propter
2875 5485 3017 5553 quod
3048 5491 3259 5550 tempus
3298 5490 3485 5533 sacra-

1930 5586 2227 5629 mentorum
2245 5575 2663 5646 participationis
2680 5575 2727 5629 ei
2750 5570 3123 5627 contrahatur?
3144 5568 3245 5623 Sed
3268 5575 3320 5621 et
3343 5572 3484 5635 post-

1928 5684 2085 5738 quam
2106 5667 2382 5738 impolluta
2405 5666 2812 5737 participatione
2838 5664 3027 5734 dignus
3064 5662 3279 5717 habitus
3301 5655 3486 5722 fuerit,
