3998 6326
534 313 635 375 599

531 527 794 592 nationem
841 527 1132 591 accedere,
1167 543 1326 596 quant
1382 529 1431 581 in
1479 528 1588 582 sola
1632 528 1854 581 snlutari
1887 527 2089 582 Christi

531 624 584 668 et
640 614 848 669 Domini
901 618 1067 669 nostri
1126 618 1546 682 resurrectione,
1583 628 1798 686 propter
1836 633 2091 686 repurga-

533 707 767 772 tionem,
819 716 873 760 ut
920 708 1173 776 possibile
1222 718 1333 771 est,
1383 723 1445 762 ex
1489 711 1821 778 prtecedente
1863 710 2093 777 jejunio;

532 811 648 848 rum
669 797 1014 851 abstinentia.
1038 797 1159 852 [iure
1176 808 1349 852 autem
1370 801 1617 864 dicimus,
1640 802 1852 869 quando
1873 801 2090 870 exiprio-

533 885 678 938 ribus
701 887 1058 941 matrimoniis
1083 904 1183 941 non
1206 888 1404 943 fuerint
1429 889 1578 944 liberi
1611 891 1808 958 tis,‘qui
1842 901 1958 958 post
1991 906 2087 945 au-

533 990 660 1026 num
693 977 1162 1046 quadragesimum
1189 981 1400 1034 tertiam
1431 995 1656 1034 uxorem
1690 981 1886 1035 ducere
1912 982 2089 1034 volue-

533 1065 680 1117 rint:
725 1079 846 1117 nam
898 1067 942 1119 si
997 1067 1196 1121 liberos
1246 1069 1552 1134 habuerint,
1610 1071 1688 1124 eis
1732 1071 1875 1124 nullo
1929 1072 2086 1125 modo

531 1155 745 1208 tertium
780 1156 1108 1224 permittitur
1153 1161 1580 1214 matrimonium.
1623 1161 1717 1216 Est
1754 1164 1897 1215 enim
1936 1163 2087 1216 valde

529 1248 768 1318 iniquum
786 1252 1170 1320 intempestiva:
1190 1254 1393 1308 libidini
1414 1255 1704 1325 indulgere,
1731 1256 1966 1324 priorum
1993 1271 2089 1306 an-

526 1349 631 1392 tem
683 1343 1139 1398 matrimoniorum
1165 1345 1349 1399 liberis
1391 1361 1494 1400 non
1520 1347 1864 1415 prospicere,
1901 1355 1955 1399 nt
1981 1347 2088 1399 sint

528 1433 722 1496 securi,
758 1441 808 1486 et
838 1448 865 1485 a
894 1433 1136 1488 molestia
1177 1447 1229 1488 et
1259 1438 1660 1505 perturbatione
1708 1439 1921 1497 remoti,
1957 1447 2011 1491 et
2056 1453 2083 1490 a

527 1522 769 1591 reliquis,
803 1539 923 1591 quae
955 1526 1126 1580 solent
1154 1528 1371 1581 evenire
1402 1528 1709 1583 hominibus
1751 1543 1814 1581 ex
1853 1529 2083 1581 ﬁliorum

529 1613 815 1668 multorum
857 1617 1215 1684 susceptione.
1247 1617 1396 1682 Quod
1437 1619 1479 1672 si
1524 1617 1640 1686 quis
1669 1618 1886 1686 triginta
1917 1633 2086 1671 annos

527 1710 705 1769 natus,
747 1712 798 1757 et
823 1721 884 1758 ex
917 1707 1188 1774 prioribus
1222 1709 1575 1763 matrimoniis
1619 1709 1820 1762 habens
1865 1708 2083 1771 liberos,

527 1797 700 1848 tertia)
737 1797 950 1850 mul'eri
996 1797 1315 1864 conjunctus
1350 1799 1529 1859 fuerit.
1582 1802 1625 1852 is
1669 1815 1907 1869 quoque,
1941 1800 2081 1852 nulla

525 1886 572 1938 ei
607 1889 757 1938 venia
795 1890 938 1950 data,
979 1891 1044 1942 ad
1071 1901 1318 1957 quartum
1367 1907 1534 1958 usque
1579 1906 1775 1943 annum
1843 1905 2084 1943 commu-

527 1979 702 2031 nionis
731 1991 1190 2034 sacramentorum
1237 1983 1307 2034 sit
1349 1997 1560 2050 expers,
1587 1983 1710 2051 quia
1738 1981 2081 2036 manili-stum

525 2077 609 2120 est
651 2084 770 2121 eum
825 2071 935 2124 sola
985 2071 1394 2138 intemperantia
1431 2081 1667 2133 motum,
1720 2083 1774 2126 et
1827 2074 1967 2140 quod
2016 2073 2085 2126 sit

527 2159 757 2212 carnalis
796 2160 1036 2215 libidinis
1081 2178 1293 2224 εει-γης,
1334 2163 1396 2216 ad
1442 2164 1539 2217 hoc
1575 2179 1634 2218 se
1682 2165 2080 2218 matrimonium

527 2248 771 2303 conferre
804 2266 817 2303 :
855 2261 905 2304 et
944 2260 1224 2320 postquam
1250 2253 1409 2306 etiam
1443 2265 1902 2308 sacramentorum
1930 2254 2087 2321 parti-

527 2339 851 2409 cipationem
899 2353 1175 2397 assecutus
1213 2353 1314 2406 est,
1343 2353 1419 2397 ter
1445 2353 1647 2397 tantum
1691 2345 1741 2398 in
1779 2360 1920 2398 anno
1949 2347 2082 2398 frui-

529 2430 670 2485 tione
719 2431 913 2501 dignus
953 2433 1266 2490 habebitur:
1307 2436 1470 2487 semel
1505 2435 1715 2503 quidem
1762 2438 1811 2490 in
1859 2437 2081 2491 salutari

526 2520 722 2574 Christi
750 2532 803 2574 et
836 2521 1044 2575 Domini
1075 2525 1242 2577 nostri
1275 2526 1708 2591 resurrectione;
1739 2528 1972 2580 secundo
1992 2541 2083 2578 au-

529 2619 634 2662 tem
689 2611 740 2663 in
795 2613 1114 2668 dormitione
1168 2615 1522 2668 immaculatm
1586 2615 1825 2670 Domina!
1889 2627 2085 2672 nostra:

530 2697 805 2766 Deiparaa:
855 2709 909 2753 et
951 2701 1105 2756 tertio
1153 2702 1204 2754 in
1239 2703 1396 2756 natali
1429 2703 1629 2757 Christi
1687 2713 1740 2757 et
1769 2705 1860 2758 Dei
1889 2705 2079 2767 nostri,

524 2791 663 2855 quod
690 2790 742 2843 in
779 2790 861 2845 his
892 2797 1150 2860 praecedat
1187 2793 1472 2862 jejunium,
1497 2803 1549 2850 et
1583 2795 1698 2864 ejus
1725 2795 1925 2849 utilitas
1955 2814 1966 2849 :
1998 2796 2078 2849 sin

525 2888 700 2933 autent
737 2897 840 2934 non
869 2884 1144 2950 supersint
1185 2885 1372 2947 liberi,
1419 2885 1542 2952 quia
1573 2884 1864 2940 liberorum
1898 2901 2084 2940 susce—

523 2973 756 3038 [itionem
785 2973 1091 3030 desiderare
1150 2991 1254 3030 non
1298 2988 1380 3032 est
1424 2978 1695 3045 indignum
1729 2979 1916 3045 venia;
1956 2989 2080 3034 tunc

525 3064 628 3116 tale
657 3065 1056 3119 matrimonium
1087 3068 1241 3120 venia
1274 3066 1492 3137 dignum
1514 3068 1863 3136 judicabitur,
1893 3078 1948 3123 et
1969 3071 2076 3123 sola

521 3171 583 3206 ca
630 3171 810 3224 paena,
843 3171 962 3221 quae
1007 3159 1073 3212 ab
1107 3159 1263 3213 initio
1304 3170 1356 3212 et
1405 3162 1681 3226 hucusque
1729 3169 1940 3220 servata
1975 3169 2076 3224 est,

523 3247 822 3304 sanabitur.
863 3247 987 3303 Haec
1018 3250 1178 3303 etiam
1217 3250 1278 3304 de
1309 3250 1466 3303 tertio
1497 3252 1865 3304 matrimonio.
1901 3251 2082 3318 Atque

523 3354 618 3394 nec
640 3339 934 3394 secundum
959 3379 972 3403 ,
1037 3356 1136 3395 nec
1166 3342 1397 3407 primum
1431 3341 1630 3411 absque
1677 3343 1929 3396 cautione
1957 3344 2079 3396 data

523 3429 896 3497 relinquimus,
931 3431 1021 3483 sed
1059 3440 1113 3484 ct
1155 3432 1244 3485 illa
1280 3432 1358 3486 sic
1391 3432 1638 3487 contrahi
1671 3432 1979 3495 statuimus,
2025 3439 2083 3483 ut

525 3519 720 3572 nullam
769 3519 962 3571 malam
1012 3532 1224 3572 causam
1261 3519 1511 3582 habeant,
1550 3518 1630 3573 vel
1663 3534 1727 3572 ex
1771 3527 1949 3587 raptu,
1999 3519 2081 3571 vel

522 3622 586 3660 ex
621 3608 956 3672 praecedente
976 3606 1311 3661 clandestino
1343 3607 1662 3671 concubitu;
1690 3608 1779 3661 sed
1815 3609 2078 3678 legitime,

520 3708 574 3750 et
606 3699 673 3753 ab
706 3699 789 3758 iis,
822 3698 914 3768 qui
949 3699 1012 3751 ab
1039 3698 1297 3766 ejusmodi
1324 3700 1740 3768 inquinamentis
1768 3709 1821 3755 et
1846 3699 2082 3752 fornica-

525 3779 660 3844 toria
701 3789 1009 3857 impuritate
1038 3791 1222 3843 mundi
1249 3801 1390 3844 Sunt.
1415 3789 1469 3842 Si
1490 3790 1610 3857 quis
1634 3805 1782 3858 ergo,
1815 3790 2082 3857 praedictis

523 3879 1001 3934 constitutionibus
1044 3879 1324 3947 neglectis,
1371 3881 1435 3933 ad
1485 3881 1811 3935 matrimonii
1856 3896 2081 3935 cousne-

526 3969 761 4023 tudinem
809 3971 1036 4038 primam
1092 3971 1175 4023 vel
1221 3972 1506 4026 secundam
1555 3973 1911 4039 processerit,
1958 3987 2078 4025 eum

524 4058 724 4113 Christi
757 4059 1019 4117 Ecclesia.
1054 4075 1172 4128 quae
1203 4069 1287 4114 est
1322 4075 1474 4128 pura,
1505 4059 1843 4114 immaculata
1875 4071 1926 4115 et
1966 4063 2082 4114 sine

525 4164 656 4218 ruga
691 4189 705 4213 ,
768 4149 1098 4203 salutaribus
1141 4150 1629 4206 examinationihus
1671 4151 1928 4218 subiicit,
1984 4168 2082 4205 nec

523 4241 670 4307 prius
712 4239 777 4290 ad
826 4239 1129 4291 divinorum
1189 4239 1569 4308 mysteriorum
1615 4240 2078 4308 participationem

520 4329 800 4388 admittet,
848 4342 1010 4395 quam
1057 4336 1268 4396 tempus
1320 4328 1369 4380 in
1403 4327 1757 4381 fornicatione
1803 4329 2078 4380 deﬁnitum

1779 319 2052 381 TIIISOD.
2096 319 2324 379 BALSA
2336 323 2491 381 MON

530 447 636 485 non
674 429 774 485 erit
818 432 863 485 ei
908 432 1221 502 permissum
1267 432 1317 486 in
1367 433 1470 486 alio
1511 443 1748 502 tempore
1793 435 1858 488 ad
1883 437 2096 504 partici-
2124 438 2170 497 Λ
2202 443 2474 512 σπουδῆς,

2529 444 2594 496 δι’
2649 442 2713 512 ἢν
2757 442 2784 493 6
2839 441 3026 510 χρόνος
3080 438 3175 506 τῆς
3232 435 3586 506 μεταλήψεως
3652 437 3776 484 τῶν

2196 544 2554 609 ἀγιασμάτων
2580 541 2728 610 αὐτῷ
2770 539 3251 608 συντμηθήσεταις
3298 535 3456 586 Ἀλλὰ
3483 534 3576 586 καὶ
3623 533 3775 598 μετέι

2194 639 2253 691 τὸ
2281 637 2579 701 ἀξιωθῆναι
2618 637 2713 704 τῆς
2762 635 3032 702 ἀχράντου
3078 627 3440 698 μεταλήψεως
3475 627 3574 679 οὐκ
3605 626 3775 676 ἔσται

2194 730 2688 798 συγκεχωρημένον
2729 729 2877 793 αὐτῷ
2913 729 2967 778 ὲν
2989 724 3132 793 ἄλλῳ
3163 721 3338 790 καιρῷ
3360 724 3423 788 τῇ
3458 717 3773 787 μεταλήψει

2194 824 2478 890 προσιέναι
2537 822 2566 889 ἦ
2628 823 2685 872 ὲν
2755 820 2888 889 μόνῃ
2939 820 3001 883 τῇ
3065 815 3316 884 σωτηρίῳ
3380 813 3476 865 τοῦ
3522 809 3771 878 Χριστοῦ

2191 920 2285 969 καὶ
2317 916 2450 967 Θεοῦ
2485 914 2643 983 ἡμῶν
2681 912 2972 966 ἀναστάσει
3003 909 3088 964 διὰ
3125 909 3223 977 τὴν
3251 908 3314 958 ἐκ
3340 907 3438 972 τῆς
3477 921 3763 972 προηγου-

2193 1010 2359 1078 μένης
2391 1007 2718 1073 ἐγκρατείας
2749 1003 2858 1056 τῶν
2895 999 3180 1068 νηστειῶν.
3215 997 3288 1057 ὡς
3341 995 3586 1053 δυνατὴν,
3621 995 3772 1045 ἀνῖ-

2190 1101 2475 1165 κάθαρσιν.
2524 1097 2708 1149 Ταῦτα
2747 1095 2804 1148 δέ
2863 1111 3062 1161 φαμεν,
3107 1093 3233 1142 ὅταν
3284 1089 3358 1157 μὴ
3404 1089 3569 1140 τέκνα
3608 1088 3768 1153 παοῇ

2189 1195 2251 1244 ἐκ
2277 1191 2385 1243 τῶν
2420 1191 2701 1259 προτέρων
2737 1189 2931 1255 γάμων
2987 1190 3098 1246 τοῖς
3133 1187 3230 1254 ἠδη
3279 1183 3416 1251 μετὰ
3451 1181 3508 1231 τὸ
3559 1196 3773 1231 τεσσαο

2194 1286 2456 1354 ρακοστὸν
2500 1284 2616 1345 ἔτος
2663 1282 2853 1351 τρίτην
2908 1280 3139 1348 ἄγεσθαι
3199 1276 3608 1348 προῃρημένοις
3658 1290 3768 1337 γυ-

2188 1381 2383 1430 ναῖκα’
2419 1376 2561 1439 ἐπεὶ,
2599 1375 2692 1427 ἐὰν
2722 1372 2886 1426 τέκνα
2923 1374 3095 1440 παρῇ,
3131 1369 3518 1436 ἀσυγχώρητοε
3570 1365 3768 1426 αὐτοῖς

2188 1473 2219 1530 ἡ
2253 1470 2543 1538 τριγαμία.
2595 1469 2729 1521 Δίαν
2786 1466 2894 1536 γάρ
2944 1468 3060 1519 ἐστι
3112 1465 3296 1518 ἄδικον
3341 1462 3431 1513 τὸν
3477 1462 3574 1528 μὲν
3603 1459 3770 1527 χαρί-

2188 1565 2374 1628 ζεσθαι
2405 1566 2468 1632 τῇ
2504 1562 2691 1631 ὲξὼρῳ
2723 1560 3012 1630 ἐπιθυμία.
3055 1561 3167 1619 τοῖς
3199 1557 3254 1610 δὲ
3287 1557 3440 1609 παισῖ
3475 1555 3583 1606 τῖεν
3616 1571 3769 1619 προ-

2189 1659 2359 1725 τέρων
2387 1656 2580 1724 γάμων
2616 1653 2690 1722 μὴ
2725 1653 3067 1720 προνοεῖσθαι
3100 1652 3161 1704 τὸ
3205 1649 3442 1714 ἀσφαλὲς
3489 1649 3579 1700 καὶ
3625 1647 3772 1700 ἄλυ-

2120 1771 2160 1828 B
2191 1765 2290 1800 πον
2338 1749 2430 1800 καὶ
2467 1747 2764 1815 ἀτάραχον,
2795 1747 2887 1799 καὶ
2933 1746 3034 1798 ὅσα
3091 1744 3149 1796 τὸ
3199 1743 3540 1811 ἀνθρώπινον
3587 1757 3771 1792 κατα-

3751 1829 3775 1846 ο

2188 1839 2456 1908 λαμϐάνει
2495 1841 2558 1891 ἐκ
2612 1838 2711 1906 τῆς
2759 1838 3102 1906 πολυσπόρου
3163 1835 3498 1886 τεκνώσεως.
3547 1831 3659 1883 Καὶ
3715 1831 3770 1880 εἰ

2188 1947 2270 1991 τις
2303 1929 2357 1982 δὲ
2395 1928 2826 1996 τριακονταετὴς
2880 1926 2977 1988 ὢν,
3030 1925 3124 1977 καὶ
3176 1925 3340 1976 τέκνα
3375 1923 3512 1990 ἔχων
3541 1922 3602 1971 ἐκ
3643 1919 3771 1972 τῶν

2190 2023 2576 2092 προλαϐόντων
2633 2022 2847 2088 γάμων,
2897 2019 3058 2088 τρίτῃ
3114 2017 3334 2080 γυναικὶ
3391 2016 3766 2073 συνάπτοιτο,

3649 2121 3768 2134 -..Α

2188 2118 2281 2168 καὶ
2307 2107 2462 2175 οὗτος
2506 2111 2896 2181 ἀσυγχιῦρητος
2935 2111 3097 2178 μέχρι
3147 2109 3408 2174 τετάρτου
3451 2107 3600 2164 ἔτους
3649 2107 3765 2169 τῆς

2188 2203 2470 2264 κοινωνίας
2519 2205 2627 2256 τῶν
2679 2203 3034 2270 ἁγιασμάτων
3077 2200 3342 2266 ἀμέτοχος
3386 2196 3537 2248 ἔσται
3567 2212 3581 2225 ·
3617 2194 3767 2246 διότι

2187 2296 2346 2363 δῆλός
2381 2298 2527 2349 ἔστιν
2572 2297 2630 2359 ἐξ
2669 2295 2882 2354 οὐδενὸς
2908 2295 3095 2362 ἑτέρου
3129 2290 3244 2342 ἀλλ’
3277 2289 3307 2356 ἢ
3339 2287 3442 2340 ὑπὸ
3478 2285 3767 2353 άκρασίας

2187 2389 2525 2457 κινούμενος,
2559 2388 2652 2440 καὶ
2687 2383 2780 2438 τοῦ
2831 2384 3015 2436 δοῦλον
3050 2378 3191 2434 εἶναι
3239 2379 3508 2449 σαρκικῆς
3557 2376 3767 2428 ἐπιθυ-

2191 2483 2316 2550 μίας
2346 2480 2439 2532 ἐπὶ
2483 2479 2573 2532 τὸν
2617 2477 2853 2530 τοιοῦτον
2901 2474 3077 2542 γάμον
3121 2471 3292 2524 ἐλθεῖν
3350 2469 3458 2520 Καὶ
3504 2465 3641 2534 μετά
3702 2466 3769 2516 τι

2185 2576 2369 2642 τυχεῖν
2403 2573 2456 2624 δὲ
2492 2573 2589 2640 τῆς
2621 2567 2973 2639 μεταλήψεως
3005 2565 3110 2617 τῶν
3141 2562 3473 2631 μυστηρίων,
3501 2562 3622 2626 τρὶς
3657 2558 3762 2609 τοῦ

2187 2661 2429 2716 ἐνιαυτοῦ
2460 2661 2622 2728 μόνου
2671 2657 3034 2727 ἀξιωθήσεται
3069 2654 3169 2722 τῆς
3202 2650 3572 2709 ἀπολαύσεως,
3605 2645 3761 2708 ἆπαξ

2189 2756 2286 2823 μὲν
2332 2756 2391 2807 ὲν
2443 2755 2507 2824 τῇ
2558 2751 2810 2820 σωτηρίῳ
2859 2748 2955 2802 τοῦ
3007 2745 3246 2816 Χριστοῦ
3281 2744 3376 2796 καὶ
3426 2741 3560 2794 Θεοῦ
3594 2740 3760 2808 ἡμῶν

2185 2845 2501 2909 ἀναστάσει,
2527 2843 2779 2914 δεύτερον
2800 2843 2856 2896 δὲ
2883 2844 2942 2894 ὲν
2971 2843 3036 2910 τῇ
3073 2839 3328 2909 κοιμήσει
3360 2839 3457 2904 τῆς
3480 2835 3758 2904 ἀχράντου

2183 2938 2467 3007 δεσποίνης
2495 2939 2656 3006 ἡμῶν
2683 2935 2968 2991 Θεοτόκου.
2992 2933 3086 2986 καὶ
3114 2931 3296 2998 τρίτον
3324 2930 3380 2981 ὲν
3407 2931 3468 2996 τῇ
3495 2925 3760 2993 γενεθλίῳ

2186 3033 2368 3102 ἡμέρᾳ
2395 3030 2488 3083 τοῦ
2519 3028 2754 3097 Χριστοῦ
2805 3029 2900 3081 καὶ
2943 3026 3075 3079 Θεοῦ
3121 3023 3300 3094 ἡμῶν,
3333 3023 3419 3075 διὰ
3451 3020 3510 3072 τὸ
3550 3019 3643 3071 καὶ
3695 3020 3760 3070 ὲν

2108 3105 2149 3164 C
2188 3125 2410 3185 ταύταις
2451 3121 2813 3191 προηγεῖσθαι
2864 3118 3142 3188 νηστείαν,
3179 3115 3271 3168 καὶ
3327 3112 3387 3166 τὸ
3442 3114 3502 3164 ἐκ
3546 3111 3763 3178 ταύτης

2186 3217 2395 3283 ὄφελος.
2434 3216 2498 3270 El
2529 3216 2584 3268 δὲ
2617 3214 2802 3275 παῖδες
2839 3213 2910 3281 μὴ
2938 3228 3001 3262 πε
3015 3210 3226 3278 ρίεισιν,
3261 3205 3449 3276 ἐπειδὴ
3478 3203 3536 3256 τὸ
3565 3219 3762 3254 τεκνο-

2185 3308 2368 3374 γονίας
2413 3307 2698 3374 ἐπιθυμεῖν
2741 3306 2840 3356 ούκ
2878 3301 3297 3368 ἀσύγγνωστον,
3351 3298 3414 3350 τὸ
3453 3293 3760 3363 τηνικαῦτα

2187 3399 2520 3469 συγγνώμης
2567 3397 2932 3466 ἀξιωθήσεται
2992 3397 3020 3447 ὁ
3075 3392 3316 3453 τοιοῦτος
3371 3391 3590 3457 γάμος,
3656 3385 3760 3438 καὶ

2187 3493 2332 3561 μόνῳ
2368 3493 2446 3560 τῷ
2491 3489 2727 3558 ἐξαρχῆς
2768 3488 2860 3541 καὶ
2912 3486 3072 3556 μέχρι
3123 3485 3215 3537 τοῦ
3266 3483 3362 3535 νῦν
3411 3483 3759 3550 κρατήσαντι

2185 3583 2445 3650 ἐπιτιμίῳ
2516 3580 3005 3650 θεραπευθήσεται.
3070 3577 3252 3629 Ταῦτα
3314 3575 3411 3642 μὲν
3474 3572 3566 3623 καὶ
3623 3571 3759 3638 περὶ

2184 3672 2365 3741 τρίτου
2396 3673 2597 3739 γάμου.
2633 3671 2706 3721 Οὐ
2748 3670 2854 3737 μὴν
2902 3668 3022 3720 οὐδὲ
3068 3666 3158 3717 τὸν
3199 3664 3472 3730 δεύτερον,
3507 3660 3627 3712 οὐδὲ
3658 3660 3759 3710 τὸν

2187 3766 2401 3833 πρῶτον
2448 3764 2606 3823 ὲκτδς
2651 3762 2950 3828 ἀσφαλείας
2999 3759 3176 3826 ἐῶμεν
3204 3774 3216 3789 ·
3269 3755 3408 3810 ἀλλά
3461 3753 3760 3813 κάκείνους

2186 3857 2436 3926 ὁρίζομεν
2488 3856 2631 3908 οὕτω
2683 3852 3054 3912 συνίστασθαι,
3090 3850 3229 3904 ὥστε
3288 3846 3558 3916 μηδεμίαν
3603 3845 3756 3911 ἔχειν

2189 3947 2429 4016 πονηράν
2463 3944 2699 4014 αίτίανῆ
2741 3943 2800 4008 ἐξ
2831 3943 3086 4012 ἁρπαγῆς
3119 3941 3151 4010 ἢ
3188 3943 3246 4005 ἐξ
3289 3936 3760 4006 προηγησαμένης

2186 4039 2442 4107 λαθραίου
2477 4037 2705 4106 φθορᾶς,
2742 4035 2876 4088 ἀλλά
2905 4034 3150 4103 νομίμως
3184 4032 3277 4084 καὶ
3305 4029 3760 4099 καθαρρευόντως

2183 4131 2291 4182 τῶν
2335 4129 2593 4181 τοιούτων
2654 4128 3014 4197 μολυσμάτων
3047 4125 3141 4178 καὶ
3201 4123 3465 4192 πορνικῆς
3510 4120 3762 4188 ἀκαθαρ-

2184 4223 2326 4283 σίας.
2381 4220 2446 4272 El’
2499 4237 2583 4282 τις
2645 4219 2759 4282 οὖν,
2809 4219 2918 4270 τῶν
2984 4216 3289 4287 εἰρημένων
3331 4215 3760 4283 καταφρονήσας

2185 4316 2392 4374 τύπων,
2429 4311 2565 4378 πρὸς
2607 4311 2851 4380 γαμικὴν
2879 4309 3093 4378 ὁμιλίαν
3129 4307 3353 4376 πρώτην
3400 4308 3431 4373 ἦ
3489 4306 3758 4374 δευτέραν

522 4417 692 4484 ipsum
741 4417 1022 4485 diligenter
1043 4414 1342 4482 explevisse
1370 4416 1610 4469 didicerit
1640 4417 1763 4484 (nisi
1810 4415 1947 4470 forte
1984 4432 2078 4469 ne-

2189 4403 2441 4472 συνέλθῃ,
2480 4400 2668 4453 τοῦτον
2698 4403 2728 4472 ή
2757 4400 2850 4454 τοῦ
2879 4399 3117 4470 Χριστοῦ
3147 4395 3440 4462 Ἐκκλησία
3468 4396 3500 4464 ἡ
3533 4394 3757 4459 καθαρὰ

518 4507 787 4560 cessarius
810 4508 958 4560 evita
979 4519 1234 4560 excessus
1263 4505 1497 4573 urgeat),
1519 4506 1684 4559 donec
1703 4507 1902 4560 scilicet
1919 4508 2081 4572 septi-

521 4612 641 4650 mus
665 4611 834 4651 annus
855 4596 1152 4664 completus
1176 4596 1358 4650 fuerit.
1381 4595 1643 4651 Sacerdos
1667 4599 1960 4664 autem.qni
1987 4613 2051 4649 au
2069 4623 2082 4636 -

519 4703 611 4741 sus
631 4686 810 4750 fuerit,
830 4696 1020 4755 praeter
1040 4685 1089 4738 id
1109 4686 1250 4754 quod
1270 4695 1526 4739 statutum
1547 4695 1646 4747 est,
1673 4688 1846 4739 divina
1867 4687 2081 4754 partici—

521 4776 735 4843 pationc
774 4776 1003 4842 aliquem
1036 4775 1295 4844 ejusmodi
1323 4777 1550 4844 dignari,
1573 4777 1640 4830 de
1673 4776 1888 4846 pr0prio
1911 4779 2077 4843 gradu

520 4867 572 4917 in
599 4865 892 4933 periculum
914 4866 1090 4919 veniet
1109 4883 1124 4932 ;
1145 4880 1210 4921 eo
1227 4866 1492 4928 videlicet,
1525 4865 1611 4932 qui
1639 4873 1832 4934 praeter
1849 4863 2076 4917 formam

520 4960 897 5010 communione
927 4955 1123 5024 dignus
1163 4963 1244 5010 est
1274 4957 1509 5019 habitus,
1545 4957 1609 5009 ad
1638 4955 2077 5010 excommunica-

526 5048 724 5102 tionem
760 5049 950 5102 iterum
977 5050 1214 5113 redacto,
1245 5063 1416 5117 usque
1443 5049 1506 5101 ad
1542 5051 1753 5116 septimi
1781 5050 1903 5103 anni
1938 5064 2078 5103 com-

522 5137 866 5206 plementum.
921 5138 1025 5192 Sed
1076 5139 1190 5192 haec
1219 5140 1455 5207 quidem,
1485 5150 1540 5193 ut
1567 5150 1837 5194 ostensum
1876 5151 1979 5205 est,
2011 5140 2078 5192 ab

522 5229 588 5282 iis
613 5230 702 5297 qui
741 5230 865 5282 olim
912 5229 1264 5297 imperavere,
1314 5228 1456 5283 facta
1507 5241 1650 5283 sunt.
1697 5229 1852 5284 None
1896 5241 2072 5285 autem

520 5317 695 5372 Patris
725 5330 778 5374 et
809 5319 925 5373 Filii
958 5328 1011 5372 et
1033 5321 1213 5374 sancti-
1240 5320 1474 5388 Spiritus
1510 5321 1846 5389 beneplacito
1876 5334 1921 5376 et
1957 5341 2074 5391 gru-

520 5408 614 5471 lia,
646 5419 700 5463 et
727 5411 1028 5475 purissimis
1058 5410 1258 5480 Deique
1283 5410 1465 5465 Matris
1488 5409 1593 5482 56
1622 5422 1674 5464 et
1707 5413 1881 5480 magni
1915 5414 2073 5467 cmle-

517 5499 616 5551 ειίς
641 5500 840 5553 militia:
864 5499 1129 5570 Principis
1155 5503 1644 5567 intercessionibus,
1672 5517 1763 5556 eos
1794 5505 1881 5571 qui
1909 5519 2071 5556 noua-

515 5588 657 5652 ginta
681 5596 802 5640 ante
823 5590 980 5642 annis
1003 5604 1097 5655 pro
1117 5604 1277 5644 causa
1301 5600 1354 5644 et
1376 5591 1659 5645 occasione
1687 5593 1831 5656 prius
1856 5603 2068 5644 ostensa

512 5678 719 5745 abrupti
747 5688 898 5732 erant
926 5681 1257 5744 sacerdotes,
1299 5687 1352 5737 c't
1393 5684 1711 5744 monachos,
1740 5684 2008 5752 egregium
2039 5700 2065 5736 ιι

2193 4497 2285 4547 καὶ
2321 4495 2521 4565 μηδένα
2556 4495 2742 4547 σπῖλον
2766 4494 2962 4563 ἔχουσα
2991 4493 3022 4561 ἢ
3053 4491 3262 4560 ῥυτίδα,
3302 4491 3414 4551 τοῖς
3459 4487 3760 4556 σωτηρίοις

2190 4587 2568 4641 ὑποϐάλλουσα
2645 4587 2939 4653 ὲτασμοῖς,
2999 4585 3057 4635 ού
3117 4582 3247 4652 πρὶν
3308 4583 3387 4644 είς
3452 4580 3758 4649 μετάληψιν

2189 4678 2544 4747 παραδέξεται
2578 4677 2683 4728 τῶν
2710 4676 2868 4728 θείων
2897 4672 3230 4744 μυστηρίων,
3261 4673 3288 4742 ἦ
3333 4673 3423 4725 τὸν
3448 4672 3756 4741 ὡρισμένον

2186 4771 2278 4819 ἐπὶ
2316 4771 2379 4835 τῇ
2415 4766 2638 4837 πορνείᾳ
2669 4765 2860 4834 χρόνον
2923 4764 3083 4830 μάθοι
3114 4763 3390 4831 ,ἀκριϐῶς
3443 4762 3606 4814 αὑτὸν
3661 4763 3759 4812 ὲκ-

2187 4856 2472 4927 πληρῶσαι
2499 4871 2512 4885 ⁸
2551 4858 2598 4906 εἰ
2641 4856 2714 4924 μὴ
2752 4855 2856 4925 ἄρα
2895 4856 2927 4923 ἡ
2972 4852 3066 4905 τοῦ
3113 4852 3230 4920 βίου
3276 4851 3547 4918 ἀναγκαία
3589 4867 3757 4902 κατε-

2187 4950 2366 5017 πείγει
2413 4947 2782 5016 ἀναχώρησις,
2816 4947 3063 4999 τουτέστι
3098 4944 3290 5013 μέχρις
3321 4941 3385 4995 ἂν
3419 4941 3478 4995 τὸ
3519 4940 3757 5008 ἕϐδομον

2187 5040 2515 5108 ἐκπληρωθῇ
2565 5039 2702 5101 ἔτος.
2767 5038 2824 5089 '0
2868 5037 2923 5088 δὲ
2959 5035 3174 5103 τολμῶν
3222 5034 3400 5101 ἱερεὺς
3445 5031 3591 5099 παρὰ
3657 5032 3753 5084 τὸν

2185 5129 2657 5200 διατετυπωμένον
2692 5130 2815 5199 ὅρον
2849 5126 3204 5194 μεταλήψεως
3258 5123 3410 5184 θείας
3455 5121 3574 5173 τινὰ
3621 5123 3751 5174 τού-

2182 5242 2290 5276 των
2324 5222 2550 5286 ἀξιῶσαι
2602 5224 2731 5289 περὶ
2790 5222 2879 5272 τὸν
2938 5221 3069 5271 ἴδιον
3123 5215 3461 5270 κινδυνεύσει
3513 5213 3749 5282 βαθμὸν,

2183 5313 2421 5381 δηλονότι
2452 5313 2544 5366 τοῦ
2580 5313 2900 5378 ἀξιωθέντος
2933 5313 3080 5376 παρὰ
3115 5309 3207 5360 τὸν
3248 5307 3552 5378 ὡρισμένον
3576 5303 3751 5357 τύπον

2184 5405 2277 5471 τῆς
2313 5404 2462 5466 θείας
2515 5406 2798 5466 κοινωνίας
2846 5402 3008 5454 πάλιν
3037 5402 3115 5460 είς
3146 5400 3207 5452 τὸ
3242 5398 3608 5465 ἀκοινώνητον
3647 5414 3750 5449 πε-

2183 5496 2536 5565 ριισταμένου
2613 5496 2772 5563 μέχρι
2842 5490 3292 5561 συμπληρώσεως
3361 5488 3456 5540 τοῦ
3517 5487 3748 5554 ἑϐδόμου

2181 5592 2353 5654 ἔτους,
2391 5593 2552 5644 Ἀλλά
2599 5590 2769 5644 ταῦτα
2833 5591 2952 5658 μὲν,
3005 5589 3078 5649 ὼς
3135 5588 3454 5656 δεδήλωται,
3487 5586 3592 5637 ὑπὸ
3639 5585 3750 5636 τῶν

2183 5685 2346 5736 πάλαι
2381 5683 2810 5754 βασιλευσάντων
2863 5681 3216 5751 ἐπράχθησαν
3243 5695 3255 5709 ·
3309 5678 3403 5730 νῦν
3462 5677 3516 5730 δὲ
3549 5679 3615 5745 τῇ
3652 5675 3746 5728 τοῦ
