3998 6326
234 316 348 381 οοι
1204 320 1287 381 IN'
1317 322 1556 385 EPIST.
1595 323 1656 384 S.
1689 325 1977 386 BASILII
2007 328 2451 392 CANONICAM
2486 332 2536 398 Ι.
3367 342 3481 407 602

238 427 461 495 ηατρὸς
512 428 608 483 καὶ
671 428 765 484 τοῦ
813 428 947 483 Υίοῦ
980 429 1071 483 καὶ
1125 433 1220 485 τοῦ
1264 435 1424 501 ἁγίου
1482 433 1795 505 Πνεύματος

1906 433 2017 489 Deo
2040 449 2419 492 coronatorum
2444 441 2829 509 imperatorum
2871 456 3173 503 nostrorum
3195 490 3211 509 .
3240 447 3473 506 Romani

238 518 465 589 εὐδοκία
517 522 610 574 καὶ
665 522 869 592 χάριτι,
922 522 1017 575 καὶ
1068 526 1186 587 ταῖς
1240 525 1339 592 τῆς
1394 527 1660 594 παναγίου
1714 526 1795 579 καλ

1918 536 1973 580 et
2002 530 2339 582 Constantini
2373 531 2659 599 imperium
2687 536 2960 605 caujunxit
2994 548 3046 592 et
3079 539 3247 603 uniit,
3278 558 3472 597 unam-

238 610 593 681 Θεομήτορος
642 612 855 666 καὶτοῦ
899 615 1138 683 μεγάλου
1183 616 1622 685 ἀρχιστρατήγου
1676 635 1795 688 πρε-

1915 633 2021 687 que
2072 619 2199 673 fecit
2246 622 2564 677 catholicam
2622 635 2675 678 et
2725 629 3071 694 apostolicam
3137 632 3468 691 Ecclesiam:

240 701 478 792 σξείαις,
520 705 646 767 τοὺς
690 705 789 775 ἤδη
816 704 923 774 πρὸ
981 706 1307 775 ἐνενήκοντα
1362 707 1572 778 χρόνων
1620 710 1795 763 ἕνεκεν

1918 709 2060 763 nude
2084 711 2275 765 inierito
2308 722 2432 766 sunt
2467 717 2789 783 prtedicandi
2823 729 2875 773 et
2903 720 3182 786 laudandi,
3228 724 3317 792 qui
3365 734 3472 780 tam

238 790 346 859 τῆς
392 792 831 863 προδηλωθείσης
876 796 1062 857 αἰτίας
1105 797 1200 847 καὶ
1251 794 1507 865 ἀφορμῆς
1554 799 1795 869 ἀπορρα-

1915 803 2061 870 pium
2090 818 2223 871 opus
2261 812 2313 858 et
2350 816 2453 858 tam
2486 807 2701 876 dignum
2738 813 3149 880 compleverint.
3205 790 3337 869 Cum
3381 834 3477 873 ca-

237 880 441 948 γέντας
482 884 647 954 ίερετς
678 887 771 938 καὶ
809 887 1204 955 μονάζονταςή
1244 888 1502 957 παγκὰλη
1551 888 1795 957 βασιλεία

1915 906 2017 946 non
2071 906 2123 947 et
2156 896 2359 949 novella
2387 898 2501 952 haec
2544 901 2831 953 statuerint
2857 940 2872 960 .
2924 902 3158 957 Ecclesia
3199 906 3475 974 hucusque

236 972 352 1026 τῶν
382 975 684 1044 θεοστεφῶν
711 976 978 1045 βασιλέων
1008 978 1166 1047 ἡμῶν
1204 979 1487 1048 Ῥωμανοῦ
1521 982 1614 1032 καὶ
1645 982 1795 1033 Κων-

1912 985 2109 1037 nostris
2151 987 2479 1053 temporibus
2530 991 2742 1044 tertium
2769 992 3169 1048 matrimonium
3206 995 3320 1050 fieri
3362 972 3467 1051 non

240 1065 522 1119 σταντίνου
556 1069 761 1136 συνῆψέ
813 1085 869 1121 τε
912 1070 1003 1121 καὶ
1053 1072 1348 1137 συνήνωσε.
1399 1072 1490 1122 καὶ
1540 1071 1670 1137 μίαν
1704 1089 1798 1123 κα·
1910 1076 2175 1143 permisit.

235 1154 461 1225 θολικὴν
516 1159 611 1210 καὶ
668 1159 1032 1229 ἀποστολικὴν
1065 1158 1393 1229 Ἐκκλησίαν
1442 1161 1778 1229 εἰργάσατο·
1818 1161 1939 1214 ὅθεν
1982 1165 2159 1233 χρεὼν
2206 1169 2677 1240 ἀνακηρύττεσθαί
2765 1193 2823 1229 τε
2893 1179 2987 1231 καὶ
3082 1177 3474 1246 μεγαλύνεσθαι

234 1249 367 1310 τοὺς
414 1249 652 1302 τοιοῦτον
682 1250 928 1318 θεοειλὲς
967 1252 1060 1302 καὶ
1086 1250 1368 1317 Ξάξιὸλογον
1436 1253 1595 1322 ἔργον
1659 1254 2109 1323 πεπληρωκότας.
2183 1261 2368 1314 Ταῦτα
2412 1263 2505 1316 τοῦ
2548 1266 2766 1329 κανόνος
2804 1268 2897 1320 καὶ
2947 1270 3044 1339 τῆς
3088 1270 3308 1339 Νεαρᾶς
3385 1288 3474 1324 νο-

240 1340 702 1412 μοθετησάντων,
772 1346 804 1410 ὴ
849 1342 1141 1413 Ἐκκλησία
1194 1345 1329 1406 τέως
1399 1346 1494 1398 ἐπὶ
1559 1345 1667 1397 τῶν
1741 1348 1966 1417 ἡμερῶν
2021 1348 2129 1401 τῶν
2200 1353 2483 1423 ἡμετέρων
2555 1356 2742 1426 τρίτου
2808 1359 2987 1428 γάμου
3066 1360 3286 1429 ποίησιν
3373 1362 3475 1416 οὐκ

234 1433 261 1483 ἐ
275 1430 530 1502 πέτρεψε.

312 1550 552 1604 ΖΩΝΔΡ.
589 1551 699 1620 Τὴν
750 1552 1050 1622 τριγαμίαν
1109 1556 1137 1606 ὀ
1189 1553 1363 1621 μέγας
1405 1548 1559 1616 οὗτος
1612 1555 1802 1627 Πατὴρ

234 1642 368 1704 τοὺς
404 1642 665 1714 ἀρχαίους
691 1645 945 1712 Πατέρας
979 1644 1053 1712 μὴ
1088 1644 1267 1712 γάμον
1307 1646 1570 1715 ὀνομάσαι
1607 1648 1797 1716 φησὶν,

1976 1554 2221 1611 ZONAR.
2252 1557 2576 1629 Trigamiam
2608 1574 2832 1628 magnus
2856 1559 2942 1613 hic
2967 1559 3124 1615 Pater
3145 1560 3467 1631 abantiquis

1906 1643 2156 1702 Patribus
2188 1650 2417 1718 conjugii
2449 1651 2667 1705 nomine
2694 1651 2915 1707 minime
2947 1652 3270 1720 appellatam
3301 1653 3463 1707 fuisse

234 1734 376 1788 ἀλλὰ
424 1735 795 1802 πολυγαμίαν,
836 1736 867 1805 ἢ
904 1736 1104 1805 μᾶλλον
1150 1737 1408 1805 πορνείαν
1456 1740 1794 1808 κεκολασμέ-

1897 1742 2112 1803 asserit.
2158 1742 2253 1797 sed
2284 1743 2425 1797 illam
2467 1745 2673 1799 dixisse
2700 1747 2889 1816 polyga
2904 1746 3066 1798 miam
3091 1784 3107 1810 ,
3138 1746 3317 1813 potius
3348 1746 3463 1801 for-

235 1843 359 1894 νην,
397 1826 565 1895 ἤγουν
598 1825 699 1878 οὐκ
753 1826 1123 1895 ἐκκεχυμένην
1174 1828 1268 1880 καλ⁵
1316 1828 1626 1897 ἀδιάφορον,
1661 1833 1798 1886 ἀλλὰ

236 1916 678 1987 συνεσταλμένην
709 1918 803 1971 καὶ
836 1920 1357 1989 περιγεγραμμένην
1412 1922 1509 1989 μιᾷ
1554 1924 1794 1989 γυναικί.

240 2010 347 2062 Ὃν
380 2010 513 2077 γοῦν
556 2009 721 2081 ὥρισε
765 2012 967 2065 κανόνα
1014 2012 1106 2063 ἐπὶ
1157 2013 1266 2065 τῶν
1296 2014 1564 2082 διγὰμων,
1608 2017 1797 2069 τοῦτον

232 2100 388 2167 λέγει
409 2100 687 2169 ἀναλόγως
719 2102 898 2171 ὁρίσαι
929 2104 1020 2155 καὶ
1052 2103 1144 2155 ἐπὶ
1173 2104 1271 2169 τῆς
1295 2105 1593 2173 τριγαμίας
1615 2121 1629 2136 ·
1652 2107 1711 2159 τὸ
1741 2109 1797 2160 δὲ

241 2207 263 2240 ε
314 2192 592 2260 ἀναλόγως
625 2213 642 2244 ι
676 2193 834 2247 τοῦτό
880 2197 1027 2246 ἐστιν
1058 2210 1071 2225 ·
1122 2195 1204 2247 ὅτι
1260 2196 1350 2249 ἐπὶ
1396 2197 1495 2266 τῆς
1540 2200 1797 2267 διγαμίας

234 2283 480 2344 ἐνιαυτὸς
516 2284 723 2353 ὡρίσθη
767 2288 847 2347 εἰς
896 2287 1181 2354 μετάνοιαν
1207 2304 1220 2318 ·
1258 2287 1467 2357 ἑτέροις
1514 2290 1570 2343 δὲ
1603 2291 1793 2346 διετία.

249 2374 374 2425 Ἐπὶ
403 2373 460 2425 δὲ
492 2374 593 2440 τῆς
632 2375 947 2445 τριγαμίας,
978 2376 1101 2429 επεὶ
1150 2376 1356 2445 μείζων
1386 2378 1534 2430 ἐστὶν
1576 2382 1606 2449 ἠ
1649 2382 1797 2434 αίτία

236 2462 400 2533 αὕτη,
455 2464 715 2531 ἀνάλογον
763 2467 857 2518 καὶ
898 2466 959 2518 τὸ
1005 2466 1277 2534 ἐπιτίμιον
1329 2467 1595 2537 ὥρισται·
1630 2471 1797 2540 ἤγουν

236 2558 333 2609 ἐπὶ
388 2556 709 2609 πενταετίαν
751 2559 1072 2625 ἀφορισμός.
1115 2560 1253 2620 Τοὺς
1309 2561 1414 2629 γὰρ
1457 2561 1797 2627 ὑπερϐάντας

233 2647 337 2711 τὴν
361 2645 616 2713 διγαμίαν
650 2647 722 2715 μὴ
757 2648 863 2698 δεῖν
890 2647 1253 2716 ὀνομάζεσθαί
1301 2666 1435 2719 φησι
1490 2652 1639 2720 παρὰ
1689 2654 1797 2705 τῶν

234 2736 536 2800 γυναικῶν,
581 2733 666 2799 αἷς
737 2738 1183 2806 συμφοείρονται,
1242 2740 1472 2808 ἄνδρας·
1508 2743 1643 2811 μήτε
1693 2744 1796 2805 τὰς

234 2828 502 2892 γυναῖκας
540 2828 789 2894 λέγεσθαι
835 2828 983 2898 παρὰ
1031 2830 1138 2880 τῶν
1184 2829 1438 2883 τοιούτων
1466 2832 1675 2901 ἀνδρῶν
1704 2851 1799 2897 γυ·-

235 2920 428 2980 ναῖκας
456 2918 692 2971 ἑαυτῶν·
738 2917 831 2971 καὶ
873 2919 937 2972 ὲκ
980 2917 1073 2971 τοῦ
1120 2920 1455 2987 Εὐαγγελίου
1492 2922 1795 2992 μαρτυρίαν

237 3009 454 3073 ιπάγει,
491 3010 731 3069 εἰπόντος
756 3008 847 3061 τοῦ
879 3008 1114 3077 Χριστοῦ
1147 3010 1279 3075 πρὸς
1308 3011 1405 3081 τὴν
1428 3013 1792 3080 Σαμαρείτιδι

237 3104 321 3153 ὅτι
355 3104 455 3153 ’ον
497 3102 657 3168 ἔχεις
712 3103 822 3154 οὐκ
876 3102 1007 3155 ἔστι
1064 3119 1180 3157 σου
1222 3103 1409 3169 ἀνὴρ·
1444 3103 1627 3158 πέντε
1684 3106 1794 3174 γὰρ

237 3190 440 3257 ἔσχες,
474 3188 532 3241 Et
573 3190 627 3242 δὲ
672 3190 764 3241 καὶ
813 3188 948 3258 ἔφθη
1001 3191 1175 3241 εἰπεῖν
1208 3192 1235 3241 ό
1266 3189 1419 3255 ἅγιος
1453 3190 1534 3241 ὅτι
1562 3192 1618 3241 ἐν
1645 3191 1794 3258 τρισὶ

236 3284 334 3333 καὶ
364 3282 653 3347 τέσσαρσιν
693 3280 867 3332 ἐτεσιν
906 3279 1262 3347 ἀφορίζεσθαι
1305 3282 1430 3343 τοὺς
1467 3281 1791 3347 τριγάμους,

236 3371 355 3422 ἀλλ’
398 3370 496 3421 οὐκ
541 3370 782 3438 ἐνέμεινε
833 3369 907 3437 τῷ
950 3369 1107 3438 τύπῳ
1156 3369 1350 3439 ἐκείνῳ
1379 3386 1393 3400 ·
1444 3370 1689 3422 ἐπέτεινε
1738 3369 1794 3420 ξε

236 3462 396 3520 abso;
431 3462 517 3512 τὸν
548 3462 739 3529 χρόνον
781 3459 871 3513 τού
922 3461 1198 3528 ἐπιτιμίου
1244 3460 1404 3527 μέχρι
1444 3459 1793 3525 πενταετίας,

234 3551 626 3620 διαταξάμενος
690 3553 762 3620 μὴ
820 3549 1135 3617 ἐξωθεῖσθαι
1194 3551 1319 3613 τοὺς
1376 3549 1651 3612 τοιούτους
1692 3550 1793 3617 τῆς

250 3643 599 3709 Ἧκκλησίας,
651 3642 791 3696 ὥστε
855 3644 954 3696 οὐκ
1012 3644 1089 3706 είς
1142 3644 1307 3695 τόπον
1368 3641 1792 3711 προσκλαίοντος

235 3734 507 3795 ἵστασθαι,
540 3733 653 3785 ἀλλ’
682 3733 759 3794 είς
795 3731 955 3784 τόπον
987 3732 1351 3800 ἀκροωμένων
1379 3733 1437 3783 ἰν
1469 3730 1613 3783 ἔτεσι
1638 3731 1791 3783 δυσὶν
1852 3790 1855 3793 λ

232 3826 268 3894 ἧ
299 3823 481 3891 τρισί·
510 3825 648 3891 μετὰ
682 3822 738 3875 δὲ
774 3823 865 3875 τδν
910 3822 1201 3891 εἰρημένον
1249 3822 1440 3890 χρόνον
1473 3822 1792 3889 ἐπιτρέπειν

231 3914 417 3974 αὐτοῖς
443 3914 541 3983 τὴν
574 3913 712 3981 μετὰ
754 3913 862 3964 τῶν
894 3913 1102 3963 πιστῶν
1137 3910 1394 3963 σύστασιν
1420 3927 1432 3940 ·
1461 3911 1558 3978 τῆς
1587 3910 1645 3963 δὲ
1676 3926 1793 3979 stet-

233 4005 427 4065 νωνίας
457 4003 775 4071 ἀπέχεσθαι.
798 4002 907 4054 Καὶ
931 4000 1073 4055 οὕτω
1103 4002 1314 4069 καρπὸν
1348 3999 1794 4067 ἐπιδειξαμένους

237 4096 545 4161 μετανοίας,
577 4096 743 4164 ἤγουν
792 4093 1085 4162 συντριϐὴν
1131 4092 1376 4161 καρδίας,
1415 4091 1508 4143 καὶ
1557 4091 1788 4160 δάκρυα,

233 4187 330 4238 καὶ
375 4186 427 4237 ετ
464 4202 518 4238 τι
560 4185 768 4247 τούτοις
799 4183 1086 4252 ἑπόμενον,
1124 4181 1269 4235 οὕτω
1314 4180 1563 4250 δέχεσθαι
1596 4181 1793 4243 αὐτοὺς

234 4281 315 4344 είς
343 4280 638 4333 κοινωνίαν.

307 4478 525 4531 ΑΡΙΣΤ.
567 4476 704 4529 Ἕνα
734 4474 924 4544 χρόνον
965 4472 997 4543 ἢ
1029 4470 1122 4524 δύο
1148 4469 1466 4539 ἀφορίζεται
1491 4472 1518 4523 ό
1538 4470 1787 4538 δίγαμος·

231 4570 379 4636 τρεῖς
409 4568 464 4621 δὲ
493 4567 588 4621 καὶ
619 4568 890 4637 τέσσαρας
917 4566 945 4618 ό
971 4564 1234 4633 τρίγαμος
1255 4575 1270 4591 ⁸
1315 4562 1409 4614 καὶ
1444 4562 1603 4614 πέντε
1651 4562 1792 4615 κατὰ

231 4660 329 4728 τὴν
358 4660 483 4728 ἄρτι
518 4657 823 4725 συνήθειαν.

307 4841 417 4895 Οὐκ
452 4838 561 4892 ἀπὸ
594 4837 987 4899 κανόνος,ἀλλὰ
1017 4837 1121 4889 ἀπὸ
1150 4836 1436 4907 συνηθείας
1463 4835 1788 4888 καταλαϐὼν

232 4936 263 4987 ὁ
289 4932 463 5002 μέγας
495 4930 774 4992 Βασίλειος
817 4930 942 4988 τοὺς
987 4928 1290 4997 τριγάμους
1333 4928 1425 4980 ἐπὶ
1471 4926 1789 4979 πενταετίαν

235 5021 683 5092 ἀφοριζομένους,
736 5018 945 5088 δέχεται
1024 5017 1181 5070 τοῦτο
1236 5016 1329 5069 καὶ
1404 5017 1593 5078 αὐτός’
1649 5016 1788 5085 πλὴν

238 5111 563 5180 προστάττει
608 5107 682 5177 μὴ
715 5107 997 5169 παντελῶς
1024 5106 1223 5165 αὐτοὺς
1260 5104 1483 5167 ἐξωθεῖν
1528 5104 1627 5170 τῆς
1666 5104 1791 5156 Ἐκ-

238 5200 484 5271 σιλησίας,
515 5200 610 5251 καὶ
640 5198 777 5268 μετὰ
825 5196 933 5250 τῶν
971 5194 1409 5266 προσκλαιόντων
1449 5195 1791 5246 συντάττειν·

239 5291 352 5344 ἀλλ’
398 5293 457 5343 ἐν
508 5292 661 5343 δυσὶν
690 5288 882 5347 ἐτεσιν,
916 5287 948 5355 ἦ
988 5288 1082 5340 καὶ
1123 5285 1292 5355 τρισὶ,
1321 5285 1419 5354 τῆς
1462 5284 1570 5337 τῶν
1620 5284 1785 5335 θείων

240 5380 471 5452 Γραφῶν
500 5380 817 5450 ἀκροάσεως
860 5376 1064 5442 ἀξιοῦν.
1106 5373 1238 5431 Εἶτα
1272 5375 1560 5444 ὶπιτρέπει
1592 5376 1793 5442 συστή-

239 5491 356 5528 κειν
411 5470 610 5533 αὐτοὺς
676 5470 814 5540 μετᾶ
883 5470 992 5521 τῶν
1058 5470 1283 5532 πιστῶν,
1324 5471 1418 5521 καὶ
1466 5468 1572 5519 τῶν
1620 5467 1794 5536 εὐχῶν

244 5565 419 5635 μόνων
450 5562 832 5630 συγκοινωνεῖν
867 5560 1050 5623 αὐτοῖς
1079 5577 1091 5591 ·
1137 5561 1232 5629 τῆς
1272 5558 1326 5611 δὲ
1376 5556 1655 5619 κοινωνίας
1698 5555 1791 5609 τςσῦ

312 5702 329 5732 ⁸
360 5697 517 5754 han.
555 5713 627 5752 tv.
664 5695 744 5749 l3.

1903 1835 2224 1888 nicationem
2270 1836 2608 1902 castigatam,
2650 1839 2749 1891 hoc
2795 1847 2901 1901 est,
2956 1852 3060 1891 non
3111 1837 3363 1901 eﬂ'usam,
3411 1845 3466 1891 et

1900 1922 2283 1989 promiscuam,
2330 1923 2422 1976 sed
2466 1932 2818 1987 contractam,
2860 1933 2913 1978 et
2967 1924 3019 1977 in
3070 1940 3174 1979 una
3222 1932 3464 1977 tantum-

1901 2011 2059 2063 modo
2083 2012 2545 2079 circumscriptam
2569 2012 2810 2068 muliere.
2841 2014 3007 2080 Quem
3036 2029 3161 2082 ergo
3198 2028 3460 2069 canonem

1902 2104 1965 2154 de
2006 2102 2234 2166 digamis
2277 2103 2664 2172 promulgavit.
2692 2102 2835 2156 hunc
2868 2104 2919 2157 in
2958 2104 3202 2171 trigamia
3242 2119 3461 2174 quoque

1902 2195 2253 2261 proportione
2299 2193 2502 2247 servari
2539 2192 2733 2260 jubet;
2772 2194 3114 2261 proportione
3154 2205 3368 2258 autem,
3410 2195 3459 2250 id

1899 2293 2000 2347 est,
2046 2284 2172 2350 quia
2237 2283 2289 2336 in
2341 2284 2572 2349 digamia
2626 2299 2799 2339 annus
2857 2286 3203 2353 prmscriptus
3255 2296 3340 2341 est
3389 2286 3458 2341 ad

1899 2373 2309 2441 pteuitentiam;
2342 2374 2458 2425 aliis
2517 2388 2641 2427 vero
2696 2374 3011 2427 biennium:
3070 2388 3234 2440 porro
3283 2375 3334 2427 in
3366 2376 3462 2428 tri-

1899 2464 2094 2531 gainia,
2128 2463 2378 2529 quoniam
2414 2462 2640 2529 ipsamet
2675 2461 2826 2529 culpa
2874 2461 2932 2515 lit
2974 2464 3208 2532 gravior,
3239 2478 3463 2531 propor-

1901 2553 2044 2606 tione
2077 2566 2286 2619 quoque
2314 2553 2649 2619 respondens
2672 2552 2926 2604 statuitur
2958 2567 3135 2619 paena,
3157 2552 3459 2621 quinquen-

1900 2644 2036 2696 nalis
2082 2642 2329 2697 videlicet
2392 2644 2713 2712 segregatio.
2771 2641 2874 2704 Qui
2938 2658 3165 2712 namque
3207 2644 3456 2712 digamiac

1900 2734 2159 2788 terminos
2195 2733 2532 2803 supergressi
2575 2741 2703 2787 sunt
2728 2774 2744 2798 ,
2778 2741 2936 2802 negat
2976 2734 3208 2799 amplius
3245 2737 3312 2788 ab
3345 2734 3410 2789 iis
3437 2773 3452 2796 ,

1897 2841 2017 2878 cum
2067 2825 2262 2893 quibus
2317 2826 2751 2887 commisceutnr,
2799 2826 3111 2879 mulieribus
3167 2828 3313 2881 viros
3350 2827 3457 2882 dici

1896 2918 2170 2981 oportere,
2229 2931 2327 2969 nec
2376 2916 2633 2969 mulieres
2696 2915 2762 2968 ab
2828 2914 3090 2981 ejusmodi
3151 2917 3458 2971 hominibus

1900 3018 2127 3056 uxorum
2190 3006 2404 3059 neruine
2452 3003 2757 3071 appellari:
2816 3014 2977 3072 atque
3034 3016 3098 3055 ex
3166 3002 3457 3070 Evangelio

1900 3098 2264 3151 testimonium
2326 3096 2564 3159 adducit,
2608 3092 2819 3147 dicente
2857 3094 3070 3146 Christo
3102 3092 3165 3145 ad
3213 3091 3454 3145 Samari-

1898 3190 2083 3251 tialcm,
2119 3188 2376 3252 Quoniam
2398 3202 2547 3254 quem
2572 3187 2725 3237 Itach
2764 3201 2865 3237 non
2899 3192 2975 3235 est
3002 3196 3118 3235 tuus
3148 3184 3261 3248 vir;
3296 3184 3457 3251 quiuv

1895 3296 1992 3348 que
2030 3284 2164 3332 enim
2204 3278 2432 3330 habuisti
2452 3277 2492 3328 '.
2546 3273 2677 3328 Nam
2721 3274 2828 3328 etsi
2876 3274 3023 3341 prius
3062 3274 3273 3327 dixerat
3324 3290 3445 3328 san-

1894 3376 2036 3430 etus,
2066 3368 2241 3421 tribus
2275 3375 2367 3419 aut
2389 3372 2618 3435 quatuor
2642 3364 2795 3416 annis
2825 3363 3083 3419 trieauios
3125 3378 3245 3417 esse
3274 3378 3456 3433 segre-

1894 3460 2118 3529 gaudos.
2170 3472 2272 3511 noxi
2315 3456 2564 3510 tamenin
2590 3454 2678 3508 illo
2701 3454 2918 3507 decreto
2956 3453 3188 3522 persﬁtit
3220 3469 3235 3505 :
3266 3468 3449 3506 verum

1901 3549 2081 3603 multa;
2108 3560 2317 3616 tempus
2360 3545 2422 3599 ad
2446 3543 2876 3614 quinquennium
2912 3543 3139 3611 ipsemet
3173 3542 3448 3603 extendit,

1894 3647 2136 3692 statuens
2162 3650 2496 3707 nequaquam
2547 3632 2846 3703 hujustuodi
2880 3633 2946 3684 ab
2992 3631 3244 3685 cxclesiis
3272 3630 3451 3699 expel-

1897 3728 2105 3790 lendos,
2163 3729 2233 3781 ita
2299 3736 2355 3780 ut
2406 3741 2509 3779 non
2554 3725 2606 3778 in
2667 3724 2783 3777 loco
2839 3720 3073 3775 ﬂentium
3115 3723 3448 3785 consistant,

1895 3819 1986 3871 sed
2032 3818 2232 3871 inloco
2276 3814 2607 3869 audientium
2658 3812 2868 3865 duobus
2920 3818 3013 3862 aut
3048 3810 3219 3864 tribus
3254 3809 3448 3873 anuis,

1896 3920 2070 3973 eoque
2102 3906 2286 3973 elapso
2313 3912 2555 3971 tempore
2584 3900 2997 3970 permittendum
3034 3900 3188 3966 ipsis,
3238 3906 3293 3951 nt
3327 3913 3449 3951 cum

1897 3994 2146 4049 ﬁdelibus
2180 3994 2502 4055 consistant,
2558 4005 2585 4042 a
2625 3990 3005 4044 communione
3057 3997 3233 4042 autem
3279 3988 3454 4042 absti-

1897 4096 2082 4141 neant.
2119 4086 2292 4152 Atque
2338 4083 2441 4136 hoc
2502 4089 2678 4151 pacto,
2737 4082 2779 4136 si
2828 4080 3059 4135 fructum
3116 4079 3451 4148 poenitentia:

1896 4174 2250 4238 ostenderint,
2315 4187 2505 4242 nempe
2544 4175 2923 4226 contritionem
2963 4171 3142 4225 cordis
3187 4179 3239 4223 et
3274 4170 3451 4238 luery-

1895 4282 2035 4330 mas,
2070 4274 2123 4319 et
2148 4264 2192 4319 si
2226 4263 2355 4331 quid
2400 4262 2549 4316 ltisce
2585 4262 2805 4331 adiungi
2830 4261 2987 4323 solet,
3015 4261 3088 4312 ita
3124 4259 3338 4314 demum
3384 4258 3450 4311 ad

1826 4374 1872 4433 ι)
1899 4353 2328 4409 communionem
2347 4351 2718 4405 admittantttr.

1967 4463 2192 4521 ARIST.
2234 4464 2487 4534 Bigamus
2526 4478 2690 4517 unum
2735 4463 2816 4517 vel
2853 4460 2985 4516 duos
3016 4475 3189 4514 annos
3240 4472 3453 4513 excom-

1903 4559 2229 4619 municatur,
2273 4564 2383 4609 tres
2431 4568 2554 4608 vero
2592 4564 2646 4607 et
2680 4562 2910 4622 quatuor
2941 4552 3229 4622 trigamus,
3295 4560 3453 4618 atque

1900 4650 2058 4702 etiam
2092 4647 2329 4717 quinque
2369 4645 2521 4713 juxta
2555 4645 2993 4700 consuetudinem
3050 4657 3171 4711 qua:
3205 4640 3320 4709 jam
3353 4641 3453 4694 ob-

1903 4737 2054 4791 tinet.

1971 4825 2084 4877 Non
2108 4840 2134 4876 a
2168 4836 2393 4886 canone,
2425 4821 2517 4876 sed
2563 4836 2590 4873 a
2624 4818 3008 4875 consuetudine
3040 4818 3309 4884 accipiens
3342 4833 3446 4869 ma-

1896 4933 2030 4988 gnus
2077 4915 2345 4976 Basilius,
2402 4913 2655 4982 trigamos
2724 4907 3091 4978 quinquennio
3145 4914 3453 4974 segregatos

1896 5020 2037 5066 esse,
2066 5012 2119 5058 et
2150 5004 2261 5070 ipse
2297 5002 2421 5054 illud
2458 5000 2711 5054 admittit.
2752 4998 2855 5052 Sed
2886 4997 3122 5060 mandat,
3151 5010 3243 5048 eos
3267 4995 3331 5048 ab
3360 5010 3451 5047 ec-

1894 5097 2053 5151 clesia
2110 5109 2215 5146 non
2256 5093 2475 5144 omnino
2508 5092 2827 5151 extrudere,
2868 5095 2921 5141 et
2966 5101 3085 5137 cum
3134 5083 3451 5138 dedentibus

1898 5189 2198 5249 collocare,
2236 5183 2330 5237 sed
2356 5185 2559 5237 duobus
2589 5180 2671 5234 vel
2697 5181 2857 5234 etiam
2897 5178 3069 5231 tribus
3107 5176 3263 5229 annis
3310 5176 3438 5227 divi-

1898 5292 2085 5331 narum
2134 5275 2535 5341 Scripturarum
2574 5273 2847 5324 auditione
2871 5284 2964 5323 eos
2986 5269 3215 5335 dignari.
3250 5265 3446 5319 Deinde

1893 5370 1971 5425 eis
2000 5364 2257 5435 permittit
2282 5377 2401 5416 cum
2430 5363 2677 5417 ﬁdelibus
2706 5362 3003 5414 consistere
3033 5366 3086 5412 et
3112 5360 3164 5411 in
3198 5356 3447 5424 precibus

1893 5464 2016 5516 solis
2036 5462 2449 5516 couunnnicare.
2486 5459 2529 5510 Α
2550 5456 2672 5509 boui
2704 5464 2880 5508 autem
2920 5450 3295 5507 communione
3329 5447 3443 5499 abs-

1894 5558 2085 5617 tinere,
2120 5566 2173 5607 et
2224 5553 2300 5604 sic
2331 5553 2560 5604 fructum
2614 5548 2848 5617 aliquem
2884 5544 3214 5614 poenitentia:
3264 5550 3440 5595 osten-
