3998 6326
555 284 661 345 603

1805 295 2076 355 THEOD.
2113 295 2512 360 BALSAMUN

3672 306 3775 363 604

554 399 764 463 dentes,
790 399 858 453 ad
887 399 1063 457 locum
1089 416 1301 470 eorum,
1340 406 1428 474 qui
1455 409 1701 479 corporis
1737 418 1792 464 et
1833 407 2112 477 sanguinis

2234 413 2422 478 ἱγαθοῦ
2450 415 2764 483 ἀπέχεσθαι’
2795 419 2884 468 καὶ
2916 417 3056 469 οὕτω
3088 421 3297 471 καιπόν
3329 437 3449 472 τινα
3485 422 3778 486 μετανοίας

557 487 819 544 Dominici
841 501 965 546 sunt
997 495 1304 564 participes,
1343 498 1575 553 restitui.

1157 768 1385 826 CANON
1448 773 1511 828 ν.

561 852 892 921 Haereticos,
944 860 1033 926 qui
1114 861 1166 913 in
1229 879 1449 918 excessu
1517 881 1547 921 e
1608 871 1713 922 vita
1751 872 2119 938 paenitentiam

631 958 815 1016 agunt,
842 950 1081 1018 recipere
1105 963 1314 1018 oportet
1341 972 1355 1018 ;
1384 958 1622 1025 recipere
1645 973 1844 1027 autem,
1874 980 1978 1016 non
2006 965 2122 1018 sine

622 1037 845 1105 judicio,
883 1042 971 1095 sed
1009 1043 1382 1098 catamiuantes
1433 1064 1499 1100 an
1542 1065 1720 1103 veram
1749 1053 2119 1118 pasnitentiain

617 1131 921 1190 ostendant,
952 1134 1065 1185 etsi
1098 1134 1296 1189 fructus
1343 1136 1597 1207 habeant,
1645 1143 1737 1210 qui
1785 1143 1974 1197 salutis
2009 1152 2122 1197 stu-

626 1219 770 1270 ditttn
801 1221 1174 1278 testiﬁcetttur.

620 1307 812 1380 BALS.
852 1315 1098 1369 Praesens
1125 1319 1336 1384 quidem
1370 1336 1542 1374 canon
1573 1327 1764 1378 statuit
1801 1326 2082 1381 haereticos
2104 1369 2119 1392 ,

560 1397 651 1464 qui
698 1399 749 1451 in
782 1400 883 1454 line
918 1404 1040 1456 vita:
1070 1405 1288 1467 fuerint.
1323 1420 1376 1464 et
1408 1414 1781 1479 paenitentiam
1815 1416 2119 1482 petiverint,

561 1490 794 1550 admitti.
829 1494 975 1558 prius
1014 1500 1373 1562 examinatos,
1408 1518 1472 1554 an
1512 1519 1636 1558 vere
1669 1516 1827 1573 agant
1856 1509 2122 1574 poeniten—

561 1579 728 1644 tiatn;
770 1583 995 1645 scilicet.
1028 1600 1095 1638 an
1128 1590 1241 1642 suis
1271 1595 1534 1659 dogmatis
1577 1594 1885 1650 desciscant
1915 1610 1967 1650 et
2011 1599 2124 1650 l'ru-

562 1681 682 1724 ctus
744 1675 1075 1738 paenitentiae
1129 1681 1430 1734 ostendant.
1495 1683 1597 1737 Alii
1647 1696 1824 1740 autem
1864 1703 2116 1748 canones,

561 1760 724 1814 etiam
757 1765 1052 1829 haereticos,
1086 1768 1190 1838 57
1233 1773 1321 1838 qui
1355 1775 1466 1824 sani
1502 1785 1649 1839 sunt,
1691 1778 2034 1842 accedentes.
2070 1789 2124 1833 et

563 1855 920 1918 examinatus,
948 1859 1192 1914 similiter
1216 1864 1425 1916 admitti
1454 1866 1666 1934 jubent.

647 2029 899 2088 ZONAR.
941 2039 1260 2096 Duhitahant
1291 2046 1526 2113 quidam,
1559 2063 1624 2100 an
1656 2049 1916 2116 haeretici,
1951 2053 2038 2120 qui
2069 2051 2121 2106 in

569 2121 713 2176 exitu
747 2126 868 2178 vitae
898 2142 1019 2183 esse
1046 2131 1318 2196 dicuntur,
1357 2150 1418 2188 ac
1449 2139 1818 2202 paenitentiam
1850 2152 2118 2210 quaerunt,

565 2226 746 2268 essent
776 2219 1110 2274 adutittendi.
1150 2223 1225 2275 Ad
1255 2240 1412 2291 quam
1449 2228 1802 2290 qumstionem
1848 2234 2125 2299 respondit

568 2314 810 2369 sanctus,
836 2311 1200 2367 admittendos
1229 2331 1368 2380 esse,
1403 2333 1506 2370 non
1541 2334 1860 2388 quacunque
1894 2327 2120 2390 ratione,

569 2406 756 2446 verum
817 2399 1186 2453 examinantes
1236 2419 1302 2455 an
1348 2420 1476 2458 vere
1508 2410 1840 2474 pteniteant;
1895 2411 1994 2465 hoc
2021 2424 2125 2477 est,

570 2498 696 2534 num
723 2499 749 2536 a
789 2489 1024 2553 propriis
1049 2491 1326 2560 dogmatis
1366 2497 1680 2564 abscedant,
1709 2515 1770 2553 ac
1797 2504 2125 2570 pmnitentia:

572 2573 782 2628 fructus
825 2585 1128 2636 ostendant.
1829 2603 1834 2608 ’

641 2668 863 2724 ABIST.
923 2673 1218 2729 limretii'ns
1282 2679 1334 2732 in
1386 2681 1508 2734 vitae
1564 2685 1712 2738 exitu
1777 2686 2120 2754 resipiscens,

568 2757 895 2816 discretione
927 2765 1164 2818 adhibita
1195 2772 1592 2838 suscipiendus.

643 2849 963 2905 Han-elicuit:
992 2855 1043 2906 in
1071 2870 1316 2913 extremo
1353 2865 1471 2916 vita:
1510 2867 1815 2920 venientem
1846 2877 1897 2922 et
1929 2870 2122 2937 resipi-

571 2953 812 2994 scentein
869 2946 987 2998 sine
1032 2949 1235 3014 judicio
1271 2963 1322 3006 et
1375 2958 1623 3011 examine
1683 2959 1968 3014 admittere
2014 2978 2122 3015 non

2229 505 2693 573 ἐπιδειξαμένους.
2723 510 2801 568 εἰς
2853 509 2941 561 τδν
2987 512 3149 561 τόπον
3186 511 3293 561 τῶν
3332 512 3770 579 μεταλαμϐανόνι

2230 611 2335 645 των
2362 596 2453 646 τοῦ
2489 597 2812 650 δεσποτικοῦ
2852 599 3099 670 σώματός
3131 617 3188 652 τε
3230 603 3324 654 καὶ
3368 603 3598 669 αἵματος
3640 605 3778 656 ἁποο

2229 686 2602 744 καθίπτασθαι.

2828 785 3062 839 ΚΑΝΩΝ
3109 786 3182 842 E'.

2229 872 2363 934 Τοὺς
2394 874 2448 925 δὲ
2486 875 2573 926 ἐπὶ
2612 875 2773 944 ἐξόδῳ
2814 879 3207 946 μετανοοῦντας
3235 878 3344 932 τῶν
3373 880 3666 938 αίρετικῶν
3695 881 3782 933 δέ-

2297 966 2482 1032 χεσθαι
2515 969 2639 1035 χρή’
2685 969 2928 1035 δέχεσθαι
2972 969 3048 1034 δὲ,
3085 971 3328 1047 δηλονότι
3369 973 3470 1024 οὐκ
3521 973 3786 1042 ἀκρίτως,

2298 1055 2429 1107 ἀλλὰ
2500 1057 2891 1123 δοκιμάζοντας
2959 1060 3006 1110 εί
3065 1060 3323 1132 ἀληθινὴν
3383 1063 3784 1114 ἐπιδείκνυνται

2305 1147 2612 1213 μετάνοιαν,
2663 1151 2752 1202 καὶ
2786 1152 2833 1201 εί
2873 1152 2997 1213 τοὺς
3046 1154 3289 1220 καρποὺς
3342 1152 3528 1220 ἔχουσι
3575 1170 3789 1224 μαρτυ-

2305 1237 2526 1304 ροῦντας
2564 1242 2626 1306 τῇ
2671 1242 2803 1309 πρὸς
2825 1242 2884 1293 τὸ
2919 1242 3156 1310 σωθῆναι
3192 1245 3417 1311 σπουδῇ.

2299 1328 2493 1382 ΒΑΛΣ.
2558 1331 2616 1381 '0
2675 1332 2771 1398 μὲν
2822 1333 3012 1399 παρὼν
3069 1334 3246 1386 κανὼν
3303 1337 3594 1405 διορίζεται
3656 1339 3791 1402 τοὺς

2229 1422 2540 1487 αίρετικοὺς
2580 1426 2635 1474 ἐν
2683 1423 2822 1474 τέλει
2879 1427 3196 1494 γινομένους
3241 1427 3338 1479 τοῦ
3391 1429 3530 1497 βίου,
3560 1430 3648 1482 καὶ
3682 1430 3791 1497 Cr;-

2228 1515 2451 1572 τοῦντας
2503 1513 2816 1580 μετάνοιαν,
2853 1516 3123 1584 δέχεσθαι,
3173 1517 3596 1586 ἐξεταζομένους
3647 1522 3790 1588 πρό-

2229 1621 2386 1672 τερον
2412 1607 2458 1656 εί
2487 1606 2701 1673 ἀληθῶς
2737 1607 3124 1673 μετανοοῦσινο
3171 1611 3338 1679 ἤγουν
3372 1611 3419 1661 εί
3454 1610 3788 1678 ἀφίστανται

2230 1695 2336 1746 τῶν
2367 1697 2584 1747 οἰκείων
2613 1697 2917 1763 δογμάτων,
2955 1700 3050 1750 καὶ
3100 1699 3497 1754 ἐπιδείκνυνται
3534 1703 3788 1770 καρποὺς

2230 1789 2512 1854 μετανοάς
2545 1804 2558 1818 ·
2597 1787 2774 1855 ἕτεροι
2801 1788 2857 1840 δὲ
2889 1791 3112 1851 κανόνες
3143 1791 3234 1842 καὶ
3260 1791 3384 1852 τοὺς
3426 1794 3482 1844 ἐν
3509 1793 3666 1861 ὑγεία
3694 1793 3791 1845 ὖνο

2225 1893 2342 1938 τας,
2369 1877 2676 1946 αίρετικοὺς
2701 1881 3188 1948 προσερχομένους,
3219 1884 3311 1934 καὶ
3338 1883 3788 1953 ἐξεταζομένους,

2225 1967 2424 2035 ὁμοίως
2463 1968 2711 2035 δέχεσθαι
2744 1970 3227 2036 παρακελεύονται.

2293 2057 2536 2109 ΖΩΝΑΡ.
2585 2058 2957 2126 Ἀμφέϐαλλόν
2989 2077 3133 2122 τινες
3164 2063 3208 2113 εί
3244 2065 3348 2131 χρὴ
3398 2066 3524 2127 τοὺς
3573 2066 3790 2134 αἱρετι-

2226 2149 2354 2209 κοὺς
2385 2150 2440 2200 ἐν
2470 2150 2610 2200 τέλει
2664 2150 2988 2216 λεγομένους
3042 2154 3133 2204 τοῦ
3183 2154 3297 2221 βίου
3343 2155 3437 2206 καὶ
3489 2156 3794 2225 ζητοῦντας

2228 2240 2518 2305 μετάνοιαν
2567 2241 2835 2309 δέχεσθαι.
2875 2243 3015 2312 Πρδις
3063 2244 3197 2312 ὅπερ
3231 2247 3259 2296 ὁ
3317 2245 3468 2310 ἅγιος
3513 2246 3793 2315 ἀπεκρίθη

2226 2329 2331 2380 δεῖν
2362 2331 2561 2392 αὐτοὺς
2587 2331 2860 2398 δέχεσθαι,
2890 2334 2985 2402 οὐχ
3014 2334 3086 2395 ὡς
3125 2334 3278 2404 ἔτυχε
3327 2336 3402 2397 δέ,
3431 2336 3566 2388 ἀλλὰ
3596 2337 3789 2400 ἐξετά-

2229 2417 2439 2483 ζοντας,
2485 2424 2530 2473 εἰ
2580 2423 2792 2490 ἀληθῶς
2826 2424 3176 2492 μετανοοῦσιν
3199 2442 3211 2455 ·
3244 2428 3406 2495 ἦγουν
3441 2429 3486 2479 εί
3520 2428 3787 2493 ἀφίσταν-

2227 2530 2316 2564 ται
2349 2512 2456 2564 τῶν
2494 2516 2707 2566 οἰκείων
2735 2517 3034 2585 δογμάτων,
3068 2518 3160 2568 καὶ
3194 2519 3601 2571 ἐπιδείκνυνται
3648 2537 3711 2571 κα
3726 2537 3789 2586 ρ-

2228 2604 2362 2664 ποὺς
2398 2605 2708 2668 μετανοίας.

2297 2698 2517 2747 ΑΡΙΣΤ.
2595 2697 2874 2764 Δίρετικος
2925 2696 2999 2765 τῷ
3055 2699 3197 2766 τέλει
3249 2699 3521 2769 μετανοῶν
3569 2701 3796 2763 δεκτὲος

2231 2789 2346 2854 μετ’
2383 2788 2732 2854 ἐπικρίσεως.

2300 2879 2400 2928 Τὸν
2439 2880 2493 2928 ὲν
2526 2877 2598 2941 τῷ
2629 2878 2770 2928 τέλει
2803 2877 2894 2928 τοῦ
2945 2879 3060 2946 βίου
3095 2879 3318 2930 ἐλθόντα
3356 2879 3652 2948 αίρετικδν,
3696 2882 3792 2932 καὶ

2233 2969 2618 3037 μετανοοῦντα.
2658 2971 2753 3022 οὐκ
2808 2971 3043 3038 ἀκρίτως
3092 2972 3184 3022 καὶ
3229 2971 3598 3030 ἀϐασανίστως
3635 2972 3794 3039 δέχε-

572 3043 809 3102 oportet,
854 3038 947 3090 sed
1005 3041 1434 3107 resipiscentiam
1491 3050 1608 3117 ejus
1654 3052 1957 3118 explorare,
1999 3070 2123 3106 num

2236 3060 2357 3112 σθαι
2390 3059 2512 3128 χρὴ,
2546 3059 2677 3112 ἀλλὰ
2711 3059 3025 3126 δοκιμάζειν
3053 3059 3150 3127 τὴν
3186 3061 3471 3126 μετάνοιαν
3513 3038 3792 3124 αὑτοῦ,εἱ

572 3139 696 3177 vera
732 3127 822 3186 sit,
857 3137 910 3181 et
944 3144 1009 3181 an
1040 3131 1246 3187 fructus
1279 3136 1514 3202 proferat
1558 3142 1646 3207 qui
1679 3143 1863 3194 salutis
1895 3146 2127 3197 studium

576 3219 964 3286 testiticentur;
1003 3234 1060 3274 ut
1111 3226 1154 3278 si
1190 3229 1254 3279 de
1285 3231 1474 3283 haeresi
1503 3232 1620 3298 ejus
1654 3235 1970 3304 triumphet,
2003 3253 2131 3304 pec-

573 3320 691 3362 eala
724 3327 816 3364 sna
849 3329 969 3367 cum
1015 3318 1269 3387 lacryinis
1295 3331 1346 3374 et
1381 3325 1616 3376 contrito
1672 3330 1832 3381 corde
1872 3330 2131 3383 conﬁtea-

578 3411 683 3466 tur,
724 3407 1090 3478 elei-mosynas
1121 3410 1306 3476 faciat,
1335 3424 1387 3468 et
1415 3416 1516 3468 alia
1562 3417 1828 3485 ejusmodi
1865 3421 2127 3474 salutaria

575 3500 840 3551 ostendat.

1180 3681 1404 3738 CANON
1436 3684 1518 3737 Vl.

575 3762 971 3822 Canonicorum
1004 3771 1387 3828 fornicationes
1422 3792 1519 3844 pro
1543 3778 1887 3832 matrimonio
1916 3796 2016 3833 non
2048 3797 2132 3835 re-

646 3867 915 3924 putentur,
937 3865 1027 3916 sed
1047 3879 1229 3916 eorum
1255 3866 1560 3930 ceiijunctio
1579 3872 1794 3922 omnino
1817 3871 2131 3940 divellatur:

652 3949 751 4001 hoc
783 3953 926 4003 enim
954 3963 1001 4004 et
1037 3953 1286 4008 Ecclesiae
1314 3958 1376 4008 ad
1407 3960 1752 4011 securitatem
1784 3967 1865 4013 est
1901 3961 2052 4020 utile.
2080 3970 2134 4014 et

652 4057 752 4090 non
786 4044 934 4093 dabit
982 4044 1249 4097 haereticis
1302 4047 1562 4102 adversus
1611 4065 1707 4102 nos
1745 4065 1953 4114 ansam,
1991 4053 2130 4119 quod

650 4146 867 4199 propter
927 4136 1182 4202 peccandi
1237 4137 1544 4192 libertatem
1609 4145 1674 4193 ad
1729 4155 1828 4194 nos
1885 4145 2133 4195 attraha-

655 4241 791 4276 "IIIS.

653 4315 842 4369 [HLS.
884 4315 1192 4372 Canonicos
1219 4334 1312 4373 eos
1352 4321 1503 4384 dicit,
1535 4324 1622 4390 qui
1670 4324 1720 4375 in
1753 4339 1959 4378 canone
1993 4340 2130 4377 enu-

2233 3150 2438 3216 ἀληθής
2473 3150 2606 3210 ἐστι,
2636 3148 2728 3199 καὶ
2765 3149 2811 3198 εί
2839 3149 2964 3208 τοὺς
3011 3136 3253 3216 καρποὺς
3298 3149 3411 3217 ἔχει
3448 3148 3792 3215 μαρτυροῦν-

2232 3257 2330 3301 τας
2372 3241 2435 3308 τῇ
2496 3240 2630 3305 πρὸς
2684 3235 2744 3288 τὸ
2789 3236 3024 3304 σωθῆναι
3073 3236 3307 3304 σπουδῇο
3365 3237 3413 3288 τί
3464 3237 3606 3303 γὰρ;
3669 3236 3793 3286 Ὀτι

2233 3329 2552 3398 θριαμσεύει
2592 3324 2752 3380 αὑτοῦ
2785 3329 2881 3394 τὴν
2908 3327 3136 3394 αἵρεσιν,
3171 3327 3267 3387 τὰς
3298 3326 3575 3394 ἁμαρτίας
3619 3326 3792 3377 αὐτοῦ

2236 3420 2372 3489 μετὰ
2402 3418 2650 3487 δακρύων
2683 3419 2776 3470 καὶ
2819 3417 3284 3487 συντετριμμένης
3327 3417 3555 3486 καρδίας
3597 3416 3789 3482 ἐξαγο-

2237 3510 2400 3578 ρεύει,
2436 3508 2804 3576 ἐλεημοσύνας
2836 3511 2997 3571 ποιεῖ,
3046 3507 3138 3559 καὶ
3179 3507 3310 3558 ἄλλα
3346 3507 3569 3559 τοιαῦτα
3607 3524 3791 3576 σωτηο

2239 3600 2398 3668 ριὼδη
2427 3600 2783 3651 ἐνδείκνυται.

2825 3690 3059 3743 ΚΑΝΩΝ
3095 3690 3186 3756 cr.

2234 3783 2354 3835 Τῶν
2386 3783 2683 3834 κανονικῶν
2719 3783 2813 3843 τὰς
2844 3782 3094 3850 πορνείας
3126 3783 3204 3844 εἰς
3231 3781 3407 3850 γάμον
3442 3783 3516 3851 μὴ
3563 3783 3796 3834 καταλοο

2305 3872 2573 3940 γίζεσθαι,
2607 3873 2740 3924 ἀλλὰ
2775 3874 2934 3924 παντὶ
2966 3872 3151 3940 τρόπῳ
3201 3873 3434 3941 διασπᾷν
3469 3873 3648 3925 αὐτῶν
3696 3875 3796 3943 τὴν

2306 3965 2618 4031 συνάφειαν.
2678 3963 2846 4015 Τοῦτο
2869 3963 2972 4034 γὰρ
3019 3964 3113 4015 καὶ
3166 3967 3226 4032 τῇ
3289 3964 3585 4033 Ἐκκλησία
3652 3965 3794 4030 πρὸς

2303 4056 2600 4122 ἀσφάλειαν
2650 4054 2946 4115 λυσιτελὲς,
2981 4055 3072 4105 καὶ
3101 4055 3212 4114 τοῖς
3260 4054 3557 4119 αἱρετικοῖς
3593 4053 3650 4104 οὺ
3686 4054 3793 4104 δώ-

2307 4164 2388 4197 σει
2418 4146 2535 4197 καθ⁹
2568 4147 2722 4214 ἡμῶν
2752 4144 2940 4212 λαϐὴν,
2972 4143 3044 4205 ὡς
3075 4144 3162 4195 διὰ
3196 4145 3293 4212 τὴν
3324 4143 3418 4196 τοῦ
3454 4145 3794 4211 ἁμαρτάνειν

2306 4239 2488 4288 ἄδειαν
2521 4238 2922 4303 ἐπισπωμένων
2955 4235 3087 4304 πρὸς
3123 4235 3364 4296 ἑαυτούς.

2308 4329 2500 4380 ΠΛᾹΣ.
2533 4327 2864 4387 Κανονικοῦς
2903 4327 3023 4387 τοὺς
3073 4327 3130 4377 ἐν
3177 4326 3252 4393 τῷ
3305 4326 3486 4377 κανόνι
3539 4325 3793 4390 ἐξεταζο-

583 4420 882 4471 merantur,
935 4410 1160 4462 clericos
1188 4412 1412 4474 scilicet,
1462 4415 1776 4476 monachos,
1815 4415 2129 4477 monac-has,

2243 4419 2434 4487 μένους
2487 4419 2668 4485 φησιν,
2704 4419 2870 4486 ἤγουν
2916 4416 3227 4485 κληρικοὺς,
3286 4419 3573 4484 μοναχοὺς,
3625 4433 3795 4481 μονα-

577 4511 626 4551 rt
685 4516 802 4564 quae
859 4502 1222 4568 virginitatem
1284 4502 1539 4569 professa:
1578 4515 1725 4557 sunt.
1773 4502 1826 4556 Si
1858 4507 1978 4572 quis
2005 4520 2133 4573 ergo

575 4605 638 4642 ex
683 4590 763 4640 his
793 4589 1089 4644 fomicatus
1140 4591 1320 4655 fuerit,
1361 4609 1466 4646 non
1521 4596 1859 4661 permittitur
1906 4597 1952 4648 ei
1993 4598 2137 4649 dein-

579 4697 703 4748 ceps
739 4697 984 4747 peceare.
1019 4682 1110 4735 Est
1143 4686 1284 4735 enim
1336 4685 1629 4738 verisimile
1661 4689 2006 4750 canonicum,
2040 4688 2132 4754 qui

578 4782 919 4840 peccaverat,
961 4773 1272 4827 sacerdotio
1341 4786 1546 4827 motum
1601 4777 1670 4828 oh
1719 4776 2133 4831 fornicationem

577 4862 800 4924 dixissn,
829 4863 1090 4928 Quoniam
1123 4881 1150 4916 a
1179 4865 1438 4932 dignitate
1460 4868 1659 4928 excidi,
1695 4869 1966 4932 voluptate
1989 4879 2138 4923 certe

581 4953 862 5018 perfruar:
893 4964 946 5007 et
979 4955 1048 5007 sit
1082 4957 1208 5008 mihi
1264 4957 1474 5021 mulier,
1509 4973 1628 5010 cum
1666 4975 1767 5027 qua
1802 4962 2045 5028 peccavi,
2082 4961 2136 5015 in

581 5049 852 5101 consortio
885 5049 1168 5115 coniugali.
1209 5052 1315 5103 Lex
1343 5054 1487 5104 enim
1518 5053 1659 5106 dicit
1715 5054 1767 5107 in
1801 5055 1894 5109 lib.
1940 5070 2134 5116 xxvnt,

584 5143 666 5194 tit.
693 5141 746 5204 ι,
773 5157 887 5208 cap.
923 5142 986 5195 16
1016 5159 1029 5193 :
1065 5143 1164 5206 Qui
1196 5158 1317 5195 eum
1353 5144 1546 5206 libera,
1582 5161 1701 5214 quas
1756 5162 1858 5199 non
1894 5156 2136 5216 quaastus

580 5235 751 5302 gratia
782 5233 908 5286 fat-it
941 5237 1019 5286 sui
1054 5234 1292 5301 corporis
1321 5246 1665 5301 potestatem,
1704 5239 1865 5292 habet
1897 5253 2137 5292 consue-

587 5326 847 5387 tudinem,
885 5326 1051 5392 ipsam
1119 5341 1220 5378 non
1253 5330 1630 5390 concubinam,
1669 5331 1759 5381 sed
1792 5344 2010 5382 uxorein
2046 5329 2140 5380 ha-

586 5415 716 5469 bere
744 5416 972 5468 videtur.
1011 5413 1144 5476 Hoc,
1193 5416 1386 5484 inquit,
1421 5433 1522 5469 non
1557 5429 1635 5470 est
1689 5419 2137 5485 permittendum,

590 5509 684 5560 sed
713 5523 898 5561 eorum
954 5506 1258 5573 coniunctio
1295 5517 1378 5560 est
1431 5510 1646 5561 omnino
1703 5511 2026 5575 separanda,
2086 5517 2144 5561 ct

591 5598 688 5665 ipsi
713 5614 737 5649 a
772 5613 830 5652 se
867 5600 1091 5653 invicem
1139 5598 1469 5666 sejungendi,
1507 5601 1757 5667 quoniam
1792 5602 1931 5666 leget
1960 5604 2007 5653 in
2044 5603 2140 5653 lai-

591 5691 666 5745 cis
692 5690 863 5745 locum
897 5691 1116 5755 habent,
1144 5691 1318 5744 ethoc
1349 5701 1428 5745 cst
1464 5689 1712 5745 Ecclesia:
1743 5693 1894 5746 utile.
1951 5693 2002 5746 Si
2038 5696 2136 5760 ipsi

2241 4510 2452 4578 στρίας,
2487 4509 2579 4558 καὶ
2605 4509 2701 4570 τὰς
2733 4505 3024 4574 παρθενίαν
3047 4506 3542 4573 ἐπαγγειλαμένας.
3572 4505 3632 4556 Εἰ
3659 4505 3795 4570 γοῦν

2237 4620 2318 4663 τις
2353 4604 2411 4651 ἐκ
2442 4600 2649 4650 τούτων
2679 4598 2982 4665 πορνεύσει,
3016 4597 3073 4649 ού
3107 4596 3645 4664 παραχωρηθὴσεται
3701 4599 3796 4648 καὶ

2239 4692 2430 4759 ἐφεξῆς
2467 4692 2822 4759 ἁμαρτάνειν.
2854 4689 3012 4748 Εἰκὸς
3047 4687 3153 4753 γὰρ
3186 4684 3250 4753 ἦν
3297 4687 3388 4736 τὸν
3435 4687 3796 4754 ἡμαρτηκότα

2240 4783 2519 4836 κανονικὸν
2550 4782 2649 4848 τῆς
2687 4779 2989 4849 ἱερωσύνης
3026 4778 3326 4828 ἐκπεσόντα
3357 4776 3444 4827 διὰ
3491 4776 3591 4843 τὴν
3648 4792 3787 4841 πορ-

2239 4877 2382 4926 νείαν
2434 4875 2612 4939 λέγειν
2643 4873 2723 4922 ὅτι
2765 4870 2918 4920 Ἐπεὶ
2970 4868 3071 4936 τῆς
3111 4867 3262 4929 ἀξίας
3298 4867 3644 4926 ἐκπέπτωκα,
3682 4867 3789 4916 κᾶν

2239 4965 2526 5017 ἀπολαύσω
2566 4963 2663 5030 τῆς
2707 4961 2898 5030 ἡδονῆς
2927 4978 2940 4991 ·
2996 4962 3089 5010 καὶ
3140 4958 3278 5010 ἔστω
3305 4976 3394 5025 μοι
3440 4960 3469 5023 ὴ
3503 4958 3637 5023 γυνὴ
3669 4957 3794 5024 μεθ’

2239 5049 2303 5122 ἧς
2336 5054 2581 5121 ἥμαρτον
2616 5052 2694 5111 είς
2730 5049 3035 5116 συμὸίωσιν
3069 5049 3337 5115 γαμικήν.
3375 5048 3496 5098 Ὅτι
3527 5051 3619 5098 καὶ
3647 5047 3673 5096 ὁ
3705 5047 3794 5096 νό-

2243 5163 2340 5213 μος
2372 5144 2532 5212 φησὶν
2573 5144 2629 5193 ἐν
2663 5141 2825 5209 βίόλῳ
2863 5146 2968 5208 κη’,
2999 5140 3156 5207 τίτλῳ
3179 5139 3238 5202 δ’,
3269 5137 3544 5205 κεφαλαίῳ
3587 5135 3683 5200 ig"
3732 5137 3789 5187 '0

2242 5238 2374 5304 πρὸς
2402 5237 2500 5303 τὴν
2535 5235 2834 5302 ἐλευθέραν
2869 5234 2942 5302 μὴ
2973 5230 3347 5301 ποιησαμένην
3379 5231 3542 5298 πόρον
3587 5231 3651 5280 ἐκ
3696 5227 3790 5279 τοῦ

2245 5333 2372 5384 ίδίου
2417 5332 2665 5398 σώματος
2701 5329 2838 5397 ἔχων
2889 5326 3196 5394 συνήθειαν,
3233 5325 3291 5375 οὑ
3320 5324 3626 5388 παλλακὴν,
3663 5321 3798 5372 ἀλλὰ

2243 5420 2490 5489 γαμετὴν
2535 5419 2701 5486 αὐτὴν
2757 5418 2900 5485 ἔχειν
2947 5417 3111 5468 δοκεῖ.
3146 5415 3313 5466 Τοῦτο
3363 5413 3474 5469 οῦν,
3508 5412 3661 5478 φησὶ,
3697 5427 3802 5460 πα-

2245 5513 2608 5583 ραχωρεῐσθαι
2664 5511 2723 5561 οὐ
2786 5510 2912 5577 χρὴ,
2949 5506 3059 5558 ἀλλ’
3097 5509 3159 5556 ἐκ
3207 5502 3406 5563 παντὸς
3466 5499 3800 5552 διασπᾶσθαι

2242 5604 2337 5671 τὴν
2372 5603 2665 5668 συνάφειαν
2693 5600 2893 5662 αὐτῶν,
2925 5600 3012 5648 καὶ
3043 5592 3374 5664 χωρίζεσθαι
3401 5591 3492 5641 ἀπ’
3525 5588 3795 5655 ἀλλήλων·

2247 5695 2325 5746 ὅτι
2358 5711 2413 5745 τε
2440 5691 2506 5743 τὰ
2532 5689 2622 5742 τοῦ
2653 5694 2814 5754 νόμον
2871 5689 2945 5749 εἰς
2978 5687 3194 5746 λαῖκοὺς
3240 5683 3419 5752 χώραν
3477 5680 3680 5747 ἔχουσι,
3709 5677 3802 5727 καὶ
