3998 6326
223 237 350 301 605

1212 251 1291 309 ΙΝ
1336 254 1573 317 EI-‘iiT.
1607 261 1665 318 S.
1700 261 1983 325 BASILII
2019 268 2450 333 CANONICAM
2490 276 2536 337 Ῑ.

3384 276 3490 342 606

229 359 313 406 ’τι
348 358 428 425 τῇ
464 356 763 429 Ἐκκλησία
796 361 1070 426 λυσιτελές
1098 368 1265 421 ἐστιν.
1303 371 1363 422 Ei
1395 371 1504 441 γὰρ
1528 374 1682 426 αὐτοὶ
1717 380 1802 447 τῆς

1917 379 2060 433 enim
2098 396 2124 433 a
2155 382 2378 438 libidine
2408 384 2623 439 alienati
2653 385 2866 449 fuerint.
2925 401 3024 442 nec
3081 386 3171 444 alii
3216 390 3487 447 audebunt

218 444 551 515 ἐπιθυμίας
603 449 1034 519 ἀποξενωθῶσιν,
1072 456 1192 510 οὐδὲ
1250 458 1423 528 ἕτεροι
1482 444 1817 533 τολμήσουσι

214 534 495 589 τοιοῦτόν
546 555 621 603 τι,
667 541 743 602 ὡς
799 542 874 611 μὴ
927 548 1421 618 παραχωρούμενοι
1480 553 1817 624 ἁμαρτάνειν

222 626 394 695 μετὰ
452 630 550 696 τὴν
604 631 887 702 ἀναίρεσιν
955 639 1055 705 τῆς
1121 639 1577 713 ὲκκλησιαστικῆς
1626 648 1815 716 τιμῆς.

235 716 425 808 Ἀλλὰ
477 721 572 773 καὶ
614 723 725 784 τοῖς
771 724 1068 793 αἱρετικοῖς
1130 730 1189 781 οὐ
1244 731 1533 799 δοθήσεται
1593 737 1817 808 ἀφορμὴ

228 807 369 860 καθ’
406 811 566 877 ἡμῶν
596 814 678 874 είς
728 814 788 866 τὸ
829 814 1007 876 λέγειν
1060 820 1145 873 ὃτι
1186 822 1271 875 διὰ
1320 823 1480 876 τοῦτο
1539 829 1675 893 μετὰ
1720 807 1818 896 τὴν

228 900 512 968 πορνείαν
561 907 1013 978 παραχωροῦνται
1067 912 1117 963 οί
1169 917 1523 982 πορνεύοντες
1569 919 1818 985 ἁμαρτά-

228 1006 379 1051 νειν,
415 990 500 1043 ἵνα
534 994 626 1044 καὶ
654 995 703 1045 οἱ
736 994 793 1058 ἐξ
821 998 1022 1064 ἑτέρων
1047 1000 1353 1070 θρησκειῶν
1376 1004 1462 1057 διὰ
1492 1005 1590 1075 τὴν
1618 1007 1813 1077 ἡδονὴν

230 1081 337 1133 τοῦ
372 1082 627 1152 σώματος
664 1087 1005 1142 ἐπισπῶνται
1040 1094 1135 1143 καὶ
1164 1094 1536 1163 ὲπισύρωνται
1573 1099 1706 1165 πρὸς
1748 1099 1817 1150 τὰ

230 1174 522 1244 ἡμέτερα.
568 1177 675 1229 Καὶ
718 1177 881 1230 τοῦτο
929 1180 1027 1248 μὲν
1059 1182 1409 1249 θεματίςεται
1463 1187 1643 1249 καλῶς
1687 1189 1810 1241 ὅσον

231 1268 324 1330 είς
354 1268 485 1329 τοὺς
517 1268 829 1337 κληρικούς.
867 1271 959 1330 El;
1003 1273 1059 1324 δὲ
1089 1276 1186 1336 τὰς
1226 1278 1557 1346 μοναστρίοις
1589 1281 1682 1331 καὶ
1716 1281 1814 1340 τὰς

236 1359 577 1425 παρθένους,
610 1362 701 1414 καὶ
729 1364 856 1423 τοὺς
896 1365 1162 1432 μοναχοὺς
1195 1367 1320 1429 τοὺς
1354 1370 1427 1434 μὴ
1463 1370 1813 1437 ἱερωμένους,

233 1453 371 1504 ἐπεὶ
419 1452 708 1519 ἀφαίρεσις
741 1453 905 1522 τιμῆς
953 1454 1052 1506 οὐκ
1092 1457 1376 1522 ιπάγεται.
1416 1460 1617 1526 μᾶλλον
1668 1462 1814 1513 εἴποι

234 1561 331 1607 τις
367 1544 821 1609 δικαιολογεῖσθαι
853 1545 1096 1607 τούτους,
1131 1548 1197 1599 τὰ
1224 1547 1313 1599 τοῦ
1341 1551 1817 1617 καταστρωθέντος

236 1637 461 1689 ἄνωθεν
495 1639 661 1706 νόμου
719 1638 813 1691 καὶ
855 1639 932 1700 είς
984 1640 1257 1707 ἐκτροπὴν
1305 1642 1400 1693 τοῦ
1444 1641 1603 1707 λόγου
1634 1643 1816 1694 αὐτῶν

231 1724 532 1795 ὁρισθῆναί
563 1728 630 1779 τὰ
656 1726 750 1780 τοῦ
785 1729 1043 1796 παρόντος
1095 1731 1341 1792 κανόνος.
1392 1733 1524 1801 Περὶ
1568 1731 1626 1783 δὲ
1678 1749 1813 1801 πορ-

232 1820 397 1880 νείας
450 1819 700 1888 μοναχῶν
747 1820 841 1872 καὶ
890 1820 1176 1888 παρθένων
1237 1822 1673 1890 ἁνατεθειμὲνων
1733 1822 1810 1892 τῷ

231 1911 365 1978 θεῷ
394 1911 666 1976 ἀνάγνωθι
697 1911 913 1964 συνόδου
949 1912 1115 1980 ἕκτης
1161 1910 1363 1963 κανόνα
1394 1911 1675 1976 τέταρτον,
1711 1912 1808 1964 τοῦ

234 2002 405 2070 ἁγίου
462 2002 743 2056 Βασιλείου
791 2005 991 2057 κανόνα
1044 2001 1133 2072 ιη’,
1175 2002 1244 2067 κ’,
1287 2003 1349 2069 ξ’,
1384 2004 1476 2056 καὶ
1533 2001 1738 2071 βιϐλίου
1770 2001 1811 2055 δ’

231 2094 351 2146 τῶν
374 2096 679 2148 Βασιλικῶν
708 2095 886 2149 τίτλον
921 2097 992 2158 α’,
1020 2112 1147 2164 κεφ.
1181 2093 1241 2162 ε’,
1279 2095 1417 2166 ὅπερ
1450 2094 1806 2165 κατεστρώθη

1922 472 2028 525 tale
2066 473 2190 541 quid
2224 476 2422 539 facere,
2451 488 2507 529 ut
2530 476 2727 545 quibus
2759 494 2863 531 non
2899 479 2970 532 sit
3004 493 3231 547 peccare
3259 482 3488 548 permis-

1920 577 2038 616 sum
2096 574 2214 631 post
2271 567 2654 620 ecclesiasticae
2717 568 2995 635 dignitatis
3051 569 3480 637 ademptionem.

1922 651 2027 704 Sed
2094 654 2361 707 Ιιιειηιιῐοὶε
2414 670 2628 724 (Ιιιυῳιο
2662 672 2765 707 non
2810 657 3028 710 dabitur
3087 657 3348 712 adversus
3380 674 3480 714 nos

1920 758 2069 803 ausa,
2104 752 2161 796 ut
2189 745 2394 807 dicant,
2420 747 2559 814 quod
2595 755 2874 814 propterea
2916 756 3039 813 post
3071 746 3482 803 fornicationem

1917 834 2247 901 permittitur
2301 835 2721 889 fornicatoribns
2791 852 3053 904 peccare,
3132 847 3189 889 ut
3236 839 3302 891 ab
3365 837 3482 893 aliis

1921 926 2087 975 set-tis
2118 937 2336 990 propter
2362 927 2607 994 corporis
2632 927 2961 992 voluptatem
2999 927 3063 978 ad
3099 938 3284 980 nostra
3317 938 3484 981 attra-

1919 1014 2121 1067 bantur
2151 1025 2203 1067 et
2236 1016 2569 1069 alliriantur.
2607 1018 2669 1069 Et
2698 1020 2806 1070 ih'l‘c
2840 1020 3055 1084 quidem
3087 1018 3212 1071 facti
3264 1020 3478 1085 species

1920 1117 2067 1158 recte
2124 1109 2363 1173 ponitur,
2398 1108 2539 1174 quod
2587 1110 2651 1159 ad
2697 1108 2931 1162 clericos
2971 1111 3183 1162 attinet.
3224 1109 3375 1175 Quod
3411 1112 3478 1163 ad

1921 1199 2218 1250 ltlttnztt‘ilas
2248 1209 2447 1259 autem,
2479 1207 2533 1251 et
2577 1199 2832 1261 virgines.
2862 1211 2916 1251 et
2967 1200 3260 1254 monachos.
3308 1202 3484 1255 sacris

1920 1287 2201 1338 ordinibus
2248 1304 2351 1340 non
2382 1289 2633 1345 initiatos
2660 1291 2874 1350 attinet,
2904 1290 3160 1356 quoniam
3194 1292 3273 1344 eis
3311 1290 3483 1342 bonu-

1918 1377 1993 1428 ris
2026 1376 2227 1428 ablatio
2274 1391 2379 1429 non
2433 1377 2729 1437 inducitur,
2761 1387 2816 1429 et
2852 1393 2944 1429 eos
2985 1378 3182 1431 let’l‘il
3210 1380 3480 1444 quiSpiam

1919 1464 2093 1529 lugent
2126 1467 2374 1532 superius
2418 1468 2650 1533 positam
2710 1468 2878 1532 magis
2905 1482 3062 1534 posse
3099 1483 3194 1534 pro
3225 1484 3282 1521 se
3313 1470 3485 1522 addit-

1918 1570 2063 1615 cere.
2098 1566 2152 1609 et
2180 1556 2243 1607 ad
2276 1559 2620 1609 evertendam
2657 1572 2842 1609 eorum
2876 1558 3140 1610 rationem
3164 1568 3481 1621 praesentem

1918 1662 2186 1701 canouem
2224 1648 2509 1703 constitui.
2574 1648 2647 1701 De
2684 1649 3072 1701 monachorum
3100 1662 3277 1701 autent
3313 1650 3482 1704 forni-

1920 1737 2154 1796 catione,
2186 1746 2241 1786 et
2274 1736 2541 1804 virginum
2578 1734 2684 1786 Deo
2746 1737 3139 1797 dedicatarum,
3197 1736 3311 1805 lege
3358 1752 3479 1805 syu.

1910 1834 2079 1879 sextae
2114 1838 2235 1876 can.
2261 1823 2317 1888 4,
2361 1824 2532 1877 sancti
2570 1823 2747 1876 Basilii
2774 1838 2896 1877 can.
2947 1824 3037 1887 18,
3068 1823 3160 1885 20.
3190 1825 3259 1878 60
3276 1833 3329 1877 et
3356 1825 3393 1879 l.
3429 1842 3480 1879 tv

1912 1915 2129 1969 Basilic.
2154 1916 2239 1968 tit.
2275 1930 2357 1983 pr.
2388 1929 2510 1982 cap.
2548 1914 2597 1975 5,
2633 1918 2773 1979 quod
2800 1915 3031 1980 positum
3073 1916 3233 1969 estin
3259 1930 3379 1983 cap.
3411 1916 3480 1970 33

1916 2007 2040 2059 noni
2077 2005 2160 2057 tit.
2194 2005 2475 2075 praesentis
2506 2005 2709 2072 aperis.
2743 2003 2883 2073 Lege
2930 2013 2985 2059 et
3017 2018 3137 2073 cap.
3194 2005 3261 2059 78
3294 2006 3375 2060 tit.
3412 2005 3482 2061 57

1911 2096 2008 2151 lib.
2055 2112 2143 2150 ις.

232 2191 320 2252 είς
374 2187 418 2241 λ’
472 2190 766 2259 κεφάλαιον
793 2190 889 2243 τοῦ
937 2190 981 2244 θ’
1008 2190 1185 2244 τίτλου
1232 2190 1325 2242 τοῦ
1362 2190 1628 2259 παρόντος
1672 2190 2089 2260 συντάγματος⁶
2124 2190 2397 2259 ἀνάγνωθι
2446 2190 2543 2245 καὶ
2590 2207 2714 2261 κεφ.
2764 2197 2843 2262 οη¹
2885 2190 2977 2244 τοῦ
3050 2190 3128 2255 λζ’
3187 2190 3367 2243 τίτλου
3438 2191 3480 2256 ξι

237 2280 475 2352 βιϐλίου.

314 2377 558 2430 ΖΩΝΑΡ.
589 2377 922 2438 Κανονικοὺς
951 2374 1074 2438 τοὺς
1115 2386 1175 2429 ἓν
1200 2376 1278 2447 τῷ
1324 2378 1507 2431 κανόνι
1554 2378 1807 2444 ἐξεταζο-

244 2467 444 2536 μένους
475 2466 658 2533 φησὶν,
689 2466 854 2536 ἤγουν
896 2465 1214 2536 κληρικοὺς,
1244 2468 1337 2519 καὶ
1376 2470 1671 2537 μοναχοὺς,
1711 2470 1806 2522 καὶ

242 2558 598 2625 μοναστρέας,
654 2560 745 2610 καὶ
818 2557 916 2621 τὰς
971 2558 1273 2625 παρθενίαν
1327 2561 1806 2627 ὲπαγγειλαμένας

242 2652 431 2718 κόρας.
472 2648 611 2703 κατὰ
645 2649 734 2701 τὸν
767 2647 822 2714 ς’
861 2650 956 2701 καὶ
989 2648 1069 2719 μδ¹
1106 2650 1305 2703 κανόνα
1355 2652 1456 2719 τῆς
1487 2654 1544 2704 ὲν
1577 2653 1804 2723 Καρθα-

237 2743 373 2814 γένῃ
422 2741 658 2795 συνόδου.
696 2742 773 2793 Ei‘
800 2740 932 2808 γοῦν
972 2742 1211 2804 τοιοῦτός
1244 2758 1329 2803 τις
1358 2744 1668 2812 πορνεύσει,
1702 2745 1802 2797 οὐκ

239 2834 530 2902 δεθήσεται
571 2832 1002 2902 συμφθείρεσθαι
1052 2835 1116 2903 τῇ
1160 2832 1280 2903 μεθ’
1328 2829 1396 2905 ἧς
1426 2835 1693 2903 ἥμαρτεν,
1728 2835 1805 2896 ὡς

238 2926 382 2992 τᾶκα
411 2925 589 2991 γάμου
632 2924 727 2992 τῆς
754 2924 991 2992 ἀθέσμου
1026 2924 1224 2989 μίξεως
1248 2924 1619 2998 λογισθείσης.
1641 2926 1799 2988 Εἰκὸς

1989 2365 2241 2422 ZONAR.
2265 2367 2565 2422 Canonicos
2592 2380 2705 2429 eos,
2752 2366 2839 2434 qui
2868 2366 2920 2419 in
2953 2379 3159 2419 canone
3190 2380 3481 2420 recensen-

1934 2470 2044 2525 tttr,
2076 2462 2338 2520 nominat,
2363 2460 2591 2513 clericos
2619 2459 2895 2521 nimirum,
2940 2455 3235 2509 monachos
3265 2465 3320 2510 et
3366 2471 3463 2509 nio-

1914 2553 2144 2617 nacbas,
2172 2560 2227 2604 et
2256 2552 2621 2618 virginitatem
2680 2547 2951 2615 professas
3005 2546 3231 2614 puellas,
3264 2555 3322 2598 ιιι
3377 2548 3473 2599 ba-

1914 2645 2074 2699 betur
2125 2651 2279 2697 sexto
2309 2650 2359 2695 et
2388 2638 2799 2708 quadragesimo
2830 2650 3020 2706 quarto
3043 2652 3250 2691 canone
3283 2636 3471 2705 synodi

1913 2731 2381 2801 tlartbaginensis.
2415 2728 2615 2797 Siquis
2665 2730 2825 2796 igitur
2856 2725 3121 2794 ejusmodi
3174 2724 3474 2778 fornicatus

1915 2824 2100 2884 fuerit,
2127 2824 2266 2876 haud
2298 2820 2640 2890 pet-mittetur
2673 2834 2793 2872 cum
2823 2834 2882 2870 ea
2926 2832 3046 2869 cum
3080 2832 3180 2882 qua
3208 2817 3473 2882 peccavit,

1914 2914 2208 2981 corrumpi,
2245 2912 2399 2980 quasi
2434 2912 2572 2963 forte
2610 2909 2797 2960 illit-ita
2832 2908 3139 2960 commistio
3166 2905 3471 2973 nuptiarum

241 3017 352 3083 γὰρ
381 3019 471 3067 τὸν
502 3014 759 3084 κληρικδν
784 3014 884 3083 τῆς
929 3015 1228 3085 ἱερωσύνης
1273 3016 1361 3069 διὰ
1391 3018 1490 3085 τὴν
1524 2997 1799 3086 ἁμαρτίαν

1915 3009 2089 3061 instar
2118 3006 2483 3058 existimetur.
2525 3000 2808 3053 Probabile
2841 2997 2949 3067 58
2981 3011 3211 3065 namque
3243 3006 3322 3049 cst
3360 2998 3472 3049 cle-

242 3109 542 3160 ἐκπεσόντα
576 3109 749 3159 εἰπεῖν
779 3108 860 3159 ὅτι
891 3107 1045 3158 Ἐπεὶ
1072 3109 1170 3176 τῆς
1200 3107 1355 3173 ἀξίας
1380 3109 1479 3177 ἤδη
1509 3109 1800 3161 ἐκπέπτω-

242 3213 332 3259 κα,
366 3195 462 3247 κᾶν
527 3195 822 3247 ἀπολαύσω
870 3194 971 3257 τῆς
1021 3196 1249 3265 ἡδονῆς·
1285 3198 1378 3249 καὶ
1439 3196 1581 3249 ἔστω
1639 3214 1727 3266 μοι
1761 3198 1794 3264 ή

240 3288 375 3353 γυνὴ
410 3285 525 3352 μεθ’
557 3280 624 3358 ἧς
653 3287 897 3355 ἥμαρτον
922 3289 1001 3349 είς
1028 3287 1333 3356 συμϐίωσιν
1361 3290 1633 3359 γαμικὴν.
1662 3289 1798 3340 Τοῦο

240 3393 303 3429 το
329 3374 441 3440 οὖν,
475 3378 630 3445 φησὶ,
659 3378 1109 3447 παραχωρεῖσθαι
1137 3379 1197 3430 οὗ
1230 3379 1361 3449 χρὴ,
1402 3379 1517 3431 ἀλλ’
1548 3382 1612 3433 ἐκ
1668 3395 1805 3431 παν-

240 3469 328 3530 τὸς
376 3469 705 3522 διασπᾶσθαι
753 3470 851 3539 τὴν
901 3472 1197 3539 συνάφειαν
1240 3469 1442 3528 αὐτῶν.
1480 3472 1576 3523 καὶ
1632 3470 1799 3540 χωρί-

242 3557 425 3621 ζεσθαι
452 3559 546 3611 ἀπ’
577 3558 822 3627 ἀλλήλων
859 3560 988 3621 τοὺς
1036 3561 1334 3621 τοιούτους.
1369 3560 1539 3613 Τοῦτο
1567 3562 1676 3631 γὰρ
1706 3562 1799 3614 καὶ

240 3652 303 3717 τῇ
344 3649 641 3719 Ἐκκλησία
686 3649 984 3711 λυσιτελὲς,
1025 3649 1489 3717 ἀποκοπτομένων
1538 3653 1633 3704 καὶ
1689 3654 1799 3705 τῶν

240 3739 437 3791 λοιπῶν
487 3740 561 3808 μὴ
625 3739 847 3793 τοιαίτα
898 3740 1124 3810 τολμᾷν.
1182 3740 1499 3808 Λογίζονται
1557 3744 1666 3812 γὰρ
1717 3744 1799 3796 ὅτι

242 3830 400 3882 Οᾶδὲν
436 3830 589 3884 ἔσται
629 3833 760 3901 ἡμῖν
792 3830 1005 3897 ὄφελος,
1033 3832 1137 3885 κᾶν
1166 3833 1525 3901 ἀμάρτωμεν,
1568 3852 1646 3904 μη
1696 3851 1798 3887 πα-

246 3924 696 3993 ραχωρουμένοις,
743 3920 844 3974 κᾶν
891 3925 989 3986 τῆς
1040 3923 1208 3998 τιμῆς
1259 3924 1612 3990 ἐκπέσωμεν,
1654 3942 1794 3993 συμ-

242 4012 385 4064 ϐιοῦν
413 4015 471 4081 τῇ
506 4015 725 4080 γυναικὶ
826 4014 1243 4083 συνεφθάρημεν
1268 4029 1284 4045 ⁶
1321 4015 1413 4067 καὶ
1440 4016 1489 4067 οἱ
1522 4017 1791 4085 αίρετικοὶ

240 4103 332 4173 οὐχ
354 4102 532 4167 ἕξουσι
586 4103 752 4172 λαϐὴν
793 4103 914 4156 καθ’
952 4105 1109 4175 ἡμῶν
1158 4105 1340 4173 λέγειν
1369 4110 1453 4160 ὅτι
1489 4108 1589 4161 Διὰ
1636 4109 1794 4162 τοῦτο

241 4191 621 4261 παραχωροῦσι
654 4195 764 4253 τοῖς
794 4194 1171 4264 ἁμαρτάνουσι
1208 4197 1376 4266 συζῇν
1420 4201 1542 4259 ταῖς
1576 4198 1793 4265 γυναιξὶ

245 4283 352 4352 μεθ’
383 4279 455 4336 ὧν
477 4284 749 4354 ἥμαρτον,
782 4287 875 4337 καὶ
920 4285 994 4346 ὡς
1036 4291 1301 4353 γαμεταῖς
1360 4289 1664 4357 κεχρῆσθαι
1697 4292 1792 4343 αὐ-

1910 3099 2108 3161 ricum,
2155 3097 2246 3166 qui
2300 3094 2437 3149 sacri
2515 3092 2721 3146 ordinis
2778 3092 3039 3157 dignitate
3071 3088 3140 3141 ob
3180 3088 3471 3141 admissam

1907 3189 2122 3256 culpam
2177 3186 2476 3245 exciderat,
2534 3178 2761 3246 dixisse,
2815 3181 3260 3247 Quandoquidem
3315 3194 3472 3234 sacro

1906 3285 2099 3337 ordine
2128 3294 2305 3334 motus
2363 3296 2503 3343 sunt,
2538 3276 2689 3331 fruar
2731 3276 2922 3330 saltent
2980 3274 3270 3339 voluptate,
3300 3282 3353 3325 et
3399 3276 3472 3327 sit

1907 3375 2038 3428 milii
2102 3373 2301 3426 mulier
2350 3371 2482 3431 haec,
2531 3384 2654 3423 cum
2712 3381 2812 3433 qua
2843 3365 3083 3433 peccavi,
3137 3364 3467 3415 matrimonii

1905 3467 2163 3521 societate
2220 3462 2523 3529 conjuncta.
2588 3458 2697 3512 lloc
2730 3474 2881 3527 ergo,
2935 3456 3472 3523 inquit,pertnittere

1908 3556 2050 3607 baud
2075 3562 2307 3621 oportet,
2335 3552 2426 3604 sed
2464 3550 2675 3601 illorum
2723 3547 3033 3600 societatem
3075 3544 3288 3608 penitus
3324 3544 3455 3596 diri-

1906 3661 2071 3709 tnere,
2122 3655 2285 3711 atque
2326 3643 2393 3693 ab
2438 3641 2664 3693 invicem
2692 3636 2951 3703 ejusmodi
2998 3650 3305 3705 segregare.
3343 3634 3451 3689 Hoc

1905 3739 2172 3805 siquidem
2202 3749 2253 3789 et
2280 3733 2532 3786 Ecclesiae
2571 3732 2697 3783 utile
2744 3731 2922 3795 fuerit,
2950 3732 3071 3782 dum
3101 3729 3189 3781 alii
3221 3741 3453 3796 quoque,

1903 3843 1971 3882 ne
2019 3825 2282 3894 ejusmodi
2344 3824 2597 3884 audeant,
2670 3823 3052 3887 reprimentur.
3108 3819 3181 3872 Ita
3237 3833 3469 3883 namque

1902 3917 2231 3982 cogitabant,
2257 3912 2396 3965 Niliil
2424 3912 2577 3965 nobis
2601 3910 2868 3979 prodi-rit,
2907 3911 3119 3962 etiamsi
3162 3922 3466 3976 peccemus,

1902 4011 2166 4080 siquidem
2204 4024 2330 4062 cunt
2375 4022 2436 4059 ea
2490 4006 2741 4068 muliere,
2798 4021 2919 4059 cuin
2969 4020 3070 4073 qua
3106 4005 3346 4072 corrupti
3373 4020 3467 4057 su~

1903 4118 2042 4163 mus,
2069 4101 2315 4166 quamvis
2369 4098 2573 4151 honore
2622 4096 3004 4155 ρχιίιιυτὶιιηις,
3039 4104 3251 4148 tetatetn
3306 4110 3465 4163 agere

1902 4195 2045 4248 haud
2075 4194 2233 4244 liceat
2267 4207 2293 4244 :.
2315 4205 2415 4243 nec
2460 4188 2738 4241 habebunt
2788 4186 3023 4239 bmretiei
3054 4203 3241 4239 ansam
3278 4197 3461 4239 contra

1902 4301 2000 4338 nos
2055 4282 2289 4343 dicendi,
2344 4294 2441 4333 nos
2472 4294 2531 4331 ea
2565 4280 2629 4331 de
2680 4292 2851 4331 causa
2882 4277 3322 4345 delinquentibus
3347 4292 3460 4345 per-

240 4375 349 4434 ταίς
374 4373 606 4426 διδόασιν
634 4373 822 4425 ἄδειαν
852 4374 1037 4437 αὐτοῖς
1065 4392 1080 4407 ο
1111 4375 1196 4427 ἵνα
1224 4376 1395 4440 οὕτως
1442 4379 1791 4434 ὲπισπῶνταί

1910 4370 2130 4429 uiuere,
2159 4378 2217 4420 ut
2247 4383 2366 4421 cunt
2413 4369 2477 4419 iis
2505 4367 2824 4419 mulieribus
2895 4365 3100 4427 vivant,
3140 4365 3459 4432 quibuscum

241 4479 378 4524 τινας
400 4463 508 4514 τῶν
537 4462 595 4528 ἐξ
616 4463 813 4533 ἑτέρας
842 4463 1167 4533 θρησκείας,
1202 4466 1371 4536 ἤγουν
1418 4468 1789 4539 ὑποσύρωσιν,

241 4553 581 4622 ὲφέλκωνται,
612 4554 689 4617 ὡς
735 4555 932 4618 ἐῶντες
983 4557 1247 4624 ἐμμένειν
1301 4562 1364 4626 τῇ
1400 4559 1665 4631 ἁμαρτίᾳ,
1698 4564 1791 4614 καὶ

245 4645 313 4716 μὴ
341 4644 553 4708 λύοντες
585 4646 713 4708 τοὺς
744 4643 1019 4714 ἀθέσμους
1048 4646 1285 4715 γάμους,
1320 4640 1395 4700 ὧν
1430 4654 1789 4719 προηγήσατο

242 4738 467 4808 πορνεία.

306 5003 517 5059 ΑΡΙΣΤ.
583 5003 651 5056 Ἠ
700 4999 981 5072 κανονικὴ,
1038 4998 1093 5053 εἴ
1143 5016 1246 5053 που
1308 5001 1404 5053 καὶ
1463 5000 1785 5069 ζεύγνυται,

241 5094 622 5162 διαζεύγνυται.

316 5187 371 5239 Ἦ
399 5183 695 5255 παρθενίαν
724 5182 1111 5254 ὁμολογήσασα
1153 5182 1248 5235 καὶ
1280 5182 1674 5252 ἀποταξαμένη
1708 5183 1785 5250 τῷ

242 5278 404 5347 γάμῳ,
432 5277 526 5329 καὶ
572 5274 663 5326 τὸν
714 5275 771 5327 ἐν
814 5272 1073 5342 ἁγιασμῷ
1110 5274 1503 5342 προτιμήσασα
1562 5274 1696 5344 βίον,
1735 5275 1784 5325 εἰ

243 5370 327 5429 τὰς
344 5366 624 5435 ὁμολογίας
651 5363 821 5435 αὐτῆς
863 5365 1181 5432 ἀθετήσασα
1213 5366 1425 5428 ἡδοναῖς
1458 5365 1782 5428 ἀκολάστοις

242 5459 414 5523 ἑαυτὴν
441 5456 599 5525 ἐκδῷ,
622 5456 718 5508 καὶ
740 5456 890 5525 νόμω
918 5455 1077 5524 δῆθεν
1103 5457 1283 5524 γάμου
1315 5457 1468 5525 ἀνδρὶ
1507 5457 1780 5526 συναφθῇ,

242 5550 296 5600 οὔ
331 5550 493 5616 γάμος
521 5546 678 5599 τοῦτο
722 5547 1067 5618 κριθήσεται,
1097 5546 1230 5599 ἀλλὰ
1277 5545 1504 5613 πορνεία
1527 5561 1542 5576 ο
1579 5547 1609 5615 ἢ
1648 5549 1783 5616 μᾶλ-

244 5642 337 5693 λον.
378 5639 515 5692 κατὰ
557 5638 648 5691 τὸν
685 5637 1152 5691 ὀκτωκαιδέκατον
1229 5639 1430 5690 κανόνα
1478 5638 1667 5690 τούτου
1722 5639 1777 5691 δὲ

1898 4469 2293 4529 peccaverunt,
2319 4471 2522 4525 easque
2573 4472 2799 4509 tuorum
2863 4455 2984 4508 loco
3010 4458 3271 4508 retinendi
3301 4457 3463 4510 facul-

1901 4563 2063 4605 tati-tn
2108 4550 2241 4618 ipsis
2292 4549 2445 4607 dare.
2477 4558 2530 4600 ut
2560 4549 2659 4599 bac
2690 4551 2898 4600 ratione
2925 4547 3130 4612 aliquos
3158 4562 3220 4599 ex
3256 4547 3344 4609 iis,
3371 4548 3461 4615 qui

1896 4643 2122 4696 diversm
2162 4639 2409 4706 religioni
2453 4637 2651 4690 addicti
2708 4646 2855 4695 sunt,
2885 4638 3184 4699 attraliant,
3223 4637 3324 4689 boc
3355 4647 3461 4701 est,

1894 4734 2214 4791 subducant,
2242 4729 2480 4781 alliciant
2507 4744 2521 4792 ;
2569 4728 2766 4795 quippe
2798 4728 2903 4779 illis
2931 4728 2981 4778 in
3014 4737 3238 4794 peccato
3265 4728 3463 4794 degere

1895 4823 2297 4889 permittentes,
2324 4835 2418 4871 nec
2453 4817 2759 4886 illegitiinas
2793 4818 3029 4885 nuptias,
3060 4831 3197 4883 quas
3220 4816 3461 4873 fornica.

1897 4914 1971 4966 tio
1996 4912 2292 4980 praecessit,
2332 4908 2625 4962 solventes.

1962 5002 2192 5057 ARIST.
2240 5000 2541 5064 Canonica,
2585 4998 2630 5052 si
2667 4996 3011 5053 matrimonio
3043 4997 3230 5067 juncta
3273 4996 3459 5062 fuerit,

1895 5096 2250 5163 disjttngitur.

1961 5187 2090 5252 Quae
2133 5184 2498 5255 virginitatem
2562 5180 2803 5251 professa
2845 5189 2925 5234 est
2951 5220 2966 5244 ,
3018 5189 3067 5234 et
3110 5177 3463 5232 matrimonio

1890 5278 2249 5339 renuntiavit,
2280 5287 2331 5328 et
2356 5276 2521 5327 vitam
2552 5275 2603 5326 in
2627 5274 2985 5327 sanctimonia
3012 5268 3453 5338 actamprmtuiit,

1890 5370 1932 5420 si
1978 5366 2337 5434 professiones
2362 5377 2489 5417 suas
2534 5362 2899 5427 vilipendens,
2943 5360 3246 5414 libidinosis
3273 5374 3330 5412 se
3359 5360 3421 5411 de

1889 5456 2031 5509 derit
2077 5455 2456 5522 voluptatibus,
2520 5461 2574 5508 et
2631 5452 2966 5506 matrimonii
3026 5452 3279 5504 nimirum
3334 5449 3452 5519 lege

1887 5548 2005 5601 viro
2029 5548 2313 5616 conjuncta
2356 5545 2535 5608 fuerit,
2577 5545 2722 5598 istud
2774 5545 3178 5596 matrimonium
3213 5557 3317 5595 non
3354 5541 3445 5609 ju—

1888 5638 2174 5699 dicabitur.
2229 5639 2321 5692 sed
2368 5635 2653 5691 furnicatio
2707 5654 2721 5689 :
2774 5646 2862 5689 aut
2930 5634 3105 5691 notius
3151 5633 3444 5690 secundum
