3998 6326
552 402 655 463 611

1800 387 2078 450 TIIEOD.
2122 382 2520 445 BALSAMON

3676 367 3786 429 6I2

545 518 984 575 animadvertens
1032 514 1301 584 quomodo
1347 510 1436 566 hic
1471 508 1654 563 verbis
1707 505 1835 566 illis.
1897 503 2112 557 Satanae

2240 498 2409 565 Ῑατὴρ
2474 492 2839 564 προσσχόντα.
2898 490 3044 551 ὅπως
3092 486 3359 556 ἐχρήσατο
3423 481 3658 535 ἐνταῦθα
3690 481 3793 549 τῷ,

551 611 781 663 traditus
831 616 936 670 eat,
985 620 1114 659 usus
1151 603 1313 657 fuerit
1347 618 1362 655 :
1398 596 1825 667 segregationem
1882 608 1944 647 ac
1981 591 2115 643 rele-

551 703 821 771 gatiuncm
867 713 896 751 a
928 707 1069 751 cmtu
1105 696 1336 747 lidelium
1374 692 1586 746 Satanae
1642 686 1982 742 traditionem
2021 698 2116 735 no-

557 797 793 848 minans.
851 790 951 856 Qui
1014 792 1157 840 enim
1210 805 1235 838 a
1292 785 1522 839 fidelium
1553 781 1828 835 consortio
1861 776 2117 831 exclusus

551 895 660 946 est,
695 898 799 936 una
835 882 1062 949 aurplius
1090 879 1200 948 60
1222 878 1393 931 sancti
1422 876 1654 941 Spiritus
1685 873 1915 940 gratiam
1949 879 2117 936 penes

557 975 791 1039 seipstnn
828 971 1008 1031 habet,
1040 982 1223 1018 Verum
1261 965 1344 1017 illa
1392 964 1651 1031 Spoliatus
1677 971 1780 1011 cst.
1829 956 1931 1020 Qui
1992 966 2119 1006 vero

558 1064 623 1116 ab
655 1063 751 1115 bac
784 1061 953 1129 gratia
994 1058 1212 1117 excidit,
1245 1055 1455 1108 Satanae
1484 1053 1729 1105 traditur.
1756 1046 1855 1101 Ubi
1882 1057 2117 1111 namque

558 1152 706 1205 illum
767 1152 947 1203 divina
985 1148 1156 1215 gratia
1211 1144 1467 1198 nudatum
1516 1140 1765 1194 inimicus
1817 1132 2117 1194 ofl'rnderit,

561 1240 735 1307 ipsum
774 1237 993 1295 invadit,
1024 1234 1179 1298 eique
1206 1232 1455 1296 deinceps
1489 1225 1811 1295 dominatur.
1844 1219 1993 1284 Quod
2029 1230 2121 1268 eo-

558 1332 677 1381 dem
703 1328 863 1380 etiam
898 1325 1054 1378 modo
1074 1324 1302 1377 Joannes
1327 1320 1758 1387 ChrysnstOmus.
1780 1309 1830 1360 in
1853 1320 2122 1361 commcn-

563 1420 710 1473 tariis
741 1418 792 1470 iu
824 1416 1113 1481 Epistulam
1138 1412 1202 1463 ad
1225 1409 1585 1470 Timouieum,
1614 1404 1993 1469 interpretatus
2017 1407 2119 1454 est.

641 1505 874 1561 AHIST.
900 1503 1280 1563 Masculorum,
1312 1498 1729 1562 animaliumque
1758 1499 2121 1560 corruptores,

559 1611 615 1653 et
648 1600 883 1653 nitet-hos
910 1607 1022 1666 post
1054 1608 1225 1646 annos
1257 1588 1601 1660 quindecim;
1636 1584 1936 1647 homicidae,
1962 1594 2124 1635 vene-

562 1691 673 1754 Iiri,
728 1705 790 1742 ac
836 1688 1129 1741 idololalra:
1175 1692 1293 1750 post
1370 1680 1577 1748 viginti,
1643 1677 1796 1746 juxta
1847 1674 2122 1741 antiquam

562 1780 789 1835 formam
822 1778 1204 1844 suscipientur.
1235 1770 1580 1840 Perspicuus.

1126 1862 1355 1921 CANON
1397 1862 1524 1916 VIII.

634 1958 735 2026 Qui
820 1959 889 2012 ob
966 1958 1298 2010 iracundiam
1372 1950 1547 2005 securi
1631 1945 1891 2000 adversus
1974 1957 2128 1995 uxo-

571 2069 685 2108 rem
718 2066 869 2107 suam
896 2063 1029 2102 usus
1061 2053 1163 2109 est,
1201 2052 1284 2096 est
1316 2038 1610 2095 homicida.
1636 2033 1805 2087 Recte
1832 2040 2011 2085 autem
2042 2042 2128 2082 me

574 2139 924 2197 admonuisti,
956 2143 1007 2189 et
1042 2134 1117 2187 uti
1169 2141 1317 2183 tuam
1355 2127 1678 2195 sapientiam
1711 2122 1918 2185 decuit,
1956 2126 2015 2171 ut
2052 2116 2130 2168 fu-

573 2232 688 2286 sius
733 2230 797 2282 de
832 2229 915 2280 his
948 2226 1201 2282 dicerem,
1242 2228 1521 2288 propterea
1561 2213 1701 2282 quod
1736 2213 1901 2262 multa
1938 2209 1993 2260 in
2035 2220 2131 2257 vo-

574 2319 827 2379 luntariis
853 2325 907 2369 et
936 2311 1318 2367 involuutariis
1365 2304 1707 2381 discrimina.
1742 2300 1833 2352 Est
1865 2300 2007 2351 enim
2041 2297 2125 2347 in-

2220 584 2497 655 Παρεδόῦη
2524 584 2602 651 τῷ
2653 582 2887 651 Σατανᾷ,
2940 581 3030 633 τὸν
3084 575 3386 646 ἀφορισμὸν
3440 575 3533 627 καὶ
3572 575 3673 643 τὴν
3703 573 3786 625 lx.

2225 693 2434 728 πτωσιν
2466 675 2563 737 τῆς
2597 674 2737 727 κατὰ
2778 672 2884 723 τῶν
2932 670 3137 721 πιστῶν
3174 666 3458 731 ξυναυλίας
3492 663 3795 732 παράδοσιν

2222 768 2358 838 πρὸς
2391 766 2482 818 τὸν
2516 766 2767 818 Σατανᾶν
2815 761 3111 831 ὀνομάσας.
3159 759 3219 811 Ὀ
3261 759 3365 825 γάρ
3399 756 3662 815 ἐκκοπεὶς
3700 755 3796 820 τῆς

2224 858 2415 926 μοίρας
2444 855 2553 906 τῶν
2586 854 2789 905 πιστῶν
2816 850 2999 903 οὐκέτι
3031 851 3127 916 τὴν
3152 847 3251 900 τοῦ
3288 847 3444 912 ἁγίου
3478 846 3798 911 Πνεύματος

2219 948 2379 1016 χάριν
2414 945 2527 1015 ἔχει
2561 945 2691 1013 παρ’
2715 941 2926 1010 ἑαυτῷ,
2960 940 3073 992 ἀλλ’
3109 936 3522 1006 άπιηγυμνοῦται
3557 934 3796 1001 ταύτης·

2222 1032 2592 1095 ὲκπεπτωκὼς
2641 1032 2996 1098 παραδίδοται
3037 1030 3115 1099 τῷ
3158 1029 3387 1097 Σατανᾷ.
3434 1025 3643 1093 Γυμνδ·ι
3687 1024 3801 1092 γάρ

2220 1126 2318 1193 τῆς
2352 1123 2501 1184 Θείας
2526 1125 2754 1193 χάριτος
2788 1120 2949 1173 αὑτὸν
2994 1118 3169 1188 εὑρὼν
3199 1120 3227 1170 ὸ
3259 1116 3472 1187 ὲχορὺς,
3507 1114 3804 1184 παραλαμ-

2222 1213 2375 1267 ϐάνει
2429 1214 2611 1276 αὑτὸν,
2668 1212 2762 1264 καὶ
2815 1210 3061 1279 κυριεύει
3119 1207 3305 1260 λοιπὸν
3365 1206 3551 1258 αὐτοῦ.
3613 1206 3721 1255 Καὶ
3775 1205 3804 1254 ὁ

2223 1304 2461 1375 χρυσοῦς
2494 1303 2549 1356 δὲ
2579 1302 2674 1372 τὴν
2718 1301 2964 1369 γλῶτταν
3001 1299 3271 1367 Ἰωάννης,
3311 1296 3673 1363 ἰξεγούμενος
3703 1294 3805 1362 τὴν

2225 1398 2359 1467 πρὸς
2402 1394 2666 1465 Τιμόθεον
2704 1392 3042 1463 Ἐπιστολὴν,
3074 1390 3244 1451 οὕτως
3277 1389 3587 1458 ἡρμήνευσε
3617 1384 3804 1436 τοῦτο.

2223 1487 2445 1543 ΔΡΙΣΤ.
2496 1485 2977 1557 ’Δρρενοφθόρους,
3010 1483 3102 1536 καὶ
3134 1482 3497 1549 ζωοφϐόρους,
3549 1478 3644 1529 καὶ
3677 1492 3805 1544 μοι·

2225 1581 2352 1652 χοῦς
2378 1620 2393 1645 ,
2439 1577 2951 1631 πεντεκαιδεκαετῆ
2981 1589 2997 1606 ·
3055 1572 3152 1625 καὶ
3188 1574 3339 1639 φονεῖ
3374 1609 3388 1633 ,
3430 1570 3526 1620 καὶ
3578 1582 3807 1635 φαρμα-

2227 1674 2356 1732 κοὺς
2384 1709 2399 1733 ,
2457 1669 2550 1721 καὶ
2602 1666 2990 1734 εἰδωλολάτραις
3018 1704 3031 1729 ,
3109 1660 3458 1724 είκοσαετία,
3513 1660 3661 1711 κατὰ
3704 1655 3801 1705 τὸν

2227 1762 2397 1815 πάλαι
2427 1758 2616 1821 τύπον,
2641 1756 2955 1820 είσδέξεται.
2984 1751 3207 1820 Σαφής.

2838 1842 3075 1898 ΚΑΝΩΝ
3102 1840 3185 1895 Η’.

2316 1939 2373 1991 ⁸0
2427 1938 2587 2010 ἀξίνῃ
2645 1935 2798 2005 παρὰ
2857 1938 2949 1986 τὸν
3008 1931 3181 2000 θυμὸν
3239 1926 3380 1983 κατά
3440 1928 3538 1998 τῆς
3603 1922 3809 1980 ἑαυτοῦ

2224 2032 2468 2101 γαμετῆς
2520 2030 2861 2099 χρησάμενος
2916 2023 3106 2093 φονεύς
3165 2023 3301 2074 ἐστι.
3361 2019 3557 2080 Καλῶς
3606 2018 3666 2069 δέ
3731 2032 3801 2086 με

2228 2124 2541 2190 ὑπέμνησας
2581 2122 2672 2172 καὶ
2715 2118 2877 2182 ἀξίως
2922 2118 3019 2183 τῆς
3063 2112 3287 2167 σεαυτοῦ
3325 2110 3588 2169 συνέσεως
3626 2108 3804 2160 εἰπεῖν

2228 2215 2353 2282 περὶ
2386 2212 2589 2264 τούτων
2623 2210 2968 2278 πλατύτερον·
3010 2206 3141 2258 διότι
3187 2204 3375 2256 πολλαὶ
3416 2203 3471 2251 ὲν
3503 2201 3615 2259 τοῖς
3645 2198 3805 2248 ἐκου-

2231 2305 2363 2365 σίοις
2416 2304 2508 2354 καὶ
2564 2302 2832 2361 ἀκουσίοις
2891 2295 3161 2366 διαφοραί.
3214 2292 3493 2346 ’Δκούσιον
3547 2289 3645 2357 μὲν
3695 2285 3805 2355 γάρ

572 2407 938 2461 voluntarium
984 2402 1227 2459 omnino,
1269 2405 1321 2451 et
1355 2378 1508 2461 longe
1552 2407 1580 2443 a
1616 2390 1847 2443 consilio
1877 2385 1994 2453 ejus
2035 2383 2125 2452 qui

2240 2397 2343 2445 ἐστι
2372 2392 2643 2454 παντελῶς
2672 2392 2765 2442 καὶ
2800 2390 2985 2460 πόρρω
3014 2387 3105 2438 τοῦ
3140 2383 3503 2454 κατάρξαντος
3526 2380 3607 2440 τὸ,
3639 2378 3804 2430 ἀκον-

574 2496 798 2563 incepit,
827 2500 1115 2552 remotum,
1156 2489 1281 2541 dum
1324 2483 1681 2553 lapisjacitur
1713 2481 1764 2531 in
1808 2491 1995 2530 canem
2041 2483 2131 2526 aut

576 2588 847 2645 arborem,
875 2582 1139 2636 hominem
1189 2578 1470 2644 attingere.
1503 2573 1841 2640 Propositum
1868 2568 2008 2621 enim
2036 2564 2135 2616 fuit

574 2677 805 2730 bestiam
876 2673 1191 2740 propulsare
1233 2676 1327 2720 aut
1383 2666 1618 2717 fructum
1676 2669 1934 2715 eiu-utere
1978 2675 1990 2709 :
2037 2656 2133 2708 sed

578 2769 744 2822 ictum
774 2766 994 2819 fortuito
1033 2763 1198 2817 subiit
1229 2762 1318 2826 qui
1367 2757 1641 2809 transiens
1676 2751 1938 2811 occurrit,
1968 2760 2138 2814 quare

582 2858 685 2909 hoc
724 2852 1155 2921 involuntarium
1184 2859 1287 2901 est.
1328 2845 1391 2896 Et
1424 2843 1553 2895 illud
1592 2854 1803 2907 quoque
1835 2837 2139 2888 involuuta-

582 2945 722 2996 rium
774 2948 876 3005 est,
927 2939 971 2993 si
1021 2943 1143 3006 quis
1180 2938 1365 2988 volens
1408 2933 1643 2998 aliquem
1680 2926 1969 2992 castigare,
2023 2922 2138 2973 loro

581 3033 667 3083 vel
694 3032 845 3099 virga
875 3045 980 3082 non
1008 3029 1143 3080 dura
1180 3040 1302 3078 eum
1341 3022 1622 3090 percutiat,
1666 3016 1929 3076 moriatur
1961 3022 2136 3063 autem

581 3124 673 3191 qui
703 3134 997 3189 percussus
1026 3128 1128 3172 est.
1161 3114 1506 3183 Propositum
1540 3108 1682 3163 enim
1721 3107 1805 3158 hic
1828 3102 2139 3156 considera-

582 3218 694 3274 tur,
927 3207 1051 3273 quia
1104 3211 1412 3272 peccantem
1459 3198 1731 3260 corrigere
1777 3192 1980 3253 voluit,
2029 3203 2137 3240 non

584 3298 917 3353 interimere.
955 3294 1288 3348 Recensetur
1318 3298 1370 3344 et
1402 3288 1529 3340 illud
1576 3287 1716 3347 inter
1751 3280 2137 3341 involuntaria,

586 3402 710 3441 cum
745 3387 866 3454 quis
910 3386 960 3437 in
994 3397 1167 3451 pugna
1200 3383 1432 3447 aliquem
1466 3380 1610 3445 ligno
1646 3375 1726 3428 vel
1763 3388 1923 3425 manu
1970 3371 2142 3439 repel-

586 3478 727 3539 lens,
759 3491 864 3529 non
893 3489 1053 3542 parce
1083 3472 1133 3524 in
1161 3472 1456 3538 prwcipuas
1487 3474 1668 3534 partes
1705 3468 1871 3515 ictum
1904 3467 2139 3527 torquet,

588 3576 650 3620 ut
674 3581 795 3619 eum
834 3565 1009 3624 deat,
1053 3576 1157 3613 non
1188 3571 1246 3612 ut
1288 3558 1509 3610 omnino
1553 3553 1857 3607 interficiat.
1900 3549 2005 3603 Sed
2042 3551 2143 3603 hoc

589 3656 808 3724 quidem
834 3652 1044 3705 accedit
1073 3650 1136 3700 ad
1163 3646 1547 3699 voluntarium.
1582 3643 1682 3706 Qui
1706 3642 1848 3693 enim
1874 3638 2140 3704 ejusmodi

548 3808 549 3811 η
593 3746 681 3799 ins
709 3750 957 3795 rumeuto
988 3741 1051 3791 ad
1105 3753 1162 3793 se
1194 3735 1589 3789 defendendqu
1637 3748 1769 3785 usus
1800 3739 1903 3792 est,
1936 3731 2016 3782 vel
2052 3728 2142 3796 qui

592 3848 700 3887 non
734 3846 894 3900 parce
942 3828 1103 3880 ictum
1150 3824 1361 3886 inflixit,
1411 3823 1578 3890 liquet
1616 3835 1738 3873 eum
1786 3817 1905 3870 ideo
1940 3815 2143 3868 homini

593 3938 702 3977 non
731 3920 1062 3989 pepercisse,
1095 3917 1236 3983 quod
1279 3915 1356 3966 ira
1397 3913 1571 3964 victus
1608 3911 1789 3961 fuerit.
1836 3905 1923 3959 Sic
1968 3914 2021 3957 ct
2053 3904 2145 3974 qui

595 4012 741 4080 gravi
781 4011 943 4078 ligno,
989 4014 1041 4059 et
1072 4005 1161 4073 qui
1197 4002 1371 4070 lapide
1414 4001 1650 4063 majore,
1684 4009 1841 4063 quam
1879 4009 1974 4060 pro
2014 3992 2145 4042 viri-

595 4103 698 4158 Ltts
719 4100 991 4160 humanis,
1018 4112 1149 4150 usus
1183 4102 1286 4154 est,
1313 4092 1364 4144 in
1397 4088 1774 4143 involuntariis
1806 4090 2143 4142 numeratur,

598 4199 661 4247 ut
705 4192 795 4258 qui
838 4188 983 4241 aliud
1020 4184 1273 4246 voluerit,
1324 4179 1469 4233 aliud
1497 4179 1704 4232 fecerit.
1739 4174 1870 4226 Nam
1916 4188 2023 4241 prae
2069 4172 2148 4223 ira

599 4282 767 4334 ictum
806 4279 964 4329 talem
1000 4275 1200 4337 intulit,
1235 4280 1291 4325 ut
1320 4273 1483 4324 etiam
1520 4280 1840 4336 percussum
1878 4262 2149 4315 interfice-

600 4379 713 4435 ret;
754 4379 1079 4436 quamquam
1114 4363 1250 4415 forte
1279 4363 1332 4413 in
1364 4360 1542 4412 animo
1588 4356 1816 4408 habebat
1854 4369 1975 4406 eum
2022 4366 2151 4405 cou-

601 4469 796 4519 terere.
842 4472 950 4510 non
973 4450 1165 4506 autem
1195 4449 1415 4503 omnino
1463 4447 1791 4499 interimere.
1827 4443 1928 4507 Qui
1970 4449 2149 4493 autem

600 4564 728 4604 ense
764 4548 846 4600 vel
884 4545 1076 4617 quavis
1123 4557 1180 4594 re
1221 4538 1384 4593 simili
1434 4551 1567 4589 usus
1601 4542 1703 4591 est.
1750 4534 1948 4584 nullam
1994 4531 2151 4583 habet

600 4639 1043 4693 excusationem:
1076 4640 1129 4686 et
1176 4629 1429 4685 maxime.
1475 4626 1567 4693 qui
1608 4623 1841 4677 securim
1881 4621 2152 4687 iaculatus

602 4736 707 4783 est.
743 4724 1083 4778 Manifestum
1127 4727 1208 4775 est
1241 4718 1383 4772 enim
1416 4716 1564 4767 illum
1598 4727 1759 4765 manu
1797 4726 1904 4762 non
1936 4723 2154 4776 percus-

604 4818 767 4878 sisse,
803 4817 878 4867 ita
908 4821 965 4865 ut
1001 4814 1167 4864 ictum
1208 4808 1271 4860 ad
1317 4806 1597 4859 arbitrium
1632 4800 1899 4855 moderari
1932 4807 2149 4865 posset:

606 4907 701 4963 sed
730 4905 1003 4973 jaculatus
1036 4907 1138 4959 est,
1186 4898 1259 4949 ita
1310 4903 1368 4946 ut
1405 4900 1457 4945 et
1492 4892 1750 4959 gravitate
1780 4886 1906 4940 ferri
1943 4893 1995 4939 et
2041 4884 2156 4936 acie

2232 2483 2453 2534 τίσαντα
2642 2479 2786 2531 λίθον
2835 2478 2925 2530 ἐπὶ
2968 2476 3101 2529 κύνα
3152 2476 3185 2542 ἢ
3233 2474 3466 2543 δένδρον,
3510 2467 3802 2537 ἀνθρώπου

2232 2574 2430 2639 τυχεῖν.
2462 2569 2524 2620 'II
2568 2568 2664 2636 μὲν
2711 2566 2815 2634 γάρ
2858 2566 3000 2632 ὁρμὴ
3041 2559 3106 2631 ἦν
3150 2563 3211 2612 τὸ
3248 2561 3430 2629 θηρίον
3473 2557 3806 2625 ἀμύνασθαι,

2235 2659 2267 2727 ἢ
2307 2658 2395 2708 τὸν
2435 2656 2640 2725 καρπὸν
2677 2655 3010 2704 κατασεῖσαι·
3058 2649 3231 2716 ὑπέϐη
3271 2648 3325 2698 δὲ
3372 2645 3695 2714 αὐτομάτως
3738 2643 3805 2711 τῇ

2238 2749 2413 2817 πληγῇ
2447 2747 2583 2798 κατὰ
2615 2745 2844 2813 πάροδον
2874 2745 2902 2795 ό
2926 2740 3276 2812 παραπεσὼν·
3307 2738 3443 2792 ὥστε
3473 2739 3531 2789 τὺ
3566 2735 3808 2789 τοιοῦτον

2237 2837 2506 2891 ἀκούσιον.
2564 2836 2838 2887 Ἀκούσιον
2888 2835 3068 2903 μέντοι
3123 2834 3215 2885 καὶ
3260 2832 3314 2884 εί
3355 2848 3437 2892 τις
3488 2827 3809 2897 βουλόμενος

2238 2928 2556 2997 ἐπιστρέψαι
2577 2928 2719 2988 τινὰ,
2758 2928 2937 2996 ἱμάντι
2966 2926 2997 2995 ἦ
3034 2925 3212 2995 ῥάϐδῳ
3244 2924 3318 2994 μὴ
3346 2922 3550 2989 σκληρᾷ
3580 2919 3805 2973 τύπτοι.

2238 3018 2482 3086 ἀποθάνῃ
2514 3018 2569 3069 δὲ
2597 3019 2624 3068 ὁ
2657 3018 3006 3085 τυπτόμενος.
3043 3018 3105 3068 Ἠ
3144 3015 3251 3085 γὰρ
3291 3013 3544 3083 πρόθεσις
3574 3008 3811 3063 ἐνταῦθα

2242 3110 2537 3159 σκοπεῖται.
2571 3109 2650 3159 ὅτι
2682 3106 2964 3175 βελτιῶσαι
2997 3104 3254 3173 ἠϐούλετο
3279 3104 3368 3156 τὸν
3404 3100 3810 3171 ἁμαρτάνοντα,

2240 3199 2338 3249 οὐκ
2371 3198 2596 3249 ἀνελεῖν.
2630 3198 2714 3248 Ἐν
2743 3199 2851 3259 τοῖς
2879 3196 3149 3257 ἀκονσίοις
3174 3194 3291 3247 ἐστὶ
3322 3195 3536 3245 κάκεῖνο
3587 3223 3604 3248 .
3730 3187 3808 3247 τὸ,

2240 3288 2573 3357 ἀμυνόμενόν
2595 3305 2714 3339 τινα
2749 3289 2806 3339 ὲν
2844 3287 2987 3356 μάχῃ
3024 3285 3219 3355 ξύ).ῳῆ
3254 3284 3423 3354 χειρὶ,
3457 3280 3693 3348 ἁςειδῶς
3722 3276 3813 3331 ἐπὶ

2239 3376 2305 3428 τὰ
2332 3377 2517 3444 καίρια
2538 3376 2635 3443 τὴν
2665 3375 2873 3444 πληγὴν
2901 3374 3164 3440 ἐνεγκεῖν,
3195 3371 3333 3423 ὥστε
3356 3368 3602 3423 κακῶσαι
3628 3366 3810 3426 αὐτὸν,

2240 3468 2336 3535 οὐχ
2358 3467 2496 3518 ὥστε
2522 3465 2794 3528 παντελῶς
2827 3464 3052 3518 ἀνελειν.
3080 3462 3238 3514 Ἀλλὰ
3268 3461 3421 3513 τοῦτο
3447 3460 3545 3530 ἤδη
3583 3472 3814 3528 προσεγ-

2241 3557 2381 3623 γίζει
2422 3556 2498 3626 τῷ
2537 3556 2784 3624 ἑκουσίῳ.
2833 3556 2889 3606 '0
2929 3555 3036 3624 γὰρ
3074 3552 3309 3621 τοσούτῳ
3345 3551 3689 3621 χρησάμενος
3723 3546 3813 3616 ὀρ-

2242 3646 2388 3713 γάνῳ
2418 3644 2551 3713 πρὸς
2578 3645 2807 3712 ἄμυναν,
2835 3641 2866 3710 ἥ
2901 3643 2928 3693 ὁ
2956 3641 3028 3711 μὴ
3063 3639 3436 3707 πεφεισμένως
3466 3636 3562 3704 τὴν
3600 3634 3812 3701 πληγὴν

2245 3733 2555 3799 ἐπαγαγὼν,
2597 3732 2752 3799 δῆλός
2792 3734 2926 3793 ἐστι,
2966 3747 3051 3783 ma
3082 3729 3143 3781 τὸ
3186 3725 3552 3797 κεκρατῆσθαι
3588 3724 3693 3777 ὑπὸ
3722 3722 3811 3775 τοῦ

2246 3824 2464 3884 πάθους,
2496 3821 2724 3889 ἀφειδῶν
2747 3820 2838 3872 τοῦ
2868 3817 3172 3889 ἀνθρώπου.
3218 3817 3449 3886 Ὁμοίως
3483 3816 3576 3866 καὶ
3609 3816 3638 3865 ό
3672 3811 3812 3879 ξύλῳ

2247 3911 2416 3981 βαρεῖ,
2449 3912 2540 3961 καὶ
2568 3913 2594 3962 ὁ
2629 3909 2759 3977 λίθῳ
2804 3908 3004 3978 μείζονι
3035 3907 3132 3974 τῆς
3160 3907 3436 3974 δυνάμεως
3466 3904 3562 3972 τῆς
3604 3903 3813 3972 ἀνθρωο

2246 4001 2402 4067 πίνης
2432 4001 2791 4069 χρησάμενος,
2823 4002 2933 4059 τοῖς
2967 3998 3238 4058 ἀκουσίοις
3264 3995 3631 4066 ὲναριθμεῖται
3652 4033 3665 4053 ,
3689 3991 3813 4045 ἄλλο

2250 4090 2343 4159 μέν
2379 4107 2427 4142 τι
2620 4088 2995 4158 προελόμενος,
3040 4087 3166 4139 ἄλλο
3203 4086 3258 4138 δέ
3290 4103 3340 4137 τι
3388 4086 3635 4152 ποιήσας,
3681 4080 3814 4134 Ὑπὸ

2247 4180 2351 4249 γὰρ
2382 4178 2474 4230 τοῦ
2519 4178 2687 4247 θυμοῦ
2730 4178 2977 4246 τοιαύτην
3023 4178 3220 4245 ἤνεγκε
3266 4176 3364 4242 τὴν
3406 4173 3638 4242 πληγὴν,
3672 4170 3811 4223 ὥστε

2248 4271 2450 4321 ἀνελεῖν
2498 4270 2585 4319 τὸν
2641 4268 2931 4336 πληγέντων
2976 4266 3150 4317 καίτοι
3210 4266 3241 4332 ή
3296 4263 3495 4331 σπονδὴ
3544 4257 3609 4330 ἦν
3664 4258 3813 4328 αὐτῷ

2249 4357 2531 4426 συντρίψαι
2551 4357 2727 4425 τυχὸν,
2752 4355 2868 4423 οὐχὶ
2890 4354 2944 4406 δὲ
2974 4354 3066 4405 καὶ⁵
3095 4352 3369 4414 παντελῶς
3396 4350 3727 4402 Θανατόισαι.
3757 4348 3811 4398 '0

2250 4448 2432 4515 μέντοι
2467 4446 2605 4511 ξίφει
2646 4444 3002 4513 χρησάμενος,
3036 4442 3067 4510 ἢ
3108 4440 3349 4509 ᾡτινιοῦν
3386 4438 3631 4504 τοιούτῳ,
3672 4436 3815 4489 οὐδε·

2254 4538 2378 4606 μίαν
2422 4536 2531 4604 ἔχει
2586 4535 2908 4604 παραίτησιν
2985 4535 3077 4585 καὶ
3135 4533 3363 4601 μάλιστα
3406 4532 3434 4582 ὁ
3480 4529 3578 4600 τὴν
3620 4528 3811 4598 ἀξίνην

2250 4624 2552 4685 ἀκοντίσας.
2577 4624 2681 4674 Καὶ
2701 4624 2807 4692 γὰρ
2831 4622 2946 4674 οὐδὲ
2974 4622 3079 4672 ἀπὸ
3105 4620 3286 4689 χειρὸς
3309 4620 3553 4687 φαίνεται
3578 4617 3807 4687 πλήξας,

2253 4713 2390 4764 ὥστε
2432 4712 2491 4763 τὸ
2534 4711 2727 4780 μέτρον
2766 4710 2864 4776 τῆς
2903 4709 3116 4778 πληγῆς
3161 4708 3245 4758 ἐπ’
3292 4706 3438 4775 αὐτῷ
3481 4700 3650 4767 εἶναι,
3696 4704 3810 4757 ἀλλ’

2253 4803 2547 4870 ἡκόντισεν,
2587 4800 2723 4852 ὥστε
2766 4802 2857 4853 καὶ
2902 4800 2979 4869 τῷ
3021 4800 3170 4869 βάρει
3208 4797 3299 4851 τοῦ
3340 4798 3585 4867 σιδήρου,
3622 4797 3719 4849 καὶ
3746 4796 3809 4863 τῇ

2254 4893 2423 4959 ἀκμῇ,
2477 4892 2568 4941 καὶ
2614 4893 2679 4959 τῇ
2723 4889 2809 4942 διὰ
2855 4889 3103 4941 πλείστου
3147 4888 3307 4955 φορᾷ,
3353 4885 3596 4953 ὀλεθρίαν
3644 4885 3811 4949 ἀναγ-

605 5004 661 5050 et
688 5003 836 5047 motu
861 5008 889 5044 e
915 4990 1225 5057 longinquo,
1244 4986 1384 5038 ictus
1409 4981 1715 5035 necessario
1747 4977 1957 5031 lethalis
1984 4976 2139 5027 llcret.

2258 4981 2422 5042 καίως
2478 4981 2574 5049 τὴν
2637 4979 2845 5048 πληγὴν
2897 4978 3165 5043 γενέσθαι.
3208 4975 3480 5029 Ἐκούσιον
3539 4973 3596 5025 δὲ
3652 4974 3809 5026 πάλιν

611 5085 820 5139 Rursus
860 5088 1035 5133 autem
1073 5076 1295 5131 omnino
1318 5080 1400 5127 est
1433 5068 1819 5125 voluntarium,
1854 5079 1915 5116 ac
1950 5064 2150 5115 nullam

611 5175 817 5227 habens
857 5168 1267 5224 dubitationem,
1297 5160 1441 5230 quod
1478 5159 1534 5211 fit
1581 5173 1609 5210 a
1644 5156 1965 5214 latronibus,
2016 5162 2066 5206 et
2100 5152 2153 5203 iu

614 5262 821 5317 bellicis
870 5256 1292 5311 incursionibus.
1347 5250 1410 5304 Hi
1453 5249 1596 5303 enim
1641 5256 1858 5315 propter
1898 5245 2154 5313 pecunias

620 5361 956 5421 interimunt,
1006 5362 1257 5408 caventes
1305 5365 1372 5404 ne
1412 5349 1803 5403 Convincantur
1832 5365 1845 5399 :
1879 5357 1931 5400 et
1974 5347 2067 5416 qui
2112 5349 2163 5402 in

624 5449 779 5502 bellis
820 5446 882 5499 ad
912 5444 1109 5497 caedem
1136 5440 1402 5498 feruntur.
1445 5434 1529 5487 his
1570 5448 1669 5485 nec
1694 5439 1918 5494 terrere,
1951 5446 2049 5484 nec
2075 5446 2161 5484 ca-

625 5538 848 5605 stigare,
885 5533 974 5586 sed
1005 5528 1348 5584 adversarios
1379 5521 1686 5577 interficere
1722 5528 1903 5586 aperte
1928 5520 2168 5588 proposi-

627 5635 735 5679 tum
777 5631 879 5677 est.
906 5624 1077 5685 Atque
1113 5616 1321 5670 etiamsi
1348 5613 1469 5681 quis
1497 5620 1712 5681 propter
1742 5610 1974 5677 aliquam
2005 5609 2166 5662 aliam

628 5729 846 5765 causam
891 5708 1163 5763 curiosum
1201 5704 1546 5773 pharmacum
1584 5698 1884 5765 miscuerit,
1915 5707 1967 5753 et
2002 5700 2169 5753 inter-

2257 5069 2551 5130 παντελῶς,
2585 5070 2675 5121 καὶ
2706 5069 2957 5134 οὐδεμίαν
2996 5066 3315 5137 άμεξιὸολίαν
3361 5064 3500 5133 ἔχον,
3543 5059 3653 5117 οἷόν
3698 5065 3810 5114 ἐστι

2253 5159 2313 5209 τὸ
2338 5158 2441 5209 τῶν
2472 5157 2676 5227 λῃστῶν
2708 5156 2882 5207 καὶτὸ
2919 5154 3025 5207 τῶν
3054 5152 3357 5223 πολεμικῶν
3388 5152 3612 5218 ἐφόδων.
3651 5146 3808 5203 Οὗτοι

2259 5247 2353 5313 μὲν
2393 5246 2497 5313 γὰρ
2532 5243 2614 5294 διὰ
2656 5244 2907 5312 χρήματα
2952 5240 3257 5310 ἀναιροῦσι,
3294 5241 3383 5293 τὸν
3420 5241 3638 5307 ἔλεγχον
3678 5242 3810 5292 ἁπο-

2264 5338 2570 5409 φεύγοντες·
2599 5334 2650 5385 οἵ
2680 5350 2735 5385 τε
2765 5333 2821 5383 ἐν
2854 5333 2962 5393 τοῖς
3000 5329 3252 5398 πολέμοις
3284 5328 3373 5379 ἐπὶ
3409 5325 3598 5395 φόνους
3631 5324 3811 5392 ἔρχον-

2264 5445 2371 5487 ται,
2414 5423 2533 5476 οὔτε
2582 5421 2839 5491 φοϐῆσαι,
2888 5418 3013 5471 οὔτε
3059 5414 3404 5486 σωφρονίσαι,
3452 5409 3566 5463 ἀλλ’
3610 5409 3814 5461 ἀνελεῖν

2263 5533 2387 5579 τους
2419 5513 2850 5581 ἐναντιουμένους
3030 5508 3094 5560 ὲκ
3135 5505 3224 5557 τοῦ
3258 5499 3485 5572 φανεροῦ
3526 5489 3812 5569 προαιρού-

2269 5622 2437 5675 μενοι.
2475 5604 2581 5656 Καὶ
2613 5602 2811 5671 μέντοι,
2842 5599 2943 5653 κᾶν
2970 5598 3036 5650 δι’
3068 5597 3230 5666 ἄλλην
3251 5594 3370 5647 τινά
3397 5593 3572 5645 αἰτίαν
3599 5590 3813 5659 περίερ-

2265 5712 2358 5760 γον
2414 5692 2699 5763 φάρμακόν
2752 5707 2834 5752 τις
2878 5689 3169 5760 ἐγκεράσῃ,
3233 5687 3391 5757 ἀνέλῃ
3439 5684 3516 5747 δὲ,
3578 5683 3813 5736 ἑκούσιον
