3998 6326
257 414 365 481 813

1191 422 1269 482 ΙΝ
1314 422 1548 482 EPiST.
1586 419 1642 482 S.
1686 417 1968 479 BASlLll
2008 413 2446 476 CANONICAM
2478 414 2528 478 Ι.

3359 408 3463 478 (ili

253 540 515 612 τιθέμεθα
546 540 607 594 τὺ
637 542 890 597 τοιοῦτον·
921 548 1029 596 οἷον
1060 546 1300 599 ποιοῦσιν
1329 550 1381 599 al
1397 542 1655 615 ’γυναῖκες
1687 548 1815 599 πολ-
1843 546 1885 598 Δ
1917 535 2120 597 fecer":
2162 534 2214 589 id
2260 546 2359 604 Ρτο
2406 533 2717 589 νοιυηίπῖο
2761 533 3049 603 dudm“;
3081 542 3140 590 οι
3192 550 3335 608 εερθ
3385 540 3465 596 Γεί-

255 632 431 696 λάκις,
458 634 733 697 ἐπαοιδαῖς
763 651 873 687 τισι
904 636 995 687 καὶ
1036 637 1390 706 καταδέσμοις
1432 638 1566 707 πρὸς
1603 638 1663 689 τὸ
1696 638 1817 689 ἑαυ-

255 722 363 773 τῶν
397 723 614 793 φίλτρον
643 724 940 793 ἑπάγεσθαί
968 741 1116 787 τινας
1144 725 1494 795 πειρώμεναι,
1522 726 1613 778 καὶ
1646 742 1812 795 προσ-

256 812 488 865 διδοῦσαι
514 816 691 877 αὐτοῖς
737 816 1018 886 φάρμακα,
1056 816 1313 875 σκότωσιν
1342 815 1665 885 ἐμποιοῦντα
1697 819 1814 877 ταῖς

256 905 532 969 διανοίαις.
574 908 637 958 Al
671 907 914 960 τοιαῦται
951 908 1127 960 τοίνυν
1160 904 1467 966 ἀνελοῦσαι,
1498 907 1545 957 εί
1574 906 1665 957 καὶ
1691 906 1814 958 ἄλλο

259 994 640 1063 προελόμεναι,
676 995 801 1048 ἀλλο
829 997 1103 1063 ἐποίησαν,
1145 997 1291 1065 ὅμως
1328 995 1413 1046 διὰ
1444 996 1502 1047 τὸ
1532 996 1811 1065 περίεργον

256 1084 349 1135 καὶ
372 1085 811 1152 ἀπηγορευμένον
832 1086 931 1152 τῆς
952 1084 1338 1154 ἐπιτηδεύσεως
1360 1086 1415 1135 ἑν
1435 1086 1539 1145 τοῖς
1558 1085 1811 1146 ἑκουσίως

258 1172 534 1239 φονεύουσι
576 1174 1032 1241 καταλογίζονται.
1074 1174 1183 1226 Kal.
1214 1176 1266 1225 al
1305 1175 1479 1225 τοίνυν
1504 1170 1569 1225 τᾶ
1599 1172 1812 1241 ἀμϐλω-

255 1263 433 1333 Ορίδια
465 1265 696 1317 διδοῦσαι
731 1268 992 1333 φάρμακα
1024 1263 1329 1335 φονεύτριαί
1371 1245 1474 1315 είσι
1512 1264 1601 1315 καὶ
1630 1262 1807 1325 αὑταὶ,

256 1356 348 1405 καὶ
380 1356 434 1405 al
464 1354 743 1422 δεχόμεναι
776 1358 840 1406 τὰ
876 1354 1238 1423 ἑμϐρυοκτόνα
1276 1346 1590 1423 δηλητήρια.
1630 1350 1809 1403 Ταῦτα

258 1443 357 1512 μὲν
383 1444 460 1504 είς
492 1442 761 1495 τοσοῦτον.

318 1538 514 1592 ΒΛΛΣ.
573 1535 898 1604 Ἐρωτηθεὶς
948 1535 977 1585 ὀ
1036 1533 1188 1599 ἅγιος
1240 1532 1333 1583 ἐάν
1384 1532 1501 1583 ἑστι
1549 1533 1744 1598 φονεὺς
1781 1530 1807 1581 δ

249 1631 441 1700 ἀξίνην
477 1628 745 1698 ἀκονήσις
798 1627 939 1679 κατά
992 1626 1093 1692 τῆς
1140 1626 1350 1687 οἰκείας
1401 1623 1671 1692 γαμετῆς,
1718 1622 1812 1673 καὶ

248 1724 457 1792 πλήξας
509 1720 736 1786 ταύτην,
795 1719 1116 1785 ἀπεφήνατο
1174 1717 1420 1768 ἑκούσιον
1469 1712 1607 1766 εἶναι
1650 1714 1813 1782 φονέα

248 1816 434 1868 αὐτόν.
499 1808 632 1864 Εἶτα
676 1812 914 1861 ποιεῖται
961 1808 1231 1875 διαίρεσιν
1258 1809 1364 1859 τῶν
1412 1806 1676 1859 ἑκουσίων
1719 1802 1815 1855 καὶ

1912 626 2065 678 ciunt
2120 624 2409 690 mulieres,
2465 640 2584 693 qua:
2632 624 2955 694 quibusdam
3004 628 3462 688 incantationibus

1917 724 1969 767 et
2007 713 2258 766 atnuletis
2298 714 2363 766 ad
2415 713 2496 767 sui
2531 727 2769 765 amorem
2813 712 3024 781 aliquos
3058 715 3332 770 attrahere
3370 733 3463 771 co-

1913 812 2133 864 nantur,
2174 804 2412 870 dantque
2458 804 2537 857 eis
2578 803 2863 872 pharmaca
2905 805 3174 860 mentibus
3209 807 3463 861 tenebras

1912 896 2259 949 oﬂ‘uudentia.
2295 894 2383 949 lla:
2411 910 2558 963 ergo,
2591 895 2635 948 si
2665 894 3053 955 interfecerint,
3077 898 3287 950 etiamsi
3313 898 3459 951 aliud

1910 987 2171 1045 volentes,
2220 985 2365 1038 aliud
2409 984 2660 1045 fecerint,
2710 992 2887 1037 tamen
2917 994 3135 1053 propter
3180 991 3453 1040 curiosum

1909 1085 1961 1130 et
2011 1076 2339 1144 prohibitum
2388 1090 2532 1144 opus
2578 1070 2718 1128 inter
2769 1075 3103 1127 voluntarios
3156 1074 3452 1131 homicilas

1912 1172 2251 1232 reputautur.
2278 1164 2463 1232 ltaque
2489 1172 2540 1216 et
2567 1178 2685 1231 quae
2711 1163 2949 1231 pta’beut
2979 1163 3265 1230 pharmaca
3296 1169 3456 1219 abor-

1914 1264 2024 1307 tum
2061 1256 2279 1315 cieutia,
2326 1266 2450 1309 sunt
2483 1263 2536 1308 et
2577 1254 2707 1321 ipsa
2736 1254 3039 1317 homicidae,
3083 1255 3224 1307 sicut
3264 1262 3316 1309 et
3339 1272 3455 1323 quae

1912 1360 2115 1398 venena
2146 1345 2310 1397 fetum
2345 1345 2593 1397 necantia
2624 1343 2916 1411 accipiunt.
2945 1341 3067 1395 llaec
3095 1345 3309 1412 quidem
3354 1346 3457 1398 huc

1905 1449 2093 1503 usque.

1981 1528 2172 1583 BALS.
2237 1530 2599 1600 Interrogatus
2652 1547 2891 1599 sanctus,
2941 1554 3006 1590 an
3058 1540 3127 1591 sit
3181 1538 3468 1600 homicida,

1911 1619 2000 1688 qui
2037 1622 2267 1674 securim
2322 1620 2591 1688 jaculatus
2626 1626 2677 1678 in
2740 1628 3006 1694 νεοίη-ἰείη
3058 1642 3302 1688 uxorem.
3351 1645 3469 1682 eam

1914 1707 2203 1775 percussit,
2242 1710 2604 1776 pronuntiarit
2654 1728 2772 1765 eum
2825 1729 2942 1767 esse
2970 1716 3327 1768 voluntarimu
3378 1718 3474 1769 lzo-

1917 1796 2191 1851 ntiridam.
2238 1799 2436 1854 Deiu'de
2486 1800 2610 1854 facit
2647 1800 2997 1857 differentiam
3048 1807 3470 1859 voluntariorum

250 1903 519 1956 ἀκουσῗων
554 1903 731 1969 φόνων
755 1915 770 1930 '
806 1900 901 1952 καὶ
941 1899 1030 1952 τὸν
1064 1901 1162 1969 μὲν
1200 1900 1289 1951 tul.
1322 1898 1511 1968 θηρίον
1538 1898 1570 1967 ἢ
1599 1895 1812 1965 δένδρον

1918 1897 1971 1939 et
2004 1887 2482 1943 involuntariarum
2514 1893 2737 1945 caedium
2765 1910 2778 1945 :
2804 1902 2857 1947 et
2889 1910 3006 1948 cum
3042 1897 3129 1964 qui
3164 1896 3394 1964 lapidem
3419 1897 3471 1949 in

254 1997 488 2067 ῥίψαντα
520 1993 688 2056 λίθον,
736 1992 1018 2063 πλήξαντα
1045 1992 1098 2043 δὲ
1138 1991 1301 2060 τυχὸν
1333 1989 1618 2060 ἄνθρωπον
1650 2003 1814 2052 παρι-

250 2090 381 2139 όντα
411 2087 550 2148 ἑκεῖ,
603 2085 695 2136 καὶ
745 2084 835 2135 τὸν
893 2083 1053 2153 λώρῳ
1116 2082 1147 2151 ἢ
1202 2081 1416 2150 ἐλαφρᾷ
1468 2076 1647 2147 ῥάϐδῳ
1680 2077 1813 2146 πλήο

254 2174 421 2237 ξαντά
450 2190 573 2227 τινα
601 2173 688 2225 διά
731 2172 1033 2235 παίδευσιν,
1080 2172 1173 2223 ἑὰν
1214 2170 1241 2221 ὀ
1287 2168 1514 2236 πληγεὶς
1542 2165 1810 2233 ἀποθάνῃ,

252 2266 512 2320 ἀκούσιον
560 2264 726 2333 φονέα
774 2263 969 2315 καλά’
1018 2260 1108 2314 τὸν
1143 2260 1198 2313 δὲ
1227 2261 1284 2311 ἑν
1336 2256 1638 2326 φιλονεικίᾳ
1679 2254 1815 2322 πλή-

252 2359 421 2423 ξαντα
456 2373 600 2422 τινα,
631 2354 767 2424 μετά
795 2353 1057 2422 στιϐαρᾶς
1086 2352 1281 2423 ῥάϐδου
1314 2351 1347 2420 ἦ
1379 2352 1445 2420 τῇ
1483 2350 1630 2419 χειρὶ
1658 2349 1813 2414 ἀφει-

252 2449 359 2511 δῶς
389 2449 531 2501 κατὰ
562 2449 753 2499 τούτου
780 2444 1150 2514 χρησάμενον,
1179 2441 1279 2494 κᾶν
1310 2441 1384 2509 μὴ
1416 2439 1625 2493 ἀνελεῖν
1654 2436 1813 2505 ἦθελε

250 2540 345 2592 τὸν
376 2538 669 2607 πληγέντα,
709 2536 845 2588 ἀλλά
889 2533 1137 2588 κακῶσαι
1169 2535 1263 2586 καὶ
1297 2531 1631 2602 ἀμύνασθαι,
1662 2529 1814 2599 ἑγγί-

254 2630 370 2693 ζειν
397 2627 473 2696 τῷ
524 2625 787 2688 ἑκουσίως
839 2623 1115 2692 φονεύοντι
1170 2621 1339 2687 λέγει,
1392 2619 1485 2672 τοῦ
1515 2619 1816 2687 πληγέντος

254 2718 641 2779 ἀποθανόντος.
685 2716 792 2768 Καὶ
831 2717 922 2767 τὸν
955 2713 1094 2783 ξύλῳ
1135 2713 1189 2764 δὲ
1228 2711 1383 2781 βλρεῖ
1422 2712 1514 2763 καὶ
1552 2710 1685 2780 λίθῳ
1721 2725 1818 2778 με-

255 2808 409 2878 γάλῳ
456 2807 801 2878 χρησάμενον
855 2806 997 2859 κατά
1046 2821 1211 2868 τινος,
1260 2805 1353 2855 καὶ
1397 2803 1691 2867 ἀνελόντα,
1742 2801 1816 2871 μὴ

256 2903 449 2970 έχοντα
470 2899 528 2952 δὲ
567 2898 825 2968 πρόθεσιν
856 2896 1038 2964 φόνου,
1072 2896 1325 2949 ἀκούσιον
1355 2894 1520 2962 φονέα
1551 2894 1813 2963 ὁρίζεται.

255 2995 361 3045 Τὸν
391 2993 447 3045 δὲ
474 2992 615 3059 ξίφει
640 2990 987 3060 χρησάμενον
1019 2989 1312 3058 οἱιιοδήτινι,
1341 2983 1482 3039 κατὰ
1510 2987 1633 3049 τοὺς
1662 2986 1820 3038 πολε-

261 3086 420 3153 μὲους
456 3082 550 3134 καὶ
576 3082 701 3143 τοὺς
731 3080 954 3150 λῃστὰς,
1001 3078 1248 3130 ἑκούσιον
1294 3079 1556 3145 φονευτὴν
1588 3077 1819 3145 ἀποφαί-

258 3190 409 3225 νεται
438 3190 449 3203 ·
489 3171 677 3240 ὥσπερ
702 3170 796 3223 καὶ
820 3170 946 3231 τοὺς
975 3169 1239 3239 φάρμακα
1265 3169 1533 3237 περίεργα
1559 3167 1814 3229 διδόντας.

257 3267 352 3319 καὶ
375 3261 746 3333 ἀμϐλωθρίδια
778 3258 1084 3321 ποιοῦντας.
1110 3259 1218 3311 Καὶ
1246 3260 1273 3308 ὁ
1302 3258 1398 3326 μὲν
1420 3260 1598 3310 κανὼν
1619 3259 1809 3311 ταῦτα.
1840 3242 1882 3299 C

260 3358 333 3409 Σὺ
407 3355 462 3406 δὲ
504 3352 776 3421 ἀνάγνωθι
816 3352 876 3403 τὺ
926 3347 1016 3414 κς¹
1065 3348 1356 3418 κεφάλαιον
1400 3347 1492 3400 τοῦ
1549 3346 1593 3398 θ’
1637 3347 1815 3400 τίτλου

258 3446 355 3499 τοῦ
406 3443 665 3513 παρόντος
696 3439 1088 3509 συντάγματος,
1125 3440 1217 3490 καὶ
1250 3440 1316 3491 τὰ
1352 3439 1407 3491 ὲν
1448 3440 1638 3505 ἐκείνῳ
1678 3454 1817 3507 γρα-

261 3538 428 3605 φέντα
454 3536 612 3605 χάριν
640 3532 747 3584 τῶν
780 3529 1071 3601 φονευτῶν,
1122 3528 1393 3590 Ὡσαύτως
1420 3529 1692 3596 ἀνάγνωθι
1724 3529 1816 3580 καὶ

258 3629 350 3680 τὸν
407 3625 655 3694 δεύτερον
704 3615 901 3674 κανόνα
941 3620 1034 3671 τοῦ
1083 3620 1238 3687 ἁγίου
1284 3622 1491 3671 τούτου.
1556 3618 1706 3672 Ἐπεὶ
1761 3619 1817 3670 δὲ

261 3716 391 3784 περὶ
415 3712 685 3785 φονευτῶν
713 3711 801 3764 καὶ
825 3710 1129 3779 φαρμακῶν
1158 3711 1256 3762 ούκ
1286 3710 1439 3775 ὀλίγα
1461 3708 1815 3777 διαλαμϐάνει

260 3810 290 3861 δ
322 3806 402 3858 λθ¹
440 3804 613 3865 τίτλος
670 3802 762 3855 τοῦ
817 3797 856 3863 ξ’
898 3798 1122 3869 βιϐλίῶ,
1161 3798 1429 3865 ἀνάγνωθι
1470 3798 1566 3850 καὶ
1605 3795 1811 3849 τοῦτον.

259 3895 366 3948 Τοῦ
416 3894 481 3945 ’δὲ
534 3887 782 3959 δευτέρου
841 3887 1077 3957 θέματος
1127 3886 1219 3938 τοῦ
1274 3885 1438 3938 αὑτοῦ
1494 3884 1668 3937 τίτλου
1728 3886 1819 3936 καὶ

258 3987 465 4059 βιϐλίου
513 3981 968 4051 διαλαμϐάνοντος
1017 3978 1187 4031 ταῦτα
1240 3979 1418 4048 ῥητῶς
1446 3992 1461 4007 ·
1508 3978 1564 4029 '0
1620 3970 1827 4029 σκοπὸν

258 4077 505 4147 ἐσχηκὼς
533 4072 625 4126 τοῦ
661 4070 937 4139 φονεῦσαι,
973 4069 1073 4123 κᾶν
1104 4069 1177 4138 μὴ
1200 4067 1454 4136 φονεύσῃ.
1489 4067 1622 4119 ἀλλά
1653 4083 1820 4136 τραυ-

265 4167 487 4236 ματῐσῃ,
529 4164 723 4231 φονεύς
756 4162 871 4211 ἑστι
900 4175 914 4191 ο
950 4159 1096 4210 καί.ρὸ
1146 4158 1219 4227 μὴ
1259 4156 1491 4225 θελήσας
1542 4155 1814 4223 φονεῦσαι,

259 4261 354 4309 ἐὰν
380 4253 634 4324 φονεύσῃ,
660 4252 760 4303 οὐκ
794 4248 907 4301 ἔστι
944 4247 1135 4315 φονεύς
1164 4263 1180 4279 ο
1224 4249 1256 4316 ἡ
1284 4247 1338 4299 δὲ
1364 4246 1601 4308 διάθεσις
1637 4248 1698 4298 ἑκ
1723 4246 1816 4298 τοῦ

259 4347 561 4416 πλήξαντος
599 4343 831 4411 ὀργάνου
880 4340 1161 4409 ἐλέγχεται
1187 4352 1202 4368 °
1234 4336 1377 4389 εἴποι
1420 4352 1505 4397 τις
1551 4335 1818 4388 ἐναντιοῦσυ

260 4440 385 4490 σθαι
444 4434 521 4504 τῷ
572 4434 799 4503 τοιούτῳ
854 4430 1130 4499 κεφαλαίῳ
1173 4428 1263 4480 τὸν
1297 4429 1539 4496 παρόντα
1592 4426 1815 4488 κανόνα,

256 4528 627 4600 διοριζόμενον
662 4523 917 4577 ἀκουσίου
960 4521 1120 4588 φόνου
1155 4519 1460 4587 ἐγκλήματι
1501 4516 1818 4568 ὑποκεῖσθαι

257 4620 350 4673 τὸν
390 4615 748 4670 ἀκοντίσαντα
787 4613 930 4665 λίθον
965 4612 1057 4663 ἑπ)⁸
1084 4609 1217 4662 κύνα
1258 4609 1290 4677 ἢ
1325 4609 1558 4676 δένδρον,
1601 4609 1693 4659 καὶ
1726 4617 1821 4658 τυ-

258 4707 430 4778 χαίως
477 4706 731 4760 ἀνελόντα
761 4702 1063 4772 ἄνθρωπον.
1098 4701 1281 4769 Φαμὲν
1310 4694 1401 4752 οὖν
1440 4698 1512 4759 ὡς
1562 4701 1589 4750 ὀ
1636 4697 1821 4768 ῥηθεὶς

256 4799 441 4868 νόμος,
472 4796 600 4867 περὶ
634 4795 879 4847 ἑκουσίου
920 4791 1175 4861 φονευτοῦ
1217 4789 1501 4852 διδάσκων,
1536 4788 1627 4841 τὸν
1657 4788 1728 4856 μὴ
1757 4793 1820 4840 ὲκ

258 4884 628 4953 προαιρέσεως
674 4879 1009 4949 φονεύσαντα
1038 4881 1137 4931 οὐκ
1168 4877 1423 4945 ὀνομάζει
1456 4877 1703 4929 ἑκούσιον
1731 4893 1824 4943 φο-

258 4975 355 5027 νέα
382 4988 398 5004 ’
435 4973 689 5034 ἀκούσιος
716 4971 773 5023 δὲ
801 4973 828 5022 ὁ
848 4968 1084 5030 τοιοῦτος
1113 4969 1308 5034 φονεύς
1338 4970 1473 5030 ἐστι,
1514 4966 1695 5027 καθὼς
1729 4967 1822 5018 καὶ

254 5065 282 5114 6
315 5063 504 5133 παρὼν
539 5061 716 5115 κανὼν
743 5059 1056 5130 διορίζεται,
1089 5060 1185 5110 καὶ
1216 5060 1534 5128 τιμωρεῖται
1586 5059 1729 5110 κατὰ
1762 5060 1821 5110 τὸ

257 5155 611 5225 προτέλευτον
660 5153 798 5222 θέμα
849 5149 944 5203 τοῦ
1000 5155 1076 5213 ις’
1132 5148 1325 5216 κεφαλ.
1366 5148 1459 5200 τοῦ
1511 5155 1588 5200 va'
1640 5148 1816 5199 τίτλου

254 5244 350 5297 τοῦ
385 5242 425 5309 ξ’
456 5243 686 5313 βιϐλίου,
719 5247 811 5296 καὶ
843 5242 980 5294 κατὰ
1007 5240 1066 5291 τὸ
1089 5237 1130 5291 ε’
1159 5238 1354 5306 κεφάλ.
1410 5239 1503 5291 τοῦ
1534 5238 1610 5291 λο’
1642 5241 1817 5292 τίτλου

254 5333 351 5387 τοῦ
375 5333 538 5385 αὑτοῦ
571 5331 798 5402 βιϐλίου,
831 5328 1197 5401 διοριζόμενον
1228 5329 1322 5394 καὶ
1351 5329 1443 5381 τὸν
1470 5330 1576 5381 ἀπὸ
1607 5330 1819 5400 τρυφῆς

258 5426 593 5494 φονεύσαντα
621 5425 716 5477 ἐπὶ
759 5421 1083 5474 πενταετίαν
1116 5420 1475 5489 ἑξορίζεσοαι.
1500 5420 1655 5474 Οὕτω
1684 5437 1823 5491 συμ-

258 5515 478 5568 ϐιϐισον
527 5514 589 5567 τὸ
635 5512 856 5581 νομικὸν
916 5511 1111 5578 κεφάλ.
1176 5515 1267 5564 καὶ
1320 5514 1412 5565 τὸν
1443 5512 1665 5566 κανόνα.
1706 5513 1816 5565 Καὶ

257 5606 561 5675 σημείωσαι
582 5608 691 5659 ἀπὸ
712 5603 804 5657 τοῦ
831 5604 1054 5666 κανόνος
1089 5604 1183 5655 καὶ
1228 5603 1321 5655 τοῦ
1357 5605 1521 5671 νόμου
1552 5604 1634 5658 δτι
1661 5607 1689 5657 ὁ
1720 5606 1818 5674 μὲν

255 5696 508 5757 ἀκούσιος
555 5696 813 5765 φονευτης
846 5696 908 5747 ἑκ
936 5692 1030 5746 τοῦ
1073 5695 1536 5762 ἀποτελέσματος,
1573 5697 1693 5766 ἦτοι
1725 5696 1816 5748 τοῦ

256 5790 442 5853 φόνου,
506 5786 971 5851 καταδικάζεται,
1022 5786 1071 5849 ὁ,
1103 5785 1157 5838 δὲ
1203 5784 1448 5849 ἑκούσιος
1489 5786 1596 5839 ἀπὸ
1650 5789 1818 5857 μόνης

1920 1982 2141 2035 bestiam
2186 1982 2267 2035 vel
2316 1984 2563 2039 arborem
2605 1985 2873 2054 jaculatus
2926 1998 3029 2048 est.
3101 1998 3471 2044 transeuntem

1915 2078 2092 2125 autem
2126 2073 2244 2127 illac
2278 2074 2551 2130 hominem
2597 2076 2752 2144 forte]
2782 2081 3065 2147 percussit,
3117 2096 3353 2150 eumque
3381 2083 3471 2150 qui

1916 2163 2033 2217 loro
2063 2164 2143 2218 vel
2173 2166 2273 2218 levi
2308 2167 2453 2236 virga
2484 2169 2710 2237 aliquem
2744 2172 2971 2224 docendi
2999 2188 3117 2225 eum
3146 2175 3313 2241 gratia
3358 2190 3476 2243 per-

1916 2254 2102 2318 cussit,
2134 2256 2178 2308 si
2214 2270 2502 2324 percussus
2537 2268 2778 2313 mortuus
2809 2260 2990 2323 fuerit.
3026 2263 3351 2317 homicidam
3396 2268 3478 2319 iu-

1917 2345 2273 2401 voluntarium
2323 2349 2555 2418 appellat
2589 2367 2603 2403 :
2655 2367 2775 2404 eum
2816 2362 3018 2417 autem,
3059 2354 3147 2422 qui
3177 2355 3226 2407 in
3257 2366 3476 2409 conten-

1919 2437 2065 2491 tione
2095 2438 2324 2507 aliquem
2364 2442 2513 2511 virga
2544 2442 2762 2497 duriore
2806 2447 3156 2511 percusserit,
3203 2447 3281 2500 vel
3329 2446 3477 2501 ineo

1918 2529 2266 2597 percutiendo
2296 2532 2476 2585 manui
2509 2548 2610 2585 non
2638 2534 2953 2601 pepercerit,
2976 2536 3186 2589 etiamsi
3212 2551 3356 2600 eum,
3382 2540 3471 2606 qui

1917 2635 2203 2689 percussus
2233 2630 2337 2685 est,
2389 2621 2691 2675 interficere
2747 2624 2998 2687 noluerit,
3035 2627 3127 2679 sed
3159 2626 3239 2680 vel
3271 2636 3472 2680 tantum

1917 2712 2127 2772 laedere.
2156 2711 2235 2765 vel
2292 2712 2624 2781 propulsare,
2681 2715 2831 2779 dicit,
2884 2717 2949 2770 ad
2979 2733 3123 2781 eum,
3160 2719 3248 2786 qui
3276 2721 3472 2772 random

1918 2801 2048 2856 fecit
2076 2802 2455 2866 voluntariam,
2508 2807 2750 2871 proxime
2789 2810 3067 2871 accedere,
3102 2825 3165 2861 eo
3214 2811 3301 2876 qui
3354 2824 3473 2876 per-

1917 2907 2106 2946 cussus
2139 2903 2221 2947 est
2254 2903 2483 2946 mortuo.
2512 2892 2643 2947 Eum
2673 2896 2776 2964 61
2804 2911 3019 2964 quoque
3042 2898 3131 2966 qui
3157 2898 3299 2967 ligno
3327 2900 3474 2967 grati

1917 2992 1973 3035 et
2005 2996 2195 3051 magno
2226 2982 2399 3050 lapide
2441 2998 2565 3037 uSus
2599 2987 2857 3039 adversus
2884 2988 3135 3055 aliquem,
3170 3007 3287 3041 eum
3315 2991 3480 3044 iu'er-

1918 3069 2123 3134 fecerit,
2157 3086 2277 3125 cum
2333 3073 2495 3125 nollet
2546 3075 2868 3140 interficere,
2927 3076 3341 3132 iuvoluntarium
3381 3082 3478 3132 Im-

1919 3164 2167 3215 micidam
2188 3163 2391 3217 definit.
2422 3164 2549 3215 Eum
2582 3177 2781 3228 autem,
2810 3168 3106 3235 quiquovis
3128 3184 3255 3224 ense
3280 3158 3476 3227 bellum

1918 3257 2215 3323 gerentium
2246 3262 2295 3307 et
2325 3254 2591 3307 latronum
2631 3271 2778 3309 more
2811 3273 2940 3310 usus
2975 3268 3079 3320 est,
3116 3262 3475 3315 voluntarium

1920 3347 2241 3401 homicidam
2296 3347 2602 3413 pronuntiat
2644 3363 2656 3399 :
2696 3348 2835 3400 sicut
2866 3358 2920 3401 et
2968 3363 3083 3413 eos,
3118 3351 3206 3419 qui
3267 3353 3476 3407 curiosa

1920 3440 2045 3492 dunt
2115 3439 2524 3499 medicamenta,
2590 3446 2643 3490 et
2700 3439 2945 3491 abortum
3004 3440 3197 3493 cientia
3257 3442 3478 3498 faciunt.

1917 3530 2093 3597 Atque
2130 3531 2243 3582 lucc
2279 3528 2497 3595 quidem
2538 3543 2734 3582 canon.
2777 3529 2857 3583 Tu
2901 3540 3080 3585 autem
3142 3532 3256 3601 lege
3291 3535 3482 3596 vicesi-

1921 3635 2065 3671 mum
2109 3628 2321 3672 sextum
2371 3633 2493 3684 cap.
2531 3618 2615 3669 tit.
2654 3616 2687 3670 9
2724 3620 3003 3684 praesentis
3030 3622 3229 3689 operis,
3261 3632 3313 3675 et
3361 3638 3480 3690 qua:

1921 3710 1973 3765 in
2006 3726 2069 3762 eo
2130 3710 2327 3775 scripta
2379 3720 2499 3761 Sttttl
2530 3710 2594 3762 de
2640 3709 2945 3763 homicidis.
2982 3708 3243 3765 Similiter
3283 3714 3397 3779 lege
3427 3723 3480 3768 et

1920 3818 2179 3856 canouem
2213 3803 2247 3855 2
2278 3803 2439 3869 hujus
2471 3804 2664 3856 sancti.
2724 3804 2862 3869 Quia
2896 3814 3072 3857 autem
3107 3804 3480 3859 dehomicidis

1918 3903 1971 3948 ct
2006 3893 2256 3945 venellcis
2292 3907 2396 3944 non
2438 3908 2603 3959 pauca
2643 3902 2837 3947 tractat
2871 3895 2954 3947 tit.
2983 3896 3071 3958 39,
3104 3895 3197 3949 lib.
3243 3912 3331 3949 ut.
3355 3895 3493 3972 eum

1919 3996 2136 4053 quoque
2166 3982 2279 4051 lege
2316 4002 2327 4035 :
2363 3998 2485 4035 cum
2551 3998 2678 4036 vero
2737 3984 2914 4037 thrma
2959 3985 2992 4038 2
3020 3984 3260 4051 ejusdem
3299 3986 3381 4039 tit.
3429 3995 3482 4040 et

1919 4076 2011 4129 lib.
2043 4076 2157 4128 hinc
2180 4090 2429 4143 expresse
2459 4076 2609 4137 dicit,
2640 4075 2738 4141 Qui
2774 4076 3076 4131 interﬁcere
3098 4077 3475 4144 constituerat,

1919 4167 2022 4219 etsi
2066 4181 2170 4218 non
2216 4164 2574 4227 interfecerit,
2629 4167 2724 4219 sed
2768 4167 3149 4226 vulneraverit.
3195 4178 3276 4221 est
3306 4168 3477 4221 ltomi-

1920 4256 2036 4309 cida
2066 4272 2079 4308 :
2114 4263 2164 4308 et
2208 4256 2296 4319 qui
2324 4253 2495 4308 noluit
2527 4256 2853 4318 interﬁcere,
2882 4257 3092 4309 etiamsi
3117 4256 3471 4323 interfecerit,

1920 4359 2024 4398 non
2055 4353 2138 4397 est
2171 4345 2463 4397 homicida.
2498 4343 2723 4398 Aﬂ‘ectio
2777 4357 2975 4410 autem,
3013 4360 3076 4398 ex
3117 4346 3473 4401 ittStrumeuto

1919 4449 2027 4501 quo
2045 4435 2333 4499 percussit,
2362 4436 2622 4508 probatur
2661 4452 2674 4489 :
2705 4435 2903 4489 dixerit
2929 4436 3221 4504 quispiam,
3252 4436 3475 4503 eicapiti

1923 4525 2199 4578 adversari
2248 4535 2565 4592 prasentem
2600 4541 2887 4588 cauonem,
2922 4526 3300 4581 deaernentem
3328 4529 3474 4581 iuro-

1926 4615 2172 4668 luntaria:
2206 4616 2369 4667 czt-dis
2398 4617 2612 4669 crimini
2669 4616 2865 4681 subjici
2921 4631 3065 4678 eum,
3102 4618 3197 4684 qui
3250 4618 3478 4683 lapidem

1923 4705 1975 4757 iu
2009 4707 2196 4755 canem
2225 4702 2305 4755 vel
2337 4705 2584 4756 arborem
2618 4704 2887 4771 jaculatus
2912 4704 3092 4764 fuerit.
3127 4715 3177 4757 et
3209 4706 3477 4757 hominem

1921 4798 2059 4850 forte
2094 4794 2374 4849 occiderit.
2423 4795 2656 4848 Dicimus
2685 4810 2835 4863 ergo,
2880 4795 3023 4863 quod
3058 4795 3197 4848 dicta
3233 4794 3313 4847 lex
3361 4809 3482 4862 qua:

1921 4888 1986 4942 de
2021 4889 2166 4940 caede
2206 4887 2512 4939 vctuntaria
2541 4886 2718 4947 docet,
2744 4901 2888 4950 eniti,
2917 4886 3005 4953 qui
3034 4900 3137 4938 non
3165 4885 3285 4937 data
3320 4900 3479 4953 opera

1922 4977 2216 5039 interfecit,
2259 4993 2363 5030 non
2420 4979 2681 5030 uotuiuat'
2716 4978 3073 5030 voluntarium
3136 4977 3480 5031 homicidam.

1921 5068 2013 5121 Est
2044 5076 2220 5119 autem
2246 5066 2331 5119 hic
2360 5064 2748 5118 involnuturius
2771 5065 3058 5126 homicida,
3079 5066 3215 5119 sicut
3247 5080 3482 5134 praesens

1920 5170 2133 5224 quoque
2164 5171 2335 5209 canon
2370 5157 2627 5216 decernit,
2665 5166 2717 5208 et
2750 5157 2969 5225 punitur
3012 5158 3306 5210 secundum
3362 5156 3479 5208 the-

1922 5259 2005 5295 tuu
2065 5245 2542 5310 antepenultimum
2604 5260 2723 5313 cap.
2785 5244 2849 5297 16
2913 5248 2993 5299 tit.
3043 5246 3105 5300 5|
3163 5245 3256 5299 lib.
3310 5246 3380 5297 60
3426 5256 3479 5297 et

1919 5334 2214 5388 secundum
2270 5350 2390 5402 cap.
2450 5334 2483 5388 5
2524 5336 2606 5389 tit.
2662 5337 2732 5390 '59
2765 5336 3000 5405 ejusdem
3048 5337 3142 5391 lib.
3196 5338 3478 5397 deliniens.

1918 5441 2038 5481 eum
2069 5428 2255 5491 etiam,
2287 5426 2380 5494 qui
2413 5441 2508 5494 per
2528 5427 2749 5480 delicias
2774 5435 2828 5478 et
2879 5426 3059 5478 ludum
3106 5425 3397 5488 interfecit,
3427 5425 3477 5474 in

1920 5517 2344 5585 quinquennium
2384 5516 2877 5569 exterminandum.
2925 5513 3001 5566 lta
3060 5514 3397 5583 caput.legis
3426 5525 3481 5566 et

1919 5622 2181 5662 canonetn
2214 5609 2463 5661 concilia.
2505 5607 2568 5660 Et
2600 5618 2723 5661 nota
2755 5623 2819 5661 ex
2854 5622 3060 5661 canone
3087 5618 3139 5660 et
3173 5608 3309 5674 lege,
3343 5606 3479 5672 quod

1923 5698 2319 5752 involuntarius
2347 5699 2561 5766 quidem
2590 5698 2857 5752 homicida
2889 5712 2954 5751 ex
2988 5708 3180 5751 eventu
3206 5712 3301 5749 seu
3329 5695 3475 5748 caede

1922 5794 2313 5845 condemnatur
2349 5808 2364 5846 ε
2398 5791 2734 5847 voluntarius
2783 5801 2985 5845 autem.
3024 5804 3089 5843 ex
3135 5790 3251 5844 solo
3282 5802 3479 5859 propo-
