3998 6326
163 383 272 448 οιτ

1134 379 1212 438 ΙΝ
1256 376 1497 437 EPIST.
1543 374 1604 434 S.
1646 367 1929 431 BASILII
1971 365 2403 430 CANONICAM
2445 367 2489 427 Ῑ.

3306 359 3403 425 618

166 494 469 564 ἀγγελικὺν,
524 495 635 564 βίον
675 490 940 553 ὑπελθὼν,
983 490 1077 542 καὶ
1122 490 1210 559 βίᾳ
1236 487 1424 541 τοῦτον
1456 483 1749 546 καταδεξὰ-

1857 489 2092 536 tonsurac
2139 480 2328 534 statuit
2378 488 2494 533 mea
2546 477 2838 545 imperialis
2893 476 3166 545 majestas,
3219 488 3277 530 ut
3321 480 3410 544 qui

172 605 358 656 μενος,
394 589 472 650 είς
509 585 826 654 ἐμπαιγμδν
871 582 946 652 τῷ
998 581 1262 654 φρικώδει
1307 579 1571 649 χρήσεται
1618 577 1747 645 σχή-

175 697 332 747 ματι.
364 681 648 746 Πεφύκασι
678 677 784 744 γάρ
835 677 882 728 cl
935 673 1044 727 τῶν
1072 672 1375 741 ἀνθρώπων
1407 669 1744 738 κουφότεροι,

171 774 254 832 είς
306 773 563 823 ἀπόνοιαν
604 766 958 838 ἐμπεσόντες,
1005 764 1099 817 καὶ
1141 765 1260 826 ταῖς
1307 761 1606 831 χειρίσταις
1653 759 1748 812 καὶ

173 860 664 930 παραδολωτέραις
701 855 1005 925 ὲπιτολμᾷν
1043 854 1326 924 πράξεσιν.
1383 850 1531 902 Ἀντὶ
1569 849 1750 901 τοίνυν

173 952 274 1018 τῆς
324 950 680 1016 άποκάρσεως
722 945 1003 1014 νομοθετεῖ
1042 946 1074 1014 ή
1108 942 1354 1014 βασιλεία
1384 958 1484 1009 μου
1518 939 1609 992 τὸν
1655 955 1750 990 πε-

174 1039 614 1109 πλημμεληκὸτα
675 1037 834 1104 φόνον
892 1035 1329 1106 μεμελετημένον
1387 1032 1638 1084 ἑκούσιον
1690 1033 1749 1083 ὲν

181 1132 400 1200 φυλακῇ
427 1132 492 1182 δι’
525 1129 644 1188 ὅλον
673 1128 762 1178 τὸν
791 1127 981 1196 χρόνον
1009 1128 1108 1196 τῆς
1137 1126 1282 1194 ζωῆς
1319 1125 1484 1176 αὐτοῦ
1517 1123 1746 1188 διάγειν,

182 1227 283 1275 καὶ
324 1221 594 1290 μηδέποτε
645 1219 854 1270 ἐκεῖθεν
890 1219 1234 1289 ἐξέρχεσθαι.
1285 1215 1405 1284 μηδ’
1453 1216 1560 1268 ἀπὸ
1599 1215 1750 1285 βασι-

177 1313 342 1380 λικῆς
375 1313 504 1372 ῑσως
547 1310 917 1379 προστάξεως,
966 1310 1106 1362 κατά
1151 1307 1321 1378 λήθην
1360 1305 1747 1374 ποριζομένης.

188 1405 320 1456 Ἐπὶ
351 1405 406 1456 δὲ
445 1406 568 1466 ταῖς
619 1402 967 1472 περιουσίαις
1017 1401 1194 1454 αὐτῶν
1231 1398 1480 1465 γίνεσθαι
1514 1397 1693 1460 καθὼς
1724 1397 1752 1447 ό

177 1494 693 1564 προμνημονευθε“ις
727 1491 981 1560 βασιλεὺς
1027 1489 1331 1556 διετάξατο.
1400 1490 1553 1542 Ἐπεὶ
1599 1490 1655 1540 δὲ
1703 1491 1752 1542 oi

179 1585 405 1646 πλείους
453 1584 567 1636 τῶν
613 1584 817 1651 φονέων
866 1586 930 1636 ἐκ
988 1583 1217 1651 μελέτης
1268 1583 1361 1634 καὶ
1414 1580 1754 1648 διασκέψεως

181 1677 312 1738 τοὺς
356 1677 548 1742 φόνους
595 1676 1078 1746 κατεργαζόμενοι,
1127 1673 1318 1724 ἔπειτα
1362 1676 1428 1741 τῇ
1476 1673 1755 1744 ἁγιωτάτῃ

184 1767 284 1816 τοῦ
329 1765 462 1816 Θεοῦ
502 1766 729 1836 Μεγάλῃ
778 1763 1069 1832 Ἐκκλησία
1101 1761 1508 1830 προσελθόντες,
1542 1762 1640 1831 οὐχ
1679 1763 1754 1824 ὡς

186 1859 385 1925 γέγονε
421 1857 548 1925 παρ’
600 1856 774 1906 αὐτῶν
821 1855 848 1905 ό
884 1853 1064 1920 φόνος,
1124 1851 1260 1904 ἀλλὰ
1301 1852 1436 1921 πρὸς
1463 1852 1525 1904 τὸ
1554 1854 1756 1905 οἰκεῖον

185 1947 470 2014 συμφέρον
503 1944 778 1994 ποιοῦνται
807 1941 905 2010 τὴν
927 1943 1338 2011 ἐξομολόγησιν,
1364 1944 1466 2010 τὴν
1497 1943 1755 2011 ἀλήθειαν

186 2039 698 2108 παρακρύπτοντες,
762 2036 1198 2105 παρακελεύεται
1254 2039 1286 2102 ή
1340 2036 1587 2104 βασιλεία
1653 2053 1754 2104 μου

183 2130 406 2198 γραφὴν
443 2129 686 2194 γίνεσθαι
731 2127 822 2180 τοῦ
867 2129 1010 2179 κατά
1047 2127 1273 2196 καιροὺς
1318 2127 1623 2194 ἀγιωτάτου
1656 2144 1759 2180 πα-

181 2221 454 2288 τριάρχου
494 2219 615 2287 μετ’
654 2218 932 2286 ἐπιτιμίου
966 2220 1101 2286 πρὸς
1141 2219 1232 2270 τὸν
1275 2218 1415 2270 κατὰ
1440 2218 1626 2288 χώραν
1658 2221 1756 2288 ἀρ-

183 2313 378 2380 χιερέα
410 2311 504 2363 καὶ
532 2311 623 2362 τὸν
664 2309 756 2362 ὑπ’
787 2310 951 2361 αὑτὸν
982 2309 1202 2378 κλῆρον,
1237 2308 1372 2362 ἀλλά
1401 2309 1506 2378 μὴν
1538 2311 1630 2362 καὶ
1663 2312 1756 2362 τὸν

183 2399 286 2451 τοῦ
335 2400 570 2466 θέματος
601 2400 904 2468 διαιτητὴν,
952 2399 1044 2452 καὶ
1073 2395 1256 2461 καθὼς
1299 2399 1462 2466 μάθοι
1502 2402 1755 2467 γενέσθαι

185 2492 283 2538 τὸν
315 2490 474 2556 φόνον
507 2488 612 2539 ἀπὸ
635 2489 730 2554 τῆς
753 2487 977 2539 ἐκείνων
1012 2485 1375 2554 ἀντιγραφῆς,
1406 2486 1548 2538 οὕτω
1585 2490 1759 2540 ποιεῖν

187 2582 287 2630 καὶ
321 2579 420 2646 τὴν
457 2578 798 2642 ὲπεξέλευσιν
828 2593 842 2607 ·
867 2577 962 2629 καὶ
997 2575 1072 2646 μὴ
1097 2576 1186 2628 τὸν
1215 2577 1280 2628 ὲκ
1303 2575 1534 2644 μελέτης
1567 2577 1760 2643 φονεύ-

188 2686 346 2730 οντα,
370 2668 456 2721 διὰ
484 2669 584 2736 τὴν
614 2667 781 2735 ψευδῆ
809 2666 1149 2735 ὲξαγορείαν,
1181 2665 1279 2727 τὰς
1303 2665 1392 2719 τοῦ
1425 2668 1566 2720 κατά
1589 2668 1759 2737 τύχην

196 2759 290 2814 καὶ
324 2739 647 2826 ἁπροόπτως
682 2757 758 2826 τῷ
784 2756 1010 2823 τοιούτῳ
1043 2758 1429 2825 περιπεσόντος
1453 2760 1760 2829 ἐγκλήματι

189 2847 448 2917 δέχεσθαι
478 2848 666 2910 ποινὰς
698 2849 794 2899 καὶ
823 2850 889 2898 τά
924 2847 1196 2916 ἐπιτίμια.
1223 2848 1288 2899 Εἴ
1316 2865 1398 2910 τις
1431 2850 1617 2918 μέντοι
1651 2852 1757 2905 τῶν

192 2943 423 3008 φονέων,
462 2944 526 3010 τῇ
557 2941 832 3009 ἁγιωτάτῃ
877 2938 1106 3010 Μεγάλῃ
1154 2941 1486 3009 προσφυγὼν
1528 2943 1755 3014 Ἐκκλη-

194 3033 308 3100 σία,
341 3037 433 3081 καὶ
455 3030 485 3098 ἢ
510 3033 574 3098 τῇ
606 3031 864 3098 ἀειφυγίᾳ
891 3027 1265 3098 κατακρίθεις,
1291 3029 1323 3098 ἢ
1351 3031 1568 3099 δέσμιος
1597 3029 1756 3100 εἶναι,

193 3125 291 3173 καὶ
333 3123 390 3172 ὲν
423 3121 634 3188 φυλακῇ
670 3119 1047 3186 ἐγκεκλεῖσθαι
1094 3122 1223 3189 παρ’
1269 3122 1398 3190 ὅλην
1450 3125 1614 3178 αὐτοῦ
1661 3126 1758 3196 τήν

193 3213 366 3281 ζωὴν,
395 3213 592 3282 εὑρεθῇ
636 3213 821 3274 ἄνετος
868 3213 1259 3282 ἐμπεριπατῶν
1307 3214 1437 3269 ἔνθα
1478 3217 1567 3270 τὸν
1601 3219 1759 3286 φόνον

194 3304 512 3372 εἰργάσατο,
546 3305 761 3372 δέσμιος
794 3306 947 3373 παρὰ
989 3303 1082 3356 τοῦ
1124 3305 1264 3358 κατὰ
1309 3306 1491 3377 χώραν
1522 3310 1759 3379 πράκτο-

197 3410 292 3462 ρος
321 3395 758 3463 ἀποσταλήσεται
796 3396 873 3455 είς
907 3395 1004 3463 τὴν
1031 3396 1312 3464 βασιλείαν
1342 3415 1444 3465 μου
1469 3415 1483 3429 ο
1528 3402 1621 3453 καὶ
1658 3402 1760 3456 ὅσα

194 3483 253 3534 δὲ
281 3483 405 3535 τότε
437 3484 854 3554 παρευρεθῶσιν
880 3486 1045 3538 αὑτοῦ
1091 3488 1416 3556 πράγματα,
1454 3492 1533 3553 είς
1571 3493 1760 3561 κέρδος

196 3577 355 3626 ἔσται
404 3575 481 3643 τῷ
523 3576 814 3644 πράκτορι,
848 3576 941 3627 καὶ
975 3576 1051 3646 τῷ
1091 3577 1180 3628 τὸν
1227 3580 1391 3645 φονέα
1448 3583 1762 3650 καταμηνύ-

198 3665 372 3724 σαντι,
405 3663 600 3732 ἐπίσης
638 3665 769 3733 παρ’
805 3664 985 3718 αὐτῶν
1036 3668 1370 3735 μεριζόμενα
1401 3686 1414 3698 ·
1451 3673 1674 3741 μελήσει
1703 3674 1760 3727 δὲ

195 3755 413 3814 πάντως
443 3757 533 3806 καὶ
559 3758 668 3818 τοῖς
703 3758 757 3808 ὲν
781 3759 846 3827 τῇ
889 3757 1166 3830 ἁγιωτάτῃ
1197 3760 1423 3831 Μεγάλῃ
1461 3763 1760 3834 Ἐκκλησία

193 3847 302 3898 τῶν
332 3848 587 3900 τοιούτων
619 3849 924 3916 διαιτηταῖς
954 3851 1091 3918 μετὰ
1132 3854 1516 3922 προσηκούσης
1542 3872 1760 3910 κανονι-

194 3936 298 4005 κῆς
341 3937 639 4006 αὐστηρίας
671 3938 738 3991 τὰ
772 3938 966 4006 φονικὰ
1003 3940 1250 4002 κολάζειν
1291 3943 1631 4013 ἐγκλήματα,
1667 3945 1760 3998 καὶ

200 4027 276 4095 μὴ
319 4029 444 4090 τοὺς
475 4030 720 4097 χρόνους,
766 4028 840 4090 ὡς
888 4031 1068 4101 έτυχε,
1106 4033 1441 4102 συντέμνειν,
1479 4035 1573 4090 καὶ
1627 4037 1761 4106 μηδὲ

195 4117 284 4185 ἐφ’
310 4114 390 4180 οἷς
420 4119 480 4170 οὺ
511 4119 614 4188 χρὴ
645 4120 807 4172 πλέον
829 4119 922 4173 τοῦ
951 4122 1156 4184 είκότος
1194 4123 1757 4193 φιλανθρωπεύεσθαι.

201 4208 324 4260 Ἴσα
377 4211 560 4278 μέντοι
601 4209 694 4261 τοῦ
747 4211 1011 4278 παρόντος
1053 4211 1422 4281 διατάγματος
1467 4215 1565 4287 τῆς
1607 4218 1762 4286 βασι-

197 4299 348 4360 λείας
409 4317 511 4366 μου
563 4300 946 4370 ὑπογραφέντα
975 4301 1127 4370 παρὰ
1173 4303 1281 4356 τῶν
1339 4308 1760 4375 προϊσταμένων

191 4389 305 4440 τῶν
365 4388 732 4459 δικαστηρίων
787 4391 1162 4446 ἀποσταλέντα
1215 4395 1336 4455 ταῖς
1387 4396 1526 4448 κατὰ
1576 4398 1758 4466 χώραν

1852 567 2210 623 voluntariam
2268 569 2466 623 caedem
2518 574 2678 636 capto
2730 567 2954 621 consilio
3000 570 3410 636 perpetraverit,

1849 662 1902 713 in
1937 661 2181 715 custodia
2221 669 2332 716 toto
2366 661 2490 714 vitae
2520 675 2629 714 sure
2671 669 2910 729 tempore
2962 661 3162 730 degat:
3211 668 3263 712 et
3315 675 3413 714 nec

1851 752 2002 806 illinc
2052 753 2269 821 quidem
2335 767 2572 820 unquam
2625 753 2886 806 educatur
2947 765 3044 806 ncc
3081 752 3231 820 jussu
3273 750 3414 806 forte

1852 843 2210 913 imperatorio
2265 860 2360 913 per
2418 843 2743 898 oblivionem
2798 831 3063 897 exhibito.
3123 845 3196 897 De
3225 855 3411 921 eorum

1854 944 2033 987 autem
2068 935 2409 990 facultatibus
2448 935 2560 998 ﬂat,
2594 937 2736 989 sicut
2767 935 2934 1002 jussit
2966 936 3264 1004 imperator
3296 950 3413 989 me-

1853 1033 2116 1079 moratus.
2145 1027 2281 1091 Quia
2314 1037 2490 1080 autem
2523 1026 2702 1094 plures
2755 1026 3063 1088 homicidaz,
3096 1028 3186 1095 qui
3216 1027 3414 1080 caedem

1855 1119 2114 1170 meditato
2155 1127 2208 1170 et
2238 1118 2465 1172 consilio
2499 1129 2659 1187 capto
2690 1128 3024 1188 perpetrant,
3059 1121 3124 1171 ad
3178 1119 3416 1172 sanctis-

1854 1209 2046 1263 simam
2084 1209 2175 1262 Dei
2213 1207 2456 1276 Magnam
2485 1209 2782 1264 Ecclesiam
2838 1223 3020 1280 postea
3075 1212 3412 1272 accedentes.

1857 1314 1962 1352 non
1991 1308 2048 1351 ut
2074 1297 2216 1352 facta
2248 1308 2330 1353 est
2362 1315 2389 1351 a
2424 1314 2503 1363 se,
2539 1300 2631 1353 sed
2665 1307 2722 1351 ut
2751 1301 2815 1352 ad
2849 1314 3002 1353 suam
3052 1300 3177 1352 facit
3211 1300 3417 1354 utilita-

1857 1398 1984 1454 tem,
2017 1391 2294 1444 veritatem
2325 1389 2585 1456 celantes,
2617 1390 2814 1444 ctrdem
2862 1389 3222 1454 confitentur;
3266 1390 3418 1457 jubet

1857 1495 1972 1533 mea
2016 1481 2315 1549 imperialis
2362 1481 2684 1545 sublimitas,
2722 1493 2778 1535 ut
2834 1499 2864 1536 a
2922 1483 3267 1538 sanctissimo
3320 1497 3418 1556 pro

1858 1580 2098 1639 tempore
2126 1564 2430 1641 patriar'cha
2469 1575 2532 1626 ad
2567 1573 2804 1640 regionis
2860 1574 3176 1638 antistitem,
3216 1581 3290 1639 et,
3326 1572 3417 1642 qni

1858 1663 1908 1717 ei
1942 1664 2154 1726 subest,
2198 1665 2421 1729 clerum,
2454 1666 2745 1731 quinetiam
2791 1664 2857 1718 ad
2908 1665 3141 1734 regionis
3186 1665 3421 1731 iudicem

1861 1771 1982 1811 cum
2038 1770 2212 1826 paenae
2245 1758 2665 1812 comminatione
2723 1757 3018 1810 scribatur.
3067 1757 3134 1809 Et
3160 1756 3423 1824 quemad-

1786 1840 1831 1898 Β
1861 1849 2077 1903 modum
2122 1850 2319 1904 factam
2378 1865 2498 1904 esse
2551 1850 2747 1903 caedem
2792 1861 2855 1900 ex
2907 1848 3122 1900 illorum
3159 1850 3422 1912 rescripto

1858 1939 2206 2003 intellexerit,
2264 1940 2334 1993 ita
2387 1953 2504 1992 eam
2562 1951 2778 2006 quoque
2835 1935 3178 1991 ulciscatur:
3231 1945 3284 1990 et
3316 1952 3420 1990 non

1858 2043 2006 2095 eum,
2063 2033 2152 2098 qui
2184 2028 2601 2098 capto-consilio
2635 2029 2834 2082 caedem
2876 2027 3024 2096 facit,
3061 2037 3276 2098 propter
3312 2027 3419 2082 ial-

1860 2138 1975 2176 sam
2015 2137 2166 2176 suam
2199 2122 2621 2185 confessionem,
2658 2123 2874 2176 easdem
2908 2135 3097 2190 pmnas
3130 2123 3427 2191 eademque

1861 2211 2146 2280 supplicia,
2183 2227 2303 2280 qua:
2335 2213 2558 2266 fortuito
2589 2223 2644 2266 et
2674 2213 2968 2282 improviso
2995 2214 3048 2266 in
3077 2215 3181 2267 tale
3210 2213 3424 2281 aliquod

1861 2305 2066 2358 crimen
2117 2303 2384 2367 incidens,
2413 2306 2627 2358 subeat.
2666 2302 2721 2358 Si
2753 2304 2874 2374 quis
2898 2313 3078 2358 autem
3131 2303 3424 2365 homicida,

1862 2394 1951 2463 qui
1979 2395 2044 2446 ad
2073 2394 2473 2448 sanctissimam
2499 2394 2741 2464 Magnam
2770 2378 3428 2462 Ecclesiam-confugerat
3506 2419 3508 2421 ν

1863 2492 1918 2535 et
1942 2483 2026 2537 vel
2062 2492 2320 2554 perpetuo
2343 2484 2538 2539 exsilio
2564 2485 2977 2547 condemnatus,
3008 2482 3089 2538 vel
3118 2484 3170 2537 in
3198 2484 3430 2538 vinculis

1864 2586 1915 2627 et
1949 2580 1999 2628 in
2033 2587 2288 2646 perpetua
2319 2592 2438 2632 esse
2460 2578 2704 2632 custodia
2738 2587 2851 2632 toto
2878 2578 3000 2631 vita:
3030 2592 3138 2631 sua:
3189 2587 3429 2645 tempore

1853 2663 2041 2731 jussus
2076 2675 2213 2735 erat,
2250 2668 2491 2734 solutus,
2530 2669 2774 2723 inventus
2804 2668 2968 2723 fuerit
3021 2670 3074 2722 in
3128 2671 3243 2724 loco
3266 2708 3280 2732 ,
3334 2668 3424 2723 ubi

1863 2756 2063 2808 caedem
2100 2758 2450 2826 perpetravit.
2481 2758 2779 2821 ambulare,
2804 2758 3017 2812 vinctus
3060 2758 3126 2812 ab
3151 2767 3426 2826 exactore,

1865 2849 1955 2916 qui
1989 2857 2074 2902 est
2107 2851 2160 2902 in
2187 2849 2427 2917 regione,
2458 2850 2524 2903 ad
2559 2863 2730 2904 meam
2761 2851 3097 2919 imperialem
3123 2853 3425 2907 sublimita-

1865 2948 1970 2990 tem
2006 2938 2270 3002 mittetur,
2322 2947 2375 2992 et
2411 2954 2746 3008 quaecunque
2774 2940 2992 3008 quidem
3047 2955 3133 2995 res
3191 2952 3320 2996 tunc
3369 2941 3420 2997 ei

1864 3031 2092 3086 inventa:
2125 3030 2348 3098 fuerint,
2382 3032 2625 3086 exactori
2675 3032 2729 3085 in
2776 3032 2985 3086 lucrum
3027 3033 3240 3097 cedent,
3293 3042 3345 3088 et
3371 3034 3421 3088 ei

1864 3121 1953 3185 qui
1991 3121 2317 3176 homicidam
2357 3122 2611 3176 indicavit
2635 3137 2701 3176 ex
2735 3137 2890 3191 aequo
2921 3123 3064 3176 inter
3089 3139 3183 3179 eos
3214 3123 3419 3178 divisa’.

1864 3210 2098 3266 Omnino
2115 3221 2292 3267 autem
2325 3229 2467 3268 cura:
2491 3214 2593 3266 erit
2618 3213 2700 3274 iis,
2729 3214 2816 3280 qui
2847 3225 2970 3269 sunt
3001 3215 3053 3268 in
3084 3215 3425 3271 sanctissima

1863 3302 2056 3373 Magna
2091 3302 2358 3368 Ecclesia,
2395 3302 2608 3356 illorum
2663 3303 2956 3372 judicibus,
2988 3314 3046 3358 ut
3081 3320 3202 3360 cum
3233 3321 3427 3362 conve-

1863 3396 2048 3450 niente
2077 3395 2334 3449 canonica
2371 3393 2662 3448 severitate
2717 3394 2944 3448 crimina
2982 3395 3144 3450 caedis
3176 3398 3423 3465 puniant,

1864 3495 1917 3539 et
1950 3495 2191 3555 tempora
2223 3502 2326 3541 non
2374 3496 2577 3540 temere
2631 3487 2975 3550 contrahant,
3014 3501 3112 3542 nec
3139 3488 3419 3558 plusquam

1863 3590 1962 3643 par
1995 3576 2084 3639 sit,
2119 3577 2171 3629 in
2203 3576 2267 3630 iis
2301 3590 2421 3644 qute
2448 3591 2554 3629 non
2587 3576 2762 3638 decet,
2795 3590 2852 3629 se
2881 3576 3026 3630 lenes
3049 3587 3102 3631 et
3134 3578 3423 3634 clementes

1863 3673 2138 3733 prmstent.
2221 3663 2519 3733 lmperialis
2587 3674 2765 3720 autem
2839 3681 2971 3720 meae
3024 3671 3428 3724 constitutionis

1863 3755 2128 3823 exempla,
2162 3753 2232 3809 ab
2257 3754 2322 3808 iis
2336 3757 2425 3823 qui
2451 3766 2686 3824 praesunt
2708 3755 2926 3824 iudiciis
2944 3757 3232 3826 descripta,
3261 3760 3426 3816 missa

1865 3846 1930 3900 ad
1961 3845 2219 3900 ecclesias
2250 3861 2369 3914 qua:
2413 3856 2538 3900 sunt
2575 3848 2628 3902 in
2677 3847 2894 3917 regione
2933 3848 3004 3902 ibi
3056 3861 3425 3919 reportentur;

1867 3945 1926 3990 ut
1981 3951 2169 3991 eorum
2227 3952 2343 4003 quze
2394 3947 2520 3991 sunt
2551 3939 2867 4003 constituta,
2911 3955 3099 3995 omnes
3143 3943 3424 3996 scientiam

1865 4027 2124 4091 habeant,
2158 4036 2216 4082 ut
2245 4028 2451 4083 faciant
2475 4031 2929 4097 quemadmodum
2964 4033 3042 4085 eis
3073 4035 3426 4102 comprehen-

1863 4117 2031 4172 ditur.
2067 4117 2224 4185 Quod
2249 4119 2295 4173 si
2327 4119 2374 4174 is
2427 4120 2517 4187 qui
2545 4130 2702 4189 capto
2751 4121 2975 4175 consilio
3006 4123 3206 4177 caedem
3263 4125 3425 4189 fecit,

1863 4218 2143 4263 tonsuram
2194 4226 2290 4265 sua
2325 4221 2515 4280 sponte
2548 4211 2792 4280 elegerit,
2835 4227 2940 4267 non
2995 4215 3196 4284 absque
3227 4220 3426 4284 proba-

1864 4299 2006 4353 tione
2043 4300 2186 4355 inter
2239 4303 2534 4355 monachos
2585 4305 2952 4370 cooptabitur,
2987 4308 3079 4361 sed
3140 4309 3423 4364 suﬂicienti

1865 4401 2108 4459 tempore
2125 4392 2528 4446 accuratissime
2550 4401 2598 4446 et
2620 4394 3029 4464 diligentissime
3051 4412 3116 4452 ex
3151 4401 3422 4456 canonicis

193 4480 513 4549 ἐκκλησίαις
540 4481 937 4551 ἀποτεθήσεται
959 4499 971 4512 ·
994 4483 1135 4536 ὥστε
1162 4485 1366 4548 πάντας
1392 4486 1595 4557 εἴδησιν
1614 4488 1754 4558 ἔχειν

1866 4479 2344 4536 constitutionibus
2387 4484 2752 4551 examinatus,
2801 4496 2856 4538 et
2899 4487 3178 4554 probatus,
3229 4489 3279 4542 in
3308 4504 3421 4544 mo-

195 4571 306 4623 τῶν
343 4573 733 4642 διωρισμένων,
780 4573 855 4635 ὡς
897 4575 962 4626 ἂν
1007 4575 1204 4628 ποιῶσι
1244 4578 1384 4630 κατὰ
1422 4579 1520 4647 τὴν
1549 4582 1752 4636 τούτων

194 4663 510 4731 περίληψιν.
540 4666 710 4733 Είπερ
741 4667 922 4734 μέντοι
947 4667 973 4719 ό
1003 4667 1093 4720 τὸν
1129 4667 1566 4738 μεμελετημένον
1593 4675 1750 4741 φόνον

196 4755 566 4824 ἐργασάμενος
612 4757 872 4818 ἑκουσίως
923 4757 1097 4809 ἕλοιτο
1137 4758 1238 4826 τὴν
1280 4759 1605 4830 άπόκαρσιν,
1649 4766 1749 4816 οὐκ

195 4844 573 4914 ἀδοκιμάστως
607 4848 716 4907 τοῖς
759 4849 1007 4916 μοναχοῖς
1051 4850 1567 4920 ἐγκαταλεγήσεται,
1611 4853 1749 4908 ἀλλά

195 4934 332 4998 μετά
359 4936 558 5003 πολλῆς
582 4935 863 5005 ἀκριϐείας
894 4939 986 4989 καὶ
1033 4936 1328 5002 ἐξετάσεως
1356 4941 1446 4995 τὸν
1473 4943 1746 5012 ἀρκοῦντα

1862 4571 2103 4625 nasterio
2159 4571 2242 4624 vel
2299 4572 2501 4628 invitus
2549 4583 2662 4629 toto
2724 4577 2845 4630 vitae
2903 4588 3141 4647 tempore
3206 4595 3424 4636 manere

1857 4672 2104 4732 cogetur,
2141 4679 2243 4719 nec
2283 4664 2330 4720 ei
2388 4679 2621 4734 unquam
2667 4666 2812 4722 illinc
2857 4670 3006 4724 exire
3057 4675 3418 4740 permittatur.

1856 4753 2241 4808 Monasteriu‘m
2276 4763 2454 4808 autem
2484 4757 2588 4810 erit
2618 4758 2838 4812 omnino
2870 4761 2923 4814 in
2957 4760 3059 4814 alia
3113 4763 3418 4832 provincia,

1857 4858 1910 4901 et
1940 4863 2042 4901 non
2061 4849 2112 4899 in
2140 4861 2202 4900 ea
2225 4857 2366 4900 terra
2394 4863 2515 4916 qua:
2543 4849 2737 4902 mortui
2763 4853 3082 4922 sanguinem
3131 4857 3417 4910 dehiscens

1856 4940 1993 4996 male
2014 4937 2266 5006 suscepit.

193 5026 384 5094 χρόνον
419 5028 554 5078 κατὰ
596 5029 692 5089 τὰς
715 5029 1003 5092 κανονικάς
1020 5029 1288 5094 διατάξεις
1309 5032 1752 5106 βασανιζόμενος.
1788 5035 1879 5105 Τῷ
1914 5035 2095 5104 μέντοι
2128 5032 2476 5102 μοναστηρίῳ
2528 5032 2620 5085 καὶ
2654 5034 2803 5087 ἄκων
2855 5037 3181 5104 προσμένειν
3241 5043 3412 5109 ἀναγ-

192 5119 523 5187 κασθήσεται
555 5118 684 5187 παρ’
726 5118 846 5171 ὅλον
893 5121 983 5171 τὸν
1014 5120 1113 5189 τῆς
1153 5123 1297 5191 ζωῆς
1334 5125 1497 5177 αὐτοῦ
1555 5129 1763 5197 χρόνον,
1804 5129 2071 5197 μηδέποτε
2101 5125 2291 5176 τούτου
2322 5124 2637 5194 ὲξέρχεσθαι
2679 5128 3146 5196 συγχωρούμενοο.
3194 5132 3414 5199 Πάντως

189 5213 244 5264 δὲ
278 5213 336 5264 τὸ
366 5211 725 5280 μοναστήριον
743 5213 802 5262 ὲν
827 5211 990 5282 ἑτέρᾳ
1027 5212 1180 5265 ἔσται
1222 5215 1480 5286 ἐπαρχίᾳ,
1522 5220 1614 5271 καὶ
1644 5221 1743 5271 οὐκ
1775 5222 1831 5272 ὲν
1867 5219 2053 5289 ἐκείνῃ
2093 5219 2159 5284 τῇ
2200 5217 2290 5284 γῇ,
2336 5216 2369 5281 ἧ
2400 5215 2461 5266 τὸ
2510 5215 2605 5268 τοῦ
2657 5216 2908 5280 θανόντος
2967 5214 3105 5289 αἷμα
3177 5223 3418 5291 χανοῦσα

190 5303 372 5366 κακῶς
416 5301 728 5367 ὑπεδέξατο.

257 5399 499 5453 ΖΩΝΑΡ.
535 5399 672 5467 Περὶ⁵
700 5401 960 5452 ἑκουσίων
983 5402 1076 5453 καὶ
1105 5403 1375 5457 ἀκουσίων
1400 5406 1574 5472 φόνων
1603 5408 1750 5476 ήρω-

185 5484 320 5553 τήθη
355 5486 380 5536 ὁ
403 5487 579 5550 ἆγιος,
614 5487 706 5536 καὶ
735 5489 874 5549 τέως
922 5487 1013 5539 τὸν
1038 5489 1134 5558 τὴν
1155 5492 1344 5561 ἀξίνην
1372 5494 1748 5564 ἀκοντίσαντα,

183 5577 274 5628 καὶ
301 5577 582 5645 πλήξαντα
623 5577 795 5646 ταύτῃ
849 5579 948 5648 τὴν
1001 5582 1207 5633 οἰκείαν
1260 5587 1528 5655 γαμετὴν,
1582 5590 1747 5655 φονέα

182 5660 320 5718 εἶναι
355 5666 606 5718 ἑκούσιον
671 5668 1009 5736 ἀπεφήνατο,
1071 5672 1164 5722 καὶ
1228 5673 1404 5726 πάντα
1456 5676 1543 5728 τὸν
1601 5677 1746 5746 ξίφει

178 5756 459 5826 χρώμενον
516 5756 782 5822 οίῳδήτινι
832 5759 971 5812 κατά
1015 5775 1177 5822 τινος.
1215 5761 1454 5816 Ποιείται
1498 5767 1549 5820 Et
1604 5768 1740 5820 διαί-

502 5851 766 5909 ι¹Ατιιοι.
823 5853 935 5912 Gtt.
989 5858 1358 5919 CXXXVI“.

1923 5406 2029 5477 63
2062 5401 2313 5458 ZUNAR.
2349 5400 2422 5456 De
2466 5401 2787 5457 voluntariis
2819 5403 3278 5461 acinvoluutariis
3304 5424 3413 5464 ca:-

1854 5499 2012 5551 dibus
2062 5497 2432 5562 interrogatus
2483 5503 2565 5545 est
2629 5503 2902 5548 sanctus:
2940 5505 3104 5563 atque
3164 5497 3291 5553 hinc
3321 5500 3412 5567 qui

1852 5590 2082 5644 securim
2125 5585 2397 5656 jaculatus
2443 5593 2558 5651 est,
2601 5600 2773 5654 eaque
2830 5601 3054 5641 uxorem
3098 5603 3248 5643 suam
3285 5606 3408 5658 per-

1850 5681 2039 5741 cussit,
2081 5678 2404 5731 homicidam
2433 5691 2552 5731 esse
2583 5677 2947 5731 voluntarium
2992 5679 3407 5744 demonstravit,

1849 5780 1901 5824 ct
1950 5771 2263 5839 quicunque
2315 5768 2492 5837 gladio
2542 5768 2792 5839 qtmpiam
2854 5771 3110 5824 adversus
3163 5772 3395 5842 aliquem

3026 5859 3102 5922 20
