3998 6326
578 390 703 452 ⁴6ί9

1855 393 1954 452 ΤΠ
1968 393 2133 457 ΕΟῙ).
2173 392 2573 452 BALSAMON

3737 398 3870 461 620

591 507 792 559 utitur.
827 504 1126 557 Discrimen
1167 514 1330 571 porro
1353 504 1631 558 constituit
1659 503 1797 555 inter
1821 502 2150 557 voluntarias

2263 519 2413 572 ρεσιν
2437 503 2546 554 τῶν
2580 503 2848 556 ἑκουσίων
2884 506 2977 560 καὶ
3028 507 3300 561 ἀκουσίων
3337 508 3545 574 φόνωνο
3582 513 3685 564 καὶ
3752 516 3867 565 τὸν

597 616 659 653 ac
694 597 1085 651 involuntarias
1115 596 1289 649 caedes
1329 614 1339 649 ε
1378 611 1439 650 ac
1469 611 1589 650 eum
1618 595 1721 663 ‘qui
1755 595 1805 647 in
1831 595 2024 656 feram,
2071 596 2156 648 vel

597 696 845 745 a-rhorem
903 688 1137 758 lapidem
1187 689 1339 757 jceit,
1398 689 1668 740 hominem
1704 701 1831 740 vero
1876 686 1983 741 illic
2018 687 2156 741 forte

596 789 1018 836 commorautem
1048 783 1350 848 percussit;
1384 780 1525 833 iilum
1543 795 1755 847 quoque
1780 779 1869 847 qui
1893 780 2004 833 loro
2025 818 2039 841 ,
2066 789 2157 832 aut

595 874 696 926 levi
722 874 866 941 virga
901 871 1209 939 quempiam
1242 871 1536 937 disciplinae
1556 870 1724 938 gratia
1754 869 2077 929 verberavit,
2109 869 2153 925 si

594 965 915 1013 verberatus
939 961 1192 1023 intereat,
1220 960 1640 1013 involuntarium
1662 958 2016 1027 proculdubio
2062 958 2158 1010 ho-

594 1052 842 1103 micidam
874 1062 1051 1105 vorat.
1084 1051 1184 1117 Qui
1210 1063 1383 1106 autem
1414 1052 1463 1104 in
1484 1051 1825 1103 contentione
1850 1050 2153 1117 quempiam

597 1144 851 1195 solidiore
908 1143 1101 1195 bacillo
1149 1151 1239 1194 aut
1292 1156 1453 1193 manu
1511 1141 1710 1193 acriter
1746 1139 1798 1192 in
1859 1141 2155 1207 prmeipuas

594 1244 774 1298 partes
830 1232 1121 1299 percussit,
1186 1231 1399 1285 etiamsi
1460 1229 1766 1283 interficere
1825 1228 1964 1281 haud
1997 1227 2155 1281 vellet

593 1322 957 1385 vulneratum,
1011 1324 1101 1375 sed
1138 1322 1331 1375 lmdere
1388 1329 1595 1373 tantum
1628 1327 1681 1372 et
1714 1319 2053 1387 propulsare,
2088 1318 2154 1369 ad

593 1413 956 1466 voluntarium
996 1412 1320 1465 homicidam
1353 1410 1590 1477 proxime
1627 1410 1885 1462 accedere
1906 1406 2152 1471 affirmat,

594 1506 636 1557 si
670 1506 985 1557 vulneratus
1013 1503 1261 1553 intereat.
1296 1499 1397 1563 Qui
1438 1508 1616 1552 autem
1650 1500 1793 1568 ligno
1822 1497 1971 1567 gravi
1995 1508 2046 1552 et
2078 1500 2155 1550 in-

595 1596 739 1660 uenti
796 1594 968 1661 lapide
1000 1594 1261 1644 adversus
1299 1590 1528 1657 aliquem
1583 1606 1714 1643 usus
1744 1588 1963 1653 occidit,
1990 1589 2154 1641 invo-

596 1688 886 1739 luntarium
943 1682 1082 1735 forte
1134 1684 1456 1736 homicidam
1488 1698 1609 1737 esse
1644 1684 1847 1735 definit.
1896 1681 1995 1746 Qui
2028 1694 2155 1734 vero

596 1791 725 1827 ense
753 1776 1003 1843 quapiam
1052 1785 1131 1827 (‘Sl
1158 1790 1308 1837 usus,
1340 1784 1393 1827 et
1427 1775 1687 1837 latrones,
1718 1783 1772 1826 ct
1803 1775 1894 1837 qui
1933 1774 2153 1826 bellicas

593 1867 939 1918 incursiones
970 1864 1173 1917 faciunt
1213 1867 1281 1917 ob
1317 1865 1599 1929 rapiendas
1648 1867 1927 1932 pecunias,
1963 1865 2150 1917 volun-

2271 1863 2427 1914 Ἀλλά
2464 1864 2571 1932 μὴν
2602 1864 2849 1927 καὶτοὺς
2890 1866 3159 1933 φάρμακα
3213 1866 3451 1927 διδόντας
3520 1867 3648 1925 τισὶ,

590 1959 759 2011 tarios
818 1958 1118 2011 homicidas
1162 1972 1282 2011 esse
1345 1957 1701 2009 demonstrat.
1765 1956 1905 2021 Quin
1966 1964 2019 2009 et
2058 1957 2147 2023 qui

591 2046 882 2113 pharmaca
940 2047 1179 2114 priebent
1232 2044 1523 2113 aliquibus,
1556 2046 1766 2097 etiamsi
1820 2042 2149 2105 interﬁcere,

589 2138 677 2205 qui
711 2138 1059 2208 pharmacum
1106 2138 1343 2201 miscuit,
1395 2136 1810 2205 haudquaquam
1860 2134 1912 2188 in
1971 2134 2151 2188 animo

594 2229 864 2290 nabuerit,
899 2229 992 2280 sed
1036 2227 1267 2296 aliquem
1317 2227 1383 2281 ad
1418 2242 1652 2280 amorem
1698 2228 1866 2280 voluit
1896 2227 2147 2288 allicere;

588 2318 718 2372 illud
758 2332 886 2371 vero
918 2319 1169 2370 haustum
1206 2318 1477 2372 bibentem
1529 2318 1821 2383 interfecit,
1852 2325 1944 2372 aut
1977 2318 2152 2371 homi-

592 2410 678 2463 nis
731 2420 965 2461 mentem
996 2408 1246 2475 eurupit
1300 2406 1367 2460 ad
1403 2408 1668 2461 insaniam
1724 2422 1845 2461 eum
1906 2407 2147 2475 adigens,

592 2500 734 2552 inter
754 2499 1091 2553 voluntarias
1126 2501 1300 2554 caedes
1348 2507 1649 2552 enumerat.
1685 2498 1996 2551 Homicidas
2022 2512 2149 2551 vero

589 2590 845 2644 mulieres
892 2589 1023 2641 dii-it
1084 2604 1179 2643 eas
1234 2603 1469 2657 quoque,
1507 2604 1625 2655 qua:
1680 2590 1969 2656 pharmaca
2019 2588 2151 2641 dant

2263 594 2361 662 μὲν
2386 596 2477 646 ἐπὶ
2519 592 2763 664 θηρίονῆ
2798 596 3013 665 δένδρον
3046 598 3277 669 ῥίψαντα
3328 599 3496 663 λίθον,
3545 602 3859 671 πλήξαντα

2262 681 2321 732 δὲ
2347 681 2633 750 ἄνθρωπον
2656 683 2815 751 τυχὸν
2847 687 3111 754 παριόντα
3156 688 3306 740 ἑκεῖ’
3354 690 3449 741 καὶ
3482 691 3573 742 τὸν
3603 692 3784 760 λώρῳ
3822 695 3858 760 ἢ

2258 772 2467 840 ἐλαφρᾷ
2504 772 2681 840 ῥάϐδῳ
2714 775 2994 842 πλήξαντά
3025 794 3145 829 τινα
3175 779 3265 830 διὰ
3320 780 3615 843 παίδευσιν,
3644 784 3756 835 ἑὰν
3798 785 3864 837 δὲ

2256 865 2284 913 6
2304 861 2532 929 πληγεὶς
2565 863 2834 933 ἀποθάνῃ,
2867 866 3123 918 ἀκούσιον
3146 869 3309 933 φονέα
3341 869 3495 921 καλεί
3521 871 3861 938 ἀναμφίόο-

2258 951 2364 1004 λον.
2406 952 2507 1003 Τὸν
2548 952 2602 1004 δὲ
2638 956 2695 1006 ὲν
2731 955 3034 1025 φιλονεικίᾳ
3089 958 3374 1027 πλήξαντά
3424 977 3544 1012 τινα
3586 962 3856 1030 στιϐαρᾷ

2260 1045 2457 1115 ῥάϐδῳ,
2490 1046 2522 1115 ἢ
2555 1049 2618 1113 τῇ
2644 1048 2789 1115 χειρὶ
2823 1047 3059 1115 ἀφειδῶς
3099 1053 3195 1102 ἐπὶ
3240 1053 3309 1103 ca:
3364 1052 3572 1121 καίρια,
3606 1053 3725 1105 κᾶν
3769 1056 3857 1122 μὴ

2255 1136 2467 1189 ἀνελεῖν
2518 1136 2680 1206 ἠθελε
2720 1136 2810 1189 τὸν
2873 1139 3177 1207 πληγέντα,
3232 1142 3370 1193 ἀλλά
3421 1144 3669 1196 κακῶσαι
3750 1148 3859 1196 καὶ

2256 1224 2589 1293 ἀμύνασθαι,
2630 1223 2869 1292 ἐγγίζειν
2902 1226 2980 1295 τῷ
3025 1228 3288 1292 ἑκουσίως
3318 1232 3594 1297 φονεύοντι
3643 1231 3854 1297 λέγει,

2256 1314 2348 1368 τοῦ
2381 1314 2677 1383 πληγέντος
2716 1316 3125 1380 ἀποθανόντοςο
3155 1321 3249 1373 καὶ
3279 1322 3367 1372 τὸν
3416 1322 3552 1391 ξύλῳ
3580 1323 3630 1374 δὲ
3670 1322 3859 1390 βαρεῖ

2256 1408 2350 1459 καὶ
2388 1406 2519 1477 λίθῳ
2574 1408 2794 1477 μεγάλῳ
2826 1410 3172 1479 χρησάμενον
3224 1414 3364 1465 κατά
3393 1432 3552 1478 τινος,
3580 1416 3675 1467 καὶ
3706 1416 3856 1468 ἁνε-

2266 1498 2451 1563 ὶόντα,
2484 1500 2737 1552 ἀκούσιον
2757 1502 2898 1569 τάχα
2931 1503 3097 1569 φονέα
3144 1498 3282 1555 εἶναι
3317 1506 3577 1571 ὁρίζεται.
3634 1508 3763 1561 Τὸν
3791 1509 3855 1559 δὲ

2258 1586 2399 1655 ξίφει
2428 1590 2770 1658 χρησάμενον
2794 1591 3087 1661 οίῳδήτινι,
3160 1595 3253 1643 καὶ
3280 1594 3402 1654 τοὺς
3459 1594 3678 1665 λῃστὰς,
3742 1599 3853 1648 καὶ

2256 1682 2357 1740 τὰς
2408 1681 2631 1748 {cp/.606;
2700 1681 2983 1744 ποιοῦντας
3043 1684 3347 1752 πολεμικάς
3422 1686 3511 1737 διὰ
3572 1687 3853 1755 ἁρπαγὰς

2258 1772 2579 1841 χρημάτων,
2608 1772 2883 1833 ἑκουσίους
2911 1773 3177 1840 φονευτάς
3236 1769 3373 1825 εἶναι
3438 1776 3847 1841 ἀποφαίνεται.

3731 1867 3852 1918 κᾶν

2261 1953 2334 2021 μὴ
2364 1954 2623 2020 φονεῦσαι
2656 1956 2683 2006 6
2715 1956 2773 2008 τὸ
2799 1955 3086 2023 φάρμακον
3114 1958 3350 2025 κεράσας
3377 1957 3656 2024 προέθετο,
3687 1957 3848 2008 ἀλλὰ

2257 2043 2395 2110 πρὸς
2428 2044 2648 2113 φίλτρον
2696 2046 3077 2112 ἐπαγαγέσθαι
3142 2049 3265 2099 τινά
3320 2048 3587 2109 ὲόούλετο,
3645 2049 3713 2098 τὸ
3778 2048 3845 2099 δὲ

2257 2132 2420 2184 ποθὲν
2456 2134 2634 2184 ἀνεῖλε
2659 2135 2747 2185 τὸν
2778 2136 2989 2197 πιόντα,
3024 2135 3055 2203 ἢ
3093 2135 3182 2188 τὸν
3224 2136 3348 2188 νοῦν
3399 2136 3492 2187 τοῦ
3535 2133 3843 2204 ἀνθρώπου

2256 2221 2557 2291 διέφθειρε,
2602 2226 2924 2294 παράφρονα
2955 2224 3188 2293 ποιῆσαν
3229 2226 3318 2277 τὸν
3368 2228 3667 2293 ἄνθρωπον,
3715 2228 3841 2285 τοῖς

2258 2314 2528 2374 ἑκουσίοις
2555 2314 2733 2381 φόνοις
2767 2315 3080 2384 ἑναριθμεί.
3116 2317 3445 2385 Φονευτρίας
3471 2317 3527 2369 δὲ
3556 2316 3701 2382 λέγει
3730 2320 3838 2368 καὶ

2257 2406 2350 2468 τάς
2383 2406 2451 2458 τά
2480 2404 2852 2477 ἀμϐλωθρίδια
2877 2407 3126 2469 διδούσας
3154 2408 3443 2474 φάρμακα,
3475 2406 3569 2458 καὶ
3599 2407 3694 2468 τάς
3740 2406 3838 2459 δε-

2255 2498 2492 2565 χομένας
2530 2497 2687 2561 αὐτὰ,
2721 2496 2901 2559 καθὼς
2931 2498 3024 2550 καὶ
3051 2499 3109 2549 ἑν
3136 2498 3214 2568 τῷ
3240 2498 3476 2567 δευτέρῳ
3508 2498 3667 2549 αὑτοῦ
3720 2514 3833 2551 κα-

2258 2586 2372 2637 νόνι
2411 2586 2515 2655 ήδη
2538 2588 2668 2655 περὶ
2691 2586 2895 2638 τούτων
2920 2585 3177 2654 ὡρίσατο.

590 2684 834 2736 abortum
864 2682 1083 2747 cientia,
1116 2694 1167 2736 et
1201 2698 1319 2752 quae
1349 2683 1433 2735 illa
1465 2683 1761 2750 accipiunt,
1789 2682 2242 2751 quemadmodum
2278 2679 2331 2733 in
2370 2680 2611 2733 secundo
2648 2680 2820 2747 ipsius
2844 2695 3057 2733 canone
3080 2681 3189 2747 jam
3218 2679 3285 2734 de
3330 2680 3430 2733 hac
3464 2694 3521 2733 re
3557 2679 3829 2741 definlvrt.

660 2768 887 2823 ARIST.
924 2769 1197 2823 Homicida
1231 2783 1309 2824 est
1363 2773 1452 2839 qui
1492 2772 1667 2825 securi
1703 2783 1889 2825 contra
1923 2786 2145 2824 uxorem

595 2876 725 2913 usus
758 2871 859 2913 est.
918 2860 1320 2913 lnvoluntarius
1360 2874 1489 2912 vero
1522 2861 1789 2913 homicida
1838 2861 1929 2927 qui
1976 2860 2150 2927 lapide

591 2951 646 3003 in
686 2966 874 3003 canem
929 2951 1077 3018 jacto
1136 2951 1405 3003 hominem
1458 2960 1737 3004 assecutus
1796 2958 1879 3003 est
1917 2966 1928 3000 :
1968 2959 2021 3002 et
2058 2948 2149 3016 qui

592 3042 823 3110 casugat
851 3042 983 3103 loro,
1011 3052 1061 3093 et
1094 3044 1261 3109 virga.
1295 3042 1394 3105 Qui
1423 3043 1472 3093 in
1512 3056 1685 3109 pugna
1711 3041 1853 3109 ligno
1879 3042 1959 3094 vel
1988 3054 2150 3093 manu

589 3131 752 3182 ictum
817 3131 868 3181 in
909 3130 1209 3197 pi'azcipuas
1250 3141 1426 3197 partes
1471 3137 1707 3196 torquet,
1741 3138 1793 3182 et
1848 3129 2143 3194 interficit,

589 3221 655 3273 ad
691 3220 1050 3272 voluntarium
1102 3233 1269 3288 prOpe
1298 3222 1527 3275 accedit.
1562 3222 1661 3285 Qui
1692 3221 1870 3288 gladio
1927 3230 2019 3273 aut
2054 3221 2147 3272 ali-

586 3326 695 3378 quo
743 3310 1010 3376 ejusmodi
1061 3325 1193 3365 usus
1247 3321 1350 3374 est,
1384 3314 1605 3366 omnino
1654 3321 1739 3365 est
1782 3312 2143 3364 voluntarius.

585 3400 716 3454 item
753 3400 895 3454 latro
926 3410 981 3455 et
1014 3402 1203 3465 hostis,
1240 3410 1291 3453 et
1321 3402 1409 3469 qui
1443 3403 1601 3455 aliain
1630 3404 1697 3455 ob
1729 3416 1945 3455 causam
1978 3414 2144 3455 vene-

592 3507 715 3543 num
770 3491 995 3554 dederit,
1033 3492 1074 3545 si
1120 3492 1475 3555 interfecerit,
1504 3502 1585 3546 est
1618 3492 1946 3547 voluntarius
1970 3491 2146 3547 homi-

2332 2768 2553 2823 ΔῙἾΣΤ.
2609 2771 2827 2833 Φονεὺς,
2858 2772 2883 2822 6
2919 2770 3060 2822 κατά
3085 2771 3184 2839 τῆς
3221 2769 3478 2836 γυναικὸς
3511 2771 3662 2840 ἀξίνῃ
3682 2787 3828 2841 χρη-

2260 2862 2515 2931 σάμενος.
2558 2862 2835 2921 Ἀκούσιος
2896 2864 3157 2932 φονευτὴς
3208 2865 3236 2914 6
3302 2863 3449 2915 λίθον
3514 2866 3669 2931 ἀφεὶς
3726 2868 3828 2919 ἐπὶ

2258 2955 2417 3018 κύνα,
2448 2956 2540 3006 καὶ
2569 2954 2858 3021 ἀνθρώπου
2886 2955 3067 3023 τυχών
3091 2972 3105 2986 ·
3138 2960 3229 3009 καὶ
3266 2958 3293 3007 6
3339 2956 3606 3008 παιδεύων
3634 2958 3825 3023 ἱμάντι

2263 3045 2357 3096 καὶ
2386 3044 2553 3113 λύγῳ.
2604 3044 2658 3095 '0
2688 3044 2743 3096 δὲ
2778 3046 2835 3097 ὲν
2863 3045 3009 3113 μάχῃ
3041 3044 3180 3113 ξύλῳ
3208 3045 3237 3113 ἢ
3265 3047 3407 3113 χειρὶ
3432 3046 3554 3106 δοὺς
3611 3046 3699 3096 ἐπὶ
3755 3047 3826 3097 τά

2259 3137 2448 3203 καίρια
2497 3137 2591 3188 καὶ
2645 3136 2869 3198 ἀνελὼν,
2905 3136 3035 3205 ἄγχι
3080 3136 3170 3187 τοῦ
3228 3137 3496 3189 ἑκουσίου.
3568 3138 3626 3188 Ὀ
3680 3136 3826 3204 ξίφει
3905 3119 3911 3124 ’

2257 3226 2663 3296 χρησάμενοςῆ
2707 3229 2932 3297 τοιούτῳ
2959 3230 3084 3294 τινὶ,
3124 3229 3338 3291 πάντως
3383 3229 3649 3292 ἑκούσιος.
3710 3232 3825 3283 Καὶ

2258 3320 2285 3368 6
2314 3318 2539 3387 λῃστὴς,
2596 3319 2747 3370 καὶὸ
2778 3321 3052 3388 πολέμιος,
3086 3321 3176 3372 καὶ
3225 3322 3253 3371 6
3302 3321 3369 3371 δι’
3425 3321 3591 3390 ἀλλην
3646 3320 3824 3373 αἰτίαν

2257 3408 2474 3471 ἐπιδοὺς
2507 3411 2820 3479 φάρμακον,
2857 3413 2903 3463 εἰ
2935 3412 3120 3481 ἀνέλῃ,
3173 3412 3423 3473 ἑκούσιος
3446 3430 3460 3444 ο
3499 3415 3595 3464 καὶ
3631 3415 3686 3465 αι
3751 3413 3822 3463 τά

2255 3496 2633 3567 ἀμϐλωθρίδια
2663 3498 2922 3565 διδοῦσαι,
2960 3502 3051 3552 καὶ¹
3084 3501 3140 3553 αί
3171 3501 3569 3570 λαμϐάνουσαι.

586 3589 729 3642 cida.
761 3588 889 3641 ltein
922 3602 1040 3655 quae
1074 3587 1460 3640 medicamenta
1496 3592 1741 3640 abortum
1774 3587 2123 3655 provocantia
2157 3586 2305 3655 dant,
2339 3600 2391 3645 ct
2420 3607 2538 3661 qua:
2573 3594 2866 3664 accipiunt.

668 3684 1091 3737 llomicidiorum
1129 3685 1372 3750 quadam
1406 3692 1531 3736 sunt
1561 3682 1879 3749 voluntaria,
1916 3683 2015 3737 alia
2052 3698 2150 3736 au-

589 3791 693 3829 tem
750 3776 1110 3829 involuutaria
1148 3813 1161 3837 ,
1216 3774 1319 3827 alia
1358 3789 1484 3827 vero
1514 3774 1625 3827 fere
1684 3774 2010 3828 voluntaria.
2047 3773 2147 3839 Qui

593 3869 736 3918 enim
776 3865 963 3921 securi
998 3865 1227 3929 aliquem
1288 3865 1439 3932 petit,
1478 3874 1531 3916 et
1562 3879 1680 3917 eum
1733 3866 1949 3929 occidit,
1982 3872 2034 3919 et
2059 3865 2149 3935 qui

592 3963 655 4009 ad
721 3958 1151 4009 inici-lectionem
1188 3955 1364 4021 gladio
1399 3970 1528 4008 usus
1575 3964 1674 4018 est,
1710 3966 1762 4007 et
1811 3957 2066 4019 latrones,
2098 3966 2152 4009 et

590 4050 771 4099 hostes
802 4044 909 4113 (isti
934 4044 1078 4096 enim
1106 4053 1322 4111 propter
1346 4043 1628 4110 pecuniam
1651 4043 1927 4109 occidunt,
1976 4045 2029 4098 hi
2056 4060 2150 4096 au-

590 4147 693 4187 tem
724 4134 1062 4187 adversarios
1088 4133 1373 4187 manifesto
1401 4135 1595 4187 vellent
1625 4135 1897 4203 occidere)
1915 4136 2151 4188 volunta-

591 4228 653 4280 I‘ii
701 4226 1011 4294 judicautur
1046 4225 1343 4278 homicidae.
1390 4224 1650 4278 Similiter
1681 4234 1734 4277 et
1765 4239 1884 4293 qua:
1914 4225 2151 4278 medica-

590 4329 768 4371 menta
795 4316 960 4369 fetum
994 4314 1238 4367 necantia
1263 4315 1433 4376 dant,
1466 4322 1662 4382 etquae
1682 4314 1866 4367 eadem
1894 4322 2144 4367 sumunt:

589 4420 642 4460 et
670 4422 787 4474 quze
828 4405 1025 4457 vellent
1064 4419 1300 4456 amorem
1340 4403 1569 4469 alicujus
1601 4404 1665 4457 ad
1714 4419 1772 4458 se
1820 4404 2094 4457 attrahere
2128 4419 2143 4457 :

2327 3687 2446 3741 Τῶν
2477 3689 2652 3755 φόνων
2690 3689 2738 3741 oi
2782 3690 2882 3758 μέν
2921 3692 3062 3742 εἰσιν
3094 3690 3353 3755 ἑκούσιοι,
3387 3694 3435 3744 oi
3465 3692 3519 3744 δὲ
3547 3692 3815 3745 ἀκούσιοι·

2255 3778 2302 3829 οἱ
2322 3778 2377 3831 δὲ
2416 3779 2582 3845 ἐγγὺς
2610 3780 2883 3833 ἑκουσίου.
2930 3779 2989 3831 '0
3016 3782 3111 3847 μὲν
3170 3783 3278 3850 γὰρ
3317 3783 3602 3843 ἀκοντίσας
3627 3783 3817 3852 ἀξίνην

2255 3867 2395 3919 κατά
2424 3883 2567 3928 τινος
2618 3870 2709 3919 καὶ
2734 3867 2997 3932 φονεύσας
3021 3869 3216 3920 αὐτόν’
3268 3870 3360 3921 καὶ
3411 3872 3438 3921 6
3482 3871 3625 3937 ξίφει
3678 3889 3814 3941 χρη-

2258 3957 2493 4023 σάμενος
2523 3959 2601 4017 είς
2662 3957 2959 4025 ἀναίρεσιν,
2992 3958 3084 4008 καὶ
3139 3958 3188 4008 oi
3228 3956 3443 4027 Inani,
3476 3962 3567 4009 καὶ
3620 3961 3667 4010 ot
3718 3976 3817 4011 πο-

2258 4041 2437 4113 λέμιοι
2478 4045 2548 4113 (οἱ
2586 4046 2682 4111 μὲν
2708 4046 2817 4113 γάρ
2848 4046 2932 4097 διά
2960 4048 3216 4114 χρήματα
3262 4046 3599 4113 ἀναιροῦσιν,
3657 4051 3704 4101 ot
3760 4050 3818 4101 δὲ

2257 4134 2505 4203 φανερῶς
2563 4136 2772 4187 ἀνελεῖν
2826 4135 3068 4188 ἐθέλουσι
3160 4136 3283 4198 τοὺς
3359 4138 3816 4207 ἐναντιουμένους)

2260 4228 2498 4278 ἑκούσιοι
2527 4226 2803 4293 κρίνονται
2854 4228 3127 4295 φονευτσιί.
3177 4228 3451 4290 Ὡσαύτως
3501 4230 3556 4281 δὲ
3618 4232 3709 4282 καὶ
3760 4233 3815 4281 al

2254 4317 2585 4370 διδοῦσαιτά
2618 4317 2994 4386 ἑμδρυοκτόνα
3047 4319 3339 4387 φάρμακα,
3378 4319 3471 4369 καὶ
3499 4321 3553 4370 αι
3605 4320 3816 4387 λαμὸά-

2261 4426 2448 4461 νουσαι
2501 4408 2708 4461 ταῦτα·
2772 4411 2867 4461 καὶ
2936 4410 2991 4459 at
3054 4396 3371 4479 βουλόμεναι
3427 4411 3648 4480 φίλτρον
3677 4416 3813 4474 τινὸς

593 4508 645 4550 et
680 4498 1130 4549 medicamentum
1161 4498 1602 4557 conimiscentes,
1636 4497 1871 4561 illudque
1907 4496 2005 4563 ipsi
2038 4503 2147 4547 tra-

2261 4496 2395 4567 πρὺς
2424 4498 2619 4557 ἑαυτὰς
2649 4497 3055 4563 ἀφελκύσασθαι
3076 4513 3090 4527 °
3118 4500 3211 4551 καὶ
3244 4501 3651 4568 συγκεράσασαι
3682 4503 3815 4569 φάρ-

593 4593 807 4648 itentes,
862 4596 917 4636 ut
967 4584 1220 4661 tenebras
1259 4585 1555 4638 intellectui
1592 4584 1898 4648 effundant,
1936 4585 1979 4637 si
2012 4584 2147 4637 reci-

591 4680 827 4743 pientem
864 4676 1183 4737 occiderint,
1229 4674 1529 4729 voluntarie
1571 4677 1903 4729 interemisse
1933 4675 2146 4740 judica-

600 4770 820 4820 huntur.
850 4766 948 4830 Qui
985 4777 1161 4819 autem
1207 4766 1435 4832 lapidem
1471 4766 1521 4818 in
1547 4780 1734 4819 canem
1766 4775 1859 4819 aut
1903 4766 2149 4818 arborem

586 4858 740 4923 jacit,
775 4858 839 4909 ad
895 4856 1061 4909 feram
1102 4855 1549 4925 propulsandam,
1588 4863 1681 4908 aut
1719 4856 1947 4909 fructum
1989 4857 2153 4909 decu-

596 4950 860 5011 tiendum,
898 4958 951 5000 et
986 4948 1257 5000 hominem
1293 4949 1518 5000 fortuito
1548 4948 1770 5011 occidit,
1805 4948 1886 4999 vel
1920 4946 2011 5013 qui
2040 4948 2154 4998 loro

596 5051 687 5091 aut
716 5040 863 5107 virga
898 5040 1134 5105 aliquem
1166 5050 1477 5105 pecczintem
1527 5038 1647 5091 ferit
1690 5048 1746 5090 ut
1776 5038 2045 5100 emendet,
2101 5046 2155 5089 et

594 5148 714 5185 eum
774 5132 1055 5193 interlicit,
1094 5130 1231 5182 inter
1288 5130 1675 5183 involuularios
1729 5129 2027 5183 homicidas
2067 5142 2151 5181 re-

593 5231 933 5276 censentur:
986 5223 1075 5289 qui
1128 5228 1307 5273 autem
1352 5222 1403 5273 iu
1437 5237 1611 5290 pugna
1662 5223 1806 5290 ligno
1856 5231 1946 5273 aut
1992 5236 2149 5272 manu

596 5315 803 5382 plagam
832 5311 989 5364 alicui
1022 5313 1073 5363 in
1107 5312 1228 5365 loco
1268 5311 1529 5380 primario
1559 5311 1756 5363 acriter
1790 5310 1967 5364 infert.
2005 5324 2151 5361 eum-

592 5422 699 5473 que
728 5405 947 5469 occidit,
985 5416 1065 5457 est
1096 5405 1362 5456 homicula
1404 5404 1515 5455 fere
1554 5402 1906 5454 voluntarius.
1946 5401 2149 5465 Quam-

592 5499 672 5550 vis
710 5499 856 5549 enim
883 5508 940 5548 ut
973 5498 1293 5564 propulsans
1330 5510 1451 5547 eum
1500 5496 1587 5561 qui
1628 5511 1747 5545 cum
1790 5496 1902 5561 ipso
1930 5501 2150 5562 pugnat,

598 5586 726 5639 illud
752 5587 942 5639 fecerit
976 5597 1177 5646 utﬁunt
1228 5589 1423 5636 damno
1454 5583 1707 5645 aﬂicei'et,
1744 5600 1844 5634 nun
1888 5596 2062 5635 autem
2097 5593 2152 5634 ut

598 5679 817 5729 omnino
848 5677 1208 5740 interficeret;
1245 5686 1419 5727 tamen
1450 5679 1514 5727 ab
1544 5676 1709 5728 annui
1750 5678 1998 5743 passione
2028 5688 2147 5727 eum

594 5772 793 5821 \ictum
848 5768 1014 5822 fuisse
1082 5781 1325 5839 apparet,
1379 5779 1429 5823 et
1479 5769 1681 5824 idcirco
1748 5769 1948 5821 homini
2007 5769 2149 5837 ligio

2266 4605 2458 4656 μακον,
2492 4590 2587 4639 καὶ
2616 4586 2955 4640 ἑπιδιδοῦσαι
3006 4589 3164 4641 τοῦτο
3217 4588 3387 4656 αὐτῷ,
3422 4591 3685 4643 σκότωσιν
3718 4593 3817 4659 ἑμ-

2261 4679 2447 4730 ποιοῦν
2498 4678 2600 4745 τῆς
2646 4679 2905 4742 διανοίας,
2956 4681 3003 4730 εἰ
3061 4679 3289 4731 ἀνέλωσι
3344 4681 3435 4732 τὸν
3506 4681 3813 4747 δεξάμενον,

2264 4768 2524 4828 ἑκουσίως
2557 4767 2815 4835 φονεῦσαι
2844 4766 3172 4832 λογίζονται.
3212 4768 3270 4819 ’0
3301 4767 3354 4819 δὲ
3394 4766 3539 4819 λίθον
3569 4770 3661 4818 ἐπὶ
3685 4768 3815 4821 κύνα

2261 4855 2293 4923 ἢ
2327 4854 2545 4924 δένδρον
2580 4856 2831 4924 πέμπων,
2867 4856 2959 4906 ἐπὶ
2981 4855 3058 4924 τῷ
3089 4856 3148 4906 τὸ
3186 4855 3375 4925 Θηρίον
3426 4857 3811 4925 ἁμύνασθαι,ῆ

2260 4946 2352 4996 τὸν
2378 4945 2593 5013 καρπὸν
2642 4950 2985 5009 κατασεῖσαι,
3029 4947 3121 4997 καὶ
3174 4948 3495 5015 αὐτομάτως
3555 4948 3813 5014 φονεύσας

2261 5036 2582 5103 ἄνθρωπον·
2616 5037 2647 5103 ἢ
2683 5038 2709 5087 6
2740 5036 2896 5105 λώρῳ
2931 5036 2963 5104 ἢ
2993 5036 3194 5105 βεργίῳ
3219 5038 3386 5103 τύψας
3434 5038 3555 5088 τινά
3607 5040 3697 5088 ἐπὶ
3740 5040 3811 5107 τῷ

2267 5125 2556 5191 βελτιῶσαι
2597 5127 2757 5177 αὐτὸν
2783 5127 3193 5194 ἁμαρτάνοντα,
3250 5128 3344 5178 καὶ
3372 5127 3575 5180 ἀνελὼν
3638 5129 3811 5185 αὑτὸν.

2265 5218 2320 5267 ἐν
2344 5221 2451 5277 τοῖς
2480 5218 2759 5279 ἀκουσίοις
2786 5218 2893 5271 εἰσὶ
2912 5220 3219 5283 φονέυταῖς.
3251 5217 3308 5269 Ὀ
3339 5218 3393 5269 δὲ
3419 5220 3475 5269 ἑν
3506 5219 3654 5286 μάχῃ
3681 5216 3812 5286 ξύλῳ

2266 5311 2297 5377 ἣ
2325 5312 2467 5376 χειρὶ
2502 5309 2719 5377 πληγήν
2742 5326 2845 5361 τινι
2878 5310 3191 5373 ἐπενεγκὼν
3244 5309 3477 5376 ἀφειδῶς
3513 5312 3569 5360 ὲν
3600 5325 3816 5377 καιριω-

2260 5401 2407 5467 τάτῳ
2434 5400 2600 5465 τόπῳ,
2628 5401 2721 5451 καὶ
2748 5399 2951 5452 ἀνελὼν
2976 5400 3158 5464 αὑτὸν,
3194 5399 3358 5465 ἐγγύς
3382 5401 3499 5451 ἑστι
3531 5399 3621 5450 τοῦ
3669 5400 3815 5450 ἑκου-

2263 5494 2400 5545 σίου.
2434 5492 2549 5542 Κᾶν
2584 5491 2713 5559 γὰρ,
2782 5492 2854 5551 ὡς
2913 5492 3253 5560 ἀμυνόμενος
3310 5492 3399 5543 τὸν
3464 5488 3581 5558 μετ’
3654 5489 3811 5542 αὑτοῦ

2269 5583 2592 5650 μαχόμενον,
2634 5581 2791 5633 τοῦτο
2820 5584 3098 5650 ἐποίησεν,
3154 5582 3292 5633 ὥστε
3335 5581 3586 5632 κακῶσαι
3637 5580 3811 5643 αὐτὸν,

2259 5675 2335 5744 μὴ
2366 5675 2548 5743 μέντοι
2592 5676 2646 5726 δὲ
2700 5676 2794 5726 καὶ
2851 5677 3065 5733 παντῶς
3104 5676 3308 5728 ἀνελεῖν
3342 5690 3357 5704 ⁸
3404 5672 3518 5725 ἀλλ’
3558 5668 3654 5725 οὖν
3702 5674 3819 5737 φαί-

2257 5786 2402 5822 νεται
2430 5770 2520 5820 καὶ
2555 5767 2659 5818 ὑπὸ
2684 5768 2774 5819 τοῦ
2798 5769 3000 5829 πάθους
3030 5767 3119 5819 τοῦ
3156 5764 3328 5835 θυμοῦ
3364 5784 3431 5819 κα
3445 5764 3817 5836 τακρατηθεὶς,
