  <div class='ocr_page' id='page_1' title='image "/cluster/home/n/w/nwhite01/storage/ocr_20150623/138/pst.000005714544/350.png"; bbox 0 0 3998 6326; ppageno 0'>
   <div class='ocr_carea' id='block_1_1' title="bbox 226 349 337 412">
    <p class='ocr_par' dir='ltr' id='par_1_1' title="bbox 226 349 337 412">
     <span class='ocr_line' id='line_1_1' title="bbox 226 349 337 412; baseline -0.018 0"><span class='ocrx_word' id='word_1_1' title='bbox 226 349 337 412; x_wconf 62' lang='grc' dir='ltr'><strong>εει</strong></span> 
     </span>
    </p>
   </div>
   <div class='ocr_carea' id='block_1_2' title="bbox 1210 348 2508 424">
    <p class='ocr_par' dir='ltr' id='par_1_2' title="bbox 1210 348 2508 424">
     <span class='ocr_line' id='line_1_2' title="bbox 1210 348 2508 424; baseline 0.012 -16"><span class='ocrx_word' id='word_1_2' title='bbox 1210 348 1292 409; x_wconf 91' lang='grc' dir='ltr'><strong>ΙΝ</strong></span> <span class='ocrx_word' id='word_1_3' title='bbox 1315 349 1556 412; x_wconf 85' lang='lat' dir='ltr'>EPIST.</span> <span class='ocrx_word' id='word_1_4' title='bbox 1585 353 1645 413; x_wconf 92' lang='lat' dir='ltr'><strong>S.</strong></span> <span class='ocrx_word' id='word_1_5' title='bbox 1676 353 1962 416; x_wconf 78' lang='lat' dir='ltr'><strong>BASILII</strong></span> <span class='ocrx_word' id='word_1_6' title='bbox 1992 357 2423 424; x_wconf 78' lang='lat' dir='ltr'><strong>CANONICAM</strong></span> <span class='ocrx_word' id='word_1_7' title='bbox 2458 363 2508 424; x_wconf 92' lang='grc' dir='ltr'><strong>Ι.</strong></span> 
     </span>
    </p>
   </div>
   <div class='ocr_carea' id='block_1_3' title="bbox 3382 366 3486 429">
    <p class='ocr_par' dir='ltr' id='par_1_3' title="bbox 3382 366 3486 429">
     <span class='ocr_line' id='line_1_3' title="bbox 3382 366 3486 429; baseline 0.019 -2"><span class='ocrx_word' id='word_1_8' title='bbox 3382 366 3486 429; x_wconf 77' lang='lat'><strong>6‘22</strong></span> 
     </span>
    </p>
   </div>
   <div class='ocr_carea' id='block_1_4' title="bbox 237 449 1785 543">
    <p class='ocr_par' dir='ltr' id='par_1_4' title="bbox 237 450 1785 543">
     <span class='ocr_line' id='line_1_4' title="bbox 237 450 1785 543; baseline 0.013 -45"><span class='ocrx_word' id='word_1_9' title='bbox 377 450 460 543; x_wconf 35' lang='grc' dir='ltr'><strong>διὰ</strong></span> <span class='ocrx_word' id='word_1_10' title='bbox 494 451 649 543; x_wconf 55' lang='grc' dir='ltr'>τούτο</span> <span class='ocrx_word' id='word_1_11' title='bbox 688 455 919 521; x_wconf 53' lang='grc' dir='ltr'>ἀψειδῶς</span> <span class='ocrx_word' id='word_1_12' title='bbox 951 460 1251 528; x_wconf 79' lang='grc' dir='ltr'>ἐπαγαγὼν</span> <span class='ocrx_word' id='word_1_13' title='bbox 1308 466 1407 534; x_wconf 79' lang='grc' dir='ltr'>τὴν</span> <span class='ocrx_word' id='word_1_14' title='bbox 1467 462 1682 535; x_wconf 76' lang='grc' dir='ltr'>πληγὴν</span> <span class='ocrx_word' id='word_1_15' title='bbox 1738 467 1785 518; x_wconf 72' lang='grc' dir='ltr'><strong>τι</strong></span> 
     </span>
    </p>
   </div>
   <div class='ocr_carea' id='block_1_5' title="bbox 1887 449 3484 543">
    <p class='ocr_par' dir='ltr' id='par_1_5' title="bbox 1887 472 3484 543">
     <span class='ocr_line' id='line_1_5' title="bbox 1887 472 3484 543; baseline 0.004 -20"><span class='ocrx_word' id='word_1_16' title='bbox 1887 473 2076 540; x_wconf 60' lang='lat' dir='ltr'><strong>Lgravi</strong></span> <span class='ocrx_word' id='word_1_17' title='bbox 2135 474 2345 543; x_wconf 76' lang='lat' dir='ltr'><strong>plagam</strong></span> <span class='ocrx_word' id='word_1_18' title='bbox 2397 477 2594 530; x_wconf 78' lang='lat' dir='ltr'><strong>acriter</strong></span> <span class='ocrx_word' id='word_1_19' title='bbox 2656 473 2898 529; x_wconf 78' lang='lat' dir='ltr'><strong>intulisse</strong></span> <span class='ocrx_word' id='word_1_20' title='bbox 2935 493 2946 527; x_wconf 87' lang='lat'><strong>:</strong></span> <span class='ocrx_word' id='word_1_21' title='bbox 2996 483 3048 528; x_wconf 88' lang='lat' dir='ltr'><strong>et</strong></span> <span class='ocrx_word' id='word_1_22' title='bbox 3083 472 3211 527; x_wconf 78' lang='lat' dir='ltr'><strong>illud</strong></span> <span class='ocrx_word' id='word_1_23' title='bbox 3246 487 3346 528; x_wconf 88' lang='lat' dir='ltr'><strong>non</strong></span> <span class='ocrx_word' id='word_1_24' title='bbox 3380 479 3484 530; x_wconf 85' lang='lat' dir='ltr'><strong>erit</strong></span> 
     </span>
    </p>
   </div>
   <div class='ocr_carea' id='block_1_6' title="bbox 229 539 1814 619">
    <p class='ocr_par' dir='ltr' id='par_1_6' title="bbox 229 539 1814 619">
     <span class='ocr_line' id='line_1_6' title="bbox 229 539 1814 619; baseline 0.012 -27"><span class='ocrx_word' id='word_1_25' title='bbox 229 539 520 611; x_wconf 68' lang='grc' dir='ltr'>ἀνθρώπῳ</span> <span class='ocrx_word' id='word_1_26' title='bbox 555 542 697 614; x_wconf 79' lang='grc' dir='ltr'>ξύλῳ</span> <span class='ocrx_word' id='word_1_27' title='bbox 726 546 1032 619; x_wconf 73' lang='grc' dir='ltr'>βαρεζοκαὶ</span> <span class='ocrx_word' id='word_1_28' title='bbox 1091 555 1192 607; x_wconf 70' lang='grc' dir='ltr'><strong>οὐκ</strong></span> <span class='ocrx_word' id='word_1_29' title='bbox 1261 555 1410 609; x_wconf 76' lang='grc' dir='ltr'>ἔσται</span> <span class='ocrx_word' id='word_1_30' title='bbox 1459 555 1520 608; x_wconf 84' lang='grc' dir='ltr'>τὸ</span> <span class='ocrx_word' id='word_1_31' title='bbox 1571 554 1814 611; x_wconf 79' lang='grc' dir='ltr'>τοιοῦτον</span> 
     </span>
    </p>
   </div>
   <div class='ocr_carea' id='block_1_7' title="bbox 230 634 735 704">
    <p class='ocr_par' dir='ltr' id='par_1_7' title="bbox 230 634 735 704">
     <span class='ocr_line' id='line_1_7' title="bbox 230 634 735 704; baseline 0.018 -22"><span class='ocrx_word' id='word_1_32' title='bbox 230 634 422 704; x_wconf 81' lang='grc' dir='ltr'><strong>πάντη</strong></span> <span class='ocrx_word' id='word_1_33' title='bbox 457 637 735 692; x_wconf 83' lang='grc' dir='ltr'>ἀκούσιον.</span> 
     </span>
    </p>
   </div>
   <div class='ocr_carea' id='block_1_8' title="bbox 845 731 1205 786">
    <p class='ocr_par' dir='ltr' id='par_1_8' title="bbox 845 731 1205 786">
     <span class='ocr_line' id='line_1_8' title="bbox 845 731 1205 786; baseline 0 -1"><span class='ocrx_word' id='word_1_34' title='bbox 845 731 1087 786; x_wconf 80' lang='grc' dir='ltr'><strong>ΚΑΝΩΝ</strong></span> <span class='ocrx_word' id='word_1_35' title='bbox 1127 731 1205 785; x_wconf 88' lang='grc' dir='ltr'><strong>Θ’.</strong></span> 
     </span>
    </p>
   </div>
   <div class='ocr_carea' id='block_1_9' title="bbox 445 861 1813 935">
    <p class='ocr_par' dir='ltr' id='par_1_9' title="bbox 445 861 1813 935">
     <span class='ocr_line' id='line_1_9' title="bbox 445 861 1813 935; baseline -0.001 -19"><span class='ocrx_word' id='word_1_36' title='bbox 445 865 505 916; x_wconf 81' lang='grc'><strong>’11</strong></span> <span class='ocrx_word' id='word_1_37' title='bbox 537 865 592 917; x_wconf 81' lang='grc' dir='ltr'><strong>δὲ</strong></span> <span class='ocrx_word' id='word_1_38' title='bbox 623 863 715 917; x_wconf 78' lang='grc' dir='ltr'>τοῦ</span> <span class='ocrx_word' id='word_1_39' title='bbox 743 864 946 935; x_wconf 73' lang='grc' dir='ltr'>Κυρίου</span> <span class='ocrx_word' id='word_1_40' title='bbox 976 861 1274 929; x_wconf 53' lang='grc' dir='ltr'>ἀπότασις,</span> <span class='ocrx_word' id='word_1_41' title='bbox 1307 863 1445 916; x_wconf 84' lang='grc' dir='ltr'><strong>κατά</strong></span> <span class='ocrx_word' id='word_1_42' title='bbox 1475 864 1570 932; x_wconf 79' lang='grc' dir='ltr'><strong>μὲν</strong></span> <span class='ocrx_word' id='word_1_43' title='bbox 1601 862 1695 933; x_wconf 71' lang='grc' dir='ltr'><strong>τὴν</strong></span> <span class='ocrx_word' id='word_1_44' title='bbox 1716 863 1813 932; x_wconf 77' lang='grc' dir='ltr'>τῆς</span> 
     </span>
    </p>
   </div>
   <div class='ocr_carea' id='block_1_10' title="bbox 231 951 1813 1021">
    <p class='ocr_par' dir='ltr' id='par_1_10' title="bbox 231 951 1813 1021">
     <span class='ocr_line' id='line_1_10' title="bbox 231 951 1813 1021; baseline 0.002 -20"><span class='ocrx_word' id='word_1_45' title='bbox 231 952 454 1014; x_wconf 73' lang='grc' dir='ltr'>ἐννοίας</span> <span class='ocrx_word' id='word_1_46' title='bbox 486 952 826 1018; x_wconf 81' lang='grc' dir='ltr'><strong>ἀκολουθίαν,</strong></span> <span class='ocrx_word' id='word_1_47' title='bbox 851 953 909 1017; x_wconf 73' lang='grc' dir='ltr'>ἐξ</span> <span class='ocrx_word' id='word_1_48' title='bbox 935 954 1047 1004; x_wconf 76' lang='grc' dir='ltr'>ἴσου</span> <span class='ocrx_word' id='word_1_49' title='bbox 1085 952 1175 1004; x_wconf 75' lang='grc' dir='ltr'>καὶ</span> <span class='ocrx_word' id='word_1_50' title='bbox 1207 951 1426 1021; x_wconf 81' lang='grc' dir='ltr'><strong>ἀνδράσι</strong></span> <span class='ocrx_word' id='word_1_51' title='bbox 1449 953 1540 1004; x_wconf 75' lang='grc' dir='ltr'><strong>καὶ</strong></span> <span class='ocrx_word' id='word_1_52' title='bbox 1572 953 1813 1020; x_wconf 73' lang='grc' dir='ltr'>γυναιξὶν</span> 
     </span>
    </p>
   </div>
   <div class='ocr_carea' id='block_1_11' title="bbox 235 1041 1810 1113">
    <p class='ocr_par' dir='ltr' id='par_1_11' title="bbox 235 1041 1810 1113">
     <span class='ocr_line' id='line_1_11' title="bbox 235 1041 1810 1113; baseline 0.002 -21"><span class='ocrx_word' id='word_1_53' title='bbox 235 1041 494 1112; x_wconf 72' lang='grc' dir='ltr'>ἁρμόζει,</span> <span class='ocrx_word' id='word_1_54' title='bbox 519 1046 645 1113; x_wconf 76' lang='grc' dir='ltr'>περὶ</span> <span class='ocrx_word' id='word_1_55' title='bbox 667 1041 758 1094; x_wconf 82' lang='grc' dir='ltr'>τοῦ</span> <span class='ocrx_word' id='word_1_56' title='bbox 788 1042 861 1112; x_wconf 81' lang='grc' dir='ltr'>μὴ</span> <span class='ocrx_word' id='word_1_57' title='bbox 886 1042 1080 1105; x_wconf 79' lang='grc' dir='ltr'>ἐξεῖναι</span> <span class='ocrx_word' id='word_1_58' title='bbox 1105 1042 1281 1112; x_wconf 80' lang='grc' dir='ltr'><strong>γάμου</strong></span> <span class='ocrx_word' id='word_1_59' title='bbox 1308 1041 1632 1106; x_wconf 76' lang='grc' dir='ltr'>ἐξίστασθαι.</span> <span class='ocrx_word' id='word_1_60' title='bbox 1669 1059 1810 1113; x_wconf 86' lang='grc' dir='ltr'>παρ-</span> 
     </span>
    </p>
   </div>
   <div class='ocr_carea' id='block_1_12' title="bbox 233 1132 1810 1204">
    <p class='ocr_par' dir='ltr' id='par_1_12' title="bbox 233 1132 1810 1204">
     <span class='ocr_line' id='line_1_12' title="bbox 233 1132 1810 1204; baseline 0.004 -24"><span class='ocrx_word' id='word_1_61' title='bbox 233 1133 403 1194; x_wconf 77' lang='grc' dir='ltr'>εκτὸς</span> <span class='ocrx_word' id='word_1_62' title='bbox 448 1132 605 1199; x_wconf 84' lang='grc' dir='ltr'>λόγου</span> <span class='ocrx_word' id='word_1_63' title='bbox 674 1134 948 1203; x_wconf 82' lang='grc' dir='ltr'><strong>πορνείας.</strong></span> <span class='ocrx_word' id='word_1_64' title='bbox 996 1133 1060 1186; x_wconf 82' lang='grc' dir='ltr'>Ἡ</span> <span class='ocrx_word' id='word_1_65' title='bbox 1102 1134 1158 1186; x_wconf 77' lang='grc' dir='ltr'><strong>δὲ</strong></span> <span class='ocrx_word' id='word_1_66' title='bbox 1193 1133 1443 1204; x_wconf 82' lang='grc' dir='ltr'>συνήθεια</span> <span class='ocrx_word' id='word_1_67' title='bbox 1499 1135 1595 1202; x_wconf 80' lang='grc' dir='ltr'><strong>οὐχ</strong></span> <span class='ocrx_word' id='word_1_68' title='bbox 1641 1133 1810 1197; x_wconf 79' lang='grc' dir='ltr'>οὕτως</span> 
     </span>
    </p>
   </div>
   <div class='ocr_carea' id='block_1_13' title="bbox 235 1225 1808 1298">
    <p class='ocr_par' dir='ltr' id='par_1_13' title="bbox 235 1225 1808 1298">
     <span class='ocr_line' id='line_1_13' title="bbox 235 1225 1808 1298; baseline 0.003 -22"><span class='ocrx_word' id='word_1_69' title='bbox 235 1225 385 1296; x_wconf 70' lang='grc' dir='ltr'>ἔχει·</span> <span class='ocrx_word' id='word_1_70' title='bbox 415 1225 528 1278; x_wconf 82' lang='grc' dir='ltr'>ἀλλ’</span> <span class='ocrx_word' id='word_1_71' title='bbox 558 1226 648 1278; x_wconf 70' lang='grc' dir='ltr'><strong>ἐπὶ</strong></span> <span class='ocrx_word' id='word_1_72' title='bbox 684 1227 779 1296; x_wconf 86' lang='grc' dir='ltr'>μὲν</span> <span class='ocrx_word' id='word_1_73' title='bbox 808 1227 914 1280; x_wconf 86' lang='grc' dir='ltr'>τῶν</span> <span class='ocrx_word' id='word_1_74' title='bbox 948 1226 1220 1295; x_wconf 83' lang='grc' dir='ltr'>γυναικῶν</span> <span class='ocrx_word' id='word_1_75' title='bbox 1259 1227 1454 1298; x_wconf 78' lang='grc' dir='ltr'>πολλὴν</span> <span class='ocrx_word' id='word_1_76' title='bbox 1487 1230 1808 1297; x_wconf 77' lang='grc' dir='ltr'>εὑρίσκομεν</span> 
     </span>
    </p>
   </div>
   <div class='ocr_carea' id='block_1_14' title="bbox 232 1315 1807 1386">
    <p class='ocr_par' dir='ltr' id='par_1_14' title="bbox 232 1315 1807 1386">
     <span class='ocr_line' id='line_1_14' title="bbox 232 1315 1807 1386; baseline 0.003 -20"><span class='ocrx_word' id='word_1_77' title='bbox 232 1315 650 1384; x_wconf 69' lang='grc' dir='ltr'>ἀκριϐολογίαν,</span> <span class='ocrx_word' id='word_1_78' title='bbox 695 1317 786 1368; x_wconf 79' lang='grc' dir='ltr'><strong>τοῦ</strong></span> <span class='ocrx_word' id='word_1_79' title='bbox 819 1318 915 1386; x_wconf 81' lang='grc' dir='ltr'>μὲν</span> <span class='ocrx_word' id='word_1_80' title='bbox 954 1319 1269 1370; x_wconf 81' lang='grc' dir='ltr'>’Δποστόλου</span> <span class='ocrx_word' id='word_1_81' title='bbox 1304 1318 1576 1386; x_wconf 82' lang='grc' dir='ltr'>λέγοντος·</span> <span class='ocrx_word' id='word_1_82' title='bbox 1617 1321 1734 1372; x_wconf 89' lang='grc' dir='ltr'>’Ὁτι</span> <span class='ocrx_word' id='word_1_83' title='bbox 1775 1321 1807 1372; x_wconf 85' lang='grc' dir='ltr'><strong>ό</strong></span> 
     </span>
    </p>
   </div>
   <div class='ocr_carea' id='block_1_15' title="bbox 234 1404 1808 1478">
    <p class='ocr_par' dir='ltr' id='par_1_15' title="bbox 234 1404 1808 1478">
     <span class='ocr_line' id='line_1_15' title="bbox 234 1404 1808 1478; baseline 0.003 -22"><span class='ocrx_word' id='word_1_84' title='bbox 234 1404 623 1472; x_wconf 73' lang='grc' dir='ltr'>κολλώμενος</span> <span class='ocrx_word' id='word_1_85' title='bbox 649 1405 722 1473; x_wconf 77' lang='grc' dir='ltr'>τῇ</span> <span class='ocrx_word' id='word_1_86' title='bbox 749 1409 961 1475; x_wconf 75' lang='grc' dir='ltr'>πόρνῃ,</span> <span class='ocrx_word' id='word_1_87' title='bbox 993 1407 1062 1459; x_wconf 78' lang='grc' dir='ltr'><strong>ἐν</strong></span> <span class='ocrx_word' id='word_1_88' title='bbox 1086 1407 1257 1476; x_wconf 80' lang='grc' dir='ltr'>σῶμά</span> <span class='ocrx_word' id='word_1_89' title='bbox 1281 1409 1428 1461; x_wconf 49' lang='grc' dir='ltr'><strong>ἐστιᾳ</strong></span> <span class='ocrx_word' id='word_1_90' title='bbox 1455 1409 1546 1461; x_wconf 83' lang='grc' dir='ltr'>τοῦ</span> <span class='ocrx_word' id='word_1_91' title='bbox 1571 1408 1625 1460; x_wconf 84' lang='grc' dir='ltr'><strong>δὲ</strong></span> <span class='ocrx_word' id='word_1_92' title='bbox 1655 1409 1808 1478; x_wconf 85' lang='grc' dir='ltr'>Ἰερε-</span> 
     </span>
    </p>
   </div>
   <div class='ocr_carea' id='block_1_16' title="bbox 235 1493 1804 1564">
    <p class='ocr_par' dir='ltr' id='par_1_16' title="bbox 235 1493 1804 1564">
     <span class='ocr_line' id='line_1_16' title="bbox 235 1493 1804 1564; baseline 0.008 -21"><span class='ocrx_word' id='word_1_93' title='bbox 235 1493 392 1561; x_wconf 77' lang='grc' dir='ltr'>μίου·</span> <span class='ocrx_word' id='word_1_94' title='bbox 429 1495 576 1558; x_wconf 82' lang='grc' dir='ltr'>Ὀτι,</span> <span class='ocrx_word' id='word_1_95' title='bbox 625 1495 731 1547; x_wconf 83' lang='grc' dir='ltr'><strong>ἐὰν</strong></span> <span class='ocrx_word' id='word_1_96' title='bbox 777 1495 1012 1564; x_wconf 73' lang='grc' dir='ltr'>γένηται</span> <span class='ocrx_word' id='word_1_97' title='bbox 1050 1497 1204 1564; x_wconf 71' lang='grc' dir='ltr'><strong>γυνὴ</strong></span> <span class='ocrx_word' id='word_1_98' title='bbox 1248 1497 1416 1564; x_wconf 76' lang='grc' dir='ltr'>ἀνδρὶ</span> <span class='ocrx_word' id='word_1_99' title='bbox 1448 1498 1650 1563; x_wconf 81' lang='grc' dir='ltr'><strong>ἑτέρῳ.</strong></span> <span class='ocrx_word' id='word_1_100' title='bbox 1695 1501 1804 1556; x_wconf 66' lang='grc' dir='ltr'>οὐκ</span> 
     </span>
    </p>
   </div>
   <div class='ocr_carea' id='block_1_17' title="bbox 227 1581 1804 1654">
    <p class='ocr_par' dir='ltr' id='par_1_17' title="bbox 227 1581 1804 1654">
     <span class='ocr_line' id='line_1_17' title="bbox 227 1581 1804 1654; baseline 0.003 -22"><span class='ocrx_word' id='word_1_101' title='bbox 227 1581 582 1648; x_wconf 71' lang='grc' dir='ltr'><strong>ἐπιστρέψει</strong></span> <span class='ocrx_word' id='word_1_102' title='bbox 609 1582 757 1650; x_wconf 83' lang='grc' dir='ltr'>πρὸς</span> <span class='ocrx_word' id='word_1_103' title='bbox 787 1584 892 1636; x_wconf 82' lang='grc' dir='ltr'><strong>τὸν</strong></span> <span class='ocrx_word' id='word_1_104' title='bbox 917 1584 1102 1652; x_wconf 78' lang='grc' dir='ltr'>ἄνδρα</span> <span class='ocrx_word' id='word_1_105' title='bbox 1136 1583 1352 1651; x_wconf 81' lang='grc' dir='ltr'>αὐτῆς,</span> <span class='ocrx_word' id='word_1_106' title='bbox 1391 1587 1547 1640; x_wconf 76' lang='grc' dir='ltr'><em>ἀλλὰ</em></span> <span class='ocrx_word' id='word_1_107' title='bbox 1580 1603 1804 1654; x_wconf 80' lang='grc' dir='ltr'>μιαινο-</span> 
     </span>
    </p>
   </div>
   <div class='ocr_carea' id='block_1_18' title="bbox 227 1671 1803 1743">
    <p class='ocr_par' dir='ltr' id='par_1_18' title="bbox 227 1671 1803 1743">
     <span class='ocr_line' id='line_1_18' title="bbox 227 1671 1803 1743; baseline 0.004 -23"><span class='ocrx_word' id='word_1_108' title='bbox 227 1671 391 1738; x_wconf 76' lang='grc' dir='ltr'><strong>μένη</strong></span> <span class='ocrx_word' id='word_1_109' title='bbox 413 1672 825 1738; x_wconf 68' lang='grc' dir='ltr'>μιανθήσεταν</span> <span class='ocrx_word' id='word_1_110' title='bbox 865 1675 957 1725; x_wconf 76' lang='grc' dir='ltr'><strong>καὶ</strong></span> <span class='ocrx_word' id='word_1_111' title='bbox 985 1674 1161 1727; x_wconf 84' lang='grc' dir='ltr'>πάλιν·</span> <span class='ocrx_word' id='word_1_112' title='bbox 1206 1676 1269 1728; x_wconf 92' lang='lat'><strong>&#39;0</strong></span> <span class='ocrx_word' id='word_1_113' title='bbox 1307 1676 1461 1742; x_wconf 76' lang='grc' dir='ltr'>ἔχων</span> <span class='ocrx_word' id='word_1_114' title='bbox 1485 1675 1803 1743; x_wconf 61' lang='grc' dir='ltr'>μοιχαλίδα</span> 
     </span>
    </p>
   </div>
   <div class='ocr_carea' id='block_1_19' title="bbox 1922 564 2612 620">
    <p class='ocr_par' dir='ltr' id='par_1_19' title="bbox 1922 564 2612 620">
     <span class='ocr_line' id='line_1_19' title="bbox 1922 564 2612 620; baseline 0.003 -4"><span class='ocrx_word' id='word_1_115' title='bbox 1922 564 2145 619; x_wconf 88' lang='lat' dir='ltr'><strong>omnino</strong></span> <span class='ocrx_word' id='word_1_116' title='bbox 2177 565 2612 620; x_wconf 84' lang='lat' dir='ltr'><strong>involunlarium.</strong></span> 
     </span>
    </p>
   </div>
   <div class='ocr_carea' id='block_1_20' title="bbox 2445 741 2940 815">
    <p class='ocr_par' dir='ltr' id='par_1_20' title="bbox 2445 741 2940 815">
     <span class='ocr_line' id='line_1_20' title="bbox 2445 741 2940 815; baseline 0.002 -18"><span class='ocrx_word' id='word_1_117' title='bbox 2445 743 2554 815; x_wconf 67' lang='lat'><strong>64</strong></span> <span class='ocrx_word' id='word_1_118' title='bbox 2589 741 2817 797; x_wconf 74' lang='lat' dir='ltr'><strong>CANON</strong></span> <span class='ocrx_word' id='word_1_119' title='bbox 2855 741 2940 798; x_wconf 87' lang='lat' dir='ltr'><strong>Ix.</strong></span> 
     </span>
    </p>
   </div>
   <div class='ocr_carea' id='block_1_21' title="bbox 2116 862 3468 933">
    <p class='ocr_par' dir='ltr' id='par_1_21' title="bbox 2116 862 3468 933">
     <span class='ocr_line' id='line_1_21' title="bbox 2116 862 3468 933; baseline -0.001 -16"><span class='ocrx_word' id='word_1_120' title='bbox 2116 862 2292 933; x_wconf 55' lang='lat' dir='ltr'><strong>tEque</strong></span> <span class='ocrx_word' id='word_1_121' title='bbox 2333 863 2468 917; x_wconf 88' lang='lat' dir='ltr'><strong>viris</strong></span> <span class='ocrx_word' id='word_1_122' title='bbox 2511 870 2560 917; x_wconf 87' lang='lat' dir='ltr'><strong>et</strong></span> <span class='ocrx_word' id='word_1_123' title='bbox 2597 862 2920 915; x_wconf 84' lang='lat' dir='ltr'><strong>mulieribus</strong></span> <span class='ocrx_word' id='word_1_124' title='bbox 2973 866 3227 917; x_wconf 86' lang='lat' dir='ltr'><strong>convenit</strong></span> <span class='ocrx_word' id='word_1_125' title='bbox 3268 879 3468 918; x_wconf 88' lang='lat' dir='ltr'><strong>secun-</strong></span> 
     </span>
    </p>
   </div>
   <div class='ocr_carea' id='block_1_22' title="bbox 1912 955 3465 1027">
    <p class='ocr_par' dir='ltr' id='par_1_22' title="bbox 1912 955 3465 1027">
     <span class='ocr_line' id='line_1_22' title="bbox 1912 955 3465 1027; baseline -0.003 -16"><span class='ocrx_word' id='word_1_126' title='bbox 1912 958 2036 1012; x_wconf 88' lang='lat' dir='ltr'><strong>dum</strong></span> <span class='ocrx_word' id='word_1_127' title='bbox 2070 958 2351 1027; x_wconf 69' lang='lat' dir='ltr'><strong>sententige</strong></span> <span class='ocrx_word' id='word_1_128' title='bbox 2373 957 2814 1011; x_wconf 87' lang='lat' dir='ltr'><strong>consecutionem</strong></span> <span class='ocrx_word' id='word_1_129' title='bbox 2845 955 2988 1024; x_wconf 89' lang='lat' dir='ltr'><strong>quod</strong></span> <span class='ocrx_word' id='word_1_130' title='bbox 3025 970 3052 1006; x_wconf 88' lang='lat' dir='ltr'><strong>a</strong></span> <span class='ocrx_word' id='word_1_131' title='bbox 3083 955 3310 1008; x_wconf 90' lang='lat' dir='ltr'><strong>Domino</strong></span> <span class='ocrx_word' id='word_1_132' title='bbox 3341 971 3465 1024; x_wconf 84' lang='lat' dir='ltr'><strong>pro-</strong></span> 
     </span>
    </p>
   </div>
   <div class='ocr_carea' id='block_1_23' title="bbox 1910 1046 3461 1112">
    <p class='ocr_par' dir='ltr' id='par_1_23' title="bbox 1910 1046 3461 1112">
     <span class='ocr_line' id='line_1_23' title="bbox 1910 1046 3461 1112; baseline -0.005 -9"><span class='ocrx_word' id='word_1_133' title='bbox 1910 1051 2215 1104; x_wconf 87' lang='lat' dir='ltr'><strong>nuntialum</strong></span> <span class='ocrx_word' id='word_1_134' title='bbox 2238 1056 2342 1112; x_wconf 78' lang='lat' dir='ltr'><strong>est,</strong></span> <span class='ocrx_word' id='word_1_135' title='bbox 2380 1064 2488 1102; x_wconf 83' lang='lat' dir='ltr'><strong>non</strong></span> <span class='ocrx_word' id='word_1_136' title='bbox 2517 1049 2682 1102; x_wconf 78' lang='lat' dir='ltr'><strong>licere</strong></span> <span class='ocrx_word' id='word_1_137' title='bbox 2711 1065 2740 1100; x_wconf 93' lang='lat' dir='ltr'><strong>a</strong></span> <span class='ocrx_word' id='word_1_138' title='bbox 2777 1047 3124 1100; x_wconf 86' lang='lat' dir='ltr'><strong>matrimonio</strong></span> <span class='ocrx_word' id='word_1_139' title='bbox 3154 1046 3461 1103; x_wconf 66' lang='lat' dir='ltr'><strong>discedet-0,</strong></span> 
     </span>
    </p>
   </div>
   <div class='ocr_carea' id='block_1_24' title="bbox 1910 1137 3463 1195">
    <p class='ocr_par' dir='ltr' id='par_1_24' title="bbox 1910 1137 3463 1195">
     <span class='ocr_line' id='line_1_24' title="bbox 1910 1137 3463 1195; baseline -0.002 -3"><span class='ocrx_word' id='word_1_140' title='bbox 1910 1140 2013 1195; x_wconf 82' lang='lat' dir='ltr'><strong>nisi</strong></span> <span class='ocrx_word' id='word_1_141' title='bbox 2054 1141 2123 1193; x_wconf 91' lang='lat' dir='ltr'><strong>ob</strong></span> <span class='ocrx_word' id='word_1_142' title='bbox 2150 1140 2585 1194; x_wconf 76' lang='lat' dir='ltr'><strong>fornicationem.</strong></span> <span class='ocrx_word' id='word_1_143' title='bbox 2635 1137 2982 1192; x_wconf 75' lang='lat' dir='ltr'><strong>Consuetudo</strong></span> <span class='ocrx_word' id='word_1_144' title='bbox 3015 1144 3192 1189; x_wconf 87' lang='lat' dir='ltr'><strong>autem</strong></span> <span class='ocrx_word' id='word_1_145' title='bbox 3239 1152 3345 1189; x_wconf 93' lang='lat' dir='ltr'><strong>non</strong></span> <span class='ocrx_word' id='word_1_146' title='bbox 3393 1138 3463 1189; x_wconf 74' lang='lat' dir='ltr'><strong>ita</strong></span> 
     </span>
    </p>
   </div>
   <div class='ocr_carea' id='block_1_25' title="bbox 1910 1227 3463 1298">
    <p class='ocr_par' dir='ltr' id='par_1_25' title="bbox 1910 1227 3463 1298">
     <span class='ocr_line' id='line_1_25' title="bbox 1910 1227 3463 1298; baseline -0.001 -17"><span class='ocrx_word' id='word_1_147' title='bbox 1910 1245 1969 1282; x_wconf 87' lang='lat' dir='ltr'><strong>se</strong></span> <span class='ocrx_word' id='word_1_148' title='bbox 2017 1229 2196 1291; x_wconf 84' lang='lat' dir='ltr'><strong>habet,</strong></span> <span class='ocrx_word' id='word_1_149' title='bbox 2242 1228 2335 1282; x_wconf 84' lang='lat' dir='ltr'><strong>sed</strong></span> <span class='ocrx_word' id='word_1_150' title='bbox 2372 1229 2689 1282; x_wconf 88' lang='lat' dir='ltr'><strong>mulieribus</strong></span> <span class='ocrx_word' id='word_1_151' title='bbox 2733 1229 2947 1298; x_wconf 85' lang='lat' dir='ltr'><strong>quidem</strong></span> <span class='ocrx_word' id='word_1_152' title='bbox 2996 1227 3164 1280; x_wconf 90' lang='lat' dir='ltr'><strong>multa</strong></span> <span class='ocrx_word' id='word_1_153' title='bbox 3212 1239 3463 1280; x_wconf 81' lang='lat' dir='ltr'><strong>accurate</strong></span> 
     </span>
    </p>
   </div>
   <div class='ocr_carea' id='block_1_26' title="bbox 1905 1316 3456 1386">
    <p class='ocr_par' dir='ltr' id='par_1_26' title="bbox 1905 1316 3456 1386">
     <span class='ocr_line' id='line_1_26' title="bbox 1905 1316 3456 1386; baseline 0.001 -17"><span class='ocrx_word' id='word_1_154' title='bbox 1905 1316 2183 1370; x_wconf 87' lang='lat' dir='ltr'><strong>observari</strong></span> <span class='ocrx_word' id='word_1_155' title='bbox 2233 1317 2707 1384; x_wconf 85' lang='lat' dir='ltr'><strong>deprehendimus,</strong></span> <span class='ocrx_word' id='word_1_156' title='bbox 2753 1333 2874 1371; x_wconf 90' lang='lat' dir='ltr'><strong>cum</strong></span> <span class='ocrx_word' id='word_1_157' title='bbox 2915 1317 3206 1386; x_wconf 84' lang='lat' dir='ltr'><strong>Apostolus</strong></span> <span class='ocrx_word' id='word_1_158' title='bbox 3239 1319 3456 1386; x_wconf 85' lang='lat' dir='ltr'><strong>quidem</strong></span> 
     </span>
    </p>
   </div>
   <div class='ocr_carea' id='block_1_27' title="bbox 1906 1405 3460 1476">
    <p class='ocr_par' dir='ltr' id='par_1_27' title="bbox 1906 1405 3460 1476">
     <span class='ocr_line' id='line_1_27' title="bbox 1906 1405 3460 1476; baseline -0.001 -17"><span class='ocrx_word' id='word_1_159' title='bbox 1906 1407 2073 1470; x_wconf 81' lang='lat' dir='ltr'><strong>dicat,</strong></span> <span class='ocrx_word' id='word_1_160' title='bbox 2108 1405 2258 1471; x_wconf 83' lang='lat' dir='ltr'><strong>Quod</strong></span> <span class='ocrx_word' id='word_1_161' title='bbox 2294 1409 2384 1475; x_wconf 80' lang='lat' dir='ltr'><strong>qui</strong></span> <span class='ocrx_word' id='word_1_162' title='bbox 2433 1407 2664 1461; x_wconf 70' lang='lat' dir='ltr'><strong>adhaeret</strong></span> <span class='ocrx_word' id='word_1_163' title='bbox 2715 1409 2994 1470; x_wconf 78' lang='lat' dir='ltr'><strong>meretrici,</strong></span> <span class='ocrx_word' id='word_1_164' title='bbox 3041 1409 3100 1476; x_wconf 83' lang='lat' dir='ltr'><strong>ﬁt</strong></span> <span class='ocrx_word' id='word_1_165' title='bbox 3143 1425 3303 1460; x_wconf 84' lang='lat' dir='ltr'><strong>unum</strong></span> <span class='ocrx_word' id='word_1_166' title='bbox 3345 1425 3460 1461; x_wconf 84' lang='lat' dir='ltr'><strong>cor-</strong></span> 
     </span>
    </p>
   </div>
   <div class='ocr_carea' id='block_1_28' title="bbox 1902 1481 3458 1564">
    <p class='ocr_par' dir='ltr' id='par_1_28' title="bbox 1902 1481 3458 1564">
     <span class='ocr_line' id='line_1_28' title="bbox 1902 1481 3458 1564; baseline 0.002 -20"><span class='ocrx_word' id='word_1_167' title='bbox 1902 1507 1996 1558; x_wconf 83' lang='lat' dir='ltr'><strong>pus</strong></span> <span class='ocrx_word' id='word_1_168' title='bbox 2046 1498 2100 1557; x_wconf 83' lang='grc'><strong>¹;</strong></span> <span class='ocrx_word' id='word_1_169' title='bbox 2134 1491 2397 1548; x_wconf 77' lang='lat' dir='ltr'><strong>Jeretnias</strong></span> <span class='ocrx_word' id='word_1_170' title='bbox 2454 1510 2604 1558; x_wconf 90' lang='lat' dir='ltr'><strong>vero,</strong></span> <span class='ocrx_word' id='word_1_171' title='bbox 2650 1495 2800 1559; x_wconf 87' lang='lat' dir='ltr'><strong>Quod</strong></span> <span class='ocrx_word' id='word_1_172' title='bbox 2833 1497 2879 1548; x_wconf 78' lang='lat' dir='ltr'><strong>si</strong></span> <span class='ocrx_word' id='word_1_173' title='bbox 2910 1481 3076 1564; x_wconf 56' lang='lat' dir='ltr'><strong>fuerit</strong></span> <span class='ocrx_word' id='word_1_174' title='bbox 3119 1496 3307 1548; x_wconf 76' lang='lat' dir='ltr'><strong>mulier</strong></span> <span class='ocrx_word' id='word_1_175' title='bbox 3341 1513 3458 1548; x_wconf 88' lang='lat' dir='ltr'><strong>cum</strong></span> 
     </span>
    </p>
   </div>
   <div class='ocr_carea' id='block_1_29' title="bbox 1904 1579 3459 1651">
    <p class='ocr_par' dir='ltr' id='par_1_29' title="bbox 1904 1579 3459 1651">
     <span class='ocr_line' id='line_1_29' title="bbox 1904 1579 3459 1651; baseline 0.003 -19"><span class='ocrx_word' id='word_1_176' title='bbox 1904 1579 2008 1632; x_wconf 83' lang='lat' dir='ltr'><strong>alio</strong></span> <span class='ocrx_word' id='word_1_177' title='bbox 2038 1580 2165 1644; x_wconf 84' lang='lat' dir='ltr'><strong>viro,</strong></span> <span class='ocrx_word' id='word_1_178' title='bbox 2193 1596 2293 1633; x_wconf 84' lang='lat' dir='ltr'><strong>non</strong></span> <span class='ocrx_word' id='word_1_179' title='bbox 2320 1589 2607 1634; x_wconf 74' lang='lat' dir='ltr'><strong>revertetur</strong></span> <span class='ocrx_word' id='word_1_180' title='bbox 2641 1581 2706 1633; x_wconf 88' lang='lat' dir='ltr'><strong>ad</strong></span> <span class='ocrx_word' id='word_1_181' title='bbox 2732 1584 2896 1634; x_wconf 81' lang='lat' dir='ltr'><strong>virum</strong></span> <span class='ocrx_word' id='word_1_182' title='bbox 2926 1597 3098 1648; x_wconf 78' lang='lat' dir='ltr'><strong>suum,</strong></span> <span class='ocrx_word' id='word_1_183' title='bbox 3132 1583 3221 1636; x_wconf 77' lang='lat' dir='ltr'><strong>sed</strong></span> <span class='ocrx_word' id='word_1_184' title='bbox 3253 1585 3459 1651; x_wconf 84' lang='lat' dir='ltr'><strong>polluta</strong></span> 
     </span>
    </p>
   </div>
   <div class='ocr_carea' id='block_1_30' title="bbox 1898 1670 3455 1740">
    <p class='ocr_par' dir='ltr' id='par_1_30' title="bbox 1898 1670 3455 1740">
     <span class='ocr_line' id='line_1_30' title="bbox 1898 1670 3455 1740; baseline 0.001 -15"><span class='ocrx_word' id='word_1_185' title='bbox 1898 1670 2162 1736; x_wconf 79' lang='lat' dir='ltr'><strong>polluetur</strong></span> <span class='ocrx_word' id='word_1_186' title='bbox 2205 1671 2224 1701; x_wconf 88' lang='grc'>²</span> <span class='ocrx_word' id='word_1_187' title='bbox 2259 1689 2273 1737; x_wconf 91' lang='lat'><strong>;</strong></span> <span class='ocrx_word' id='word_1_188' title='bbox 2307 1679 2360 1726; x_wconf 92' lang='lat' dir='ltr'><strong>et</strong></span> <span class='ocrx_word' id='word_1_189' title='bbox 2397 1673 2612 1736; x_wconf 89' lang='lat' dir='ltr'><strong>iterum,</strong></span> <span class='ocrx_word' id='word_1_190' title='bbox 2652 1673 2754 1737; x_wconf 83' lang='lat' dir='ltr'><strong>Qui</strong></span> <span class='ocrx_word' id='word_1_191' title='bbox 2797 1673 2949 1726; x_wconf 80' lang='lat' dir='ltr'><strong>habet</strong></span> <span class='ocrx_word' id='word_1_192' title='bbox 2979 1674 3292 1740; x_wconf 81' lang='lat' dir='ltr'><strong>adulteram,</strong></span> <span class='ocrx_word' id='word_1_193' title='bbox 3320 1677 3455 1728; x_wconf 74' lang='lat' dir='ltr'><strong>atul-</strong></span> 
     </span>
    </p>
   </div>
   <div class='ocr_carea' id='block_1_31' title="bbox 233 1750 1785 1834">
    <p class='ocr_par' dir='ltr' id='par_1_31' title="bbox 233 1763 1785 1834">
     <span class='ocr_line' id='line_1_31' title="bbox 233 1763 1785 1834; baseline 0.001 -20"><span class='ocrx_word' id='word_1_194' title='bbox 233 1763 442 1831; x_wconf 62' lang='grc' dir='ltr'>ἆρρων</span> <span class='ocrx_word' id='word_1_195' title='bbox 465 1763 562 1814; x_wconf 72' lang='grc' dir='ltr'>καὶ</span> <span class='ocrx_word' id='word_1_196' title='bbox 588 1764 833 1830; x_wconf 78' lang='grc' dir='ltr'>ἀσεϐής.</span> <span class='ocrx_word' id='word_1_197' title='bbox 867 1765 929 1815; x_wconf 82' lang='grc' dir='ltr'><strong><em>Ἠ</em></strong></span> <span class='ocrx_word' id='word_1_198' title='bbox 959 1764 1014 1816; x_wconf 84' lang='grc' dir='ltr'><strong>δὲ</strong></span> <span class='ocrx_word' id='word_1_199' title='bbox 1054 1765 1306 1834; x_wconf 83' lang='grc' dir='ltr'>συνήθεια</span> <span class='ocrx_word' id='word_1_200' title='bbox 1339 1764 1430 1814; x_wconf 75' lang='grc' dir='ltr'><strong>καὶ</strong></span> <span class='ocrx_word' id='word_1_201' title='bbox 1452 1765 1785 1834; x_wconf 77' lang='grc' dir='ltr'>μοιχεύοντας</span> 
     </span>
    </p>
   </div>
   <div class='ocr_carea' id='block_1_32' title="bbox 1887 1750 3457 1834">
    <p class='ocr_par' dir='ltr' id='par_1_32' title="bbox 1901 1761 3457 1830">
     <span class='ocr_line' id='line_1_32' title="bbox 1901 1761 3457 1830; baseline 0.004 -18"><span class='ocrx_word' id='word_1_202' title='bbox 1901 1769 1983 1814; x_wconf 76' lang='grc' dir='ltr'><strong>ιω</strong></span> <span class='ocrx_word' id='word_1_203' title='bbox 2009 1770 2087 1814; x_wconf 71' lang='lat' dir='ltr'><strong>est</strong></span> <span class='ocrx_word' id='word_1_204' title='bbox 2115 1770 2164 1814; x_wconf 79' lang='lat' dir='ltr'><strong>et</strong></span> <span class='ocrx_word' id='word_1_205' title='bbox 2193 1761 2385 1830; x_wconf 77' lang='lat' dir='ltr'><strong>impius</strong></span> <span class='ocrx_word' id='word_1_206' title='bbox 2435 1764 2475 1814; x_wconf 87' lang='grc'><strong>³.</strong></span> <span class='ocrx_word' id='word_1_207' title='bbox 2512 1762 2860 1817; x_wconf 89' lang='lat' dir='ltr'><strong>Consuetudo</strong></span> <span class='ocrx_word' id='word_1_208' title='bbox 2890 1774 3066 1817; x_wconf 91' lang='lat' dir='ltr'><strong>autem</strong></span> <span class='ocrx_word' id='word_1_209' title='bbox 3104 1767 3264 1818; x_wconf 89' lang='lat' dir='ltr'><strong>etiam</strong></span> <span class='ocrx_word' id='word_1_210' title='bbox 3305 1766 3457 1819; x_wconf 83' lang='lat' dir='ltr'><strong>adul-</strong></span> 
     </span>
    </p>
   </div>
   <div class='ocr_carea' id='block_1_33' title="bbox 230 1852 1802 1922">
    <p class='ocr_par' dir='ltr' id='par_1_33' title="bbox 230 1852 1802 1922">
     <span class='ocr_line' id='line_1_33' title="bbox 230 1852 1802 1922; baseline 0.001 -18"><span class='ocrx_word' id='word_1_211' title='bbox 230 1852 434 1922; x_wconf 78' lang='grc' dir='ltr'>ἄνδρας</span> <span class='ocrx_word' id='word_1_212' title='bbox 461 1853 553 1904; x_wconf 76' lang='grc' dir='ltr'>καὶ</span> <span class='ocrx_word' id='word_1_213' title='bbox 584 1854 639 1905; x_wconf 83' lang='grc' dir='ltr'>ὲν</span> <span class='ocrx_word' id='word_1_214' title='bbox 667 1854 939 1922; x_wconf 87' lang='grc' dir='ltr'>πορνείαις</span> <span class='ocrx_word' id='word_1_215' title='bbox 965 1852 1120 1914; x_wconf 72' lang='grc' dir='ltr'>ὄντας</span> <span class='ocrx_word' id='word_1_216' title='bbox 1144 1854 1462 1922; x_wconf 79' lang='grc' dir='ltr'>κατέχεσθαι</span> <span class='ocrx_word' id='word_1_217' title='bbox 1494 1853 1595 1905; x_wconf 85' lang='grc' dir='ltr'>ὑπὸ</span> <span class='ocrx_word' id='word_1_218' title='bbox 1620 1870 1802 1920; x_wconf 83' lang='grc' dir='ltr'>γυναι-</span> 
     </span>
    </p>
   </div>
   <div class='ocr_carea' id='block_1_34' title="bbox 233 1943 1796 2016">
    <p class='ocr_par' dir='ltr' id='par_1_34' title="bbox 233 1943 1796 2016">
     <span class='ocr_line' id='line_1_34' title="bbox 233 1943 1796 2016; baseline 0.001 -22"><span class='ocrx_word' id='word_1_219' title='bbox 233 1943 350 1994; x_wconf 81' lang='grc' dir='ltr'><strong>κῶν</strong></span> <span class='ocrx_word' id='word_1_220' title='bbox 384 1945 728 2012; x_wconf 74' lang='grc' dir='ltr'><strong>προστάσσει.</strong></span> <span class='ocrx_word' id='word_1_221' title='bbox 765 1945 923 1994; x_wconf 84' lang='grc' dir='ltr'>Ὥστε</span> <span class='ocrx_word' id='word_1_222' title='bbox 953 1945 984 2012; x_wconf 81' lang='grc' dir='ltr'>η</span> <span class='ocrx_word' id='word_1_223' title='bbox 1019 1943 1094 2012; x_wconf 83' lang='grc' dir='ltr'><strong>τῷ</strong></span> <span class='ocrx_word' id='word_1_224' title='bbox 1127 1944 1401 2016; x_wconf 80' lang='grc' dir='ltr'>ἀφειμένῳ</span> <span class='ocrx_word' id='word_1_225' title='bbox 1431 1943 1579 2014; x_wconf 76' lang='grc' dir='ltr'>ἀνδρὶ</span> <span class='ocrx_word' id='word_1_226' title='bbox 1620 1961 1796 1996; x_wconf 82' lang='grc' dir='ltr'>συνοι-</span> 
     </span>
    </p>
   </div>
   <div class='ocr_carea' id='block_1_35' title="bbox 231 2029 1794 2104">
    <p class='ocr_par' dir='ltr' id='par_1_35' title="bbox 231 2029 1794 2104">
     <span class='ocr_line' id='line_1_35' title="bbox 231 2029 1794 2104; baseline 0.004 -22"><span class='ocrx_word' id='word_1_227' title='bbox 231 2031 409 2084; x_wconf 76' lang='grc' dir='ltr'><strong>κοῦσα</strong></span> <span class='ocrx_word' id='word_1_228' title='bbox 430 2035 528 2084; x_wconf 75' lang='grc' dir='ltr'><strong>οὐκ</strong></span> <span class='ocrx_word' id='word_1_229' title='bbox 547 2029 661 2086; x_wconf 71' lang='grc' dir='ltr'>οἴδα</span> <span class='ocrx_word' id='word_1_230' title='bbox 685 2034 732 2085; x_wconf 85' lang='grc' dir='ltr'><strong>εί</strong></span> <span class='ocrx_word' id='word_1_231' title='bbox 758 2033 976 2085; x_wconf 86' lang='grc' dir='ltr'>δύναται</span> <span class='ocrx_word' id='word_1_232' title='bbox 1009 2033 1252 2102; x_wconf 76' lang='grc' dir='ltr'><strong>μοιχαλὶς</strong></span> <span class='ocrx_word' id='word_1_233' title='bbox 1428 2035 1794 2104; x_wconf 79' lang='grc' dir='ltr'><strong>χρηματίζειν.</strong></span> 
     </span>
    </p>
   </div>
   <div class='ocr_carea' id='block_1_36' title="bbox 229 2121 1797 2192">
    <p class='ocr_par' dir='ltr' id='par_1_36' title="bbox 229 2121 1797 2192">
     <span class='ocr_line' id='line_1_36' title="bbox 229 2121 1797 2192; baseline 0.003 -20"><span class='ocrx_word' id='word_1_234' title='bbox 229 2121 308 2172; x_wconf 83' lang='grc' dir='ltr'><strong>Τὸ</strong></span> <span class='ocrx_word' id='word_1_235' title='bbox 335 2121 442 2192; x_wconf 75' lang='grc' dir='ltr'><strong>γὰρ</strong></span> <span class='ocrx_word' id='word_1_236' title='bbox 481 2122 727 2192; x_wconf 84' lang='grc' dir='ltr'>ἔγκλημα</span> <span class='ocrx_word' id='word_1_237' title='bbox 758 2122 987 2173; x_wconf 76' lang='grc' dir='ltr'>ἐνταῦθα</span> <span class='ocrx_word' id='word_1_238' title='bbox 1016 2122 1114 2189; x_wconf 83' lang='grc' dir='ltr'>τῆς</span> <span class='ocrx_word' id='word_1_239' title='bbox 1144 2121 1488 2190; x_wconf 83' lang='grc' dir='ltr'>ἀπολυσάσης</span> <span class='ocrx_word' id='word_1_240' title='bbox 1515 2121 1603 2172; x_wconf 84' lang='grc' dir='ltr'><strong>τὸν</strong></span> <span class='ocrx_word' id='word_1_241' title='bbox 1633 2122 1797 2192; x_wconf 84' lang='grc' dir='ltr'>ἄνδρα</span> 
     </span>
    </p>
   </div>
   <div class='ocr_carea' id='block_1_37' title="bbox 229 2210 1797 2280">
    <p class='ocr_par' dir='ltr' id='par_1_37' title="bbox 229 2210 1797 2280">
     <span class='ocr_line' id='line_1_37' title="bbox 229 2210 1797 2280; baseline 0.001 -17"><span class='ocrx_word' id='word_1_242' title='bbox 229 2210 487 2276; x_wconf 75' lang='grc' dir='ltr'>ἅπτεται,</span> <span class='ocrx_word' id='word_1_243' title='bbox 524 2213 661 2265; x_wconf 87' lang='grc' dir='ltr'><strong>κατά</strong></span> <span class='ocrx_word' id='word_1_244' title='bbox 695 2211 851 2263; x_wconf 88' lang='grc' dir='ltr'>ποίαν</span> <span class='ocrx_word' id='word_1_245' title='bbox 883 2213 1059 2264; x_wconf 89' lang='grc' dir='ltr'>αίτίαν</span> <span class='ocrx_word' id='word_1_246' title='bbox 1235 2211 1440 2280; x_wconf 85' lang='grc' dir='ltr'><strong>ἀπέστη</strong></span> <span class='ocrx_word' id='word_1_247' title='bbox 1477 2210 1570 2262; x_wconf 80' lang='grc' dir='ltr'>τοῦ</span> <span class='ocrx_word' id='word_1_248' title='bbox 1600 2212 1797 2280; x_wconf 82' lang='grc' dir='ltr'>γάμου.</span> 
     </span>
    </p>
   </div>
   <div class='ocr_carea' id='block_1_38' title="bbox 229 2302 1794 2372">
    <p class='ocr_par' dir='ltr' id='par_1_38' title="bbox 229 2302 1794 2372">
     <span class='ocr_line' id='line_1_38' title="bbox 229 2302 1794 2372; baseline 0.001 -18"><span class='ocrx_word' id='word_1_249' title='bbox 229 2304 356 2356; x_wconf 69' lang='grc' dir='ltr'><strong>Εἴτε</strong></span> <span class='ocrx_word' id='word_1_250' title='bbox 397 2303 489 2355; x_wconf 77' lang='grc' dir='ltr'><strong>καὶ</strong></span> <span class='ocrx_word' id='word_1_251' title='bbox 527 2304 832 2372; x_wconf 84' lang='grc' dir='ltr'><strong>τυπτομένη</strong></span> <span class='ocrx_word' id='word_1_252' title='bbox 854 2343 866 2364; x_wconf 91' lang='grc'><strong>,</strong></span> <span class='ocrx_word' id='word_1_253' title='bbox 910 2303 981 2372; x_wconf 78' lang='grc' dir='ltr'>μὴ</span> <span class='ocrx_word' id='word_1_254' title='bbox 1016 2303 1252 2372; x_wconf 82' lang='grc' dir='ltr'>φέρουσα</span> <span class='ocrx_word' id='word_1_255' title='bbox 1433 2302 1529 2364; x_wconf 79' lang='grc' dir='ltr'><strong>τὰς</strong></span> <span class='ocrx_word' id='word_1_256' title='bbox 1566 2303 1794 2370; x_wconf 85' lang='grc' dir='ltr'>πληγὰς,</span> 
     </span>
    </p>
   </div>
   <div class='ocr_carea' id='block_1_39' title="bbox 227 2390 1795 2461">
    <p class='ocr_par' dir='ltr' id='par_1_39' title="bbox 227 2390 1795 2461">
     <span class='ocr_line' id='line_1_39' title="bbox 227 2390 1795 2461; baseline 0.001 -19"><span class='ocrx_word' id='word_1_257' title='bbox 227 2392 522 2460; x_wconf 77' lang='grc' dir='ltr'>ὑπομένειν</span> <span class='ocrx_word' id='word_1_258' title='bbox 564 2392 731 2461; x_wconf 73' lang='grc' dir='ltr'>ἐχρῆν</span> <span class='ocrx_word' id='word_1_259' title='bbox 770 2392 968 2461; x_wconf 78' lang='grc' dir='ltr'>μᾶλλον</span> <span class='ocrx_word' id='word_1_260' title='bbox 1012 2390 1044 2453; x_wconf 80' lang='grc' dir='ltr'>ἢ</span> <span class='ocrx_word' id='word_1_261' title='bbox 1080 2390 1452 2459; x_wconf 77' lang='grc' dir='ltr'><strong>διαζευχθῆναι</strong></span> <span class='ocrx_word' id='word_1_262' title='bbox 1490 2394 1582 2443; x_wconf 83' lang='grc' dir='ltr'>τοῦ</span> <span class='ocrx_word' id='word_1_263' title='bbox 1623 2408 1795 2444; x_wconf 80' lang='grc' dir='ltr'>συνοι-</span> 
     </span>
    </p>
   </div>
   <div class='ocr_carea' id='block_1_40' title="bbox 227 2478 1797 2550">
    <p class='ocr_par' dir='ltr' id='par_1_40' title="bbox 227 2478 1797 2550">
     <span class='ocr_line' id='line_1_40' title="bbox 227 2478 1797 2550; baseline -0.001 -18"><span class='ocrx_word' id='word_1_264' title='bbox 227 2480 472 2544; x_wconf 83' lang='grc' dir='ltr'>κοῦντος·</span> <span class='ocrx_word' id='word_1_265' title='bbox 509 2481 617 2533; x_wconf 86' lang='grc' dir='ltr'>εῐτε</span> <span class='ocrx_word' id='word_1_266' title='bbox 661 2483 759 2550; x_wconf 82' lang='grc' dir='ltr'><strong>τὴν</strong></span> <span class='ocrx_word' id='word_1_267' title='bbox 808 2483 886 2541; x_wconf 74' lang='grc' dir='ltr'>εἰς</span> <span class='ocrx_word' id='word_1_268' title='bbox 935 2480 1002 2531; x_wconf 81' lang='grc' dir='ltr'>τὰ</span> <span class='ocrx_word' id='word_1_269' title='bbox 1050 2481 1302 2548; x_wconf 82' lang='grc' dir='ltr'>χρήματα</span> <span class='ocrx_word' id='word_1_270' title='bbox 1339 2478 1539 2548; x_wconf 79' lang='grc' dir='ltr'>ζημίαν</span> <span class='ocrx_word' id='word_1_271' title='bbox 1584 2479 1657 2548; x_wconf 80' lang='grc' dir='ltr'>μὴ</span> <span class='ocrx_word' id='word_1_272' title='bbox 1701 2481 1797 2548; x_wconf 82' lang='grc' dir='ltr'><strong>φέ-</strong></span> 
     </span>
    </p>
   </div>
   <div class='ocr_carea' id='block_1_41' title="bbox 231 2571 1790 2641">
    <p class='ocr_par' dir='ltr' id='par_1_41' title="bbox 231 2571 1790 2641">
     <span class='ocr_line' id='line_1_41' title="bbox 231 2571 1790 2641; baseline 0.002 -20"><span class='ocrx_word' id='word_1_273' title='bbox 231 2587 421 2640; x_wconf 84' lang='grc' dir='ltr'>ρουσα,</span> <span class='ocrx_word' id='word_1_274' title='bbox 456 2572 574 2624; x_wconf 74' lang='grc' dir='ltr'>οὐδὲ</span> <span class='ocrx_word' id='word_1_275' title='bbox 599 2571 739 2640; x_wconf 78' lang='grc' dir='ltr'>αὓτη</span> <span class='ocrx_word' id='word_1_276' title='bbox 768 2572 800 2641; x_wconf 82' lang='grc' dir='ltr'><strong>ή</strong></span> <span class='ocrx_word' id='word_1_277' title='bbox 829 2572 1096 2640; x_wconf 78' lang='grc' dir='ltr'>πρόφασις</span> <span class='ocrx_word' id='word_1_278' title='bbox 1124 2571 1415 2638; x_wconf 80' lang='grc' dir='ltr'>ἀξιόλογος.</span> <span class='ocrx_word' id='word_1_279' title='bbox 1453 2571 1516 2623; x_wconf 86' lang='lat' dir='ltr'><strong>El</strong></span> <span class='ocrx_word' id='word_1_280' title='bbox 1537 2571 1592 2623; x_wconf 84' lang='grc' dir='ltr'><strong>δὲ</strong></span> <span class='ocrx_word' id='word_1_281' title='bbox 1618 2571 1704 2624; x_wconf 85' lang='grc' dir='ltr'>διά</span> <span class='ocrx_word' id='word_1_282' title='bbox 1729 2573 1790 2624; x_wconf 83' lang='grc' dir='ltr'>τὸ</span> 
     </span>
    </p>
   </div>
   <div class='ocr_carea' id='block_1_42' title="bbox 225 2661 1791 2732">
    <p class='ocr_par' dir='ltr' id='par_1_42' title="bbox 225 2661 1791 2732">
     <span class='ocr_line' id='line_1_42' title="bbox 225 2661 1791 2732; baseline 0.002 -21"><span class='ocrx_word' id='word_1_283' title='bbox 225 2661 286 2712; x_wconf 76' lang='grc' dir='ltr'>ἐν</span> <span class='ocrx_word' id='word_1_284' title='bbox 311 2661 534 2732; x_wconf 73' lang='grc' dir='ltr'>πορνείᾳ</span> <span class='ocrx_word' id='word_1_285' title='bbox 564 2661 722 2714; x_wconf 81' lang='grc' dir='ltr'>αὑτὸν</span> <span class='ocrx_word' id='word_1_286' title='bbox 754 2662 851 2730; x_wconf 80' lang='grc' dir='ltr'>ζῇν</span> <span class='ocrx_word' id='word_1_287' title='bbox 871 2703 882 2723; x_wconf 87' lang='grc'><strong>,</strong></span> <span class='ocrx_word' id='word_1_288' title='bbox 912 2663 1010 2713; x_wconf 79' lang='grc' dir='ltr'><strong>οὐκ</strong></span> <span class='ocrx_word' id='word_1_289' title='bbox 1046 2661 1238 2730; x_wconf 73' lang='grc' dir='ltr'>ἔχομεν</span> <span class='ocrx_word' id='word_1_290' title='bbox 1267 2661 1421 2713; x_wconf 79' lang='grc' dir='ltr'>τοῦτο</span> <span class='ocrx_word' id='word_1_291' title='bbox 1469 2663 1526 2713; x_wconf 77' lang='grc' dir='ltr'>ὲν</span> <span class='ocrx_word' id='word_1_292' title='bbox 1559 2665 1624 2731; x_wconf 77' lang='grc' dir='ltr'>τῇ</span> <span class='ocrx_word' id='word_1_293' title='bbox 1671 2679 1791 2715; x_wconf 90' lang='grc' dir='ltr'>συν-</span> 
     </span>
    </p>
   </div>
   <div class='ocr_carea' id='block_1_43' title="bbox 224 2748 1792 2822">
    <p class='ocr_par' dir='ltr' id='par_1_43' title="bbox 224 2748 1792 2822">
     <span class='ocr_line' id='line_1_43' title="bbox 224 2748 1792 2822; baseline 0.001 -21"><span class='ocrx_word' id='word_1_294' title='bbox 224 2748 386 2820; x_wconf 68' lang='grc' dir='ltr'>ηθείᾳ.</span> <span class='ocrx_word' id='word_1_295' title='bbox 434 2755 498 2822; x_wconf 82' lang='grc' dir='ltr'>τῇ</span> <span class='ocrx_word' id='word_1_296' title='bbox 549 2752 964 2820; x_wconf 70' lang='grc' dir='ltr'>ἐκκλησιαστικῇ</span> <span class='ocrx_word' id='word_1_297' title='bbox 996 2751 1054 2803; x_wconf 85' lang='grc' dir='ltr'><strong>τὸ</strong></span> <span class='ocrx_word' id='word_1_298' title='bbox 1095 2752 1491 2820; x_wconf 84' lang='grc' dir='ltr'><strong>παρατήρημα·</strong></span> <span class='ocrx_word' id='word_1_299' title='bbox 1526 2749 1658 2803; x_wconf 86' lang='grc' dir='ltr'><strong>ἀλλά</strong></span> <span class='ocrx_word' id='word_1_300' title='bbox 1700 2751 1792 2803; x_wconf 76' lang='grc' dir='ltr'>καὶ</span> 
     </span>
    </p>
   </div>
   <div class='ocr_carea' id='block_1_44' title="bbox 225 2836 1787 2908">
    <p class='ocr_par' dir='ltr' id='par_1_44' title="bbox 225 2836 1787 2908">
     <span class='ocr_line' id='line_1_44' title="bbox 225 2836 1787 2908; baseline -0.001 -18"><span class='ocrx_word' id='word_1_301' title='bbox 225 2839 456 2891; x_wconf 81' lang='grc' dir='ltr'>ἀπίστου</span> <span class='ocrx_word' id='word_1_302' title='bbox 485 2840 669 2908; x_wconf 71' lang='grc' dir='ltr'>ἀνδρὸς</span> <span class='ocrx_word' id='word_1_303' title='bbox 692 2839 1015 2908; x_wconf 79' lang='grc' dir='ltr'>χωρίζεσθαι</span> <span class='ocrx_word' id='word_1_304' title='bbox 1039 2839 1096 2889; x_wconf 86' lang='grc' dir='ltr'><strong>οὐ</strong></span> <span class='ocrx_word' id='word_1_305' title='bbox 1126 2836 1462 2908; x_wconf 82' lang='grc' dir='ltr'>προσετάχθη</span> <span class='ocrx_word' id='word_1_306' title='bbox 1631 2837 1787 2906; x_wconf 73' lang='grc' dir='ltr'>γυνὴ,</span> 
     </span>
    </p>
   </div>
   <div class='ocr_carea' id='block_1_45' title="bbox 223 2926 1789 3001">
    <p class='ocr_par' dir='ltr' id='par_1_45' title="bbox 223 2926 1789 3001">
     <span class='ocr_line' id='line_1_45' title="bbox 223 2926 1789 3001; baseline -0.004 -17"><span class='ocrx_word' id='word_1_307' title='bbox 223 2932 362 2984; x_wconf 87' lang='grc' dir='ltr'>ἀλ-λά</span> <span class='ocrx_word' id='word_1_308' title='bbox 407 2933 770 3001; x_wconf 85' lang='grc' dir='ltr'>παραμένειν,</span> <span class='ocrx_word' id='word_1_309' title='bbox 806 2930 892 2982; x_wconf 76' lang='grc' dir='ltr'><strong>διὰ</strong></span> <span class='ocrx_word' id='word_1_310' title='bbox 933 2929 993 2980; x_wconf 81' lang='grc' dir='ltr'><strong>τὸ</strong></span> <span class='ocrx_word' id='word_1_311' title='bbox 1037 2929 1226 2998; x_wconf 76' lang='grc' dir='ltr'>ἄδηλον</span> <span class='ocrx_word' id='word_1_312' title='bbox 1266 2928 1362 2996; x_wconf 81' lang='grc' dir='ltr'>τῆς</span> <span class='ocrx_word' id='word_1_313' title='bbox 1405 2926 1695 2988; x_wconf 75' lang='grc' dir='ltr'>ἐκϐάσεως.</span> <span class='ocrx_word' id='word_1_314' title='bbox 1731 2929 1789 2978; x_wconf 85' lang='grc' dir='ltr'>Τί</span> 
     </span>
    </p>
   </div>
   <div class='ocr_carea' id='block_1_46' title="bbox 1899 1850 3453 1923">
    <p class='ocr_par' dir='ltr' id='par_1_46' title="bbox 1899 1850 3453 1923">
     <span class='ocr_line' id='line_1_46' title="bbox 1899 1850 3453 1923; baseline 0.005 -22"><span class='ocrx_word' id='word_1_315' title='bbox 1899 1859 2047 1904; x_wconf 87' lang='lat' dir='ltr'><strong>teros</strong></span> <span class='ocrx_word' id='word_1_316' title='bbox 2073 1851 2220 1905; x_wconf 84' lang='lat' dir='ltr'><strong>viros</strong></span> <span class='ocrx_word' id='word_1_317' title='bbox 2257 1858 2310 1905; x_wconf 92' lang='lat' dir='ltr'><strong>et</strong></span> <span class='ocrx_word' id='word_1_318' title='bbox 2349 1852 2402 1904; x_wconf 90' lang='lat' dir='ltr'><strong>in</strong></span> <span class='ocrx_word' id='word_1_319' title='bbox 2438 1850 2895 1906; x_wconf 82' lang='lat' dir='ltr'><strong>fornicationibus</strong></span> <span class='ocrx_word' id='word_1_320' title='bbox 2929 1865 3208 1910; x_wconf 72' lang='lat' dir='ltr'><strong>versantes</strong></span> <span class='ocrx_word' id='word_1_321' title='bbox 3235 1856 3388 1923; x_wconf 81' lang='lat' dir='ltr'><strong>jubet</strong></span> <span class='ocrx_word' id='word_1_322' title='bbox 3425 1872 3453 1908; x_wconf 88' lang='lat' dir='ltr'><strong>a</strong></span> 
     </span>
    </p>
   </div>
   <div class='ocr_carea' id='block_1_47' title="bbox 1899 1941 3454 2011">
    <p class='ocr_par' dir='ltr' id='par_1_47' title="bbox 1899 1941 3454 2011">
     <span class='ocr_line' id='line_1_47' title="bbox 1899 1941 3454 2011; baseline 0.005 -18"><span class='ocrx_word' id='word_1_323' title='bbox 1899 1941 2218 1996; x_wconf 74' lang='lat' dir='ltr'><strong>mulieribus</strong></span> <span class='ocrx_word' id='word_1_324' title='bbox 2275 1942 2521 1997; x_wconf 85' lang='lat' dir='ltr'><strong>retineri.</strong></span> <span class='ocrx_word' id='word_1_325' title='bbox 2554 1942 2732 2007; x_wconf 84' lang='lat' dir='ltr'><strong>Quare</strong></span> <span class='ocrx_word' id='word_1_326' title='bbox 2762 1959 2881 2011; x_wconf 63' lang='lat' dir='ltr'><strong>qum</strong></span> <span class='ocrx_word' id='word_1_327' title='bbox 2929 1959 3032 1997; x_wconf 90' lang='lat' dir='ltr'><strong>una</strong></span> <span class='ocrx_word' id='word_1_328' title='bbox 3067 1960 3190 1999; x_wconf 89' lang='lat' dir='ltr'><strong>cum</strong></span> <span class='ocrx_word' id='word_1_329' title='bbox 3222 1948 3337 2000; x_wconf 88' lang='lat' dir='ltr'><strong>viro</strong></span> <span class='ocrx_word' id='word_1_330' title='bbox 3370 1947 3454 2000; x_wconf 88' lang='lat' dir='ltr'><strong>di-</strong></span> 
     </span>
    </p>
   </div>
   <div class='ocr_carea' id='block_1_48' title="bbox 1899 2030 3448 2106">
    <p class='ocr_par' dir='ltr' id='par_1_48' title="bbox 1899 2030 3448 2106">
     <span class='ocr_line' id='line_1_48' title="bbox 1899 2030 3448 2106; baseline 0.005 -24"><span class='ocrx_word' id='word_1_331' title='bbox 1899 2030 2069 2084; x_wconf 85' lang='lat' dir='ltr'><strong>misso</strong></span> <span class='ocrx_word' id='word_1_332' title='bbox 2101 2030 2332 2097; x_wconf 87' lang='lat' dir='ltr'><strong>habitat,</strong></span> <span class='ocrx_word' id='word_1_333' title='bbox 2364 2034 2549 2086; x_wconf 90' lang='lat' dir='ltr'><strong>nescio</strong></span> <span class='ocrx_word' id='word_1_334' title='bbox 2587 2047 2653 2086; x_wconf 90' lang='lat' dir='ltr'><strong>an</strong></span> <span class='ocrx_word' id='word_1_335' title='bbox 2693 2035 2864 2103; x_wconf 80' lang='lat' dir='ltr'><strong>possit</strong></span> <span class='ocrx_word' id='word_1_336' title='bbox 2895 2033 3136 2088; x_wconf 87' lang='lat' dir='ltr'><strong>adultera</strong></span> <span class='ocrx_word' id='word_1_337' title='bbox 3165 2038 3448 2106; x_wconf 88' lang='lat' dir='ltr'><strong>appellari.</strong></span> 
     </span>
    </p>
   </div>
   <div class='ocr_carea' id='block_1_49' title="bbox 1897 2119 3452 2193">
    <p class='ocr_par' dir='ltr' id='par_1_49' title="bbox 1897 2119 3452 2193">
     <span class='ocr_line' id='line_1_49' title="bbox 1897 2119 3452 2193; baseline 0.005 -21"><span class='ocrx_word' id='word_1_338' title='bbox 1897 2119 2112 2174; x_wconf 89' lang='lat' dir='ltr'><strong>Crimen</strong></span> <span class='ocrx_word' id='word_1_339' title='bbox 2144 2121 2287 2174; x_wconf 89' lang='lat' dir='ltr'><strong>enim</strong></span> <span class='ocrx_word' id='word_1_340' title='bbox 2323 2121 2411 2175; x_wconf 94' lang='lat' dir='ltr'><strong>hie</strong></span> <span class='ocrx_word' id='word_1_341' title='bbox 2455 2121 2670 2190; x_wconf 88' lang='lat' dir='ltr'><strong>attingit</strong></span> <span class='ocrx_word' id='word_1_342' title='bbox 2705 2124 3004 2185; x_wconf 89' lang='lat' dir='ltr'><strong>mulierem,</strong></span> <span class='ocrx_word' id='word_1_343' title='bbox 3039 2141 3157 2193; x_wconf 62' lang='lat' dir='ltr'><strong>qua:</strong></span> <span class='ocrx_word' id='word_1_344' title='bbox 3375 2131 3452 2179; x_wconf 85' lang='lat' dir='ltr'><strong>vi-</strong></span> 
     </span>
    </p>
   </div>
   <div class='ocr_carea' id='block_1_50' title="bbox 1899 2207 3448 2282">
    <p class='ocr_par' dir='ltr' id='par_1_50' title="bbox 1899 2207 3448 2282">
     <span class='ocr_line' id='line_1_50' title="bbox 1899 2207 3448 2282; baseline 0.005 -21"><span class='ocrx_word' id='word_1_345' title='bbox 1899 2223 2018 2261; x_wconf 92' lang='lat' dir='ltr'><strong>rum</strong></span> <span class='ocrx_word' id='word_1_346' title='bbox 2051 2207 2298 2276; x_wconf 88' lang='lat' dir='ltr'><strong>dimisit,</strong></span> <span class='ocrx_word' id='word_1_347' title='bbox 2335 2225 2567 2278; x_wconf 89' lang='lat' dir='ltr'><strong>quanam</strong></span> <span class='ocrx_word' id='word_1_348' title='bbox 2601 2212 2665 2264; x_wconf 90' lang='lat' dir='ltr'><strong>de</strong></span> <span class='ocrx_word' id='word_1_349' title='bbox 2689 2225 2853 2266; x_wconf 89' lang='lat' dir='ltr'><strong>causa</strong></span> <span class='ocrx_word' id='word_1_350' title='bbox 2897 2228 2924 2264; x_wconf 89' lang='lat' dir='ltr'><strong>a</strong></span> <span class='ocrx_word' id='word_1_351' title='bbox 2956 2214 3210 2282; x_wconf 82' lang='lat' dir='ltr'><strong>conjugio</strong></span> <span class='ocrx_word' id='word_1_352' title='bbox 3238 2213 3448 2269; x_wconf 85' lang='lat' dir='ltr'><strong>disces-</strong></span> 
     </span>
    </p>
   </div>
   <div class='ocr_carea' id='block_1_51' title="bbox 1896 2296 3448 2370">
    <p class='ocr_par' dir='ltr' id='par_1_51' title="bbox 1896 2296 3448 2370">
     <span class='ocr_line' id='line_1_51' title="bbox 1896 2296 3448 2370; baseline 0.004 -19"><span class='ocrx_word' id='word_1_353' title='bbox 1896 2297 2049 2351; x_wconf 89' lang='lat' dir='ltr'><strong>serit.</strong></span> <span class='ocrx_word' id='word_1_354' title='bbox 2087 2296 2217 2352; x_wconf 83' lang='lat' dir='ltr'><strong>Sive</strong></span> <span class='ocrx_word' id='word_1_355' title='bbox 2262 2299 2402 2352; x_wconf 87' lang='lat' dir='ltr'><strong>enim</strong></span> <span class='ocrx_word' id='word_1_356' title='bbox 2440 2313 2698 2367; x_wconf 90' lang='lat' dir='ltr'><strong>percussa</strong></span> <span class='ocrx_word' id='word_1_357' title='bbox 2734 2301 2920 2370; x_wconf 86' lang='lat' dir='ltr'><strong>plagas</strong></span> <span class='ocrx_word' id='word_1_358' title='bbox 2955 2316 3063 2354; x_wconf 89' lang='lat' dir='ltr'><strong>non</strong></span> <span class='ocrx_word' id='word_1_359' title='bbox 3099 2301 3256 2364; x_wconf 88' lang='lat' dir='ltr'><strong>ferat,</strong></span> <span class='ocrx_word' id='word_1_360' title='bbox 3309 2304 3448 2357; x_wconf 85' lang='lat' dir='ltr'><strong>ferre</strong></span> 
     </span>
    </p>
   </div>
   <div class='ocr_carea' id='block_1_52' title="bbox 1893 2388 3446 2459">
    <p class='ocr_par' dir='ltr' id='par_1_52' title="bbox 1893 2388 3446 2459">
     <span class='ocr_line' id='line_1_52' title="bbox 1893 2388 3446 2459; baseline 0.005 -19"><span class='ocrx_word' id='word_1_361' title='bbox 1893 2388 2063 2440; x_wconf 87' lang='lat' dir='ltr'><strong>satius</strong></span> <span class='ocrx_word' id='word_1_362' title='bbox 2087 2395 2203 2441; x_wconf 89' lang='lat' dir='ltr'><strong>erat</strong></span> <span class='ocrx_word' id='word_1_363' title='bbox 2228 2403 2388 2457; x_wconf 88' lang='lat' dir='ltr'><strong>quam</strong></span> <span class='ocrx_word' id='word_1_364' title='bbox 2419 2403 2448 2441; x_wconf 88' lang='lat' dir='ltr'><strong>a</strong></span> <span class='ocrx_word' id='word_1_365' title='bbox 2477 2389 2707 2459; x_wconf 76' lang='lat' dir='ltr'><strong>conjuge</strong></span> <span class='ocrx_word' id='word_1_366' title='bbox 2732 2392 2975 2459; x_wconf 89' lang='lat' dir='ltr'><strong>separari</strong></span> <span class='ocrx_word' id='word_1_367' title='bbox 3004 2410 3016 2444; x_wconf 88' lang='lat'><strong>:</strong></span> <span class='ocrx_word' id='word_1_368' title='bbox 3051 2393 3163 2446; x_wconf 87' lang='lat' dir='ltr'><strong>sive</strong></span> <span class='ocrx_word' id='word_1_369' title='bbox 3189 2394 3446 2447; x_wconf 71' lang='lat' dir='ltr'><strong>damnum</strong></span> 
     </span>
    </p>
   </div>
   <div class='ocr_carea' id='block_1_53' title="bbox 1893 2477 3444 2549">
    <p class='ocr_par' dir='ltr' id='par_1_53' title="bbox 1893 2477 3444 2549">
     <span class='ocr_line' id='line_1_53' title="bbox 1893 2477 3444 2549; baseline 0.006 -21"><span class='ocrx_word' id='word_1_370' title='bbox 1893 2477 1947 2529; x_wconf 93' lang='lat' dir='ltr'><strong>in</strong></span> <span class='ocrx_word' id='word_1_371' title='bbox 1992 2479 2239 2546; x_wconf 81' lang='lat' dir='ltr'><strong>pecuniis</strong></span> <span class='ocrx_word' id='word_1_372' title='bbox 2269 2494 2376 2531; x_wconf 88' lang='lat' dir='ltr'><strong>non</strong></span> <span class='ocrx_word' id='word_1_373' title='bbox 2413 2480 2568 2541; x_wconf 87' lang='lat' dir='ltr'><strong>ferat,</strong></span> <span class='ocrx_word' id='word_1_374' title='bbox 2603 2497 2671 2535; x_wconf 91' lang='lat' dir='ltr'><strong>ne</strong></span> <span class='ocrx_word' id='word_1_375' title='bbox 2698 2481 2812 2534; x_wconf 69' lang='lat' dir='ltr'><strong>haec</strong></span> <span class='ocrx_word' id='word_1_376' title='bbox 2848 2479 3064 2548; x_wconf 85' lang='lat' dir='ltr'><strong>quidem</strong></span> <span class='ocrx_word' id='word_1_377' title='bbox 3092 2483 3240 2549; x_wconf 86' lang='lat' dir='ltr'><strong>justa</strong></span> <span class='ocrx_word' id='word_1_378' title='bbox 3275 2499 3444 2537; x_wconf 81' lang='lat' dir='ltr'><strong>excu-</strong></span> 
     </span>
    </p>
   </div>
   <div class='ocr_carea' id='block_1_54' title="bbox 1890 2567 3444 2640">
    <p class='ocr_par' dir='ltr' id='par_1_54' title="bbox 1890 2567 3444 2640">
     <span class='ocr_line' id='line_1_54' title="bbox 1890 2567 3444 2640; baseline 0.005 -21"><span class='ocrx_word' id='word_1_379' title='bbox 1890 2567 2027 2619; x_wconf 83' lang='lat' dir='ltr'><strong>satio</strong></span> <span class='ocrx_word' id='word_1_380' title='bbox 2058 2585 2068 2618; x_wconf 92' lang='lat'>:</span> <span class='ocrx_word' id='word_1_381' title='bbox 2097 2568 2182 2620; x_wconf 89' lang='lat' dir='ltr'><strong>sin</strong></span> <span class='ocrx_word' id='word_1_382' title='bbox 2235 2579 2436 2628; x_wconf 80' lang='lat' dir='ltr'><strong>autem,</strong></span> <span class='ocrx_word' id='word_1_383' title='bbox 2485 2571 2741 2637; x_wconf 90' lang='lat' dir='ltr'><strong>quoniam</strong></span> <span class='ocrx_word' id='word_1_384' title='bbox 2791 2571 2908 2640; x_wconf 90' lang='lat' dir='ltr'><strong>ipse</strong></span> <span class='ocrx_word' id='word_1_385' title='bbox 2949 2574 3080 2625; x_wconf 82' lang='lat' dir='ltr'><strong>vivit</strong></span> <span class='ocrx_word' id='word_1_386' title='bbox 3121 2575 3173 2626; x_wconf 90' lang='lat' dir='ltr'><strong>in</strong></span> <span class='ocrx_word' id='word_1_387' title='bbox 3209 2573 3444 2627; x_wconf 82' lang='lat' dir='ltr'><strong>fornica-</strong></span> 
     </span>
    </p>
   </div>
   <div class='ocr_carea' id='block_1_55' title="bbox 1892 2655 3443 2719">
    <p class='ocr_par' dir='ltr' id='par_1_55' title="bbox 1892 2655 3443 2719">
     <span class='ocr_line' id='line_1_55' title="bbox 1892 2655 3443 2719; baseline 0.006 -12"><span class='ocrx_word' id='word_1_388' title='bbox 1892 2655 2056 2719; x_wconf 85' lang='lat' dir='ltr'><strong>tione,</strong></span> <span class='ocrx_word' id='word_1_389' title='bbox 2089 2671 2197 2710; x_wconf 90' lang='lat' dir='ltr'><strong>non</strong></span> <span class='ocrx_word' id='word_1_390' title='bbox 2226 2658 2482 2712; x_wconf 87' lang='lat' dir='ltr'><strong>habemus</strong></span> <span class='ocrx_word' id='word_1_391' title='bbox 2507 2660 2646 2713; x_wconf 91' lang='lat' dir='ltr'><strong>hanc</strong></span> <span class='ocrx_word' id='word_1_392' title='bbox 2678 2661 2732 2714; x_wconf 93' lang='lat' dir='ltr'><strong>in</strong></span> <span class='ocrx_word' id='word_1_393' title='bbox 2755 2663 3125 2717; x_wconf 86' lang='lat' dir='ltr'><strong>ecclesiastica</strong></span> <span class='ocrx_word' id='word_1_394' title='bbox 3151 2676 3443 2719; x_wconf 85' lang='lat' dir='ltr'><strong>consuetu-</strong></span> 
     </span>
    </p>
   </div>
   <div class='ocr_carea' id='block_1_56' title="bbox 1894 2745 3438 2812">
    <p class='ocr_par' dir='ltr' id='par_1_56' title="bbox 1894 2745 3438 2812">
     <span class='ocr_line' id='line_1_56' title="bbox 1894 2745 3438 2812; baseline 0.006 -14"><span class='ocrx_word' id='word_1_395' title='bbox 1894 2745 2020 2800; x_wconf 67' lang='lat' dir='ltr'><strong>dine</strong></span> <span class='ocrx_word' id='word_1_396' title='bbox 2050 2746 2508 2812; x_wconf 86' lang='lat' dir='ltr'><strong>observationem,</strong></span> <span class='ocrx_word' id='word_1_397' title='bbox 2544 2751 2654 2803; x_wconf 91' lang='lat' dir='ltr'><strong>imo</strong></span> <span class='ocrx_word' id='word_1_398' title='bbox 2688 2766 2815 2805; x_wconf 89' lang='lat' dir='ltr'><strong>vero</strong></span> <span class='ocrx_word' id='word_1_399' title='bbox 2842 2753 2908 2804; x_wconf 90' lang='lat' dir='ltr'><strong>ab</strong></span> <span class='ocrx_word' id='word_1_400' title='bbox 2940 2753 3143 2807; x_wconf 77' lang='lat' dir='ltr'><strong>infideli</strong></span> <span class='ocrx_word' id='word_1_401' title='bbox 3181 2756 3298 2808; x_wconf 89' lang='lat' dir='ltr'><strong>viro</strong></span> <span class='ocrx_word' id='word_1_402' title='bbox 3334 2771 3438 2808; x_wconf 88' lang='lat' dir='ltr'><strong>non</strong></span> 
     </span>
    </p>
   </div>
   <div class='ocr_carea' id='block_1_57' title="bbox 1882 2825 3443 2910">
    <p class='ocr_par' dir='ltr' id='par_1_57' title="bbox 1882 2825 3443 2910">
     <span class='ocr_line' id='line_1_57' title="bbox 1882 2825 3443 2910; baseline 0.008 -23"><span class='ocrx_word' id='word_1_403' title='bbox 1882 2825 2043 2902; x_wconf 69' lang='lat' dir='ltr'><strong>iussa</strong></span> <span class='ocrx_word' id='word_1_404' title='bbox 2082 2843 2164 2891; x_wconf 92' lang='lat' dir='ltr'><strong>est</strong></span> <span class='ocrx_word' id='word_1_405' title='bbox 2199 2838 2395 2890; x_wconf 88' lang='lat' dir='ltr'><strong>mulier</strong></span> <span class='ocrx_word' id='word_1_406' title='bbox 2427 2840 2690 2906; x_wconf 89' lang='lat' dir='ltr'><strong>separari,</strong></span> <span class='ocrx_word' id='word_1_407' title='bbox 2720 2840 2813 2893; x_wconf 91' lang='lat' dir='ltr'><strong>sed</strong></span> <span class='ocrx_word' id='word_1_408' title='bbox 2838 2851 3058 2910; x_wconf 89' lang='lat' dir='ltr'><strong>propter</strong></span> <span class='ocrx_word' id='word_1_409' title='bbox 3086 2853 3334 2897; x_wconf 81' lang='lat' dir='ltr'><strong>eventum</strong></span> <span class='ocrx_word' id='word_1_410' title='bbox 3365 2848 3443 2899; x_wconf 82' lang='lat' dir='ltr'><strong>in-</strong></span> 
     </span>
    </p>
   </div>
   <div class='ocr_carea' id='block_1_58' title="bbox 1891 2926 3436 2996">
    <p class='ocr_par' dir='ltr' id='par_1_58' title="bbox 1891 2926 3436 2996">
     <span class='ocr_line' id='line_1_58' title="bbox 1891 2926 3436 2996; baseline 0.004 -18"><span class='ocrx_word' id='word_1_411' title='bbox 1891 2933 2096 2979; x_wconf 83' lang='lat' dir='ltr'><strong>certum</strong></span> <span class='ocrx_word' id='word_1_412' title='bbox 2123 2941 2422 2980; x_wconf 86' lang='lat' dir='ltr'><strong>remanere.</strong></span> <span class='ocrx_word' id='word_1_413' title='bbox 2455 2926 2593 2991; x_wconf 85' lang='lat' dir='ltr'><strong>Quid</strong></span> <span class='ocrx_word' id='word_1_414' title='bbox 2615 2930 2750 2980; x_wconf 83' lang='lat' dir='ltr'><strong>enim</strong></span> <span class='ocrx_word' id='word_1_415' title='bbox 2781 2931 2905 2996; x_wconf 77' lang='lat' dir='ltr'><strong>scis,</strong></span> <span class='ocrx_word' id='word_1_416' title='bbox 2932 2931 3140 2993; x_wconf 81' lang='lat' dir='ltr'><strong>mulier,</strong></span> <span class='ocrx_word' id='word_1_417' title='bbox 3173 2950 3238 2984; x_wconf 85' lang='lat' dir='ltr'><strong>an</strong></span> <span class='ocrx_word' id='word_1_418' title='bbox 3273 2937 3436 2986; x_wconf 84' lang='lat' dir='ltr'><strong>virum</strong></span> 
     </span>
    </p>
   </div>
   <div class='ocr_carea' id='block_1_59' title="bbox 225 3014 1785 3090">
    <p class='ocr_par' dir='ltr' id='par_1_59' title="bbox 225 3016 1784 3088">
     <span class='ocr_line' id='line_1_59' title="bbox 225 3016 1784 3088; baseline -0.003 -16"><span class='ocrx_word' id='word_1_419' title='bbox 225 3021 339 3088; x_wconf 56' lang='grc' dir='ltr'>γὰρ</span> <span class='ocrx_word' id='word_1_420' title='bbox 369 3017 552 3083; x_wconf 74' lang='grc' dir='ltr'>οἶδας,</span> <span class='ocrx_word' id='word_1_421' title='bbox 587 3020 790 3086; x_wconf 74' lang='grc' dir='ltr'>γύναι,</span> <span class='ocrx_word' id='word_1_422' title='bbox 829 3019 881 3070; x_wconf 83' lang='grc' dir='ltr'><strong>εί</strong></span> <span class='ocrx_word' id='word_1_423' title='bbox 919 3018 1023 3069; x_wconf 82' lang='grc' dir='ltr'><strong>τὸν</strong></span> <span class='ocrx_word' id='word_1_424' title='bbox 1057 3016 1244 3083; x_wconf 77' lang='grc' dir='ltr'>ἄνδρα</span> <span class='ocrx_word' id='word_1_425' title='bbox 1273 3016 1527 3080; x_wconf 81' lang='grc' dir='ltr'>σώσεις;</span> <span class='ocrx_word' id='word_1_426' title='bbox 1558 3017 1716 3068; x_wconf 85' lang='grc' dir='ltr'>Ὥστε</span> <span class='ocrx_word' id='word_1_427' title='bbox 1753 3018 1784 3085; x_wconf 82' lang='grc' dir='ltr'>ἠ</span> 
     </span>
    </p>
   </div>
   <div class='ocr_carea' id='block_1_60' title="bbox 1887 3014 3437 3090">
    <p class='ocr_par' dir='ltr' id='par_1_60' title="bbox 1888 3014 3437 3090">
     <span class='ocr_line' id='line_1_60' title="bbox 1888 3014 3437 3090; baseline 0.006 -25"><span class='ocrx_word' id='word_1_428' title='bbox 1888 3014 2088 3066; x_wconf 76' lang='lat' dir='ltr'><strong>salvum</strong></span> <span class='ocrx_word' id='word_1_429' title='bbox 2140 3015 2212 3067; x_wconf 78' lang='lat' dir='ltr'><strong>sis</strong></span> <span class='ocrx_word' id='word_1_430' title='bbox 2259 3015 2570 3083; x_wconf 69' lang='lat' dir='ltr'><strong>factura“!</strong></span> <span class='ocrx_word' id='word_1_431' title='bbox 2633 3017 2830 3083; x_wconf 85' lang='lat' dir='ltr'><strong>Quare,</strong></span> <span class='ocrx_word' id='word_1_432' title='bbox 2885 3035 3004 3088; x_wconf 72' lang='lat' dir='ltr'><strong>quae</strong></span> <span class='ocrx_word' id='word_1_433' title='bbox 3059 3023 3299 3090; x_wconf 89' lang='lat' dir='ltr'><strong>reliquit,</strong></span> <span class='ocrx_word' id='word_1_434' title='bbox 3353 3033 3437 3077; x_wconf 65' lang='lat' dir='ltr'><strong>est</strong></span> 
     </span>
    </p>
   </div>
   <div class='ocr_carea' id='block_1_61' title="bbox 225 3103 1784 3176">
    <p class='ocr_par' dir='ltr' id='par_1_61' title="bbox 225 3103 1784 3176">
     <span class='ocr_line' id='line_1_61' title="bbox 225 3103 1784 3176; baseline -0.003 -14"><span class='ocrx_word' id='word_1_435' title='bbox 225 3108 615 3167; x_wconf 84' lang='grc' dir='ltr'>καταλιποῦσα,</span> <span class='ocrx_word' id='word_1_436' title='bbox 651 3106 914 3176; x_wconf 72' lang='grc' dir='ltr'>μοιχαλὶς,</span> <span class='ocrx_word' id='word_1_437' title='bbox 941 3109 987 3158; x_wconf 88' lang='grc' dir='ltr'><strong>εί</strong></span> <span class='ocrx_word' id='word_1_438' title='bbox 1019 3108 1102 3158; x_wconf 71' lang='grc' dir='ltr'><strong>ἐπ’</strong></span> <span class='ocrx_word' id='word_1_439' title='bbox 1127 3106 1284 3158; x_wconf 76' lang='grc' dir='ltr'>ἄλλον</span> <span class='ocrx_word' id='word_1_440' title='bbox 1311 3103 1468 3176; x_wconf 72' lang='grc' dir='ltr'>ἦλθεν</span> <span class='ocrx_word' id='word_1_441' title='bbox 1505 3105 1691 3175; x_wconf 77' lang='grc' dir='ltr'>ἄνδρα.</span> <span class='ocrx_word' id='word_1_442' title='bbox 1728 3106 1784 3158; x_wconf 90' lang='grc'><strong>’0</strong></span> 
     </span>
    </p>
   </div>
   <div class='ocr_carea' id='block_1_62' title="bbox 223 3196 1784 3267">
    <p class='ocr_par' dir='ltr' id='par_1_62' title="bbox 223 3196 1784 3267">
     <span class='ocr_line' id='line_1_62' title="bbox 223 3196 1784 3267; baseline 0.001 -18"><span class='ocrx_word' id='word_1_443' title='bbox 223 3199 281 3250; x_wconf 64' lang='grc' dir='ltr'><strong>δὲ</strong></span> <span class='ocrx_word' id='word_1_444' title='bbox 318 3197 696 3267; x_wconf 75' lang='grc' dir='ltr'>καταλειφθεὶς</span> <span class='ocrx_word' id='word_1_445' title='bbox 734 3198 1074 3265; x_wconf 84' lang='grc' dir='ltr'>συγγνωστός</span> <span class='ocrx_word' id='word_1_446' title='bbox 1111 3200 1244 3256; x_wconf 79' lang='grc' dir='ltr'>ἐστι,</span> <span class='ocrx_word' id='word_1_447' title='bbox 1276 3198 1368 3250; x_wconf 74' lang='grc' dir='ltr'>καὶ</span> <span class='ocrx_word' id='word_1_448' title='bbox 1399 3199 1430 3265; x_wconf 80' lang='grc' dir='ltr'><strong>ἡ</strong></span> <span class='ocrx_word' id='word_1_449' title='bbox 1468 3196 1784 3250; x_wconf 83' lang='grc' dir='ltr'>συνοικοῦσα</span> 
     </span>
    </p>
   </div>
   <div class='ocr_carea' id='block_1_63' title="bbox 222 3288 1782 3360">
    <p class='ocr_par' dir='ltr' id='par_1_63' title="bbox 222 3288 1782 3360">
     <span class='ocr_line' id='line_1_63' title="bbox 222 3288 1782 3360; baseline 0 -20"><span class='ocrx_word' id='word_1_450' title='bbox 222 3288 303 3358; x_wconf 89' lang='grc' dir='ltr'>τῷ</span> <span class='ocrx_word' id='word_1_451' title='bbox 324 3289 542 3360; x_wconf 83' lang='grc' dir='ltr'>τοιούτῳ</span> <span class='ocrx_word' id='word_1_452' title='bbox 569 3290 628 3341; x_wconf 75' lang='grc' dir='ltr'><strong>οὐ</strong></span> <span class='ocrx_word' id='word_1_453' title='bbox 663 3289 1062 3357; x_wconf 82' lang='grc' dir='ltr'>κατακρίνεται.</span> <span class='ocrx_word' id='word_1_454' title='bbox 1094 3289 1155 3340; x_wconf 86' lang='grc' dir='ltr'>Εί</span> <span class='ocrx_word' id='word_1_455' title='bbox 1190 3288 1369 3356; x_wconf 85' lang='grc' dir='ltr'>μέντοι</span> <span class='ocrx_word' id='word_1_456' title='bbox 1403 3291 1431 3340; x_wconf 88' lang='grc' dir='ltr'><strong>ό</strong></span> <span class='ocrx_word' id='word_1_457' title='bbox 1461 3289 1624 3358; x_wconf 74' lang='grc' dir='ltr'>ἀνὴρ,</span> <span class='ocrx_word' id='word_1_458' title='bbox 1653 3289 1782 3340; x_wconf 86' lang='grc' dir='ltr'>ἀπο-</span> 
     </span>
    </p>
   </div>
   <div class='ocr_carea' id='block_1_64' title="bbox 225 3372 1777 3447">
    <p class='ocr_par' dir='ltr' id='par_1_64' title="bbox 225 3372 1777 3447">
     <span class='ocr_line' id='line_1_64' title="bbox 225 3372 1777 3447; baseline -0.001 -17"><span class='ocrx_word' id='word_1_459' title='bbox 225 3380 356 3441; x_wconf 80' lang='grc' dir='ltr'>στὰς</span> <span class='ocrx_word' id='word_1_460' title='bbox 388 3379 485 3447; x_wconf 85' lang='grc' dir='ltr'>τῆς</span> <span class='ocrx_word' id='word_1_461' title='bbox 509 3379 780 3445; x_wconf 79' lang='grc' dir='ltr'>γυναικὸς,</span> <span class='ocrx_word' id='word_1_462' title='bbox 805 3377 890 3429; x_wconf 78' lang='grc' dir='ltr'><strong>ἐπ’</strong></span> <span class='ocrx_word' id='word_1_463' title='bbox 913 3377 1076 3443; x_wconf 82' lang='grc' dir='ltr'>ἄλλην</span> <span class='ocrx_word' id='word_1_464' title='bbox 1095 3372 1244 3445; x_wconf 76' lang='grc' dir='ltr'>ἦλθε,</span> <span class='ocrx_word' id='word_1_465' title='bbox 1275 3375 1368 3427; x_wconf 70' lang='grc' dir='ltr'><strong>καὶ</strong></span> <span class='ocrx_word' id='word_1_466' title='bbox 1393 3376 1551 3438; x_wconf 82' lang='grc' dir='ltr'>αὐτὸς</span> <span class='ocrx_word' id='word_1_467' title='bbox 1575 3377 1777 3445; x_wconf 82' lang='grc' dir='ltr'>μοιχὸς,</span> 
     </span>
    </p>
   </div>
   <div class='ocr_carea' id='block_1_65' title="bbox 221 3463 1768 3533">
    <p class='ocr_par' dir='ltr' id='par_1_65' title="bbox 221 3463 1768 3533">
     <span class='ocr_line' id='line_1_65' title="bbox 221 3463 1768 3533; baseline 0.002 -15"><span class='ocrx_word' id='word_1_468' title='bbox 221 3466 355 3518; x_wconf 79' lang='grc' dir='ltr'>διότι</span> <span class='ocrx_word' id='word_1_469' title='bbox 407 3469 551 3517; x_wconf 82' lang='grc' dir='ltr'>ποιεῖ</span> <span class='ocrx_word' id='word_1_470' title='bbox 597 3465 762 3533; x_wconf 79' lang='grc' dir='ltr'>αὐτὴν</span> <span class='ocrx_word' id='word_1_471' title='bbox 815 3463 1178 3531; x_wconf 79' lang='grc' dir='ltr'>μοιχευθῆναι·</span> <span class='ocrx_word' id='word_1_472' title='bbox 1230 3464 1318 3515; x_wconf 68' lang='grc' dir='ltr'><strong>καὶ</strong></span> <span class='ocrx_word' id='word_1_473' title='bbox 1374 3466 1406 3533; x_wconf 72' lang='grc' dir='ltr'>ἡ</span> <span class='ocrx_word' id='word_1_474' title='bbox 1456 3467 1768 3523; x_wconf 83' lang='grc' dir='ltr'>συνοικοῦσα</span> 
     </span>
    </p>
   </div>
   <div class='ocr_carea' id='block_1_66' title="bbox 207 3551 1767 3629">
    <p class='ocr_par' dir='ltr' id='par_1_66' title="bbox 207 3551 1767 3629">
     <span class='ocr_line' id='line_1_66' title="bbox 207 3551 1767 3629; baseline 0.001 -25"><span class='ocrx_word' id='word_1_475' title='bbox 207 3553 382 3621; x_wconf 77' lang='grc' dir='ltr'>αὐτῷ,</span> <span class='ocrx_word' id='word_1_476' title='bbox 433 3553 688 3622; x_wconf 68' lang='grc' dir='ltr'>μοιχαλὶς,</span> <span class='ocrx_word' id='word_1_477' title='bbox 728 3552 859 3603; x_wconf 82' lang='grc' dir='ltr'>διότι</span> <span class='ocrx_word' id='word_1_478' title='bbox 898 3551 1166 3619; x_wconf 79' lang='grc' dir='ltr'>ἀλλότριον</span> <span class='ocrx_word' id='word_1_479' title='bbox 1201 3554 1364 3621; x_wconf 73' lang='grc' dir='ltr'>ἄνδρα</span> <span class='ocrx_word' id='word_1_480' title='bbox 1406 3555 1536 3623; x_wconf 83' lang='grc' dir='ltr'>πρὸς</span> <span class='ocrx_word' id='word_1_481' title='bbox 1571 3557 1767 3629; x_wconf 76' lang='grc' dir='ltr'>ἑαυτὴν</span> 
     </span>
    </p>
   </div>
   <div class='ocr_carea' id='block_1_67' title="bbox 213 3640 566 3707">
    <p class='ocr_par' dir='ltr' id='par_1_67' title="bbox 213 3640 566 3707">
     <span class='ocr_line' id='line_1_67' title="bbox 213 3640 566 3707; baseline 0.003 -16"><span class='ocrx_word' id='word_1_482' title='bbox 213 3640 448 3707; x_wconf 76' lang='grc' dir='ltr'>μετέστη</span> <span class='ocrx_word' id='word_1_483' title='bbox 458 3658 566 3693; x_wconf 88' lang='grc' dir='ltr'>σεν.</span> 
     </span>
    </p>
   </div>
   <div class='ocr_carea' id='block_1_68' title="bbox 275 3735 1765 3808">
    <p class='ocr_par' dir='ltr' id='par_1_68' title="bbox 275 3735 1765 3808">
     <span class='ocr_line' id='line_1_68' title="bbox 275 3735 1765 3808; baseline -0.003 -20"><span class='ocrx_word' id='word_1_484' title='bbox 275 3737 471 3790; x_wconf 78' lang='grc' dir='ltr'><strong>ΒΔΛΣ.</strong></span> <span class='ocrx_word' id='word_1_485' title='bbox 517 3736 841 3808; x_wconf 78' lang='grc' dir='ltr'>Ἐρωτηθεὶς</span> <span class='ocrx_word' id='word_1_486' title='bbox 865 3738 893 3790; x_wconf 83' lang='grc' dir='ltr'><strong>ό</strong></span> <span class='ocrx_word' id='word_1_487' title='bbox 923 3737 1076 3802; x_wconf 74' lang='grc' dir='ltr'>ἅγιος</span> <span class='ocrx_word' id='word_1_488' title='bbox 1105 3736 1155 3788; x_wconf 89' lang='grc' dir='ltr'><strong>τί</strong></span> <span class='ocrx_word' id='word_1_489' title='bbox 1179 3735 1383 3803; x_wconf 81' lang='grc' dir='ltr'>ὀφείλει</span> <span class='ocrx_word' id='word_1_490' title='bbox 1413 3735 1657 3802; x_wconf 85' lang='grc' dir='ltr'>γίνεσθαι</span> <span class='ocrx_word' id='word_1_491' title='bbox 1686 3737 1765 3796; x_wconf 78' lang='grc' dir='ltr'><strong>εις</strong></span> 
     </span>
    </p>
   </div>
   <div class='ocr_carea' id='block_1_69' title="bbox 1885 3104 3430 3175">
    <p class='ocr_par' dir='ltr' id='par_1_69' title="bbox 1885 3104 3430 3175">
     <span class='ocr_line' id='line_1_69' title="bbox 1885 3104 3430 3175; baseline 0.005 -19"><span class='ocrx_word' id='word_1_492' title='bbox 1885 3104 2149 3166; x_wconf 87' lang='lat' dir='ltr'><strong>adultera,</strong></span> <span class='ocrx_word' id='word_1_493' title='bbox 2205 3106 2248 3159; x_wconf 90' lang='lat' dir='ltr'><strong>si</strong></span> <span class='ocrx_word' id='word_1_494' title='bbox 2284 3105 2351 3159; x_wconf 89' lang='lat' dir='ltr'><strong>ad</strong></span> <span class='ocrx_word' id='word_1_495' title='bbox 2396 3107 2560 3160; x_wconf 89' lang='lat' dir='ltr'><strong>alium</strong></span> <span class='ocrx_word' id='word_1_496' title='bbox 2613 3108 2784 3161; x_wconf 90' lang='lat' dir='ltr'><strong>virum</strong></span> <span class='ocrx_word' id='word_1_497' title='bbox 2835 3109 3086 3165; x_wconf 90' lang='lat' dir='ltr'><strong>accessit.</strong></span> <span class='ocrx_word' id='word_1_498' title='bbox 3116 3111 3216 3175; x_wconf 86' lang='lat' dir='ltr'><strong>Qui</strong></span> <span class='ocrx_word' id='word_1_499' title='bbox 3251 3122 3430 3164; x_wconf 73' lang='lat' dir='ltr'><strong>autem</strong></span> 
     </span>
    </p>
   </div>
   <div class='ocr_carea' id='block_1_70' title="bbox 1881 3195 3433 3269">
    <p class='ocr_par' dir='ltr' id='par_1_70' title="bbox 1881 3195 3433 3269">
     <span class='ocr_line' id='line_1_70' title="bbox 1881 3195 3433 3269; baseline 0.004 -19"><span class='ocrx_word' id='word_1_500' title='bbox 1881 3195 2105 3250; x_wconf 83' lang='lat' dir='ltr'><strong>relictus</strong></span> <span class='ocrx_word' id='word_1_501' title='bbox 2143 3202 2247 3259; x_wconf 84' lang='lat' dir='ltr'><strong>est,</strong></span> <span class='ocrx_word' id='word_1_502' title='bbox 2281 3197 2477 3268; x_wconf 89' lang='lat' dir='ltr'><strong>dignus</strong></span> <span class='ocrx_word' id='word_1_503' title='bbox 2504 3206 2586 3252; x_wconf 87' lang='lat' dir='ltr'><strong>est</strong></span> <span class='ocrx_word' id='word_1_504' title='bbox 2614 3200 2794 3262; x_wconf 89' lang='lat' dir='ltr'><strong>venia,</strong></span> <span class='ocrx_word' id='word_1_505' title='bbox 2829 3207 2882 3254; x_wconf 87' lang='lat' dir='ltr'><strong>et</strong></span> <span class='ocrx_word' id='word_1_506' title='bbox 2911 3217 3030 3269; x_wconf 67' lang='lat' dir='ltr'><strong>qua:</strong></span> <span class='ocrx_word' id='word_1_507' title='bbox 3071 3219 3174 3256; x_wconf 81' lang='lat' dir='ltr'><strong>una</strong></span> <span class='ocrx_word' id='word_1_508' title='bbox 3207 3219 3327 3256; x_wconf 89' lang='lat' dir='ltr'><strong>emn</strong></span> <span class='ocrx_word' id='word_1_509' title='bbox 3368 3219 3433 3256; x_wconf 81' lang='lat' dir='ltr'><strong>eo</strong></span> 
     </span>
    </p>
   </div>
   <div class='ocr_carea' id='block_1_71' title="bbox 1883 3284 3433 3360">
    <p class='ocr_par' dir='ltr' id='par_1_71' title="bbox 1883 3284 3433 3360">
     <span class='ocr_line' id='line_1_71' title="bbox 1883 3284 3433 3360; baseline 0.005 -23"><span class='ocrx_word' id='word_1_510' title='bbox 1883 3284 2110 3348; x_wconf 86' lang='lat' dir='ltr'><strong>habitat,</strong></span> <span class='ocrx_word' id='word_1_511' title='bbox 2141 3300 2251 3339; x_wconf 86' lang='lat' dir='ltr'><strong>non</strong></span> <span class='ocrx_word' id='word_1_512' title='bbox 2281 3285 2691 3341; x_wconf 89' lang='lat' dir='ltr'><strong>condemnatur.</strong></span> <span class='ocrx_word' id='word_1_513' title='bbox 2721 3286 2825 3342; x_wconf 89' lang='lat' dir='ltr'><strong>Sed</strong></span> <span class='ocrx_word' id='word_1_514' title='bbox 2848 3290 2892 3343; x_wconf 88' lang='lat' dir='ltr'><strong>si</strong></span> <span class='ocrx_word' id='word_1_515' title='bbox 2916 3292 3016 3356; x_wconf 85' lang='lat' dir='ltr'><strong>vir,</strong></span> <span class='ocrx_word' id='word_1_516' title='bbox 3051 3294 3139 3360; x_wconf 90' lang='lat' dir='ltr'><strong>qui</strong></span> <span class='ocrx_word' id='word_1_517' title='bbox 3169 3294 3236 3345; x_wconf 88' lang='lat' dir='ltr'><strong>ah</strong></span> <span class='ocrx_word' id='word_1_518' title='bbox 3266 3307 3433 3344; x_wconf 71' lang='lat' dir='ltr'><strong>uxore</strong></span> 
     </span>
    </p>
   </div>
   <div class='ocr_carea' id='block_1_72' title="bbox 1883 3376 3429 3452">
    <p class='ocr_par' dir='ltr' id='par_1_72' title="bbox 1883 3376 3429 3452">
     <span class='ocr_line' id='line_1_72' title="bbox 1883 3376 3429 3452; baseline 0.003 -22"><span class='ocrx_word' id='word_1_519' title='bbox 1883 3376 2160 3442; x_wconf 85' lang='lat' dir='ltr'><strong>discessit,</strong></span> <span class='ocrx_word' id='word_1_520' title='bbox 2201 3380 2434 3434; x_wconf 84' lang='lat' dir='ltr'><strong>accessit</strong></span> <span class='ocrx_word' id='word_1_521' title='bbox 2471 3382 2536 3434; x_wconf 93' lang='lat' dir='ltr'><strong>ad</strong></span> <span class='ocrx_word' id='word_1_522' title='bbox 2578 3382 2760 3445; x_wconf 87' lang='lat' dir='ltr'><strong>aliam,</strong></span> <span class='ocrx_word' id='word_1_523' title='bbox 2807 3392 2891 3437; x_wconf 87' lang='lat' dir='ltr'><strong>est</strong></span> <span class='ocrx_word' id='word_1_524' title='bbox 2932 3391 2986 3437; x_wconf 92' lang='lat' dir='ltr'><strong>et</strong></span> <span class='ocrx_word' id='word_1_525' title='bbox 3034 3384 3148 3452; x_wconf 86' lang='lat' dir='ltr'><strong>ipse</strong></span> <span class='ocrx_word' id='word_1_526' title='bbox 3197 3385 3429 3447; x_wconf 74' lang='lat' dir='ltr'><strong>adulter,</strong></span> 
     </span>
    </p>
   </div>
   <div class='ocr_carea' id='block_1_73' title="bbox 1880 3466 3430 3543">
    <p class='ocr_par' dir='ltr' id='par_1_73' title="bbox 1880 3466 3430 3543">
     <span class='ocr_line' id='line_1_73' title="bbox 1880 3466 3430 3543; baseline 0.006 -25"><span class='ocrx_word' id='word_1_527' title='bbox 1880 3481 2006 3535; x_wconf 79' lang='lat' dir='ltr'><strong>quia</strong></span> <span class='ocrx_word' id='word_1_528' title='bbox 2042 3466 2176 3520; x_wconf 81' lang='lat' dir='ltr'><strong>facit</strong></span> <span class='ocrx_word' id='word_1_529' title='bbox 2228 3475 2287 3521; x_wconf 93' lang='lat' dir='ltr'><strong>ut</strong></span> <span class='ocrx_word' id='word_1_530' title='bbox 2323 3470 2440 3540; x_wconf 89' lang='lat' dir='ltr'><strong>ipsa</strong></span> <span class='ocrx_word' id='word_1_531' title='bbox 2494 3470 2818 3527; x_wconf 81' lang='lat' dir='ltr'><strong>adulterium</strong></span> <span class='ocrx_word' id='word_1_532' title='bbox 2860 3475 3189 3536; x_wconf 84' lang='lat' dir='ltr'><strong>committat;</strong></span> <span class='ocrx_word' id='word_1_533' title='bbox 3231 3483 3282 3527; x_wconf 85' lang='lat' dir='ltr'><strong>et</strong></span> <span class='ocrx_word' id='word_1_534' title='bbox 3312 3491 3430 3543; x_wconf 76' lang='lat' dir='ltr'><strong>qua:</strong></span> 
     </span>
    </p>
   </div>
   <div class='ocr_carea' id='block_1_74' title="bbox 1880 3559 3419 3630">
    <p class='ocr_par' dir='ltr' id='par_1_74' title="bbox 1880 3559 3419 3630">
     <span class='ocr_line' id='line_1_74' title="bbox 1880 3559 3419 3630; baseline 0.005 -22"><span class='ocrx_word' id='word_1_535' title='bbox 1880 3571 1985 3609; x_wconf 85' lang='lat' dir='ltr'><strong>una</strong></span> <span class='ocrx_word' id='word_1_536' title='bbox 2018 3571 2137 3610; x_wconf 89' lang='lat' dir='ltr'><strong>cum</strong></span> <span class='ocrx_word' id='word_1_537' title='bbox 2181 3559 2300 3626; x_wconf 89' lang='lat' dir='ltr'><strong>ipso</strong></span> <span class='ocrx_word' id='word_1_538' title='bbox 2346 3559 2570 3625; x_wconf 86' lang='lat' dir='ltr'><strong>habitat,</strong></span> <span class='ocrx_word' id='word_1_539' title='bbox 2608 3571 2692 3614; x_wconf 88' lang='lat' dir='ltr'><strong>cst</strong></span> <span class='ocrx_word' id='word_1_540' title='bbox 2713 3563 2978 3625; x_wconf 90' lang='lat' dir='ltr'><strong>adultera,</strong></span> <span class='ocrx_word' id='word_1_541' title='bbox 3017 3564 3141 3630; x_wconf 89' lang='lat' dir='ltr'><strong>quia</strong></span> <span class='ocrx_word' id='word_1_542' title='bbox 3188 3563 3419 3615; x_wconf 87' lang='lat' dir='ltr'><strong>alienum</strong></span> 
     </span>
    </p>
   </div>
   <div class='ocr_carea' id='block_1_75' title="bbox 1880 3641 2524 3698">
    <p class='ocr_par' dir='ltr' id='par_1_75' title="bbox 1880 3641 2524 3698">
     <span class='ocr_line' id='line_1_75' title="bbox 1880 3641 2524 3698; baseline 0.009 -6"><span class='ocrx_word' id='word_1_543' title='bbox 1880 3641 2049 3693; x_wconf 81' lang='lat' dir='ltr'><strong>virum</strong></span> <span class='ocrx_word' id='word_1_544' title='bbox 2075 3643 2140 3695; x_wconf 90' lang='lat' dir='ltr'><strong>ad</strong></span> <span class='ocrx_word' id='word_1_545' title='bbox 2172 3658 2230 3696; x_wconf 83' lang='lat' dir='ltr'><strong>se</strong></span> <span class='ocrx_word' id='word_1_546' title='bbox 2262 3645 2524 3698; x_wconf 80' lang='lat' dir='ltr'><strong>traduxit.</strong></span> 
     </span>
    </p>
   </div>
   <div class='ocr_carea' id='block_1_76' title="bbox 1944 3735 3420 3808">
    <p class='ocr_par' dir='ltr' id='par_1_76' title="bbox 1944 3735 3420 3808">
     <span class='ocr_line' id='line_1_76' title="bbox 1944 3735 3420 3808; baseline 0.002 -17"><span class='ocrx_word' id='word_1_547' title='bbox 1944 3737 2135 3792; x_wconf 83' lang='lat' dir='ltr'><strong>BALS.</strong></span> <span class='ocrx_word' id='word_1_548' title='bbox 2192 3735 2428 3793; x_wconf 85' lang='lat' dir='ltr'><strong>Sanetus</strong></span> <span class='ocrx_word' id='word_1_549' title='bbox 2481 3736 2860 3806; x_wconf 78' lang='lat' dir='ltr'><strong>interrogatus,</strong></span> <span class='ocrx_word' id='word_1_550' title='bbox 2910 3740 3039 3808; x_wconf 84' lang='lat' dir='ltr'><strong>quid</strong></span> <span class='ocrx_word' id='word_1_551' title='bbox 3104 3739 3263 3795; x_wconf 87' lang='lat' dir='ltr'><strong>debet</strong></span> <span class='ocrx_word' id='word_1_552' title='bbox 3310 3742 3420 3794; x_wconf 54' lang='lat' dir='ltr'><strong>ﬁeri</strong></span> 
     </span>
    </p>
   </div>
   <div class='ocr_carea' id='block_1_77' title="bbox 201 3825 1785 3898">
    <p class='ocr_par' dir='ltr' id='par_1_77' title="bbox 201 3825 1762 3896">
     <span class='ocr_line' id='line_1_77' title="bbox 201 3825 1762 3896; baseline -0.002 -15"><span class='ocrx_word' id='word_1_553' title='bbox 201 3829 332 3889; x_wconf 79' lang='grc' dir='ltr'>τοὺς</span> <span class='ocrx_word' id='word_1_554' title='bbox 360 3827 681 3896; x_wconf 76' lang='grc' dir='ltr'>όμοζύγους,</span> <span class='ocrx_word' id='word_1_555' title='bbox 718 3827 814 3879; x_wconf 76' lang='grc' dir='ltr'>ὲάν</span> <span class='ocrx_word' id='word_1_556' title='bbox 837 3843 921 3888; x_wconf 91' lang='grc' dir='ltr'><strong>τις</strong></span> <span class='ocrx_word' id='word_1_557' title='bbox 954 3825 1011 3891; x_wconf 74' lang='grc' dir='ltr'><strong>ἐξ</strong></span> <span class='ocrx_word' id='word_1_558' title='bbox 1066 3825 1246 3878; x_wconf 82' lang='grc' dir='ltr'>αὐτῶν</span> <span class='ocrx_word' id='word_1_559' title='bbox 1293 3827 1370 3888; x_wconf 86' lang='grc' dir='ltr'><strong>είς</strong></span> <span class='ocrx_word' id='word_1_560' title='bbox 1401 3826 1589 3895; x_wconf 70' lang='grc' dir='ltr'>ἕτερον</span> <span class='ocrx_word' id='word_1_561' title='bbox 1635 3825 1762 3896; x_wconf 80' lang='grc' dir='ltr'>ἔλθῃ</span> 
     </span>
    </p>
   </div>
   <div class='ocr_carea' id='block_1_78' title="bbox 1887 3825 3419 3898">
    <p class='ocr_par' dir='ltr' id='par_1_78' title="bbox 1887 3828 3419 3898">
     <span class='ocr_line' id='line_1_78' title="bbox 1887 3828 3419 3898; baseline -0.001 -16"><span class='ocrx_word' id='word_1_562' title='bbox 1887 3828 2208 3898; x_wconf 86' lang='lat' dir='ltr'><strong>:onjugibus,</strong></span> <span class='ocrx_word' id='word_1_563' title='bbox 2241 3829 2446 3897; x_wconf 82' lang='lat' dir='ltr'><strong>siquis</strong></span> <span class='ocrx_word' id='word_1_564' title='bbox 2495 3843 2560 3882; x_wconf 82' lang='lat' dir='ltr'><strong>ex</strong></span> <span class='ocrx_word' id='word_1_565' title='bbox 2626 3829 2758 3897; x_wconf 86' lang='lat' dir='ltr'><strong>ipsis</strong></span> <span class='ocrx_word' id='word_1_566' title='bbox 2806 3842 2866 3882; x_wconf 90' lang='lat' dir='ltr'><strong>se</strong></span> <span class='ocrx_word' id='word_1_567' title='bbox 2919 3830 2984 3881; x_wconf 85' lang='lat' dir='ltr'><strong>ad</strong></span> <span class='ocrx_word' id='word_1_568' title='bbox 3038 3829 3183 3882; x_wconf 87' lang='lat' dir='ltr'><strong>aliud</strong></span> <span class='ocrx_word' id='word_1_569' title='bbox 3232 3829 3419 3881; x_wconf 59' lang='lat' dir='ltr'><strong>matri»</strong></span> 
     </span>
    </p>
   </div>
   <div class='ocr_carea' id='block_1_79' title="bbox 202 3915 1762 3989">
    <p class='ocr_par' dir='ltr' id='par_1_79' title="bbox 202 3915 1762 3989">
     <span class='ocr_line' id='line_1_79' title="bbox 202 3915 1762 3989; baseline -0.003 -16"><span class='ocrx_word' id='word_1_570' title='bbox 202 3921 400 3989; x_wconf 77' lang='grc' dir='ltr'>γάμον,</span> <span class='ocrx_word' id='word_1_571' title='bbox 432 3922 463 3988; x_wconf 83' lang='grc' dir='ltr'><strong>ἥ</strong></span> <span class='ocrx_word' id='word_1_572' title='bbox 500 3920 593 3970; x_wconf 69' lang='grc' dir='ltr'><strong>καὶ</strong></span> <span class='ocrx_word' id='word_1_573' title='bbox 631 3915 904 3988; x_wconf 77' lang='grc' dir='ltr'>πορνεύσῃ</span> <span class='ocrx_word' id='word_1_574' title='bbox 926 3933 937 3946; x_wconf 81' lang='grc'><strong>’</strong></span> <span class='ocrx_word' id='word_1_575' title='bbox 969 3916 1192 3985; x_wconf 75' lang='grc' dir='ltr'>ἐποίησε</span> <span class='ocrx_word' id='word_1_576' title='bbox 1226 3917 1317 3968; x_wconf 74' lang='grc' dir='ltr'>τὸν</span> <span class='ocrx_word' id='word_1_577' title='bbox 1361 3916 1627 3983; x_wconf 83' lang='grc' dir='ltr'>ἀπόλογον</span> <span class='ocrx_word' id='word_1_578' title='bbox 1657 3918 1762 3968; x_wconf 76' lang='grc' dir='ltr'><strong>ἀπὸ</strong></span> 
     </span>
    </p>
   </div>
   <div class='ocr_carea' id='block_1_80' title="bbox 201 4005 1762 4078">
    <p class='ocr_par' dir='ltr' id='par_1_80' title="bbox 201 4005 1762 4078">
     <span class='ocr_line' id='line_1_80' title="bbox 201 4005 1762 4078; baseline -0.005 -13"><span class='ocrx_word' id='word_1_579' title='bbox 201 4008 811 4078; x_wconf 59' lang='grc' dir='ltr'>διαφόρωνγραφικῶν,</span> <span class='ocrx_word' id='word_1_580' title='bbox 842 4007 936 4060; x_wconf 80' lang='grc' dir='ltr'>καὶ</span> <span class='ocrx_word' id='word_1_581' title='bbox 959 4010 1020 4058; x_wconf 84' lang='grc' dir='ltr'>ὲκ</span> <span class='ocrx_word' id='word_1_582' title='bbox 1040 4005 1137 4074; x_wconf 77' lang='grc' dir='ltr'>τῆς</span> <span class='ocrx_word' id='word_1_583' title='bbox 1163 4007 1283 4058; x_wconf 89' lang='grc' dir='ltr'>τότε</span> <span class='ocrx_word' id='word_1_584' title='bbox 1306 4008 1609 4075; x_wconf 80' lang='grc' dir='ltr'>κρατούσης</span> <span class='ocrx_word' id='word_1_585' title='bbox 1642 4023 1762 4058; x_wconf 86' lang='grc' dir='ltr'>συν·</span> 
     </span>
    </p>
   </div>
   <div class='ocr_carea' id='block_1_81' title="bbox 1875 3918 3418 3982">
    <p class='ocr_par' dir='ltr' id='par_1_81' title="bbox 1875 3918 3418 3982">
     <span class='ocr_line' id='line_1_81' title="bbox 1875 3918 3418 3982; baseline -0.002 -11"><span class='ocrx_word' id='word_1_586' title='bbox 1875 3921 2112 3974; x_wconf 87' lang='lat' dir='ltr'><strong>monium</strong></span> <span class='ocrx_word' id='word_1_587' title='bbox 2170 3921 2481 3980; x_wconf 89' lang='lat' dir='ltr'><strong>contulerit,</strong></span> <span class='ocrx_word' id='word_1_588' title='bbox 2544 3918 2628 3972; x_wconf 89' lang='lat' dir='ltr'><strong>vel</strong></span> <span class='ocrx_word' id='word_1_589' title='bbox 2679 3919 2842 3972; x_wconf 88' lang='lat' dir='ltr'><strong>etiam</strong></span> <span class='ocrx_word' id='word_1_590' title='bbox 2903 3919 3202 3972; x_wconf 84' lang='lat' dir='ltr'><strong>fornicatus</strong></span> <span class='ocrx_word' id='word_1_591' title='bbox 3236 3919 3418 3982; x_wconf 86' lang='lat' dir='ltr'><strong>fuerit,</strong></span> 
     </span>
    </p>
   </div>
   <div class='ocr_carea' id='block_1_82' title="bbox 1866 4001 3418 4074">
    <p class='ocr_par' dir='ltr' id='par_1_82' title="bbox 1866 4001 3418 4074">
     <span class='ocr_line' id='line_1_82' title="bbox 1866 4001 3418 4074; baseline 0 -18"><span class='ocrx_word' id='word_1_592' title='bbox 1866 4001 1998 4059; x_wconf 71' lang='lat' dir='ltr'><strong>fecit</strong></span> <span class='ocrx_word' id='word_1_593' title='bbox 2027 4019 2342 4074; x_wconf 89' lang='lat' dir='ltr'><strong>responsum</strong></span> <span class='ocrx_word' id='word_1_594' title='bbox 2367 4021 2431 4060; x_wconf 76' lang='lat' dir='ltr'><strong>ex</strong></span> <span class='ocrx_word' id='word_1_595' title='bbox 2463 4006 2692 4060; x_wconf 84' lang='lat' dir='ltr'><strong>diversis</strong></span> <span class='ocrx_word' id='word_1_596' title='bbox 2727 4007 3036 4074; x_wconf 87' lang='lat' dir='ltr'><strong>scripturis,</strong></span> <span class='ocrx_word' id='word_1_597' title='bbox 3077 4015 3130 4060; x_wconf 89' lang='lat' dir='ltr'><strong>et</strong></span> <span class='ocrx_word' id='word_1_598' title='bbox 3183 4023 3246 4059; x_wconf 76' lang='lat' dir='ltr'><strong>ex</strong></span> <span class='ocrx_word' id='word_1_599' title='bbox 3287 4022 3418 4060; x_wconf 84' lang='lat' dir='ltr'><strong>con-</strong></span> 
     </span>
    </p>
   </div>
   <div class='ocr_carea' id='block_1_83' title="bbox 201 4093 1785 4167">
    <p class='ocr_par' dir='ltr' id='par_1_83' title="bbox 201 4093 1760 4167">
     <span class='ocr_line' id='line_1_83' title="bbox 201 4093 1760 4167; baseline -0.003 -14"><span class='ocrx_word' id='word_1_600' title='bbox 201 4100 417 4167; x_wconf 86' lang='grc' dir='ltr'>ηθείας.</span> <span class='ocrx_word' id='word_1_601' title='bbox 463 4100 613 4152; x_wconf 81' lang='grc' dir='ltr'>Ἐπεὶ</span> <span class='ocrx_word' id='word_1_602' title='bbox 649 4099 704 4150; x_wconf 81' lang='grc' dir='ltr'>δὲ</span> <span class='ocrx_word' id='word_1_603' title='bbox 735 4095 803 4148; x_wconf 80' lang='grc' dir='ltr'><strong>τὰ</strong></span> <span class='ocrx_word' id='word_1_604' title='bbox 830 4097 886 4146; x_wconf 73' lang='grc' dir='ltr'>ὲν</span> <span class='ocrx_word' id='word_1_605' title='bbox 943 4094 1018 4164; x_wconf 83' lang='grc' dir='ltr'>τῷ</span> <span class='ocrx_word' id='word_1_606' title='bbox 1064 4093 1288 4163; x_wconf 81' lang='grc' dir='ltr'>τοιούτῳ</span> <span class='ocrx_word' id='word_1_607' title='bbox 1338 4095 1520 4148; x_wconf 86' lang='grc' dir='ltr'>κανόνι</span> <span class='ocrx_word' id='word_1_608' title='bbox 1584 4098 1760 4148; x_wconf 83' lang='grc' dir='ltr'>πάντα</span> 
     </span>
    </p>
   </div>
   <div class='ocr_carea' id='block_1_84' title="bbox 1887 4093 3418 4167">
    <p class='ocr_par' dir='ltr' id='par_1_84' title="bbox 1887 4095 3418 4166">
     <span class='ocr_line' id='line_1_84' title="bbox 1887 4095 3418 4166; baseline 0.001 -18"><span class='ocrx_word' id='word_1_609' title='bbox 1887 4095 2151 4150; x_wconf 60' lang='lat' dir='ltr'><strong>suetudine</strong></span> <span class='ocrx_word' id='word_1_610' title='bbox 2196 4112 2313 4166; x_wconf 70' lang='lat' dir='ltr'><strong>qua:</strong></span> <span class='ocrx_word' id='word_1_611' title='bbox 2343 4105 2469 4151; x_wconf 86' lang='lat' dir='ltr'><strong>tunc</strong></span> <span class='ocrx_word' id='word_1_612' title='bbox 2491 4097 2831 4152; x_wconf 74' lang='lat' dir='ltr'><strong>servabatur.</strong></span> <span class='ocrx_word' id='word_1_613' title='bbox 2874 4096 3010 4162; x_wconf 86' lang='lat' dir='ltr'><strong>Quia</strong></span> <span class='ocrx_word' id='word_1_614' title='bbox 3049 4109 3251 4161; x_wconf 87' lang='lat' dir='ltr'><strong>autem,</strong></span> <span class='ocrx_word' id='word_1_615' title='bbox 3301 4113 3418 4165; x_wconf 72' lang='lat' dir='ltr'><strong>qua:</strong></span> 
     </span>
    </p>
   </div>
   <div class='ocr_carea' id='block_1_85' title="bbox 205 4183 1757 4258">
    <p class='ocr_par' dir='ltr' id='par_1_85' title="bbox 205 4183 1757 4258">
     <span class='ocr_line' id='line_1_85' title="bbox 205 4183 1757 4258; baseline -0.002 -17"><span class='ocrx_word' id='word_1_616' title='bbox 205 4191 392 4258; x_wconf 75' lang='grc' dir='ltr'>σχεδὸν</span> <span class='ocrx_word' id='word_1_617' title='bbox 425 4188 804 4256; x_wconf 84' lang='grc' dir='ltr'>μετετύπωσεν</span> <span class='ocrx_word' id='word_1_618' title='bbox 835 4187 866 4255; x_wconf 86' lang='grc' dir='ltr'>ὴ</span> <span class='ocrx_word' id='word_1_619' title='bbox 898 4183 996 4253; x_wconf 77' lang='grc' dir='ltr'>ριζ¹</span> <span class='ocrx_word' id='word_1_620' title='bbox 1062 4185 1247 4252; x_wconf 85' lang='grc' dir='ltr'>Νεαρά</span> <span class='ocrx_word' id='word_1_621' title='bbox 1315 4186 1757 4251; x_wconf 82' lang='grc' dir='ltr'>Ἰουστινιάνειος,</span> 
     </span>
    </p>
   </div>
   <div class='ocr_carea' id='block_1_86' title="bbox 1866 4185 3416 4256">
    <p class='ocr_par' dir='ltr' id='par_1_86' title="bbox 1866 4185 3416 4256">
     <span class='ocr_line' id='line_1_86' title="bbox 1866 4185 3416 4256; baseline 0.002 -18"><span class='ocrx_word' id='word_1_622' title='bbox 1866 4185 1919 4238; x_wconf 91' lang='lat' dir='ltr'><strong>in</strong></span> <span class='ocrx_word' id='word_1_623' title='bbox 1948 4186 2049 4240; x_wconf 92' lang='lat' dir='ltr'><strong>hoc</strong></span> <span class='ocrx_word' id='word_1_624' title='bbox 2083 4201 2287 4241; x_wconf 88' lang='lat' dir='ltr'><strong>canone</strong></span> <span class='ocrx_word' id='word_1_625' title='bbox 2309 4188 2409 4242; x_wconf 81' lang='lat' dir='ltr'><strong>sita</strong></span> <span class='ocrx_word' id='word_1_626' title='bbox 2444 4198 2590 4250; x_wconf 90' lang='lat' dir='ltr'><strong>sunt,</strong></span> <span class='ocrx_word' id='word_1_627' title='bbox 2620 4188 2717 4240; x_wconf 82' lang='lat' dir='ltr'><strong>H7</strong></span> <span class='ocrx_word' id='word_1_628' title='bbox 2761 4189 3106 4256; x_wconf 80' lang='lat' dir='ltr'><strong>imperatoris</strong></span> <span class='ocrx_word' id='word_1_629' title='bbox 3130 4187 3416 4241; x_wconf 67' lang='lat' dir='ltr'><strong>Iustiniani</strong></span> 
     </span>
    </p>
   </div>
   <div class='ocr_carea' id='block_1_87' title="bbox 199 4271 1785 4360">
    <p class='ocr_par' dir='ltr' id='par_1_87' title="bbox 199 4271 1758 4348">
     <span class='ocr_line' id='line_1_87' title="bbox 199 4271 1758 4348; baseline -0.003 -16"><span class='ocrx_word' id='word_1_630' title='bbox 199 4284 234 4348; x_wconf 87' lang='grc' dir='ltr'>ἠ</span> <span class='ocrx_word' id='word_1_631' title='bbox 271 4281 498 4347; x_wconf 77' lang='grc' dir='ltr'>κειμένη</span> <span class='ocrx_word' id='word_1_632' title='bbox 533 4279 589 4329; x_wconf 74' lang='grc' dir='ltr'>ὲν</span> <span class='ocrx_word' id='word_1_633' title='bbox 619 4277 694 4345; x_wconf 86' lang='grc' dir='ltr'>τῷ</span> <span class='ocrx_word' id='word_1_634' title='bbox 725 4275 768 4340; x_wconf 68' lang='grc' dir='ltr'><strong>ζ’</strong></span> <span class='ocrx_word' id='word_1_635' title='bbox 802 4276 963 4344; x_wconf 87' lang='grc' dir='ltr'>τίτλῳ</span> <span class='ocrx_word' id='word_1_636' title='bbox 991 4274 1083 4327; x_wconf 86' lang='grc' dir='ltr'><strong>τόὖ</strong></span> <span class='ocrx_word' id='word_1_637' title='bbox 1114 4271 1199 4338; x_wconf 80' lang='grc' dir='ltr'><strong>κη’</strong></span> <span class='ocrx_word' id='word_1_638' title='bbox 1235 4274 1459 4341; x_wconf 81' lang='grc' dir='ltr'>βιϐλίου,</span> <span class='ocrx_word' id='word_1_639' title='bbox 1489 4277 1758 4340; x_wconf 81' lang='grc' dir='ltr'>ἀνάγνωθι</span> 
     </span>
    </p>
   </div>
   <div class='ocr_carea' id='block_1_88' title="bbox 1887 4271 3418 4360">
    <p class='ocr_par' dir='ltr' id='par_1_88' title="bbox 1887 4277 3418 4346">
     <span class='ocr_line' id='line_1_88' title="bbox 1887 4277 3418 4346; baseline 0.001 -17"><span class='ocrx_word' id='word_1_640' title='bbox 1887 4277 2098 4341; x_wconf 80' lang='lat' dir='ltr'><strong>iovella,</strong></span> <span class='ocrx_word' id='word_1_641' title='bbox 2133 4293 2250 4346; x_wconf 68' lang='lat' dir='ltr'><strong>quae</strong></span> <span class='ocrx_word' id='word_1_642' title='bbox 2282 4279 2332 4332; x_wconf 92' lang='lat' dir='ltr'><strong>in</strong></span> <span class='ocrx_word' id='word_1_643' title='bbox 2380 4280 2462 4333; x_wconf 87' lang='lat' dir='ltr'><strong>tit.</strong></span> <span class='ocrx_word' id='word_1_644' title='bbox 2489 4280 2544 4341; x_wconf 92' lang='lat'><strong>7,</strong></span> <span class='ocrx_word' id='word_1_645' title='bbox 2576 4280 2668 4332; x_wconf 88' lang='lat' dir='ltr'><strong>lib.</strong></span> <span class='ocrx_word' id='word_1_646' title='bbox 2700 4292 2868 4332; x_wconf 79' lang='lat' dir='ltr'><strong>xxvm</strong></span> <span class='ocrx_word' id='word_1_647' title='bbox 2928 4278 3098 4345; x_wconf 84' lang='lat' dir='ltr'><strong>posita</strong></span> <span class='ocrx_word' id='word_1_648' title='bbox 3133 4288 3236 4336; x_wconf 85' lang='lat' dir='ltr'><strong>est.</strong></span> <span class='ocrx_word' id='word_1_649' title='bbox 3272 4278 3418 4346; x_wconf 83' lang='lat' dir='ltr'><strong>peni-</strong></span> 
     </span>
    </p>
   </div>
   <div class='ocr_carea' id='block_1_89' title="bbox 201 4363 1785 4440">
    <p class='ocr_par' dir='ltr' id='par_1_89' title="bbox 201 4363 1757 4435">
     <span class='ocr_line' id='line_1_89' title="bbox 201 4363 1757 4435; baseline -0.005 -14"><span class='ocrx_word' id='word_1_650' title='bbox 201 4369 424 4435; x_wconf 83' lang='grc' dir='ltr'>ταύτην,</span> <span class='ocrx_word' id='word_1_651' title='bbox 465 4366 724 4425; x_wconf 78' lang='grc' dir='ltr'>ὡσαύτως</span> <span class='ocrx_word' id='word_1_652' title='bbox 755 4366 848 4416; x_wconf 79' lang='grc' dir='ltr'>καὶ</span> <span class='ocrx_word' id='word_1_653' title='bbox 876 4364 972 4431; x_wconf 81' lang='grc' dir='ltr'><strong>τὴν</strong></span> <span class='ocrx_word' id='word_1_654' title='bbox 1005 4370 1108 4432; x_wconf 79' lang='grc' dir='ltr'>ρια⁰</span> <span class='ocrx_word' id='word_1_655' title='bbox 1140 4363 1380 4431; x_wconf 75' lang='grc' dir='ltr'>Νεαρὰν,</span> <span class='ocrx_word' id='word_1_656' title='bbox 1431 4364 1526 4415; x_wconf 72' lang='grc' dir='ltr'><strong>καὶ</strong></span> <span class='ocrx_word' id='word_1_657' title='bbox 1568 4363 1757 4425; x_wconf 81' lang='grc' dir='ltr'>ἁπλῶς</span> 
     </span>
    </p>
   </div>
   <div class='ocr_carea' id='block_1_90' title="bbox 1887 4363 3416 4440">
    <p class='ocr_par' dir='ltr' id='par_1_90' title="bbox 1887 4370 3416 4440">
     <span class='ocr_line' id='line_1_90' title="bbox 1887 4370 3416 4440; baseline 0.001 -18"><span class='ocrx_word' id='word_1_658' title='bbox 1887 4384 1949 4422; x_wconf 90' lang='lat' dir='ltr'><strong>us</strong></span> <span class='ocrx_word' id='word_1_659' title='bbox 1982 4370 2312 4436; x_wconf 86' lang='lat' dir='ltr'><strong>immutavit,</strong></span> <span class='ocrx_word' id='word_1_660' title='bbox 2371 4373 2484 4440; x_wconf 89' lang='lat' dir='ltr'><strong>lege</strong></span> <span class='ocrx_word' id='word_1_661' title='bbox 2525 4386 2641 4423; x_wconf 74' lang='lat' dir='ltr'><strong>eam</strong></span> <span class='ocrx_word' id='word_1_662' title='bbox 2675 4372 2940 4435; x_wconf 85' lang='lat' dir='ltr'><strong>similiter,</strong></span> <span class='ocrx_word' id='word_1_663' title='bbox 2989 4381 3041 4424; x_wconf 90' lang='lat' dir='ltr'><strong>et</strong></span> <span class='ocrx_word' id='word_1_664' title='bbox 3089 4370 3179 4424; x_wconf 90' lang='grc'><strong>111</strong></span> <span class='ocrx_word' id='word_1_665' title='bbox 3235 4372 3416 4424; x_wconf 81' lang='lat' dir='ltr'><strong>novel-</strong></span> 
     </span>
    </p>
   </div>
   <div class='ocr_carea' id='block_1_91' title="bbox 201 4451 1752 4524">
    <p class='ocr_par' dir='ltr' id='par_1_91' title="bbox 201 4451 1752 4524">
     <span class='ocr_line' id='line_1_91' title="bbox 201 4451 1752 4524; baseline -0.006 -13"><span class='ocrx_word' id='word_1_666' title='bbox 201 4460 312 4511; x_wconf 64' lang='grc' dir='ltr'>ἀπὸ</span> <span class='ocrx_word' id='word_1_667' title='bbox 338 4458 430 4510; x_wconf 79' lang='grc' dir='ltr'><strong>τοῦ</strong></span> <span class='ocrx_word' id='word_1_668' title='bbox 462 4455 508 4509; x_wconf 86' lang='grc' dir='ltr'>α’</span> <span class='ocrx_word' id='word_1_669' title='bbox 537 4475 662 4524; x_wconf 80' lang='grc' dir='ltr'>κεφ.</span> <span class='ocrx_word' id='word_1_670' title='bbox 686 4456 779 4508; x_wconf 72' lang='grc' dir='ltr'>τοῦ</span> <span class='ocrx_word' id='word_1_671' title='bbox 807 4455 968 4506; x_wconf 78' lang='grc' dir='ltr'>αὑτοῦ</span> <span class='ocrx_word' id='word_1_672' title='bbox 999 4454 1176 4506; x_wconf 86' lang='grc' dir='ltr'>τίτλου</span> <span class='ocrx_word' id='word_1_673' title='bbox 1235 4453 1395 4521; x_wconf 80' lang='grc' dir='ltr'>μέχρι</span> <span class='ocrx_word' id='word_1_674' title='bbox 1423 4453 1514 4504; x_wconf 77' lang='grc' dir='ltr'>καὶ</span> <span class='ocrx_word' id='word_1_675' title='bbox 1549 4451 1640 4504; x_wconf 79' lang='grc' dir='ltr'>τοῦ</span> <span class='ocrx_word' id='word_1_676' title='bbox 1679 4471 1715 4516; x_wconf 85' lang='grc' dir='ltr'><strong>ς</strong></span> <span class='ocrx_word' id='word_1_677' title='bbox 1738 4493 1752 4513; x_wconf 91' lang='lat'><strong>,</strong></span> 
     </span>
    </p>
   </div>
   <div class='ocr_carea' id='block_1_92' title="bbox 201 4543 1760 4619">
    <p class='ocr_par' dir='ltr' id='par_1_92' title="bbox 201 4543 1760 4619">
     <span class='ocr_line' id='line_1_92' title="bbox 201 4543 1760 4619; baseline -0.004 -16"><span class='ocrx_word' id='word_1_678' title='bbox 201 4553 300 4603; x_wconf 75' lang='grc' dir='ltr'>καὶ</span> <span class='ocrx_word' id='word_1_679' title='bbox 335 4550 512 4619; x_wconf 80' lang='grc' dir='ltr'>μάθῃς</span> <span class='ocrx_word' id='word_1_680' title='bbox 551 4553 691 4602; x_wconf 86' lang='grc' dir='ltr'><strong>κατά</strong></span> <span class='ocrx_word' id='word_1_681' title='bbox 735 4549 932 4608; x_wconf 80' lang='grc' dir='ltr'>πόσους</span> <span class='ocrx_word' id='word_1_682' title='bbox 973 4547 1210 4616; x_wconf 84' lang='grc' dir='ltr'>τρόπους</span> <span class='ocrx_word' id='word_1_683' title='bbox 1235 4543 1452 4596; x_wconf 86' lang='grc' dir='ltr'>λύονται</span> <span class='ocrx_word' id='word_1_684' title='bbox 1481 4545 1548 4595; x_wconf 85' lang='grc' dir='ltr'>τά</span> <span class='ocrx_word' id='word_1_685' title='bbox 1583 4561 1760 4596; x_wconf 76' lang='grc' dir='ltr'>συνοι-</span> 
     </span>
    </p>
   </div>
   <div class='ocr_carea' id='block_1_93' title="bbox 201 4633 1760 4703">
    <p class='ocr_par' dir='ltr' id='par_1_93' title="bbox 201 4633 1760 4703">
     <span class='ocr_line' id='line_1_93' title="bbox 201 4633 1760 4703; baseline -0.005 -11"><span class='ocrx_word' id='word_1_686' title='bbox 201 4641 382 4703; x_wconf 83' lang='grc' dir='ltr'>κέσια,</span> <span class='ocrx_word' id='word_1_687' title='bbox 416 4638 650 4699; x_wconf 77' lang='grc' dir='ltr'>καὶπῶς</span> <span class='ocrx_word' id='word_1_688' title='bbox 675 4635 998 4699; x_wconf 75' lang='grc' dir='ltr'>κολάζονται</span> <span class='ocrx_word' id='word_1_689' title='bbox 1025 4637 1149 4688; x_wconf 83' lang='grc' dir='ltr'>ὅσον</span> <span class='ocrx_word' id='word_1_690' title='bbox 1177 4634 1313 4695; x_wconf 84' lang='grc' dir='ltr'>τέως</span> <span class='ocrx_word' id='word_1_691' title='bbox 1356 4633 1462 4685; x_wconf 85' lang='grc' dir='ltr'><strong>ἀπὸ</strong></span> <span class='ocrx_word' id='word_1_692' title='bbox 1491 4633 1583 4685; x_wconf 84' lang='grc' dir='ltr'><strong>τοῦ</strong></span> <span class='ocrx_word' id='word_1_693' title='bbox 1616 4634 1760 4687; x_wconf 71' lang='grc' dir='ltr'>πολι-</span> 
     </span>
    </p>
   </div>
   <div class='ocr_carea' id='block_1_94' title="bbox 1865 4457 3412 4528">
    <p class='ocr_par' dir='ltr' id='par_1_94' title="bbox 1865 4457 3412 4528">
     <span class='ocr_line' id='line_1_94' title="bbox 1865 4457 3412 4528; baseline 0.005 -22"><span class='ocrx_word' id='word_1_694' title='bbox 1865 4457 1994 4520; x_wconf 80' lang='lat' dir='ltr'><strong>lam,</strong></span> <span class='ocrx_word' id='word_1_695' title='bbox 2051 4469 2102 4512; x_wconf 80' lang='lat' dir='ltr'><strong>et</strong></span> <span class='ocrx_word' id='word_1_696' title='bbox 2150 4469 2210 4512; x_wconf 92' lang='lat' dir='ltr'><strong>ut</strong></span> <span class='ocrx_word' id='word_1_697' title='bbox 2266 4461 2426 4512; x_wconf 86' lang='lat' dir='ltr'><strong>semel</strong></span> <span class='ocrx_word' id='word_1_698' title='bbox 2459 4459 2656 4524; x_wconf 82' lang='lat' dir='ltr'><strong>dicam,</strong></span> <span class='ocrx_word' id='word_1_699' title='bbox 2693 4474 2723 4513; x_wconf 89' lang='lat' dir='ltr'><strong>a</strong></span> <span class='ocrx_word' id='word_1_700' title='bbox 2753 4460 2928 4526; x_wconf 91' lang='lat' dir='ltr'><strong>primo</strong></span> <span class='ocrx_word' id='word_1_701' title='bbox 2959 4460 3136 4526; x_wconf 87' lang='lat' dir='ltr'><strong>capite</strong></span> <span class='ocrx_word' id='word_1_702' title='bbox 3170 4461 3412 4528; x_wconf 78' lang='lat' dir='ltr'><strong>ejusdem</strong></span> 
     </span>
    </p>
   </div>
   <div class='ocr_carea' id='block_1_95' title="bbox 1863 4547 3413 4616">
    <p class='ocr_par' dir='ltr' id='par_1_95' title="bbox 1863 4547 3413 4616">
     <span class='ocr_line' id='line_1_95' title="bbox 1863 4547 3413 4616; baseline 0.006 -20"><span class='ocrx_word' id='word_1_703' title='bbox 1863 4547 1947 4598; x_wconf 92' lang='lat' dir='ltr'><strong>tit.</strong></span> <span class='ocrx_word' id='word_1_704' title='bbox 1975 4560 2141 4613; x_wconf 83' lang='lat' dir='ltr'><strong>usque</strong></span> <span class='ocrx_word' id='word_1_705' title='bbox 2171 4547 2235 4600; x_wconf 87' lang='lat' dir='ltr'><strong>ad</strong></span> <span class='ocrx_word' id='word_1_706' title='bbox 2265 4547 2317 4613; x_wconf 87' lang='lat'><strong>6,</strong></span> <span class='ocrx_word' id='word_1_707' title='bbox 2351 4557 2405 4600; x_wconf 90' lang='lat' dir='ltr'><strong>et</strong></span> <span class='ocrx_word' id='word_1_708' title='bbox 2434 4551 2576 4602; x_wconf 87' lang='lat' dir='ltr'><strong>scies</strong></span> <span class='ocrx_word' id='word_1_709' title='bbox 2600 4558 2732 4616; x_wconf 91' lang='lat' dir='ltr'><strong>quot</strong></span> <span class='ocrx_word' id='word_1_710' title='bbox 2768 4550 2936 4602; x_wconf 89' lang='lat' dir='ltr'><strong>modis</strong></span> <span class='ocrx_word' id='word_1_711' title='bbox 2970 4551 3251 4604; x_wconf 83' lang='lat' dir='ltr'><strong>solvantur</strong></span> <span class='ocrx_word' id='word_1_712' title='bbox 3276 4567 3413 4605; x_wconf 78' lang='lat' dir='ltr'><strong>con-</strong></span> 
     </span>
    </p>
   </div>
   <div class='ocr_carea' id='block_1_96' title="bbox 1857 4636 3418 4710">
    <p class='ocr_par' dir='ltr' id='par_1_96' title="bbox 1857 4636 3418 4710">
     <span class='ocr_line' id='line_1_96' title="bbox 1857 4636 3418 4710; baseline 0.004 -22"><span class='ocrx_word' id='word_1_713' title='bbox 1857 4636 2028 4704; x_wconf 83' lang='lat' dir='ltr'><strong>jugia,</strong></span> <span class='ocrx_word' id='word_1_714' title='bbox 2058 4646 2112 4691; x_wconf 88' lang='lat' dir='ltr'><strong>et</strong></span> <span class='ocrx_word' id='word_1_715' title='bbox 2153 4641 2420 4704; x_wconf 89' lang='lat' dir='ltr'><strong>quomodo</strong></span> <span class='ocrx_word' id='word_1_716' title='bbox 2449 4653 2479 4691; x_wconf 91' lang='lat' dir='ltr'><strong>a</strong></span> <span class='ocrx_word' id='word_1_717' title='bbox 2509 4639 2624 4707; x_wconf 84' lang='lat' dir='ltr'><strong>lege</strong></span> <span class='ocrx_word' id='word_1_718' title='bbox 2652 4641 2793 4694; x_wconf 91' lang='lat' dir='ltr'><strong>civili</strong></span> <span class='ocrx_word' id='word_1_719' title='bbox 2826 4641 3120 4708; x_wconf 88' lang='lat' dir='ltr'><strong>puniuntur</strong></span> <span class='ocrx_word' id='word_1_720' title='bbox 3147 4643 3233 4710; x_wconf 88' lang='lat' dir='ltr'><strong>qui</strong></span> <span class='ocrx_word' id='word_1_721' title='bbox 3263 4643 3418 4695; x_wconf 83' lang='lat' dir='ltr'><strong>adul-</strong></span> 
     </span>
    </p>
   </div>
   <div class='ocr_carea' id='block_1_97' title="bbox 197 4722 1785 4800">
    <p class='ocr_par' dir='ltr' id='par_1_97' title="bbox 197 4722 1758 4797">
     <span class='ocr_line' id='line_1_97' title="bbox 197 4722 1758 4797; baseline -0.006 -15"><span class='ocrx_word' id='word_1_722' title='bbox 197 4729 352 4783; x_wconf 82' lang='grc' dir='ltr'>τικοῦ</span> <span class='ocrx_word' id='word_1_723' title='bbox 376 4730 541 4797; x_wconf 89' lang='grc' dir='ltr'>νόμου</span> <span class='ocrx_word' id='word_1_724' title='bbox 575 4731 623 4781; x_wconf 89' lang='grc' dir='ltr'>οἱ</span> <span class='ocrx_word' id='word_1_725' title='bbox 656 4727 998 4797; x_wconf 76' lang='grc' dir='ltr'>μοιχεύοντες</span> <span class='ocrx_word' id='word_1_726' title='bbox 1029 4729 1092 4778; x_wconf 80' lang='grc' dir='ltr'>ὲκ</span> <span class='ocrx_word' id='word_1_727' title='bbox 1134 4725 1242 4777; x_wconf 85' lang='grc' dir='ltr'><strong>τῶν</strong></span> <span class='ocrx_word' id='word_1_728' title='bbox 1273 4722 1576 4793; x_wconf 78' lang='grc' dir='ltr'>όμοζύγων,</span> <span class='ocrx_word' id='word_1_729' title='bbox 1606 4722 1638 4792; x_wconf 82' lang='grc' dir='ltr'>ἢ</span> <span class='ocrx_word' id='word_1_730' title='bbox 1669 4723 1758 4774; x_wconf 71' lang='grc' dir='ltr'><strong>καὶ</strong></span> 
     </span>
    </p>
   </div>
   <div class='ocr_carea' id='block_1_98' title="bbox 1887 4722 3416 4800">
    <p class='ocr_par' dir='ltr' id='par_1_98' title="bbox 1887 4728 3416 4800">
     <span class='ocr_line' id='line_1_98' title="bbox 1887 4728 3416 4800; baseline 0.005 -22"><span class='ocrx_word' id='word_1_731' title='bbox 1887 4735 2106 4779; x_wconf 88' lang='lat' dir='ltr'><strong>erantur</strong></span> <span class='ocrx_word' id='word_1_732' title='bbox 2138 4744 2164 4780; x_wconf 90' lang='lat' dir='ltr'><strong>e</strong></span> <span class='ocrx_word' id='word_1_733' title='bbox 2195 4728 2531 4797; x_wconf 86' lang='lat' dir='ltr'><strong>conjugibus,</strong></span> <span class='ocrx_word' id='word_1_734' title='bbox 2567 4729 2649 4783; x_wconf 84' lang='lat' dir='ltr'><strong>vel</strong></span> <span class='ocrx_word' id='word_1_735' title='bbox 2682 4731 2842 4784; x_wconf 86' lang='lat' dir='ltr'><strong>etiam</strong></span> <span class='ocrx_word' id='word_1_736' title='bbox 2874 4732 3251 4797; x_wconf 82' lang='lat' dir='ltr'><strong>fornicamur;</strong></span> <span class='ocrx_word' id='word_1_737' title='bbox 3279 4748 3416 4800; x_wconf 69' lang='lat' dir='ltr'><strong>prte-</strong></span> 
     </span>
    </p>
   </div>
   <div class='ocr_carea' id='block_1_99' title="bbox 200 4813 1785 4891">
    <p class='ocr_par' dir='ltr' id='par_1_99' title="bbox 200 4813 1758 4891">
     <span class='ocr_line' id='line_1_99' title="bbox 200 4813 1758 4891; baseline -0.006 -18"><span class='ocrx_word' id='word_1_738' title='bbox 200 4821 553 4891; x_wconf 78' lang='grc' dir='ltr'>πορνεύοντες</span> <span class='ocrx_word' id='word_1_739' title='bbox 581 4837 594 4851; x_wconf 76' lang='grc' dir='ltr'><strong><em>ο</em></strong></span> <span class='ocrx_word' id='word_1_740' title='bbox 629 4821 764 4887; x_wconf 76' lang='grc' dir='ltr'>πρὸς</span> <span class='ocrx_word' id='word_1_741' title='bbox 794 4820 849 4870; x_wconf 82' lang='grc' dir='ltr'>δὲ</span> <span class='ocrx_word' id='word_1_742' title='bbox 876 4819 967 4870; x_wconf 75' lang='grc' dir='ltr'>καὶ</span> <span class='ocrx_word' id='word_1_743' title='bbox 1009 4819 1058 4871; x_wconf 84' lang='grc' dir='ltr'><strong>οί</strong></span> <span class='ocrx_word' id='word_1_744' title='bbox 1094 4815 1420 4882; x_wconf 89' lang='grc' dir='ltr'>παραλόγως</span> <span class='ocrx_word' id='word_1_745' title='bbox 1468 4813 1564 4883; x_wconf 78' lang='grc' dir='ltr'><strong>τὴν</strong></span> <span class='ocrx_word' id='word_1_746' title='bbox 1633 4817 1758 4882; x_wconf 79' lang='grc' dir='ltr'>ὀμο-</span> 
     </span>
    </p>
   </div>
   <div class='ocr_carea' id='block_1_100' title="bbox 1887 4813 3412 4891">
    <p class='ocr_par' dir='ltr' id='par_1_100' title="bbox 1887 4820 3412 4888">
     <span class='ocr_line' id='line_1_100' title="bbox 1887 4820 3412 4888; baseline 0.005 -20"><span class='ocrx_word' id='word_1_747' title='bbox 1887 4831 2003 4870; x_wconf 79' lang='lat' dir='ltr'><strong>erea</strong></span> <span class='ocrx_word' id='word_1_748' title='bbox 2037 4827 2214 4870; x_wconf 88' lang='lat' dir='ltr'><strong>autem</strong></span> <span class='ocrx_word' id='word_1_749' title='bbox 2238 4827 2290 4872; x_wconf 90' lang='lat' dir='ltr'><strong>et</strong></span> <span class='ocrx_word' id='word_1_750' title='bbox 2317 4820 2408 4886; x_wconf 90' lang='lat' dir='ltr'><strong>qui</strong></span> <span class='ocrx_word' id='word_1_751' title='bbox 2434 4827 2630 4888; x_wconf 73' lang='lat' dir='ltr'><strong>praeter</strong></span> <span class='ocrx_word' id='word_1_752' title='bbox 2657 4821 2917 4874; x_wconf 79' lang='lat' dir='ltr'><strong>rationem</strong></span> <span class='ocrx_word' id='word_1_753' title='bbox 2947 4823 3068 4875; x_wconf 64' lang='lat' dir='ltr'><strong>vitae</strong></span> <span class='ocrx_word' id='word_1_754' title='bbox 3097 4824 3412 4877; x_wconf 72' lang='lat' dir='ltr'><strong>societatem</strong></span> 
     </span>
    </p>
   </div>
   <div class='ocr_carea' id='block_1_101' title="bbox 199 4905 1785 4977">
    <p class='ocr_par' dir='ltr' id='par_1_101' title="bbox 199 4905 1756 4977">
     <span class='ocr_line' id='line_1_101' title="bbox 199 4905 1756 4977; baseline -0.004 -15"><span class='ocrx_word' id='word_1_755' title='bbox 199 4910 365 4974; x_wconf 80' lang='grc' dir='ltr'>ζωῒαν</span> <span class='ocrx_word' id='word_1_756' title='bbox 396 4910 920 4977; x_wconf 85' lang='grc' dir='ltr'>καταλιμπάνοντες.</span> <span class='ocrx_word' id='word_1_757' title='bbox 989 4907 1289 4974; x_wconf 81' lang='grc' dir='ltr'>’Ᾱνάγνωθι</span> <span class='ocrx_word' id='word_1_758' title='bbox 1317 4907 1411 4958; x_wconf 68' lang='grc' dir='ltr'><strong>καὶ</strong></span> <span class='ocrx_word' id='word_1_759' title='bbox 1466 4907 1557 4957; x_wconf 76' lang='grc' dir='ltr'>τὸν</span> <span class='ocrx_word' id='word_1_760' title='bbox 1602 4905 1756 4957; x_wconf 84' lang='grc' dir='ltr'>’ἐκτον</span> 
     </span>
    </p>
   </div>
   <div class='ocr_carea' id='block_1_102' title="bbox 1887 4905 3411 4977">
    <p class='ocr_par' dir='ltr' id='par_1_102' title="bbox 1891 4907 3411 4976">
     <span class='ocr_line' id='line_1_102' title="bbox 1891 4907 3411 4976; baseline 0.005 -18"><span class='ocrx_word' id='word_1_761' title='bbox 1891 4907 2192 4974; x_wconf 88' lang='lat' dir='ltr'><strong>elinquunt.</strong></span> <span class='ocrx_word' id='word_1_762' title='bbox 2248 4908 2386 4976; x_wconf 78' lang='lat' dir='ltr'><strong>Lege</strong></span> <span class='ocrx_word' id='word_1_763' title='bbox 2467 4910 2594 4963; x_wconf 90' lang='lat' dir='ltr'><strong>item</strong></span> <span class='ocrx_word' id='word_1_764' title='bbox 2658 4925 2919 4964; x_wconf 84' lang='lat' dir='ltr'><strong>canonem</strong></span> <span class='ocrx_word' id='word_1_765' title='bbox 2976 4911 3041 4964; x_wconf 80' lang='lat'><strong>96</strong></span> <span class='ocrx_word' id='word_1_766' title='bbox 3099 4913 3310 4966; x_wconf 86' lang='lat' dir='ltr'><strong>concilii</strong></span> <span class='ocrx_word' id='word_1_767' title='bbox 3362 4915 3411 4966; x_wconf 85' lang='lat' dir='ltr'><strong>in</strong></span> 
     </span>
    </p>
   </div>
   <div class='ocr_carea' id='block_1_103' title="bbox 199 4997 1751 5069">
    <p class='ocr_par' dir='ltr' id='par_1_103' title="bbox 199 4997 1751 5069">
     <span class='ocr_line' id='line_1_103' title="bbox 199 4997 1751 5069; baseline -0.005 -15"><span class='ocrx_word' id='word_1_768' title='bbox 199 5005 292 5054; x_wconf 84' lang='grc' dir='ltr'>καὶ</span> <span class='ocrx_word' id='word_1_769' title='bbox 323 5000 705 5069; x_wconf 75' lang='grc' dir='ltr'>ἑννενηκοστὸν</span> <span class='ocrx_word' id='word_1_770' title='bbox 735 5001 937 5052; x_wconf 84' lang='grc' dir='ltr'>κανόνα</span> <span class='ocrx_word' id='word_1_771' title='bbox 960 5000 1060 5062; x_wconf 84' lang='grc' dir='ltr'>τῆς</span> <span class='ocrx_word' id='word_1_772' title='bbox 1087 5001 1143 5050; x_wconf 76' lang='grc' dir='ltr'>ὲν</span> <span class='ocrx_word' id='word_1_773' title='bbox 1206 4998 1282 5066; x_wconf 85' lang='grc' dir='ltr'><strong>τῷ</strong></span> <span class='ocrx_word' id='word_1_774' title='bbox 1317 4997 1568 5066; x_wconf 84' lang='grc' dir='ltr'>Τρούλλῳ</span> <span class='ocrx_word' id='word_1_775' title='bbox 1628 5013 1751 5048; x_wconf 84' lang='grc' dir='ltr'>συν-</span> 
     </span>
    </p>
   </div>
   <div class='ocr_carea' id='block_1_104' title="bbox 1858 4995 3408 5069">
    <p class='ocr_par' dir='ltr' id='par_1_104' title="bbox 1858 4995 3408 5069">
     <span class='ocr_line' id='line_1_104' title="bbox 1858 4995 3408 5069; baseline 0.004 -20"><span class='ocrx_word' id='word_1_776' title='bbox 1858 4995 2045 5050; x_wconf 90' lang='lat' dir='ltr'><strong>Trullo</strong></span> <span class='ocrx_word' id='word_1_777' title='bbox 2098 5005 2151 5050; x_wconf 84' lang='lat' dir='ltr'><strong>et</strong></span> <span class='ocrx_word' id='word_1_778' title='bbox 2209 5012 2326 5066; x_wconf 64' lang='lat' dir='ltr'><strong>qua:</strong></span> <span class='ocrx_word' id='word_1_779' title='bbox 2378 4999 2429 5052; x_wconf 92' lang='lat' dir='ltr'><strong>in</strong></span> <span class='ocrx_word' id='word_1_780' title='bbox 2467 5014 2590 5053; x_wconf 91' lang='lat' dir='ltr'><strong>eum</strong></span> <span class='ocrx_word' id='word_1_781' title='bbox 2643 5002 2844 5069; x_wconf 84' lang='lat' dir='ltr'><strong>scripta</strong></span> <span class='ocrx_word' id='word_1_782' title='bbox 2902 5013 3049 5054; x_wconf 83' lang='lat' dir='ltr'><strong>sunt.</strong></span> <span class='ocrx_word' id='word_1_783' title='bbox 3083 5001 3217 5069; x_wconf 83' lang='lat' dir='ltr'><strong>Lege</strong></span> <span class='ocrx_word' id='word_1_784' title='bbox 3248 5004 3408 5056; x_wconf 75' lang='lat' dir='ltr'><strong>etiam</strong></span> 
     </span>
    </p>
   </div>
   <div class='ocr_carea' id='block_1_105' title="bbox 197 5086 1785 5160">
    <p class='ocr_par' dir='ltr' id='par_1_105' title="bbox 197 5086 1753 5160">
     <span class='ocr_line' id='line_1_105' title="bbox 197 5086 1753 5160; baseline -0.006 -14"><span class='ocrx_word' id='word_1_785' title='bbox 197 5094 339 5155; x_wconf 83' lang='grc' dir='ltr'>όδου,</span> <span class='ocrx_word' id='word_1_786' title='bbox 371 5094 464 5145; x_wconf 77' lang='grc' dir='ltr'>καὶ</span> <span class='ocrx_word' id='word_1_787' title='bbox 486 5093 552 5144; x_wconf 89' lang='grc' dir='ltr'><strong>τά</strong></span> <span class='ocrx_word' id='word_1_788' title='bbox 581 5094 637 5143; x_wconf 85' lang='grc' dir='ltr'>ὲν</span> <span class='ocrx_word' id='word_1_789' title='bbox 667 5091 846 5160; x_wconf 85' lang='grc' dir='ltr'>αύτῷ·</span> <span class='ocrx_word' id='word_1_790' title='bbox 906 5090 1169 5152; x_wconf 82' lang='grc' dir='ltr'>ὡσαύτως</span> <span class='ocrx_word' id='word_1_791' title='bbox 1236 5087 1506 5154; x_wconf 86' lang='grc' dir='ltr'>ἀνάγνωθι</span> <span class='ocrx_word' id='word_1_792' title='bbox 1558 5087 1648 5138; x_wconf 83' lang='grc' dir='ltr'>καὶ</span> <span class='ocrx_word' id='word_1_793' title='bbox 1686 5086 1753 5137; x_wconf 88' lang='grc' dir='ltr'><strong>τά</strong></span> 
     </span>
    </p>
   </div>
   <div class='ocr_carea' id='block_1_106' title="bbox 1887 5086 3403 5160">
    <p class='ocr_par' dir='ltr' id='par_1_106' title="bbox 1887 5087 3403 5159">
     <span class='ocr_line' id='line_1_106' title="bbox 1887 5087 3403 5159; baseline 0.005 -22"><span class='ocrx_word' id='word_1_794' title='bbox 1887 5101 1995 5149; x_wconf 84' lang='lat' dir='ltr'><strong>ura,</strong></span> <span class='ocrx_word' id='word_1_795' title='bbox 2056 5101 2176 5155; x_wconf 59' lang='lat' dir='ltr'><strong>quas</strong></span> <span class='ocrx_word' id='word_1_796' title='bbox 2215 5087 2280 5139; x_wconf 91' lang='lat' dir='ltr'><strong>ad</strong></span> <span class='ocrx_word' id='word_1_797' title='bbox 2343 5087 2502 5141; x_wconf 86' lang='lat' dir='ltr'><strong>finem</strong></span> <span class='ocrx_word' id='word_1_798' title='bbox 2569 5104 2740 5158; x_wconf 89' lang='lat' dir='ltr'><strong>usque</strong></span> <span class='ocrx_word' id='word_1_799' title='bbox 2793 5091 2952 5159; x_wconf 91' lang='lat' dir='ltr'><strong>primi</strong></span> <span class='ocrx_word' id='word_1_800' title='bbox 3011 5092 3203 5159; x_wconf 80' lang='lat' dir='ltr'><strong>capitis</strong></span> <span class='ocrx_word' id='word_1_801' title='bbox 3237 5093 3403 5147; x_wconf 75' lang='lat' dir='ltr'><strong>tit.“</strong></span> 
     </span>
    </p>
   </div>
   <div class='ocr_carea' id='block_1_107' title="bbox 197 5178 1750 5248">
    <p class='ocr_par' dir='ltr' id='par_1_107' title="bbox 197 5178 1750 5248">
     <span class='ocr_line' id='line_1_107' title="bbox 197 5178 1750 5248; baseline -0.004 -14"><span class='ocrx_word' id='word_1_802' title='bbox 197 5185 278 5245; x_wconf 79' lang='grc' dir='ltr'>εἰς</span> <span class='ocrx_word' id='word_1_803' title='bbox 306 5183 366 5234; x_wconf 81' lang='grc' dir='ltr'><strong>τὸ</strong></span> <span class='ocrx_word' id='word_1_804' title='bbox 393 5183 545 5243; x_wconf 83' lang='grc' dir='ltr'>τέλος</span> <span class='ocrx_word' id='word_1_805' title='bbox 577 5181 670 5234; x_wconf 80' lang='grc' dir='ltr'><strong>τοῦ</strong></span> <span class='ocrx_word' id='word_1_806' title='bbox 701 5189 748 5233; x_wconf 82' lang='grc' dir='ltr'>α’</span> <span class='ocrx_word' id='word_1_807' title='bbox 787 5198 914 5248; x_wconf 85' lang='grc' dir='ltr'>κεφ.</span> <span class='ocrx_word' id='word_1_808' title='bbox 935 5181 1027 5232; x_wconf 82' lang='grc' dir='ltr'>τοῦ</span> <span class='ocrx_word' id='word_1_809' title='bbox 1067 5187 1131 5232; x_wconf 86' lang='grc' dir='ltr'>ια’</span> <span class='ocrx_word' id='word_1_810' title='bbox 1161 5179 1338 5231; x_wconf 85' lang='grc' dir='ltr'>τίτλου</span> <span class='ocrx_word' id='word_1_811' title='bbox 1369 5179 1461 5230; x_wconf 77' lang='grc' dir='ltr'>τοῦ</span> <span class='ocrx_word' id='word_1_812' title='bbox 1490 5178 1750 5248; x_wconf 78' lang='grc' dir='ltr'>παρόντος</span> 
     </span>
    </p>
   </div>
   <div class='ocr_carea' id='block_1_108' title="bbox 1857 5177 3410 5250">
    <p class='ocr_par' dir='ltr' id='par_1_108' title="bbox 1857 5177 3410 5250">
     <span class='ocr_line' id='line_1_108' title="bbox 1857 5177 3410 5250; baseline 0.005 -22"><span class='ocrx_word' id='word_1_813' title='bbox 1857 5180 2141 5244; x_wconf 67' lang='lat' dir='ltr'><strong>praesentis</strong></span> <span class='ocrx_word' id='word_1_814' title='bbox 2208 5177 2390 5244; x_wconf 86' lang='lat' dir='ltr'><strong>operis</strong></span> <span class='ocrx_word' id='word_1_815' title='bbox 2424 5180 2526 5230; x_wconf 88' lang='lat' dir='ltr'><strong>sita</strong></span> <span class='ocrx_word' id='word_1_816' title='bbox 2557 5189 2684 5233; x_wconf 89' lang='lat' dir='ltr'><strong>sunt</strong></span> <span class='ocrx_word' id='word_1_817' title='bbox 2720 5222 2735 5243; x_wconf 86' lang='lat'><strong>,</strong></span> <span class='ocrx_word' id='word_1_818' title='bbox 2769 5181 3017 5234; x_wconf 89' lang='lat' dir='ltr'><strong>similiter</strong></span> <span class='ocrx_word' id='word_1_819' title='bbox 3053 5191 3106 5234; x_wconf 87' lang='lat' dir='ltr'><strong>et</strong></span> <span class='ocrx_word' id='word_1_820' title='bbox 3146 5181 3410 5250; x_wconf 83' lang='lat' dir='ltr'><strong>interpre-</strong></span> 
     </span>
    </p>
   </div>
   <div class='ocr_carea' id='block_1_109' title="bbox 199 5267 1785 5338">
    <p class='ocr_par' dir='ltr' id='par_1_109' title="bbox 199 5267 1751 5338">
     <span class='ocr_line' id='line_1_109' title="bbox 199 5267 1751 5338; baseline -0.003 -17"><span class='ocrx_word' id='word_1_821' title='bbox 199 5271 572 5337; x_wconf 77' lang='grc' dir='ltr'>συντάγματος</span> <span class='ocrx_word' id='word_1_822' title='bbox 621 5270 1076 5338; x_wconf 80' lang='grc' dir='ltr'>καταστρωθέντα</span> <span class='ocrx_word' id='word_1_823' title='bbox 1116 5269 1357 5337; x_wconf 88' lang='grc' dir='ltr'>νόμιμα·</span> <span class='ocrx_word' id='word_1_824' title='bbox 1419 5269 1616 5334; x_wconf 74' lang='grc' dir='ltr'>ὁμοίως</span> <span class='ocrx_word' id='word_1_825' title='bbox 1659 5267 1751 5317; x_wconf 81' lang='grc' dir='ltr'>καὶ</span> 
     </span>
    </p>
   </div>
   <div class='ocr_carea' id='block_1_110' title="bbox 1887 5267 3406 5338">
    <p class='ocr_par' dir='ltr' id='par_1_110' title="bbox 1887 5268 3406 5336">
     <span class='ocr_line' id='line_1_110' title="bbox 1887 5268 3406 5336; baseline 0.005 -18"><span class='ocrx_word' id='word_1_826' title='bbox 1887 5271 2110 5318; x_wconf 69' lang='lat' dir='ltr'><strong>stionem</strong></span> <span class='ocrx_word' id='word_1_827' title='bbox 2145 5268 2338 5334; x_wconf 87' lang='lat' dir='ltr'><strong>capitis</strong></span> <span class='ocrx_word' id='word_1_828' title='bbox 2375 5284 2406 5320; x_wconf 78' lang='grc' dir='ltr'><strong>ν</strong></span> <span class='ocrx_word' id='word_1_829' title='bbox 2448 5268 2691 5336; x_wconf 84' lang='lat' dir='ltr'><strong>ejusdem</strong></span> <span class='ocrx_word' id='word_1_830' title='bbox 2725 5270 2805 5322; x_wconf 86' lang='lat' dir='ltr'><strong>tit.</strong></span> <span class='ocrx_word' id='word_1_831' title='bbox 2838 5282 2890 5324; x_wconf 90' lang='lat' dir='ltr'><strong>et</strong></span> <span class='ocrx_word' id='word_1_832' title='bbox 2918 5285 2980 5322; x_wconf 80' lang='lat' dir='ltr'><strong>ex</strong></span> <span class='ocrx_word' id='word_1_833' title='bbox 3027 5271 3110 5324; x_wconf 91' lang='lat' dir='ltr'><strong>his</strong></span> <span class='ocrx_word' id='word_1_834' title='bbox 3161 5272 3406 5326; x_wconf 86' lang='lat' dir='ltr'><strong>omnibus</strong></span> 
     </span>
    </p>
   </div>
   <div class='ocr_carea' id='block_1_111' title="bbox 198 5355 1785 5430">
    <p class='ocr_par' dir='ltr' id='par_1_111' title="bbox 198 5357 1750 5430">
     <span class='ocr_line' id='line_1_111' title="bbox 198 5357 1750 5430; baseline -0.003 -18"><span class='ocrx_word' id='word_1_835' title='bbox 198 5362 295 5429; x_wconf 71' lang='grc' dir='ltr'><strong>τὴν</strong></span> <span class='ocrx_word' id='word_1_836' title='bbox 323 5361 616 5430; x_wconf 78' lang='grc' dir='ltr'>ἑρμηνείαν</span> <span class='ocrx_word' id='word_1_837' title='bbox 645 5362 736 5413; x_wconf 82' lang='grc' dir='ltr'>τοῦ</span> <span class='ocrx_word' id='word_1_838' title='bbox 781 5360 822 5411; x_wconf 84' lang='grc' dir='ltr'>ε’</span> <span class='ocrx_word' id='word_1_839' title='bbox 873 5377 994 5427; x_wconf 72' lang='grc' dir='ltr'>κεφ.</span> <span class='ocrx_word' id='word_1_840' title='bbox 1049 5359 1143 5410; x_wconf 78' lang='grc' dir='ltr'><strong>τοῦ</strong></span> <span class='ocrx_word' id='word_1_841' title='bbox 1206 5357 1368 5411; x_wconf 81' lang='grc' dir='ltr'>αὑτοῦ</span> <span class='ocrx_word' id='word_1_842' title='bbox 1423 5358 1622 5421; x_wconf 72' lang='grc' dir='ltr'>τίτλον,</span> <span class='ocrx_word' id='word_1_843' title='bbox 1660 5358 1750 5409; x_wconf 77' lang='grc' dir='ltr'><strong>καὶ</strong></span> 
     </span>
    </p>
   </div>
   <div class='ocr_carea' id='block_1_112' title="bbox 1887 5355 2481 5430">
    <p class='ocr_par' dir='ltr' id='par_1_112' title="bbox 1887 5355 2481 5428">
     <span class='ocr_line' id='line_1_112' title="bbox 1887 5355 2481 5428; baseline 0.002 -19"><span class='ocrx_word' id='word_1_844' title='bbox 1887 5371 1971 5410; x_wconf 76' lang='lat' dir='ltr'><strong>.tse</strong></span> <span class='ocrx_word' id='word_1_845' title='bbox 2007 5356 2072 5408; x_wconf 88' lang='lat' dir='ltr'><strong>de</strong></span> <span class='ocrx_word' id='word_1_846' title='bbox 2098 5355 2181 5412; x_wconf 87' lang='lat' dir='ltr'><strong>his</strong></span> <span class='ocrx_word' id='word_1_847' title='bbox 2206 5358 2481 5428; x_wconf 86' lang='lat' dir='ltr'><strong>intelliges.</strong></span> 
     </span>
    </p>
   </div>
   <div class='ocr_carea' id='block_1_113' title="bbox 203 5449 1530 5522">
    <p class='ocr_par' dir='ltr' id='par_1_113' title="bbox 203 5449 1530 5522">
     <span class='ocr_line' id='line_1_113' title="bbox 203 5449 1530 5522; baseline -0.004 -17"><span class='ocrx_word' id='word_1_848' title='bbox 203 5454 380 5522; x_wconf 73' lang='grc' dir='ltr'>μάθῃς</span> <span class='ocrx_word' id='word_1_849' title='bbox 405 5453 468 5504; x_wconf 75' lang='grc' dir='ltr'>ὲκ</span> <span class='ocrx_word' id='word_1_850' title='bbox 505 5451 720 5504; x_wconf 82' lang='grc' dir='ltr'>πάντων</span> <span class='ocrx_word' id='word_1_851' title='bbox 754 5452 998 5511; x_wconf 80' lang='grc' dir='ltr'>πλατέως</span> <span class='ocrx_word' id='word_1_852' title='bbox 1047 5449 1112 5502; x_wconf 76' lang='grc' dir='ltr'>τὰ</span> <span class='ocrx_word' id='word_1_853' title='bbox 1150 5459 1288 5518; x_wconf 64' lang='grc' dir='ltr'>περι</span> <span class='ocrx_word' id='word_1_854' title='bbox 1307 5451 1530 5500; x_wconf 83' lang='grc' dir='ltr'>τούτων.</span> 
     </span>
    </p>
   </div>
   <div class='ocr_carea' id='block_1_114' title="bbox 268 5537 1745 5611">
    <p class='ocr_par' dir='ltr' id='par_1_114' title="bbox 268 5537 1745 5611">
     <span class='ocr_line' id='line_1_114' title="bbox 268 5537 1745 5611; baseline -0.006 -15"><span class='ocrx_word' id='word_1_855' title='bbox 268 5543 512 5596; x_wconf 83' lang='grc' dir='ltr'><strong>ΖΩΝΑΡ.</strong></span> <span class='ocrx_word' id='word_1_856' title='bbox 539 5541 628 5611; x_wconf 82' lang='grc' dir='ltr'><strong>Μὴ</strong></span> <span class='ocrx_word' id='word_1_857' title='bbox 648 5541 868 5594; x_wconf 86' lang='grc' dir='ltr'>λύεσθαι</span> <span class='ocrx_word' id='word_1_858' title='bbox 911 5542 1088 5610; x_wconf 80' lang='grc' dir='ltr'>γάμον</span> <span class='ocrx_word' id='word_1_859' title='bbox 1122 5540 1391 5604; x_wconf 74' lang='grc' dir='ltr'>παρεκτὸς</span> <span class='ocrx_word' id='word_1_860' title='bbox 1421 5537 1575 5602; x_wconf 74' lang='grc' dir='ltr'>λόγου</span> <span class='ocrx_word' id='word_1_861' title='bbox 1615 5553 1745 5605; x_wconf 78' lang='grc' dir='ltr'>πορο</span> 
     </span>
    </p>
   </div>
   <div class='ocr_carea' id='block_1_115' title="bbox 200 5628 1745 5704">
    <p class='ocr_par' dir='ltr' id='par_1_115' title="bbox 200 5628 1745 5704">
     <span class='ocr_line' id='line_1_115' title="bbox 200 5628 1745 5704; baseline -0.006 -18"><span class='ocrx_word' id='word_1_862' title='bbox 200 5635 345 5693; x_wconf 69' lang='grc' dir='ltr'>νείας</span> <span class='ocrx_word' id='word_1_863' title='bbox 374 5636 401 5684; x_wconf 83' lang='grc' dir='ltr'><strong>ό</strong></span> <span class='ocrx_word' id='word_1_864' title='bbox 427 5633 628 5704; x_wconf 80' lang='grc' dir='ltr'>Κύριος</span> <span class='ocrx_word' id='word_1_865' title='bbox 661 5634 1001 5700; x_wconf 80' lang='grc' dir='ltr'>ἀπεφήνατο.</span> <span class='ocrx_word' id='word_1_866' title='bbox 1042 5630 1257 5698; x_wconf 83' lang='grc' dir='ltr'>Ταύτην</span> <span class='ocrx_word' id='word_1_867' title='bbox 1287 5628 1376 5681; x_wconf 79' lang='grc' dir='ltr'><strong>οὖν</strong></span> <span class='ocrx_word' id='word_1_868' title='bbox 1403 5629 1498 5696; x_wconf 80' lang='grc' dir='ltr'>τὴν</span> <span class='ocrx_word' id='word_1_869' title='bbox 1533 5629 1745 5694; x_wconf 81' lang='grc' dir='ltr'>ἀπόφα-</span> 
     </span>
    </p>
   </div>
   <div class='ocr_carea' id='block_1_116' title="bbox 291 5740 1249 5809">
    <p class='ocr_par' dir='ltr' id='par_1_116' title="bbox 291 5740 1249 5809">
     <span class='ocr_line' id='line_1_116' title="bbox 291 5740 1249 5809; baseline 0.001 -13"><span class='ocrx_word' id='word_1_870' title='bbox 291 5744 302 5770; x_wconf 88' lang='grc'>¹</span> <span class='ocrx_word' id='word_1_871' title='bbox 337 5746 351 5796; x_wconf 95' lang='lat' dir='ltr'><strong>l</strong></span> <span class='ocrx_word' id='word_1_872' title='bbox 379 5744 503 5800; x_wconf 89' lang='lat' dir='ltr'><strong>Cor.</strong></span> <span class='ocrx_word' id='word_1_873' title='bbox 531 5761 602 5809; x_wconf 83' lang='lat' dir='ltr'><strong>vt,</strong></span> <span class='ocrx_word' id='word_1_874' title='bbox 633 5746 715 5799; x_wconf 89' lang='grc'><strong>16.</strong></span> <span class='ocrx_word' id='word_1_875' title='bbox 815 5740 832 5768; x_wconf 88' lang='grc'>¹</span> <span class='ocrx_word' id='word_1_876' title='bbox 860 5745 1057 5799; x_wconf 74' lang='lat' dir='ltr'><strong>Jcrrm.</strong></span> <span class='ocrx_word' id='word_1_877' title='bbox 1085 5760 1163 5806; x_wconf 88' lang='grc' dir='ltr'>ιιι,</span> <span class='ocrx_word' id='word_1_878' title='bbox 1201 5745 1249 5797; x_wconf 89' lang='grc'><strong>1.</strong></span> 
     </span>
    </p>
   </div>
   <div class='ocr_carea' id='block_1_117' title="bbox 1353 5737 1846 5802">
    <p class='ocr_par' dir='ltr' id='par_1_117' title="bbox 1353 5737 1846 5802">
     <span class='ocr_line' id='line_1_117' title="bbox 1353 5737 1846 5802; baseline -0.006 -9"><span class='ocrx_word' id='word_1_879' title='bbox 1353 5737 1371 5766; x_wconf 83' lang='grc'>³</span> <span class='ocrx_word' id='word_1_880' title='bbox 1401 5739 1556 5794; x_wconf 84' lang='lat' dir='ltr'><strong>Prov.</strong></span> <span class='ocrx_word' id='word_1_881' title='bbox 1581 5755 1731 5802; x_wconf 80' lang='lat' dir='ltr'><strong>xvttt,</strong></span> <span class='ocrx_word' id='word_1_882' title='bbox 1758 5737 1846 5790; x_wconf 69' lang='lat'><strong>‘29..</strong></span> 
     </span>
    </p>
   </div>
   <div class='ocr_carea' id='block_1_118' title="bbox 1922 5531 3401 5604">
    <p class='ocr_par' dir='ltr' id='par_1_118' title="bbox 1922 5531 3401 5604">
     <span class='ocr_line' id='line_1_118' title="bbox 1922 5531 3401 5604; baseline 0.003 -21"><span class='ocrx_word' id='word_1_883' title='bbox 1922 5531 2170 5587; x_wconf 72' lang='lat' dir='ltr'><strong>ZONAR.</strong></span> <span class='ocrx_word' id='word_1_884' title='bbox 2211 5531 2286 5587; x_wconf 80' lang='lat' dir='ltr'><strong>Ne</strong></span> <span class='ocrx_word' id='word_1_885' title='bbox 2334 5534 2615 5588; x_wconf 80' lang='lat' dir='ltr'><strong>solvantur</strong></span> <span class='ocrx_word' id='word_1_886' title='bbox 2651 5537 2871 5604; x_wconf 72' lang='lat' dir='ltr'><strong>nttptize,</strong></span> <span class='ocrx_word' id='word_1_887' title='bbox 2904 5546 3127 5604; x_wconf 78' lang='lat' dir='ltr'><strong>excepta</strong></span> <span class='ocrx_word' id='word_1_888' title='bbox 3169 5536 3401 5588; x_wconf 78' lang='lat' dir='ltr'><strong>fornica-</strong></span> 
     </span>
    </p>
   </div>
   <div class='ocr_carea' id='block_1_119' title="bbox 1855 5623 3404 5697">
    <p class='ocr_par' dir='ltr' id='par_1_119' title="bbox 1855 5623 3404 5697">
     <span class='ocr_line' id='line_1_119' title="bbox 1855 5623 3404 5697; baseline 0.004 -23"><span class='ocrx_word' id='word_1_889' title='bbox 1855 5623 2015 5676; x_wconf 87' lang='lat' dir='ltr'><strong>tionis</strong></span> <span class='ocrx_word' id='word_1_890' title='bbox 2037 5638 2222 5687; x_wconf 78' lang='lat' dir='ltr'><strong>eausa,</strong></span> <span class='ocrx_word' id='word_1_891' title='bbox 2265 5623 2526 5680; x_wconf 85' lang='lat' dir='ltr'><strong>Dominus</strong></span> <span class='ocrx_word' id='word_1_892' title='bbox 2559 5629 2831 5696; x_wconf 58' lang='lat' dir='ltr'><strong>praceliit.</strong></span> <span class='ocrx_word' id='word_1_893' title='bbox 2870 5625 2977 5682; x_wconf 85' lang='lat' dir='ltr'><strong>lloe</strong></span> <span class='ocrx_word' id='word_1_894' title='bbox 3010 5627 3171 5696; x_wconf 85' lang='lat' dir='ltr'><strong>igitur</strong></span> <span class='ocrx_word' id='word_1_895' title='bbox 3203 5641 3404 5697; x_wconf 60' lang='lat' dir='ltr'><strong>praece-</strong></span> 
     </span>
    </p>
   </div>
   <div class='ocr_carea' id='block_1_120' title="bbox 1944 5735 2424 5802">
    <p class='ocr_par' dir='ltr' id='par_1_120' title="bbox 1944 5735 2424 5802">
     <span class='ocr_line' id='line_1_120' title="bbox 1944 5735 2424 5802; baseline 0.002 -13"><span class='ocrx_word' id='word_1_896' title='bbox 1944 5735 1962 5764; x_wconf 77' lang='grc'><strong>⁸</strong></span> <span class='ocrx_word' id='word_1_897' title='bbox 1995 5736 2009 5789; x_wconf 91' lang='grc'><strong>1</strong></span> <span class='ocrx_word' id='word_1_898' title='bbox 2040 5736 2166 5790; x_wconf 85' lang='lat' dir='ltr'><strong>Cor.</strong></span> <span class='ocrx_word' id='word_1_899' title='bbox 2210 5754 2304 5802; x_wconf 83' lang='lat' dir='ltr'><strong>vtt,</strong></span> <span class='ocrx_word' id='word_1_900' title='bbox 2342 5737 2424 5791; x_wconf 88' lang='grc'><strong>16.</strong></span> 
     </span>
    </p>
   </div>
  </div>
