3998 6326
574 359 678 421 623

575 483 723 541 ptum
755 488 814 527 ex
845 488 998 542 aequo
1024 490 1249 545 magnus
1271 476 1358 530 bic
1385 476 1541 532 Pater
1569 477 1696 531 viris
1730 487 1781 530 et
1811 477 2122 530 mulieribus
2151 478 2195 536 Α

576 564 866 618 convenire
899 566 1112 626 asserit,
1171 567 1238 619 ita
1281 577 1336 619 ut
1377 582 1475 622 uec
1516 568 1627 620 viro
1659 582 1809 619 suam
1858 566 2126 619 dimittere

577 668 820 718 uxorein,
846 671 947 708 nec
978 655 1131 708 uxori
1165 671 1194 708 a
1223 657 1339 710 viro
1361 657 1653 711 abscedere
1683 657 2003 726 permissum
2029 657 2124 708 sit.

578 742 682 796 Sed
718 747 1052 798 consuetudo
1088 760 1194 798 non
1227 747 1414 800 eodem
1453 746 1610 802 modo
1633 761 1691 800 se
1715 745 1878 799 habet
1914 745 1963 797 in
1996 744 2125 796 viris

577 837 666 900 qui
704 837 1010 904 relinquunt
1044 852 1264 898 uxores,
1287 846 1340 890 et
1369 839 1686 892 mulieribus
1715 852 1834 906 quae
1875 836 2014 889 idem
2044 834 2126 887 la-

577 928 746 978 ciuni.
780 925 964 979 Mulier
1015 928 1300 996 siquidem,
1329 943 1447 996 quae
1471 943 1500 981 a
1541 929 1655 982 viro
1686 927 1907 990 secedit,
1939 925 2127 978 alteri-

577 1033 680 1083 que
764 1018 1090 1086 adiungitur,
1132 1018 1368 1074 adultera
1424 1021 1715 1088 iudicatur,
1760 1033 1860 1072 nee
1893 1017 2123 1083 amplius

577 1123 604 1158 a
631 1109 748 1159 viro
784 1124 902 1173 suo,
951 1111 1050 1162 nisi
1091 1113 1133 1164 is
1176 1112 1430 1176 voluerit,
1465 1113 1776 1178 recipietur.
1809 1108 1999 1162 Virum
2031 1122 2126 1160 au-

580 1209 681 1251 tem
713 1200 923 1253 etiarnsi
960 1201 1258 1257 fornicatus
1310 1205 1471 1258 fuerit
1498 1212 1590 1256 aut
1629 1203 1976 1264 atlulteratus,
2013 1215 2124 1253 mtt-

578 1286 677 1340 lier
707 1289 1020 1356 relinquere
1057 1291 1196 1343 baud
1259 1301 1456 1357 potest.
1508 1293 1583 1344 Ac
1631 1292 1674 1343 si
1722 1291 1971 1356 deinceps
2001 1287 2126 1341 reli-

566 1389 694 1428 .cltls
743 1394 864 1430 cum
914 1381 1084 1433 altera
1131 1383 1293 1434 vitam
1351 1393 1494 1449 agat,
1553 1396 1672 1450 quae
1712 1381 1784 1433 illi
1816 1377 2125 1447 adiungilur

576 1480 942 1534 nequaquam,
979 1471 1074 1531 ait,
1111 1471 1350 1524 adultera
1408 1471 1762 1540 iudicabitur.
1791 1467 2009 1522 Crimen
2048 1469 2125 1521 si-

575 1555 792 1620 quidem
829 1556 970 1608 illius
1004 1568 1105 1618 est,
1156 1573 1276 1626 quae
1310 1560 1487 1610 virum
1513 1573 1667 1610 suum
1722 1555 1940 1624 reliquit
1975 1573 1988 1608 ς
2028 1568 2126 1608 nec

575 1646 718 1698 enim
750 1646 796 1700 ei
839 1661 864 1697 a
902 1648 1015 1700 viro
1046 1648 1320 1702 discedere
1352 1662 1667 1702 concessum
1699 1657 1800 1700 est.
1849 1645 1977 1711 Sed,
2013 1646 2124 1698 sive

576 1750 634 1788 sc.
667 1752 784 1789 cum
826 1737 912 1789 illa
941 1739 1134 1791 acerbe
1169 1749 1338 1806 gerat,
1373 1738 1511 1791 ferre
1533 1745 1745 1804 oportet
1778 1749 1793 1789 :
1827 1736 1939 1789 sive
1965 1749 2127 1804 pecu-

575 1826 679 1878 nia:
730 1827 995 1895 iacturam
1051 1829 1303 1895 patiatur,
1346 1830 1469 1881 dum
1514 1827 1659 1882 videt
1708 1827 1774 1880 ab
1825 1842 1889 1880 eo
1942 1826 2121 1880 dotem

577 1916 784 1969 absumi
811 1933 824 1981 ;
863 1918 973 1968 sive
996 1925 1244 1984 tangatur
1268 1918 1554 1988 zelotypia,
1596 1917 1736 1986 quod
1767 1930 1886 1970 cum
1919 1915 2042 1968 aliis
2065 1923 2125 1968 ut

577 2007 656 2058 vir
685 2017 1080 2074 corrumpatur,
1123 2007 1492 2061 obdurandum
1527 2016 1632 2070 est,
1683 2021 1778 2060 nec
1811 2020 1840 2058 a
1881 2005 1999 2058 viro
2027 2005 2126 2058 ab-

575 2095 920 2148 scedendum.
965 2096 1017 2148 Si
1052 2097 1215 2162 enim,
1241 2111 1359 2150 cum
1394 2097 1621 2150 infidelis
1667 2096 1739 2150 sit
1768 2096 1901 2148 alter
1940 2097 2127 2164 coniu-

574 2201 720 2251 gum,
750 2187 900 2239 alteri
934 2188 998 2239 ab
1021 2202 1086 2240 eo
1114 2189 1362 2240 secedere
1394 2188 1510 2256 ipso
1563 2189 1728 2240 invito
1759 2186 1865 2256 65
1903 2187 2124 2240 vetitum

573 2285 675 2336 est,
715 2277 852 2328 beati
902 2275 1047 2328 Pauli
1082 2277 1330 2340 decreto,
1365 2292 1592 2345 quonam
1631 2279 1784 2329 modo
1811 2276 1881 2328 illi
1915 2277 2127 2342 impune

573 2367 699 2428 erit,
723 2367 812 2430 qui
844 2367 998 2419 aliam
1029 2367 1096 2419 ob
1117 2382 1329 2421 causam
1351 2368 1649 2436 coniugium
1669 2366 1863 2419 solvit?
1897 2365 2128 2430 Quamo—

573 2457 720 2508 brem
755 2473 871 2525 qua:
912 2471 939 2508 a
974 2459 1087 2513 viro
1107 2460 1393 2522 abscessit,
1434 2460 1474 2512 si
1511 2474 1626 2510 cum
1647 2458 1811 2508 altero
1839 2457 2124 2518 habitavit,

573 2548 814 2598 adultera
860 2547 1144 2616 iudicatur.
1179 2549 1233 2603 Si
1270 2563 1395 2602 vero
1420 2563 1541 2601 cum
1577 2548 1762 2600 relicto
1829 2547 1943 2598 viro
1997 2560 2127 2598 con-

575 2637 754 2700 iuncta
803 2639 1031 2708 legitime
1071 2640 1248 2706 fuerit,
1282 2655 1454 2707 neque
1486 2647 1542 2691 ut
1570 2638 1831 2702 adultera,
1866 2652 2042 2704 neque
2072 2645 2128 2689 ut

577 2727 862 2780 fornicaria
900 2731 1310 2782 condemnatur.
1341 2728 1405 2781 Et
1441 2729 1523 2780 vir
1577 2742 1794 2779 uxorem
1851 2741 2001 2778 suam
2043 2725 2124 2777 di-

581 2819 822 2881 mittens,
855 2827 909 2872 et
971 2821 1170 2872 ducens
1211 2820 1369 2871 aliam
1416 2817 1630 2870 adulter
1663 2825 1763 2882 est,
1797 2826 1848 2869 et
1901 2829 2122 2868 uxorem

576 2923 700 2960 cum
730 2909 835 2961 alio
869 2910 1082 2962 mistam
1118 2907 1412 2962 adulteram
1450 2907 1599 2959 facit.
1630 2904 1690 2957 Et
1725 2920 1843 2973 quae
1862 2903 2125 2970 ejusmodi

581 2999 696 3050 viro
732 2999 960 3060 habitat,
987 3013 1093 3052 non
1145 2997 1402 3067 ignorans
1456 2996 1521 3050 ab
1563 3011 1626 3050 eo
1684 3009 1906 3049 uxorem
1964 3007 2126 3062 quam

578 3087 838 3142 habuerat
873 3090 1171 3151 dimissam,
1197 3088 1436 3141 adultera
1468 3097 1568 3140 est.
1603 3087 1848 3139 Alienum
1888 3100 2116 3154 namque

578 3179 754 3232 virum
789 3181 854 3232 ad
880 3193 939 3232 se
971 3177 1228 3232 traduxit.
1255 3178 1360 3231 Sed
1395 3178 1506 3229 haec
1536 3176 1746 3244 quidem
1785 3177 1871 3229 hic
1899 3189 2124 3244 magnus

578 3273 757 3335 Pater,
789 3287 851 3325 ex
887 3285 946 3324 ea
977 3285 1092 3339 qua
1129 3279 1255 3322 tunc
1278 3268 1548 3322 obtinebat
1578 3267 1942 3342 ecclesiastica
1993 3281 2124 3319 con-

577 3364 863 3417 suetudine
897 3362 1115 3416 asserit.
1154 3358 1350 3412 Verum
1384 3374 1445 3411 ex
1489 3372 1571 3421 ea,
1612 3373 1734 3426 quae
1769 3366 1952 3424 postea
1982 3357 2124 3410 edita

578 3466 681 3519 est,
712 3458 775 3510 de
811 3455 1056 3508 divortiis
1109 3454 1454 3521 imperatoris
1493 3449 1781 3504 Justiniani
1815 3452 2019 3505 novella
2062 3451 2128 3504 Ii-

582 3550 678 3601 bro
729 3560 894 3600 xxvm
939 3544 1292 3597 Basilicorum
1331 3543 1412 3597 tit.
1453 3543 1478 3593 7
1533 3541 1724 3608 posita,
1760 3551 1952 3609 praeter
1997 3541 2129 3594 alias

586 3652 803 3698 causas,
836 3636 904 3689 ob
937 3648 1073 3702 quas
1099 3633 1346 3700 coniugia
1381 3631 1590 3683 solvere
1615 3632 1929 3684 mulieribus
1945 3632 2126 3684 datum

581 3738 682 3791 cst,
717 3727 803 3779 illa
832 3741 1047 3795 quoque
1082 3735 1394 3779 recensetur
1417 3764 1431 3789 ,
1467 3731 1523 3776 ut
1569 3724 1614 3776 si
1665 3723 1718 3776 in
1750 3725 1937 3777 eadem
1970 3724 2128 3777 domo

584 3830 676 3874 aut
710 3819 838 3872 urbe
871 3820 953 3872 vir
983 3817 1135 3870 alteri
1171 3815 1379 3868 mulieri
1411 3817 1848 3879 commisccatur,
1879 3822 2039 3882 atque
2064 3815 2129 3867 ab

584 3926 750 3965 uxore
789 3909 1115 3972 admonitus,
1157 3918 1334 3961 tamen
1379 3907 1446 3959 ab
1483 3905 1623 3958 illius
1661 3907 1987 3959 commercio
2038 3921 2130 3960 ne-

586 4016 855 4070 quaquam
887 4000 1177 4061 abstineat,
1231 3996 1446 4065 nuptias
1482 3994 1776 4050 dissolvere
1811 3995 2128 4051 mulieribus

584 4096 654 4148 ob
683 4091 999 4161 zelotypiam
1026 4089 1350 4160 permissum
1387 4090 1477 4142 sit.

2151 1784 2198 1843 B

652 4354 870 4408 ARIST.
909 4353 1068 4406 Juxta
1115 4353 1321 4405 Domini
1365 4367 1666 4406 sermonem
1713 4352 1794 4404 vir
1836 4361 1888 4405 et
1937 4349 2130 4402 mulier

587 4445 950 4499 fornicationis
978 4457 1139 4497 causa
1169 4444 1395 4510 separati
1448 4443 1646 4510 pariter
1678 4441 2128 4495 condemnamur.

583 4535 926 4591 Consuetudo
957 4548 1087 4588 vero
1120 4535 1423 4587 adulterum
1452 4544 1504 4587 et
1538 4533 1913 4585 fornicatorem
1944 4545 1970 4582 a
2007 4543 2136 4583 conv

579 4628 793 4695 iugibus
824 4641 925 4680 non
958 4634 1188 4693 separat.
1226 4624 1282 4677 Si
1314 4639 1418 4691 qua
1468 4639 1596 4677 vero
1643 4624 1838 4675 mulier
1884 4622 2001 4674 viro
2051 4621 2131 4672 di-

586 4717 763 4769 misso
817 4713 1000 4780 iuncta
1054 4713 1252 4774 fuerit,
1308 4726 1413 4764 non
1460 4721 1540 4764 est
1592 4711 1817 4763 forsitan
1864 4709 2138 4774 adultera;

584 4808 740 4874 culpa
786 4808 924 4859 enim
953 4805 1005 4858 in
1031 4817 1169 4868 eam,
1208 4801 1458 4872 quaesine
1482 4801 1688 4854 ratione
1737 4798 1956 4862 dimisit,
2012 4797 2136 4863 reii-

584 4898 769 4950 t-ienda
797 4905 879 4948 est
911 4913 924 4948 :
956 4897 1039 4948 vel
1063 4893 1222 4946 etiam
1254 4892 1513 4950 adultera.
1540 4891 1583 4944 si
1610 4890 1698 4942 alii
1737 4888 2014 4955 jungatur.
2048 4886 2136 4938 Di-

583 4993 784 5040 mlssus
807 5000 929 5038 vero
955 4984 1103 5036 venia
1131 4984 1322 5049 dignus
1345 4991 1448 5036 est.
1472 4980 1570 5046 Qui
1589 4994 1714 5032 vero
1742 4993 1891 5032 suam
1921 4976 2135 5042 reliquit

586 5090 808 5129 uxorem
840 5084 894 5127 et
926 5074 990 5126 ad
1025 5073 1182 5126 aliam
1218 5071 1464 5132 accessit,
1512 5079 1563 5122 et
1595 5069 1706 5137 ipse
1742 5078 1823 5121 est
1869 5069 2131 5128 mamlius,

583 5176 638 5218 et
667 5181 782 5218 eam
812 5163 1072 5217 mmchari
1110 5161 1257 5225 facit,
1312 5169 1364 5213 et
1417 5156 1578 5211 etiam
1636 5157 1824 5210 mulier
1872 5172 1992 5209 cum
2029 5169 2132 5222 qua

584 5255 1022 5306 consuetudiuem
1059 5253 1233 5305 habet.

653 5337 762 5392 Etsi
822 5339 1072 5390 Dominus
1127 5339 1295 5389 virum
1338 5337 1403 5388 ab
1447 5351 1612 5388 uxore
1650 5349 1743 5386 sua
1806 5334 2127 5399 disiunctum

585 5432 962 5499 (praeterquam
1017 5429 1067 5479 in
1118 5424 1480 5478 fornicationis
1523 5422 1707 5491 causa)
1755 5434 1807 5474 et
1852 5422 2127 5474 mulierem

582 5523 698 5574 sine
735 5521 943 5578 ratione
975 5534 1001 5568 a
1033 5517 1148 5570 viro
1197 5531 1292 5569 suo
1340 5525 1642 5581 separatam
1698 5513 1974 5579 aequaliter
2002 5525 2130 5564 cou-

585 5614 839 5662 demunt:
896 5617 1069 5660 tamen
1105 5606 1417 5659 constitutio
1467 5602 1836 5656 ecclesiastica
1891 5602 1940 5654 id
1974 5601 2132 5655 aliter

589 5700 698 5754 ’ieri
733 5699 902 5764 iubet.
936 5696 1065 5748 Nnu
1093 5697 1260 5748 virum
1296 5695 1404 5747 sive
1441 5693 1790 5747 fornican'mu
1838 5695 1946 5746 sive
1981 5691 2128 5747 adul-

1818 367 2093 428 TI-IEOD.
2132 366 2219 424 BA
2232 366 2526 426 LSAMON
2571 396 2583 408 -

2156 3051 2200 3112 C

2164 4395 2206 4450 D

3691 363 3828 427 ’621

2228 492 2310 527 σιν
2348 477 2538 547 ἐπίσης
2571 480 2736 545 φησὶν
2790 483 2815 533 6
2863 483 3034 549 μέγας
3084 473 3237 544 οὗτος
3288 483 3475 552 Πατὴρ
3525 479 3833 547 ἁρμόζειν

2228 568 2322 618 καὶ
2353 569 2576 635 ἀνδράσι
2611 570 2703 623 καὶ
2749 572 3015 638 γυναιξὶν,
3068 572 3205 624 ὥστε
3265 576 3404 641 μήτε
3470 572 3640 638 ἀνδρα
3707 569 3832 636 τὴν

2227 663 2428 715 οίκείαν
2463 665 2681 730 ἀφιέναι
2721 669 2974 731 γυναῖκα,
3017 666 3152 734 μήτε
3185 670 3416 733 γυναῖκα
3457 661 3831 730 ἀφίστασθαι

2229 753 2322 805 τοῦ
2357 755 2548 823 ἀνδρὸς
2591 756 2776 824 αὐτῆς.
2821 755 2961 807 Ἀλλ’
3017 761 3048 823 ὴ
3116 758 3371 822 συνήθεια
3429 758 3527 824 οὐχ
3583 753 3828 822 ὁμοίως

2228 840 2338 909 ἔχει
2373 843 2462 893 ἐπὶ
2489 841 2700 911 ἀνδρῶν
2731 842 2998 910 ἀφιέντων
3043 844 3140 906 τὰς
3201 846 3485 910 γυναῖκας,
3541 843 3638 896 καὶ
3709 843 3826 892 ἐπὶ

2227 931 2504 1000 γυναικῶν
2536 933 2735 1000 ὁμοίως
2769 934 3058 986 ποιουσῶν.
3107 935 3168 985 Ἦ
3198 934 3296 1003 μὲν
3321 933 3429 1002 γὰρ
3461 934 3615 1001 γυνὴ.
3663 933 3831 984 ἀπο-

2228 1021 2402 1072 στᾶσα
2425 1018 2520 1072 τοῦ
2553 1020 2745 1088 ἀνδρὸς
2775 1021 2870 1073 καὶ
2929 1021 3261 1088 συναφθεῖαα
3291 1021 3485 1090 ἑτέρῳ,
3542 1019 3828 1088 μοιχαλὶς

2226 1109 2493 1179 κρίνεται,
2527 1112 2622 1163 καὶ
2644 1112 2825 1162 οὐκέτι
2859 1111 3182 1181 δεχῦήσεται
3212 1112 3365 1181 παρὰ
3419 1110 3509 1163 τοῦ
3568 1111 3823 1178 ἀνδρὸς,

2226 1201 2272 1251 εί
2296 1199 2370 1269 μὴ
2397 1202 2599 1263 ἐκεῖνος
2632 1201 2873 1271 βούλοιτο
2897 1218 2912 1234 ·
2941 1204 3032 1254 τὸν
3059 1203 3113 1256 δὲ
3142 1204 3308 1272 ἀνδρα
3333 1204 3427 1256 καὶ
3461 1202 3825 1272 πορνεύονται

2226 1294 2318 1344 καὶ
2357 1294 2732 1360 μοιχεύονταή
2787 1292 2921 1362 γυνὴ
2966 1295 3184 1362 ἀφεῖναι
3235 1295 3297 1347 οὐ
3349 1295 3590 1346 δύναται.
3670 1293 3803 1344 Καὶ

2225 1382 2408 1436 λοιπὸν
2437 1383 2486 1434 εί
2511 1385 2538 1435 6
2569 1384 2788 1451 ἀφεθεὶς
2816 1385 2977 1455 ἑτέρᾳ
3019 1387 3347 1451 συνοικήσει,
3395 1387 3428 1454 ἡ
3451 1385 3615 1450 τούτῳ
3664 1400 3824 1435 συν-

2225 1475 2461 1541 αφθεῖσα
2509 1474 2571 1525 ού
2607 1475 2954 1543 κριθήσεται,
3005 1476 3160 1542 φησὶ,
3245 1475 3507 1544 μοιχαλίς.
3560 1475 3630 1525 Τὸ
3688 1474 3822 1542 γὰρ

2227 1562 2529 1631 ἁμάρτημα
2579 1561 2678 1628 τῆς
2744 1561 3146 1630 καταλειψάσης
3203 1561 3294 1612 τὸν
3348 1563 3543 1612 οἰκεῖον
3609 1560 3823 1625 ἄνδρα

2226 1652 2394 1705 ἐστίν.
2422 1652 2496 1704 Ού
2522 1651 2632 1720 γάρ
2656 1653 2868 1719 ἐφεῖται
2895 1651 3032 1721 αὐτῇ
3067 1650 3404 1717 ἀφίστασθαι
3424 1649 3514 1702 τοῦ
3549 1649 3774 1717 ἀνδρός
3803 1663 3820 1676 ’

2226 1740 2343 1793 ἀλλ’
2377 1743 2482 1794 είτε
2515 1743 2726 1809 πικρῶς
2769 1742 2904 1810 αὐτῇ
2961 1741 3344 1810 προσφέρεται,
3408 1741 3587 1808 φέρειν
3640 1739 3808 1807 χρὴ,

2226 1831 2334 1883 εἴτε
2368 1833 2447 1892 είς
2483 1833 2739 1899 χρήματα
2770 1830 3061 1898 ζημιοῦται
3086 1829 3185 1898 τὴν
3218 1832 3416 1897 προῖκα
3447 1829 3806 1894 δαπανωμέ-

2225 1937 2324 1990 νην
2354 1919 2537 1988 ὁρῶσα
2567 1936 2580 1950 ·
2613 1921 2721 1972 είτε
2750 1919 3039 1988 ζηλοτυπεῖ
3065 1919 3152 1970 διὰ
3177 1919 3237 1970 τὸ
3260 1919 3474 1983 ἑτέραις
3501 1918 3586 1968 τὸν
3612 1917 3821 1984 ἄνδρα

2230 2009 2684 2078 συμφοείρεσοαι,
2718 2011 3003 2078 καρτερεῖν
3053 2009 3133 2061 δεῖ
3183 2009 3274 2061 καὶ
3315 2009 3406 2059 τοῦ
3454 2009 3636 2076 ἀνδρδς
3727 2007 3818 2075 μῆ

2225 2099 2580 2169 χωρίζεσθαι.
2637 2101 2698 2152 El
2755 2101 2888 2169 γὰρ,
2948 2101 3178 2152 ἀπίστου
3239 2099 3345 2151 τῶν
3396 2097 3818 2150 συνοικούντων

2226 2191 2374 2252 ὄντος
2435 2191 2682 2260 θατέρου,
2738 2192 2798 2242 τδ
2862 2192 3047 2260 ἕτερον
3096 2191 3384 2260 πρόσωπον
3450 2187 3818 2260 χωρισῦἦναι

2227 2282 2394 2334 αὑτοῦ
2421 2281 2646 2342 ἄκοντος
2675 2283 3003 2342 κεκώλυται,
3036 2285 3175 2336 κατά
3205 2282 3294 2335 τὸν
3343 2284 3604 2350 μακάριον
3632 2277 3817 2330 Παῦ-

2227 2372 2317 2424 λον
2341 2388 2352 2400 ·
2385 2373 2499 2432 πῶς
2532 2374 2822 2437 ἀνεύθυνος
2849 2374 3003 2426 ἔσται
3048 2375 3076 2425 ὁ
3122 2375 3189 2426 δι’
3223 2375 3418 2443 ἑτέραν
3449 2371 3819 2425 αίτίαν).ύων

2225 2463 2323 2531 τὴν
2355 2462 2845 2531 συζυγίανςὮστε
2899 2468 2932 2533 ἡ
2981 2467 3264 2518 ἀποστᾶσα
3319 2464 3413 2515 τοῦ
3467 2463 3680 2531 ἀνδρὸς,
3757 2465 3814 2512 εἰ

2226 2554 2369 2621 ἄλλῳ
2399 2553 2698 2624 συνῴκησε,
2759 2555 3002 2623 μοιχαλὶς
3029 2556 3318 2620 λογίζεται.
3363 2555 3424 2606 Ἢ
3451 2554 3504 2605 δὲ
3528 2552 3600 2618 τῷ
3619 2570 3813 2604 καταο

2226 2641 2504 2708 λειφθέντι
2539 2642 2694 2710 ἀνδρὶ
2748 2645 3170 2696 συνευνασθεῖσα
3224 2643 3492 2711 νομίμως,
3541 2640 3667 2692 οὔτε
3719 2641 3811 2702 ὡς

2232 2732 2481 2800 μοιχαλὶς
2518 2731 2642 2784 οὔτε
2690 2734 2764 2795 ὡς
2827 2734 3176 2803 πορνεύσασα
3224 2734 3638 2800 κατακρίνεται.
3686 2732 3812 2784 Καὶ

2227 2825 2254 2872 6
2279 2822 2417 2890 ἀνὴρ
2463 2822 2541 2886 δὲ,
2573 2823 2671 2890 τὴν
2702 2822 2896 2874 ἑαυτοῦ
2935 2827 3164 2886 γυναῖκα
3217 2825 3514 2884 ἀπολύσας,
3542 2822 3639 2873 καὶ
3674 2823 3810 2873 ἑτέ-

2234 2925 2329 2977 ραν
2353 2903 2818 2974 είσοικισάμενοξ,
2867 2913 3050 2978 μοιχός
3088 2910 3226 2975 ἐστι,
3279 2914 3371 2964 καὶ
3408 2912 3503 2978 τὴν
3550 2915 3806 2976 γυναῖκα

2235 2996 2520 3064 μοιχαλίδα
2553 2999 2713 3058 ποιεῖ,
2749 2999 2894 3065 ἀλλῳ
2941 3002 3297 3067 μιγνυμένην.
3348 3001 3456 3052 Καὶ
3488 3001 3521 3067 ὴ
3546 3000 3622 3067 τῷ
3680 3017 3806 3052 τοι·

2231 3087 2372 3154 ούτῳ
2394 3087 2448 3138 δὲ
2477 3087 2628 3155 ἀνδρὶ
2654 3089 3046 3156 συνοικήσασα,
3076 3089 3134 3138 ἐν
3161 3089 3361 3156 εἰδήσει
3387 3089 3478 3140 τοῦ
3521 3089 3806 3140 ἀπολῦσαι

2226 3177 2386 3232 αὑτὸν
2425 3178 2490 3247 ἢν
2557 3175 2670 3246 εἶχε
2712 3180 2966 3241 γυναῖκα,
3004 3179 3248 3246 μοιχαλίς
3276 3181 3445 3231 ἑστιν.
3484 3178 3811 3247 Ἀλλότριον

2229 3270 2336 3338 γὰρ
2364 3268 2532 3336 ἄνδρα
2564 3267 2697 3336 πρὸς
2727 3267 2926 3335 ἑαυτὴν
2954 3269 3309 3338 μετέστησεν.
3357 3269 3518 3320 Ἀλλά
3565 3268 3746 3320 ταῦτα
3775 3271 3807 3319 6

2229 3361 2399 3429 μέγας
2432 3355 2584 3420 οὗτός
2615 3375 2747 3426 φησι
2780 3360 2970 3427 Πατὴρ
3034 3362 3174 3412 κατά
3214 3361 3272 3411 τὸ
3303 3360 3608 3428 τηνικαῦτα
3662 3377 3811 3426 κρα-

2227 3449 2354 3501 τοῦν
2391 3447 2850 3518 ἐκκλησιαστικὸν
2886 3447 3024 3508 ἔθος.
3066 3448 3158 3500 Ἐκ
3208 3448 3260 3500 δὲ
3289 3449 3386 3514 τῆς
3436 3447 3572 3516 μετά
3618 3449 3802 3498 ταῦτα

2229 3541 2355 3607 περὶ
2379 3538 2585 3599 λύσεως
2617 3539 2809 3605 γάμων
2864 3536 3275 3604 ὲκφωνηθείσης
3310 3537 3528 3604 Νεαρᾶς
3561 3536 3652 3588 τοῦ
3692 3537 3803 3604 βα-

2230 3631 2417 3693 σιλέως
2455 3629 2857 3694 Ἰουστινιανοῦ,
2887 3630 2983 3698 τῆς
3015 3631 3270 3698 κειμένης
3303 3630 3381 3688 είς
3430 3629 3633 3697 βιϐλίον
3669 3630 3786 3680 τῶν

2228 3720 2530 3773 Βασιλικῶν
2574 3718 2680 3787 κη’,
2715 3720 2850 3773 τίτλ.
2882 3718 2951 3782 ζ’,
3009 3719 3144 3790 πρὸς
3192 3720 3313 3778 ταῖς
3369 3718 3554 3778 ἄλλαις
3591 3719 3806 3780 αἰτίαις

2228 3813 2348 3872 ταῖς
2373 3810 2440 3862 δι’
2471 3809 2535 3872 ἃς
2569 3808 2717 3860 λύειν
2737 3811 2853 3870 ταῖς
2888 3807 3096 3875 γυναιξὶ
3120 3808 3189 3859 τὰ
3217 3809 3524 3860 συνοικέσια
3566 3807 3800 3870 δίδοται,

2234 3903 2330 3953 καὶ
2364 3901 2425 3952 τὸ
2454 3903 2510 3953 ὲν
2542 3904 2606 3970 τῇ
2637 3900 2770 3968 αύτῇ
2792 3901 2939 3969 οἰκία
2965 3900 2997 3967 ἢ
3023 3899 3172 3951 πόλει
3208 3899 3298 3950 τὸν
3329 3899 3494 3967 ἀνδρα
3527 3900 3805 3965 συμφθεί-

2237 3993 2421 4064 ρεσθαι
2453 3993 2669 4060 γυναικὶ
2696 3993 2854 4063 ἄλλῃ,
2884 3990 3322 4058 ἐπιφωνούμενον
3351 3990 3500 4057 παρὰ
3557 3989 3651 4040 τοῦ
3694 3990 3803 4057 μέ-

2236 4103 2361 4157 ρους
2400 4085 2498 4153 τῆς
2527 4085 2783 4150 γυναικὸς
2811 4083 2885 4153 μὴ
2914 4082 3240 4148 ἀφίστασθαι
3273 4082 3371 4150 τῆς
3403 4081 3540 4149 πρὸς
3579 4080 3800 4147 ἐκείνην

2233 4175 2470 4243 ὁμιλίας,
2513 4175 2660 4225 λύειν
2692 4175 2818 4236 τοὺς
2868 4173 3078 4243 γάμους
3129 4174 3251 4234 ταῖς
3299 4171 3515 4238 γυναιξὶ
3556 4171 3648 4222 διὰ
3697 4171 3802 4236 τὴν

2236 4265 2570 4335 ζηλοτυπίαν
2602 4264 2840 4332 ἐφίησιν.

2305 4355 2524 4408 ΑΡΙΣΤ.
2557 4356 2710 4407 Κατά
2741 4354 2832 4405 τὸν
2858 4353 2949 4406 τοῦ
2987 4354 3186 4422 Κυρίου
3225 4353 3382 4420 λόγον
3442 4355 3574 4413 ίσως
3628 4367 3803 4402 κατα-

2237 4446 2520 4510 δικάζεται
2551 4445 2645 4496 καὶ
2676 4444 2834 4513 ἀνὴρ,
2867 4445 2958 4497 καὶ
2990 4443 3147 4512 γυνὴ,
3194 4443 3314 4513 δίχα
3374 4443 3628 4511 πορνείας
3663 4449 3804 4494 ἀπο·

2239 4531 2591 4600 ζευγνύμενοι
2616 4548 2630 4563 ⁶
2666 4534 2697 4602 ἡ
2730 4533 2783 4584 δὲ
2814 4532 3069 4603 συνήθεια
3088 4535 3178 4585 τὸν
3214 4531 3398 4601 μοιχὸν
3428 4531 3521 4584 καὶ
3547 4532 3636 4582 τὸν
3667 4531 3808 4600 πόρ-

2236 4640 2324 4677 νον
2353 4622 2694 4686 διαζεύγνυσι
2725 4607 2832 4674 τῶν
2863 4622 3132 4691 συμϐίων.
3183 4622 3242 4673 El
3286 4623 3341 4674 δέ
3381 4639 3463 4684 τις
3493 4623 3677 4689 ἁφέτῳ
3707 4623 3806 4673 ἀν-

2235 4714 2320 4782 δρὶ
2353 4711 2692 4780 συζευχθείη,
2739 4713 2839 4763 οὐκ
2895 4711 2972 4764 ἔνι
3020 4711 3184 4779 τυχὸν
3240 4713 3518 4780 μοιχαλὶς·
3583 4712 3641 4763 τὸ
3691 4713 3804 4780 γὰρ

2241 4805 2410 4855 αἴτιον
2441 4805 2532 4856 ἐπὶ
2559 4803 2655 4871 τὴν
2682 4803 2891 4868 ἀλόγως
2921 4804 3146 4869 ἀφεῖσαν
3171 4818 3185 4833 ·
3220 4802 3250 4870 ἢ
3283 4802 3375 4853 καὶ
3431 4801 3700 4870 μοιχαλὶς,
3752 4802 3802 4850 εί

2242 4893 2378 4960 πρὸς
2415 4891 2601 4960 ἕτερον
2636 4890 2943 4955 ζεύγνυται.
2983 4891 3041 4943 '0
3068 4891 3123 4943 δὲ
3181 4891 3398 4958 ἀφεθεὶς
3429 4890 3800 4956 συγγνωστός.

2249 4981 2305 5031 Ὀ
2338 4979 2393 5031 δὲ
2422 4979 2519 5048 τὴν
2539 4983 2773 5046 γυναῖκα
2819 4979 3016 5042 λιπὼν,
3055 4980 3149 5032 καὶ
3185 4979 3272 5032 ἐπ’
3321 4979 3487 5046 ἀλλην
3551 4980 3663 5040 ίὼν,
3705 4977 3802 5028 καὶ

2239 5070 2398 5130 αὐτὸς
2437 5070 2641 5137 μοιχὸς,
2671 5072 2764 5121 καὶ
2791 5069 2958 5138 αὐτὴν
3013 5068 3410 5138 μεμοιχεῦσθαι
3439 5069 3602 5130 ποιεῖ,
3635 5067 3732 5119 καὶ
3766 5067 3801 5134 ἡ

2238 5159 2384 5225 αὐτῷ
2417 5159 2737 5212 συνοικοῦσα
2769 5160 2925 5229 γυνή.

2309 5336 2367 5386 Εἰ
2402 5335 2491 5384 καὶ
2519 5336 2545 5384 6
2571 5332 2768 5400 Κύριος
2803 5335 2892 5384 τὸν
2939 5334 3103 5404 ἄνδρα
3157 5335 3248 5386 τὸν
3285 5335 3668 5403 διαζευχθέντα
3701 5336 3805 5404 τῆς

2246 5425 2379 5486 ἰδίας
2403 5425 2657 5489 γυναικὸς
2707 5425 3001 5491 (παρεκτὸς
3045 5423 3200 5491 λόγου
3243 5427 3518 5495 πορνείας)
3557 5427 3652 5478 καὶ
3707 5426 3806 5496 τὴν

2244 5516 2478 5582 γυναῖκα
2506 5513 2806 5580 ἀνευλόγως
2845 5515 2936 5566 τοῦ
2997 5515 3126 5568 ίδίου
3187 5516 3550 5585 χωρισθεῖσαν
3611 5516 3807 5586 ἀνδρὸς

2240 5606 2592 5665 καταδικάζει
2625 5607 2817 5675 ἐπίσης
2842 5622 2856 5637 ο
2892 5607 3003 5657 ἀλλ’
3067 5609 3100 5674 ἡ
3142 5608 3398 5674 συνήθεια
3430 5608 3463 5675 ἡ
3512 5608 3804 5676 ἐκκλησια·

2234 5694 2396 5762 nixi;
2427 5695 2597 5754 ἄλλως
2618 5694 2771 5746 τοῦτο
2803 5700 3123 5764 προστάττει
3145 5696 3386 5762 γίνεσθαι
3409 5713 3423 5728 ο
3446 5697 3537 5748 τὸν
3571 5697 3668 5764 μιν
3696 5699 3805 5768 γὰρ
