3998 6326
582 372 684 437 6ξῖ
1795 369 1890 431 ΤΗ
1901 368 2069 431 ΕΟῙ).
2098 370 2161 427 ΒΑ

2247 370 2494 432 SAMON
3708 371 3826 436 (ιέ

572 498 962 565 diSpensationi
1001 500 1044 550 si
1083 499 1331 558 cesserit,
1390 495 1439 546 id
1472 496 1517 548 ci
1568 493 1788 563 perjurii
1844 496 1959 548 loco
2005 510 2109 548 non

2258 501 2415 570 νομία
2437 503 2513 561 είς
2537 502 2813 573 ἐπιορκίαν
2837 500 2982 570 αύτῷ
3012 501 3071 553 ού
3107 500 3497 571 λογισθήσεται,
3530 501 3611 556 διὰ
3647 504 3714 555 τὸ
3754 504 3830 571 μὶ

567 589 937 657 imputabitur.
972 589 1165 655 quippe
1190 589 1312 654 quia
1335 584 1679 657 jurijurando
1707 586 1976 652 adjectum
2003 602 2111 641 non

2258 592 2605 659 προσκεῖσθαι
2639 591 2715 660 τῷ
2749 594 2922 660 ὅρκῳ,
2967 590 3099 659 μηδὲ
3144 590 3277 660 πρὸς
3316 590 3482 660 βραχὺ
3522 593 3828 662 ἀναχωρή-

568 687 648 729 est
685 692 748 729 ne
775 677 1049 744 paululum
1082 675 1295 742 quidem
1325 674 1591 727 Mindanis
1620 690 1982 737 recessurum,
2018 678 2110 728 sed

2267 700 2365 735 33w
2541 683 2845 745 Μινδάνων,
2874 681 3007 734 ἀλλὰ
3039 684 3369 751 παραμενεῖν
3396 685 3471 744 είς
3496 681 3552 733 τὸ
3579 682 3823 751 ἐφεξῆς.

567 767 821 832 deinceps
848 780 1280 832 permansurum.
1314 763 1423 817 Nos
1449 772 1627 819 autem
1654 764 1854 818 Severo
1884 765 2111 818 oblivio-

2255 774 2474 842 Σευήρῳ
2506 772 2581 835 δὲ,
2611 771 3054 840 προφασιζομένῳ
3074 772 3169 840 τὴν
3189 770 3373 840 λήθην,
3414 774 3564 839 ἡμεῖς
3589 788 3828 840 συγχω-

566 869 688 907 nem
720 857 964 907 causanti
1004 856 1082 908 sic
1122 856 1477 924 ignoscemus,
1512 863 1567 907 ut
1601 870 1723 908 eum
1768 870 2107 915 moneamus,

2254 863 2511 930 ρήσομεν,
2547 862 2804 925 είπόντες,
2826 863 2905 913 ὅτι
2931 861 3037 913 τῶν
3063 862 3314 931 κρυπτῶν
3339 862 3573 929 γνώστης
3600 864 3668 913 οὐ
3718 877 3829 911 πεο

567 945 903 995 occultorum
928 944 1255 1011 cognitorem
1287 958 1438 995 suam
1470 943 1638 1009 ipsius
1673 942 1969 996 Ecclesiam
2004 958 2111 995 non

2257 949 2493 1016 ριόψεται
2530 950 2626 1018 τὴν
2658 948 2847 1001 ἐαυτοῦ
2876 948 3191 1017 Ἐκκλησίαν
3226 948 3326 999 ὑπὸ
3352 949 3580 1001 τοιούτου
3606 951 3677 1001 λυ
3689 968 3827 1016 μαι-

565 1048 851 1101 passurum
908 1032 973 1083 ab
1027 1030 1289 1098 ejusmodi
1344 1030 1563 1083 homine
1613 1029 1927 1083 labefactari
1967 1048 1979 1083 :
2019 1030 2111 1097 qui

2251 1041 2504 1109 νομένην·
2553 1039 2827 1101 ποιοῦντος
2874 1041 2969 1109 μὲν
3011 1039 3367 1099 ἀκανονίστως
3408 1038 3467 1089 τὺ
3498 1039 3550 1100 ἐξ
3584 1039 3821 1107 ἀρχῆς.

565 1132 758 1187 praeter
781 1135 1018 1173 canones
1053 1121 1119 1172 ab
1144 1120 1297 1171 initio
1330 1118 1475 1179 fecit,
1513 1132 1574 1170 ac
1605 1118 1960 1185 jurejurando
1985 1132 2113 1170 con-

2250 1131 2394 1201 ὅρκῳ
2417 1131 2470 1181 δὲ
2500 1129 2958 1198 καταδεσμοῦντος
2991 1129 3136 1199 παρὰ
3162 1128 3225 1179 τά
3248 1128 3561 1195 Εὑαγγέλια·
3588 1144 3823 1195 παρορ-

565 1220 650 1264 tra
710 1212 995 1279 Evangelia
1055 1212 1341 1277 astringit,
1404 1218 1458 1263 et
1511 1209 1805 1277 perjurium
1878 1208 2111 1263 transfe-

2250 1226 2362 1276 κεῖν
2395 1223 2448 1275 δὲ
2484 1222 2818 1283 διδάσκοντος
2856 1221 2920 1272 δι’
2953 1213 3027 1272 ὧν
3065 1220 3352 1288 μετετέθη,
3391 1218 3726 1285 ψευδομένου
3761 1218 3826 1269 δὲ

563 1302 735 1355 rendo
762 1301 968 1362 edocet,
1004 1315 1065 1353 ac
1096 1308 1388 1368 postremo,
1421 1299 1546 1352 dum
1583 1301 1903 1353 oblivionem
1938 1302 2111 1355 simu-

2248 1310 2427 1363 vﬁvﬁt’
2462 1304 2534 1362 ὧν
2720 1310 2814 1378 τὴν
2853 1308 3018 1378 λήθην
3058 1307 3461 1376 σχηματίζεται.
3494 1305 3718 1372 Ἐπειδὴ
3759 1304 3821 1355 δὲ

561 1393 659 1451 lat.
695 1394 973 1444 mentitur.
1019 1391 1124 1444 Sed
1172 1391 1427 1458 quoniam
1476 1390 1719 1443 cordium
1750 1391 1959 1458 jttdices
2006 1406 2113 1443 non

2246 1401 2344 1451 οὐκ
2381 1399 2545 1468 ἐσμὲν
2570 1398 2801 1467 καρδιῶν
2824 1396 3027 1467 κριταὶ,
3060 1396 3169 1448 ἀλλ’
3210 1395 3265 1459 ἐξ
3294 1389 3367 1446 ὧν
3388 1393 3644 1461 ἀκούομεν
3687 1393 3825 1461 κρί-

565 1495 774 1539 sumus,
814 1479 906 1532 sé'd
946 1495 1009 1532 ex
1066 1479 1130 1531 iis
1178 1489 1295 1544 quae
1351 1478 1622 1541 audimus,
1650 1478 1983 1545 judicamus,
2021 1479 2115 1531 de-

2247 1505 2437 1557 νομενο
2485 1488 2661 1557 δῶμεν
2706 1488 2783 1556 τῷ
2830 1488 3016 1555 Κυρίῳ
3056 1485 3151 1555 τὴν
3198 1484 3497 1552 ἐκδίκησιν,
3550 1482 3709 1533 αὐτοὶ
3757 1479 3821 1531 ἃ

562 1586 689 1623 tuus
718 1569 943 1623 Domino
984 1570 1296 1630 vindictam,
1335 1584 1564 1636 eumque
1598 1570 1731 1621 citra
1762 1585 1987 1623 examen
2023 1587 2114 1625 su-

2246 1581 2567 1648 ἁδιακρίτως
2592 1578 2751 1628 αὑτὸν
2780 1575 3053 1644 δεξώμεθα
3071 1615 3084 1637 ,
3122 1572 3443 1640 συγγνώμην
3476 1571 3645 1629 δόντες
3712 1570 3821 1619 ἀν-

564 1661 881 1728 spiciamus,
921 1661 1157 1713 humano
1189 1661 1339 1721 vitio,
1388 1660 1643 1713 oblivioni
1693 1661 1923 1723 scilicet,
1963 1654 2115 1729 igno-

1413 1660 1643 1713 iblivioni
1693 1661 1923 1723 scilicet,
1963 1654 2115 1729 ignd-
2246 1669 2496 1738 θρωπίνῳ
2533 1666 2714 1731 πάθει,
2747 1670 2809 1735 τῇ
2838 1664 2992 1735 λήθῃ.

564 1757 802 1803 δεοηιεε.

632 1857 741 1925 66
775 1855 966 1909 BALS.
1003 1856 1228 1922 Quidam
1272 1866 1324 1907 ut
1357 1856 1737 1912 ordinarentur
1781 1855 1991 1911 evocati
2041 1855 2123 1922 ju-
2162 1898 2201 1948 Β

2308 1852 2499 1905 ΒΑΛΣ.
2534 1852 2690 1916 Τινὲς
2713 1856 2793 1915 είς
2816 1854 2875 1905 τδ
2905 1850 3349 1922 χειροτονηθῆναι
3384 1844 3816 1918 μετακαλούμε-

556 1960 747 2004 rarunt
774 1964 831 2001 se
862 1948 1253 2003 ordinationem
1283 1965 1391 2003 non
1444 1949 1791 2003 admissuros.
1824 1947 1961 2001 Dicit
1996 1960 2124 2014 ergo

2237 1945 2691 2015 νοι,ἐξωμνύοντο
2735 1945 2811 2014 μὴ
2854 1942 3249 2007 καταδέξασθαι
3295 1943 3395 2009 τὴν
3430 1942 3816 2011 χειροτονίαν.

559 2054 781 2096 sanctus
819 2058 925 2095 non
955 2050 1203 2109 oportere
1244 2056 1336 2095 eos
1382 2039 1497 2110 cogi
1526 2039 1785 2108 pejerare.
1818 2036 1931 2091 Etsi
1957 2035 2119 2099 enim,

2242 2037 2362 2099 Γοὺς
2393 2036 2484 2089 οὖν
2521 2038 2791 2099 τοιούτους
2816 2036 2963 2104 λέγει
3001 2038 3029 2088 ὀ
3066 2035 3223 2101 ἅγιος
3272 2034 3349 2101 μὴ
3399 2032 3508 2085 δεῖν
3555 2032 3821 2098 ἀναγκά-

559 2135 755 2202 inquit,
793 2134 1037 2186 videatur
1068 2133 1157 2196 iis,
1198 2132 1286 2199 qui
1336 2147 1399 2186 ex
1445 2146 1502 2185 se
1555 2130 1984 2200 ipsisjurarunt,
2036 2126 2124 2180 vel

2241 2127 2415 2191 ξεσθαι
2448 2129 2746 2198 ἐπιορκεῖν.
2781 2128 2900 2181 Κᾶν
2924 2126 3033 2195 γὰρ
3053 2125 3203 2194 δοκῇ,
3235 2122 3419 2192 φησὶν,
3454 2120 3650 2186 ἐξεῖναι
3682 2124 3820 2184 τοῖς

560 2227 651 2295 qui
704 2225 919 2291 aliquod
952 2226 1052 2278 sibi
1080 2224 1352 2278 vinculum
1395 2222 1717 2291 injecerunt,
1763 2220 1851 2274 vel
1903 2232 2121 2273 carnem

2236 2220 2316 2288 ἐφ’
2345 2221 2555 2275 ἑαυτῶν
2585 2221 2848 2291 ὀμόσασιν
2883 2218 2916 2289 ἢ
2949 2218 3144 2287 δεσμόν
3163 2233 3282 2269 τινα
3330 2216 3544 2276 ἑαυτοῖς
3596 2214 3815 2266 ἐπιϐα-

562 2300 669 2370 non
703 2319 1041 2379 comedendi,
1084 2318 1165 2371 vel
1202 2319 1384 2371 vinum
1440 2332 1542 2369 non
1600 2311 1839 2380 bibendi,
1891 2310 1974 2365 vel
2024 2325 2123 2365 nec

2236 2309 2428 2374 λοῦσιν,
2462 2312 2537 2375 ὡς
2568 2312 2642 2382 μὴ
2670 2312 2870 2380 φαγεῖν
2900 2308 3087 2380 κρέας,
3128 2307 3161 2377 ἢ
3215 2307 3359 2358 πιεῖν
3420 2298 3586 2367 οἶνον,
3621 2302 3651 2371 ἢ
3727 2305 3815 2371 μὴ

563 2410 690 2463 illud
729 2408 981 2471 faciendi,
1014 2410 1173 2464 licere
1207 2422 1393 2463 rursus
1434 2405 1706 2459 vinculum
1756 2404 1984 2467 solvere,
2012 2409 2065 2455 et
2093 2416 2121 2452 a

2233 2402 2341 2454 τόδε
2372 2403 2619 2471 ποιῆσαι,
2668 2401 2818 2455 λύειν
2855 2400 3021 2454 πάλιν
3049 2399 3142 2465 ἀφ’
3182 2396 3392 2451 ἑαυτῶν
3427 2397 3516 2448 τὸν
3574 2394 3812 2461 δεσμὸν,

559 2500 914 2566 jurejurando
960 2498 1224 2561 deiicere;
1286 2498 1378 2550 sed
1431 2494 1763 2562 experientia
1815 2492 2121 2553 didicimus,

2236 2493 2321 2546 καὶ
2347 2492 2439 2547 toﬁ
2462 2495 2625 2562 ὅρκου
2656 2490 3012 2559 ἀφίστασθαιο
3034 2489 3148 2543 ἀλλ’
3182 2491 3244 2541 ὲκ
3277 2488 3471 2557 πείρας
3520 2484 3815 2553 ἐμάθομεν

567 2590 731 2659 quod,
767 2592 855 2659 qui
893 2591 1217 2659 pejerarunt,
1251 2603 1355 2642 non
1384 2596 1526 2642 recta
1562 2595 1687 2641 sunt
1733 2585 1785 2638 in
1831 2584 1914 2637 via
1968 2584 2058 2637 sed
2094 2596 2124 2634 ι

2234 2586 2308 2637 ὅτι
2342 2586 2792 2655 παρορκήσαντες
2841 2583 2939 2636 οὐκ
2998 2579 3323 2643 εὐοδοῦνται,
3374 2576 3490 2630 ἀλλ’
3544 2574 3644 2627 ὑπὸ
3701 2572 3813 2624 τοῦ

564 2682 678 2735 Deo
710 2682 961 2735 sinuntur
1010 2688 1230 2747 propter
1280 2679 1576 2747 perjurium
1632 2677 1847 2732 tentari.
1901 2674 2125 2743 Oportet

2235 2674 2361 2728 Θεοῦ
2424 2674 2879 2744 παραχωροῦνται
2926 2670 3293 2741 πειρασθῆναι
3338 2667 3426 2720 διὰ
3459 2667 3559 2733 τὴν
3611 2664 3814 2729 ἐπιορ-

566 2783 768 2837 autem,
803 2773 996 2840 inquit,
1035 2772 1085 2824 iu
1128 2771 1212 2824 his
1260 2770 1548 2838 juramenti
1599 2767 1824 2821 formam
1860 2780 2121 2835 quaerere,

2236 2767 2368 2821 κίαν.
2406 2769 2498 2819 Δεῖ
2522 2767 2601 2830 δὲ,
2639 2767 2825 2834 φησιν,
2871 2763 2963 2817 ἐπὶ
2983 2763 3096 2817 τῶν
3122 2760 3392 2814 τοιούτων
3418 2758 3511 2810 καὶ
3546 2756 3607 2807 τδ
3636 2749 3815 2819 330;,

566 2882 636 2917 an
678 2865 729 2917 in
760 2865 921 2916 Deum
952 2863 1141 2926 jurans
1172 2859 1387 2919 dixerit,
1422 2873 1488 2911 an
1525 2858 1576 2909 in
1624 2856 1821 2924 aliquid
1876 2853 2041 2918 aliud,
2072 2862 2124 2907 et

2236 2855 2319 2908 toﬁ
2362 2858 2525 2925 ὅρκου
2564 2857 2811 2919 σκοπεῖν,
2852 2854 2951 2905 εῖτ*
3006 2849 3101 2905 οὖν
3156 2852 3205 2903 εί
3248 2849 3381 2901 Θεδν
3425 2845 3710 2912 ὠνόμασεν
3776 2841 3815 2892 6

567 2957 727 3009 verba
762 2954 877 3022 ejus
910 2954 996 3022 qui
1025 2952 1245 3021 juravit,
1278 2960 1331 3005 et
1353 2949 1690 3004 aﬂ'ectionem
1715 2962 1871 3015 quam
1900 2946 2125 3014 juravit,

2228 2946 2462 3013 ὀμνύων,
2494 2946 2678 3015 sane
2711 2962 2787 3009 tt,
2838 2944 2930 2994 καὶ
2973 2942 3043 2993 τὰ
3086 2941 3309 3010 ῥήματα
3362 2934 3457 2987 τοῦ
3497 2933 3807 2998 ὀμόσαντος

567 3057 620 3099 et
659 3047 817 3099 etiam
846 3045 1063 3099 subtilia
1095 3044 1148 3097 in
1198 3042 1376 3096 verbis
1424 3040 1808 3095 additamenta.
1857 3035 1951 3089 Est
1983 3034 2124 3086 enim

2237 3036 2322 3088 καὶ
2350 3036 2449 3104 τὴν
2480 3035 2718 3088 διάθεσιν
2753 3035 2848 3102 ἀφ’
2868 3028 2930 3103 ἧς
2960 3031 3161 3099 ὤμοσε,
3196 3026 3408 3087 καὶτὰς
3433 3024 3572 3077 κατὰ
3602 3022 3816 3073 λεπτὸν

568 3147 991 3191 consentaneum
1020 3150 1081 3188 ex
1108 3132 1427 3188 sacramenti
1452 3130 1729 3202 qualitate,
1760 3137 1812 3184 et
1838 3143 1901 3182 ex
1928 3126 2122 3184 verbis.

2230 3127 2285 3178 ἐν
2316 3129 2427 3189 τοῖς
2464 3127 2671 3195 ῥήμασι
2708 3124 3042 3193 προσθήκας.
3079 3121 3144 3172 Ὃ
3186 3117 3331 3179 είκός
3384 3115 3493 3182 γάρ
3542 3115 3690 3166 ἐστιν
3738 3114 3809 3163 ἐκ

569 3238 623 3281 et
652 3243 715 3280 ex
752 3226 1031 3279 affectione
1080 3226 1167 3292 (an
1227 3224 1433 3278 scilicet
1489 3221 1682 3292 pusillo
1715 3229 1770 3275 et
1812 3234 1916 3273 nou
1973 3220 2126 3271 firmo

2230 3219 2325 3287 τῆς
2354 3218 2447 3270 τοῦ
2474 3219 2635 3287 ὅρκου
2674 3217 2973 3284 ποιότητος,
3011 3214 3103 3264 καὶ
3147 3213 3211 3263 ἐκ
3256 3208 3365 3260 τῶν
3415 3205 3675 3276 ῥημάτων
3702 3205 3809 3257 καὶ

568 3320 747 3372 animo
775 3318 1014 3386 juravit),
1053 3317 1454 3371 considerantes
1502 3312 1977 3383 comprehendere,
2019 3324 2123 3363 non

2231 3312 2326 3378 τῆς
2408 3309 2699 3369 διαθέσεως
2754 3307 2849 3375 (εί
2901 3304 3065 3373 τυχὸν
3121 3304 3184 3355 ἐκ
3248 3296 3650 3386 μικροψυχίας.
3702 3293 3810 3386 καὶ

569 3384 842 3477 prohiberi
876 3417 1123 3473 Oportcre
1144 3419 1284 3467 eum,
1313 3404 1401 3473 qui
1423 3404 1644 3472 juravit,
1700 3417 1728 3456 a
1774 3401 2126 3471 jurejurando

2227 3400 2326 3451 οὐκ
2357 3398 2414 3462 ἐξ
2442 3396 2771 3467 ἀμεταθέτου
2808 3394 3030 3463 γνώμης
3061 3388 3293 3459 ῶμοσε),
3318 3384 3646 3440 καταλαὸεῖν
3666 3384 3806 3443 τοὺς

568 3493 852 3545 desistere.
882 3490 973 3545 Sin
1017 3492 1135 3545 istis
1164 3491 1541 3552 consideratis,
1598 3504 1700 3544 non
1756 3499 1838 3544 est
1888 3488 2127 3543 invenire

2231 3491 2585 3552 σκοποῦντας,
2610 3490 2681 3556 μὴ
2716 3485 3018 3539 κωλύεσθαι
3050 3485 3139 3535 τὸν
3172 3483 3445 3551 ὀμόσαντα
3483 3477 3798 3542 ἀποστῆναι

569 3585 832 3639 rationem
866 3583 1098 3653 aliquam
1135 3598 1303 3651 quare
1352 3598 1379 3635 a
1427 3581 1775 3649 jurejurando
1821 3580 2124 3636 desisteret.

2228 3581 2320 3632 toﬁ
2343 3582 2527 3647 ὅρκου.
2580 3581 2641 3633 El
2704 3578 2759 3630 δὲ
2804 3580 3008 3629 τούτων
3054 3571 3443 3637 σκοπουμένων
3494 3568 3593 3619 οὐκ
3647 3566 3805 3616 ἔστιν

566 3682 779 3738 Oportet
839 3672 971 3725 tales
1020 3672 1314 3733 dimittere,
1396 3685 1463 3724 ne
1520 3667 1778 3737 pejerent.
1844 3666 2125 3736 Negatium

2230 3672 2408 3740 εὑρεῖν
2437 3671 2788 3741 παραμυθίαν
2820 3667 2942 3721 τινὰ
2972 3666 3048 3726 εἰς
3073 3665 3132 3717 τὸ
3163 3662 3460 3727 ἀποστῆναι
3491 3656 3583 3708 τοῦ
3604 3657 3802 3723 ὅρκου,

567 3772 746 3815 autem
786 3751 995 3821 Severi.
1032 3777 1123 3816 seu
1179 3776 1337 3815 causa
1365 3767 1814 3830 etargumentum
1844 3768 1960 3812 erat
1987 3756 2131 3823 ejus-

2230 3764 2334 3831 χρὴ
2360 3764 2485 3825 τοὺς
2510 3762 2783 3823 τοιούτους
2806 3761 2920 3829 ἐᾲν,
2975 3758 3061 3809 ἵνα
3105 3755 3177 3824 μὴ
3232 3748 3553 3821 ἐπιορκῶσι.
3609 3746 3684 3797 Τὸ
3741 3745 3806 3795 δὲ

567 3854 711 3907 modi
748 3872 760 3906 :
798 3853 1067 3922 Longinus
1095 3854 1311 3922 quidam
1364 3850 1594 3905 habebat
1645 3864 1830 3921 agrum
1876 3847 2124 3902 Mindaua

2229 3852 2372 3905 κατὰ
2404 3852 2493 3903 τὸν
2525 3850 2764 3920 Σεῦἦρον
2824 3849 3077 3917 πρᾶγμα,
3136 3845 3255 3913 ἦτοι
3315 3841 3349 3909 ἡ
3393 3836 3595 3906 πρᾶξις
3628 3831 3727 3885 καὶ
3769 3833 3808 3898 ἦ

568 3948 766 4001 dietum
800 3946 891 4016 qui
923 3948 1137 4015 quidem
1169 3956 1283 4000 erat
1324 3945 1562 3999 Mesthia:
1606 3943 1935 4011 episcotiatui
1994 3943 2127 3996 sub-

2231 3944 2506 4006 ὑπόθεσις,
2544 3942 2786 3995 τοιοῦτον
2838 3936 2923 4009 ἦν.
2981 3935 3240 4003 Λογγῖνός
3291 3948 3378 3993 τις
3422 3923 3567 3997 εἶχεν
3621 3922 3801 3991 ἀγρὸν

560 4040 787 4106 jectus:
848 4039 1081 4092 Severus
1130 4048 1332 4101 autem,
1395 4051 1516 4090 cum
1573 4045 1717 4090 esset
1786 4033 2123 4088 Masadarum

2231 4034 2472 4087 Μίνδανα
2557 4032 2890 4099 καλούμενον
2948 4033 3013 4099 τῇ
3067 4026 3337 4094 ἐπισκοπῇ
3379 4025 3477 4088 τῆς
3529 4016 3810 4106 Μιισθεῖξις

565 4104 869 4198 episcopus,
903 4130 1190 4198 quemdam
1222 4126 1289 4197 (ἶ)
1304 4117 1516 4181 τίθουιιί
1552 4126 1820 4180 ordinavit
1851 4126 2126 4193 presbyte—

2232 4124 2622 4192 ὑποκείμενον·
2655 4122 2894 4190 Σεόἦρος
2924 4120 2979 4172 δὲ
3034 4115 3306 4171 Μασάδων
3369 4112 3667 4198 ἐπίσκοπος
3722 4104 3806 4198 ὢν

565 4238 682 4276 rum
711 4192 1086 4290 tetttpli,-quotl
1146 4192 1281 4275 erat-
1318 4222 1370 4275 in
1426 4235 1573 4290 agro,
1603 4216 1955 4288 jurejurando
1980 4192 2128 4283 prius

2231 4213 2605 4282 ἐχειροτόνησε
2652 4209 2925 4280 Κυριακόν
2956 4224 3075 4260 τινα
3128 4207 3207 4267 εἰς
3264 4202 3355 4253 τὸν
3404 4203 3461 4251 ἐν
3508 4197 3602 4290 τῷ-
3641 4192 3807 4290 ἀγείᾦ

567 4317 837 4381 adactum,
867 4315 1007 4383 quod
1042 4317 1090 4367 in
1148 4314 1344 4382 templo
1403 4319 1763 4381 permaneret,
1812 4309 1897 4363 vel
1951 4309 2128 4377 potius

2232 4304 2357 4354 ναὸν
2389 4302 2778 4371 πρεσϐύτερον,
2820 4298 3094 4366 ὀμόσαντα
3144 4290 3485 4362 παραμένειν
3536 4284 3615 4351 τῷ
3650 4280 3798 4349 ναῷ,

566 4402 892 4476 episcOpatui
919 4417 1060 4459 esset
1082 4405 1351 4473 subjectus
1380 4420 1393 4455 :
1430 4406 1525 4456 sed
1557 4403 1841 4469 episc0pus
1870 4376 2123 4468 regionis,

2231 4396 2263 4465 ἢ
2306 4394 2508 4462 μᾶλλον
2554 4395 2617 4462 τῇ
2652 4393 2925 4459 ἐπισκοπῇ
2960 4387 3262 4441 ὑποτελεῖν.
3305 4379 3445 4433 Ἀλλ’
3553 4376 3653 4442 τῆς
3681 4377 3800 4476 ἐνο-

566 4465 651 4548 tflll
681 4465 797 4549 erat
849 4510 974 4563 ager
1026 4465 1325 4561 subjectus.
1364 4465 1679 4559 prohibebat
1728 4465 2013 4559 Cyriacum
2059 4488 2126 4542 ab

2237 4485 2355 4553 ρίας
2382 4474 2765 4550 ἐπίσκοπος,ᾖ
2802 4480 3060 4532 ὑπέκειτο
3112 4476 3139 4526 ὀ
3190 4471 3379 4541 ἀγρὸς,
3420 4465 3671 4563 ἐκώλυσε.
3705 4465 3802 4563 τίον

568 4589 672 4640 alio
704 4587 1013 4639 ordinatum
1064 4600 1213 4639 sacra
1246 4584 1522 4638 celebrare
1570 4582 1620 4633 in
1653 4581 1881 4635 ecclesia
1915 4595 2033 4647 qua:
2060 4579 2125 4631 ad

2234 4576 2509 4643 κυριακὸν
2539 4574 2843 4643 ἱερουργεῖν
2880 4571 2936 4622 ἐν
2967 4566 3232 4637 ἐκκλησία
3257 4558 3586 4628 διαφερούσῃ
3613 4555 3791 4647 αὐτῷ,

570 4680 740 4737 ipsum
771 4675 1092 4744 pertinebat,
1139 4683 1189 4727 et
1223 4674 1343 4728 ideo
1376 4672 1635 4741 Cyriacus
1668 4684 1731 4723 ea
1790 4646 1971 4722 relicta
2022 4670 2127 4721 alio

2232 4666 2358 4733 παρ’
2428 4666 2616 4733 ἐτέρου
2672 4661 3134 4733 χειροτονηθέντα.
3187 4657 3277 4707 At?)
3321 4652 3415 4704 καὶ
3476 4646 3798 4701 καταλιπὼν

570 4769 862 4821 translatus
922 4777 1026 4819 est.
1085 4765 1251 4817 Porro
1306 4762 1581 4830 Longinus
1610 4776 1824 4830 quoque
1883 4760 1933 4814 id
1988 4774 2127 4827 aegre

2231 4756 2400 4825 αὐτὴν
2431 4758 2458 4808 ὀ
2488 4756 2785 4824 Κυριακὸς,
2814 4750 3074 4822 μετετέθη
3125 4745 3379 4816 ἀλλαχοῦ.
3412 4743 3521 4795 Καὶ
3550 4740 3576 4790 ὀ
3600 4739 3802 4803 Λογγῖ-

573 4861 748 4913 ferens
783 4859 1018 4910 minatus
1052 4865 1129 4908 est
1186 4869 1242 4908 se
1272 4854 1554 4907 ecclesiam
1584 4852 1849 4906 desertam
1905 4850 2126 4905 relictu-

2234 4864 2320 4909 νος
2354 4847 2439 4899 διὰ
2500 4846 2659 4898 τοῦτο
2708 4843 3049 4913 λυπούμενος
3104 4838 3316 4910 ἠπείλει
3362 4831 3650 4900 ἐρημῶσαι
3698 4830 3800 4892 τὴν

569 4969 687 5006 rum
743 4951 815 5003 De
847 4964 906 5002 ea
942 4964 1067 5016 ergo
1100 4962 1153 4999 re
1199 4947 1557 5012 interrogatus
1608 4958 1831 5021 magnus
1877 4941 2125 5003 Basilius,

2231 4938 2548 5004 ἐκκλησίαν.
2588 4936 2911 5007 Ἐρωτηθεὶς
2933 4932 3061 5001 γοῦν
3085 4934 3112 4984 ὀ
3154 4929 3326 5021 μέγα-ς
3359 4921 3638 5021 “(mnf-0":
3660 4915 3798 5021 ῗερξ

568 5044 866 5113 respondit,
899 5056 1084 5109 agrum
1125 5039 1208 5092 cui
1249 5038 1583 5090 renuntiatus
1621 5044 1701 5087 est
1737 5032 2016 5102 (Syriacus,
2077 5030 2127 5083 id

2231 5029 2443 5089 τούτου,
2478 5006 2829 5094 ἀπεκρίνατο,
2881 5024 2969 5077 τὸν
3030 5022 3218 5091 ἀγρὸν,
3279 5010 3321 5081 ᾧ
3374 5006 3729 5113 ἐπεκηρύχθη
3770 5008 3798 5057 ’5

568 5146 676 5198 est,
706 5136 858 5201 cujus
889 5134 1170 5203 presbyter
1200 5130 1510 5183 nominatus
1548 5134 1650 5187 est,
1708 5134 1953 5191 nportere
2008 5136 2128 5175 esse

2231 5118 2528 5187 Κυριακὺς,
2591 5119 2761 5185 ἤγουν
2805 5117 2884 5176 είς
2940 5114 2997 5167 ὃν
3057 5106 3349 5178 ὠνομάσθη
3398 5100 3794 5203 πρεσϐύτερος,

572 5226 913 5280 Masadarum
950 5221 1277 5290 episcOpatui
1309 5218 1631 5283 subjectum,
1660 5211 1760 5269 etsi
1793 5222 1932 5267 esset
1989 5213 2128 5265 alius

2236 5208 2558 5276 ὑποτεθῆναι
2590 5210 2653 5275 τῇ
2702 5207 2971 5274 ἐπισκοπῇ
3010 5202 3118 5254 τῶν
3151 5196 3443 5257 Μασάδων,
3476 5192 3526 5243 ει
3555 5191 3649 5241 καὶ
3677 5186 3788 5239 ἐτέ-

572 5318 828 5385 rcgiouis,
864 5324 917 5368 et
940 5314 1225 5381 Cyriacum
1254 5312 1359 5365 illic
1390 5309 1606 5363 reverti.
1639 5308 1728 5360 Sic
1747 5303 2126 5372 enim,inquit,

2233 5315 2333 5365 ρας
2362 5294 2429 5365 ἦν
2459 5274 2689 5364 ἐνορίας,
2727 5296 2816 5345 καὶ
2845 5293 2933 5345 τὸν
2960 5288 3231 5359 κυριακὸν
3266 5281 3420 5342 αὖθις
3450 5274 3789 5385 ἐπαναστρῗ-

574 5366 827 5385 --η---ηη
873 5366 887 5368 -
988 5366 1005 5381 .
1898 5366 1903 5367 ,
2010 5366 2022 5372 _
2114 5366 2119 5367 ,

573 5424 671 5461 nec
701 5409 787 5459 ille
842 5406 1001 5458 faciet
1039 5412 1231 5469 prreter
1255 5411 1674 5461 sacramentum,
1705 5414 1802 5452 nec
1855 5397 2129 5465 Longinus

2231 5390 2330 5457 ψαι
2367 5392 2499 5442 ἐκεῖ.
2533 5388 2688 5440 Οὕτω
2728 5387 2859 5455 γὰρ,
2899 5385 3083 5451 φησιν,
3116 5378 3237 5431 οὒτε
3278 5376 3481 5433 ἐκεῖνος
3516 5366 3673 5469 παρά
3692 5366 3790 5417 τὸν

571 5498 853 5549 σιιέι-Ιθεὶειιη
885 5496 1121 5555 deseret,
1172 5493 1271 5545 hoc
1317 5504 1394 5545 est
1435 5494 1698 5545 desertam
1753 5490 2014 5553 relinquet
2051 5484 2127 5535 vel

2232 5481 2391 5549 ὅρκον
2418 5482 2651 5547 ποιήσει,
2686 5476 2807 5528 οὕτε
2854 5477 2881 5528 ὀ
2911 5475 3169 5540 Λογγῖνος
3200 5468 3297 5535 τὴν
3330 5462 3641 5555 ἐκκλησίανΔ
3658 5460 3796 5555 ἐρη-

572 5592 731 5643 etiam
762 5589 1021 5650 destruet,
1077 5599 1172 5637 nec
1221 5599 1369 5636 suam
1421 5582 1652 5634 animam
1692 5589 1907 5647 propter
1960 5578 2127 5628 otium

2238 5575 2427 5641 μώσει,
2463 5572 2581 5623 ἀντὶ
2610 5568 2701 5621 toﬁ
2738 5569 2943 5635 ἔρημον
2985 5559 3321 5625 καταλείψει,
3353 5556 3386 5625 ἢ
3413 5555 3505 5605 καὶ
3545 5549 3792 5608 καθελεῖ,

573 5680 967 5739 condemnabit,
1028 5694 1121 5731 seu
1175 5677 1219 5728 ei
1273 5675 1537 5743 Stthjiciet,
1583 5672 1749 5740 utqui
1799 5671 2046 5738 precibus
2076 5680 2128 5722 et

2232 5665 2351 5717 οὐδὲ
2384 5665 2479 5731 τὴν
2504 5660 2693 5714 ἑαυτοῦ
2738 5661 2916 5728 ψυχὴν
2970 5658 3090 5716 ταῖς
3141 5651 3359 5721 ἀργίαις
3406 5641 3790 5699 καταδικάσει,

575 5775 768 5826 diiiais
803 5771 1014 5839 lzy'nnis
1048 5784 1149 5823 non
1188 5776 1358 5831 vacet,
1396 5764 1485 5818 sed
1537 5764 1600 5817 ab
1647 5763 1724 5817 cis
1773 5770 1967 5815 Ct‘S‘sCl.
2027 5760 2129 5814 Nos

2235 5757 2398 5824 ἤγουν
2434 5751 2709 5810 ὑποϐαλεῖ,
2748 5750 2821 5813 τῷ
2859 5749 2931 5816 μὴ
2966 5744 3240 5815 σχολάζειν
3292 5740 3473 5808 εὐχαῖς
3529 5736 3621 5789 καὶ
3678 5732 3794 5792 τοῖς
