3998 6326
303 339 417 401 629

1306 343 1386 403 ΙΝ
1417 341 1652 404 EPlS'l‘.
1681 344 1740 403 Β.
1785 338 2067 402 B-\SlLll
2105 342 2542 404 CANONICAM
2582 342 2631 404 Ι.

3439 342 3544 400 630

304 449 477 511 θείοις
509 449 719 519 ὕμνοις,
763 452 898 506 ἀλλὰ
931 452 1141 522 ἀργεῖν.
1187 456 1280 508 Ἐκ
1314 459 1519 508 τούτων
1569 456 1662 509 καὶ
1685 458 1867 526 ἡμεῖς,

1986 471 2221 525 quoque,
2253 457 2449 526 inquit,
2499 471 2614 525 quae
2655 456 2718 509 ad
2741 454 3021 524 Cyriacum
3081 451 3371 523 pertinent,
3434 452 3542 503 dis-

299 543 496 608 φησὶν,
529 543 930 612 οἰκονομοῦντες
981 549 1048 598 τὰ
1081 547 1222 602 κατὰ
1279 549 1370 601 τὸν
1430 549 1731 617 κυριακὸν,
1785 549 1876 601 καὶ

299 634 633 703 ἐπιστρέψαι
664 635 824 688 αὑτὸν
859 639 937 698 εἰς
973 637 1070 707 τὴν
1123 641 1444 709 ἐκκλησίαν,
1544 640 1757 710 ὤμοσεν
1785 643 1877 708 ἐγ·

305 727 621 793 καρτερεῖν,
655 728 1068 796 ἐπιτρέποντες,
1095 733 1154 781 οὐ
1187 733 1414 800 δόξομεν
1472 733 1620 801 παρά
1646 735 1877 796 κανόνας

307 819 512 875 ποιεῖν.
535 818 655 871 οὐδὲ
693 821 901 882 ἐκεῖνος
941 824 1303 890 παραϐαίνειν
1326 823 1416 877 τδν
1441 826 1604 896 ὅρκον
1637 827 1874 896 κριθείη.

324 906 783 977 Ἐπανερχόμενος
811 912 920 981 γὰρ
977 914 1124 967 δοκεῖ
1189 916 1486 984 φυλάσσειν
1544 919 1634 970 τὸν
1691 919 1876 988 ὅρκον,

303 998 393 1049 ὅτι
425 998 542 1050 οὐδὲ
572 1002 891 1068 πρόσκειται
922 1004 998 1072 τῷ
1030 1005 1202 1075 ὅρκῳ,
1237 1006 1356 1058 ούδέ
1394 1008 1528 1076 πρὸς
1562 1008 1734 1077 βραχὺ
1753 1010 1879 1062 ἀνα-

308 1090 585 1158 χωρήσειν
613 1093 706 1142 τοῦ
748 1093 918 1160 ἀγροῦ
952 1095 1058 1145 τῶν
1085 1096 1386 1153 Μινδάνων.
1425 1098 1566 1164 Ὀρα
1617 1097 1709 1151 οὖν
1763 1098 1877 1162 πῶς

309 1181 374 1230 ἐκ
407 1181 502 1246 τῆς
527 1181 632 1233 τῶν
670 1184 1250 1251 ρημάτωνέξετάσεως
1291 1188 1384 1240 καὶ
1408 1190 1876 1259 κατασκοπήσεως

309 1271 611 1340 ἐθήρευσεν
716 1276 868 1341 ἅγιος
916 1279 1058 1342 νοῦν,
1107 1281 1249 1333 ὥστε
1285 1283 1357 1351 μὴ
1389 1281 1566 1334 δοκεῖν
1598 1283 1879 1350 ἐπιορκεῖν

307 1361 405 1410 τον
437 1360 728 1427 ὀμόσαντα.
765 1364 950 1419 Ταῦτα
983 1369 1080 1436 μὲν
1101 1364 1194 1422 οὖν
1248 1369 1378 1438 περὶ
1427 1370 1522 1423 τοῦ
1575 1372 1877 1442 Κυριακοῦ.

322 1451 385 1502 'U
416 1450 469 1501 δὲ
493 1451 748 1521 Σεϐῆρος,
777 1456 1121 1525 αἰτιώμενος,
1152 1461 1232 1513 ὅτι
1273 1461 1352 1524 είς
1404 1461 1575 1532 ἀγρὸν
1621 1463 1877 1534 ἀλλοτρίᾳ

312 1540 679 1595 ὑποτελοῦντα
707 1545 890 1617 ἐνορίᾳ
919 1549 1343 1620 ἐχειροτόνησεν,
1368 1552 1522 1619 ἔλεγε
1549 1554 1690 1606 κατά
1707 1553 1879 1622 λήθην

309 1628 475 1681 τοῦτο
500 1633 746 1698 τοιῆσαι,
779 1638 1051 1705 ἀγνοήσας
1083 1640 1254 1708 ἐτέρῳ
1286 1643 1378 1694 τὸν
1412 1643 1586 1711 ἀγρὸν
1651 1644 1875 1696 ὑποκεῖ-

317 1718 468 1772 σθαι.
515 1720 666 1773 Ἐπεὶ
696 1719 807 1788 οὖν,
841 1729 997 1795 φησὶ,
1035 1732 1134 1798 τὴν
1172 1730 1340 1799 λήθην
1369 1733 1750 1801 προϐάλλεται,
1801 1736 1881 1788 δεῖ

313 1812 482 1865 αὐτὸν
515 1816 938 1886 συγχωρηθῆναι
965 1823 1057 1872 καὶ
1089 1823 1166 1883 είς
1197 1820 1293 1890 τὴν
1343 1825 1523 1890 κρίσιν
1574 1825 1877 1894 ἀναρτῆσαι

316 1901 483 1954 αὑτὸν
516 1903 609 1956 τοῦ
641 1905 800 1959 Θεοῦ.
833 1908 957 1960 Ὀτι
992 1911 1100 1980 γὰρ
1117 1915 1216 1963 οὐκ
1239 1913 1403 1981 ἐσμὲν
1427 1915 1878 1983 καρδιογνῶσται,

314 1992 535 2057 ἀλλ’ὡς
565 1995 854 2066 ἀκούομεν,
896 2000 1179 2070 κρίνομεν,
1230 2003 1409 2072 δῶμεν
1457 2005 1554 2074 τὴν
1601 2006 1882 2075 ἐκδίκησιν

310 2083 395 2152 τῷ
435 2084 568 2152 Θεῷ,
609 2093 1164 2159 συγγιιωμονήσαντες
1221 2093 1307 2146 διὰ
1356 2095 1454 2164 τὴν
1503 2095 1697 2165 λήθην,
1757 2097 1882 2167 ἥτις

313 2173 438 2225 ἐστὶ
469 2175 634 2238 πάθος
668 2177 1024 2247 ἀνθρώπινον.
1071 2182 1179 2235 Καὶ
1208 2182 1275 2236 τά
1317 2184 1414 2251 μὲν
1443 2184 1538 2238 τοῦ
1570 2189 1794 2251 κανόνος
1818 2189 1880 2241 ἐν

310 2264 547 2328 τούτοις.
589 2267 659 2320 Σὺ
688 2268 742 2321 δὲ
767 2271 1039 2337 ἀνάγνωθι
1067 2274 1129 2324 τὺ
1179 2272 1248 2342 ιη’
1275 2291 1399 2344 κεφ.
1450 2274 1544 2328 τοῦ
1577 2276 1645 2345 ιγ’
1701 2279 1879 2332 τίτλου

312 2355 416 2408 τοῦ
435 2358 699 2422 παρόντος
734 2363 1138 2430 συντάγματος,
1185 2365 1374 2419 καὶτὰ
1438 2367 1519 2430 είς
1563 2370 1664 2433 τὴν
1709 2370 1883 2440 ἐρμη-

312 2445 468 2500 νειαν
495 2448 657 2500 αὐτοῦ
676 2450 960 2519 γραφέντα
991 2453 1154 2523 χάριν
1181 2455 1654 2527 ἀναψηλαφήσεως
1681 2459 1878 2528 ὅρκων.

317 2539 454 2610 Ἔχε
485 2541 540 2594 δέ
576 2544 666 2597 ἐπὶ
690 2547 912 2615 μνήμης
945 2548 1038 2599 καὶ
1064 2546 1126 2600 τὺ
1155 2549 1308 2617 παρὰ
1356 2547 1448 2601 τοῦ
1479 2549 1637 2617 ἁγίου
1666 2551 1881 2620 ὁρισθὲν

310 2632 477 2701 χάριν
501 2633 593 2687 τοῦ
617 2637 1064 2706 παρεμπεσόντος
1091 2638 1300 2705 φάκτου
1331 2640 1427 2694 ἐπὶ
1453 2644 1519 2711 τῇ
1569 2643 1880 2714 χειροτονίᾳ

311 2722 415 2776 τοῦ
430 2723 744 2794 ,Κυριακοῦ,
775 2727 870 2780 καὶ
911 2730 977 2798 τῇ
1005 2731 1270 2800 γενομένῃ
1308 2731 1458 2801 παρά
1489 2733 1676 2785 τούτου
1721 2734 1881 2802 δῆθεν

313 2815 595 2884 ἐπιορκία.
631 2817 740 2870 Καὶ
769 2820 1074 2888 σημείωσαι
1107 2821 1187 2872 ὅτι
1239 2822 1331 2877 διὰ
1357 2823 1546 2876 τούτου
1614 2826 1880 2893 συγγινώο

313 2918 560 2970 σκονται,
595 2908 667 2970 ὡς
697 2907 891 2975 ἔοικεν,
926 2910 976 2962 oi
1007 2914 1145 2964 κατά
1179 2929 1330 2976 τινας
1365 2915 1764 2984 πατριαρχικάς
1789 2917 1878 2969 ἐκ·

317 2995 551 3064 κλησίας
587 2999 994 3068 ἱερουργοῦντες
1043 3001 1301 3072 ἐγχώριοι
1349 3004 1646 3073 ἀρχιερεῖς.
1677 3003 1740 3058 El
1770 3008 1878 3077 γὰρ

315 3085 418 3185 μὴ⁸
433 3086 492 3139 τὸ
511 3092 616 3185 τῆς
643 3090 864 3156 ἀγνοίας
907 3092 1198 3162 πρόϐλημα
1233 3093 1497 3165 ἐϐοήθησε
1529 3095 1601 3166 τῷ
1633 3097 1876 3168 Σεϐήρῳ,
1907 3129 1949 3185 C

311 3173 593 3250 καθῃρέθη
626 3180 713 3246 ἂν,
735 3180 824 3235 διά
855 3183 914 3234 τὸ
949 3182 1079 3252 παρ’
1104 3184 1318 3253 ἐνορίαν
1357 3186 1580 3255 ποιῆσαι
1635 3205 1873 3258 χειροτο-

309 3265 460 3320 νίαν.
488 3267 622 3335 Περὶ
667 3270 724 3322 δέ
763 3273 954 3342 ἱερέων
971 3273 1182 3342 ψευδῶς
1221 3278 1685 3346 μαρτυρησάντων
1712 3278 1879 3344 ἀνάγ-

309 3355 450 3407 νωθι
479 3355 576 3425 τὴν
609 3365 694 3422 oc,"
725 3361 941 3428 Νεαρὰν
968 3361 1062 3414 τοῦ
1114 3362 1379 3431 βασιλέως
1429 3365 1597 3437 κυροῦ
1654 3367 1878 3432 Λέοντος

305 3445 412 3499 τοῦ
438 3448 753 3519 Φιλοσόφου,
785 3453 1259 3523 διαλαμϐάνουσαν
1305 3458 1404 3522 ῶς,
1445 3460 1495 3509 εί
1530 3458 1629 3526 μὲν
1657 3459 1879 3528 ἔνορκον

306 3539 788 3613 ψευδομαρτυρίαν
863 3549 1079 3616 ποιήσει
1147 3551 1176 3601 ὁ
1238 3550 1436 3621 ἱερεὺς,
1511 3549 1873 3620 καθαιρεῖται.

305 3631 520 3702 Ὀρκου
563 3634 618 3686 δέ
687 3636 762 3704 μὴ
829 3638 1370 3706 παραζευγνυμένου,
1432 3640 1750 3706 ἀφορίζεται
1782 3641 1874 3693 ἐπὶ

302 3724 500 3792 τριετῆ
539 3727 728 3792 χρόνον
764 3729 844 3790 είς
893 3732 1274 3801 μοναστήριον,
1300 3732 1394 3784 καὶ⁵
1436 3731 1607 3795 οὕτως
1637 3734 1717 3795 είς
1774 3733 1872 3802 τῆν

305 3811 454 3864 ίὸίαν
483 3815 633 3877 τάξιν
658 3817 1112 3874 ἀποκαθίσταται.

385 3902 805 3969 ΖΩΝΑΡ.Τινὲς
832 3909 909 3970 είς
952 3910 1013 3962 τὸ
1059 3914 1498 3984 χειροτονηθῆναι
1549 3917 1873 3988 καλούμενοι

303 3989 619 4059 ἑξώμνυντο
650 3994 724 4065 μὴ
778 3997 1170 4064 καταδέξασθαι
1225 4002 1323 4072 τὴν
1353 4007 1705 4072 χειροτονίαν.
1736 4007 1873 4068 Τοὺς

303 4078 408 4133 οῦν
433 4084 704 4147 τοιούτους
759 4086 906 4152 λέγει
945 4088 971 4140 6
990 4090 1174 4177 κανὼν
1209 4091 1283 4161 μὴ
1315 4093 1426 4146 δεῖν
1468 4095 1872 4162 ἀναγκάζεσθαι

305 4174 608 4241 ἐπιορκεῖν.
636 4177 754 4230 Κᾶν
779 4179 930 4250 δοκῇ,
967 4174 1148 4251 φησὶν,
1182 4184 1382 4248 ἐξεῖναι
1407 4189 1518 4249 τοῖς
1542 4189 1634 4256 ἀφ’
1664 4190 1870 4244 ἑαυτῶν

304 4263 590 4333 ὀμόσασιν,
646 4269 678 4337 ἢ
730 4268 930 4339 δεσμόν
950 4288 1068 4325 τινα
1131 4275 1341 4338 ἑαυτοῖς
1371 4278 1735 4345 ἐπιϐαλοῦσιν,
1763 4275 1872 4333 οἷον

311 4357 394 4423 μὴ
422 4360 613 4424 φαγεῖν
641 4360 829 4430 κρέας,
857 4362 889 4431 ἢ
918 4363 994 4433 μὴ
1022 4366 1164 4416 πιεῖν
1194 4362 1358 4430 οἶνον,
1390 4367 1422 4436 ἢ
1455 4368 1526 4437 μὴ
1545 4370 1662 4422 τόδε
1693 4371 1724 4439 ἢ
1753 4371 1872 4423 τόδε

1981 558 2290 615 pensantes,
2317 559 2369 601 et
2401 548 2773 618 permittentes
2825 556 2879 600 ut
2917 548 3097 598 redeat
3136 546 3199 596 ad
3229 542 3540 602 ecclesiam,

1979 641 2032 692 in
2063 654 2165 708 qua
2194 653 2252 693 se
2283 652 2632 706 perseverare
2685 638 2908 705 juravit,
2959 651 3060 689 non
3098 634 3402 687 videbimur
3456 631 3538 685 fa-

1979 745 2102 784 cere
2121 740 2312 796 printer
2333 745 2586 793 canones,
2611 745 2708 784 nec
2739 728 3209 796 illejusjurandum
3237 723 3536 794 transgredi

1980 821 2246 876 videbitur
2284 839 2296 875 :
2338 833 2614 877 revertens
2661 821 2804 874 enim
2833 821 3044 874 videtur
3095 834 3313 873 servare
3361 818 3540 886 jusju-

1981 909 2236 977 randum,
2282 913 2405 979 quia
2448 911 2797 980 jurijurando
2843 910 3114 979 adjectum
3170 925 3274 961 non
3323 919 3422 967 est,
3483 926 3541 960 se

1982 1016 2086 1055 non
2123 1003 2186 1055 ad
2239 1003 2400 1056 breve
2441 1014 2648 1071 tempus
2704 1017 3053 1057 excessurum
3107 1019 3174 1056 ex
3224 1017 3353 1071 agro
3403 1001 3540 1054 illin-

1982 1093 2262 1146 danoruin.
2297 1093 2402 1162 67
2430 1090 2561 1145 Vide
2612 1107 2737 1161 ergo
2791 1093 3060 1161 quomodo
3119 1108 3184 1143 ex
3258 1092 3540 1144 verborum

1981 1183 2373 1237 examinatione
2418 1184 2925 1238 etconsideratione
2954 1193 3172 1236 sanctus
3210 1183 3540 1236 sententiam

1982 1283 2222 1336 venatur,
2265 1276 2505 1341 utisqui
2536 1275 2762 1342 juravit,
2813 1290 2918 1329 non
2975 1276 3216 1329 videatur
3276 1275 3539 1343 pejerare.

1983 1365 2104 1420 llaec
2127 1381 2254 1435 ergo
2296 1367 2360 1419 de
2423 1365 2668 1436 Cytiacu.
2721 1367 2951 1421 Severus
3011 1379 3190 1422 autem
3239 1378 3542 1425 accusatus,

1983 1455 2124 1524 quod
2165 1459 2215 1509 in
2256 1472 2464 1526 agrum,
2496 1458 2584 1526 qui
2616 1467 2732 1511 erat
2755 1457 2845 1510 alii
2895 1459 3098 1528 regioni
3135 1457 3430 1524 subjectus,
3457 1471 3546 1510 or-

1983 1548 2238 1613 dinasset,
2273 1549 2485 1602 dicebat
2515 1565 2572 1602 se
2606 1551 2706 1602 hoc
2731 1548 3006 1603 oblivione
3051 1550 3260 1609 fecisse,
3297 1549 3546 1603 nescien-

1984 1653 2087 1693 tem
2120 1655 2303 1708 agrmn
2360 1641 2446 1692 alii
2508 1656 2626 1694 esse
2682 1641 3008 1708 subjectum.
3068 1640 3331 1706 Quoniam
3390 1653 3545 1709 ergo,

1986 1731 2176 1800 inquit,
2236 1733 2300 1783 ad
2354 1732 2433 1784 sui
2490 1731 2855 1786 defensionem
2911 1732 3268 1803 ignorantiam
3327 1731 3543 1798 allegat,

1982 1830 2193 1889 oportet
2230 1823 2278 1872 ei
2308 1822 2531 1888 ignosci,
2567 1837 2798 1890 eumque
2831 1822 2923 1875 Dei
2957 1822 3160 1891 judicio
3197 1823 3537 1889 relinquere:

1984 1926 2102 1964 cuni
2137 1911 2276 1964 enim
2312 1911 2553 1964 cordium
2604 1913 2914 1980 cognitores
2950 1927 3054 1965 non
3103 1927 3310 1974 smnus,
3361 1912 3456 1964 sed
3489 1921 3547 1960 ut

1958 2003 2252 2078 _audimus,
2278 2003 2601 2071 judicamus,
2631 2005 2817 2058 demus
2847 2003 2954 2058 Deo
2986 2005 3302 2066 vindictam,
3347 2001 3548 2056 condo-

1986 2104 2174 2147 nantes
2203 2103 2421 2161 propter
2462 2095 2810 2158 oblivionem,
2861 2109 2979 2162 qua:
3010 2103 3092 2148 est
3145 2095 3434 2146 humanum
3467 2093 3547 2144 vi-

1987 2185 2139 2240 tium.
2176 2186 2242 2240 Et
2282 2200 2456 2240 canon
2491 2187 2706 2254 quidem
2744 2187 2794 2239 in
2830 2186 2916 2240 liis
2946 2185 3214 2240 consistit.
3251 2183 3330 2238 Tu
3369 2193 3544 2235 autem

1983 2276 2100 2346 lege
2151 2290 2270 2344 cap.
2305 2276 2370 2330 18
2399 2317 2412 2337 ,
2441 2291 2562 2343 cap.
2595 2276 2663 2330 15
2720 2278 2799 2329 tit.
2838 2277 2902 2330 15
2931 2276 3209 2344 praesentis
3251 2277 3466 2342 operis,
3493 2287 3550 2327 et

1985 2383 2100 2436 qua:
2133 2367 2184 2422 in
2215 2367 2330 2436 ejus
2382 2369 2823 2436 interpretatione
2848 2369 3044 2437 scripta
3083 2379 3204 2422 sunt
3237 2370 3301 2420 de
3348 2374 3546 2419 tracta-

1985 2458 2128 2512 tione
2155 2458 2610 2526 juramentorum.
2646 2457 2727 2510 Tu
2763 2466 2944 2512 autem
2983 2458 3121 2511 habe
3175 2457 3227 2508 in
3283 2455 3544 2508 memoria

1981 2549 2034 2602 id
2064 2562 2295 2617 quoque,
2331 2547 2534 2616 quoda
2588 2558 2778 2601 sancto
2836 2547 3096 2617 scriptum
3149 2557 3230 2600 est
3283 2546 3352 2600 de
3403 2545 3546 2597 facto

1983 2641 2124 2706 quod
2157 2638 2345 2693 incidit
2375 2640 2429 2693 in
2462 2640 2803 2694 ordinatione
2834 2639 3070 2711 Cyriaci,
3105 2649 3158 2693 et
3217 2640 3282 2692 de
3309 2635 3548 2708 perjurin

1981 2729 2122 2797 quod
2151 2729 2220 2783 ab
2239 2743 2304 2784 eo
2322 2729 2670 2785 commissum
2687 2741 2768 2785 est
2804 2750 2816 2785 :
2847 2740 2900 2785 et
2927 2740 3052 2784 nota
3074 2731 3216 2799 quod
3237 2738 3542 2798 propterea,

1984 2827 2042 2872 ut
2069 2829 2152 2874 est
2201 2821 2509 2886 verisimile,
2565 2822 2862 2890 ignoscitur
2892 2822 3126 2889 regionis
3186 2821 3545 2882 antistitibus.

1981 2911 2072 2979 qui
2109 2911 2161 2964 in
2223 2913 2545 2978 quibusdam
2598 2913 3044 2981 patriarclialibus
3101 2913 3345 2968 ecclesiis
3391 2927 3543 2966 sacra

1983 3000 2276 3054 celebrant.
2305 3000 2414 3054 Nisi
2462 3004 2605 3056 enim
2653 3004 2966 3072 ignorantiae
2997 3012 3287 3071 pra‘textns
3341 3001 3546 3056 Severo

1983 3092 2242 3146 auxilium
2275 3092 2508 3158 tulisset,
2547 3094 2826 3165 depositus
2860 3106 3024 3160 esset,
3053 3097 3194 3162 quod
3222 3096 3359 3149 ultra
3390 3111 3542 3148 suam

1987 3183 2266 3237 ditecesim
2323 3185 2718 3240 ordinationem
2772 3186 3012 3241 fecisset.
3063 3185 3139 3241 De
3177 3187 3548 3240 sacerdotibus

1985 3279 2166 3325 autem
2188 3272 2334 3326 falso
2384 3275 2700 3337 testiilcatis,
2769 3275 2884 3341 iege
2955 3275 3295 3342 imperatoris
3344 3275 3545 3327 domini

1984 3357 2177 3414 Leonis
2211 3359 2482 3430 Sapientis
2534 3363 2794 3416 novellam
2827 3362 2913 3426 76,
2947 3379 3067 3432 quae
3118 3365 3381 3424 continet,
3403 3363 3545 3430 quod

1985 3453 2029 3506 si
2085 3453 2344 3507 sacerdos
2401 3453 2595 3509 falsum
2645 3455 3014 3509 testimonium
3063 3454 3273 3521 juratus
3328 3454 3543 3514 dixerit,

1985 3545 2284 3613 deponitur.
2321 3544 2472 3612 Quod
2500 3547 2542 3599 si
2571 3547 2950 3616 jusjurandum
2985 3562 3091 3601 non
3123 3547 3442 3611 accesserit,
3491 3548 3544 3600 in

1987 3638 2372 3689 monasterium
2407 3637 2471 3689 ad
2520 3639 2807 3692 triennium
2859 3648 3163 3709 separetur,
3222 3649 3276 3693 et
3309 3639 3388 3693 sie
3439 3640 3546 3710 pri-

1985 3729 2124 3783 stino
2152 3729 2324 3783 ordini
2357 3727 2690 3784 restitdatur.

2052 3909 2300 3966 ZONAR.
2334 3911 2560 3978 Quidam
2587 3912 2757 3966 vocati
2783 3922 2838 3965 ut
2861 3913 3264 3977 ordinarentur,
3293 3913 3547 3979 jurarnnt

1985 4017 2044 4057 se
2080 4003 2472 4056 ordinationem
2529 4020 2635 4059 non
2693 4005 3040 4059 admissuros.
3095 4005 3366 4073 Ejusmodi
3417 4019 3545 4071 ergo

1984 4092 2250 4154 homines,
2283 4092 2358 4145 ait
2385 4107 2578 4156 canon,
2614 4109 2715 4148 non
2745 4109 2867 4149 esse
2899 4096 2963 4148 ad
2997 4095 3290 4164 perjnrimn
3327 4096 3548 4163 adigen.

1981 4183 2095 4237 dos.
2142 4183 2367 4238 Etiamsi
2415 4186 2680 4252 videatur,
2732 4187 2924 4254 inquit,
2962 4186 3123 4252 licere
3176 4187 3261 4249 iis,
3307 4188 3396 4253 qui
3443 4200 3542 4238 sua

1980 4285 2172 4341 sponte
2213 4275 2486 4343 iurarunt,
2534 4287 2626 4331 aut
2656 4279 2870 4346 aliquod
2907 4279 3173 4332 vinculum
3206 4279 3305 4332 sibi
3347 4277 3546 4345 injece-

1980 4373 2140 4430 runt;
2182 4368 2324 4419 velut
2359 4368 2624 4421 abstinere
2665 4384 2692 4420 a
2731 4371 3013 4434 carnibus,
3057 4378 3147 4422 aut
3191 4385 3217 4420 a
3269 4370 3410 4432 vino,
3453 4377 3544 4419 aut

308 4449 556 4511 ποιῆσαι,
591 4447 740 4500 λύειν
812 4450 976 4503 πάλιν
1032 4452 1130 4519 ἀφ’
1176 4454 1387 4506 ἑαυτῶν
1417 4456 1507 4507 τὸν
1530 4458 1744 4526 δεσμὸν,
1780 4461 1872 4512 καὶ

1981 4456 2082 4509 hoc
2108 4455 2193 4510 vel
2231 4456 2357 4510 illud
2388 4459 2670 4524 omittere;
2702 4459 2974 4512 vinculum
3005 4459 3132 4514 illud
3169 4475 3379 4513 rursum
3409 4475 3538 4526 prn-

304 4531 410 4584 τοῦ
441 4536 602 4602 ὅρκου
650 4539 1024 4604 ἀφίστασθαι⁸
1081 4539 1210 4593 ἀλλ’
1264 4544 1328 4594 ἐκ
1375 4545 1571 4613 πείρας
1598 4546 1872 4616 ἐμάθομεν

304 4623 395 4672 ὅτι
421 4624 959 4693 οίπαρορκήσαντες,
1023 4628 1190 4697 ήγουν
1219 4629 1267 4681 οί
1317 4631 1464 4700 παρά
1510 4632 1638 4694 τοὺς
1677 4634 1871 4701 ὅρκους

304 4716 659 4781 ποιήσαντες,
711 4717 812 4768 οὐκ
847 4718 1212 4784 εὐδοκοῦνται,
1253 4720 1372 4772 ἀντὶ
1399 4719 1516 4786 τοῦ,
1561 4723 1620 4774 οὐ
1657 4722 1870 4791 θελητοὶ

301 4803 389 4871 τῷ
408 4803 521 4873 Θεῷ
547 4807 700 4866 εἰσιν,
727 4805 758 4875 ἢ
789 4808 888 4860 οὐκ
911 4809 1188 4877 εὐδόκιμοι
1227 4811 1396 4881 αὐτῷ,
1433 4814 1492 4863 οὐ
1523 4813 1566 4864 δ’
1587 4814 1870 4884 εὐάρεστοι

304 4895 606 4964 κρίνονται.
637 4900 728 4948 Δεῖ
762 4897 840 4962 δέ,
868 4886 1057 4968 φησὶν,
1082 4901 1175 4954 ἐπὶ
1226 4903 1335 4953 ὠν
1380 4903 1632 4957 τοιούτων
1669 4905 1762 4957 καὶ
1811 4906 1870 4957 τὸ

304 4985 449 5051 εἶδος
481 4989 575 5041 τοῦ
609 4989 771 5058 ὅρκου
806 4995 1028 5044 σκοπεῖν
1049 5010 1062 5023 ·
1093 4994 1293 5058 εῖτουν,
1343 4998 1388 5049 ei
1417 4997 1548 5048 Θεὸν
1589 4999 1870 5068 ὠνόμασεν

303 5078 549 5145 ὀμνύων,
597 5079 630 5148 ἦ
658 5080 784 5133 ἀλλο
816 5099 890 5145 τι,
927 5086 1017 5134 καὶ
1069 5084 1138 5136 τὰ
1180 5086 1397 5154 ῥήματα
1427 5086 1520 5138 τοῦ
1547 5087 1867 5154 ὀμόσαντος,

305 5170 407 5221 καὶ
453 5170 550 5238 τὴν
587 5169 828 5224 διάθεσιν
881 5174 976 5241 ἀφ’
1038 5169 1101 5243 ἧς
1156 5174 1360 5240 ὤμοσε,
1415 5178 1509 5228 καὶ
1563 5177 1660 5238 τὰς
1732 5179 1870 5229 κατά

301 5262 501 5312 λεπτὸν
533 5265 592 5313 ἐν
618 5265 727 5325 τοῖς
775 5264 981 5331 ῥήμασι
1026 5269 1358 5336 προσθήκας.
1400 5270 1554 5329 Εἰκὸς
1582 5271 1686 5338 γάρ
1721 5273 1868 5322 ἐστιν

303 5354 377 5402 ἐκ
411 5353 506 5418 τῆς
536 5353 630 5404 τοῦ
689 5353 853 5420 ὅρκου
917 5357 1222 5424 ποιότητος,
1258 5365 1349 5410 καὶ
1384 5361 1446 5410 ἐκ
1471 5365 1577 5410 τῶν
1609 5360 1867 5431 ῥημάτων

303 5441 407 5493 καὶ
427 5441 490 5492 ἐκ
521 5443 617 5508 τῆς
678 5444 967 5507 διαθέσεως
999 5463 1011 5476 ·
1061 5449 1298 5517 εἱτυχὺν
1357 5453 1419 5501 ἐκ
1487 5452 1865 5519 μικροψυχίας,

302 5528 409 5581 καὶ
431 5529 528 5580 οὐκ
556 5531 612 5595 ἐξ
634 5533 869 5601 ἀμέτρου
891 5533 1111 5602 γνώμης
1159 5535 1359 5603 ὤμοσε,
1389 5540 1714 5592 καταλαϐδῖν
1744 5541 1869 5603 τοὺς

305 5617 665 5680 σκοποῦντας,
704 5620 777 5687 μὴ
809 5621 1112 5675 κωλύεσθαι
1144 5624 1236 5674 τὸν
1265 5625 1536 5690 ὀμόσαντα
1570 5628 1868 5694 ἀποστῆναι

303 5706 406 5761 τοῦ
435 5709 614 5776 ὅρκον.
651 5711 711 5763 Ei
740 5711 816 5777 δὲ,
854 5712 1054 5766 τούτων
1123 5717 1527 5785 σκοπουμένων,
1574 5718 1671 5770 οὐκ
1722 5718 1868 5771 ἐστιν

1979 4547 2094 4615 pria
2141 4549 2465 4602 auctoritate
2513 4549 2828 4614 dissolvere,
2865 4560 2918 4603 et
2963 4565 2991 4603 a
3024 4549 3375 4620 jurejurando
3411 4553 3542 4603 deti-

1978 4650 2140 4691 cere:
2185 4648 2552 4692 verumtamen
2589 4641 2918 4708 experientia
2965 4642 3273 4702 didicimus,
3323 4656 3416 4694 eos
3451 4642 3538 4708 qui

1979 4729 2340 4797 pet-jurarunt,
2373 4732 2470 4784 iioc
2501 4741 2605 4794 est,
2631 4732 2720 4798 qui
2745 4741 2929 4786 contra
2960 4733 3012 4784 id
3035 4735 3172 4800 quod
3197 4733 3537 4800 juraverunt,

1977 4821 2252 4888 quippiam
2298 4819 2562 4882 fecerunt,
2609 4837 2714 4875 non
2757 4825 2988 4890 placere,
3018 4826 3118 4876 lioc
3155 4835 3269 4886 est,
3323 4824 3541 4876 minime

1976 4918 2226 4970 acceptos
2255 4922 2374 4961 esse
2405 4907 2534 4969 Deo,
2580 4907 2660 4959 vel
2713 4909 3122 4977 haudquaquam
3160 4909 3372 4979 probos,
3405 4911 3539 4961 ami-

1976 5011 2175 5065 cosque
2212 4999 2278 5050 ab
2333 4997 2446 5062 ipso
2492 4998 2749 5064 jmlicari.
2792 4997 3013 5066 Oportet
3060 5015 3208 5064 vero,
3248 5001 3436 5068 inquit,
3487 5001 3537 5051 in

1977 5085 2125 5138 hisce
2160 5085 2460 5138 hominibus
2507 5099 2674 5155 genus
2704 5101 2914 5155 quoque
2955 5087 3312 5153 jurisjurandi
3361 5090 3537 5142 consi-

1977 5179 2185 5241 derare,
2216 5178 2454 5231 Deumne
2484 5179 3067 5247 appellaveritjnrans,
3101 5197 3166 5233 an
3205 5181 3351 5240 aliud
3385 5183 3538 5250 quid-

1979 5269 2139 5334 piam.
2181 5279 2288 5320 tum
2323 5268 2556 5335 jurantis
2589 5271 2770 5332 verba,
2819 5272 3091 5340 animique
3135 5271 3381 5326 affectum
3431 5289 3537 5342 quo

1976 5360 2195 5426 juravit,
2244 5375 2306 5413 ac
2350 5362 2586 5414 minutas
2627 5378 2867 5430 quasque
2911 5363 3213 5419 additiones
3247 5366 3298 5419 in
3333 5367 3533 5421 verbis.

1980 5449 2258 5503 Probabile
2282 5452 2423 5503 enim
2451 5461 2551 5513 est,
2579 5466 2641 5504 ex
2667 5453 3023 5521 jurisjurandi
3055 5455 3242 5520 forma,
3269 5471 3331 5508 ex
3362 5457 3538 5512 verbis

1979 5541 2198 5608 pariter,
2240 5551 2292 5594 et
2317 5557 2382 5594 ex
2418 5544 2580 5595 animi
2618 5543 2920 5608 aﬂ'ectione,
2969 5548 3014 5599 si
3054 5546 3192 5600 forte
3226 5563 3288 5600 ex
3322 5547 3539 5615 pusilla-

1981 5633 2244 5693 nimitate.
2274 5649 2378 5687 non
2411 5645 2594 5688 autern
2623 5651 2685 5689 ex
2716 5640 2982 5692 constanti
3021 5640 3294 5707 proposito
3315 5637 3533 5707 juravit,

1977 5723 2300 5792 deprehendi
2339 5739 2495 5792 posse
2526 5727 2591 5779 ab
2621 5726 2707 5791 iis,
2748 5728 2835 5796 qui
2873 5730 3128 5785 attentius
3158 5730 3531 5800 cogitaverim,
