3998 6326
562 287 661 347 631
1828 310 2111 375 TlIEOD.
2144 316 2545 380 BALSAMON
3718 323 3852 383 533

564 414 667 449 non
721 399 964 469 impediri
1011 405 1304 475 jurantem,
1337 427 1445 480 quo
1475 415 1651 469 minus
1696 431 1725 470 a
1770 420 2119 485 jurejurando

2255 426 2401 493 ύρεῖν
2436 427 2787 498 παραμυθίαν
2815 432 2937 481 τινὰ
2968 432 3044 491 εἰς
3068 433 3126 483 τὸ
3147 431 3455 498 ἀποστῆναι
3478 432 3565 483 τοῦ
3588 434 3832 497 ὅρκου,

561 490 800 545 deﬁciat.
835 494 1237 569 Verumtamen,
1284 504 1329 556 si
1374 506 1521 560 hisce
1551 510 1960 573 animadversis,
2008 513 2123 565 nul-

2265 517 2331 587 ρὴ
2364 521 2489 581 τοὺς
2553 520 2824 581 τοιούτους
2884 523 2999 591 ἑᾷν,
3025 523 3111 575 ἴνα
3145 524 3218 591 μὴ
3251 523 3562 590 ἐπιορκῶσι.
3612 523 3709 573 Τὸ
3784 522 3844 572 δὲ

563 583 669 635 tam
708 584 834 639 licet
876 588 1119 645 invenire
1151 598 1578 659 excusationem,
1615 614 1709 667 per
1735 602 2122 670 quamjureju-

2264 583 2364 660 ατὰ
2422 608 2512 660 τὸν
2566 610 2799 679 Σευῆρον
2850 583 3102 679 πράγμα,
3145 583 3328 682 ’ἦτοιή
3364 583 3560 682 πρᾶξις
3643 615 3767 664 καὶ
3807 615 3840 675 ἡ

568 678 739 731 rando
786 680 1083 774 solvuntur,
1138 684 1402 751 ejusmodi
1451 701 1662 755 oportet
1707 692 1999 759 dimittere,
2057 713 2122 751 ne
2227 702 2498 765 ὑπόθεσις,
2550 678 2787 757 τοιοῦτόν
2817 722 2869 757 τι
2895 700 2979 774 ἦν.
3010 678 3279 771 ῨΛογγῖνός
3312 678 3420 766 τις-
3450 702 3591 772 εἶχεν
3636 704 3841 770 ἀγρδν

562 782 681 823 sese
709 770 946 840 perjurio
996 777 1354 847 adstringant.
1404 780 1554 847 Quod
1598 794 1773 839 autem
1816 789 1879 840 de
1923 789 2123 843 Severo

2249 792 2556 861 ιαλούμενον
2610 796 2851 847 Μίνδανα
2881 770 3013 865 (τῇ
3062 770 3333 865 ἐπισκοπῇ
3368 797 3465 863 τῆς
3504 770 3828 855 γΜισθείας

566 872 819 916 narratur
868 868 1159 931 negotium,
1209 872 1322 925 sive
1368 874 1529 939 actio,
1588 875 1673 930 vel
1725 889 2119 946 argumentum,

2264 882 2604 951 ποκείμενον.
2664 886 2899 955 Σευῆρος
2947 886 3004 938 δὲ
3052 887 3322 940 Μασάδων
3368 887 3688 946 ὲπίσκοπος
3755 886 3842 935 ὢν

563 952 826 1048 ejusmodi
852 964 956 1007 est.
981 952 1254 1025 Longinus
1285 961 1500 1027 quidam
1533 964 1761 1019 habebat
1788 981 1997 1037 agrum,
2031 968 2119 1022 cui

2261 976 2595 1043 χειροτόνησε
2653 952 2933 1045 Κυριακόν
2982 995 3100 1030 τινα
3147 980 3228 1039 είς
3280 978 3370 1029 τδν
3403 978 3459 1028 ὲν
3498 976 3573 1043 τῷ
3643 976 3840 1039 ἀγρῷ

562 1038 813 1093 Mindana
866 1059 1056 1098 nomen
1100 1056 1238 1112 erat,
1290 1050 1518 1107 Misthia:
1553 1050 1882 1124 episcopatui
1938 1058 2119 1125 subje—

2257 1038 2355 1117 αδν
2406 1038 2790 1136 πρεσϐύτερον,
2859 1069 3133 1137 ὀμόσαντα
3190 1069 3524 1137 παραμένειν
3549 1038 3638 1132 .τῷ

563 1140 732 1183 ctum.
760 1133 990 1188 Severus
1015 1147 1214 1200 autem,
1245 1156 1364 1193 cum
1395 1141 1728 1199 Masadarum
1750 1156 1893 1200 esset
1916 1149 2121 1215 episco-

2296 1133 2494 1225 μᾶλλον
2525 1161 2589 1226 τῇ
2608 1133 2877 1229 ἐπισκοπῇ
2894 1133 3069 1212 *αὑτοῦ
3124 1133 3423 1212 ὑποτελεῖν.
3469 1159 3606 1209 Ἀλλ’
3650 1161 3685 1209 ὀ
3720 1160 3838 1222 τῆς

561 1236 683 1289 pus,
714 1222 997 1293 Cyriacnm
1021 1232 1305 1297 quemdam
1336 1234 1543 1302 templi,
1569 1238 1707 1302 quod
1734 1239 1785 1291 in
1819 1254 1947 1309 agro
1976 1242 2121 1307 posi-

2256 1222 2437 1312 νορίας
2480 1222 2775 1311 ἐπίσκοπος
2799 1222 3121 1321 ᾖνὺπέκειτο
3146 1250 3174 1300 6
3201 1248 3391 1316 ἀγρὸς,
3439 1248 3657 1299 ἐκώλυε
3730 1247 3835 1297 τὸν

562 1326 674 1368 tum
703 1326 839 1381 erat,
865 1322 1231 1391 presbyterum
1254 1326 1552 1391 constituit,
1579 1329 1669 1396 qui
1699 1330 1859 1383 etiam
1886 1332 2116 1399 juravit,

2249 1336 2502 1401 (υριακὸν
2534 1340 2837 1408 ἱερουργεῖν
2866 1341 2925 1392 ιν
2956 1339 3223 1409 ἐκκλησίᾳ
3259 1338 3588 1406 διαφερούσῃ
3616 1338 3828 1402 αὐτῷ,

562 1423 623 1461 se
657 1410 707 1460 in
739 1412 931 1477 templo
963 1427 1389 1482 permansurum,
1422 1418 1503 1471 vel
1532 1419 1709 1486 potius
1741 1421 1883 1475 illius
1919 1425 2125 1491 episco-

2253 1425 2356 1492 παρ’
2393 1426 2579 1493 ἐτέρου
2624 1426 3083 1496 χειροτονηθέντα.
3113 1429 3203 1479 Διὸ
3231 1427 3325 1478 καὶ
3356 1425 3683 1477 καταλιπὼν
3715 1427 3832 1477 αὑ-

562 1502 709 1564 patui
741 1500 857 1554 fore
893 1503 1185 1571 subjectum
1218 1523 1232 1559 :
1263 1522 1445 1561 verum
1472 1510 1613 1566 illius
1650 1513 1885 1581 regionis
1913 1516 2124 1583 episco-

2246 1516 2325 1586 τὴν
2356 1519 2384 1569 6
2420 1518 2713 1587 Κυριακδς,
2758 1518 3023 1585 μετετέθη
3050 1515 3286 1586 ἀλλαχοῦ
3311 1536 3320 1546 ·
3349 1515 3441 1567 καὶ
3476 1518 3500 1567 6
3526 1517 3825 1582 Λογγῖνος

565 1609 685 1660 pus,
736 1595 818 1647 t-ui
860 1609 985 1663 ager
1026 1597 1299 1664 subjectus
1347 1609 1484 1662 erat,
1535 1603 1819 1672 Cyriacum
1872 1622 1900 1658 a
1953 1610 2124 1663 sacris

2251 1607 2313 1658 ἱιά
2345 1607 2501 1659 τοῦτο
2529 1608 2865 1671 λυπούμενος
2914 1608 3128 1677 ⁴ιιλιτείλει
3160 1608 3444 1678 ἐρημῶσαι
3470 1608 3565 1676 τὴν
3594 1607 3830 1672 ἐκκλης

564 1684 879 1738 muneribus
901 1686 1162 1742 obeundis
1200 1689 1250 1741 in
1282 1691 1528 1757 ecclesia,
1554 1709 1672 1760 quae
1693 1694 1771 1747 sui
1803 1695 1940 1762 juris
1959 1709 2123 1759 esset,

2248 1695 2372 1747 τίαν.
2421 1697 2747 1765 Ἐρωτηθεὶς
2777 1694 2869 1751 οὖν
2891 1700 2918 1750 6
2945 1699 3117 1767 μέγας
3149 1698 3424 1759 Βασίλειος
3448 1699 3571 1766 περὶ
3600 1697 3827 1749 τούτου

570 1780 807 1839 arcebat,
844 1780 1040 1847 quippe
1076 1780 1163 1849 qui
1201 1784 1267 1835 ab
1316 1782 1419 1837 alio
1465 1785 1637 1839 sacris
1680 1745 1955 1842 ordinibus
1992 1792 2127 1846 foret

2246 1745 2564 1857 ὶπεκρίνάτο
2616 1745 2705 1842 τὸν
2723 1745 2917 1858 νἀγρὸν
2945 1745 3036 1857 rt};
3056 1745 3463 1857 hirexquxoq‘é
3495 1745 3825 1856 ἑυριακδς.

568 1866 877 1935 insignitus.
912 1868 987 1922 Ex
1011 1884 1115 1938 quo
1142 1871 1231 1924 illa
1261 1872 1446 1927 relicta
1481 1873 1736 1944 Cyriacus
1767 1878 1871 1931 alio
1902 1895 2131 1936 conces-

2237 1875 2401 1945 ἤγουν
2448 1879 2527 1939 είς
2565 1877 2624 1930 δν
2673 1878 2963 1947 ὠνομάσθη
3016 1878 3410 1947 πρεσϐύτερος,
3460 1880 3816 1945 ὑπτεθῆναι

570 1961 688 2010 sit:
733 1969 840 2013 tum
888 1959 1160 2029 Longinus
1204 1978 1419 2032 quoque
1447 1978 1509 2019 ea
1556 1966 1624 2020 de
1670 1981 1828 2022 causa
1870 1986 2128 2040 mcerens,

2248 1971 2296 2038 τῇ
2325 1970 2591 2039 ἐπισκοπῇ
2619 1969 2725 2021 τῶν
2742 1970 3031 2032 Μασάδων,
3057 1972 3105 2022 εἰ
3135 1971 3228 2023 καὶ
3244 1970 3438 2038 ἑτέρας
3462 1964 3531 2039 ἦν
3557 1969 3827 2037 ὲνορίιις,

568 2052 835 2104 desertam
879 2065 937 2104 se
968 2052 1247 2107 ecclesiam
1291 2055 1625 2111 redditurum
1668 2058 1991 2118 minabatur.
2025 2063 2133 2118 Ro-

2249 2062 2324 2111 ιαὶ
2348 2059 2440 2111 τὸν
2483 2060 2756 2130 κυριακὸν
2789 2057 2940 2120 αὖθις
2970 2062 3375 2129 ὲπαναστρὲψαι
3437 2063 3572 2113 ἐκεῖ.
3641 2061 3828 2113 Οὕτω

572 2149 726 2207 gatus
774 2141 955 2209 itaque
996 2158 1222 2210 magnus
1270 2145 1519 2209 Basilius,
1570 2152 1635 2203 ad
1670 2150 1769 2205 hoc
1808 2155 2078 2221 respondit
2112 2193 2127 2218 ,

2240 2146 2361 2213 γὰρ,
2425 2148 2611 2214 φησὶν,
2642 2146 2764 2199 οθτε
2796 2147 3001 2207 ἐκεῖνος
3056 2148 3207 2213 παρὰ
3242 2149 3331 2200 τὸν
3364 2150 3525 2217 ὅρκον
3548 2151 3819 2218 ποιήσει,

573 2249 760 2300 agrum
796 2235 880 2286 cui
914 2236 1250 2290 renuntiatus
1276 2246 1357 2290 est
1386 2237 1665 2307 Cyriacus,
1710 2244 1809 2297 hoc
1841 2253 1944 2309 est,
1978 2245 2131 2313 cujus

2247 2237 2354 2290 ιῦτε
2380 2240 2408 2290 6
2432 2239 2691 2305 Λογγῖνος
2749 2239 2847 2308 τήν
2879 2238 3172 2307 ἐκκλησίαν
3198 2239 3497 2308 ἐρημώσει,
3530 2242 3650 2292 ἀντὶ
3686 2241 3826 2303 τοῦ,

575 2326 852 2394 presbyter
900 2327 1201 2381 nominatus
1248 2337 1351 2392 est,
1407 2327 1745 2384 Masadarnm
1798 2334 2129 2401 episcopatui

2242 2327 2440 2398 ἔρημον
2474 2328 2787 2397 καταλείψει
2815 2329 2848 2398 ἢ
2879 2331 2972 2381 καὶ
3021 2328 3238 2381 καθελεῖ
3258 2344 3276 2362 ο
3305 2330 3426 2382 οὐδὲ
3454 2332 3555 2398 τὴν
3597 2331 3821 2383 ἑαυτοῦ

574 2416 791 2483 subjici,
829 2417 1040 2471 etiamsi
1087 2418 1309 2472 alterius
1350 2420 1586 2487 regionis
1630 2433 1795 2489 esset,
1847 2439 1909 2478 ac
1944 2440 2132 2480 rursus

2241 2419 2407 2488 ψυχὴν
2429 2422 2546 2482 ταῖς
2592 2420 2813 2490 ἀργίαις
2871 2420 3245 2477 καταδικάσει.
3294 2420 3461 2489 ἧγουν
3514 2420 3820 2482 ὖποὸαλεῖ,

577 2508 701 2561 illnc
736 2508 909 2561 redire
938 2506 1242 2578 Cyriacum.
1282 2511 1356 2563 lta
1400 2527 1651 2581 namque,
1684 2516 1780 2580 ait,
1832 2532 2004 2584 neque
2045 2518 2133 2572 ille

2244 2512 2311 2581 τῷ
2348 2510 2421 2580 μὴ
2464 2511 2742 2581 σχολάζειν
2794 2512 2976 2579 εὐχαῖς
3036 2511 3129 2563 καὶ
3184 2514 3294 2574 τοῖς
3356 2512 3522 2574 θείοις
3586 2512 3823 2580 ὕμνοις,

577 2599 797 2652 violabit
842 2600 1255 2667 jusjurandum,
1306 2616 1481 2670 neque
1529 2604 1801 2674 Longinus
1851 2609 2131 2662 ecclesiam

2246 2602 2370 2656 ἀλλὰ
2396 2603 2584 2670 ἀργεῖν
2617 2604 2681 2654 ὲκ
2709 2602 2941 2656 τούτων.
3016 2604 3123 2653 Καὶ
3156 2603 3332 2669 ἡμεῖς,
3388 2602 3573 2671 φησιν,
3602 2604 3825 2654 οίκονο-

578 2692 861 2754 desolabit,
912 2694 1011 2745 boc
1056 2705 1158 2757 est,
1213 2698 1476 2751 desertam
1517 2697 1797 2763 relinquet,
1848 2710 1939 2751 aut
1970 2700 2131 2752 etiam

2244 2689 2469 2759 μοῦντες
2526 2689 2596 2743 τὰ
2654 2691 2797 2742 κατά
2841 2690 2932 2743 τὸν
2973 2691 3269 2758 κυριακὸν,
3325 2690 3417 2740 καὶ
3466 2688 3823 2757 ὑποστρέψαι

578 2778 811 2832 abolebit
866 2797 877 2832 :
931 2796 1101 2847 neque
1151 2792 1413 2835 suammet
1469 2782 1580 2852 68
1635 2782 1870 2835 animam
1925 2783 2133 2836 inertiis

2237 2781 2396 2835 αὐτὸν
2444 2783 2523 2843 είς
2583 2781 2680 2851 τὴν
2717 2781 3061 2850 Ἐκκλησίαν,
3092 2776 3363 2854 ὤμοσεν
3421 2784 3816 2851 ἐγκαρτερεῖν,

581 2872 871 2933 damnabit,
912 2874 1010 2926 hoc
1040 2886 1140 2937 est,
1180 2875 1447 2942 subjiciet,
1480 2875 1619 2943 quod
1656 2890 1757 2928 non
1790 2876 2126 2941 precationi-

2242 2872 2641 2943 ὲπιτρέποντες,
2675 2872 2735 2925 οὐ
2760 2873 2979 2937 δόξομεν
3002 2873 3152 2940 παρά
3178 2873 3405 2935 κανόνας
3454 2875 3649 2932 ποιεῖν,
3684 2874 3821 2925 οὐδὲ

582 2961 682 3015 bus
716 2977 775 3012 ac
810 2961 1003 3015 divinis
1036 2963 1279 3018 laudibus
1305 2973 1477 3026 vacet,
1517 2964 1607 3017 sed
1640 2964 1705 3016 ab
1742 2964 1805 3016 iis
1834 2962 1989 3031 plane
2016 2978 2135 3017 ces-

2239 2964 2441 3025 lxeivoc
2475 2964 2835 3035 παραϐαίνειν
2864 2965 2955 3016 τὸν
2989 2965 3147 3032 ὅρκον
3170 2964 3407 3031 κριθείη.
3469 2965 3818 3034 Ἐπανερχό-

583 3062 686 3104 set.
747 3052 822 3105 Ae
863 3067 980 3114 nos,
1018 3052 1207 3121 inquit.
1246 3055 1356 3107 haec
1389 3055 1451 3107 de
1483 3052 1712 3122 Cyriaco
1759 3053 2162 3113 decernentes.=

2241 3072 2399 3124 μενος
2457 3055 2590 3124 γάρ,
2641 3055 2786 3107 δοκεῖ
2846 3054 3134 3121 ςυλάσσειν
3182 3054 3272 3106 τὶν
3326 3055 3505 3121 ὅρκον,
3556 3055 3635 3107 ὅτι
3687 3055 3820 3107 οὐδὲ

588 3157 653 3195 ac
684 3142 859 3195 redire
893 3142 1062 3210 ipsum
1102 3145 1165 3196 ad
1196 3146 1504 3208 ecclesiam,
1548 3144 1600 3197 in
1641 3159 1744 3210 qua
1791 3160 1849 3198 se
1886 3160 2134 3213 perman-

2236 3147 2551 3215 πρόσκειται
2574 3144 2649 3213 τῷ
2678 3145 2845 3212 ὅρκῳ,
2876 3145 2994 3195 οῦδὲ
3030 3146 3165 3211 πρὸς
3208 3144 3379 3212 βραχὺ
3418 3146 3814 3211 ἀναχωρήσειν

584 3245 765 3284 surum
796 3232 1018 3299 juravit,
1058 3234 1446 3299 permittentes,
1480 3250 1585 3287 non
1616 3235 1917 3287 videbimur
1945 3237 2134 3287 adver-

2241 3232 2329 3285 τοῦ
2352 3232 2522 3301 ἀγροῦ
2554 3233 2659 3284 τῶν
2688 3233 2986 3284 Μινδάνων.
3013 3232 3153 3299 Ὅρα
3183 3231 3275 3282 οῦν
3312 3232 3430 3293 πῶς
3486 3234 3550 3283 ὲκ
3584 3233 3679 3299 τῆς
3702 3234 3820 3282 τῶν

586 3337 677 3376 sus
709 3338 938 3377 canones
974 3338 1151 3392 agere,
1192 3339 1364 3392 neque
1409 3326 1497 3378 ille
1530 3325 1730 3378 violare
1762 3324 2133 3393 jusjurandum

2242 3322 2501 3390 ῥημάτων
2548 3318 2846 3383 ἐξετάσεως
2879 3321 2971 3371 καὶ
2999 3320 3465 3387 κατασκοπήσεως
3500 3322 3814 3386 ὲθήρευσευ

584 3413 929 3481 jndicabilur.
969 3416 1101 3469 illud
1145 3432 1373 3484 namque
1408 3418 1699 3471 observare
1746 3416 2017 3470 videbitur
2052 3431 2138 3469 re-

2238 3416 2265 3466 6
2292 3415 2441 3480 άγιος
2457 3413 2599 3477 νοῦν,
2628 3412 2767 3465 ὥστε
2799 3412 2873 3480 μὴ
2889 3412 3064 3463 δοκεῖν
3087 3413 3363 3479 ἐπιορκεῖν
3387 3412 3476 3461 τὸν
3501 3410 3813 3475 ὀμόσαντα.

592 3516 831 3570 vertens,
861 3508 1113 3573 quoniam
1166 3522 1337 3573 neque
1375 3508 1676 3574 iuramento
1709 3506 1979 3572 adjectum
2034 3513 2137 3568 est,

2244 3504 2429 3557 Ταῦτα
2460 3502 2559 3572 μὲν
2594 3502 2688 3555 οῦν
2730 3503 2858 3569 περὶ
2908 3499 2999 3552 τοῦ
3046 3498 3324 3567 Κυριακοῦ
3349 3514 3364 3529 ⁶
3395 3502 3422 3551 ὁ
3455 3499 3510 3549 δὲ
3554 3500 3820 3565 Σευῆρος,

590 3613 656 3649 ne
702 3596 847 3649 brevi
892 3597 1108 3664 quidem
1163 3598 1421 3663 temporis
1472 3598 1645 3665 spatio
1688 3612 1716 3647 a
1769 3596 2137 3649 Mindanornm

2244 3595 2565 3662 αἰτιώμενος
2622 3596 2702 3644 ὅτι
2758 3593 2837 3653 είς
2904 3591 3072 3659 ἀγρὸν
3120 3590 3377 3657 ἀλλοτρίᾳ
3436 3590 3820 3641 ὑποτελοίντα

592 3700 723 3753 agro
779 3699 1135 3739 secessurnm.
1192 3687 1321 3739 Vide
1376 3686 1531 3753 igitur
1587 3687 1854 3752 quomodo
1906 3702 1970 3740 ex
2027 3687 2140 3753 ipsa

2244 3684 2426 3753 ὲνορίᾳ
2450 3684 2873 3751 ἐχειροτόνησεν,
2894 3680 3042 3747 ἔλεγε
3059 3682 3195 3733 κατὰ
3212 3680 3379 3749 λήθην
3395 3679 3547 3731 τοῦτο
3567 3684 3817 3746 ποιῆσαι,

591 3777 874 3829 verborum
902 3775 1231 3842 inspectione
1252 3784 1304 3826 et
1331 3776 1794 3829 animadversione
1815 3776 2137 3829 sententiam

2244 3777 2513 3841 ἀγνοήσας
2556 3774 2726 3841 ἑτέρῳ
2769 3774 2861 3825 τὸν
2905 3774 3074 3841 ἀγρὸν
3101 3771 3441 3824 ὑποκεῖσθαι.
3513 3771 3665 3820 Ἐπεὶ
3697 3766 3813 3829 οῦν,

592 3874 809 3918 sanctus
844 3864 926 3915 vir
962 3864 1253 3931 indagavit,
1289 3879 1350 3916 ex
1383 3879 1509 3931 qua,
1554 3864 1645 3931 qui
1688 3880 1745 3917 se
1783 3862 2137 3930 jurejurando

2246 3864 2405 3931 φησὶ,
2439 3863 2537 3932 τὴν
2566 3863 2736 3930 λήθην
2766 3862 3148 3928 προϐάλλεται,
3180 3863 3261 3913 δεῖ
3278 3861 3425 3928 αὐτῷ
3457 3860 3821 3927 συγχωρηθῆ-

593 3956 978 4016 obstrinxerat,
1011 3968 1037 4005 a
1071 3953 1305 4021 perjurio
1348 3953 1478 4007 liber
1522 3967 1644 4006 esse
1688 3953 1976 4006 videretur.
2018 3952 2139 4007 Haac

2248 3972 2356 4017 ναι,
2390 3956 2480 4006 καὶ
2508 3954 2585 4015 εἰς
2615 3955 2713 4019 τὴν
2744 3952 2922 4022 κρίσιν
2973 3953 3064 4004 τοῦ
3106 3950 3239 4003 Θεοῦ
3283 3953 3585 4016 ἀναρτῆσαι
3627 3949 3818 3999 αὐτόν-

597 4046 759 4113 igitur
793 4046 857 4098 de
903 4045 1143 4112 Cyriaco.
1198 4042 1428 4097 Severus
1473 4059 1632 4112 porro
1662 4054 1965 4107 accusatus,
2001 4045 2141 4111 quod

2252 4043 2331 4094 ὃτι
2364 4042 2469 4110 γὰρ
2492 4043 2591 4093 οὐκ
2617 4040 2781 4107 ἐσμὲν
2816 4039 3261 4107 καρδιογνῶσται,
3296 4036 3413 4088 ἀλλ’
3438 4033 3511 4095 ὡς
3538 4032 3815 4096 ἀκούομεν

599 4150 731 4198 agro
765 4137 851 4203 qui
908 4135 1093 4189 alienae
1142 4136 1429 4203 provinciae
1483 4134 1755 4200 subjectus
1793 4143 1927 4195 erat,
1958 4148 2146 4201 quem-

2254 4134 2510 4202 κρίνομεν
2540 4174 2555 4197 ,
2605 4132 2783 4201 δῶμεν
2827 4133 2922 4199 τὴν
2976 4130 3254 4197 ἐκδίκησιν
3309 4126 3385 4192 τῷ
3428 4126 3545 4189 Θεῷ
3584 4162 3599 4185 ,
3682 4139 3815 4186 συγ·

602 4225 742 4290 piam
774 4223 1124 4293 praefecisset,
1154 4226 1471 4279 causabatur
1504 4239 1561 4277 se
1592 4224 1641 4275 id
1682 4233 1900 4291 propter
1924 4223 2147 4275 oblivio-

2256 4225 2701 4292 γνωμονήσαντες
2772 4221 2858 4272 διὰ
2918 4220 3014 4288 τὴν
3060 4218 3250 4289 λήθην,
3310 4217 3429 4285 ήτις
3489 4215 3608 4267 ἐστὶ
3647 4212 3820 4271 πάθος

603 4330 723 4368 nem
756 4316 964 4377 fecisse,
984 4319 1123 4383 quod
1155 4331 1338 4384 agrum
1368 4315 1421 4366 in
1442 4315 1665 4367 alterius
1694 4316 1895 4367 ditione
1920 4314 2147 4381 positum

1033 4319 1123 4369 rod
1155 4331 1338 4384 agrum
1368 4315 1421 4366 in
1442 4315 1665 4367 alterius
1694 4316 1895 4367 ditione
1920 4314 2147 4381 positum
2254 4312 2612 4381 ἀνθρώπινον.

603 4408 893 4473 ignoraret.
924 4407 1187 4471 Quoniam
1222 4420 1370 4474 ergo,
1411 4406 1609 4473 inquit,
1650 4405 1976 4457 oblivionem
2017 4404 2280 4471 prretexit,
2312 4410 2524 4471 oportet
2598 4404 2698 4472 ipsi
2729 4408 2738 4463 ζ
2768 4404 3043 4468 ignoscere
3107 4402 3389 4467 ipsumque
3445 4399 3511 4449 ad
3572 4395 3817 4449 divinum

599 4495 856 4561 judicium
913 4496 1270 4548 transmittere
1318 4510 1331 4544 :
1376 4488 1800 4561 quandoquidem
1859 4509 1980 4547 eum
2038 4508 2141 4545 non
2178 4492 2344 4545 simus
2380 4494 2617 4545 cordium
2670 4501 3022 4551 scrutatores,
3092 4490 3183 4543 sed
3241 4490 3536 4558 indicemus
3608 4502 3669 4538 ex
3736 4486 3817 4540 eis

606 4603 724 4654 quae
750 4588 1019 4646 audimus,
1046 4585 1411 4655 adjudicemus
1434 4583 1689 4637 ultionem
1736 4583 1866 4649 Deo,
1904 4585 2247 4649 ignoscentes
2275 4592 2491 4651 propter
2517 4582 2858 4644 oblivionem,
2895 4595 3013 4647 qum
3037 4582 3325 4631 humanum
3363 4588 3441 4630 est
3473 4577 3679 4627 vitium.

675 4680 901 4734 ARIST.
956 4681 1068 4733 Non
1114 4695 1272 4748 ceges
1313 4694 1457 4741 eum,
1493 4680 1582 4746 qui
1616 4694 1673 4732 se
1713 4694 1814 4731 non
1854 4680 2155 4731 ordinatum

2335 4679 2555 4732 ΑΡΙΣΤ.
2614 4678 2726 4730 Οὐκ
2762 4674 3088 4741 ἀναγκάσεις
3123 4673 3213 4724 τὸν
3241 4672 3313 4740 μή
3348 4673 3413 4723 ἂν
3440 4670 3820 4739 χειροτονηθηο

610 4775 723 4829 fore
748 4772 1027 4840 juraverit.

2191 4756 2234 4811 Ῐ)
2267 4788 2354 4823 ναι
2377 4770 2670 4836 ὀμόσαντα.

688 4865 837 4922 Ευιιι.
890 4862 979 4928 qui
1013 4862 1214 4915 electus
1245 4874 1327 4916 est
1358 4864 1658 4928 episcopus,
1694 4868 1747 4912 et
1784 4868 1998 4927 promer
2031 4860 2162 4913 inci-

2331 4862 2432 4914 Τὸν
2461 4858 2795 4929 ψηφισθέντα
2852 4857 3165 4916 ἐπίσκοπον,
3199 4852 3292 4904 καὶ
3337 4850 3429 4903 διά
3459 4867 3580 4902 τινα
3606 4866 3824 4917 παρεμ·

614 4958 824 5009 dentem
862 4954 1088 5019 aliquam
1124 4967 1339 5005 causam
1369 4953 1512 5019 jurat
1541 4965 1597 5003 se
1636 4950 2021 5003 ordinationem
2051 4965 2159 5002 non

2262 4950 2529 5005 πεσοῦσαν
2562 4948 2877 5017 δυσχερείαν
2938 4944 3342 5012 ἐπομοσάμενον
3370 4942 3467 5008 τὴν
3494 4939 3820 5007 χειροτονίαν

614 5053 1007 5107 suscepturum,
1056 5041 1294 5095 ordinari
1344 5057 1448 5093 non
1484 5055 1661 5108 coges.
1708 5040 1929 5106 Oportet
1979 5048 2158 5091 autem

2269 5045 2342 5111 μὴ
2367 5038 2776 5103 καταδέξασθαι,
2832 5034 3272 5104 χειροτονηθῆναι
3315 5033 3417 5083 οὐκ
3470 5030 3818 5095 ἀναγκάσεις.

616 5135 958 5189 considerare
984 5144 1036 5187 et
1061 5131 1347 5199 jnramenti
1377 5132 1627 5198 speciem,
1658 5140 1710 5182 et
1739 5129 1919 5191 verba,
1956 5140 2005 5182 et
2038 5129 2167 5181 alre-

2265 5134 2383 5201 Χρὴ
2414 5132 2468 5183 δὲ
2528 5128 2844 5181 σκοπεῖσθαι
2881 5127 2975 5177 καὶ
3040 5127 3099 5177 τὸ
3126 5121 3263 5181 εἶδος
3286 5123 3380 5174 τοῦ
3421 5123 3607 5189 ὅρκου,
3637 5125 3732 5172 καὶ
3762 5123 3821 5172 τὰ

618 5228 850 5280 «tionem
897 5241 924 5277 a
966 5239 1069 5293 qua
1113 5223 1330 5290 juravit,
1362 5231 1413 5276 et
1450 5236 1567 5288 qua:
1609 5220 1868 5274 subtiliter
1902 5220 1954 5272 in
1985 5220 2166 5272 verbis

2267 5226 2507 5293 ῥήματα.
2544 5223 2634 5272 καὶ
2693 5221 2790 5287 τὴν
2820 5218 3055 5270 διάθεσιν
3106 5214 3196 5281 ἀφ’
3233 5208 3297 5283 ἦς
3331 5214 3532 5279 ὤμοσε,
3577 5212 3671 5262 καὶ
3728 5212 3821 5269 τὶς

620 5318 759 5371 facta
808 5325 933 5369 sunt
984 5316 1371 5367 additamenta.
1432 5310 1496 5363 Et
1546 5313 1587 5363 si
1634 5326 1751 5377 qua:
1804 5312 1874 5363 sit
1924 5309 2167 5362 alicunde

2265 5314 2404 5367 κατὰ
2431 5312 2622 5364 λεπτὸν
2670 5312 2726 5360 ἐν
2758 5310 2963 5376 ῥήμασι
3010 5304 3346 5375 προσθήκας.
3386 5303 3492 5352 Καὶ
3553 5301 3647 5351 ὲάν
3741 5301 3814 5361 τίς

618 5407 908 5473 jnramenti
944 5406 1243 5465 excusatio,
1272 5403 1561 5470 perjurium
1605 5416 1865 5469 apparens
1893 5403 1937 5452 ei
1968 5411 2169 5453 conuo-

2268 5416 2431 5457 ποῠεν
2458 5399 2877 5469 παραμυθίατοῦ
2896 5400 3083 5467 ὅρκου,
3114 5394 3413 5463 συγχωρεῖν
3443 5389 3589 5454 αὑτῷ
3621 5388 3719 5457 τὴν
3740 5391 3820 5442 6o-

624 5513 774 5561 nare,
805 5512 1036 5564 eumque
1064 5497 1318 5550 ordinare
1351 5493 1626 5563 permittit.
1661 5490 1715 5545 Si
1754 5502 1928 5543 autem
1966 5490 2164 5543 nullum

2270 5494 2469 5547 κοῦσαν
2520 5491 2821 5559 ἐπιορκίαν,
2872 5489 2966 5541 καὶ
3022 5482 3438 5553 χειροτονεῖσθαι
3490 5476 3776 5543 ἐπιτρέπει
3808 5492 3818 5505 ·

624 5589 694 5641 sit
726 5589 945 5641 omnino
971 5587 1253 5653 refugium,
1288 5588 1379 5637 sed
1414 5581 1718 5637 omnimodo
1753 5579 1998 5648 pejerans
2022 5580 2167 5631 iuve-

2274 5585 2368 5635 ὲὰν
2391 5583 2446 5633 δὲ
2483 5582 2720 5649 μηδεμία
2849 5576 3156 5647 μηδαμόθεν
3191 5572 3498 5638 καταφυγὴ,
3526 5566 3663 5619 ἀλλὰ
3688 5582 3821 5615 παν-

626 5680 822 5738 niatnr.
881 5680 923 5733 si
975 5677 1210 5731 ordinari
1268 5675 1687 5745 permitteretur,
1746 5671 1901 5725 tulcm
1954 5670 2173 5725 omnino

2280 5672 2501 5741 ταχὸθεν
2561 5668 2827 5736 ἐπιορκῶν
2886 5665 3223 5733 εὑρίσκεται.
3282 5664 3329 5713 εἰ
3390 5654 3821 5727 χειροτονηθῆνκι

626 5774 1035 5843 ιιῐιιξίρΐιιιὶιῐρῑθ
1068 5780 1293 5843 oportet.
2284 5761 2627 5830 συγχωρηθῇ,
2657 5758 2737 5809 δεῖ
2798 5755 3068 5815 παντελῶς
3105 5753 3309 5820 παρεᾷν
3345 5748 3434 5801 τον
3459 5745 3720 5799 τοιοῦτον.
