3998 6326
186 367 304 428 633

797 477 1037 530 ΚΑΝΩΝ
1069 475 1170 532 IA'.

207 570 268 621 '0
319 569 376 621 δὲ
405 570 494 620 τὸν
524 569 776 622 ἀκούσιον
824 571 1056 638 ποιήσας
1112 568 1271 636 φόνον
1298 569 1612 635 ἀρκούντως
1640 569 1757 634 ἑξε-

274 661 531 730 πλήρωσε
580 663 680 730 τὴν
728 661 884 729 δίκην
913 663 968 712 ὲν
995 661 1106 722 τοίς
1161 659 1352 713 ἕνδεκα
1398 660 1562 714 ἔτεσι.
1597 661 1762 730 Δῆλον

278 750 387 819 γὰρ
408 752 488 804 ὅτι
519 752 610 804 ἐπὶ
673 751 782 802 τῶν
832 752 1147 821 πληγέντων
1174 751 1238 803 τὰ
1285 753 1527 814 Μωσέως
1579 769 1762 822 παρα-

275 841 611 908 τηρήσομεν.
649 842 760 894 Καὶ
793 842 884 894 τὸν
959 842 1354 894 κατακλιθέντα
1379 842 1480 910 μὲν
1511 844 1601 895 ἐπὶ
1657 842 1763 896 τῶν

283 933 515 998 πληγῶν
552 934 618 994 ἀς
648 934 828 996 ἔλαϐε,
871 934 1162 1000 βαδίσαντα
1189 934 1244 986 δὲ
1273 935 1434 987 πάλιν
1461 936 1549 986 ἐπὶ
1587 935 1764 1005 ῥάϐδῳ

284 1022 474 1083 αὐτοῦ,
531 1025 591 1075 ού
645 1023 970 1093 λογισόμεθα
1025 1025 1432 1090 πεφονεῦσθαιο
1489 1027 1535 1078 εί
1565 1025 1618 1076 δὲ
1667 1027 1764 1078 καὶ⁵

279 1112 382 1162 οὐκ
408 1111 667 1178 ἐξανέστη
715 1113 849 1178 μετά
897 1114 995 1172 τὰς
1059 1114 1290 1181 πληγὰς,
1319 1113 1434 1165 ἀλλ’
1463 1112 1557 1165 οὖν
1579 1115 1657 1184 τῷ
1691 1115 1766 1183 μὴ

292 1204 618 1269 προελέσθαι
657 1206 815 1256 αὐτὸν
845 1206 1072 1268 ἀνελεῖν,
1096 1205 1125 1256 ὸ
1173 1207 1453 1273 τυπτήσας
1507 1206 1767 1278 φονευτὴς

285 1299 406 1367 μὲν,
442 1297 556 1350 ἀλλ’
590 1300 841 1362 ἀκούσιος
871 1301 955 1352 διὰ
990 1299 1084 1369 τὴν
1117 1299 1397 1366 πρόθεσιν.

287 1471 473 1522 ΒΑΔΣ.
505 1470 564 1522 '0
607 1471 682 1532 νζ⁹
730 1470 905 1521 κανὼν
959 1469 1052 1522 τοῦ
1114 1470 1271 1534 ἀγίου
1331 1471 1518 1523 τούτου
1545 1473 1756 1542 Πατρδς

212 1564 314 1614 ἐπὶ
378 1563 509 1613 δέκα
530 1561 753 1630 χωρίζει
797 1561 924 1620 τοὺς
972 1559 1224 1612 ἀκούσιον
1252 1567 1410 1625 φόνον
1436 1563 1769 1627 ποιήσαντας

211 1653 351 1724 ρτῆς
368 1652 473 1704 τῶν
495 1652 652 1729 θείων
673 1651 1030 1719 ἀγιασμάτων
1065 1651 1429 1729 μεταλήψεως.
1453 1654 1514 1705 Ὀ
1547 1653 1603 1705 δὲ
1623 1671 1770 1722 παρ-

207 1721 288 1796 ὧν
351 1721 544 1795 κανών.
575 1760 726 1812 φησι,
785 1742 874 1793 τὸν
923 1743 997 1813 μὴ
1051 1742 1206 1809 μόνον
1267 1721 1356 1794 ἐπὶ
1403 1744 1534 1795 δέκα
1600 1743 1767 1806 ἔτεσι,

210 1834 354 1886 ἀλλὰ
400 1799 646 1892 ἕνδεκα...
826 1799 1160 1902 μετασχόντα
1242 1833 1350 1886 τῶν
1415 1799 1771 1903 ἁγιασμάτων
1803 1799 1846 1854 Β

215 1923 476 1977 ἀκούσιον
543 1923 807 1992 φονευτὴν
857 1925 919 1974 ἐκ
963 1923 1278 1992 περιουσίας
1323 1923 1591 1992 δέχεσθαι.
1643 1921 1773 1976 Εἶτα

217 2013 546 2081 προστίθησι
599 2012 673 2080 μὴ
705 2012 1033 2065 ἀπεντεύθεν
1058 2014 1132 2075 ὡς
1154 2013 1316 2079 φονέα
1357 2013 1774 2082 κατακρίνεσθαι

211 2104 313 2155 τὴν
341 2104 613 2172 πλήξαντα
659 2121 799 2168 τινα,
840 2104 940 2157 κάν
993 2105 1210 2174 καιρίαν
1237 2106 1508 2174 ἐπήνεγκε
1535 2105 1768 2173 πληγὴν,

219 2194 299 2262 μὴ
363 2196 449 2247 hri
519 2195 703 2262 σκοπῷ
760 2195 939 2263 μέντοι
1001 2195 1180 2262 φόνου.
1241 2195 1384 2248 Αλλά
1435 2195 1560 2266 χρὴ,
1620 2197 1770 2262 φησὶ,

214 2285 361 2337 κατά
379 2285 470 2337 τὸν
515 2286 804 2338 Μωσαῖκὺν
839 2287 1021 2353 νόμον,
1073 2286 1358 2353 προσέχειν
1407 2286 1499 2337 ἐπὶ
1527 2285 1606 2354 τῷ
1641 2286 1775 2355 πλη-

213 2373 389 2437 γέντιο
441 2375 533 2425 καὶ
565 2375 612 2425 εί
646 2373 746 2440 μιν
810 2373 946 2440 μετά
995 2371 1054 2423 τὸ
1109 2371 1500 2436 κατακλιθῆναι
1556 2373 1618 2423 ὲκ
1675 2373 1776 2439 τῆς

217 2465 439 2532 πληγῆς
464 2467 598 2532 πρὸς
629 2466 820 2532 ὑγείαν
874 2465 932 2515 ού
965 2463 1287 2532 προέκοψεν,
1323 2463 1456 2516 ἀλλά
1491 2462 1771 2531 ἐτελεύτη-

219 2571 337 2618 σεν,
363 2556 420 2617 ἐξ
447 2555 687 2624 ἀνάγκης
752 2554 1070 2608 ὑποκεῖσθαι
1099 2555 1186 2607 τὸν
1239 2555 1516 2623 πλήξαντα
1677 2553 1772 2606 τοῦ

218 2645 480 2696 ἀκουσίου
535 2645 694 2710 φόνου
743 2645 1082 2713 ἐγκλήματιο
1139 2647 1188 2696 εί
1218 2644 1273 2696 δὲ
1322 2643 1518 2713 ἀνέστη
1561 2645 1623 2695 ὲκ
1678 2643 1774 2710 τῆς

218 2734 454 2799 πληγῆς,
493 2735 585 2784 καὶ
635 2731 1028 2800 περιεπάτησεν
1080 2732 1171 2782 ἐπὶ
1213 2733 1278 2801 τῇ
1329 2731 1512 2800 ῥάϐδῳ
1583 2731 1771 2795 αὐτοῦ,

220 2823 392 2889 ῆγουν
416 2825 488 2891 μὴ
537 2822 755 2882 τελείως
797 2821 1083 2891 ἀπηλλάγη
1130 2823 1228 2889 τῆς
1287 2820 1589 2885 ἀσθενείας,
1655 2817 1774 2872 εἶτα

219 2912 479 2976 ἀπέθανε,
518 2915 589 2981 μὴ
608 2911 912 2978 λογίζεσθαι
946 2913 1037 2963 τδν
1066 2911 1343 2980 πλήξαντα
1391 2912 1575 2979 φονέα.
1613 2912 1774 2965 Ὥστε

223 3002 532 3068 σημείωσαι
567 3006 659 3055 καὶ
700 3003 808 3057 ἀπὸ
853 3002 1066 3065 τούτου,
1105 3003 1286 3064 καθὼς
1319 3005 1544 3071 εἴπομεν
1576 3005 1668 3056 καὶ
1719 3005 1777 3054 εν

1178 368 1254 426 IN
1297 366 1536 427 EPIST.
1564 367 1626 428 S.
1664 366 1944 426 BASILII
1981 368 2414 431 CANONICAM
2451 373 2500 431 Ῐ.

3317 370 3425 434 634

2470 478 2696 535 CANON
2739 480 2830 534 XI.

1863 569 1962 636 Qui
1997 581 2173 626 autem
2211 573 2622 626 involuntariam
2655 576 2851 626 caedem
2893 572 3042 634 fecit,
3080 573 3130 626 in
3173 573 3426 626 undecim

1934 662 2094 714 annis
2120 662 2328 716 abunde
2355 662 2560 730 judicio
2584 663 2866 718 satisfecit.
2897 663 3110 716 Clarum
3141 672 3221 716 est
3251 664 3422 724 enim.

1933 753 2071 820 quod
2105 755 2154 804 in
2192 753 2255 807 iis
2282 755 2374 822 qui
2402 756 2637 822 percussi
2665 763 2808 818 sunt,
2839 768 2960 822 qum
2989 754 3156 807 voluit
3191 753 3428 823 Moyses,

1937 844 2363 906 observabimus.
2400 856 2456 897 ut
2495 861 2614 898 eum
2648 846 2884 912 quidem.
2918 844 3006 910 qui
3049 854 3264 912 propter
3309 845 3429 910 pla-

1937 949 2054 1001 gas.
2099 950 2231 1002 quas
2275 939 2504 1002 accepit,
2543 936 2813 995 decubuit.
2852 949 3036 988 rursus
3067 946 3243 987 autem
3275 937 3428 1004 virga

1938 1039 2033 1078 sua
2066 1025 2281 1078 innixus
2311 1026 2623 1086 ambulavit,
2659 1024 2896 1076 occisum
2931 1037 3047 1076 esse
3080 1037 3184 1074 non
3220 1034 3431 1089 reputa-

1941 1113 2115 1167 himus
2156 1131 2169 1168 :
2202 1115 2282 1166 sin
2315 1123 2490 1166 autem
2545 1122 2664 1180 post
2716 1114 2852 1165 ictus
2882 1127 2983 1165 non
3017 1112 3273 1172 surrexit,
3307 1126 3424 1164 cum

1939 1220 2058 1257 eum
2093 1214 2268 1256 tamen
2306 1204 2466 1258 nollet
2517 1201 2818 1256 interﬁcere
2858 1204 2944 1269 qui
2979 1203 3298 1259 verberavit.
3347 1211 3430 1254 cst.

1939 1296 2149 1364 quidem
2180 1295 2468 1359 homicida,
2505 1293 2596 1346 sed
2634 1292 3026 1345 involuntarius
3055 1302 3270 1359 propter
3300 1305 3430 1358 pro-

1940 1384 2197 1448 positum.

1941 1472 2138 1528 BALS.
2196 1473 2683 1542 Quinquagesimus
2733 1473 2995 1539 septimus
3045 1485 3216 1524 canon
3268 1469 3429 1536 hujus

1872 1566 2039 1619 sancti
2069 1563 2244 1618 Patris
2278 1581 2389 1626 eos.
2425 1563 2514 1632 qui
2554 1563 2964 1617 involuntariam
2993 1565 3190 1617 cmdcm
3233 1562 3437 1624 fecere,

1873 1655 2057 1710 decem
2083 1656 2238 1709 annis
2267 1670 2294 1708 a
2321 1655 2623 1706 divinorum
2650 1665 3110 1708 sacramentorum
3141 1654 3436 1720 participa-

1876 1744 2019 1796 tione
2047 1753 2281 1809 separat.
2316 1745 2557 1798 Praesens
2581 1752 2760 1796 autem
2790 1757 2960 1796 canon
2991 1742 3139 1802 dicit.
3169 1756 3313 1801 eum.
3340 1743 3432 1810 qui

1873 1849 1980 1888 non
2010 1835 2180 1888 solum
2217 1836 2502 1901 decennio,
2530 1837 2622 1890 sed
2652 1835 2811 1887 etiam
2845 1833 3094 1885 undecim
3129 1832 3304 1894 annis,
3339 1846 3431 1884 sa-

1875 1925 2170 1979 cramentis
2213 1940 2317 1978 non
2362 1923 2796 1987 communicavit,
2840 1921 3256 1974 involuntarimn
3291 1922 3435 1974 occi-

1876 2029 2049 2068 sorem
2081 2015 2213 2067 satis
2258 2029 2526 2082 superque
2566 2013 2778 2066 fecisse.
2821 2011 3020 2064 Deinde
3052 2009 3256 2073 adjicit.
3309 2025 3433 2063 eum

1877 2119 1978 2158 non
2030 2104 2149 2158 ideo
2191 2111 2250 2157 ut
2295 2103 2617 2157 homicidam
2655 2101 3026 2162 condemnari.
3074 2101 3164 2168 qui
3201 2100 3436 2167 aliquem

1875 2195 2162 2260 percussit.
2197 2195 2410 2247 etiamsi
2459 2193 2707 2246 lcthalem
2758 2191 2963 2259 plagam
3006 2190 3284 2256 indixerit,
3329 2207 3437 2246 non

1883 2291 2060 2335 tamen
2105 2296 2227 2336 cum
2271 2282 2546 2336 occidendi
2589 2283 2863 2351 proposito
2899 2299 2912 2332 :
2949 2283 3040 2334 sed
3087 2291 3318 2347 oportet,
3362 2282 3440 2336 in-

1874 2371 2009 2440 quit,
2027 2375 2318 2426 secundum
2341 2374 2505 2442 legem
2533 2373 2841 2435 Mosaicam.
2865 2372 3002 2437 ejus,
3025 2373 3115 2440 qui
3147 2386 3437 2439 percussus

1877 2473 1976 2516 est.
2005 2463 2266 2517 rationem
2303 2462 2523 2528 habere,
2551 2472 2629 2525 et,
2659 2464 2704 2516 si
2735 2471 3015 2531 postquam
3046 2463 3110 2513 ab
3139 2461 3246 2514 ictu
3276 2462 3438 2514 decu-

1877 2555 2012 2619 liuit,
2039 2568 2144 2607 non
2174 2554 2466 2616 convaluit.
2496 2556 2588 2609 sed
2623 2565 2868 2606 mortuus
2891 2559 2994 2612 est,
3020 2551 3063 2602 is
3094 2551 3187 2618 qui
3222 2564 3441 2616 percus-

1876 2646 1948 2698 sit
1963 2646 2332 2698 involuntariat
2351 2646 2510 2698 cedis
2527 2644 2771 2702 crimine.
2791 2641 3112 2702 necessario.
3133 2640 3436 2693 tenebitur:

1877 2739 1958 2790 sin
2000 2745 2176 2789 autem
2231 2735 2298 2789 ab
2331 2736 2437 2788 ictu
2479 2735 2737 2794 surrexit.
2782 2742 2836 2784 et
2881 2732 3026 2801 virga
3077 2745 3172 2784 sua
3219 2731 3440 2784 innixus

1878 2828 2194 2889 ambulavit.
2226 2827 2329 2880 hoc
2359 2838 2462 2890 est,
2494 2840 2599 2878 non
2635 2827 2868 2892 perfecte
2896 2838 2924 2876 a
2964 2822 3150 2876 morbo
3183 2831 3267 2875 est
3302 2822 3437 2876 libe-

1881 2929 2051 2978 ratus.
2079 2919 2273 2971 deinde
2304 2927 2544 2971 mortuus
2575 2925 2696 2980 est;
2726 2929 2844 2968 eum
2876 2915 2964 2980 qui
3008 2913 3294 2982 percussit,
3333 2927 3436 2965 non

1881 3010 2116 3078 reputari
2171 3019 2228 3062 ut
2262 3009 2604 3063 homicidam.
2650 3007 2830 3072 Quare
2870 3017 2993 3059 nora
3037 3008 3194 3058 etiam
3238 3019 3301 3056 ex
3337 3005 3438 3057 hoc

219 3092 302 3159 τῷ
343 3097 394 3158 η’
440 3093 667 3156 κανόνι,
714 3093 804 3145 τὸν
869 3091 1120 3144 ἀκούσιον
1173 3094 1330 3158 φόνον
1385 3095 1447 3145 ὲκ
1503 3094 1596 3146 τοῦ
1644 3095 1775 3145 ἀπο-

1879 3100 2329 3169 quemadmodum
2366 3099 2599 3151 diximus
2631 3105 2684 3150 et
2715 3096 2764 3148 in
2795 3111 2913 3149 can.
2948 3094 2980 3148 8
3012 3095 3430 3147 involuntariam

219 3183 549 3249 τελέσματος
601 3182 1013 3250 ἀναφαίνεσθαι.
1093 3183 1192 3232 Διά
1263 3181 1418 3233 τοῦτο
1471 3181 1577 3251 γὰρ
1651 3182 1773 3234 οὐδὲ

224 3276 328 3343 τὴν
375 3275 584 3344 πληγὴν
640 3272 1132 3342 περιεργαζόμεθα,
1169 3276 1276 3325 εἴτε
1326 3273 1496 3342 μικρά
1530 3273 1772 3340 γέγονεν,

223 3364 340 3414 εἴτε
397 3364 628 3431 μεγάλη,
682 3363 816 3415 ἀλλά
871 3361 966 3413 τὸν
1011 3364 1073 3412 ὲκ
1107 3363 1204 3430 τῆς
1253 3362 1464 3430 πληγῆς
1504 3363 1770 3415 θάνατον’

223 3451 737 3517 ὥσπερόὲκούσιος
787 3455 945 3518 φόνος
991 3453 1052 3502 ὲκ
1113 3452 1279 3518 μόνης
1328 3452 1424 3518 τῆς
1467 3453 1776 3519 προθέσεως

225 3544 636 3606 κατακρίνεται,
697 3542 799 3594 κᾶν
859 3542 932 3609 μὴ
993 3541 1165 3609 προϐῇ
1226 3540 1595 3606 ἀποτέλεσμα,
1659 3543 1775 3612 ήτοι

225 3636 473 3694 θάνατος.
515 3633 828 3700 Σημείωσαι
867 3631 922 3683 δὲ
959 3631 1067 3683 ἀπὸ
1127 3630 1220 3682 τοῦ
1253 3631 1517 3697 παρόντος
1553 3636 1774 3693 κανόνος

226 3723 316 3774 ὅτι
345 3724 435 3774 ἐπὶ
454 3721 548 3774 τοῦ
585 3721 838 3774 ἀκουσίου
874 3721 1034 3787 φόνου
1066 3720 1252 3781 κακῶς
1292 3736 1436 3782 τινες
1463 3721 1776 3789 πολυπραγ-

229 3813 448 3884 μονοῦσι
501 3818 640 3866 κατὰ
684 3813 840 3865 ποίαν
896 3813 1108 3881 ἡμέραν
1149 3814 1180 3878 ἠ
1231 3811 1412 3880 πληγὴ
1478 3811 1774 3880 έπηνέχθη,

224 3910 322 3957 καὶ
352 3908 482 3969 μετὰ
516 3905 684 3961 πόσας
713 3904 924 3972 ἡμέρας
974 3902 1380 3971 ἐπηκολούθησε
1409 3905 1483 3970 τῷ
1517 3904 1775 3969 πληγέντι

223 3997 254 4047 ὸ
301 3995 543 4056 θάνατος.
581 3994 698 4047 Κᾶν
746 3994 855 4061 γὰρ
893 3994 1056 4054 πολὺς
1102 3993 1343 4060 παρῆλθε
1374 3994 1511 4060 μετά
1567 3994 1776 4063 πληγὴν

227 4088 437 4154 καιρὸς,
477 4088 623 4150 ὅμως
665 4085 720 4136 δὲ
760 4087 822 4134 ὶκ
859 4087 955 4146 τῆς
1031 4083 1202 4143 αἰτίας
1242 4083 1427 4134 ἔθανεν
1461 4086 1486 4134 ό
1520 4083 1618 4151 τὴν
1642 4085 1777 4151 πλη-

229 4177 336 4243 γὴν
382 4175 639 4236 ὑποστὰς,
681 4174 832 4226 οὐδὲν
879 4169 1040 4242 ἦττον
1100 4174 1350 4238 γενέσθαι
1409 4174 1639 4240 λέγομεν
1688 4175 1776 4226 τὸν

232 4265 488 4319 ἀκούσιον
536 4265 715 4330 φόνον.
793 4264 1091 4327 ’Λνὰγνωθι
1162 4263 1254 4312 καὶ
1312 4261 1398 4312 τὸν
1458 4269 1504 4328 η’
1578 4263 1775 4313 κανόνα

227 4355 323 4409 τοῦ
379 4356 530 4422 ἁγίου
590 4353 779 4407 τούτου
823 4349 1032 4420 [ἰατρὸς
1063 4391 1076 4415 ,

229 4447 399 4502 αὑτοῦ

303 4537 540 4589 ΖΩΝΑΡ.
588 4534 864 4588 Ἀκούσιόν
918 4547 1002 4592 τις
1067 4531 1288 4598 εποίησε
1351 4528 1531 4596 φόνον,
1577 4530 1667 4582 καὶ
1692 4529 1781 4582 ἓν·

227 4631 358 4682 sm
408 4626 676 4680 διεϐίϐασε
725 4625 950 4694 χρόνους
1012 4623 1408 4690 ἀφωρισμένος.
1490 4621 1776 4690 Ἦρωτὴθη

229 4721 326 4777 οὖν
358 4725 384 4776 ὁ
411 4723 565 4790 ἅγιος
587 4721 752 4789 είχρὴ
816 4718 1040 4786 λυθῆναι
1063 4716 1223 4768 αὑτὸν
1276 4715 1369 4766 τοῦ
1391 4714 1590 4782 δεσμοῦ
1624 4729 1637 4740 θ
1681 4714 1777 4766 καὶ

229 4813 562 4880 ἀπεκρίνατο
609 4810 690 4861 ὃτι
721 4810 778 4860 ἐν
823 4809 934 4868 τοῖς
985 4805 1177 4858 ἕνδεκα
1235 4804 1411 4855 ἐτεσιν
1459 4801 1776 4869 ἀρκούντως

230 4902 572 4968 ἐξεπλήρωσε
629 4897 726 4969 τὴν
773 4897 951 4965 δίκην,
1007 4897 1172 4966 ἦγουν
1212 4894 1308 4961 τὴν
1350 4891 1642 4960 τιμωρίαν.
1699 4889 1782 4943 Τά

232 4993 290 5046 δὲ
320 4991 505 5043 ἕνδεκα
574 4988 667 5055 ἔτη
733 4985 905 5050 εἶπεν,
963 4989 1057 5053 οὐχ
1090 4985 1161 5045 ὡς
1186 4983 1425 5047 τοσούτῳ
1485 4983 1660 5051 χρόνῳ
1687 4983 1780 5034 τοῦ

231 5084 500 5144 ἀκουσίως
525 5081 882 5151 φονεύσαντος
939 5078 1362 5146 ἐπιτιμωμένουο
1393 5077 1638 5128 δεκαετία
1666 5075 1776 5142 γὰρ

233 5171 527 5233 ότοιοῦτος
579 5171 896 5236 ἐπιτιμᾶται
962 5169 1103 5220 κατὰ
1163 5168 1253 5218 τὸν
1301 5166 1373 5227 νζ⁹
1429 5168 1630 5218 κανόνα
1683 5162 1778 5215 τοῦ

237 5262 468 5331 μεγάλου
501 5261 687 5312 τούτου
727 5259 957 5326 Πατρόςσ
984 5257 1098 5308 ἀλλ’
1141 5257 1214 5316 ὡς
1246 5255 1390 5307 οὕτω
1423 5255 1514 5306 τοῦ
1572 5255 1776 5320 φάκτου

234 5353 468 5419 ἔχοντος.
520 5344 655 5401 Εῐτά.
711 5365 875 5415 φησιν
903 5349 982 5399 ὅτι
1013 5349 1069 5398 ὲν
1095 5349 1206 5407 τοῖς
1241 5345 1495 5413 πληγεῖσι
1522 5346 1617 5395 καὶ
1643 5346 1776 5395 ἁπο-

236 5438 454 5492 θανοῦσι
495 5436 978 5504 παρατηρήσομεν,
1033 5434 1149 5500 ἤτοι
1190 5431 1776 5500 παραφυλάξομεν,τὺν

234 5528 396 5592 νόμον
448 5525 540 5576 τὸν
596 5523 906 5584 Μωσαῖκὸν,
953 5522 1099 5584 ὅστις
1140 5521 1305 5588 ὥρισε
1362 5521 1454 5573 τὸν
1508 5519 1778 5588 πληγέντα

237 5615 390 5684 παρά
433 5632 575 5677 τινος
602 5617 692 5666 καὶ
719 5613 1107 5666 κατακλιθέντα
1153 5613 1239 5663 διὰ
1273 5613 1367 5674 τὰς
1399 5611 1634 5680 πληγὰς,
1681 5613 1778 5664 ἐὰν

240 5707 376 5761 μετά
396 5707 566 5760 ταῦτα
593 5704 877 5771 ἐξαναστῇ,
911 5706 1002 5756 καὶ
1033 5705 1376 5770 περιπατήσῃ
1407 5703 1573 5770 ὲπὶτῇ
1604 5702 1780 5771 ῥάϐδῳ

1155 4354 1249 4403 καὶ
1310 4351 1408 4418 τὴν
1462 4350 1763 4419 ἑρμηνείαν
1809 4402 1854 4456 D

1879 3191 2074 3243 eadem
2105 3204 2170 3244 ex
2199 3186 2391 3241 effectu
2439 3187 2675 3242 ostendi.
2719 3185 3010 3254 Propterea
3055 3184 3199 3239 enim
3238 3197 3335 3237 nec
3371 3184 3437 3235 de

1879 3281 1983 3334 ictu
2017 3279 2345 3342 laboramus,
2391 3294 2456 3331 an
2501 3278 2573 3333 sit
2603 3292 2823 3344 parvus,
2869 3290 2937 3328 an
2971 3291 3216 3341 magnus,
3248 3274 3339 3326 sed
3371 3277 3437 3326 de

1878 3378 2048 3424 morte
2077 3383 2194 3438 qua:
2233 3384 2298 3424 ea
2327 3371 2433 3423 ictu
2467 3367 2750 3436 processit,
2781 3373 2839 3418 ut
2867 3365 3040 3418 credes
3069 3364 3373 3416 voluntaria
3403 3377 3432 3416 a

1878 3461 2148 3528 proposito
2176 3457 2289 3511 solo
2313 3457 2601 3522 judicatur.
2634 3453 2840 3506 etiamsi
2874 3451 3095 3506 effectus
3127 3453 3239 3505 sive
3268 3466 3419 3503 mors

1879 3551 2097 3602 minime
2125 3558 2400 3617 sequatur.
2448 3547 2578 3598 Nota
2623 3553 2800 3597 autem
2842 3558 2907 3597 ex
2938 3543 3185 3610 praesenti
3219 3556 3428 3594 canone

1878 3640 2018 3708 quod
2049 3640 2105 3694 in
2136 3640 2277 3692 cazde
2314 3635 2668 3690 involuntaria
2714 3634 2952 3688 nonnulli
2988 3632 3097 3703 69
3126 3632 3267 3685 male
3306 3641 3432 3684 sunt

1879 3732 2100 3785 nimium
2134 3729 2357 3789 curiosi.
2388 3735 2688 3796 ipimrentes
2716 3738 2823 3792 quo
2851 3725 2938 3778 die
2971 3731 3286 3776 vulneratus
3325 3731 3430 3785 est,

1877 3829 1930 3875 et
1979 3828 2100 3886 post
2145 3828 2274 3887 quot
2320 3817 2432 3872 dies
2478 3832 2622 3878 eum,
2667 3816 2757 3883 qui
2809 3829 3094 3883 percussus
3137 3825 3240 3878 est.
3291 3829 3437 3866 mors

1876 3919 2164 3965 consecuta
2192 3919 2270 3963 est
2301 3927 2314 3962 :
2341 3909 2443 3963 etsi
2476 3910 2617 3962 enim
2646 3909 2859 3977 longum
2891 3918 3097 3975 tempus
3123 3916 3237 3975 post
3269 3908 3432 3960 ictum

1875 4001 2210 4069 praeterierit,
2228 4015 2290 4052 ex
2308 4001 2405 4054 hac
2427 4009 2603 4054 tamen
2624 4016 2780 4053 causa
2800 4009 3037 4052 mortuus
3056 4009 3136 4052 est
3159 3999 3245 4067 qui
3275 3998 3434 4050 ictum

1875 4093 2146 4156 sustinuit,
2179 4092 2343 4144 nihilo
2369 4093 2544 4145 secius
2597 4091 2789 4146 factam
2824 4105 2942 4144 esse
2970 4091 3196 4142 dicimus
3239 4088 3436 4141 caedem

1877 4182 2316 4235 involuntariam.
2370 4181 2511 4249 Lege
2557 4189 2613 4235 et
2662 4195 2924 4234 canonem
2976 4181 3009 4233 8
3056 4179 3211 4248 hujus
3260 4177 3435 4231 sancti

1877 4271 2070 4333 Patris,
2099 4282 2152 4326 et
2183 4272 2301 4339 ejus
2334 4270 2857 4338 interpretationem.

1953 4523 2204 4579 ZONAR.
2245 4523 2665 4577 lnvoluntariam
2701 4523 2821 4591 quis
2861 4523 3058 4576 caedem
3093 4519 3344 4587 patravit.
3375 4532 3438 4573 ac

1886 4616 2129 4669 undecim
2161 4629 2332 4667 annos
2378 4614 2635 4681 transegit
2669 4620 3003 4679 segregatus.
3048 4611 3283 4678 Rogatus
3337 4609 3437 4664 fuit

1884 4720 2010 4775 ergo
2033 4715 2247 4759 sanctus
2274 4705 2376 4769 vir,
2401 4720 2465 4756 an
2493 4705 2642 4758 illum
2671 4720 2733 4758 eo
2757 4703 2965 4755 vinculo
2990 4702 3123 4754 solvi
3146 4712 3391 4769 oporteat
3419 4719 3434 4756 :

1887 4795 2260 4862 responditque
2291 4794 2538 4847 undecim
2569 4808 2832 4846 annorum
2867 4791 3041 4858 spatio
3071 4791 3203 4843 satis
3234 4790 3438 4859 suppli-

1885 4886 1955 4938 cii
2003 4884 2185 4948 luisse,
2219 4886 2352 4937 satis
2399 4898 2701 4954 pinnarum.
2748 4881 3007 4937 Undeciin
3057 4895 3216 4948 porro
3269 4894 3438 4932 annos

1886 4975 2042 5037 dixit.
2089 4991 2191 5029 non
2239 4975 2378 5042 quod
2419 4982 2568 5026 tanto
2625 4983 2885 5038 tempore.
2937 4972 3025 5037 qui
3079 4971 3436 5024 invuluntarie

1886 5066 2102 5127 occidit,
2130 5066 2390 5133 puniatur
2426 5081 2442 5117 :
2471 5063 2790 5116 decennium
2823 5077 3052 5127 namque
3087 5063 3234 5114 hisce
3265 5060 3436 5112 homi-

1885 5155 2062 5215 nibus,
2095 5152 2539 5220 quinquagesimo
2572 5150 2798 5215 septimo
2827 5163 3029 5201 canone
3067 5147 3224 5213 hujus
3255 5148 3431 5214 magni

1885 5246 2080 5308 Patris.
2120 5246 2297 5298 multae
2346 5245 2559 5298 nomine
2594 5243 2942 5296 constitutum
2979 5249 3059 5292 est
3104 5257 3118 5292 :
3154 5242 3246 5293 scd
3293 5239 3432 5306 quod

1885 5339 1956 5392 ita
1988 5351 2104 5391 sese
2135 5350 2219 5390 res
2245 5336 2296 5388 iu
2321 5335 2423 5388 hoc
2453 5334 2668 5388 homine
2705 5332 2946 5384 haberet.
2985 5329 3183 5382 Deinde
3213 5330 3429 5390 asserit,

1885 5432 1937 5486 in
1972 5431 2038 5485 iis
2066 5430 2154 5497 qui
2186 5429 2420 5498 percussi
2444 5442 2506 5480 ac
2537 5426 2729 5480 mortui
2767 5432 2910 5486 sunt,
2945 5422 3303 5482 retinendam,
3334 5422 3435 5473 hoc

1884 5533 1965 5578 est
1998 5521 2314 5578 servandam
2351 5534 2470 5574 esse
2501 5517 2790 5571 Mosaicam
2823 5515 3015 5583 legem,
3046 5528 3163 5580 quas
3198 5511 3434 5567 decrevit

1887 5613 2177 5676 hominem,
2228 5610 2314 5679 qui
2362 5625 2390 5660 a
2440 5623 2688 5677 quopiam
2741 5620 3025 5674 percussus
3059 5613 3158 5666 cst.
3209 5617 3434 5671 moxque

1897 5704 2171 5769 decubuit,
2203 5703 2246 5756 si
2280 5711 2461 5768 postea
2498 5715 2528 5748 c.
2567 5696 2764 5753 lectulo
2791 5693 3090 5751 surrexerit
3119 5694 3432 5747 ambulave-
