3998 6326
171 379 307 442 637

1201 383 1283 445 IN
1317 383 1562 447 EPIST.
1603 385 1662 446 S.
1691 380 1979 445 BASILII
2015 386 2461 453 CANONICAM
2502 396 2552 455 Ι.

3394 401 3500 465 C38

175 500 315 548 τῶν
379 492 893 564 αἰχμαλωτισθῆναι
941 495 1172 550 πιστῶν.
1227 490 1401 563 Οὗτος
1457 501 1512 553 δὲ
1548 504 1574 554 ὁ
1624 501 1796 556 κανὼν

1909 516 2090 565 autem
2144 530 2316 568 canon
2352 514 2520 567 divini
2568 511 2744 567 Patris
2781 513 3060 568 sanctitati
3108 513 3498 569 convenienter

179 585 394 651 ἀξίως
460 587 556 654 μὲν
584 590 649 657 τῇ
690 588 1059 659 ἁγιοπρεπεία
1104 592 1199 643 τοῦ
1237 593 1382 646 Θείου
1441 595 1657 663 Πατρὸς
1689 597 1806 661 ἐξε-

179 677 373 744 τέθη,
409 679 509 730 οὐκ
539 680 751 748 ἐνεργεῖ
805 681 880 743 δὲ,
915 681 1000 734 διὰ
1044 681 1102 734 τὸ
1163 685 1518 753 συμπίπτειν,
1567 690 1614 740 εί
1646 688 1805 742 τοῦτο

184 769 374 840 δοθῇ,
407 770 679 840 μηδέποτε
702 774 831 835 τοὺς
859 773 1201 843 στρατιώτας
1231 780 1673 847 μεταλαμϐάνειν
1695 781 1804 835 τῶν

185 862 382 916 Θείων
463 864 819 933 ἁγιασμάτων
863 866 1122 935 πολέμοις
1192 870 1620 942 ἁλλεπαλλήλοις
1690 877 1803 928 ἐνο-

189 954 580 1023 χλουμένους,
614 957 707 1008 καὶ
764 957 1128 1025 ἀναιροῦντας
1160 963 1287 1023 τοὺς
1328 966 1644 1031 πολεμίους,
1667 968 1804 1040 ὅπερ

191 1048 368 1098 ἐστὶν
428 1048 719 1117 ἀφόρητον.
789 1049 1103 1119 Γέγραπται
1148 1052 1204 1105 δὲ
1271 1054 1348 1116 ὡς
1397 1058 1492 1110 τοῦ
1543 1058 1806 1126 βασιλέως

193 1139 437 1191 ἐκείνου
467 1138 636 1192 Φωκᾶ
694 1140 973 1206 ἀξιοῦντος
1031 1146 1172 1213 μετὰ
1211 1149 1509 1219 μαρτύρων
1543 1154 1802 1223 συναριθ-

198 1233 450 1299 μεῖσθαι
507 1234 634 1294 τοὺς
699 1235 756 1284 ἐν
795 1236 1056 1302 πολέμοις
1107 1240 1558 1308 ἀναιρουμένους,
1595 1246 1644 1295 οί
1681 1246 1802 1299 τότε

194 1322 531 1390 ἀρχιερεῖς,
567 1323 642 1392 τῷ
668 1327 855 1379 κανόνι
889 1328 1066 1398 τούτῳ
1097 1334 1456 1402 χρησάμενοι,
1491 1337 1588 1406 τήν
1644 1340 1802 1408 βασι-

194 1411 375 1482 λικὴν
441 1414 693 1468 ἔνστασιν
740 1421 1140 1489 κατεσξγησαν,
1175 1425 1454 1493 φάμενοι·
1524 1431 1648 1493 Πῶς
1687 1435 1802 1496 τοῖς

199 1504 462 1573 μάρτυσι
496 1507 981 1576 συναριθμήσομεν
1008 1513 1133 1573 τοὺς
1152 1515 1210 1566 ὲν
1231 1516 1490 1586 πολέμοις
1510 1523 1798 1589 πεσόντας,

195 1594 306 1656 οὓς
357 1597 387 1648 ὁ
422 1597 594 1663 μέγας
625 1600 907 1664 Βασίλειος
951 1603 1026 1666 ὠς
1063 1605 1136 1675 μὴ
1172 1607 1450 1678 καθαροὺς
1483 1613 1581 1675 τὰς
1611 1618 1802 1686 χεῖρας

196 1687 301 1738 ἐπὶ
335 1691 586 1756 τριετίαν
643 1692 885 1747 ἐκώλυσε
922 1695 1029 1749 τῶν
1073 1699 1437 1770 ἀγιασμάτων
1467 1722 1480 1769 ;
1514 1707 1802 1777 Διαφόρων

195 1783 261 1835 δὲ
300 1784 502 1854 ἱερέων
538 1790 939 1856 παραστάντων
985 1795 1282 1860 συνοδικῶς
1321 1799 1464 1852 κατὰ
1514 1801 1800 1870 βασιλικὸν

195 1876 472 1942 ὁρισμὸν,
512 1877 648 1930 ἀλλὰ
677 1879 784 1948 μὴν
807 1883 900 1934 καὶ
924 1885 1228 1938 ἐπισκόπου
1283 1888 1456 1954 τινὸς,
1485 1859 1579 1945 κάὶ
1608 1894 1802 1961 ὲξομο-
1832 1859 1878 1916 Β

200 1963 610 2034 λογησαμένων
630 1974 770 2023 κατὰ
788 1972 1065 2041 πολεμίων
1084 1977 1468 2050 συμπλακῆναι
1491 1986 1579 2034 καὶ
1596 1985 1804 2038 ἀνελεῖν

199 2056 446 2121 πολλοὺς
483 2060 540 2126 ἐξ
571 2061 769 2125 αὐτῶν,
795 2066 826 2134 ἡ
849 2065 950 2133 μὲν
987 2066 1107 2120 Θεία
1143 2071 1240 2123 καὶ
1271 2072 1393 2140 ιερὰ
1425 2074 1641 2139 σύνοδος
1673 2080 1804 2130 ἀκο-

200 2149 422 2212 λούθως
453 2152 531 2221 τῷ
584 2156 766 2207 κανόνι
827 2159 1002 2227 τούτῳ
1059 2163 1152 2214 καὶ
1216 2165 1294 2232 τῷ
1352 2163 1444 2234 μγ¹
1474 2169 1569 2220 τοῦ
1634 2171 1800 2223 αὐτοῦ

201 2241 373 2307 ἁγίου
413 2245 507 2296 καὶ⁸
564 2245 780 2314 ἑτέραις
833 2247 1008 2312 Θείαις
1062 2252 1348 2320 διαταγαῖς
1375 2256 1532 2326 ήθελε
1599 2263 1799 2330 μηκέτι

205 2335 414 2397 αὐτοὺς
464 2337 820 2406 ἱερουργῆσαι
863 2356 876 2370 ·
913 2341 964 2392 οἱ
1020 2343 1240 2408 πλείους
1265 2346 1341 2412 δὲ,
1392 2350 1483 2400 καὶ
1517 2352 1716 2418 μᾶλλον
1748 2354 1800 2406 οἱ

207 2430 752 2498 στρατιωτικώτεροι
785 2473 798 2496 ,
857 2434 951 2484 καὶ
1000 2434 1275 2504 βραϐεἱων
1333 2441 1532 2504 αὐτοὺς
1614 2445 1797 2510 ἀξίους

207 2515 352 2572 εἶναι
383 2521 734 2577 διενίσταντο.
785 2524 976 2578 Πολλοὶ
1028 2527 1105 2592 δὲ,
1146 2529 1428 2592 ἀνελόντες
1474 2533 1798 2603 ἀνθρώπους

206 2614 268 2662 ὲν
297 2612 375 2679 τῷ
412 2613 586 2682 καιρῷ
622 2615 720 2682 τῆς
754 2616 891 2684 μετὰ
922 2617 1135 2685 ῥάϐδων
1167 2623 1463 2692 παιγνικῆς
1495 2626 1792 2698 συμϐολῆς,

211 2703 358 2768 μετὰ
395 2704 600 2769 φονέων
627 2705 988 2774 ἐλογίσθησαν
1033 2710 1548 2780 ἐκουσιοακουσίων,
1580 2713 1669 2771 οἷα
1698 2719 1793 2773 τοῦ

205 2792 457 2845 τοιούτου
484 2798 733 2862 παιγνῐου
757 2798 831 2867 μὴ
846 2799 1000 2862 ὄντος
1012 2802 1120 2854 ἀπὸ
1139 2802 1247 2854 τῶν
1277 2805 1795 2879 ὲπιγινωσκομένων

210 2881 378 2934 πέντε
408 2883 486 2946 τῷ
511 2883 661 2955 νόμῳ
708 2889 998 2955 παιγνίων,
1037 2891 1146 2943 τῶν
1174 2893 1268 2945 καὶ
1297 2893 1525 2961 ἀγώνων
1559 2897 1794 2967 λεγομέ⁴

212 2992 345 3037 νων,
380 2976 555 3045 ῆγουν
617 2978 718 3046 τῆς
755 2981 1005 3050 πυγμῆς,
1044 2982 1138 3035 τοῦ
1165 2984 1390 3053 δρόμου,
1423 2988 1514 3039 τοῦ
1541 2990 1795 3059 πηδήμα-

207 3081 327 3126 τος,
382 3067 477 3119 τοῦ
539 3068 748 3131 δίσκου.
797 3073 890 3126 καὶ
949 3073 1048 3141 τῆς
1093 3075 1634 3146 παλαίστρας·ὤστε
1655 3085 1702 3135 οἱ
1734 3085 1794 3134 ἐν

208 3157 330 3252 ιτοῖς
355 3156 615 3221 τοιούτοις
646 3163 922 3229 παιγνίοις
956 3165 1277 3230 φονεύοντες
1301 3167 1361 3219 οὐ
1429 3175 1793 3241 προκριματί-
1821 3195 1864 3252 c

210 3244 417 3308 ζονται.

290 3340 535 3394 ΖΩΝΔΡ.
565 3342 642 3393 Οὐ
687 3342 810 3395 κατ’
853 3343 1117 3414 ἐπιταγὴν
1149 3347 1176 3399 ὁ
1207 3347 1363 3413 ἅγιός
1391 3367 1524 3418 φησι
1548 3352 1672 3413 τοὺς
1732 3355 1791 3404 ἐν

219 3429 478 3498 πολέμοις
526 3434 889 3503 ἀναιροῦντας
929 3437 1026 3487 ἐπὶ
1085 3438 1328 3506 τριετίαν
1369 3441 1669 3509 ἀπέχεσθαι
1696 3445 1793 3510 τῆς

216 3526 523 3588 κοινωνίας,
587 3526 719 3578 me
773 3527 916 3581 κατὰ
982 3531 1320 3600 συμϐουλήν.
1383 3532 1527 3602 Πλὴν
1561 3535 1791 3603 φορτικὴ

213 3617 362 3669 δοκεῖ
389 3618 691 3689 συμϐουλή.
752 3621 1002 3690 Συμϐαίη
1049 3625 1158 3692 γὰρ
1193 3625 1260 3676 ἂν
1310 3627 1372 3677 ἑκ
1391 3625 1595 3693 ταύτης
1625 3626 1789 3694 μηδέ-

217 3722 348 3758 ποτε
380 3710 506 3770 τοὺς
533 3711 870 3778 στρατιώτας
911 3715 1238 3781 μεταλαϐεῖν
1259 3716 1368 3768 τῶν
1396 3718 1555 3770 Οείων
1577 3719 1788 3788 δώρων,

217 3799 315 3850 καὶ
357 3800 588 3867 μάλιστα
618 3803 748 3865 τοὺς
804 3803 1002 3873 θάρσος
1037 3808 1482 3876 ἐνδεικνυμένους
1510 3811 1604 3861 καὶ
1662 3812 1788 3878 ἀρι·

221 3894 382 3952 στεῖς.
417 3895 491 3944 Uti
525 3893 634 3958 γὰρ
659 3895 723 3947 ἄν
764 3912 894 3947 ποτε
953 3900 1130 3965 σχοῖεν
1193 3899 1378 3950 ἄδειαν
1405 3903 1496 3952 ἐπὶ
1549 3901 1790 3970 τριετίαν

218 3980 513 4049 ὴριμῆται.
547 3983 609 4034 Ei
655 3983 787 4049 γοῦν
809 3987 858 4035 οἱ
883 3985 1138 4052 πολέμοις
1188 3986 1614 4056 ἀλλεπαλλήλοις
1669 4007 1790 4056 σχο-

219 4068 488 4132 λάζοντες,
527 4073 618 4124 καὶ
646 4071 998 4142 ἀναιροῦντες
1027 4077 1152 4137 τοὺς
1177 4079 1487 4144 πολεμίους,
1511 4080 1785 4146 εἴργονται

219 4161 320 4229 τῆς
351 4162 651 4226 κοινωνίας,
714 4164 926 4216 ἔσονται
986 4166 1072 4218 διὰ
1125 4166 1239 4234 βίου
1301 4169 1654 4238 στερούμενοι
1690 4173 1789 4238 τῆς

221 4252 315 4307 τοῦ
343 4254 544 4321 ἀγαθοῦ
605 4256 982 4324 μεταλήψεως.
1037 4257 1212 4327 Ὅπερ
1269 4261 1624 4328 Χριστιανοϊς
1660 4262 1793 4329 ἀφό-

226 4363 379 4416 ρητος
429 4349 670 4408 κόλασις.
731 4349 831 4400 Διὰ
859 4349 912 4399 τί
965 4348 1021 4400 δὲ
1058 4349 1156 4412 τὰς
1211 4353 1402 4420 χεῖρας
1449 4352 1511 4404 οὐ
1558 4353 1790 4420 καθαροὶ

223 4439 454 4507 κριθεῖεν
479 4440 529 4490 οὶ
551 4441 692 4506 ὑπὲρ
716 4439 807 4490 τοῦ
838 4437 1233 4506 πολιτεύματος
1274 4442 1368 4492 καὶ
1405 4442 1514 4494 τῶν
1546 4443 1786 4512 ἀδελφῶν

225 4532 626 4598 ἀγωνιζόμενοι,
664 4532 749 4583 ἵνα
784 4529 859 4599 μὴ
886 4531 1140 4599 ληφθετεν
1169 4535 1281 4594 τοῖς
1307 4536 1606 4602 πολεμίοις,
1631 4536 1664 4606 ἢ
1701 4537 1786 4589 ἵνα

227 4623 748 4691 αἰχμαλωτισθέντας
775 4623 1255 4692 ὲλευθερώσωσιν;
1281 4627 1343 4678 Ei
1399 4629 1507 4695 γὰρ
1545 4629 1793 4696 φονεύειν

227 4713 348 4776 τοὺς
399 4713 718 4783 Βαρϐάρους
767 4715 1272 4785 εὐλαϐηθήσονται,
1329 4718 1405 4781 ὡς
1455 4719 1554 4783 τὰς
1606 4723 1794 4789 χεῖρας

225 4805 460 4859 ἐντεῦθεν
493 4806 820 4872 μιαίνοντες,
855 4805 1132 4873 οξχήσεται
1173 4807 1488 4875 ξύμπαντα,
1531 4810 1626 4859 καὶ
1653 4824 1792 4874 κρα-

228 4899 473 4965 τήσουσιν
503 4900 550 4948 οξ
586 4897 852 4966 βάρϐαροι
886 4899 1102 4949 πάντων
1129 4914 1142 4929 ·
1179 4898 1214 4951 ἃ
1252 4902 1343 4950 καὶ
1370 4902 1417 4952 οἱ
1455 4901 1624 4952 πάλαι
1676 4901 1790 4952 Παι-

232 4990 382 5057 τέρες
432 4988 806 5056 λογισάμενοι,
868 4989 928 5039 οὐ
978 4990 1090 5050 τοῖς
1133 4991 1354 5058 φονεῦσι
1389 4991 1794 5058 συγκατέλεξαν

231 5084 351 5141 τοὺς
393 5085 448 5133 ὲν
496 5081 753 5148 πολέμοις
809 5080 1172 5148 φονεύοντας,
1232 5076 1794 5151 συγγνωμονήσαντες

233 5175 426 5236 αὐτοῖς,
461 5172 536 5234 ὡς
560 5166 715 5233 οὗτος
766 5172 968 5242 ἔφησεν
993 5173 1021 5224 6
1047 5172 1224 5239 ἅγιος,
1285 5173 1360 5235 ὼς
1387 5175 1524 5240 ὑπὲρ
1580 5190 1783 5239 σωφρον

235 5265 385 5334 σύνης
415 5264 508 5318 καὶ
541 5263 818 5326 εὐσεϐείας
877 5265 1260 5332 ἀμυνομένοις.
1328 5267 1388 5316 Ei
1437 5267 1547 5332 γὰρ
1575 5268 1622 5318 oi
1653 5267 1794 5335 Βάρ-

233 5357 378 5426 ϐαροι
405 5356 800 5425 κυριεύσουσιν,
839 5353 962 5406 οὐτε
993 5355 1239 5407 εὐσέϐεια
1278 5356 1447 5418 ἔσται,
1496 5355 1620 5408 οὔτε
1691 5376 1792 5410 σω-

235 5447 481 5516 φροσύνη.
543 5447 656 5514 Τὴν
710 5448 810 5516 μὲν
880 5447 991 5515 γὰρ
1013 5447 1298 5500 εὐσέϐειαν
1347 5439 1696 5517 ἁθετήσουσι,
1731 5450 1791 5501 τὸ

233 5542 416 5594 οἰκεῖον
442 5538 605 5600 σέϐας
634 5539 993 5606 κρατύνοντες
1019 5555 1033 5570 ·
1094 5539 1191 5607 τὴν
1222 5540 1278 5590 δὲ
1314 5541 1670 5608 σωφροσύνην
1696 5543 1787 5594 ού-

231 5633 334 5694 δεις
365 5631 602 5700 μετιέναι
655 5631 1158 5700 συγχωρηθήσεται,
1206 5630 1343 5683 ἀλλᾶ
1368 5631 1467 5700 ζῇν
1497 5631 1618 5682 κατ’
1649 5632 1790 5683 ὲκεί-

236 5742 347 5784 nou;
397 5725 539 5784 ἅπας
592 5723 1034 5792 ὲκϐιασθήσεται.
1113 5721 1174 5774 Ὀ
1228 5722 1281 5772 δὲ
1329 5724 1396 5774 τὰ
1459 5725 1576 5774 θεῖα
1623 5723 1789 5784 πολὺς

253 5816 545 5878 “Or/isto;
581 5816 635 5866 ἐν
661 5816 722 5884 τῇ
772 5815 904 5883 πρὶς
924 5813 1167 5882 Ἀμμοῦν
1199 5813 1500 5882 μονάζοντα
1529 5816 1782 5878 κανονικῇ

1919 609 2095 662 editus
2125 615 2230 671 est,
2263 608 2354 662 sed
2385 621 2490 660 non
2517 615 2597 659 est
2631 607 2683 658 in
2720 619 2844 668 usu,
2868 606 3010 674 quod
3041 620 3106 658 ex
3133 621 3197 659 eo
3229 606 3493 669 eveniret,

1918 695 1963 750 si
1998 695 2398 758 admitteretur,
2425 703 2481 749 ut
2506 694 2705 748 milites
2727 702 3191 747 sacramentorum
3221 709 3492 762 nunquam

1915 798 2099 842 essent
2126 789 2442 857 participes,
2473 804 2594 842 cum
2628 790 2679 841 in
2714 789 2929 842 crebris
2950 789 3057 859 70
3087 789 3249 843 bellis
3278 804 3491 843 versen-

1916 891 2023 946 tur,
2060 889 2112 936 et
2144 884 2326 935 hostes
2357 881 2686 935 interficiant
2715 897 2729 934 :
2759 880 2900 949 quod
2935 897 3040 934 non
3070 891 3151 935 est
3183 880 3495 934 fereinlum.

1915 972 2189 1040 Scriptum
2216 983 2298 1027 est
2325 974 2493 1035 enim,
2524 975 2666 1040 quod
2698 988 2817 1026 cum
2851 971 3053 1026 Phocas
3088 972 3176 1025 ille
3201 973 3493 1039 imperator

1912 1067 2074 1121 vellet
2103 1081 2196 1121 eos
2230 1065 2559 1135 martyribus
2592 1064 2936 1116 annumerari
2969 1063 3056 1131 qui
3086 1063 3138 1116 in
3174 1063 3326 1116 bellis
3351 1062 3492 1114 occi-

1913 1163 2133 1223 duntur,
2173 1160 2264 1225 qui
2309 1168 2437 1211 tunc
2482 1166 2641 1210 erant
2687 1157 2958 1209 antistites
3009 1156 3112 1209 hoc
3151 1156 3230 1207 usi
3283 1167 3488 1206 canone

1914 1251 2318 1319 imperatoriam
2372 1249 2684 1304 instantiam
2730 1247 2948 1302 silentio
2993 1250 3360 1312 mandarunt,
3408 1246 3487 1298 di-

1911 1353 2094 1397 centes
2135 1361 2148 1394 :
2182 1341 2464 1407 Quomodo
2493 1354 2590 1393 eos
2621 1338 2710 1404 qui
2740 1339 2789 1391 itt
2821 1339 2975 1393 bellis
3006 1338 3319 1392 ceciderunt
3348 1338 3488 1389 inter

1912 1445 2177 1504 martyres
2227 1431 2728 1495 annumerabimus,
2773 1444 2909 1497 quos
2961 1443 3187 1497 magnus
3233 1428 3482 1487 Basilius.

1911 1539 1972 1581 ut
2006 1529 2096 1595 qui
2131 1541 2233 1579 non
2269 1534 2452 1580 essent
2489 1523 2638 1592 puris
2673 1522 2940 1582 manibus,
2975 1521 3209 1573 triennio
3242 1533 3270 1571 a
3301 1533 3481 1571 sacra-

1912 1617 2112 1672 mentis
2139 1613 2462 1684 prohibuit?
2491 1612 2622 1668 Cum
2653 1621 2830 1664 autem
2869 1610 3021 1662 multi
3054 1610 3388 1671 sacerdotes,
3427 1617 3482 1661 et

1911 1725 2052 1764 unus
2087 1708 2299 1777 quidem
2325 1710 2634 1776 episc0pus,
2667 1718 2728 1757 se
2752 1703 2902 1770 jussu
2941 1702 3290 1771 imperatorio
3322 1715 3482 1770 syno-

1911 1804 2102 1858 daliter
2136 1800 2422 1862 stitissent,
2445 1806 2500 1851 et
2531 1812 2652 1850 cum
2694 1794 2939 1850 hosﬁbus
2971 1810 3029 1846 sc
3061 1809 3254 1846 manus
3288 1806 3478 1846 conse-

1909 1898 2080 1950 ruisse
2109 1893 2411 1960 multosque
2433 1906 2499 1944 ex
2530 1891 2592 1943 iis
2619 1888 2881 1943 occidisse
2908 1885 3038 1940 fassi
3065 1894 3270 1950 essent,
3298 1885 3476 1938 divina

1905 1997 1958 2040 et
1988 1997 2174 2042 sancta
2211 1986 2449 2056 synodus
2486 1988 2883 2048 consequenter
2921 1977 3044 2030 huic
3071 1976 3292 2038 canoni,
3323 1988 3376 2029 et
3409 1974 3479 2029 43

1905 2080 2148 2147 ejusdem
2209 2076 2381 2130 sancti
2437 2083 2492 2126 et
2545 2071 2664 2125 aliis
2720 2069 2922 2123 divinis
2978 2065 3476 2131 constitutionibus,

1905 2172 2123 2226 volebat
2167 2170 2312 2237 ipsos
2355 2183 2462 2222 non
2516 2164 2750 2234 amplius
2789 2175 2940 2215 sacra
2987 2159 3285 2213 celebrare.
3321 2157 3480 2211 Com-

1902 2266 2082 2334 plures
2115 2272 2316 2325 autem,
2364 2271 2419 2314 et
2453 2259 2543 2327 qui
2580 2264 2738 2310 erant
2788 2253 2944 2321 paulo
2991 2251 3161 2321 magis
3197 2251 3471 2312 militares,

1901 2369 1997 2410 eos
2035 2354 2198 2407 etiam
2233 2349 2472 2418 prtemiis
2497 2348 2691 2416 dignos
2715 2360 2834 2399 esse
2865 2341 3286 2398 contendebant.
3324 2339 3471 2394 Multi

1903 2456 2104 2509 autem,
2129 2443 2218 2512 qui
2247 2444 2300 2496 in
2333 2451 2574 2508 tempore
2603 2436 2797 2492 ludicri
2827 2451 2947 2489 cum
2973 2434 3140 2504 virgis
3161 2433 3474 2488 certaminis

1900 2537 2148 2592 homines
2179 2534 2588 2592 interfecerant,
2621 2529 2903 2586 homicidis
2945 2527 3285 2581 snnnmerati
3319 2533 3470 2586 sunt,

1900 2630 1993 2700 qui
2033 2627 2453 2684 involuntariam
2483 2622 2788 2679 voluntarie
2829 2618 3030 2674 caedem
3067 2624 3469 2686 perpetrarunt,

1899 2727 2084 2787 utpOte
2111 2732 2233 2773 cum
2280 2717 2382 2770 hoc
2428 2713 2696 2767 ludicrum
2726 2725 2832 2764 non
2885 2711 2956 2763 sit
2985 2724 3052 2762 ex
3103 2709 3167 2762 iis
3208 2707 3467 2775 quinque,

1899 2827 2019 2883 quae
2064 2811 2179 2879 lege
2213 2815 2606 2875 agnoscuntur,
2639 2818 2758 2871 quae
2801 2804 2962 2856 etiam
3013 2799 3308 2856 certamina
3341 2812 3470 2866 ago-

1899 2915 2102 2970 nesque
2135 2901 2411 2962 dicuntur,
2445 2897 2653 2952 scilicet
2684 2894 2988 2963 pugillatus,
3023 2906 3236 2953 cursus,
3269 2889 3461 2952 saltus,

1899 2996 2105 3058 discus,
2146 2992 2415 3062 palaestra.
2451 2991 2628 3055 Quare
2675 2988 2764 3056 qui
2796 2986 2850 3039 iu
2895 2987 2973 3041 eis
3002 2983 3223 3039 ludicris
3257 2981 3465 3036 interli-

1898 3091 2071 3150 ciunt,
2102 3084 2413 3155 pra'judicfo
2441 3097 2547 3137 non
2575 3081 2904 3135 adiciuntur.

1975 3357 2227 3414 ZONAR.
2271 3355 2698 3422 Haudquaquam
2751 3344 3069 3415 pracipiens
3117 3346 3334 3395 sanctus
3382 3337 3464 3390 vir

1899 3454 1984 3514 iis,
2017 3452 2108 3520 qui
2157 3452 2206 3502 in
2263 3448 2400 3499 bello
2447 3440 2836 3496 interfecerunt
2878 3432 3109 3489 triennio
3140 3447 3168 3484 a
3215 3443 3461 3484 commuo

1898 3543 2056 3597 nione
2083 3538 2459 3593 abstinendum
2492 3548 2614 3586 esse
2646 3531 2860 3591 asserit,
2890 3526 2982 3581 sed
3020 3523 3300 3578 consilium
3334 3535 3459 3589 pro-

1896 3651 2119 3706 ponens.
2153 3631 2450 3686 Onerosum
2491 3623 2844 3678 nihilominus
2882 3619 2934 3672 id
2979 3614 3261 3671 consilium
3286 3611 3455 3666 videri

1894 3705 2083 3800 possit.
2124 3725 2195 3778 Ex
2236 3722 2324 3776 illo
2359 3731 2586 3784 namque
2617 3712 2918 3778 contingat,
2958 3718 3011 3761 ut
3042 3705 3241 3760 divinis
3276 3715 3461 3756 mune-

1896 3824 2044 3875 ribus
2098 3830 2369 3883 nunquam
2421 3812 2620 3864 milites
2676 3802 3107 3862 communicent;
3155 3795 3455 3864 praesertim

1895 3911 1982 3977 qui
2029 3909 2195 3960 robur
2239 3902 2552 3969 praeferunt,
2603 3912 2664 3949 ac
2710 3910 2768 3948 se
2813 3902 3064 3945 strenuos
3108 3901 3217 3954 prae
3248 3883 3459 3938 caeteris

1895 3972 2172 4053 exhibent.
2215 3988 2499 4056 Nunquam
2554 3985 2696 4034 enim
2741 3981 2806 4032 iis
2846 3978 3061 4030 dabitur
3113 3972 3340 4026 facultas
3391 3973 3459 4023 ad

1896 4087 2186 4142 triennium
2221 4076 2560 4151 quiescendi.
2621 4072 2676 4125 Si
2728 4084 2856 4137 ergo
2901 4067 2989 4134 qui
3051 4065 3204 4118 bellis
3251 4061 3460 4116 crebris

1895 4184 2245 4237 exercentur,
2280 4181 2334 4225 et
2365 4173 2548 4223 hostes
2579 4163 2906 4245 interficiunt
2929 4199 2944 4223 ,
2995 4173 3022 4210 a
3083 4155 3461 4210 communione

1895 4278 2169 4325 arcentur,
2197 4274 2309 4316 toto
2348 4263 2471 4312 vitae
2498 4265 2737 4323 tempore
2771 4243 2894 4306 boni
2933 4247 3316 4304 communione
3344 4243 3460 4312 pri-

1894 4361 2001 4413 vati
2041 4361 2256 4423 (legent.
2288 4352 2418 4416 Quae
2441 4349 2652 4415 quidem
2685 4359 2836 4412 paena
2862 4352 2941 4397 est
2967 4338 3289 4396 Christianis
3319 4334 3459 4388 haud

1897 4450 2213 4508 tolerabilis.
2243 4447 2410 4510 Quam
2443 4455 2570 4493 vero
2593 4441 2659 4491 ob
2685 4451 2900 4490 causam
2932 4445 3270 4501 nequaquam
3302 4440 3462 4495 puras

1906 4558 2094 4598 manus
2125 4552 2312 4608 gerere
2339 4532 2741 4604 iudicabuntur,
2793 4525 2880 4594 qui
2938 4539 3032 4591 pro
3087 4519 3352 4587 republica
3411 4526 3463 4570 et

1902 4634 2162 4690 fratribus
2189 4630 2472 4687 dimicant,
2509 4639 2576 4676 ne
2608 4620 2801 4688 captivi
2832 4617 3167 4670 abducantur
3201 4613 3267 4664 ab
3294 4610 3461 4662 hosti-

1901 4729 2020 4784 hus,
2060 4729 2150 4774 aut
2180 4729 2236 4772 ut
2275 4720 2327 4771 in
2369 4714 2683 4770 servitutem
2732 4708 2995 4762 abductos
3020 4706 3252 4760 liberent
3279 4702 3302 4752 ἲ
3329 4701 3459 4755 Nam

1899 4817 1945 4869 si
1984 4816 2048 4866 ah
2084 4806 2468 4864 interficiendis
2513 4801 2765 4856 Barbaris
2798 4807 3047 4859 caveant,
3085 4795 3238 4862 quasi
3274 4805 3466 4844 manus

1899 4923 1964 4960 ex
2003 4905 2106 4958 hoc
2153 4901 2477 4970 pollucmes,
2533 4908 2743 4963 pessum
2794 4892 2946 4942 ihunt
2991 4887 3194 4945 omnia,
3237 4891 3462 4937 cuncto-
3533 4914 3540 4921 ο

1902 5008 2134 5061 rumque
2184 4990 2407 5042 Barbari
2465 4986 2756 5052 potientur.
2808 4979 2937 5044 Qua:
2990 4973 3194 5041 antiqui
3250 4986 3468 5038 quoque

1902 5088 2093 5141 Patres
2124 5086 2304 5137 animo
2342 5087 2672 5145 reputantes,
2706 5073 2794 5139 qui
2838 5073 2887 5124 in
2925 5071 3062 5123 bello
3100 5067 3467 5120 interﬁcerent

1903 5178 2326 5243 haudquaquam
2389 5167 2673 5221 liumicidis
2735 5165 3194 5221 adnumerarunt,
3254 5159 3464 5209 Veniam

1901 5269 2032 5335 ipsis
2060 5269 2268 5323 dantes,
2306 5261 2595 5326 siquidem,
2633 5265 2689 5308 ut
2731 5256 2819 5309 hic
2850 5255 2925 5306 ait
2959 5261 3206 5312 sanctus,
3238 5262 3333 5317 pro
3365 5262 3466 5315 pit-

1899 5359 2078 5412 dicitia
2126 5369 2188 5407 ac
2242 5354 2440 5419 pietate
2489 5349 2838 5402 decertarint.
2891 5345 2946 5398 Si
2998 5356 3230 5410 namque
3283 5353 3470 5401 rerum

1897 5451 2175 5518 potiantur
2205 5444 2450 5505 Barbari,
2486 5456 2657 5507 neque
2684 5441 2790 5492 ulla
2824 5439 3014 5504 pietas,
3049 5448 3225 5503 neque
3253 5429 3430 5500 pudici
3451 5458 3465 5470 -

1897 5543 1971 5593 tia
2002 5537 2293 5606 supererit.
2326 5534 2586 5586 Pietatem
2616 5545 2847 5596 namque
2876 5527 3153 5596 abjicient,
3186 5541 3335 5577 suam
3377 5539 3463 5576 re-

1894 5629 2143 5697 ligionem
2171 5626 2468 5679 retinentes
2498 5641 2508 5674 :
2538 5622 2848 5690 pudicitiam
2880 5632 3007 5672 vero
3035 5616 3298 5670 retinendi
3327 5615 3458 5667 nulli

1895 5723 1983 5775 (iet
2022 5720 2268 5778 facultas,
2313 5718 2405 5772 sed
2443 5717 2656 5768 illorum
2695 5715 2900 5782 legibus
2933 5712 3113 5762 vivere
3143 5723 3331 5761 omnes
3365 5721 3459 5759 co-

1895 5823 2105 5879 gentur.
2159 5811 2425 5864 Caeterum
2480 5807 2565 5861 illc
2615 5806 2917 5860 divinarum
2984 5817 3160 5856 rerum
3220 5799 3463 5868 apprime
