3998 6326
558 344 661 406 639

1839 350 2118 413 THEOD.
2159 352 2557 417 BALSAMON

3725 374 3845 434 640

555 460 762 528 peritus
790 457 1143 524 Athanasius,
1179 458 1233 514 in
1278 472 1377 513 sua
1415 460 1481 514 ad
1514 460 1767 518 Ammum
1814 471 2119 523 monachun

2253 471 2511 543 ἐπιστολῇ
2546 473 2719 529 ταῦτα
2745 477 2889 545 λέγει
2926 481 3106 551 ῥητῶς
3136 495 3153 514 ⁶
3186 484 3437 539 Φονεύειν
3458 489 3557 541 οὐκ
3586 489 3780 556 ἔξεστι
3810 508 3829 523 ’

551 550 777 618 cpistola
822 552 1104 614 canonica,
1152 551 1266 606 haec
1305 567 1564 621 expresse
1602 554 1778 611 dicit:
1819 555 2132 616 interﬁcere

551 655 878 709 quemquam
908 644 1066 710 plane
1091 643 1233 699 haud
1259 642 1385 698 licet
1411 663 1424 699 :
1461 660 1646 701 verum
1681 649 1734 702 in
1767 649 1918 707 bellis
1938 653 2133 707 adver-

550 733 725 787 sarios
779 735 1052 800 occidere,
1102 746 1157 791 et
1210 734 1422 805 legibus
1470 740 1796 806 permissum
1851 751 1907 797 et
1968 744 2126 798 laude

549 826 771 891 dignum
819 834 919 881 est.
980 827 1210 882 Proinde
1257 828 1518 884 existimo
1566 831 1669 886 hoc
1720 835 1897 904 magni
1942 833 2127 889 Basilii

547 916 832 970 consilium
867 916 1177 972 nullatenus
1209 934 1448 988 unquam
1486 932 1760 975 servatum
1796 922 1983 978 fuisse.
2015 924 2127 977 Ta-

547 1020 671 1059 men
700 1016 849 1060 certo
877 1010 1109 1077 quodam
1140 1019 1382 1078 tempore
1405 1012 1490 1074 iis,
1514 1012 1605 1080 qui
1630 1028 1726 1081 pro
1749 1015 2127 1072 traditionibus

547 1096 936 1153 ecclesiasticis
968 1102 1399 1169 propugnabant,
1444 1103 1594 1158 utilis
1636 1102 1758 1158 fuit.
1804 1105 1937 1160 Cum
1981 1107 2123 1162 enim

547 1188 849 1258 imperator
890 1192 1227 1262 Nicephorus
1259 1195 1487 1258 Phocas.
1519 1197 1977 1265 quemadmodum
2011 1215 2127 1253 me-

545 1282 732 1337 moriae
766 1286 1029 1351 proditum
1066 1293 1168 1349 est,
1215 1300 1330 1347 eos,
1374 1288 1463 1354 qui
1502 1288 1553 1341 in
1588 1287 1743 1344 bellis
1776 1290 2120 1356 ceciderant,

543 1376 875 1441 martyribus
928 1377 1278 1432 adnumerari
1325 1380 1645 1447 postularet,
1679 1396 1741 1436 ac
1783 1385 1972 1437 eodem
2014 1399 2122 1453 quo

544 1462 620 1517 illi
669 1480 821 1520 more
872 1466 1077 1522 laudari
1128 1478 1180 1523 et
1224 1470 1327 1524 coli
1366 1488 1381 1525 :
1414 1480 1601 1527 contra
1650 1474 1982 1542 obiecerunt,
2028 1477 2122 1545 qui

543 1564 671 1611 tunc
697 1559 954 1625 temporis
983 1553 1131 1613 fuere
1161 1564 1353 1616 summi
1379 1569 1715 1633 sacerdotes,
1739 1567 1878 1622 haud
1907 1583 2121 1637 aequum

541 1663 668 1703 esse
712 1650 981 1718 ejusmodi
1038 1651 1351 1709 hominibus
1400 1659 1810 1714 venerationem
1858 1660 2115 1730 impendi.

540 1739 697 1802 Quod
725 1755 847 1794 cum
891 1757 995 1795 non
1028 1745 1441 1811 persuaderent,
1491 1759 1763 1814 postremo
1810 1752 1911 1806 hoc
1955 1751 2118 1806 veluti

539 1842 748 1884 canone
774 1833 855 1885 usi
890 1840 1037 1896 sunt,
1067 1832 1310 1890 dicentes
1344 1853 1357 1889 :
1388 1835 1632 1902 Quonam
1667 1841 1828 1894 modo
1860 1856 1959 1895 nos
1988 1857 2111 1898 cum

2242 562 2356 614 ἀλλ’
2378 565 2434 616 ὲν
2466 565 2687 636 πολέμῳ
2709 568 2952 639 ἀναιρεῖν
2976 573 3103 637 τοὺς
3134 574 3466 639 ἀντιπάλους
3488 578 3719 647 ῐννομόν
3761 598 3837 634 τε

2244 657 2337 708 καὶ
2391 655 2615 710 ἐπαίνου
2660 658 2827 722 ἀξιον.
2884 658 3052 732 Οἶμαι
3095 663 3225 731 γοῦν
3254 666 3328 730 ώς
3363 666 3560 722 οὔποτε
3622 672 3659 739 ή
3725 670 3839 723 τοῦ

2244 748 2481 815 μεγάλου
2504 751 2791 806 Βασιλείου
2818 753 3062 825 ὑποθήκη
3102 756 3242 827 αῦτη
3274 762 3568 832 ἐκράτησε·
3594 763 3750 826 τέως
3784 762 3839 815 δ’

2239 842 2298 891 έν
2349 842 2526 911 καιρῷ
2574 846 2687 907 τοῖς
2757 846 3141 915 ἀντεχομένοις
3197 851 3839 917 τῶν-ἐκκλησιαπικῶν

2242 932 2598 1001 παραδόσεων
2634 935 3011 1007 ἐλυσιτέλησε.
3047 940 3153 994 Τοῦ
3181 944 3291 1014 γὰρ
3320 943 3581 1013 βασιλέως
3632 947 3838 1015 Νίκη-

2237 1023 2405 1092 φόρου
2454 1025 2546 1078 τοῦ
2568 1028 2751 1087 iunxi.
2780 1029 2857 1092 ὡς
2925 1031 3228 1101 ἱστόρηται,
3294 1036 3651 1100 ἀπαιτοῦντος
3684 1041 3837 1099 τοὺς

2235 1116 2293 1166 έν
2348 1114 2611 1186 πολέμοις
2650 1120 3078 1191 ἀναιρουμένους
3106 1127 3496 1181 συντάττεσθαι
3521 1133 3629 1191 τοῖς
3668 1133 3833 1201 μάρ-

2233 1222 2375 1269 τυσι,
2414 1209 2508 1261 καὶ
2535 1211 2658 1264 κατ’
2704 1214 2945 1279 ἐκείνους
3014 1218 3280 1284 τιμᾶσθαι
3342 1220 3434 1273 καὶ
3498 1222 3830 1290 ὑμνεῖσθαι,

2232 1297 2282 1349 oi
2338 1298 2457 1351 τότε
2517 1302 2792 1372 ἀρχιερεῖς
2837 1308 3208 1376 ἀντεπέφερον
3279 1310 3354 1382 μὴ
3408 1312 3605 1365 δίκαιοι
3670 1312 3831 1369 εἶναι

2230 1391 2361 1453 τοὺς
2385 1392 2662 1457 τοιούτους
2691 1398 2976 1467 τιμᾶσθαι.
3013 1400 3118 1453 Καὶ
3152 1403 3225 1471 μὴ
3284 1402 3561 1462 πείθοντες
3619 1404 3834 1457 τελευ-

2229 1485 2403 1546 ταῖον,
2460 1482 2537 1546 ὡς
2585 1488 2775 1539 κανόνι
2812 1490 2991 1560 τούτῳ
3021 1491 3327 1562 ἐχρήσαντο
3378 1495 3635 1561 φάμενον
3691 1498 3831 1559 Πῶς

2233 1575 2398 1644 ἡμεῖς
2452 1579 2563 1642 τοῖς
2626 1583 3012 1652 μαρτυρήσασι
3047 1585 3174 1647 τοὺς
3234 1587 3291 1636 έν
3330 1586 3585 1655 πολέμοις
3610 1590 3832 1639 πεσόν-

2228 1682 2327 1728 τας
2355 1670 2859 1741 συναριθμήσομεν,
2909 1672 3003 1733 οὓς
3022 1676 3050 1727 6
3082 1675 3257 1745 μέγας
3304 1676 3598 1741 Βασίλειος,
3624 1678 3711 1740 ὡς
3740 1680 3825 1751 μὴ

2232 1757 2500 1828 καθαροὺς
2542 1763 2642 1824 τάς
2659 1765 2847 1833 χεῖρας
2873 1805 2888 1830 ,
2920 1765 3011 1818 ἐπὶ
3041 1768 3287 1836 τριετίαν
3320 1768 3435 1821 τῶν
3457 1770 3835 1839 ἀγιασμάτων

2230 1848 2490 1918 ἀπεῖρξεν
2514 1870 2528 1915 ;

541 1922 868 1991 martyribus
908 1940 1023 1990 eos,
1090 1930 1179 1997 qui
1240 1929 1293 1983 in
1328 1929 1481 1987 bellis
1518 1934 1854 1998 ceciderunt,
1890 1935 2279 1993 adnunwetabin
2305 1958 2388 2009 us,
2418 1959 2555 2015 quos
2594 1963 2821 2019 magnus
2840 1949 3096 2016 Basilius,
3136 1960 3388 2023 tanquam
3437 1952 3525 2024 qui
3571 1951 3835 2022 impuras

540 2027 735 2069 manus
793 2030 1061 2085 gererent,
1142 2022 1377 2079 triennio
1433 2039 1464 2080 a
1523 2031 1881 2083 sacramentis
1938 2031 2147 2085 arcuit?

613 2110 716 2209 7_l
752 2110 981 2209 ΑῙξίδΤτ
1008 2114 1109 2181 Ωυὶ
1151 2131 1249 2184 pro
1278 2120 1479 2188 pietate
1505 2134 1730 2193 pugnat,
1778 2125 1990 2181 etiamsi
2018 2126 2117 2182 de-

2295 2134 2519 2189 ΑΡΙΣΤ.
2568 2136 2628 2188 '0
2658 2136 2987 2207 πολεμιστὴς
3023 2140 3089 2209 τῇ
3124 2138 3398 2209 εὐσεϐείᾳ.
3444 2141 3492 2191 εί
3524 2137 3617 2192 καὶ
3647 2138 3816 2206 ἀμύ-

540 2200 746 2263 feudat,
780 2202 1017 2259 triennio
1044 2221 1071 2259 a
1100 2212 1486 2268 communione
1526 2215 1819 2272 abstineat.

614 2289 919 2350 Homicidia
965 2294 1020 2351 in
1070 2297 1227 2355 bellis
1262 2300 1406 2356 facta
1450 2320 1559 2359 non
1612 2308 1900 2363 homicidia
1936 2325 1965 2363 a
2017 2308 2124 2365 Pa-

540 2390 579 2436 ti
595 2382 717 2437 ibus
742 2395 984 2451 reputata
1000 2398 1125 2443 sunt
1144 2392 1616 2461 (quemadmodum
1632 2408 1687 2450 et
1708 2413 1935 2466 magnus
1946 2401 2120 2454 Atha-

544 2471 729 2527 nasius
757 2474 823 2528 ad
847 2475 1099 2532 Animum
1129 2487 1455 2536 monachum
1490 2484 1706 2551 scribit,
1735 2487 1922 2541 dicens
1968 2501 1983 2542 :
2015 2488 2121 2543 Eos

540 2562 634 2631 qui
667 2577 727 2618 se
756 2565 808 2618 in
840 2566 983 2623 bello
1034 2570 1333 2630 fortissime
1372 2590 1661 2644 gesserunt
1710 2584 1917 2651 magnis
1949 2584 2123 2637 hono-

542 2654 690 2708 ribus
738 2655 954 2727 dignari
1007 2672 1245 2730 oportet,
1299 2674 1355 2721 et
1403 2668 1591 2737 cippos
1647 2670 1861 2726 illorum
1915 2676 2125 2744 erigere

541 2755 691 2814 gesta
742 2750 1075 2814 indicantes,
1141 2763 1199 2809 ut
1252 2758 1344 2825 qui
1396 2760 1727 2817 reluctantes
1761 2764 2126 2832 abstulerunt,

541 2846 768 2905 etopus
825 2840 1120 2909 legitimum
1152 2846 1498 2914 perfecerunt
1538 2862 1593 2905 et
1665 2854 1823 2909 laude
1873 2856 2119 2926 dignum)

541 2945 718 3001 neque
745 2948 971 3005 magnus
1001 2939 1088 2993 hic
1131 2941 1213 2993 vir
1258 2940 1524 3007 judicium
1580 2960 1769 3001 eorum
1829 2949 2119 3017 improbat,

540 3022 667 3091 quia
705 3040 804 3092 pro
836 3028 1093 3094 pudicitia
1123 3038 1176 3085 et
1202 3033 1404 3099 pietate
1436 3035 1619 3091 hostes
1642 3038 1982 3107 propulsant.
2011 3040 2119 3095 Sed

542 3122 729 3169 monet
754 3115 957 3170 bonum
985 3133 1105 3173 esse
1140 3132 1200 3175 ut
1231 3122 1352 3177 talis
1378 3139 1407 3177 a
1432 3129 1816 3186 communione
1859 3132 1969 3185 sola
2015 3133 2115 3186 ab-

542 3208 765 3275 stineat,
798 3209 924 3279 quia
960 3225 1122 3280 puras
1158 3227 1268 3267 non
1304 3214 1464 3271 habet
1488 3231 1705 3273 manus.

1130 3391 1359 3447 CANON
1393 3394 1533 3449 XIV.

2229 2241 2333 2288 νοι,
2395 2228 2643 2297 τριετίαν
2671 2228 2958 2298 ἀπεχέσθω
3015 2229 3114 2299 τῆς
3146 2230 3454 2291 κοινωνίας.

2300 2316 2440 2380 Τοὺς
2473 2318 2533 2371 ὲν
2562 2318 2820 2390 πολέμοις
2846 2320 3064 2387 φόνους,
3101 2319 3177 2391 μὴ
3212 2322 3409 2389 φόνους
3451 2321 3825 2389 λογισθέντας

2225 2409 2374 2477 παρὰ
2396 2409 2503 2462 τῶν
2538 2410 2819 2479 Πατέρων,
2852 2409 3033 2474 καθὼς
3074 2413 3167 2463 καὶ
3194 2414 3222 2464 6
3257 2413 3433 2482 μέγας
3487 2412 3826 2479 Ἀθανᾶσιος

2222 2500 2361 2569 πρὸς
2397 2499 2642 2569 ’Δμμοῦν
2667 2502 3315 2569 μονάζονταὲπιστέλλει,
3339 2503 3514 2573 τιμῶν
3532 2505 3818 2573 μεγάλων,

2224 2590 2424 2658 λέγων,
2456 2591 2742 2657 ἀξιοῦσθαι
2780 2595 2908 2656 τοὺς
2946 2595 3004 2647 ὲν
3066 2595 3326 2664 πολέμοις
3378 2598 3823 2668 ἀριστεύσαντας

2220 2682 2349 2753 χρὴ,
2395 2684 2487 2735 καὶ
2515 2684 2716 2751 στήλας
2762 2683 2967 2737 τούτων
3037 2686 3370 2755 ἐγείρεσθαι,
3428 2686 3821 2755 κηρυττούσας

2220 2776 2290 2829 τὰ
2324 2775 2752 2845 κατορθώματα,
2794 2777 2871 2839 ώς
2903 2778 3266 2847 ἀναιροῦντας
3302 2780 3427 2841 τοὺς
3454 2779 3815 2844 ἀντιπάλους,

2218 2868 2313 2922 καὶ
2344 2869 2585 2937 πρᾶγμα
2610 2867 2901 2931 ποιοῦντας
2925 2868 3168 2938 ἔννομον,
3205 2872 3301 2924 καὶ
3352 2871 3577 2925 ἐπαίνου
3617 2871 3777 2937 ἀξιον
3799 2891 3815 2905 ο

2217 2959 2337 3013 οὐδὲ
2369 2962 2398 3012 6
2428 2959 2595 3029 μέγας
2626 2953 2781 3023 οὗτος
2816 2961 2953 3031 ἀνὴρ
2982 2961 3082 3031 τὴν
3135 2963 3315 3030 κρίσιν
3376 2964 3556 3017 αὐτῶν
3606 2965 3818 3017 ἀποδο-

2218 3048 2464 3118 κιμάζει,
2515 3048 2602 3101 διὰ
2654 3049 2715 3101 τὸ
2769 3049 2909 3118 ὑπὲρ
2962 3051 3316 3120 σωφροσύνης
3374 3054 3469 3105 καὶ
3518 3051 3818 3115 εὐλαϐείας

2216 3142 2522 3210 ἀμύνεσθαι
2548 3141 2642 3194 τὸν
2675 3140 3035 3212 πολεμιστήν.
3074 3144 3219 3212 Πλὴν
3253 3143 3612 3211 συμϐουλεύει
3638 3145 3819 3197 καλὸν

2218 3230 2363 3286 εἶναι
2424 3235 2524 3302 τῆς
2555 3235 2843 3296 κοινωνίας
2885 3236 3051 3305 μόνης
3082 3235 3172 3287 τὸν
3201 3236 3443 3290 τοιοῦτον
3467 3236 3806 3306 ἀπέχεσθαι,

2217 3321 2307 3375 διὰ
2332 3322 2395 3375 τὸ
2416 3322 2493 3394 μὴ
2518 3321 2767 3392 καθαρὰς
2798 3322 2945 3391 ἔχειν
2976 3324 3073 3385 τὰς
3100 3326 3311 3393 χεῖρας.

2839 3413 3081 3467 ΚΑΝΩΝ
3116 3411 3213 3468 lA'.

541 3481 642 3547 Qui
674 3498 870 3539 usuras
901 3484 1124 3553 accipit,
1151 3485 1199 3539 si
1234 3485 1491 3554 injustum
1515 3487 1723 3542 lucrum
1758 3490 1810 3543 in
1854 3504 2118 3560 pauperes

2232 3504 2291 3557 Ὀ
2323 3506 2519 3569 τόκους
2549 3505 2846 3575 λαμϐάνων
2880 3505 2975 3559 ἑὰν
3001 3504 3363 3573 καταδέξηται
3392 3504 3452 3558 τὸ
3473 3505 3655 3561 ἐδικον
3679 3506 3819 3575 κέρ-

609 3591 935 3633 consumere
986 3578 1237 3644 voluerit,
1299 3587 1356 3633 et
1405 3580 1472 3632 ab
1508 3580 1753 3636 avaritiae
1800 3584 1989 3637 morbo
2018 3585 2113 3639 de-

612 3673 799 3741 inceps
831 3669 1075 3733 liberari,
1108 3680 1195 3726 est
1224 3670 1293 3726 ad
1321 3671 1688 3728 sacerdotium
1720 3674 2113 3731 admittendus.

613 3851 804 3907 BALS.
839 3851 1158 3908 Sanctorum
1184 3853 1401 3922 quidem
1427 3854 1792 3922 apostolorum
1822 3871 1998 3911 canon
2025 3857 2117 3923 ﬂ,

538 3946 827 4013 episcopos
854 3946 934 3998 vel
988 3946 1338 4015 presbyteros
1370 3946 1455 4000 vel
1502 3946 1764 4002 diaconos
1808 3947 2118 4005 fenerantes

539 4050 755 4091 cessare
786 4036 869 4091 vel
902 4036 1096 4104 deponi
1136 4044 1394 4104 oportere
1415 4035 1603 4091 deﬁnit
1636 4054 1650 4093 :
1677 4037 1920 4093 decimus
1955 4042 2119 4107 septi-

539 4142 660 4181 mus
692 4136 869 4181 autem
906 4142 1079 4181 canon
1113 4127 1302 4196 primm
1333 4128 1527 4197 synodi
1580 4142 1770 4184 omnes
1825 4132 2118 4187 canonicos

542 4217 848 4272 fenerantes
873 4218 1069 4287 deponi
1097 4202 1274 4286 jubet.
1307 4217 1453 4287 Lege
1474 4233 1604 4287 ergo
1626 4234 1815 4275 eorum
1846 4237 2114 4278 canonum

540 4308 1037 4379 interpretationes.
1096 4307 1203 4362 Sed
1254 4310 1378 4377 quia
1438 4309 1522 4363 lex
1568 4310 1745 4365 civilis
1794 4327 1903 4367 non
1964 4316 2118 4383 punit

539 4398 712 4454 laicos
741 4398 1072 4461 fenerantes.
1109 4399 1205 4452 sed
1260 4400 1425 4456 etiam
1458 4402 1723 4468 permittit
1773 4404 1839 4457 ad
1894 4420 2115 4460 usuram

538 4500 728 4545 mutuo
760 4490 926 4555 dare;
990 4491 1237 4545 nonnulli
1300 4502 1504 4556 autem,
1546 4501 1605 4546 ut
1652 4501 1736 4548 est
1797 4497 2114 4563 verisimile,

538 4580 853 4637 fenerantes
907 4583 1161 4637 volebant
1204 4584 1271 4637 ad
1314 4599 1531 4639 sacrum
1586 4585 1830 4641 ordinem
1890 4604 2112 4658 promo-

536 4675 679 4733 veri.
713 4685 767 4728 et
816 4686 1036 4744 propter
1082 4685 1240 4744 turpe
1292 4676 1503 4731 lucrum
1541 4679 1621 4734 eis
1675 4694 1781 4734 non
1833 4684 2117 4748 permitte-

2287 3595 2375 3658 δος
2412 3599 2493 3658 εἱς
2523 3598 2771 3665 πτωχοὺς
2823 3594 3139 3661 ἀναλῶσαι,
3170 3595 3265 3648 καὶ
3302 3594 3396 3648 τοῦ
3449 3594 3637 3648 λοιποῦ
3689 3596 3794 3647 τοῦ

2288 3690 2593 3758 νοσήματος
2626 3692 2725 3759 τῆς
2781 3686 3223 3758 φιλοχρηματίας
3271 3685 3679 3754 ἀπαλλαγῆναι,
3720 3686 3818 3738 δε-

2288 3778 2415 3840 κτός
2449 3781 2597 3831 ἐστιν
2628 3780 2707 3842 είς
2737 3778 3061 3848 ἱερωσύνην.

2290 3870 2489 3926 ΒΛΛΣ.
2535 3871 2592 3922 Ὀ
2624 3871 2723 3939 μὲν
2769 3871 2853 3939 μδ⁸
2884 3871 3066 3923 κανὼν
3114 3872 3223 3924 τῶν
3251 3872 3424 3937 ἁγίων
3481 3872 3809 3925 ἀποστόλων

2220 3963 2345 4023 τοὺς
2370 3961 3049 4025 τοκίζονταςιέπισκόπους
3082 3962 3114 4031 ἦ
3163 3961 3570 4030 πρεσϐυτέρους
3615 3961 3647 4030 ἦ
3688 3961 3813 4013 δια-

2221 4054 2407 4114 κόνους
2433 4052 2700 4104 παύεσθαι
2732 4051 2762 4120 ἢ
2794 4052 3177 4121 καθαιρεῖσθαι
3214 4052 3509 4121 διορίζεται
3538 4070 3553 4084 ’
3590 4054 3618 4105 6
3651 4052 3708 4105 δὲ
3737 4051 3812 4117 ιζ’

2220 4144 2397 4197 κανὼν
2439 4144 2537 4213 τῆς
2568 4141 2614 4197 α’
2660 4145 2880 4196 συνόδου
2913 4144 3122 4205 πάντας
3159 4145 3286 4205 τοὺς
3342 4143 3663 4205 κανονικοὺς
3718 4161 3816 4196 το-

2218 4234 2471 4296 κίζοντας
2538 4233 2921 4298 καθαιρεῖσθαι
2981 4231 3446 4302 παρακελεύεται·
3524 4231 3811 4300 ἀνάγνωθι

2217 4322 2311 4378 οὖν
2342 4324 2439 4386 τὰς
2472 4324 2581 4376 τῶν
2622 4322 2883 4375 τοιούτων
2936 4322 3179 4375 κανόνων
3258 4322 3578 4391 ἑρμηνείας.
3648 4323 3811 4377 Ἐπεὶ

2217 4415 2273 4467 δὲ
2304 4416 2331 4467 6
2365 4414 2643 4476 πολιτικὸς
2674 4413 2839 4482 νόμος
2874 4412 2934 4465 ού
2971 4412 3192 4475 κολάζει
3236 4415 3362 4475 τοὺς
3397 4412 3619 4475 λαῖκοὺς
3652 4415 3809 4465 τοκί-

2219 4508 2429 4571 ξοντας,
2475 4507 2611 4559 ἀλλά
2636 4505 2729 4558 καὶ
2770 4503 2972 4573 μᾶλλον
3004 4502 3291 4572 ἐπιτρέπει
3324 4504 3461 4573 μετά
3505 4506 3668 4556 τόκου
3708 4504 3812 4555 δα-

2218 4600 2436 4662 νείζειν,
2472 4597 2614 4657 τινὲς
2636 4595 2802 4661 δὲ,ώς
2828 4596 2995 4659 ἔοικε,
3049 4594 3387 4657 δανείζοντες
3417 4594 3591 4656 οὕτως
3610 4592 3811 4664 ἠθελον

2220 4690 2518 4759 ἀξιωθῆναι
2552 4687 2763 4758 βαθμοῦ
2796 4685 3094 4757 ἱερατικοῦ,
3146 4686 3241 4739 καὶ
3284 4687 3383 4737 οὒκ
3429 4686 3678 4754 ἐδέχοντο
3717 4687 3809 4739 διὰ

536 4766 696 4820 batur
734 4786 746 4820 :
783 4768 913 4820 dicit
966 4782 1095 4834 ergo
1130 4778 1350 4822 sanctus
1400 4783 1496 4823 eos
1543 4770 1706 4825 etiam
1744 4773 1811 4824 ad
1848 4774 2104 4828 sacerdo-

2232 4781 2307 4851 ;ὴν
2335 4780 2427 4832 τοῦ
2462 4783 2621 4832 τόκου
2650 4778 3099 4849 αἰσχροκέρδειαν
3121 4792 3134 4806 ’
3167 4777 3371 4844 φησῖνὸ
3396 4777 3547 4842 ἅγιος
3564 4779 3655 4830 καὶ
3677 4780 3808 4838 τοὺς

537 4860 671 4910 tium
701 4858 1085 4919 admittendos.
1118 4860 1160 4911 si
1195 4875 1316 4929 quae
1363 4876 1426 4915 ex
1479 4862 1666 4916 usuris
1710 4864 1935 4917 collecta
1990 4874 2116 4917 sunt

535 4949 589 5001 lu
625 4964 892 5018 pauperes
942 4953 1404 5019 consumpserint,
1456 4962 1510 5005 et
1565 4968 1624 5008 se
1675 4954 1727 5007 id
1780 4958 2114 5010 asseruerint

533 5059 643 5100 non
675 5042 907 5109 amplius
948 5042 1212 5097 facturos.

605 5135 860 5192 ZONAR.
899 5135 1150 5190 Decimus
1176 5136 1435 5204 septimus
1461 5134 1690 5192 Nicaeum
1713 5140 1897 5207 prima:
1922 5143 2113 5213 synodi

536 5244 711 5284 canon
738 5242 834 5281 eos
858 5229 947 5297 qui
978 5227 1321 5291 fenerantur,
1369 5228 1638 5297 siquidem
1686 5234 1864 5285 sacris
1913 5233 2112 5288 initiati

539 5321 674 5385 sint,
709 5318 902 5388 deponi
935 5316 1109 5385 jubet.
1142 5317 1235 5373 Hic
1272 5333 1399 5373 vero
1429 5335 1659 5389 magnus
1707 5319 1886 5381 Pater.
1935 5323 2117 5392 Siqui-

541 5412 893 5481 dem,inquit,
919 5411 1138 5465 fenebre
1171 5411 1376 5464 lucrum
1401 5410 1457 5465 in
1485 5427 1748 5482 pauperes
1769 5412 2119 5482 distribuant,

538 5518 603 5557 ac
629 5504 888 5573 deinceps
914 5518 943 5557 a
978 5502 1276 5557 feuerando
1306 5502 1635 5569 abstineant,
1682 5504 1734 5558 in
1771 5520 1984 5559 sacrum
2024 5522 2112 5560 or-

537 5596 719 5649 dinem
773 5596 988 5650 admitti
1042 5604 1316 5656 poterunt.
1369 5594 1529 5649 Forte
1584 5598 1746 5665 igitur
1794 5608 2109 5666 praesentem

538 5701 803 5741 canonem
832 5686 978 5742 edito
1010 5702 1036 5739 a
1064 5685 1295 5742 Nicaanis
1322 5687 1573 5741 Patrihus
1607 5689 1803 5743 canoni
1835 5690 2107 5744 adversari

537 5776 806 5843 quispiam
836 5778 1275 5834 existimaverit:
1323 5779 1415 5835 sed
1464 5794 1570 5833 non
1633 5789 1712 5834 cst
1764 5781 1857 5833 ita.
1913 5780 2004 5833 Ille
2042 5782 2113 5835 ai-

2218 4873 2491 4932 τοιούτους
2543 4868 2793 4939 δέχεσθαι
2826 4869 2906 4931 είς
2938 4865 3261 4937 ἱερωσύνην,
3291 4865 3384 4917 ἐὰν
3415 4868 3483 4917 τά
3510 4866 3618 4917 ἀπὸ
3638 4868 3804 4922 τόκου

2225 4962 2559 5032 συναχθέντα
2580 4964 2658 5024 εἰς
2682 4961 2935 5029 πτωχοὺς
2966 4956 3306 5019 ἀναλώσωσι,
3333 4958 3428 5010 καὶ
3452 4958 3775 5011 κατάθωντα

2224 5055 2424 5124 μηκέτι
2457 5052 2614 5105 τοῦτο
2652 5052 2897 5119 ποιῆσαι.

2293 5146 2535 5199 ΖΩΝΔΡ.
2583 5144 2642 5195 Ὀ
2672 5140 2737 5206 ιζ’
2776 5138 2955 5195 κανὼν
2982 5140 3081 5207 τῆς
3105 5139 3162 5190 ὲν
3194 5138 3401 5209 Νικαίᾳ
3423 5135 3649 5205 πρώτης
3673 5152 3805 5187 συν·

2223 5237 2342 5290 όδου
2368 5238 2494 5297 τοὺς
2533 5236 2625 5286 ἐπὶ
2648 5235 2831 5295 τόκοις
2853 5231 3199 5296 δανείζοντας
3244 5229 3574 5299 ἱερωμένους
3608 5226 3808 5280 καθαι-

2226 5326 2434 5396 ρεῖσθαι
2465 5324 2817 5393 προστάττει.
2858 5322 2920 5375 ’0
2972 5321 3032 5374 δι
3092 5321 3262 5388 μέγας
3298 5312 3450 5380 οὗτος
3489 5316 3706 5385 Πατὴρ,
3756 5317 3805 5368 εί

2221 5418 2281 5469 τὺ
2312 5419 2376 5469 ὲκ
2408 5417 2515 5468 τῶν
2547 5416 2726 5468 τόκων
2760 5417 2973 5485 κέρδος,
3009 5413 3193 5481 φησὶν.
3228 5415 3308 5471 είς
3359 5411 3609 5477 πτωχοὺς
3664 5409 3807 5460 ἀνα-

2220 5509 2401 5570 λώσει,
2439 5506 2531 5558 καὶ
2561 5505 2655 5558 τοῦ
2687 5504 2876 5558 λοιποῦ
2909 5505 3221 5572 ἀπόσχηται
3254 5499 3345 5554 τοῦ
3388 5497 3657 5562 τοκίζειν,
3707 5498 3803 5550 δεο

2223 5600 2356 5649 x16:
2394 5600 2542 5648 ἐστιν
2572 5598 2651 5656 εἰς
2690 5595 3011 5664 ἱερωσύνην.
3050 5595 3204 5655 Ἴσως
3236 5590 3326 5643 οῦν
3351 5606 3493 5642 τισιν
3522 5588 3805 5639 ἐναντιοῦ-

2226 5690 2349 5741 σθαι
2380 5688 2520 5751 δόξει
2548 5687 2625 5756 τῷ
2650 5685 2757 5739 τῶν
2781 5686 2837 5735 ἐν
2866 5685 3068 5754 Νικαίᾳ
3090 5684 3351 5750 Πατέρων
3393 5679 3576 5732 κανόνι
3597 5677 3626 5729 6
3660 5694 3806 5747 παρ·

2220 5779 2292 5831 ὼν
2342 5777 2552 5831 κανών
2590 5776 2703 5831 ἁλλ’
2729 5776 2828 5829 οὐκ
2860 5774 2973 5828 ἔστι
3036 5772 3214 5826 τοῦτο.
3253 5771 3489 5833 Ἐκεῖνος
3539 5768 3638 5838 μὲν
3691 5768 3805 5837 γὰρ
