3998 6326
195 349 314 421 6ιί

1186 362 1267 429 ΙΝ
1302 365 1544 428 EPIST-
1580 370 1638 430 S.
1683 369 1965 430 BASILII
2019 375 2450 441 CANONlCAM
2491 383 2537 443 ῐ.

3345 397 3454 463 642

192 471 340 539 περὶ
385 471 700 541 ἱερωμένων
745 474 1092 530 διατάττεται
1139 479 1485 542 τοκιζόντων,
1547 473 1703 541 οὗτος
1740 482 1756 530 ἑ

1902 485 2114 549 quidem
2145 491 2207 540 dc
2236 492 2406 545 sacris
2447 492 2724 549 ordinibus
2771 494 3018 564 initiatis,
3060 505 3145 556 hic
3178 516 3354 560 autem
3387 513 3452 562 de

193 565 339 628 περὶ
371 561 597 628 λαῖκῶν,
629 567 722 617 καί
761 565 851 617 τὸν
891 566 1263 636 ἀποσχόμενον
1287 567 1382 620 τοῦ
1415 570 1650 630 τοκίζειν
1675 570 1790 622 λαῖ-

1894 569 2044 626 laicis
2071 574 2436 636 leuet-antibus
2459 584 2723 641 decernit.
2747 586 2811 640 Et
2835 604 2956 642 eum
2980 593 3070 659 qui
3101 608 3128 645 a
3157 593 3450 650 fenerandu

199 653 329 708 κδν.
357 653 453 704 καὶ
475 654 533 704 τὸ
576 654 785 738 ἐκεῖθεν
809 656 1093 725 περιελθὸν
1117 657 1265 726 αύτῷ
1285 659 1471 727 κέρδος
1491 659 1771 711 διαδιδόντα

1892 663 2158 718 abstineat
2188 669 2380 722 laicum
2409 710 2424 734 ,
2471 677 2716 744 quodque
2741 679 2810 731 illi
2846 681 2966 733 inde
2982 653 3222 750 superest
3243 688 3446 740 lucrum

213 745 458 811 πτωχοῖς
495 743 570 813 μὴ
595 727 983 814 ἑμποδίςεσθαι
1009 747 1158 816 λέγει
1194 751 1537 818 προαχθῆναι
1564 750 1644 814 εἰς
1706 752 1783 802 ἰε-

208 836 492 903 ρωσύνην.
1222 832 1224 835 ’

277 924 512 978 ΑΡΙΣΤ.
572 925 629 977 '0
666 927 853 989 τόκους
877 926 1163 997 λαμϐάνων
1216 930 1403 993 δεκτδς
1453 933 1529 994 είς
1555 931 1782 1002 ἰερωσύ-

197 1028 329 1080 νην,
361 1011 758 1080 διορθούμενος.

279 1102 578 1171 Διόρθωσις
614 1104 669 1155 δὲ
702 1105 895 1157 τούτου
925 1107 1061 1177 αὕτη
1101 1109 1236 1172 ἐστὶ,
1270 1109 1329 1161 τὸ
1361 1111 1638 1165 ἀναλῶσαι
1699 1112 1782 1173 εἰς

211 1196 468 1260 πτωχοὺς
493 1195 553 1245 τὸ
575 1196 930 1264 ἑπισυναχθὲν
965 1200 1026 1249 ἑκ
1056 1199 1161 1250 τῶν
1178 1201 1346 1253 τόκων
1365 1201 1544 1254 ἄδικον
1573 1203 1780 1270 κέρδος,

206 1289 305 1335 καὶ
333 1285 674 1352 ὑποσχέσθαι
716 1287 911 1353 μηκέτι
949 1289 1024 1356 τῷ
1056 1290 1280 1358 τοιούτῳ
1307 1291 1403 1360 τῆς
1451 1293 1782 1362 φιλοχρημα-

203 1376 328 1435 τίας
353 1378 622 1444 νοσήματι
659 1378 941 1444 ἐμπεσεῖν.

766 1470 1000 1522 ΚΑΝΩΝ
1050 1470 1150 1525 ΙΕ’.

204 1557 493 1625 Θαυμάζω
532 1557 588 1612 δέ
630 1575 758 1622 που,
793 1564 889 1629 τὴν
921 1565 1314 1635 γραμματικὴν
1346 1567 1634 1636 ἀκρίϐειαν
1686 1571 1778 1624 ἑπί

281 1649 383 1714 τῆς
418 1650 637 1717 γραφῆς
685 1651 1066 1717 ἀπαιτοῦντος,
1143 1655 1233 1706 καὶ
1282 1655 1632 1724 λογιζομένου
1691 1660 1775 1711 ὃτι

287 1741 683 1809 ἠναγκασμένη
739 1743 887 1793 ἐστὶν
945 1745 977 1812 ἠ
1024 1743 1164 1806 λέξις
1203 1747 1300 1814 τῆς
1361 1747 1654 1814 ἑρμηνείας
1719 1751 1776 1802 τὸ

280 1829 477 1895 ἑαυτῆς
511 1828 747 1900 εύσημον
772 1832 1103 1900 ἐκδιδούσης,
1136 1836 1195 1886 οὐ
1222 1838 1283 1888 τὸ
1327 1838 1528 1906 κυρίως
1559 1841 1775 1908 ὑπὸτῆς

290 1917 585 1988 Ἐὅραῖκῆς
632 1923 813 1991 φωνῆς
884 1926 1282 1993 σημαινόμενον
1362 1929 1770 1996 μετατεθείσης.

292 2009 449 2061 Ἐπεὶ
478 2011 532 2061 δὲ
562 2011 640 2063 δεῖ
678 2013 752 2081 μὴ
785 2015 969 2082 ἀργῶς
1001 2017 1288 2083 παρελθεῖν
1335 2019 1394 2068 τὸ
1426 2020 1519 2070 ὑπ’
1583 2021 1773 2090 ἀνδρὸς

281 2100 580 2170 ζητητικοῦ
616 2104 836 2171 κινηθὲν
865 2106 1175 2174 πρόσλημα,
1207 2109 1274 2161 τά
1301 2110 1524 2162 πετεινὰ
1552 2111 1645 2162 τοῦ
1687 2114 1776 2163 οὑ-

287 2193 477 2260 ρανοῦ,
511 2193 604 2246 καὶ
625 2197 670 2247 οἱ
707 2195 884 2263 ἰχθύες
911 2198 1008 2264 τῆς
1044 2197 1315 2267 θαλάσσης
1345 2202 1438 2252 καὶ
1472 2203 1528 2252 ἑν
1554 2203 1614 2270 τῇ
1646 2219 1773 2254 κοσ-

289 2285 512 2352 μοποιίᾳ
545 2285 642 2353 τὴν
681 2286 849 2353 αὐτὴν
873 2287 1060 2354 ἔλαχον
1090 2289 1323 2354 γένεσιν.
1363 2289 1456 2341 Ἐκ
1489 2291 1595 2342 τῶν
1651 2292 1774 2342 ὑδά-

293 2391 402 2426 των
437 2377 544 2443 γάρ
575 2376 776 2446 ἐξήχθη
802 2379 1084 2446 ἀμφότερα
1105 2380 1170 2431 τὰ
1199 2380 1348 2449 γένη.
1395 2381 1466 2431 Τὸ
1499 2381 1554 2432 δὲ
1582 2384 1771 2447 αἴτιον,

285 2466 366 2516 ὅτι
393 2467 592 2518 ταυτόν
621 2469 769 2518 ἑστιν
811 2469 1088 2535 ἑκατέροις
1133 2469 1346 2537 ἰδίωμα.
1398 2470 1476 2522 Τὰ
1527 2471 1625 2539 μὲν
1665 2473 1772 2541 γάρ

275 2555 590 2625 διανήχεται
618 2559 679 2608 τὸ
719 2558 882 2628 ὕδωρ,
920 2560 988 2610 τά
1027 2558 1082 2609 δὲ
1131 2560 1446 2628 ἐπινήχεται
1503 2561 1579 2629 τῷ
1629 2563 1770 2632 ἀέρι.

283 2648 382 2697 Διὰ
412 2647 566 2699 τοῦτο
599 2649 696 2715 μὲν
724 2647 816 2700 οὖν
861 2652 1010 2717 κοινῇ
1046 2648 1584 2718 αύτῶνιπεμνήσθη.
1612 2651 1683 2702 Τὸ
1717 2652 1771 2703 δὲ

282 2737 466 2804 σχῆμα
496 2737 586 2787 τοῦ
630 2738 810 2804 λόγου,
861 2739 932 2798 ὡς
997 2737 1093 2806 μὲν
1167 2738 1296 2807 πρὸς
1364 2741 1490 2800 τοὺς
1558 2740 1766 2808 ἰχθύας,

277 2825 666 2893 ἀκαταλλήλως
701 2825 959 2894 ἁποδόθη,
991 2826 1064 2886 ὡς
1107 2825 1162 2877 δὲ
1199 2825 1330 2894 πρὸς
1377 2828 1548 2878 πάντα
1588 2829 1654 2877 τὰ
1713 2828 1769 2879 ἑν

286 2914 441 2965 ὖδασι
478 2915 825 2977 διαιτώμενα,
851 2915 944 2966 καὶ
975 2917 1118 2966 πάνυ
1151 2915 1386 2976 οίκεὶως.
1435 2916 1514 2965 Τὰ
1545 2916 1652 2982 γὰρ
1677 2931 1770 2965 πε-

284 3003 434 3053 τεινά
466 3001 556 3053 τοῦ
578 3001 809 3072 ούρανοῦ
841 3001 1300 3088 ὑποτέτακταιτῴ
1343 3000 1637 3070 ἀνθρώπῳ,
1675 3002 1768 3053 καὶ

281 3095 331 3144 oi
366 3093 542 3159 ἰχθύες
591 3091 1036 3161 τῆξ-θαλάσσης,
1087 3093 1182 3144 καὶ
1223 3092 1322 3143 ούκ
1383 3092 1534 3144 αὐτοὶ
1591 3094 1766 3158 μόνον,
1799 3108 1842 3167 α

284 3183 418 3236 ἀλλά
443 3185 532 3234 καὶ
561 3183 734 3236 πάντα
757 3184 824 3234 τά
857 3181 1286 3250 διαπορευόμενα
1318 3180 1537 3250 τρίϐους
1568 3181 1762 3233 θαλάσο

288 3289 403 3340 σης.
428 3273 500 3324 Οὐ
530 3272 658 3338 γὰρ,
686 3272 738 3324 εῐ
761 3288 812 3323 τι
846 3271 1082 3336 ἔνυδρον,
1108 3271 1200 3322 καὶ
1234 3270 1383 3339 ἰχθύς
1399 3272 1567 3335 ἑστιν,
1593 3272 1668 3332 ὠς
1695 3270 1762 3322 τά

274 3362 512 3431 κητώδη,
542 3362 814 3426 φάλαιναι,
840 3360 932 3411 καὶ
953 3359 1225 3425 ζύγαιναι,
1256 3364 1349 3412 καὶ
1380 3359 1653 3426 δελφῖνες,
1671 3362 1765 3412 καὶ

283 3451 488 3520 φῶκαι,
524 3452 617 3502 καὶ
655 3451 879 3518 προσέτι
916 3451 1092 3512 ἵπποι,
1128 3450 1222 3501 καὶ
1267 3450 1450 3511 κύνες,
1481 3451 1574 3500 καὶ
1611 3451 1760 3516 πρίοο

277 3561 386 3605 νες,
415 3545 506 3595 καί
531 3542 724 3608 ξιφίαι,
748 3543 838 3593 καὶ
864 3542 910 3593 οί
929 3540 1204 3594 θαλάσσιοι
1230 3539 1363 3608 βόες·
1405 3540 1451 3590 εἰ
1488 3541 1543 3593 δὲ
1567 3539 1761 3609 βούλει,

287 3637 383 3687 καὶ
417 3635 696 3700 ἀκαλῆφαι
722 3672 736 3694 ,
776 3633 868 3686 καὶ
902 3631 1104 3694 κτένες,
1165 3631 1258 3682 καὶ
1306 3631 1373 3682 τὰ
1407 3631 1763 3699 ὀστρακόρινα

281 3726 476 3788 πάντα,
510 3717 581 3776 ὧν
605 3723 755 3774 οὐδέν
778 3723 927 3773 ἑστιν
959 3721 1105 3789 ἰχθύς
1127 3736 1140 3750 ’
1181 3720 1273 3773 καὶ
1317 3721 1490 3772 πάντα
1518 3721 1553 3773 ἃ
1580 3722 1766 3774 διαποο

281 3814 492 3885 ρεύεται
550 3813 765 3883 τρίδους
792 3812 1079 3878 θαλάσσης,
1137 3811 1210 3870 ὡς
1248 3807 1383 3864 εἶναι
1418 3818 1467 3878 γ’
1527 3813 1763 3880 τὰγένη,

283 3907 498 3972 πετεινὰ
513 3905 572 3956 οὐ
582 3903 759 3973 ρανοῠ,
779 3901 963 3971 ἰχθύας
981 3902 1270 3971 θαλάσσης,
1290 3904 1383 3954 καί
1405 3903 1503 3955 ὅσα
1519 3903 1658 3955 τῶν“’
1683 3904 1737 3956 δύ
1752 3933 1767 3944 -

283 3995 423 4060 δρων
465 3995 575 4052 τοίς
608 3991 817 4059 ἰχθύσιν
850 3989 1301 4057 άντιστελλόμενα
1359 3989 1765 4058 διαπορεύονται

273 4085 366 4135 καὶ
398 4081 536 4133 αὐτὰ
589 4082 686 4142 τὰς
747 4081 966 4149 τρίδους
1008 4079 1300 4144 θαλάσσης.

783 4168 1016 4222 ΚΑΝΩΝ
1052 4169 1165 4234 ιιτ.

217 4264 282 4313 ὐ
319 4262 372 4314 δὲ
393 4262 622 4326 Νααμάν
651 4261 768 4328 οὐχὶ
815 4261 986 4328 μέγας
1023 4260 1171 4329 παρὰ
1206 4260 1412 4329 Κυρίῳ,
1449 4261 1582 4314 ἀλλὰ
1622 4261 1752 4329 παρ’

278 4352 422 4419 αὐτῷ
472 4351 644 4420 κυρίῳ
683 4349 878 4402 αὑτοῦ·
951 4349 1216 4409 τουτέστι,
1277 4348 1383 4401 τῶν
1438 4350 1756 4420 παραδυνω

1891 757 2217 820 pauperibus
2247 759 2522 828 largiatur,
2563 768 2970 837 haudquaquam
3009 775 3254 839 impediri
3294 793 3445 829 asse-

1889 843 1981 906 rit,
2014 849 2297 912 quoininus
2331 852 2378 902 in
2412 869 2623 907 sacrum
2655 861 2896 912 ordinem
2925 868 3226 928 promoveri
3255 869 3440 932 possit.

1955 934 2180 990 ARIST.
2210 937 2307 1003 Qui
2342 958 2530 996 usuras
2555 948 2772 1016 accipit,
2806 965 3080 1005 correcws
3111 956 3162 1005 in
3197 958 3445 1010 sacerdo-

1889 1022 2018 1076 tiuut
2049 1027 2369 1084 admittitur.

1953 1111 2124 1182 Hujus
2155 1126 2331 1171 autem
2363 1126 2628 1180 correctio
2662 1127 2776 1182 hac
2839 1138 2942 1190 est,
2971 1141 3031 1184 ut
3075 1132 3128 1184 in
3179 1150 3442 1201 pauperes

1883 1207 2151 1271 expendat
2177 1208 2434 1276 injustunt
2471 1214 2677 1268 lucrum
2726 1235 2792 1270 cx
2831 1223 3016 1275 usuris
3046 1225 3357 1285 collectum,
3390 1234 3443 1276 et

1881 1294 2200 1360 proﬁteatur
2241 1314 2300 1351 se
2326 1303 2555 1368 posthac
2591 1306 2642 1357 in
2675 1306 2979 1363 istiusmodi
3014 1313 3252 1364 avaritiae
3298 1329 3442 1365 mur-

1882 1386 2003 1437 bum
2035 1401 2138 1438 non
2170 1389 2428 1444 indicere.

2478 1484 2704 1538 CANON
2735 1485 2849 1540 XV.

1877 1565 2134 1623 Admiror
2169 1583 2347 1627 autem
2380 1587 2522 1626 tuam
2559 1577 2840 1632 litteralem
2876 1580 2927 1632 itt
2961 1581 3223 1649 scriptura
3263 1587 3436 1640 subti-

1947 1659 2177 1723 litatem,
2213 1666 2302 1732 qui
2355 1666 2614 1731 postules,
2663 1676 2719 1722 et
2773 1681 2985 1736 reputes
3037 1684 3276 1727 coactam
3312 1691 3433 1730 e~se

1949 1750 2241 1806 dictionem
2274 1797 2289 1817 ,
2338 1766 2520 1822 utpote
2575 1758 3018 1827 interpretatione
3049 1802 3062 1825 ,
3106 1770 3245 1830 quod
3298 1781 3327 1817 a
3377 1783 3436 1821 se

1948 1839 2085 1894 bene
2113 1843 2463 1909 signiﬁcatur,
2501 1850 2857 1914 exprimente,
2913 1866 3017 1902 non
3058 1855 3199 1920 quod
3230 1870 3257 1906 a
3306 1872 3436 1911 voce

1950 1927 2168 1984 Hebraea
2242 1938 2450 2002 proprie
2495 1937 2777 1990 denmatur
2852 1941 3231 1996 transferente.
3293 1944 3429 2011 Quia

1947 2025 2123 2075 autem
2157 2035 2364 2092 Oportet
2397 2031 2770 2095 quastionem,
2802 2046 2918 2098 quin
2958 2048 2986 2083 a
3017 2035 3129 2084 viro
3157 2037 3431 2102 quaerendi

1943 2113 2186 2165 studioso
2214 2115 2379 2180 posita
2405 2127 2505 2176 est,
2562 2133 2664 2169 non
2704 2120 2874 2173 otiose
2915 2124 3192 2187 praeterire
3225 2141 3239 2180 :
3283 2127 3432 2177 volu-

1945 2215 2063 2254 cres
2086 2203 2239 2265 creli,
2274 2213 2327 2256 et
2353 2207 2523 2270 pisces
2548 2209 2730 2272 maris,
2761 2210 2918 2262 etiam
2962 2210 3011 2262 in
3048 2214 3226 2264 mundi
3283 2229 3432 2266 crea-

1946 2290 2088 2344 tione
2117 2295 2358 2346 eamdem
2386 2299 2784 2360 generatiOnem
2842 2301 3014 2353 sortiti
3074 2313 3218 2354 sunt.
3256 2305 3428 2356 Atnbu

1945 2378 2086 2430 enim
2121 2396 2314 2446 genera
2347 2397 2411 2434 ex
2438 2385 2592 2450 aquis
2619 2383 2872 2451 producta
2928 2400 3072 2440 sunt.
3113 2389 3282 2441 Causa
3329 2406 3429 2441 an—

1945 2475 2244 2537 !em,qn0d
2297 2475 2537 2540 utrisque
2614 2475 2798 2527 eadem
2855 2488 2935 2529 est
2994 2481 3306 2546 proprietas.
3364 2482 3430 2534 Ili

1943 2571 2116 2612 autem
2139 2577 2232 2628 per
2263 2578 2405 2616 mare
2431 2574 2638 2628 natant,
2665 2565 2738 2617 illi
2762 2581 2888 2619 vero
2909 2577 3259 2634 supernatant
3292 2571 3426 2625 aeri.

1959 2648 2242 2717 Propterea
2273 2667 2400 2714 ergo
2430 2668 2612 2706 eorum
2642 2657 2996 2708 communiter
3031 2659 3289 2711 meminit.
3339 2658 3430 2711 Fi-

1943 2754 2070 2806 gura
2106 2750 2284 2793 autem
2322 2743 2602 2804 orationis,
2633 2754 2688 2796 ut
2722 2746 2785 2795 ad
2817 2747 2989 2812 pisces
3024 2747 3261 2812 quidem,
3301 2761 3428 2813 pro-

1943 2830 2056 2895 prie
2094 2830 2296 2882 reddita
2337 2849 2349 2882 :
2390 2840 2446 2882 ut
2477 2842 2654 2883 autem
2686 2833 2750 2884 ad
2780 2834 2953 2885 omnia
2987 2848 3103 2900 qua:
3147 2836 3342 2902 degunt
3369 2835 3425 2888 in

1937 2919 2109 2984 aquis,
2137 2922 2353 2972 omnino
2383 2923 2543 2973 etiam
2575 2932 2720 2988 apte.
2770 2921 2898 2974 Nam
2928 2935 2981 2976 et
3021 2925 3265 2980 volucres
3300 2928 3422 2979 caeli

1939 3007 2138 3060 homini
2199 3009 2421 3076 subjecti
2480 3019 2605 3062 sunt
2651 3021 2704 3062 et
2749 3011 2923 3077 pisces
2970 3013 3156 3076 maris,
3213 3023 3264 3066 et
3323 3029 3428 3066 non

1944 3099 2047 3166 72
2079 3101 2174 3166 ipsi
2204 3101 2399 3162 solum,
2431 3102 2523 3154 sed
2549 3112 2602 3153 et
2637 3103 2816 3154 omnia
2847 3118 2965 3171 qua:
3001 3105 3163 3156 maris
3207 3105 3429 3157 semitas

1939 3192 2308 3257 perantbulant
2335 3193 2378 3244 ⁸.
2405 3190 2519 3245 Non
2543 3194 2685 3245 enim
2709 3193 2750 3245 si
2777 3193 2901 3260 quid
2935 3203 3017 3245 est
3066 3193 3316 3260 aquatile,
3349 3207 3430 3252 est,

1937 3280 2098 3331 etiam
2135 3281 2316 3345 piscis,
2351 3291 2409 3332 ut
2435 3292 2556 3333 sunt
2585 3291 2720 3344 cete,
2755 3281 2991 3344 balenae,
3036 3291 3090 3335 et
3123 3287 3426 3350 xygcnaawt

1940 3368 2235 3436 delphines,
2266 3379 2317 3421 et
2353 3371 2556 3437 phocae,
2582 3380 2634 3423 et
2663 3380 2917 3438 praeterea
2973 3372 3115 3438 equi,
3153 3381 3205 3423 et
3243 3387 3424 3434 canes,

1938 3466 1991 3508 et
2023 3471 2206 3520 serrae,
2241 3468 2294 3512 et
2323 3458 2502 3524 gladii,
2537 3469 2589 3512 et
2620 3459 2777 3513 boves
2802 3460 2991 3512 marini
3025 3478 3038 3512 :
3067 3463 3110 3512 si
3141 3461 3216 3512 vis
3244 3469 3423 3514 autem

1941 3545 2102 3597 etiam
2159 3545 2362 3608 urticae,
2410 3553 2463 3598 et
2524 3546 2783 3611 pectines,
2825 3552 2878 3599 et
2939 3546 3114 3596 omnia
3155 3551 3414 3600 testacea.
3459 3579 3461 3582 ι

1947 3650 2171 3704 quorum
2211 3635 2410 3687 nullum
2439 3645 2522 3688 est
2554 3635 2739 3702 piscis.
2788 3635 2852 3687 Et
2908 3635 3086 3686 omnia
3136 3648 3252 3698 qua:
3310 3635 3424 3686 vias

1944 3728 2105 3778 maris
2133 3725 2520 3791 peratnbulant,
2554 3734 2606 3776 ιιι
2631 3725 2732 3776 sint
2762 3724 2862 3776 tria
2910 3736 3127 3792 genera,
3180 3724 3425 3775 volucres

1941 3815 2083 3876 cmli,
2139 3817 2311 3880 pisces
2371 3813 2554 3876 maris,
2616 3823 2662 3865 et
2715 3828 3040 3881 quaecunque
3087 3811 3336 3878 aquatilia
3394 3829 3422 3861 a

1939 3905 2173 3968 piscibus
2238 3899 2484 3952 distincta
2541 3901 2652 3966 ipsa
2721 3913 2928 3970 quoque
2978 3900 3142 3953 maris
3206 3899 3425 3952 semitas

1942 3989 2329 4061 perambulant.

2445 4166 2672 4220 CANON
2712 4164 2849 4218 XVI.

1870 4261 2106 4312 Naamaa
2137 4269 2312 4311 autem
2360 4273 2468 4310 non
2500 4271 2720 4324 magnus
2776 4257 2911 4322 apud
2954 4256 3260 4316 Dominum,
3326 4254 3420 4307 sed

1953 4350 2093 4416 apud
2125 4349 2395 4401 dominum
2420 4363 2571 4399 suum
2609 4363 2621 4398 :
2657 4348 2755 4399 ltoc
2801 4357 2902 4410 est,
2936 4363 3072 4399 unus
3097 4357 3209 4399 crat
3233 4361 3297 4398 ex
3329 4345 3420 4405 iis,

283 4441 572 4492 ateudnwv
622 4435 690 4508 ἦν
738 4438 815 4506 τῷ
851 4437 1060 4507 βασιλεῖ
1110 4438 1217 4490 τῶν
1274 4436 1478 4506 Σύρων.
1515 4439 1752 4528 mpm-Xa

1941 4436 2032 4502 qui
2066 4451 2307 4504 magnam
2343 4435 2655 4488 obtinebant
2693 4444 3006 4500 potestatem
3054 4436 3190 4500 apttd
3241 4447 3420 4500 regem

275 4525 367 4581 οὖν
397 4529 638 4598 ἀκριϐῶς
669 4531 734 4597 τῇ
765 4529 986 4597 Γραφῇ,
1014 4528 1107 4578 καὶ
1143 4526 1366 4578 αὐτόθεν
1389 4528 1637 4597 εὑρήσεις
1662 4525 1759 4598 τῆν

279 4619 430 4669 λύσιν
463 4619 555 4670 τοῦ
591 4619 925 4686 ζητήματος.

281 4709 469 4764 ΒΔΛΣ.
511 4710 574 4761 Ol
610 4710 874 4778 παρόντες
901 4708 993 4760 δύο
1030 4707 1250 4769 κανόνες
1279 4711 1306 4760 ὁ
1333 4715 1392 4760 ιε’
1419 4710 1510 4761 καὶ
1533 4709 1561 4761 δ
1586 4707 1662 4772 ις’
1683 4709 1757 4778 μὴ

206 4798 515 4865 ποιούμενοι
545 4799 832 4868 κανονικήν
862 4798 1042 4866 κοινὴν
1078 4798 1386 4866 οἱανδήτινα
1435 4800 1752 4866 παράδοσιν,

203 4889 323 4941 ἀλλ’
353 4889 644 4956 ἑρμηνείαν
673 4887 953 4956 γραφικῶν
974 4888 1252 4957 ῥημάτων,
1289 4887 1386 4940 οὐκ
1415 4888 1760 4957 ἑξηγήθησαν

203 4980 338 5048 παρ’
353 4981 528 5047 ήμῶν,
548 4980 622 5041 ὡς
651 4980 782 5047 μηδὲ.
815 4979 1160 5049 προθεμένων
1181 4979 1423 5047 γραφικὰ
1442 4979 1758 5048 ἑρμηνεύειν

206 5073 451 5140 ῥήματα,
492 5068 626 5120 ἀλλὰ
652 5069 909 5121 κανονικὰ
943 5068 1037 5119 καὶ
1079 5069 1273 5137 νομικὰ
1305 5068 1755 5136 παραγγέλματα.

280 5159 519 5210 ΖΩΝΔΡ.
554 5159 630 5210 Τὸ
683 5158 780 5227 μὲν
811 5157 1070 5229 ἐρώτημα
1130 5155 1314 5225 σαφῶς
1360 5157 1420 5207 οὐ
1483 5155 1752 5224 δηλοῦται,

207 5252 355 5304 ἔοικε
405 5249 460 5300 δὲ
518 5249 624 5300 ἀπὸ
662 5249 759 5315 τῆς
811 5248 1156 5316 ἀποκρίσεως
1198 5247 1289 5299 τοῦ
1327 5247 1560 5315 μεγάλου
1597 5248 1756 5300 Βασι-

207 5333 352 5386 λείου
377 5331 613 5384 τοιοῦτον
638 5328 799 5384 εἰναι.
838 5333 960 5384 ’Ότι
998 5331 1110 5392 πῶς
1170 5331 1279 5382 τῶν
1338 5330 1606 5382 πετεινῶν
1656 5331 1753 5383 τοῦ

205 5423 435 5489 οὐρανοῦ
469 5423 690 5474 καὶτῶν
727 5421 924 5490 ἰχθύων
948 5421 1046 5488 τῆς
1090 5420 1365 5491 θαλάσσης
1415 5421 1576 5472 Δαὸἰδ
1622 5421 1755 5489 ὁμοῦ

205 5515 470 5584 ἐμνήσθη,
504 5515 597 5565 καὶ
623 5509 775 5573 αὖθις
809 5514 910 5581 ἔφη
944 5529 959 5547 ο
1011 5512 1085 5566 Τὰ
1119 5512 1593 5579 διαπορευόμενα
1642 5514 1760 5578 τρί-

281 5689 300 5721 ⁸
351 5687 498 5743 Psal.
527 5704 642 5751 vnt,
667 5691 720 5745 9.

1937 4525 2191 4594 Syrorum
2228 4542 2242 4576 :
2277 4521 2564 4591 Scriptura:
2598 4539 2722 4589 ergo
2752 4524 3028 4590 diligenter
3065 4534 3293 4575 mentem
3329 4522 3424 4574 ad-

1934 4613 2080 4678 hibe,
2103 4621 2155 4664 et
2187 4611 2425 4663 invenies
2457 4611 2580 4663 Itinc
2604 4612 2914 4664 solutionem
2945 4611 3272 4678 qumstionis.

1939 4702 2129 4754 BALS.
2163 4701 2458 4754 Prasentcs
2483 4703 2584 4752 duo
2613 4715 2844 4753 canones
2875 4700 2941 4753 15
2967 4710 3018 4752 et
3048 4699 3109 4752 16
3140 4717 3260 4752 cum
3297 4701 3421 4753 uul-

1865 4793 1968 4846 lam
2001 4792 2308 4845 canonicam
2339 4800 2392 4844 et
2422 4805 2754 4843 communem
2807 4790 3000 4844 faciant
3052 4792 3414 4855 traditiOnem,

1860 4883 1952 4936 sed
1986 4881 2280 4949 Scriptura:
2312 4891 2520 4933 tantum
2556 4880 2695 4932 dicta
2743 4882 3028 4947 explicent,
3084 4896 3186 4933 non
3223 4892 3346 4934 sunt
3383 4899 3411 4935 a

1859 4971 2013 5026 nobis
2047 4971 2376 5038 interpretati
2411 4987 2424 5021 :
2463 4971 2626 5036 utqui
2649 4968 2938 5036 Scriptura:
2978 4971 3116 5022 dicta
3146 4972 3414 5037 explicare

1857 5077 1961 5116 non
1998 5060 2360 5121 statuerimus,
2395 5060 2486 5113 sed
2510 5060 2762 5110 canonica
2810 5068 2861 5112 et
2912 5059 3092 5126 legalia
3127 5073 3409 5128 pra-Copta.

1935 5150 2188 5205 ZONAR.
2225 5151 2274 5203 in
2299 5164 2418 5204 can.
2464 5150 2549 5203 l5.
2601 5151 2947 5218 Interrogatio
2975 5154 3188 5216 quidem
3230 5165 3412 5219 aperte

1859 5258 1962 5295 non
1995 5239 2290 5306 explicatur
2319 5253 2332 5288 :
2364 5238 2572 5292 videtur
2615 5251 2814 5301 autem,
2847 5251 3108 5306 quantum
3141 5259 3200 5294 ex
3232 5245 3407 5310 magni

1859 5330 2039 5382 Basilii
2075 5329 2428 5396 responsione
2463 5329 2712 5394 colligere
2771 5329 2916 5391 licet,
2965 5330 3224 5397 ejusmodi
3269 5346 3407 5383 esse.

1859 5421 2100 5484 Quonam
2167 5420 2326 5471 modo
2374 5417 2644 5470 volucrum
2695 5419 2814 5471 οωιί
2869 5429 2918 5471 et
2969 5421 3190 5486 piscium
3248 5423 3410 5473 maris

1860 5509 2028 5562 David
2067 5507 2220 5562 simul
2256 5508 2578 5573 meminerit,
2605 5523 2922 5563 rursumuue
2950 5510 3250 5579 subjungat,
3281 5512 3410 5574 Qua;
