3998 6326
573 360 674 422 οη

1787 349 2069 410 THEOD.
2113 349 2512 409 BALSAMON

3749 359 3870 421 GH

579 467 955 538 perambula»!
1026 467 1246 522 sentite:
1310 465 1518 520 maris?
1575 462 1986 532 Supervacanea
2079 462 2122 516 si

2265 461 2416 525 ὄους
2448 463 2796 515 θαλασσῶν.
2827 465 2986 516 Δοκεῖ
3019 463 3128 533 γὰρ
3155 464 3373 520 κατὰτὸ
3428 468 3690 539 περισσὸν
3718 473 3872 522 ἑπα-

571 561 787 626 quidem
817 559 930 612 haec
961 557 1170 612 additio
1198 557 1410 610 videtur
1449 554 1636 609 fuisse.
1671 556 1748 606 Ad
1799 554 1927 606 illud
1984 553 2151 622 igitur

571 651 711 718 quod
745 650 904 704 simul
939 650 1119 704 avium
1164 648 1498 718 pisciumque
1555 645 1883 706 meminerit,
1927 659 2150 712 respon-

571 742 682 804 det,
744 751 975 806 utraque
1027 752 1090 790 ex
1125 740 1280 806 aquis
1329 739 1586 805 producta
1644 735 1833 800 fuisse,
1892 734 2150 802 illincque

570 842 747 884 ortum
784 829 1073 891 habuisse;
1106 829 1372 899 facileque
1409 831 1459 882 id
1516 842 1802 897 apparere,
1861 835 2146 895 propterea

567 923 709 986 quod
738 921 1046 973 volucribus
1080 921 1284 989 pariter
1315 929 1368 972 et
1402 921 1640 986 piscibus
1673 920 1858 971 eadem
1891 918 2134 986 proprie-

571 1025 654 1065 tas
707 1012 856 1066 insit.
909 1012 1094 1066 Pisces
1154 1027 1345 1078 nempe
1399 1011 1556 1078 aquis
1597 1011 1864 1072 innatant,
1897 1011 2145 1061 volucres

566 1117 697 1156 vero
725 1111 1076 1170 supernatant
1107 1103 1252 1164 aeri;
1288 1115 1351 1153 ac
1387 1101 1456 1152 illi
1491 1100 1704 1167 quidem
1755 1107 1898 1151 motu
1937 1098 2142 1151 alarum

2261 555 2576 623 γαγεῖντὴν
2603 555 2924 627 προσθήκην
2971 556 3198 628 ταύτην.
3276 560 3418 629 Πρὸς
3467 563 3566 630 μὲν
3624 558 3727 614 οὖν
3801 563 3865 615 τὸ

2252 645 2390 713 ὁμοῦ
2425 646 2732 715 μνησθῆναι
2760 647 2868 699 τῶν
2901 650 3160 701 πετεινῶν
3202 651 3295 703 καὶ
3324 653 3430 705 τῶν
3489 653 3698 721 ἰχθύων
3739 671 3858 721 φη-

2254 739 2338 790 σὶν
2361 738 2442 790 ὅτι
2467 739 2560 790 καὶ
2592 739 2757 806 ἄμφω
2783 740 2846 792 ἐκ
2878 740 2986 793 τῶν
3040 742 3248 794 ὑδάτων
3298 746 3688 814 παρήχθησαν,
3756 749 3861 798 καὶ

2251 827 2460 880 ὲκεῐῠεν
2493 829 2650 897 ἔσχον
2688 830 2786 899 τὴν
2817 832 3031 897 γένεσιν
3061 850 3074 863 ο
3110 835 3203 886 καὶ
3241 835 3402 888 τοῦτο
3451 837 3609 904 δῆλον
3637 839 3709 889 ἑκ
3749 835 3860 889 τοῦ

2253 918 2312 969 τὸ
2341 920 2476 971 αὐτὸ
2510 921 2707 988 ἰδίωμα
2735 923 2824 973 καὶ
2856 923 2981 985 ’τοῖς
3017 929 3283 988 πετεινοῖς
3333 929 3428 980 καὶ
3478 933 3590 992 τοῖς
3648 933 3856 999 ἰχθύσι

2250 1015 2560 1080 προσεῖναι.
2594 1015 2655 1066 Οἱ
2691 1016 2790 1082 μὲν
2821 1016 2927 1085 γὰρ
2951 1017 3131 1086 ἰχθύες
3163 1021 3477 1089 ὲννήχονται
3509 1023 3618 1083 τοῖς
3649 1023 3854 1085 ὕδασι,

2250 1103 2319 1155 τὰ
2352 1105 2408 1156 δὲ
2446 1107 2667 1159 πετεινὰ
2695 1109 3042 1176 ἐπινήχονται
3065 1112 3157 1162 τὸν
3189 1113 3356 1179 ἀέρα·
3393 1112 3487 1163 καὶ
3514 1114 3562 1164 οἱ
3605 1115 3711 1180 μὲν
3778 1121 3852 1183 τῇ

567 1206 778 1256 natant,
819 1195 985 1245 cauda
1015 1208 1138 1245 vero
1171 1205 1418 1259 tanquam
1458 1189 1824 1260 gubernaculo
1872 1196 2141 1242 utuntur:

567 1285 814 1337 volucres
849 1296 1026 1336 autem
1059 1284 1248 1336 eodem
1311 1283 1470 1335 modo
1516 1281 1614 1333 alis
1669 1281 1883 1341 quidem
1934 1281 2139 1344 volant,

565 1377 792 1426 caudam
826 1389 953 1428 vero
1003 1375 1066 1427 ad
1109 1374 1488 1426 conversiones
1534 1386 1596 1423 ac
1655 1372 1893 1424 directos
1953 1386 2141 1424 cursus

565 1467 843 1520 adhibent.
901 1467 1052 1530 Quod
1114 1475 1292 1516 autem
1343 1478 1448 1515 non
1510 1477 1913 1530 Supervacaneo
1980 1476 2140 1528 porro

565 1559 760 1612 dixerit
797 1557 1102 1619 Psalmista,
1151 1557 1324 1624 pisces
1367 1565 1419 1608 et
1459 1570 1576 1622 qum
1623 1553 1992 1622 perambulant
2051 1567 2138 1605 se-

565 1651 725 1702 mitas
759 1651 946 1710 maris,
976 1650 1284 1716 respondet,
1317 1662 1424 1700 non
1451 1647 1651 1708 omnia,
1682 1659 1800 1711 quae
1841 1644 1942 1696 sul)
1981 1644 2136 1712 aquis

563 1742 780 1809 (legunt,
841 1743 1067 1809 piscium
1115 1740 1328 1792 nemine
1380 1738 1696 1804 signiﬁcari,
1751 1751 1925 1806 neque
1989 1736 2132 1788 enim

562 1842 677 1884 cete
727 1833 898 1899 pisces
957 1831 1332 1890 nominantur,
1399 1843 1569 1895 neque
1614 1837 1868 1888 testacea,
1924 1837 1976 1880 et
2030 1827 2134 1877 alia

561 1922 826 1986 qua‘datn,
867 1922 1022 1972 veluti
1053 1920 1233 1985 sepire,
1272 1918 1582 1986 polypodes.
1630 1925 1683 1969 et
1741 1917 1886 1969 liisce
1931 1915 2130 1967 aliiuia.

564 2011 634 2066 Ut
663 2014 884 2080 proinde
915 2014 1012 2063 tria
1060 2012 1165 2062 sint
1203 2026 1419 2075 genera,
1448 2008 1702 2068 volatilia,
1753 2017 1806 2060 et
1857 2008 2050 2074 pisces,
2082 2016 2133 2058 et

560 2115 888 2168 qna-cunque
920 2099 1167 2164 aquatilia
1203 2099 1414 2164 quidem
1449 2113 1568 2151 cum
1620 2099 1749 2160 sint,
1790 2111 1897 2149 non
1942 2108 2127 2150 tamen

557 2191 784 2258 piscium
814 2189 993 2252 generi
1031 2191 1477 2239 admiuaerantur.

632 2281 860 2335 ZONAR
918 2282 968 2332 iu
1025 2297 1146 2334 can.
1187 2281 1271 2332 lG.
1327 2280 1689 2343 Interrogatus
1753 2290 1834 2333 est
1885 2292 2127 2344 sanctus,

559 2375 830 2443 quonme
863 2375 1003 2426 dieat
1041 2373 1316 2440 Scriptura
1356 2372 1619 2431 Naaman,
1663 2371 1830 2423 fuisse
1878 2386 2127 2439 magnum

562 2465 702 2531 apud
737 2465 1010 2516 dominum
1041 2481 1055 2517 ;
1089 2473 1140 2516 et
1176 2463 1323 2524 dixit,
1364 2478 1464 2514 non
1518 2460 1682 2512 fuisse
1742 2459 1976 2511 Naamau
2019 2476 2129 2512 ma-

558 2571 719 2623 gnum
749 2557 887 2620 apud
922 2555 1106 2614 Deum,
1145 2556 1237 2606 sed
1283 2555 1421 2620 apud
1469 2551 1744 2604 dominum
1782 2567 1959 2612 suum,
1992 2552 2123 2616 sive,

561 2646 728 2698 fuisse
755 2661 917 2697 unum
950 2661 1012 2697 ex
1047 2644 1402 2696 fatrtiliaribus
1453 2643 1590 2710 ejus,
1642 2651 1693 2694 et
1738 2643 1828 2709 qui
1878 2657 2124 2710 magnam

557 2738 696 2803 apud
722 2752 840 2788 eum
881 2745 1196 2803 potestatem
1230 2733 1562 2788 obtinebant.

627 2825 852 2879 ARIST.
885 2824 1130 2880 Can.15.
1161 2824 1417 2880 Volucres
1464 2827 1582 2880 caeli
1628 2834 1681 2877 et
1732 2825 1905 2892 pisces
1959 2824 2123 2877 maris

2291 2846 2507 2896 ΑΙῚΣΤ.
2541 2847 2678 2898 Καν.
2706 2845 2785 2899 ιε’.
2819 2847 2900 2897 Τα
2926 2845 3145 2897 πετεινὰ
3177 2844 3267 2896 τοῦ
3291 2845 3520 2913 ούρανοῦ
3553 2844 3653 2895 καὶ
3683 2843 3821 2904 τοὺς

557 2915 837 2983 Scriptura
873 2917 1030 2969 simul
1063 2915 1245 2977 refert,
1297 2928 1576 2983 propterea
1603 2919 1743 2984 quod
1776 2926 2122 2979 utrorumque

2245 2935 2410 3001 χθύας
2440 2937 2535 2999 τῆς
2564 2937 2841 3005 Θαλάσσης
2872 2937 2985 3004 ἅμα
3007 2933 3156 2988 εἶπεν
3191 2937 3222 3004 ἡ
3247 2937 3437 3005 Γραφή
3459 2951 3473 2965 ·
3505 2936 3586 2986 ὅτι
3619 2937 3686 2986 ἐκ
3715 2934 3822 2985 θα-

554 3015 704 3059 orlus
755 3022 817 3058 ex
872 3008 1002 3058 mari
1046 3008 1137 3058 sit.
1173 3007 1391 3060 Addidit
1425 3023 1572 3071 vero,
1628 3024 1742 3075 qua’.
1786 3024 1876 3070 per
1907 3009 2119 3059 semitas

2239 3023 2426 3092 εάσσης
2501 3027 2827 3095 ἀμφοτέρων
2877 3029 2910 3095 ἡ
2961 3027 3190 3093 γένεσις.
3266 3025 3542 3091 Ἐπήγαγε
3603 3024 3684 3084 δὲ,
3743 3024 3821 3074 τὰ

555 3099 778 3149 marium
833 3106 1125 3157 transeunt,
1184 3107 1401 3164 propter
1442 3111 1686 3161 cetacea,
1742 3109 1794 3151 et
1859 3109 2112 3161 testacea,

2239 3116 2690 3187 ΐιαπορευόμενα
2726 3121 2962 3186 τρίϐους
2993 3116 3345 3177 θαλασσῶν,
3376 3117 3462 3170 διὰ
3484 3116 3552 3169 τὰ
3583 3118 3814 3186 κητώδη

553 3202 781 3254 quorum
815 3187 1014 3238 nullum
1045 3197 1128 3240 est
1166 3191 1348 3255 piscis.

2239 3209 2311 3261 ια).
2351 3208 2777 3276 ὀστρακόδερμα,
2800 3201 2873 3261 ὧν
2917 3209 3067 3260 οὐδέν
3097 3210 3242 3260 ἔστιν
3275 3207 3444 3277 ίχθύς.

624 3277 848 3329 ARIST.
884 3276 1014 3330 Can.
1058 3278 1141 3330 l6.
1179 3278 1415 3331 Naaman
1471 3295 1696 3346 magnus
1748 3281 1887 3350 apud
1937 3279 2114 3334 domi-

2291 3299 2513 3352 ΑΡιΣτ.
2549 3301 2683 3351 Καν.
2721 3297 2816 3362 ις’.
2881 3299 3117 3367 Νααμὰν
3159 3276 3330 3367 μέγας
3364 3301 3515 3368 παρὰ
3571 3299 3650 3366 τῷ
3706 3315 3815 3350 κυ-

556 3379 680 3415 num
722 3381 734 3418 :
775 3380 877 3417 non
920 3366 1106 3426 Deum,
1138 3368 1229 3419 sed
1259 3368 1532 3419 dominum
1570 3385 1744 3421 suum.

2239 3386 2342 3453 νίῳ,
2391 3387 2450 3437 οὺ
2482 3386 2560 3453 τῷ
2590 3388 2728 3455 Θεῷ,
2759 3387 2892 3438 ἀλλὰ
2926 3366 3205 3456 τῴίκυρίῳ
3235 3386 3419 3439 αὑτοῦ.

626 3455 677 3506 lu
704 3455 849 3508 liisce
881 3454 1089 3507 duobus
1117 3459 1402 3524 capitibus,
1435 3473 1623 3524 nempe
1655 3458 1718 3510 l5
1763 3466 1815 3510 et
1860 3457 1925 3511 l6
1968 3457 2110 3510 nulla

2310 3474 2397 3526 Ἐν
2429 3474 2636 3536 τούτοις
2681 3454 2795 3536 τοῖς
2826 3477 2948 3530 δυσὶ
2980 3454 3340 3545 κεφαλαίοις,
3376 3477 3544 3546 ἤγουν
3600 3476 3687 3545 τῷ
3744 3495 3807 3528 ιε’

552 3555 635 3602 est
665 3547 1058 3612 interpretatio,
1110 3548 1364 3614 quoniam
1400 3549 1499 3600 ista
1551 3559 1676 3601 sunt
1719 3551 1897 3618 potius
1921 3551 2111 3610 {inter-

2239 3563 2317 3614 (αἱ
2345 3561 2423 3630 τῷ
2451 3569 2535 3625 ις’
2567 3563 2833 3632 ἑρμηνεία
2880 3564 2977 3614 οὑκ
3006 3563 3144 3627 ἐστι,
3177 3563 3264 3616 διὰ
3301 3566 3362 3616 τὸ
3409 3561 3548 3616 εἶναι
3622 3562 3813 3616 ταῦτα

554 3637 882 3704 pretatioues
915 3636 1207 3704 Scriptura:
1245 3639 1536 3691 verborum
1595 3655 1621 3688 a
1675 3649 1862 3692 sancto
1892 3639 2115 3707 Amphi-

2239 3652 2430 3719 ati‘tlov
2457 3653 2756 3721 ἑρμηνείας
2785 3652 2893 3705 τῶν
2927 3654 3350 3724 ἁπορῤηθέντων
3379 3655 3673 3723 γραφικῶν
3710 3657 3813 3723 ῥη-

557 3728 730 3780 locliio
780 3729 974 3780 Basilio
1024 3743 1216 3794 magno
1270 3730 1611 3782 emissurum.
1669 3732 1746 3781 Ad
1796 3731 2116 3797 qua'stioues

2239 3745 2413 3794 ιάτων
2439 3742 2591 3812 παρὰ
2618 3742 2711 3794 τοῦ
2743 3744 2901 3810 ἁγίου
2939 3745 3291 3813 ’Δμφιλοχίου
3331 3745 3407 3813 τῷ
3445 3745 3670 3812 μεγάλῳ
3703 3747 3810 3794 8:—

554 3812 698 3865 CIiim
725 3812 788 3864 de
814 3813 1008 3878 quibus
1033 3815 1118 3866 ille
1151 3815 1435 3878 haesitavit,
1463 3830 1779 3883 responsum
1809 3817 1975 3870 dedit.

2239 3833 2426 3902 τιλείῳ.
2455 3833 2596 3902 Πρὸς
2625 3834 2732 3903 γὰρ
2757 3835 2826 3886 τὰ
2846 3836 3158 3905 ζητήματα,
3177 3812 3224 3890 νᾶ.
3245 3812 3572 3906 παράύτοῦ
3604 3836 3808 3904 διηποη

2230 3929 2392 3994 ρεῖτο,
2429 3929 2665 3979 ἐποιεῖτο
2705 3926 2800 3978 καὶ
2832 3928 2934 3996 τὴν
2969 3929 3282 3998 ἀπόκρισιν.

2246 1198 2461 1265 κινήσει
2495 1197 2604 1249 τῶν
2652 1200 2867 1268 πτερῶν
2925 1202 3206 1270 νήχονται,
3255 1203 3330 1270 τῷ
3384 1203 3438 1254 δὲ
3480 1204 3694 1273 οὐραίῳ
3763 1207 3855 1266 είς

2245 1289 2571 1359 κυϐέρνησιν
2608 1291 2908 1360 κέχρηνται
2931 1309 2946 1324 ·
2979 1295 3048 1346 τὰ
3103 1297 3326 1347 πετεινὰ
3363 1295 3418 1347 δὲ
3449 1296 3665 1364 ὁμοίως,
3720 1301 3849 1359 τοῖς

2249 1379 2344 1446 μὲν
2378 1383 2599 1447 πτεροῖς
2651 1384 2928 1447 πέτονται,
2964 1386 3029 1453 τῇ
3061 1383 3116 1436 δὲ
3167 1385 3303 1454 οὐρᾷ
3355 1386 3492 1454 πρὸς
3536 1388 3631 1449 τὰς
3664 1405 3848 1456 περι-

2245 1473 2482 1540 στροφὰς
2508 1475 2769 1542 χρῶνται,
2831 1478 3055 1540 καὶτὰς
3109 1481 3352 1544 κινήσεις
3404 1479 3504 1540 τὰς
3565 1475 3842 1530 κατευού.

2243 1564 2387 1632 Πρὸς
2419 1565 2475 1616 δὲ
2537 1565 2598 1617 τὸ
2665 1567 2740 1634 μὴ
2794 1569 3092 1636 παρέργως
3135 1569 3312 1620 εἰπεῖν
3368 1569 3462 1621 τὸν
3509 1570 3843 1640 ψαλμῳδδν,

2239 1655 2383 1720 τοὺς
2414 1657 2624 1724 ἰχθύας
2645 1659 2742 1710 καὶ
2798 1659 2870 1712 τὰ
2921 1659 3393 1728 διαπορευόμενα
3435 1663 3673 1728 τρίϐους
3725 1667 3842 1715 θα-

2238 1747 2517 1813 .ὶασσὼν,
2555 1751 2659 1817 ἔφη
2694 1751 2900 1819 ὄτιούχ
2956 1753 3056 1804 ὅσα
3124 1754 3343 1820 ἔνυδρα,
3395 1755 3576 1806 πάντα
3638 1753 3839 1821 ἰχθύες

2237 1841 2518 1906 λέγονται.
2556 1843 2684 1896 οὔτε
2723 1844 2830 1914 γὰρ
2869 1847 2935 1898 τὰ
2970 1846 3186 1914 κητώδη
3227 1847 3407 1915 ἰχθύες
3442 1847 3838 1913 ὀνομάζονται,

2235 1931 2358 1983 οὔτε
2390 1933 2459 1984 τὰ
2507 1937 2947 2006 ὀστρακόδερμα,
2977 1941 3068 1989 καὶ
3099 1938 3236 1991 ἄλλα
3277 1938 3417 1998 τινὰ,
3451 1932 3562 1990 οἷον
3597 1939 3834 2006 σηπίαι.

2234 2026 2328 2074 καὶ
2360 2024 2680 2087 πολύποδες,
2707 2027 2802 2078 καὶ
2847 2029 2914 2080 τὰ
2942 2029 3153 2091 τούτοις
3185 2030 3445 2097 ὁμογενῆ.
3487 2029 3652 2081 Ὥστε
3686 2031 3834 2097 τρία

2233 2108 2372 2164 εἶναι
2403 2114 2558 2182 γένη,
2587 2116 2831 2177 πετεινὰ,
2860 2119 2951 2169 καὶ
2989 2118 3200 2187 ἰχθύας,
3229 2122 3320 2172 καὶ
3344 2122 3444 2172 ὃσα
3471 2119 3666 2188 ἔνυδρα
3688 2121 3828 2188 μὲν.

2237 2203 2314 2271 τῷ
2348 2205 2493 2269 γένει
2526 2205 2580 2256 δὲ
2609 2205 2718 2256 τῶν
2753 2206 2950 2274 ίχθύων
2979 2210 3038 2259 οὐ
3082 2210 3535 2278 συνηρίϐμηνται.

2299 2297 2542 2348 ΖΩΝΑΡ.
2586 2297 2874 2367 Ἦρωτήθη
2905 2303 2931 2351 ὁ
2956 2301 3110 2367 ἆγιος
3144 2304 3237 2353 καὶ
3279 2303 3398 2363 πῶς
3437 2304 3470 2371 ή
3503 2302 3698 2370 Γραφὴ
3733 2301 3831 2353 λέ-

2232 2404 2312 2453 γει
2340 2390 2428 2440 τδν
2456 2389 2691 2456 Νααμὰν
2726 2393 2902 2458 μέγαν
2933 2395 3081 2463 παρὰ
3125 2393 3332 2463 κυρίῳ·
3371 2394 3467 2446 καὶ
3521 2392 3680 2445 εἶπεν
3738 2395 3828 2452 ὡς

2226 2479 2287 2529 ού
2316 2479 2466 2548 παρὰ
2494 2479 2569 2546 τῷ
2603 2480 2719 2549 Θεῷ
2753 2483 2923 2548 μέγας
2955 2477 3022 2550 ἦν
3050 2483 3077 2532 ὁ
3111 2483 3352 2549 Νεεμάν,
3386 2482 3523 2534 ἀλλὰ
3549 2483 3705 2552 παρά
3740 2484 3826 2549 τῷ

2227 2572 2398 2638 κυρίῳ
2459 2572 2623 2624 αὑτοῦ
2647 2587 2662 2602 ·
2692 2574 2858 2642 ἦγουν
2895 2574 3003 2626 τῶν
3035 2575 3396 2645 ᾠκειωμένων
3444 2576 3672 2646 ἐκείνῳ,
3720 2575 3828 2627 καὶ

2231 2664 2399 2715 πολλὰ
2435 2665 2562 2732 παρ’
2608 2665 2803 2735 ἐκείνῳ
2835 2667 3175 2736 δυναμένων.

571 4068 964 4086 Mm-

1681 4201 2025 4333 ΤΟΥ
2102 4196 2670 4335 ΑΥΤΟΥ

1314 4399 1572 4483 ΠΕΡΙ
1667 4400 2210 4486 ΚΑΝΟΝΩΝ
2287 4403 2857 4489 ΕΠΙΣΤΟΛΗ
2935 4406 3035 4487 B'.

1852 4653 1992 4761 Ε]
2013 4652 2482 4764 USDEM

1435 4840 2028 4930 CANONICA
2104 4843 2684 4935 EPISTOLA
2743 4850 2879 4937 ΙΙ.

1041 5057 1143 5126 73
1172 5056 1398 5110 cauos
1440 5056 1602 5112 χιιι.

2823 5069 2862 5118 Κ
2877 5069 3060 5120 ΑΝΩΝ
3095 5067 3184 5121 ΙΖ’.

632 5171 764 5225 Cum
814 5170 1016 5238 pridem
1064 5170 1127 5221 ad
1171 5170 1475 5237 propositas
1516 5170 1730 5222 nobisa
1783 5180 1871 5221 tua
1909 5172 2105 5236 pietate

2277 5166 2448 5217 Πάλαι
2494 5165 2626 5234 πρὸς
2679 5169 2778 5227 τὰς
2821 5169 2971 5236 παρὰ
2997 5166 3092 5234 τῆς
3124 5164 3408 5227 εὐλαϐείας
3438 5181 3532 5217 σου
3577 5182 3787 5234 προτα-

565 5261 885 5328 quaestiones
929 5259 1369 5325 respondissem;
1428 5274 1532 5309 non
1604 5260 1724 5310 misi
1791 5259 2051 5325 scriptum
2090 5297 2103 5318 ,

2243 5255 2390 5314 είσας
2550 5257 2680 5322 ἡμῖν
2713 5257 3005 5323 ἐρωτήσεις
3028 5255 3486 5325 ἀποκρινάμενος,
3514 5254 3612 5305 οὑκ
3669 5257 3787 5306 ἀπ-

566 5354 758 5416 partim
813 5349 1024 5416 quidem
1075 5349 1232 5413 longo
1273 5356 1321 5397 ct
1359 5349 1665 5414 periculoso
1699 5350 1886 5400 morbo
1917 5349 2106 5399 deten-

563 5449 671 5500 tus,
703 5439 894 5505 partim
934 5453 1060 5490 vero
1117 5446 1332 5503 propter
1384 5439 1663 5503 penuriam
1711 5437 2103 5489 ministrorum.

564 5527 723 5579 Pauci
766 5528 907 5580 enim
960 5527 1094 5595 apud
1137 5542 1255 5587 nos,
1311 5538 1360 5578 et
1400 5529 1494 5577 viae
1537 5529 1714 5593 periti.
1752 5536 1802 5579 et
1837 5529 2006 5594 parati
2044 5526 2107 5578 ad

564 5616 827 5681 ejusmodi
913 5615 1231 5666 ministeria.
1307 5614 1498 5678 Quare,
1537 5616 1767 5682 cognitis
1835 5631 2106 5668 morarum

565 5706 765 5768 causis,
804 5705 1022 5773 ignosce
1051 5707 1499 5759 nobisAdmirati
1534 5718 1708 5761 autem
1739 5723 1925 5761 sumus
1959 5716 2107 5758 tttum

2215 5344 2425 5394 έστειὶα
2451 5345 2508 5394 τὸ
2541 5345 2790 5411 γράμμα,
2816 5345 2968 5396 τοῦτο
2997 5346 3094 5413 μὲν
3125 5345 3226 5395 ὑπὸ
3246 5346 3342 5414 τῆς
3366 5345 3669 5413 ἀρρωστίας
3685 5347 3790 5414 τῆς

2212 5433 2424 5498 μακρᾶς
2476 5432 2565 5482 καὶ
2626 5433 2962 5483 ἐπικινδύνου
3000 5434 3336 5502 ἀσχοληθεὶς,
3393 5434 3549 5485 τοῦτο
3589 5431 3643 5482 δὲ
3675 5432 3790 5483 ὑπὸ

2208 5521 2304 5586 τῆς
2345 5521 2572 5589 ἀπορίας
2612 5520 2718 5571 τῶν
2750 5521 3189 5590 διακονουμένων.
3248 5523 3442 5589 Ὀ).ίγοι
3481 5521 3585 5588 γὰρ
3633 5523 3780 5588 παρ’

2211 5610 2337 5675 ἡμῖν
2379 5609 2471 5659 καὶ
2509 5609 2625 5660 ὁδοῦ
2663 5609 2933 5680 ἔμπειροι,
2971 5613 3062 5663 καὶ
3092 5614 3596 5682 παρεσκευασμένοι
3639 5613 3787 5682 πρὸς

2209 5698 2304 5756 τὰς
2330 5699 2579 5760 τοιαύτας
2632 5701 2948 5769 ὑπηρεσίας.
2984 5703 3162 5767 Ὥστε,
3214 5699 3396 5772 μαθὼν
3447 5703 3542 5764 τὰς
3597 5705 3783 5766 αἰτίας
