3998 6326
244 381 348 443 MS

1150 380 1228 441 IN
1271 383 1508 444 EPlST.
1557 384 1614 445 S.
1665 383 1951 447 BASILll
1986 387 2427 448 CANONICAM
2472 389 2551 449 Il.

3366 399 3467 462 646

240 512 343 582 τῆς
389 508 740 581 βραδυτῆτος,
776 507 862 568 δὸς
906 506 1033 575 ἡμῖν
1073 505 1170 575 τὴν
1217 504 1566 573 συγγνώμην.
1629 501 1812 554 Ἐθαυ-

1915 512 2151 569 discendi
2206 515 2465 579 studium,
2505 518 2666 571 simul
2711 524 2762 571 et
2797 517 3178 582 humilitatem,
3217 520 3359 587 quod
3410 528 3465 574 et

247 604 500 673 μάσαμεν
547 599 603 652 δέ
660 615 750 650 σου
779 599 878 667 τὴν
921 596 1275 665 φιλομάθειαν
1302 592 1438 663 ὁμοῦ
1485 593 1577 645 καὶ
1607 592 1703 661 τὴν
1727 608 1817 642 τα-

248 690 705 762 πεινοφροσύνην·
747 690 826 740 ὅτι
869 688 964 740 καὶ
1015 684 1203 756 μαθεῖν
1248 682 1538 754 καταδέχῃ,
1584 684 1684 753 τὴν
1718 680 1813 736 τοῦ

243 784 514 837 διδάσκειν
548 781 711 845 -τάξιν
757 778 1202 844 πεπιστευμένος,
1231 776 1323 827 καὶ
1348 774 1632 844 μανθάνειν
1686 774 1815 843 παρ’

244 866 524 942 ἡμῶν,οἷς
554 869 699 921 οὐδὲν
743 868 883 937 μέγα
936 867 1193 936 πρόσεστι
1230 862 1365 932 πρὸς
1408 861 1627 928 γνῶσιν.
1676 861 1812 912 Ἀλλ’

246 964 433 1033 ὅμως,
488 960 670 1028 ἐπειδὴ
720 958 986 1026 καταδέχῃ
1049 952 1135 1008 διὰ
1164 954 1256 1005 τὸν
1308 952 1469 1019 φόὸον
1527 951 1618 1003 τοῦ
1677 950 1810 1003 Θεοῦ

250 1056 423 1104 ποιεῖν
480 1053 708 1121 πρᾶγμα
748 1051 807 1102 οὐ
857 1049 1054 1119 ῥᾳδίως
1100 1048 1231 1114 παρ’
1281 1045 1465 1113 ἑτέρου
1505 1044 1811 1112 γινόμενον,

252 1144 359 1211 χρὴ
384 1143 473 1193 καὶ
500 1142 642 1209 ἡμᾶς
669 1143 732 1209 τῇ
760 1138 1037 1208 προθυμία
1068 1153 1160 1188 σου
1189 1137 1281 1187 και⁵
1306 1138 1369 1204 τῇ
1398 1134 1573 1202 ἀγαθῇ
1607 1134 1809 1201 σπουδῇ

251 1231 599 1302 συναίρεσθαι
631 1232 723 1283 καὶ
745 1231 883 1299 ὑπὲρ
912 1229 1160 1297 δύναμιν.

464 1322 779 1391 Ἦρὼτησας
820 1320 965 1388 ἡμᾶς
1001 1319 1126 1387 περὶ
1167 1317 1417 1385 Βιάνορος
1445 1312 1537 1367 τοῦ
1574 1311 1812 1382 πρεσϐυ-

248 1413 432 1482 τέρου,
463 1415 509 1464 εί
530 1412 713 1473 δεκτός
741 1402 884 1462 ἐστιν
917 1411 993 1469 εἰς
1022 1408 1110 1460 τὸν
1140 1406 1362 1475 κλῆρον,
1394 1404 1481 1456 διά
1514 1402 1604 1455 τὸν
1632 1405 1809 1473 ὅρκον.

261 1501 405 1568 Ἐγὼ
423 1502 479 1553 δὲ
502 1501 600 1570 ήδη
636 1499 755 1552 τινὰ
784 1499 959 1550 κοινὸν
991 1499 1113 1567 ὅρον
1148 1497 1273 1565 περὶ
1300 1494 1516 1546 πάντων
1538 1494 1673 1561 ὁμοῦ
1706 1492 1813 1544 τῶν

253 1593 373 1661 μετ’
406 1589 568 1643 αὑτοῦ
613 1589 975 1657 ὀμωμοκότων
1013 1590 1123 1648 τοῖς
1174 1587 1291 1637 κατ’
1335 1584 1659 1652 ’Λντιόχειαν
1682 1583 1815 1652 κλη-

254 1683 427 1751 ρικοῖς
468 1677 583 1732 οἶδα
644 1678 994 1740 ὲκτεθεικώς·
1048 1678 1185 1730 ὥστε
1240 1676 1346 1727 τῶν
1399 1675 1497 1744 μὲν
1545 1674 1814 1743 δημοσίων

250 1769 450 1829 αὐτοὺς
470 1766 765 1835 ἀπέχεσθαι
790 1767 1079 1833 συλλόγων,
1119 1764 1225 1831 ἰδίᾳ
1262 1763 1317 1814 δὲ
1343 1763 1583 1832 ἐνεργεῖν
1744 1760 1814 1811 τά

1910 604 2121 659 discere
2150 620 2254 658 non
2281 608 2542 675 graveris,
2568 623 2689 660 eum
2724 608 2955 661 docendi
2994 610 3144 661 locus
3176 611 3273 663 tibi
3312 624 3464 664 com-

1910 697 2111 751 niissus
2174 698 2246 750 sit
2276 740 2290 762 ,
2347 709 2399 751 et
2428 714 2457 751 a
2512 682 2673 753 nobis
2718 698 2946 763 discere,
2983 701 3179 768 quibus
3213 702 3347 755 nihil
3380 709 3465 756 est

1909 787 2091 853 magni
2133 786 2198 839 ad
2228 788 2533 843 scientiam.
2567 788 2672 842 Sed
2708 797 2886 842 tamen
2920 791 3047 857 quia
3078 805 3184 843 non
3218 794 3464 859 gravaris

1909 874 1979 928 ob
2008 875 2258 929 timorem
2309 876 2399 931 Dei
2436 894 2543 932 rem
2590 879 2786 941 facere,
2836 896 2997 948 quam
3040 882 3178 934 alius
3212 883 3352 935 haud
3388 880 3465 933 fa—

1908 966 2010 1018 cile
2065 965 2269 1029 l'aciat,
2324 978 2533 1035 oportet
2578 979 2632 1021 ut
2676 979 2727 1023 et
2787 986 2885 1024 nos
2946 981 3046 1022 tua;
3098 971 3364 1022 alacritati
3401 985 3465 1022 ac

1911 1052 2053 1108 bono
2083 1057 2259 1110 studio
2290 1073 2442 1126 Opem
2471 1060 2630 1111 etiam
2665 1062 2803 1112 ultra
2838 1061 2979 1113 vires
3006 1060 3268 1113 feramus.

2171 1303 2510 1372 lnterrogasti
2544 1321 2641 1358 nos
2674 1307 2739 1359 de
2768 1307 2993 1359 Bianore
3023 1307 3356 1375 presbytero,
3397 1321 3462 1358 an

1911 1391 1967 1446 in
2011 1393 2215 1445 clerum
2286 1393 2491 1446 admitti
2546 1398 2759 1463 possit,
2798 1404 3017 1465 propter
3056 1396 3461 1463 jusjurandum.

1911 1481 2024 1552 Ego
2070 1491 2246 1536 autem
2294 1498 2377 1537 me
2406 1486 2513 1550 jam
2559 1502 2896 1539 communem
2938 1487 3191 1555 aliquam
3223 1486 3462 1554 regulam

1912 1573 1978 1627 de
2010 1574 2262 1627 omnibus
2310 1576 2401 1643 qtti
2460 1591 2560 1627 una
2610 1590 2730 1627 cum
2768 1592 2831 1627 eo
2863 1580 3220 1644 juravcrant,
3274 1578 3467 1629 Antio—

1913 1665 2100 1719 chenis
2136 1666 2345 1717 clericis
2380 1664 2613 1718 edidisse
2650 1667 2863 1717 memini
2893 1684 2905 1723 :
2936 1676 2990 1719 ιιι
3036 1668 3135 1733 ipsi
3169 1685 3195 1719 a
3232 1667 3466 1732 publicis

1911 1754 2127 1824 quidem
2146 1755 2498 1808 conventibus
2533 1756 2855 1817 abstineant,
2878 1758 3125 1826 privatim
3339 1770 3465 1809 vero

249 1853 365 1905 τῶν
414 1852 813 1923 πρεσόυτέρων.
868 1854 938 1904 Τὸ
977 1860 1106 1904 αυτὸ
1154 1854 1210 1903 δὲ
1232 1850 1387 1903 τοῦτο
1420 1852 1513 1903 καὶ
1547 1850 1680 1921 πρὸς
1714 1851 1810 1917 τὴν

1915 1850 2094 1899 munia
2169 1849 2365 1900 obeant
2420 1847 2877 1916 presbyterorum.
2946 1847 2999 1900 Id
3051 1849 3225 1916 ipsum
3288 1858 3467 1901 autem

251 1940 449 1994 ἑαυτοῦ
508 1943 805 2014 ὑπηρεσίαν
850 1944 1028 1996 ἄδειαν
1067 1942 1214 2011 αὑτῷ
1256 1942 1483 2011 παρέχει
1509 1957 1521 1969 ⁸
1554 1941 1683 1993 διότι
1716 1940 1815 1991 οὐκ

250 2030 312 2081 ὲν
355 2030 647 2100 Ἀντιοχείᾳ
703 2034 847 2084 ἐστὶν
899 2037 930 2102 ἡ
986 2032 1273 2103 ίερωσιᾷνη,
1325 2032 1438 2084 ἀλλ’
1469 2034 1527 2084 ὲν
1567 2033 1809 2100 Ἰκονίῳ’

253 2118 341 2187 ἢν,
372 2121 446 2183 ὡς
475 2122 639 2183 αὐτὸς
688 2123 1001 2185 ἐπέστειλας
1034 2126 1186 2193 ήμίν,
1226 2125 1324 2192 τῆς
1371 2121 1696 2189 ’Δντιοχείας
1735 2121 1814 2182 είς

246 2210 465 2277 οἴκησιν
515 2211 894 2279 ἀντηλλάξατο.
951 2215 1134 2265 Ἔστιν
1186 2210 1277 2266 οὖν
1310 2214 1497 2275 δεκτὸς
1546 2215 1748 2273 ἐκεῖνος
1784 2214 1813 2263 ό

246 2297 409 2365 ἀνὴρ,
446 2300 839 2368 ἀπαιτούμενος
894 2302 1041 2373 παρά
1068 2302 1169 2370 τῆς
1213 2302 1492 2364 εὐλαϐείας
1517 2318 1608 2354 σου
1649 2317 1814 2369 μετα-

252 2387 510 2456 μέλεσθαι
544 2390 634 2440 ἐπὶ
666 2392 730 2458 τῇ
766 2391 983 2459 εὐκολίᾳ
1017 2391 1110 2444 τοῦ
1137 2392 1318 2461 ὅρκου,
1350 2393 1409 2444 δν
1440 2394 1531 2445 επὶ
1568 2390 1662 2443 τοῦ
1690 2391 1813 2443 ἀπί-

248 2495 379 2531 στου
436 2480 622 2548 ἀνδρὸς
834 2482 1176 2551 ἐξωμόσατο,
1236 2484 1501 2552 βαστάσαι
1554 2484 1652 2553 τὴν
1729 2485 1813 2535 ὲν·

245 2566 473 2638 ὄχλησιν
493 2569 585 2621 τοῦ
616 2570 810 2641 μικροῦ
828 2572 1035 2627 ἐκείνου
1067 2574 1305 2627 κινδύνου
1343 2575 1415 2645 μὴ
1442 2574 1703 2645 δυνηθείς.

306 2734 504 2789 ΒΑΛΣ.
549 2732 635 2796 Ὦς
666 2734 833 2795 ἔοικε,
885 2733 1027 2794 τινες
1058 2734 1224 2801 ἱερεῖς
1266 2731 1583 2801 Ἀντιοχεῖς,
1616 2725 1689 2783 ὧν
1724 2726 1805 2791 εἷς

230 2821 306 2897 ἦν
344 2825 439 2877 καὶ
485 2826 513 2876 ὀ
552 2821 786 2892 Βιάνωρ,
859 2820 1083 2891 ὤμοσαν
1124 2820 1235 2875 ἀπὺ
1288 2821 1521 2889 ἀπειλῆς
1578 2820 1808 2872 ἀπίστου

230 2917 383 2978 τινὸς
431 2916 596 2984 ὅρκον
634 2915 917 2984 ἀθέμιτον,
948 2913 1241 2967 κάντεῦθεν
1270 2912 1666 2971 ἑσκανδάλισαν
1685 2912 1809 2972 τοὺς

230 3006 579 3075 ὀρθοδόξους,
634 3007 710 3068 ὡς
743 3005 817 3075 μὴ
865 3006 1262 3072 ὁπενεγκόντες
1313 3008 1415 3073 τὴν
1441 3005 1665 3075 δχλησιν
1714 3001 1809 3055 τοῦ

234 3099 495 3154 ἀπίστου.
526 3096 632 3151 Τοῦ
661 3098 791 3165 γοῦν
817 3097 1075 3167 Βιάνορος
1124 3096 1182 3159 ἐξ
1235 3096 1568 3164 Ἀντιοχείας
1624 3109 1811 3163 μετοι-

1913 1940 2077 1993 etiam
2110 1939 2158 1993 ci
2189 1942 2427 1992 muneris
2457 1942 2539 1992 sui
2574 1940 2858 2009 peragendi
2896 1940 3098 2007 praebet
3139 1940 3464 2000 libertatem,

1912 2031 2054 2098 quod
2093 2046 2199 2084 non
2230 2031 2299 2083 sit
2328 2030 2624 2083 Antiochiae
2683 2032 3064 2089 sacerdotium.
3130 2031 3221 2083 sed
3257 2031 3465 2083 lconii:

1913 2136 2076 2188 quam
2116 2121 2325 2183 urbem,
2358 2127 2413 2173 ut
2443 2121 2554 2188 ipse
2588 2119 2653 2172 ad
2703 2136 2801 2173 nos
2843 2120 3141 2187 scripsisti,
3180 2119 3467 2172 Antiochia

1912 2210 1978 2265 ad
2030 2210 2375 2264 habitandum
2432 2211 2775 2277 permutavit.
2817 2208 2952 2275 Ergo
3005 2209 3084 2259 \ir
3117 2209 3204 2261 ille
3263 2209 3464 2274 suscipi

1912 2308 2133 2368 potest;
2191 2301 2496 2369 postulante
2548 2301 2613 2352 ah
2672 2315 2737 2351 eo
2781 2300 2978 2366 pietate
3034 2305 3122 2349 tua
3159 2337 3173 2357 ,
3242 2307 3298 2350 ut
3360 2313 3467 2367 pa:-

1912 2391 2192 2443 nitentiam
2243 2397 2364 2457 agat
2398 2430 2411 2451 ,
2466 2389 2535 2442 ob
2569 2388 2779 2441 facilem
2816 2396 2869 2441 et
2917 2398 3219 2455 promptum
3258 2389 3320 2440 ad
3346 2388 3466 2456 jus-

1908 2479 2199 2546 jurandum
2271 2482 2547 2538 animum,
2610 2479 2752 2545 quod
2825 2495 3007 2533 coram
3085 2482 3281 2534 inﬁdeli
3345 2484 3466 2535 viro

1908 2568 2111 2634 juravit
2139 2610 2153 2633 ,
2185 2570 2487 2623 molestiam
2534 2568 2671 2623 ferre
2719 2572 2896 2639 exigui
2932 2572 3075 2626 illius
3097 2573 3319 2640 periculi
3355 2587 3466 2628 non

1914 2659 2119 2711 valens.

1988 2733 2182 2784 BALS.
2210 2729 2437 2795 Quidam
2466 2729 2807 2793 Antiocheni,
2843 2740 2898 2783 ut
2944 2731 3235 2787 verisimile
3260 2741 3360 2794 est.
3400 2746 3484 2786 sa-

1911 2822 2158 2874 cerdotes
2200 2834 2428 2888 quorum
2476 2835 2613 2872 unus
2644 2829 2763 2873 erat
2809 2822 2967 2873 etiam
3019 2821 3238 2884 Bianor,
3270 2833 3488 2889 propter

1911 2911 2143 2965 inﬁdelis
2193 2912 2491 2980 cujuapiam
2550 2912 2724 2965 minas
2798 2913 3062 2966 nefarium
3108 2914 3485 2980 jusjurandum

1910 3002 2201 3071 iurarunt;
2265 3010 2322 3054 et
2377 3001 2499 3054 ideo
2532 3002 2868 3055 orthodoxos
2905 3001 3268 3065 oll‘euderunt,
3305 3014 3359 3055 ut
3396 3004 3487 3071 qui

1913 3092 2149 3144 inﬁdelis
2184 3090 2487 3144 molestiam
2524 3105 2630 3144 non
2688 3092 3063 3146 sustinuerint.
3118 3092 3253 3146 Cum
3309 3095 3491 3162 itaque

236 3191 513 3258 κήσαντος
560 3190 641 3251 είς
673 3189 733 3242 τὸ
778 3190 1019 3253 Ἰκόνιον,
1061 3186 1281 3241 καὶτοῦ
1343 3188 1499 3255 ἁγίου
1548 3187 1811 3255 Ἀμφιλο-

1918 3186 2111 3239 Bianor
2139 3200 2205 3238 cx
2252 3186 2539 3238 Antiochia
2591 3184 2829 3237 Iconium
2879 3185 3159 3253 migrasset
3190 3194 3244 3236 ει
3271 3193 3491 3237 sanctus

237 3283 363 3351 χίου
392 3281 485 3334 τοῦ
536 3281 1023 3351 ἀρχιερατεύοντος
1075 3284 1132 3334 ὲν
1174 3282 1380 3350 Ἰκονίῳ
1423 3281 1808 3351 ἔρωτήσαντας

234 3373 335 3426 τὸν
367 3372 520 3440 ἆγιον
546 3374 595 3425 εί
631 3373 819 3433 δεκτός
854 3376 1004 3425 ἐστιν
1050 3375 1130 3436 είς
1178 3374 1379 3443 κλῆρον
1431 3375 1460 3425 ὀ
1491 3372 1652 3431 αὐτὸς
1688 3369 1807 3421 Βιάο

234 3482 376 3533 νωρ,
406 3464 784 3532 ἀπελογήσατο
816 3466 844 3515 ό
867 3465 1020 3531 ἅγιος
1046 3464 1129 3516 ὅτι
1170 3464 1362 3515 Κοινὸν
1391 3464 1516 3530 ὅρον
1560 3461 1679 3532 ἧτοι
1717 3477 1811 3511 κα-

237 3556 373 3608 νόνα
408 3555 673 3625 ὲξεθέμην
723 3555 852 3624 περὶ
895 3555 1002 3607 τῶν
1046 3556 1103 3608 ὲν
1153 3554 1456 3624 Ἀντιοχείᾳ
1488 3551 1808 3622 ὀμοσάντων

243 3647 462 3716 ἱερέων,
493 3647 579 3698 ἵνα
625 3639 771 3698 οῦτοι
809 3646 917 3699 τῶν
974 3646 1073 3715 μὲν
1123 3647 1397 3715 δημοσίων
1446 3646 1566 3713 ἦτοι
1614 3642 1811 3695 κοινῶν

241 3737 521 3802 συλλόγων
580 3738 911 3806 ἀπέχωνται,
976 3738 1084 3808 ίδίᾳ
1134 3740 1191 3791 δὲ
1257 3736 1519 3809 ἐνεργῶσι
1576 3736 1644 3788 τὰ
1702 3733 1810 3786 τῶν

239 3830 657 3900 πρεσϐυτέρων,
703 3832 840 3901 ὅπερ
904 3830 996 3884 καὶ
1050 3830 1078 3881 ὀ
1110 3829 1323 3899 Βιάνωρ
1375 3830 1461 3881 ἐπ’
1490 3827 1669 3888 ἀδείας
1697 3824 1810 3894 ἔχει

236 3926 439 3974 ποιεῖν’
480 3922 575 3974 καὶ
643 3922 846 3990 μᾶλλον
888 3922 971 3973 ὅτι
1030 3921 1151 3973 οὐδὲ
1203 3921 1262 3974 ἑν
1299 3919 1602 3988 Ἀντιοχείᾳ
1627 3916 1810 3987 μέλλει

237 4012 565 4084 ἱερουργεῖν,
602 4015 696 4065 καὶ
727 4013 814 4065 διὰ
859 4012 1019 4066 τοῦτο
1060 4011 1439 4074 σκανδαλίζει-θ
1466 4011 1592 4072 τοὺς
1634 4006 1809 4075 ὀρῶν-

233 4117 343 4163 τας
371 4103 531 4154 αὑτὸν
566 4105 706 4170 μετά
756 4102 846 4154 τὸν
897 4102 1063 4171 ὅρκον
1106 4098 1515 4170 ἱερουργοῦντα,
1585 4095 1718 4148 ἁλλά
1753 4094 1811 4146 ὲν

250 4182 483 4261 Ἰκονίῳ,
517 4192 645 4245 ἔνθα
688 4191 996 4262 μετῴκησε,
1026 4191 1121 4245 καὶ
1171 4190 1304 4251 ἴσως
1344 4189 1463 4241 οὐδὲ
1508 4185 1809 4240 σκανδάλου

236 4283 415 4345 αἴτιος
445 4283 755 4352 γενήσεται,
778 4283 853 4345 ὡς
887 4282 995 4334 τῶν
1036 4280 1247 4334 πολλῶν
1272 4280 1408 4349 μηδὲ
1440 4278 1660 4331 είδότων
1711 4276 1812 4344 τὴν

233 4370 338 4424 τοῦ
394 4374 557 4441 ὅρκου
607 4371 848 4442 τελετήν.
921 4371 1066 4439 [ιλὴν
1100 4368 1218 4433 οὖν,
1273 4371 1427 4438 φησι,
1489 4368 1591 4422 κᾶν
1627 4367 1812 4429 δεκτός

236 4462 392 4513 ἔστιν
434 4462 512 4521 εἰς
558 4460 619 4513 τὸ
658 4461 988 4529 ἱερουργεῖν,
1044 4460 1180 4513 ἀλλά
1218 4459 1583 4527 ἁπαιτηθήτω
1650 4472 1815 4525 μεταο

236 4552 383 4604 νοεῖν
407 4552 502 4605 ἐπὶ
532 4554 601 4621 τῇ
643 4551 862 4622 εὐκολία
895 4551 990 4605 τοῦ
1026 4551 1214 4621 ὅρκου,
1246 4552 1365 4619 ἦτοι
1406 4551 1498 4603 ἐπὶ
1536 4548 1614 4617 τῷ
1662 4548 1816 4599 εὐκό-

235 4644 351 4703 λως
397 4644 491 4694 καὶ
528 4643 833 4713 προχείρως
876 4644 1095 4713 ὀμόσαι,
1156 4640 1464 4702 ὲνδεδωκὼς
1504 4639 1591 4693 διά
1645 4637 1810 4705 φόϐον

241 4728 446 4799 μικροῦ
488 4730 754 4783 κινδύνου.

321 4821 561 4876 ΖΩΝΛΡ.
614 4823 856 4892 ’Δσαφής
892 4825 1041 4877 ἐστιν
1082 4825 1116 4893 ἡ
1159 4824 1450 4893 ἀπόκρισις
1506 4818 1670 4889 αὕτη,
1738 4818 1812 4888 μὴ

236 4911 411 4981 οὔσης
443 4913 609 4983 δήλης
634 4915 733 4982 τῆς
756 4916 1101 4986 ἐρωτήσεως.
1151 4916 1298 4979 Τέως
1320 4915 1377 4967 δὲ
1420 4914 1637 4981 λέγεται
1687 4914 1814 4967 ᾰπιε-

241 5005 376 5058 στόν
403 5022 522 5059 τινα
579 5007 755 5069 ἐνίους
801 5006 909 5059 τῶν
961 5011 1019 5060 ὲν
1067 5008 1369 5077 ’Δντιοχείᾳ
1424 5004 1814 5075 πρεσϐυτέρων

244 5096 541 5165 βιάσασθαι
584 5097 836 5159 ἀπειλαῖς
880 5099 1078 5166 ὀμόσαι
1111 5098 1185 5165 μὴ
1223 5097 1467 5163 ἐνεργεῖν
1499 5095 1569 5146 τὰ
1596 5094 1704 5145 τῶν
1739 5094 1814 5144 ia-

245 5188 410 5258 ρέων.
460 5184 562 5240 Ὠν
591 5183 667 5251 εἷς
701 5191 1019 5260 μετῴκησεν
1068 5193 1147 5249 εἰς
1206 5188 1264 5241 τὸ
1305 5189 1546 5250 Ἰκόνιον,
1596 5188 1723 5256 περὶ
1752 5178 1813 5238 οὗ

244 5278 344 5331 καὶ
368 5278 467 5347 τὴν
515 5277 782 5349 ἐρώτησιν
830 5281 1124 5350 ἐποιήσατο
1154 5282 1183 5332 ὀ
1214 5279 1367 5346 ἅγιος
1441 5278 1809 5346 Ἀμφιλόχιος.

242 5370 419 5438 οησὶν
446 5370 541 5423 οῦν
559 5372 587 5423 ὀ
610 5371 783 5438 μέγας
808 5372 1086 5433 Βασίλειος
1122 5373 1206 5424 ὅτι
1239 5372 1432 5423 Κοινὸν
1461 5372 1606 5439 ὅρον,
1644 5369 1814 5437 ἡγουν

243 5463 451 5515 κανόνα
506 5466 601 5515 καὶ
640 5462 833 5526 τύπον,
867 5463 1135 5533 έξεθέμην
1199 5466 1326 5532 περὶ
1362 5462 1574 5513 πάντων
1614 5460 1721 5510 τῶν
1757 5460 1814 5509 ὲν

257 5554 560 5626 Ἀντιοχείᾳ
611 5556 949 5623 ὀμοσάντων,
1009 5555 1094 5607 ἴνα
1139 5555 1188 5607 οἱ
1232 5551 1464 5606 τοιοῦτοι
1499 5550 1815 5619 ἀπέχωνται

249 5648 352 5719 μιν
381 5648 488 5699 τῶν
524 5632 797 5715 συλλόγων
829 5649 937 5700 τῶν
972 5648 1188 5708 κοινῶν,
1225 5648 1332 5717 ἰδίᾳ
1373 5645 1429 5696 δὲ
1455 5644 1719 5714 ἐνεργῶσι
1748 5646 1815 5697 τὰ

244 5738 357 5790 τῶν
388 5738 790 5808 πρεσϐυτέριον.
818 5740 938 5791 Τῶν
957 5738 1012 5792 δὲ
1050 5739 1323 5807 συλλόγων
1383 5738 1579 5799 αὐτοὺς
1615 5738 1818 5806 ἀπέχε-

249 5825 376 5881 σθαι
404 5826 593 5890 ὥρισε,
638 5830 710 5891 μὴ
746 5829 956 5894 πολλοῖς
991 5830 1286 5884 σκανδάλου
1342 5830 1502 5884 αἴτιοι
1538 5831 1815 5901 γίνωνται,

1917 3278 2348 3346 Amphilochius,
2417 3278 2506 3346 qui
2561 3287 2676 3331 erat
2726 3276 2889 3331 lconii
2958 3278 3209 3343 antistes,
3240 3288 3488 3329 sanctum

1917 3372 2325 3441 interrogasset,
2359 3386 2425 3423 an
2459 3371 2527 3423 sit
2558 3369 2823 3422 Bianorin
2847 3368 3047 3421 elerum
3081 3368 3487 3435 suscipiendus;

1920 3466 2193 3532 respondit
2221 3475 2484 3518 sanctus:
2520 3462 2820 3515 Commune
2853 3462 3125 3513 decretum
3180 3475 3273 3513 seu
3322 3474 3489 3513 cano.

1919 3571 2039 3609 nem
2073 3555 2213 3609 edidi
2251 3555 2315 3606 de
2352 3552 2728 3607 sacerdotibus
2758 3551 2848 3617 qui
2882 3549 3183 3601 Antiochia:
3208 3551 3489 3617 jurarunl.

1919 3659 1976 3703 ut
2008 3651 2042 3703 li
2072 3664 2101 3702 a
2135 3649 2364 3716 publicis
2392 3648 2608 3715 quidem
2659 3660 2753 3699 seu
2790 3645 3168 3697 communibus
3204 3641 3489 3695 cenveuti-

1918 3740 2018 3795 bus
2090 3737 2443 3801 abstineant;
2488 3735 2738 3803 privatim
2802 3745 2980 3786 autem
3056 3736 3490 3802 presbyterorum

1918 3844 2141 3884 munera
2171 3829 2392 3893 obeant,
2429 3828 2569 3896 quod
2606 3825 2825 3878 Bianori
2872 3839 3085 3892 quoque
3119 3824 3239 3875 licet
3270 3822 3446 3875 facere
3474 3838 3489 3875 :

1918 3934 1973 3975 et
2003 3937 2069 3975 eo
2105 3923 2294 3989 magis,
2326 3921 2468 3987 quod
2501 3933 2600 3973 nec
2630 3917 2931 3969 Antiochia:
2975 3915 3195 3983 quidem
3226 3924 3304 3966 est
3336 3926 3493 3966 sat-ra

1919 4012 2290 4066 celebraturus
2339 4022 2394 4063 et
2444 4019 2726 4079 propterea
2783 4021 2881 4058 nec
2914 4006 3153 4059 videntes
3206 4020 3326 4056 eum
3374 4012 3495 4071 post

1914 4102 2296 4174 jusjurandum
2349 4100 2754 4154 sacriﬁcantem
2808 4096 3135 4159 offensurus,
3187 4098 3279 4150 sed
3331 4095 3493 4149 lcouii

1919 4209 2027 4264 quo
2057 4194 2303 4262 migravit
2357 4203 2409 4244 et
2444 4193 2578 4245 forte
2614 4207 2711 4243 nec
2744 4188 3050 4243 oﬂ'endiculi
3084 4188 3299 4255 quidem
3328 4203 3491 4242 causa

1920 4286 2102 4350 fuerit,
2154 4299 2276 4358 eum
2326 4283 2475 4335 tntilli
2514 4283 2653 4335 illius
2699 4283 3058 4352 jurisjurandi
3108 4282 3337 4335 formam
3374 4296 3496 4335 nes-

1922 4379 2087 4432 ciant.
2125 4375 2229 4429 Sed
2260 4375 2437 4438 inquit
2472 4376 2658 4436 etiam,
2712 4375 2753 4425 si
2812 4378 2877 4428 ad
2935 4390 3085 4427 saera
3126 4374 3370 4429 facienda
3426 4374 3496 4425 sit

1922 4468 2309 4532 admittendus,
2362 4467 2609 4534 exigatur
2660 4475 2838 4518 tamen
2891 4467 2956 4518 ab
2992 4481 3056 4517 eo
3111 4473 3171 4518 ut
3223 4466 3497 4517 facilitatis

1911 4555 2267 4626 jurisjurandi
2334 4568 2455 4609 eum
2531 4557 2813 4623 paeniteat,
2888 4554 3029 4621 quod
3084 4554 3291 4606 scilicet
3344 4553 3498 4605 laciie

1919 4655 2272 4715 promptaque
2302 4645 2569 4714 juraverit
2602 4660 2822 4713 propter
2856 4654 3055 4696 metum
3090 4643 3239 4706 parvi
3269 4643 3494 4711 periculi

1916 4737 2132 4790 cedens.

1991 4825 2243 4881 ZONAR.
2280 4824 2519 4880 Obscura
2556 4829 2668 4880 lucc
2697 4825 2977 4892 responsio
3012 4836 3115 4888 est,
3170 4828 3212 4879 si
3271 4827 3488 4895 quidem

1918 4918 2141 4971 minime
2170 4918 2314 4970 clara
2345 4925 2425 4971 est
2455 4917 2824 4982 interrogatio.
2865 4916 3080 4971 Interim
3134 4926 3313 4970 tamen
3370 4933 3499 4971 nar-

1920 5023 2073 5063 ratur
2148 5009 2419 5064 inlidelem
2475 5010 2784 5076 quemdam,
2856 5010 3145 5062 nonnullos
3201 5012 3499 5063 Antiochia:

1919 5102 2263 5170 presbyteros
2308 5116 2365 5154 se
2394 5115 2422 5155 a
2468 5107 2810 5155 sacerdotum
2865 5104 3179 5155 numerihns
3235 5105 3500 5157 obeundis

1919 5201 2227 5246 cessaturos
2261 5201 2319 5244 ut
2345 5192 2589 5257 iurarent
2628 5194 2789 5246 minis
2838 5194 3100 5262 adegissc.
3132 5194 3203 5245 Ex
3259 5210 3490 5261 quorum

1919 5298 2144 5337 numero
2216 5299 2354 5338 unus
2405 5283 2641 5337 Iconium
2694 5285 2965 5351 migravit,
3015 5286 3078 5339 de
3117 5302 3223 5354 quo
3274 5287 3499 5355 proi..de

1923 5378 2063 5432 hanc
2094 5378 2571 5445 interrogationem
2598 5387 2813 5430 sanctus
2856 5377 3265 5447 Amphilochius
3304 5396 3501 5448 propo-

1920 5472 2046 5520 suit.
2080 5466 2387 5537 Respondet
2422 5482 2553 5534 ergo
2606 5483 2833 5534 magnus
2870 5469 3124 5536 Basilius,
3154 5485 3495 5523 communem

1923 5573 1982 5612 se
2014 5558 2410 5620 deﬁnitionem,
2462 5561 2564 5612 hoc
2594 5567 2695 5625 est,
2732 5574 2992 5615 canOuetn
3021 5571 3075 5614 tet
3126 5561 3349 5613 formam
3385 5564 3501 5614 edi-

1922 5650 2067 5705 disse
2096 5653 2161 5703 de
2191 5651 2441 5704 omnibus
2476 5651 2540 5703 iis
2591 5653 2681 5719 qui
2718 5654 3019 5707 Antiochia:
3066 5654 3400 5719 jniaverant,
3441 5664 3499 5706 ut

1923 5740 2227 5793 abstineant
2283 5740 2535 5792 nimirum
2594 5742 2854 5811 ejusmodi
2908 5743 3154 5797 homines
3186 5759 3211 5794 a
3266 5743 3497 5813 publicis

1922 5834 2294 5900 conventibus,
2324 5832 2570 5903 privatim
2604 5850 2731 5890 vero
2761 5838 3100 5892 sacerdotum
3150 5837 3347 5891 obeant
3375 5850 3493 5890 mu-
