3998 6326
557 361 662 424 647

1788 350 2063 415 ΤΙῙΕΟΙ).
2109 356 2507 414 Β.”.[.5ΑἉΞΟΝ

3697 360 3826 425 648

556 471 668 523 nia.
701 468 740 519 Α
772 465 1124 521 conventibus
1171 479 1330 536 porro
1360 465 1630 519 abstinere
1663 464 1810 532 ipsos
1839 465 2022 533 jussit,
2056 480 2128 516 ne

2260 466 2423 518 ίδόσιν
2475 467 2670 526 αὐτοὺς
2726 465 3029 536 ὀμόσαντας
3093 467 3166 534 μὴ
3200 467 3522 537 ἱερουργεῖν,
3555 471 3732 540 ὁρῶσι
3766 472 3828 522 δὲ

557 559 743 612 multis
773 558 1008 615 scandali
1043 571 1202 611 causa
1235 557 1386 620 liant,
1417 557 1505 624 qui
1539 570 1660 609 cum
1695 555 1813 609 illos
1847 571 2121 622 nunquam

563 663 716 702 sacra
784 648 890 719 74
941 650 1176 702 tacturos
1217 649 1427 714 jurasse
1483 649 1680 711 sciant,
1739 662 1860 700 mox
1923 648 2130 714 publice

563 740 940 792 sacriﬁcantes
973 740 1423 790 animadvertant.
1481 736 1590 792 IIoc
1646 737 1812 805 igitur
1870 737 2014 789 idem
2063 736 2129 789 de

565 827 793 880 Bianore
829 828 1056 881 aﬂirmat
1085 846 1096 878 :
1130 829 1243 881 ﬁeri
1295 828 1544 879 nimirum
1601 829 1700 896 ipsi
1762 828 2128 892 ministrandi,

568 919 670 973 hoc
699 932 801 982 est,
834 936 990 973 sacra
1024 935 1244 973 munera
1273 922 1555 974 exercendi
1605 921 1934 974 facultatem.
1989 920 2130 972 Pras-

566 1012 751 1061 sertitn
783 1026 902 1062 cum
933 1025 1030 1063 nec
1076 1011 1373 1063 Antiochiae
1426 1025 1576 1065 sacra
1631 1011 1867 1064 tacturus
1915 1011 2005 1075 sit,
2042 1010 2127 1062 ubi

563 1095 789 1162 juravit,
818 1101 907 1151 sed
955 1101 1112 1152 lconii
1149 1114 1254 1167 quo
1303 1111 1480 1167 poStea
1529 1101 1815 1152 concessit.
1875 1099 2133 1166 Exigatnr

569 1198 718 1247 vero,
753 1187 941 1252 inquit,
978 1202 1033 1239 ttt
1066 1189 1210 1240 illum
1250 1194 1504 1256 paeniteat
1548 1190 1903 1260 jurisjurandi
1959 1192 2133 1243 facili-

2231 557 2469 625 δημοσίᾳ
2493 557 2940 626 λειτουργοῦντας
2974 558 3192 621 αὐτούς.
3229 560 3398 612 Τοῦτο
3429 562 3558 626 γοῦν
3594 563 3689 614 καὶ
3731 564 3826 630 τῷ

2235 647 2456 716 Βιάνορι
2490 647 2640 714 λέγει
2673 649 2859 701 ἄδειαν
2890 651 3149 719 παρέχειν
3183 652 3318 719 πρὸς
3348 652 3444 720 τὴν
3474 654 3819 720 ὑπηρεσίαν,

2233 737 2402 805 ἧγουν
2429 738 2563 806 πρὸς
2611 738 2706 808 τὴν
2739 737 3100 806 λειτουργίαν·
3137 743 3230 792 καὶ
3261 740 3462 808 μᾶλλον
3498 743 3580 793 ὅτι
3605 743 3724 794 οὐδὲ
3757 745 3823 794 ἐν

2245 828 2544 898 Ἀντιοχείᾳ
2573 829 2751 896 μέλλει
2795 832 3114 899 ἱερουργεῖν,
3149 832 3279 882 ὅπου
3314 831 3555 898 ῶμοσεν,
3598 832 3717 884 ἀλλ’
3752 834 3822 882 ἐν

2249 921 2477 987 Ἰκονίῳ,
2541 921 2666 972 ἔνθα
2729 922 3057 990 μετῴκησεν.
3100 922 3483 992 Ἀτιαιτηθήτω
3536 925 3613 988 δὲ,
3645 928 3818 992 φησὶ.

2242 1015 2520 1078 μετανοεῖν
2573 1013 2661 1062 ἐπὶ
2712 1016 2774 1081 τῇ
2812 1015 3031 1081 εὐκολίᾳ
3083 1014 3174 1066 τοῦ
3230 1015 3414 1082 ὅρκου·
3450 1017 3568 1084 ἦτοι
3603 1019 3694 1067 ἐπὶ
3727 1016 3821 1082 τῷ

2242 1103 2481 1162 εὐκόλως
2508 1103 2606 1154 καὶ
2629 1104 2935 1172 προχείρως
2965 1105 3162 1174 ὀμόσαι
3189 1107 3496 1169 ἐνδεδωκὼς
3526 1107 3616 1160 διὰ
3641 1107 3820 1173 φόϐον

2245 1192 2446 1260 μικροῦ
2469 1193 2734 1247 κινδύνου.

569 1279 700 1330 tatis
730 1296 744 1331 :
780 1280 879 1332 hoc
912 1291 1014 1341 est,
1045 1284 1180 1348 quod
1214 1293 1320 1336 tam
1377 1285 1533 1338 facile
1568 1297 1616 1337 et
1647 1295 1892 1352 prompte
1926 1285 2104 1354 exigui
2132 1286 2350 1352 periculi
2384 1299 2527 1339 metu
2560 1289 2819 1342 adductus
2843 1290 3132 1357 juraverit.

641 1373 866 1426 AltlST.
898 1375 1180 1445 Presbyter
1213 1377 1407 1432 Bianor
1441 1396 1562 1432 eum
1589 1381 1849 1448 juraverit
1880 1388 1931 1431 et
1961 1380 2133 1446 pani-

571 1467 734 1517 tentia
795 1469 986 1520 ductus
1016 1469 1082 1520 ob
1149 1469 1440 1533 jI'rantenti
1499 1470 1765 1521 levitatem
1841 1472 2136 1538 suscipien-

571 1557 692 1608 dus.

645 1646 740 1697 Hic
772 1647 1046 1717 presbyter
1072 1664 1100 1700 a
1135 1649 1363 1715 quodam
1415 1651 1606 1719 lnjuria
1643 1651 1865 1704 allectus
1912 1663 1968 1705 et
2022 1669 2137 1708 tuo-

2309 1381 2533 1434 ΑΡΙΣΤ.
2603 1384 2659 1435 ‘0
2713 1383 3080 1453 πρεσϐύτερος
3134 1383 3364 1453 Βιάνωρ,
3427 1385 3630 1453 ὀμόσας
3710 1386 3815 1436 καὶ

2246 1474 2728 1540 μεταμελόμενος,
2781 1475 2868 1528 διὰ
2952 1477 3053 1543 τὴν
3126 1476 3376 1528 εὐκολίαν
3434 1477 3643 1528 ἐκείνου
3712 1471 3813 1527 τοι]

2239 1563 2425 1632 ὅρκου,
2477 1565 2687 1626 δεκτός.

2311 1649 2476 1714 Οὗτος
2505 1657 2529 1707 ό
2561 1656 2954 1724 πρεσϐύτερος,
2992 1658 3094 1711 ὑπό
3156 1675 3297 1720 τινος
3343 1658 3811 1729 ἐπηρεαζόμενος,

572 1731 781 1787 Ιοειὶαιιι
814 1737 927 1801 ejus
956 1738 1190 1802 perferre
1222 1755 1324 1791 non
1356 1750 1566 1806 potens,
1601 1758 1628 1791 c
1657 1751 1960 1809 contemptu
1988 1744 2137 1810 jura-

2248 1748 2337 1796 καὶ
2361 1745 2434 1813 μὴ
2454 1747 2747 1814 δυνάμενος
2790 1748 2887 1817 τὴν
2941 1751 3145 1801 ἐκείνου
3185 1750 3404 1818 ὄχλησιν
3459 1753 3810 1818 ὑπενεγκεῖλ.

576 1826 650 1876 vit
679 1841 734 1877 se
765 1827 992 1893 amplius
1021 1843 1175 1880 sacra
1229 1844 1332 1880 non
1372 1830 1656 1883 facturum.
1714 1829 1913 1886 Deinde
1964 1835 2136 1901 [νωιιί-

575 1916 741 1967 tentia
771 1918 961 1970 ductus
992 1921 1354 1972 sacerdotium
1387 1922 1538 1974 obire
1564 1924 1726 1976 voluit
1755 1939 1770 1975 :
1827 1935 1882 1976 et
1915 1940 2137 1991 magnus

575 2003 802 2057 Basilius
852 2009 914 2058 de
962 2021 1026 2059 eo
1075 2007 1432 2077 interrogatus
1482 2026 1547 2064 an
1600 2013 1939 2079 recipiendus
1972 2021 2133 2076 esset,

576 2096 816 2159 mandat,
839 2102 978 2163 quod
1010 2098 1052 2149 si
1082 2098 1427 2164 jurisjurandi
1456 2100 1685 2154 levitatis
1712 2118 1831 2154 eum
1859 2104 2137 2171 poeniteat,

579 2187 666 2239 ille
699 2191 1034 2249 admittatur,
1071 2205 1174 2240 non
1208 2199 1382 2242 autem
1420 2202 1476 2243 ttt
1508 2191 1556 2243 itt
1593 2194 1820 2259 publicis
1852 2197 2137 2248 conventi-

580 2273 678 2324 bus
711 2289 865 2325 sacra
900 2277 1213 2338 celebrat-et,
1241 2281 1307 2330 ob
1339 2280 1626 2333 multorum
1681 2282 2009 2345 scandalum,
2046 2284 2137 2337 sed

581 2374 641 2417 ιιι
669 2380 788 2436 qua:
816 2368 879 2417 ad
909 2370 1252 2435 presbyteros
1280 2373 1545 2436 pertinent
1582 2374 1831 2440 privatim
1855 2374 2076 2428 faceret.

1135 2479 1358 2534 CAAON
1389 2483 1574 2536 XVIII.

879 2598 956 2654 De
1011 2601 1180 2670 lapsis
1233 2600 1552 2666 virginibus,
1589 2615 1705 2666 quae
1739 2600 1901 2650 vitam
1926 2609 2127 2652 castam

591 2691 844 2762 professae
880 2689 1122 2752 Domino,
1163 2690 1354 2743 deinde
1381 2691 1559 2742 carnis
1605 2687 1914 2742 libidinibus
1957 2693 2126 2746 victm,

588 2791 744 2848 pacta
802 2794 897 2833 sua
951 2779 1102 2832 irrita
1147 2779 1390 2840 faciunt,
1440 2790 1620 2846 patres
1669 2777 1883 2844 quidem
1915 2780 2128 2838 nostri,

591 2885 710 2921 cum
745 2869 1059 2936 simpliciter
1099 2881 1160 2919 ac
1193 2868 1384 2920 leniter
1415 2881 1534 2920 sese
1583 2865 1648 2916 ad
1699 2881 1883 2919 eorum
1923 2867 2011 2931 qui
2060 2866 2133 2916 Ia-

591 2959 792 3010 huntur
833 2958 1192 3009 inﬁrmitatem
1246 2955 1714 3008 accommodarent
1748 2991 1762 3015 ,
1807 2961 2134 3005 censuerunt

2249 1833 2464 1902 ῶμυσεν
2491 1837 2546 1900 ἐξ
2607 1837 2898 1907 ὀλιγωρίας
2960 1839 3158 1909 μηκέτι
3221 1840 3626 1909 λειτουργῆσαι.
3671 1837 3808 1892 Εἶτα.

2248 1925 2660 1994 μεταμεληθεὶς,
2695 1928 2990 1994 ἱερατεύειν
3047 1931 3314 1982 ἐϐούλετο·
3372 1931 3468 1985 καὶ
3510 1932 3810 2000 ἐρωτηθεὶς

2249 2018 2376 2085 περὶ
2400 2015 2556 2068 τοῦτο
2590 2019 2616 2069 6
2645 2021 2813 2084 μέγας
2839 2018 3108 2083 Βασίλειος
3145 2025 3192 2072 εἰ
3219 2023 3431 2080 δεκτέος
3463 2023 3604 2082 ἐστὶ,
3632 2037 3808 2089 προσο

2242 2107 2427 2159 τάττει
2487 2109 2582 2168 ὡς,
2647 2111 3090 2178 εἰμεταμέλεται
3152 2114 3242 2164 ἐπὶ
3305 2115 3370 2182 τῇ
3430 2113 3655 2181 εὐκολίᾳ.
3706 2111 3807 2163 τοῦ

2240 2196 2424 2264 ὅρκου,
2480 2197 2733 2266 δεχθῆναι
2793 2201 2972 2250 αὐτόν·
3035 2201 3107 2270 μὴ
3139 2205 3193 2253 ἐν
3223 2203 3508 2270 δημοσίαις
3556 2201 3611 2253 δὲ
3642 2203 3807 2254 συνά-

2243 2284 2355 2345 ξεσι
2423 2287 2755 2355 λειτουργεῖν
2814 2289 2901 2340 διὰ
2955 2289 3012 2339 τὸ
3064 2291 3170 2342 τῶν
3209 2293 3416 2342 πολλῶν
3467 2291 3786 2352 σκάνδαλον,

2239 2375 2356 2426 ἀλλ’
2392 2375 2495 2444 ίδίᾳ
2522 2379 2588 2430 τά
2611 2378 2720 2429 τῶν
2759 2380 3144 2449 πρεσϐυτέρων
3169 2383 3427 2449 ἐνεργεῖν.

2845 2494 3084 2546 ΚΑΝΩΝ
3121 2496 3225 2548 IH'.

2438 2605 2568 2674 napi.
2600 2607 2706 2656 τῶν
2751 2605 3092 2658 ἐκπεσουσῶν
3120 2603 3400 2673 παρθένων
3423 2600 3530 2652 τῶν
3556 2600 3791 2667 καθομο-

2235 2689 2616 2760 λογησαμένων
2649 2693 2738 2743 τὸν
2769 2695 2825 2744 ἐν
2857 2692 3139 2760 σεμνότητι
3177 2690 3284 2757 βίον
3310 2688 3383 2757 τῷ
3411 2688 3618 2757 Κυρίῳ,
3649 2683 3787 2742 εἶτα,

2236 2779 2320 2830 διά
2352 2785 2410 2831 τὸ
2449 2780 2734 2832 ὑποπεσεῖν
2759 2783 2869 2842 τοῖς
2900 2780 3091 2832 πάθεσι
3123 2779 3217 2846 τῆς
3239 2776 3454 2845 σαρκὸς,
3484 2775 3792 2826 ἁθετουσῶν

2238 2867 2332 2927 τὰς
2398 2869 2604 2920 ἑαυτῶν
2677 2868 2976 2936 συνθήκας,
3047 2869 3094 2918 οἱ
3159 2869 3253 2934 μὲν
3313 2865 3544 2931 πατέρες
3601 2863 3789 2930 ἡμῶν.

2237 2956 2421 3017 ἁπλῶς
2597 2959 2688 3008 καὶ
2714 2958 2898 3025 πράως
2923 2954 3446 3023 συμπεριφερόμενοι
3472 2953 3592 3011 ταῖς
3625 2951 3759 3001 ἀσθε
3777 2978 3791 2988 -

591 3047 736 3112 ipsas
766 3053 886 3113 post
923 3060 1118 3097 annum
1151 3047 1353 3096 admitti
1409 3059 1584 3110 posse,
1633 3043 1699 3096 de
1751 3043 1856 3094 illis
1890 3043 1952 3094 ad
1984 3043 2131 3095 simi-

2248 3045 2403 3106 νείαις
2432 3046 2536 3097 τῶν
2575 3046 3103 3106 κατολισθαινόντων,
3165 3043 3556 3111 ἐνομοθέτησαν
3595 3041 3792 3100 δεκτάς

590 3135 868 3187 Iitudinem
916 3135 1246 3202 digamorum
1297 3133 1671 3199 dijudicantes.
1751 3131 1945 3185 Verum
2004 3129 2133 3183 mihi

591 3223 804 3290 quidem
861 3223 1108 3282 videtur,
1171 3224 1423 3290 qttoniam
1475 3221 1564 3273 Dei
1609 3221 1752 3273 dono
1787 3219 2134 3288 progrediens

591 3309 832 3363 Ecclesia
879 3311 933 3362 ﬁt
982 3311 1210 3372 fortior,
1276 3326 1339 3362 ac
1387 3325 1528 3362 nunc
1572 3310 1955 3376 multiplicatur
2002 3311 2136 3361 ordo

590 3400 858 3467 virginum
885 3439 899 3460 ,
948 3401 1229 3468 diligenter
1272 3399 1716 3453 considerandam
1765 3415 1884 3454 esse
1930 3408 1983 3452 et
2021 3415 2134 3452 rem

593 3489 784 3556 ipsam,
816 3498 972 3556 prout
1011 3489 1374 3542 consideranti
1422 3487 1702 3540 manifesta
1730 3499 1833 3548 est,
1881 3497 1934 3541 et
1992 3487 2136 3542 Scri-

596 3588 763 3645 plura:
824 3579 1144 3631 sententiam
1192 3594 1310 3644 qua:
1364 3592 1426 3628 ex
1473 3578 1853 3630 consecutione
1907 3578 2137 3632 inveniri

594 3676 786 3734 potest.
829 3665 1073 3719 Viduitas
1141 3667 1281 3716 enim
1342 3665 1648 3732 virginitate
1694 3666 1960 3730 inferior;
2010 3683 2138 3735 ergo

594 3765 646 3807 et
693 3757 970 3808 viduarum
1022 3755 1272 3805 delictum
1335 3752 1488 3819 longe
1551 3755 1729 3804 minus
1777 3768 1935 3820 quam
1979 3756 2135 3822 virgi-

594 3861 740 3898 num.
779 3846 1064 3897 Videamus
1093 3857 1216 3918 ergo
1250 3840 1376 3908 qttid
1411 3840 1473 3891 ad
1510 3839 1846 3894 Timotheum
1903 3858 1930 3893 a
1968 3841 2138 3895 Paulo

595 3937 852 4004 scriptum
927 3936 995 3988 sit
1057 3931 1361 3986 :Jum‘ores
1449 3941 1617 3982 autem
1687 3932 1867 3984 viduas
1948 3933 2136 3985 devita.

598 4027 882 4092 Postquam
942 4027 1075 4078 enim
1137 4024 1462 4074 lascivierunt
1530 4022 1774 4074 adversus
1833 4023 2134 4086 Christum,

597 4115 782 4165 nubere
837 4114 1050 4173 volant,
1112 4111 1349 4162 habentes
1420 4111 1896 4162 condemnationem
1931 4149 1945 4171 ,
2009 4112 2139 4178 quod

596 4204 818 4268 primam
859 4201 1013 4263 ﬁdem
1046 4201 1248 4249 irritam
1306 4198 1536 4263 fecerunt
1595 4193 1629 4250 '.
1670 4198 1847 4265 Itaque
1899 4200 1944 4252 si
1980 4200 2140 4251 vidua

2239 3128 2373 3183 ε’ίναι
2423 3134 2556 3200 μετά
2588 3133 2677 3185 τὸν
2732 3133 2968 3185 ἐνιαυτὸν
3027 3173 3042 3195 ,
3198 3129 3319 3182 καθ’
3359 3129 3648 3197 ὁμοιότητα
3685 3128 3795 3178 τῶν

2239 3223 2477 3290 διγάμων
2508 3225 2908 3292 διαταξάμενοι·
2945 3225 3066 3293 ἐμοὶ
3098 3223 3152 3274 δὲ
3194 3222 3358 3285 δοκεῖ,
3390 3218 3570 3288 ἐπειδὴ
3699 3218 3795 3269 τοῦ

2239 3311 2373 3363 Θεοῦ
2427 3314 2602 3382 χάριτι
2662 3313 2922 3381 προϊοῦσα
2974 3314 3006 3380 ἡ
3063 3309 3385 3378 Ἐκκλησία,
3435 3307 3798 3376 κραταιοτέρα

2241 3402 2465 3468 γίνεται,
2498 3405 2589 3454 καὶ
2627 3402 2948 3472 πληθύνεται
2991 3402 3082 3454 νῦν
3138 3400 3196 3452 τὸ
3232 3400 3414 3466 τάγμα
3451 3398 3556 3449 τῶν
3591 3396 3796 3464 παρθέ-

2243 3509 2346 3544 νων
2379 3528 2395 3553 ,
2529 3493 2810 3561 προσέχειν
2845 3492 3084 3561 ἀκριϐῶς
3119 3490 3193 3559 τῷ
3220 3507 3277 3541 τε
3299 3491 3415 3542 κατ’
3445 3488 3647 3540 ἔννοιαν
3672 3504 3797 3552 φαι-

2242 3582 2447 3650 νομένω
2504 3582 2782 3650 πράγματι
2832 3580 2923 3632 καὶ
2965 3583 3029 3648 τῇ
3073 3581 3170 3648 τῆς
3209 3578 3426 3646 Γρατρῖκ
3465 3576 3687 3644 διανοίᾳ,
3731 3577 3800 3642 ἣν

2240 3671 2461 3723 δυνατὸν
2521 3671 2759 3739 ἐξευρεῖν
2807 3669 2914 3720 ἀπὸ
2959 3667 3051 3720 τοῦ
3097 3667 3410 3720 ἀκολούθου.
3437 3667 3643 3735 Χηρεία
3685 3666 3798 3732 γὰρ

2245 3759 2536 3828 παρθενίας
2562 3759 2794 3810 ἐλάττων
2816 3775 2827 3787 ·
2854 3757 3043 3809 οὐκοῦν
3073 3758 3164 3808 καὶ
3199 3757 3255 3807 τὸ
3282 3756 3389 3806 τῶν
3418 3757 3595 3824 χηρῶν
3621 3754 3802 3823 ἀμάρι

2245 3863 2396 3916 τημα
2431 3849 2605 3916 πολλῷ
2637 3848 2883 3916 δεύτερόν
2919 3848 3028 3897 ἐστι
3062 3845 3152 3896 τοῦ
3185 3845 3288 3896 τῶν
3315 3843 3609 3912 παρθένων.
3640 3843 3800 3893 Ἴδω-

2250 3954 2346 4006 μεν
2372 3939 2544 3989 τοίνυν
2574 3939 2625 3989 τί
2651 3939 2953 4005 γέγραπται
2984 3934 3226 4003 Τιμοθέῳ
3251 3934 3398 4002 παρὰ
3423 3930 3514 3983 τοῦ
3549 3931 3763 3982 Παύλου
3791 3948 3801 3957 ·

2247 4027 2540 4093 Νεωτέρας
2586 4027 2650 4078 δὲ
2689 4025 2876 4093 χήρας
2928 4023 3228 4090 παραιτοῦ.
3267 4025 3439 4077 Ὅταν
3480 4021 3586 4090 γὰρ
3629 4037 3803 4072 κατιε-

2247 4116 2650 4181 στρηνιάσωσι
2723 4114 2826 4166 τοῦ
2890 4112 3173 4180 Χριστοῦ,
3230 4111 3436 4180 ταμεῖν
3479 4110 3800 4172 θέλουσιν,

2248 4204 2495 4272 ἔχουσαι
2517 4203 2706 4270 κρῖμα,
2745 4203 2830 4256 ὅτι
2859 4204 2966 4268 τὴν
2992 4201 3225 4269 πρώτην
3246 4203 3450 4253 πίστιν
3475 4199 3800 4264 ἠθέτησαν.

595 4298 795 4367 judicw
845 4299 1124 4368 subjicrtur
1157 4296 1478 4364 gravissimo
1514 4332 1528 4356 ,
1588 4306 1648 4346 ut
1701 4308 1820 4360 qua:
1882 4292 2036 4344 (idem
2095 4292 2137 4342 in

2252 4291 2313 4342 Ei
2342 4294 2519 4343 τοίνυν
2544 4298 2686 4362 χήρα
2720 4296 2944 4362 κρίματι
2972 4294 3248 4344 ὑπόκειται
3284 4291 3579 4359 βαρυτάτῳ,
3612 4289 3682 4347 ὼς
3700 4289 3806 4354 τὴν

598 4387 872 4441 Christum
930 4387 1137 4436 irritam
1189 4385 1410 4446 fecerit,
1449 4385 1574 4453 quid
1630 4383 1787 4437 nobis
1847 4382 2143 4451 putandum

599 4477 665 4528 de
698 4477 922 4542 virgine,
960 4489 1076 4539 quae
1118 4489 1312 4542 sponsa
1340 4482 1421 4527 est.
1447 4474 1683 4537 Christi,
1718 4481 1770 4526 et
1805 4487 2017 4526 sacrum
2055 4487 2144 4524 vas

598 4564 825 4615 Domino
869 4563 1224 4616 dedicatum?
1277 4561 1524 4631 Magnum
1564 4564 1780 4632 quidem
1828 4571 1908 4615 est
1957 4576 2145 4630 pecca-

599 4657 713 4702 tum
741 4688 754 4710 ,
811 4651 890 4702 vel
937 4652 1187 4702 ancillam
1235 4651 1584 4705 clandestinis
1630 4651 1994 4704 matrimoniis
2026 4665 2146 4703 sese

600 4737 836 4798 dantem,
873 4748 1057 4805 stupro
1107 4741 1321 4791 domum
1371 4742 1588 4807 implere
1612 4779 1626 4802 ,
1657 4750 1709 4792 et
1752 4741 2018 4793 deteriore
2038 4741 2145 4792 vita

601 4827 850 4892 iniuriam
901 4830 1202 4894 possessori
1266 4829 1487 4882 facere:
1535 4831 1690 4897 longe
1729 4837 1904 4882 autem
1931 4830 2145 4896 gravius

602 4925 683 4968 est
720 4931 974 4983 sponsam
1008 4917 1122 4969 ﬁeri
1179 4917 1506 4982 adulteram,
1542 4933 1604 4971 ac
1636 4934 1746 4971 sua:
1776 4934 1898 4970 cum
1947 4933 2145 4986 sponso

601 5007 965 5070 conjunctioni
1018 5009 1250 5061 dedecus
1311 5007 1566 5062 ferentem
1601 5048 1616 5072 ,
1681 5009 1966 5076 impudicis
1993 5010 2146 5061 volu-

600 5097 834 5164 ptttibus
883 5113 940 5149 se
1001 5099 1218 5152 dedere.
1271 5099 1500 5152 Proinde
1565 5100 1723 5152 vidua
1777 5100 1990 5168 quidem
2025 5137 2039 5160 ,
2089 5107 2146 5150 ttt

599 5193 848 5251 corrupta
881 5188 1111 5249 ancilla,
1147 5189 1537 5242 condemnatur
1571 5207 1582 5252 ;
1620 5191 1770 5256 virgo
1810 5203 1936 5241 vero
1993 5187 2146 5239 adul-

599 5287 724 5328 tera:
840 5275 1039 5344 judicio
1171 5281 1476 5347 subjicitur.
1498 5280 1957 5344 Quemadmodum
1985 5279 2148 5347 igitur

594 5380 717 5417 eum
751 5369 845 5435 qui
897 5382 1017 5419 cum
1054 5371 1227 5422 aliena
1262 5382 1344 5424 est
1381 5373 1646 5437 muliere,
1693 5371 1997 5423 adulterum
2051 5385 2148 5422 no-

597 5457 893 5517 minamus.
941 5472 1044 5510 non
1099 5459 1245 5524 prius
1295 5461 1638 5513 admittentes
1698 5459 1761 5511 ad
1813 5459 2146 5512 communio-

595 5559 739 5608 nem,
779 5561 938 5615 quam
986 5562 1014 5598 a
1049 5557 1269 5616 peccato
1322 5551 1656 5604 cessaverit:
1699 5551 1768 5603 ita
1830 5549 2067 5617 profecto
2091 5557 2143 5602 ct

701 5683 714 5712 ¹
746 5681 759 5733 Ι
793 5681 929 5734 Tim.
959 5701 1006 5747 ν,
1037 5684 1114 5743 Η,
1153 5682 1234 5736 I9.

2251 4381 2330 4440 είς
2383 4381 2609 4448 Χριστὸν
2671 4381 2980 4448 ἀθετήσασα
3031 4380 3228 4438 πίστιν,
3268 4379 3319 4428 τί
3355 4378 3457 4447 χρὴ
3495 4371 3805 4440 λογίζεσθαι

2251 4471 2394 4537 ἡμᾶς
2427 4471 2550 4537 περὶ
2576 4472 2671 4538 τῆς
2723 4469 3006 4538 παρθένου,
3037 4470 3157 4536 ἥτις
3183 4467 3366 4533 νύμφη
3398 4466 3510 4516 ἐστὶ
3549 4463 3639 4514 τοῦ
3666 4462 3808 4528 Χρι-

2254 4559 2397 4620 στοῦ,
2430 4561 2520 4611 καὶ
2561 4559 2747 4621 σκεῦος
2781 4561 2920 4627 ἱερὸν
2953 4557 3207 4611 ἀνατεθὲν
3237 4556 3313 4624 τῷ
3343 4554 3614 4624 Aeci-rota;
3643 4551 3807 4615 Μέγα

2255 4651 2347 4719 μὲν
2380 4652 2676 4720 ἁμάρτημα
2730 4652 2820 4703 καὶ
2849 4650 3039 4718 δούλην
3072 4647 3344 4716 λαθραίοις
3376 4645 3569 4712 γάμοις
3605 4641 3807 4706 ἑαυτὴν

2252 4740 2583 4791 ἐπιδιδοῦσαν
2631 4741 2829 4808 φθορᾶς
2878 4738 3183 4806 ἀναπλῆσαι
3211 4737 3299 4787 τὸν
3329 4731 3495 4794 οἷκον,
3549 4730 3640 4782 καὶ
3676 4728 3807 4777 καθ·

2253 4829 2486 4896 υϐρὶζειν
2514 4830 2599 4881 διά
2620 4829 2711 4880 τοῦ
2743 4829 2976 4898 πονηροῦ
3001 4828 3113 4896 βίου
3145 4827 3233 4878 τὸν
3253 4809 3603 4892 κεκτημένον·
3627 4815 3806 4882 πολλῷ

2250 4919 2306 4970 δέ
2331 4921 2498 4987 δήπου
2537 4919 2908 4988 χαλεπώτερον
2948 4919 3043 4988 τὴν
3087 4919 3297 4986 νύμφην
3349 4910 3622 4981 μοιχαλίδα
3652 4907 3807 4973 γενέ-

2254 5008 2394 5070 σθαι,
2430 5010 2520 5061 καὶ
2551 5009 2643 5078 τὴν
2677 5011 2810 5079 πρὸς
2842 5011 2932 5061 τὸν
2965 5009 3193 5077 νυμφίον
3225 5007 3414 5057 ἓνωσιν
3439 4999 3803 5067 ἀτιμάσασαν.

2252 5098 2456 5166 ἡδοναῖς
2489 5098 2802 5160 ἀκολάστοις
2837 5099 3030 5166 ἐαυτὴν
3071 5095 3362 5148 ἐπιδοῦναι.
3404 5088 3606 5142 Οὐκοῦν
3636 5088 3667 5154 ὴ
3703 5084 3805 5154 μὲν

2252 5186 2411 5254 χήρα,
2442 5186 2514 5246 ὡς
2547 5186 2702 5254 δούλη
2767 5186 3153 5254 διεφθαρμένη,
3189 5178 3632 5241 καταδικάζεταν
3671 5177 3703 5242 ὴ
3742 5174 3805 5225 δὲ

2252 5276 2511 5344 παρθένος
2558 5276 2633 5344 τῷ
2689 5279 2909 5345 κρίματι
2974 5275 3070 5342 τῆς
3137 5270 3433 5341 μοιχαλίδος
3501 5266 3801 5318 ὑπόκειται.

2255 5367 2456 5435 ’Ὥσπερ
2517 5363 2607 5418 οὖν
2645 5367 2732 5418 τὸν
2779 5366 3028 5437 ἀλλοτρίᾳ
3071 5362 3283 5430 γυναικὶ
3335 5358 3580 5410 συνιόντα
3621 5354 3805 5423 μοιχὸν

2252 5457 2602 5526 ὀνομάζομεν,
2655 5457 2712 5508 οὐ
2767 5458 3023 5526 πρότερον
3060 5451 3485 5521 παραδεξάμενοι
3507 5451 3585 5510 είς
3615 5464 3806 5499 κοινω-

2252 5548 2386 5611 νίαν,
2423 5551 2546 5618 πρὶν
2581 5547 2941 5616 ῆπαύσασθαι
2971 5546 3067 5614 τῆς
3111 5543 3413 5613 ἁμαρτίας⁶
3447 5541 3585 5593 οὕτω
3617 5538 3802 5607 δηλον“
