3998 6326
185 338 300 403 6ὶ9

1118 341 1195 403 ΙΝ
1237 339 1478 400 Ei’lS'I‘.
1526 339 1591 401 S.
1636 339 1923 401 BASILII
1957 339 2396 402 CANONICAM
2438 340 2516 402 II.

3307 343 3414 408 €50

179 470 265 519 ότι
295 468 389 518 καὶ
414 462 504 516 ἐπὶ
529 461 620 514 τοῦ
650 463 746 531 τὴν
772 459 1034 530 παρθένον
1061 459 1270 530 ἔχοντος
1304 458 1746 530 διατεθησόμεθα.

1860 466 1926 522 de
1954 481 2020 522 eo
2057 467 2149 536 qui
2185 467 2448 538 virginem
2501 466 2664 521 habet
2713 475 3036 521 statuemus.
3069 463 3200 518 Illud
3233 475 3412 520 autem

193 556 407 609 Ἐκεῖνο
451 552 506 606 δὲ
545 551 639 605 νῦν
679 550 1219 622 προδιομολογεῖσθαι
1261 553 1391 621 ἡμῖν
1434 551 1749 618 ἀναγκαῖον,

184 647 269 699 ὅτι
305 645 569 716 παρθένος
618 645 1010 715 ὀνομάζεται,ὴ
1057 642 1319 706 ἑκουσίως
1356 644 1551 714 ἑαυτὴν
1584 659 1749 712 προσ-

180 735 468 808 αγαγοῦσα
522 735 599 806 τῷ
656 734 858 806 Κυρίῳ,
907 738 996 788 καὶ
1045 733 1426 803 ἀποταξαμένη
1456 732 1532 802 τῷ
1567 733 1748 803 γάμῳ,

183 831 279 883 καὶ
307 831 395 883 τὸν
413 831 471 882 ὲν
504 826 758 896 ἁγιασμῷ
796 826 907 894 βῖον
942 827 1345 896 προτιμήσασα.
1386 823 1492 886 Τάς
1525 824 1582 876 δὲ
1621 826 1753 893 ὁμο·-

180 921 372 988 λογίας
402 921 518 972 τότε
550 917 892 989 έγκρίνομεν,
936 919 1027 984 ἀφ’
1057 912 1226 986 οὗπερ
1253 915 1319 968 ἂν
1347 917 1380 987 ἡ
1417 915 1599 987 ἡλικία
1654 913 1752 984 τὴν

183 1011 279 1064 τοῦ
305 1011 466 1075 λόγου
494 1009 885 1080 συμπλήρωσιν
913 1007 1024 1078 (75)
1045 1008 1164 1078 Ξχῃ.
1198 1009 1332 1062 οὐδὲ
1355 1009 1462 1078 γὰρ
1489 1009 1584 1071 τάς
1623 1024 1750 1060 παι-

183 1101 341 1164 δικὰς
373 1100 553 1169 φωνὰς
589 1099 806 1162 πάντως
852 1097 1047 1170 κυρίας
1081 1097 1174 1152 ἐπὶ
1194 1097 1302 1180 τῶν
1323 1099 1577 1151 τοιούτων
1603 1099 1755 1168 ἡγεῖ-

185 1191 310 1246 σθαι
373 1192 668 1260 προσῆκεν,
712 1189 848 1244 ἀλλά
891 1188 990 1259 τὴν
1020 1189 1162 1260 ὑπὲρ
1188 1189 1255 1242 τὰ
1283 1188 1415 1242 δέκα
1447 1189 1508 1253 ἐξ
1536 1189 1568 1258 ἦ
1622 1188 1756 1242 δέκα

182 1282 280 1334 καὶ
302 1280 440 1333 ἐπτά
463 1279 760 1350 γενομένην
789 1279 906 1348 ἐτη,
929 1278 1124 1350 κυρίαν
1151 1275 1316 1331 οὖσαν
1334 1277 1440 1332 τῶν
1459 1278 1752 1348 λογισμῶν,

183 1371 572 1441 ἀνακριθεῖσαν
628 1372 720 1424 ἐπὶ
771 1370 973 1433 πλεῖον,
1034 1366 1150 1424 εἶτα
1177 1371 1608 1442 παραμείνασαν,
1663 1369 1755 1423 καὶ

185 1460 525 1531 λιπαροῦσαν
558 1461 642 1513 διά
670 1461 886 1514 ίκεσιῶν
917 1463 1050 1532 πρὸς
1083 1461 1142 1514 τὸ
1183 1461 1601 1532 παραδεχθῆναι,
1633 1460 1753 1514 τότε

188 1551 652 1622 ὲγκαταλέγεσθαι
682 1553 786 1623 χρὴ
821 1555 939 1616 ταῖς
975 1552 1284 1624 παρθένοις,
1309 1554 1401 1625 καὶ
1438 1555 1536 1623 τὴν
1565 1553 1756 1623 ὁμολο-

185 1645 313 1712 γίαν
358 1643 460 1712 τῆς
510 1643 765 1714 τοιαύτης
816 1643 1036 1714 κυροῦν,
1073 1644 1164 1697 καὶ
1198 1645 1294 1714 τὴν
1317 1645 1571 1714 ἀθέτησιν
1587 1647 1756 1716 αὐτῆς

189 1737 580 1807 ἀπαραιτήτως
627 1735 894 1798 κολάζειν.
933 1736 1138 1799 Πολλὰς
1191 1736 1299 1806 γὰρ
1359 1740 1536 1805 γονεῖς
1585 1756 1755 1810 προσ-

1859 573 2004 613 nunc
2051 559 2105 612 in
2153 568 2496 614 antecessum
2557 568 2791 613 statuere
2846 559 3004 613 nobis
3035 573 3257 613 necesse
3291 567 3411 619 est,

1859 647 2119 716 virginem
2169 649 2396 711 vocari,
2445 661 2564 717 quae
2618 663 2679 702 se
2725 662 2822 703 sua
2855 654 3046 716 sponte
3087 647 3282 701 obtulit
3316 645 3419 698 Do-

1863 741 2030 801 mino,
2071 755 2133 794 ac
2163 741 2412 794 nuntium
2460 739 2664 808 nuptiis
2696 739 2934 796 remisit.
2966 749 3018 792 et
3048 738 3418 792 sanctimonia:

1861 831 2168 886 institutum
2225 833 2471 899 amplexa
2549 840 2651 883 est.
2709 828 3082 884 Professioues
3127 839 3303 883 autem
3351 829 3418 882 ab

1859 934 1924 973 co
1975 927 2214 988 tempore
2242 919 2618 981 admittimus,
2674 932 2782 987 quo
2810 928 2941 973 mtas
2996 916 3221 970 rationis
3265 933 3418 970 com-

1859 1008 2186 1077 plementum
2243 1006 2516 1060 habuerit.
2566 1003 2752 1074 Neque
2802 1005 2945 1059 enim
2981 1003 3216 1072 pueriles
3261 1018 3418 1056 voces

1857 1100 2082 1153 omnino
2138 1105 2285 1153 ratas
2345 1097 2399 1150 in
2446 1096 2715 1167 ejusmodi
2762 1096 2922 1150 rebus
2977 1095 3173 1148 habere
3222 1107 3418 1146 conve-

1857 1189 1938 1242 nit
1985 1204 2000 1239 :
2048 1188 2144 1244 sed
2203 1205 2323 1258 qua).
2356 1203 2521 1258 supra
2570 1185 2841 1242 sexdecim
2900 1185 2983 1238 vel
3034 1182 3418 1252 septemdecim

1857 1292 2032 1334 annos
2077 1287 2203 1332 nata
2238 1319 2253 1343 ,
2305 1279 2781 1333 ratiocinationum
2807 1293 3027 1333 suarum
3060 1278 3260 1330 arbitra
3285 1317 3299 1342 ,
3328 1277 3417 1330 diu

1857 1369 2160 1423 examinata
2212 1385 2276 1423 ac
2306 1370 2529 1439 probata
2561 1411 2576 1435 ,
2631 1369 2891 1438 deinceps
2935 1368 3334 1438 perseveravit,
3366 1376 3418 1420 et

1859 1466 1920 1512 ut
1970 1459 2289 1512 admittatur
2339 1467 2654 1514 constanter
2711 1459 3022 1529 rogaverit,
3058 1467 3169 1510 tum
3202 1457 3415 1510 domum

1859 1551 2001 1606 inter
2049 1551 2288 1620 virgines
2345 1550 2664 1617 referenda,
2727 1551 2956 1619 ejusque
3006 1558 3121 1603 rata
3171 1548 3416 1611 habenda

1857 1640 2146 1711 professio,
2181 1655 2244 1694 ac
2275 1641 2420 1695 illius
2467 1641 2689 1696 violatio
2741 1641 3149 1695 inexorabiliter
3193 1639 3421 1708 punien-

1858 1731 1948 1786 da.
1980 1730 2175 1784 Multas
2206 1732 2349 1785 enim
2402 1739 2649 1799 parentes
2698 1731 2975 1785 adducunt
3021 1741 3074 1784 et
3125 1730 3323 1784 fratres
3364 1737 3418 1784 et

187 1828 383 1894 άγουσι
436 1827 531 1879 καὶ
580 1825 818 1894 ἀδελφοὶ,
879 1828 973 1880 καὶ
1022 1828 1131 1879 τῶν
1187 1829 1570 1898 προσηκόντων
1610 1830 1751 1892 τινες

1859 1823 2290 1892 propinquorum
2353 1823 2597 1876 nonnulli
2661 1831 2784 1876 ante
2846 1831 3100 1886 aetatem,
3159 1837 3265 1875 non
3321 1838 3418 1876 sua

186 1919 292 1989 πρὸ
324 1917 424 1987 τῆς
460 1918 694 1987 ἡλικίας,
729 1920 827 1972 οὐκ
853 1918 1060 1972 οἴκοθεν
1093 1919 1426 1990 ὀρμηθείσας
1455 1919 1588 1989 πρὸς
1614 1921 1754 1988 ἀγαο

188 2010 341 2080 μίαν,
366 2011 502 2064 ἀλλά
529 2027 583 2062 τι
609 2009 857 2079 βιωτικδν
894 2012 1106 2073 ἑαυτοῖς
1147 2009 1522 2081 διοικούμενοι.
1560 2013 1657 2074 Ἆς
1693 2012 1753 2065 οὐ

183 2099 387 2169 ῥᾳδίως
421 2097 811 2167 προσδέχεσθαι
847 2097 946 2162 δεῖ,
994 2097 1095 2162 ἕως
1131 2099 1197 2152 ἂν
1223 2099 1468 2170 φανερῶς
1495 2099 1592 2170 τὴν
1620 2098 1756 2153 ίδίαν

179 2191 364 2241 αὐτῶν
409 2188 787 2259 έρευνήσωμεν
812 2186 1057 2259 γνώμην.

253 2271 454 2324 ΒΔΛΣ.
485 2270 766 2341 Δεαφόρως
798 2269 1024 2340 είπομεν
1053 2270 1134 2322 ὅτι
1163 2268 1444 2338 παρθένοι,
1476 2271 1738 2338 γυναῖκες

182 2361 286 2416 καὶ
311 2360 506 2431 χῆραι,
538 2360 678 2428 μετά
705 2358 894 2413 λαῖκοῦ
925 2361 1201 2430 σχήματος
1245 2363 1367 2423 ταῖς
1420 2361 1742 2431 ικκλησίαις

179 2451 632 2525 προσερχόμεναι
663 2454 720 2506 αί
745 2454 845 2522 μιν
903 2449 1205 2521 παρθενίαν
1231 2451 1568 2521 ὡμολόγουν,
1601 2455 1659 2508 αί
1690 2453 1748 2508 δέ

176 2545 546 2615 σωφροσύνην
579 2559 596 2575 ο
669 2544 766 2599 καὶ
851 2543 930 2608 ὡς
1001 2545 1414 2614 ἀνατεθειμέναι
1498 2546 1577 2617 τῷ
1631 2547 1748 2618 Θεῷ

173 2633 435 2705 ἠξιοῦντο
464 2635 609 2704 παρά
655 2634 764 2689 τῶν
837 2637 1155 2690 έπισκόπων
1209 2639 1390 2711 πάσης
1433 2641 1750 2712 σωματικῆς

175 2726 527 2796 έπιμελείας.
573 2726 905 2796 Ἐρωτηθεὶς
938 2723 1031 2782 οὖν
1065 2719 1266 2798 όᾶγιος
1294 2732 1348 2784 τί
1375 2731 1580 2800 ὀφείλει
1607 2733 1754 2802 γίνε-

176 2817 305 2870 σθαι
333 2819 416 2880 εἰς
449 2816 551 2877 τὰς
583 2816 956 2887 πορνευούσας
985 2819 1312 2891 παρθένους,
1369 2820 1473 2892 ἔφη
1532 2823 1615 2877 ὅτι
1687 2823 1752 2876 Οί

182 2911 286 2981 μέν
336 2910 702 2980 πρεσϐύτεροι
754 2910 1080 2982 διορίζονται
1138 2914 1499 2983 ἐπιτιμᾶσθαι
1551 2914 1756 2986 ταύτας

182 3002 332 3054 κατά
374 3002 504 3065 τοὺς
565 3001 855 3071 διγάμους,
910 3002 1006 3056 καὶ
1072 3002 1355 3068 ἀξιοῦσθαι
1433 3007 1605 3070 αύτάς
1651 3008 1756 3077 τῆς

179 3091 350 3160 ἁγίας
381 3091 738 3162 μεταλήψεως
773 3091 915 3162 μετά
949 3093 1198 3148 ένιαυτόν
1224 3109 1240 3124 ·
1274 3093 1384 3160 έγὼ
1440 3095 1496 3149 δέ
1531 3095 1752 3166 βλέπων

1860 1919 2052 1982 sponte
2105 1912 2173 1965 ad
2209 1913 2450 1967 caelibem
2489 1913 2652 1966 vitam
2702 1914 2989 1974 incitatas,
3045 1914 3140 1968 sed
3203 1922 3258 1966 ut
3316 1913 3418 1968 sibi

1860 2004 1968 2075 ipsi
2015 2002 2312 2073 aliquodin
2359 2004 2468 2057 vita
2491 2006 2838 2058 commodum
2889 2005 3226 2076 provideant.
3261 2004 3419 2060 Tales

1859 2111 1970 2151 non
2029 2096 2186 2152 facile
2255 2096 2639 2162 admittenda,
2705 2099 2879 2154 donec
2944 2104 3126 2169 aperte
3181 2100 3417 2169 ipsarum

1863 2183 2186 2256 perscrutati
2231 2183 2495 2239 fuerimus
2521 2186 2860 2240 sententiam.

1938 2273 2042 2344 75
2075 2274 2267 2330 BALS.
2296 2276 2534 2332 Diversis
2575 2277 2627 2330 in
2657 2276 2788 2331 locis
2824 2276 3080 2339 diximus,
3109 2279 3249 2344 quod
3300 2292 3415 2330 mu-

1852 2355 2034 2430 lieres,
2063 2366 2321 2438 virgines,
2353 2379 2407 2424 et
2430 2371 2600 2424 vidum
2620 2369 2877 2424 ecclesias
2902 2383 3022 2422 cum
3057 2369 3410 2424 laico~habitn

1852 2458 2206 2525 accedentes,
2273 2460 2378 2515 ille
2437 2460 2661 2530 quidem
2716 2460 3102 2531 virginitatem,
3150 2462 3230 2515 lue
3281 2477 3410 2516 vero

1850 2551 2240 2615 continentiam
2262 2552 2690 2619 prolatebantur,
2721 2563 2775 2607 et
2809 2563 3060 2622 tauquam
3107 2552 3217 2606 Deo
3267 2555 3414 2606 dedi-

1849 2651 1986 2695 cata:
2009 2643 2076 2698 ab
2103 2644 2372 2714 episcopis
2400 2643 2548 2696 omni
2581 2641 2852 2712 corporali
2885 2643 3216 2710 providentia
3237 2642 3413 2713 digna:

1852 2730 2215 2791 habebantur.
2245 2734 2620 2804 Interrogatus
2655 2735 2839 2802 itaque
2873 2744 3119 2797 sanctus,
3149 2733 3274 2803 quid
3328 2737 3413 2788 de-

1848 2821 1971 2877 beat
1999 2823 2112 2879 fieri
2143 2824 2196 2879 in
2227 2825 2463 2896 virgines
2495 2839 2614 2894 qua
2659 2823 3014 2890 fornicantur,
3080 2827 3212 2881 dixit
3267 2831 3410 2896 quod

1847 2915 2095 2969 seniores
2122 2913 2340 2983 quidem
2397 2915 2694 2969 decernunt
2741 2928 2834 2969 eas
2881 2914 3022 2970 sicut
3066 2927 3122 2970 et
3165 2917 3411 2982 biganms

1847 3003 2048 3074 puniri,
2073 3019 2277 3075 easque
2305 3015 2429 3075 post
2450 3020 2646 3058 annum
2669 3015 2855 3059 saneta
2911 3007 3283 3062 communione
3327 3009 3413 3062 di-

1850 3108 1982 3164 gnas
2002 3095 2224 3150 haberi:
2253 3110 2356 3164 ego
2394 3110 2526 3150 vero
2557 3095 2746 3149 videns
2777 3093 3067 3150 Eccicsiam
3091 3095 3146 3150 in
3205 3096 3406 3153 bouum

179 3187 286 3256 τὴν
326 3185 662 3257 Ἐκκλησίαν
706 3186 1129 3256 προκόπτουσαν
1165 3191 1246 3252 εἰς
1305 3189 1369 3242 τὸ
1404 3189 1627 3258 ἀγαθὸν,
1658 3191 1750 3243 καὶ

1855 3185 2136 3255 proficere,
2191 3197 2244 3242 et
2265 3201 2449 3242 sacras
2474 3186 2711 3258 virgines
2757 3187 3136 3254 multiplicari,
3161 3191 3281 3244 dico
3311 3205 3402 3244 eas

173 3279 279 3340 τάς
350 3279 654 3348 παρθένους
720 3279 1157 3350 πληθυνομένας,
1219 3280 1361 3350 λέγω
1399 3281 1749 3354 ὀφειλόμενον

178 3366 325 3424 εἶναι
366 3370 570 3439 μᾶλλον
602 3370 774 3433 αὐτὰς
801 3370 878 3435 ὥς
910 3371 1226 3442 μοιχαλίδας
1265 3372 1613 3437 κολάζεσθαι.
1639 3376 1751 3429 Καὶ

177 3461 581 3526 κατασκευάζει
643 3461 735 3514 τὸν
787 3463 987 3516 υίκείον
1060 3462 1218 3529 λόγον
1299 3463 1575 3528 έντεῦθεν,
1652 3464 1744 3518 λέ-

179 3568 300 3621 γων
337 3552 420 3606 δτι
445 3551 643 3623 χηρεία
661 3551 765 3622 τῆς
790 3550 1098 3621 παρθενίας
1132 3553 1399 3609 suum.
1451 3555 1513 3608 El
1549 3555 1750 3619 τοίνυν,

180 3643 328 3696 κατά
364 3642 456 3696 τὸν
492 3642 841 3710 ’Δπόστολον,
873 3643 1051 3714 κρίμα
1085 3644 1321 3714 έχουσιν,
1376 3646 1545 3717 ἠγουν
1583 3663 1752 3699 κατα-

177 3734 345 3802 δίκην
371 3735 426 3787 αί
457 3734 792 3806 ἀθετήσασαι
825 3734 994 3805 χῆραι
1044 3735 1146 3806 τὴν
1215 3737 1508 3807 ὁμολογίαν
1548 3737 1750 3804 αὐτῶν,

183 3825 370 3897 πολλῷ
395 3827 556 3880 πλέον
578 3827 634 3881 αί
664 3825 925 3899 παρθένοι
985 3829 1507 3899 κατακριθήσονται.
1561 3828 1754 3882 Ὡσαύ-

180 3936 292 3980 τως
318 3917 649 3988 παρεικάζει
672 3921 772 3992 τὴν
805 3919 905 3989 μὶν
937 3920 1115 3990 χήραν
1140 3919 1324 3991 δούλῃ,
1383 3919 1482 3989 τὴν
1514 3921 1573 3974 δὲ
1611 3938 1754 3990 παρ·

183 4013 340 4066 θένον
389 4011 576 4085 νύμφῃ
603 4013 750 4076 τινὸς
781 4012 1187 4077 οἰκοδεσπότου,
1209 4015 1304 4065 καὶ
1357 4011 1500 4065 οὕτω
1529 4013 1753 4081 συνάγει

183 4103 297 4157 ἀπὸ
333 4104 554 4157 πάντων
601 4101 784 4164 καλῶς
850 4101 1171 4156 ὑποκεῖσθαι
1224 4103 1302 4172 τῷ
1364 4102 1461 4172 τῆς
1511 4105 1752 4173 μοιχείας

183 4195 500 4262 ἰγκλὴματι
528 4192 626 4257 τάς
678 4192 1020 4252 ἐκπεσούσας
1054 4192 1380 4261 παρθένους.
1416 4187 1552 4244 Εἶτα
1627 4195 1720 4245 ἐπι

184 4289 348 4356 φέρει
373 4285 458 4338 ὅτι
500 4285 629 4355 περὶ
659 4285 884 4338 ἐκείνων
914 4283 1023 4336 τῶν
1087 4263 1375 4352 παρθένων
1444 4282 1755 4350 διαλέγεται

182 4379 296 4431 τῶν
324 4376 586 4440 ἑκουσίως
623 4375 826 4438 έαυτάς
849 4374 1244 4443 προσαγουσῶν
1295 4373 1374 4443 τῷ
1421 4373 1630 4443 Κυρίῳ,
1663 4374 1757 4428 καὶ

1851 3275 2052 3332 debere
2077 3275 2260 3347 potius
2289 3286 2348 3330 ut
2375 3276 2651 3331 adulteras
2675 3277 2875 3347 puniri.
2911 3278 2976 3331 Et
3019 3279 3220 3334 dictqu
3256 3296 3410 3336 suum

1852 3367 1980 3421 hinc
2007 3367 2344 3436 comprobat,
2397 3367 2606 3433 dicens,
2636 3368 2778 3436 quod
2826 3369 3058 3424 viduitas
3109 3380 3193 3426 cst
3242 3373 3416 3426 mium-

1851 3457 2182 3526 virginitate.
2215 3458 2274 3514 Si
2338 3474 2503 3530 ergo,
2564 3468 2622 3513 ut
2659 3460 2788 3513 dicit
2841 3460 3149 3528 Apostolus,
3216 3463 3417 3518 habent

1846 3548 2106 3617 judicium
2138 3563 2232 3604 seu
2263 3549 2691 3605 condemnantur
2711 3550 2908 3616 viduae,
2931 3565 3050 3619 quae
3111 3567 3262 3607 suam
3294 3572 3418 3624 pro-

1854 3637 2140 3695 fessionem
2188 3641 2398 3696 irritam
2431 3641 2663 3706 faciunt,
2721 3640 2886 3695 multo
2929 3643 3101 3712 magis
3157 3647 3415 3700 condem-

1855 3731 2126 3786 nabuntur
2169 3732 2424 3804 virgines.
2446 3731 2707 3787 Similiter
2737 3731 2943 3786 ancilla:
2967 3734 3178 3801 quidem
3202 3735 3413 3789 viduam

1853 3821 2148 3888 assituilat;
2188 3823 2452 3891 virginem
2481 3837 2611 3877 vero
2667 3836 2882 3892 sponsa
2943 3824 3169 3892 alicujus
3219 3829 3416 3893 pattis-

1857 3908 2126 3966 familias:
2159 3910 2308 3963 etita
2338 3925 2403 3964 ex
2435 3909 2686 3963 omnibus
2743 3907 2946 3979 colligit
3005 3909 3252 3964 adulterii
3304 3913 3417 3965 cri-

1858 3999 2005 4052 mine
2035 4009 2182 4054 recte
2209 4000 2380 4054 teneri
2427 4000 2604 4068 lapsas
2628 4000 2885 4069 virgines.
2945 4000 3146 4054 Deinde
3197 4002 3420 4069 subjun-

1858 4089 2037 4159 git,se
2067 4092 2131 4144 de
2161 4091 2267 4144 ilis
2298 4090 2595 4159 virginibus
2639 4092 2839 4152 dicere,
2893 4105 3015 4159 quae
3073 4107 3130 4145 se
3187 4091 3416 4146 Domino

1855 4196 1952 4234 sua
1985 4189 2173 4249 sponte
2195 4181 2528 4243 obtulerunt,
2559 4191 2613 4235 et
2643 4181 2994 4235 matrimonio
3037 4184 3418 4238 renuntiarunt

1855 4272 1910 4325 in
1976 4281 2132 4326 aetate
2153 4271 2386 4339 sedecim
2420 4272 2504 4326 vel
2553 4271 2936 4341 septemdecim
2966 4288 3258 4327 annorum.
3287 4273 3414 4339 Qum

1857 4371 2035 4415 autent
2060 4363 2112 4416 in
2134 4362 2324 4416 minori
2356 4371 2516 4417 tetate
2569 4365 2702 4416 fiunt
2745 4364 3125 4433 professiones,
3162 4366 3288 4420 dicit
3311 4383 3415 4420 non

184 4468 616 4536 ἀποταξαμένων
644 4468 724 4536 τῷ
765 4466 929 4535 γάμῳ
993 4470 1050 4517 έν
1110 4465 1297 4534 ἡλικίᾳ
1361 4465 1751 4531 ἑξκαιδεκάτου

1860 4453 2068 4506 admitti
2102 4453 2318 4506 debere.
2345 4452 2534 4506 Multas
2559 4452 2726 4518 enim,
2788 4453 2994 4522 inquit,
3044 4452 3273 4509 offerunt
3327 4472 3418 4524 pa-

189 4531 392 4629 χρόνου⁷
413 4531 961 4626 ἥνέπτακαίόεκάτοϋυ.
1008 4531 1206 4619 Τάςνδὶ
1239 4531 1331 4607 ἐπὶ
1355 4555 1541 4622 ἥττονι
1576 4557 1751 4624 χρόνῳ

1859 4553 1970 4600 tres
1999 4545 2159 4596 etiam
2191 4544 2404 4606 invitas,
2439 4555 2657 4613 propter
2675 4553 3041 4613 paupertatem
3067 4546 3150 4598 vel
3179 4545 3418 4614 aliquam

187 4652 482 4721 γινομένας
510 4649 799 4720 ὁμολογίας
829 4649 964 4717 φησὶ
987 4647 1063 4716 μὴ
1095 4643 1504 4716 προσδέχεσθαι.
1547 4644 1753 4707 Πολλὰς

191 4746 324 4812 γὰρ,
356 4744 515 4812 φησὶ,
543 4741 915 4811 προσάγουσιν
935 4739 984 4790 οί
1006 4739 1182 4805 γονεῖς
1199 4739 1292 4789 καὶ
1327 4737 1400 4805 μὴ
1422 4736 1752 4805 βουλομένας

187 4834 260 4887 δι’
282 4834 512 4904 ἀπορίαν
535 4833 568 4902 ἢ
588 4832 654 4885 δι’
677 4831 842 4899 ἄλλην
860 4831 980 4882 τινὰ
1000 4828 1390 4883 αἰτίαν.Ταῦτα
1410 4829 1504 4881 τοῦ
1529 4827 1750 4888 κανόνος

188 4926 587 4997 διοριζομένου,
635 4924 707 4994 μὴ
753 4923 912 4992 είπῃς
941 4920 1297 4984 έξακούεσθαι
1337 4919 1526 4972 τοῦτον
1554 4920 1649 4972 καὶ
1671 4921 1750 4980 είς

194 5015 583 5090 μοναζσύσαςῆ
617 5010 920 5082 ἀσκητρίας
950 5029 966 5044 ο
998 5011 1101 5064 κᾶν
1129 5011 1234 5081 γὰρ
1267 5011 1325 5062 ὲν
1347 5010 1530 5080 ἥττονι
1571 5010 1747 5080 πᾶντη

191 5108 379 5179 ἡλικίᾳ
400 5106 499 5176 τὴν
521 5103 792 5172 κοσμικὴν
817 5100 1125 5154 ἀπόθωνται
1146 5101 1332 5171 τρίχα,
1353 5097 1548 5168 βεϐαία
1572 5097 1748 5162 ἔσται,

193 5201 272 5263 ὡς
299 5198 418 5264 ἐμοὶ
447 5197 616 5256 δοκεῖ,
649 5194 738 5246 καὶ
763 5194 841 5256 είς
868 5194 926 5244 τδ
951 5191 1132 5262 ἑξῆςή
1164 5189 1420 5260 ὁμολογία
1454 5188 1638 5242 αὑτοῦ.

271 5289 514 5342 ΖΩΝΑΡ.
569 5286 678 5348 Τὰς
724 5283 1024 5354 παρθενίαν
1082 5280 1575 5349 έπαγγειλαμένας,
1632 5273 1749 5331 εἷτα

200 5368 534 5442 ὶκπεσούσας
567 5379 664 5431 καὶ
698 5376 1045 5444 ἀθετησάσας
1077 5373 1176 5436 τὰς
1198 5374 1405 5425 ἑαυτῶν
1457 5371 1751 5438 συνθήκας,

198 5474 317 5544 ἦτοι
349 5471 444 5532 τὰς
479 5466 820 5535 ὑποσχέσεις,
855 5465 904 5518 οι
935 5465 1033 5533 μέν
1100 5463 1450 5529 παλαιότεροι
1516 5461 1755 5529 Πατέρες

198 5557 816 5628 συγκαταϐατικώτερον
907 5555 1299 5626 διατιθέμενοι,
1354 5556 1430 5615 ὼς
1479 5545 1668 5614 -οὗτος
1729 5555 1756 5606 ὁ

197 5656 350 5723 ἅγιος
388 5649 557 5717 λέγει,
595 5649 686 5700 ἰπὶ
717 5645 962 5700 ἐνιαυτὸν
1007 5643 1359 5714 ἀφορίζεσθαι
1425 5643 1753 5709 διετάξαντο,

199 5747 292 5800 καὶ
322 5741 458 5815 μετά
493 5741 664 5795 ταῦτα
685 5736 955 5806 δέχεσθαι.
982 5740 1125 5791 κατὰ
1155 5739 1282 5791 τοὺς
1330 5735 1594 5805 δ’γάμςυς
1619 5751 1631 5762 ·
1661 5727 1752 5788 οὗ.

508 5839 772 5898 Pas-nou.
804 5833 922 5893 Gtt.
954 5823 1338 5896 CXXXVIII.

1862 4629 2022 4688 aliam
2045 4648 2288 4688 causam.
2323 4632 2447 4687 Ilaec
2475 4648 2594 4686 cum
2631 4634 2883 4688 decernat
2904 4649 3096 4697 canon,
3129 4649 3195 4688 ne
3219 4636 3420 4690 dixeris

1860 4737 1980 4775 eum
2020 4723 2240 4792 intelligi
2279 4723 2344 4778 de
2395 4724 2717 4780 monialibus
2761 4725 2843 4779 vel
2887 4726 3133 4779 ascetriis
3167 4729 3286 4795 (seu
3331 4727 3418 4781 di-

1859 4813 1997 4866 vina:
2032 4813 2362 4867 meditationi
2388 4813 2579 4868 dicatis
2635 4815 2978 4883 virginibus):
3037 4815 3136 4870 etsi
3174 4819 3315 4880 enim
3365 4820 3416 4871 iu

1859 4903 2050 4957 minori
2082 4912 2237 4956 astate
2268 4903 2472 4958 crinem
2505 4905 2816 4960 saecularem
2865 4906 3229 4975 deposuerint,
3264 4908 3419 4963 lirma

1857 4993 1984 5059 erit,
2017 5003 2077 5049 ut
2111 4993 2238 5048 mihi
2267 4995 2500 5059 videtur,
2558 4997 2624 5049 ad
2659 4994 2710 5049 id
2766 4996 2908 5064 quod
2957 4997 3208 5067 deinceps
3237 5001 3420 5075 sequi.-

1861 5093 1966 5147 tur,
1996 5083 2166 5152 ipsius
2193 5081 2480 5155 professio.

1928 5279 2174 5336 ZONAR.
2229 5279 2356 5346 Quae
2404 5282 2759 5351 virginitatem
2812 5293 2936 5339 sunt
2996 5286 3270 5356 professa,
3322 5303 3418 5354 pa-

1856 5381 1972 5425 stea
2016 5386 2146 5426 vero
2168 5372 2481 5426 exciderunt
2534 5385 2589 5427 et
2642 5389 2736 5428 sua
2778 5386 2956 5444 pacta,
3001 5377 3102 5433 hoc
3148 5388 3251 5446 est,
3293 5395 3415 5448 pro-

1856 5461 2144 5515 tnissioues
2169 5460 2416 5517 fecerunt
2466 5463 2672 5528 irritas,
2698 5465 2902 5534 antiqui
2928 5466 3114 5522 Patres
3157 5469 3329 5523 lenius
3355 5485 3415 5523 se

1858 5568 1921 5609 ac
1948 5554 2262 5608 clementius
2286 5565 2553 5624 gerentes,
2587 5569 2643 5608 ut
2673 5568 2896 5613 sanctus
2943 5558 3026 5613 hic
3071 5561 3148 5614 vir
3188 5561 3284 5628 ait,
3311 5578 3416 5615 uno

1863 5659 2006 5698 anno
2039 5644 2424 5713 segregandas,
2459 5653 2513 5699 et
2558 5660 2624 5700 eo
2657 5657 2850 5702 exacto
2899 5664 3046 5702 more
3085 5651 3416 5719 digamorum

1859 5734 2218 5792 admittendas
2252 5749 2370 5792 esse
2393 5735 2768 5794 decreverunt.
2803 5739 2900 5794 llic
2956 5756 3082 5796 vero
3129 5743 3273 5812 ipsas
3307 5761 3422 5815 pas-

2913 5834 2990 5894 '21
