3998 6326
222 329 345 394 653

1161 328 1241 388 ΙΝ
1275 324 1519 387 EPIST.
1565 325 1628 384 S.
1663 322 1953 386 BASILII
1994 322 2438 386 CANONICAM
2492 321 2568 382 ll.

3384 321 3486 384 654

226 452 333 506 τὸν
365 451 425 502 ὲν
461 446 720 516 ἁγιασμῷ
764 446 1194 516 προτιμήσασαν
1255 443 1406 514 βίον*
1476 443 1527 495 εἰ
1600 439 1824 513 παραϐῇ

1934 441 2101 494 vitam
2135 440 2187 494 in
2219 438 2578 494 sanctimonia
2617 445 2788 491 actam
2824 433 3152 504 θιιιορομυίι,
3184 433 3226 486 si
3281 435 3493 501 profes-

233 541 346 604 τὰς
376 539 694 611 ὁμολογίας,
729 537 825 592 καὶ
842 537 940 606 τῂν
972 538 1111 606 πρὸς
1140 537 1232 590 τὸν
1295 535 1526 606 νυμφίον
1582 534 1821 604 Χριστὸν

231 634 442 686 ῑνωσιν
469 631 755 701 ἀτιμάσει,
806 630 1022 696 ἡδοναῖς
1075 629 1400 691 ἀκολάστοις
1449 627 1653 698 ἑαυτὴν
1705 626 1823 680 ἐπι-

235 723 433 788 δοῦσα,
483 722 544 775 οὐ
591 720 1074 792 παραδεχθήσεται
1125 719 1303 784 ἄλλως
1379 723 1445 789 τῇ
1494 719 1818 790 Ἐκκλησία,

237 815 413 882 εἰμὴ
482 811 668 881 παυθῇ
744 811 846 878 τῆς
895 811 1196 879 ἁμαρτίας,
1253 808 1348 862 καὶ
1417 810 1661 864 διαλύσει
1761 808 1823 863 τδ

237 903 491 973 ἄθεσμον
566 907 927 958 συνοικείσιον.
1006 901 1181 956 Τοῦτο
1265 901 1374 973 γὰρ
1448 901 1820 966 διασπάσασα,

237 997 340 1048 xxi.
420 996 886 1064 μεταμεληθεῖσα,
972 997 1063 1047 τδν
1099 996 1335 1062 ’χρόνον
1409 991 1503 1045 τοῦ
1589 991 1684 1046 ἐπὶ
1755 994 1821 1061 τῇ

245 1079 471 1156 μοιχείᾳ
493 1086 899 1156 ἁμαρτήματος
956 1085 1334 1156 ἐκπληρώσει,
1384 1082 1527 1138 ὥστε
1585 1085 1642 1137 ἐν
1691 1083 1826 1136 δέκα

247 1179 350 1233 καὶ
414 1180 577 1233 πέντε
615 1179 795 1233 ἔτεσιν
843 1177 1214 1248 ἀκοινώνητον
1298 1176 1472 1245 αὐτὴν
1521 1173 1662 1229 εἶναι
1716 1172 1826 1226 τῶν

245 1271 614 1338 ἀγιασμάτων
643 1286 656 1299 ”
687 1272 745 1324 ὲν
774 1271 1071 1339 τέσσαρσιν
1089 1269 1268 1322 ἔτεσιν
1291 1269 1349 1332 ἐξ
1371 1267 1550 1319 αὐτῶν
1575 1265 1682 1318 τῶν
1703 1281 1826 1317 πεν-

246 1363 546 1417 τεκαίδεκα
585 1362 719 1416 ἑτῶν
751 1362 1195 1433 προσκλαίουσαν
1230 1361 1352 1430 μὶν,
1413 1361 1472 1412 ιν
1540 1358 1702 1412 πέντε
1769 1357 1823 1411 δὲ

247 1457 363 1517 τοῖς
381 1455 757 1523 ἀκροωμένοις
789 1453 899 1506 τῶν
948 1453 1108 1507 θείων
1159 1452 1394 1524 Γραφῶν
1456 1450 1825 1518 συνταττομέ-

247 1565 384 1611 νων,
422 1549 480 1598 ἐν
519 1547 818 1616 τέσσαρσιν
850 1549 1294 1609 ὑποπίπτουσαν,
1329 1543 1426 1598 καὶ
1476 1545 1535 1596 ὲν
1572 1543 1692 1596 δυσὶ
1718 1543 1828 1605 τοῖς

251 1640 472 1701 πιστοῖς
493 1637 869 1702 συνεστῶσαν,
903 1637 1000 1692 καὶ
1016 1637 1127 1692 τῶν
1156 1636 1337 1706 εὐχῶν
1402 1634 1773 1689 κοινωνοῦσαν
1809 1646 1823 1661 ο

249 1731 349 1783 καὶ
385 1728 524 1800 μετά
547 1729 640 1782 τὸν
664 1728 1156 1783 πεντεκαιδέκατον
1191 1729 1424 1798 χρόνον,.
1468 1723 1564 1779 τοῦ
1619 1724 1828 1778 τελείου

1929 530 2111 586 siones
2166 546 2294 586 suas
2347 529 2699 594 transilierit,
2752 536 2808 582 et
2855 526 3168 582 unctionem
3222 541 3373 579 suam
3427 526 3494 580 ad

1930 639 2183 692 sponsam
2219 621 2533 693 neglexerit,
2563 619 2926 689 voluptatibus
2953 618 3170 673 lascivis
3195 633 3321 674 sese
3391 627 3494 671 tra-

1930 717 2082 778 dens,
2107 729 2212 769 non
2263 715 2421 768 aliter
2462 714 2515 767 in
2588 710 2886 765 Ecclesiam
2949 709 3258 778 reeipietttr,
3309 708 3413 763 nisi
3468 724 3495 760 ιι

1929 817 2151 880 peccato
2190 814 2387 871 cesset,
2413 813 2464 858 et
2494 803 2833 872 illegitimttm
2866 800 3268 856 matrimonium
3298 799 3495 856 dissol-

1932 913 2040 955 vat.
2070 901 2218 956 Istud
2256 899 2396 954 enim
2423 898 2755 962 distrahens,
2790 904 2843 950 ct.
2891 895 3271 966 pmnitcntiam
3332 909 3494 961 agens

1935 1006 2146 1064 tempus
2175 994 2384 1064 peccati
2425 994 2479 1046 in
2531 989 2891 1045 fornicatione
2949 988 3211 1054 explebit,
3250 995 3385 1041 adeo
3442 997 3500 1040 ut

1931 1090 2050 1160 ipsa
2096 1087 2409 1157 quindecim
2473 1085 2632 1138 annis
2702 1091 3168 1137 sacramentorum
3247 1096 3354 1134 neu
3423 1082 3495 1135 sit

1930 1182 2222 1248 particeps,
2280 1187 2515 1246 quatuor
2563 1177 2793 1229 istorum
2845 1172 3153 1244 quindecim
3229 1189 3499 1227 annorum

1932 1284 2105 1325 annos
2133 1268 2361 1330 deﬂens,
2410 1269 2646 1339 quinque
2672 1276 2850 1321 autem
2890 1267 3030 1321 inter
3062 1280 3155 1320 eos
3217 1266 3307 1336 qui
3364 1266 3504 1319 divi-

1931 1377 2027 1417 nas
2050 1360 2357 1431 Scripturas
2381 1360 2626 1427 audiunt,
2655 1358 2937 1423 collocata,
2959 1365 3188 1428 quatuor
3207 1357 3500 1421 substrata,

1930 1463 1984 1508 et
2007 1453 2216 1508 duobus
2248 1454 2388 1507 inter
2428 1453 2610 1507 tideies
2658 1453 2982 1515 constituta,
3021 1459 3074 1502 et
3133 1464 3350 1518 precum
3378 1463 3502 1518 par-

1934 1547 2129 1616 ticeps,
2157 1552 2210 1599 et
2235 1554 2356 1615 post
2389 1543 2702 1613 quindecim
2732 1557 2902 1598 annos
2949 1540 3299 1612 perfectionis
3353 1557 3503 1597 com-

1934 1652 2030 1705 pos
2090 1638 2181 1690 liat
2231 1645 2286 1692 et
2332 1636 2508 1690 divina
2583 1633 2964 1689 communione
3011 1634 3169 1704 digna
3222 1634 3503 1688 habeatur.

1933 1729 2190 1796 Quamvis
2237 1729 2323 1782 hic
2357 1742 2530 1782 canon
2589 1725 2812 1796 requirit
2868 1739 2986 1780 eam
3038 1738 3198 1792 supra
3246 1721 3478 1776 sedecim

247 1823 454 1890 τυχεῖν,
494 1821 588 1874 καὶ
612 1820 714 1890 τῆς
765 1820 914 1884 θείας
967 1820 1254 1882 κοινωνίας
1331 1817 1656 1887 ἀξιωθῆναι.
1714 1816 1824 1870 Κᾶι

1944 1822 2027 1876 vel
2059 1820 2440 1888 septemdecim
2475 1833 2645 1872 annos
2678 1833 2801 1873 esse
2849 1832 2965 1885 qure
3027 1816 3081 1870 in
3118 1816 3382 1884 virginum
3415 1829 3507 1868 or-

246 1912 278 1963 ὁ
312 1913 494 1964 κανὼν
523 1904 679 1974 οὗτος
711 1909 853 1980 ὑπὲρ
892 1911 959 1962 τὰ
990 1909 1189 1974 eam:
1219 1910 1255 1980 ἢ
1278 1910 1370 1962 καὶ
1418 1906 1697 1961 δεκαεπτά
1727 1905 1824 1976 ἔτη

249 2003 458 2073 ἀπαιτῇ
492 1996 756 2072 εἶναιτὴν
826 2001 1240 2072 ὲκλιπαροῦσαν
1303 1999 1718 2071 παραδεχθῆναι
1748 1999 1830 2060 είς

1927 1916 2109 1968 dinem
2155 1911 2363 1966 admitti
2389 1910 2641 1979 cupit,ut
2686 1906 3120 1978 qundoquidem
3172 1916 3298 1959 tunc
3344 1905 3508 1958 ratio-

1931 2005 2264 2061 cinationum
2298 2002 2371 2055 sit
2411 2001 2649 2064 domina,
2685 2008 2739 2053 et
2761 1999 3078 2068 completam
3113 1997 3301 2050 habeat
3353 1998 3510 2049 ratio-

251 2094 315 2146 τὸ
338 2094 448 2148 τῶν
480 2094 767 2164 παρθένων
800 2095 989 2165 τάγμα
1019 2111 1033 2124 ·
1077 2095 1143 2149 ἵν’
1171 2094 1247 2159 ὡς
1303 2093 1601 2164 τηνικαῦτα
1669 2090 1824 2162 κυρία

1938 2113 2083 2162 ιιειη,
2112 2096 2155 2151 si
2186 2096 2580 2165 promissiones
2615 2109 2739 2148 suas
2791 2092 3094 2158 violaverit,
3159 2091 3507 2145 inexorabili-

256 2180 394 2239 οὖσα
417 2186 525 2238 τῶν
554 2186 857 2256 λογισμῶν,
883 2187 977 2239 καὶ
999 2186 1094 2253 τὴν
1124 2185 1220 2238 τοῦ
1251 2186 1410 2253 λόγου
1441 2185 1824 2255 συμπλήρωσιι

1939 2199 2021 2243 ter
2051 2204 2242 2258 pmnas
2282 2190 2412 2240 luat.
2443 2188 2509 2240 At
2559 2185 3013 2254 quadragesimus
3043 2193 3214 2238 sextae
3246 2184 3296 2236 in
3322 2182 3507 2238 Trnilo

253 2277 849 2348 ἔχουσα,είάθετήσει
919 2276 1019 2339 τάς
1079 2277 1377 2346 συνθήκας,
1435 2276 1830 2346 ἀπαραιτήτως

254 2368 520 2438 κολασθῇ.
566 2367 712 2422 Ἀλλ’
764 2363 857 2421 οὖν
917 2372 946 2421 ὁ
997 2367 1439 2439 τεσσαρακοστὸς
1503 2365 1682 2420 κανὼν
1728 2366 1830 2435 τῆς

256 2462 317 2512 ἰν
337 2460 412 2530 τῷ
437 2459 698 2532 Τρούλλῳ
728 2460 895 2532 ἕκτης
933 2462 1174 2525 συνόδου,
1213 2464 1308 2516 καὶ
1361 2462 1452 2514 τὸν
1511 2461 1643 2515 δέκα
1693 2462 1831 2514 ἐτῶν

254 2550 405 2619 ὄντα,
481 2553 747 2623 μέλλοντα
819 2556 910 2624 τὶν
992 2553 1282 2624 μοναδικὺν
1339 2553 1500 2622 ζυγὸν
1557 2552 1833 2620 ὑπελθεῖν,

259 2621 651 2713 παραδέγεται,
684 2643 774 2697 διά
800 2643 859 2698 τὸ
875 2621 1006 2715 ’τὴν
1032 2645 1364 2715 Ἐκκλησίαν
1420 2621 1831 2714 κραταιοτέραν

1939 2279 2131 2349 synodi
2163 2293 2334 2333 canon
2379 2278 2541 2330 etiam
2572 2274 2810 2345 eumqui
2867 2291 2987 2329 cum
3045 2275 3227 2330 decem
3281 2276 3352 2330 sit
3406 2292 3508 2328 an-

1933 2387 2123 2426 norum
2149 2372 2334 2442 jugum
2365 2369 2720 2424 monasticum
2757 2379 2839 2422 est
2865 2377 3214 2436 suscepturus
3248 2369 3502 2434 admittit,

1933 2473 1992 2517 nt
2041 2463 2280 2518 Ecclesia
2315 2463 2591 2530 patentior
2624 2461 2839 2527 evadat,
2901 2470 2957 2516 et
3007 2460 3240 2515 fidelium
3282 2477 3507 2530 congre—

1932 2557 2082 2625 gatio
2139 2557 2204 2610 ad
2256 2557 2635 2610 mandatorum
2689 2553 3125 2608 observationem
3180 2554 3270 2610 Dei
3334 2556 3503 2625 gratia

1939 2648 2093 2701 firma
2118 2647 2432 2714 stabilisque
2475 2645 2589 2702 flat.

257 2735 530 2800 γενέσθαι,
560 2736 653 2789 καὶ
681 2735 743 2789 τὸ
772 2733 880 2788 τῶν
911 2734 1120 2787 πιστῶν
1156 2734 1406 2806 σύστημα
1431 2737 1570 2799 πρὸς
1605 2735 1702 2808 τὴν
1723 2736 1832 2790 τῶν
1859 2736 2089 2790 ἐντολῶν
2119 2738 2351 2808 τήρησιν
2412 2738 2594 2810 χάριτι
2651 2739 2772 2810 θείᾳ
2829 2741 3026 2810 πάγιὸν
3049 2757 3110 2795 τε
3163 2740 3256 2795 καὶ
3327 2742 3506 2808 ἀστα-

256 2825 342 2890 iis,
374 2823 528 2881 εἶναι.

839 2967 1079 3023 ΚΑΝΩΝ
1104 2966 1201 3025 ιϐ’.

271 3077 505 3150 Ἀνδρῶν
532 3079 590 3132 δὲ
612 3079 905 3150 ὁμολογίαν
929 3082 1029 3135 οὐκ
1055 3080 1322 3151 ἔγνωμεν,
1343 3080 1479 3153 πλὴν
1509 3082 1558 3134 ei
1591 3081 1665 3153 μή
1694 3097 1838 3143 τινες

2505 2965 2734 3022 ΟᾹΝΟΝ
2799 2966 2940 3021 XIX.

1940 3079 2190 3133 Virorum
2222 3086 2402 3134 autem
2438 3080 2806 3147 professiones
2835 3094 2941 3133 non
2974 3079 3221 3133 novimus
3277 3088 3502 3146 pra‘tur-

329 3169 556 3231 ἑαυτοὺς
578 3172 656 3239 τῷ
681 3172 926 3241 τάγματι
949 3173 1058 3224 τῶν
1105 3173 1445 3241 μοναξόντων
1497 3172 1824 3243 ὲγκατηρίθ-

2003 3186 2164 3240 quam
2188 3172 2231 3225 si
2251 3173 2339 3241 qui
2370 3186 2430 3226 se
2461 3174 2606 3240 ipsos
2623 3174 3013 3227 monachorum
3045 3172 3220 3225 ordini
3240 3187 3504 3227 annume-

330 3279 513 3332 μησαν
540 3278 556 3293 ο
581 3262 631 3314 οἳ
663 3265 806 3316 κατὰ
839 3264 899 3314 τὸ
931 3263 1289 3328 σιωπώμενον
1312 3263 1527 3316 δοκοῦσι
1586 3264 1823 3333 παραδέ⁹

325 3353 514 3421 χεσθαι
550 3352 646 3424 τὴν
673 3355 934 3420 ἀγαμίαν.
975 3355 1120 3422 Πλὴν
1149 3355 1241 3407 καὶ
1268 3351 1356 3406 ἐπ’
1379 3355 1622 3416 ἐκείνων,
1653 3355 1827 3406 ἐκεῖνο

329 3443 570 3513 ἡγοῦμαι
604 3445 963 3515 προηγεῖσθαι
1006 3445 1328 3515 προσήκειν,
1386 3443 1697 3514 ἐρωτᾶσθαι
1732 3443 1828 3495 αἱ·

327 3539 452 3600 τοὺς
511 3537 606 3590 καὶ
636 3535 1012 3603 λαμϐάνεσθαι
1037 3537 1135 3605 τὴν
1169 3534 1299 3606 παρ’
1327 3535 1504 3590 αὐτῶν
1536 3536 1827 3604 ὁμολογίαν

324 3628 552 3697 ἐναργῆ,
619 3625 761 3680 ὥστε
836 3628 1055 3682 ἐπειδὰν
1132 3626 1509 3697 μετατίθενται
1563 3630 1692 3695 πρὸς
1737 3627 1830 3679 τὸν

325 3720 657 3790 φιλόσαρκον
681 3721 776 3774 καὶ
808 3718 1058 3789 ἡδονικὸν
1089 3716 1222 3787 βίον,
1258 3718 1491 3776 ὑπάγειν
1521 3716 1719 3777 αὐτοὺς
1749 3715 1828 3784 τῷ

327 3811 435 3865 τῶν
457 3811 830 3881 πορνευόντων
862 3809 1152 3879 επιτιμίῳ.

328 3922 527 3975 ΒΑΔΣ.
567 3921 885 3993 Σημείωσαι
935 3921 1044 3974 ἀπὸ
1091 3919 1188 3973 τοῦ
1261 3919 1528 3990 παρόντος
1581 3918 1825 3985 κανόνος,

256 4013 526 4080 λέγοντος,
575 4012 798 4081 Ἀνδρὺς
836 4012 894 4065 δὲ
916 4011 1210 4081 ὁμολογίας
1238 4012 1338 4064 οὐκ
1389 4010 1656 4080 ἔγνωμεν,
1689 4011 1828 4080 πλὴν

254 4107 304 4159 ει
338 4108 412 4176 μή
435 4122 576 4167 τινες
607 4104 836 4167 ἑαυτοὺς
887 4104 965 4173 τῷ
1027 4104 1272 4171 τάγματι
1316 4101 1427 4155 τῶν
1487 4100 1828 4169 μοναζόντων

255 4193 763 4264 ἐγκατηρίθμησαν,
794 4194 877 4246 ὅτι
910 4195 968 4245 ὲν
999 4191 1075 4262 τῷ
1111 4190 1180 4262 ιη’
1206 4191 1390 4244 κανόνι
1420 4193 1479 4244 οὐ
1505 4192 1638 4262 περὶ
1664 4209 1828 4260 μονα-

257 4285 458 4349 ζόντιυν
490 4279 668 4351 εἶπεν,
701 4283 838 4337 ἀλλὰ
896 4284 1025 4353 περὶ
1089 4282 1375 4352 παρθένων
1415 4282 1827 4353 ἀφοριζομένων

252 4378 330 4447 τῷ
362 4376 482 4446 Θεῷ
519 4377 664 4447 μετὰ
693 4377 887 4430 λαῖκοῦ
940 4375 1242 4445 σχήματος.
1307 4374 1609 4442 ’Δνάγνωθι
1638 4375 1735 4442 τῆς
1770 4372 1827 4427 ιν

2000 3269 2231 3316 rarunt:
2269 3262 2359 3330 qui
2388 3261 2547 3315 tacite
2576 3262 2825 3315 videntur
2860 3262 3166 3316 caelibatum
3197 3263 3499 3316 admittere.

1999 3353 2102 3407 Sed
2134 3353 2188 3407 in
2223 3352 2329 3409 illis
2358 3368 2572 3422 quoque
2594 3354 2849 3408 existimo
2871 3357 3177 3422 prmcedere
3219 3365 3498 3423 oportere.

2004 3457 2062 3500 ut
2100 3445 2200 3514 ipsi
2244 3453 2677 3513 tnterrogentur,
2711 3452 2764 3498 et
2791 3445 3019 3499 evidens
3076 3445 3315 3510 ipsorum
3357 3447 3502 3499 acci—

1999 3536 2181 3604 piatur
2213 3535 2500 3604 professio,
2530 3543 2588 3588 ut
2635 3545 2920 3604 postquam
2953 3549 3012 3589 se
3043 3535 3108 3588 ad
3150 3535 3494 3589 libidinosam

1999 3642 2051 3685 et
2077 3631 2432 3698 voluptariam
2480 3629 2644 3682 vitam
2702 3629 3091 3694 converterint,
3154 3644 3344 3683 eorum
3406 3629 3497 3698 qui

2002 3721 2336 3776 fornicantur
2364 3720 2628 3791 punitioni
2653 3717 3031 3790 subjiciantur.

2001 3928 2198 3984 BALS.
2236 3928 2370 3984 Nota.
2398 3943 2463 3983 ex
2508 3927 2756 3998 prmsenti
2812 3941 3023 3983 canone
3062 3928 3292 3992 dicente,
3343 3926 3500 3982 Viro-

1927 4035 2047 4074 rum
2078 4030 2256 4074 autem
2291 4020 2654 4090 professiones
2685 4033 2791 4072 non
2830 4019 3100 4083 novimus,
3140 4029 3497 4087 prazterquam

1931 4113 1972 4165 si
1997 4112 2086 4180 qni
2117 4113 2342 4179 seipsos
2393 4113 2443 4164 in
2493 4111 2884 4166 monachorum
2941 4127 3226 4166 numerum
3296 4113 3495 4166 retule-

1933 4208 2086 4264 runt,
2109 4201 2253 4270 quod
2288 4201 2338 4252 in
2375 4214 2582 4255 canone
2610 4201 2677 4255 i8
2737 4217 2841 4255 non
2903 4201 2969 4256 de
3033 4201 3309 4255 ttonatitis
3335 4241 3348 4262 ,
3405 4203 3498 4253 sed

1929 4287 1996 4342 de
2046 4289 2348 4358 virginibus
2403 4290 2508 4343 Deo
2600 4305 2719 4343 cum
2755 4290 2891 4344 laico
2952 4291 3135 4344 habitu
3201 4291 3498 4358 segrt'gatis

1930 4379 2138 4434 locutus
2191 4393 2291 4436 est.
2351 4379 2494 4450 Lege
2552 4381 2869 4452 Garthagin.
2923 4396 3044 4451 syn.
3080 4395 3200 4434 can.
3250 4380 3303 4443 6,
3336 4380 3403 4433 44
3444 4392 3497 4434 et

257 4469 584 4540 Καρθαγένη
609 4469 831 4521 συνόδου
863 4468 1066 4520 κανόνα
1103 4472 1179 4532 ς’,
1229 4461 1312 4536 μδ’
1359 4468 1451 4518 καὶ
1497 4457 1647 4534 pic“.
1687 4464 1824 4526 Τοὺς

1933 4471 2055 4526 126.
2088 4470 2379 4526 Monaehos
2406 4480 2582 4524 autem
2633 4471 2783 4536 dicit,
2817 4473 3032 4526 etiamsi
3071 4472 3230 4525 tacite
3277 4471 3496 4524 videan-

258 4561 441 4630 μέντοι
471 4560 742 4630 μοναχούς
773 4575 931 4628 φησι,
983 4556 1083 4611 κάν
1111 4557 1209 4610 καὶ
1270 4556 1469 4609 δοκῶσι
1529 4555 1822 4626 σιωπηρῶς

253 4649 643 4704 κατατίθεσθαι
670 4648 948 4716 ἁγνεύειν,
971 4649 1120 4719 ὅμως
1151 4647 1394 4716 ὀφείλειν
1443 4648 1538 4699 καὶ
1600 4645 1824 4709 τούτους

251 4742 581 4811 ἐρωτᾶσθαι,
623 4742 717 4793 καὶ
752 4740 1042 4808 ὁμολογεῖν
1075 4738 1323 4809 ἀγαμίαν
1373 4756 1389 4771 ο
1418 4738 1530 4801 ἵνα,
1567 4739 1662 4790 ὲάν
1686 4738 1822 4808 ψεύο

252 4849 472 4895 σωνται,
534 4833 608 4894 ῶς
670 4829 1073 4897 πορνεύσαντες
1131 4829 1539 4900 ῒπιτιμηθῶσι.
1604 4831 1821 4886 Τούτων

251 4922 318 4994 δὴ
339 4921 511 4984 οὕτως
540 4922 794 4991 ἐχόντων,
828 4920 902 4989 μὴ
933 4917 1099 4991 εἴπῃς
1125 4917 1199 4980 ὡς
1263 4919 1311 4971 oi
1374 4918 1450 4988 μὴ
1497 4921 1822 4989 ποιήσαντες

259 5015 482 5084 μοναχοὶ
516 5012 774 5080 τοιαύτην
799 5009 1094 5080 ὁμολογίαν
1121 5007 1448 5078 ἀνέγκλητοι
1479 5007 1819 5082 διατηρηθή-

255 5121 456 5156 σονται.
495 5105 616 5157 Κᾶν
649 5103 758 5172 γὰρ
789 5101 864 5172 μὴ
894 5102 1150 5169 ἀποκαρῇ
1187 5115 1291 5164 τις,
1366 5098 1503 5152 ἀλλά
1587 5102 1818 5169 ρασοφο-

251 5198 416 5268 ρήσῃ,
445 5197 504 5248 οὺ
524 5196 814 5266 δυνήσεται
844 5192 1436 5265 μετασχηματισθῆναι
1485 5193 1578 5245 καὶ
1613 5193 1693 5256 εις
1717 5194 1819 5261 γά·

251 5306 352 5360 μον
383 5287 578 5354 ἐλθεῖν,
620 5287 756 5341 ἀλλά
805 5287 954 5341 ἄκων
1021 5283 1504 5354 ἀναγκασθήσεται
1553 5283 1819 5356 ὑποστρέ-

246 5384 348 5453 ψαι
375 5383 456 5443 εἰς
490 5380 582 5433 τὸν
613 5380 914 5449 μοναχικδν
941 5378 1078 5449 βίον,
1119 5378 1194 5438 ὡς
1236 5376 1498 5439 πολλάκις
1551 5376 1708 5430 τοῦτο
1742 5378 1818 5430 εῖ-

246 5490 447 5544 πομεν.
476 5472 550 5524 Τὸ
575 5472 709 5528 αὐτὸ
735 5472 790 5523 δὲ
811 5470 960 5523 ἔσται
997 5470 1093 5524 καὶ
1132 5470 1213 5531 εἰς
1263 5469 1524 5538 μοναχάς,
1557 5466 1693 5520 ἀλλά
1723 5469 1816 5521 καὶ

247 5566 325 5626 εις
355 5565 559 5623 πάντας
588 5561 716 5623 τοὺς
747 5559 838 5611 τοῦ
863 5558 1129 5630 βήματος.
1161 5556 1271 5609 Καὶ
1292 5551 1437 5610 οὗτοι
1466 5555 1574 5627 γὰρ
1602 5573 1814 5624 σιωπη-

251 5657 354 5727 ρῶς
383 5651 629 5704 δοκοῦσιν
661 5650 942 5719 ὁμολογεῖν
983 5651 1058 5720 μὴ
1091 5649 1271 5703 ἐλθεῖν
1310 5651 1392 5712 είς
1435 5648 1611 5717 γάμον
1677 5647 1814 5716 μετά

250 5747 348 5812 τὴν
380 5740 735 5814 χειροτονίαν,
766 5741 860 5794 καὶ
883 5739 1315 5811 παραδαίνοντες
1334 5738 1424 5791 τὸν
1446 5737 1644 5792 κανόνα
1672 5735 1811 5788 καθ-

1932 4576 2017 4618 tnr
2041 4563 2346 4618 castitatem
2375 4561 2577 4624 colere,
2611 4561 2808 4616 debere
2842 4570 3020 4617 tamen
3055 4577 3148 4617 eos
3194 4564 3354 4616 etiam
3409 4567 3495 4617 in-

1926 4655 2212 4725 terrogari,
2272 4663 2326 4708 et
2378 4653 2681 4707 caelibatum
2740 4654 3022 4724 proﬁteri:
3068 4665 3124 4708 ιιι
3184 4656 3227 4708 si
3283 4654 3490 4710 mentiti

1923 4745 2126 4799 fuerint
2155 4752 2214 4798 ut
2255 4743 2613 4798 fornicatores
2653 4746 2972 4814 puniantur.
3003 4743 3114 4800 Etsi
3165 4754 3345 4800 autem
3379 4749 3493 4801 inec

1924 4837 1996 4891 ita
2024 4849 2087 4890 se
2120 4834 2379 4900 habeant,
2410 4848 2477 4888 ne
2506 4835 2714 4892 dixeris
2748 4837 2892 4904 quod
2921 4837 3174 4892 monachi
3210 4839 3299 4906 qui
3345 4836 3487 4890 hanc

1923 4925 2318 4996 professionem
2356 4940 2464 4981 non
2494 4925 2693 4991 fecere,
2727 4926 2970 4982 insontes
3025 4927 3270 4997 nullique
3315 4928 3486 4996 culpae

1921 5015 2141 5070 obnoxii
2173 5015 2560 5072 servabuntur.
2595 5014 2707 5070 Etsi
2738 5016 2883 5071 enim
2956 5032 3059 5072 non
3098 5018 3253 5072 fuerit
3299 5029 3488 5074 tonsus

1923 5105 2218 5176 quispiam,
2275 5107 2368 5161 sed
2403 5121 2529 5161 rasa
2558 5108 2873 5174 gestaverit,
2917 5121 3021 5161 non
3057 5109 3252 5176 poterit
3279 5118 3486 5162 mutare

1921 5196 2168 5252 habitum
2194 5207 2248 5252 et
2282 5199 2348 5251 ad
2387 5198 2602 5266 nuptias
2654 5199 2970 5265 convolare,
3031 5201 3124 5254 sed
3187 5200 3382 5252 invitus
3414 5203 3478 5251 ait

1920 5288 2165 5343 habitum
2224 5287 2583 5341 monasticum
2631 5290 2832 5344 reverti
2878 5300 3138 5361 cogetur,
3193 5291 3332 5343 sicut
3381 5291 3483 5342 hoc

1919 5391 2060 5446 sape
2092 5375 2348 5431 diximus.
2380 5375 2523 5430 idem
2577 5377 2683 5430 erit
2744 5385 2797 5432 et
2824 5379 2888 5432 de
2937 5377 3280 5440 moniaiibns,
3318 5387 3372 5430 et
3413 5379 3480 5432 de

1921 5469 2171 5522 omnibus
2197 5467 2411 5523 clericis
2432 5467 2737 5523 tribunalis.
2769 5467 2900 5523 Nam
2931 5478 2985 5522 et
3021 5468 3052 5521 ii
3089 5481 3277 5521 omnes
3321 5469 3480 5522 tacite

1917 5557 2159 5628 profiteri
2188 5556 2441 5610 videntur
2459 5571 2516 5610 se
2550 5556 2950 5611 matrimonium
2979 5569 3080 5607 non
3103 5565 3482 5610 contracturus

1917 5657 2037 5716 post
2068 5646 2500 5702 ordinationem:
2553 5657 2609 5702 et
2665 5661 2925 5700 canonetn
2996 5645 3476 5715 transgredientes,

1916 5739 2278 5808 deponuntur.
2340 5737 2530 5804 Qtuere
2574 5749 2880 5793 sanctorum
2942 5737 3302 5806 apostolorum
3351 5754 3479 5797 can,
