3998 6326
199 449 324 512 ('57

1139 449 1218 512 ΙΝ
1257 451 1496 511 EPIST.
1544 452 1606 511 S.
1649 448 1943 508 BASILII
1984 446 2435 508 CANONICAM
2477 445 2558 506 II.

3346 445 3455 509 (58

204 562 316 631 τὴν
351 561 626 631 όμο).ογί-·
670 562 852 615 αὐτῶν
889 561 1129 632 φανερὰν
1180 563 1484 632 ).αμ6άνειν
1511 578 1524 595 ⁸
1592 565 1701 626 ἵνα,
1739 565 1788 617 εἰ

1923 554 1964 610 it
1994 556 2125 610 Siatl
2161 557 2534 625 voluptuosam
2589 563 2635 609 ct
2704 554 2976 610 carnalem
3017 555 3181 611 vitam
3241 555 3455 613 decide-

208 652 607 720 μεταπέσωσικ
646 655 842 707 ἔκτοτε
869 655 1005 724 πρὸς
1040 655 1133 708 τὸν
1181 655 1432 724 ἡδονικδν
1480 656 1572 709 καὶ
1639 657 1790 726 φιλό-

197 762 425 815 σαρκον
464 744 602 816 βίον,
649 747 710 799 τὸ
763 747 872 799 τῶν
934 748 1313 820 πορνευόντων
1382 748 1661 817 ἐπιτίμιον
1709 748 1793 802 δέ-

197 829 440 894 ξωνται.

830 929 1071 984 ΚΑΝΩΝ
1093 932 1175 988 Κ’.

201 1011 389 1066 Ὅσαι
422 1017 679 1081 γυναῖκες
711 1016 767 1071 ἐν
799 1019 1012 1088 αἱρέσει
1043 1019 1203 1076 οὖσαι
1250 1025 1550 1095 παρθενίαν
1580 1027 1796 1100 ὡμολό-

292 1120 494 1172 γησαν,
525 1101 648 1160 εἶτα
689 1109 828 1177 μετὰ
858 1110 1032 1164 ταῦτα
1097 1114 1274 1184 γάμον
1301 1116 1632 1185 ἀνοείλοντο,
1696 1122 1796 1192 οὐχ

286 1197 535 1266 ἠγοῦμαι
560 1202 758 1268 χρῆναι
794 1204 1254 1268 καταδικάζεσθαι
1281 1208 1506 1272 ταύτας.
1523 1211 1662 1265 Ὅσα
1688 1216 1796 1284 γὰρ

286 1291 316 1340 ὁ
351 1290 513 1358 νόμος
547 1291 719 1358 λαλεῖ,
750 1298 862 1359 τοῖς
892 1298 950 1350 ἐν
971 1298 1048 1368 τῷ
1076 1300 1226 1370 νόμῳ
1249 1301 1419 1358 λαλεῖ.
1454 1305 1519 1356 Δί
1543 1305 1598 1358 δὲ
1630 1308 1798 1376 μήπω

288 1384 624 1439 ἐπελθοῦσαι
660 1389 753 1442 τδν
791 1389 960 1458 ζυγὸν
986 1394 1079 1447 τοῦ
1109 1396 1370 1465 Χριστοῦ,
1420 1399 1544 1452 οὐδὲ
1575 1401 1673 1469 τὴν
1695 1419 1794 1454 νο·-

291 1474 557 1542 μοθεσίαν
589 1478 1014 1544 ἐπιγινώσκουσι
1061 1485 1153 1538 τοῦ
1194 1489 1492 1544 Δεσπότου.
1526 1491 1690 1545 Ὥστε
1718 1491 1800 1546 δε·

292 1565 424 1618 κταί
454 1567 560 1620 είσι
599 1572 665 1639 τῇ
709 1570 1008 1646 Ἐκκλησία
1039 1577 1181 1646 μετὰ
1208 1581 1426 1635 πάντων
1453 1584 1548 1636 καὶ
1579 1584 1677 1654 τὴν
1708 1589 1800 1640 ἐπὶ

291 1656 509 1718 τούτοις
539 1659 736 1726 ἄφεσιν
769 1663 984 1734 ἔχουσιν
1010 1669 1074 1723 ἐκ
1135 1670 1233 1740 τῆς
1276 1673 1517 1736 πίστεως
1561 1676 1659 1746 τῆς
1721 1681 1800 1742 εἰς

279 1745 326 1796 Χ
334 1748 542 1813 ριστὸν,
576 1751 668 1804 καὶ
693 1755 925 1809 καθόλου
961 1759 1027 1812 τὰ
1058 1761 1115 1812 ἐν
1148 1762 1225 1832 τῷ
1268 1745 1662 1838 κατηχουμένιρ
1701 1770 1802 1841 βίῳ

281 1843 572 1913 γενόμενα
603 1848 685 1910 είς
716 1849 949 1915 εὐθύνας
1008 1855 1109 1907 οὐκ
1161 1857 1410 1922 ἄγονται.
1466 1860 1686 1926 Τούτοις
1746 1865 1801 1917 δὲ

289 1933 455 2001 δῆλον
476 1936 557 1989 ὅτι
596 1937 727 1992 ἄνευ
747 1942 1126 2011 βαπτίσματος
1148 1947 1178 2016 ἡ
1209 1947 1506 2019 Ἐκκλησία
1537 1951 1597 2004 οὐ
1621 1969 1798 2023 παρα-

289 2025 533 2096 δέχεται,
563 2030 706 2086 ὥστε
729 2035 1168 2103 άναγκιιότατον
1209 2041 1302 2094 ἐπὶ
1333 2041 1543 2107 τούτοις
1573 2045 1639 2098 τὰ
1672 2063 1805 2120 πρε-

294 2115 459 2170 σῢεῖα
483 2120 579 2189 τῆς
610 2123 896 2189 γενέσεως.

295 2209 497 2267 ΒΑΛΣ.
542 2214 630 2277 Ὠς
658 2215 857 2284 ἔοικεν,
884 2221 1161 2290 αἰρετικαὶ
1193 2229 1448 2293 γυναῖκες
1495 2229 1807 2298 ὡμολόγουν

214 2301 574 2369 παρθενίαν,
643 2301 763 2360 εἶτα
831 2310 1088 2378 ἀνδράσιν
1193 2316 1390 2378 ἑαυτὰς
1493 2316 1757 2384 ἐξεδίδουν
1792 2335 1804 2348 ⁸

216 2396 666 2466 προαερχόμεναι
688 2399 744 2452 δὲ
772 2404 839 2471 τῇ
878 2402 1176 2476 Ἐκκλησία
1207 2406 1544 2475 ἒπετιμῶντο
1565 2410 1638 2471 ὡς
1676 2409 1808 2478 ψευ-

220 2484 488 2552 σάμεναι.
555 2489 690 2557 Φησὶ
745 2491 874 2557 γοῦν
927 2493 1158 2562 όᾶγιος,
1221 2496 1296 2567 μὴ
1351 2501 1808 2564 καταδικάζεσοαι

217 2578 436 2662 ταύτας
515 2582 676 2650 χάριν
743 2581 819 2638 ὧν
886 2588 992 2655 πρὸ
1043 2590 1139 2643 τοῦ
1205 2593 1490 2646 πιστεῦσαι
1545 2594 1807 2662 ἐψεύσαν-

215 2683 312 2721 το.
347 2658 482 2722 Εἶτα
555 2672 785 2727 καθόλου
839 2677 1023 2732 δίδωσι
1082 2681 1284 2734 κανόνα
1357 2684 1432 2753 μὴ
1483 2658 1809 2750 κολάξεσθαι

222 2758 362 2821 τοὺς
420 2762 827 2828 πιστεύσαντας
910 2767 1006 2818 καὶ
1061 2766 1481 2835 βαπτισθέντας,
1557 2773 1685 2840 περὶ
1735 2768 1811 2826 ὧν

221 2848 488 2920 ἥμαρτον
526 2854 633 2922 πρὸ
665 2855 761 2907 τοῦ
813 2857 1220 2928 βαπτίσματος.
1267 2860 1592 2927 Αἱρετικοὺς
1620 2863 1675 2914 δὲ
1703 2866 1810 2918 νόει

223 2940 364 3002 τοὺς
419 2941 495 3010 μὴ
533 2943 709 3006 ἄλλως
737 2944 1084 3015 δεχομένους,
1146 2951 1197 3002 εί
1272 2951 1349 3021 μὴ
1409 2949 1808 3021 βαπτισθῶσιν.

229 3029 361 3081 Εἰσὶ
402 3032 511 3102 γάρ
548 3051 698 3100 τινες
726 3036 996 3106 αίρετικοὶ
1053 3040 1147 3092 καὶ
1207 3042 1381 3112 χωρὶς
1436 3043 1812 3113 βαπτίσματος

224 3124 442 3184 δεκτοὶ,
484 3126 631 3197 ἁγίῳ
659 3129 925 3200 χρίσματι
962 3133 1111 3202 μόνῳ
1173 3133 1474 3204 χριόμενοι.
1518 3137 1628 3189 Καὶ
1681 3137 1812 3191 ἀνά-

1894 649 2024 714 rint,
2059 647 2444 704 fornicatorum
2478 663 2655 720 pinna:
2686 647 3062 717 subiiciantur.

2493 934 2728 991 CANON
2762 934 2883 991 XX.

1897 1023 2236 1094 Quaecunque
2265 1025 2543 1094 mulieres,
2590 1042 2713 1081 cum
2763 1037 2948 1083 essent
3011 1029 3300 1093 haeretica,
3354 1031 3454 1082 vir-

1975 1117 2252 1186 ginilalem
2299 1119 2555 1186 professae
2611 1128 2755 1182 sunt,
2803 1119 2997 1174 deinde
3044 1130 3227 1188 postea
3273 1123 3461 1174 matri-

1973 1208 2210 1263 monium
2252 1209 2574 1274 maluernnt,
2624 1227 2727 1264 non
2788 1212 3041 1268 existimo
3083 1229 3176 1268 eas
3215 1224 3468 1282 oportere

1976 1300 2350 1355 condemnari.
2386 1301 2732 1373 Qumcunque
2756 1305 2900 1358 enim
2932 1305 3062 1360 dicit
3085 1305 3189 1368 lex,
3229 1306 3292 1358 iis
3313 1306 3465 1372 dicit,

1972 1395 2058 1460 qui
2083 1393 2293 1457 sunt,in
2329 1394 2462 1462 lege.
2488 1395 2828 1463 Quaecunque
2854 1408 3029 1451 autem
3049 1398 3234 1468 iugum
3252 1398 3454 1452 Christi

1971 1485 2202 1537 nondum
2232 1485 2533 1551 subierunt,
2559 1502 2635 1541 eae
2667 1502 2762 1540 nec
2798 1488 3004 1542 Domini
3058 1489 3202 1558 leges
3249 1498 3464 1542 norunt.

1975 1573 2147 1639 Ouare
2209 1587 2336 1630 sunt
2395 1578 2461 1631 ab
2516 1578 2756 1633 Ecclesia
2819 1595 2942 1633 cum
2994 1581 3245 1634 omnibus
3295 1583 3469 1634 susci-

1974 1664 2204 1734 piendae.
2247 1677 2300 1722 et
2355 1677 2572 1739 propter
2601 1671 2712 1725 haec
2753 1671 2951 1725 habent
2985 1673 3358 1728 remissionem
3403 1690 3470 1728 ex

1976 1760 2081 1818 [ide
2121 1761 2171 1814 in
2204 1760 2503 1827 Christum,
2530 1771 2581 1819 et
2608 1766 2830 1821 omnino
2862 1782 2982 1837 quae
3014 1767 3066 1821 in
3126 1769 3471 1825 catechume-

1975 1854 2092 1908 nica
2113 1853 2216 1908 vita
2245 1854 2378 1908 fiunt
2410 1855 2742 1925 injudicium
2781 1875 2884 1915 non
2919 1871 3203 1917 vocantur.
3254 1861 3470 1915 Clarum

1975 1954 2058 1998 est
2085 1954 2263 1999 autem
2291 1946 2433 2015 quod
2470 1947 2600 2002 tales
2629 1949 2868 2006 Ecclesia
2921 1967 3022 2006 non
3059 1953 3177 2007 sine
3207 1953 3474 2022 baptismo

1979 2035 2189 2102 recipit.
2246 2034 2425 2102 Quare
2471 2040 2837 2105 generationis
2893 2041 3168 2112 privilegia
3224 2053 3350 2100 sunt
3415 2044 3466 2098 in

1976 2127 2108 2195 ipsis
2143 2128 2376 2183 maxime
2409 2132 2741 2188 necessaria.

1977 2217 2167 2273 BALS.
2206 2219 2273 2275 Ut
2307 2232 2391 2275 est
2417 2223 2732 2289 verisimile,
2767 2223 3033 2281 haeretica
3069 2227 3325 2284 mulieres
3370 2228 3480 2281 vir-

1910 2310 2190 2376 ginitatem
2221 2311 2642 2379 proﬁtebantur.
2706 2314 2902 2369 deinde
2948 2329 3006 2369 se
3062 2318 3193 2372 viris
3254 2326 3476 2384 nuptum

1912 2396 2141 2450 dabant:
2175 2396 2240 2451 ad
2282 2397 2581 2455 Ecclesium
2615 2409 2795 2455 autem
2819 2403 3143 2460 accedentes
3183 2404 3479 2474 reprehen-

1912 2487 2180 2541 debantur
2209 2494 2266 2542 ut
2298 2491 2554 2546 mentitae.
2588 2491 2727 2546 Dicit
2779 2507 2907 2564 ergo
2941 2502 3186 2561 sanctus,
3245 2510 3340 2551 eas
3373 2511 3478 2551 non

1911 2590 2033 2630 esse
2074 2576 2513 2634 condemnandus
2547 2582 2702 2636 deiis
2722 2597 2840 2650 qua:
2880 2583 3117 2638 mentita:
3147 2594 3271 2639 sunt
3327 2596 3476 2639 ante—

1912 2682 2070 2738 quam
2097 2669 2397 2726 crederent.
2435 2671 2640 2727 Deinde
2679 2673 2731 2726 in
2760 2688 2969 2727 smnma
3001 2673 3164 2728 tradit
3188 2689 3477 2736 canoncm,

1915 2775 2019 2814 non
2053 2761 2243 2828 punire
2268 2776 2362 2818 eos
2406 2764 2497 2834 qui
2527 2765 2872 2820 crediderunt
2905 2775 2961 2821 et
3018 2766 3273 2835 baptizati
3333 2777 3478 2829 sunt,

1915 2852 1979 2906 de
2014 2851 2079 2907 iis
2105 2868 2223 2922 quae
2267 2865 2391 2909 ante
2445 2854 2769 2922 baptismum
2819 2856 3231 2912 commiserunt.
3301 2858 3481 2912 ﬂmre-

1917 2943 2052 2996 ticos
2111 2955 2288 2998 autem
2347 2960 2440 2999 eos
2520 2946 2778 3016 intelligo,
2832 2947 2924 3016 qui
2963 2964 3070 3003 non
3112 2948 3485 3018 suscipiuntur.

1916 3034 2013 3088 nisi
2053 3035 2201 3102 prius
2227 3034 2483 3103 baptizati
2520 3036 2741 3091 fuerint.
2771 3040 2907 3093 Sunt
2940 3039 3082 3094 enim
3117 3041 3333 3109 quidam
3371 3040 3484 3093 hrc-

1919 3128 2093 3192 retici,
2140 3127 2230 3196 qui
2284 3129 2585 3184 suntetiam
2655 3131 2770 3185 sine
2824 3132 3093 3202 baptismo
3156 3133 3483 3200 suscipiendi

227 3219 408 3283 γνωθι
435 3220 528 3272 τὸν
575 3221 624 3286 ζ’
686 3223 891 3276 κανόνα
933 3225 1036 3294 τῆς
1083 3225 1348 3296 δευτέρας
1406 3227 1648 3294 συνόδου,
1718 3230 1811 3285 καὶ

1923 3229 2100 3276 sancto
2130 3219 2421 3276 chrismate
2454 3221 2572 3275 solo
2629 3222 2797 3276 uncti.
2836 3222 2979 3290 Lege
3036 3231 3089 3276 et
3141 3237 3263 3277 can.
3316 3223 3346 3274 7
3398 3237 3485 3276 se-

230 3311 443 3364 κανόνα
479 3311 547 3375 ιζ’
581 3313 689 3368 τῶν
725 3315 898 3382 ἁγίων
935 3317 1277 3372 ἀποστόλων.

311 3403 552 3458 ΖΩΝΑΡ.
603 3407 891 3474 Δίρετικαὶ
944 3411 1204 3474 γυναῖκες
1268 3410 1582 3480 ὡμολόγουν
1671 3432 1812 3486 παρ-

230 3495 502 3562 θενεύειν,
537 3493 655 3575 εἶτα
679 3498 935 3566 ἀνδράσιν
989 3501 1193 3565 ἑαυτὰς
1241 3500 1529 3565 ἐξεδίδουν.
1597 3505 1812 3572 Ταύτας

231 3590 692 3658 προσερχομένας
720 3594 784 3661 τῇ
833 3592 1100 3662 καθολικῆ
1172 3595 1473 3667 Ἐκκλησία
1527 3598 1755 3670 γνώμην
1788 3603 1816 3653 ὁ

233 3680 396 3746 ἅγιος
423 3682 607 3735 δίδωσι
644 3683 720 3754 μὴ
745 3685 1214 3748 καταδικάζεσθαι
1238 3687 1314 3752 ὡς
1341 3687 1698 3758 ψευσαμένας
1721 3689 1815 3759 τὴν

233 3773 559 3840 ὁμολογίαν.
613 3775 754 3827 Ὅσα
807 3775 938 3845 γὰρ,
967 3778 1159 3848 φησὶν,
1195 3779 1404 3849 ὁνόμος
1466 3781 1643 3845 λαλεῖ,
1687 3785 1817 3845 -τοῖς

235 3863 304 3913 ὲν
349 3863 425 3931 τῷ
455 3863 607 3932 νόμῳ
643 3863 814 3918 λαλεῖ.
847 3867 910 3918 Αἱ
943 3867 998 3918 δὲ
1033 3868 1110 3936 μὴ
1154 3867 1445 3936 δεξάμεναι
1506 3870 1599 3923 τὸν
1657 3873 1818 3944 ζυγὸν

236 3952 338 4006 τοῦ
368 3954 605 4023 Χριστοῦ
667 3955 788 4008 οὐδὲ
846 3956 942 4026 τὴν
995 3957 1223 4027 ἐντολὴν
1285 3959 1500 4014 ἐκείνου
1555 3963 1817 4030 επι-γινώει

239 4062 461 4109 σκουσι,
493 4047 590 4100 καὶ
618 4047 804 4099 λοιπὸν
833 4048 1147 4100 δεκταίείσι
1197 4054 1262 4120 τῇ
1312 4052 1642 4123 Ἐκκλησία,
1685 4053 1819 4122 ἄφε-

242 4155 336 4190 σιν
361 4138 581 4206 ἔχουσαι
647 4141 708 4191 ὲκ
742 4138 838 4193 τοῦ
906 4141 1201 4195 πιστεῦσαι
1283 4143 1508 4214 Χριστῷ
1565 4147 1655 4198 καὶ
1723 4146 1819 4199 τοῦ

239 4231 488 4284 τοιούτου
521 4233 942 4303 ἁμαρτήματος.
1001 4231 1132 4287 Εἶτα
1188 4235 1418 4290 καθόλου
1471 4238 1656 4291 δίδωσι
1721 4255 1822 4292 κα-

241 4324 379 4377 νόνα
417 4324 498 4377 ὅτι
524 4324 626 4377 ὅσα
675 4326 732 4376 ὲν
763 4328 1160 4397 κατηχονμένῳ
1225 4328 1322 4399 βίῳ
1387 4329 1680 4397 γένωνται,
1723 4332 1821 4398 οὐκ

243 4415 589 4486 ερθύνονται,
617 4416 738 4470 ἀντὶ
761 4417 879 4482 τοῦ,
911 4419 971 4469 οὐ
1013 4419 1358 4483 κολάζονται.
1425 4419 1593 4491 Πλὴν,
1663 4422 1820 4494 φησὶ,

239 4507 470 4569 τούτους
504 4509 634 4562 ἄνευ
671 4507 1109 4579 βαπτίσματοςὴ
1152 4511 1458 4581 Ἐκκλησία
1499 4514 1558 4564 οὐ
1582 4514 1822 4582 παραδέ-

1916 3312 2101 3367 condas
2129 3328 2249 3383 syn.
2275 3321 2327 3365 et
2348 3327 2472 3369 can.
2498 3313 2559 3366 l7
2590 3311 2646 3367 S.
2676 3312 3076 3382 Apostolorum.

1989 3405 2241 3461 ZONAR.
2290 3406 2568 3461 lizereticze
2620 3407 2871 3461 mulieres
2946 3403 3311 3475 virginitatem
3370 3420 3486 3472 pro-

1916 3497 2226 3565 ﬁtebantur,
2263 3498 2457 3556 deinde
2499 3499 2626 3554 viris
2667 3499 2873 3566 seipsas
2914 3495 3220 3550 tradebant.
3280 3494 3406 3557 Eas,
3440 3495 3482 3548 si

1917 3589 1982 3644 ad
2021 3587 2319 3644 Ecclesiam
2373 3590 2696 3644 catholicam
2757 3589 3075 3659 procedant,
3125 3596 3343 3642 sanctus
3402 3587 3486 3641 hic

1917 3681 1998 3734 \‘ir
2035 3697 2130 3735 sua
2168 3682 2436 3735 sententia
2482 3680 2928 3750 haudquaquam,
2986 3678 3140 3749 quasi
3193 3676 3489 3748 professio-

1919 3789 2040 3828 nem
2069 3772 2832 3840 fcfellerint,condemnandas
2880 3787 3002 3826 esse
3038 3770 3265 3839 iudicat.
3300 3768 3467 3834 Quas-

1918 3881 2135 3934 cunque
2197 3866 2367 3932 enim,
2446 3866 2542 3930 ait,
2585 3864 2666 3917 lex
2713 3862 2977 3932 loquitur,
3023 3862 3089 3916 iis
3139 3859 3230 3930 qui
3273 3860 3326 3912 in
3377 3858 3490 3928 iege

1919 3968 2041 4014 sunt
2073 3958 2331 4028 loquitur.
2358 3957 2488 4025 Quae
2518 3972 2645 4012 vero
2675 3955 2875 4010 Christi
2903 3956 3090 4024 iugum
3150 3968 3256 4006 non
3308 3966 3490 4006 susce-

1919 4059 2136 4120 perunt,
2166 4049 2308 4103 illius
2354 4062 2568 4117 quoque
2603 4045 2856 4100 mandata
2908 4059 3012 4098 non
3074 4052 3390 4114 agnoscunt,
3429 4057 3491 4096 ac

1920 4142 2173 4212 deinceps
2205 4143 2272 4195 a‘)
2293 4139 2773 4196 Ecclesiaadmitti
2825 4145 3079 4208 possunt,
3135 4137 3371 4200 veniam,
3426 4151 3490 4188 ex

1921 4249 1986 4289 eo
2011 4235 2154 4303 quod
2208 4233 2426 4288 Christo
2476 4232 2824 4296 crediderint,
2864 4230 2932 4285 ab
2977 4231 3077 4284 hoc
3135 4244 3347 4297 quoque
3383 4228 3491 4282 cri-

1922 4327 2066 4381 mine
2096 4325 2429 4380 obtinentes.
2463 4321 2599 4377 Tum
2659 4323 2711 4376 in
2742 4321 3058 4376 universum
3095 4319 3334 4390 regulam
3383 4327 3492 4371 sta-

1924 4419 2045 4482 tuit,
2084 4433 2415 4488 quaecunque
2455 4416 2711 4471 nimirum
2770 4415 2824 4469 in
2867 4411 3311 4467 catechumenica
3385 4411 3492 4464 vita

1925 4510 2357 4576 committuntur,
2393 4524 2496 4564 non
2517 4507 2694 4563 vocari
2710 4507 2764 4560 in
2780 4505 3062 4574 judicium,
3079 4503 3179 4557 hoc
3200 4511 3300 4563 est,
3325 4499 3491 4552 haud-

242 4616 402 4670 χεται
435 4614 448 4632 ⁸
487 4603 614 4655 ἐπεὶ
685 4595 780 4654 οὖν
843 4600 1220 4670 βαπτίζονται,
1255 4602 1366 4655 τῶν
1402 4604 1508 4674 πρὸ
1574 4604 1668 4656 τοῦ
1717 4605 1811 4675 βα-

1927 4618 2199 4672 quaquam
2242 4602 2446 4670 puniri.
2481 4602 2702 4664 Adhazc,
2736 4598 2931 4667 inquit,
2960 4597 3222 4668 ejusmodi
3248 4593 3492 4647 homines

242 4692 552 4760 πτίσματος
580 4693 914 4763 σφαλμάτων
950 4694 1170 4746 πάντων
1205 4695 1560 4764 συγχώρησιν
1601 4695 1813 4766 ἔχουσι.

241 4780 420 4838 Τοῦτο
449 4787 559 4854 γάρ
591 4784 740 4838 ἐστιν
768 4785 795 4838 ὃ
832 4785 1057 4852 ἐπάγει,
1115 4786 1195 4839 ὃτι
1245 4788 1690 4853 ,ἀναγκαιότατον
1726 4790 1820 4840 ἐπὶ

241 4877 473 4938 τούτους
503 4877 571 4930 τὰ
599 4877 868 4948 πρεσϐεῖα
908 4877 1007 4946 τῆς
1035 4878 1328 4944 γενέσεως,
1385 4877 1553 4949 ἤγουν
1611 4880 1692 4932 ὅτι
1726 4881 1818 4934 ἀν-

245 4968 498 5036 αγκαίως
531 4967 718 5021 λοιπὸν
763 4969 956 5021 ἕπεται
1041 4968 1459 5038 βαπτιζομένοις
1523 4971 1707 5034 αὐτοῖς
1753 4973 1819 5026 τὰ

247 5062 518 5131 πρεσϐεῖα
549 5056 645 5128 τῆς
678 5061 946 5127 γενέσεως
980 5075 993 5090 ⁸
1035 5060 1096 5113 τδ
1139 5061 1420 5133 ἐξαίρετον
1471 5063 1670 5133 δηλαδὴ
1723 5067 1821 5134 τῆς

245 5155 308 5204 ὲν
331 5151 406 5220 τῷ
431 5150 765 5220 βαπτίσματι
790 5152 1076 5218 γενέσεως,
1109 5153 1228 5222 ἦτοι
1262 5152 1361 5221 τῆς
1384 5155 1820 5224 ἁναγεννήσεως,

245 5245 277 5296 ὃ
317 5243 467 5296 ἐστιν
504 5245 535 5312 ἡ
572 5245 931 5317 συγχώρησις
990 5244 1098 5298 τῶν
1155 5247 1699 5315 προημαρτημένων.
1729 5232 1824 5300 Αί-

251 5335 500 5401 ρετικοὺς
531 5333 564 5404 ἦ
593 5335 722 5396 τοὺς
758 5335 832 5403 μὴ
873 5333 1054 5397 ἄλλως
1090 5334 1416 5404 δεχομένους
1441 5335 1487 5386 εί
1529 5336 1604 5406 μὴ
1629 5336 1822 5406 βαπτιο

249 5422 423 5475 σθὼσι
464 5425 764 5495 νοητέον,ἢ
804 5425 932 5485 τοὺς
963 5427 1249 5487 ἀπίστους.
1327 5427 1444 5477 Είσὶ
1513 5428 1618 5497 γάρ
1678 5445 1821 5490 τινες

251 5516 666 5583 cipe-canonica).
710 5517 883 5586 χωρὶς
973 5516 1349 5586 βαπτίσματος
1401 5518 1602 5585 δεκτοὶ,
1684 5521 1824 5591 ἁγίῳ

251 5604 517 5673 χρίσματι
553 5605 699 5675 μόνῳ
739 5607 1042 5676 χριόμενοι,
1098 5608 1222 5671 ὠςὸ
1275 5609 1343 5673 ιζ’
1385 5609 1564 5664 κανὼν
1587 5612 1682 5682 τῆς
1703 5613 1820 5665 δευ-

252 5694 419 5763 τέρας
467 5697 691 5749 συνόδου
717 5697 1088 5753 διατάττεται.
1119 5700 1279 5753 Εἴποι
1332 5701 1388 5752 δέ
1413 5718 1494 5764 τις
1550 5704 1826 5756 ἐναντιοῦ-

256 5783 381 5836 σθαι
416 5786 506 5837 τὸν
539 5786 714 5855 μέγαν
749 5787 1031 5844 Βασίλειον
1061 5790 1146 5844 διὰ
1170 5790 1264 5844 τοῦ
1301 5792 1566 5862 παρόντος
1603 5795 1826 5858 κανόνος

256 5877 334 5944 τῷ
365 5878 600 5949 πέμπτῳ
632 5881 815 5935 κανόνι
871 5886 968 5952 τῆς
1025 5885 1082 5938 ἰν
1121 5884 1524 5955 Νεοκαισαρείᾳ
1583 5887 1823 5953 συνόδου,

1927 4693 2168 4747 Ecclesia
2197 4692 2315 4748 sine
2357 4692 2625 4762 baptismo
2650 4707 2752 4745 non
2802 4690 3038 4744 admittit
3075 4704 3088 4753 ;
3128 4687 3238 4756 78
3280 4683 3493 4754 quando

1927 4798 2092 4848 porro
2116 4781 2484 4852 baptizantur,
2519 4796 2704 4837 eorum
2731 4794 2852 4850 qua:
2886 4789 3010 4832 ante
3052 4777 3374 4844 baptismum
3406 4770 3491 4823 ad-

1929 4876 2127 4930 misere
2167 4885 2512 4945 peccatorum
2567 4872 2776 4943 penitus
2831 4870 3042 4925 veniam
3074 4874 3476 4935 consequuntur

1929 4967 2494 5036 Iiocuenimsigniiicat
2527 4967 2577 5019 id
2609 4965 2749 5034 quod
2785 4961 3025 5029 subiicit,
3074 4975 3198 5014 esse
3247 4958 3494 5011 nimirum

1931 5061 1982 5115 in
2038 5059 2349 5130 huiusmodi
2411 5059 2723 5114 hominibus
2780 5053 3145 5127 generationis
3216 5049 3492 5120 privilegia

1931 5154 2162 5207 maxime
2196 5152 2523 5216 necessaria,
2555 5151 2653 5205 hoc
2683 5157 2787 5212 est,
2834 5163 2956 5202 cum
3013 5146 3114 5215 ipsi
3153 5145 3493 5214 baptilcntur

1933 5245 2241 5300 necessario
2274 5244 2524 5314 deinceps
2548 5241 2827 5308 consequi,
2873 5250 2929 5292 ut
2959 5239 3234 5309 privilegia
3273 5249 3492 5304 genera-

1933 5337 2092 5391 tionis
2125 5337 2438 5391 obtineant:
2475 5334 2618 5402 quod
2648 5334 2903 5387 nimirum
2941 5331 3216 5401 singulare
3258 5342 3320 5380 ac
3373 5341 3493 5392 pra»

1930 5430 2147 5495 cipuum
2179 5435 2265 5480 est
2299 5427 2348 5478 in
2377 5424 2630 5493 baptismi
2689 5422 3059 5493 generatione,
3111 5421 3225 5475 sive
3284 5432 3495 5485 regene-

1931 5521 2160 5581 ratione,
2198 5517 2466 5573 absolutio
2499 5531 2688 5583 nempe
2716 5515 2781 5568 ab
2818 5522 3082 5568 anteacta:
3110 5512 3230 5563 vitro
3260 5508 3496 5562 delictis.

1932 5611 2227 5665 Haereticos
2249 5624 2412 5679 porro
2442 5618 2535 5663 aut
2581 5623 2674 5662 eos
2725 5607 3028 5676 intelligere
3087 5609 3318 5673 Oportet,
3370 5615 3502 5668 quos

1934 5719 2038 5758 non
2066 5704 2221 5757 aliter
2255 5703 2359 5756 nisi
2398 5703 2741 5771 haptizentnr
2773 5698 2981 5753 admitti
3029 5697 3107 5750 fas
3132 5705 3235 5760 est,
3265 5706 3355 5747 aut
3383 5694 3471 5746 inti

1936 5795 2101 5849 deles.
2141 5794 2276 5849 Sunt
2305 5795 2445 5850 enim
2471 5794 2636 5862 aliqui
2687 5793 2925 5848 hreretici
2985 5790 3146 5845 etiam
3181 5790 3299 5844 sine
3328 5789 3495 5854 bapti-

1938 5903 2053 5944 smo
2085 5887 2400 5954 recipiendi,
2435 5895 2624 5943 sancto
2645 5886 2814 5941 solum
2846 5885 3138 5941 chrismate
3191 5877 3492 5950 inungcns‘i,
