3998 6326
588 400 694 459 633

1820 397 2090 459 THEOD.
2137 400 2533 463 BALSAMON

3640 404 3810 469 -6Ρ4

655 506 796 569 ipsos
827 501 1012 555 deﬂere
1044 504 1107 556 ad
1160 501 1296 556 fores
1328 503 1583 556 ecvlesire.
1636 504 1884 558 Secundo
1918 517 2117 568 autem,

2248 524 2256 535 '
2295 532 2399 579 σις.
2454 518 2571 589 Χρὴ
2604 518 2659 572 δὲ
2688 519 2761 587 τῷ
2801 520 2995 589 πρῲτῳ
3041 517 3397 573 ἐκϐάλλεσθαι
3464 519 3573 572 τῶν
3626 537 3809 591 προσ-

648 601 712 649 ad
748 596 1069 647 auditionem
1104 594 1331 647 admitti.
1366 592 1567 658 Tertio,
1604 594 1804 646 admitti
1839 596 1903 648 ad
1954 598 2126 663 paeni-

648 688 886 741 tentiam.
925 685 1144 750 Quarto,
1174 684 1236 738 ad
1261 685 1726 753 congregationem
1764 699 1880 737 eum
1912 686 2127 754 populo,

647 778 977 832 abstinentes
998 780 1064 830 ab
1089 776 1379 831 oblatione.
1408 775 1607 831 Deinde
1638 776 1712 830 eis
1744 778 1976 845 permitti
2006 778 2129 831 boui

653 868 1104 923 communionem.

653 1126 842 1181 BALS.
920 1128 1216 1182 Viresimus
1266 1128 1525 1193 Septimus
1579 1142 1749 1180 canon
1804 1126 2128 1180 Chalcedon.

587 1215 771 1284 synodi
801 1216 887 1283 qui
918 1216 1052 1268 idem
1084 1225 1167 1269 est
1194 1218 1409 1270 omnino
1438 1230 1606 1270 canon
1628 1218 1695 1271 9']
1720 1228 1883 1270 sexta
1908 1215 2121 1285 synodi,

590 1307 830 1360 decernit
860 1306 987 1373 quid
1038 1305 1221 1359 debeat
1258 1308 1367 1359 lieri
1400 1306 1463 1360 iis
1521 1307 1610 1375 qui
1644 1307 1893 1361 mulieres
1927 1307 2138 1375 rapiunt

589 1397 799 1449 nomine
829 1397 1086 1464 coniugii.
1120 1394 1367 1450 Praesens
1400 1400 1576 1451 autem
1632 1411 1801 1457 canon
1834 1397 1986 1461 jubet
2015 1409 2129 1455 eos.

586 1488 673 1549 qui
708 1486 981 1539 mulierem
1016 1486 1165 1539 alteri
1203 1488 1519 1554 despOnsam
1555 1488 1849 1557 rapuerint,
1900 1502 2002 1538 non
2033 1486 2131 1536 ali-

589 1590 668 1629 ter
694 1578 757 1629 ad
791 1578 1158 1643 pmnitentiam
1215 1578 1424 1631 admitti
1482 1593 1640 1647 quam
1678 1579 1720 1631 si
1779 1588 1954 1645 raptas
1986 1578 2135 1645 prius

592 1667 855 1728 dederint,
887 1677 941 1718 ut
968 1667 1146 1733 sponsi
1173 1680 1354 1718 earum
1385 1666 1527 1734 ipsas
1558 1666 1600 1721 si
1636 1667 1800 1721 velint
1828 1667 2133 1733 accipiant:

592 1756 670 1807 sin
698 1757 893 1819 minus,
926 1756 993 1808 sit
1025 1757 1157 1823 apud
1186 1768 1311 1811 suos
1346 1764 1618 1824 cognatos.
1656 1757 1740 1809 Ab
1773 1756 1851 1810 eis
1882 1771 2009 1809 vero
2040 1757 2133 1823 qui

593 1847 863 1899 mulierem
897 1848 1115 1901 liberam
1150 1862 1241 1900 seu
1298 1848 1422 1901 nulli
1482 1849 1801 1914 desponsam
1843 1850 2136 1916 rapuerint,
2170 1856 2217 1916 Β

591 1950 708 1988 vam
744 1935 924 1989 itidem
962 1924 1157 1991 auferri
1181 1948 1241 1993 et
1276 1939 1414 1992 tradi
1445 1938 1782 2006 parentibus,
1835 1939 1919 1992 vel
1953 1939 2018 1991 iis
2048 1939 2138 2007 qui

592 2026 787 2093 alioqui
822 2027 885 2079 ad
918 2042 1033 2081 eam
1068 2030 1333 2083 attinent:
1392 2038 1448 2083 ut
1475 2044 1594 2082 eam
1626 2030 1670 2083 si
1704 2029 1885 2094 velint,
1935 2031 2136 2098 raptori

589 2115 931 2181 conjunganl,
964 2131 1083 2170 cum
1128 2118 1245 2185 ejus
1276 2119 1433 2174 etiam
1467 2133 1733 2173 consensu
1762 2134 1776 2183 ;
1832 2120 1915 2173 sin
1950 2129 2128 2174 autent

589 2205 689 2258 hoc
718 2208 793 2258 eis
824 2221 923 2259 non
958 2207 1235 2275 placuerit,
1265 2223 1330 2261 ne
1361 2209 1473 2263 llat.
1526 2208 2015 2278 Quomodocunque
2045 2225 2142 2263 au-

594 2306 694 2345 tem
729 2310 787 2347 se
820 2310 903 2348 res
933 2296 1145 2356 habeat,
1184 2294 1282 2348 etsi
1314 2296 1360 2348 vi
1383 2296 1560 2350 lelicet
1605 2307 1771 2367 raptae
1803 2308 1981 2367 raptor
2016 2315 2141 2355 eou-

587 2384 861 2451 jungatur,
885 2385 1059 2451 pinnis
1079 2385 1178 2437 erit
1210 2382 1591 2438 fornicatur-um
1638 2387 1923 2453 obnoxius,
1946 2397 1998 2441 et
2030 2402 2133 2440 non

590 2473 762 2525 solum
795 2474 872 2525 sic
926 2473 1176 2541 punietur
1204 2484 1402 2540 raptor.
1458 2475 1550 2528 sed
1611 2485 1662 2527 et
1722 2476 1766 2529 is
1811 2478 1901 2545 qui
1953 2476 2142 2544 puellm

590 2563 726 2613 clam
764 2562 947 2614 vitium
982 2564 1173 2617 attulit.
1211 2562 1617 2618 Fornicatorum
1651 2575 1828 2619 autem
1860 2580 2047 2634 poenas
2086 2566 2139 2620 in

589 2661 816 2720 quatuor
848 2667 1015 2705 annos
1049 2653 1249 2707 deﬁnit.
1304 2652 1370 2708 Et
1415 2656 1466 2708 in
1506 2656 1589 2710 his
1642 2657 1855 2725 quidem
1905 2672 2142 2726 praesens

588 2758 760 2796 canon
794 2743 1065 2796 consistit.
1097 2742 1204 2800 Lex
1234 2755 1409 2796 autem
1440 2746 1610 2799 civilis
1641 2746 1744 2799 alio
1770 2747 1929 2801 modo
1961 2759 2143 2816 rapto-

592 2848 677 2885 res
706 2833 877 2897 punit,
916 2847 1013 2886 nec
1046 2832 1152 2886 ullo
1187 2833 1344 2886 modo
1377 2834 1642 2900 permittit
1674 2845 1733 2887 ut
1763 2846 1945 2904 raptor
1976 2844 2143 2906 raptas

592 2922 961 2991 conjungatur.
1017 2922 1083 2976 Et
1150 2932 1203 2977 tu
1257 2924 1370 2994 lege
1420 2912 1727 2991 pradictum
1786 2942 2043 2981 canonem
2074 2928 2139 2980 ‘27

594 3010 780 3078 synodi
812 3010 1087 3078 Clialced.,
1115 3021 1171 3067 et
1198 3012 1267 3067 92
1289 3022 1471 3067 sextae.
1502 3022 1550 3067 et
1581 3030 1697 3067 can.
1726 3015 1789 3068 G7
1828 3026 2138 3073 sanctorum

596 3102 977 3169 apostolorum,
1006 3112 1058 3155 et
1091 3114 1249 3172 caput
1299 3105 1367 3160 30
1401 3105 1536 3160 tituli
1566 3106 1597 3162 9
1640 3107 1914 3175 prmsentis
1964 3107 2143 3175 operis

2306 610 2484 678 ευχῶν
2522 651 2534 673 ,
2595 612 2688 662 καὶ
2750 613 3102 681 προσκλαίειν
3155 612 3349 672 αὖτοῦς
3396 615 3459 681 τῇ
3503 612 3644 683 θύρα
3698 612 3810 680 τῆς

2306 703 2618 772 ἐκκλησίας.
2680 704 2770 773 Τῷ
2822 704 3059 775 δευτέρῳ
3086 705 3340 774 δεχθῆναι
3384 708 3463 767 εἰς
3506 707 3806 772 ἀκρόασιν·

2308 793 2581 861 τῷντρίτῳ
2627 794 2880 863 δεχθῆναι
2929 796 3009 856 είς
3062 796 3370 863 μετάνοιαν·
3430 797 3505 866 τῷ
3545 797 3804 865 τετεὶρτῳ

2310 884 2388 943 εὶς
2434 883 2689 936 σύστασιν
2750 887 2886 951 μετὰ
2950 884 3043 937 τοῦ
3076 885 3228 949 λαοῦ,
3268 887 3636 954 ἀπεχομένους
3694 888 3807 953 τῆς

2311 976 2647 1042 προσφορᾶς.
2696 973 2829 1027 Εἶτα
2885 976 3069 1038 αὐτοῖς
3110 976 3505 1028 ἐπιτρέπεσθαι
3551 976 3649 1045 τὴν
3684 993 3808 1028 καιτ-

2310 1064 2505 1114 νωνίαν
2541 1064 2630 1116 τοῦ
2656 1064 2881 1132 ἀγαθοῦ.

2307 1155 2502 1209 ΒΛΛΣ.
2562 1155 2621 1207 '0
2657 1157 2754 1225 μὲν
2778 1156 2857 1220 κζ’
2890 1157 3067 1211 κανὼν
3095 1157 3191 1229 τῆς
3216 1160 3272 1211 ἐν
3314 1160 3614 1229 Χαλκηδόνι
3666 1175 3801 1210 συν-

2237 1247 2377 1309 όδου,
2439 1250 2586 1311 ὅστις
2624 1250 2713 1301 καὶ
2748 1250 3162 1319 ἀπαράλλακτος
3209 1249 3293 1319 ιιβ·
3332 1252 3506 1304 κανὼν
3549 1254 3666 1305 ἐστι
3696 1252 3805 1318 τῆς

2240 1346 2294 1421 ς’
2330 1339 2570 1405 συνόδου,
2615 1340 2907 1410 διορίζεται
2957 1342 3009 1395 τί
3033 1342 3237 1411 ὀφείλει
3284 1342 3526 1406 γίνεσθαι
3559 1347 3637 1404 είς
3666 1343 3803 1406 τοὺς

2240 1428 2581 1497 ἁρπάζοντας
2604 1432 2869 1497 γυναῖκας
2918 1430 3007 1483 ἐπ’
3040 1432 3265 1501 ὀνόματι
3297 1432 3652 1485 συνοικεσίου·
3686 1434 3715 1484 δ
3738 1434 3801 1491 δὲ

2240 1519 2429 1589 παρὼν
2460 1520 2639 1573 κανὼν
2675 1522 3107 1591 παρακελεύεται
3165 1527 3289 1586 τοὺς
3324 1525 3420 1591 μὲν
3446 1523 3805 1593 ἁρπάζοντας

2240 1616 2505 1679 γυναῖκας
2538 1615 2708 1685 ἑτέρῳ
2744 1617 3225 1685 μνηστευσαμένας
3258 1616 3333 1689 μὴ
3378 1616 3551 1677 ἄλλως
3579 1618 3656 1680 είς
3699 1635 3803 1685 με·

2240 1706 2459 1757 τάνοιαν
2483 1706 2751 1777 δέχεσθαι,
2788 1706 2934 1777 εἰμὴ
2962 1708 3224 1778 πρότερον
3262 1708 3489 1761 δώσουσι
3536 1708 3631 1771 τὰς
3691 1713 3803 1776 ἁρ-

2243 1799 2534 1863 παγείσας,
2586 1801 2672 1866 ἐφ’
2728 1793 2772 1866 ᾧ
2818 1801 2942 1864 τοὺς
2991 1802 3306 1869 μνηστῆρας
3360 1801 3562 1853 τούτων
3609 1800 3803 1853 λαϐεῖν

2245 1890 2437 1951 αὑτὰς,
2476 1892 2570 1942 ἐὰν
2630 1890 2945 1959 θελήσωσιν·
2981 1892 3028 1943 εί
3065 1891 3120 1944 at
3157 1890 3255 1960 μὴ,
3306 1888 3443 1945 εἶναι
3506 1892 3651 1962 παρὰ
3680 1894 3805 1955 τοῖς

2244 1982 2564 2048 συγγενέσιν
2613 1981 2810 2035 αὐτῶν.
2878 1983 3016 2045 Τοὺς
3043 1982 3099 2035 δὲ
3158 1984 3511 2052 ἁρπάσαντας
3561 1985 3804 2049 γυναῖκα

2241 2071 2556 2138 ἐλευθέραν,
2581 2072 2674 2124 καὶ
2700 2073 2871 2135 οὕτως
2898 2073 3065 2142 αὐτὴν
3106 2075 3453 2143 ἀφαιρεῖσθαι
3488 2075 3580 2128 καὶ
3615 2092 3807 2143 παρα-

2240 2162 2473 2214 δίδοσθαι
2534 2165 2646 2226 τοῖς
2700 2164 2969 2230 γονεῦσιν,
3007 2164 3038 2235 ἢ
3084 2167 3195 2227 τοῖς
3224 2166 3398 2227 ἄλλως
3429 2166 3807 2234 προσήκουσιν

2241 2254 2399 2323 αὐτῇ·
2430 2253 2591 2317 ὥστε,
2623 2256 2671 2307 εί
2699 2255 2797 2323 μὶν
2832 2255 3110 2325 βούλονται
3144 2251 3309 2317 οὗτοι,
3344 2254 3807 2323 συζεύξαιαῦτὴν

2240 2344 2317 2413 τῷ
2348 2344 2556 2414 ἆρπαγι
2613 2346 2751 2415 μετὰ
2815 2347 2906 2399 καὶ
2978 2347 3342 2408 συναινέσεως
3397 2346 3617 2416 ταύτης·
3649 2350 3694 2399 εἰ
3745 2347 3807 2399 δὶ

2242 2438 2663 2508 ἁπαρέσκονται,
2701 2438 2773 2506 μὴ
2804 2438 3057 2505 γενέσθαι
3082 2438 3257 2492 τοῦτο.
3313 2438 3399 2499 Ὠς
3436 2439 3498 2491 ἂν
3525 2438 3580 2490 δὲ
3615 2437 3678 2489 τὰ
3705 2438 3807 2489 τοῦ

2244 2528 2567 2597 πράγματος
2606 2526 2824 2596 ἔχωσιν,
2868 2528 3035 2595 ἤγουν
3068 2527 3170 2581 κᾶν
3224 2508 3515 2597 συζέυχθῇ,
3545 2529 3651 2586 τοῖς
3683 2528 3803 2579 τῶν

2244 2620 2612 2688 πορνευόντων
2655 2620 2955 2689 ἐπιτιμίοις
2993 2620 3366 2682 ὑποπεσεῖται,
3404 2622 3496 2672 καὶ
3523 2620 3584 2672 οὐ
3639 2621 3811 2687 μόνον

2242 2715 2271 2767 ὸ
2332 2713 2513 2784 ἁρπαξ
2564 2712 2705 2766 οὕτω
2764 2702 3181 2781 κολασθήσεται,
3247 2713 3380 2767 ἁλλὰ
3438 2712 3533 2766 καὶ
3566 2711 3809 2779 ὁλάθρα

2245 2804 2381 2875 μετὰ
2445 2804 2631 2875 κόρη(
2666 2804 3024 2874 συμφθαρείς.
3090 2802 3361 2873 Ὀρίζεται
3391 2803 3447 2857 δὶ
3482 2802 3575 2855 καὶ
3610 2805 3689 2865 είς
3714 2819 3811 2856 τε·

2242 2896 2499 2966 τραετίαν
2535 2894 2602 2947 τὰ
2634 2895 2741 2948 τῶν
2774 2895 3145 2965 πορνευόντων
3194 2894 3461 2964 ἐπιτίμια.
3490 2895 3599 2949 Καὶ
3638 2896 3665 2947 ό
3699 2894 3810 2961 μὲν

2244 2987 2428 3039 κανὼν
2461 2987 2518 3038 ἐν
2545 2984 2773 3047 τούτοις·
2807 2986 2833 3036 ὁ
2860 2984 2916 3037 δὲ
2945 2984 3220 3048 πολιτικὸς
3261 2984 3421 3052 νόμος
3454 2983 3825 3053 ἁλλοτρόπωξ

2243 3078 2463 3142 κολάζει
2490 3076 2615 3141 τοὺς
2664 3078 2937 3146 ἅρπαγας,
2970 3075 3063 3130 καὶ
3084 3075 3204 3129 οὐδὲ
3258 3078 3578 3145 παραχωρεῖ
3613 3078 3808 3131 ὁπωσ-

591 3199 644 3243 et
674 3205 791 3260 quae
841 3192 894 3243 in
940 3192 1019 3244 eis
1048 3168 1191 3246 sunt.
1243 3192 1361 3262 θα
1403 3191 1533 3247 Cum
1593 3168 1769 3247 autem
1831 3168 2141 3263 praesentem

2248 3171 2444 3240 δήποτε
2520 3170 2611 3222 τὸν
2669 3169 2994 3238 ἁρπάσαντα
3066 3168 3425 3255 συζευχθῆναι
3490 3173 3555 3239 τῇ
3614 3170 3808 3239 ἁρπαο

594 3295 850 3335 ranOnem
880 3283 1030 3334 audis
1076 3282 1362 3346 dicentem,
1416 3299 1479 3338 ex
1524 3298 1801 3340 consensu
1857 3298 2137 3355 parentum

598 3370 679 3421 vel
713 3380 1057 3436 cognatorum
1090 3370 1277 3437 puellm
1316 3385 1433 3423 eam
1507 3372 1627 3426 dari
1683 3386 1901 3441 nuptum
1952 3375 1999 3427 ei
2048 3374 2139 3442 qui

598 3462 791 3525 rapuit,
857 3476 922 3514 ne
976 3460 1171 3514 dixeris
1218 3470 1495 3527 parentum
1544 3478 1863 3517 consensum
1914 3479 2142 3531 eumque

597 3552 767 3603 salum
801 3551 1057 3604 sufficere.
1086 3552 1300 3617 Quoties
1320 3554 1462 3607 enim
1490 3563 1614 3608 sunt
1642 3554 1889 3623 legitima:
1917 3557 2136 3620 nuptiae,

598 3641 933 3693 necessarius
982 3656 1191 3709 quoque
1245 3652 1325 3694 est
1379 3658 1559 3695 eorum
1611 3644 1699 3710 qui
1750 3645 2145 3713 coniunguntur

586 3744 929 3792 i-nnsensus;
969 3732 1082 3784 sive
1113 3732 1161 3783 in
1214 3740 1473 3798 potestate
1522 3733 1649 3797 sint,
1701 3734 1812 3787 sive
1860 3734 1940 3789 sui
1984 3735 2143 3804 juris.

597 3820 733 3871 liii-it
762 3822 903 3873 enim
954 3836 1067 3886 cap.
1103 3823 1136 3874 2
1168 3824 1245 3874 tit.
1284 3822 1315 3875 4
1346 3823 1438 3875 ΙίΙ).
1497 3839 1658 3877 xxvm
1710 3826 1822 3878 lucc
1850 3840 2096 3892 expresse
2128 3845 2142 3883 :

596 3909 708 3961 Non
739 3920 865 3962 sunt
898 3910 1143 3975 legitima!
1173 3912 1388 3977 n-tptize,
1424 3912 1521 3965 nisi
1558 3912 1590 3965 ii
1623 3913 1713 3980 qui
1747 3914 2143 3983 eonjunguntur

597 4001 963 4053 consensvrint
993 4013 1043 4051 et
1074 4001 1160 4066 qui
1196 4014 1287 4053 eos
1323 4002 1517 4054 habent
1547 4003 1596 4053 in
1626 4013 1885 4069 potestate
1918 4022 1929 4056 :
1968 4005 2010 4056 si
2044 4020 2139 4056 au-

600 4103 701 4143 tem
735 4106 796 4143 ex
832 4092 930 4145 hac
960 4090 1072 4157 lege
1095 4091 1157 4143 ad
1190 4091 1399 4159 nuptias
1429 4092 1491 4145 iis
1522 4092 1608 4159 qui
1640 4105 1766 4146 sunt
1797 4094 1846 4145 in
1878 4103 2141 4162 potestate

597 4196 723 4234 suus
753 4196 828 4235 (‘Si
859 4186 1192 4235 necessarius
1233 4196 1543 4244 consensus,
1598 4183 1766 4236 multo
1815 4164 1982 4251 magis
2037 4200 2138 4237 non

598 4272 686 4322 [iet
733 4274 1128 4325 ma'rimunlum
1177 4287 1358 4326 eorum
1406 4273 1495 4340 qui
1546 4282 1669 4327 sunt
1705 4275 1785 4326 sui
1834 4275 1990 4343 juris,
2042 4276 2141 4329 nisi

596 4363 694 4426 ipsi
725 4376 935 4429 quoque
967 4363 1357 4415 consenserint.

2241 3263 2416 3334 τείσῃ.
2451 3262 2553 3315 Καὶ
2593 3261 2859 3328 ἀνάγνωθι
2892 3259 2982 3314 τὸν
3018 3251 3251 3330 ῥηθέντα
3276 3258 3357 3323 κζ’
3386 3261 3583 3313 κανόνα
3611 3263 3708 3327 τῆς
3745 3262 3812 3314 ὲν

2241 3352 2542 3423 Χαλκηδόνι
2562 3352 2798 3414 συνόδου,
2827 3350 2919 3404 καὶ
2940 3353 3032 3404 τὸν
3056 3350 3138 3419 ιβ’
3162 3352 3258 3419 τῆς
3280 3350 3356 3415 ς’,
3387 3352 3477 3403 καὶ
3504 3351 3703 3404 κανόνα
3724 3350 3808 3416 εξ

2242 3446 2351 3499 τῶν
2386 3446 2554 3513 ἁγίων
2583 3442 2915 3506 ἀποστόλων,
2944 3443 3036 3496 καὶ
3075 3459 3198 3511 κε’ρ.
3232 3443 3275 3493 λ’
3295 3444 3387 3495 τοῦ
3416 3442 3459 3495 θ’
3492 3442 3670 3496 τίτλου
3702 3442 3807 3495 τοῦ

2246 3536 2512 3606 παρόντος
2560 3535 2957 3604 συντάγματος,
2994 3535 3087 3586 καὶ
3116 3533 3182 3585 τὰ
3232 3536 3288 3586 ὲν
3313 3534 3514 3597 αὐτοῖς.
3562 3533 3806 3587 Ἀκούων

2246 3629 2301 3683 δὲ
2333 3622 2421 3681 τοῦ
2460 3628 2723 3697 παρόντος
2753 3626 2977 3689 κανόνος
3030 3626 3277 3693 λέγοντος
3325 3628 3465 3679 κατᾶ
3492 3627 3804 3679 συναίνεσιν

2247 3720 2356 3772 τῶν
2390 3720 2590 3785 γονέων
2644 3719 2676 3788 ἢ
2731 3718 2839 3771 τῶν
2889 3718 3166 3784 συγγενῶν
3216 3720 3315 3786 τῆς
3340 3718 3509 3787 κόρης
3562 3717 3806 3772 δίδοσθαι

2246 3814 2450 3881 ταύτην
2482 3810 2615 3878 πρὸς
2645 3808 2920 3878 γάμονζτῷ
2952 3809 3277 3878 ἁρπάσαντι,
3312 3809 3385 3878 μὴ
3414 3810 3572 3879 εἴπῃς
3601 3812 3804 3878 ἀρκεῖν

2248 3906 2348 3972 τὴν
2376 3904 2483 3953 τῶν
2521 3902 2723 3967 γονέων
2753 3901 3057 3953 συναίνεσιν
3085 3900 3178 3951 καὶ
3210 3900 3395 3968 μόνην.
3444 3900 3664 3960 Ὁσάκις
3692 3901 3806 3967 γὰρ

2251 3996 2424 4060 γὰμος
2463 3992 2682 4059 ἔννομος
2714 3991 2942 4057 γίνεται,
2975 3990 3246 4055 ἀναγκαία
3275 3990 3390 4042 ἐστὶ
3421 3990 3513 4042 καὶ
3544 3992 3576 4058 ἡ
3614 3989 3806 4041 συναί-

2254 4100 2396 4143 νεσις
2430 4082 2537 4133 τῶν
2575 4081 2873 4148 μελλόντων
2911 4080 3291 4148 συζευχθῆναι,
3350 4080 3454 4131 κᾶν
3492 4079 3805 4143 ὑπεξούσιοι

2253 4170 2376 4238 ὦσι,
2408 4174 2509 4226 κᾶν
2546 4172 2899 4235 αὺτεξούσιοι.
2938 4171 3075 4240 Φησὶ
3131 4173 3240 4240 γὰρ
3272 4170 3331 4222 τὸ
3362 4170 3613 4240 δεύτερον
3670 4187 3804 4237 καφ.

2253 4268 2343 4320 τοῦ
2376 4269 2414 4319 δ’
2445 4267 2622 4318 τίτλου
2651 4265 2743 4317 τοῦ
2780 4270 2863 4329 κη’
2893 4263 3099 4333 βιϐλίου
3156 4262 3326 4315 ταῦτα
3379 4262 3577 4331 ῥητῶς·
3615 4262 3690 4314 Οὐ
3714 4264 3807 4330 γί-

2251 4378 2397 4415 νεται
2436 4361 2633 4427 γάμος,
2664 4359 2712 4409 εί
2746 4356 2819 4425 μὴ
2857 4354 3265 4407 συναινέσουσιν
3295 4354 3344 4405 oi.
3376 4354 3804 4421 συναπτόμενοι,

596 4460 687 4507 καὶ
714 4456 761 4505 οἱ
789 4454 999 4519 ἔχοντες
1032 4454 1226 4515 αὐτοὺς
1280 4455 1650 4519 ὕπεξουσίους.
1720 4458 1840 4510 Ἐὰν
1871 4458 1927 4510 δὲ
1987 4458 2143 4528 χρεία
2175 4458 2312 4510 κατὰ
2368 4454 2456 4507 τὸν
2514 4453 2675 4519 νόμον
2732 4449 2919 4503 τοῦτον
2974 4449 3032 4500 ὲν
3121 4450 3228 4509 τοῖς
3284 4446 3479 4515 γάμοις
3556 4448 3648 4499 καὶ
3701 4447 3805 4510 τῆς

599 4548 953 4607 συναινέσεως
1020 4546 1126 4598 τῶν
1192 4547 1525 4611 ὐπεξουσίων
1557 4589 1572 4615 ,
1638 4550 1816 4620 πολλῷ
1872 4552 2036 4605 πλέον
2081 4554 2141 4605 οὐ
2193 4553 2477 4620 γενήσεται
2537 4550 2711 4615 γάμος
2792 4543 3190 4607 αὐτεξουσίων,
3275 4544 3323 4595 εί
3375 4540 3447 4612 μὴ
3502 4543 3593 4595 καὶ
3649 4542 3804 4595 αὐτοὶ

597 4658 723 4693 συνα
736 4639 806 4691 ινέ
816 4655 960 4690 σουσι
971 4680 982 4692 .

664 4732 912 4786 ZONAR.
956 4732 1053 4797 Qui
1084 4744 1375 4801 rapuerunt
1421 4734 1693 4799 mulieres,
1725 4736 1919 4804 inquit,
1950 4752 2145 4805 easque
2172 4738 2225 4797 D

596 4821 866 4885 detinent,
911 4822 1170 4889 siquidem
1219 4824 1321 4878 illa
1358 4824 1503 4892 prius
1544 4825 1660 4879 aliis
1712 4828 1989 4896 desponsae
2036 4828 2150 4883 fue—

596 4917 742 4973 runt,
780 4926 882 4963 non
915 4911 1012 4964 alia
1050 4915 1251 4967 ratione
1277 4913 1341 4965 ad
1368 4916 1733 4982 pmnitentiam
1768 4919 2136 4985 admitteutur,

597 5001 698 5054 nisi
736 5010 887 5053 antea
940 5011 1101 5069 rapta:
1131 5005 1198 5057 ab
1222 5004 1301 5058 eis
1348 5004 1677 5066 auferantur,
1736 5022 1962 5075 moxque
2014 5010 2151 5065 inte-

596 5104 745 5155 3mm
773 5088 839 5141 sit
866 5088 950 5145 iis.
990 5090 1179 5155 quibus
1208 5092 1419 5144 fuerant
1443 5093 1734 5159 desponsae,
1767 5108 1877 5157 eas,
1898 5096 1939 5145 si
1966 5096 2149 5160 velint,

601 5180 860 5245 accipere.
894 5178 946 5231 Si
985 5191 1110 5232 vero
1146 5192 1293 5248 rapta
1333 5182 1457 5234 nttlli
1512 5182 1684 5235 adhuc
1717 5184 1977 5249 desponsa
2033 5186 2145 5238 rue-

602 5278 701 5329 rat,
736 5278 858 5333 tunc
888 5283 1101 5336 quoqne
1133 5270 1301 5332 ipsam
1336 5285 1363 5322 a
1392 5280 1603 5339 raptore
1648 5273 1857 5335 abduci,
1891 5282 1998 5323 tum
2051 5288 2144 5338 pa-

602 5355 863 5415 rentibus,
910 5356 1096 5409 aliisve
1148 5357 1519 5421 familiaribus,
1577 5375 1670 5413 seu
1727 5363 1986 5427 cognatis,
2050 5378 2141 5414 seu

599 5445 717 5496 aliis
788 5445 982 5509 quibus
1059 5448 1296 5501 mulir-ris
1344 5464 1469 5501 cura
1520 5452 1800 5503 commissa
1853 5462 1951 5512 est,
2012 5454 2143 5504 tradi

601 5550 769 5586 canon
798 5535 963 5602 jubet.
999 5536 1073 5589 Ita
1108 5548 1160 5589 ut
1214 5540 1474 5607 siquidem
1530 5541 1600 5593 illi
1633 5542 1795 5595 velint
1840 5542 2003 5607 ipsam
2060 5559 2136 5596 ra-

604 5626 737 5688 ptori
770 5625 965 5679 foedere
997 5628 1301 5695 nuptiarum
1331 5627 1581 5697 jungere,
1620 5631 1815 5695 nuptiae
1846 5632 2142 5683 consistant

599 5716 859 5778 vidi-licet,
893 5716 933 5767 si
969 5714 1125 5769 modo
1156 5716 1267 5783 ipsa
1300 5733 1507 5785 quoque
1563 5718 1750 5771 mulier
1784 5724 2127 5773 consenserit.

2317 4732 2556 4788 ZONAP.
2612 4730 2673 4782 Ol
2733 4728 3077 4795 ἁρπάσαντες
3126 4726 3428 4791 γυναῖκας..
3492 4722 3646 4791 φησι,
3704 4723 3801 4775 καὶ

2253 4826 2465 4894 ἔχοντες
2499 4820 2721 4882 ταύτας,
2754 4820 2847 4871 ὲὰν
2874 4818 3079 4887 ἑτέροις
3130 4816 3335 4867 ὲκετναι
3382 4814 3797 4883 προεμνηστεύ-

2255 4916 2452 4984 θησαν,
2480 4913 2578 4965 οὐκ
2614 4910 2785 4970 ἄλλως
2838 4908 3186 4977 δεχθὴσονται
3216 4906 3295 4967 είς
3321 4903 3623 4972 ἐπιτιμίαν,
3650 4905 3696 4955 εί
3724 4905 3799 4974 μὴ

2254 5005 2516 5071 πρότερον
2565 5000 2913 5067 ἀφαιρεθεῖεν
2965 4999 3061 5059 τὰς
3129 4998 3490 5065 ἁρπαγείσας,
3544 4990 3664 5049 εἶτα
3718 4998 3799 5058 εἰς

2253 5094 2496 5159 ἐξουσίαν
2554 5090 2762 5143 κεῖσθαι
2826 5089 2932 5139 τῶν
2984 5086 3585 5156 προμνηστευσαμένων
3606 5084 3796 5150 αὑτὰς,

2253 5186 2299 5236 εί
2340 5183 2612 5251 βούλοιντο
2674 5179 2856 5231 λαόεῖν
2918 5177 3111 5237 αὐτάς·
3169 5176 3215 5227 εί
3246 5176 3301 5228 δὲ
3330 5178 3495 5246 μήπω
3526 5178 3633 5229 τινὶ
3665 5193 3798 5243 μνη-

2254 5274 2535 5324 στευθεῖσα
2593 5272 2624 5337 ή
2679 5267 2988 5338 ἁρπαγεῖσά
3046 5267 3183 5327 ἐστι,
3254 5268 3345 5317 καὶ
3392 5265 3566 5328 οὕτως
3625 5265 3795 5334 αὐτὴν

2252 5361 2627 5429 ἀφαιρεῖσθαι,
2663 5359 3035 5410 διακελεύεται
3086 5357 3193 5409 ἀπὸ
3241 5357 3333 5408 τοῦ
3369 5356 3613 5425 ἅρπαγος
3642 5359 3667 5407 ό
3699 5373 3795 5407 κα-

2251 5454 2377 5516 νὼν,
2410 5456 2499 5504 καὶ
2530 5449 2918 5519 παραδίδοσθαι
2971 5452 3081 5510 τοῖς
3139 5449 3439 5516 γονεῦσινῆ
3474 5451 3585 5511 τοῖς
3614 5448 3795 5510 ἄλλοις

2250 5535 2330 5599 οἷς
2362 5538 2512 5606 μέλει
2568 5538 2663 5604 τῆς
2719 5540 2994 5603 γυναικός.
3054 5538 3213 5589 Ὥστε
3268 5538 3325 5588 ei
3371 5538 3468 5605 μὲν
3515 5536 3794 5604 βούλονται

2252 5630 2446 5680 ἐκεῖνοι
2499 5630 2574 5688 εἰς
2632 5631 2858 5693 γυναῖκα
2912 5627 3164 5692 συζεῦξαι
3221 5627 3388 5695 αὐτὴν
3447 5626 3526 5695 τῷ
3564 5626 3793 5696 ἃρπαγι,

2251 5722 2502 5787 σαπῆναι
2555 5716 2760 5787 γάμον(
2793 5719 3029 5785 δηλονότι
3066 5719 3110 5770 εἰ
3145 5720 3233 5770 καὶ
3282 5721 3309 5784 η
3365 5716 3498 5786 γυνὴ
3536 5722 3792 5789 συναινεζ.
