3998 6326
237 399 352 463 665

1161 416 1242 478 ΙΝ
1276 416 1514 479 EPIST.
1560 418 1619 478 S.
1657 418 1943 480 B.\SILII
1977 422 2423 487 CANONICUI
2469 429 2549 490 II.

3386 434 3497 498 C66

249 512 324 608 ’ῌ
342 516 398 568 δὲ
418 517 724 583 σνναίνεσις
741 521 910 590 αὐτῆς
925 523 1016 577 ἐπὶ
1040 526 1147 579 τῶν
1165 528 1342 581 ἄλλων
1360 527 1510 580 ἐστὶν
1528 528 1816 597 ἁναγιιτιίιιτ1

1933 532 2105 603 Hujus
2139 553 2301 606 porro
2335 554 2652 604 consensus,
2689 543 2830 608 quod
2884 541 2949 595 ad
2985 542 3120 596 alios
3174 543 3366 598 attinet
3413 554 3500 599 est

246 606 311 661 οὖ
351 611 456 680 μὴν
485 612 591 679 xui:
620 613 714 666 ἐπὶ
742 617 948 680 πατρὸς
988 617 1082 672 τοῦ
1121 617 1338 690 ἔχοντος
1364 619 1693 686 ὑπεξουσίαν
1728 622 1826 674 αύ-

250 700 352 767 τήν
378 718 391 730 ·
422 701 497 772 τῷ
529 705 635 774 γὰρ
663 707 829 776 πατρὶ
858 708 1162 777 ἀντιλέγειν
1180 712 1239 764 οὗ
1269 710 1516 783 δύναται,
1540 715 1588 764 εί
1617 714 1690 782 μή
1721 731 1825 764 που

255 795 626 863 μεμιασμένον
669 799 783 854 τοῖ;
826 797 1046 866 τρόποις
1089 800 1367 870 ἢάνάξιον
1383 802 1516 872 αὐτῇ
1538 801 1831 871 μνηστεύε-

251 897 366 946 ται,
394 885 532 937 κατὰ
565 887 690 948 τοὺς
722 887 1030 952 πολιτικοὺς
1057 891 1276 959 νόμους.
1303 893 1365 945 Ei
1398 892 1453 944 δὲ
1486 893 1547 945 ού
1576 892 1826 962 βούλεται

253 975 467 1044 ήγυνὴ,
500 977 603 1029 κᾶν
634 976 925 1046 βούλωνται
962 982 1012 1032 oi
1032 983 1219 1035 οἰκεῖοι
1253 983 1518 1053 αύτῆς,οὐ
1559 984 1827 1051 συστήσε-

252 1082 344 1118 ται
376 1069 568 1135 γάμος·
625 1072 673 1121 εί
707 1070 760 1122 δὲ
797 1073 890 1144 καὶ
916 1072 950 1140 ἡ
979 1071 1116 1142 γυνὴ
1155 1073 1374 1141 θελήσει
1429 1075 1529 1128 καὶ
1560 1075 1608 1127 οἱ
1643 1073 1821 1144 ταύτῃ

255 1159 630 1228 προσήκοντες
659 1163 932 1232 συστῆσαι
984 1166 1324 1219 συνοικέσιον
1355 1166 1492 1235 μετὰ
1543 1165 1639 1219 τοῦ
1671 1165 1826 1234 φθεί-

254 1263 448 1317 ραντος
477 1251 647 1321 αὐτὴν
700 1254 808 1305 εἴτε
841 1253 1119 1324 λαθραίοις
1159 1257 1271 1310 εἴτε
1320 1255 1532 1324 βιαίως,
1566 1256 1642 1326 τῷ
1687 1272 1826 1324 πορ·

248 1341 516 1392 νευόντων
571 1343 831 1414 ἐπιτιμίῳ
883 1345 910 1396 6
951 1345 1189 1414 φθορεῦς
1249 1346 1624 1408 ὑποκείσεται,
1681 1347 1824 1414 ὅπερ

241 1429 572 1495 τετραετίαν
601 1427 739 1483 εἶναι
771 1434 797 1482 6
835 1431 1015 1485 κανὼν
1055 1434 1247 1503 ὁρίζευ
1305 1435 1400 1486 καὶ
1441 1434 1567 1504 ἑξῆς
1595 1435 1826 1488 καταλέ-

242 1530 340 1583 γει
371 1520 515 1580 ὅπως
548 1523 604 1572 ὲν
652 1525 716 1589 τῇ
757 1525 1048 1592 τετραετία.
1079 1526 1106 1575 6
1135 1525 1467 1594 ἁμαρτήσας
1531 1526 1824 1594 οἰκονομη-

247 1609 505 1676 θήσεται.
571 1611 754 1664 Ταῦτα
825 1614 922 1682 μὲν
963 1610 1054 1667 οῦν
1088 1615 1116 1664 6
1148 1616 1348 1667 κανών·
1387 1617 1414 1668 6
1441 1616 1497 1668 δὲ
1551 1617 1824 1682 πολιτικὸς

242 1697 419 1766 νόμος
451 1700 788 1770 σφοδρότατα
817 1705 1062 1768 κολάζων
1090 1707 1179 1758 τον
1208 1706 1534 1775 ἁρπάσαντα
1565 1711 1820 1773 γυναῖκα,

242 1789 374 1842 οὐδὲ
402 1789 805 1858 συζεύγνυσθαι
831 1796 979 1865 αύτῷ
1016 1800 1116 1867 τὴν
1165 1799 1515 1866 ἁρπαγεῖσαν
1565 1817 1825 1869 παραχω-

1933 630 2294 691 necessarius,
2331 645 2431 683 non
2470 643 2645 684 tamen
2695 632 2951 688 adversus
2985 645 3188 702 patrem
3243 637 3330 700 qui
3380 651 3496 688 cam

1933 715 1984 768 in
2019 728 2284 785 potestate
2314 721 2492 775 habet.
2528 721 2670 775 Patri
2702 737 2931 791 namque
2962 724 3234 779 adversari
3275 725 3500 778 minime

1932 816 2127 875 putest,
2158 810 2258 862 nisi
2295 809 2431 864 forte
2477 813 2903 866 contaminatum
2962 816 3202 869 moribus
3251 825 3303 868 ct
3353 810 3498 868 indi-

1930 912 2091 966 gnum
2127 900 2222 967 ipsi
2259 886 2607 971 despondeat,
2641 912 2697 956 ut
2732 904 2978 957 civilibus
3013 907 3498 960 constitutionibus

1929 990 2198 1045 sancitum
2253 1005 2356 1047 est.
2428 993 2576 1059 Quod
2635 994 2678 1049 si
2730 1011 2834 1049 non
2894 997 3222 1051 assentiatur
3284 998 3493 1059 mulier,

1929 1084 2137 1136 etiamsi
2165 1085 2330 1153 ipsius
2359 1089 2570 1153 cognati
2602 1087 2942 1150 velint,ltaud
2965 1090 3258 1142 consistent
3277 1090 3495 1157 nuptiae.

1925 1170 2187 1228 therum
2219 1176 2460 1243 quamvis
2493 1186 2546 1230 et
2581 1177 2692 1244 ipsa
2747 1177 2940 1230 mulier
2969 1187 3020 1231 et
3075 1179 3242 1246 ipsius
3287 1180 3495 1247 cognati

1927 1267 2226 1321 oonsiStcre
2263 1271 2660 1324 matrimonium
2694 1279 2816 1325 cum
2869 1286 2934 1325 eo
2969 1272 3135 1325 velint
3185 1273 3270 1337 qui
3327 1275 3495 1336 ipsam

1927 1356 2041 1410 sive
2074 1358 2302 1422 occulte,
2339 1361 2452 1414 sive
2487 1377 2580 1429 per
2632 1363 2735 1413 vim
2791 1363 3053 1427 corrupit,
3107 1361 3496 1415 fornicatornm

1926 1449 2102 1520 pmnis
2129 1450 2229 1503 erit
2267 1463 2552 1517 corruptor
2587 1451 2875 1509 obnoxius,
2911 1467 3043 1518 quas
3095 1453 3157 1503 ad
3207 1453 3496 1518 quadrien-

1929 1542 2072 1594 nium
2111 1540 2330 1606 produci
2370 1556 2544 1594 canon
2572 1541 2858 1595 ticCcl‘ltIl:
2914 1560 2976 1597 ac
3029 1544 3301 1609 deinceps,
3361 1559 3498 1610 quo-

1926 1648 2052 1687 nam
2084 1632 2240 1685 modo
2291 1633 2392 1686 hoc
2438 1634 2795 1698 quadriennio
2845 1651 2963 1686 a'ttnt
2997 1650 3060 1686 (ιο
3114 1635 3200 1701 qui
3250 1635 3495 1703 procas-it

1927 1724 2185 1792 agendum
2238 1723 2327 1787 sit,
2363 1723 2615 1791 explicat.
2671 1730 2846 1790 Atque
2900 1727 3008 1779 lucc
3058 1726 3273 1792 quidem
3324 1741 3494 1776 canon

1927 1815 2132 1867 statuit.
2166 1812 2272 1866 Lex
2309 1829 2471 1882 porro
2503 1815 2676 1868 civilis
2707 1828 2974 1882 raptorem
3011 1816 3248 1866 nmlicris
3281 1816 3497 1882 gravius

245 1884 360 1950 ρετ,
401 1882 504 1935 xiv
545 1885 592 1936 οί
639 1885 777 1955 αὐτῇ
835 1889 1208 1957 προσήκοντες
1264 1889 1426 1942 τοῦτο
1498 1890 1816 1960 βούλωνται.

1924 1905 2176 1972 puniens.
2214 1920 2278 1958 ne
2305 1907 2452 1975 jungi
2505 1907 2718 1973 quidem
2756 1907 2854 1973 ipsi
2907 1906 3252 1959 matrimonio
3291 1915 3494 1974 raptam

240 1974 417 2038 Λέγει
461 1975 569 2044 γὰρ
627 1975 827 2044 βιϐλίον
880 1976 942 2044 ξ’,
977 1979 1141 2048 τίτλῳ
1185 1978 1252 2044 ν’,
1286 1997 1406 2049 κε’ρ.
1462 1989 1548 2051 η’·
1597 1984 1688 2050 Μὴ
1724 2001 1822 2051 γαο

246 2064 465 2130 μείσοω
497 2068 528 2135 ἡ
559 2067 873 2134 ἁρπαγεῖσα
897 2069 975 2138 τῷ
1006 2072 1318 2139 ἁρπάσαντι
1345 2071 1536 2143 αὐτὴν,
1569 2074 1704 2128 ἀλλὰ
1729 2079 1822 2130 καὶ

243 2157 298 2207 εί
337 2157 713 2211 συναινὲσουσι
770 2160 848 2223 τῷ
898 2161 1126 2234 τοιούτῳ
1178 2167 1502 2238 συνοικεσίῳ
1548 2170 1595 2220 οἱ
1647 2171 1821 2235 γονεῖς

242 2245 442 2316 αὐτῆς,
472 2250 893 2321 περιορίζονται.

320 2435 545 2490 ΔΡΙΣΤ.
587 2438 647 2492 '0
698 2440 1136 2508 μνηστευθεῖσαν
1185 2442 1474 2510 ἁρπάζων,
1538 2440 1822 2493 ἀποκατα-

243 2526 443 2589 στήσει
478 2525 553 2592 τῷ
577 2531 1070 2601 μνηστευσαμὲνῳ·
1104 2534 1152 2586 εἰ
1177 2531 1235 2584 δι
1257 2531 1656 2601 άμνήστευτον,
1707 2532 1820 2593 τοῖς

241 2618 473 2681 οἰκείοις
499 2623 925 2691 ἑγκαταστήσειο
957 2628 1055 2676 καὶ
1093 2623 1236 2679 κατὰ
1265 2623 1365 2694 τὴν
1394 2623 1622 2676 ἐκείνων
1673 2623 1818 2689 γνὼ-

245 2727 366 2778 μην
399 2711 734 2781 προϐήσεται
765 2712 834 2765 τά
889 2713 1226 2776 συνοικέσια,
1259 2714 1372 2782 είγε
1414 2713 1710 2785 βούλοιντο.
1761 2713 1820 2765 '0

242 2803 300 2854 es
326 2801 389 2854 τδ
413 2803 507 2870 τῆς
536 2803 790 2872 πορνείας
819 2804 1092 2874 ἐπιτίμιον
1120 2804 1349 2858 εἴσεται.

329 2896 392 2945 ὐ
436 2895 536 2961 μὲν
576 2893 768 2963 παρὼν
797 2895 980 2948 κανὼν
1018 2895 1250 2949 άπαιτεῖ
1303 2897 1401 2966 τὴν
1463 2899 1630 2966 μήπω
1669 2914 1820 2966 -μνηο

243 2985 572 3038 στευθείσαν
616 2989 853 3053 γυναῖκα
884 2988 981 3038 καὶ
1033 2987 1187 3054 παρά
1246 3005 1396 3048 τινος
1445 2989 1812 3059 ἁρπαγεῖσαν,

237 3098 268 3133 τ
305 3085 359 3141 ῖς
387 3073 604 3143 ἃκείοις
629 3079 832 3149 ταύτην
883 3080 1274 3148 άπακαθιστᾷψ
1307 3080 1415 3132 εἴτε
1461 3083 1637 3147 γονεῖς
1677 3075 1814 3145 εἷεν,

1923 1996 2030 2048 tnul
2056 2012 2199 2050 esem
2230 1998 2381 2058 sinit.
2410 1997 2619 2052 etiamsi
2654 1998 2864 2065 cognati
2899 1998 3038 2050 illius
3062 1998 3164 2069 hac
3192 1997 3374 2049 velint.
3406 1997 3498 2050 Sic

1921 2087 2062 2139 enim
2098 2088 2324 2141 habetur
2349 2088 2384 2141 I.
2408 2103 2499 2150 t.v-,
2529 2088 2612 2142 tit.
2642 2087 2730 2150 50.
2757 2104 2876 2155 cap.
2911 2088 2944 2142 8
2975 2107 2986 2141 :
3027 2088 3184 2140 Nullo
3215 2089 3370 2141 modo
3399 2103 3497 2141 nu-

1926 2178 2014 2231 bat
2046 2187 2196 2246 rapta
2229 2177 2419 2230 tnnlier
2449 2179 2496 2232 ei
2547 2178 2634 2246 qui
2693 2179 2862 2244 ipsam
2915 2179 3112 2244 rapuit,
3169 2177 3263 2230 sed
3312 2177 3497 2231 irritas

1923 2284 2041 2322 esse
2076 2273 2286 2335 nuptias
2322 2272 2668 2339 quantumvis
2703 2273 2783 2326 cis
2832 2280 3086 2340 parentes
3139 2270 3346 2323 assensi
3382 2269 3500 2325 fuc-

1924 2358 2052 2418 εἰμι,
2081 2359 2254 2426 juhet.

1993 2449 2216 2504 ARIST.
2246 2449 2344 2516 Qui
2380 2451 2754 2519 desponsatam
2788 2452 2952 2520 rapit,
2981 2467 3178 2522 sponso
3201 2454 3448 2508 restituet
3475 2469 3491 2507 :

1920 2539 1965 2594 si
1995 2554 2123 2592 vero
2154 2554 2256 2593 non
2292 2540 2690 2609 desponsatam,
2718 2541 2830 2595 suis
2862 2542 3066 2606 reddet,
3122 2551 3177 2596 et
3205 2557 3272 2597 ex
3307 2557 3494 2618 eorum

1927 2632 2197 2685 sententia
2273 2633 2677 2686 matrimonium
2730 2635 3103 2699 contrahetur,
3155 2636 3200 2688 si
3273 2634 3494 2702 quidem

1921 2721 2086 2776 velint
2119 2737 2133 2775 :
2175 2722 2289 2790 ipse
2323 2737 2448 2776 vero
2477 2722 2854 2778 fornicationis
2887 2738 3077 2793 pmnas
3103 2725 3274 2778 dabit.

1990 2897 2234 2954 Prarsens
2266 2897 2480 2968 quidem
2513 2911 2684 2951 canon
2721 2896 2946 2966 requirit
2991 2906 3048 2952 ut
3098 2895 3294 2950 mulier
3356 2909 3496 2948 non-

1916 2991 2042 3045 dttm
2077 2993 2399 3059 desponsata
2430 2998 2482 3044 et
2511 3003 2540 3042 a
2572 2989 2826 3059 quopiam
2878 2997 3053 3055 rapta,
3103 2987 3215 3040 suis
3270 2986 3360 3040 illa
3401 3001 3485 3038 rc-

1917 3082 2191 3145 stituatur,
2253 3081 2370 3134 sive
2428 3091 2682 3150 parentes

2755 3081 2886 3145 sint,
2939 3079 3051 3132 sive
3108 3076 3326 3141 fratres,
3380 3077 3497 3132 sive

239 3172 360 3222 εἴτε
389 3170 628 3238 ἀδελφοὶ,
653 3169 761 3223 εἴτε
783 3169 957 3233 άλλως
986 3169 1074 3222 διὰ
1095 3170 1194 3238 τὴν
1226 3168 1496 3238 ὀρφανίαν
1523 3170 1690 3236 αὐτῆς
1719 3187 1816 3238 κη-

1924 3174 2078 3226 aliter
2108 3181 2325 3242 propter
2356 3171 2643 3226 orbitatem
2674 3170 2818 3224 illius
2851 3184 3033 3223 curam
3086 3178 3298 3238 gerunt.
3353 3167 3495 3222 Con-

237 3261 700 3330 δεμόνεςΔίδωσι
718 3261 773 3314 δὲ
800 3261 978 3323 αὐτοῖς
1001 3260 1185 3314 ἄδειαν
1202 3260 1410 3323 ἔκτοτε,
1436 3262 1486 3313 εί
1513 3260 1809 3331 βούλοιντο,

241 3353 388 3420 μετὰ
424 3351 516 3403 τοῦ
549 3350 894 3420 ἁρπάσαντος
953 3349 1120 3418 αὐτὴν
1180 3349 1356 3418 γάμον
1407 3348 1810 3406 συναλλάττειν,

250 3442 314 3495 ὐ
344 3441 401 3494 δὲ
465 3440 830 3507 πεντηκοστὸς
877 3441 1061 3508 δγδοος
1124 3439 1299 3502 τίτλος
1369 3440 1460 3491 τοῦ
1513 3438 1809 3506 ἑξηκοστοῦ

244 3531 455 3604 βιϐλίου
487 3532 593 3584 τῶν
629 3531 929 3583 Βασιλικῶν
963 3532 1023 3584 οὐ
1066 3534 1339 3600 συγχωρεῖ
1357 3533 1514 3584 τοῦτο
1539 3531 1806 3597 γίνεσθαι.

239 3622 356 3675 xiv
391 3622 421 3690 ή
463 3622 781 3688 ἁρπαγεῖσα
814 3621 944 3692 θέλῃ
993 3623 1150 3689 γυνὴ.
1183 3620 1286 3674 κᾶν
1318 3624 1365 3674 οί
1398 3626 1574 3688 γονεῖς
1623 3623 1812 3691 αὐτῆς,

235 3709 322 3776 τῷ
358 3710 663 3779 ἁρπάσαντι
721 3711 1059 3780 συναφθῆναι
1115 3710 1255 3780 πρὸς
1308 3712 1508 3779 γάμον,
1541 3712 1676 3766 ἀλλὰ
1723 3715 1816 3766 καὶ

238 3800 573 3869 προστάττει
618 3801 1026 3872 περιορίζεσθαι
1071 3802 1194 3865 τοὺς
1259 3806 1460 3870 γονεῖςι
1481 3803 1557 3872 τῷ
1593 3805 1816 3871 τοιούτῳ

240 3891 626 3956 συναινοῦντας
705 3893 1047 3961 συνοικεσίῳ.
1104 3893 1165 3946 '0
1208 3894 1263 3946 δὲ
1324 3895 1704 3963 ἐννενηκοστδς
1750 3898 1814 3967 δὴ

239 3986 429 4038 κανὼν
461 3985 557 4052 τῆς
592 3987 650 4036 ὲν
676 3985 751 4049 τῷ
784 3984 1038 4055 Τρούλλῳ
1065 3985 1230 4053 ἕκτης
1269 3988 1482 4039 συνόδου
1512 3988 1815 4056 ἁναΟέματι

237 4076 338 4129 τὸν
383 4076 566 4130 λαῖκδν
598 4075 890 4128 ὑποϐάλλει
921 4079 1157 4141 γυναῖκα
1194 4077 1510 4146 ἁρπάζοντα
1568 4079 1662 4131 ἐπὶ
1701 4080 1790 4132 ὀνό

243 4185 384 4238 ματι
451 4168 808 4221 συνοικεσίου.
857 4169 968 4221 Καὶ
1026 4167 1134 4236 χρὴ
1185 4168 1425 4221 νοεῖσθαι
1477 4171 1569 4222 τὸν
1613 4174 1818 4226 κανύνα

238 4260 453 4311 ἐκεῖνον
509 4259 649 4310 κατὰ
697 4258 795 4326 τὴν
853 4255 1082 4325 δύναμιν
1113 4256 1207 4309 τοῦ
1261 4258 1524 4326 παρέντος
1573 4265 1816 4333 κανόνοςο

241 4351 577 4419 προστάττει
607 4348 715 4416 γάρ
754 4349 847 4400 καὶ
901 4340 1057 4409 οὗτος
1097 4347 1172 4417 μὴ
1212 4349 1478 4415 πρότερον
1501 4352 1563 4416 τῇ
1619 4351 1819 4419 ἐκκλη-

239 4445 338 4512 σία
358 4440 756 4510 παραδέχεσθαι
777 4439 865 4491 τὸν
884 4437 942 4502 ἐξ
964 4439 1222 4508 ἁρπαγῆς
1241 4441 1476 4506 γυναῖκα
1497 4439 1817 4508 κατέχοντα,

1920 3266 2065 3319 cedit
2098 3274 2278 3318 autem
2312 3263 2390 3316 eis
2421 3262 2690 3318 licentiam
2724 3269 2784 3316 ut
2828 3262 2870 3315 si
2905 3261 3068 3314 velint
3099 3260 3184 3313 illa
3231 3274 3351 3312 cum
3406 3273 3495 3310 ra-

1921 3366 2070 3426 ptore
2101 3357 2496 3408 matrimonium
2519 3365 2645 3408 tunc
2680 3353 2985 3406 contrahat.
3018 3353 3083 3404 At
3109 3351 3413 3418 quinanvge
3447 3350 3495 3400 i-

1921 3465 2038 3503 mus
2078 3461 2302 3503 oetavus
2354 3447 2539 3500 titulus
2591 3444 2912 3514 sciagesinzi
2973 3443 3089 3495 lihri
3141 3441 3490 3494 Basilicottmt

1922 3545 2048 3596 illud
2082 3541 2196 3596 fieri
2237 3556 2341 3593 non
2382 3538 2660 3609 permittit,
2711 3539 2838 3592 licet
2893 3537 3088 3589 trulier
3138 3543 3283 3601 rapta
3345 3530 3492 3594 velit,

1922 3635 2043 3688 licet
2076 3639 2130 3686 et
2162 3641 2413 3700 parentes
2441 3629 2559 3697 ejus
2589 3639 2644 3682 ut
2701 3627 2909 3695 raptori
2964 3624 3315 3677 tttalrimonio
3351 3638 3490 3675 con-

1920 3727 2195 3795 jungatur.
2229 3720 2332 3773 Sed
2362 3730 2413 3773 et
2451 3719 2668 3772 mandat
2701 3727 2952 3785 parentes
3003 3715 3302 3768 istiusmodi
3363 3728 3494 3766 cou-

1923 3813 2234 3866 sentientcs-
2276 3808 2620 3863 matrimonio
2669 3804 3042 3860 exterminari.
3095 3805 3159 3857 At
3208 3818 3378 3856 canon
3422 3802 3494 3854 95

1922 3915 2086 3958 sexta:
2107 3903 2156 3954 in
2189 3901 2373 3953 'l‘rnllo
2406 3898 2596 3970 synodi
2629 3897 2826 3950 laicum
2869 3896 3146 3949 mulierem
3188 3895 3487 3960 rapientem

1926 3995 2023 4047 snh
2081 3990 2406 4044 matrimonii
2465 3988 2701 4052 nomine,
2759 3983 3086 4038 anathemati
3137 3982 3386 4051 subiicit;
3437 3991 3491 4034 et

1923 4081 2145 4150 intelligi
2177 4081 2337 4134 istum
2374 4086 2588 4146 oportet
2640 4089 2901 4129 canonem
2933 4073 3084 4140 juxta
3121 4072 3221 4122 vim
3256 4083 3488 4138 praesen-

1926 4177 1993 4230 tis
2026 4175 2265 4228 canonis.
2303 4172 2515 4231 Maudat
2547 4169 2688 4223 enim
2725 4176 2775 4222 et
2810 4165 2893 4220 hic
2929 4179 3052 4219 eum
3099 4162 3282 4230 quies
3337 4169 3488 4225 raptu

1923 4264 2161 4334 possedit
2199 4260 2497 4324 mulierem,
2534 4271 2639 4311 non
2672 4254 2824 4321 prius
2857 4255 2908 4307 in
2944 4253 3224 4307 cer-lesiam
3257 4249 3488 4310 admitti.

1927 4370 2084 4423 quam
2112 4353 2280 4412 illam,
2309 4352 2351 4403 si
2388 4352 2649 4415 desponsa
2705 4345 2824 4406 fuit.
2878 4358 2975 4397 suo
3008 4358 3202 4412 sponso
3234 4342 3488 4406 restituit,

1927 4455 2014 4497 aut
2051 4446 2090 4496 si
2124 4459 2231 4495 non
2260 4445 2536 4518 .desponsa
2570 4438 2691 4502 fuit,
2721 4436 2955 4506 propriis
2986 4435 3151 4505 ipsius
3183 4434 3491 4502 parentibus

245 4535 386 4603 πρὶν
441 4533 676 4603 ἢιιῦτὴν
729 4531 1219 4601 μεμνηστευμίνην
1263 4527 1428 4583 οὖσαν
1492 4531 1568 4600 τῷ
1626 4533 1815 4601 οἰκείῳ

1924 4547 2016 4591 aut
2051 4536 2305 4588 fratribus
2328 4533 2409 4585 vel
2441 4532 2594 4583 aliter
2623 4530 2671 4582 ei
2704 4527 2998 4596 prefectis.
3029 4527 3312 4594 Postquam
3344 4522 3489 4574 enim

244 4627 521 4697 μνηστῆρι
577 4623 1027 4692 ἀποκαταστήσῃ·
1091 4621 1466 4690 ἀμνήστευτον
1494 4622 1549 4674 δὲ
1593 4625 1704 4685 τοῖς
1734 4623 1813 4675 οί-

240 4719 417 4779 κείοις
461 4717 627 4783 αὐτῆς
673 4714 924 4781 γονεῦσιν
957 4714 990 4781 ἢ
1052 4713 1320 4782 ἀδελφοῖς,
1357 4714 1388 4784 ἢ
1429 4714 1602 4774 άλλως
1654 4731 1814 4783 προε-

241 4808 414 4862 στῶσι
437 4825 451 4838 ·
490 4808 628 4876 μετὰ
661 4806 768 4876 γὰρ
793 4806 854 4860 τι,
879 4807 1323 4874 ἀποκαταστῆσαι
1356 4806 1524 4876 αὐτὴν
1563 4810 1589 4860 ὁ
1617 4808 1815 4859 ἀναθε-

243 4900 519 4969 ματισμὸς
548 4899 731 4968 χώραν
763 4899 858 4968 οὺχ
879 4897 1011 4962 ἕξει.
1037 4899 1140 4950 Τὸν
1173 4901 1353 4967 μέντοι
1389 4898 1494 4968 πρὸ
1520 4897 1613 4962 τοῦ
1635 4899 1813 4965 γάμου

240 4990 582 5061 λαθραίωςῆ
614 4989 705 5061 βίᾳ
741 4989 1128 5059 διαφθείραντα
1183 4990 1434 5056 γυναῖκα,
1478 4984 1597 5042 εἶτα
1653 4990 1810 5058 νομί-

247 5102 367 5151 μως
421 5080 760 5150 συναφθέντα
817 5081 977 5150 αὐτῇ,
1042 5081 1253 5148 ἀνάγκη
1282 5079 1341 5133 τὸ
1401 5080 1495 5146 τῆς
1550 5081 1806 5149 πορνείας

242 5175 545 5241 ἐπιγνῶναι
602 5173 894 5241 ἀπιτίμιον,
946 5173 1005 5224 ἐν
1038 5172 1330 5240 τέσσαρσιν
1389 5172 1672 5232 ἐνιαυτοῖς.
1722 5173 1810 5224 ‘Ev

241 5269 324 5323 ἑνὶ
360 5267 458 5334 μὲν
490 5267 554 5334 τῇ
620 5263 763 5333 θύρᾳ
809 5264 906 5334 τῆς
953 5262 1250 5331 ἐκκλησίας
1305 5263 1722 5332 προσκλαίοντα,
1753 5266 1808 5316 ὲν

240 5357 322 5427 τῷ
378 5355 614 5425 δευτέρῳ
651 5356 790 5424 μετὰ
848 5354 955 5407 τῶν
992 5354 1378 5422 ἀκροωμένων,
1412 5357 1471 5406 ἐν
1518 5354 1597 5424 τῷ
1635 5354 1802 5424 τρίτῳ

1919 4627 2058 4680 illaut
2087 4625 2342 4684 restituit,
2379 4620 2863 4675 anathematismus
2901 4619 3075 4672 locum
3103 4631 3205 4668 non
3241 4613 3484 4668 habebit.

1914 4718 2080 4772 Istum
2113 4727 2294 4770 autem
2330 4714 2418 4784 qui
2474 4722 2598 4765 ante
2664 4709 3063 4764 matrimonium
3115 4707 3252 4760 clam
3311 4713 3404 4757 aut
3437 4703 3487 4756 vi

1917 4809 2196 4863 mulierem
2233 4806 2471 4872 corrupit
2501 4814 2554 4856 et
2583 4812 2763 4871 postea
2827 4803 2874 4856 ei
2909 4800 3141 4866 legitime
3174 4795 3488 4864 conjunctus

1917 4913 2021 4961 est.
2060 4899 2431 4954 fornicationis
2465 4911 2651 4964 pmnas
2689 4895 2800 4947 luat
2855 4906 3078 4946 necesse
3123 4898 3227 4951 cst,
3259 4897 3483 4955 quatuor

1915 4993 2020 5062 81
2053 4992 2228 5044 annis.
2260 4989 2443 5042 Primo
2471 4988 2681 5054 quidem
2713 4984 2777 5037 ad
2813 4981 3052 5037 ecclesiae
3081 4980 3225 5035 fores
3271 4977 3485 5040 dcﬂca',

1921 5083 2158 5137 secundo
2204 5097 2324 5132 cum
2384 5079 2729 5131 audientibus
2779 5073 3086 5140 recipiatur,
3147 5070 3307 5123 tertio
3360 5084 3482 5122 Cum

1919 5173 2232 5234 Substratis,
2266 5181 2317 5223 et
2348 5183 2562 5238 quarm,
2595 5182 2714 5220 cum
2747 5163 2992 5217 fidelibus
3045 5171 3399 5228 congrcgatm
3429 5168 3484 5212 ct

1916 5279 2034 5318 cum
2069 5264 2133 5316 iis
2160 5275 2374 5329 precum
2411 5259 2479 5312 sit
2509 5257 2797 5326 particeps.
2833 5254 2896 5308 Et
2929 5254 3006 5307 sic
3038 5264 3151 5322 post
3189 5253 3483 5321 quadrien-

1926 5355 2079 5408 nium
2114 5352 2240 5406 boni
2273 5349 2650 5404 communione
2681 5346 2871 5414 tigntts
2908 5345 3184 5398 habeatur.

244 5446 387 5518 μετὰ
427 5446 534 5499 τῶν
568 5445 1006 5508 ὑποπιπτόντων,
1033 5443 1129 5496 καὶ
1162 5444 1218 5496 ὲν
1259 5443 1337 5513 τῷ
1381 5441 1624 5514 τετᾶρτῳ
1662 5445 2052 5511 συνιστάμενον
2094 5441 2232 5512 μετὰ
2295 5440 2401 5492 τῶν
2461 5438 2687 5499 πιστῶν,
2739 5437 2831 5488 καὶ
2878 5435 2985 5486 τῶν
3063 5434 3237 5501 εὐχῶν
3296 5431 3479 5492 αὐτοῖς

243 5539 607 5596 κοινωνοῦντα
638 5539 730 5592 καὶ
758 5539 898 5592 οῦτω
930 5537 1063 5606 μετὰ
1084 5539 1181 5606 τὴν
1215 5541 1535 5608 τετραετίαν
1579 5540 1676 5608 τῆς
1705 5540 1800 5593 τοῦ
1830 5540 2037 5608 ἀγαθοῦ
2074 5535 2360 5598 κοινωνίας
2398 5533 2744 5603 ἀξιούμενον.

876 5629 1109 5682 ΚΔΝΩΝ
1138 5628 1262 5684 ΚΓ’.

244 5723 384 5786 Περὶ
409 5721 516 5773 τῶν
544 5719 637 5772 δύο
671 5720 906 5786 ἀδελφάς
940 5718 1284 5788 γαμούντων,
1342 5722 1372 5789 ἦ
1404 5722 1651 5789 ἀδελφοῖς
1684 5723 1801 5777 δυσὶ

319 5812 700 5880 γαμουμένων,
741 5809 1093 5864 ἐπισιολίδιον
1145 5813 1275 5880 ἡμῖν
1316 5815 1699 5881 amotum-.2:
1737 5811 1796 5870 οῦ

2465 5622 2690 5679 CANUN
2726 5621 2907 5677 XXIII.

1913 5725 1986 5778 Dc
2015 5724 2096 5777 his
2124 5732 2301 5774 autem
2349 5719 2437 5786 qui
2488 5720 2620 5771 duas
2665 5733 2877 5771 sorores
2910 5730 3105 5768 uxores
3136 5715 3354 5773 tIItt'tlnl,
3391 5711 3469 5764 vel

1978 5813 2055 5866 eis
2085 5826 2198 5880 qua:
2230 5808 2434 5863 duobus
2459 5808 2708 5862 fratribus
2737 5807 2960 5867 nubunt,
2986 5819 3012 5855 a
3041 5802 3195 5856 nobis
3228 5801 3367 5856 cdita
3388 5809 3471 5854 cst
