3998 6326
563 382 666 446 667

1789 382 2071 445 THEOD.
2118 381 2209 440 BA
2219 381 2350 440 LSA
2360 381 2518 442 ΜΘΝ

3690 386 3805 448 668

627 496 872 566 epistola,
923 499 1076 565 cujus
1133 499 1437 571 exemplum
1482 510 1586 557 tum
1636 500 1827 573 pietati
1866 502 2119 558 misimus.

2308 500 2369 552 τὸ
2402 501 2738 571 ἀντίγραφον
2764 501 3169 574 ἀπεστείλαμέν
3204 520 3295 558 σου
3328 508 3391 577 τῇ
3454 506 3711 577 εὐλαϐείᾳ
3733 523 3751 536 ο
3788 509 3821 559 6

631 589 731 650 Qui
772 598 951 642 autem
980 589 1060 643 sui
1109 589 1297 645 fratris
1331 607 1554 647 uxorem
1590 600 1817 667 accepit,
1851 614 1954 652 non
1986 597 2134 667 prius

632 681 947 733 admittetur
986 697 1147 751 quam
1184 684 1250 737 ab
1283 700 1343 739 ea
1382 690 1689 745 recesserit.

632 770 711 821 ΒΑ
724 769 819 825 LS.
856 770 1097 827 lncestus
1127 790 1343 844 quoque
1377 789 1673 844 peccatum,
1699 790 1817 848 post
1847 783 2131 837 decessum

559 878 585 914 ιι
622 863 782 929 malo,
817 864 956 917 sicut
987 875 1037 918 et
1066 865 1167 919 alia
1220 882 1465 934 peccata,
1510 871 1577 926 ab
1609 873 1969 929 ecclesiastica
2005 889 2116 928 me-

559 957 733 1009 dicina
766 960 1067 1013 curabitur.
1104 959 1470 1031 Interrogatus
1499 979 1626 1034 ergo
1648 976 1887 1031 sanctus,
1915 967 2042 1036 quid
2070 968 2134 1022 iis

562 1044 674 1097 fleri
711 1056 951 1111 oporteat
974 1049 1060 1116 qui
1094 1066 1211 1103 cum
1237 1052 1446 1106 duabus
1473 1056 1748 1109 sororibus
1774 1072 1882 1110 rem
1911 1058 2131 1118 habent,

557 1147 609 1189 et
641 1145 849 1203 contra,
880 1138 1012 1198 di\it
1060 1154 1117 1194 se
1170 1142 1234 1195 de
1288 1144 1351 1196 iis
1385 1146 1668 1211 scripsisse
1705 1147 1985 1214 epistolam
2017 1164 2028 1198 :
2067 1163 2130 1203 ea

556 1235 641 1278 est
671 1237 846 1280 autem
877 1244 1037 1296 quam
1067 1233 1283 1301 scripsit
1320 1237 1387 1287 ad
1420 1236 1729 1299 Diodorum,
1755 1248 1807 1291 et
1831 1237 1936 1293 illic
1953 1248 2134 1293 osten-

554 1315 698 1367 ditur
727 1318 851 1384 quid
888 1321 1173 1389 agendum.
1230 1324 1432 1378 Debent
1461 1339 1638 1381 autem
1672 1369 1685 1392 ,
1718 1330 1807 1397 qui
1852 1331 1953 1384 hoc
1986 1329 2133 1382 nefa-

559 1408 691 1457 rium
726 1411 1125 1465 matrimonium
1163 1428 1549 1470 contraxerunt
1576 1458 1590 1479 .
1623 1436 1652 1472 a
1688 1420 1824 1474 malo
1858 1424 2127 1484 recedere,

554 1508 606 1552 et
633 1502 702 1552 ita
738 1502 802 1554 de
833 1505 1117 1559 curatione
1164 1509 1454 1562 sciscitari.
1489 1510 1629 1580 Lege
1670 1529 1795 1581 ergo
1839 1515 2122 1581 epistolam

554 1592 618 1644 ad
659 1591 973 1653 Diodorum.
1004 1608 1053 1648 et
1086 1614 1201 1652 (tum
1239 1601 1288 1653 in
1321 1617 1383 1655 ea
1430 1614 1586 1664 sunt.
1638 1616 1690 1659 et
1730 1621 1849 1672 cap.
1882 1607 1915 1660 2
1949 1609 2027 1662 tit.
2063 1609 2127 1664 l3

555 1685 839 1750 prresentis
875 1687 1080 1754 operis.

2310 590 2367 643 es
2390 591 2621 661 ἀδελφοῦ
2650 593 2783 645 ίδίου
2813 598 3047 661 γυναῖκα
3074 596 3275 665 λαϐὼν,
3308 599 3368 651 οὐ
3401 598 3670 670 πρότερον
3690 599 3823 669 δεχ-

2307 680 2530 750 θήσεται
2564 683 2691 751 πρὶν
2704 684 3026 755 ἀποστῆναι.

2310 772 2508 825 ΒΑΛΣ.
2551 774 2662 825 Καὶ
2699 775 2760 826 τὸ
2811 776 2910 843 τῆς
2949 777 3271 847 αἱμομιξίας
3329 778 3637 849 ἁμάρτημα
3670 778 3817 847 μετα

2235 862 2534 915 ἀπόστασιν
2551 864 2642 917 τοῦ
2663 866 2832 920 κακοῦ
2848 867 2952 921 ὑπὸ
2969 870 3067 935 τῆς
3081 870 3545 939 ὲκκλησιαστικῆς
3565 872 3817 942 ἰατρείας

2236 951 2624 1023 θεραπεύεται,
2660 956 2852 1029 ὥσπερ
2887 960 3146 1014 καὶᾘλλα
3173 962 3579 1031 ἁμαρτήματα·
3599 964 3819 1032 ἐρωτη-

2235 1042 2348 1107 θεὶς
2377 1044 2470 1097 οὖν
2515 1049 2544 1100 6
2575 1048 2753 1115 ἆγιος,
2784 1051 2834 1102 τί
2864 1051 2970 1123 χρὴ
2992 1053 3242 1120 γίνεσθαι
3291 1054 3373 1119 είς
3401 1055 3526 1119 τοὺς
3557 1056 3815 1125 συμῳθαο

2237 1140 2427 1210 ρέντας
2460 1141 2613 1193 δυσὶν
2650 1142 2927 1212 ἀδελφαῖς,
2980 1145 3159 1199 καὶτὸ
3204 1148 3493 1208 ἀνάπαλιν.
3520 1143 3676 1201 εἶπεν
3731 1149 3818 1210 ὡς

2235 1233 2372 1300 Περὶ
2417 1234 2527 1286 τῶν
2578 1235 2839 1289 τοιούτων
2888 1237 3104 1309 ἔγραψα
3159 1239 3544 1295 ἑπιστολίδιονο
3575 1240 3695 1295 [στι
3751 1242 3819 1293 δὲ

2232 1324 2393 1377 τοῦτο
2436 1325 2497 1380 τὸ
2528 1326 2665 1395 πρὸς
2697 1327 2986 1399 Διόδωρον,
3034 1332 3129 1384 καὶ
3186 1332 3395 1385 ἐκεῖθεν
3437 1332 3691 1402 δηλοῦται
3745 1334 3818 1385 τὸ

2232 1416 2508 1481 ποιητέον.
2564 1416 2713 1479 Τέως
2753 1416 2810 1470 δὲ
2870 1418 3180 1486 ὀφείλουσιν
3225 1421 3275 1473 oi
3328 1420 3562 1474 τοιοῦτον
3620 1423 3817 1493 γάμον

2236 1504 2494 1574 ἀθέμιτον
2528 1508 2964 1574 συναλλάξαντες
2988 1513 3289 1583 ἀποστῆναι
3323 1512 3418 1565 τοῦ
3466 1512 3663 1576 κακοῦ,
3710 1514 3817 1565 καὶ

2241 1596 2417 1661 οὕτως
2448 1601 2661 1671 ἐρωτᾷν
2689 1602 2757 1653 τὰ
2811 1602 2943 1672 περὶ⁵
3003 1605 3103 1673 τῆς
3142 1605 3461 1675 θεραπείας.
3504 1604 3817 1671 Ἀνάγνωθι

2237 1688 2329 1741 οῦν
2352 1691 2448 1759 τὴν
2469 1692 2604 1761 πρὸς
2629 1692 2891 1761 Διόδωρον
2916 1694 3226 1765 ίπιστολὴν,
3248 1694 3341 1748 καὶ
3360 1695 3426 1747 τὰ
3456 1696 3509 1747 ὲν
3527 1695 3690 1767 αὐτῇ,
3714 1697 3817 1748 καὶ

2232 1780 2291 1831 τὸ
2318 1778 2361 1849 β’
2389 1797 2514 1847 κεφ.
2554 1782 2646 1835 τοῦ
2674 1790 2743 1851 ιγ’
2772 1784 2950 1837 τίτλου
2975 1782 3067 1836 τοῦ
3101 1785 3369 1853 παρόντος
3408 1786 3815 1857 συντάγματος.

626 1832 877 1892 ΖΟΝΛΒ.
918 1840 1232 1909 Epistolium
1263 1886 1276 1909 ,
1308 1845 1373 1899 de
1409 1863 1512 1914 quo
1544 1848 1631 1902 hic
1668 1860 1888 1907 sanctus
1930 1856 2119 1910 memi-

2303 1832 3077 1941 νέπιστολίδιον,
3108 1877 3136 1931 ὃ
3184 1832 3336 1945 λέγει
3364 1879 3394 1930 6
3440 1832 3819 1949 hirtos—1:95;

553 1927 654 1987 t-it.
685 1930 902 1984 missum
934 1950 1013 1989 esr
1043 1938 1108 1988 ad
1147 1936 1456 2003 Diodorum,
1493 1958 1596 2010 quo
1627 1959 1747 1997 cum
1779 1962 1915 2000 uxor
1940 1952 2123 2019 cujus-

551 2021 673 2070 i'am
702 2019 839 2073 diem
868 2039 1027 2077 suum
1060 2029 1283 2083 obiisset
1311 2072 1323 2095 ,
1360 2031 1502 2086 illius
1538 2050 1778 2090 sororem
1810 2041 1875 2092 ab
1910 2040 2026 2107 ipso
2067 2043 2121 2096 in

554 2113 859 2172 nuptiarum
894 2120 1208 2173 societatem
1241 2127 1583 2190 superiuduci
1612 2140 1751 2183 velut
1779 2170 1793 2194 ,
1834 2133 2122 2204 multisque

550 2210 603 2253 et
634 2204 885 2269 gravibus
923 2209 1221 2265 rationibus
1257 2228 1365 2267 rem
1398 2218 1697 2274 confirmat.
1732 2222 1876 2287 Quod
1902 2226 2120 2293 quidem

552 2305 649 2343 nos
679 2308 774 2346 suo
811 2293 925 2347 loco
956 2297 1367 2364 explicabimus.
1398 2305 1497 2369 Qui
1538 2307 1699 2363 etiam
1753 2311 1933 2369 fratris
1981 2332 2120 2371 uxo-

549 2397 662 2437 rem
695 2387 864 2447 duxit,
897 2388 1035 2443 Illius
1070 2408 1258 2457 nempe
1309 2399 1398 2464 qui
1448 2399 1558 2452 vita
1615 2405 1827 2457 functus
1862 2417 1963 2468 est,
2011 2425 2118 2463 non

549 2476 864 2531 admittetur
892 2482 955 2532 ad
993 2496 1112 2548 pom
1141 2487 1361 2541 tentiam
1386 2529 1401 2550 .
1435 2490 1535 2545 nisi
1592 2492 1760 2560 ipsam
1814 2498 2117 2569 dimiserit,

550 2565 997 2638 “legitimumque
1031 2578 1359 2632 commbium
1392 2582 1630 2638 solverit.

620 2657 847 2713 AltlS'l‘.
888 2662 1130 2718 Fratrem
1165 2668 1347 2724 fratris
1381 2687 1599 2727 uxorem
1634 2676 1830 2733 ducere
1864 2681 2115 2746 impossi-

550 2748 655 2804 bile
683 2762 782 2808 esl.
812 2751 1152 2825 Perspicum.

1098 2849 1330 2906 CA'NON
1370 2852 1562 2911 XXIV.

550 2928 799 2992 Viduam.
838 2950 955 3002 qua:
978 2936 1029 2991 in
1063 2940 1340 2995 viduarqu
1373 2960 1653 3001 numerum
1694 2949 1857 3006 relata
1881 2963 1980 3017 est,
2016 2955 2119 3009 hoc

618 3033 721 3085 est.
768 3042 883 3088 qua:
916 3028 984 3081 ab
1016 3027 1251 3087 Ecclesia
1279 3037 1329 3085 in
1360 3034 1703 3093 diaconatum
1740 3055 1985 3113 suscepta
2014 3056 2115 3111 est.

617 3121 822 3171 rcnsu’t
853 3120 1138 3190 Apostolus
1182 3126 1470 3182 nubentem
1524 3146 1644 3186 esse
1681 3135 2107 3203 despiciendam.

619 3205 746 3260 Viro
772 3220 948 3264 autem
980 3214 1137 3269 viduo
1168 3216 1312 3269 nulla
1339 3230 1416 3273 est
1446 3219 1529 3274 lex
1559 3222 1833 3294 imposita,
1858 3230 1951 3281 sed
1976 3230 2116 3299 digno

618 3314 824 3354 tnorum
859 3319 1013 3372 paena
1065 3308 1155 3361 tali
1187 3308 1403 3363 sufficit.
1442 3311 1610 3367 Porro
1640 3317 1796 3369 vidua
1831 3321 2115 3389 sexngiuta

615 3403 782 3442 annos
818 3403 964 3457 nata,
996 3396 1041 3451 si
1091 3412 1277 3451 rursus
1312 3414 1433 3453 cum
1477 3402 1594 3456 viro
1642 3404 1887 3461 habitare
1937 3410 2117 3464 volueo

622 3482 711 3540 rit.
748 3483 871 3537 boni
901 3489 1280 3543 communione
1313 3505 1416 3547 non
1462 3493 1792 3562 dignabitur.
1841 3498 2019 3554 donec
2051 3502 2119 3556 ab

615 3575 941 3643 impuritatis
973 3583 1375 3647 perturbatione
1408 3589 1725 3643 cessaverit.
1780 3590 1883 3646 Sed
1914 3592 1958 3646 si
1985 3604 2112 3648 ante

622 3668 901 3733 sexaginta
936 3684 1108 3724 annos
1161 3688 1278 3725 eam
1319 3677 1369 3727 in
1418 3692 1702 3733 numerum
1752 3682 2118 3751 retulerimus,

617 3768 797 3813 nostra
824 3770 922 3823 est,
954 3779 1057 3818 non
1096 3767 1341 3822 mulieris
1375 3771 1556 3838 culpa.

616 3954 815 4013 BALS.
842 3957 1295 4022 Quemadmodum
1321 3966 1554 4035 virgines
1587 3970 1801 4028 feminae
1831 3991 1954 4030 eum
1984 3978 2119 4033 laico

550 4048 729 4098 habitu
791 4048 841 4101 in
902 4054 1146 4105 ecclesiis
1205 4056 1627 4124 eullocabautur,
1665 4074 1714 4117 et
1768 4080 1830 4119 ex
1880 4069 2119 4125 ecclesias

548 4140 810 4192 reditibus
838 4142 1119 4197 alebantur
1143 4187 1157 4211 ,
1187 4148 1256 4201 ita
1285 4159 1335 4203 et
1367 4151 1535 4205 vidum
1560 4170 1682 4207 cum
1709 4160 1896 4211 eodem
1932 4161 2116 4216 habitu

548 4229 953 4286 ordinauantur.
1014 4238 1147 4291 Dicit
1206 4256 1332 4310 ergo
1386 4258 1628 4307 sanctus.
1690 4252 1830 4316 quod
1888 4269 2116 4321 magnus

550 4321 746 4377 Paulus
781 4326 1081 4382 istiusmodi
1115 4334 1326 4387 viduam
1368 4337 1480 4391 sive
1511 4353 1649 4401 eam,
1685 4358 1803 4411 quae
1828 4354 2110 4415 postquam

548 4412 598 4463 in
634 4413 870 4468 Ecclesia
908 4421 1156 4473 ordinata
1193 4435 1274 4476 est
1299 4467 1311 4485 .
1352 4437 1588 4483 seetmdo
1637 4412 1858 4500 nupsit,
1909 4444 2115 4491 censuit

2231 1965 2494 2035 Διόδωρον
2530 1969 2833 2039 ἀπεστάλη,
2888 1968 3234 2040 ἀπαγορεῦον
3258 1971 3341 2033 τὸ.
3397 1970 3819 2041 τελευτησάσης

2230 2056 2333 2123 τῆς
2356 2058 2611 2123 γυναικός
2645 2075 2753 2111 τινι
2792 2059 2890 2129 τὴν
2919 2061 3152 2132 ἀδελφὴν
3178 2062 3347 2131 αὐτῆς
3376 2064 3455 2123 είς
3479 2062 3654 2130 γάμου
3688 2079 3811 2115 xos-

2230 2148 2425 2199 Vtuvfcw
2452 2147 2617 2200 αὐτὸν
2664 2150 2917 2217 ἄγεσθαι,
2956 2153 3052 2204 καὶ
3073 2154 3138 2205 ὲκ
3179 2152 3389 2206 πολλῶν
3416 2156 3508 2206 καὶ
3539 2154 3818 2221 γενναίων

2228 2236 2508 2305 λογισμῶν
2533 2238 2692 2293 τοῦτο
2721 2241 3178 2308 κατασκευάζων.
3220 2244 3401 2312 Ὅπερ
3427 2245 3484 2296 έν
3507 2243 3584 2314 τῷ
3610 2245 3816 2311 οἰκείῳ

2229 2328 2380 2397 τόπῳ
2421 2329 2847 2398 έξηγηθήσεται.
2892 2334 2989 2395 Ὃς
3021 2336 3113 2387 καὶ
3134 2333 3232 2402 τὴν
3260 2337 3494 2402 γυναῖκα
3514 2335 3605 2387 τοῦ
3643 2335 3817 2388 ἀδελ-

2230 2421 2330 2482 φοῦ
2361 2421 2568 2485 έλαῦεν,
2595 2423 2803 2476 ἐκείνου
2865 2425 3066 2495 δηλαδὴ
3104 2425 3554 2494 τελευτήσαντος,
3612 2427 3672 2478 οὐ
3719 2429 3813 2480 δε-

2228 2511 2490 2582 χθήσεται
2519 2513 2595 2575 ὡς
2646 2516 2945 2583 μετανοῶν,
2980 2519 3029 2569 εἰ
3068 2517 3142 2587 μὴ
3175 2516 3345 2588 αὐτὴν
3394 2518 3811 2588 ἀποπέμψεται,

2229 2604 2323 2656 καὶ
2356 2603 2507 2656 λύσει
2538 2605 2631 2657 τὸν
2663 2606 2905 2676 ἄθεσμον
2930 2608 3127 2677 γάμον.

2299 2689 2522 2745 ΔΡΙΣΤ.
2560 2691 2812 2761 ’Δδελφὺν
2837 2692 3068 2764 ἀδελφοῦ
3102 2699 3339 2763 γυναῖκα
3355 2697 3502 2767 ἔχειν
3520 2696 3810 2753 ἀδύνατον.

2228 2782 2455 2851 Xa?th-

2824 2879 3061 2932 ΚΑΝΩΝ
3093 2880 3217 2935 ΚΔ’.

2227 2966 2417 3036 Χήραν
2448 2967 2545 3039 τὴν
2566 2968 2959 3037 καταλεγεῖσαν
2982 2973 3061 3035 είς
3087 2972 3179 3025 τὸν
3208 2974 3443 3044 ἀριθμὸν
3464 2976 3575 3028 τῶν
3594 2976 3807 3046 χηρῶν,

2297 3059 2565 3123 τουτέστι,
2595 3060 2694 3130 τὴν
2726 3064 3148 3134 διακονουμένην
3170 3066 3274 3119 ὑπὸ
3309 3068 3408 3135 τῆς
3450 3067 3811 3138 Ἐκκλησίας,

2301 3151 2329 3202 6
2379 3152 2676 3216 ἀπόστολος
2726 3154 3083 3225 γαμουμένην
3134 3157 3503 3225 παρορᾶσθαι.
3537 3157 3719 3228 ’Δνδρὶ
3750 3160 3813 3211 δὲ

2298 3242 2628 3310 χηρεύσαντι
2661 3244 2840 3306 οὐδεὶς
2884 3246 3158 3301 ἐπίκειται
3221 3248 3407 3317 νόμος,
3460 3249 3578 3302 ἀλλ’
3619 3252 3812 3304 ἰκανὸν

2297 3336 2376 3402 τῷ
2405 3335 2634 3405 τοιούτῳ
2665 3337 2724 3389 τὸ
2762 3336 2871 3389 τῶν
2906 3337 3153 3408 διγὰμων
3174 3342 3470 3411 ἐπιτίμιον.
3518 3342 3585 3395 Ἦ
3612 3346 3809 3412 μέντοι

2295 3429 2439 3497 χήρα
2472 3428 2869 3501 ὲξηκονταετὴς
2908 3432 3181 3498 γεγονυῖα,
3234 3434 3330 3486 ἐὰν
3384 3433 3577 3504 ἕληται
3640 3438 3807 3489 πάλιν

2294 3518 2451 3588 ἀνδρὶ
2484 3522 2775 3584 συνοικεῖν,
2814 3522 2913 3575 οὐκ
2948 3521 3320 3591 ἀξιωθήσεται
3347 3522 3447 3593 τῆς
3475 3524 3569 3579 τοῦ
3590 3527 3810 3593 ἀγαθοῦ

2296 3613 2622 3675 κοινωνίας,
2655 3614 2758 3677 ἕως
2786 3614 2852 3668 ἂν
2902 3615 2997 3667 τοῦ
3045 3615 3252 3678 πάθους
3312 3616 3411 3685 τῆς
3454 3617 3810 3688 ἀκαθαρσίας

2299 3704 2582 3771 παύσηται
2605 3718 2617 3731 ⁸
2655 3705 2749 3757 ἐὰν
2805 3706 2989 3775 μέντοι
3021 3706 3126 3776 πρὸ
3155 3708 3423 3776 ἐξήκοντα
3469 3709 3609 3762 ὲτῶν
3642 3712 3809 3781 ἀριθ-

2298 3795 2565 3864 μήσωμεν
2603 3795 2793 3865 αὐτὴν,
2838 3798 3111 3867 ἡμέτερον
3168 3800 3229 3851 τὸ
3271 3800 3545 3872 ἔγκλημα,
3596 3803 3659 3854 ού
3703 3804 3805 3857 τοῦ

2299 3886 2541 3950 γυναίου.

2292 3974 2491 4027 ΒΑΛΣ.
2535 3976 2749 4044 Ὥσπερ
2781 3980 3070 4031 ἐτάττοντο
3115 3981 3378 4048 παρθένοι
3436 3985 3695 4048 γυναῖκες
3742 3985 3806 4036 ἐν

2221 4066 2341 4128 ταῖς
2358 4066 2679 4134 ἐκκλησίαις
2698 4069 2836 4136 μετὰ
2863 4069 3055 4123 λαῖκοῦ
3080 4072 3359 4140 σχήματος
3376 4077 3471 4126 καὶ
3501 4074 3806 4143 διῳκοῦντο

2221 4154 2331 4207 ἀπὸ
2363 4154 2474 4207 τῶν
2506 4157 2731 4209 εἰσόδων
2768 4158 2866 4227 τῆς
2903 4160 3218 4229 ἐκκλησίας,
3278 4160 3421 4214 οὕτω
3474 4164 3571 4216 καὶ
3623 4163 3803 4232 χίραι

2223 4246 2363 4316 μετὰ
2396 4251 2490 4299 τοῦ
2523 4249 2689 4301 αὐτοῦ
2717 4252 2995 4320 σχήματος
3029 4253 3449 4307 κατετὰττοντο.
3482 4256 3620 4325 Φησὶ
3658 4256 3799 4323 γοῦν

2220 4342 2247 4391 6
2284 4340 2440 4405 ἆγιος
2469 4341 2592 4403 ὠςό
2646 4343 2818 4411 μέγας
2868 4343 3079 4407 Παῦλος
3130 4345 3226 4413 τὴν
3279 4346 3534 4413 τοιαύτην
3594 4348 3801 4416 χήραν,

2219 4430 2389 4498 ήγουν
2451 4423 2579 4501 τὴν
2617 4433 2755 4500 μετὰ
2816 4434 2876 4485 τὸ
2930 4437 3306 4503 καταταγῆναι
3350 4439 3427 4501 είς
3469 4438 3805 4506 Ἐκκλησίαν

546 4517 637 4554 seu
670 4506 852 4558 ιίιιῐίιιὶι
877 4509 1101 4576 despici.
1140 4514 1236 4566 hoc
1262 4526 1338 4567 est
1368 4517 1435 4570 ab
1470 4518 1705 4575 Ecclesia
1737 4528 1950 4595 expelli;
1982 4538 2034 4583 et
2067 4532 2112 4585 si

2247 4526 2801 4591 ῐευτερογαμήσασαν,
2856 4526 3095 4595 ἔκρινεν,
3130 4528 3300 4596 ἠγουν
3343 4528 3511 4598 ὥρισε
3558 4533 3803 4600 παρορᾶ-

544 4593 656 4656 ipsa
694 4597 907 4663 quidem
935 4612 1056 4653 ante
1088 4620 1125 4655 si
1151 4609 1476 4671 xagesimum
1512 4626 1708 4666 annum
1746 4623 1987 4671 secundo
2017 4639 2118 4675 nu-

544 4687 733 4752 pserit,
769 4703 883 4741 eam
920 4693 1085 4743 sttlam
1142 4712 1349 4761 paruam
1398 4704 1697 4761 sustinebit.
1734 4707 1824 4761 Est
1856 4713 1996 4764 enim
2034 4714 2117 4767 di-

543 4792 646 4843 gna
678 4782 851 4843 νιιιιὶιι,
882 4794 935 4835 ιιι
958 4802 1072 4850 qum
1108 4799 1322 4855 propter
1350 4791 1616 4857 juniorem
1645 4808 1801 4852 relate
1823 4817 1854 4851 ιι
1877 4808 2115 4858 secundo

546 4866 750 4921 nubere
791 4884 971 4924 coacta
1006 4875 1107 4934 sit,
1144 4886 1195 4926 et
1234 4879 1264 4927 ii
1300 4880 1472 4943 potius
1507 4884 1591 4948 qui
1628 4899 1787 4950 eam,
1822 4897 2109 4956 antequam

545 4965 942 5026 sexagesimum
978 4981 1171 5018 annum
1209 4972 1574 5038 compleverit,
1608 4979 1949 5049 ordinarunt,
1990 4995 2115 5037 sunt

542 5053 993 5119 reprehendendi,
1056 5067 1110 5109 nt
1154 5060 1238 5125 qui
1284 5062 1625 5125 apostolicam
1676 5070 2113 5126 constitutionem

546 5148 646 5194 t'a:
672 5146 862 5208 sgtessi
905 5160 982 5195 Sili
1010 5159 1049 5210 t,
1084 5164 1199 5211 quae
1251 5150 1379 5201 dit-it
1403 5170 1413 5202 ;
1436 5150 1603 5205 Vidua
1637 5156 1862 5224 eligatur
1892 5176 1991 5211 non
2021 5165 2117 5212 mi-

550 5248 649 5283 nor
678 5237 949 5301 sexaginta
984 5239 1133 5290 annis
1156 5240 1194 5291 ¹.
1220 5240 1345 5305 Qum
1370 5255 1546 5297 autem
1577 5258 1696 5314 post
1731 5262 1928 5302 annum
1955 5266 2116 5306 εεχιι-

552 5338 813 5392 gcstmum
854 5331 1240 5385 continentiam
1282 5335 1582 5397 iulirmans.
1618 5341 1857 5396 secundo
1889 5346 2112 5411 nupsit.

553 5431 580 5467 ιι
615 5427 796 5469 sam-ta
830 5425 1208 5477 (‘ntttlttuuiuuc
1247 5426 1351 5479 erit
1400 5439 1646 5495 separata
1679 5473 1689 5490 ,
1718 5432 1886 5485 donec
1919 5436 1984 5485 ab
2018 5434 2114 5487 im-

551 5508 780 5570 puritite
810 5525 930 5563 eum
969 5514 1080 5565 \‘iro
1111 5517 1454 5571 abstinuerit.
1507 5519 1733 5573 Sanctus
1766 5524 1907 5575 enim
1936 5525 2110 5591 itupu-

550 5598 764 5653 ritata-m
801 5604 1087 5671 appellarit
1124 5607 1174 5661 in
1201 5623 1260 5662 ea
1292 5618 1448 5666 aztatc
1478 5613 1897 5668 matrimonium.
1926 5614 2109 5671 Virum

626 5774 641 5812 ⁵
685 5778 697 5829 Ι
731 5777 869 5833 Titt'.
908 5800 935 5831 \'
962 5824 973 5844 ,
1001 5786 1049 5838 ξ’.

2224 4608 2371 4672 σθαι,
2402 4612 2681 4664 τουτέστιν
2708 4613 3021 4677 ἐξωθεῖσθαι
3041 4614 3148 4667 ἀπὸ
3173 4614 3272 4683 τῆς
3307 4615 3637 4683 Ἐκκλησίας
3662 4634 3678 4649 ο
3705 4622 3805 4670 καὶ

2222 4702 2270 4751 εί
2306 4701 2412 4771 μὴν
2467 4702 2570 4772 πρὸ
2606 4703 2696 4755 τοῦ
2732 4703 3154 4770 ἑξηκονταετοῦς
3191 4706 3385 4774 χρόνου
3427 4706 3565 4776 αῦτη
3615 4708 3804 4759 δευτε-

2232 4794 2561 4862 ρογαμὴσει,
2600 4795 2805 4863 ταύτην
2844 4798 2940 4847 καί
2969 4797 3140 4866 μόνην
3163 4796 3262 4866 τὴν
3299 4798 3524 4850 κόλασιν
3556 4800 3808 4871 ὑποστή-

2230 4902 2407 4941 σεται.
2442 4886 2785 4956 Συγγνώμης
2820 4888 2926 4957 γάρ
2955 4891 3102 4941 ἑστιν
3125 4888 3249 4953 ἀξία
3289 4888 3395 4941 ὑπὸ
3414 4892 3807 4961 τῆςνεωτέρας

2229 4973 2447 5042 ἡλικίας
2492 4985 2499 4993 ’
2538 4975 3055 5038 καταναγκασθεῖσα
3124 4976 3623 5046 δευτερογαμῆσαι,
3705 4979 3806 5029 καὶ

2232 5065 2432 5133 μᾶλλον
2460 5068 2507 5118 οἱ
2536 5066 2940 5129 κατατάξαντες
2967 5068 3137 5137 αὐτὴν
3197 5068 3303 5138 πρὸ
3354 5068 3450 5122 τοῦ
3508 5069 3806 5139 πληρῶσαι

2227 5157 2319 5210 τὸν
2354 5157 2718 5228 ἑξηκονταετῆ
2775 5161 2964 5227 χρόνον
3004 5158 3315 5226 ὀφείλουσιν
3383 5161 3663 5214 αἰτιᾶσθαι
3723 5162 3806 5224 ὡς

2228 5250 2570 5319 παραϐάντες
2616 5251 2714 5318 τὴν
2774 5249 2869 5301 τοῦ
2947 5252 3277 5305 Ἀποστόλου
3345 5253 3638 5322 διαταγὴν,
3691 5254 3797 5323 τὴν

2227 5344 2484 5408 λέγουσαν
2515 5342 2712 5411 ’Χήρα
2765 5343 3180 5413 καταλεγέσθω
3215 5344 3297 5412 μή
3343 5344 3610 5398 ἐλάττων
3644 5345 3806 5399 ἐτῶν-

2226 5433 2547 5500 ἐξήκοντα.
2612 5432 2672 5486 Ἠ
2730 5432 2785 5486 δὲ
2841 5435 2978 5502 μετὰ
3030 5434 3120 5486 τὸν
3176 5433 3540 5504 ἑξηκονταετῆ
3605 5435 3803 5503 χρῦνον

2226 5526 2542 5597 ἀθετήσασα
2621 5527 2721 5596 τὴν
2802 5525 3180 5596 σωφροσύνην,
3238 5527 3799 5619 δευτερογαμήσασα,

2227 5617 2585 5688 ἀφωρισμένη
2619 5617 2767 5671 ἔσται
2795 5619 2892 5683 τῆς
2950 5617 3110 5687 ἁγίας
3158 5617 3683 5688 μεταλήψειυς,”ἒω;
3734 5618 3803 5671 ἂν
