3998 6326
166 320 286 386 67:)

1099 317 1183 380 ΙΝ
1212 319 1471 380 -ΕΡΙΞΤ⁹
1509 322 1566 381 S.
1607 320 1896 382 BASlLl]
1939 320 2384 381 CANON‘ICAM
2426 322 2506 384 II.

3322 325 3425 387 674

251 433 498 490 ΖΩΝΑΡ.
535 431 660 486 Ἐάν
693 449 773 495 τις
819 428 1086 498 παρθένον
1123 430 1500 498 ἁμνήστευτον
1534 428 1754 501 φθείρῃ,

1933 427 2185 484 ZONAR.
2220 431 2276 485 Si
2316 431 2437 500 quis
2471 428 2731 498 virginem
2767 429 2869 485 sibi
2909 445 3013 484 non
3046 429 3426 501 des-pensatum

166 531 272 578 xz‘:
297 529 435 579 κατὰ
466 529 563 596 τὴν
597 525 803 596 φθορὰν
835 523 909 586 ὡς
947 521 1169 590 συζύγῳ
1198 523 1344 592 αὑτῇ
1399 522 1623 591 χρῆται,
1676 519 1755 589 τῷ

173 623 286 687 μὲν
349 622 447 689 τῆς
507 620 711 689 φθορᾶς
790 614 1049 684 ἐπιτιμίῳ
1107 615 1480 679 ὑποκείσεται,
1539 611 1636 682 τὴν
1701 611 1757 664 δὲ

172 715 425 778 γυναῖκα
454 713 553 764 οὐκ
580 707 1013 778 ἀφαιρεθήσεται
1036 721 1050 735 ⁸
1085 705 1328 775 δηλονότι
1353 706 1446 758 ἐὰν
1499 706 1549 757 οί
1581 706 1758 772 γονεζς

178 803 392 870 αὐτῆς,
426 795 505 862 οἷς
540 797 834 861 ὑπεξουσία
872 799 1012 860 ἐστὶ,
1041 795 1451 864 καταδέχωνται
1503 795 1601 862 τὴν
1640 797 1756 864 μετ’

177 894 406 946 ἐκείνου
438 891 751 959 συνοίκησιν
773 888 868 941 τοῦ
895 888 1138 956 γυναίου.
1174 889 1233 940 Ei
1281 887 1389 956 γὰρ
1439 887 1637 940 ἐκείνοι
1697 886 1755 938 οὐ

178 984 499 1053 βούλονται,
543 982 636 1034 καὶ
680 980 1080 1050 κολασθήσεται
1136 977 1276 1031 κατὰ
1334 978 1424 1028 τὶν
1482 975 1759 1028 πολιτικὸν

176 1076 380 1144 νόμον,
406 1077 453 1124 εί
485 1073 754 1140 παρθένος
789 1067 857 1142 ἦν
894 1073 926 1140 ή
956 1072 1248 1141 φθαρεῖσα.

251 1165 474 1219 ΑΡΙΣΤ.
521 1166 618 1228 ’⁸ος
667 1163 781 1233 ἔχει
809 1165 908 1233 τὴν
943 1161 1012 1234 ἢν
1039 1162 1285 1232 ἔφθειρε,
1312 1159 1760 1229 συγχωρούμενος

174 1258 362 1328 ἔχειν,
395 1258 456 1310 τὸ
491 1259 763 1327 ἐπιτίμιον
793 1255 1084 1324 γνώσεται.

263 1350 458 1412 ’Ὅστις
483 1347 733 1418 βούλεται
761 1351 995 1417 γυναῖκα
1022 1349 1185 1416 ἔχειν,
1220 1348 1288 1418 ἢν
1323 1348 1429 1419 πρδ
1458 1351 1550 1404 τοῦ
1581 1352 1762 1420 γάμου

178 1437 496 1506 διέφθειρε,
533 1440 1029 1508 συγχωρηθήσεται
1069 1438 1324 1507 κατέχειν
1371 1441 1576 1510 αὑτήν
1618 1443 1679 1496 τὸ
1707 1444 1764 1497 δὲ

179 1526 286 1577 ἐπὶ
322 1528 391 1596 τῇ
418 1526 596 1597 φθορᾷ
630 1527 904 1595 ἐπιτίμιον
939 1526 1143 1577 εἵσεται
1166 1527 1223 1576 ὲν
1265 1526 1560 1597 τέσσαρσιν
1585 1534 1766 1586 ὲνιαυ-

182 1618 355 1678 τοῖς·
422 1617 602 1681 καθὼς
687 1619 745 1669 ἐν
812 1616 888 1686 τῷ
972 1614 1206 1684 εἰκοστῷ
1271 1616 1511 1689 δευτέρῳ
1580 1625 1766 1679 κανόνι

185 1709 434 1777 ἐγράφη-

735 1800 971 1855 ΚΑΝΩΝ
1007 1803 1149 1871 Kq'.

203 1888 274 1940 Ἦ
309 1890 533 1958 πορνεία
567 1906 741 1958 γάμος
766 1892 865 1944 οὐκ
895 1892 1067 1959 ἐστιν,
1103 1896 1220 1950 ἀλλ’
1246 1897 1369 1950 οὐδὲ
1393 1899 1573 1966 γάμου
1602 1900 1764 1969 ἀρχή.

268 1978 435 2031 Ὥστε
466 1982 560 2033 ἐὰν
654 1981 880 2035 δυνατὸν
912 1986 1036 2048 τοὺς
1085 1989 1224 2041 κατά
1257 1991 1515 2058 πορνείαν
1564 2006 1770 2043 συναπ-

267 2070 535 2138 τομένους
617 2072 978 2143 χωρίζεσθαι,
1054 2078 1215 2131 τοῦτο
1294 2079 1620 2146 κράτιστονυ
1675 2082 1771 2132 ὲὰν

266 2162 324 2214 δὲ
385 2162 689 2233 στέργωσιν
739 2167 802 2218 ὲκ
869 2167 1068 2229 παντὸς
1138 2169 1344 2238 τρόπου
1395 2171 1454 2222 τὸ
1530 2171 1773 2223 συνοικέο

275 2268 414 2316 σιον,
467 2256 528 2304 τὸ
574 2253 679 2322 ’μὲν
726 2255 823 2323 τῆς
878 2256 1135 2324 πορνείας
1189 2258 1464 2325 ἐπιτίμιον
1510 2257 1774 2328 γνωριζέ-

266 2360 474 2408 τωσαν,
531 2342 879 2410 άιριέσθωσαν
933 2345 1009 2412 δὲ,
1055 2345 1139 2398 ἵνα
1201 2347 1276 2418 μὴ
1324 2347 1506 2418 χεῖρόν
1571 2365 1627 2400 τι
1682 2348 1774 2416 γέ-

271 2449 451 2502 νηταμ

267 2524 469 2577 ΒΑΛΣ.
513 2524 693 2577 Εἰπὼν
716 2525 744 2577 ὀ
793 2525 950 2593 άγιος
976 2527 1026 2580 τί
1065 2527 1272 2596 ὀφείλει
1301 2527 1551 2596 γίνεσθαι
1578 2531 1657 2594 εἰς
1683 2528 1772 2581 τὸν

200 2615 510 2684 φθείραντα
542 2617 836 2686 παρθένον,
872 2619 1074 2688 ἀρτίως
1115 2619 1384 2672 ὕποτυποῖ
1415 2622 1509 2672 καὶ
1540 2622 1607 2673 τά
1642 2623 1771 2690 περὶ

197 2707 314 2761 τῶν
347 2709 708 2763 ουνελθόντων
736 2712 1033 2781 πορνικῶς⁶
1065 2711 1156 2765 καί
1192 2730 1358 2782 φησιν
1379 2715 1514 2784 ὅτιὴ
1546 2714 1775 2784 πορνεία

197 2797 331 2850 οὔτε
361 2800 535 2869 γάμος
596 2800 894 2868 λογίζεται,
945 2801 1068 2854 οὔτε
1119 2803 1298 2872 γάμου
1339 2804 1585 2873 ἀφορμὴ,
1633 2804 1774 2858 ὥστε

200 2888 618 2954 ἀναγκάζεσθαι
653 2891 880 2959 θάτερον
931 2891 1007 2960 τῷ
1058 2893 1230 2962 ἑτέρῳ
1279 2894 1646 2946 συνάπτεσθαι
1676 2911 1778 2961 γα-

205 2975 408 3040 μικὼς.
450 2976 612 3028 Ἀλλὰ
645 2977 866 3044 ἄριστον
894 2980 991 3047 μέν
1027 2981 1140 3032 ἐστι
1168 2981 1500 3049 χωρίζεσθαι
1552 2983 1771 3046 αὐτοὺς,

1796 1779 1843 1837 Β

1864 524 2185 590 corruperit,
2213 538 2382 591 eaque
2433 529 2555 591 post
2608 533 2847 590 stuprum
2914 523 3118 576 illatum
3175 535 3426 593 tanquam

1864 611 2095 680 conjuge
2124 614 2326 679 utitur;
2361 613 2533 682 stupri
2561 612 2774 679 quidem
2807 613 2980 678 [)(Bllls
3005 614 3109 667 erit
3139 613 3430 679 obnoxius,

1864 716 1972 754 non
2033 709 2211 756 tamen
2257 704 2325 757 ab
2365 720 2430 757 eo
2478 703 2668 757 mulier
2722 703 3040 758 auferetur:
3082 708 3125 758 si
3181 706 3434 761 videlicet

1864 792 2033 860 ipsius
2069 805 2343 862 parentes,
2378 809 2606 861 quorum
2640 795 2722 848 illa
2750 806 2826 850 est
2860 796 2912 848 in
2951 804 3238 864 potestate,
3274 797 3428 849 femi-

1865 897 1988 934 nam
2021 899 2141 936 cum
2176 885 2267 937 illo
2308 888 2589 939 traducere
2615 887 2776 938 vitam
2812 888 3013 940 sinunt.
3048 886 3256 940 Etenim
3285 890 3328 941 si
3355 890 3432 943 illi

1867 972 2058 1038 nolint,
2090 976 2344 1043 punietur
2374 986 2628 1043 praetcrea
2657 978 2890 1030 civilium
2927 977 3100 1046 legum
3127 982 3361 1043 decreto,
3389 979 3435 1035 si

1867 1065 2015 1134 virgo
2046 1076 2185 1129 erat,
2223 1082 2339 1132 quae
2364 1079 2614 1135 corrupta
2653 1069 2772 1124 fuit.

1947 1161 2173 1216 ARIST.
2205 1163 2306 1229 Qui
2339 1177 2459 1215 eam
2492 1164 2650 1216 habet
2694 1180 2854 1233 quam
2893 1168 3159 1236 corrupit,
3197 1168 3432 1237 permis-

1772 1312 1777 1317 ,
1867 1273 1960 1313 sus
1985 1256 2185 1309 habere
2224 1269 2392 1322 pinnae
2421 1254 2762 1321 subjiciatur.

1939 1350 2262 1416 Quicunque
2317 1347 2598 1399 mulierem
2633 1361 2792 1413 quam
2851 1355 2976 1398 anle
3029 1349 3432 1402 matrimonium

1872 1441 2102 1506 vitiavit,
2148 1435 2347 1495 habere
2378 1443 2546 1507 cupit,
2605 1439 2651 1492 ei
2708 1439 2866 1491 istam
2925 1439 3162 1491 detinere
3217 1442 3436 1506 perutil-

1871 1545 2034 1590 tetnr.
2099 1531 2167 1585 At
2224 1531 2396 1599 stupri
2447 1528 2765 1598 supplicium
2833 1539 2913 1583 est
2971 1539 3205 1598 quatuor
3255 1532 3434 1594 annis,

1873 1624 2326 1693 quemadmodum
2363 1622 2414 1675 in
2465 1621 2726 1675 vicesimo
2761 1622 3004 1676 secundo
3043 1635 3248 1675 canone
3299 1624 3437 1676 scri-

1875 1724 2023 1783 ptum
2055 1724 2154 1769 est.

2426 1803 2654 1858 CANON
2699 1802 2889 1858 XXVI.

1873 1892 2180 1946 Fornicatio
2210 1907 2313 1945 non
2345 1901 2426 1946 est
2479 1891 2910 1955 matrimonium,
2943 1889 3036 1944 sed
3070 1905 3167 1944 nec
3219 1891 3433 1944 initium

1938 1985 2294 2040 matrimonii.
2323 1982 2502 2048 Quare
2523 1981 2565 2035 si
2597 1984 2710 2037 fieri
2744 1983 2933 2053 possit,
2956 1991 3011 2035 ut
3039 1983 3128 2051 qui
3152 1999 3244 2052 per
3269 1983 3437 2038 furni-

1940 2078 2210 2132 cntionem
2254 2075 2531 2143 conjuncti
2576 2085 2699 2128 sunt
2732 2084 3072 2144 separentur,
3111 2076 3160 2126 id
3207 2085 3289 2128 est
3323 2091 3438 2128 tne-

1943 2168 2048 2221 lius
2079 2185 2093 2220 :
2128 2167 2208 2220 sin
2239 2176 2416 2220 autem
2444 2166 2520 2219 eis
2555 2165 2778 2219 omnino
2830 2164 3036 2234 placeat
3085 2166 3435 2230 consortium,

1944 2258 2314 2313 fornicationis
2347 2257 2562 2324 quidem
2598 2270 2813 2324 poenam
2849 2262 3185 2333 agnoscant;
3236 2271 3302 2310 ne
3353 2273 3440 2311 se-

1946 2357 2202 2419 parentur
2232 2358 2436 2412 autem,
2467 2363 2536 2402 ne
2567 2349 2693 2416 quid
2724 2347 2962 2401 deterius
2993 2346 3223 2402 accidat.

1949 2527 2145 2584 BALS.
2182 2527 2475 2596 PoSIquam
2509 2526 2647 2580 dixit
2699 2535 2918 2580 sanctus
2967 2525 3095 2594 quid
3151 2525 3233 2581 eis
3281 2526 3440 2582 debet

1877 2620 2012 2684 fieri,
2040 2619 2129 2686 qui
2167 2618 2426 2686 virginem
2466 2626 2734 2684 stupraut,
2757 2631 2893 2669 nunc
2911 2617 3152 2670 decernit
3173 2618 3237 2670 de
3261 2616 3325 2670 iis
3348 2619 3439 2685 qui

1876 2712 1929 2766 in
1967 2710 2372 2765 fornicationem
2398 2708 2677 2772 coierunt;
2720 2719 2774 2760 et
2805 2707 2956 2768 dicit,
2985 2706 3127 2774 quod
3154 2706 3442 2761 fornicatio

1875 2817 1974 2858 nec
1997 2801 2397 2854 matrimonium
2427 2799 2678 2861 habetur,
2713 2813 2812 2853 nec
2833 2799 3170 2852 matrimonii
3199 2801 3437 2861 occasio,

1877 2903 1932 2946 ιιι
1952 2891 2086 2945 alter
2107 2891 2264 2945 alteri
2292 2889 2886 2959 necessariojungatnr,
2910 2888 3001 2942 sed
3024 2889 3284 2954 Optimum
3313 2891 3440 2957 qui-

1877 2984 1997 3036 dem
2033 2990 2112 3035 est
2136 2997 2229 3036 eos
2250 2982 2515 3049 separari,
2543 2995 2650 3033 non
2687 2995 2832 3048 perm
2860 2980 2920 3031 tti
2944 2979 3147 3034 scilicet
3175 2980 3315 3034 inter
3345 2997 3440 3036 cus

202 3067 379 3136 ἤγουν
409 3067 483 3137 μὴ
527 3071 976 3138 παραχωρεῖσθαι
997 3070 1092 3140 τὴν
1124 3071 1290 3141 μέσον
1318 3072 1497 3130 αὐτῶν
1524 3073 1769 3140 γαμικὴν

1877 3072 2212 3126 intercedere
2230 3071 2677 3123 matrimonialem
2701 3069 3160 3138 conjunctionem,
3187 3073 3440 3138 quoniam

205 3161 530 3226 συνάρειαν,
563 3162 641 3212 ὅτι
670 3161 938 3231 ἐκθεσμος
969 3162 1062 3213 καὶ
1087 3163 1590 3230 κατάκριτός.ὲστιν
1623 3163 1650 3214 ὁ
1676 3163 1768 3215 τοῦ

199 3251 448 3302 τοιούτου
475 3250 654 3318 γάμου
687 3250 970 3319 θεμέλιος·
1006 3251 1053 3302 εί
1086 3250 1140 3303 δὲ
1178 3251 1499 3320 στέργουσιν
1530 3253 1772 3321 ἀπαραι-

199 3342 390 3410 τήτως
431 3345 523 3393 καὶ
574 3344 742 3410 ἄμφω
795 3344 898 3412 τὴν
961 3342 1284 3411 συμϐίωσιν,
1323 3343 1414 3412 μὴ-
1456 3345 1772 3414 ἀνεχόμενοι

200 3433 302 3483 τοῦ
341 3433 434 3483 ἀπ’
468 3434 712 3502 ἀλλήλων
748 3433 1051 3502 χιυρισμοῦ,
1085 3434 1532 3503 ὲπιτιμάσθωσαν
1559 3436 1656 3504 μὲν
1697 3436 1773 3498 ὡς

203 3526 632 3594 πορνεύσαντες,
714 3524 1260 3593 παραχωρείσθωσαν
1337 3525 1393 3577 δὲ
1482 3529 1770 3590 συνοικεῖν,

206 3616 298 3666 ἵνα
321 3618 394 3685 μὴ
423 3616 602 3684 χεῖρόν
635 3633 686 3666 τι
719 3618 961 3683 γένηται,
989 3617 1173 3685 mam,
1211 3615 1293 3667 ἵνα
1321 3616 1392 3684 μὴ
1424 3615 1773 3683 διαζυγέντες

206 3706 378 3758 πάλιν
407 3705 580 3775 λάθρα
615 3706 979 3776 πορνεύσωσι,
1005 3707 1320 3768 τουτέστιν,
1349 3704 1434 3756 ἵνα
1462 3706 1535 3774 μὴ
1567 3706 1772 3771 ἑτέροις

206 3795 580 3863 συναφθέντες
624 3798 940 3864 προσώποις
970 3798 1069 3848 οὐκ
1103 3796 1427 3865 ὲπιμείνωσι
1454 3794 1530 3862 τῷ
1557 3795 1772 3864 νομίμῳ

205 3889 396 3955 γάμῳ,
428 3887 560 3938 ἀλλὰ
594 3888 839 3954 μοιχείαν
862 3886 1232 3955 ἐργάσωνται,
1264 3885 1294 3954 ἢ
1350 3885 1436 3936 ἵνα
1463 3884 1536 3952 μὴ
1565 3882 1767 3936 κωλυόο

213 3992 372 4042 μενοι
425 3971 867 4044 διαχειρίσωνται
909 3974 1137 4034 ἑαυτοὺς
1192 3973 1280 4024 διὰ
1333 3972 1390 4024 τὸ
1431 3971 1526 4023 τοῦ
1575 3971 1774 4040 ἔρωτος

205 4065 458 4126 διακαὲς.
495 4066 678 4119 Ταῦτα
711 4066 763 4119 δὲ
794 4065 976 4134 χώραν
1011 4061 1175 4134 εἶχον,
1200 4063 1274 4126 ὡς
1293 4063 1416 4131 ἐμοὶ
1446 4062 1611 4126 δοκεῖ,
1638 4061 1769 4113 ὅταν

211 4157 522 4208 συναικέσει
573 4156 707 4228 μόνῃ
740 4159 766 4208 ὁ
801 4157 977 4222 γάμος
1037 4155 1363 4214 συνίστατο,
1426 4151 1486 4203 οὐ
1540 4151 1644 4220 μὴν
1683 4153 1775 4203 καὶ

213 4247 282 4313 σή
295 4263 455 4314 μεροί
481 4287 494 4309 ,
525 4249 652 4299 ὅταν
684 4234 771 4298 διὰ
811 4245 1106 4315 ἱερολογίας
1135 4245 1228 4295 καὶ
1251 4243 1397 4303 θείας
1421 4241 1775 4311 μεταλήψεως

208 4339 305 4386 τοῦ
369 4336 617 4404 σώματος
658 4338 753 4388 καὶ
797 4336 1026 4404 αἵματος
1087 4333 1182 4385 τοῦ
1235 4332 1469 4401 Χριστοῦ
1522 4334 1548 4384 ὁ
1599 4330 1775 4398 γάμος

1880 3163 2142 3217 nefarium
2165 3170 2248 3215 est
2272 3170 2325 3214 et
2363 3159 2731 3212 damnandum
2766 3159 2956 3212 harum
2988 3160 3292 3225 nuptiarum
3321 3161 3443 3214 fun—

1878 3255 2196 3307 damentum
2234 3267 2246 3303 :
2290 3250 2370 3303 sin
2427 3260 2605 3303 autem
2639 3250 2717 3302 eis
2756 3249 2828 3302 ita
2871 3249 3082 3316 placeat
3115 3252 3234 3303 vita:
3263 3252 3439 3304 socie-

1882 3353 1983 3407 tas,
2018 3352 2076 3396 ut
2109 3357 2136 3394 ο
2182 3357 2239 3396 se
2271 3342 2503 3394 invicem
2535 3342 2813 3395 discedere
2848 3342 2948 3395 sibi
2993 3351 3266 3410 nequeant
3319 3357 3443 3412 per-

1879 3435 2132 3497 suadere,
2165 3433 2457 3503 puniantur
2516 3432 2731 3500 quidem
2782 3442 2838 3484 ut
2910 3433 3300 3498 fornicatores;
3362 3436 3442 3487 eis

1880 3536 2063 3579 autem
2099 3524 2257 3577 simul
2291 3524 2536 3576 habitare
2561 3524 2921 3590 permittatur,
2956 3540 3020 3576 ne
3047 3529 3171 3591 quid
3206 3526 3442 3579 deterius

1878 3616 2109 3678 accidat,
2139 3615 2250 3685 84
2277 3629 2343 3667 ne
2370 3615 2578 3668 sc‘licet
2629 3614 2862 3680 separati
2913 3629 3099 3668 rursus
3133 3615 3437 3669 clanculum

1879 3705 2232 3768 fornicentur,
2266 3706 2368 3759 hoc
2398 3714 2503 3770 est,
2539 3720 2602 3757 ne
2635 3704 2754 3757 aliis
2797 3706 3040 3772 personis
3077 3707 3348 3773 conjuncti
3386 3709 3437 3760 in

1880 3795 2120 3865 legitimo
2149 3797 2494 3849 matrimonio
2527 3810 2633 3848 non
2665 3805 3040 3865 permaneant,
3091 3798 3183 3850 scd
3232 3797 3442 3849 adulte-

1881 3888 2021 3941 rium
2066 3887 2428 3952 committant,
2466 3885 2546 3939 vel
2592 3902 2659 3939 ne
2721 3886 2974 3954 prohibiti
3027 3888 3124 3938 sibi
3171 3886 3439 3941 violentas

1883 3992 2074 4030 manus
2107 3975 2340 4029 inferant
2370 3983 2587 4044 propter
2613 3976 2814 4029 amoris
2843 3958 3260 4030 vehemeniiam.
3311 3975 3432 4030 llaec

1882 4076 2083 4129 autem,
2119 4076 2175 4116 ut
2208 4065 2334 4118 milii
2367 4065 2634 4128 videntur,
2667 4065 2842 4118 locum
2870 4064 3196 4130 habuerunt,
3222 4069 3440 4134 quando

1881 4155 1997 4209 solo
2051 4156 2314 4208 consensu
2361 4154 2787 4208 contrahebatur
2841 4149 3266 4218 matrinmnimn,
3334 4172 3438 4209 non

1882 4255 2057 4298 autem
2082 4245 2243 4297 etiam
2287 4244 2444 4302 hodie
2473 4247 2688 4313 quando
2721 4260 2815 4311 per
2866 4259 3079 4298 sacrum
3125 4245 3355 4300 cilicium
3387 4258 3440 4302 et

1882 4337 2118 4390 divinam
2148 4335 2390 4404 corporis
2424 4345 2476 4389 et
2502 4336 2785 4404 sanguinis
2817 4336 3020 4390 Christi
3071 4339 3441 4406 participatio—

213 4426 552 4478 συνίσταται.
592 4426 712 4488 Πῶς
745 4428 852 4494 γὰρ
877 4428 924 4478 οἱ
957 4423 1378 4494 ὲπιτιμηθὲντες
1408 4423 1495 4473 διὰ
1524 4421 1620 4490 τὴν
1643 4438 1769 4489 πορι

1883 4442 2002 4480 nem
2038 4427 2434 4478 matrinmnium
2488 4428 2852 4480 constituitur.
2892 4427 3170 4492 Quomodo
3201 4430 3344 4482 enim
3377 4432 3437 4494 ii,

213 4517 387 4578 νείαν,
426 4517 519 4568 καὶ
571 4517 677 4569 τῶν
722 4517 1079 4585 ἁγιασμάτων
1119 4515 1190 4584 μὴ
1234 4513 1770 4582 μεταλαμϐάνονῖες,

213 4606 470 4674 γαμικῶς
514 4606 764 4675 ἀλλήλοις
799 4605 1128 4658 συνέλθωσιν
1161 4620 1174 4667 ;
1213 4604 1273 4656 Ei
1312 4604 1368 4654 δὲ
1415 4603 1599 4671 εἴπῃς,
1636 4602 1775 4670 μετὰ

213 4700 278 4745 τὸ
308 4695 697 4764 ἐπι-τιμηθῆναι
716 4696 839 4758 τοὺς
864 4693 1270 4762 πορνεύσαντας
1297 4693 1389 4744 ἐπὶ
1423 4693 1518 4763 ὅλῃ
1541 4691 1773 4760 τριετίᾳ,

219 4788 296 4855 μὴ
361 4789 677 4857 πορνεῦσαι,
752 4788 853 4839 οὐκ
915 4784 1290 4856 ὲμποδισθήσῃ
1373 4785 1776 4853 παραχωρῆσαι

213 4878 439 4938 τούτους
477 4881 611 4946 μετὰ
668 4879 763 4947 τὴν
817 4879 1062 4945 τριετίαν
1113 4875 1360 4944 νομίμως
1413 4872 1773 4942 συναφθῆναι.

223 4969 605 5036 Ἐρωτήσειδέ
648 4987 767 5032 τις,
796 4969 894 5021 Διὰ
939 4969 990 5018 τί
1017 4967 1114 5034 τὴν
1160 4967 1257 5036 μὲν
1313 4963 1580 5034 παρθένον
1637 4965 1777 5033 μετὰ

212 5061 320 5121 ’τὴν
351 5061 558 5128 φθορὰν
582 5061 920 5128 διορίζεταιὸ
947 5059 1100 5132 ἆγιρς
1128 5058 1373 5127 νομίμως
1400 5055 1777 5109 συνάπτεσθαι

215 5149 295 5217 τῷ
313 5149 522 5218 φθορεί,
549 5151 670 5213 τοὺς
698 5151 752 5202 δὲ
776 5149 1179 5220 πορνεύσαντας
1203 5149 1442 5209 εὐκόλως
1483 5145 1775 5216 μίγνυσθαι

213 5243 476 5310 γαμικῶς
522 5244 582 5295 οὐ
619 5245 966 5312 παραχωρεῖ,
1029 5241 1162 5294 ἀλλὰ
1221 5241 1358 5309 μετὰ
1412 5239 1773 5305 διαστίξεως;

215 5333 408 5394 Λύσις.
462 5335 572 5400 Τὴν
607 5335 704 5401 μὲν
736 5333 1002 5403 παρθένον
1043 5332 1172 5393 ῐσως
1221 5332 1361 5400 μετὰ
1406 5331 1502 5398 τὴν
1561 5329 1769 5398 φθορὰν

213 5423 391 5484 οὐδεὶς
431 5422 762 5490 αἱρετίσεται
808 5423 947 5491 πρὸς
979 5424 1154 5488 γάμον
1203 5419 1410 5480 λαϐεῖν,
1463 5420 1556 5470 καὶ
1613 5421 1660 5469 εἰ
1701 5418 1774 5486 μὴ

216 5514 593 5583 παραχωρηθῇ
626 5513 702 5582 τῷ
749 5513 940 5581 φθορεῖ
990 5511 1330 5580 γαμηθῆναι,
1365 5510 1776 5579 περιλειφθήσε-

213 5624 308 5658 ται
347 5607 545 5674 ἄτιμος
598 5606 692 5656 καὶ
740 5605 925 5666 ἐλέους
957 5605 1102 5667 ἀξία·
1142 5605 1171 5673 ἡ
1205 5603 1259 5654 δὲ
1305 5602 1664 5670 πορνευθείσα
1713 5598 1772 5652 οὖ

214 5696 511 5766 ζημιοίται
534 5695 812 5760 τοσοίτον,
841 5697 931 5747 ὲάν
1050 5696 1274 5763 γαμηθῇ
1311 5693 1386 5761 τῷ
1415 5693 1770 5761 πορνεύσαντι

1880 4516 2075 4583 quibus
2107 4514 2474 4568 fornicationis
2502 4527 2659 4580 pceua
2691 4516 2930 4584 injuncta
2962 4525 3088 4582 est”
3115 4531 3211 4571 nec
3262 4534 3460 4593 sacra:

1883 4621 2183 4660 mentorum
2215 4605 2362 4658 fuere
2399 4605 2710 4674 participes,
2742 4607 2878 4659 inter
2899 4621 2956 4659 sc
2975 4610 3444 4664 matrimontaliter

1882 4697 2272 4751 convenerint?
2317 4695 2468 4761 Quod
2528 4696 2574 4750 si
2609 4694 2838 4760 dixeris,
2883 4707 3168 4766 postquam
3231 4702 3297 4756 iis
3351 4706 3441 4772 qui

1883 4790 2129 4843 fornicati
2165 4800 2290 4843 sunt
2325 4803 2479 4856 poena
2514 4789 2750 4854 injuncta
2803 4788 2966 4843 fuerit
3021 4800 3131 4844 toto
3187 4791 3438 4858 triennio,

1884 4896 1950 4934 ne
1976 4880 2334 4942 fornicentur,
2380 4894 2483 4932 non
2538 4879 2842 4948 prohiberis
2886 4881 2965 4934 eis
3018 4884 3339 4950 concedere,
3385 4895 3443 4937 ut

1885 4981 2007 5042 post
2043 4971 2330 5025 triennium
2379 4971 2617 5040 legitimo
2650 4971 2991 5024 matrimonio
3023 4973 3438 5039 conjungantur.

1881 5059 2302 5131 Inurrogaverit
2351 5071 2528 5114 autem
2555 5061 2842 5129 quispiam,
2875 5060 2983 5114 Cur
3015 5062 3272 5131 virginem
3324 5066 3441 5132 qni-

1882 5168 2002 5208 ucm
2041 5162 2158 5220 post
2192 5161 2436 5218 stuprum
2471 5151 2712 5204 decernit
2744 5161 2962 5204 sanctus
2995 5152 3280 5219 stupratori
3310 5154 3433 5221 legi.

1885 5243 2014 5299 time
2042 5242 2310 5310 conjungi,
2334 5257 2426 5295 eos
2455 5251 2634 5294 autem
2673 5241 2761 5308 qui
2805 5242 3055 5293 fornicati
3087 5251 3214 5294 sunt
3251 5244 3438 5296 matri-

1886 5335 2067 5388 monio
2102 5333 2257 5385 facile
2285 5331 2530 5401 conjungi
2569 5347 2674 5385 non
2732 5331 2878 5394 sinit,
2936 5331 3038 5384 nisi
3089 5347 3209 5386 cum
3247 5333 3433 5386 distin-

1881 5426 2077 5478 ctione.
2127 5423 2355 5476 Solutio.
2403 5420 2674 5491 Virginem
2722 5419 2934 5490 quidem
2968 5430 3085 5488 post
3137 5423 3184 5476 ei
3220 5423 3435 5478 allatum

1883 5524 2126 5581 stuprum
2158 5528 2313 5566 nemo
2343 5511 2574 5566 fortasse
2610 5510 2748 5565 volet
2780 5510 2833 5564 in
2866 5513 3266 5565 matrimonium
3295 5516 3440 5568 acci-

1884 5619 2030 5673 pere,
2059 5610 2112 5656 et
2143 5602 2240 5655 nisi
2277 5602 2349 5655 illi
2380 5602 2722 5672 permittatur
2740 5603 2786 5653 ei
2805 5603 2894 5670 qui
2924 5605 3185 5672 stupravit
3215 5605 3434 5664 nubere.

1882 5692 2144 5746 dedecore
2176 5690 2364 5744 aﬂecta
2413 5705 2475 5745 ac
2531 5690 2852 5745 miserabilis
2901 5691 3253 5759 relinquetur.
3312 5694 3438 5758 Qua:
