3998 6326
189 362 310 430 ΟἹῚ

1124 356 1206 416 IN
1246 356 1488 417 El’IST.
1522 354 1578 411 Β.
1617 357 1899 415 ιιιδιωι
1937 358 2382 423 (ῙΑΝΟΝΙΟΑΜ.
2423 363 2504 425 ll.

3337 367 3442 433 678

280 479 574 551 τραύματα
594 470 975 529 ἀνακόλουθον.
996 469 1231 538 Εὐλογία
1261 470 1365 538 γὰρ
1385 467 1659 536 άγιασμοῦ
1685 484 1770 535 με·

1955 472 2111 527 debet
2137 474 2355 529 vulnera
2387 488 2598 534 curare.
2631 489 2733 528 non
2759 483 2841 530 est
2865 485 3312 534 consentaneum.
3341 479 3442 535 Be-

275 569 500 627 τάδοσίς
541 569 710 620 ἐστιν.
761 563 819 617 Ὃ
879 564 934 617 δὲ
969 563 1125 614 τοῐτο
1181 560 1254 630 μὴ
1287 561 1422 630 ἔχων
1455 559 1541 612 διὰ
1591 560 1650 611 τὸ
1681 559 1774 624 τῆς

277 664 507 730 ἀγνοίας
531 659 904 729 παράπτωμα,
923 655 1036 718 πῶς
1067 655 1238 724 ἑτέρῳ
1261 653 1593 721 μεταδώσεις
1623 652 1776 720 Alﬁ-:3

276 743 465 810 τοίνυν
524 752 759 822 δημοσία
815 750 952 820 μήτε
1011 748 1117 817 ἰδίᾳ
1166 747 1476 812 εὐλογείτω,
1532 746 1665 813 μήτε
1718 744 1779 795 τὸ

282 847 446 916 σῶμα
481 843 573 896 τοῦ
609 839 850 911 Χριστοῦ
883 839 1244 906 κατανεμέτω
1274 838 1468 906 ἑτέρῳ,
1523 837 1658 903 μήτε
1721 850 1776 884 τι

279 940 414 993 ἃ).λο
465 935 868 1002 λειτουργείτω,
925 931 1058 984 ἀλλὰ
1115 927 1453 997 ἀρκούμενος
1500 927 1564 994 τῇ
1610 941 1774 990 προε-

279 1032 430 1102 δρίᾳ,
480 1026 864 1097 προσκλαιέτω
895 1024 1100 1091 ἑτέροις
1139 1023 1230 1072 καὶ
1261 1018 1336 1089 τῷ
1394 1019 1606 1086 Κυρίῳ,
1646 1032 1774 1082 συγ-

280 1120 599 1192 χωρηθῆναι
669 1118 818 1186 αὐτῷ
880 1115 940 1166 τὸ
1005 1115 1070 1166 ἐκ
1141 1112 1242 1180 τῆς
1305 1112 1525 1177 ἀγνοίας
1597 1111 1778 1179 ἁμάρ-

276 1229 452 1280 τημα.

279 1303 476 1356 ΒΑΛΣ.
511 1300 602 1362 Εἰς
641 1299 768 1368 τρία
802 1295 1139 1368 διαιροίνται
1170 1296 1218 1348 οῐ
1260 1294 1625 1365 κεκωλυμένοι
1683 1295 1780 1362 γά-

210 1411 328 1463 μοι,
367 1395 444 1454 εις
475 1393 735 1461 νεφάριον
765 1395 855 1443 τον
881 1385 1175 1456 λεγόμενον
1210 1387 1549 1456 παράνομον,
1581 1387 1654 1448 ὡς
1690 1387 1778 1438 ῧτε

199 1484 355 1555 λάϐῃ
422 1500 505 1546 τις
555 1484 636 1543 είς
697 1481 876 1549 γάμον
940 1479 1037 1547 τὴν
1091 1478 1580 1545 ἐπιτωπευθεῖσαν
1626 1478 1777 1546 παρὰ

198 1575 459 1644 τούτουῆ
494 1573 590 1626 τοῦ
622 1572 830 1640 πατρὸς
887 1569 1074 1631 αὑτοῦ,
1114 1570 1146 1638 ἦ
1194 1571 1296 1637 τὴν
1328 1568 1495 1620 οὖσαν
1531 1570 1633 1620 ὑπὸ
1681 1570 1778 1638 τὴν

203 1666 592 1737 πρακτορικὴν
632 1663 886 1727 ἐξουσίαν
920 1660 1112 1712 τούτου
1150 1660 1179 1727 ἢ
1216 1659 1309 1711 τοῦ
1335 1660 1541 1727 πατρὸς
1570 1658 1733 1710 αὑτοῦ
1758 1670 1774 1687 ⁸

200 1763 288 1820 είς
319 1758 610 1825 δαμνᾶτον,
645 1755 735 1806 τὸν
781 1754 1073 1820 λεγόμενον
1124 1752 1476 1817 κατάκριτον,
1536 1750 1594 1809 ὃς
1631 1753 1775 1800 ἐστιν

200 1854 240 1904 ὁ
273 1850 409 1919 μετὰ
446 1844 750 1917 μονοιχῆςῆ
807 1845 999 1916 ἑτέρας
1049 1840 1474 1909 ἀνατεθειμένης
1530 1840 1609 1910 τῷ
1656 1839 1774 1908 Θεῷ

201 1942 423 2010 γάμος·
457 1941 553 1992 καὶ
591 1939 672 2000 είς
695 1936 785 1989 τὸν
835 1937 1106 2003 ίγκεστον,
1146 1933 1238 1985 τδν
1272 1933 1365 1984 καὶ
1408 1931 1666 2000 ἀθέμιτον
1691 1933 1777 1982 λε-

202 2035 466 2102 γόμενον,
531 2031 774 2100 δηλονότι
809 2029 900 2081 τὸν
935 2028 1074 2096 μετὰ
1111 2025 1441 2094 συγγενικοῦ
1482 2024 1711 2092 προσώπ
1745 2041 1772 2075 υ

200 2124 598 2190 κεκωλυμένου
630 2119 935 2188 προϐάντα.
984 2117 1141 2178 Τινὲς
1171 2116 1303 2182 γοῦν
1355 2117 1545 2184 ἱερέως
1589 2117 1647 2166 ὲν
1676 2117 1776 2180 ἀγ-

205 2215 334 2282 νοίᾳ.
371 2214 548 2280 γάμον
579 2210 843 2278 ἀθέμιτον
876 2207 1329 2270 συναλλάξαντος,
1360 2208 1456 2258 καὶ
1499 2206 1588 2258 διά
1613 2206 1775 2258 τοῦτο

201 2306 583 2370 διαζυγέντος,
618 2304 712 2354 καὶ
746 2300 1072 2370 καθαιρέσει
1102 2301 1490 2360 ὑποπεσόντος,
1523 2296 1775 2367 ἠρώτησέ

200 2412 296 2458 τις
337 2395 426 2447 τὸν
454 2393 608 2460 ἅγιον
637 2394 684 2444 εἰ
714 2391 922 2458 ὀφείλει
949 2392 976 2443 ὁ
1001 2389 1242 2451 τοιοῦτος
1269 2390 1448 2458 ἱερεὺς
1481 2389 1620 2457 μετὰ
1673 2388 1774 2456 τὴν

203 2486 535 2554 καθαίρεσιν
563 2483 842 2554 ίερατικόν
867 2500 919 2534 τι
947 2482 1209 2550 ἐνεργεῖν.
1251 2479 1476 2547 Ἔλεγον
1499 2480 1605 2547 γάρ
1631 2496 1774 2542 τινες

201 2574 311 2638 ὡς,
334 2575 455 2626 ἐπεὶ
483 2579 539 2625 ὲν
564 2572 760 2641 ἀγνοίᾳ
794 2571 1100 2631 ὠλίσθησεν
1127 2572 1154 2622 ὁ
1191 2569 1391 2636 ἱερεὺς,
1434 2572 1532 2637 οὐχ
1574 2571 1776 2622 ὑποπεο

208 2667 390 2717 σεῑται
418 2665 741 2733 καθαιρέσει
764 2678 780 2694 ⁶
819 2668 866 2717 εί
899 2663 952 2716 δὲ
985 2661 1314 2731 καθαιρεθῇ,
1346 2661 1454 2713 τῶν
1479 2659 1579 2729 μὲν
1621 2661 1774 2722 ἐντος

204 2757 308 2808 τοῦ
341 2755 584 2826 βήματος
611 2754 908 2824 ἐνεργειῶν
945 2753 1342 2823 κωλυθήσεται,
1375 2752 1484 2804 τῶν
1517 2752 1575 2805 δὲ
1617 2752 1774 2814 ἐκτὸς

204 2850 311 2901 οὐκ
344 2849 821 2917 ἐμποδισθήσεται.
852 2846 989 2916 φησι
1022 2843 1205 2898 τοίνυν
1231 2845 1259 2896 ὁ
1323 2844 1478 2911 ἅγιος
1533 2843 1774 2909 ὀφείλειν

208 2938 401 2990 τοῦτον
457 2935 865 3005 καθαιρεῖσθαι,
931 2935 1026 2987 καὶ
1098 2933 1237 3003 μετὰ
1285 2933 1383 3002 τὴν
1455 2931 1774 3001 καθαίρεσιν

204 3028 379 3097 τιμῆς
415 3029 511 3097 μὲν
534 3029 700 3098 μόνης
727 3028 999 3096 μετέχειν,
1035 3026 1154 3097 ἦτοι
1213 3023 1586 3094 συγκαθῆσθαι
1635 3022 1774 3089 μετά

1953 563 2190 616 uedictio
2241 575 2322 618 est
2374 564 2822 620 sanctiﬁcationis
2861 568 3318 636 communicatio;
3351 571 3444 638 qui

1949 663 2128 707 autem
2161 669 2277 707 eam
2300 672 2403 709 non
2435 656 2593 709 habet
2621 667 2841 726 propter
2865 657 3179 725 ignorantia:
3209 660 3439 730 lapsum,

1947 750 2218 812 quomodo
2265 746 2384 800 aliis
2428 748 2883 809 coinmnnieabit?
2918 748 3030 803 Nec
3053 766 3184 821 ergo
3233 752 3442 821 publice

1950 851 2048 890 nec
2102 839 2347 902 privatim
2382 837 2679 901 lienedicat,
2710 854 2807 893 uec
2851 837 3050 892 Christi
3084 854 3275 909 corpus
3320 844 3440 899 aliis

1950 929 2238 994 impertiat,
2270 944 2365 982 uec
2402 929 2612 994 aliquod
2653 930 2797 982 alittd
2832 946 3044 983 sacrum
3083 931 3440 985 ministerium

1948 1020 2126 1081 obeat,
2173 1022 2262 1074 sed
2319 1022 2458 1086 quod
2508 1022 2794 1088 praesideat
2853 1032 3157 1084 contentus,
3216 1025 3336 1078 aliis
3385 1034 3441 1079 ct

1949 1107 2177 1163 Domino
2203 1109 2413 1174 deﬂeat,
2436 1122 2490 1163 ut
2521 1112 2622 1165 sibi
2655 1113 2967 1181 ignorantia:
3001 1122 3275 1181 peccatum
3309 1129 3439 1168 con-

1948 1202 2192 1255 tiOllClIll’.

1953 1316 2143 1369 BALS.
2178 1316 2468 1370 Pt'oltibiim
2497 1318 2694 1386 nuptis:
2719 1318 2978 1373 trifariam
3010 1319 3359 1375 dividuntur:
3385 1322 3437 1374 in

1879 1404 2134 1469 nefarias,
2193 1421 2310 1472 qua!
2358 1419 2553 1474 praeter
2602 1408 2746 1473 leges
2798 1409 3069 1472 dicuntur,
3129 1421 3184 1462 ιιι
3227 1412 3272 1465 si
3319 1411 3440 1478 quis

1876 1511 1993 1550 eam
2025 1495 2175 1564 cujus
2210 1497 2422 1550 tutelam
2452 1497 2609 1564 gerit,
2646 1499 2728 1549 vel
2762 1499 2873 1562 ipse
2925 1499 3002 1551 vel
3053 1510 3204 1568 pater
3249 1502 3438 1568 ipsius,

1878 1602 2097 1641 uxorem
2127 1578 2305 1651 ducat,
2343 1586 2424 1639 vel
2467 1602 2582 1640 eam
2609 1603 2727 1654 qua:
2758 1599 2838 1641 est
2873 1589 2924 1641 in
2973 1592 3113 1658 ejus,
3153 1590 3232 1643 vel
3273 1591 3440 1658 patris

1875 1681 1991 1745 ejus
2024 1679 2239 1733 tutelari
2281 1687 2583 1748 potestate;
2641 1680 2692 1731 in
2726 1680 3006 1735 damnatas
3043 1696 3137 1734 seu
3183 1682 3438 1733 condent-

1803 1808 1850 1864 Β
1880 1780 2053 1832 natas,
2102 1782 2156 1822 ut
2207 1769 2250 1822 si
2294 1769 2380 1822 fiat
2426 1772 2823 1823 matrimonium
2874 1785 2994 1823 cum
3050 1772 3308 1824 monarha
3358 1771 3438 1825 vel

1877 1863 1977 1914 alia
2016 1862 2124 1914 Deo
2153 1863 2440 1914 dedicata:
2474 1862 2604 1913 etin
2661 1863 2914 1923 incestas,
2967 1878 3087 1929 quze
3138 1861 3224 1916 hic
3271 1864 3434 1915 etiam

1876 1952 2098 2006 nefariae
2126 1952 2396 2015 dicuntur,
2444 1962 2494 2002 ut
2528 1950 2571 2002 si
2607 1953 2726 2018 quis
2751 1967 2868 2003 cum
2902 1953 3304 2021 consmguinea
3338 1969 3432 2005 sua

1878 2046 1930 2096 in
1971 2044 2140 2113 gradu
2173 2042 2441 2110 prohibito
2470 2044 2821 2095 contraxerit.
2858 2044 2992 2096 Cum
3045 2058 3174 2112 ergo
3215 2046 3432 2112 quidam

1875 2131 2128 2187 sacerdos
2160 2128 2420 2183 tn-l‘ariutn
2479 2146 2573 2198 per
2618 2131 2976 2198 ignorantiam
3029 2132 3432 2185 matrimonium

1875 2225 2256 2288 contraxisset,
2289 2233 2341 2275 et
2371 2231 2652 2288 propterea
2697 2221 2926 2274 solutum
2960 2233 3120 2284 esset,
3150 2232 3204 2276 ct
3237 2226 3348 2291 ipse
3377 2224 3430 2275 in

1874 2316 2264 2384 depositioncm
2295 2313 2595 2376 incidisset,
2620 2312 2974 2380 interrogavit
3013 2313 3274 2382 quispiam
3307 2327 3434 2366 san-

1875 2415 2042 2470 ctum,
2080 2422 2146 2458 an
2183 2405 2225 2458 is
2248 2405 2502 2460 sacerdos
2533 2403 2720 2457 debeat
2759 2413 2876 2470 post
2915 2403 3298 2470 depositionem
3345 2417 3430 2456 sa-

1875 2498 2144 2552 cerdotale
2172 2496 2443 2565 quidpiam
2485 2508 2760 2547 exercere.
2805 2492 3059 2547 Dicebant
3106 2494 3246 2546 cnim
3296 2508 3432 2545 non-

1876 2589 2027 2651 nulli,
2092 2588 2237 2657 quod
2299 2586 2551 2653 quoniam
2618 2583 2870 2636 sacerdos
2927 2598 3022 2652 per
3075 2582 3428 2650 ignorantiam

1876 2679 2062 2748 lapsus
2095 2686 2257 2736 esset.
2297 2691 2398 2728 non
2430 2675 2746 2744 subjicietnr
2796 2674 3115 2742 depositioni
3157 2691 3170 2726 :
3203 2674 3286 2728 sin
3330 2688 3430 2724 au-

1877 2783 1982 2827 tem
2035 2769 2196 2824 fuerit
2229 2767 2527 2836 depositus,
2577 2767 2643 2818 ab
2693 2765 2992 2818 actionibus
3040 2764 3251 2832 quidem
3310 2776 3431 2829 qua:

1877 2866 2009 2918 fiunt
2046 2863 2185 2915 intra
2214 2857 2444 2912 tribunal
2478 2857 2774 2921 arcebitur,
2823 2856 2914 2909 sed
2961 2869 3066 2908 non
3105 2855 3170 2906 ab
3201 2853 3429 2906 actioni-

1877 2957 1976 3007 bus
2011 2968 2127 3021 qnae
2163 2959 2290 3004 sunt
2337 2957 2486 3000 extra
2521 2946 2778 3000 tribunal.
2830 2946 2962 2999 Dicit
3010 2959 3140 3012 ergo
3191 2953 3429 3004 sanctus,

1875 3062 1996 3100 eum
2033 3045 2230 3096 debere
2264 3040 2474 3106 deponi,
2500 3046 2552 3091 et
2583 3049 2701 3106 post
2724 3035 3108 3104 dopositionem
3152 3048 3270 3085 eum
3300 3033 3426 3100 qni-

205 3136 323 3171 των
349 3119 764 3188 πρεσϐυτέρων.
793 3117 903 3170 τῶν
951 3118 1006 3170 δὲ
1041 3116 1242 3168 λοιπῶν
1282 3116 1574 3185 ίερατικῶν
1621 3117 1770 3182 ἐνερ-

1879 3139 1997 3189 dem
2034 3149 2155 3188 esse
2190 3131 2354 3184 solius
2387 3129 2602 3181 honoris
2635 3127 2976 3194 participem,
3011 3132 3070 3176 ut
3113 3123 3320 3177 scilicet
3346 3138 3430 3173 se-

210 3211 385 3279 γειῶν
406 3211 729 3281 ἀπέχεσθαι,
761 3212 927 3282 ήγουν
956 3212 1092 3278 μήτε
1119 3208 1285 3277 εὐχὴν
1305 3207 1483 3273 λέγειν
1513 3207 1769 3276 δημοσέᾳ,

207 3303 492 3356 τουτέστιν
525 3305 582 3354 ὲν
617 3300 910 3372 ἐκκλησίᾳ,
953 3301 1090 3370 μήτε
1125 3300 1254 3370 Mla,
1303 3300 1576 3351 τουτέστιν
1618 3299 1774 3359 ἐκτὸς

206 3395 310 3462 τῆς
335 3393 627 3462 ἐκκλησίας
647 3410 661 3423 ’
689 3393 821 3446 ἀλλὰ
846 3393 981 3462 μηδὲ
1010 3394 1078 3445 τά
1110 3395 1237 3459 Ξγια
1276 3390 1770 3460 μεταχειρίζεσθαι,

208 3485 308 3537 καὶ
354 3485 563 3555 ἑτέροις
601 3485 946 3553 μεταδιδόναι
973 3484 1171 3544 αὐτῶν,
1216 3483 1340 3552 μήτ’
1380 3481 1507 3533 ἄλλο
1528 3498 1578 3531 τι
1625 3482 1774 3549 ἱερα-

205 3577 363 3628 τικὸν
386 3579 645 3647 ἐνεργεῖν.
664 3577 977 3647 Ἀρκεῖσθαι
1001 3576 1056 3627 δὲ
1077 3578 1141 3644 τῇ
1175 3577 1309 3643 τιμῇ
1343 3575 1438 3641 τῆς
1461 3572 1769 3641 προεδρίας,

205 3670 275 3736 τῇ
315 3668 730 3740 φιλοτιμηθείσῃ
788 3669 935 3738 αὖτῴ
962 3670 1046 3720 διὰ
1078 3667 1176 3736 τὴν
1207 3667 1451 3734 ἄγνοιαν.
1517 3665 1772 3735 Εὺλο-γεῖν

215 3760 400 3827 μέντοι
435 3761 656 3829 ἑτέρους
681 3761 772 3814 τὸν
811 3759 1051 3812 τοιοῦτον
1084 3759 1142 3810 οὒ
1168 3758 1250 3809 δεῖ
1274 3773 1288 3788 ο
1354 3759 1380 3826 ἡ
1418 3756 1526 3825 γὰρ
1556 3755 1773 3821 εὐλογία

215 3852 502 3918 μετάδοσις
535 3850 810 3921 ἁγιασμοῦ
853 3854 1016 3904 ἐστιν.
1056 3850 1113 3905 Ὀ
1137 3851 1193 3902 δὲ
1222 3849 1295 3918 μὴ
1320 3848 1456 3918 ἔχων
1477 3845 1769 3915 ἁγιασμδν,

214 3937 320 3990 κᾶν
347 3937 413 3989 δι’
446 3938 671 4006 ἄγνοιαν
729 3940 1031 4008 καθῃρέθη,
1076 3937 1192 3999 πῶς
1235 3939 1424 3990 τούτου
1478 3935 1771 4005 μεταδώσει

214 4029 390 4098 ἑτέρῳ
421 4048 436 4095 ;
472 4029 774 4099 Συγγνώμη
807 4030 862 4081 δὲ
901 4030 1103 4083 δίδοται
1145 4029 1313 4098 αὐτῷ,
1369 4031 1430 4081 οὑ
1485 4028 1641 4096 μόνον
1683 4027 1771 4080 διὰ

212 4119 312 4171 τοῦ
343 4120 722 4188 συγκαθῆσθαι
777 4121 914 4189 μετὰ
957 4119 1065 4173 τῶν
1110 4121 1320 4190 ἱερέων,
1353 4118 1489 4171 ὀλλὰ
1541 4120 1638 4170 καὶ
1684 4117 1772 4170 διὰ

215 4210 311 4260 τοῦ
349 4210 422 4279 μὴ
450 4212 811 4279 τιμωρεῖσθαι
836 4211 1202 4280 άλλοτρόπως.
1242 4210 1303 4260 Εἰ
1346 4209 1452 4278 γὰρ
1477 4210 1532 4260 ὲν
1563 4209 1768 4276 εἰδήσει

209 4304 403 4357 ἓάὁεν
461 4307 538 4367 εἰς
595 4307 830 4371 γυναῖκα
863 4306 961 4374 τὴν
1005 4306 1406 4374 ἀφιερωθεῐσαν
1435 4302 1514 4372 τῷ
1547 4303 1686 4372 Θεῷ,
1735 4303 1767 4371 ἢ

213 4395 316 4464 τὴν
353 4398 590 4465 συγγενῆ
624 4396 813 4462 αὐτοῦ,
851 4398 943 4448 καὶ
986 4396 1352 4464 ἁλλοτρόπως,
1412 4395 1769 4472 χρηματικῶς

1877 3228 2006 3280 deat
2037 3239 2159 3277 cum
2198 3221 2556 3290 presbyteris,
2589 3233 2615 3270 a
2652 3215 2873 3283 reliquis
2905 3225 3080 3266 autem
3114 3214 3427 3266 sacerdma-

1877 3320 2015 3372 libus
2045 3312 2347 3368 actionibus
2382 3309 2664 3368 abstineat,
2703 3315 2758 3358 ut
2789 3305 2996 3359 scilicet
3022 3318 3196 3369 neque
3223 3303 3426 3356 oratio-

1877 3424 1994 3461 nem
2033 3408 2172 3458 dicat
2203 3402 2412 3472 publice
2444 3414 2538 3452 seu
2569 3398 2619 3450 in
2655 3395 2904 3455 ecclesia,
2943 3409 3038 3446 nec
3069 3393 3338 3462 privatim,
3373 3391 3425 3444 id

1874 3508 1954 3556 est
1990 3509 2138 3552 extra
2168 3492 2447 3548 ecclesiam
2482 3508 2494 3541 :
2533 3489 2623 3542 sed
2659 3500 2828 3554 neque
2863 3496 3048 3538 sancta
3087 3491 3294 3542 tractet,
3330 3497 3428 3534 ncc

1875 3591 1984 3658 ipsa
2007 3588 2125 3640 aliis
2150 3581 2530 3644 communicet,
2565 3593 2662 3630 nec
2695 3575 2892 3642 aliquid
2923 3573 3062 3626 aliud
3096 3571 3429 3626 sacerdomle

1871 3683 2137 3732 exerceat.
2171 3673 2250 3726 Sit
2277 3682 2452 3723 autem
2488 3675 2768 3720 contentus
2802 3664 3056 3716 sessionis
3086 3664 3306 3724 honore,
3334 3661 3426 3729 qui

1872 3766 1946 3819 illi
1973 3773 2191 3834 propter
2223 3755 2573 3828 ignorantiam
2626 3766 2914 3805 concessus
2954 3760 3054 3805 est.
3107 3749 3288 3802 Talem
3337 3763 3430 3802 au-

1873 3865 1976 3909 tem
2009 3852 2127 3905 aliis
2159 3847 2477 3902 benedicere
2508 3857 2610 3896 non
2646 3851 2880 3909 oportet.
2928 3838 3239 3893 Benedictio
3280 3840 3425 3890 enim

1869 3953 1951 3999 est
1984 3937 2425 3994 sanctiﬁcationis
2456 3931 2765 3999 impcrtitiu.
2798 3928 2896 3995 Qui
2932 3937 3104 3982 autem
3133 3942 3237 3980 non
3268 3927 3430 3979 habet

1869 4029 2375 4087 sanctilicationem,
2402 4023 2613 4076 etiamsi
2644 4037 2737 4088 per
2773 4020 3128 4089 ignorantiam
3151 4017 3429 4087 depositus

1870 4127 1957 4186 sit,
2005 4118 2270 4190 quomodo
2298 4129 2414 4167 eam
2451 4113 2569 4165 aliis
2597 4109 2909 4176 impertiet?
2948 4107 3110 4161 Venia
3143 4119 3322 4162 autem
3375 4106 3428 4161 ei

1869 4213 2047 4274 dalttr,
2091 4223 2194 4261 non
2223 4207 2393 4261 solum
2422 4201 2561 4272 quod
2622 4205 2806 4254 sedeat
2856 4215 2977 4252 cum
3027 4199 3428 4263 sacerdotibus,

1868 4305 1961 4358 sed
1980 4290 2040 4356 ἐι
2066 4301 2205 4368 quod
2237 4313 2338 4349 non
2371 4294 2478 4350 alio
2507 4294 2661 4345 modo
2684 4291 2954 4360 puniatur.
2991 4289 3046 4343 Si
3079 4291 3220 4342 enim
3248 4291 3428 4346 sciens

1871 4396 1982 4449 Deo
2033 4401 2402 4445 Consecratam
2452 4385 2743 4444 fetutinam,
2791 4381 2872 4433 vel
2921 4396 3069 4434 suam
3119 4391 3456 4449 cognatam,.

207 4484 450 4554 δηλονότι
518 4488 610 4538 καὶ
657 4486 1100 4555 ἐγκληματικῶς,
1134 4488 1200 4539 ἂν
1251 4470 1558 4552 ἐκολάσθη..
1607 4485 1765 4538 ἅτινα

1871 4497 2090 4539 uxorem
2148 4478 2465 4545 accepisset,
2514 4473 2620 4528 alio
2669 4472 2829 4525 etiam
2890 4473 3068 4535 modo,
3121 4470 3429 4538 pecuniaria

209 4577 313 4640 οςζοκ
348 4577 649 4642 ἐπάγονται
687 4569 834 4645 αὺτῷ
905 4577 994 4630 διά
1046 4577 1145 4644 τὴν
1183 4578 1424 4643 ἄγνοιαν.
1474 4575 1581 4626 Καὶ
1633 4575 1765 4626 ἀνά-

209 4665 382 4731 γνωθι
417 4666 506 4716 τὸν
548 4671 630 4729 ις’
659 4666 834 4718 τίτλον
866 4665 958 4718 τοῦ
982 4663 1067 4734 κη’
1100 4666 1302 4735 βιϐλίου
1334 4682 1347 4696 ·
1398 4668 1534 4733 μετὰ
1585 4664 1764 4732 μέντοι

208 4755 272 4805 τὸ
298 4757 673 4824 ἀπαγορεῦσαι
722 4755 870 4824 αὐτῳ
928 4757 1107 4806 πᾶσαν
1144 4753 1424 4822 ἱερατικὴν
1464 4753 1761 4819 ἐνέργειαν.

213 4847 380 4914 φησιν
410 4849 438 4899 ὁ
461 4847 636 4912 ἅγιος,
671 4845 1048 4913 προσκηλαιέτω
1090 4846 1295 4913 ἑτέροις
1325 4842 1512 4907 καὶτῷ
1543 4842 1760 4910 Κ·.;ρίῳ’

207 4935 288 5002 τῷ
313 4936 408 5002 μὲν
431 4934 642 5003 Κυρίῳ,
671 4934 742 4997 ὡς
768 4934 1049 5003 δυναμένῳ
1079 4933 1296 5000 ἀφιέναι
1369 4931 1763 5000 ἁμαρτήματα,

210 5028 327 5086 τοῖς
353 5025 409 5077 δὲ
437 5026 667 5092 ἑτέροις,
697 5025 785 5077 ἵνα
834 5027 1078 5077 κάκεῖνοι
1114 5025 1255 5093 ὑπὲρ
1316 5022 1481 5075 αὐτοῦ
1540 5022 1761 5074 δέωνται

211 5115 293 5182 τῷ
323 5116 508 5183 Κυρίῳ
548 5115 970 5186 συγχωρηθῆναι
998 5114 1169 5184 τούτῳ
1188 5115 1247 5165 τὸ
1275 5115 1370 5165 Ἐκ
1405 5111 1497 5164 τοῦ
1524 5110 1762 5176 ἀθέσμου

214 5204 396 5271 γάμου
428 5207 711 5272 ἀνόμημα.
767 5203 1063 5271 Ἐρωτήσει
1094 5203 1148 5253 δέ
1193 5218 1296 5263 τις,
1353 5200 1427 5261 ὡς
1469 5199 1562 5251 Ἐκ
1597 5195 1764 5265 τρ.ὦν

212 5295 428 5362 τρόπων
463 5277 838 5361 κολαζομένων
868 5293 975 5345 τῶν
1023 5292 1279 5361 ἀθέσμων
1311 5292 1522 5358 γάμων,
1569 5286 1760 5339 καθαιο

218 5384 504 5453 ρεθήσεται
553 5385 646 5436 καί
676 5386 702 5435 ὀ
733 5385 961 5452 ποιήσας
1007 5387 1321 5452 παράνομον
1359 5382 1559 5451 γάμον,
1595 5379 1761 5448 ἧγουν

214 5474 310 5524 καὶ
336 5475 362 5523 ὁ
387 5473 486 5539 τήν
514 5488 644 5522 ποτε
679 5471 810 5540 παρ’
863 5468 1029 5521 αὑτοῦ
1075 5469 1580 5539 ὲπιτροπευθείσαν,
1606 5466 1638 5534 ἢ
1666 5464 1760 5534 τοῦ

215 5563 454 5631 πατέρος
482 5563 667 5624 αὐτοῦ,
719 5564 798 5622 tl;
827 5562 1002 5629 γάμον
1037 5561 1340 5629 άγόμενος;
1380 5559 1568 5616 Λύσις.
1611 5555 1762 5609 Ἐπεὶ

211 5657 285 5716 ὡς
319 5655 628 5723 παράνομος
665 5655 756 5706 καὶ
789 5654 816 5705 ὁ
859 5651 1095 5714 τοιοῦτος
1128 5650 1305 5719 γάμος
1350 5650 1668 5713 διασπᾶται,
1703 5647 1762 5712 ἐξ

214 5747 460 5811 ωαξης
494 5747 634 5808 μετὰ
666 5745 721 5795 τὸ
749 5742 1020 5809 διαζύγιον
1054 5743 1149 5794 καὶ
1170 5735 1322 5804 οὗτος
1353 5741 1429 5803 ὼς
1457 5741 1760 5810 πορνεύσας

1872 4573 2080 4630 scilicet
2133 4579 2185 4621 et
2225 4566 2469 4621 crituinal
2499 4576 2579 4619 ter
2625 4564 2893 4634 punietur,
2953 4578 3069 4629 qua:
3112 4561 3326 4628 quidem
3376 4573 3426 4612 et

1873 4672 2088 4730 propter
2121 4655 2473 4725 igtmtatttiatti
2513 4671 2616 4707 non
2665 4649 2999 4717 inﬂiguntur.
3041 4646 3179 4715 Lege
3215 4649 3296 4700 tit.
3337 4648 3425 4712 l6,

1873 4751 1966 4804 lib.
2002 4764 2189 4802 xxvm.
2218 4747 2505 4813 Postquam
2539 4753 2713 4796 autem
2746 4749 2964 4795 sanctus
2991 4738 3038 4790 ei
3074 4737 3216 4788 omni
3243 4750 3424 4789 Sacer-

1872 4841 2034 4894 dotali
2066 4839 2275 4891 actione
2306 4835 2697 4892 interdixisset,
2750 4830 2968 4890 [lt-ﬂeat,
3005 4827 3194 4897 inquit,
3229 4826 3344 4878 aliis
3374 4834 3427 4879 et

1872 4931 2146 4984 Domino:
2187 4926 2409 4979 Domino
2466 4924 2682 4993 quidem
2741 4931 2799 4975 ut
2841 4923 2932 4990 qui
2988 4929 3160 4986 potest
3209 4929 3423 4988 peccata

1872 5019 2188 5080 remittere;
2221 5014 2360 5078 aliis,
2424 5021 2480 5065 ut
2521 5012 2593 5063 illi
2642 5025 2738 5078 pro
2789 5024 2852 5062 eo
2901 5019 3086 5078 rogent
3144 5008 3424 5060 Dominum

1869 5113 2173 5166 condonare
2200 5109 2246 5161 ei
2291 5106 2539 5160 delictum
2571 5103 2774 5157 nefario
2804 5104 3144 5155 matrimonio
3171 5104 3423 5156 mminis-

1870 5214 2009 5255 sum.
2047 5197 2269 5267 Rugabit
2301 5207 2476 5250 autem
2523 5195 2807 5262 quispiam,
2863 5209 2982 5246 cum
3023 5192 3192 5246 tribus
3251 5195 3425 5247 modis

1870 5293 2158 5361 puniantur
2189 5289 2407 5342 nefariae.
2440 5289 2657 5355 nuptiae,
2713 5290 3078 5353 deponetnrne
3127 5285 3420 5352 quispiam,

1868 5384 1958 5452 qui
1999 5392 2183 5436 contra
2227 5381 2367 5447 leges
2401 5377 2799 5432 matrimonium
2836 5375 3189 5437 contraxerit,
3241 5384 3424 5442 utpote

1870 5475 1914 5528 is
1939 5472 2027 5541 qui
2050 5487 2190 5534 eam,
2229 5470 2381 5540 Cujus
2411 5471 2522 5537 ipse
2544 5469 2622 5521 vel
2649 5476 2793 5534 pater
2815 5465 2928 5534 ejus
2959 5475 3100 5518 tutor
3119 5465 3237 5528 fuit,
3271 5464 3423 5516 duxit

1868 5567 1920 5620 in
1956 5563 2388 5618 matrimonium?
2428 5561 2654 5615 Salutio.
2690 5557 2951 5623 Quoniam
3001 5558 3099 5609 hoc
3146 5556 3424 5608 tnatrimo-

1869 5658 2018 5710 nium
2051 5666 2108 5708 ut
2138 5655 2344 5723 legibus
2375 5652 2706 5707 contrarium
2737 5650 3064 5708 dissolvitur,
3092 5648 3177 5700 hic
3205 5659 3421 5714 quoque

1871 5756 1988 5813 post
2021 5744 2333 5805 divortium,
2388 5751 2440 5794 ut
2485 5740 2573 5809 qui
2632 5738 2927 5791 fornicatus
2981 5739 3070 5802 sit,
3109 5737 3419 5790 itecessario
