3998 6326
177 403 296 463 CXI

1117 402 1197 462 IN
1227 401 1471 460 EPIST.
1515 400 1571 458 S.
1618 397 1900 458 BASILII
1961 394 2405 455 CANONICAM
2462 396 2540 457 II.

3336 401 3442 458 (382

173 521 242 570 τὸ
271 517 373 570 τοῦ
437 519 615 584 γάμου
649 517 909 584 ἄθεσμονο
946 516 1045 584 τῆς
1095 517 1195 585 μὲν
1234 517 1400 584 τιμῆς
1444 517 1614 584 μόνης
1675 515 1768 566 καὶ

1897 510 2475 581 ιειιοεείιίίιεείιίῐηυπι
2514 511 2846 582 conjugium.
2881 510 3062 568 Solius
3098 512 3312 582 quidem
3349 512 3444 568 bo-

182 610 500 678 προεδρίας
531 607 639 659 τὼν
672 608 864 676 ἱερέων
898 608 1140 676 μεθέξει,
1169 610 1266 675 τῆς
1326 609 1381 658 δὲ
1421 605 1769 675 λειτουργίας

177 700 518 752 παντάπασι
589 697 986 766 κωλυθήσεται·
1062 699 1293 768 ἀρκετὸν
1372 697 1479 765 γάρ
1549 695 1696 764 αὐτῷ
1737 696 1770 764 ἡ

176 785 502 854 συγγνώμη
555 787 643 838 διὰ
689 784 788 855 τὴν
850 786 1095 850 ἄγνοιαν·
1151 786 1212 838 τὸ
1271 785 1327 836 δὲ
1389 785 1483 836 καὶ
1550 784 1771 851 ἐτέρους

178 881 444 946 εὐλογεῖν
508 880 601 929 τὸν
663 878 949 946 ὀφείλοντα
1005 878 1114 930 τῶν
1162 878 1381 930 οἰκείων
1440 875 1770 945 τραυμάτων

175 972 440 1024 τίθεσθαι
478 971 734 1039 πρόνοιαν
769 971 1156 1024 ἀνακόλουθον.
1209 969 1452 1034 Εὐλογία
1476 968 1578 1035 γὰρ
1599 966 1771 1036 μετά-

178 1065 341 1126 δοσξς
369 1066 514 1115 ἐστιν
537 1063 840 1133 ἁγιασμοῖκ
895 1063 954 1116 ’0
981 1064 1036 1115 δὲ
1060 1062 1252 1114 τοῦτον
1285 1061 1359 1130 μὴ
1400 1061 1539 1128 ἔχων
1595 1059 1684 1113 διὰ
1711 1059 1773 1112 τὸ

184 1161 256 1208 ἐκ
309 1157 406 1223 τῆς
466 1156 690 1224 ἀγνοίας
743 1157 1104 1226 παράπτωμα
1162 1155 1277 1216 πῶς
1337 1152 1542 1220 ἑτέροις
1604 1168 1771 1220 μετα-

179 1247 356 1299 δώσει
389 1263 404 1310 ;

770 1339 1010 1392 ΚΑΝΩΝ
1050 1340 1149 1391 KH
1173 1379 1187 1393 .

182 1434 433 1486 Κάκεῖνό
454 1451 517 1500 γε
551 1433 661 1503 μὴν
701 1433 910 1501 γελοῖόν
947 1449 1038 1500 μοι
1081 1433 1387 1502 κατεφάνη,
1414 1433 1474 1484 τὸ
1508 1431 1775 1497 εὔξασθαί

277 1541 405 1573 τινα
444 1523 604 1574 ὑείων
641 1521 941 1591 ἀπέχεσθαι
998 1521 1199 1588 κρεῶν.
1231 1522 1392 1572 Ὥστε
1436 1518 1774 1583 καταξίωσον

272 1611 551 1664 διδάσκειν
583 1614 802 1674 αὐτοὺς,
831 1612 938 1663 τίὶιν
956 1611 1298 1662 ἀπαιδεύτων
1326 1609 1649 1678 προσευχῶν
1679 1608 1777 1660 καὶ

266 1700 624 1769 ἐπαγγελιῶν
655 1702 985 1769 ἀπέχεσθαι,
1016 1701 1116 1768 τὴν
1170 1700 1354 1768 μέντοι
1388 1701 1585 1769 χρῆσιν
1619 1699 1774 1751 ἀδιά-

265 1811 436 1862 φορον
514 1788 654 1845 εἶναι
723 1793 1092 1862 συγχώρησον.
1176 1792 1341 1844 Οὐδὲν
1399 1793 1504 1860 γὰρ
1567 1792 1776 1860 κτίσμα

271 1882 413 1938 Θεοῦ
460 1884 764 1953 ἀπόϐλητον
825 1884 945 1952 μετ’
1003 1882 1359 1952 εὐχαριστίας
1427 1882 1780 1952 λαμϐανόμε-
1814 1879 1856 1935 Β

273 1993 388 2026 νον.
429 1975 592 2026 Ὥστε
644 1974 840 2044 ἡεύχὴ
872 1975 1298 2041 καταγέλαστος,
1354 1974 1451 2042 οὐχ
1494 1976 1526 2040 ὴ
1596 1973 1776 2044 ἀποχὴ

268 2066 575 2130 ἀναγκαία.

771 2159 1013 2211 ΚΑΝΩΝ
1063 2159 1192 2214 ΚΘ¹.

193 2249 511 2318 ’Λρχοντας
541 2250 723 2317 μέντοι
752 2250 975 2320 ὀμνύειν
1024 2252 1118 2302 ἐπὶ
1167 2249 1245 2319 τῷ
1276 2252 1600 2302 κακοποιεῖν
1652 2244 1780 2312 τοῦς

270 2342 617 2408 ἀρχομένους
679 2341 774 2391 καὶ
823 2344 966 2394 πάνυ
1027 2341 1432 2407 θεραπεύεσθαι
1485 2343 1778 2409 προσήκει.

274 2430 562 2495 Θεραπεία
594 2430 651 2482 δὲ
681 2430 887 2482 τούτων
914 2432 1086 2500 διττή.
1123 2433 1238 2484 Μία
1299 2431 1422 2498 μὲν,
1460 2433 1533 2500 μὴ
1559 2431 1782 2500 ὀμνύειν

273 2518 479 2578 αὐτοὺς
509 2517 853 2570 διδάσκεσθαι
887 2521 1216 2588 προχείρως,
1243 2520 1405 2589 ἑτέρα
1441 2520 1517 2582 δὲ,
1557 2519 1632 2588 μὴ
1664 2521 1783 2572 ἐπι-

273 2609 460 2677 μένειν
489 2611 545 2658 ὲν
611 2612 731 2671 ταῖς
766 2613 1031 2678 πονηραῖς
1081 2611 1352 2679 κρίσεσιν.
1427 2612 1590 2662 Ὥστε
1637 2612 1784 2681 ὅρκῳ

275 2699 616 2768 προληψθείς
648 2718 726 2762 τις
755 2703 835 2760 είς
881 2703 1222 2753 κακοποιῖαν
1278 2703 1491 2772 ἐτέρου,
1526 2702 1624 2770 τὴν
1683 2702 1784 2770 μὲν

278 2792 377 2842 ἐπὶ
403 2793 468 2859 τῇ
504 2792 806 2860 προπετείᾳ
855 2791 951 2843 τοῦ
987 2793 1154 2860 ὅρκου
1239 2795 1528 2862 μετάνοιαν
1587 2794 1786 2845 ὲπιδει-

295 2879 536 2940 κνύσθω,
593 2879 667 2948 μὴ
724 2883 905 2949 μέντοι
957 2883 1307 2951 προσχήματι
1339 2881 1622 2944 εύλασείας
1687 2881 1785 2951 τὴν

272 2973 542 3042 πονηρίαν
591 2974 784 3025 ἑαυτοῦ
825 2973 1158 3042 βεδαιούτωβ
1216 2976 1336 3028 οὐδὲ
1388 2977 1497 3046 γὰρ
1564 2975 1783 3044 Ἡρώδῃ

284 3067 623 3134 συνήνεγκεν
665 3065 1058 3134 εὑορκήσαντι,
1093 3065 1174 3129 ὃς,
1215 3067 1304 3119 ἵνα
1353 3069 1429 3136 μὴ
1479 3069 1783 3139 ἐπιορκήσῃ

275 3158 460 3226 δῆθεν,
490 3159 678 3225 φονεὺς
712 3158 932 3224 ἐγένετο
975 3158 1071 3209 τοῦ
1118 3161 1430 3229 προφήτου.
1465 3161 1649 3223 "Attae
1684 3161 1785 3228 μὲν

280 3254 310 3302 ὀ
341 3252 502 3318 ὅρκος
537 3243 916 3318 ἀπηγόρευται
941 3265 954 3280 ⁸
1013 3249 1192 3320 πολλῷ
1228 3227 1301 3303 δέ
1345 3269 1449 3304 που
1496 3252 1646 3312 είκὸς
1687 3227 1783 3303 τὸν
1810 3227 1856 3288 c

282 3341 380 3394 ἐπὶ
405 3339 558 3409 κακῴ
583 3342 869 3406 γινόμενον
899 3341 1356 3410 κατακρίνεσθαι.
1410 3344 1572 3392 Ὥστε
1619 3359 1784 3410 μετα-

283 3434 510 3498 φρονεῖν
541 3431 647 3501 χρὴ
679 3430 772 3482 τὸν
826 3429 1121 3498 ὀμνύοντα,
1158 3433 1282 3501 οὐχὶ
1323 3433 1650 3495 σπουδάζειν
1699 3434 1784 3508 βε-

284 3521 476 3572 ϐαιοῦν
508 3521 673 3574 αὑτοῦ
700 3522 761 3574 τὸ
799 3522 1018 3575 ἀνόσιον
1043 3536 1057 3552 ⁶
1099 3521 1354 3586 ἐξέτασον
1410 3523 1519 3591 γὰρ
1572 3523 1783 3575 πλατύ-

277 3629 438 3682 τερον
464 3613 561 3683 τὴν
587 3615 844 3666 ἀτοπίαν.
875 3613 1043 3676 Eiet;
1066 3614 1319 3682 ὀμόσειεν
1349 3613 1633 3684 ἐξορύξειν
1654 3617 1780 3678 τοὺς

283 3702 603 3772 ὀφθαλμοὺς
633 3705 728 3756 τοῦ
759 3705 1015 3773 ἀδελφοῦ,
1045 3708 1092 3757 εἰ
1128 3707 1292 3758 καλὸν
1319 3710 1380 3759 τὸ
1412 3707 1658 3761 τοιοῦτον
1700 3711 1782 3770 εἰς

277 3794 441 3862 ἔργον
494 3796 682 3865 αύτῷ;
748 3796 812 3849 Εἰ
849 3813 931 3858 τις
973 3798 1276 3865 φονεύσειν,
1309 3799 1363 3850 ετ
1412 3816 1495 3862 τις
1544 3801 1678 3863 ὅλως
1713 3800 1781 3852 δι’

279 3887 445 3954 ὅρκου
494 3886 717 3956 ἐντολὴν
746 3887 868 3939 τινὰ
924 3888 1373 3959 παραὸήσεσθαις
1410 3893 1622 3960 Ὤμοσα
1673 3892 1782 3960 γὰρ

276 3978 374 4030 καὶ
406 3976 614 4046 ἐστησα
634 3978 754 4046 οὐχὶ
785 3978 884 4046 τὴν
919 3978 1219 4048 ἁμαρτίαν,
1248 3981 1387 4033 ἀλλά
1417 3979 1511 4032 τοῦ
1544 3979 1782 4048 φυλάξαι

286 4070 355 4120 τά
384 4070 630 4136 κρίματα
648 4068 746 4136 τῆς
780 4068 1156 4139 δικαιοσύνης.
1186 4069 1399 4140 Ὥσπερ
1440 4072 1496 4122 δὲ
1522 4073 1619 4141 τὴν
1637 4074 1784 4124 ὲντο-

281 4158 381 4228 λὴν
414 4158 770 4228 ἀμεταθέτως
828 4158 1062 4226 κρίμασι
1116 4162 1358 4230 προσῆκε
1409 4163 1778 4232 βεϐαιοῦσθαι,

284 4249 432 4302 οὕτω
451 4249 548 4320 τὴν
574 4251 853 4320 ἁμαρτίαν
884 4256 1154 4313 παντοίως
1186 4255 1418 4325 καθήκει
1443 4257 1781 4328 ἀκυροῦσθαι

283 4340 379 4394 καὶ
406 4340 788 4406 ἀφανίζεσθαι.

283 4431 480 4484 ΒΔΛΣ.
512 4433 576 4484 Ol
608 4435 874 4502 παρόντες
900 4433 992 4486 δύο
1034 4436 1258 4498 κανόνες
1315 4438 1783 4508 παρακελεύονται

1883 605 2030 655 noris
2062 613 2116 657 et
2144 603 2506 672 praesidentia!
2557 604 2902 658 sacerdotum
2936 605 3206 673 particeps
3244 603 3371 670 erit,
3417 621 3447 659 ι

1883 695 2182 749 ministerio
2208 706 2388 749 autem
2415 697 2664 750 obeundo
2693 696 3006 751 omnimodo
3054 696 3446 763 prohibebitur.

1869 782 2014 837 'Nam
2049 785 2205 839 venia
2239 786 2307 839 ob
2335 785 2695 854 ignorantiam
2728 787 2775 841 ei
2807 785 3082 840 sufﬁciens
3122 794 3224 840 est.
3253 787 3358 841 Sed
3393 798 3447 840 ut

1882 877 1929 928 is
1961 890 2120 944 quem
2153 891 2373 929 suorum
2405 877 2688 931 vulnerum
2718 892 2904 931 curam
2933 886 3145 946 oportet
3167 872 3374 947 gerere,
3396 885 3450 932 et

1883 966 2003 1020 aliis
2037 967 2344 1031 benedicat,
2390 983 2495 1021 non
2525 975 2609 1022 est
2633 977 3081 1022 consentaneum.
3138 968 3452 1024 Benedictio

1881 1057 2025 1108 enim
2077 1058 2524 1111 sanctiﬁcationis
2551 1068 2634 1112 est
2675 1059 3118 1114 communicatio.
3175 1059 3278 1124 Qui
3332 1075 3452 1114 eam

1883 1154 2062 1198 autem
2097 1161 2201 1198 non
2234 1147 2488 1200 habeto!)
2526 1149 2845 1216 ignorantiae
2898 1147 3130 1216 lapsum,
3183 1151 3454 1216 quomodo

1882 1236 2004 1292 aliis
2054 1240 2520 1293 communicabit?

2411 1329 2642 1385 CANON
2684 1330 2928 1386 XXVIII.

1887 1416 2021 1472 Illud
2049 1420 2268 1488 quidem
2306 1422 2437 1476 mihi
2474 1423 2647 1476 visum
2678 1431 2762 1477 est
2792 1421 3098 1489 ridiculum,
3136 1438 3330 1477 vovere
3352 1424 3450 1476 ali-

1957 1525 2116 1577 quem
2149 1511 2458 1566 acarnibus
2507 1513 2684 1567 suillis
2742 1513 3041 1568 abstinere.
3095 1512 3453 1577 Quamobrem

1954 1601 2177 1668 dignare
2204 1616 2296 1656 eos
2322 1602 2532 1666 docere,
2567 1611 2627 1656 ut
2661 1602 2730 1656 ab
2764 1602 2962 1670 ineptis
2985 1603 3120 1655 votis
3149 1612 3201 1655 et
3228 1605 3443 1670 promis

1954 1693 2030 1746 sis
2057 1694 2389 1760 abstineant,
2429 1711 2584 1748 usum
2620 1695 2836 1764 quidem
2886 1710 3010 1750 esse
3060 1694 3453 1750 indifferentem

1954 1785 2228 1852 permitte.
2259 1785 2414 1839 Nulla
2440 1787 2585 1840 enim
2613 1785 2706 1839 Dei
2736 1793 2990 1841 creatura
3023 1796 3105 1840 est
3142 1785 3452 1855 rejicieuda,

1959 1875 2002 1928 si
2066 1891 2192 1930 cum
2269 1880 2568 1944 gratiarum
2628 1878 2842 1933 actione
2903 1879 3220 1948 accipiatur.
3273 1878 3453 1945 Quare

1953 1977 2140 2022 votum
2201 1979 2285 2024 est
2326 1971 2643 2034 ridiculum.
2688 1987 2794 2026 non
2832 1972 3162 2028 abstinentia
3203 1987 3454 2027 necessa-

1956 2060 2056 2113 ria.

2439 2151 2668 2208 CANON
2703 2151 2899 2207 XXIX.

1880 2241 2033 2305 Quod
2065 2241 2338 2311 principes
2371 2244 2588 2313 quidem
2625 2245 2830 2312 jurcnt,
2860 2258 2921 2298 se
2945 2242 3203 2312 subjectis
3233 2243 3458 2298 malefa-

1955 2343 2163 2398 cturos,
2201 2350 2393 2401 magna
2435 2335 2702 2388 medicina
2733 2350 2867 2404 opus
2896 2336 3078 2391 habet.
3132 2334 3331 2390 Medela
3365 2351 3458 2390 au-

1959 2436 2062 2478 tem
2097 2439 2284 2478 eorum
2313 2435 2396 2479 est
2424 2426 2620 2494 duplex
2651 2444 2666 2480 :
2700 2443 2804 2480 una
2853 2427 3091 2496 quidem,
3123 2437 3182 2481 ut
3234 2427 3333 2497 ipsi
3364 2429 3458 2481 do-

1957 2526 2187 2570 ceantur
2216 2534 2319 2571 non
2357 2518 2516 2572 facile
2543 2520 2766 2586 jurare;
2803 2519 2970 2574 altera
3032 2531 3238 2585 autem,
3282 2535 3350 2574 ne
3404 2522 3456 2574 in

1963 2607 2118 2661 malis
2139 2608 2362 2677 judiciis
2391 2611 2703 2679 persistant.
2735 2599 2917 2675 Quare
2939 2612 3030 2680 qui
3063 2629 3121 2667 se
3151 2613 3304 2668 alteri
3343 2631 3460 2668 ma-

1961 2701 2283 2754 lefacturum
2311 2701 2496 2769 jurare
2529 2703 2866 2772 anticipavit,
2904 2705 3046 2773 quod
3070 2707 3134 2758 ad
3164 2706 3456 2775 jurandum

1959 2790 2183 2845 nimium
2239 2792 2417 2846 facilis
2474 2792 2659 2857 fuerit,
2719 2808 2777 2848 se
2832 2795 3094 2864 poenitere
3159 2799 3454 2852 ostendat:

1953 2881 2198 2959 87_non
2233 2893 2415 2936 autem
2443 2883 2666 2951 pietatis
2701 2895 2970 2953 praetextu
3001 2901 3154 2939 suam
3190 2887 3453 2954 improbi-

1959 2982 2121 3027 tatem
2153 2977 2458 3030 conftrmet.
2489 2974 2680 3044 Neque
2705 2977 2849 3031 enim
2886 2975 3083 3033 Herodi
3111 2979 3296 3043 jurare
3327 2995 3458 3048 pro-

1959 3062 2078 3127 fuit,
2114 3066 2231 3133 qui,
2260 3082 2326 3120 ne
2355 3067 2643 3136 pejeraret,
2669 3069 2985 3139 prophetam
3010 3071 3234 3125 occidit.
3267 3068 3458 3142 Jusju-

1961 3156 2189 3210 randum
2236 3158 2379 3212 enitu
2437 3160 2660 3214 omnino
2716 3171 2800 3215 cst
2861 3163 3191 3224 prohibitum
3237 3163 3456 3216 :multo

1958 3256 2137 3298 autem
2169 3248 2339 3316 magis
2377 3260 2807 3303 consentaneum
2861 3261 2946 3303 est
2993 3251 3128 3303 illud
3175 3266 3296 3306 esse
3328 3269 3458 3306 con-

1959 3337 2299 3400 demnatum,
2359 3340 2506 3406 quod
2553 3348 2779 3406 propter
2831 3340 3029 3393 malum
3080 3341 3319 3409 juratum
3350 3353 3454 3397 est.

1955 3426 2137 3490 Quare
2172 3442 2294 3481 eum
2330 3428 2420 3497 qui
2473 3428 2706 3495 juravit,
2740 3431 3025 3498 pwnitere,
3065 3449 3170 3487 non
3204 3434 3453 3503 impieta-

1961 3528 2065 3572 tem
2099 3517 2214 3585 ejus
2244 3521 2569 3573 confirmare
2598 3523 2817 3576 studere
2844 3533 3078 3589 oportet.
3133 3523 3265 3592 Ejus
3309 3529 3451 3579 enim

1959 3603 2352 3664 absurditatth
2381 3611 2554 3666 fusius
2581 3613 2892 3682 exquirere.
2927 3611 2984 3668 Si
3016 3617 3138 3684 quis
3170 3634 3228 3670 se
3270 3617 3455 3674 fratris

1956 3701 2144 3756 oculos
2179 3701 2502 3757 eﬂ‘ossurum
2544 3703 2832 3772 juraverit,
2867 3705 2989 3759 eine
3043 3709 3326 3763 honestum
3374 3722 3458 3764 est

1958 3797 2061 3851 hoc
2085 3796 2150 3848 ad
2181 3795 2433 3850 eﬂectum
2475 3795 2787 3851 deducere?
2822 3795 2877 3851 Si
2906 3801 3028 3866 quis
3054 3814 3112 3853 se
3137 3801 3458 3855 interfectu-

1959 3903 2097 3950 rum,
2127 3889 2170 3941 si
2203 3889 2324 3956 quis
2362 3888 2585 3944 omnino
2606 3887 2875 3957 juraverit
2904 3891 3212 3943 mandatum
3237 3893 3453 3957 aliquod

1958 3981 2466 4048 transgressurum?
2497 3978 2683 4035 Juravi
2707 3982 2852 4035 enim
2890 3991 2942 4035 et
2974 3984 3138 4035 statui
3186 3999 3289 4035 non
3324 3999 3448 4050 pec-

1956 4080 2158 4134 catum,
2194 4071 2286 4124 sed
2313 4085 2531 4125 servare
2555 4071 2760 4140 judicia
2787 4073 3010 4140 justitize
3033 4082 3155 4127 tuae.
3185 4073 3456 4139 Quemad-

1955 4162 2170 4216 modum
2205 4173 2384 4215 autem
2423 4161 2733 4215 mandatum
2771 4169 2857 4214 est
2889 4163 3318 4217 immutabilibus
3370 4165 3452 4233 ju-

1953 4255 2110 4309 diciis
2135 4256 2590 4317 confirmandum,
2619 4254 2692 4307 ita
2726 4267 3005 4320 peccaturo
3032 4255 3258 4309 omnino
3302 4257 3455 4311 infir-

1955 4358 2106 4397 mare
2126 4354 2180 4397 et
2208 4344 2391 4397 delere
2417 4351 2648 4412 oportet.

1954 4433 2150 4489 BALS.
2191 4435 2494 4490 Praasentes
2527 4434 2634 4490 duo
2660 4448 2898 4488 canones
2943 4434 3138 4502 jubent
3187 4437 3452 4493 inﬁrmari

208 4520 524 4575 ἀθετεῖσθαι
574 4523 699 4586 τοὺς
751 4525 1080 4592 γενομένους
1151 4529 1349 4597 ὅρκους
1397 4532 1552 4600 παρά
1616 4549 1779 4585 τινων

1907 4535 2184 4580 uramenta
2217 4541 2246 4580 a
2278 4527 2596 4594 quibusdam
2634 4525 2796 4588 facta,
2831 4537 2889 4580 ut
2918 4527 3044 4581 mali
3073 4528 3274 4596 aliquid
3314 4531 3407 4585 fiat
3430 4572 3448 4596 ,

208 4614 375 4682 χάριν
412 4611 503 4664 τοῦ
530 4613 785 4681 γενέσθαι
841 4617 1012 4668 κακόν
1039 4634 1113 4682 τι,
1143 4618 1174 4686 ἢ
1212 4621 1304 4671 καὶ
1336 4621 1574 4686 γέλωτος
1604 4623 1774 4688 ἀξιον*

205 4702 345 4769 φασὶ
382 4704 490 4771 γάρ
520 4705 612 4755 τὸν
651 4705 955 4774 εὐξάμενον
990 4705 1109 4774 ἦτοι
1155 4707 1432 4776 ὀμόσαντα
1467 4712 1542 4779 μὴ
1579 4714 1777 4780 φαγεῖν

206 4790 376 4857 κρέας
402 4793 633 4858 χοίρειον
659 4833 673 4856 ,
705 4793 738 4862 ἢ
791 4795 1291 4864 κακοποιῆσαιτοὺς
1331 4799 1421 4850 ὑπ’
1457 4800 1618 4854 αὑτὸν
1633 4801 1780 4854 διδά-

212 4877 444 4929 σκεσθαι
470 4878 579 4930 τῶν
623 4881 926 4947 ἀλογίστων
976 4887 1239 4938 τοιούτων
1299 4889 1396 4940 καὶ
1436 4889 1777 4944 ἀπαιδεύτων

206 4970 386 5038 ὅρκων
443 4972 764 5040 ἀπέχεσθαι,
828 4977 922 5026 καὶ
968 4973 1058 5030 δτι
1111 4979 1369 5046 καθάπαξ
1429 4983 1489 5033 τὸ
1554 4983 1776 5052 ὀμνύειν

208 5061 660 5131 ἀπηγορευμένον
704 5065 872 5116 ἐστίν’
909 5068 1302 5140 ἐπιχωρεῖσθαι
1344 5075 1400 5127 δὲ
1440 5076 1500 5127 τὸ
1534 5077 1773 5147 χοίρειον

206 5153 378 5218 κρέας
408 5151 636 5216 ἐσθίειν,
670 5156 764 5204 καὶ
793 5157 1164 5223 παραϐαίνειν
1203 5162 1292 5213 τὸν
1317 5163 1501 5232 ὅρκον,
1554 5166 1651 5216 καὶ
1695 5165 1771 5234 μὴ

208 5246 384 5293 ποιεῖν
441 5244 501 5295 τὸ
555 5246 726 5298 κακὸν
785 5249 1057 5316 προφάσει
1117 5252 1208 5303 τοῦ
1277 5254 1350 5324 μὴ
1421 5259 1770 5327 ὲπιῖρκῆσαι.

221 5331 526 5402 Ἐχρήσατο
587 5335 644 5387 δὲ
700 5340 792 5390 καὶ
854 5341 1388 5412 παραδείγματιτῴ
1429 5346 1642 5418 Ἡρώδῃ
1693 5348 1771 5418 τῷ

208 5421 469 5489 ὀμόσαντι
511 5426 770 5492 φονεῦσαι
804 5429 896 5481 τὸν
953 5431 1287 5504 Βαπτιστὴν,
1320 5437 1414 5488 καὶ¹
1447 5437 1535 5491 διὰ
1594 5442 1654 5492 τὸ
1693 5443 1770 5511 μὴ

209 5516 529 5584 ἐπιορκῆσαι
561 5521 850 5588 ποιήσαντι
884 5523 1064 5591 φόνον.
1103 5527 1250 5580 Ἔδει
1291 5529 1418 5598 γὰρ,
1453 5531 1638 5600 φησὶν,
1675 5536 1771 5586 αύ-

207 5603 300 5655 τδν
342 5609 775 5678 μεταφρονῆισαι,
829 5612 999 5684 ἡγουν
1071 5620 1417 5687 μεταγνῶναι
1453 5625 1547 5675 καὶ
1598 5641 1768 5679 κατα-

207 5695 478 5786 φρονῆσαι
509 5697 603 5750 τοῦ
651 5701 843 5756 ἀδίκου
873 5706 1059 5776 ὅρκου,
1094 5710 1210 5762 ἀλλ’
1238 5712 1359 5781 οὐχὶ
1384 5713 1476 5766 διά
1505 5716 1602 5784 τῆς
1631 5720 1768 5786 πρά-

209 5782 340 5847 Ξεως
372 5784 676 5853 βεϐαιῶσαι
709 5792 771 5845 τὸ
813 5796 1046 5870 ἀνόσιον.
1093 5801 1390 5866 Ἀνάγνωθι
1423 5807 1484 5857 τὸ
1540 5782 1608 5876 ιη’
1634 5782 1760 5876 κεφ.

398 5879 670 5943 ΡΑτιιοι..
712 5887 828 5949 Gn.
861 5889 1247 5955 CXXXVIII.

1882 4616 1962 4668 vel
1986 4617 2147 4670 etiam
2177 4617 2450 4685 quidpiam
2482 4617 2784 4671 ridiculum.
2829 4616 2970 4672 Dicit
3003 4621 3146 4673 enim
3191 4635 3312 4673 eum
3354 4625 3448 4690 qui

1880 4706 2024 4759 vovit
2059 4707 2137 4761 vel
2179 4708 2382 4777 juravit
2430 4721 2488 4761 se
2533 4721 2756 4761 carnem
2802 4709 3013 4763 suillam
3045 4724 3152 4765 non
3205 4726 3453 4767 comesu-

1881 4814 2019 4864 rmn,
2050 4799 2133 4854 vel
2183 4800 2286 4853 sibi
2342 4799 2599 4868 subjectis
2646 4798 3058 4855 malefacturum
3150 4803 3450 4859 docendum

1879 4906 1998 4946 esse
2039 4905 2069 4944 a
2096 4892 2279 4947 stultis
2309 4892 2618 4959 huiusmodi
2653 4901 2707 4948 et
2732 4893 2928 4958 ineptis
2956 4896 3311 4950 sacramentis
3350 4897 3450 4949 ab-

1878 4987 2099 5048 SIiuere,
2129 4995 2180 5036 et
2207 4987 2348 5053 quod
2369 4985 2556 5052 jurare
2579 4986 2800 5040 omnino
2820 4993 2908 5040 est
2939 4986 3290 5055 prohibitum;
3327 4987 3450 5042 licet

1876 5090 2004 5128 vero
2020 5089 2234 5128 carnem
2265 5073 2473 5128 suillam
2490 5075 2794 5137 comedere,
2812 5083 2865 5129 et
2877 5075 3244 5144 juramentum
3268 5088 3418 5132 trans
3432 5105 3449 5116 -

1875 5168 2047 5236 gredi,
2070 5176 2122 5219 et
2157 5166 2356 5218 malum
2391 5181 2493 5220 non
2529 5163 2708 5220 facere
2751 5167 2852 5220 sub
2884 5176 3141 5233 praetextu
3180 5183 3247 5223 ne
3298 5168 3448 5237 peie-

1877 5270 2044 5312 retur.
2095 5254 2239 5311 Usus
2288 5265 2372 5310 est
2421 5265 2601 5310 autem
2654 5256 2902 5326 exemplo
2948 5270 3162 5325 quoque
3198 5257 3448 5320 Herodis,

1875 5353 1964 5420 qui
1992 5349 2252 5419 juraverit
2281 5363 2341 5403 se
2373 5350 2667 5417 Baptistam
2701 5350 3129 5412 interfecturum,
3169 5359 3220 5402 et
3261 5364 3326 5400 ne
3353 5365 3450 5418 pe-

1870 5444 2074 5512 jeraret
2096 5442 2295 5497 caedem
2324 5441 2613 5495 commisit.
2646 5440 2940 5508 Oportebat
2986 5439 3127 5496 enim
3156 5478 3172 5502 ,
3222 5440 3400 5507 inquit
3431 5479 3446 5501 ,

1874 5537 2048 5605 ipsum
2079 5534 2419 5603 resipiscere,
2458 5548 2554 5588 seu
2586 5547 2842 5588 revocare
2879 5540 2934 5586 et
2978 5540 3326 5589 contemnere
3357 5531 3445 5582 in-

1867 5633 2069 5699 justum
2099 5629 2475 5702 jusjurandum
2498 5669 2513 5696 ,
2548 5629 2642 5683 sed
2678 5644 2781 5683 non
2825 5642 2921 5695 per
2954 5628 3220 5681 actionem
3257 5627 3441 5694 itnpie~

1871 5732 2037 5777 tatem
2070 5724 2412 5779 cootirmare.
2455 5720 2596 5791 Lege
2632 5735 2753 5789 cap.
2796 5717 2882 5784 18,
2929 5717 3012 5772 tit.
3049 5719 3132 5783 l5,
3167 5721 3450 5788 praesentis

1869 5828 2071 5884 operte,
2096 5825 2151 5870 et
2175 5829 2296 5886 qua:
2326 5815 2381 5869 iu
2406 5829 2470 5870 eo
2492 5821 2639 5870 sunt.
2667 5810 2800 5866 Cum
2830 5819 3010 5865 autem
3039 5826 3160 5867 can.
3190 5809 3256 5863 10
3275 5810 3445 5864 sancti

2941 5902 3015 5964 22
