3998 6326
545 425 648 487 683

1794 401 2071 465 THEOD.
2112 398 2518 459 BALSAMON

3712 377 3828 442 684

550 531 751 595 Basilii,
786 531 850 585 74
880 539 932 582 et
961 527 1027 580 8‘3
1060 527 1303 597 pcrjnros
1335 524 1580 591 puniant,
1618 518 1707 572 alii
1743 527 1923 572 autem
1949 528 2120 570 cano-

2235 513 2310 564 τοῦ
2350 520 2417 581 ιγ’
2455 513 2638 564 τιτλου
2693 509 2784 562 τοῦ
2826 507 3091 578 παρόντος
3145 503 3557 572 συντάγματος,
3593 514 3701 551 και
3759 497 3826 546 τά

551 641 661 688 nes,
703 625 790 691 qui
841 624 893 673 in
943 624 1083 675 dicto
1112 619 1286 686 capite
1312 615 1378 669 18
1410 615 1775 674 continentur,
1811 610 2113 664 decernunt

554 733 646 770 eos
675 735 775 771 non
823 729 940 768 esse
990 712 1289 782 puniendos
1317 710 1406 776 qui
1459 706 1768 775 pejcrarunt
1801 745 1814 767 ,
1859 701 2121 770 quemad-

553 811 766 862 modum
799 822 1036 861 canones
1096 813 1217 856 ante
1248 801 1410 872 positi
1456 800 1647 865 jubent
1679 815 1693 850 :
1724 795 1922 850 dixerit
1972 794 2114 861 quis,

554 914 786 953 canones
816 912 933 951 esse
965 897 1107 949 inter
1139 909 1194 947 se
1221 893 1521 946 contrarios
1551 906 1564 941 :
1595 890 1685 943 sed
1719 888 1847 941 mihi
1893 902 1995 940 non
2038 887 2120 936 νὶ-

553 997 728 1058 detur,
749 992 843 1047 sed
867 989 1080 1060 quando
1114 984 1807 1056 legitimumjusjurandum
1842 980 2113 1049 quispiam

553 1090 670 1142 sine
702 1086 806 1139 ulla
843 1081 1164 1138 necessitate
1196 1077 1579 1136 infirmaverit,
1631 1075 1712 1127 vel
1743 1073 1878 1126 fuso
1903 1071 2121 1140 jurave.

553 1180 642 1238 rit,
680 1176 847 1244 magis
879 1175 1147 1242 punietur.
1192 1168 1418 1236 Quando
1465 1178 1643 1220 autem
1680 1165 1780 1217 hoc
1808 1164 1857 1216 vi
1889 1162 2119 1222 fecerit,

553 1267 726 1322 levius
775 1265 1043 1332 punietur,
1079 1259 1370 1314 secundum
1419 1271 1678 1310 cauoueut
1718 1254 1788 1307 8'2
1839 1253 2124 1321 praesentis

559 1361 736 1413 sancti
773 1357 972 1409 Patris.
1012 1356 1106 1408 Sin
1137 1364 1316 1406 autem
1348 1367 1450 1406 llOlI
1482 1363 1556 1404 est
1595 1351 1908 1418 legitimum,
1944 1348 2034 1401 sed
2067 1355 2125 1400 ut

561 1450 853 1505 absurdum
891 1450 1017 1517 quid
1056 1447 1230 1509 tieret,
1266 1446 1347 1497 vel
1381 1460 1448 1497 ne
1480 1444 1604 1497 boni
1640 1443 1765 1509 quid
1800 1442 1968 1505 fieret,
2009 1457 2128 1510 pro-

553 1541 740 1605 cessit,
767 1539 848 1593 vel
893 1539 1057 1591 etiam
1085 1537 1287 1605 juravit
1328 1534 1592 1603 quispiam
1641 1548 1698 1586 se
1733 1531 1996 1584 facturum
2029 1529 2126 1580 ali-

553 1636 699 1703 quid,
731 1631 870 1701 quod
910 1646 1014 1684 non
1049 1631 1209 1683 debet
1239 1629 1289 1681 in
1319 1627 1698 1696 jusjurandum
1734 1626 1923 1679 deduci
1952 1667 1966 1688 ,
2003 1633 2128 1677 tunc

555 1729 772 1789 impune
806 1728 981 1790 potest
1017 1718 1225 1770 irritum
1275 1717 1480 1770 haberi.
1515 1716 1756 1768 Audiens
1786 1729 1946 1783 porro
1996 1728 2123 1766 san-

553 1824 697 1865 ctum
722 1809 984 1864 dicentem
1016 1807 1210 1861 debere
1236 1821 1330 1860 eos
1359 1821 1572 1873 quoque
1599 1806 1800 1867 doceri,
1833 1819 1898 1857 ne
1927 1805 2034 1857 sint
2063 1804 2127 1854 ad
2155 1871 2158 1874 γ

548 1900 924 1972 jusjurandum
955 1899 1163 1961 faciles,
1190 1907 1242 1950 et
1279 1898 1419 1966 quod
1448 1896 1631 1965 jurare
1656 1897 1873 1949 omnino
1897 1905 1981 1948 est
2010 1908 2133 1962 pro.

565 1993 818 2057 hibitum,
851 1991 969 2044 dico
999 1991 1139 2058 quod
1172 1999 1226 2044 et
1253 1990 1295 2042 si
1328 1989 1388 2050 ii,
1414 1989 1503 2056 qui
1531 1987 1833 2053 hujusmodi
1855 1986 2136 2051 juramen-

557 2089 625 2141 tis
675 2098 796 2138 sese
830 2082 1192 2149 obstringere,
1237 2081 1355 2134 sine
1401 2077 1638 2147 periculo
1667 2077 1912 2145 pejcrant
1943 2117 1958 2138 ,
2025 2092 2128 2129 non

557 2182 718 2230 erunt
751 2182 926 2227 tamen
954 2187 1176 2240 prorsus
1215 2167 1483 2236 impuniti,
1513 2168 1606 2220 sed
1646 2165 1850 2218 modice
1883 2180 1979 2230 pro
2013 2165 2132 2232 epi-

555 2264 704 2332 scopi
735 2263 992 2316 arbitratu
1021 2259 1332 2329 punientur.
1375 2255 1509 2320 Quia
1551 2261 1729 2308 autem
1763 2267 1826 2307 ex
1864 2267 1944 2313 eo,
1980 2253 2124 2320 quod

553 2360 852 2411 decernant
891 2367 1128 2407 canones
1158 2350 1456 2420 puniendos
1491 2348 1758 2416 perjuros,
1792 2356 2014 2414 apparet
2037 2360 2131 2399 eos

559 2465 668 2505 non
695 2447 890 2516 puniti,
921 2446 1008 2514 qui
1047 2444 1358 2512 juramenta
1392 2456 1494 2493 non
1544 2439 2028 2506 transgrediuntur,
2080 2447 2134 2489 et

556 2560 622 2599 ex
651 2559 713 2598 eo
741 2543 900 2597 etiam
936 2539 1241 2594 ostenditur
1266 2535 1499 2605 legitima
1525 2535 1835 2603 juramenta
1866 2532 2128 2600 permitti,

561 2653 627 2691 ne
657 2619 860 2688 dixeris
894 2634 1004 2684 hate
1034 2645 1155 2684 esse
1201 2626 1592 2695 aliquantulum
1621 2623 1837 2677 deﬁnita
1867 2621 2127 2675 adtersus

556 2728 920 2796 evangelicum
962 2731 1307 2793 praeceptum,
1336 2718 1475 2788 quod
1506 2716 1676 2770 dicit:
1719 2712 1838 2767 Non
1870 2729 1982 2767 esse
2014 2729 2128 2766 om-

562 2822 684 2874 nino
710 2816 1000 2887 jmandum
1023 2855 1035 2878 ,
1069 2830 1228 2882 neque
1257 2813 1310 2863 in
1341 2809 1492 2874 creto,
1527 2824 1686 2877 neque
1715 2809 1770 2858 in
1802 2815 1967 2863 terra.
2003 2807 2126 2873 quia

561 2911 744 2963 t'wluot
782 2909 869 2959 Dei
904 2910 1118 2956 thronus
1151 2911 1224 2955 est
1251 2940 1265 2961 ,
1298 2912 1436 2954 terra
1467 2908 1640 2950 autem
1673 2907 1747 2949 ut
1793 2895 1980 2963 pedum
2015 2894 2127 2961 ejus

562 3000 865 3058 εεηὺυίςύ-ιης
897 3011 1004 3047 esse
1037 3003 1208 3046 autem
1236 2993 1408 3054 nobis,
1447 3005 1523 3043 na:
1559 3004 1658 3052 me,
1697 2995 1768 3051 et,
1803 3003 1904 3039 non
1963 2987 2123 3038 non‘.

569 3095 683 3147 lloc
715 3091 854 3142 enim
904 3097 985 3140 est
1029 3099 1216 3140 eorum
1249 3083 1336 3148 qui
1369 3091 1496 3135 sunt
1525 3080 1677 3133 valde
1711 3077 1961 3147 perfecti,
1999 3077 2125 3129 illud

2221 602 2474 672 ὲναὺτῷ.
2539 602 2647 655 Τοῦ
2697 602 2752 654 δὲ
2790 608 2823 652 ι’
2861 600 3085 662 κανόνος
3133 597 3227 650 τοῦ
3273 596 3434 664 ἁγίου
3491 591 3825 647 Βασιλείου,

2217 695 2310 748 τοῦ
2341 695 2431 760 ξδ’,
2483 694 2702 748 καὶτοῦ
2765 691 2854 762 πβ⁹
2907 690 3247 754 κολαζόντων
3301 690 3428 749 τοὺς
3487 686 3823 753 ἐπιόρκους.

2220 788 2425 857 ἐτέρων
2470 788 2527 838 δὲ
2581 786 2822 838 κανόνων
2877 786 3284 852 περιεχομένων
3321 780 3398 848 τῷ
3435 774 3823 846 διαληφθέντι

2227 882 2296 945 ιη’
2329 893 2455 944 κεφ.
2492 875 2885 943 διοριζομένων
2925 874 3048 932 τοὺς
3071 871 3516 940 ὲπιορκήσαντας
3542 868 3619 936 μὴ
3639 883 3828 933 τιμωο

2225 967 2461 1035 ρείσθαι,
2495 967 2676 1028 καθὼς
2709 963 2869 1016 τοῦτο
2910 964 3004 1016 καὶ
3033 966 3080 1015 oi
3144 963 3507 1032 προκείμενοι
3569 962 3820 1020 κανόνες

2223 1060 2718 1129 παρακελεύονται*
2788 1056 2919 1128 εἴπῃ
2952 1073 3038 1118 τις
3093 1053 3478 1108 ἐναντιοῦσθαι
3553 1053 3829 1122 ἀλλήλοις

2224 1152 2350 1212 τοὺς
2414 1151 2667 1210 κανόνας.
2713 1148 2870 1218 Ἐμοὶ
2901 1149 2956 1201 δὲ
3009 1149 3069 1200 ού
3117 1147 3289 1210 δοκεῖ,
3347 1145 3462 1198 ἀλλ’
3518 1147 3656 1198 ὅταν
3721 1144 3830 1214 μὲν

2225 1242 2469 1314 ἀθετήσῃ
2497 1259 2580 1304 τις
2635 1242 2860 1310 ἔννομον
2890 1243 3056 1312 ὁρκον
3107 1242 3275 1310 χωρὶς
3332 1240 3582 1309 ὰνάγκης
3632 1240 3826 1297 τινὸς.

2228 1336 2260 1404 ἦ
2294 1337 2505 1404 ψευδῶς
2543 1337 2742 1406 ὀμόσῃ,
2785 1335 3240 1404 τιμωρηθήσεται
3299 1333 3484 1386 πλέον.
3521 1333 3701 1385 Ὅταν
3769 1331 3828 1382 δὲ

2233 1428 2378 1481 κατὰ
2413 1427 2535 1496 βίαν
2565 1430 2769 1496 ποιήσῃ
2808 1426 2989 1488 τοῦτο,
3017 1426 3351 1496 κουφότερον
3405 1423 3831 1494 κολασθήσεται

2233 1519 2376 1570 κατὰ
2419 1518 2512 1570 τὸν
2546 1518 2637 1585 πβ⁹
2667 1519 2868 1572 κανόνα
2908 1518 3002 1570 τοῦ
3037 1517 3308 1588 παρόντος
3356 1517 3506 1583 ἁγίου
3571 1517 3831 1582 Πατρός.

2230 1612 2292 1663 Εἰ
2327 1612 2384 1664 δὲ
2407 1612 2681 1664 οὐκέστιν
2714 1612 2938 1678 ἔννομος
2967 1613 2994 1662 ὀ
3026 1611 3216 1680 ὅρκος,
3264 1610 3399 1664 ἀλλὰ
3426 1609 3511 1662 διὰ
3549 1615 3608 1660 τὸ
3662 1610 3838 1676 γενέ-

2231 1704 2358 1756 σθαι
2396 1720 2446 1756 τι
2483 1703 2684 1756 ἄτοπον
2715 1703 2948 1773 προέϐη,
2985 1703 3017 1771 ἢ
3053 1703 3127 1771 μὴ
3189 1702 3441 1769 γενέσθαι
3484 1698 3701 1768 ἀγαθόν
3751 1717 3834 1760 τι,

2232 1791 2480 1860 ῆῶμοσέ
2516 1809 2598 1853 τις
2627 1794 2864 1860 πρᾶγμα
2904 1792 2976 1862 μὴ
3015 1791 3074 1842 ὃν
3111 1790 3261 1854 ἄξιον
3313 1793 3391 1852 είς
3422 1791 3580 1859 ὅρκον
3633 1805 3835 1840 κατα·

2239 1885 2522 1951 λέγεσθαι,
2555 1886 2674 1936 τότε
2720 1887 2752 1952 ἡ
2798 1885 3056 1953 όθέτησις
3090 1883 3285 1936 τούτου
3339 1881 3638 1943 ἀκόλαστός
3677 1885 3832 1933 ἐστι.

2243 1976 2390 2044 Πλὴν
2421 1976 2636 2029 ἀκούων
2668 1976 2761 2028 τοῦ
2803 1977 2962 2043 ἁγίου
3001 1974 3259 2043 λέγοντος
3287 1975 3521 2042 ὀφείλειν
3558 1973 3654 2027 καὶ
3695 1989 3840 2032 το.-ς

2237 2067 2516 2129 τοιούτους
2546 2067 2999 2120 ἀναδιδάσκεσθαι
3022 2065 3095 2135 μὴ
3121 2062 3261 2118 εῖναι
3288 2066 3609 2135 προχείρους
3631 2067 3733 2126 εἰς
3771 2064 3838 2114 τὸ

2236 2161 2475 2229 ὀμνύειν,
2513 2164 2607 2214 καὶ
2627 2163 2706 2214 ὅτι
2737 2137 2989 2226 καθάπαξ
3021 2161 3080 2213 τὸ
3095 2159 3324 2228 ’ὀμνύειν
3382 2156 3838 2226 ἀπαγορεύεται,

2237 2255 2379 2320 λέγω
2409 2256 2489 2307 ὅτι
2534 2257 2627 2306 καὶ
2673 2256 2721 2306 oi
2757 2257 2883 2314 τοὺς
2915 2252 3188 2313 τοιούτους
3235 2253 3434 2321 ὅρκους
3507 2248 3835 2310 ποιοῦντες,

2237 2346 2342 2398 κᾶν
2382 2347 2686 2405 ἀκινδᾶνως
2749 2345 3106 2415 ὲπιορκῶσιν,
3167 2343 3306 2399 ἀλλὰ
3361 2343 3632 2404 παντελῶς
3726 2343 3838 2394 οὐκ

2237 2438 2453 2490 ἔσονται
2499 2438 2879 2508 ἀτιμώρητον
2945 2440 3187 2508 μετρίως
3222 2440 3278 2491 δὲ
3327 2439 3465 2491 κατά
3517 2438 3577 2489 τὸ
3614 2435 3840 2490 εωωῦν

2236 2525 2314 2593 τῷ
2348 2527 2632 2595 ὲπισκόπῳ
2672 2527 3116 2596 ὲπιτιμήσονται.
3162 2529 3318 2580 Ἐπεὶ
3351 2528 3410 2579 δὲ
3435 2526 3498 2579 ἐκ
3545 2524 3638 2578 τοῦ
3707 2527 3840 2578 διο-

2238 2617 2489 2688 ρίζεσθαι
2524 2621 2652 2682 τοὺς
2681 2618 2915 2680 κανόνας
2953 2619 3281 2682 κολάζεσθαι
3313 2621 3434 2681 τοὺς
3495 2619 3836 2686 ἐπιόρκους,

2233 2713 2603 2780 ἀναφαίνεται
2623 2713 2697 2781 μὴ
2723 2713 3088 2782 τιμωρεῖσθαι
3113 2715 3239 2775 τοὺς
3276 2715 3350 2784 μὴ
3377 2711 3836 2783 παραϐαίνοντας

2233 2806 2459 2870 αὐτοὺς,
2493 2805 2793 2858 κάντεῦθεν
2831 2805 3321 2858 συναναδεὶκνυται
3371 2808 3469 2858 καὶ
3496 2804 3551 2856 τὸ
3584 2805 3834 2874 ἐπιτρέ-

2233 2898 2438 2950 πεσθαι
2466 2900 2566 2966 τὴν
2597 2899 2706 2950 τῶν
2738 2898 2982 2963 ἐννόμων
3021 2900 3205 2966 ὅρκων
3245 2898 3659 2966 τελεσιουργίαν
3686 2913 3702 2926 ·
3747 2900 3831 2967 μὴ

2235 2991 2395 3060 εἴπῃς
2426 2991 2602 3042 ταύτα
2666 2991 3011 3058 διορισθῆναι
3049 2991 3390 3052 ὑπεναντίως
3439 2995 3502 3058 τῇ
3569 2996 3836 3059 εὐαγγε-

2234 3084 2358 3152 λικῇ
2390 3083 2603 3150 ἐντολῇ,
2631 3085 2695 3151 τῇ
2722 3084 2973 3153 λεγούσῃ·
3004 3083 3101 3148 Μὴ
3135 3083 3380 3149 ὀμνύειν
3415 3079 3589 3149 ἡμᾶς.
3653 3083 3834 3150 μήτε

566 3193 742 3237 autem
801 3179 1090 3233 secundum
1143 3183 1195 3227 et
1261 3187 1365 3226 non
1456 3171 1799 3240 rejicieudum
1878 3183 1998 3221 cum
2061 3169 2128 3221 sit

2235 3174 2304 3227 ἐν
2323 3173 2580 3238 οὐρανῷ,
2611 3173 2750 3242 μήτ’
2779 3175 2850 3226 ἐν
2882 3171 2957 3239 τῇ
3000 3171 3095 3240 γῆ,
3129 3174 3218 3226 ὅτι
3257 3177 3288 3226 ό
3312 3173 3565 3238 οὐρανὸς
3598 3175 3836 3242 θρόνος

565 3273 862 3341 legitimum
906 3286 918 3321 :
964 3265 1261 3335 cujusmodi
1311 3274 1391 3318 est
1436 3274 1491 3317 et
1532 3261 1696 3324 illud;
1743 3259 1910 3314 Vende
1954 3261 2130 3311 omnia

565 3384 679 3435 qua.»
729 3361 906 3421 habes.
936 3369 983 3412 et
1030 3358 1467 3426 dmpauperibus,
1514 3366 1561 3409 et
1610 3371 1821 3424 sequere
1878 3369 1956 3404 me
1979 3355 2021 3405 ‘.
2074 3352 2129 3404 Si

565 3457 709 3509 enim
761 3467 945 3506 omnes
987 3451 1087 3503 hoc
1136 3458 1396 3517 coguntur
1437 3446 1637 3507 facere,
1669 3447 1788 3512 quis
1818 3458 1878 3497 ea
1931 3443 2128 3495 emet?

558 3545 774 3610 Alioqui
812 3544 856 3596 si
886 3555 1045 3595 omne
1071 3540 1446 3608 jusjurandum
1480 3537 1871 3604 prohiberetur,
1901 3550 1964 3587 ne
1995 3532 2130 3586 Pro-

552 3637 723 3704 pheta
757 3635 970 3700 quidem
1032 3632 1286 3693 dixisset;
1343 3628 1552 3690 Jurani,
1593 3637 1650 3680 et
1705 3627 1870 3679 stat-ui
1925 3640 2132 3679 servare

566 3725 820 3777 mandara
878 3736 966 3775 tua
989 3723 1006 3753 ³
1040 3739 1053 3775 :
1093 3737 1189 3775 nec
1216 3721 1304 3789 qui
1339 3733 1480 3788 teges
1510 3728 1925 3786 composuerunt
1951 3719 2133 3771 ortho-

551 3816 687 3868 doxi
719 3816 1072 3882 imperatores
1097 3811 1238 3880 leges
1268 3811 1585 3873 edidissent,
1610 3825 1727 3876 qua:
1757 3809 2132 3876 permitterent

552 3904 956 3974 jusjurandum.
1009 3903 1184 3968 Quare
1238 3916 1343 3954 non
1403 3916 1564 3954 onme
1607 3900 1982 3969 jusjurandum
2047 3907 2130 3951 est

565 3996 893 4065 prohibitum
921 4035 934 4058 ,
971 4005 1076 4046 tam
1108 3993 1405 4063 legitimum
1435 4007 1594 4062 quam
1632 3992 1963 4060 illegitimuin
1992 4031 2006 4055 ,
2037 3993 2131 4042 sed

563 4089 739 4142 solum
769 4090 907 4155 quod
943 4097 1020 4139 est
1055 4085 1387 4155 iliegitimum
1412 4095 1463 4137 et
1499 4085 1758 4151 ineptum.
1793 4082 1929 4134 Cum
1954 4093 2129 4134 autem

564 4178 780 4246 quidam
821 4176 1010 4230 nobilis
1056 4177 1213 4229 tertio
1241 4176 1326 4229 die
1376 4177 1724 4229 hebdotnadte
1760 4175 1982 4228 dixisset
2036 4190 2134 4243 po-

556 4267 700 4322 tenti
751 4279 804 4320 et
848 4277 1032 4320 sancto
1076 4277 1262 4318 nostro
1313 4267 1647 4332 imperatori,
1698 4279 1756 4316 se
1793 4281 1899 4317 non
1932 4265 2132 4318 debere

565 4373 780 4411 carnem
813 4359 1114 4419 comedere,
1140 4357 1387 4422 quamvis
1416 4353 1611 4407 festum
1636 4364 1778 4408 esset
1821 4355 2131 4409 Nativitatis

564 4448 760 4503 Christi
795 4458 845 4499 et
878 4445 968 4498 Dei
1008 4447 1203 4510 nostri,
1241 4445 1353 4514 88
1381 4447 1520 4513 quod
1557 4445 1795 4512 jurasset
1831 4448 2013 4500 tertias
2049 4447 2128 4499 fe-

2239 3265 2368 3316 ἐστὶ
2404 3262 2510 3317 τοῦ
2548 3264 2720 3324 Θεοῦ,
2759 3263 2859 3316 καὶ
2890 3266 2927 3330 ἠ
2971 3263 3047 3332 τῆ
3082 3262 3424 3315 ὑποπόδιον
3449 3261 3570 3313 τῶν
3606 3263 3834 3316 ποδῶν

2237 3355 2426 3409 αὑτοῦ
2456 3375 2469 3388 ·
2504 3350 2640 3409 εῖναι
2676 3358 2730 3410 δὲ
2779 3359 2910 3427 ἡμῖν
2964 3357 3025 3407 τὸ
3084 3357 3174 3407 ναὶ
3213 3359 3326 3418 ναὶ,
3389 3355 3481 3407 καὶ
3513 3353 3572 3407 τὸ
3616 3354 3676 3408 οὒ
3737 3359 3830 3412 οὗ,

2247 3448 2416 3500 Τοῦτο
2448 3455 2546 3517 μὲν
2599 3450 2708 3518 γάρ
2742 3453 2860 3502 ἐστι
2901 3450 3008 3502 τῶν
3048 3447 3188 3516 ἄγαν
3221 3446 3464 3510 τελείων,
3532 3448 3718 3500 ἐκεῖνο
3772 3451 3832 3502 δὲ

2237 3541 2494 3610 δεύτερον
2534 3542 2628 3594 καὶ
2660 3541 2762 3593 οὐκ
2793 3540 3120 3609 ἀπόϐλητον,
3156 3540 3230 3602 ὼς
3257 3538 3509 3606 ἐννομονο
3541 3536 3656 3591 οἷόν
3696 3541 3833 3592 ἐστι

2241 3633 2336 3683 καὶ
2381 3632 2462 3690 τὸ.
2496 3632 2798 3699 Πώλησόν
2855 3649 2970 3685 σου
3016 3634 3087 3684 τὰ
3150 3632 3516 3700 ὑπάρχοντα,
3556 3631 3654 3683 καί
3715 3631 3834 3697 δές

2240 3723 2518 3790 πτωχοῖς,
2586 3723 2685 3776 καί
2749 3723 3070 3777 ἀκολούθει
3120 3738 3245 3790 μοι.
3318 3722 3380 3773 Et
3439 3722 3546 3788 γάρ
3614 3722 3831 3781 πάντες

2239 3813 2645 3879 ἀναγκάζονται
2676 3812 2834 3865 τοῦτο
2865 3815 3108 3881 ποιῆσαι,
3144 3813 3294 3874 ποῖος
3323 3812 3590 3879 ἀγοράσει
3628 3811 3698 3862 αύ
3745 3814 3784 3863 ά
3811 3831 3826 3874 ς

2241 3905 2451 3966 ’Λλλως
2473 3922 2530 3957 τε
2565 3906 2612 3956 εί
2640 3905 2784 3966 ἄπας
2811 3904 2972 3973 ὅρκος
2999 3901 3289 3965 ἐκωλύετο,
3325 3902 3444 3954 οὐδὲ
3471 3906 3494 3953 ὁ
3523 3902 3829 3971 Προφήτης

2236 3991 2388 4046 εἶπεν
2414 3995 2480 4048 ἂν
2516 3997 2746 4063 ’Ὡμοσά
2774 3996 2875 4048 καί
2903 3995 3140 4061 ἕστησα
3166 3993 3274 4049 τοῦ
3292 3995 3682 4062 φυλάξασθαι
3713 3996 3831 4060 τὰς

2235 4087 2493 4150 ἐντολάς
2517 4102 2656 4139 σουο
2691 4087 2814 4139 οὐδὲ
2842 4088 2890 4138 oi
2919 4087 3044 4149 τοὺς
3072 4087 3270 4154 νόμους
3304 4086 3624 4153 συνθέμενοι
3656 4086 3827 4154 ὀρθι-

2234 4178 2376 4240 δοξοι
2434 4177 2694 4247 βασιλεῖς,
2734 4179 2802 4231 ἂν
2850 4177 3096 4240 ἐξέθεντο
3151 4179 3349 4247 νόμους
3415 4178 3825 4246 ἐπιτρέποντας

2237 4270 2417 4338 ὅρκων
2453 4269 2890 4336 τελεσιουργὶας.
2922 4270 3087 4320 Ὥστε
3118 4269 3239 4337 οὐχὶ
3269 4271 3375 4330 πᾶς
3401 4269 3568 4338 ὅρκος
3586 4269 3826 4340 ἐννομός

2237 4377 2293 4412 τε
2333 4361 2424 4412 καὶ
2452 4360 2764 4430 παράνομος
2798 4359 3182 4428 κεκωλυμένος
3213 4360 3380 4424 ἐστὶν,
3415 4361 3535 4412 ἀλλ’
3566 4361 3594 4412 ὁ
3630 4368 3827 4432 παρά-

2237 4469 2398 4520 νομος
2434 4454 2530 4504 καὶ
2564 4451 2912 4512 ἀπαίδευτος.
2955 4451 3112 4512 Τινδς
3140 4451 3195 4502 δὲ
3227 4450 3489 4517 εὐγενοῦς
3520 4454 3580 4504 ὲν
3633 4456 3828 4525 ἡμέρα

565 4538 674 4592 rias
715 4538 954 4590 Omnium
1002 4535 1129 4589 anni
1179 4536 1571 4588 bebdomadum
1613 4551 1638 4588 a
1679 4541 1934 4591 carnibus
1964 4538 2128 4592 absti-

2239 4542 2400 4610 τρίτῃ
2431 4542 2555 4610 μιᾶς
2593 4541 2890 4610 ἑϐδομάδος
2925 4541 3172 4602 εἰπόντος
3233 4542 3370 4611 πρὸς
3424 4542 3516 4594 τὸν
3550 4546 3826 4613 κραταιὸν

564 4645 691 4686 nere
719 4631 769 4683 in
803 4630 1062 4684 honorem
1107 4615 1423 4682 venerabilis
1466 4625 1853 4694 Prazcursoris;
1885 4632 2074 4681 statuit
2102 4644 2130 4680 a

559 4722 674 4776 Deo
697 4729 984 4776 coronatus
1014 4729 1200 4773 noster
1225 4721 1517 4785 imperator
1542 4718 1874 4771 svnodaliter
1904 4720 2133 4773 interro-

559 4814 698 4883 gari,
736 4828 802 4865 an
833 4813 906 4868 sit
934 4813 1251 4865 canonicum
1286 4811 1386 4864 hoc
1413 4809 1792 4878 jusjurandum
1821 4814 2048 4873 servari,
2077 4823 2132 4864 et

565 4905 901 4959 Dotninicum
920 4901 1138 4966 festum,
1167 4902 1306 4969 quod
1334 4911 1416 4955 est
1445 4903 1716 4968 paschale,
1743 4903 2126 4956 incclebratuiu

560 4996 858 5048 dimittere.
893 4993 956 5045 Et
995 4991 1134 5046 facta
1188 4993 1607 5060 interrogatione
1644 4994 2012 5046 sanctissimus
2047 4993 2133 5046 ille

563 5085 874 5153 patriarcha
897 5082 1150 5137 dominus
1189 5082 1359 5135 Lucas
1386 5098 1505 5136 cum
1540 5084 1740 5152 synodo
1766 5098 1881 5149 quae
1904 5085 2126 5146 aderat,

562 5188 694 5225 cum
727 5173 951 5226 dixisset
999 5173 1194 5226 bonum
1238 5187 1357 5225 esse
1399 5172 1542 5223 onini
1587 5182 1824 5239 tempore
1862 5173 2127 5240 jejunare,

565 5265 851 5334 subjunxit
881 5279 983 5318 non
1013 5274 1262 5333 oportere
1287 5265 1390 5317 hoc
1416 5264 1794 5333 jusjurandum
1829 5263 2052 5319 Domino
2077 5274 2130 5316 et

567 5358 676 5412 Deo
704 5366 884 5411 nostro
937 5356 1215 5423 praeferre.
1249 5354 1305 5409 Si
1363 5357 1505 5409 enim
1561 5357 1843 5424 apostolici
1891 5372 2129 5410 canones

565 5450 792 5518 puniunt
823 5465 965 5510 eum,
994 5451 1080 5515 qui
1118 5449 1168 5501 in
1202 5448 1390 5516 quovis
1419 5448 1676 5512 Sabbato,
1711 5454 1790 5502 vel
1823 5451 1908 5502 die
1944 5449 2130 5502 Dolui-

567 5539 686 5593 nico
717 5553 851 5607 genu
884 5539 1047 5592 ﬂectit
1080 5538 1157 5591 vel
1181 5538 1413 5607 jejuuat,
1461 5539 1626 5591 multo
1666 5542 1841 5608 magis
1871 5541 2128 5608 punietur

557 5628 653 5697 qui
681 5629 731 5680 in
757 5628 991 5696 paschali
1021 5627 1221 5682 (Ltiristi
1248 5626 1385 5682 festo
1411 5625 1638 5696 jejunat,
1673 5627 2127 5697 nejusjurandtnn

635 5814 658 5846 ⁸
683 5813 873 5869 Matth.
911 5828 940 5873 γ
964 5853 979 5880 ,
1008 5812 1105 5876 ‘55,
1136 5811 1222 5869 99.
1297 5814 1318 5845 ³
1343 5810 1510 5868 Marc.
1532 5829 1584 5877 κ,
1612 5813 1700 5868 21.

2239 4633 2334 4683 καὶ
2370 4633 2526 4697 ᾰγιον
2549 4631 2704 4701 ἡμῶν
2740 4631 2968 4700 βασιλέα
3000 4632 3073 4700 μὴ
3109 4632 3346 4699 ὀφείλειν
3391 4636 3821 4704 κρεωφαγῆσαι,

2239 4723 2571 4792 τελουμένης
2617 4725 2710 4775 καὶ
2758 4723 2934 4776 ταῦτα
2977 4724 3076 4792 τῆς
3139 4724 3329 4794 ἑορτῆς
3363 4725 3461 4793 τῆς
3501 4726 3824 4796 Γεννήσεως

2238 4815 2330 4866 τοῦ
2366 4814 2607 4882 Χριστοῦ
2639 4817 2733 4866 καὶ
2774 4814 2908 4866 Θεοῦ
2955 4814 3135 4883 ἡμῶν,
3205 4817 3292 4868 διὰ
3334 4815 3395 4869 τὸ
3434 4819 3822 4887 ὲπομόσασῦαι

2247 4908 2533 4973 νηστεύειν
2565 4909 2660 4968 τὰς
2692 4907 2880 4975 τρίτας
2908 4909 3119 4974 ἡμέρας
3176 4907 3285 4960 τῶν
3317 4910 3454 4961 ὅλων
3498 4911 3823 4977 ἑϐδομάδίιν

2241 4999 2331 5047 τοῦ
2375 4999 2568 5067 χρόνου
2606 4999 2685 5058 εἰς
2716 4999 2885 5066 τιμὴν
2909 4999 3000 5052 τοῦ
3030 5001 3217 5068 τιμίου
3248 5001 3823 5072 Προδρὸμου,ὦρισεν

2239 5089 2266 5137 ὁ
2312 5087 2609 5154 θεοστεφὴς
2639 5087 2797 5156 ἡμῶν
2860 5090 3218 5160 αὐτοκράτωρ
3262 5091 3557 5154 συνοδικῶς
3602 5097 3823 5163 ἐρωτη-

2243 5177 2423 5245 Θῆναι,
2455 5180 2502 5228 εἰ
2540 5180 2822 5232 κανονικόν
2852 5181 2964 5232 ἐστι
2996 5182 3085 5233 τὸν
3119 5184 3281 5252 ὅρκον
3309 5183 3506 5267 τοῦτον
3538 5184 3824 5255 φυλαχθῆ-

2240 5285 2348 5330 ναι,
2382 5269 2476 5319 καὶ
2523 5268 2622 5335 τὴν
2664 5269 2855 5338 ἑορτὴν
2897 5269 3207 5340 Πασχάλιον
3258 5268 3424 5324 οὖσαν
3471 5275 3822 5343 Δεσποτικὴν

2243 5357 2691 5428 ἁπανηγύριστον
2719 5361 2966 5428 ὲαθῆναι.
3001 5362 3110 5414 Καὶ
3157 5365 3446 5431 γινομένης
3478 5364 3576 5432 τῆς
3608 5366 3823 5434 ἐρωτή-

2240 5468 2374 5513 σεως
2404 5454 2429 5503 ὀ
2459 5450 2766 5518 ἁγιώτατος
2790 5454 2999 5516 ἐκεῖνος
3017 5455 3363 5524 πατριάρχης
3391 5453 3578 5524 κύριος
3595 5458 3821 5522 Λουκᾶς

2243 5543 2381 5609 μετὰ
2410 5545 2509 5611 τῆς
2547 5545 2972 5616 παρατυχούσης
2997 5546 3218 5599 συνόδου
3242 5547 3412 5600 είπὼν
3440 5546 3651 5612 ἀγαθον
3672 5548 3820 5603 εἶναι

2237 5634 2330 5685 καὶ
2353 5634 2412 5685 τὸ
2448 5635 2730 5702 νηστεύειν
2761 5637 2819 5688 ὲν
2849 5640 3012 5692 παντὶ
3071 5636 3270 5709 καιρῷ,
3305 5637 3595 5709 ἐπήγαγεν
3639 5641 3719 5703 ὡς
3751 5643 3820 5695 ού

1786 5815 1805 5846 ³
1828 5811 1973 5869 Psal.
2004 5827 2191 5877 cxvtu,
2225 5815 2343 5872 l03.
