3998 6326
145 347 271 409 €85

1098 351 1180 411 IN
1227 349 1464 413 EPIST.
1511 354 1568 414 S.
1613 355 1900 413 BASILII
1945 354 2379 414 CANONICAM
2425 356 2508 413 Il.

3278 357 3381 410 (ἱκῦ

146 458 268 525 χρὴ
303 455 396 507 τῖν
448 455 685 509 τοιοῦτον
746 458 1151 530 προτιμηθῆναι
1219 462 1313 514 τοῦ
1375 464 1580 532 Κυρίου
1638 462 1719 514 καὶ

1830 479 1857 515 a
1888 478 1946 516 se
1979 463 2280 516 voluntarie
2316 470 2621 530 susceptum
2669 469 3063 515 contemnatur.
3115 459 3171 510 Et
3223 460 3384 511 nobili

147 547 304 598 θεοῦ
338 546 515 616 ἡμῶν.
550 549 610 599 Ei
637 550 744 618 γὰρ
800 550 848 602 οἱ
905 553 1255 605 ἀποστολικοὶ
1305 556 1526 616 κανόνες
1569 555 1728 606 κολάο

145 635 321 698 ζουσι
352 638 444 687 τὸν
476 639 531 689 ὲν
556 638 631 707 τῷ
659 640 884 708 τυχόντι
914 641 1199 710 Σαϐϐάτῳ,
1235 645 1265 712 ἢ
1299 646 1552 715 Κυριακῇ
1574 663 1730 713 γονυ-

145 727 453 780 κ),ινοῦντα
487 729 518 797 ἢ
552 730 905 796 νηστεύοντα,
933 731 1112 800 πολλῷ
1140 734 1303 786 πλέον
1332 735 1726 804 κολασθήσεται

146 818 178 866 ό
223 817 506 885 νηστεύων
528 819 668 871 κατά
701 819 797 889 τὴν
825 821 1237 888 Πασχάλιοντοῦ
1263 825 1501 892 Χριστοῦ
1535 827 1728 894 ἑορτὴν

151 907 256 959 διὰ
301 909 362 959 τὸ
395 907 470 977 μὴ
515 911 898 978 παροραθῆναι
936 911 1026 963 τὸν
1062 896 1400 982 αὐθαίρετον⁶
1424 917 1587 984 ὅρκον
1624 915 1724 968 αὐ-

145 997 277 1048 τοῦ.
321 997 430 1048 Καὶ
459 996 767 1067 ἐξεχώρησε
815 999 894 1067 τῷ
924 1002 1137 1068 εὐγενεί
1166 1004 1342 1072 κυρίῳ
1389 1008 1606 1072 φαγεῖν.
1667 1005 1725 1054 Ὀ

146 1086 325 1146 αὐτὸς
345 1086 400 1137 δὲ
437 1091 784 1158 πατριάρχης
834 1093 925 1142 καὶ
956 1092 1045 1144 τὸν
1101 1094 1318 1162 Τζήταν
1348 1094 1441 1146 τὸν
1472 1095 1726 1165 εὐνοῦχον

146 1174 441 1241 ὀμόσαντα
489 1180 568 1238 εἰς
606 1179 974 1249 προσκύνησιν
1027 1183 1280 1235 ἀπελθεῖν
1319 1186 1425 1236 τῶν
1456 1187 1513 1237 ἐν
1554 1186 1718 1253 Ἰερο-

153 1265 422 1333 σολύμοις
452 1268 623 1334 ἁγίων
659 1274 860 1332 τόπων,
890 1270 984 1324 καὶ
1029 1274 1103 1344 μὴ
1133 1275 1460 1342 ἀπελθόντα,
1521 1276 1724 1344 ὼςίρεσ

144 1357 560 1425 ταμεληθέντα,
607 1361 902 1424 συνοδικῶς
927 1366 989 1415 ὲκ
1029 1343 1124 1433 τῆς
1146 1367 1435 1435 ἐπιορκίας
1461 1343 1722 1429 ἀπέλυσε,

140 1444 240 1496 διὰ
325 1449 546 1515 μετρίου
605 1452 886 1518 ἐπιτιμίου
947 1452 1292 1520 θεραπεύσας
1355 1454 1536 1507 αὐτόν.
1591 1453 1722 1506 Ἀπὸ

143 1539 336 1603 μέντοι
369 1540 474 1591 τῶν
503 1543 763 1609 ῥημάτων
815 1543 911 1594 τοῦ
958 1544 1181 1604 κανόνος
1229 1542 1399 1604 οὕτως
1458 1543 1718 1612 ἐχόντων,

1826 554 2048 608 domino
2078 555 2329 606 carnibus
2357 554 2494 606 vesci
2529 552 2790 618 permisit.
2827 551 2966 603 Idem
3005 560 3181 604 autem
3215 551 3384 615 patri-

1828 646 1988 699 archa
2021 643 2227 697 Tzitam
2270 658 2377 709 quo
2405 645 2710 696 eunuchum
2745 642 2807 693 ad
2850 649 3154 695 sanctorum
3199 640 3386 694 Iliero-

1827 736 2047 804 solymis
2079 737 2316 789 locorum
2347 735 2716 788 adorationem
2760 735 2840 786 ire
2870 747 2924 784 se
2953 733 3260 798 jurazncnto
3291 732 3385 784 ob-

1827 825 2075 878 Strictum
2104 834 2156 876 et
2188 839 2289 877 non
2323 823 2641 892 profectum,
2667 830 2722 874 ut
2748 823 2834 890 qui
2867 823 3177 890 ptenitentia
3198 822 3386 873 ductus

1833 921 1996 980 esset,
2070 916 2398 984 synodaliter
2449 929 2478 966 a
2535 915 2768 980 perjurio
2820 913 3068 972 absolvit,
3131 914 3384 966 mediocii

1835 1020 1993 1075 pmna
2031 1006 2277 1072 imposita
2317 1019 2380 1056 ac
2407 1005 2729 1057 medicinam
2765 1003 3044 1055 exhibens.
3095 1000 3166 1054 Ex
3209 1003 3388 1056 verbis

1835 1103 2014 1146 autem
2052 1095 2293 1157 canonis,
2330 1109 2444 1160 quae
2474 1095 2546 1146 ita
2578 1108 2636 1146 se
2669 1093 2865 1145 habent
2890 1109 2906 1144 :
2935 1089 3088 1143 Nulla
3118 1093 3256 1144 enim
3294 1092 3386 1144 Dei

1833 1193 2083 1235 creatura
2120 1192 2203 1234 est
2250 1182 2542 1248 rejicienda
2580 1183 2622 1234 si
2668 1198 2788 1235 cum
2840 1182 3132 1249 gratiarum
3178 1183 3410 1248 actione;

1831 1273 2147 1340 accipiatur,
2183 1289 2245 1325 ne
2273 1274 2475 1326 dixeris
2507 1275 2824 1357 nobisisse
2861 1272 3176 1340 permissum
3210 1256 3388 1323 omni-

1828 1361 1931 1416 bus
1962 1364 2146 1417 bestiis
2171 1366 2333 1427 vesci;
2361 1368 2451 1418 sed
2480 1365 2566 1417 die
2593 1378 2850 1417 cauonem
2875 1362 2941 1416 de
2968 1361 3071 1415 illis
3099 1363 3384 1423 disserere,

1829 1469 1949 1521 quae
1996 1454 2063 1506 ab
2111 1453 2425 1506 nrtbodoxis
2493 1457 2722 1506 eduntur
2777 1469 2840 1504 ex
2902 1454 3290 1505 consuetudine
3336 1465 3388 1501 ιιι

1828 1545 2197 1600 eet-lesiastica
2238 1545 2543 1598 traditione.

141 1627 322 1677 Οὐδὲν
350 1629 457 1697 γὰρ
477 1630 684 1698 κτίσμα
705 1629 840 1682 Θεοῦ
893 1629 1223 1697 ἀπόϐλητον,
1269 1632 1386 1700 μετ’
1436 1632 1785 1702 εὐχαριστίας
1823 1633 2253 1700 λαμϐανόμενον,
2331 1633 2404 1702 μὴ
2462 1632 2620 1702 εἴπῃς
2695 1634 2766 1695 ὡς
2825 1634 3038 1702 ἐνεδόθη
3094 1636 3266 1685 πάντα
3321 1633 3386 1685 τὰ

140 1725 328 1792 κτήνη
390 1726 594 1776 ἐσθίειν
668 1726 847 1794 ἡμᾶς·
922 1724 1058 1776 ἀλλά
1125 1724 1249 1789 λέγε
1307 1726 1434 1793 περὶ
1492 1727 1718 1782 ἐκείνων
1795 1726 2138 1801 διαλέγεσθαι
2182 1727 2273 1778 τὸν
2358 1727 2560 1779 κανόνα
2634 1713 2752 1778 τῶν
2819 1728 3148 1794 ἐσθιομένων
3239 1731 3387 1795 παρα

139 1817 450 1886 όρθοδόξων
510 1817 618 1868 ἀπὸ
669 1816 958 1885 συνηθείας
1007 1815 1103 1867 καὶ
1134 1816 1491 1886 παραδόσεως
1522 1816 2003 1885 ἐκκλησιαστικῆς.

219 1912 473 1964 ΖΩΝΑΡ.
525 1910 738 1974 Ηῠξατό
795 1927 878 1972 τις
944 1912 1020 1978 μῆ
1069 1914 1263 1976 φαγεῖν
1310 1911 1518 1980 χοίρεια
1565 1913 1719 1980 κρέα.

1904 1909 2154 1965 ZONAR.
2195 1905 2397 1966 lnean.
2428 1911 2539 1966 98.‘
2573 1912 2726 1966 Vovit
2774 1913 3040 1981 quispiam
3099 1929 3156 1968 se
3202 1914 3386 1968 suillas

141 2003 430 2067 Εῦξασθαι
484 2003 594 2071 γὰρ
643 2003 705 2052 τὸ
752 2001 1185 2070 ἐπαγγείλασθαι
1235 2003 1330 2053 καὶ
1385 2003 1718 2071 ὑποσχέσθαι

141 2095 342 2147 ἐστίν’
390 2094 465 2156 ὡς
511 2094 589 2158 τὸ,
645 2088 925 2156 Εὐξασθε
963 2093 1063 2146 καὶ
1093 2093 1368 2147 ἀπόδοτε.
1436 2095 1719 2163 Ἠρωτήθη

139 2183 247 2239 οὖν
279 2187 308 2238 ό
373 2187 548 2253 ᾶγιος,
611 2188 659 2240 εί
713 2185 890 2249 ἔξεστι
950 2186 1269 2256 παραϐῆναι
1314 2187 1410 2255 τὴν
1465 2186 1722 2253 τοιαύτην

141 2277 320 2346 εὐχὴν
344 2277 436 2328 τὸν
461 2276 667 2344 ταύτην
701 2277 1019 2344 εὐξάμενον
1052 2278 1148 2329 καὶ
1176 2276 1452 2347 ἀπεκρίθη
1483 2277 1719 2344 γέλωτος

143 2367 303 2431 ἄξιον
333 2366 480 2435 αὐτῷ
505 2367 679 2418 δοκεῖν
709 2367 770 2418 τὸ
802 2369 1053 2437 πρᾶγμα.
1085 2368 1274 2430 Ὥστε,
1301 2369 1459 2434 φησι,
1478 2367 1718 2437 χρῆσθαι

147 2460 257 2527 μὲν
287 2460 408 2526 ἦτοι
449 2458 655 2508 ἐσθίειν
685 2458 754 2508 τὰ
781 2456 902 2509 ὕεια
931 2458 1094 2528 κρέα,
1126 2457 1418 2526 ἐπίτρεψον
1453 2459 1530 2526 τῷ
1563 2459 1720 2523 εὐξα-

146 2551 306 2620 μένῳ
331 2550 429 2616 τὴν
460 2546 640 2598 αὐτῶν
666 2547 897 2617 ἀποχήν.
931 2549 1153 2613 Δίδαξον
1180 2549 1235 2599 δὲ
1259 2548 1570 2616 ἀπέχεσθαι
1615 2547 1720 2598 τῶν

145 2639 504 2712 ἀπαιδεύτων
535 2637 882 2705 προσευχῶν,
914 2638 1034 2706 ήτοι
1069 2637 1178 2689 τῶν
1219 2637 1521 2704 ἀλογίστων
1552 2638 1722 2704 ὲπαγ-

147 2729 381 2797 γελιῶν,
414 2729 508 2780 καὶ
541 2727 615 2796 μὴ
650 2727 978 2796 προχείρους
1012 2721 1153 2778 εἶναι
1201 2727 1279 2788 είς
1323 2725 1576 2787 τοιαύτας
1633 2727 1720 2776 εὐ-

143 2823 275 2892 χάς,
337 2821 504 2871 Οὐδὲν
575 2820 683 2886 γὰρ
750 2819 953 2886 κτίσμα
1019 2817 1158 2871 Θεοῦ
1224 2817 1532 2892 ἀπόϐλητον
1604 2819 1718 2886 μετ’

145 2883 513 2981 εὐχαριστίας
565 2883 1001 2978 λαμϐανόμενον.
1035 2909 1144 2960 Καὶ
1196 2908 1339 2973 ἐπεὶ,
1377 2883 1530 2974 ᾆησῖ,
1562 2883 1719 2959 τοῦτο

146 3003 329 3063 οῦτως
380 3002 519 3069 ἔχει,
578 3001 610 3065 ἡ
656 2997 790 3066 εὐχὴ
859 2998 1280 3064 καταγέλαστος.
1346 2995 1614 3064 Τοιαύτης
1664 2996 1720 3048 δὲ

145 3091 252 3157 τῆς
287 3091 455 3158 εὐχῆς
486 3088 672 3156 οὔσης,
703 3088 804 3139 οὐκ
842 3087 1110 3154 ἀναγκαία
1138 3089 1169 3156 ἡ
1210 3087 1318 3138 τῶν
1357 3084 1516 3138 ὐείων
1543 3086 1718 3155 κρεῶν

147 3183 356 3253 ἀποχὴ.

215 3356 442 3410 ΔΡΙΣΤ.
485 3359 623 3408 Καν.
664 3362 771 3426 κη’.
812 3357 870 3408 ὐ
903 3355 1080 3425 κρεῶν
1125 3356 1334 3425 ἀποχὴν
1364 3356 1523 3408 ὐείων
1554 3358 1716 3408 ἑπευ-

153 3449 388 3516 ξάμενος
426 3446 663 3510 γελοῖος·
697 3446 756 3497 οὐ
792 3445 1009 3507 δεκτέος
1068 3445 1147 3507 δὲ,
1213 3449 1262 3497 εί
1318 3446 1710 3515 μεταλήψοιτο.

222 3627 443 3691 Ηῠξατό
473 3643 555 3689 τις
585 3624 885 3696 ἀπέχεσθαι
945 3627 1199 3696 χοιρείων
1250 3629 1450 3697 κρεῶν.
1502 3628 1718 3689 Γελοῖος

151 3716 332 3783 οὗτος,
363 3720 440 3781 ὼς
469 3720 769 3772 ἀπαίδευτα
799 3720 1224 3788 προσευχόμενος
1256 3721 1349 3772 καὶ
1385 3721 1717 3787 ἐπαγγελλό-

157 3828 345 3879 μενος.
410 3811 577 3863 Οὐδὲν
625 3813 734 3877 γὰρ
778 3811 982 3878 κτίσμα
1034 3811 1170 3862 Θεοῦ
1227 3810 1548 3880 ἀπόϐλητον,
1602 3815 1718 3881 μετ’

151 3901 509 3970 εὐχαριστίας
545 3901 1116 3969 μεταλαμϐανόμενον.
1153 3901 1244 3952 Δεῖ
1273 3896 1402 3968 γοῦν
1432 3917 1721 3971 συγχωρη-

155 3992 324 4058 θῆναι
353 3991 501 4058 αὐτῷ
533 3991 630 4058 τὴν
654 3990 956 4059 μετάληψιν
985 3991 1092 4042 τῶν
1130 3991 1326 4060 κρεῶν,
1371 3986 1445 4044 ὧν
1492 3995 1719 4062 ἀπέχειν

154 4078 456 4146 ἐπηύξατο,
488 4079 808 4147 διδαχθῆναι
835 4079 892 4129 δὲ
922 4078 998 4148 μὴ
1029 4081 1392 4141 ἀπαιδεύτους
1421 4082 1557 4149 πρὸς
1586 4084 1718 4135 Θεὸν

157 4166 495 4235 επαγγελίας
519 4169 814 4223 ποιεῖσθαι.

233 4259 482 4312 ΖΩΝΑΡ.
545 4259 676 4312 Ἐἀν
732 4260 939 4328 ἄρχων,
989 4262 1176 4330 φησὶν,
1234 4262 1409 4335 ὀμόσῃ
1473 4265 1721 4317 κακῶσαι

156 4349 286 4410 τούς
304 4396 317 4416 ,
335 4348 643 4415 ὐπᾱχεῖρα,
670 4347 750 4399 δεῖ
778 4351 867 4400 τὸν
897 4350 1140 4404 τοιοῦτον
1179 4352 1395 4419 πρῶτον
1439 4353 1536 4418 μὲν
1571 4354 1719 4406 διδά-

160 4439 389 4493 σκεσθαι
420 4438 493 4506 μὴ
523 4438 739 4505 ἕτοιμον
773 4434 910 4489 εἶναι
941 4440 1076 4506 πρὸς
1114 4442 1330 4508 ὅρκους·
1358 4444 1404 4493 εί
1429 4443 1483 4494 δὲ
1511 4445 1718 4513 ἀπροσ-

1824 2015 2015 2056 carnes
2041 2017 2145 2055 non
2173 2015 2410 2056 esurum.
2447 2001 2541 2055 Est
2579 2017 2810 2070 namque
2840 2017 3032 2056 vovere
3072 2003 3207 2056 idem
3243 2008 3385 2072 quod

1823 2092 2139 2162 promittere
2151 2102 2202 2147 et
2219 2091 2478 2159 polliceri,
2498 2090 2650 2159 juxta
2679 2093 2808 2145 illud
2831 2087 3045 2146 :Vovete
3069 2103 3116 2146 et
3140 2097 3383 2148 reddite’.

1825 2182 2062 2253 Rogatus
2085 2193 2168 2236 est
2195 2182 2359 2252 igitur
2385 2183 2472 2235 hic
2498 2190 2714 2237 sanctus
2739 2182 2839 2246 vir,
2866 2193 3043 2236 utrum
3067 2183 3135 2247 ci,
3156 2186 3247 2253 qui
3282 2186 3384 2240 hoc

1821 2288 1880 2328 se
1908 2282 2029 2327 voto
2054 2273 2363 2335 obstrinxit,
2392 2272 2519 2326 illud
2545 2273 2816 2325 tranbilire
2843 2272 2924 2327 fas
2951 2271 3114 2328 foret.
3143 2274 3386 2344 Respon-

1821 2364 2007 2432 ditque
2045 2364 2328 2439 ridiculum
2360 2364 2459 2416 sibi
2487 2363 2766 2432 negotium
2797 2364 2986 2421 videri.
3021 2365 3267 2432 Proinde,
3307 2371 3386 2422 in-

1821 2454 1958 2521 quit,
1993 2456 2071 2506 uti
2113 2453 2331 2521 quidem
2363 2452 2557 2514 suillis,
2607 2455 2706 2506 hoc.
2736 2462 2842 2517 est,
2875 2457 3160 2510 comedere
3198 2459 3386 2514 suillas

1822 2560 2013 2600 carnes
2035 2545 2312 2614 permittas
2337 2559 2481 2608 eum,
2503 2544 2592 2612 qui
2622 2545 2927 2612 hujusmodi
2947 2553 3088 2602 vovit
3112 2552 3388 2605 abstinen-

1825 2638 1975 2691 tiam.
2003 2637 2204 2690 l)oceas
2234 2651 2416 2704 porro,
2445 2645 2500 2689 ut
2521 2650 2578 2690 se
2604 2638 2671 2689 ab
2703 2638 2898 2704 ineptis
2928 2637 3192 2706 ejusmodi
3222 2642 3384 2706 votis,

1823 2730 1924 2783 hoc
1957 2739 2059 2791 est,
2098 2729 2522 2795 imprudentibus
2551 2729 2832 2795 promissis
2857 2733 3186 2795 contineant,
3210 2750 3388 2800 neque

1822 2820 1888 2871 ad
1927 2820 2187 2888 ejusmodi
2244 2827 2362 2872 vota
2396 2817 2507 2872 sint
2539 2817 2745 2872 faciles.
2778 2818 2928 2872 Nulla
2959 2821 3100 2873 enim
3140 2834 3384 2876 creatura
3461 2873 3464 2876 .

1824 2907 1914 2961 Dei
1948 2917 2030 2961 est
2062 2907 2374 2973 rejiciemla,
2405 2907 2500 2959 sed
2529 2920 2648 2959 cum
2705 2907 2997 2972 gratiarum
3047 2911 3257 2964 actione
3298 2926 3388 2965 ac-

1822 2999 2074 3065 cipiatur.
2104 2998 2256 3062 Quod
2289 3011 2412 3050 cum
2444 3011 2524 3061 se,
2551 2998 2647 3060 ait,
2688 2998 2759 3049 ita
2787 2998 3002 3059 habeat,
3029 3008 3111 3051 est
3136 3010 3384 3070 prepter-

1821 3104 1884 3142 ea
1925 3088 2205 3141 ridiculum
2236 3097 2442 3139 votum.
2505 3086 2638 3139 Cum
2686 3100 2814 3138 vero
2853 3088 3152 3154 bujnsmodi
3183 3094 3252 3144 sit
3297 3108 3388 3145 νο-

1823 3187 1959 3242 tum,
1993 3193 2100 3231 non
2131 3187 2210 3230 est
2260 3177 2563 3229 necessaria
2605 3176 2674 3229 ab
2714 3176 2975 3243 ejusmodi
3007 3180 3175 3234 suillis
3216 3184 3387 3236 carui-

1745 3239 1793 3300 c
1823 3269 1922 3322 bus
1946 3239 2299 3322 abstinentia.

1891 3357 2117 3411 ARIST.
2150 3355 2284 3413 Cau.
2313 3356 2400 3410 28.
2431 3356 2528 3423 Qui
2561 3371 2587 3408 a
2619 3357 2787 3410 suillis
2815 3358 3067 3412 carnibus
3102 3361 3376 3416 abalinen-

1822 3451 1950 3503 tiam
1992 3451 2165 3513 vovit,
2206 3449 2499 3513 ridiculus;
2531 3462 2706 3517 neque
2743 3463 2871 3502 vero
2902 3449 3278 3518 suscipiendus
3305 3463 3387 3507 est

1821 3541 1924 3596 nisi
1961 3542 2027 3595 iis
2060 3552 2265 3594 utatur.

1910 3632 2147 3687 Vovebat
2175 3633 2386 3699 quidam
2430 3646 2457 3682 a
2487 3631 2741 3685 carnibus
2780 3631 3015 3700 porcinis
3062 3633 3332 3688 abstinere
3368 3651 3380 3685 :

1829 3724 2088 3777 ridiculus
2138 3730 2222 3774 est
2249 3720 2337 3772 ille
2378 3728 2435 3772 ut
2475 3721 2648 3788 inepta
2682 3735 2878 3774 vovens
2934 3731 2988 3774 et
3036 3727 3383 3790 promittens.

1821 3813 1974 3866 Nulla
2007 3815 2147 3865 enim
2187 3813 2273 3864 Dei
2309 3819 2556 3864 creatura
2610 3821 2691 3863 est
2748 3812 3072 3877 rejicienda,
3121 3815 3212 3868 sed
3262 3831 3383 3869 cum

1822 3904 2119 3971 gratiarum
2157 3900 2372 3954 actione
2421 3901 2703 3952 sumenda.
2734 3898 2958 3968 Oportet
3015 3902 3194 3970 itaque
3233 3915 3290 3957 ut
3334 3908 3383 3960 ei

1820 3995 2164 4063 permittatur
2191 3995 2256 4047 de
2285 3992 2538 4046 carnibus
2569 3991 2894 4058 participare
2922 4005 2950 4042 a
2986 3994 3183 4059 quibus
3215 3997 3385 4050 absti-

1823 4100 1954 4137 nere
1989 4084 2155 4144 vovit,
2183 4082 2472 4135 edoceatur
2504 4089 2683 4133 autem
2717 4095 2784 4133 ne
2811 4080 3023 4148 ineptas
3051 4080 3159 4135 Deo
3187 4085 3387 4152 profes-

1821 4175 2005 4228 siones
2044 4173 2225 4226 faciat.

1894 4261 2143 4315 ZONAB.
2181 4261 2234 4316 In
2262 4277 2382 4316 can.
2425 4263 2516 4318 29.
2545 4261 2601 4315 Si
2629 4262 2896 4331 princeps,
2927 4262 3122 4332 inquit,
3152 4263 3295 4330 juret
3326 4280 3384 4317 se

1823 4355 1963 4408 malo
1989 4353 2309 4406 aﬂ‘ecturum
2337 4352 2600 4416 subditos,
2620 4351 2884 4419 ejusmodi
2914 4353 3142 4420 primum
3167 4353 3381 4419 quidem

1823 4443 2036 4497 edoceri
2064 4452 2300 4511 oportet,
2320 4458 2386 4496 ne
2418 4443 2490 4496 sit
2515 4440 2690 4495 facilis
2722 4444 2785 4494 ad
2810 4442 3131 4510 jurandum.
3166 4442 3220 4495 Si
3252 4459 3382 4497 vero

158 4526 332 4590 ἐκτως
365 4529 572 4594 ὀμόσει,
608 4527 684 4595 μὴ
711 4527 940 4596 φυλάξαι
975 4529 1066 4580 τὸν
1095 4530 1254 4597 ὅρκον
1292 4535 1384 4584 ὲπὶ
1429 4535 1719 4604 κακοποιίξι

1827 4539 2029 4586 temere
2070 4532 2236 4600 iuret,
2285 4545 2351 4583 ne
2404 4528 2781 4598 jusjurandum
2836 4539 3013 4582 servet
3062 4530 3113 4581 in
3153 4529 3381 4582 aliorum

165 4616 392 4684 ἑτέρων,
426 4615 561 4669 ἀλλά
582 4617 875 4685 μετάνοιαν
905 4617 1310 4675 ἐπιδείκνυσθαι
1343 4625 1428 4677 διὰ
1459 4626 1558 4695 τὴν
1588 4645 1721 4696 προ-

164 4707 391 4757 πέτειαν
422 4707 517 4758 τοῦ
553 4705 744 4776 ὅρκου,
774 4707 866 4775 Μὴ
911 4709 1350 4777 σχηματίζεσθαι
1375 4713 1431 4764 δὲ
1462 4714 1557 4766 καὶ
1583 4715 1718 4767 ὐπο-

162 4795 449 4862 κρίνεσθαι
470 4797 550 4847 ὃτι
591 4796 899 4849 εὐλαϐεῖται
919 4798 1008 4852 τὸν
1040 4800 1225 4868 ὅρκον,
1252 4802 1371 4853 ἀντι
1401 4803 1516 4867 τοῦ,
1548 4803 1720 4874 διιλιᾷ

163 4888 258 4940 καὶ
290 4886 534 4954 φοϐεῖται
564 4888 666 4955 τὴν
707 4888 1013 4956 ἐπιορκίαν·
1048 4891 1141 4941 καὶ
1173 4889 1422 4958 βεϐαιοῦν
1441 4884 1537 4962 τὴν
1593 4897 1720 4947 ἑαυ-

163 4974 255 5026 τοῦ
293 4974 514 5038 κακίαν,
544 4975 713 5044 ῆγουν
767 4975 838 5027 δι’
883 4976 1147 5046 ἀπήνειαν
1207 4979 1454 5042 κολάζειν
1499 4981 1714 5045 ἀλλους,

174 5066 259 5118 ἵνα
286 5067 360 5134 μὴ
398 5064 525 5134 δοκῇ
555 5066 871 5135 παραϐῆναι
900 5066 992 5120 τὸν
1020 5068 1202 5138 ὅρκον.
1235 5071 1344 5123 Καὶ
1376 5073 1468 5124 ἐπὶ
1511 5075 1719 5136 τούτοις

168 5156 291 5222 ἄγει
343 5155 479 5222 πρὸς
541 5155 894 5224 παράδειγμα
951 5157 1041 5209 τὸν
1101 5160 1408 5229 τετράρχην
1473 5162 1719 5231 Ἡρώδην

167 5240 341 5308 λέγων
379 5243 463 5293 ὅτι
492 5242 756 5311 συνέφερε
789 5243 866 5312 τῷ
901 5242 1115 5317 Ἡρώδῃ
1147 5245 1222 5316 μὴ
1261 5247 1721 5317 εὐορκῆσαι,ἀντὶ

168 5333 260 5380 τοῦ
299 5330 371 5398 μὴ
413 5329 472 5380 εὐ
503 5329 817 5398 διατεθῆναι
842 5331 978 5400 πρὸς
1027 5331 1117 5384 τὸν
1141 5334 1301 5402 ὅρκον
1334 5336 1430 5387 καὶ
1484 5337 1719 5403 φυλάξαι

175 5420 354 5482 αὐτὸν,
403 5421 500 5472 καὶ
535 5419 799 5487 φονεῦσαι
828 5421 919 5475 τὸν
944 5421 1276 5493 Βαπτιστήν.
1311 5427 1422 5478 Καὶ
1452 5428 1559 5488 πᾶς
1591 5428 1711 5496 μὲν,

176 5509 359 5578 φησὶν,
383 5510 546 5578 ὅρκος
575 5508 853 5578 καθάπαξ,
882 5511 1050 5581 ἧγουν
1088 5514 1476 5584 ἀπαραιτήτως
1497 5517 1714 5581 τελείως

241 5685 260 5718 ⁸
284 5683 428 5743 Psal.
477 5703 639 5756 Lxxv,
671 5690 760 5745 12.

1827 4621 2121 4688 perniciem
2169 4628 2487 4686 conceptum
2517 4657 2532 4681 ,
2576 4620 2669 4671 sed
2724 4621 3094 4686 pmnilentiam
3137 4623 3385 4675 ostendat

1825 4717 1894 4768 ob
1926 4714 2253 4784 praecipitem
2279 4713 2634 4782 jurisjurandi
2654 4711 2951 4765 licentiam.
2983 4711 3250 4764 Caeterum
3285 4728 3380 4764 ue-

1821 4823 2089 4876 quaquam
2126 4819 2182 4858 se
2237 4803 2612 4872 jusjurandum
2666 4800 2902 4854 revereri
2961 4808 3243 4869 pratextat
3291 4811 3383 4853 aut

1816 4897 2004 4963 fingat,
2036 4895 2135 4948 hoc
2165 4901 2270 4957 est,
2301 4891 2590 4961 perjurium
2637 4905 2757 4944 sese
2804 4899 3043 4944 metuere
3087 4905 3149 4943 ac
3197 4894 3380 4944 formi-

1816 4988 1944 5038 dare
1978 5005 1990 5040 :
2026 4999 2125 5037 nec
2152 4999 2302 5038 suam
2339 4973 2617 5036 confirmet
2650 4981 3047 5048 improbitatem
3097 4997 3191 5049 per
3221 4985 3378 5037 saevi-

1826 5076 1954 5126 tium
1988 5074 2235 5127 videlicet
2283 5073 2334 5125 in
2379 5072 2498 5124 aliis
2538 5069 2846 5140 puniendis,
2900 5085 2968 5122 ne
3009 5069 3376 5139 jusjurandum

1822 5165 2049 5218 violasse
2079 5163 2434 5216 existimetur.
2468 5159 2602 5212 Tum
2639 5161 2704 5212 ad
2741 5159 2853 5212 haec
2877 5161 3174 5226 exemplum
3207 5160 3376 5213 Hero-

1823 5255 1904 5308 dis
1944 5254 2226 5306 tetrarcbae
2269 5250 2494 5318 profert,
2527 5251 2714 5304 dicens
2761 5249 2890 5303 utile
2937 5247 3174 5303 futurum
3212 5249 3376 5304 fuisse

1822 5337 2016 5396 Herodi
2048 5344 2089 5396 si
2129 5357 2231 5394 non
2262 5343 2396 5393 bene
2427 5344 2679 5405 Iurasset,
2709 5340 2808 5392 hoc
2833 5347 2949 5402 est,
2997 5339 3042 5390 si
3088 5353 3191 5391 non
3243 5337 3376 5392 bene

1822 5446 1947 5500 erga
1992 5431 2364 5501 jusjurandum
2421 5429 2609 5482 fuisset
2655 5427 2900 5494 allectus,
2930 5429 3209 5496 ipsumque
3256 5443 3372 5481 ser-

1828 5523 1998 5576 vando
2030 5519 2318 5590 Baptistam
2352 5517 2736 5575 interfecisset.
2768 5521 2845 5572 Ac
2871 5517 3013 5572 omni
3045 5519 3260 5585 quidem
3290 5518 3374 5587 ju-
