3998 6326
599 353 702 417 68⁵1

1840 341 2121 403 TllEOD.
2163 342 2255 400 ΒΛ
2265 343 2563 403 LSAMON

3737 335 3837 398 633

599 466 891 539 risjurandi
923 478 1095 537 genus
1137 460 1383 525 omnino,
1436 459 1537 513 huc
1567 465 1649 511 est
1672 495 1687 520 ,
1722 457 1837 510 sine
1862 455 1969 512 ullo
1998 455 2164 524 tergi-

2272 457 2685 527 ἀπηγόρευται·
2720 453 2879 507 πλέον
2913 453 2970 507 δὲ
3026 451 3300 521 ἐνδέχεται
3362 446 3842 515 ἀπηγορευομένον

604 559 911 615 versatione
945 555 1181 627 perfecte
1209 552 1437 608 vetitum
1472 558 1588 613 est,
1647 548 1818 601 multo
1841 562 1972 601 vero
2000 547 2170 616 magis

600 649 947 718 consequitur
979 646 1110 702 illud
1161 644 1384 699 vetitum
1435 656 1555 696 esse
1597 655 1659 693 ac
1691 642 2001 693 damnatum
2027 639 2169 706 quod

603 743 676 799 oh
732 741 930 796 tnalum
983 737 1396 807 perpetrandum
1453 734 1735 787 emittitur.
1792 729 2027 783 Proinde
2078 728 2169 797 qui

598 834 860 906 ejusmodi
914 846 974 887 se
1024 829 1372 901 jurejurando
1423 824 1713 882 obstrinxit
1772 825 1981 877 diversa
2033 820 2169 874 inire

598 926 825 981 consilia
848 963 864 989 ,
900 924 1004 979 hoc
1041 930 1149 986 est,
1187 919 1509 976 sententiam
1547 927 1754 971 mutare
1807 923 1860 968 et
1882 911 2170 983 .contraria

599 1017 824 1081 sentire,
850 1017 962 1071 sive
988 1016 1248 1085 poenitere
1275 1019 1506 1082 oportet.
1534 1008 1739 1063 .luravit
1770 1006 2034 1075 siquidem
2067 1003 2169 1058 ali—

598 1109 722 1179 quis
769 1124 829 1163 se
879 1106 1188 1175 quempiam
1239 1101 1671 1165 interfecturum,
1721 1085 1934 1153 diversa
2002 1097 2168 1168 igitur

596 1202 737 1255 inire
762 1198 1005 1263 consilia,
1051 1198 1153 1251 hoc
1204 1207 1319 1261 est,
1369 1194 1513 1247 aliud
1549 1193 1752 1248 sentire
1788 1205 1851 1244 ac
1885 1188 2169 1259 pmnitere,

594 1308 666 1349 ne
694 1292 898 1347 scilicet
944 1289 1264 1352 interliciat;
1294 1302 1398 1340 non
1426 1295 1607 1339 autem
1645 1284 1976 1353 impietatem
2006 1281 2169 1333 rebus

584 1386 727 1452 ipsis
758 1381 1082 1438 confirmare
1127 1387 1359 1448 oportet.
1389 1376 1445 1430 Si
1471 1376 1592 1444 quis
1632 1375 1798 1438 enim,
1834 1372 2031 1440 inquit,
2057 1368 2171 1440 89

596 1475 751 1528 fratri
782 1488 841 1527 se
894 1472 1079 1526 oculos
1105 1468 1428 1524 effossurum
1465 1466 1700 1535 juravit,
1748 1462 2167 1518 examinandum

594 1573 696 1628 est,
736 1571 913 1615 utrum
947 1560 1018 1614 sit
1054 1556 1665 1625 melius,jnsjnrandum
1698 1563 2070 1617 contemnere,
2100 1564 2167 1604 an

598 1655 793 1707 malum
834 1650 1112 1723 perlicere.
1161 1650 1239 1704 Ac
1267 1649 1309 1703 si
1347 1649 1466 1716 quis
1498 1662 1556 1701 se
1587 1646 1899 1699 mandatum
1945 1642 2164 1712 aliquod

593 1745 916 1799 violaturum
936 1743 1157 1811 juravit,
1188 1740 1379 1794 melius
1404 1739 1565 1791 fuerit
1582 1738 1983 1807 jusjurandum,
2006 1749 2166 1803 quam

2279 548 2422 604 εἶναι
2447 549 2542 603 καὶ
2575 547 3048 618 κατακεκριμένον
3064 546 3155 598 τὸν
3179 543 3273 596 ἐπὶ
3300 538 3460 609 κακῷ
3490 539 3838 608 ὀμνυόμενον.

2279 643 2445 696 Ὥστε
2471 642 2563 694 τὸν
2588 640 2829 693 τοιοῦτον
2860 640 3021 707 ὅρκον
3049 636 3327 707 ὀμόσαντα
3366 632 3732 703 μεταφρονεῖν
3748 629 3839 689 δεῖ,

2276 736 2402 789 ἀντὶ
2454 732 2578 795 τοῦ,
2619 730 3114 798 μεταϐουλεύεσθαι
3165 729 3257 781 καὶ
3292 725 3554 779 τάναντία
3603 724 3838 791 φρονεῖν,

2277 825 2310 895 ἢ
2344 828 2650 895 μετανοεῖν.
2690 825 2896 893 Ὠμοσε
2946 821 3052 891 γάρ
3104 837 3187 883 τις
3222 819 3587 871 ἀποκτεῖναι·
3624 816 3707 868 δεῖ
3756 808 3843 864 οὖν

2280 916 2711 985 μεταφρονῆσαι,
2748 915 2917 984 ἤγουν
2947 912 3110 981 ἔτερα
3128 909 3400 981 φρονῆσαι
3427 908 3523 960 καὶ
3566 906 3843 977 μεταγνῶ-

2277 1024 2388 1071 ναι,
2419 1006 2621 1077 δηλαδὴ
2645 1007 2718 1077 μὴ
2754 1004 3052 1074 φονεῦσαι”·
3088 1002 3205 1056 ἀλλ’
3222 1002 3342 1071 οὐχὶ
3365 1001 3453 1053 διὰ
3476 1001 3573 1067 τῆς
3598 1001 3842 1069 πράξεως

2279 1097 2579 1167 βεϐαιῶσαι
2617 1096 2777 1150 δεῖτὸ
2805 1098 3039 1150 ἀνόσιον.
3073 1096 3136 1147 Εἰ
3174 1097 3282 1165 γάρ
3337 1111 3445 1154 τις,
3478 1093 3665 1160 φησὶν,
3701 1089 3842 1160 ὤμο-

2278 1204 2371 1241 σεν
2415 1186 2668 1256 ἐξορύξαι
2719 1188 2845 1248 τοὺς
2874 1184 3187 1255 ὀφθαλμοὺς
3216 1183 3309 1237 τοῦ
3363 1181 3619 1251 ἀδελφοῦ,
3661 1182 3843 1244 ἐξετα-

2278 1279 2434 1333 στέον
2461 1278 2513 1331 τί
2544 1280 2653 1348 ἄρα
2687 1277 2916 1347 βέλτιον,
2941 1278 3193 1346 παριδεῖν
3218 1276 3307 1329 τὸν
3334 1276 3498 1344 ὅρκον
3522 1274 3554 1343 ἢ
3587 1275 3665 1327 είς
3686 1272 3845 1341 ἔργον

2274 1370 2335 1422 τὸ
2365 1369 2533 1423 κακὸν
2565 1370 2819 1437 ἀγαγεῖν.
2858 1372 2967 1422 Καὶ
3000 1372 3047 1423 εί
3078 1368 3261 1440 ὤμοσέ
3288 1386 3374 1430 τις
3407 1366 3632 1435 ἐντολὴν
3662 1384 3735 1418 πα
3748 1382 3842 1434 ρα-

2276 1463 2462 1533 δῆναι,
2485 1464 2604 1516 ἐστι
2626 1465 2903 1532 κρεῖσσον,
2927 1463 3245 1534 παραϐῆναι
3267 1461 3358 1514 τὸν
3380 1462 3566 1527 ὅρκον,
3594 1460 3738 1530 ῆτὴν
3766 1461 3847 1510 ἐν·

2275 1555 2462 1625 τολήν.
2505 1556 2762 1624 Ὧμοσα,
2780 1555 2911 1625 γὰρ,
2938 1556 3103 1623 φησὶν
3136 1553 3322 1621 Δαόὶδ,
3354 1553 3452 1606 καί
3487 1553 3727 1620 ἐστησιι
3747 1550 3843 1603 τοῦ

2274 1639 2660 1709 φυλάξασθαι
2695 1643 2767 1695 τὰ
2799 1644 3055 1711 κρίματα
3114 1641 3224 1709 τῆς
3273 1642 3674 1709 δικαιοσύνης
3705 1654 3844 1701 σου,

2275 1732 2398 1801 οὐχὶ
2417 1732 2515 1803 τὴν
2549 1733 2846 1802 ἁμαρτίαν.

590 1837 901 1889 mandatum
936 1834 1156 1888 violare.
1185 1832 1374 1899 Juravi
1404 1830 1692 1900 siquidem,
1757 1828 1929 1897 inquit
1971 1826 2161 1890 David,
2203 1835 2260 1882 et
2301 1827 2466 1879 statui
2497 1829 2761 1881 custodire
2801 1827 3012 1896 judicia
3036 1826 3266 1895 justitiat
3324 1838 3451 1890 tum,
3513 1841 3623 1881 non
3669 1834 3845 1879 autem

594 1936 905 1998 peccatum.

658 2016 892 2072 AitlsT.
916 2016 1048 2071 Can.
1081 2017 1171 2073 29.
1217 2016 1271 2070 Si
1312 2015 1629 2083 simpliciter
1660 2014 1849 2083 jurare
1886 2013 1956 2067 sit
1998 2012 2164 2065 inter-

2335 2003 2727 2059 ΑΡΙΣΤ.Καν.
2763 2005 2866 2057 κθ’.
2929 2003 2991 2055 Ei
3047 2004 3424 2073 ἀπηγόρευται
3486 2003 3545 2054 τὸ
3606 2002 3843 2068 ὀμνύειν.

592 2108 815 2170 dictum,
846 2106 1015 2159 multo
1043 2107 1211 2172 magis
1239 2105 1303 2157 ad
1328 2104 1527 2157 malum
1559 2101 2001 2171 perpetrandum,
2029 2099 2166 2153 adeo

595 2211 653 2253 ut
690 2215 798 2253 non
853 2197 1024 2251 solum
1075 2211 1209 2263 Opus
1255 2195 1588 2263 prohibebis,
1651 2207 1840 2245 verum
1885 2200 1937 2245 et
1988 2192 2166 2258 ipsum

594 2276 736 2359 quod
767 2297 1035 2349 eructant,
1084 2286 1473 2353 juramentnm.
1526 2282 1695 2352 ilnjus
1744 2292 1923 2336 autem
1963 2279 2166 2335 medela

593 2384 645 2435 in
681 2380 879 2448 duplici
929 2379 1179 2433 consistit
1235 2377 1636 2442 admonitione;
1696 2390 1800 2427 non
1848 2373 2058 2442 jurare,
2112 2380 2166 2426 et

592 2472 729 2541 quod
763 2471 993 2535 speciem
1026 2469 1193 2523 refert
1222 2468 1515 2536 jurameuti
1541 2468 1857 2531 reprimere.
1885 2464 2036 2529 Quod
2068 2478 2164 2517 au-

594 2575 700 2617 tern
727 2561 965 2629 jttratum
994 2568 1077 2612 est
1106 2569 1437 2625 perpetrare,
1464 2557 1757 2610 absurdum
1789 2567 1892 2609 est.

663 2650 1009 2719 Magistratus
1033 2648 1293 2714 subjectis
1344 2647 1714 2701 malefaciendi
1743 2657 2062 2715 praetextum
2096 2660 2163 2698 ne

589 2742 873 2798 inveniant
902 2740 1290 2809 juramentum.
1312 2736 1450 2805 Quid
1488 2741 1654 2803 enim,
1677 2738 2163 2808 juravitquispiam

591 2824 690 2885 eos
736 2833 828 2899 qui
865 2829 965 2882 sub
1021 2828 1191 2894 ipsius
1232 2828 1340 2882 sint
1383 2839 1650 2897 potestate
1698 2831 1887 2883 morbo
1926 2828 2159 2891 allicere,

591 2933 648 2977 et
681 2923 780 2976 sub
814 2921 1029 2989 pietatis
1072 2918 1255 2972 habitu
1287 2918 1616 2985 impietatem
1663 2932 1813 2970 suam
1842 2919 2164 2969 confirmare

591 3013 782 3066 vellet?
842 3011 1116 3078 Duplicem
1176 3009 1357 3078 itaque
1410 3007 1671 3062 medelam
1732 3008 1823 3061 tali
1880 3008 2161 3070 adhibeas,

594 3118 703 3155 uno
738 3102 955 3171 quidem
983 3100 1142 3153 modo
1170 3113 1292 3153 eum
1329 3097 1556 3153 edoceas
1603 3113 1704 3152 non
1755 3098 1914 3151 facile
1956 3098 2159 3164 jurare,

592 3195 697 3247 alio
748 3202 926 3245 autent
982 3191 1037 3244 in
1091 3190 1246 3244 malis
1294 3191 1620 3259 juramentis
1673 3204 1777 3241 non
1848 3188 2159 3256 persisrcre.

589 3284 777 3351 Neque
807 3281 949 3336 enim
979 3280 1179 3356 Herodi
1211 3278 1399 3345 jurare
1450 3278 1691 3346 profuit;
1728 3294 1849 3331 nam
1895 3293 1959 3332 ne
2009 3280 2159 3347 peju-

2267 2093 2327 2147 τὸ
2378 2096 2467 2145 ἐπὶ
2540 2094 2618 2163 τῷ
2668 2094 2917 2145 κακῶσαι
2974 2094 3173 2162 μᾶλλον
3213 2109 3226 2123 ο
3267 2092 3406 2144 ὦττε
3456 2093 3532 2161 μὴ
3597 2095 3757 2161 μόνον
3792 2096 3846 2144 τὸ

2270 2188 2429 2257 ἔργον
2504 2186 2777 2256 κωλύσῃς,
2829 2186 2968 2239 ἀλλὰ
3026 2189 3115 2238 καὶ
3160 2186 3320 2239 αὑτὸν
3373 2185 3433 2238 ὃν
3486 2185 3848 2255 ἁπερεύγεται

2268 2278 2457 2348 ὅρκον.
2492 2276 2775 2346 Θεραπεία
2844 2277 2900 2329 δὲ
2966 2278 3162 2330 τούτου
3188 2277 3338 2347 διττὴ
3396 2278 3648 2329 νουθεσία
3684 2294 3700 2308 ·
3759 2276 3847 2328 τοῦ

2274 2369 2349 2438 μὴ
2384 2368 2632 2437 ὀμνύειν,
2667 2369 2763 2421 καὶ
2820 2370 3057 2434 κώλυσις
3104 2370 3197 2423 τοῦ
3258 2372 3611 2441 προσχήματι
3664 2372 3843 2438 ὅρκου.

2268 2460 2536 2530 Πράττειν
2571 2460 2632 2512 τὸ
2659 2460 2854 2530 ὀμοθὲν
2888 2462 3107 2516 ἄτοπον.

2319 2643 2409 2713 Μὴ
2472 2646 2744 2712 πρόφασιν
2767 2645 2861 2698 τοῦ
2894 2647 3211 2699 κακοποιεῖν
3242 2650 3367 2710 τοὺς
3392 2650 3733 2719 ἀρχομένους
3762 2654 3843 2703 εὑ-

2268 2732 2603 2799 ρισκέτωσαν
2627 2733 2717 2785 τὸν
2749 2733 2910 2803 ὅρκον
2938 2737 2986 2786 οἱ
3014 2736 3292 2803 ἄρχοντες.
3315 2738 3380 2789 Τί
3404 2740 3533 2808 γὰρ,
3566 2740 3747 2810 ὤμοσέ
3770 2759 3845 2804 τ;ς

2268 2822 2522 2875 κακῶσαί
2551 2841 2673 2875 τινα
2697 2825 2804 2877 τῶν
2863 2826 2968 2878 ὑπὸ
3004 2830 3183 2895 χεῖρα,
3213 2831 3308 2881 καὶ
3358 2834 3715 2902 προσχήματι
3761 2836 3843 2887 εὐ-

2266 2912 2490 2975 λαϐείας
2519 2916 2621 2984 τὴν
2652 2916 2921 2987 πονηρίαν
2982 2919 3147 2972 αὑτοῦ
3208 2920 3460 2989 βούλεται
3515 2924 3839 2994 βεϐαιῶσαι;

2267 3006 2617 3075 Θεράπευσον
2641 3009 2771 3077 γοῦν
2803 3011 2894 3061 τὸν
2926 3014 3165 3065 τοιοῦτον
3211 3016 3406 3079 διττῶς
3433 3036 3446 3048 ·
3473 3020 3598 3072 καθ’
3628 3021 3721 3074 ἕνα
3754 3022 3841 3091 μὲν

2266 3100 2469 3168 τρόπον
2491 3100 2701 3163 δίδαξον
2753 3102 2915 3154 αὑτὸν
2962 3103 3038 3173 μὴ
3073 3105 3297 3173 ὀμνύειν
3351 3113 3658 3182 προχείρως
3685 3131 3699 3144 ·
3731 3114 3841 3166 καθ’

2267 3189 2455 3257 ἕτερον
2487 3188 2542 3239 δὲ
2568 3188 2644 3259 μὴ
2673 3191 2953 3259 ἐπιμένειν
2984 3195 3043 3245 ὲν
3097 3199 3217 3258 ταῖς
3246 3199 3383 3268 πρὸς
3414 3202 3473 3252 τὸ
3492 3204 3665 3256 κακὸν
3697 3207 3839 3277 εὐορ-

2268 3279 2451 3342 κίαις·
2504 3281 2585 3332 ὅτι
2641 3281 2776 3349 μηδὲ
2851 3283 3069 3357 Ἡρώδῃ
3125 3290 3393 3359 συνέφερε
3429 3293 3836 3365 εὐορκήσαντι⁴

597 3383 768 3436 raret,
801 3353 1112 3440 prophetam
1139 3370 1355 3424 occidit.
1393 3369 1683 3422 liliusmodi
1712 3369 1854 3421 enim
1884 3368 2156 3437 jusjuran—

2271 3368 2358 3420 διὰ
2391 3369 2496 3438 γὰρ
2525 3369 2587 3421 τὸ
2619 3341 2717 3438 μὴ-
2754 3341 3108 3443 ἐπιορκῆσαι,
3178 3341 3377 3444 (pm/.55;

591 3468 717 3520 dum
754 3466 911 3518 debet
940 3462 1207 3531 quispiam
1259 3460 1577 3515 inviolatum
1620 3474 1861 3524 servare,
1913 3459 2054 3527 quod
2095 3459 2163 3512 ad

587 3554 815 3623 jnstitia:
852 3552 1050 3606 divinae
1088 3550 1297 3619 judicio
1358 3550 1691 3605 observanda
1729 3551 1961 3619 juravit.
2019 3551 2163 3603 Istud

595 3653 801 3707 autem,
823 3641 964 3710 quod
996 3640 1048 3694 in
1082 3648 1357 3708 peccatum
1386 3638 1556 3691 fertur
1580 3650 1631 3691 et
1667 3638 1890 3704 alicujus
1910 3641 2163 3691 damnum

578 3733 738 3789 «omni
774 3732 929 3787 modo
961 3730 1237 3785 infirmare
1268 3738 1323 3783 et
1351 3728 1531 3783 delere
1561 3736 1795 3797 oportet.

1179 3904 1405 3962 CANON
1436 3905 1607 3960 XXX.

598 4008 675 4062 De
701 4006 787 4061 his
811 4004 906 4075 qui
938 4003 1178 4072 rapiunt,
1209 4016 1475 4056 canonem
1506 4004 1718 4070 quidem
1752 4003 2028 4072 antiquunm
2058 4020 2165 4059 non

668 4098 950 4161 habemus,
993 4097 1086 4148 sed
1139 4093 1413 4162 propriam
1450 4096 1775 4148 sententiam
1817 4096 2164 4163 protulimus,

664 4202 724 4245 ut
760 4188 862 4258 ipsi
894 4198 949 4241 et
993 4187 1085 4255 qui
1113 4198 1235 4239 cum
1265 4185 1345 4238 eis
1380 4186 1619 4253 rapiunt,
1653 4185 1826 4239 tribus
1858 4188 2017 4240 annis
2057 4188 2166 4241 sint

666 4292 819 4334 extra
867 4276 1162 4330 orationes.
1194 4272 1347 4338 Quod
1392 4283 1570 4327 autem
1609 4274 1875 4328 violenter
1925 4291 2029 4328 non
2072 4277 2165 4340 sit,

671 4369 797 4424 nulli
829 4377 912 4421 est
952 4380 1125 4434 paenae
1155 4364 1472 4429 obnoxium,
1506 4367 1721 4432 quando
1763 4380 1865 4419 nec
1917 4375 2161 4435 stuprum

671 4477 769 4514 nec
806 4460 1005 4511 furtum
1054 4466 1165 4509 rem
1216 4455 1553 4523 praecesserit
1585 4471 1599 4508 :
1636 4464 1720 4508 est
1771 4467 1950 4510 autem
2003 4457 2162 4510 vidua

668 4552 750 4605 sui
795 4550 952 4617 juris,
994 4557 1041 4601 et
1098 4547 1150 4599 in
1208 4546 1325 4609 ejus
1370 4551 1454 4597 est
1484 4555 1753 4613 potestate
1781 4550 1953 4613 sequi.
1987 4548 2166 4613 Quare

670 4657 777 4696 non
810 4650 891 4693 est
931 4638 1085 4691 nobis
1110 4634 1402 4705 figurarum
1427 4648 1490 4687 ac
1520 4646 1874 4703 praetexuntur
1902 4639 2007 4692 ulla
2034 4655 2160 4693 cura
2196 4668 2240 4723 υ

667 4731 923 4801 gerenda.

665 4821 857 4877 BALS.
912 4819 967 4874 In
1005 4834 1124 4872 can.
1188 4818 1259 4873 67
1324 4820 1639 4888 apostolico,
1686 4821 1737 4873 in
1772 4818 2030 4873 Chalcctl.
2065 4821 2157 4886 27,

594 4919 648 4971 in
681 4914 870 4986 synodi
913 4914 963 4967 in
994 4910 1178 4966 Trullo
1210 4911 1299 4975 92.
1341 4921 1395 4965 et
1432 4913 1481 4965 in
1514 4915 1798 4979 praesentis
1852 4914 2028 4966 sancti
2064 4913 2157 4977 22,

596 5008 764 5059 multa
800 5003 1118 5071 scripsimus
1154 5005 1218 5056 de
1252 5004 1316 5055 iis
1347 5004 1435 5071 qui
1470 5003 1681 5071 rapiunt
1714 5004 1990 5066 mulieres,
2017 5006 2164 5059 etde

598 5100 665 5151 iis
713 5096 804 5163 qui
856 5094 960 5146 illis
1017 5094 1383 5146 consentiunt.
1442 5092 1512 5146 Et
1567 5096 1682 5163 lege
1713 5110 1798 5160 ea,
1826 5105 1877 5148 et
1916 5112 2037 5165 cap.
2066 5096 2156 5161 '50,

599 5189 732 5241 tituli
784 5188 815 5241 9
850 5186 1133 5256 prmsentis
1179 5187 1356 5252 operis
1409 5202 1424 5238 :
1480 5202 1713 5255 DI'EBSenS
1768 5200 1943 5241 autem
1981 5204 2153 5244 canon

601 5278 845 5331 decernit
904 5285 1145 5343 raptores
1196 5284 1247 5327 et
1312 5276 1403 5343 qui
1466 5276 1570 5331 illis
1618 5278 1977 5342 consentiunt,
2033 5293 2155 5333 esse

595 5368 829 5422 triennio
865 5376 1019 5421 extra
1049 5365 1341 5429 orationes,
1390 5374 1537 5420 stare
1580 5367 1781 5421 scilicet
1808 5384 1928 5422 cum
1965 5370 2032 5423 iis
2062 5371 2151 5439 qui

596 5458 822 5511 audiunt
872 5465 1142 5523 uportere.
1203 5454 1295 5507 Sin
1354 5466 1555 5519 autem,
1608 5456 1802 5524 inquit,
1846 5459 2039 5513 mulier
2067 5475 2154 5514 sc-

596 5558 771 5616 ipsam
826 5559 924 5599 sua
972 5556 1162 5612 sponte
1226 5545 1522 5608 tradiderit,
1581 5542 1702 5598 cum
1745 5561 1844 5601 nec
1886 5558 2152 5617 stuprum,

596 5652 693 5692 nec
741 5636 963 5701 furtum,
995 5637 1096 5689 hoc
1123 5643 1207 5690 est
1242 5635 1610 5690 clandestinus
1650 5639 1967 5694 concubitus
2016 5656 2157 5710 pne-

590 5728 886 5795 cessisset,
956 5728 1080 5781 nulli
1137 5737 1218 5784 est
1279 5728 1491 5783 crimini
1558 5730 1820 5785 obnoxius
1877 5735 1964 5800 qui
2028 5749 2150 5786 eam

2269 3463 2572 3529 προφήτου.
2617 3461 2854 3515 Ἐκεῖνον
2885 3464 2994 3531 γάρ
3032 3482 3117 3528 τις
3141 3469 3235 3521 τὸν
3268 3472 3433 3540 ὅρκον
3466 3474 3678 3542 ὀφείλει
3710 3479 3839 3545 ἁμε-

2268 3554 2572 3623 τάτρεπτον
2612 3554 2924 3623 φυλάττειν,
2963 3556 3021 3609 ὃν
3051 3559 3267 3628 ὤμοσεν
3338 3566 3431 3617 ἐπὶ
3477 3569 3555 3636 τῷ
3614 3571 3837 3637 φυλάξαι

2267 3648 2337 3697 τὰ
2364 3649 2609 3716 κρίματα
2635 3648 2733 3717 τῆς
2766 3649 2860 3700 τοῦ
2890 3649 3027 3703 Θεοῦ
3069 3651 3427 3728 δικαιοσύνης
3457 3676 3471 3691 ’
3514 3663 3609 3713 τὸν
3666 3665 3723 3716 δὲ
3752 3668 3835 3716 ἐπὶ

2267 3746 2329 3811 τῇ
2360 3742 2607 3813 ἁμαρτίᾳ
2635 3743 2937 3811 προϐάντα,
2966 3748 3058 3799 καὶ
3096 3749 3342 3804 κακώσει
3370 3754 3515 3818 τινὸς
3576 3760 3835 3821 παντοίως

2270 3831 2609 3902 ἁκυροῦσθαι
2645 3835 2941 3904 προσήκει,
2971 3837 3067 3889 καὶ
3092 3839 3481 3907 ἀφανίζεσθαι.

2894 3931 3137 3984 ΚΑΝΩΝ
3168 3936 3249 3987 Λ’.

2264 4014 2405 4084 Περὶ
2455 4017 2567 4070 τῶν
2641 4020 3002 4089 ἁρπαζόντων
3076 4026 3279 4080 κανόνα
3321 4028 3423 4097 μὲν
3464 4030 3696 4086 παλαιὸν
3742 4035 3832 4085 οὐκ

2339 4105 2558 4175 ἔχομεν,
2640 4110 2778 4163 ίδίαν
2862 4112 2918 4164 δὲ
2942 4114 3169 4185 γνώμην
3245 4118 3650 4188 ἐποιησάμεθα,
3716 4123 3828 4192 τρία

2332 4198 2427 4268 ἐτη
2460 4202 2555 4254 καλ⁵
2582 4204 2780 4267 αὐτοὺς
2818 4209 2913 4259 καὶ
2969 4211 3095 4272 τοὺς
3156 4212 3604 4279 συναρπάζοντας
3658 4218 3829 4277 αὐτοῖς

2335 4289 2440 4353 ἔξω
2462 4292 2568 4345 τῶν
2608 4295 2781 4365 εὐχῶν
2810 4299 3076 4364 γίνεσθαι.
3113 4302 3185 4353 Τὸ
3214 4302 3271 4355 δὲ
3297 4304 3372 4375 μὴ
3403 4306 3597 4375 βιαίως
3619 4310 3828 4377 γινόμε-

2338 4398 2430 4434 νον
2458 4383 2754 4439 ἀνεύθυνόν
2779 4390 2896 4441 ἐστι
2914 4431 2929 4454 ,
2954 4391 3083 4444 ὅταν
3115 4393 3189 4465 μὴ
3212 4396 3387 4467 φθορὰ
3416 4394 3473 4472 ᾖ,
3501 4402 3638 4469 μηδὲ
3666 4401 3827 4471 κλοπὴ

2336 4475 2617 4547 ἡγουμένη
2648 4477 2741 4531 τοῦ
2771 4482 3096 4552 πράγματος
3119 4501 3131 4514 ·
3165 4486 3491 4551 αὑτεξουσία
3520 4491 3578 4544 δὲ
3610 4496 3643 4562 ἡ
3671 4499 3823 4563 χήρα,

2339 4567 2432 4617 καὶ
2457 4567 2543 4618 ἐπ’
2572 4567 2710 4639 αὐτῇ
2760 4572 2820 4623 τὸ
2866 4574 3249 4643 ἀκολουθῆσαι.
3283 4577 3446 4632 Ὥστε
3473 4582 3584 4634 τῶν
3628 4586 3821 4654 σχημά-

2342 4674 2451 4710 των
2477 4656 2608 4727 ἡμῖν
2631 4662 2689 4713 οὐ
2711 4665 3081 4731 φροντιστέον.

2330 4835 2528 4890 ΒΑΛΣ.
2566 4837 2663 4899 Ei;
2716 4837 2807 4890 τὸν
2837 4839 2921 4904 ξξ¹
2949 4843 3311 4901 ἀποστολικδν
3342 4855 3564 4919 κανόνα,
3626 4860 3702 4921 εἰς
3743 4859 3823 4912 τὸν

2264 4925 2344 5017 ξεν
2535 4928 2593 4977 ὲν
2640 4927 2985 4999 Χαλκηδόνι,
3049 4936 3121 4998 είς
3189 4940 3280 4993 τὸν
3338 4940 3422 5010 οβ’
3484 4946 3584 5013 τῆς
3637 4951 3693 5000 ὲν
3755 4950 3821 5017 τῷ

2263 5013 2539 5086 Τρούλλῳ,
2574 5020 2669 5072 καὶ
2697 5023 2778 5083 είς
2810 5022 2899 5075 τὸν
2933 5025 3017 5094 κβιιΙ
3039 5027 3134 5080 τοῦ
3178 5033 3451 5100 παρόντος
3496 5038 3677 5106 ἁγίου,
3717 5013 3821 5093 διάλ-

2267 5120 2408 5172 φορα
2463 5107 2798 5177 ξὲγράψαμεν
2848 5112 2976 5183 περὶ
3043 5117 3153 5169 τῶν
3219 5120 3578 5189 ἁρπαζόντων
3643 5131 3817 5196 γυναῖ-

2264 5209 2385 5256 κας,
2444 5198 2534 5247 καὶ
2588 5199 2715 5267 περὶ
2773 5202 2881 5253 τῶν
2951 5211 3358 5278 συναιρομένων
3446 5217 3655 5279 αὐτοῖς.
3714 5221 3812 5272 Καὶ

2263 5286 2539 5352 ἀνάγνωθι
2572 5288 2772 5354 ταῦτα,
2799 5292 2983 5346 καὶτὸ
3013 5296 3057 5348 λ’
3090 5314 3214 5369 κεφ.
3259 5304 3351 5354 τοῦ
3419 5305 3465 5357 ϐ’
3497 5308 3676 5362 τίτλον
3733 5309 3816 5362 τοῦ

2264 5379 2531 5448 παρόντος
2560 5382 2965 5452 συντάγματος.
3010 5388 3071 5441 '0
3096 5390 3152 5443 δὲ
3209 5395 3402 5463 παρὼν
3459 5400 3643 5452 κανὼν
3668 5401 3818 5466 διορί-

2263 5469 2417 5563 ζεται
2445 5474 2538 5524 ἐπὶ
2570 5475 2815 5541 τριετίαν
2852 5480 2978 5542 τοὺς
3010 5482 3269 5550 ἅρπαγας
3303 5490 3397 5539 καὶ
3428 5492 3553 5551 τοὺς
3585 5509 3814 5563 συναιρο⁴

2266 5559 2464 5629 μένους
2494 5562 2676 5626 αὐτοῖς
2709 5568 2954 5635 γίνεσθαι
2980 5572 3086 5635 ἔξω
3118 5574 3228 5628 τῶν
3256 5578 3452 5646 εὐχῶν,
3481 5581 3648 5652 ἤγουν
3677 5559 3814 5638 fara-

2266 5650 2391 5747 σθαι
2419 5651 2697 5747 μετὰΔ
2737 5656 3126 5729 ἀκροωμένων.
3192 5665 3255 5719 Εί
3296 5667 3354 5719 δὲ
3405 5650 3611 5725 ὲκοῧσα
3646 5674 3851 5747 “TD-in;

2267 5741 2419 5807 φησὶ,
2457 5742 2624 5812 ἐπιδῷ
2653 5746 2912 5800 ὲιειδοῦσα
2960 5751 3157 5822 ἑαυτὴν
3212 5754 3286 5824 μὴ
3342 5728 3847 5842 προηγησαμένηέζ

3912 5826 3952 6132 i
