3998 6326
179 369 296 430 689

1121 383 1205 446 IN
1231 386 1474 452 EPIST.
1510 393 1572 452 ς.
1610 393 1894 456 BASILII
1940 400 2384 466 CANONICAM
2426 404 2507 468 II.

3319 415 3425 478 (9‘3

171 483 452 592 «€00?qu
485 485 616 588 μηδὲ
665 486 891 559 κλοπῆς,
951 492 1123 582 ἤγουν
1215 499 1485 570 λαθραίας
1537 506 1738 574 μίξεως

1866 514 2096 580 accepit.
2137 514 2400 571 Similiter
2427 518 2559 571 nulli
2595 534 2806 589 quoque
2837 536 3008 592 pcenae
3035 534 3115 580 est
3149 525 3421 589 subjectus

172 573 485 637 ἁνεύθυνὸς
520 576 670 629 ἐστιν
700 578 730 631 6
771 579 976 652 ταύτην
1004 579 1210 643 λαϐὼν.
1230 588 1503 657 Ὡσαύτως
1528 573 1756 652 άνεύθυο

168 664 268 724 νός
304 666 424 757 ἐστι
475 668 572 721 καὶ
654 669 684 721 6
745 673 922 742 χήραν
951 675 1306 744 αὐτεξουσίαν
1329 692 1758 757 τοιοντοτρόπως

171 756 609 825 ἀναλαϐόμενος.
638 760 712 813 Τὸ
737 761 816 838 δὲ,
841 765 964 820 Τῶν
1018 771 1317 840 σχημάτων
1339 777 1472 846 ἡμῖν
1507 756 1759 851 οὺγφρον-

166 848 417 907 τιστέον.
463 849 704 905 τοιοῦτόν
755 856 943 908 ἐστιν·
990 857 1116 914 Ἐὰν
1151 864 1314 935 γυνὴ,
1371 871 1558 937 φησὶν,
1611 848 1757 937 vim;

166 938 472 1010 αἰδουμένη
505 944 784 999 ἐπιδοῦναι
814 949 1018 1020 ἑαυτὴν
1050 953 1128 1021 τῷ
1164 957 1370 1030 ἐραστῇ
1411 962 1440 1030 ἢ
1474 964 1554 1033 τῷ
1609 967 1752 1035 ὲρω-

173 1031 333 1100 μένῳ
361 1039 642 1102 χαμερπεϊ
665 1037 777 1089 ὄντι
816 1041 1226 1110 ὲσχηματίσατο
1251 1031 1594 1122 ἀρπαγῆναι,
1619 1031 1755 1122 πρὸς

170 1123 449 1190 ἀλήθειαν
478 1127 749 1192 ἑκουσίως
781 1132 929 1201 αὐτῷ
974 1136 1364 1208 ⁴ἠκολούθησεν,
1433 1146 1494 1197 οὑ
1533 1149 1754 1215 φροντί-

172 1216 351 1283 ζομεν
378 1217 484 1269 τοῦ
541 1225 959 1294 σχηματισμοῦ,
1025 1229 1191 1300 ἧγουν
1228 1234 1327 1302 τῆς
1386 1237 1748 1306 ὑποκρίσεως,

171 1306 320 1401 ἀλλά
343 1313 407 1378 τῇ
437 1310 664 1384 ἀληθείᾳ
692 1320 1052 1389 προσέχομεν.
1095 1326 1204 1378 Καὶ
1229 1327 1504 1396 ἀνάγνωθι
1546 1332 1637 1386 τὸν
1671 1332 1752 1401 νγ¹

171 1399 410 1494 κανδνα,
442 1407 802 1478 συντρέχοντα
826 1415 888 1483 τῇ
926 1415 1150 1490 τοιαύτῃ
1176 1421 1460 1493 ἑρμηνείᾳ.
1480 1425 1551 1476 T6
1568 1399 1752 1494 μέντοι

172 1491 481 1547 ἀνεύθυνον
546 1494 690 1552 εἶναι
765 1501 859 1554 τὸν
911 1505 1241 1574 ἁρπάσαντα
1315 1491 1753 1578 γυναῖκανκατὰ

169 1580 399 1651 θέλησιν
431 1587 619 1661 αὐτῆς,
647 1593 727 1653 είς
756 1595 815 1646 τὸ
840 1593 913 1666 μὴ
945 1598 1338 1671 ἐπιτιμηθῆναι
1367 1605 1555 1660 τοῦτον
1586 1609 1749 1663 ἔκλα-

167 1674 292 1728 6οὖ.
347 1678 403 1731 Ὀ
458 1682 565 1751 γὰρ
617 1685 875 1757 ἁρπαγὴν
917 1692 1276 1759 αὐτεξουσίας
1335 1698 1367 1767 ἢ
1426 1700 1752 1767 ὑπεξουσίας

167 1772 445 1863 γυναικὸς
482 1778 884 1863 ποιησάμενος,
934 1783 1045 1834 είτε
1084 1787 1226 1839 κατὰ
1283 1788 1504 1858 θέλησιν
1549 1793 1746 1863 αὐτῆς,

163 1858 203 1926 ἢ
237 1862 334 1911 καὶ
361 1862 503 1914 κατὰ
539 1866 709 1933 μόνην
741 1871 954 1923 οίκείαν
986 1873 1266 1945 βούλησιν,
1300 1879 1377 1949 τῷ
1409 1883 1542 1952 περὶ
1573 1858 1752 1954 ιιιρπιιὲ

163 1949 278 2016 γῆς
305 1953 456 2022 νόμῳ
476 1957 722 2025 ἐνέχεται
763 1964 844 2023 είς
867 1963 1152 2033 ἐκδίκησιν
1194 1968 1295 2036 τῆς
1357 1949 1586 2038 ἀταξίας
1615 1949 1747 2030 -τῶν

165 2040 390 2093 πολλῶν
440 2046 536 2097 καὶ
597 2048 898 2121 ἁναστολὴν
945 2054 1052 2106 τῶν
1119 2057 1325 2113 λοιπῶν
1354 2079 1368 2092 ο
1418 2064 1600 2128 καθὼς
1623 2066 1749 2119 τοῦ·

165 2149 233 2183 το
295 2139 431 2204 φησὶ
480 2138 541 2190 τὸ
577 2138 626 2192 α’
675 2157 803 2210 κεφ.
873 2146 966 2198 τοῦ
1024 2148 1105 2219 νη⁹
1161 2150 1343 2206 τίτλον
1401 2156 1494 2208 τοῦ
1565 2158 1610 2222 ξ’
1660 2159 1747 2228 βι-

160 2224 324 2316 ϐλίου
366 2229 495 2299 περὶ
523 2231 585 2284 τὸ
623 2233 776 2296 τέλος
829 2235 973 2289 οὕτω
1027 2239 1187 2307 λέγον
1221 2259 1236 2274 ο
1277 2245 1342 2296 Δί
1381 2244 1437 2298 δὲ
1484 2224 1746 2319 τιμωρίαι

161 2319 274 2386 τῆς
304 2318 606 2386 διατάξεως
637 2327 809 2379 πᾶσαι
850 2329 1100 2385 ἔστωσαν
1131 2335 1256 2386 κατ’
1281 2338 1463 2390 αὐτῶν
1509 2340 1620 2396 τῶν
1643 2342 1745 2412 ἀρ-

159 2411 468 2464 πασάντων
505 2415 599 2468 καὶ
623 2414 1010 2487 βοηθησάντων
1042 2424 1227 2488 αὐτοίς
1293 2428 1352 2479 ἐν
1393 2431 1459 2500 τῇ
1495 2411 1746 2505 ἁρπαγῇ.

158 2503 234 2552 Oi
262 2502 447 2569 μέντοι
471 2509 778 2572 συνειδότες
812 2513 906 2563 καὶ
947 2513 1419 2586 ὑπηρετήσαντες,
1450 2525 1545 2576 καὶ

158 2595 455 2664 δεξάμενοι
487 2599 518 2669 ἢ
548 2601 666 2652 οἵαν
682 2602 743 2672 δή
772 2621 896 2656 τινα
929 2609 1163 2676 σπουδὴν
1187 2611 1369 2674 αὐτοῖς
1398 2619 1747 2683 συνενεγκόν-

158 2704 283 2753 τες,
311 2691 374 2758 τῇ
404 2692 672 2764 εἰρημένῃ
707 2695 953 2767 τιμωρίᾳ
989 2697 1424 2767 ὑποκείσθωσαν,
1476 2707 1585 2758 εἴτε
1617 2708 1744 2777 βου-

160 2784 419 2852 λομένων
446 2787 553 2838 τῶν
607 2791 887 2856 γυναικῶν
910 2792 1022 2844 εἴτε
1063 2797 1157 2846 καὶ
1193 2797 1266 2865 μὴ
1307 2797 1650 2863 βουλομένων
1708 2804 1741 2871 ὴ

161 2875 401 2946 ἁρπαγὴ
435 2880 653 2945 γέγονε.
684 2881 856 2935 Τοῦτο
887 2883 944 2935 δὲ
973 2885 1167 2955 ἐκρίθη
1203 2887 1345 2940 οὕτω
1414 2890 1510 2942 καὶ
1569 2894 1650 2954 εἰς
1684 2893 1745 2945 τὸ

163 2967 455 3035 βασιλικὸν
482 2970 636 3040 βῆμα
673 2973 767 3024 ἐπὶ
801 2976 865 3042 τῇ
891 2974 1147 3028 ὑποθέσει
1191 2977 1284 3029 τοῦ
1317 2977 1423 3048 Σὴθ
1456 2981 1744 3048 ἁρπάσαν-

160 3076 263 3121 τος
303 3059 403 3130 τὴν
437 3061 716 3130 θυγατέρα
748 3063 844 3116 τοῦ
887 3068 1271 3132 νεοφωτίστου.
1338 3070 1398 3121 Et
1449 3071 1506 3122 δὲ
1570 3071 1745 3132 θέλεις

159 3151 349 3202 εἰπεῖν
373 3151 445 3222 μὴ
496 3153 750 3220 γενέσθαι
791 3157 870 3218 είς
908 3157 1007 3226 τὴν
1093 3164 1331 3224 γυναῖκα
1382 3163 1449 3230 τῇ
1509 3160 1813 3252 ἀληθείας

161 3241 451 3314 ἁρπαγὴν,
483 3245 620 3298 ἀλλὰ
677 3247 823 3300 κατὰ
881 3250 1266 3318 προσποίησιν,
1313 3252 1497 3315 καθὼς
1540 3253 1746 3308 ἄνωθεν

162 3335 424 3403 εἴπομεν,
492 3336 618 3390 οὔτε
650 3339 717 3390 τὰ
743 3338 1004 3409 ἐπιτίμια
1032 3340 1213 3404 ἕξουσι
1271 3341 1480 3412 χώραν,
1513 3343 1636 3397 οὔτε
1690 3349 1742 3399 οί

160 3429 325 3492 νόμοι
368 3429 417 3480 οἱ
440 3428 762 3492 κολάζοντες
796 3431 920 3491 τοὺς
949 3431 1208 3499 ἅρπαγας
1232 3449 1246 3464 ⁸
1283 3435 1486 3504 μόνῃδὲ
1520 3439 1585 3505 τῇ
1616 3438 1744 3505 περὶ

162 3516 385 3586 ὕϐρεως
433 3520 625 3586 ἀγωγῇ
660 3519 834 3589 ἔνοχοι
863 3521 1078 3572 ἔσονται
1114 3524 1226 3585 τοῖς
1275 3525 1517 3592 πατράσι
1545 3529 1594 3578 οἱ
1645 3529 1742 3582 λα-

164 3609 363 3670 ϐόντες
389 3610 488 3672 τὰς
513 3611 857 3674 ὑπεξουσίας,
882 3613 1137 3667 τοσοῦτον
1163 3614 1244 3667 ὅτι
1272 3616 1364 3668 καὶ
1399 3618 1426 3668 6
1449 3619 1740 3688 γενόμενος

159 3702 350 3768 γάμος
383 3703 546 3764 μέσον
574 3702 780 3754 τούτων
806 3703 956 3772 παρά
981 3705 1211 3774 γνώμην
1238 3707 1344 3758 τῶν
1379 3708 1612 3777 ἐχόντων
1640 3711 1739 3762 αὐε-

159 3793 268 3853 τὰς
302 3793 624 3857 ὐπεξουσίας
659 3794 1149 3863 διασπασθήσεται.
1185 3798 1295 3851 Καὶ
1344 3799 1622 3866 ἀνάγνωθι
1649 3801 1742 3852 τὸν

156 3877 250 3946 λη’
280 3881 482 3931 κανόνα
516 3879 610 3931 τοῦ
637 3879 794 3946 ἁγίου
847 3881 1063 3947 τούτου,
1098 3886 1189 3935 τὸν
1224 3883 1318 3951 μα’
1345 3886 1439 3938 καὶ
1507 3887 1600 3938 τὸν
1629 3885 1740 3955 μβ’.

159 3967 369 4029 Καλῶς
400 3967 455 4020 δὲ
515 3967 762 4037 ἐμνήσθη
788 3970 814 4021 6
837 3967 993 4036 ἇγιος
1023 3970 1229 4038 φθορᾶς
1258 3974 1351 4026 καὶ
1387 3972 1616 4041 κλοπῆς.
1673 3975 1735 4029 Ἡ

165 4055 272 4121 μὲν
318 4053 426 4123 γὰρ
483 4055 659 4122 φθορὰ
687 4053 891 4122 κυρίως
927 4054 1136 4121 γίνεται
1201 4059 1279 4120 είς
1311 4058 1410 4130 τὴν
1443 4061 1734 4130 παρθένον·

157 4145 196 4210 ἠ
237 4143 295 4195 δὲ
369 4141 706 4217 κλεψιγαμία
762 4143 842 4203 είς
938 4141 1014 4212 μὴ
1079 4139 1708 4217 τοιαύτην’ὲλευθέραν.

1862 606 1952 670 qtti
1991 605 2230 670 viduam,
2278 622 2397 674 qua:
2432 609 2514 662 sui
2552 620 2635 662 est
2682 610 2844 679 juris,
2874 614 2974 668 hoc
3006 615 3160 669 modo
3195 616 3413 681 recepit.

1861 694 1996 748 Illud
2020 707 2222 760 autem,
2246 697 2362 752 Non
2385 707 2462 753 est
2491 700 2647 755 nobis
2669 701 2958 772 ﬁgurarum
2989 713 3042 756 et
3067 717 3415 771 praetextuum

1861 785 1966 839 ulla
2000 803 2126 841 cura
2158 791 2412 856 gerenda,
2443 800 2526 845 est
2546 791 2946 859 hujusmodi.Si
2978 795 3193 860 mulier,
3225 797 3418 867 inquit,

1858 874 2090 930 fortasse
2145 878 2470 934 erubescens
2523 896 2578 935 se
2627 884 2850 937 amatori
2895 885 2975 939 vel
3016 896 3218 947 amato,
3277 892 3416 953 quod

1861 965 2023 1021 homo
2051 968 2294 1035 abjectus
2320 973 2409 1034 sit,
2447 974 2680 1038 tradere,
2712 974 2925 1028 ﬁnxerit
2951 990 3013 1031 se
3046 986 3247 1044 raptam
3277 993 3416 1037 esse,

1856 1072 1977 1111 eum
2030 1070 2203 1114 tamen
2241 1077 2335 1115 sua
2375 1074 2566 1131 sponte
2617 1076 2798 1120 secuta
2852 1076 2955 1130 est,
2999 1067 3180 1137 ﬁgurae
3235 1085 3416 1122 revera

1857 1161 1948 1200 seu
1979 1150 2341 1206 simulationis
2375 1154 2576 1208 nullam
2601 1171 2782 1210 curam
2816 1159 3050 1227 gerimus
3077 1160 3171 1213 sed
3205 1161 3417 1213 veritati

1857 1243 2206 1299 attendimus.
2253 1244 2316 1299 Et
2351 1245 2469 1314 lege
2505 1264 2626 1301 can.
2675 1251 2763 1313 53,
2808 1251 2932 1306 huic
2988 1251 3419 1318 interpretationi

1853 1333 2300 1388 consentientem.
2370 1335 2500 1390 Eum
2558 1350 2776 1404 autem,
2839 1341 2930 1409 qui
2993 1340 3263 1393 mulierem
3322 1358 3415 1394 sua

1855 1433 2048 1490 sponte
2099 1429 2294 1494 rapuit,
2369 1444 2472 1482 non
2528 1446 2648 1484 esse
2710 1433 2923 1485 crimini
2982 1435 3292 1495 obnoxium,
3339 1415 3414 1485 ita

1853 1515 2037 1584 accipe
2069 1524 2128 1568 ut
2173 1518 2220 1570 ei
2281 1518 2420 1570 nulla
2458 1535 2610 1587 paena
2661 1525 2920 1575 canonica
2983 1527 3051 1578 sit
3102 1523 3410 1590 inﬂigeuda.

1853 1604 1955 1671 Qui
2015 1609 2162 1661 enim
2217 1609 2517 1674 mulierem,
2578 1627 2698 1680 quae
2745 1624 2826 1668 est
2856 1616 3121 1684 suijuris.
3160 1617 3240 1669 vel
3295 1631 3410 1682 qua:

1857 1697 2084 1753 alterius
2140 1702 2392 1770 potestati
2429 1703 2732 1772 subjicitur,
2765 1721 2860 1759 seu
2895 1708 3171 1760 voluntate
3221 1708 3407 1774 ipsius.

1853 1803 1945 1844 seu
1977 1790 2192 1859 pr0pria
2229 1792 2342 1846 sola
2370 1793 2645 1848 voluntate
2677 1796 2874 1863 rapuit,
2905 1804 3084 1862 raptus
3120 1797 3234 1864 lege
3262 1807 3408 1847 tene-

1855 1891 1941 1936 tur
1971 1884 2037 1937 ad
2067 1883 2359 1939 multorum
2403 1885 2742 1941 insolentiam
2773 1888 3166 1947 vindicandam,
3199 1896 3254 1939 et
3281 1886 3406 1939 reli-

1852 1990 2076 2045 quorum
2104 1979 2565 2046 comprimendam
2595 1996 2609 2032 :
2643 1979 2781 2034 sicut
2805 1979 2908 2033 hoc
2942 1980 3070 2033 dicit
3099 1980 3254 2048 prim.
3280 1994 3400 2044 cap.

1855 2068 1997 2122 tituli
2031 2069 2121 2130 58.
2153 2071 2245 2126 lib.
2279 2086 2368 2136 ιχ,
2391 2072 2533 2140 quod
2561 2071 2701 2125 circa
2737 2071 2894 2125 linem
2919 2072 2993 2126 sic
3020 2072 3183 2126 dicit:
3213 2069 3404 2123 Omnia

1851 2169 2033 2215 autem
2088 2163 2490 2217 constitutionis
2532 2163 2790 2232 supplicia
2846 2164 2954 2217 sint
3005 2164 3263 2216 adversus
3309 2175 3404 2214 eos

1854 2252 1943 2320 qui
1981 2264 2297 2321 rapuerunt,
2336 2265 2392 2308 et
2438 2255 2526 2324 qui
2585 2255 2664 2307 eis
2688 2255 2740 2307 in
2776 2265 2925 2322 raptu
2957 2268 3108 2320 opem
3146 2252 3398 2306 tulerunt.

1851 2342 1951 2409 Qui
1976 2344 2192 2398 consilii
2229 2345 2441 2412 quidem
2472 2345 2705 2408 fuerunt,
2734 2355 2789 2398 et
2817 2359 2977 2413 opera
3026 2358 3120 2396 sua
3151 2344 3404 2411 juverunt

1849 2443 1904 2488 et
1955 2446 2331 2504 susceperunt,
2384 2435 2466 2490 vel
2520 2435 2814 2502 quamlibet
2843 2452 2996 2506 opem
3048 2437 3113 2489 iis
3146 2436 3397 2496 tulerunt,

1850 2518 2007 2580 dictze
2031 2541 2202 2593 paenae
2225 2525 2597 2593 subjiciantur,
2622 2538 2715 2578 seu
2746 2524 3050 2578 volentibus
3091 2539 3181 2577 seu
3221 2523 3402 2577 nolen-

1854 2615 1997 2670 tibus
2031 2617 2346 2670 mulieribus
2379 2624 2564 2684 raptus
2609 2614 2786 2670 factus
2834 2616 2924 2670 sit.
2978 2614 3089 2667 Hoc
3116 2624 3290 2666 autem
3346 2613 3397 2664 iu

1849 2707 2199 2776 imperatorio
2228 2708 2337 2776 90
2369 2723 2579 2777 quoque
2609 2706 2858 2760 tribunali
2885 2706 2961 2760 sic
2983 2705 3274 2772 iudicatum
3317 2712 3400 2757 est

1848 2799 1903 2852 in
1933 2813 2093 2853 causa
2138 2797 2292 2864 Seth,
2312 2799 2402 2866 qui
2431 2810 2686 2866 rapuerat
2712 2799 2869 2853 tiliam
2893 2797 3009 2862 ejus
3035 2798 3123 2864 qui
3154 2805 3400 2849 recentcr

1848 2890 2024 2944 fuerat
2069 2889 2418 2942 iiluminatus.
2459 2889 2554 2942 Sin
2603 2897 2781 2942 autem
2822 2887 2952 2940 velis
2977 2886 3173 2947 dicere,
3205 2884 3255 2936 iu
3281 2901 3400 2937 mu-

1845 2982 2030 3037 lierem
2053 2996 2162 3034 non
2197 2995 2379 3035 revera
2402 2979 2605 3034 factum
2637 2994 2758 3034 esse
2787 2988 3018 3046 raptum,
3050 2976 3138 3030 sed
3198 2990 3290 3042 per
3329 2975 3404 3026 si-

1848 3069 2219 3131 mulationem,
2279 3077 2340 3122 ut
2395 3071 2646 3137 superius
2691 3069 2888 3122 dictum
2935 3077 3051 3128 est;
3102 3079 3199 3118 nec
3230 3078 3404 3131 paena:

1848 3158 2123 3213 canonica:
2150 3159 2325 3212 locum
2365 3159 2660 3221 habebunt,
2690 3172 2790 3212 nec
2823 3158 2968 3228 leges
3010 3171 3129 3224 quae
3160 3163 3401 3222 raptores

1844 3251 2116 3318 puniunt:
2175 3251 2266 3303 sed
2318 3250 2490 3304 solum
2545 3250 2758 3304 actione
2801 3248 3120 3316 injuriarum
3157 3245 3401 3314 patribus

1847 3340 2198 3401 tenebuntur,
2227 3339 2318 3405 qui
2341 3354 2433 3393 eas
2460 3348 2717 3407 ceperunt
2746 3354 2862 3406 quae
2913 3348 3070 3392 erant
3114 3337 3210 3390 sub
3253 3345 3402 3404 pote-

1838 3436 2001 3491 state,
2042 3429 2175 3481 adeo
2199 3437 2254 3480 ut
2283 3439 2336 3482 et
2361 3430 2758 3482 matrimonium
2783 3431 2924 3498 quod
2957 3430 3096 3482 inter
3115 3445 3206 3484 eas
3236 3431 3402 3482 inter-

1837 3522 2027 3585 cessit,
2059 3533 2256 3589 prmter
2282 3537 2465 3575 eorum
2507 3516 2838 3575 voluntatem
2890 3524 2990 3574 sub
3040 3536 3266 3589 quorum
3302 3537 3398 3588 po-

1842 3620 2035 3665 testate
2079 3619 2224 3671 suut,
2263 3611 2332 3663 sit
2367 3611 2746 3675 separandum.
2792 3610 2932 3680 Lege
2968 3627 3088 3665 can.
3147 3611 3214 3665 38
3245 3611 3402 3676 hujus

1842 3701 2040 3762 sancti,
2079 3701 2139 3754 M
2193 3710 2246 3754 et
2290 3701 2381 3756 4‘2.
2433 3701 2665 3756 Sanctus
2723 3710 2898 3756 autem
2964 3712 3110 3757 recte
3159 3702 3402 3756 meminit

1838 3793 2005 3858 stupri
2023 3801 2071 3846 et
2089 3792 2238 3846 furti.
2264 3794 2515 3863 Stuprum
2537 3793 2678 3847 enim
2710 3793 2766 3847 (it
2789 3794 2999 3863 proprie
3023 3795 3076 3848 in
3093 3794 3347 3863 virginem
3376 3810 3392 3858 ;

1841 3881 2041 3936 furtum
2093 3893 2296 3947 autem,
2342 3898 2434 3939 seu
2482 3883 2708 3937 furtivus
2735 3884 3049 3938 concubitus
3083 3884 3134 3936 in
3167 3883 3390 3936 liberam

1846 3987 1966 4041 quae
1988 3987 2094 4026 non
2127 3981 2209 4026 est
2241 3973 2574 4039 bujusmodi.
2631 3973 2922 4027 Amborum
2952 3980 3131 4026 autem
3160 3972 3402 4025 meminit

1844 4062 1989 4129 quod
2024 4064 2189 4117 etiam
2209 4063 2410 4130 absque
2435 4077 2500 4117 eo
2515 4063 2655 4132 quod
2688 4062 2778 4118 ﬁet
2807 4072 3012 4132 raptus,
3041 4069 3400 4130 et-stuprator

1840 4161 1895 4207 et
1925 4153 2219 4207 fornicator
2240 4155 2557 4222 puniuntur.

169 4232 452 4304 Ἐμνήσθη
507 4235 565 4286 δὲ
617 4234 728 4286 τῶν
776 4233 888 4297 δύο,
920 4233 1001 4289 δτι
1061 4235 1159 4289 καὶ
1210 4235 1331 4306 δίχα
1384 4237 1479 4291 τοῦ
1509 4239 1762 4306 γενέσθαι
1793 4242 2074 4314 ἁρπαγὴν,
2106 4244 2201 4297 καὶ
2229 4245 2257 4297 6
2286 4244 2518 4315 φθορεὺς
2545 4244 2640 4297 καὶ
2697 4245 2726 4298 6
2779 4245 2974 4315 πόρνος
3017 4245 3392 4316 ὲπιτιμῶνται.

234 4399 484 4454 ΖΩΝΑΡ.
516 4401 654 4464 Τοὺς
699 4403 1048 4473 ἁρπάζοντας
1101 4408 1390 4472 γυναῖκας,
1464 4410 1560 4461 καὶ
1610 4412 1736 4473 τοὺς

1913 4413 2165 4470 ZONAR.
2230 4415 2328 4482 Qui
2389 4416 2643 4473 mulieres
2704 4418 2941 4486 rapiunt,
2994 4420 3195 4491 quique
3255 4421 3398 4492 ipsos

161 4493 568 4562 συνεργοῦντας
609 4497 796 4555 αὐτοῖς
832 4496 924 4547 ἐπὶ
974 4499 1219 4566 τριετίαν
1292 4501 1319 4549 6
1370 4499 1527 4566 ἅγιος
1577 4495 1740 4565 οὗτος·

158 4587 367 4654 ὥρισεν
417 4586 522 4650 ἔξω
567 4587 678 4638 τῶν
708 4587 880 4655 εὐχῶν
938 4588 1224 4654 γίνεσθαι·
1264 4591 1438 4660 ἤγουν
1511 4594 1571 4646 ἐν
1653 4595 1732 4663 τῷ

161 4676 389 4745 προνάῳ
420 4675 674 4728 ἵστασθαι
709 4675 848 4744 μετὰ
895 4677 1005 4728 τῶν
1088 4677 1146 4728 ὲν
1194 4680 1477 4748 ἀκροάσει.
1563 4683 1624 4734 Εἰ
1667 4683 1732 4734 δὲ

162 4766 368 4819 ἑκοῦσα
392 4766 528 4837 γυνὴ
561 4768 728 4836 ἐπιδῷ
748 4768 951 4837 ἑαυτὴν
984 4769 1058 4838 μὴ
1093 4773 1569 4842 προηγησαμένης
1599 4773 1730 4841 (900-

166 4858 289 4926 ρᾶς,
325 4857 459 4924 μηδὲ
493 4858 723 4926 κλοπῆς,
752 4859 874 4910 ἀντὶ
906 4859 1001 4910 τοῦ
1058 4859 1326 4930 λαθραίας
1384 4863 1602 4930 μίξεως.
1638 4865 1731 4916 ἀν-

163 4947 390 5008 εύθυνός
426 4950 575 5000 ἐστιν
598 4950 624 5000 6
653 4948 856 5017 ταύτην
880 4948 1080 5012 λαϐὼν,
1112 4945 1201 5004 οἷα
1235 4953 1369 5021 μηδὲ
1424 4955 1545 5021 βίας
1570 4972 1737 5022 μεσο-

163 5038 505 5106 λαϐησάσης,
533 5041 580 5091 εί
614 5039 752 5100 τέως
785 5037 1108 5103 αὑτεξουσία
1133 5038 1202 5111 ἦν
1230 5044 1261 5112 ἡ
1286 5044 1444 5112 γυνή.
1513 5045 1575 5096 Ei
1625 5045 1735 5115 γὰρ

163 5128 463 5191 ὑπεξουσία
491 5125 579 5197 ἦν,
613 5129 741 5182 ἄνευ
775 5128 869 5181 τοῦ
900 5131 1116 5199 ἔχοντος
1173 5131 1346 5199 αὐτὴν
1402 5134 1731 5199 ὑπεξουσίαν

164 5217 421 5269 ἐπιδοῦσα
455 5218 657 5287 ἑαυτὴν
688 5219 842 5290 ἀνδρὶ
872 5219 935 5273 οὐ
979 5219 1250 5287 λογίζεται
1294 5223 1472 5290 γάμον
1538 5225 1732 5276 συναλ-

161 5305 404 5360 λάσσειν.
435 5309 497 5360 Εἰ
525 5309 635 5377 γὰρ
665 5309 915 5378 βούλεται
945 5313 972 5363 6
1005 5311 1145 5378 ἔχων
1178 5311 1506 5375 ὑπεξουσίαν
1553 5316 1724 5379 αὐτὴν

161 5399 454 5450 διασπάσει
487 5401 547 5450 τὸ
575 5401 938 5465 συνοικὲσιον,
969 5402 1046 5464 ῶς
1071 5402 1099 5453 6
1135 5401 1216 5473 λη’
1240 5403 1417 5456 κανῶν
1457 5405 1726 5474 περιέχει,

163 5492 254 5543 καὶ
290 5490 316 5540 6
345 5496 434 5558 μα’
466 5491 560 5543 καὶ
589 5492 616 5543 6
644 5489 755 5560 μβ’.
787 5493 952 5544 Ὅθεν
987 5495 1171 5562 φησιν,
1235 5496 1330 5548 ἐὰν
1402 5496 1727 5560 αὐτεξουσία

169 5581 308 5647 χήρα
334 5574 392 5651 ᾖ,
431 5581 526 5631 καὶ
559 5580 650 5631 ἐπ’
687 5583 821 5650 αὐτῇ
857 5584 1057 5649 κεῖται,
1088 5585 1255 5654 ἤγουν
1285 5586 1379 5637 ἐπὶ
1410 5588 1474 5654 τῇ
1509 5586 1726 5654 θελήσει

170 5670 340 5735 αὐτῆς
392 5671 452 5721 τὸ
475 5671 838 5737 ἀκολουθῆσαι
897 5673 1074 5742 ἀνδρὶ,
1106 5676 1132 5725 6
1163 5674 1366 5744 ταύτην
1399 5675 1579 5728 λαϐὼν
1624 5679 1725 5730 οὐκ

167 5759 464 5813 εὐθύνεται.
500 5761 571 5813 Τὸ
603 5761 679 5823 δὲ,
710 5762 830 5814 Τῶν
865 5764 1157 5832 σχημάτων
1214 5767 1344 5834 ἡμῖν
1392 5766 1451 5818 οὐ
1506 5783 1724 5834 φροντι-

1843 4506 2043 4561 auxilio
2064 4507 2272 4576 juvant,
2303 4507 2537 4562 triennio
2571 4508 2660 4564 hic
2686 4509 2770 4564 vir
2793 4520 3014 4565 sanctus
3038 4521 3185 4567 extra
3212 4528 3400 4582 preca-

1844 4600 2016 4653 tiones
2047 4613 2167 4653 csse
2194 4599 2474 4655 decernit:
2509 4601 2612 4654 hoc
2649 4608 2735 4655 est
2765 4602 2815 4656 in
2845 4603 3110 4658 vestibulo
3134 4604 3277 4659 inter
3303 4621 3401 4660 au-

1844 4691 2052 4744 dientes
2081 4691 2407 4747 consistere.
2443 4691 2595 4757 Ωιιοά
2629 4693 2674 4747 si
2712 4694 2906 4748 mulier
2933 4694 3121 4750 volens
3166 4697 3398 4766 seipsam

1841 4784 2041 4846 tradat,
2071 4784 2363 4838 dummodo
2394 4784 2597 4838 nullum
2631 4785 2970 4852 praecesserit
3003 4796 3274 4856 stuprum,
3306 4804 3400 4844 ne-

1838 4889 1942 4944 que
1969 4874 2192 4939 furtum,
2232 4876 2332 4931 boc
2361 4885 2444 4931 est
2469 4876 2675 4931 occulta
2706 4878 3034 4939 commistio.
3066 4880 3397 4949 nulli-pugnat

1840 4966 1942 5017 erit
1975 4967 2244 5020 obnoxius
2266 4967 2356 5034 qui
2403 4966 2540 5020 banc
2565 4969 2855 5035 acceperit,
2879 4969 3074 5038 quippe.
3099 4985 3220 5024 cum
3251 4971 3396 5025 nulla

1837 5050 1922 5104 vis
1950 5051 2342 5116 intercesserit,
2371 5055 2532 5105 modo
2563 5063 2740 5107 tamen
2775 5056 2857 5109 sui
2881 5055 3021 5124 juris
3056 5056 3196 5111 foret
3245 5059 3396 5114 femi-

1839 5155 1928 5193 na.
1986 5139 2042 5195 Si
2086 5157 2318 5210 namque
2350 5143 2450 5197 sub
2504 5143 2729 5199 alterius
2769 5159 2912 5201 esset
2941 5156 3223 5215 potestate,
3249 5166 3312 5205 ac
3339 5167 3397 5206 se

1838 5231 2042 5299 absque
2075 5231 2473 5298 ejusIacultate
2522 5235 2606 5288 cui
2655 5235 2865 5290 subdita
2911 5249 2991 5292 est
3041 5240 3156 5294 viro
3209 5243 3391 5303 tradit,

1834 5319 2128 5372 conciliare
2157 5321 2566 5376 matrimonium
2595 5325 3006 5394 haudquaquam
3034 5330 3390 5386 existimatur.

1832 5407 1889 5462 Si
1923 5422 2157 5476 namque
2185 5410 2313 5463 velit
2344 5411 2429 5464 ille
2465 5414 2619 5481 cujus
2657 5415 2757 5468 sub
2782 5427 3048 5480 potestate
3068 5427 3167 5482 est,
3199 5421 3392 5476 dissol-

1832 5508 1917 5550 vet
1947 5500 2181 5567 nuptias,
2211 5510 2268 5553 ut
2294 5516 2413 5555 can.
2435 5503 2526 5567 58,
2558 5505 2618 5558 Η
2651 5514 2702 5556 ει
2723 5503 2812 5568 49,
2836 5505 3166 5565 decernitur.
3202 5512 3390 5566 Proin-

1830 5590 1894 5642 de
1920 5591 2016 5654 ait,
2043 5591 2090 5644 si
2128 5593 2208 5646 sui
2234 5593 2374 5661 juris
2421 5595 2572 5647 vidua
2610 5594 2789 5659 fuerit,
2835 5609 2889 5650 et
2920 5599 2968 5652 in
3011 5600 3122 5667 ipsa
3155 5603 3387 5669 positum

1830 5690 1930 5744 est,
1970 5681 2225 5735 nimirum
2261 5684 2329 5737 ab
2352 5684 2496 5740 illius
2519 5686 2750 5740 arbitrio
2786 5691 2984 5754 pendet
3017 5693 3168 5759 sequi
3191 5696 3384 5758 virum,

1827 5768 1916 5835 qui
1951 5769 2089 5825 hanc
2120 5773 2326 5841 accepit
2353 5773 2481 5828 nulli
2515 5791 2685 5844 pinnae
2713 5778 2975 5836 obnoxius
2997 5789 3099 5836 est.
3125 5781 3257 5840 Illud
3291 5799 3384 5840 vc-
