3946 6342
545 305 578 357 li
593 307 652 362 ’δ5
1774 311 2042 369 'I'III‘ZUD.
2088 310 2479 370 BALSAMON
3651 317 3760 378 696

543 415 622 461 eis
651 420 959 473 praesentem
993 426 1114 464 can.
1143 412 1436 474 adversari,
1465 415 1601 468 Sunt
1624 416 1762 469 enim
1806 417 2083 484 speciales,

2197 423 2282 472 καὶ
2336 426 2430 490 τῆς
2485 421 2805 492 Ἐκκλησῖας
2841 427 3222 488 ἐκκόπτοντας,
3267 427 3340 495 μὴ
3401 429 3559 497 εἴπῃς
3607 431 3755 480 ἑναντ

545 499 789 563 specialia
825 515 950 554 vero
977 501 1039 554 ad
1070 507 1371 570 exemplum
1397 520 1500 558 non
1534 508 1856 570 trahuntur;
1889 509 1981 561 sed
2009 510 2092 560 die

2201 508 2433 561 τιοῦσθαι
2476 512 2680 594 τούτοις
2729 514 2820 565 τὸν
2864 517 3100 582 παρόντα
3153 518 3366 568 κανόνα.
3425 517 3604 568 Ἱδικοὶ
3651 520 3759 586 γάρ

546 593 682 655 apud
716 607 810 645 eos
844 592 1056 656 quidem
1082 595 1326 649 obtinere
1353 596 1438 649 ubi
1469 597 1595 649 editi
1623 607 1768 662 sunt,
1795 599 1845 650 in
1875 599 2094 665 reliquis

2197 602 2320 658 εἱσι,
2363 601 2457 651 καὶ
2493 600 2558 653 τὰ
2602 592 2741 654 ίδικὰ
2787 604 2883 672 οὐχ
2930 606 3179 657 ἕλκονται
3227 608 3356 674 πρὸς
3414 607 3709 674 ὑπόδειγμα
3743 624 3754 636 ·

544 687 718 730 autem
746 678 874 732 locis
894 692 1205 747 praesentem
1232 697 1493 736 canouem
1515 684 1904 737 observandum
1943 701 2086 738 esse.

2199 688 2308 740 ἀλλ’
2335 690 2561 752 ἐκείνοις
2594 692 2692 753 μὲν
2719 693 2843 759 λέγε
2874 698 3095 762 κρατεῖν
3121 696 3245 758 ἔνθα
3270 698 3331 763 δὴ
3365 697 3459 748 καὶ
3484 699 3757 766 ὲξεφωνή·

543 766 739 832 Excipe
767 768 895 819 mihi
917 784 1010 822 eos
1035 771 1122 835 qui
1151 781 1367 838 propter
1389 788 1579 826 causas
1605 774 1938 840 dogmaticas
1966 791 2096 827 con—

2197 773 2384 840 θησαν,
2422 779 2500 838 είς
2529 779 2583 829 δὲ
2614 779 2681 830 τὰ
2713 780 2871 832 λοιπὰ
2901 785 3120 850 κρατεῖν
3146 784 3234 834 τὸν
3263 786 3504 852 παρόντα
3534 788 3751 838 κανόνα.

553 857 891 910 dcmnantur.
934 859 989 910 In
1041 861 1146 914 illis
1197 863 1362 924 enim,
1394 862 1442 914 id
1466 863 1608 928 quod
1651 873 1732 916 est
1769 865 2098 932 synodaliter

2210 865 2460 928 ’Υπέξελέ
2488 886 2576 934 μοι
2597 870 2721 932 τοὺς
2738 871 2825 923 διὰ
2840 872 3172 939 δογματικὰς
3194 875 3474 936 ὑποθέσεις
3495 895 3759 945 κατακρι-

547 948 960 1011 decernendum,
999 952 1152 1004 debet
1184 951 1336 1015 ﬁeri;
1375 952 1628 1020 quoniam
1665 968 1762 1008 nec
1799 955 1864 1007 ad
1901 968 2094 1022 pecca-

2199 955 2468 1020 νομένους.
2520 959 2636 1009 Ἐπ’
2659 959 2885 1022 ἐκείνοις
2925 964 3032 1027 γὰρ
3072 963 3128 1012 τὸ
3161 962 3453 1024 συνοδικῶς
3483 963 3757 1033 διορισθη-

547 1045 656 1086 tum
683 1051 784 1090 nec
819 1040 883 1090 ad
920 1041 1125 1092 crimen
1177 1043 1508 1095 reducuntur
1541 1042 1824 1096 hatresium
1870 1045 2096 1106 scelera,

2199 1044 2420 1113 σύμενον
2457 1047 2658 1114 ὀφείλει
2691 1049 2967 1116 γίνεσθαι·
3000 1052 3079 1102 ὅτι
3122 1051 3255 1120 μηδὲ
3285 1055 3365 1114 είς
3395 1053 3696 1120 ἁμάρτημα
3721 1053 3757 1120 ἦ

545 1125 636 1178 sed
674 1136 797 1180 sunt
828 1127 1029 1192 majore
1055 1131 1521 1188 animadversione
1559 1135 1741 1203 digna.

2201 1134 2442 1205 ἔγκλημα
2487 1137 2556 1189 τὰ
2601 1139 2707 1190 τῶν
2759 1139 3021 1207 αἱρέσεων
3078 1141 3368 1207 ἀνάγονται
3407 1145 3759 1212 ἁτοπήματα,

2195 1226 2327 1278 ἀλλά
2354 1229 2458 1279 εἱσι
2477 1228 2717 1294 μείζονος
2745 1229 3073 1299 ἐκδικήσεως
3101 1231 3226 1294 ἄξια

604 1299 855 1354 ΖΟΝΑΒ.
893 1302 1111 1370 Magnus
1133 1306 1416 1375 Apostolus
1440 1317 1489 1361 et
1505 1309 1839 1378 Evangelista
1862 1310 2096 1369 Joannes

2264 1316 2505 1370 ΖΩΝΔΡ.
2561 1315 2619 1369 '0
2650 1319 2822 1386 μέγας
2870 1317 3191 1383 ’Δπόστολος
3235 1321 3327 1374 καὶ
3367 1322 3762 1394 εὐαγγελιστὴς

547 1391 597 1442 in
631 1392 796 1455 prima
826 1408 917 1445 sua
945 1397 1204 1450 catholica
1229 1397 1490 1466 Epistula,
1536 1401 1654 1467 Est,
1682 1405 1876 1472 inquit,
1911 1424 2094 1474 pecca-

2206 1407 2455 1472 Ὶωάννης
2492 1409 2550 1460 ὲν
2595 1410 2659 1486 τῇ
2707 1408 2896 1480 πρώτῃ
2942 1410 3050 1462 τῶν
3097 1410 3415 1464 Καθολικῶν
3461 1391 3764 1466 ὲπιστολῶν

547 1493 651 1533 tum
681 1487 747 1534 ad
781 1496 990 1537 mortem
1011 1487 1050 1549 ‘,
1089 1498 1137 1540 et
1166 1497 1242 1542 est
1271 1502 1538 1558 peccatum
1577 1510 1678 1547 non
1738 1497 1806 1548 ad
1849 1508 2090 1553 mortem.

2205 1496 2355 1548 16106
2392 1513 2553 1565 φησιν
2574 1513 2590 1528 ο
2630 1500 2833 1550 Ἔστιν
2877 1501 3127 1567 ἁμαρτία
3157 1503 3306 1568 πρὸς
3336 1504 3631 1569 θάνατον,
3667 1509 3763 1560 καὶ

541 1573 620 1625 Ad
661 1587 887 1628 mortem
913 1579 1128 1644 quidem
1178 1582 1338 1648 igitur
1383 1596 1660 1650 peccatum
1712 1601 1829 1641 esse
1873 1589 2090 1653 dicitur,

2207 1585 2361 1637 ἔστιν
2384 1587 2635 1651 ἁμαρτία
2656 1589 2732 1639 οὐ
2761 1588 2912 1652 πρὸς
2928 1589 3211 1643 θάνατον.
3239 1592 3383 1659 Πρὸς
3410 1593 3642 1646 θάνατον
3669 1598 3765 1664 μὲν

546 1665 683 1729 quod
723 1667 791 1717 ad
842 1681 973 1735 opus
1028 1685 1196 1735 usque
1251 1675 1608 1743 progreditur.
1664 1676 1818 1743 Quod
1867 1695 1993 1733 vero
2037 1682 2089 1734 in

2205 1670 2283 1724 ιῦν
2311 1677 2552 1744 ἁμαρτῐα
2577 1676 2792 1743 λέγεται
2825 1673 2967 1729 εἶναι
3001 1681 3033 1747 ή
3069 1680 3230 1750 μέχρι
3261 1682 3517 1751 πράξεως
3545 1702 3763 1754 προχω-

545 1755 944 1810 consultatione
1009 1768 1064 1812 et
1092 1774 1356 1815 consensu
1379 1763 1545 1827 sistit,
1583 1781 1688 1820 non
1718 1777 1801 1822 est
1839 1769 1905 1822 ad
1950 1785 2092 1823 mor-

2209 1737 2444 1833 aﬁaaoa:
2476 1767 2510 1834 ἡ
2532 1765 2588 1817 δὲ
2627 1737 2788 1836 μέχρι
2816 1769 2910 1820 106
2938 1737 3331 1836 βουλεύσασθαι
3363 1737 3460 1826 κϋαὶ⁵
3491 1737 3767 1842 συγκατα-

547 1855 672 1908 tem,
706 1848 865 1899 animi
899 1849 1177 1903 nimirum.
1221 1851 1331 1905 Nec
1363 1853 1506 1907 enim
1554 1853 1850 1911 fornicatus
1881 1859 2095 1928 judica-

2203 1852 2384 1904 θέσθαι
2420 1852 2478 1904 οὐ
2531 1853 2662 1919 πρὸς
2695 1855 2944 1918 θάνατον,
2983 1855 3224 1923 δηλονότι
3269 1859 3362 1909 τὸν
3396 1861 3654 1928 ψυχικόν.
3690 1864 3761 1916 Οὐ

547 1946 715 2001 retur,
766 1939 878 2005 qui,
927 1954 1047 1992 cum
1101 1941 1442 1996 fornicationi
1496 1958 1752 2001 assensus
1797 1948 1980 2010 fuerit.
2026 1953 2092 2004 ab

2205 1943 2298 2009 γὰρ
2319 1943 2512 2010 πόρνος
2535 1942 2600 1994 ἂν
2627 1942 2836 2011 κριθείη
2857 1946 2883 1995 ὁ
2901 1945 3194 2014 πορνεῦσαι
3215 1949 3763 2034 συγκατατιθέμενος,

543 2025 758 2079 actione
813 2028 924 2094 ipsa
982 2029 1326 2084 nihilominus
1381 2031 1660 2088 abstinuit.
1717 2037 1807 2089 Ait
1861 2054 2092 2107 namque

2207 2031 2288 2098 τῆς
2316 2031 2372 2082 δὲ
2406 2031 2654 2098 πράξεως
2683 2033 3073 2101 ἀποσχόμενος.
3121 2025 3402 2103 Φησὶ’γὰρ
3431 2038 3458 2087 ό
3508 2037 3765 2104 τέταριες

541 2125 764 2185 quartus
792 2117 1210 2176 Neocresarianae
1234 2128 1419 2194 synodi
1458 2142 1628 2182 canon
1658 2147 1671 2183 :
1716 2129 1769 2182 Si
1803 2131 1924 2196 quis
1970 2147 2090 2182 mu-

2205 2115 2371 2170 ιανὼν
2394 2120 2490 2187 τῆς
2523 2122 2578 2170 ὲν
2607 2121 3006 2193 Νεοκαισαρεία
3034 2123 3251 2176 συνόδου
3276 2141 3290 2155 ·
3337 2126 3462 2178 Ἐὰν
3490 2127 3763 2196 προθῆταί

543 2204 728 2258 lierem
758 2209 1145 2274 concupiscens
1172 2227 1292 2266 cum
1324 2215 1438 2283 ipsa
1467 2219 1704 2271 dormire
1733 2219 2087 2286 proposuerit.

2202 2225 2269 2270 rt;
2312 2209 2654 2277 ἐπιθυμήσας
2697 2214 2954 2275 γυναικὸς
2998 2214 3436 2283 συγκαθευδῆναι
3482 2218 3646 2286 αὐτῇ,
3685 2219 3760 2286 μὴ

541 2293 659 2360 ejus
682 2304 857 2348 autem
886 2297 1205 2353 desiderium
1237 2303 1302 2355 ad
1327 2319 1458 2370 opus
1482 2322 1584 2359 non
1611 2308 1850 2372 venerit;
1880 2306 2091 2360 videtur

2206 2297 2315 2366 ἔλθῃ
2363 2297 2420 2349 δὲ
2465 2301 2543 2358 είς
2577 2299 2737 2367 ἔργον
2768 2302 2978 2370 αὑτῷή
3024 2305 3341 2375 ὲνθύμησις,
3379 2308 3630 2374 φαίνεται
3677 2309 3764 2359 ὅτι

545 2395 665 2433 esse
694 2397 721 2433 a
750 2387 921 2452 gratia
965 2386 1238 2443 liberatus.
1266 2385 1329 2444 Et
1359 2407 1462 2446 non
1497 2395 1710 2462 quidem
1747 2395 2090 2460 irreprehen-

2206 2386 2292 2438 5110
2319 2388 2415 2456 τῆς
2444 2389 2660 2457 χάριτος
2695 2391 2953 2460 ὲρρύσθη.
2983 2394 3092 2445 Καὶ
3121 2396 3219 2446 οὐκ
3244 2397 3630 2465 ἀνεπιτίμητο;
3659 2400 3764 2465 μὲν

541 2470 715 2524 sibilis
741 2475 844 2526 erit
891 2491 1178 2543 assensus;
1225 2493 1622 2547 verumtamen,
1679 2487 2087 2555 haudquaquam

2207 2479 2669 2544 γσυγκατάθεσις,
2696 2482 2810 2533 ἀλλ’
2833 2483 2950 2534 οὐδὲ
2974 2484 3341 2553 καθαιρέσεως
3369 2486 3516 2548 ἄξιος
3544 2489 3612 2539 ἂν
3642 2505 3765 2554 κρι-

541 2559 875 2628 depositione
897 2567 1454 2638 dignusjudicahitur,
1506 2575 1596 2641 qui
1638 2590 1918 2629 assensum
1971 2586 2088 2628 tan-

2206 2565 2307 2635 iqu
2335 2570 2826 2637 συγκαταθέμενος.
2859 2573 2992 2623 Οὐδὲ
3023 2574 3120 2640 μὲν
3149 2575 3178 2624 ὁ
3200 2573 3455 2640 φονεῦσαί
3481 2592 3601 2629 τινα
3632 2577 3764 2645 βου-

539 2656 818 2708 tummodo
844 2660 1115 2723 prazstitit.
1154 2661 1338 2729 Neque
1368 2679 1493 2718 vero
1532 2667 1621 2734 qui
1658 2667 1724 2718 de
1769 2666 1947 2734 aliquo
1991 2668 2088 2719 ho-

2208 2659 2546 2724 .ευσάμενος,
2583 2662 2676 2711 καὶ
2707 2662 2991 2729 ἐπιμείνας
3033 2663 3202 2730 μέχρι
3245 2663 3388 2726 τινὸς
3419 2665 3497 2734 τῷ
3537 2666 3766 2734 βουλεύ-

541 2741 685 2794 mine
719 2743 1090 2803 interficiendo
1133 2753 1468 2820 deliberavit,
1496 2767 1550 2809 et
1595 2757 1931 2823 aliquatenus
1962 2758 2088 2811 huic

2205 2764 2338 2809 ιατι,
2373 2745 2471 2799 εἶτ’
2503 2749 2745 2811 ἀποστὰς
2775 2750 2939 2803 αὑτοῦ
2971 2754 3064 2804 καὶ
3098 2753 3294 2821 πράξει
3326 2755 3399 2824 μὴ
3425 2757 3763 2826 ἐγχειρήσας

537 2834 913 2889 consultationi
951 2840 1268 2909 immoratus
1308 2855 1410 2908 est,
1441 2846 1630 2899 deinde
1662 2856 1837 2898 autem
1881 2847 1946 2899 ab
1996 2845 2083 2898 illa

2202 2837 2458 2904 ιογισθείη
2490 2839 2701 2904 φονεύς,
2736 2841 2843 2893 Καὶ
2871 2843 3104 2896 πειθέτω
3132 2845 3277 2912 ἡμᾶς
3351 2847 3481 2915 περὶ
3509 2847 3700 2901 τούτου
3730 2851 3760 2902 ὀ

537 2922 767 2984 destitit,
799 2941 898 2979 nec
927 2932 1076 2994 operi
1101 2945 1292 2985 manus
1329 2935 1585 2997 admovit,
1633 2936 1897 2989 homicida
1937 2935 2081 3004 judi-

2201 2928 2360 2994 1é-{ac
2403 2929 2462 2979 ἑν
2512 2927 2758 2998 θεολογίᾳ
2800 2931 3117 3002 Γρηγόριος,
3169 2933 3376 3000 λέγειν’
3432 2937 3495 2989 EI
3545 2939 3759 3005 κρίνεις

535 3013 766 3067 eahitur.
801 3015 876 3067 Ac
909 3017 1062 3070 nobis
1107 3021 1319 3088 quidem
1361 3023 1515 3077 fidem
1565 3025 1724 3078 faciat
1774 3026 1872 3078 hac
1913 3027 1977 3079 de
2020 3040 2078 3078 re

2205 3019 2345 3083 ρόνου
2376 3020 2466 3071 τὸν
2498 3021 2713 3086 φονικὸν
2756 3023 2816 3072 ἐκ
2849 3025 3012 3091 μόνου
3057 3022 3152 3075 τοῦ
3193 3026 3513 3094 βούλεσθαι,
3551 3031 3644 3080 καὶ
3690 3031 3763 3080 τὰ

535 3115 758 3168 magnus
785 3103 1084 3172 Theologus
1147 3107 1458 3175 Gregorius,
1507 3113 1768 3167 dicendo:
1822 3113 1875 3166 Si
1923 3115 2084 3167 ca‘dis

2200 3107 2331 3170 ἑξῆς.
2365 3107 2519 3160 Οὕτω
2547 3109 2603 3161 δὲ
2628 3113 2720 3160 καὶ
2747 3112 2773 3162 ὁ
2807 3113 2978 3178 μέγας
3005 3113 3299 3178 Βασίλειος,
3327 3116 3516 3187 ὥσπερ
3537 3119 3758 3189 εἴρηται

534 3192 762 3244 damnas
783 3191 1101 3249 homicidam
1127 3213 1191 3251 ex
1217 3213 1282 3253 eo
1324 3201 1495 3254 solum
1539 3204 1679 3268 quod
1742 3204 2080 3272 cogitaverit,

2198 3196 2560 3266 tx).a.66pev0;,
2593 3201 2759 3268 φησὶ,
2789 3201 2912 3262 τοὺς
2940 3202 3037 3269 τὴν
3065 3205 3198 3274 πρὸς
3225 3205 3452 3259 θάνατον
3478 3211 3756 3278 ἁμαρτίαν

532 3288 586 3331 et
620 3295 736 3348 qua:
783 3296 1103 3352 sequuntur.
1159 3290 1353 3344 Eodem
1383 3293 1539 3346 modo
1585 3309 1810 3360 magnus
1869 3308 2078 3361 quoque

2195 3287 2588 3353 ἱμαρτάνοντας
2625 3288 2916 3358 κληρικοὺς
2956 3292 3244 3346 ἐκπίπτειν
3279 3297 3378 3365 μὲν
3409 3299 3506 3349 τοῦ
3538 3299 3753 3369 βαθμοῦ

531 3369 786 3434 Basilius,
823 3383 882 3425 ut
923 3376 1120 3430 dictum
1178 3389 1279 3443 est,
1328 3380 1682 3449 Evangelislzn
1718 3385 1876 3436 verba
1922 3400 2074 3438 assu-

2193 3375 2274 3443 τῆς
2307 3377 2621 3444 ἱερωσύνης,
2655 3378 2750 3444 τῆς
2776 3378 2833 3432 δὲ
2860 3384 3139 3446 κοινωνίας
3162 3384 3268 3436 τῶν
3301 3387 3504 3439 λαῖκῶν
3534 3388 3606 3458 μὴ
3633 3407 3751 3442 κωο

530 3473 705 3522 mens,
733 3460 807 3512 ait
839 3463 1087 3528 clericos,
1131 3469 1221 3535 qui
1252 3480 1530 3537 peccatum
1572 3473 1636 3527 ad
1679 3482 1903 3527 mortem
1947 3490 2070 3539 1³θο-

2193 3465 2432 3527 ιύεσθαι,
2464 3468 2627 3535 ἤγουν
2672 3468 2764 3520 106
2801 3472 3173 3540 συνεύχεσθαι.
3205 3477 3280 3527 Οὐ
3312 3479 3420 3546 γὰρ
3456 3482 3751 3549 στήσονται

530 3558 675 3609 cant,
708 3552 952 3607 excidere
981 3556 1190 3623 quidem
1233 3561 1294 3612 de
1316 3563 1599 3616 sacerdotii
1638 3567 1823 3631 gradu,
1855 3579 2074 3615 verum-

2193 3554 2303 3608 261s
2337 3558 2392 3607 ὲν
2440 3558 2787 3626 ἀκροωμένου
2817 3562 2963 3630 τόπῳ
2992 3562 3117 3616 οὔτε·
3141 3569 3202 3617 ἐν
3241 3567 3631 3623 ὑποπίπτοντι·
3666 3573 3751 3626 ὅτι

533 3648 706 3690 tamen
761 3655 789 3691 a
848 3641 1106 3698 laicorum
1138 3651 1512 3704 communione
1561 3666 1665 3705 non
1720 3652 1913 3713 arceri,
1969 3653 2069 3704 hoc

1623 3667 1665 3704 in
1720 3652 1913 3713 arceri,
1969 3653 2069 3704 hoc
2185 3649 2304 3698 Οὐκ
2331 3645 2667 3714 ἐκδικήσεις
2693 3649 2785 3712 δὶς
2813 3651 2910 3702 ἐπὶ
2931 3653 2995 3704 τὸ
3020 3655 3181 3708 αὐτό.

528 3739 628 3793 est,
658 3738 941 3800 quominus
972 3741 1270 3796 cumlaicls
1312 3745 1608 3800 consistant
1630 3756 1684 3799 et
1708 3761 1809 3800 una
1844 3755 2158 3814 precentur.
2209 3738 2388 3807 Neque
2413 3742 2556 3792 enim
2618 3741 2698 3794 vel
2751 3741 2803 3796 in
2867 3749 3195 3802 audientium
3253 3751 3333 3803 vel
3390 3752 3441 3804 in
3504 3754 3757 3808 substra-

528 3825 686 3878 tionis
729 3826 900 3880 locum
956 3833 1361 3900 relegabuntur;
1410 3839 1624 3903 quando
1662 3839 1895 3906 quidem,
1952 3834 2074 3887 Non
2113 3831 2396 3884 vindicabis
2431 3832 2506 3882 bis
2533 3833 2586 3884 in
2616 3833 2865 3894 idipsum.

594 3914 818 3969 ARIST.
851 3917 1092 3975 Clericus
1120 3923 1210 3990 qui
1234 3927 1453 3979 mortale
1475 3938 1750 3995 peccatum
1779 3927 2068 3989 commisit,

2254 3919 2491 3970 ἈΡΙΣτο
2535 3920 2646 3987 Τὴν
2674 3922 2807 3988 πρὸς
2837 3923 3065 3977 θάνατον
3092 3925 3421 3996 ἁμαρτήσας
3451 3931 3710 4000 κληρικδς
3731 3977 3749 4000 ,

526 4020 631 4056 una
656 4020 775 4060 cum
815 4010 1013 4075 populo
1045 4017 1410 4068 communicat
1438 4017 1503 4070 de
1534 4021 1701 4085 gradu
1740 4028 1943 4070 tantttm
1977 4019 2068 4070 de—

2185 4008 2310 4075 ιιετὰ
2346 4009 2438 4061 106
2470 4008 2601 4061 λαοῦ
2634 4015 2910 4076 κοινωνεῖ,
2943 4015 3035 4067 106
3077 4016 3285 4084 βαθμοῦ
3323 4023 3707 4090 καταγόμενος
3729 4043 3743 4057 ι

519 4095 694 4161 jectus
719 4111 733 4157 ;
763 4095 820 4148 In
843 4097 980 4150 idem
1013 4101 1152 4154 enim
1191 4102 1271 4156 bis
1305 4119 1406 4156 non
1441 4105 1759 4161 vindicabis.

1623 4107 1759 4161 abis.
2173 4095 2247 4145 οὐ
2268 4097 2374 4163 γὰρ
2398 4097 2702 4164 ὲκδικήσεις
2727 4099 2806 4161 δὶς
2835 4101 2927 4153 ἐπὶ
2954 4101 3012 4152 τὸ
3033 4103 3178 4155 αὑτό,

595 4185 880 4238 Peccatum
914 4189 978 4240 ad
1005 4201 1227 4243 mortem
1256 4193 1456 4248 ducens
1479 4206 1561 4248 est
1592 4197 1770 4250 carnis
1804 4197 2064 4262 voluptas.

2241 4185 2379 4252 Πρὸς
2412 4186 2637 4238 θάνατόν
2667 4191 2783 4240 ἐστι
2811 4193 3125 4258 κατάγουσα
3152 4196 3392 4264 ἁμαρτία
3419 4199 3451 4264 ή
3472 4201 3573 4267 τῆς
3603 4219 3743 4271 σαρ-

528 4271 582 4320 Si
615 4273 732 4337 quis
758 4275 935 4342 itaque
963 4276 1188 4331 clericus
1215 4277 1506 4335 fornicatus
1532 4281 1713 4346 fuerit,
1756 4286 1920 4351 gradu
1950 4288 2067 4354 qui-

2183 4273 2259 4334 ιδς
2293 4275 2476 4341 ήδονή.
2512 4276 2578 4327 Εἴ
2602 4293 2683 4338 τις
2716 4277 2845 4343 γοῦν
2874 4281 3135 4348 κληρικὸς
3167 4288 3474 4354 πορνεύσει,
3511 4291 3602 4342 106
3636 4295 3741 4358 μὲν

525 4360 646 4411 dem
681 4365 962 4416 sacerdotii
992 4367 1258 4434 dejicitur,
1292 4370 1384 4423 sed
1423 4385 1450 4421 a
1483 4371 1658 4423 divina
1690 4377 2067 4429 communione

2180 4362 2378 4431 Βαθμοῦ
2433 4365 2530 4427 τῆς
2586 4368 2884 4437 ἱερωσύνης
2935 4371 3265 4438 κατάγεται,
3322 4376 3420 4444 τῆς
3469 4379 3525 4430 δὲ
3584 4380 3738 4442 θεῖας

525 4463 628 4500 non
657 4458 888 4502 arcetur.
915 4452 1009 4505 sed
1048 4468 1166 4506 cum
1203 4455 1354 4509 laicis
1385 4458 1764 4512 communicat.

2179 4455 2450 4515 κοινωνίας
2508 4455 2568 4506 ού
2625 4456 2922 4523 κωλύεται,
2976 4461 3112 4514 ἀλλὰ
3172 4467 3309 4531 μετὰ
3359 4468 3467 4519 τῶν
3527 4470 3737 4522 ).αῖκῶν

2169 4547 2426 4596 κοινωνεῖ.

1047 4622 1276 4677 CANON
1304 4622 1542 4680 XXXIII.
2752 4641 2990 4692 KANQN
3019 4641 3138 4696 AI".

522 4707 713 4762 Mu'ier
765 4725 882 4776 quas
913 4712 962 4765 in
999 4713 1079 4766 via
1110 4715 1333 4782 peperit,
1386 4727 1438 4770 et
1463 4719 1543 4770 sui
1577 4719 1927 4777 fetus.curam
1956 4740 2059 4778 non

2178 4730 2240 4780 'H
2296 4729 2431 4798 γυνὴ
2488 4732 2520 4798 ή
2578 4731 2662 4783 διὰ
2713 4734 2812 4796 τῆς
2859 4734 2976 4786 ὁδοῦ
3025 4739 3309 4805 κυήσασα,
3370 4744 3463 4793 καὶ
3516 4743 3729 4814 ἀμελή-

823 4802 1005 4867 gessit,
1033 4805 1194 4859 caedis
1223 4807 1443 4862 crimine
1473 4818 1732 4865 teneatur.
2239 4835 2377 4871 cacat

2239 4835 2377 4871 σασα
2434 4822 2527 4871 τοῦ
2589 4824 2888 4890 κυήματος,
2939 4827 3015 4894 τῷ
3067 4802 3158 4880 106
3208 4832 3367 4897 φόνου
3419 4802 3726 4905 ἐγκλήματι

2231 4907 2554 4959 ὑποκείσθω.

593 4974 780 5026 BALS.
820 4976 1003 5031 Mulier
1039 4983 1279 5047 quadam
1329 4987 1544 5051 gravida
1595 4989 1693 5042 iter
1739 4991 1973 5060 ingressa
2010 4996 2058 5046 in

2232 4995 2424 5047 ΒΛΛΣ.
2473 4997 2612 5065 Γυνή
2661 5016 2743 5061 τις
2787 5001 2980 5068 ἔγκυος
3030 5004 3284 5060 ὁδεύουσα
3333 5009 3517 5064 ἔτεκεν
3556 5017 3613 5066 ὲν
3653 5021 3718 5087 τῇ

519 5065 602 5118 via
641 5069 861 5134 peperit,
887 5078 938 5120 et
972 5085 1091 5123 cum
1118 5082 1295 5139 posset
1331 5078 1468 5141 quod
1497 5087 1703 5144 partum
1738 5092 1854 5136 erat
1883 5085 2058 5136 vivum

2159 5083 2284 5152 ὀδῷ,
2323 5085 2415 5136 καὶ
2443 5085 2714 5156 δυναμένη
2744 5065 3078 5160 ζωογονῆσαι
3103 5096 3164 5148 τὸ
3193 5099 3413 5165 κυηθὲν,
3458 5065 3700 5172 ιιατεφροἰ

518 5155 679 5214 tueri,
713 5155 880 5220 ipsum
913 5157 1158 5224 neglexit.
1216 5161 1354 5215 Dicit
1393 5179 1522 5231 ergo
1554 5180 1769 5224 sanctus
1804 5187 1919 5226 eam
1959 5173 2058 5225 ho-

519 5241 716 5262 ,μωμε
754 5243 963 5262 μειερ
1003 5260 1018 5262 _
1045 5260 1073 5262 η
1127 5247 1138 5258 .
1236 5257 1249 5262 -
1391 5251 1403 5262 .
1510 5253 1520 5262 -
1645 5257 1656 5262 -

2159 5192 2221 5239 νη
2231 5190 2320 5225 σεν
2347 5174 2508 5230 αὑτοῦ
2527 5189 2548 5208 ⁶
2571 5155 2732 5246 φησιν
2754 5183 2780 5233 ὁ
2805 5155 3056 5253 ἅγιος-τῷ
3070 5185 3162 5238 106
3188 5155 3714 5262 φονέως-ἐγκλή

518 5241 719 5293 inicidii
749 5243 970 5297 crimine
995 5247 1213 5300 omnino
1236 5251 1423 5315 teneri,
1452 5253 1656 5308 etiamsi
1686 5273 1789 5310 non
1820 5269 2057 5313 mortuus

519 5329 584 5353 ,ιι
617 5327 788 5353 inf“-..
845 5331 934 5353 -AJ
970 5332 1029 5353 -l-
1065 5335 1159 5353 -.9-
1208 5351 1216 5353 Α
1247 5338 1258 5353 ι
1338 5351 1376 5353 ,_
1509 5342 1539 5353 ι.
1617 5343 1648 5353 Α
1744 5348 1756 5353 _
1879 5349 1890 5353 -
2007 5352 2010 5353 ,

2156 5262 2356 5330 ταύτην
2396 5241 2708 5319 ὑποκεῖσθαι
2755 5241 2988 5333 πάντως,
3028 5241 3139 5326 ’κᾶν
3308 5241 3710 5353 τεᾶειξτῆ-ξῇητξ

517 5329 588 5381 sit
617 5327 812 5390 infans,
844 5331 934 5382 sed
968 5332 1034 5384 ah
1062 5335 1165 5385 alio
1197 5338 1449 5392 educatus
1477 5342 1562 5394 sit.
1610 5343 1757 5410 Quod
1807 5349 1946 5400 enim
2004 5352 2055 5402 in

521 5415 715 5438 -.-Σ-..-η
747 5415 847 5438 ξ--.]
870 5418 939 5438 1-.
1012 5419 1091 5438 2,,r
1164 5433 1201 5438 .,
1364 5436 1371 5438 Α
1586 5437 1591 5438 ,

2157 5327 2373 5418 βρέφος,
2406 5351 2537 5404 ἀλλὰ
2578 5357 2704 5422 παρ’
2743 5358 2925 5427 ἑτέρου
2949 5327 3288 5435 ξωογονήθῇ.

517 5415 716 5470 crimen
747 5415 978 5481 incidat,
1012 5419 1211 5475 infante
1243 5436 1448 5480 mortuo
1473 5465 1487 5491 ,
1519 5437 1599 5482 est
1639 5440 1786 5485 extra
1835 5443 2053 5488 contro-

2156 5415 2361 5491 κεῖσθαι
2396 5441 2560 5511 αὐτὴν
2592 5415 2670 5514 τῷ
2706 5415 3026 5520 ἐγκλήματι,
3184 5415 3420 5526 ’βξξέφςξυς
3441 5415 3705 5536 ,τελευτή-

588 5590 603 5618 ¹
642 5589 835 5644 IJoan.
867 5606 918 5652 ν,
956 5595 1035 5656 I6,
1074 5598 1148 5649 I7.
