3946 6342
246 343 356 403 697

248 467 478 515 σαντος,
518 454 784 522 ἀζήτητόν
835 460 947 512 ἐστι

1199 359 1275 419 ΙΝ
1309 360 1548 424 EPlST.
1581 364 1637 423 S.
1686 365 1966 428 BASlLll
2006 369 2444 429 CANONl-CAM
2487 369 2570 428 ΙΙρ

989 465 1074 514 καῖ
1118 466 1500 535 ἁναμφξῦοὶον.
1551 474 1674 525 Ἐὰν
1712 476 1784 527 οὖῑ

1917 483 2144 533 versiant
2169 493 2220 532 et
2252 481 2377 534 nulli
2409 482 2619 550 penitus
2681 481 2917 536 dubium.
2973 479 3065 533 Sin
3130 494 3307 532 amem
3365 498 3469 534 non

3365 369 3471 430 608

245 535 364 640 εἶχε
414 542 551 640 πρὸς
605 547 786 612 ἰσχύος
836 549 1170 618 ζωογονῆσαι
1228 558 1286 608 τὸ
1337 558 1553 629 βρέφος,
1612 564 1701 615 δα
1753 583 1780 615 τ

1921 573 2077 624 fuerit
2108 575 2156 622 in
2190 573 2302 636 ejus
2335 583 2593 637 potestate
2626 573 2883 626 infantem
2908 573 3085 625 vivum
3121 574 3256 626 tueri
3282 616 3295 639 ,
3326 576 3468 640 quod

241 631 497 684 ἕλκεσθαι
532 636 688 703 τυχὸν
722 638 823 690 ὑπὸ
855 641 1123 710 πολεμίων
1155 645 1230 708 ὡς
1263 649 1627 717 αἰχμάλωτος,
1658 656 1806 706 0566-

239 723 350 783 λως
391 723 800 794 κολασθήσεται.
843 733 951 784 Καὶ
999 735 1308 802 ἀνάγνωσον
1354 744 1443 793 τὸν
1491 745 1566 812 νβ’
1612 747 1808 798 κανόνα

237 812 336 862 τοῦ
390 815 544 881 ἁγίου
601 819 812 883 τούτου,
865 824 1234 892 ἐρμηνεύοντα
1289 831 1382 882 καὶ
1432 834 1520 882 τὸν
1567 835 1809 902 παρόντα

236 906 460 959 κανόνα.
497 909 628 977 Περὶ
666 909 845 976 μέντοι
880 914 972 965 τοῦ
1015 916 1374 982 κολάζεσθαι,
1416 922 1521 973 εἴτε
1563 928 1656 974 καὶ
1695 927 1802 992 μὴ,

233 997 335 1054 τὰς
373 997 724 1064 ἐκτιθεμένας
772 1001 838 1052 τὰ
870 1004 1043 1055 οἰκεῖα
1093 1005 1263 1074 βρέφη
1316 1011 1393 1070 είς
1437 1010 1533 1072 τὰς
1569 1011 1806 1078 εἰσόδους

231 1081 344 1132 τῶν
371 1083 530 1136 θείων
551 1087 694 1138 ναῶν
718 1086 871 1154 λόγος
901 1092 1115 1156 ἐγένετο
1137 1095 1409 1162 διαφόρως
1437 1100 1529 1150 ἐπὶ
1557 1103 1808 1154 συνελεύ-

233 1189 316 1224 σει
355 1175 602 1245 συνοδικῇ
632 1194 646 1206 ⁸
679 1178 770 1228 καὶ
801 1179 996 1248 ἥρεσεν
1025 1183 1099 1245 ὡς
1135 1187 1454 1254 φονευτρίας
1480 1188 1681 1252 ταύτας
1710 1209 1788 1244 κο·

227 1264 509 1333 λάξεσθαι,
544 1270 649 1320 κεν
695 1273 844 1341 παρά
875 1290 1036 1325 τινων
1071 1275 1137 1327 τὰ
1172 1276 1343 1346 βρέφη
1373 1279 1799 1349 ζωογονηθῶσιν.

238 1355 538 1421 Ἀνὶγνωθι
579 1359 673 1409 καὶ
708 1361 902 1427 κεφάλ.
947 1361 989 1415 δ’
1033 1364 1126 1416 τοῦ
1175 1363 1227 1430 ς’
1253 1367 1430 1420 τίτλου
1463 1369 1554 1421 τοῦ
1593 1371 1675 1424 λα’
1715 1372 1800 1440 βι-

225 1445 377 1498 σλῖου
410 1448 547 1500 οὕτω
585 1449 741 1516 λέγον
761 1469 774 1480 θ
805 1452 1021 1504 Φονεύει
1064 1455 1125 1507 τὸ
1149 1457 1462 1525 τικτόμενον
1493 1461 1552 1512 οὐ
1586 1462 1744 1530 μόνος
1773 1463 1801 1515 ό

223 1536 452 1602 πνίγων,
485 1538 620 1592 ἀλλά
650 1543 741 1594 καὶ
767 1541 796 1591 ὁ
827 1543 1053 1611 ῥίπτων,
1082 1545 1177 1598 καὶ
1206 1550 1234 1598 ό
1274 1549 1348 1617 μὴ
1373 1549 1607 1618 τρέφων,
1642 1554 1736 1606 καὶ
1771 1556 1800 1607 ὁ

221 1627 566 1695 ἐνδημοσίοις
603 1630 788 1694 τόποις
827 1634 1171 1702 ἐκτιθέμενος
1213 1639 1303 1689 ἐπὶ
1339 1640 1699 1713 ἐλεημοσύνη,
1730 1645 1796 1715 ῆν

220 1715 389 1777 αὐτὸς
422 1718 520 1770 οὐκ
563 1717 741 1788 ἔσχεν.
806 1723 1101 1790 ’Δνάγνωθι
1135 1726 1230 1780 καὶ
1263 1730 1354 1780 τὸν
1386 1730 1430 1798 β’
1458 1732 1579 1784 ὅλον
1621 1734 1796 1787 τίτλον

221 1810 319 1858 τοῦ
354 1807 672 1892 λγ¹βι6λίου
699 1812 1067 1882 διοριζόμενον
1097 1821 1219 1880 τοὺς
1250 1823 1652 1892 ἐκτιθεμένους,
1687 1827 1791 1877 κᾶν
1822 1821 1864 1875 Β

221 1895 402 1948 δοῦλοι
432 1891 565 1950 ὦσιν
586 1938 601 1961 ,
628 1899 959 1956 ἀπεντεῦθεν
987 1905 1423 1978 ἐλευθεροῦσθαι,
1453 1911 1793 1975 Κολάζεσθαι

221 1985 410 2053 μέντοι
437 1985 638 2056 ὀφείλει
662 1990 694 2058 ή
722 1992 942 2062 τοιαύτη
972 1995 1107 2065 γυνὴ
1137 1998 1243 2050 ἀπὸ
1271 1999 1507 2068 μεγάλης
1539 2004 1794 2071 ἀμελείας

218 2076 463 2160 ἐοικυίας
492 2075 644 2148 δόλῳ,
672 2082 769 2148 τῆς
796 2084 888 2133 καὶ
915 2083 1212 2156 λεγομένης
1242 2091 1391 2158 παρὰ
1415 2091 1522 2143 τῶν
1545 2109 1791 2160 νομομα-

218 2157 336 2217 θῶν
373 2165 540 2235 λὰτης
578 2169 839 2240 κούλπης.
874 2174 1045 2243 Τυχὺν
1072 2177 1179 2246 γὰρ
1205 2157 1337 2231 οὖσα
1371 2157 1634 2251 ἐπιμελὴς
1663 2157 1795 2251 περὶ

226 2256 292 2309 τὰ
319 2258 513 2325 οίκεῐα,
544 2263 671 2329 περὶ
701 2264 800 2326 τὴν
829 2263 924 2316 τοῦ
957 2265 1189 2344 βρέφους
1222 2269 1550 2341 ζωογόνησιν
1581 2275 1792 2344 διετέθη

220 2351 724 2420 καταφρονητικῶς.
776 2354 930 2408 Ἐπεί
963 2356 1046 2408 τοί
1086 2375 1148 2426 γε
1195 2360 1290 2412 ἐὰν
1343 2364 1474 2431 περί
1509 2365 1575 2416 τὰ
1619 2365 1796 2418 οἰκεῖα

225 2439 443 2509 τοιαύτη
467 2437 533 2510 ἧν
558 2444 788 2512 ἀμελὴς,
814 2445 844 2514 ἢ
874 2446 947 2508 ὡς
976 2447 1110 2500 οὖσα
1133 2451 1379 2520 εὐγενὴς,
1410 2454 1503 2505 καὶ
1530 2454 1603 2524 μὴ
1627 2456 1794 2508 είδυῖα

221 2530 322 2598 τὴν
354 2530 613 2602 βρεφικὴν
641 2536 976 2604 ἐπιμέλειαν,
1010 2538 1041 2609 ἢ
1074 2538 1148 2602 ὼς
1178 2542 1319 2593 κατὰ
1350 2543 1508 2610 φύσιν
1541 2546 1796 2613 ἀνεπιτη-

215 2619 342 2672 δεία
371 2621 535 2684 οὖσα.
565 2625 658 2678 καὶ
692 2628 888 2698 συνέὸη
936 2634 1363 2701 τοιουτοτρόπως
1394 2637 1454 2687 τὸ
1487 2635 1684 2705 βρέφος
1717 2639 1792 2707 μὴ

217 2707 647 2781 ζωογονηθῆναι,
686 2716 746 2768 οὐ
776 2717 1189 2788 κολασθήσεται,
1220 2724 1292 2785 ὼς
1329 2720 1504 2791 οἶμαι.

294 2803 539 2858 ΖΩΝΔΡ.
613 2806 739 2858 Ἐὰν
797 2809 935 2878 γυνη
991 2810 1183 2877 εγκυος
1241 2815 1499 2869 όδεύουσα
1558 2817 1792 2889 ὠδινήσῃ

217 2893 319 2945 xui.
347 2893 478 2963 τέκῃ
510 2896 566 2946 ἐν
596 2898 660 2965 τῇ
691 2896 815 2966 ὁδῷ,
847 2899 1116 2969 δυναμένη
1150 2903 1485 2970 ζωογονῆσαι
1516 2910 1606 2959 καὶ
1637 2924 1793 2978 περι-

219 2984 397 3036 σῶσαι
431 2986 490 3037 τὸ
524 2988 784 3056 γεννηθὲν
812 2993 1213 3060 καταφρονήσει
1237 2995 1421 3059 αὐτοῦ,
1459 3001 1553 3049 καὶ
1594 3001 1791 3069 ἀφήσει

216 3075 637 3145 ἁνεπιμέλητον,
662 3080 737 3141 ὡς
758 3081 1061 3147 φονεύσασα
1073 3084 1203 3134 αὐτὸ
1229 3085 1466 3154 κρίνεται
1489 3106 1502 3119 ·
1526 3089 1626 3142 κᾶν
1651 3091 1779 3155 ῐσως

1917 666 1982 717 ab
2017 664 2257 715 hostibus
2286 663 2423 716 forte
2447 675 2503 714 ut
2529 665 2733 730 captiva
2768 664 3091 724 traheretur,
3125 665 3344 716 minime
3372 680 3470 728 pu-

1914 757 2110 808 nietur.
2144 757 2198 808 Et
2237 757 2348 824 lege
2387 771 2645 808 canonem
2675 755 2743 808 5‘2
2778 755 2933 821 hujus
2966 755 3133 806 sancti
3155 791 3170 812 ,
3202 755 3290 821 qui
3333 769 3472 821 prw-

1912 858 2116 900 sentem
2148 849 2306 899 etiam
2335 862 2590 900 canouem
2623 847 3022 914 interpretatur.
3056 846 3134 897 An
3167 856 3344 897 autem
3383 860 3466 896 es-

1909 946 2027 992 sent
2068 939 2380 1003 puuiendm,
2429 952 2550 1006 quae
2591 939 2832 1004 proprios
2877 936 3011 987 filios
3065 937 3116 988 in
3167 937 3462 987 divinorum

1909 1025 2224 1093 templorum
2259 1025 2491 1079 aditibus
2524 1035 2818 1090 exponunt,
2852 1039 3052 1086 annon,
3113 1025 3164 1075 iu
3221 1021 3462 1092 synodali

1907 1115 2285 1183 congressione
2314 1113 2458 1166 varie
2488 1112 2840 1178 disceptatum
2887 1120 2966 1162 εει
2995 1126 3008 1172 ;
3042 1119 3091 1162 et
3144 1109 3338 1176 placuit
3372 1123 3464 1161 eas

1903 1214 1962 1258 ut
2013 1204 2309 1257 homicidas
2359 1203 2579 1269 puniri,
2633 1203 2735 1254 etsi
2794 1201 3026 1254 infantes
3077 1202 3144 1252 ab
3197 1200 3464 1267 aliquibus

1903 1297 2216 1345 educentur.
2251 1291 2387 1359 Lege
2421 1303 2473 1344 et
2529 1306 2648 1359 cap.
2681 1292 2714 1344 4
2739 1330 2752 1349 .
2805 1291 2882 1342 ιῑι.
2914 1289 2946 1342 6
2971 1330 2984 1351 ,
3023 1290 3114 1341 lib.
3150 1305 3276 1342 xxxt
3323 1291 3462 1356 quod

1906 1386 1982 1437 sic
2015 1386 2141 1437 dicit
2191 1384 2442 1438 :Orcitlit
2492 1383 2654 1437 fetum
2707 1398 2811 1436 non
2861 1381 3029 1434 solum
3083 1382 3169 1444 qui
3217 1380 3460 1442 sull'ocat,

1900 1476 1991 1530 sed
2029 1476 2189 1528 etiam
2219 1475 2308 1542 qui
2344 1474 2544 1539 adjicit,
2579 1483 2632 1528 et
2661 1487 2764 1525 non
2791 1475 2977 1536 nutrit,
3003 1480 3050 1523 et
3085 1472 3172 1535 qui
3207 1473 3255 1523 in
3289 1471 3464 1538 publi-

1901 1567 1979 1620 cis
2007 1566 2138 1619 locis
2168 1567 2387 1634 exponit
2416 1565 2479 1617 ad
2515 1563 2963 1627 miscricordiam,
3003 1577 3163 1627 quam
3210 1561 3323 1627 ipse
3355 1575 3458 1614 non

1899 1658 2101 1712 habuit.
2137 1657 2276 1725 Lege
2305 1657 2412 1726 93
2434 1667 2488 1711 et
2522 1665 2689 1709 totum
2722 1655 2804 1709 tit.
2847 1654 2918 1719 2,
2975 1654 3068 1707 lib.
3124 1667 3293 1706 xum
3317 1691 3333 1717 ,
3368 1652 3461 1719 qui

1898 1750 2134 1804 decernit
2159 1763 2252 1802 eos
2277 1749 2366 1804 aui
2396 1757 2754 1816 exponuntur,
2788 1745 2997 1800 etiamsi
3049 1745 3188 1798 servi
3220 1744 3326 1797 sint
3352 1783 3367 1808 ,
3393 1758 3458 1796 eo

1895 1843 2008 1909 ipso
2039 1842 2233 1895 liberos
2258 1839 2416 1893 eliici.
2453 1840 2620 1894 Debet
2649 1847 2822 1892 tamen
2872 1836 3048 1906 puniri
3104 1837 3293 1889 mulier
3332 1850 3462 1903 pro-

1895 1945 2012 2000 pter
2047 1949 2290 2002 tnagnam
2321 1933 2720 2000 negligentiam,
2743 1946 2861 1999 quae
2885 1930 3009 1984 dolo
3049 1929 3413 1996 aequiparatur
3441 1944 3456 1980 :

1895 2039 2014 2090 quae
2059 2024 2273 2091 quidem
2337 2037 2365 2074 ιι
2406 2022 2731 2089 jttrisperitis
2781 2022 2887 2073 lata
2925 2019 3077 2084 culpa
3136 2019 3458 2071 nominatur.

1893 2106 2054 2161 Forte
2083 2108 2224 2161 enim
2251 2123 2370 2161 cum
2405 2118 2548 2162 esset
2579 2107 2775 2176 alioqui
2837 2111 2888 2158 in
2942 2107 3101 2158 rebus
3150 2104 3463 2160 domesticis

1895 2200 2117 2267 diligens
2151 2208 2207 2251 et
2237 2199 2487 2260 sollicita,
2516 2199 2567 2251 in
2597 2197 2876 2252 educando
2904 2195 3104 2248 infante
3139 2196 3238 2250 fuit
3292 2198 3459 2266 negli-

1895 2303 2042 2354 gens.
2075 2287 2206 2341 Nam
2241 2290 2284 2341 si
2318 2290 2368 2341 in
2397 2289 2710 2342 domesticis
2747 2289 2908 2341 rebus
2933 2288 3053 2339 talis
3098 2296 3239 2343 esset
3296 2287 3455 2354 negli-

1894 2394 2046 2445 gens,
2078 2380 2155 2431 vel
2188 2389 2242 2432 ut
2280 2393 2398 2445 qum
2429 2387 2570 2430 esset
2603 2377 2764 2430 nobili
2794 2377 2913 2430 loco
2954 2387 3101 2438 nata,
3132 2392 3233 2429 nec
3288 2377 3452 2429 sciret

1894 2472 2159 2538 quomodo
2191 2469 2448 2522 infantum
2480 2477 2621 2521 esset
2657 2469 2894 2521 habenda
2925 2483 3076 2525 cura.
3127 2466 3208 2520 vel
3259 2467 3456 2535 alioqui

1895 2571 2080 2612 natura
2117 2561 2179 2610 ad
2205 2559 2318 2611 hate
2375 2573 2479 2610 non
2533 2568 2675 2625 apta,
2725 2566 2778 2609 et
2824 2557 3047 2623 contigit
3094 2556 3351 2610 infantem
3393 2572 3454 2610 ca

1895 2649 2103 2700 ratione
2138 2648 2312 2700 vivum
2345 2662 2450 2700 non
2482 2647 2710 2711 servari,
2750 2647 2888 2700 haud
2920 2647 3190 2714 punietur,
3220 2658 3276 2699 ιιι
3307 2658 3456 2717 puto.

1963 2821 2210 2876 ZONAR.
2257 2821 2311 2875 Si
2344 2821 2537 2875 mulier
2580 2819 2795 2888 gravida
2849 2820 2950 2874 iter
3001 2821 3202 2876 faciens
3255 2829 3456 2876 tentata

1898 2913 2168 2964 doloribus
2195 2914 2370 2981 pariat
2396 2913 2447 2964 in
2477 2914 2586 2975 via,
2618 2927 2848 2981 cumque
2897 2914 3076 2966 vivum
3124 2928 3187 2967 ac
3243 2913 3453 2967 incolu-

1894 3020 2031 3057 mem
2070 3006 2234 3058 fetum
2277 3019 2492 3058 servare
2517 3014 2716 3071 posset,
2741 3004 2887 3058 illum
2918 3004 3232 3072 neglexerit,
3268 3003 3450 3056 omni-

1890 3109 1990 3161 que
2017 3094 2156 3148 illius
2184 3094 2385 3161 abiecta
2416 3109 2543 3148 cura
2575 3094 2892 3157 deseruerit,
2933 3108 2993 3146 ac
3039 3093 3082 3145 si
3132 3093 3307 3158 ipsum
3357 3093 3445 3145 in-

213 3167 282 3218 τὸ
315 3166 508 3236 βρέφος
539 3168 720 3238 ἕτερός
751 3187 836 3233 τις
865 3172 1037 3242 εὑρὼν
1075 3175 1370 3245 ἀνέληται,
1401 3181 1495 3230 καὶ
1524 3181 1784 3252 ἐπιμελη-

1895 3185 2208 3248 terfecisset,
2279 3185 2670 3239 condemnatur
2712 3202 2725 3237 :
2761 3185 2967 3237 etiamsi
3008 3183 3145 3237 forte
3193 3184 3451 3236 infantem

217 3257 451 3325 σάμενος
484 3258 815 3332 ζωογονήσῃ.
852 3263 914 3315 Εἰ
955 3265 1009 3316 δέ
1054 3267 1312 3322 ἀδύνατόν
1340 3272 1455 3322 ἐστι
1497 3276 1786 3342 περιποιή-

216 3347 419 3400 σασθαι
451 3349 641 3413 τοῦτο,
673 3353 835 3420 τυχὸν
867 3353 974 3422 γὰρ
1003 3357 1340 3424 αἰχμάλωτος
1378 3362 1540 3431 ἤγετο
1561 3401 1576 3424 ,
1607 3364 1701 3416 καὶ
1730 3367 1786 3418 ἐν

213 3440 284 3507 τῇ
327 3438 429 3506 ὀδῷ
466 3438 724 3510 Etenim}
775 3441 1065 3512 πολεμίους
1111 3448 1329 3515 ἔφευγε,
1375 3452 1470 3504 καὶ
1511 3453 1786 3522 φεύγουσα

213 3531 518 3598 ἁπεκύησε,
567 3532 661 3585 καὶ
702 3533 802 3586 οὐκ
843 3535 1074 3604 ¹ι’λδύνατο
1109 3541 1201 3591 καὶ
1244 3542 1444 3613 ἑαυτὴν
1486 3546 1786 3614 περισῶσαι

217 3620 314 3672 καὶ
363 3621 424 3672 τὸ
480 3622 700 3691 τεχθὲν,
768 3625 1032 3693 κρυὸεῖσα
1084 3628 1190 3697 γὰρ
1249 3630 1377 3694 ἴσως
1435 3637 1782 3705 κανεμηνύθη

212 3711 284 3768 ἂν
330 3711 432 3766 ὑπὸ
480 3715 574 3768 τοῦ
626 3715 860 3786 βρέφους
912 3719 1464 3794 κλαυθμυριζομένου.
1536 3744 1783 3796 συγγνω-

214 3803 497 3873 σθήσεται.

300 3982 538 4037 ἈΡΙΣΤ.
586 3982 653 4036 Ἦ
690 3986 943 4056 κυήσασα
986 3990 1043 4040 ἐν
1079 3989 1201 4060 ὀδῷ,
1241 3993 1334 4044 καὶ
1369 3996 1462 4046 τοῦ
1506 3997 1784 4065 τεχθέντος

206 4075 556 4144 ἁμελήσασα,
581 4078 892 4144 φονεύτρια.
923 4079 1150 4145 rasam.

813 4168 1048 4221 ΚΑΝΩΝ
1065 4171 1185 4226 AA'.

211 4257 330 4317 Τάς
385 4257 764 4325 μοιχευθείσας
794 4262 1058 4326 γυναῖκας
1077 4300 1092 4326 ,
1123 4263 1217 4314 καὶ
1253 4263 1675 4334 ἐξαγορευούσας
1706 4274 1774 4325 δι’

281 4346 567 4400 εὐλάϐειαν
623 4349 654 4417 ἢ
695 4349 943 4402 ὁπωσοῦν
994 4351 1385 4419 ἐλεγχομένας,
1433 4357 1773 4427 δημοσιεύειν

1889 3278 2023 3331 alius
2049 3276 2307 3344 quispiam
2339 3276 2614 3329 inventum
2666 3274 2943 3328 sustulerit
2971 3314 2985 3335 .
3022 3290 3257 3339 curaque
3307 3275 3451 3329 adhi-

1887 3370 1994 3421 bita
2028 3366 2350 3420 incolumem
2378 3367 2732 3418 conservarit.
2769 3365 3032 3418 Caeterum
3067 3364 3110 3416 si
3153 3363 3301 3416 illum
3334 3378 3449 3416 ser-

1889 3473 2016 3514 vare
2046 3457 2188 3510 haud
2223 3455 2361 3525 potis
2389 3463 2543 3516 erat;
2578 3454 2718 3508 forte
2745 3468 2974 3522 namque
3008 3468 3128 3505 cum
3157 3453 3450 3507 abducere-

1890 3558 1975 3600 tur
2009 3547 2239 3612 captiva,
2269 3546 2322 3598 in
2357 3546 2547 3598 itinere
2580 3546 2806 3614 peperit,
2844 3552 2935 3596 aut
2963 3545 3146 3597 hostes
3191 3542 3443 3612 fugiebat,

1887 3649 2044 3704 atque
2069 3640 2119 3690 iu
2156 3637 2274 3705 fuga
2302 3635 2468 3688 edidit
2493 3642 2726 3702 partum,
2755 3649 2852 3686 nec
2879 3649 2979 3685 una
3017 3635 3246 3700 scipsam
3280 3633 3440 3687 simul

1886 3739 1938 3784 et
1973 3728 2133 3781 fetum
2165 3741 2382 3780 servare
2436 3726 2644 3793 potuit;
2695 3725 2955 3791 siquidem
3001 3723 3228 3778 fortasse
3272 3724 3445 3778 lateus

1887 3819 2106 3875 infantis
2159 3817 2365 3886 ejulatu
2423 3819 2629 3883 prodita
2691 3817 2919 3880 fuisset,
2982 3817 3189 3869 veniant
3252 3830 3444 3870 conse-

1886 3923 2098 3980 quetur.

1958 4001 2179 4055 ARIST.
2216 4001 2342 4066 Quae
2378 4002 2429 4054 in
2461 4001 2542 4053 via
2570 4001 2794 4069 peperit,
2833 4007 2888 4053 et
2937 3999 3101 4053 fetum
3158 3997 3436 4066 neglexit,

1886 4092 2156 4145 homicidii
2213 4107 2301 4145 rea
2329 4102 2428 4146 est.
2483 4091 2821 4157 Perspicuus.

2416 4179 2640 4235 CANON
2669 4179 2906 4234 XXXIV.

1885 4274 2160 4328 Adulterio
2215 4274 2444 4339 pollutas
2495 4275 2747 4328 mulieres
2782 4283 2832 4328 et
2864 4272 3184 4328 confitentes
3211 4274 3279 4327 ob
3307 4275 3424 4340 pie-

1958 4373 2117 4416 tatem
2168 4364 2252 4417 vel
2317 4366 2796 4433 quomodocunque
2852 4365 3123 4416 convictas
3153 4362 3432 4430 publicare

287 4438 387 4503 μὲν
418 4438 696 4491 ἐκώλυσαν
725 4441 776 4491 οί
824 4441 1066 4511 Πατέρες
1097 4444 1284 4510 ἡμῶν,
1318 4446 1406 4498 ἵνα
1434 4449 1509 4516 μὴ
1539 4449 1771 4508 θανάτου

1950 4454 2165 4520 quidem
2217 4451 2403 4508 Patres
2460 4452 2627 4507 nostri
2656 4451 3066 4520 prohibuerunt,
3091 4465 3158 4503 ne
3177 4449 3438 4502 convictis

286 4530 465 4581 αἰτίαν
497 4530 868 4598 παράσχωμεν
896 4531 1292 4600 ἐλεγχθείσαις·
1324 4537 1572 4592 ἵστασθαι
1593 4542 1649 4595 δέ
1685 4548 1781 4596 αὖ·

284 4620 378 4680 τὰς
407 4623 534 4672 ἄνευ
559 4622 839 4676 κοινωνίας
863 4625 1200 4690 προσέταξαν
1230 4629 1388 4696 μέχρι
1409 4630 1502 4681 τοῦ
1531 4634 1778 4704 συμπλη-

283 4707 508 4773 ροῦσθαι
539 4711 628 4761 τὸν
660 4713 846 4779 χρόνον
881 4713 981 4780 τῆς
1014 4713 1321 4781 μετανοίας.

282 4799 475 4852 ΒΛΛΣ.
512 4799 575 4852 Ol
614 4804 787 4871 μοιχοὶ
820 4803 960 4856 κατὰ
1005 4805 1095 4857 τὸν
1123 4813 1202 4875 νη¹
1238 4811 1433 4863 κανόνα
1467 4812 1524 4862 ἐν
1553 4812 1594 4864 δ’
1621 4812 1764 4868 ἔτεσι

209 4888 348 4956 μετὰ
386 4888 496 4940 τῶν
545 4892 976 4956 προσκλαιόντων
1013 4894 1276 4958 ἴστανται,
1327 4901 1383 4950 ἐν
1426 4903 1584 4952 πέντε
1627 4905 1764 4969 μετὰ

206 4978 320 5029 τῶν
349 4977 732 5046 ἀκροωμένων.
766 4981 822 5032 ἐν
841 4981 885 5033 δ’
912 4982 1047 5049 μετὰ
1074 4983 1180 5034 τῶν
1207 4985 1639 5055 ὑποπιπτόντων,
1669 4996 1763 5045 καὶ

204 5083 265 5116 εν
294 5066 412 5119 δυσὶ
443 5067 580 5134 μετὰ
599 5065 708 5118 τῶν
737 5069 1083 5122 συνεστώτων
1111 5073 1278 5139 χωρὶς
1305 5079 1604 5133 κοινωνίας.
1626 5081 1762 5149 Φησὶ

206 5153 338 5219 γοῦν
364 5158 391 5206 ό
413 5157 587 5222 ἆγιος·
610 5156 671 5208 Et
694 5158 827 5226 γυνή
849 5174 932 5220 τις
947 5161 1286 5228 μοιχευθεῖσα
1307 5163 1762 5237 ἐξομολογήσηται

203 5245 268 5294 τὸ
308 5246 666 5314 ἁρμάρτημα,
708 5247 741 5318 ἢ
788 5250 1034 5302 ὁπωσοῦν
1071 5252 1320 5322 ἐλεγχθῇ,
1361 5255 1420 5305 οὑ
1458 5256 1561 5326 χρὴ
1599 5259 1766 5328 δημο·

203 5334 406 5388 σιεύειν
440 5336 630 5406 αὐτὴν,
653 5338 822 5406 ἤγουν
855 5341 1007 5408 ίστᾷν
1035 5342 1114 5403 είς
1147 5345 1271 5406 τοὺς
1299 5345 1498 5408 τόπους
1526 5348 1635 5399 τῶν
1667 5355 1761 5421 ρη-

201 5424 404 5478 θέντων
429 5425 715 5494 ἐπιτιμίων
735 5443 750 5458 ·
781 5431 810 5480 ὁ
835 5428 944 5498 γὰρ
967 5430 1108 5495 ὁρῶν
1134 5431 1302 5503 αὐτὴν
1327 5434 1432 5498 ἔξω
1465 5437 1570 5488 τῶν
1599 5440 1756 5493 θείων

200 5514 503 5584 περιϐόλων
528 5516 627 5584 τῆς
649 5517 940 5587 ἐκκλησίας
971 5522 1282 5592 ἱσταμένην,
1309 5526 1344 5594 ἢ
1371 5528 1462 5577 καὶ
1483 5530 1621 5596 μετὰ
1647 5531 1754 5584 τῶν

199 5604 623 5672 κατηχουμένων
664 5603 927 5672 ἐξιοῦσαν,
983 5613 1307 5682 κοτανοήσει
1353 5614 1567 5677 πάντως
1610 5619 1749 5672 κατὰ

199 5693 420 5756 πρώτην
450 5695 572 5757 ὄψιν
597 5696 684 5750 διὰ
712 5701 952 5766 μοιχείας
975 5701 1218 5768 ἔγκλημα
1243 5705 1626 5768 ἐπιτιμηθῆναι
1657 5711 1751 5762 αὐ-

1950 4542 2136 4596 tnortis
2208 4556 2427 4596 causam
2513 4543 2881 4609 praebeamus;
2939 4555 3031 4594 eas
3077 4549 3255 4593 autem
3289 4549 3435 4592 stare

1944 4633 2060 4686 sine
2112 4630 2486 4685 communione
2545 4632 2861 4700 jusserunt,
2904 4633 3074 4686 donec
3121 4629 3435 4699 impleretur

1948 4733 2153 4788 tempus
2178 4722 2521 4788 pmniteutiae.

1947 4809 2140 4864 BALS.
2179 4811 2422 4862 Adnlteri
2455 4813 2747 4866 secundum
2776 4826 2898 4865 can.
2939 4813 3006 4866 58
3030 4819 3174 4866 stant
3201 4821 3433 4878 quatuor

1875 4902 2029 4956 annis
2059 4917 2178 4955 cum
2208 4901 2541 4966 dedentibus,
2560 4903 2797 4972 quinque
2823 4918 2942 4956 cum
2973 4903 3426 4965 auscultantibus,

1874 5001 2103 5059 quatuor
2134 5007 2253 5044 cum
2282 4993 2604 5057 substratis,
2641 5005 2694 5046 et
2739 4995 2943 5048 duobus
2990 5010 3111 5048 cum
3159 4995 3427 5049 stantibus

1868 5084 2068 5150 absque
2095 5082 2488 5137 communione.
2528 5082 2666 5137 Dicit
2704 5082 2831 5153 ergo
2875 5094 3132 5148 sanctus,
3198 5085 3242 5139 si
3298 5100 3420 5153 quae

1860 5172 2156 5224 adulterata
2213 5171 2404 5226 mulier
2451 5183 2727 5240 peceatum
2789 5176 3035 5230 confessa
3095 5175 3278 5237 fuerit,
3339 5174 3419 5226 vel

1858 5261 2333 5330 quomodocunque
2368 5263 2610 5316 convicta
2648 5264 2739 5328 sit,
2771 5281 2875 5318 non
2902 5275 3112 5333 Oportet
3166 5282 3295 5322 eam,
3321 5281 3417 5332 pu-

1865 5349 2086 5413 blicare,
2123 5350 2176 5404 id
2207 5359 2292 5404 est
2315 5365 2430 5404 eam
2460 5351 2515 5406 in
2540 5353 2798 5407 dictarunt
2832 5368 3113 5421 ptrnarum
3143 5355 3272 5408 locis
3302 5365 3415 5407 sta-

1867 5451 2036 5499 tuere.
2071 5441 2170 5506 Qui
2196 5441 2338 5495 enim
2369 5457 2484 5495 eam
2514 5443 2705 5497 viderit
2732 5457 2881 5500 extra
2922 5448 3130 5500 divinos
3175 5445 3414 5501 ecclesiae

1865 5530 2097 5584 ambitus
2126 5541 2372 5596 stantem,
2408 5531 2485 5586 vel
2515 5534 2674 5586 etiam
2701 5550 2820 5590 cum
2862 5537 3264 5591 catecltuutenis
3317 5552 3410 5590 ex-

1857 5630 2091 5686 euntem,
2132 5627 2302 5693 primo
2329 5638 2546 5695 aspectu
2589 5629 2809 5682 omnino
2847 5629 3146 5700 intelliget,
3192 5640 3410 5699 propter

1861 5713 2104 5768 adulterii
2147 5715 2345 5769 crimen
2374 5731 2491 5772 eam
2519 5718 2591 5772 illi
2615 5733 2731 5774 esse
2762 5733 2972 5781 poenam
3008 5723 3323 5783 iniunctam.
3354 5733 3409 5774 et
