3946 6342
525 340 633 403 69‘.)

1785 339 2061 402 ΤΗΕΟῙ).
2101 340 2114 399 l

2226 342 2516 406 ;SAthN
3737 340 3836 398 ’ἷεέιῖ

524 455 620 508 ﬂet
655 453 866 523 punitio
899 467 1059 508 causa
1097 453 1287 508 mortis
1322 493 1335 515 ,
1367 453 1484 506 viro
1531 451 1648 520 ejus
1699 462 1822 520 post
1876 451 2114 504 futurum

2226 456 2343 521 τὴν,
2373 457 2465 508 καὶ
2503 458 2790 525 γενήσεται
2821 456 2852 527 ἡ
2891 454 3207 523 ἐπιτίμησις
3245 452 3394 505 αἰτία
3436 450 3690 502 θανάτου
3716 488 3729 510 ,
3764 450 3835 509 ὡς

524 545 669 600 forte
700 546 928 600 reditum
961 560 1118 599 suum
1158 561 1271 600 rem
1307 546 1376 600 ita
1404 560 1463 599 se
1518 547 1719 599 habere
1774 544 2113 597 animadver—

526 650 692 694 tente.
725 638 1061 692 Permittitur
1087 654 1214 707 ergo
1277 638 1584 693 consistere
1618 645 1670 691 ct
1698 653 1820 691 cum
1871 636 2115 689 ﬁdelibus

522 731 880 799 eomprecari,
924 746 951 783 a
1010 738 1477 784 sacramentorum
1527 738 1704 782 autem
1735 728 2115 781 communione

523 824 822 884 abstinere,
882 821 1055 874 donec
1110 820 1442 885 paenitentia:
1508 828 1723 887 tempus
1785 820 2113 885 completum

525 915 704 971 fuerit.
739 916 853 970 llac
898 926 1075 968 autem
1108 915 1447 967 humanitate
1472 912 1525 966 in
1566 912 1818 965 mulieres
1842 912 1915 964 uti
1952 928 2116 979 opor-

526 1018 640 1060 tere
675 1016 894 1060 sanctns
926 1006 1189 1069 deﬁnivit,
1228 1014 1453 1073 propter
1500 1017 1619 1056 eam
1666 1018 1822 1069 quam
1884 1004 2117 1056 diximus

524 1101 810 1151 rationem.
841 1099 951 1150 Viri
990 1098 1134 1149 enim
1184 1095 1520 1149 adulterium
1564 1096 1887 1148 conﬁtentes
1934 1094 2116 1146 immi-

520 1191 868 1244 scricorditer
896 1190 1055 1243 dictis
1086 1188 1259 1256 ptenis
1292 1188 1656 1257 subjiciuntur
1686 1228 1700 1250 ,
1735 1188 1860 1252 quia
1892 1185 1959 1239 de
2011 1184 2115 1238 illis

521 1298 629 1335 non
660 1292 741 1335 est
775 1281 897 1335 talis
931 1282 1111 1344 timor,
1138 1281 1313 1347 qualis
1341 1280 1409 1332 de
1444 1278 1766 1332 mulieribus
1804 1278 1981 1331 dictus
2006 1284 2112 1341 est,

521 1379 611 1441 qui
645 1385 1043 1441 prmsumuntur
1069 1387 1189 1425 esse
1226 1372 1387 1423 etiam
1425 1370 1545 1422 aliis
1578 1369 1811 1422 fortasse
1870 1367 2114 1420 crimini-

522 1466 621 1518 bus
653 1464 883 1524 obnoxii
920 1474 972 1516 et
999 1464 1122 1531 jure
1150 1463 1347 1530 puniri.
1379 1461 1511 1513 Illud
1556 1471 1759 1522 autem,
1808 1457 2113 1523 Quomodo-

523 1571 732 1621 cunque
755 1555 999 1609 convinci
1034 1554 1321 1617 mulieres,
1359 1568 1461 1603 non
1524 1551 1687 1603 debes
1738 1550 1988 1616 accipere
2046 1548 2113 1602 de

520 1650 772 1701 omnibus
802 1660 925 1699 nota
963 1647 1304 1713 probatione,
1338 1646 1428 1697 sed
1462 1646 1528 1696 de
1562 1642 1805 1694 mulieris
1831 1642 2115 1695 conscien-

525 1736 613 1787 tiae
648 1733 984 1798 prohatione.
1022 1736 1121 1785 hoc
1157 1740 1259 1791 est,
1296 1729 1410 1783 sive
1443 1728 1631 1781 mulier
1660 1740 1757 1780 sua
1776 1725 1890 1779 sola
1923 1734 2112 1792 sponte

523 1824 767 1879 confessa
801 1825 893 1888 sit,
931 1823 1010 1889 vel
1039 1823 1285 1876 utetiam
1334 1837 1362 1873 a
1414 1820 1655 1887 pariendi
1696 1817 1939 1887 periculo
1982 1831 2111 1871 coa-

525 1926 635 1980 cta,
665 1917 746 1968 vel
778 1915 958 1983 aliquo
978 1915 1098 1989 .alio
1136 1913 1313 1975 modo,
1346 1910 1649 1965 clanculum
1678 1918 1733 1963 et
1761 1924 1865 1962 non
1892 1909 2106 1976 publice

524 2008 757 2073 seipsam
798 2005 1187 2069 condemnans,
1216 2009 1269 2055 et
1296 2000 1679 2055 enuntiaverit.
1737 1998 1792 2053 Si
1830 1999 1975 2051 enim
2010 1998 2097 2051 di-

526 2098 675 2152 xeris
706 2095 916 2163 publice
947 2094 1144 2147 laetam
1178 2107 1297 2148 esse
1325 2091 1700 2161 probationem
1732 2131 1746 2153 ,
1771 2100 1827 2143 et
1854 2090 2015 2143 veluti
2051 2089 2102 2142 in

526 2191 861 2257 triumphum
896 2202 1015 2241 esse
1042 2187 1259 2239 ductum
1290 2184 1614 2238 adulterium
1646 2220 1662 2245 ,
1715 2191 1863 2235 recte
1919 2196 2112 2235 omnes

524 2294 697 2345 pennae
727 2279 777 2331 in
808 2292 927 2330 eam
964 2285 1344 2344 congerentur.
1382 2273 1569 2341 Neque
1616 2274 1760 2327 enim
1816 2288 1992 2327 canon
2056 2274 2109 2326 in

523 2385 589 2423 eo
614 2369 790 2422 locum
826 2368 1009 2430 habet,
1036 2364 1293 2432 quoniam
1323 2364 1488 2418 semel
1530 2364 1797 2431 publicata
1824 2373 1906 2416 est
1927 2402 1939 2423 ,
1972 2372 2025 2415 et
2046 2376 2110 2413 ex

522 2462 628 2515 viri
663 2461 838 2514 reditu
872 2460 1013 2511 nulla
1057 2458 1221 2513 caedis
1278 2456 1515 2522 suspicio
1570 2456 1849 2509 suboritur
1895 2465 2115 2521 propter

524 2566 811 2623 pcenarum
842 2549 1327 2603 denuntiationem.
1356 2547 1433 2599 Ex
1463 2560 1528 2599 eo
1561 2554 1737 2597 autem
1787 2542 1928 2611 qtmd
1986 2544 2114 2597 dicit

539 2653 796 2697 sanctus:
833 2639 910 2694 Ne
941 2642 1130 2693 demus
1178 2637 1441 2693 convictis
1484 2635 1797 2690 mulieribus
1848 2636 1959 2689 sive
2018 2651 2114 2702 per

526 2750 717 2803 pmnas
770 2734 883 2787 noti
932 2732 1175 2787 criminis
1202 2744 1423 2784 causam
1480 2732 1708 2791 mortis,
1758 2743 1857 2781 nec
1910 2727 2112 2782 dixeris

524 2818 747 2879 concedi
779 2824 988 2877 maritis
1010 2823 1284 2875 adulteras
1332 2834 1459 2873 suas
1494 2820 1747 2874 mulieres
1780 2818 2109 2873 interﬁcere.

528 2918 583 2971 lu
616 2918 731 2969 sola
760 2918 901 2967 cnim
932 2915 1145 2982 propria
1178 2917 1360 2969 domo.
1395 2910 1445 2963 iu
1479 2910 1598 2977 ipso
1627 2910 1769 2962 facto
1801 2909 2111 2977 deprehen-

526 3026 646 3064 sum
676 3016 850 3073 potest
880 3006 1103 3057 maritus
1153 3002 1455 3056 adulterum
1518 3000 1770 3053 occidere
1803 3037 1819 3063 ,
1879 3007 1935 3053 et
1987 3013 2111 3054 eum

2224 546 2317 596 καὶ
2348 546 2441 598 τοῦ
2467 548 2656 617 ἀνδρὸς
2682 548 2871 615 αὐτῆς,
2907 547 3042 616 μετὰ
3070 546 3168 614 τὴν
3203 547 3331 605 ἴσως
3364 542 3683 610 γενομένην
3715 541 3835 591 τού-

2223 652 2316 687 του
2352 639 2634 702 ἐπάνοδον,
2665 638 2838 702 οὕτως
2871 640 3033 709 ἔχειν.
3063 639 3130 690 τὰ
3164 637 3256 688 τοῦ
3293 638 3625 705 πράγματος
3664 649 3830 684 κατε-

2233 730 2547 798 νοήσαντος.
2626 733 3041 801 Παραχωρεῖται
3107 730 3235 796 γοῦν
3305 727 3671 779 συνίστασθαι
3742 728 3830 776 καὶ

2227 821 2577 889 συνεύχεσθαι
2609 825 2720 886 τοῖς
2751 826 2979 885 πιστοῖς,
3009 823 3107 891 τῆς
3128 821 3181 874 δὲ
3207 820 3491 881 κοινωνίας
3517 820 3631 869 τῶν
3666 818 3830 879 ἅγια·

2226 910 2448 975 σμάτων
2484 912 2773 973 κωλύεται,
2805 913 2995 981 μέχρις
3027 911 3091 963 ἂν
3123 911 3151 961 ὁ
3180 909 3366 977 χρόνος
3398 908 3493 974 τῆς
3527 907 3829 971 intui-tofi;

2224 999 2560 1068 ἑκμετρηθῇ.
2593 1000 2703 1068 Τὴν
2753 1002 3007 1067 τοιαύτην
3033 1000 3089 1052 δὲ
3120 997 3529 1065 φιλανθρωπίαν
3581 999 3669 1057 είς
3726 996 3830 1053 τὰς

2223 1093 2486 1154 γυναῖκας
2515 1091 2805 1161 διωρίσατο
2832 1091 2860 1141 ὁ
2881 1091 3033 1157 ἆγιος
3055 1089 3299 1156 γίνεσθαι
3324 1088 3391 1140 δι’
3418 1088 3478 1139 ὃν
3502 1088 3822 1154 εἰρήκαμεν

2224 1180 2500 1247 λογισμόν.
2556 1182 2618 1234 Οί
2663 1181 2771 1249 γὰρ
2811 1181 3002 1251 ἄνδρες
3039 1179 3519 1249 ἐξομολογούμενοι
3562 1175 3830 1244 μοιχείαν

2223 1271 2559 1341 ἀσυμπαθῶς
2595 1274 2909 1325 ὑπόκεινται
2938 1277 3049 1335 τοῖς
3083 1274 3453 1343 διαληφθείσιν
3486 1267 3825 1335 ἐπιτιμίοις,

2222 1364 2302 1416 ὅτι
2332 1366 2450 1417 οὐδὲ
2480 1364 2674 1418 ῦπεστι
2703 1366 2866 1434 φόϐος
2894 1366 3134 1425 τοιοῦτος
3156 1367 3211 1416 ἑν
3238 1366 3439 1425 αὑτοῖς.
3468 1356 3575 1423 οἷος
3605 1361 3693 1420 είς
3728 1360 3831 1418 τὰς

2223 1458 2487 1521 γυναῖκας
2529 1456 2759 1526 ὲρῤήθη,
2803 1457 2942 1522 μετὰ
2988 1456 3253 1527 πρόληψιν
3302 1451 3417 1507 οὖσι
3459 1450 3551 1505 καὶ
3599 1452 3832 1513 ἑτέροις

2222 1545 2563 1612 ἐγκλήμασιν
2601 1546 2729 1607 ίσως
2765 1548 2987 1615 ἐνόχοις.
3026 1549 3119 1599 καὶ
3158 1546 3318 1609 ἀξίως
3357 1543 3828 1611 ἐπιτιμωμένοις.

2222 1634 2295 1686 Τὸ
2348 1636 2554 1702 μέντοι,
2591 1637 2873 1689 Ὀπωσοῦν
2900 1638 3333 1707 ὲλέγχεσθαιτὰς
3373 1638 3662 1703 γυναῖκας,
3721 1634 3829 1685 οὐκ

2220 1727 2457 1795 ὀφείλεις
2500 1728 2835 1782 ὲκλαϐἑσθαι
2868 1731 2945 1792 εἰς
2986 1729 3365 1795 πασίγνωστον
3406 1729 3649 1796 ἔλεγχον,
3703 1725 3829 1778 ἀλλ’

2216 1821 2299 1881 είς
2344 1818 2563 1889 ἔλεγχον
2597 1820 2691 1872 τοῦ
2726 1822 3022 1883 συνειδότος
3063 1825 3163 1888 τῆς
3208 1822 3484 1888 γυναικδς,
3517 1818 3823 1871 τουτέστιν

2216 1909 2327 1961 εἴτε
2361 1909 2499 1961 κατὰ
2528 1910 2693 1977 μόνην
2717 1910 2923 1962 οἰκείαν
2959 1912 3281 1979 προαίρεσιν
3311 1912 3343 1979 ή
3380 1911 3512 1977 γυνὴ
3545 1909 3827 1976 ἐξομολο-

2215 1998 2467 2067 γήσεται,
2517 2000 2626 2051 είτε
2675 2001 2769 2051 καὶ
2815 2000 2890 2062 ὡς
2938 2001 3355 2070 ἁναγκιζομένη
3407 2003 3508 2053 ὑπὸ
3553 2001 3826 2052 κινδύνου

2214 2089 2309 2141 τοῦ
2350 2092 2411 2142 ὲκ
2440 2090 2536 2142 τοῦ
2565 2094 2763 2154 τεκεῖν,
2789 2091 2821 2161 ἢ
2857 2093 2952 2145 καὶ
2984 2092 3159 2154 ἄλλως
3190 2110 3306 2154 πως
3338 2091 3577 2160 κρυφίως
3606 2094 3716 2143 καὶ
3747 2093 3828 2162 μὴ

2216 2185 2449 2253 δημοσίᾳ
2494 2184 2983 2252 καταγινώσκουσα
3032 2184 3231 2252 ἑαυτῆς
3268 2182 3719 2253 ἐξαγορεύσεται.
3757 2185 3828 2236 El

2223 2276 2333 2344 γὰρ
2362 2276 2454 2327 τὸν
2486 2275 2708 2345 ἔλεγχον
2738 2276 2898 2345 εἴπῃς
2920 2274 3157 2344 δημοσίᾳ
3186 2275 3453 2343 γενέσθαι,
3484 2274 3575 2326 καὶ
3606 2275 3829 2344 θριαμ-

2218 2368 2476 2437 ϐευθῆναι
2526 2369 2625 2437 τὴν
2667 2369 2933 2436 μοιχείαν,
2979 2368 3161 2431 καλῶς
3208 2370 3385 2420 πάντα
3435 2369 3501 2420 τὰ
3550 2368 3827 2439 ἐπιτίμια

2224 2459 2361 2527 αὐτῇ
2398 2458 2968 2529 ὲπιφορτισθήσονται.
3003 2458 3137 2512 Οὐδὲ
3170 2457 3277 2528 γὰρ
3307 2459 3486 2526 ἔχουσι
3521 2456 3724 2526 χώραν
3755 2459 3849 2509 τά-

2218 2550 2311 2603 τοῦ
2346 2551 2566 2613 κανόνος
2608 2551 2687 2613 είς
2716 2549 2944 2619 ταύτην,
2977 2549 3065 2602 διὰ
3095 2553 3155 2601 τὸ
3183 2550 3330 2613 ἅπαξ
3355 2548 3823 2617 δημοσιευθῆναι,

2216 2642 2309 2691 καὶ
2347 2642 2409 2693 ὲκ
2462 2641 2562 2708 τῆς
2600 2641 2863 2693 ἐπανόδου
2910 2638 3001 2693 τοῦ
3044 2640 3235 2709 ἀνδρδς
3278 2641 3503 2693 θάνατον
3554 2639 3628 2708 μὴ
3690 2642 3831 2693 ὐπο-

2222 2731 2516 2783 πτεύεσθαι
2575 2732 2684 2785 ἀπὺ
2736 2733 2833 2800 τῆς
2888 2732 2995 2785 τῶν
3041 2732 3334 2799 ἐπιτιμίων
3378 2734 3825 2801 προσαγγελίας.

2228 2821 2321 2871 Ἐκ
2362 2820 2454 2873 τοῦ
2504 2821 2683 2889 λέγειν
2714 2823 2769 2875 δὲ
2797 2824 2888 2874 τὸν
2914 2822 3068 2889 ἆγιον
3110 2823 3199 2874 ἵνα
3232 2823 3305 2891 μὴ
3336 2823 3595 2889 δώσωμεν
3626 2825 3826 2877 αἰτίαν

2221 2912 2453 2964 Θανάτου
2477 2913 2619 2963 κατὰ
2638 2913 2746 2965 τῶν
2774 2914 3047 2980 γυναικῶν
3077 2913 3437 2983 ὲλεγχθεισῶν
3463 2916 3578 2983 ἦτοι
3609 2914 3829 2985 θριαμ-

2218 3004 2515 3056 ϐευθεισῶν
2564 3006 2653 3057 διὰ
2691 3005 2799 3057 τῶν
2848 3007 3164 3074 ἐπιτιμίων,
3210 3008 3283 3077 μὴ
3328 3009 3485 3079 εἴπῃς
3529 3008 3826 3080 ὲνδοθῆναι

527 3099 805 3155 scenicum
836 3098 918 3150 vel
954 3097 1139 3161 alium,
1178 3093 1268 3162 qui
1306 3092 1375 3145 sit
1418 3090 1657 3143 infamis.
1709 3089 1778 3143 Et
1995 3090 2110 3157 lege

2226 3096 2329 3156 τοῖς
2379 3094 2638 3163 ἀνδράσιν
2680 3097 2925 3162 φονεύειν
2970 3099 3068 3161 τὰς
3123 3100 3500 3169 μοιχευθείσας
3544 3104 3827 3167 γυναῖκας

525 3208 649 3259 cap.
688 3191 778 3251 26,
818 3190 897 3242 tit.
932 3188 1023 3249 37,
1055 3187 1144 3239 lib.
1184 3202 1271 3246 ιι,
1296 3183 1384 3248 27,
1423 3183 1491 3237 49
1518 3192 1571 3236 et
1616 3182 1715 3235 alia
1749 3182 1950 3249 capita.
2002 3180 2107 3235 Sed

2226 3187 2415 3241 ιύτῶν.
2459 3186 2548 3240 Ἐν
2581 3188 2730 3257 μόνῳ
2760 3188 2869 3258 γὰρ
2900 3190 2978 3259 τῷ
3020 3163 3135 3261 ιδιιρ
3185 3163 3320 3260 οίκῳ
3370 3196 3455 3244 ἐπ’
3504 3163 3824 3264 αύτοφὼριρ

527 3282 711 3347 accipe
743 3282 959 3332 verbum
995 3279 1189 3339 sancti,
1227 3291 1292 3329 ne
1328 3274 1463 3328 ﬁant
1515 3287 1691 3343 paena
1727 3274 1905 3341 magni
1955 3288 2114 3326 scan-

2211 3277 2434 3331 δύναται
2488 3278 2734 3347 φονεύειν
2784 3280 2875 3331 τὸν
2933 3282 3122 3351 μοιχὸν
3179 3286 3206 3336 ὁ
3262 3280 3424 3351 ἀνὴρ,
3476 3283 3569 3335 καὶ
3616 3282 3823 3336 τοῦτον

529 3373 633 3427 dali
666 3388 842 3425 causae
877 3371 1019 3423 inter
1050 3369 1301 3421 maritum
1331 3376 1384 3421 et
1409 3381 1653 3426 uxorem.
1680 3374 1733 3418 et
1774 3364 1915 3419 forte
1948 3366 2111 3419 etiam

2226 3369 2475 3439 σκηνικδν
2521 3370 2554 3438 ἢ
2593 3370 2778 3439 ἕτερον
2824 3371 3019 3439 ἄτιμον
3064 3373 3215 3429 ὅντα.
3272 3374 3383 3427 Καὶ
3427 3374 3709 3442 ἀνάγνωθι
3758 3375 3822 3426 τὸ

531 3473 590 3517 ιιι
619 3463 875 3530 procedat
902 3461 968 3514 ad
994 3460 1253 3526 injustam
1286 3458 1434 3511 illius
1470 3459 1694 3510 caulem.

2215 3458 2308 3524 κς¹
2359 3478 2485 3527 κεφ.
2520 3460 2626 3512 Τοῦ
2664 3460 2738 3524 λζ’
2786 3460 2964 3513 τίτλου
2996 3461 3086 3513 τοῦ
3124 3462 3164 3526 ξ’
3212 3462 3438 3532 βιϐλίου,
3488 3466 3550 3518 τὸ
3601 3465 3713 3529 κζ’,
3763 3471 3823 3521 τὸ

534 3554 644 3629 μοι,
703 3553 796 3629 καὶ
839 3554 1000 3619 ἔτερα
1047 3568 1173 3617 κεφ.
1238 3549 1399 3601 Ἀλλὰ
1444 3548 1675 3601 ὲκλαϐοῦ
1722 3549 1783 3601 τὸ
1840 3550 1989 3619 ῥῆμα
2032 3547 2121 3599 τοῦ
2154 3550 2311 3617 ἁγίου
2338 3552 2418 3614 είς
2448 3553 2509 3608 τὸ
2548 3553 2622 3624 μὴ
2656 3552 2913 3620 γενέσθαι
2942 3553 3010 3605 τὰ
3064 3554 3311 3622 ἐπιτίμια
3367 3556 3514 3608 αίτια
3572 3556 3819 3625 μεγάλου

534 3627 836 3694 σγανδὰλου
868 3641 1034 3709 μέσον
1071 3639 1165 3693 τοῦ
1199 3641 1392 3709 ἀνδρὸς
1424 3640 1517 3692 καὶ
1544 3640 1644 3708 τῆς
1672 3640 1951 3707 γυναικὸς,
1989 3640 2119 3701 ίσως
2140 3640 2197 3693 δὲ
2232 3643 2503 3713 προϐῆναι
2526 3647 2619 3697 καὶ
2640 3644 2799 3713 φόνον
2822 3644 3005 3698 ἄδικον
3036 3645 3156 3698 κατ’
3186 3645 3383 3714 αὐτῆς.

609 3732 862 3787 ZONAR.
899 3733 955 3786 Sl
998 3734 1228 3799 mulier,
1276 3732 1488 3801 inquit,
1543 3731 1843 3785 adulterata
1904 3730 2069 3784 fuerit
2102 3770 2115 3794 ,

541 3826 858 3893 crimenque
887 3825 1207 3879 conﬁteatur
1237 3867 1250 3889 ,
1298 3838 1535 3889 cavens,
1586 3824 1687 3878 boc
1734 3834 1816 3878 est
1874 3831 2119 3878 metuens

532 3916 771 3973 {uturum
799 3914 1080 3983 judicium,
1116 3914 1199 3967 vel
1238 3915 1396 3969 aliter
1429 3915 1674 3969 convicta
1716 3914 1877 3968 fuerit
1903 3954 1918 3979 ,
1944 3915 2110 3969 veluti

531 4005 677 4073 quod
709 4004 1033 4058 intumuerit
1060 4005 1232 4070 alvus,
1274 4014 1368 4058 aut
1394 4005 1547 4059 edito
1579 4014 1757 4073 partu,
1792 4005 1918 4058 dum
1952 4005 2113 4074 longo

533 4096 792 4163 temporis
825 4094 1117 4151 intervallo
1142 4095 1313 4162 ipsius
1352 4094 1438 4147 vir
1472 4097 1868 4165 peregrinatur,
1912 4096 2108 4164 ipsam,

534 4186 632 4250 ait,
660 4200 763 4239 non
787 4194 997 4254 oportet
1022 4186 1319 4255 publicare,
1340 4185 1443 4241 hoc
1466 4195 1572 4251 est,
1595 4201 1931 4256 nequaquam
1956 4202 2117 4255 opor-

536 4287 615 4330 tet
646 4278 816 4345 ipsam
868 4277 922 4331 ln
971 4277 1106 4332 locis
1138 4276 1319 4331 multa
1353 4275 1564 4331 luendae
1592 4316 1608 4338 ,
1640 4277 1819 4333 ﬂentis
1844 4278 2118 4344 videlicet,

2298 3737 2547 3790 ΖΩΝΛΡ.
2600 3736 2726 3791 Ἐὰν
2762 3738 2898 3807 γυνὴ
2922 3778 2937 3799 ,
2974 3739 3136 3807 φησὶ,
3176 3737 3463 3807 μοιχευθῇ,
3496 3737 3590 3789 καὶ
3620 3736 3822 3806 ἐξομο-

2225 3826 2527 3897 λογήσηται
2550 3828 2612 3880 τὸ
2646 3830 2952 3899 ἁμάρτημα
2985 3828 3357 3897 εὐλαϐουμένη
3379 3868 3392 3891 ,
3428 3828 3550 3880 ἀντὶ
3582 3828 3677 3880 τοῦ
3712 3830 3823 3880 δει-

2223 3915 2393 3969 λιῶσα
2415 3918 2513 3985 τὴν
2540 3917 2837 3987 μέλλουσαν
2860 3916 3061 3985 κρίσιν,
3086 3919 3119 3987 ἢ
3143 3916 3373 3985 ἐλεγχθῇ
3402 3916 3598 3978 ἄλλως,
3633 3910 3719 3977 οἷς
3758 3918 3814 3978 ἐξ

2221 4007 2387 4074 ὄγκου
2420 4009 2520 4077 τῆς
2543 4009 2799 4079 γαστρὸς,
2833 4008 2865 4076 ἢ
2896 4010 2960 4060 ἐκ
2988 4008 3235 4071 τοκετοῦ,
3260 4007 3554 4075 γενομένου
3589 4008 3646 4059 ὲν
3677 4009 3818 4059 ἀπο-

2222 4097 2397 4169 δημίᾳ
2428 4101 2617 4170 μακρᾷ
2655 4100 2749 4152 τοῦ
2783 4100 2975 4169 ἀνδρδς
3004 4100 3196 4168 αὐτῆς,
3232 4099 3291 4151 ού
3326 4099 3429 4169 χρὴ
3465 4098 3815 4167 δημοσιεύειν

2223 4192 2427 4262 αὐτήνο
2476 4192 2649 4262 ἦγουν
2684 4193 2746 4245 οὐ
2774 4191 2877 4261 χρὴ
2926 4193 3080 4261 ίστᾷν
3120 4192 3289 4260 αὐτὴν
3323 4194 3400 4251 είς
3452 4193 3580 4252 τοὺς
3615 4192 3812 4251 τόπους

2225 4284 2336 4335 τῶν
2370 4281 2685 4352 επιτιμίων,
2719 4282 2811 4333 τὸν
2831 4280 2925 4335 τοῦ
2963 4281 3389 4349 προσκλαίοντος
3425 4281 3691 4348 δηλονότι,
3723 4283 3810 4332 τὸν

535 4368 845 4431 audientis,
876 4379 930 4421 et
954 4370 1209 4423 substrati
1244 4368 1532 4423 collocare.
1584 4367 1679 4422 Est
1732 4369 1837 4423 hoc
1888 4384 2114 4438 namque

2227 4374 2322 4429 τοῦ
2364 4374 2741 4443 ἀκροωμένου,
2764 4373 2855 4425 τὸν
2896 4371 2990 4424 τοῦ
3037 4371 3457 4432 ὑποπίπτοντας.
3499 4370 3670 4423 Τοῦτο
3709 4371 3809 4439 γὰρ

534 4462 743 4516 crimen
786 4458 1055 4527 publicum
1103 4460 1337 4515 etiicere.
1385 4460 1488 4527 Qui
1544 4459 1688 4513 enim
1750 4460 1919 4527 ipsam
1970 4469 2122 4515 extra

534 4551 797 4604 ambitum
831 4548 1083 4604 Ecclesiae
1111 4552 1330 4615 viderit,
1366 4559 1457 4603 aut
1488 4550 1540 4603 iu
1569 4548 1862 4612 vestibulo,
1889 4560 1981 4603 aut
2001 4565 2122 4605 cum

536 4640 946 4696 catechumenis
990 4650 1326 4708 exeuntem,
1376 4651 1635 4708 agnoscet
1707 4641 1895 4709 procul
1955 4642 2120 4695 dubio

537 4730 709 4799 ipsam
748 4742 1021 4795 peccasse,
1056 4745 1121 4785 ac
1150 4745 1261 4798 prae
1298 4730 1418 4783 aliis
1465 4730 1783 4784 criminibus
1825 4729 1927 4797 ipsi
1971 4730 2125 4783 adul-

538 4824 737 4875 terium
795 4822 1161 4889 appingetur,
1210 4822 1422 4889 ipsique
1481 4822 1671 4875 mortis
1729 4836 1949 4875 causam
2009 4820 2124 4874 haec

540 4910 708 4964 multa
731 4909 1065 4964 conciliabit.
1100 4909 1158 4961 Si
1192 4923 1428 4979 namque
1480 4909 1533 4961 id
1566 4911 1645 4961 vir
1699 4910 1817 4978 ejus
1854 4924 2125 4979 cognove-

540 5002 634 5063 rit,
670 5002 811 5054 l'orte
844 5002 1016 5070 ipsam
1040 5000 1333 5055 interﬁciet
1366 5000 1560 5068 :juxta
1593 5000 1723 5053 illud
1773 4999 2081 5055 Solomonis
2110 5042 2123 5064 ,

543 5090 740 5146 Plenus
773 5092 883 5145 zelo
937 5092 1143 5145 animus
1179 5094 1274 5145 viri
1307 5093 1473 5158 ipsius
1523 5093 1562 5143 ¹.
1612 5091 1761 5145 Hanc
1814 5093 1999 5162 itaque
2050 5095 2121 5146 ob

542 5196 786 5249 causam,
816 5184 1117 5238 consistere
1156 5183 1374 5253 quidem
1405 5199 1528 5238 cum
1564 5184 1808 5238 ﬁdelibus
1837 5222 1854 5249 ,
1898 5200 1960 5239 ac
2016 5199 2122 5239 una

540 5273 749 5342 precari
783 5274 1131 5341 permittitur,
1161 5288 1346 5329 verum
1365 5289 1395 5327 a
1422 5290 1698 5330 sacrorum
1724 5275 2116 5345 mysteriorum

544 5363 960 5428 communione,
1006 5367 1186 5432 quoad
1241 5366 1511 5436 expletum
1571 5366 1737 5421 fuerit
1784 5366 2116 5435 poenitentiae

548 5460 778 5519 tempus.
811 5463 1048 5508 arcetur.

620 5538 851 5597 ARIST.
882 5541 1135 5600 Mulieres
1167 5545 1435 5604 adulterio
1461 5546 1693 5617 pollutas
1719 5588 1733 5617 ,
1765 5557 1819 5607 et
1846 5548 2124 5605 convictas

628 5719 646 5751 '
682 5718 844 5776 Prov.
876 5734 948 5778 vt.
981 5720 1071 5777 54.

2234 4461 2581 4529 δημοσιεύειν
2613 4461 2730 4512 ἐστὶ
2762 4459 2821 4512 τὸ
2854 4460 3181 4528 ἁμάρτημα.
3227 4458 3286 4510 '0
3322 4459 3430 4525 γὰρ
3468 4457 3611 4525 ὀρῶν
3644 4459 3810 4527 αὐτὴν

2231 4551 2337 4617 ἔξω
2364 4550 2471 4604 τῶν
2502 4550 2802 4619 περιϐόλων
2828 4548 2926 4618 τῆς
2959 4548 3280 4616 ἐκκλησίας,
3317 4549 3349 4616 ἢ
3382 4548 3439 4599 ὲν
3462 4548 3542 4616 τῷ
3569 4550 3806 4617 προνάῳ,

2230 4643 2264 4710 ὴ
2300 4641 2437 4709 μετὰ
2465 4639 2575 4691 τῶν
2606 4639 3034 4707 κατηχουμένων
3064 4637 3315 4701 ἐξιοῦσαν
3336 4677 3349 4700 ,
3379 4636 3651 4704 γνώσεται
3683 4641 3811 4691 πάν-

2230 4749 2335 4792 τως
2366 4730 2683 4801 ἁμαρτῆσαι
2714 4730 2885 4799 αὐτὴν
2908 4744 2924 4761 ο
2954 4730 3049 4781 καὶ
3080 4728 3186 4798 πρὸ
3223 4729 3329 4779 τῶν
3361 4728 3535 4780 ἄλλων
3564 4730 3809 4797 ἁμαρτη·

2233 4822 2420 4890 μάτων
2448 4822 2508 4872 τὸ
2532 4819 2633 4887 τῆς
2665 4818 2910 4888 μοιχείας
2938 4819 3078 4887 αὐτῇ
3104 4816 3577 4885 προσαφθήσεται,
3607 4818 3700 4869 καὶ
3721 4835 3809 4883 γεο

2230 4912 2513 4981 νήσεταιὴ
2564 4911 2881 4979 ἐπιτίμησις
2928 4910 3064 4978 αὐτῇ
3109 4908 3259 4960 αίτία
3299 4908 3556 4965 θανάτου.
3605 4909 3670 4960 Et
3706 4910 3807 4978 γὰρ

2229 5000 2343 5068 γνῷ
2388 5000 2551 5053 τοῦτο
2591 5003 2619 5051 ὁ
2660 5002 2798 5069 ἁνήρ
2837 4999 3028 5066 αὐτῆς,
3076 4998 3205 5058 ἴσως
3275 4997 3569 5048 ἀποκτενεῖ
3618 4999 3805 5066 αὑτήν.

2226 5092 2384 5149 Κατὰ
2428 5091 2537 5160 γὰρ
2588 5092 2677 5142 τὸν
2727 5088 3069 5159 Σολομῶντα,
3120 5087 3359 5151 Μεστὸς
3404 5085 3586 5151 ζήλου
3630 5091 3807 5156 θυμὸς

2227 5182 2447 5249 ἀνδρὸς
2477 5181 2690 5249 αὐτῆς.
2726 5184 2823 5234 Διὰ
2872 5179 3030 5234 τοῦτο
3075 5180 3487 5248 παραχωρείται
3530 5179 3632 5248 μὲν
3665 5182 3806 5232 συνί-

2230 5276 2461 5326 στασθαι
2522 5276 2615 5326 καὶ
2679 5273 3034 5341 συνεύχεσθαι
3098 5273 3211 5328 τοῖς
3282 5272 3536 5330 πιστοῖς,
3595 5271 3691 5339 τῆς
3752 5272 3806 5324 δι

2230 5365 2517 5428 κοινωνίας
2561 5367 2667 5418 τῶν
2712 5368 3071 5435 ἁγιασμάτων
3111 5360 3402 5422 κωλύεται,
3453 5360 3651 5431 μέχρις
3689 5361 3803 5415 ave

2233 5458 2427 5527 χρόνος
2459 5457 2559 5524 τῆς
2592 5453 2891 5526 μετανοίας
2921 5452 3262 5524 ὲκμετρηθῇ.

2314 5543 2505 5599 ’ΔΡΙΣ.
2550 5546 2997 5615 ’Ᾱδημοσιεύτους
3027 5549 3126 5619 μὲν
3155 5548 3253 5612 τὰς
3282 5547 3688 5617 μοιχευθεῖσας,
3720 5546 3809 5599 καὶ
