  <div class='ocr_page' id='page_1' title='image "/cluster/home/n/w/nwhite01/storage/ocr_20150623/138/pst.000005714544/392.png"; bbox 0 0 3946 6342; ppageno 0'>
   <div class='ocr_carea' id='block_1_1' title="bbox 251 369 362 435">
    <p class='ocr_par' dir='ltr' id='par_1_1' title="bbox 251 369 362 435">
     <span class='ocr_line' id='line_1_1' title="bbox 251 369 362 435; baseline -0.009 -1"><span class='ocrx_word' id='word_1_1' title='bbox 251 369 362 435; x_wconf 80' lang='lat'><strong>701</strong></span> 
     </span>
    </p>
   </div>
   <div class='ocr_carea' id='block_1_2' title="bbox 1219 384 2608 467">
    <p class='ocr_par' dir='ltr' id='par_1_2' title="bbox 1219 384 2608 467">
     <span class='ocr_line' id='line_1_2' title="bbox 1219 384 2608 467; baseline 0.017 -24"><span class='ocrx_word' id='word_1_2' title='bbox 1219 384 1302 446; x_wconf 73' lang='lat' dir='ltr'><strong>IN</strong></span> <span class='ocrx_word' id='word_1_3' title='bbox 1345 387 1577 449; x_wconf 85' lang='lat' dir='ltr'><strong>EPIST.</strong></span> <span class='ocrx_word' id='word_1_4' title='bbox 1612 392 1670 451; x_wconf 92' lang='lat' dir='ltr'><strong>S.</strong></span> <span class='ocrx_word' id='word_1_5' title='bbox 1716 394 2010 458; x_wconf 72' lang='lat' dir='ltr'><strong>BASILII</strong></span> <span class='ocrx_word' id='word_1_6' title='bbox 2047 401 2501 466; x_wconf 68' lang='grc' dir='ltr'><strong>(ΙΑΝΟΝΙΟᾸΜ</strong></span> <span class='ocrx_word' id='word_1_7' title='bbox 2530 408 2608 467; x_wconf 82' lang='grc' dir='ltr'><strong>ΙΙ.</strong></span> 
     </span>
    </p>
   </div>
   <div class='ocr_carea' id='block_1_3' title="bbox 3409 412 3512 475">
    <p class='ocr_par' dir='ltr' id='par_1_3' title="bbox 3409 412 3512 475">
     <span class='ocr_line' id='line_1_3' title="bbox 3409 412 3512 475; baseline 0.019 -2"><span class='ocrx_word' id='word_1_8' title='bbox 3409 412 3512 475; x_wconf 73' lang='lat'><strong>702</strong></span> 
     </span>
    </p>
   </div>
   <div class='ocr_carea' id='block_1_4' title="bbox 249 485 1845 582">
    <p class='ocr_par' dir='ltr' id='par_1_4' title="bbox 249 485 1828 572">
     <span class='ocr_line' id='line_1_4' title="bbox 249 485 1828 572; baseline 0.013 -35"><span class='ocrx_word' id='word_1_9' title='bbox 249 485 639 557; x_wconf 67' lang='grc' dir='ltr'><strong>ἐλεγχομένας,</strong></span> <span class='ocrx_word' id='word_1_10' title='bbox 665 489 984 561; x_wconf 77' lang='grc' dir='ltr'><strong>ἐγνώκαμεν</strong></span> <span class='ocrx_word' id='word_1_11' title='bbox 1011 511 1022 524; x_wconf 70' lang='grc'><strong><em>⁸</em></strong></span> <span class='ocrx_word' id='word_1_12' title='bbox 1054 494 1452 568; x_wconf 77' lang='grc' dir='ltr'>ἀκοινωνήτους</span> <span class='ocrx_word' id='word_1_13' title='bbox 1477 503 1532 555; x_wconf 76' lang='grc' dir='ltr'>δὲ</span> <span class='ocrx_word' id='word_1_14' title='bbox 1566 504 1828 572; x_wconf 75' lang='grc' dir='ltr'>ἱστῶμεν,</span> 
     </span>
    </p>
   </div>
   <div class='ocr_carea' id='block_1_5' title="bbox 1971 485 3512 582">
    <p class='ocr_par' dir='ltr' id='par_1_5' title="bbox 2009 515 3512 582">
     <span class='ocr_line' id='line_1_5' title="bbox 2009 515 3512 582; baseline 0.013 -19"><span class='ocrx_word' id='word_1_15' title='bbox 2009 515 2218 581; x_wconf 85' lang='lat' dir='ltr'><strong>publice</strong></span> <span class='ocrx_word' id='word_1_16' title='bbox 2278 535 2380 572; x_wconf 88' lang='lat' dir='ltr'><strong>non</strong></span> <span class='ocrx_word' id='word_1_17' title='bbox 2442 519 2800 574; x_wconf 76' lang='lat' dir='ltr'><strong>traducendas</strong></span> <span class='ocrx_word' id='word_1_18' title='bbox 2837 537 2955 577; x_wconf 89' lang='lat' dir='ltr'><strong>esse</strong></span> <span class='ocrx_word' id='word_1_19' title='bbox 2982 524 3248 578; x_wconf 86' lang='lat' dir='ltr'><strong>novimus.</strong></span> <span class='ocrx_word' id='word_1_20' title='bbox 3288 526 3512 582; x_wconf 73' lang='lat' dir='ltr'><strong>Exeom-</strong></span> 
     </span>
    </p>
   </div>
   <div class='ocr_carea' id='block_1_6' title="bbox 248 579 1263 658">
    <p class='ocr_par' dir='ltr' id='par_1_6' title="bbox 248 579 1263 658">
     <span class='ocr_line' id='line_1_6' title="bbox 248 579 1263 658; baseline 0.012 -27"><span class='ocrx_word' id='word_1_21' title='bbox 248 579 363 641; x_wconf 76' lang='grc' dir='ltr'>ἓως</span> <span class='ocrx_word' id='word_1_22' title='bbox 392 580 449 633; x_wconf 80' lang='grc' dir='ltr'>τὸ</span> <span class='ocrx_word' id='word_1_23' title='bbox 482 583 756 653; x_wconf 78' lang='grc' dir='ltr'>ἐπιτίμιον</span> <span class='ocrx_word' id='word_1_24' title='bbox 787 585 1263 658; x_wconf 84' lang='grc' dir='ltr'>ἀποπληρώσουσι.</span> 
     </span>
    </p>
   </div>
   <div class='ocr_carea' id='block_1_7' title="bbox 333 757 1838 844">
    <p class='ocr_par' dir='ltr' id='par_1_7' title="bbox 333 757 1838 844">
     <span class='ocr_line' id='line_1_7' title="bbox 333 757 1838 844; baseline 0.023 -37"><span class='ocrx_word' id='word_1_25' title='bbox 333 757 472 828; x_wconf 82' lang='grc' dir='ltr'>Γυνὴ</span> <span class='ocrx_word' id='word_1_26' title='bbox 516 762 901 829; x_wconf 84' lang='grc' dir='ltr'>μοιχευθεῖσα.</span> <span class='ocrx_word' id='word_1_27' title='bbox 941 767 1033 818; x_wconf 81' lang='grc' dir='ltr'>καὶ</span> <span class='ocrx_word' id='word_1_28' title='bbox 1067 767 1163 836; x_wconf 83' lang='grc' dir='ltr'><strong>τὴν</strong></span> <span class='ocrx_word' id='word_1_29' title='bbox 1199 770 1469 841; x_wconf 79' lang='grc' dir='ltr'>ἁμαρτίαν</span> <span class='ocrx_word' id='word_1_30' title='bbox 1508 776 1675 844; x_wconf 72' lang='grc' dir='ltr'>αὐτῆς</span> <span class='ocrx_word' id='word_1_31' title='bbox 1713 778 1838 844; x_wconf 63' lang='grc' dir='ltr'><strong>ἐξανο</strong></span> 
     </span>
    </p>
   </div>
   <div class='ocr_carea' id='block_1_8' title="bbox 249 852 1837 936">
    <p class='ocr_par' dir='ltr' id='par_1_8' title="bbox 249 852 1837 936">
     <span class='ocr_line' id='line_1_8' title="bbox 249 852 1837 936; baseline 0.015 -38"><span class='ocrx_word' id='word_1_32' title='bbox 249 852 568 918; x_wconf 71' lang='grc' dir='ltr'>γςρεΰσασα</span> <span class='ocrx_word' id='word_1_33' title='bbox 613 854 683 905; x_wconf 85' lang='grc' dir='ltr'>δι’</span> <span class='ocrx_word' id='word_1_34' title='bbox 732 856 1040 923; x_wconf 76' lang='grc' dir='ltr'>εὐλάϐειαν,</span> <span class='ocrx_word' id='word_1_35' title='bbox 1097 861 1129 929; x_wconf 79' lang='grc' dir='ltr'>ἢ</span> <span class='ocrx_word' id='word_1_36' title='bbox 1175 862 1350 924; x_wconf 78' lang='grc' dir='ltr'>ἄλλως</span> <span class='ocrx_word' id='word_1_37' title='bbox 1402 865 1515 928; x_wconf 87' lang='grc' dir='ltr'><strong>πῶς</strong></span> <span class='ocrx_word' id='word_1_38' title='bbox 1574 871 1724 936; x_wconf 63' lang='grc' dir='ltr'>παρὰ</span> <span class='ocrx_word' id='word_1_39' title='bbox 1759 869 1837 935; x_wconf 86' lang='grc' dir='ltr'>τῷ</span> 
     </span>
    </p>
   </div>
   <div class='ocr_carea' id='block_1_9' title="bbox 247 946 1837 1023">
    <p class='ocr_par' dir='ltr' id='par_1_9' title="bbox 247 946 1837 1023">
     <span class='ocr_line' id='line_1_9' title="bbox 247 946 1837 1023; baseline 0.013 -30"><span class='ocrx_word' id='word_1_40' title='bbox 247 947 424 1010; x_wconf 76' lang='grc' dir='ltr'>πατρὶ</span> <span class='ocrx_word' id='word_1_41' title='bbox 460 946 628 1014; x_wconf 80' lang='grc' dir='ltr'>αὐτῆς</span> <span class='ocrx_word' id='word_1_42' title='bbox 663 948 740 1017; x_wconf 82' lang='grc' dir='ltr'><strong>τῷ</strong></span> <span class='ocrx_word' id='word_1_43' title='bbox 773 952 1135 1020; x_wconf 80' lang='grc' dir='ltr'>πνευματικῷ</span> <span class='ocrx_word' id='word_1_44' title='bbox 1169 955 1486 1023; x_wconf 75' lang='grc' dir='ltr'><strong>ἐλεγχθεῖσα</strong></span> <span class='ocrx_word' id='word_1_45' title='bbox 1507 999 1520 1020; x_wconf 95' lang='grc'><strong>,</strong></span> <span class='ocrx_word' id='word_1_46' title='bbox 1553 960 1652 1011; x_wconf 73' lang='grc' dir='ltr'>οὐκ</span> <span class='ocrx_word' id='word_1_47' title='bbox 1690 961 1837 1012; x_wconf 77' lang='grc' dir='ltr'>ἑνδέ-</span> 
     </span>
    </p>
   </div>
   <div class='ocr_carea' id='block_1_10' title="bbox 246 1036 1838 1123">
    <p class='ocr_par' dir='ltr' id='par_1_10' title="bbox 246 1036 1838 1123">
     <span class='ocr_line' id='line_1_10' title="bbox 246 1036 1838 1123; baseline 0.012 -38"><span class='ocrx_word' id='word_1_48' title='bbox 246 1053 409 1102; x_wconf 75' lang='grc' dir='ltr'>χεται</span> <span class='ocrx_word' id='word_1_49' title='bbox 438 1036 879 1105; x_wconf 76' lang='grc' dir='ltr'>δημοσιεύεσθαι,</span> <span class='ocrx_word' id='word_1_50' title='bbox 910 1045 1002 1095; x_wconf 75' lang='grc' dir='ltr'><strong>καὶ</strong></span> <span class='ocrx_word' id='word_1_51' title='bbox 1040 1045 1115 1106; x_wconf 88' lang='grc' dir='ltr'><strong>ώς</strong></span> <span class='ocrx_word' id='word_1_52' title='bbox 1149 1048 1396 1115; x_wconf 68' lang='grc' dir='ltr'>μοιχαλὶς</span> <span class='ocrx_word' id='word_1_53' title='bbox 1423 1050 1502 1119; x_wconf 79' lang='grc' dir='ltr'>τῷ</span> <span class='ocrx_word' id='word_1_54' title='bbox 1539 1052 1654 1120; x_wconf 75' lang='grc' dir='ltr'>ἰδίῳ</span> <span class='ocrx_word' id='word_1_55' title='bbox 1684 1053 1838 1123; x_wconf 71' lang='grc' dir='ltr'>ἀνδρὶ</span> 
     </span>
    </p>
   </div>
   <div class='ocr_carea' id='block_1_11' title="bbox 243 1127 1834 1211">
    <p class='ocr_par' dir='ltr' id='par_1_11' title="bbox 243 1127 1834 1211">
     <span class='ocr_line' id='line_1_11' title="bbox 243 1127 1834 1211; baseline 0.014 -37"><span class='ocrx_word' id='word_1_56' title='bbox 243 1127 618 1195; x_wconf 75' lang='grc' dir='ltr'><strong>γνωρίζεσθαι</strong></span> <span class='ocrx_word' id='word_1_57' title='bbox 646 1147 660 1161; x_wconf 77' lang='grc' dir='ltr'><strong>ο</strong></span> <span class='ocrx_word' id='word_1_58' title='bbox 689 1132 775 1184; x_wconf 87' lang='grc' dir='ltr'><strong>ῖνα</strong></span> <span class='ocrx_word' id='word_1_59' title='bbox 819 1135 893 1202; x_wconf 83' lang='grc' dir='ltr'><strong>μὴ</strong></span> <span class='ocrx_word' id='word_1_60' title='bbox 923 1136 1156 1189; x_wconf 83' lang='grc' dir='ltr'>θανάτου</span> <span class='ocrx_word' id='word_1_61' title='bbox 1192 1140 1366 1191; x_wconf 73' lang='grc' dir='ltr'>αἴτιον</span> <span class='ocrx_word' id='word_1_62' title='bbox 1397 1143 1554 1194; x_wconf 78' lang='grc' dir='ltr'>τοῦτο</span> <span class='ocrx_word' id='word_1_63' title='bbox 1587 1144 1834 1211; x_wconf 80' lang='grc' dir='ltr'>γένηται.</span> 
     </span>
    </p>
   </div>
   <div class='ocr_carea' id='block_1_12' title="bbox 255 1219 1836 1300">
    <p class='ocr_par' dir='ltr' id='par_1_12' title="bbox 255 1219 1836 1300">
     <span class='ocr_line' id='line_1_12' title="bbox 255 1219 1836 1300; baseline 0.013 -32"><span class='ocrx_word' id='word_1_64' title='bbox 255 1219 650 1290; x_wconf 78' lang='grc' dir='ltr'>Ἀκ-ινώνητον</span> <span class='ocrx_word' id='word_1_65' title='bbox 708 1223 761 1274; x_wconf 87' lang='grc' dir='ltr'>δὲ</span> <span class='ocrx_word' id='word_1_66' title='bbox 821 1227 990 1295; x_wconf 78' lang='grc' dir='ltr'>αὐτὴν</span> <span class='ocrx_word' id='word_1_67' title='bbox 1058 1229 1239 1296; x_wconf 82' lang='grc' dir='ltr'>μένειν</span> <span class='ocrx_word' id='word_1_68' title='bbox 1301 1233 1729 1300; x_wconf 78' lang='grc' dir='ltr'><strong>προστάττουσιν</strong></span> <span class='ocrx_word' id='word_1_69' title='bbox 1786 1237 1836 1286; x_wconf 82' lang='grc' dir='ltr'>οι</span> 
     </span>
    </p>
   </div>
   <div class='ocr_carea' id='block_1_13' title="bbox 245 1310 1844 1395">
    <p class='ocr_par' dir='ltr' id='par_1_13' title="bbox 245 1310 1844 1395">
     <span class='ocr_line' id='line_1_13' title="bbox 245 1310 1844 1395; baseline 0.013 -36"><span class='ocrx_word' id='word_1_70' title='bbox 245 1310 516 1378; x_wconf 71' lang='grc' dir='ltr'>Γαῖέρες,</span> <span class='ocrx_word' id='word_1_71' title='bbox 546 1315 684 1381; x_wconf 81' lang='grc' dir='ltr'>μετὰ</span> <span class='ocrx_word' id='word_1_72' title='bbox 714 1317 823 1368; x_wconf 87' lang='grc' dir='ltr'><strong>τῶν</strong></span> <span class='ocrx_word' id='word_1_73' title='bbox 852 1319 1059 1371; x_wconf 80' lang='grc' dir='ltr'>πιστῶν</span> <span class='ocrx_word' id='word_1_74' title='bbox 1089 1323 1364 1387; x_wconf 86' lang='grc' dir='ltr'>γυναικῶν</span> <span class='ocrx_word' id='word_1_75' title='bbox 1397 1325 1712 1394; x_wconf 80' lang='grc' dir='ltr'>ἱσταμένην,</span> <span class='ocrx_word' id='word_1_76' title='bbox 1754 1327 1844 1395; x_wconf 85' lang='grc' dir='ltr'><strong>μέ-</strong></span> 
     </span>
    </p>
   </div>
   <div class='ocr_carea' id='block_1_14' title="bbox 241 1405 1838 1487">
    <p class='ocr_par' dir='ltr' id='par_1_14' title="bbox 241 1405 1838 1487">
     <span class='ocr_line' id='line_1_14' title="bbox 241 1405 1838 1487; baseline 0.007 -29"><span class='ocrx_word' id='word_1_77' title='bbox 241 1417 344 1468; x_wconf 64' lang='grc' dir='ltr'><strong>χρι</strong></span> <span class='ocrx_word' id='word_1_78' title='bbox 394 1405 836 1475; x_wconf 61' lang='grc' dir='ltr'>συμπληρώσεως</span> <span class='ocrx_word' id='word_1_79' title='bbox 864 1410 972 1461; x_wconf 85' lang='grc' dir='ltr'><strong>τῶν</strong></span> <span class='ocrx_word' id='word_1_80' title='bbox 1017 1413 1222 1480; x_wconf 81' lang='grc' dir='ltr'>χρόνων</span> <span class='ocrx_word' id='word_1_81' title='bbox 1256 1414 1350 1467; x_wconf 83' lang='grc' dir='ltr'>τοῦ</span> <span class='ocrx_word' id='word_1_82' title='bbox 1387 1416 1479 1467; x_wconf 75' lang='grc' dir='ltr'><strong>ἐπὶ</strong></span> <span class='ocrx_word' id='word_1_83' title='bbox 1509 1419 1575 1485; x_wconf 83' lang='grc' dir='ltr'>τῇ</span> <span class='ocrx_word' id='word_1_84' title='bbox 1627 1419 1838 1487; x_wconf 76' lang='grc' dir='ltr'>μοιχεία</span> 
     </span>
    </p>
   </div>
   <div class='ocr_carea' id='block_1_15' title="bbox 240 1493 1839 1575">
    <p class='ocr_par' dir='ltr' id='par_1_15' title="bbox 240 1493 1839 1575">
     <span class='ocr_line' id='line_1_15' title="bbox 240 1493 1839 1575; baseline 0.01 -29"><span class='ocrx_word' id='word_1_85' title='bbox 240 1493 672 1563; x_wconf 67' lang='grc' dir='ltr'>ἁμαρτήσαντος</span> <span class='ocrx_word' id='word_1_86' title='bbox 696 1517 710 1530; x_wconf 93' lang='grc'><strong>·</strong></span> <span class='ocrx_word' id='word_1_87' title='bbox 744 1503 791 1552; x_wconf 83' lang='grc' dir='ltr'><strong>εί</strong></span> <span class='ocrx_word' id='word_1_88' title='bbox 820 1502 926 1570; x_wconf 76' lang='grc' dir='ltr'>γὰρ</span> <span class='ocrx_word' id='word_1_89' title='bbox 965 1505 1100 1571; x_wconf 88' lang='grc' dir='ltr'>μετὰ</span> <span class='ocrx_word' id='word_1_90' title='bbox 1137 1507 1242 1558; x_wconf 75' lang='grc' dir='ltr'><strong>τῶν</strong></span> <span class='ocrx_word' id='word_1_91' title='bbox 1270 1508 1711 1575; x_wconf 77' lang='grc' dir='ltr'>προσκλαιόντων</span> <span class='ocrx_word' id='word_1_92' title='bbox 1743 1511 1839 1562; x_wconf 72' lang='grc' dir='ltr'>καὶ</span> 
     </span>
    </p>
   </div>
   <div class='ocr_carea' id='block_1_16' title="bbox 241 1585 1838 1670">
    <p class='ocr_par' dir='ltr' id='par_1_16' title="bbox 241 1585 1838 1670">
     <span class='ocr_line' id='line_1_16' title="bbox 241 1585 1838 1670; baseline 0.013 -36"><span class='ocrx_word' id='word_1_93' title='bbox 241 1585 362 1635; x_wconf 81' lang='grc' dir='ltr'><strong>τῶν</strong></span> <span class='ocrx_word' id='word_1_94' title='bbox 414 1588 781 1658; x_wconf 71' lang='grc' dir='ltr'>ἀκροωμένων</span> <span class='ocrx_word' id='word_1_95' title='bbox 836 1595 1188 1664; x_wconf 78' lang='grc' dir='ltr'>ταχθήσεται,</span> <span class='ocrx_word' id='word_1_96' title='bbox 1244 1599 1716 1667; x_wconf 78' lang='grc' dir='ltr'>ὐποπτευθήσεται</span> <span class='ocrx_word' id='word_1_97' title='bbox 1760 1602 1838 1670; x_wconf 86' lang='grc' dir='ltr'>τῷ</span> 
     </span>
    </p>
   </div>
   <div class='ocr_carea' id='block_1_17' title="bbox 242 1679 1377 1757">
    <p class='ocr_par' dir='ltr' id='par_1_17' title="bbox 242 1679 1377 1757">
     <span class='ocr_line' id='line_1_17' title="bbox 242 1679 1377 1757; baseline 0.013 -28"><span class='ocrx_word' id='word_1_98' title='bbox 242 1679 408 1743; x_wconf 71' lang='grc' dir='ltr'>ἀνδρὶ</span> <span class='ocrx_word' id='word_1_99' title='bbox 441 1681 629 1750; x_wconf 78' lang='grc' dir='ltr'>αὐτῆς,</span> <span class='ocrx_word' id='word_1_100' title='bbox 669 1685 761 1735; x_wconf 83' lang='grc' dir='ltr'><strong>καὶ</strong></span> <span class='ocrx_word' id='word_1_101' title='bbox 801 1686 930 1746; x_wconf 73' lang='grc' dir='ltr'>ἴσως</span> <span class='ocrx_word' id='word_1_102' title='bbox 966 1688 1377 1757; x_wconf 80' lang='grc' dir='ltr'>φονευθήσεται.</span> 
     </span>
    </p>
   </div>
   <div class='ocr_carea' id='block_1_18' title="bbox 844 1778 1242 1833">
    <p class='ocr_par' dir='ltr' id='par_1_18' title="bbox 844 1778 1242 1833">
     <span class='ocr_line' id='line_1_18' title="bbox 844 1778 1242 1833; baseline 0.01 -4"><span class='ocrx_word' id='word_1_103' title='bbox 844 1778 1082 1830; x_wconf 71' lang='lat' dir='ltr'><strong>KANQN</strong></span> <span class='ocrx_word' id='word_1_104' title='bbox 1118 1781 1242 1833; x_wconf 88' lang='lat' dir='ltr'><strong>AE&#39;.</strong></span> 
     </span>
    </p>
   </div>
   <div class='ocr_carea' id='block_1_19' title="bbox 254 1858 1836 1940">
    <p class='ocr_par' dir='ltr' id='par_1_19' title="bbox 254 1858 1836 1940">
     <span class='ocr_line' id='line_1_19' title="bbox 254 1858 1836 1940; baseline 0.009 -29"><span class='ocrx_word' id='word_1_105' title='bbox 254 1858 387 1911; x_wconf 80' lang='grc' dir='ltr'><strong>Ἐπὶ</strong></span> <span class='ocrx_word' id='word_1_106' title='bbox 427 1863 517 1913; x_wconf 72' lang='grc' dir='ltr'>τοῦ</span> <span class='ocrx_word' id='word_1_107' title='bbox 559 1864 1011 1933; x_wconf 67' lang='grc' dir='ltr'>καταλειφθέντος</span> <span class='ocrx_word' id='word_1_108' title='bbox 1040 1871 1232 1935; x_wconf 77' lang='grc' dir='ltr'>ἀνδρὸς</span> <span class='ocrx_word' id='word_1_109' title='bbox 1263 1871 1367 1924; x_wconf 85' lang='grc' dir='ltr'>ὑπὸ</span> <span class='ocrx_word' id='word_1_110' title='bbox 1406 1871 1504 1940; x_wconf 79' lang='grc' dir='ltr'>τῆς</span> <span class='ocrx_word' id='word_1_111' title='bbox 1539 1872 1836 1939; x_wconf 80' lang='grc' dir='ltr'>γυναικὸς,</span> 
     </span>
    </p>
   </div>
   <div class='ocr_carea' id='block_1_20' title="bbox 321 1953 1837 2033">
    <p class='ocr_par' dir='ltr' id='par_1_20' title="bbox 321 1953 1837 2033">
     <span class='ocr_line' id='line_1_20' title="bbox 321 1953 1837 2033; baseline 0.011 -31"><span class='ocrx_word' id='word_1_112' title='bbox 321 1953 419 2024; x_wconf 73' lang='grc' dir='ltr'>τὴν</span> <span class='ocrx_word' id='word_1_113' title='bbox 447 1956 622 2010; x_wconf 74' lang='grc' dir='ltr'>αἰτίαν</span> <span class='ocrx_word' id='word_1_114' title='bbox 661 1960 766 2028; x_wconf 80' lang='grc' dir='ltr'><strong>χρὴ</strong></span> <span class='ocrx_word' id='word_1_115' title='bbox 817 1964 1036 2013; x_wconf 83' lang='grc' dir='ltr'>σκοπεῖν</span> <span class='ocrx_word' id='word_1_116' title='bbox 1074 1963 1172 2030; x_wconf 83' lang='grc' dir='ltr'><strong>τῆς</strong></span> <span class='ocrx_word' id='word_1_117' title='bbox 1220 1965 1659 2033; x_wconf 73' lang='grc' dir='ltr'>ὲγκαταλείῲεως</span> <span class='ocrx_word' id='word_1_118' title='bbox 1685 1982 1696 1994; x_wconf 94' lang='grc'><strong>·</strong></span> <span class='ocrx_word' id='word_1_119' title='bbox 1735 1966 1837 2019; x_wconf 69' lang='grc' dir='ltr'>κᾶν</span> 
     </span>
    </p>
   </div>
   <div class='ocr_carea' id='block_1_21' title="bbox 325 2049 1838 2126">
    <p class='ocr_par' dir='ltr' id='par_1_21' title="bbox 325 2049 1838 2126">
     <span class='ocr_line' id='line_1_21' title="bbox 325 2049 1838 2126; baseline 0.008 -29"><span class='ocrx_word' id='word_1_120' title='bbox 325 2050 464 2114; x_wconf 78' lang='grc' dir='ltr'><strong>φανῇ</strong></span> <span class='ocrx_word' id='word_1_121' title='bbox 492 2049 701 2115; x_wconf 64' lang='grc' dir='ltr'>ἀλόγως</span> <span class='ocrx_word' id='word_1_122' title='bbox 725 2053 1146 2120; x_wconf 67' lang='grc' dir='ltr'>ἀναχωρήσασα,</span> <span class='ocrx_word' id='word_1_123' title='bbox 1169 2055 1196 2104; x_wconf 86' lang='grc' dir='ltr'><strong>ό</strong></span> <span class='ocrx_word' id='word_1_124' title='bbox 1219 2055 1316 2122; x_wconf 88' lang='grc' dir='ltr'>μὲν</span> <span class='ocrx_word' id='word_1_125' title='bbox 1336 2056 1665 2126; x_wconf 80' lang='grc' dir='ltr'>συγγνώμης</span> <span class='ocrx_word' id='word_1_126' title='bbox 1691 2058 1838 2109; x_wconf 73' lang='grc' dir='ltr'>ἐστὶν</span> 
     </span>
    </p>
   </div>
   <div class='ocr_carea' id='block_1_22' title="bbox 323 2135 1838 2218">
    <p class='ocr_par' dir='ltr' id='par_1_22' title="bbox 323 2135 1838 2218">
     <span class='ocr_line' id='line_1_22' title="bbox 323 2135 1838 2218; baseline 0.008 -30"><span class='ocrx_word' id='word_1_127' title='bbox 323 2135 490 2199; x_wconf 75' lang='grc' dir='ltr'>ἄξιος,</span> <span class='ocrx_word' id='word_1_128' title='bbox 525 2141 556 2207; x_wconf 86' lang='grc' dir='ltr'>ἡ</span> <span class='ocrx_word' id='word_1_129' title='bbox 587 2141 643 2190; x_wconf 76' lang='grc' dir='ltr'>δὲ</span> <span class='ocrx_word' id='word_1_130' title='bbox 675 2142 952 2209; x_wconf 79' lang='grc' dir='ltr'>ὲπ.τιμίου</span> <span class='ocrx_word' id='word_1_131' title='bbox 977 2160 992 2174; x_wconf 74' lang='grc' dir='ltr'><strong>ο</strong></span> <span class='ocrx_word' id='word_1_132' title='bbox 1022 2148 1052 2216; x_wconf 75' lang='grc' dir='ltr'><strong>ἡ</strong></span> <span class='ocrx_word' id='word_1_133' title='bbox 1081 2145 1138 2197; x_wconf 86' lang='grc' dir='ltr'>δὲ</span> <span class='ocrx_word' id='word_1_134' title='bbox 1171 2146 1474 2216; x_wconf 78' lang='grc' dir='ltr'>συγγνώμη</span> <span class='ocrx_word' id='word_1_135' title='bbox 1500 2148 1672 2217; x_wconf 84' lang='grc' dir='ltr'>τούτῳ</span> <span class='ocrx_word' id='word_1_136' title='bbox 1704 2149 1838 2218; x_wconf 79' lang='grc' dir='ltr'>πρὸς</span> 
     </span>
    </p>
   </div>
   <div class='ocr_carea' id='block_1_23' title="bbox 323 2225 1445 2304">
    <p class='ocr_par' dir='ltr' id='par_1_23' title="bbox 323 2225 1445 2304">
     <span class='ocr_line' id='line_1_23' title="bbox 323 2225 1445 2304; baseline 0.012 -29"><span class='ocrx_word' id='word_1_137' title='bbox 323 2225 383 2276; x_wconf 68' lang='grc' dir='ltr'><strong>τὸ</strong></span> <span class='ocrx_word' id='word_1_138' title='bbox 423 2232 695 2282; x_wconf 78' lang='grc' dir='ltr'>κοινωνεῖν</span> <span class='ocrx_word' id='word_1_139' title='bbox 713 2234 775 2297; x_wconf 80' lang='grc' dir='ltr'>τῇ</span> <span class='ocrx_word' id='word_1_140' title='bbox 813 2232 1109 2301; x_wconf 68' lang='grc' dir='ltr'>Ἐκκλησία</span> <span class='ocrx_word' id='word_1_141' title='bbox 1141 2235 1445 2304; x_wconf 83' lang='grc' dir='ltr'>δοθήσεται.</span> 
     </span>
    </p>
   </div>
   <div class='ocr_carea' id='block_1_24' title="bbox 327 2315 1836 2394">
    <p class='ocr_par' dir='ltr' id='par_1_24' title="bbox 327 2315 1836 2394">
     <span class='ocr_line' id='line_1_24' title="bbox 327 2315 1836 2394; baseline 0.009 -28"><span class='ocrx_word' id='word_1_142' title='bbox 327 2315 523 2370; x_wconf 72' lang='grc' dir='ltr'><strong>ΒΑΛΣ.</strong></span> <span class='ocrx_word' id='word_1_143' title='bbox 567 2319 627 2370; x_wconf 85' lang='lat'><strong>&#39;0</strong></span> <span class='ocrx_word' id='word_1_144' title='bbox 669 2321 858 2388; x_wconf 74' lang='grc' dir='ltr'>παρὼν</span> <span class='ocrx_word' id='word_1_145' title='bbox 895 2322 1070 2374; x_wconf 74' lang='grc' dir='ltr'>κανῶν</span> <span class='ocrx_word' id='word_1_146' title='bbox 1105 2325 1460 2393; x_wconf 62' lang='grc' dir='ltr'>σαφηνίζεται</span> <span class='ocrx_word' id='word_1_147' title='bbox 1493 2327 1581 2379; x_wconf 80' lang='grc' dir='ltr'>διὰ</span> <span class='ocrx_word' id='word_1_148' title='bbox 1613 2327 1713 2394; x_wconf 81' lang='grc' dir='ltr'><strong>τῆς</strong></span> <span class='ocrx_word' id='word_1_149' title='bbox 1745 2344 1836 2394; x_wconf 83' lang='grc' dir='ltr'>γε-</span> 
     </span>
    </p>
   </div>
   <div class='ocr_carea' id='block_1_25' title="bbox 244 2409 1840 2486">
    <p class='ocr_par' dir='ltr' id='par_1_25' title="bbox 244 2409 1840 2486">
     <span class='ocr_line' id='line_1_25' title="bbox 244 2409 1840 2486; baseline 0.009 -30"><span class='ocrx_word' id='word_1_150' title='bbox 244 2409 486 2476; x_wconf 73' lang='grc' dir='ltr'>νομένης</span> <span class='ocrx_word' id='word_1_151' title='bbox 520 2412 649 2479; x_wconf 83' lang='grc' dir='ltr'>παρ’</span> <span class='ocrx_word' id='word_1_152' title='bbox 681 2413 837 2478; x_wconf 77' lang='grc' dir='ltr'>ἡμῶν</span> <span class='ocrx_word' id='word_1_153' title='bbox 865 2415 1160 2480; x_wconf 78' lang='grc' dir='ltr'>ἑρμηνείας</span> <span class='ocrx_word' id='word_1_154' title='bbox 1202 2417 1258 2466; x_wconf 84' lang='grc' dir='ltr'><strong>ἐν</strong></span> <span class='ocrx_word' id='word_1_155' title='bbox 1289 2416 1366 2486; x_wconf 81' lang='grc' dir='ltr'>τῷ</span> <span class='ocrx_word' id='word_1_156' title='bbox 1404 2419 1489 2479; x_wconf 55' lang='lat' dir='ltr'><strong>at?</strong></span> <span class='ocrx_word' id='word_1_157' title='bbox 1521 2419 1706 2471; x_wconf 80' lang='grc' dir='ltr'>κανόνι</span> <span class='ocrx_word' id='word_1_158' title='bbox 1740 2419 1840 2486; x_wconf 77' lang='grc' dir='ltr'><strong>τῆς</strong></span> 
     </span>
    </p>
   </div>
   <div class='ocr_carea' id='block_1_26' title="bbox 243 2501 1841 2577">
    <p class='ocr_par' dir='ltr' id='par_1_26' title="bbox 243 2501 1841 2577">
     <span class='ocr_line' id='line_1_26' title="bbox 243 2501 1841 2577; baseline 0.008 -27"><span class='ocrx_word' id='word_1_159' title='bbox 243 2501 311 2550; x_wconf 77' lang='grc' dir='ltr'>ὲν</span> <span class='ocrx_word' id='word_1_160' title='bbox 351 2501 426 2565; x_wconf 81' lang='grc' dir='ltr'><strong>τῷ</strong></span> <span class='ocrx_word' id='word_1_161' title='bbox 460 2502 715 2570; x_wconf 74' lang='grc' dir='ltr'>Τρούλλῳ</span> <span class='ocrx_word' id='word_1_162' title='bbox 758 2506 974 2556; x_wconf 69' lang='grc' dir='ltr'>συνῦῗου</span> <span class='ocrx_word' id='word_1_163' title='bbox 1000 2546 1013 2564; x_wconf 89' lang='grc'><strong>,</strong></span> <span class='ocrx_word' id='word_1_164' title='bbox 1053 2510 1145 2557; x_wconf 73' lang='grc' dir='ltr'>καὶ</span> <span class='ocrx_word' id='word_1_165' title='bbox 1177 2509 1450 2575; x_wconf 80' lang='grc' dir='ltr'>ἀνάγνωθι</span> <span class='ocrx_word' id='word_1_166' title='bbox 1476 2511 1681 2577; x_wconf 81' lang='grc' dir='ltr'>ταύτην</span> <span class='ocrx_word' id='word_1_167' title='bbox 1705 2552 1717 2573; x_wconf 96' lang='grc'><strong>,</strong></span> <span class='ocrx_word' id='word_1_168' title='bbox 1750 2511 1841 2563; x_wconf 77' lang='grc' dir='ltr'><strong>καὶ</strong></span> 
     </span>
    </p>
   </div>
   <div class='ocr_carea' id='block_1_27' title="bbox 245 2593 1660 2669">
    <p class='ocr_par' dir='ltr' id='par_1_27' title="bbox 245 2593 1660 2669">
     <span class='ocr_line' id='line_1_27' title="bbox 245 2593 1660 2669; baseline 0.008 -25"><span class='ocrx_word' id='word_1_169' title='bbox 245 2594 347 2644; x_wconf 76' lang='grc' dir='ltr'><strong>τὸν</strong></span> <span class='ocrx_word' id='word_1_170' title='bbox 387 2593 431 2645; x_wconf 77' lang='grc' dir='ltr'>θ’</span> <span class='ocrx_word' id='word_1_171' title='bbox 458 2596 655 2646; x_wconf 77' lang='grc' dir='ltr'>κανόνα</span> <span class='ocrx_word' id='word_1_172' title='bbox 686 2597 778 2648; x_wconf 85' lang='grc' dir='ltr'>τοῦ</span> <span class='ocrx_word' id='word_1_173' title='bbox 812 2599 966 2665; x_wconf 81' lang='grc' dir='ltr'>ἁγίου</span> <span class='ocrx_word' id='word_1_174' title='bbox 1010 2601 1272 2669; x_wconf 81' lang='grc' dir='ltr'>Πατὲρος,</span> <span class='ocrx_word' id='word_1_175' title='bbox 1309 2603 1521 2653; x_wconf 73' lang='grc' dir='ltr'>καὶτὸν</span> <span class='ocrx_word' id='word_1_176' title='bbox 1558 2602 1660 2655; x_wconf 87' lang='grc' dir='ltr'>κα’.</span> 
     </span>
    </p>
   </div>
   <div class='ocr_carea' id='block_1_28' title="bbox 330 2685 1842 2761">
    <p class='ocr_par' dir='ltr' id='par_1_28' title="bbox 330 2685 1842 2761">
     <span class='ocr_line' id='line_1_28' title="bbox 330 2685 1842 2761; baseline 0.006 -26"><span class='ocrx_word' id='word_1_177' title='bbox 330 2685 572 2738; x_wconf 74' lang='grc' dir='ltr'><strong>ΖΩΝΑΡ.</strong></span> <span class='ocrx_word' id='word_1_178' title='bbox 623 2687 685 2738; x_wconf 79' lang='grc' dir='ltr'><strong>ἸΙ</strong></span> <span class='ocrx_word' id='word_1_179' title='bbox 733 2690 821 2739; x_wconf 77' lang='grc' dir='ltr'><strong>τὸν</strong></span> <span class='ocrx_word' id='word_1_180' title='bbox 857 2691 1052 2742; x_wconf 85' lang='grc' dir='ltr'>οἰκεῖον</span> <span class='ocrx_word' id='word_1_181' title='bbox 1098 2691 1475 2758; x_wconf 70' lang='grc' dir='ltr'>καταλείψασα</span> <span class='ocrx_word' id='word_1_182' title='bbox 1517 2692 1707 2761; x_wconf 81' lang='grc' dir='ltr'>ἄνδρα,</span> <span class='ocrx_word' id='word_1_183' title='bbox 1749 2692 1842 2744; x_wconf 79' lang='grc' dir='ltr'><strong>ἐὰν</strong></span> 
     </span>
    </p>
   </div>
   <div class='ocr_carea' id='block_1_29' title="bbox 251 2777 1844 2852">
    <p class='ocr_par' dir='ltr' id='par_1_29' title="bbox 251 2777 1844 2852">
     <span class='ocr_line' id='line_1_29' title="bbox 251 2777 1844 2852; baseline 0.006 -25"><span class='ocrx_word' id='word_1_184' title='bbox 251 2777 428 2843; x_wconf 66' lang='grc' dir='ltr'>χωρὶς</span> <span class='ocrx_word' id='word_1_185' title='bbox 458 2778 684 2840; x_wconf 77' lang='grc' dir='ltr'>εὐλόγου</span> <span class='ocrx_word' id='word_1_186' title='bbox 723 2781 903 2842; x_wconf 70' lang='grc' dir='ltr'>αἰτίας</span> <span class='ocrx_word' id='word_1_187' title='bbox 942 2783 1292 2852; x_wconf 82' lang='grc' dir='ltr'>ἀναχωρήσῃ,</span> <span class='ocrx_word' id='word_1_188' title='bbox 1331 2784 1694 2852; x_wconf 74' lang='grc' dir='ltr'>ἐπιτιμᾶται·</span> <span class='ocrx_word' id='word_1_189' title='bbox 1729 2785 1756 2834; x_wconf 91' lang='grc' dir='ltr'><strong>ό</strong></span> <span class='ocrx_word' id='word_1_190' title='bbox 1787 2783 1844 2836; x_wconf 80' lang='grc' dir='ltr'>δὲ</span> 
     </span>
    </p>
   </div>
   <div class='ocr_carea' id='block_1_30' title="bbox 252 2869 1838 2944">
    <p class='ocr_par' dir='ltr' id='par_1_30' title="bbox 252 2869 1838 2944">
     <span class='ocr_line' id='line_1_30' title="bbox 252 2869 1838 2944; baseline 0.003 -25"><span class='ocrx_word' id='word_1_191' title='bbox 252 2869 402 2937; x_wconf 80' lang='grc' dir='ltr'>ἀνὴρ</span> <span class='ocrx_word' id='word_1_192' title='bbox 449 2872 921 2938; x_wconf 79' lang='grc' dir='ltr'>συγγινώσκεται·</span> <span class='ocrx_word' id='word_1_193' title='bbox 965 2874 1061 2942; x_wconf 81' lang='grc' dir='ltr'><strong>οὐχ</strong></span> <span class='ocrx_word' id='word_1_194' title='bbox 1112 2873 1251 2925; x_wconf 79' lang='grc' dir='ltr'>ὥστε</span> <span class='ocrx_word' id='word_1_195' title='bbox 1301 2874 1474 2942; x_wconf 79' lang='grc' dir='ltr'>ἑτέρῳ</span> <span class='ocrx_word' id='word_1_196' title='bbox 1517 2874 1838 2944; x_wconf 80' lang='grc' dir='ltr'>κεχρῆσθαι,</span> 
     </span>
    </p>
   </div>
   <div class='ocr_carea' id='block_1_31' title="bbox 250 2962 1844 3036">
    <p class='ocr_par' dir='ltr' id='par_1_31' title="bbox 250 2962 1844 3036">
     <span class='ocr_line' id='line_1_31' title="bbox 250 2962 1844 3036; baseline 0.003 -22"><span class='ocrx_word' id='word_1_197' title='bbox 250 2962 376 3014; x_wconf 82' lang='grc' dir='ltr'>ἀλλ’</span> <span class='ocrx_word' id='word_1_198' title='bbox 409 2962 546 3015; x_wconf 75' lang='grc' dir='ltr'>ὥστε</span> <span class='ocrx_word' id='word_1_199' title='bbox 583 2966 679 3031; x_wconf 78' lang='grc' dir='ltr'>τῆς</span> <span class='ocrx_word' id='word_1_200' title='bbox 721 2965 1047 3034; x_wconf 80' lang='grc' dir='ltr'>Ἐκκλησίας</span> <span class='ocrx_word' id='word_1_201' title='bbox 1083 2968 1155 3036; x_wconf 85' lang='grc' dir='ltr'>μὴ</span> <span class='ocrx_word' id='word_1_202' title='bbox 1181 2965 1538 3035; x_wconf 82' lang='grc' dir='ltr'>χωρισθῆναι.</span> <span class='ocrx_word' id='word_1_203' title='bbox 1586 2967 1675 3019; x_wconf 84' lang='grc' dir='ltr'>Ἐν</span> <span class='ocrx_word' id='word_1_204' title='bbox 1696 2966 1749 3018; x_wconf 79' lang='grc' dir='ltr'>δὲ</span> <span class='ocrx_word' id='word_1_205' title='bbox 1767 2967 1844 3035; x_wconf 80' lang='grc' dir='ltr'>τῷ</span> 
     </span>
    </p>
   </div>
   <div class='ocr_carea' id='block_1_32' title="bbox 252 3054 1843 3127">
    <p class='ocr_par' dir='ltr' id='par_1_32' title="bbox 252 3054 1843 3127">
     <span class='ocr_line' id='line_1_32' title="bbox 252 3054 1843 3127; baseline 0.003 -20"><span class='ocrx_word' id='word_1_206' title='bbox 252 3054 308 3107; x_wconf 86' lang='lat'><strong>0&#39;</strong></span> <span class='ocrx_word' id='word_1_207' title='bbox 345 3056 620 3124; x_wconf 58' lang='grc' dir='ltr'>κεφαλαίῳ</span> <span class='ocrx_word' id='word_1_208' title='bbox 653 3060 679 3110; x_wconf 88' lang='grc' dir='ltr'>ὁ</span> <span class='ocrx_word' id='word_1_209' title='bbox 706 3059 859 3124; x_wconf 75' lang='grc' dir='ltr'>ἅγιος</span> <span class='ocrx_word' id='word_1_210' title='bbox 889 3055 1064 3121; x_wconf 72' lang='grc' dir='ltr'>οὗτος,</span> <span class='ocrx_word' id='word_1_211' title='bbox 1099 3058 1225 3111; x_wconf 75' lang='grc' dir='ltr'>οὔτε</span> <span class='ocrx_word' id='word_1_212' title='bbox 1261 3058 1321 3110; x_wconf 83' lang='grc' dir='ltr'><strong>τὸ</strong></span> <span class='ocrx_word' id='word_1_213' title='bbox 1358 3057 1659 3110; x_wconf 86' lang='grc' dir='ltr'>τύπτεσθαι</span> <span class='ocrx_word' id='word_1_214' title='bbox 1693 3060 1843 3127; x_wconf 75' lang='grc' dir='ltr'>παρὰ</span> 
     </span>
    </p>
   </div>
   <div class='ocr_carea' id='block_1_33' title="bbox 2015 607 3512 682">
    <p class='ocr_par' dir='ltr' id='par_1_33' title="bbox 2015 607 3512 682">
     <span class='ocr_line' id='line_1_33' title="bbox 2015 607 3512 682; baseline 0.009 -28"><span class='ocrx_word' id='word_1_215' title='bbox 2015 607 2319 660; x_wconf 85' lang='lat' dir='ltr'><strong>municatas</strong></span> <span class='ocrx_word' id='word_1_216' title='bbox 2376 622 2503 661; x_wconf 87' lang='lat' dir='ltr'><strong>vero</strong></span> <span class='ocrx_word' id='word_1_217' title='bbox 2559 609 2868 671; x_wconf 81' lang='lat' dir='ltr'><strong>statuimus,</strong></span> <span class='ocrx_word' id='word_1_218' title='bbox 2895 627 3060 679; x_wconf 88' lang='lat' dir='ltr'><strong>usque</strong></span> <span class='ocrx_word' id='word_1_219' title='bbox 3111 615 3234 666; x_wconf 90' lang='lat' dir='ltr'><strong>dum</strong></span> <span class='ocrx_word' id='word_1_220' title='bbox 3295 630 3512 682; x_wconf 73' lang='lat' dir='ltr'><strong>pmnam</strong></span> 
     </span>
    </p>
   </div>
   <div class='ocr_carea' id='block_1_34' title="bbox 2011 695 2363 760">
    <p class='ocr_par' dir='ltr' id='par_1_34' title="bbox 2011 695 2363 760">
     <span class='ocr_line' id='line_1_34' title="bbox 2011 695 2363 760; baseline 0.009 -17"><span class='ocrx_word' id='word_1_221' title='bbox 2011 695 2363 760; x_wconf 77' lang='lat' dir='ltr'><strong>expleverint.</strong></span> 
     </span>
    </p>
   </div>
   <div class='ocr_carea' id='block_1_35' title="bbox 2013 784 3507 859">
    <p class='ocr_par' dir='ltr' id='par_1_35' title="bbox 2013 784 3507 859">
     <span class='ocr_line' id='line_1_35' title="bbox 2013 784 3507 859; baseline 0.006 -23"><span class='ocrx_word' id='word_1_222' title='bbox 2013 784 2204 838; x_wconf 87' lang='lat' dir='ltr'><strong>Mulier</strong></span> <span class='ocrx_word' id='word_1_223' title='bbox 2222 787 2542 851; x_wconf 87' lang='lat' dir='ltr'><strong>adulterata,</strong></span> <span class='ocrx_word' id='word_1_224' title='bbox 2573 799 2626 842; x_wconf 87' lang='lat' dir='ltr'><strong>et</strong></span> <span class='ocrx_word' id='word_1_225' title='bbox 2655 791 2725 844; x_wconf 90' lang='lat' dir='ltr'><strong>ob</strong></span> <span class='ocrx_word' id='word_1_226' title='bbox 2755 790 3005 859; x_wconf 85' lang='lat' dir='ltr'><strong>pietatem</strong></span> <span class='ocrx_word' id='word_1_227' title='bbox 3039 803 3314 858; x_wconf 87' lang='lat' dir='ltr'><strong>peccatum</strong></span> <span class='ocrx_word' id='word_1_228' title='bbox 3353 809 3507 846; x_wconf 78' lang='lat' dir='ltr'><strong>suum</strong></span> 
     </span>
    </p>
   </div>
   <div class='ocr_carea' id='block_1_36' title="bbox 1939 877 3510 953">
    <p class='ocr_par' dir='ltr' id='par_1_36' title="bbox 1939 877 3510 953">
     <span class='ocr_line' id='line_1_36' title="bbox 1939 877 3510 953; baseline 0.006 -23"><span class='ocrx_word' id='word_1_229' title='bbox 1939 877 2184 931; x_wconf 81' lang='lat' dir='ltr'><strong>ceut&#39;essa</strong></span> <span class='ocrx_word' id='word_1_230' title='bbox 2214 919 2228 942; x_wconf 93' lang='lat'><strong>,</strong></span> <span class='ocrx_word' id='word_1_231' title='bbox 2269 881 2348 932; x_wconf 85' lang='lat' dir='ltr'><strong>vel</strong></span> <span class='ocrx_word' id='word_1_232' title='bbox 2408 882 2564 934; x_wconf 87' lang='lat' dir='ltr'><strong>aliter</strong></span> <span class='ocrx_word' id='word_1_233' title='bbox 2614 884 3098 952; x_wconf 77' lang='lat' dir='ltr'><strong>quomodocunque</strong></span> <span class='ocrx_word' id='word_1_234' title='bbox 3144 900 3171 936; x_wconf 87' lang='lat' dir='ltr'><strong>a</strong></span> <span class='ocrx_word' id='word_1_235' title='bbox 3221 896 3369 953; x_wconf 84' lang='lat' dir='ltr'><strong>patre</strong></span> <span class='ocrx_word' id='word_1_236' title='bbox 3415 901 3510 939; x_wconf 91' lang='lat' dir='ltr'><strong>suo</strong></span> 
     </span>
    </p>
   </div>
   <div class='ocr_carea' id='block_1_37' title="bbox 1939 973 3511 1048">
    <p class='ocr_par' dir='ltr' id='par_1_37' title="bbox 1939 973 3511 1048">
     <span class='ocr_line' id='line_1_37' title="bbox 1939 973 3511 1048; baseline 0.006 -25"><span class='ocrx_word' id='word_1_237' title='bbox 1939 973 2205 1038; x_wconf 84' lang='lat' dir='ltr'><strong>spirituali</strong></span> <span class='ocrx_word' id='word_1_238' title='bbox 2235 976 2512 1040; x_wconf 86' lang='lat' dir='ltr'><strong>convicta,</strong></span> <span class='ocrx_word' id='word_1_239' title='bbox 2565 993 2671 1030; x_wconf 90' lang='lat' dir='ltr'><strong>non</strong></span> <span class='ocrx_word' id='word_1_240' title='bbox 2719 978 2874 1031; x_wconf 85' lang='lat' dir='ltr'><strong>debet</strong></span> <span class='ocrx_word' id='word_1_241' title='bbox 2942 978 3248 1045; x_wconf 83' lang='lat' dir='ltr'><strong>publicari,</strong></span> <span class='ocrx_word' id='word_1_242' title='bbox 3305 989 3359 1032; x_wconf 89' lang='lat' dir='ltr'><strong>et</strong></span> <span class='ocrx_word' id='word_1_243' title='bbox 3416 995 3511 1048; x_wconf 90' lang='lat' dir='ltr'><strong>pro</strong></span> 
     </span>
    </p>
   </div>
   <div class='ocr_carea' id='block_1_38' title="bbox 1940 1064 3510 1135">
    <p class='ocr_par' dir='ltr' id='par_1_38' title="bbox 1940 1064 3510 1135">
     <span class='ocr_line' id='line_1_38' title="bbox 1940 1064 3510 1135; baseline 0.003 -19"><span class='ocrx_word' id='word_1_244' title='bbox 1940 1064 2179 1119; x_wconf 88' lang='lat' dir='ltr'><strong>adultera</strong></span> <span class='ocrx_word' id='word_1_245' title='bbox 2217 1082 2243 1116; x_wconf 84' lang='lat' dir='ltr'><strong>a</strong></span> <span class='ocrx_word' id='word_1_246' title='bbox 2279 1068 2393 1119; x_wconf 87' lang='lat' dir='ltr'><strong>viro</strong></span> <span class='ocrx_word' id='word_1_247' title='bbox 2426 1083 2522 1121; x_wconf 87' lang='lat' dir='ltr'><strong>suo</strong></span> <span class='ocrx_word' id='word_1_248' title='bbox 2551 1069 2800 1135; x_wconf 76' lang='lat' dir='ltr'><strong>cognosci</strong></span> <span class='ocrx_word' id='word_1_249' title='bbox 2835 1088 2845 1121; x_wconf 92' lang='lat'>:</span> <span class='ocrx_word' id='word_1_250' title='bbox 2880 1085 2945 1122; x_wconf 87' lang='lat' dir='ltr'><strong>ne</strong></span> <span class='ocrx_word' id='word_1_251' title='bbox 2977 1068 3104 1121; x_wconf 86' lang='lat' dir='ltr'><strong>illud</strong></span> <span class='ocrx_word' id='word_1_252' title='bbox 3136 1070 3321 1119; x_wconf 75' lang='lat' dir='ltr'><strong>mortis</strong></span> <span class='ocrx_word' id='word_1_253' title='bbox 3350 1083 3510 1120; x_wconf 81' lang='lat' dir='ltr'><strong>causa</strong></span> 
     </span>
    </p>
   </div>
   <div class='ocr_carea' id='block_1_39' title="bbox 1940 1156 3513 1226">
    <p class='ocr_par' dir='ltr' id='par_1_39' title="bbox 1940 1156 3513 1226">
     <span class='ocr_line' id='line_1_39' title="bbox 1940 1156 3513 1226; baseline -0.001 -18"><span class='ocrx_word' id='word_1_254' title='bbox 1940 1156 2053 1210; x_wconf 82' lang='lat' dir='ltr'><strong>ﬁat.</strong></span> <span class='ocrx_word' id='word_1_255' title='bbox 2089 1158 2154 1210; x_wconf 83' lang='lat' dir='ltr'><strong>At</strong></span> <span class='ocrx_word' id='word_1_256' title='bbox 2180 1173 2296 1211; x_wconf 83' lang='lat' dir='ltr'><strong>eam</strong></span> <span class='ocrx_word' id='word_1_257' title='bbox 2321 1159 2840 1213; x_wconf 80' lang='lat' dir='ltr'><strong>excommunicatam</strong></span> <span class='ocrx_word' id='word_1_258' title='bbox 2866 1174 3083 1212; x_wconf 63' lang='lat' dir='ltr'><strong>numera</strong></span> <span class='ocrx_word' id='word_1_259' title='bbox 3110 1159 3295 1226; x_wconf 79' lang='lat' dir='ltr'><strong>jubent</strong></span> <span class='ocrx_word' id='word_1_260' title='bbox 3330 1158 3513 1211; x_wconf 86' lang='lat' dir='ltr'><strong>Patres</strong></span> 
     </span>
    </p>
   </div>
   <div class='ocr_carea' id='block_1_40' title="bbox 1938 1248 3511 1314">
    <p class='ocr_par' dir='ltr' id='par_1_40' title="bbox 1938 1248 3511 1314">
     <span class='ocr_line' id='line_1_40' title="bbox 1938 1248 3511 1314; baseline -0.001 -14"><span class='ocrx_word' id='word_1_261' title='bbox 1938 1261 2060 1300; x_wconf 91' lang='lat' dir='ltr'><strong>cum</strong></span> <span class='ocrx_word' id='word_1_262' title='bbox 2093 1248 2336 1301; x_wconf 82' lang='lat' dir='ltr'><strong>ﬁdelibus</strong></span> <span class='ocrx_word' id='word_1_263' title='bbox 2359 1250 2672 1303; x_wconf 74' lang='lat' dir='ltr'><strong>ntulit-ribus</strong></span> <span class='ocrx_word' id='word_1_264' title='bbox 2701 1258 2931 1303; x_wconf 79' lang='lat' dir='ltr'><strong>stantem</strong></span> <span class='ocrx_word' id='word_1_265' title='bbox 2959 1290 2973 1308; x_wconf 86' lang='lat'><strong>,</strong></span> <span class='ocrx_word' id='word_1_266' title='bbox 3029 1251 3200 1302; x_wconf 89' lang='lat' dir='ltr'><strong>donec</strong></span> <span class='ocrx_word' id='word_1_267' title='bbox 3256 1257 3469 1314; x_wconf 79' lang='lat' dir='ltr'><strong>tempus</strong></span> <span class='ocrx_word' id='word_1_268' title='bbox 3495 1285 3511 1311; x_wconf 91' lang='lat'><strong>,</strong></span> 
     </span>
    </p>
   </div>
   <div class='ocr_carea' id='block_1_41' title="bbox 1939 1339 3510 1407">
    <p class='ocr_par' dir='ltr' id='par_1_41' title="bbox 1939 1339 3510 1407">
     <span class='ocr_line' id='line_1_41' title="bbox 1939 1339 3510 1407; baseline -0.001 -16"><span class='ocrx_word' id='word_1_269' title='bbox 1939 1340 1987 1392; x_wconf 91' lang='lat' dir='ltr'><strong>ei</strong></span> <span class='ocrx_word' id='word_1_270' title='bbox 2021 1342 2108 1407; x_wconf 87' lang='lat' dir='ltr'><strong>qtti</strong></span> <span class='ocrx_word' id='word_1_271' title='bbox 2145 1341 2497 1395; x_wconf 80' lang='lat' dir='ltr'><strong>fornicatione</strong></span> <span class='ocrx_word' id='word_1_272' title='bbox 2528 1342 2830 1406; x_wconf 82' lang='lat' dir='ltr'><strong>peccaverit</strong></span> <span class='ocrx_word' id='word_1_273' title='bbox 2856 1345 3205 1396; x_wconf 77' lang='lat' dir='ltr'><strong>constitutum</strong></span> <span class='ocrx_word' id='word_1_274' title='bbox 3239 1380 3253 1404; x_wconf 95' lang='lat'><strong>,</strong></span> <span class='ocrx_word' id='word_1_275' title='bbox 3287 1339 3510 1406; x_wconf 83' lang='lat' dir='ltr'><strong>implea-</strong></span> 
     </span>
    </p>
   </div>
   <div class='ocr_carea' id='block_1_42' title="bbox 1941 1431 3500 1486">
    <p class='ocr_par' dir='ltr' id='par_1_42' title="bbox 1941 1431 3500 1486">
     <span class='ocr_line' id='line_1_42' title="bbox 1941 1431 3500 1486; baseline 0 -4"><span class='ocrx_word' id='word_1_276' title='bbox 1941 1440 2042 1484; x_wconf 89' lang='lat' dir='ltr'><strong>tur.</strong></span> <span class='ocrx_word' id='word_1_277' title='bbox 2074 1431 2126 1486; x_wconf 88' lang='lat' dir='ltr'><strong>Si</strong></span> <span class='ocrx_word' id='word_1_278' title='bbox 2161 1431 2304 1485; x_wconf 88' lang='lat' dir='ltr'><strong>enim</strong></span> <span class='ocrx_word' id='word_1_279' title='bbox 2343 1448 2464 1486; x_wconf 86' lang='lat' dir='ltr'><strong>cum</strong></span> <span class='ocrx_word' id='word_1_280' title='bbox 2493 1432 2812 1485; x_wconf 66' lang='lat' dir='ltr'><strong>dedentibus</strong></span> <span class='ocrx_word' id='word_1_281' title='bbox 2850 1443 2904 1486; x_wconf 88' lang='lat' dir='ltr'><strong>et</strong></span> <span class='ocrx_word' id='word_1_282' title='bbox 2949 1433 3293 1485; x_wconf 71' lang='lat' dir='ltr'><strong>audientibus</strong></span> <span class='ocrx_word' id='word_1_283' title='bbox 3327 1431 3500 1484; x_wconf 88' lang='lat' dir='ltr'><strong>collo-</strong></span> 
     </span>
    </p>
   </div>
   <div class='ocr_carea' id='block_1_43' title="bbox 1940 1522 3515 1592">
    <p class='ocr_par' dir='ltr' id='par_1_43' title="bbox 1940 1522 3515 1592">
     <span class='ocr_line' id='line_1_43' title="bbox 1940 1522 3515 1592; baseline 0.002 -18"><span class='ocrx_word' id='word_1_284' title='bbox 1940 1522 2173 1586; x_wconf 87' lang='lat' dir='ltr'><strong>cabitur,</strong></span> <span class='ocrx_word' id='word_1_285' title='bbox 2205 1524 2320 1576; x_wconf 91' lang='lat' dir='ltr'><strong>viro</strong></span> <span class='ocrx_word' id='word_1_286' title='bbox 2352 1537 2450 1576; x_wconf 87' lang='lat' dir='ltr'><strong>suo</strong></span> <span class='ocrx_word' id='word_1_287' title='bbox 2479 1525 2531 1576; x_wconf 91' lang='lat' dir='ltr'><strong>in</strong></span> <span class='ocrx_word' id='word_1_288' title='bbox 2565 1524 2927 1592; x_wconf 82' lang='lat' dir='ltr'><strong>suspicionem</strong></span> <span class='ocrx_word' id='word_1_289' title='bbox 2965 1525 3163 1589; x_wconf 82' lang='lat' dir='ltr'><strong>veniet,</strong></span> <span class='ocrx_word' id='word_1_290' title='bbox 3199 1534 3252 1578; x_wconf 88' lang='lat' dir='ltr'><strong>et</strong></span> <span class='ocrx_word' id='word_1_291' title='bbox 3284 1523 3515 1578; x_wconf 78' lang='lat' dir='ltr'><strong>fortasse</strong></span> 
     </span>
    </p>
   </div>
   <div class='ocr_carea' id='block_1_44' title="bbox 1941 1614 2238 1666">
    <p class='ocr_par' dir='ltr' id='par_1_44' title="bbox 1941 1614 2238 1666">
     <span class='ocr_line' id='line_1_44' title="bbox 1941 1614 2238 1666; baseline 0.007 -2"><span class='ocrx_word' id='word_1_292' title='bbox 1941 1614 2238 1666; x_wconf 75' lang='lat' dir='ltr'><strong>occidetur.</strong></span> 
     </span>
    </p>
   </div>
   <div class='ocr_carea' id='block_1_45' title="bbox 2489 1793 2968 1849">
    <p class='ocr_par' dir='ltr' id='par_1_45' title="bbox 2489 1793 2968 1849">
     <span class='ocr_line' id='line_1_45' title="bbox 2489 1793 2968 1849; baseline 0.006 -3"><span class='ocrx_word' id='word_1_293' title='bbox 2489 1793 2719 1848; x_wconf 73' lang='lat' dir='ltr'><strong>CANON</strong></span> <span class='ocrx_word' id='word_1_294' title='bbox 2751 1793 2968 1849; x_wconf 80' lang='lat' dir='ltr'><strong>XXXV.</strong></span> 
     </span>
    </p>
   </div>
   <div class='ocr_carea' id='block_1_46' title="bbox 1942 1884 3516 1953">
    <p class='ocr_par' dir='ltr' id='par_1_46' title="bbox 1942 1884 3516 1953">
     <span class='ocr_line' id='line_1_46' title="bbox 1942 1884 3516 1953; baseline 0.003 -16"><span class='ocrx_word' id='word_1_295' title='bbox 1942 1884 1999 1937; x_wconf 84' lang='lat' dir='ltr'><strong>in</strong></span> <span class='ocrx_word' id='word_1_296' title='bbox 2031 1884 2243 1949; x_wconf 89' lang='lat' dir='ltr'><strong>marito,</strong></span> <span class='ocrx_word' id='word_1_297' title='bbox 2298 1886 2388 1953; x_wconf 87' lang='lat' dir='ltr'><strong>qui</strong></span> <span class='ocrx_word' id='word_1_298' title='bbox 2425 1887 2490 1938; x_wconf 85' lang='lat' dir='ltr'><strong>ab</strong></span> <span class='ocrx_word' id='word_1_299' title='bbox 2553 1901 2722 1939; x_wconf 84' lang='lat' dir='ltr'><strong>uxore</strong></span> <span class='ocrx_word' id='word_1_300' title='bbox 2762 1887 2984 1940; x_wconf 88' lang='lat' dir='ltr'><strong>relictus</strong></span> <span class='ocrx_word' id='word_1_301' title='bbox 3013 1897 3115 1947; x_wconf 85' lang='lat' dir='ltr'><strong>est.</strong></span> <span class='ocrx_word' id='word_1_302' title='bbox 3149 1887 3516 1942; x_wconf 84' lang='lat' dir='ltr'><strong>derelictiouis</strong></span> 
     </span>
    </p>
   </div>
   <div class='ocr_carea' id='block_1_47' title="bbox 1970 1983 3511 2050">
    <p class='ocr_par' dir='ltr' id='par_1_47' title="bbox 1970 1983 3511 2050">
     <span class='ocr_line' id='line_1_47' title="bbox 1970 1983 3511 2050; baseline 0.002 -17"><span class='ocrx_word' id='word_1_303' title='bbox 1970 1993 1976 1997; x_wconf 68' lang='lat'><strong>‘</strong></span> <span class='ocrx_word' id='word_1_304' title='bbox 2013 1997 2230 2036; x_wconf 81' lang='lat' dir='ltr'><strong>causam</strong></span> <span class='ocrx_word' id='word_1_305' title='bbox 2293 1983 2640 2037; x_wconf 80' lang='lat' dir='ltr'><strong>considerare</strong></span> <span class='ocrx_word' id='word_1_306' title='bbox 2669 1993 2912 2050; x_wconf 85' lang='lat' dir='ltr'><strong>oportet;</strong></span> <span class='ocrx_word' id='word_1_307' title='bbox 2955 1983 3054 2036; x_wconf 85' lang='lat' dir='ltr'><strong>etsi</strong></span> <span class='ocrx_word' id='word_1_308' title='bbox 3102 1991 3298 2049; x_wconf 69' lang='lat' dir='ltr'><strong>prmter</strong></span> <span class='ocrx_word' id='word_1_309' title='bbox 3349 1984 3511 2036; x_wconf 88' lang='lat' dir='ltr'><strong>ratio-</strong></span> 
     </span>
    </p>
   </div>
   <div class='ocr_carea' id='block_1_48' title="bbox 2013 2072 3514 2141">
    <p class='ocr_par' dir='ltr' id='par_1_48' title="bbox 2013 2072 3514 2141">
     <span class='ocr_line' id='line_1_48' title="bbox 2013 2072 3514 2141; baseline 0.001 -17"><span class='ocrx_word' id='word_1_310' title='bbox 2013 2088 2132 2126; x_wconf 91' lang='lat' dir='ltr'><strong>nem</strong></span> <span class='ocrx_word' id='word_1_311' title='bbox 2193 2086 2312 2124; x_wconf 87' lang='lat' dir='ltr'><strong>eam</strong></span> <span class='ocrx_word' id='word_1_312' title='bbox 2400 2073 2691 2126; x_wconf 82' lang='lat' dir='ltr'><strong>secessisse</strong></span> <span class='ocrx_word' id='word_1_313' title='bbox 2741 2073 3092 2141; x_wconf 83' lang='lat' dir='ltr'><strong>apparuerit,</strong></span> <span class='ocrx_word' id='word_1_314' title='bbox 3160 2072 3252 2126; x_wconf 86' lang='lat' dir='ltr'><strong>ille</strong></span> <span class='ocrx_word' id='word_1_315' title='bbox 3301 2073 3514 2138; x_wconf 78' lang='lat' dir='ltr'><strong>quidem</strong></span> 
     </span>
    </p>
   </div>
   <div class='ocr_carea' id='block_1_49' title="bbox 2012 2164 3513 2234">
    <p class='ocr_par' dir='ltr' id='par_1_49' title="bbox 2012 2164 3513 2234">
     <span class='ocr_line' id='line_1_49' title="bbox 2012 2164 3513 2234; baseline 0 -15"><span class='ocrx_word' id='word_1_316' title='bbox 2012 2166 2205 2234; x_wconf 79' lang='lat' dir='ltr'><strong>dignus</strong></span> <span class='ocrx_word' id='word_1_317' title='bbox 2237 2166 2392 2218; x_wconf 88' lang='lat' dir='ltr'><strong>venia</strong></span> <span class='ocrx_word' id='word_1_318' title='bbox 2456 2173 2559 2230; x_wconf 76' lang='lat' dir='ltr'><strong>est,</strong></span> <span class='ocrx_word' id='word_1_319' title='bbox 2616 2165 2707 2219; x_wconf 86' lang='lat' dir='ltr'><strong>illa</strong></span> <span class='ocrx_word' id='word_1_320' title='bbox 2741 2181 2864 2218; x_wconf 85' lang='lat' dir='ltr'><strong>vero</strong></span> <span class='ocrx_word' id='word_1_321' title='bbox 2895 2179 3067 2232; x_wconf 75' lang='lat' dir='ltr'><strong>pceua.</strong></span> <span class='ocrx_word' id='word_1_322' title='bbox 3107 2164 3163 2217; x_wconf 92' lang='lat' dir='ltr'><strong>Ei</strong></span> <span class='ocrx_word' id='word_1_323' title='bbox 3200 2175 3378 2217; x_wconf 88' lang='lat' dir='ltr'><strong>autem</strong></span> <span class='ocrx_word' id='word_1_324' title='bbox 3411 2179 3513 2219; x_wconf 82' lang='lat' dir='ltr'><strong>ve-</strong></span> 
     </span>
    </p>
   </div>
   <div class='ocr_carea' id='block_1_50' title="bbox 2018 2256 3182 2320">
    <p class='ocr_par' dir='ltr' id='par_1_50' title="bbox 2018 2256 3182 2320">
     <span class='ocr_line' id='line_1_50' title="bbox 2018 2256 3182 2320; baseline -0.001 -10"><span class='ocrx_word' id='word_1_325' title='bbox 2018 2259 2127 2320; x_wconf 82' lang='lat' dir='ltr'><strong>nia,</strong></span> <span class='ocrx_word' id='word_1_326' title='bbox 2162 2266 2218 2308; x_wconf 91' lang='lat' dir='ltr'><strong>ut</strong></span> <span class='ocrx_word' id='word_1_327' title='bbox 2246 2256 2501 2310; x_wconf 78' lang='lat' dir='ltr'><strong>Ecclesiae</strong></span> <span class='ocrx_word' id='word_1_328' title='bbox 2528 2257 2912 2318; x_wconf 85' lang='lat' dir='ltr'><strong>communicet,</strong></span> <span class='ocrx_word' id='word_1_329' title='bbox 2948 2256 3182 2309; x_wconf 88' lang='lat' dir='ltr'><strong>dabitur.</strong></span> 
     </span>
    </p>
   </div>
   <div class='ocr_carea' id='block_1_51' title="bbox 2013 2343 3519 2412">
    <p class='ocr_par' dir='ltr' id='par_1_51' title="bbox 2013 2343 3519 2412">
     <span class='ocr_line' id='line_1_51' title="bbox 2013 2343 3519 2412; baseline -0.005 -10"><span class='ocrx_word' id='word_1_330' title='bbox 2013 2349 2207 2403; x_wconf 78' lang='lat' dir='ltr'><strong>BALS.</strong></span> <span class='ocrx_word' id='word_1_331' title='bbox 2249 2349 2492 2402; x_wconf 51' lang='lat' dir='ltr'><strong>Praesens</strong></span> <span class='ocrx_word' id='word_1_332' title='bbox 2537 2363 2710 2402; x_wconf 89' lang='lat' dir='ltr'><strong>canon</strong></span> <span class='ocrx_word' id='word_1_333' title='bbox 2757 2347 3062 2402; x_wconf 74' lang='lat' dir='ltr'><strong>declaratur</strong></span> <span class='ocrx_word' id='word_1_334' title='bbox 3105 2361 3198 2412; x_wconf 89' lang='lat' dir='ltr'><strong>per</strong></span> <span class='ocrx_word' id='word_1_335' title='bbox 3239 2343 3438 2399; x_wconf 84' lang='lat' dir='ltr'><strong>factum</strong></span> <span class='ocrx_word' id='word_1_336' title='bbox 3488 2357 3519 2395; x_wconf 85' lang='lat' dir='ltr'><strong>a</strong></span> 
     </span>
    </p>
   </div>
   <div class='ocr_carea' id='block_1_52' title="bbox 1943 2435 3518 2509">
    <p class='ocr_par' dir='ltr' id='par_1_52' title="bbox 1943 2435 3518 2509">
     <span class='ocr_line' id='line_1_52' title="bbox 1943 2435 3518 2509; baseline -0.005 -14"><span class='ocrx_word' id='word_1_337' title='bbox 1943 2442 2100 2495; x_wconf 80' lang='lat' dir='ltr'><strong>nobis</strong></span> <span class='ocrx_word' id='word_1_338' title='bbox 2174 2441 2670 2509; x_wconf 85' lang='lat' dir='ltr'><strong>interpretationem</strong></span> <span class='ocrx_word' id='word_1_339' title='bbox 2731 2441 2781 2494; x_wconf 88' lang='lat' dir='ltr'><strong>itt</strong></span> <span class='ocrx_word' id='word_1_340' title='bbox 2838 2453 3011 2492; x_wconf 85' lang='lat' dir='ltr'><strong>canon</strong></span> <span class='ocrx_word' id='word_1_341' title='bbox 3074 2437 3140 2490; x_wconf 88' lang='lat'><strong>87</strong></span> <span class='ocrx_word' id='word_1_342' title='bbox 3210 2435 3400 2506; x_wconf 82' lang='lat' dir='ltr'><strong>synod.</strong></span> <span class='ocrx_word' id='word_1_343' title='bbox 3466 2435 3518 2488; x_wconf 90' lang='lat' dir='ltr'><strong>in</strong></span> 
     </span>
    </p>
   </div>
   <div class='ocr_carea' id='block_1_53' title="bbox 1943 2527 3514 2603">
    <p class='ocr_par' dir='ltr' id='par_1_53' title="bbox 1943 2527 3514 2603">
     <span class='ocr_line' id='line_1_53' title="bbox 1943 2527 3514 2603; baseline -0.005 -15"><span class='ocrx_word' id='word_1_344' title='bbox 1943 2534 2146 2588; x_wconf 86' lang='lat' dir='ltr'><strong>Trullo.</strong></span> <span class='ocrx_word' id='word_1_345' title='bbox 2185 2532 2248 2586; x_wconf 92' lang='lat' dir='ltr'><strong>Et</strong></span> <span class='ocrx_word' id='word_1_346' title='bbox 2295 2534 2410 2603; x_wconf 73' lang='lat' dir='ltr'><strong>lege</strong></span> <span class='ocrx_word' id='word_1_347' title='bbox 2452 2549 2569 2587; x_wconf 81' lang='lat' dir='ltr'><strong>eam</strong></span> <span class='ocrx_word' id='word_1_348' title='bbox 2625 2542 2678 2585; x_wconf 87' lang='lat' dir='ltr'><strong>et</strong></span> <span class='ocrx_word' id='word_1_349' title='bbox 2742 2547 2935 2584; x_wconf 87' lang='lat' dir='ltr'><strong>canon.</strong></span> <span class='ocrx_word' id='word_1_350' title='bbox 2987 2530 3020 2583; x_wconf 90' lang='lat'><strong>9</strong></span> <span class='ocrx_word' id='word_1_351' title='bbox 3066 2531 3238 2582; x_wconf 87' lang='lat' dir='ltr'><strong>sancti</strong></span> <span class='ocrx_word' id='word_1_352' title='bbox 3298 2527 3472 2582; x_wconf 81' lang='lat' dir='ltr'><strong>Patris</strong></span> <span class='ocrx_word' id='word_1_353' title='bbox 3500 2567 3514 2590; x_wconf 91' lang='lat'><strong>,</strong></span> 
     </span>
    </p>
   </div>
   <div class='ocr_carea' id='block_1_54' title="bbox 1943 2628 2114 2682">
    <p class='ocr_par' dir='ltr' id='par_1_54' title="bbox 1943 2628 2114 2682">
     <span class='ocr_line' id='line_1_54' title="bbox 1943 2628 2114 2682; baseline -0.018 0"><span class='ocrx_word' id='word_1_354' title='bbox 1943 2644 1992 2682; x_wconf 86' lang='lat' dir='ltr'><strong>et</strong></span> <span class='ocrx_word' id='word_1_355' title='bbox 2022 2628 2114 2680; x_wconf 72' lang='lat'><strong>21.</strong></span> 
     </span>
    </p>
   </div>
   <div class='ocr_carea' id='block_1_55' title="bbox 2013 2710 3519 2785">
    <p class='ocr_par' dir='ltr' id='par_1_55' title="bbox 2013 2710 3519 2785">
     <span class='ocr_line' id='line_1_55' title="bbox 2013 2710 3519 2785; baseline -0.008 -9"><span class='ocrx_word' id='word_1_356' title='bbox 2013 2720 2267 2777; x_wconf 62' lang='lat' dir='ltr'><strong>ZONAR.</strong></span> <span class='ocrx_word' id='word_1_357' title='bbox 2302 2721 2432 2785; x_wconf 69' lang='lat' dir='ltr'><strong>Quae</strong></span> <span class='ocrx_word' id='word_1_358' title='bbox 2491 2718 2664 2770; x_wconf 82' lang='lat' dir='ltr'><strong>virum</strong></span> <span class='ocrx_word' id='word_1_359' title='bbox 2723 2729 2877 2768; x_wconf 90' lang='lat' dir='ltr'><strong>suum</strong></span> <span class='ocrx_word' id='word_1_360' title='bbox 2933 2712 3192 2779; x_wconf 87' lang='lat' dir='ltr'><strong>reliquit,</strong></span> <span class='ocrx_word' id='word_1_361' title='bbox 3251 2710 3519 2776; x_wconf 83' lang='lat' dir='ltr'><strong>siquidem</strong></span> 
     </span>
    </p>
   </div>
   <div class='ocr_carea' id='block_1_56' title="bbox 1943 2802 3521 2882">
    <p class='ocr_par' dir='ltr' id='par_1_56' title="bbox 1943 2802 3521 2882">
     <span class='ocr_line' id='line_1_56' title="bbox 1943 2802 3521 2882; baseline -0.01 -16"><span class='ocrx_word' id='word_1_362' title='bbox 1943 2815 2144 2880; x_wconf 80' lang='lat' dir='ltr'><strong>absque</strong></span> <span class='ocrx_word' id='word_1_363' title='bbox 2169 2815 2312 2882; x_wconf 86' lang='lat' dir='ltr'><strong>justa</strong></span> <span class='ocrx_word' id='word_1_364' title='bbox 2345 2824 2506 2864; x_wconf 87' lang='lat' dir='ltr'><strong>causa</strong></span> <span class='ocrx_word' id='word_1_365' title='bbox 2551 2805 2862 2869; x_wconf 81' lang='lat' dir='ltr'><strong>secesserit,</strong></span> <span class='ocrx_word' id='word_1_366' title='bbox 2915 2802 3172 2854; x_wconf 90' lang='lat' dir='ltr'><strong>multatttr</strong></span> <span class='ocrx_word' id='word_1_367' title='bbox 3201 2817 3217 2854; x_wconf 90' lang='lat'><strong><em>:</em></strong></span> <span class='ocrx_word' id='word_1_368' title='bbox 3251 2803 3370 2855; x_wconf 87' lang='lat' dir='ltr'><strong>viro</strong></span> <span class='ocrx_word' id='word_1_369' title='bbox 3422 2815 3521 2851; x_wconf 84' lang='lat' dir='ltr'><strong>au-</strong></span> 
     </span>
    </p>
   </div>
   <div class='ocr_carea' id='block_1_57' title="bbox 1945 2892 3521 2973">
    <p class='ocr_par' dir='ltr' id='par_1_57' title="bbox 1945 2892 3521 2973">
     <span class='ocr_line' id='line_1_57' title="bbox 1945 2892 3521 2973; baseline -0.011 -13"><span class='ocrx_word' id='word_1_370' title='bbox 1945 2916 2051 2961; x_wconf 83' lang='lat' dir='ltr'><strong>tem</strong></span> <span class='ocrx_word' id='word_1_371' title='bbox 2082 2904 2411 2973; x_wconf 81' lang='lat' dir='ltr'><strong>ignoscitur:</strong></span> <span class='ocrx_word' id='word_1_372' title='bbox 2439 2916 2543 2954; x_wconf 91' lang='lat' dir='ltr'><strong>non</strong></span> <span class='ocrx_word' id='word_1_373' title='bbox 2577 2898 2795 2966; x_wconf 89' lang='lat' dir='ltr'><strong>quidem</strong></span> <span class='ocrx_word' id='word_1_374' title='bbox 2827 2903 2883 2947; x_wconf 88' lang='lat' dir='ltr'><strong>ttt</strong></span> <span class='ocrx_word' id='word_1_375' title='bbox 2911 2895 3013 2946; x_wconf 83' lang='lat' dir='ltr'><strong>alia</strong></span> <span class='ocrx_word' id='word_1_376' title='bbox 3053 2892 3130 2945; x_wconf 87' lang='lat' dir='ltr'><strong>uti</strong></span> <span class='ocrx_word' id='word_1_377' title='bbox 3181 2892 3371 2953; x_wconf 88' lang='lat' dir='ltr'><strong>liceat,</strong></span> <span class='ocrx_word' id='word_1_378' title='bbox 3426 2905 3521 2943; x_wconf 79' lang='lat' dir='ltr'><strong>ve-</strong></span> 
     </span>
    </p>
   </div>
   <div class='ocr_carea' id='block_1_58' title="bbox 1947 2981 3521 3052">
    <p class='ocr_par' dir='ltr' id='par_1_58' title="bbox 1947 2981 3521 3052">
     <span class='ocr_line' id='line_1_58' title="bbox 1947 2981 3521 3052; baseline -0.012 0"><span class='ocrx_word' id='word_1_379' title='bbox 1947 3013 2060 3052; x_wconf 90' lang='lat' dir='ltr'><strong>rum</strong></span> <span class='ocrx_word' id='word_1_380' title='bbox 2085 3006 2142 3049; x_wconf 91' lang='lat' dir='ltr'><strong>ut</strong></span> <span class='ocrx_word' id='word_1_381' title='bbox 2171 2995 2236 3048; x_wconf 86' lang='lat' dir='ltr'><strong>ab</strong></span> <span class='ocrx_word' id='word_1_382' title='bbox 2269 2994 2506 3047; x_wconf 83' lang='lat' dir='ltr'><strong>Ecclesia</strong></span> <span class='ocrx_word' id='word_1_383' title='bbox 2541 2990 2763 3043; x_wconf 87' lang='lat' dir='ltr'><strong>minime</strong></span> <span class='ocrx_word' id='word_1_384' title='bbox 2797 2998 3133 3052; x_wconf 73' lang='lat' dir='ltr'><strong>segregetnr.</strong></span> <span class='ocrx_word' id='word_1_385' title='bbox 3173 2981 3329 3036; x_wconf 85' lang='lat' dir='ltr'><strong>Nono</strong></span> <span class='ocrx_word' id='word_1_386' title='bbox 3359 2996 3521 3047; x_wconf 88' lang='lat' dir='ltr'><strong>porro</strong></span> 
     </span>
    </p>
   </div>
   <div class='ocr_carea' id='block_1_59' title="bbox 1946 3072 3517 3154">
    <p class='ocr_par' dir='ltr' id='par_1_59' title="bbox 1946 3072 3517 3154">
     <span class='ocr_line' id='line_1_59' title="bbox 1946 3072 3517 3154; baseline -0.011 -13"><span class='ocrx_word' id='word_1_387' title='bbox 1946 3088 2120 3154; x_wconf 87' lang='lat' dir='ltr'><strong>capite</strong></span> <span class='ocrx_word' id='word_1_388' title='bbox 2149 3088 2235 3138; x_wconf 86' lang='lat' dir='ltr'><strong>hic</strong></span> <span class='ocrx_word' id='word_1_389' title='bbox 2257 3094 2477 3138; x_wconf 88' lang='lat' dir='ltr'><strong>sanctus</strong></span> <span class='ocrx_word' id='word_1_390' title='bbox 2501 3082 2602 3144; x_wconf 85' lang='lat' dir='ltr'><strong>vir,</strong></span> <span class='ocrx_word' id='word_1_391' title='bbox 2628 3093 2799 3147; x_wconf 89' lang='lat' dir='ltr'><strong>neque</strong></span> <span class='ocrx_word' id='word_1_392' title='bbox 2820 3075 2962 3146; x_wconf 87' lang='lat' dir='ltr'><strong>quod</strong></span> <span class='ocrx_word' id='word_1_393' title='bbox 2988 3090 3015 3127; x_wconf 90' lang='lat' dir='ltr'><strong>a</strong></span> <span class='ocrx_word' id='word_1_394' title='bbox 3041 3075 3159 3126; x_wconf 89' lang='lat' dir='ltr'><strong>viro</strong></span> <span class='ocrx_word' id='word_1_395' title='bbox 3184 3072 3517 3133; x_wconf 86' lang='lat' dir='ltr'><strong>verberetur,</strong></span> 
     </span>
    </p>
   </div>
   <div class='ocr_carea' id='block_1_60' title="bbox 250 3145 1845 3248">
    <p class='ocr_par' dir='ltr' id='par_1_60' title="bbox 250 3145 1842 3218">
     <span class='ocr_line' id='line_1_60' title="bbox 250 3145 1842 3218; baseline 0.001 -20"><span class='ocrx_word' id='word_1_396' title='bbox 250 3145 354 3199; x_wconf 79' lang='grc' dir='ltr'>τοῦ</span> <span class='ocrx_word' id='word_1_397' title='bbox 397 3148 606 3217; x_wconf 76' lang='grc' dir='ltr'>ἀνδρὸς,</span> <span class='ocrx_word' id='word_1_398' title='bbox 655 3147 779 3200; x_wconf 74' lang='grc' dir='ltr'>οὔτε</span> <span class='ocrx_word' id='word_1_399' title='bbox 816 3153 877 3200; x_wconf 79' lang='grc' dir='ltr'>τὸ</span> <span class='ocrx_word' id='word_1_400' title='bbox 922 3152 997 3210; x_wconf 81' lang='grc' dir='ltr'><strong>είς</strong></span> <span class='ocrx_word' id='word_1_401' title='bbox 1039 3150 1293 3218; x_wconf 85' lang='grc' dir='ltr'>χρήματα</span> <span class='ocrx_word' id='word_1_402' title='bbox 1337 3147 1685 3216; x_wconf 80' lang='grc' dir='ltr'>ζημιοῦσθαι.</span> <span class='ocrx_word' id='word_1_403' title='bbox 1730 3148 1842 3200; x_wconf 74' lang='grc' dir='ltr'>ἀλλ’</span> 
     </span>
    </p>
   </div>
   <div class='ocr_carea' id='block_1_61' title="bbox 1971 3145 3520 3248">
    <p class='ocr_par' dir='ltr' id='par_1_61' title="bbox 1971 3145 3520 3248">
     <span class='ocr_line' id='line_1_61' title="bbox 1971 3145 3520 3248; baseline -0.013 -15"><span class='ocrx_word' id='word_1_404' title='bbox 1971 3145 2126 3248; x_wconf 74' lang='lat' dir='ltr'><strong>teque</strong></span> <span class='ocrx_word' id='word_1_405' title='bbox 2167 3176 2308 3244; x_wconf 92' lang='lat' dir='ltr'><strong>quod</strong></span> <span class='ocrx_word' id='word_1_406' title='bbox 2349 3178 2614 3241; x_wconf 86' lang='lat' dir='ltr'><strong>jacturam</strong></span> <span class='ocrx_word' id='word_1_407' title='bbox 2660 3170 3012 3237; x_wconf 88' lang='lat' dir='ltr'><strong>pecuniarum</strong></span> <span class='ocrx_word' id='word_1_408' title='bbox 3060 3164 3366 3228; x_wconf 85' lang='lat' dir='ltr'><strong>sustineat,</strong></span> <span class='ocrx_word' id='word_1_409' title='bbox 3411 3162 3520 3215; x_wconf 89' lang='lat' dir='ltr'><strong>imo</strong></span> 
     </span>
    </p>
   </div>
   <div class='ocr_carea' id='block_1_62' title="bbox 247 3239 1839 3309">
    <p class='ocr_par' dir='ltr' id='par_1_62' title="bbox 247 3239 1839 3309">
     <span class='ocr_line' id='line_1_62' title="bbox 247 3239 1839 3309; baseline -0.003 -15"><span class='ocrx_word' id='word_1_410' title='bbox 247 3240 377 3294; x_wconf 83' lang='grc' dir='ltr'>οὐδὲ</span> <span class='ocrx_word' id='word_1_411' title='bbox 419 3240 477 3292; x_wconf 72' lang='grc' dir='ltr'>τὸ</span> <span class='ocrx_word' id='word_1_412' title='bbox 523 3242 806 3309; x_wconf 78' lang='grc' dir='ltr'>πορνεύειν</span> <span class='ocrx_word' id='word_1_413' title='bbox 852 3243 981 3302; x_wconf 72' lang='grc' dir='ltr'>ἴσως</span> <span class='ocrx_word' id='word_1_414' title='bbox 1017 3241 1107 3293; x_wconf 73' lang='grc' dir='ltr'><strong>τὸν</strong></span> <span class='ocrx_word' id='word_1_415' title='bbox 1132 3240 1320 3308; x_wconf 77' lang='grc' dir='ltr'>ἄνδρα,</span> <span class='ocrx_word' id='word_1_416' title='bbox 1368 3239 1620 3305; x_wconf 75' lang='grc' dir='ltr'>εὐλόγους</span> <span class='ocrx_word' id='word_1_417' title='bbox 1662 3239 1839 3302; x_wconf 69' lang='grc' dir='ltr'>αἰτίας</span> 
     </span>
    </p>
   </div>
   <div class='ocr_carea' id='block_1_63' title="bbox 251 3329 1841 3402">
    <p class='ocr_par' dir='ltr' id='par_1_63' title="bbox 251 3329 1841 3402">
     <span class='ocr_line' id='line_1_63' title="bbox 251 3329 1841 3402; baseline -0.001 -19"><span class='ocrx_word' id='word_1_418' title='bbox 251 3335 472 3396; x_wconf 73' lang='grc' dir='ltr'>ἔκρινεν</span> <span class='ocrx_word' id='word_1_419' title='bbox 497 3334 574 3394; x_wconf 84' lang='grc' dir='ltr'>εἰς</span> <span class='ocrx_word' id='word_1_420' title='bbox 604 3335 662 3384; x_wconf 75' lang='grc' dir='ltr'>τὸ</span> <span class='ocrx_word' id='word_1_421' title='bbox 682 3333 983 3402; x_wconf 73' lang='grc' dir='ltr'>ἀποστῆναι</span> <span class='ocrx_word' id='word_1_422' title='bbox 1007 3332 1103 3400; x_wconf 74' lang='grc' dir='ltr'><strong>τὴν</strong></span> <span class='ocrx_word' id='word_1_423' title='bbox 1130 3334 1356 3399; x_wconf 84' lang='grc' dir='ltr'>γυναῖκα</span> <span class='ocrx_word' id='word_1_424' title='bbox 1377 3329 1467 3381; x_wconf 80' lang='grc' dir='ltr'>τοῦ</span> <span class='ocrx_word' id='word_1_425' title='bbox 1494 3330 1695 3398; x_wconf 78' lang='grc' dir='ltr'>γάμο),</span> <span class='ocrx_word' id='word_1_426' title='bbox 1721 3330 1841 3382; x_wconf 75' lang='grc' dir='ltr'>οὐδὲ</span> 
     </span>
    </p>
   </div>
   <div class='ocr_carea' id='block_1_64' title="bbox 255 3420 1107 3492">
    <p class='ocr_par' dir='ltr' id='par_1_64' title="bbox 255 3420 1107 3492">
     <span class='ocr_line' id='line_1_64' title="bbox 255 3420 1107 3492; baseline 0.004 -19"><span class='ocrx_word' id='word_1_427' title='bbox 255 3424 370 3492; x_wconf 79' lang='grc' dir='ltr'>μὴν</span> <span class='ocrx_word' id='word_1_428' title='bbox 403 3423 461 3474; x_wconf 79' lang='grc' dir='ltr'><strong>τὸ</strong></span> <span class='ocrx_word' id='word_1_429' title='bbox 493 3424 722 3474; x_wconf 77' lang='grc' dir='ltr'>ἄπιστον</span> <span class='ocrx_word' id='word_1_430' title='bbox 757 3424 918 3474; x_wconf 85' lang='grc' dir='ltr'>αὑτὸν</span> <span class='ocrx_word' id='word_1_431' title='bbox 945 3420 1107 3476; x_wconf 76' lang='grc' dir='ltr'>εἶναι.</span> 
     </span>
    </p>
   </div>
   <div class='ocr_carea' id='block_1_65' title="bbox 346 3513 1843 3584">
    <p class='ocr_par' dir='ltr' id='par_1_65' title="bbox 346 3513 1843 3584">
     <span class='ocr_line' id='line_1_65' title="bbox 346 3513 1843 3584; baseline 0 -18"><span class='ocrx_word' id='word_1_432' title='bbox 346 3515 583 3570; x_wconf 75' lang='grc' dir='ltr'><strong>ἈΡΙΣΤ.</strong></span> <span class='ocrx_word' id='word_1_433' title='bbox 637 3518 762 3568; x_wconf 73' lang='grc' dir='ltr'><strong>Ἐὰν</strong></span> <span class='ocrx_word' id='word_1_434' title='bbox 799 3515 1008 3583; x_wconf 78' lang='grc' dir='ltr'>ἀλόγως</span> <span class='ocrx_word' id='word_1_435' title='bbox 1038 3514 1390 3584; x_wconf 82' lang='grc' dir='ltr'>ἀνεχώρησεν</span> <span class='ocrx_word' id='word_1_436' title='bbox 1429 3514 1461 3581; x_wconf 75' lang='grc' dir='ltr'>ἡ</span> <span class='ocrx_word' id='word_1_437' title='bbox 1495 3513 1669 3582; x_wconf 78' lang='grc' dir='ltr'>γυνὴ,</span> <span class='ocrx_word' id='word_1_438' title='bbox 1705 3514 1843 3584; x_wconf 83' lang='grc' dir='ltr'>αὐτὴ</span> 
     </span>
    </p>
   </div>
   <div class='ocr_carea' id='block_1_66' title="bbox 257 3608 840 3677">
    <p class='ocr_par' dir='ltr' id='par_1_66' title="bbox 257 3608 840 3677">
     <span class='ocr_line' id='line_1_66' title="bbox 257 3608 840 3677; baseline 0.002 -19"><span class='ocrx_word' id='word_1_439' title='bbox 257 3608 365 3677; x_wconf 76' lang='grc' dir='ltr'><strong>μὲν</strong></span> <span class='ocrx_word' id='word_1_440' title='bbox 397 3609 495 3660; x_wconf 83' lang='grc' dir='ltr'><strong>οὐκ</strong></span> <span class='ocrx_word' id='word_1_441' title='bbox 527 3608 840 3670; x_wconf 77' lang='grc' dir='ltr'>ἀνεύθυνος.</span> 
     </span>
    </p>
   </div>
   <div class='ocr_carea' id='block_1_67' title="bbox 341 3700 1840 3770">
    <p class='ocr_par' dir='ltr' id='par_1_67' title="bbox 341 3700 1840 3770">
     <span class='ocr_line' id='line_1_67' title="bbox 341 3700 1840 3770; baseline -0.002 -17"><span class='ocrx_word' id='word_1_442' title='bbox 341 3700 406 3753; x_wconf 84' lang='grc' dir='ltr'><strong>Ἦ</strong></span> <span class='ocrx_word' id='word_1_443' title='bbox 448 3701 821 3754; x_wconf 81' lang='grc' dir='ltr'>καταλιποῦσα</span> <span class='ocrx_word' id='word_1_444' title='bbox 854 3701 946 3753; x_wconf 74' lang='grc' dir='ltr'>τὸν</span> <span class='ocrx_word' id='word_1_445' title='bbox 984 3703 1112 3755; x_wconf 81' lang='grc' dir='ltr'>ι’διον</span> <span class='ocrx_word' id='word_1_446' title='bbox 1149 3702 1338 3770; x_wconf 76' lang='grc' dir='ltr'>ἄνδρα,</span> <span class='ocrx_word' id='word_1_447' title='bbox 1387 3703 1482 3755; x_wconf 69' lang='grc' dir='ltr'>καὶ</span> <span class='ocrx_word' id='word_1_448' title='bbox 1520 3703 1579 3766; x_wconf 77' lang='grc' dir='ltr'><strong>ἐξ</strong></span> <span class='ocrx_word' id='word_1_449' title='bbox 1629 3701 1840 3754; x_wconf 79' lang='grc' dir='ltr'>ἐκείνου</span> 
     </span>
    </p>
   </div>
   <div class='ocr_carea' id='block_1_68' title="bbox 255 3790 1846 3862">
    <p class='ocr_par' dir='ltr' id='par_1_68' title="bbox 255 3790 1846 3862">
     <span class='ocr_line' id='line_1_68' title="bbox 255 3790 1846 3862; baseline -0.001 -19"><span class='ocrx_word' id='word_1_450' title='bbox 255 3790 472 3856; x_wconf 77' lang='grc' dir='ltr'>ἀλόγως</span> <span class='ocrx_word' id='word_1_451' title='bbox 529 3793 969 3860; x_wconf 81' lang='grc' dir='ltr'>ἀναχωρήσασα,</span> <span class='ocrx_word' id='word_1_452' title='bbox 1029 3794 1086 3844; x_wconf 78' lang='grc' dir='ltr'>ἐν</span> <span class='ocrx_word' id='word_1_453' title='bbox 1141 3794 1442 3862; x_wconf 76' lang='grc' dir='ltr'>ἐπιτιμίοις</span> <span class='ocrx_word' id='word_1_454' title='bbox 1506 3792 1692 3845; x_wconf 75' lang='grc' dir='ltr'>ἔσται·</span> <span class='ocrx_word' id='word_1_455' title='bbox 1746 3791 1846 3844; x_wconf 76' lang='grc' dir='ltr'>καὶ</span> 
     </span>
    </p>
   </div>
   <div class='ocr_carea' id='block_1_69' title="bbox 261 3880 1846 3954">
    <p class='ocr_par' dir='ltr' id='par_1_69' title="bbox 261 3880 1846 3954">
     <span class='ocr_line' id='line_1_69' title="bbox 261 3880 1846 3954; baseline -0.001 -19"><span class='ocrx_word' id='word_1_456' title='bbox 261 3883 490 3951; x_wconf 82' lang='grc' dir='ltr'>μᾶλλον,</span> <span class='ocrx_word' id='word_1_457' title='bbox 523 3886 570 3936; x_wconf 87' lang='grc' dir='ltr'>εἰ</span> <span class='ocrx_word' id='word_1_458' title='bbox 601 3884 688 3935; x_wconf 80' lang='grc' dir='ltr'><strong>ἐπ’</strong></span> <span class='ocrx_word' id='word_1_459' title='bbox 717 3885 876 3938; x_wconf 83' lang='grc' dir='ltr'>ἄλλον</span> <span class='ocrx_word' id='word_1_460' title='bbox 899 3880 1061 3954; x_wconf 79' lang='grc' dir='ltr'>ἦλθεν</span> <span class='ocrx_word' id='word_1_461' title='bbox 1094 3884 1262 3952; x_wconf 81' lang='grc' dir='ltr'>ἄνδρα</span> <span class='ocrx_word' id='word_1_462' title='bbox 1283 3901 1297 3916; x_wconf 77' lang='grc' dir='ltr'><strong>ο</strong></span> <span class='ocrx_word' id='word_1_463' title='bbox 1330 3885 1451 3938; x_wconf 82' lang='grc' dir='ltr'>τότε</span> <span class='ocrx_word' id='word_1_464' title='bbox 1483 3883 1589 3954; x_wconf 82' lang='grc' dir='ltr'>γὰρ</span> <span class='ocrx_word' id='word_1_465' title='bbox 1617 3883 1692 3943; x_wconf 87' lang='grc' dir='ltr'>ὼς</span> <span class='ocrx_word' id='word_1_466' title='bbox 1725 3898 1846 3949; x_wconf 64' lang='grc' dir='ltr'>μοις</span> 
     </span>
    </p>
   </div>
   <div class='ocr_carea' id='block_1_70' title="bbox 259 3973 1846 4044">
    <p class='ocr_par' dir='ltr' id='par_1_70' title="bbox 259 3973 1846 4044">
     <span class='ocr_line' id='line_1_70' title="bbox 259 3973 1846 4044; baseline -0.001 -18"><span class='ocrx_word' id='word_1_467' title='bbox 259 3977 420 4044; x_wconf 61' lang='grc' dir='ltr'>χαλῖς</span> <span class='ocrx_word' id='word_1_468' title='bbox 450 3976 859 4039; x_wconf 80' lang='grc' dir='ltr'>κατακρίνεται,</span> <span class='ocrx_word' id='word_1_469' title='bbox 893 3975 1032 4028; x_wconf 81' lang='grc' dir='ltr'>κατὰ</span> <span class='ocrx_word' id='word_1_470' title='bbox 1061 3977 1154 4028; x_wconf 75' lang='grc' dir='ltr'><strong>τὸν</strong></span> <span class='ocrx_word' id='word_1_471' title='bbox 1177 3975 1396 4027; x_wconf 75' lang='grc' dir='ltr'>ἔννατον</span> <span class='ocrx_word' id='word_1_472' title='bbox 1428 3974 1650 4028; x_wconf 88' lang='grc' dir='ltr'>κανόνα.</span> <span class='ocrx_word' id='word_1_473' title='bbox 1696 3973 1756 4026; x_wconf 82' lang='grc' dir='ltr'>Ὀ</span> <span class='ocrx_word' id='word_1_474' title='bbox 1787 3973 1846 4025; x_wconf 74' lang='grc' dir='ltr'>δὲ</span> 
     </span>
    </p>
   </div>
   <div class='ocr_carea' id='block_1_71' title="bbox 256 4063 1846 4135">
    <p class='ocr_par' dir='ltr' id='par_1_71' title="bbox 256 4063 1846 4135">
     <span class='ocr_line' id='line_1_71' title="bbox 256 4063 1846 4135; baseline -0.004 -18"><span class='ocrx_word' id='word_1_475' title='bbox 256 4066 423 4135; x_wconf 73' lang='grc' dir='ltr'>ἀνὴρ,</span> <span class='ocrx_word' id='word_1_476' title='bbox 470 4069 497 4118; x_wconf 84' lang='grc' dir='ltr'>ὁ</span> <span class='ocrx_word' id='word_1_477' title='bbox 543 4066 925 4133; x_wconf 72' lang='grc' dir='ltr'>καταλειφθεὶς</span> <span class='ocrx_word' id='word_1_478' title='bbox 969 4066 1062 4118; x_wconf 83' lang='grc' dir='ltr'><strong>ὑπ’</strong></span> <span class='ocrx_word' id='word_1_479' title='bbox 1092 4066 1282 4135; x_wconf 83' lang='grc' dir='ltr'>αὐτῆς,</span> <span class='ocrx_word' id='word_1_480' title='bbox 1315 4063 1648 4134; x_wconf 75' lang='grc' dir='ltr'>συγγνώμης</span> <span class='ocrx_word' id='word_1_481' title='bbox 1699 4066 1846 4116; x_wconf 76' lang='grc' dir='ltr'>ἐστὶν</span> 
     </span>
    </p>
   </div>
   <div class='ocr_carea' id='block_1_72' title="bbox 259 4154 1846 4226">
    <p class='ocr_par' dir='ltr' id='par_1_72' title="bbox 259 4154 1846 4226">
     <span class='ocr_line' id='line_1_72' title="bbox 259 4154 1846 4226; baseline -0.002 -17"><span class='ocrx_word' id='word_1_482' title='bbox 259 4157 437 4219; x_wconf 75' lang='grc' dir='ltr'>ἄξιος,</span> <span class='ocrx_word' id='word_1_483' title='bbox 493 4157 586 4212; x_wconf 74' lang='grc' dir='ltr'>καὶ</span> <span class='ocrx_word' id='word_1_484' title='bbox 625 4159 712 4211; x_wconf 85' lang='grc' dir='ltr'><strong>διὰ</strong></span> <span class='ocrx_word' id='word_1_485' title='bbox 738 4157 916 4220; x_wconf 82' lang='grc' dir='ltr'>τοῦτο,</span> <span class='ocrx_word' id='word_1_486' title='bbox 960 4159 1008 4210; x_wconf 80' lang='grc' dir='ltr'><strong>εί</strong></span> <span class='ocrx_word' id='word_1_487' title='bbox 1056 4157 1221 4224; x_wconf 76' lang='grc' dir='ltr'>ἄλλην</span> <span class='ocrx_word' id='word_1_488' title='bbox 1264 4156 1404 4226; x_wconf 76' lang='grc' dir='ltr'><strong>λάϐῃ</strong></span> <span class='ocrx_word' id='word_1_489' title='bbox 1450 4159 1705 4222; x_wconf 86' lang='grc' dir='ltr'>γυναῖκα.</span> <span class='ocrx_word' id='word_1_490' title='bbox 1757 4154 1846 4208; x_wconf 76' lang='grc' dir='ltr'><strong>καὶ</strong></span> 
     </span>
    </p>
   </div>
   <div class='ocr_carea' id='block_1_73' title="bbox 263 4248 681 4317">
    <p class='ocr_par' dir='ltr' id='par_1_73' title="bbox 263 4248 681 4317">
     <span class='ocr_line' id='line_1_73' title="bbox 263 4248 681 4317; baseline 0.002 -17"><span class='ocrx_word' id='word_1_491' title='bbox 263 4248 681 4317; x_wconf 76' lang='grc' dir='ltr'>ἀνεπιτίμητος.</span> 
     </span>
    </p>
   </div>
   <div class='ocr_carea' id='block_1_74' title="bbox 834 4341 1242 4407">
    <p class='ocr_par' dir='ltr' id='par_1_74' title="bbox 834 4341 1242 4407">
     <span class='ocr_line' id='line_1_74' title="bbox 834 4341 1242 4407; baseline 0.002 -15"><span class='ocrx_word' id='word_1_492' title='bbox 834 4341 1079 4395; x_wconf 83' lang='grc' dir='ltr'><strong>ΚΛΝΩΝ</strong></span> <span class='ocrx_word' id='word_1_493' title='bbox 1103 4343 1242 4407; x_wconf 70' lang='lat' dir='ltr'><strong>AG&quot;.</strong></span> 
     </span>
    </p>
   </div>
   <div class='ocr_carea' id='block_1_75' title="bbox 270 4432 1845 4503">
    <p class='ocr_par' dir='ltr' id='par_1_75' title="bbox 270 4432 1845 4503">
     <span class='ocr_line' id='line_1_75' title="bbox 270 4432 1845 4503; baseline 0.001 -19"><span class='ocrx_word' id='word_1_494' title='bbox 270 4432 675 4498; x_wconf 76' lang='grc' dir='ltr'>Στρατιώτιδες</span> <span class='ocrx_word' id='word_1_495' title='bbox 704 4435 759 4485; x_wconf 74' lang='grc' dir='ltr'>αἱ</span> <span class='ocrx_word' id='word_1_496' title='bbox 792 4434 899 4486; x_wconf 85' lang='grc' dir='ltr'><strong>τῶν</strong></span> <span class='ocrx_word' id='word_1_497' title='bbox 929 4434 1134 4503; x_wconf 84' lang='grc' dir='ltr'>ἀνδρῶν</span> <span class='ocrx_word' id='word_1_498' title='bbox 1162 4433 1344 4486; x_wconf 83' lang='grc' dir='ltr'>αὐτῶν</span> <span class='ocrx_word' id='word_1_499' title='bbox 1393 4432 1616 4499; x_wconf 78' lang='grc' dir='ltr'>ἀφανῶν</span> <span class='ocrx_word' id='word_1_500' title='bbox 1677 4434 1845 4486; x_wconf 73' lang='grc' dir='ltr'>όντων</span> 
     </span>
    </p>
   </div>
   <div class='ocr_carea' id='block_1_76' title="bbox 339 4522 1927 4596">
    <p class='ocr_par' dir='ltr' id='par_1_76' title="bbox 339 4522 1927 4596">
     <span class='ocr_line' id='line_1_76' title="bbox 339 4522 1927 4596; baseline 0.002 -19"><span class='ocrx_word' id='word_1_501' title='bbox 339 4529 622 4590; x_wconf 66' lang='grc' dir='ltr'>γατλεῖσαι,</span> <span class='ocrx_word' id='word_1_502' title='bbox 647 4525 722 4594; x_wconf 82' lang='grc' dir='ltr'>τῷ</span> <span class='ocrx_word' id='word_1_503' title='bbox 777 4525 926 4592; x_wconf 82' lang='grc' dir='ltr'><strong>αὕτῷ</strong></span> <span class='ocrx_word' id='word_1_504' title='bbox 981 4526 1304 4578; x_wconf 84' lang='grc' dir='ltr'>ὑπόκεινται</span> <span class='ocrx_word' id='word_1_505' title='bbox 1357 4525 1519 4592; x_wconf 83' lang='grc' dir='ltr'>λόγῳ.</span> <span class='ocrx_word' id='word_1_506' title='bbox 1560 4522 1713 4596; x_wconf 77' lang='grc' dir='ltr'>ᾧπερ</span> <span class='ocrx_word' id='word_1_507' title='bbox 1755 4528 1849 4580; x_wconf 75' lang='grc' dir='ltr'><strong>καὶ</strong></span> <span class='ocrx_word' id='word_1_508' title='bbox 1884 4530 1927 4585; x_wconf 89' lang='lat' dir='ltr'><strong>D</strong></span> 
     </span>
    </p>
   </div>
   <div class='ocr_carea' id='block_1_77' title="bbox 345 4619 1847 4688">
    <p class='ocr_par' dir='ltr' id='par_1_77' title="bbox 345 4619 1847 4688">
     <span class='ocr_line' id='line_1_77' title="bbox 345 4619 1847 4688; baseline 0.001 -18"><span class='ocrx_word' id='word_1_509' title='bbox 345 4619 401 4670; x_wconf 85' lang='lat' dir='ltr'><strong>al</strong></span> <span class='ocrx_word' id='word_1_510' title='bbox 432 4619 518 4669; x_wconf 73' lang='grc' dir='ltr'>διὰ</span> <span class='ocrx_word' id='word_1_511' title='bbox 542 4621 640 4687; x_wconf 79' lang='grc' dir='ltr'><strong>τὴν</strong></span> <span class='ocrx_word' id='word_1_512' title='bbox 664 4619 976 4687; x_wconf 81' lang='grc' dir='ltr'>ἀποδημίαν</span> <span class='ocrx_word' id='word_1_513' title='bbox 1004 4619 1115 4670; x_wconf 86' lang='grc' dir='ltr'><strong>τῶν</strong></span> <span class='ocrx_word' id='word_1_514' title='bbox 1143 4619 1380 4687; x_wconf 70' lang='grc' dir='ltr'>ἀνδρῶν,</span> <span class='ocrx_word' id='word_1_515' title='bbox 1420 4619 1493 4688; x_wconf 84' lang='grc' dir='ltr'>μὴ</span> <span class='ocrx_word' id='word_1_516' title='bbox 1549 4621 1847 4687; x_wconf 77' lang='grc' dir='ltr'>ἀναμεῖνα-</span> 
     </span>
    </p>
   </div>
   <div class='ocr_carea' id='block_1_78' title="bbox 353 4710 1848 4780">
    <p class='ocr_par' dir='ltr' id='par_1_78' title="bbox 353 4710 1848 4780">
     <span class='ocr_line' id='line_1_78' title="bbox 353 4710 1848 4780; baseline 0.002 -21"><span class='ocrx_word' id='word_1_517' title='bbox 353 4728 441 4761; x_wconf 84' lang='grc' dir='ltr'><strong>σαι</strong></span> <span class='ocrx_word' id='word_1_518' title='bbox 472 4712 574 4777; x_wconf 77' lang='grc' dir='ltr'><strong>τὴν</strong></span> <span class='ocrx_word' id='word_1_519' title='bbox 604 4712 862 4763; x_wconf 78' lang='grc' dir='ltr'>ἐπάνοδον</span> <span class='ocrx_word' id='word_1_520' title='bbox 890 4727 903 4740; x_wconf 88' lang='grc'><strong>·</strong></span> <span class='ocrx_word' id='word_1_521' title='bbox 930 4710 1069 4772; x_wconf 77' lang='grc' dir='ltr'>πλὴν</span> <span class='ocrx_word' id='word_1_522' title='bbox 1098 4711 1208 4780; x_wconf 72' lang='grc' dir='ltr'>ἔχει</span> <span class='ocrx_word' id='word_1_523' title='bbox 1240 4715 1365 4763; x_wconf 84' lang='grc' dir='ltr'>τινὰ</span> <span class='ocrx_word' id='word_1_524' title='bbox 1408 4711 1741 4780; x_wconf 81' lang='grc' dir='ltr'>συγγνώμην</span> <span class='ocrx_word' id='word_1_525' title='bbox 1788 4712 1848 4762; x_wconf 88' lang='grc' dir='ltr'><strong>τὸ</strong></span> 
     </span>
    </p>
   </div>
   <div class='ocr_carea' id='block_1_79' title="bbox 346 4801 1850 4870">
    <p class='ocr_par' dir='ltr' id='par_1_79' title="bbox 346 4801 1850 4870">
     <span class='ocr_line' id='line_1_79' title="bbox 346 4801 1850 4870; baseline 0.001 -19"><span class='ocrx_word' id='word_1_526' title='bbox 346 4804 578 4869; x_wconf 79' lang='grc' dir='ltr'>ποᾶγμα</span> <span class='ocrx_word' id='word_1_527' title='bbox 619 4802 873 4864; x_wconf 75' lang='grc' dir='ltr'>ἐνταῦθα,</span> <span class='ocrx_word' id='word_1_528' title='bbox 923 4801 1010 4853; x_wconf 73' lang='grc' dir='ltr'>διὰ</span> <span class='ocrx_word' id='word_1_529' title='bbox 1059 4803 1119 4854; x_wconf 81' lang='grc' dir='ltr'>τὸ</span> <span class='ocrx_word' id='word_1_530' title='bbox 1170 4802 1374 4870; x_wconf 75' lang='grc' dir='ltr'>μᾶλλον</span> <span class='ocrx_word' id='word_1_531' title='bbox 1438 4803 1576 4868; x_wconf 83' lang='grc' dir='ltr'>πρὸς</span> <span class='ocrx_word' id='word_1_532' title='bbox 1619 4802 1850 4856; x_wconf 83' lang='grc' dir='ltr'>θάνατον</span> 
     </span>
    </p>
   </div>
   <div class='ocr_carea' id='block_1_80' title="bbox 357 4887 938 4960">
    <p class='ocr_par' dir='ltr' id='par_1_80' title="bbox 357 4887 938 4960">
     <span class='ocr_line' id='line_1_80' title="bbox 357 4887 938 4960; baseline 0.007 -19"><span class='ocrx_word' id='word_1_533' title='bbox 357 4887 495 4944; x_wconf 80' lang='grc' dir='ltr'>εἶναι</span> <span class='ocrx_word' id='word_1_534' title='bbox 528 4893 624 4960; x_wconf 86' lang='grc' dir='ltr'><strong>τὴν</strong></span> <span class='ocrx_word' id='word_1_535' title='bbox 655 4893 938 4945; x_wconf 85' lang='grc' dir='ltr'>ὑπόνοιαν.</span> 
     </span>
    </p>
   </div>
   <div class='ocr_carea' id='block_1_81' title="bbox 361 4981 1850 5054">
    <p class='ocr_par' dir='ltr' id='par_1_81' title="bbox 361 4981 1850 5054">
     <span class='ocr_line' id='line_1_81' title="bbox 361 4981 1850 5054; baseline -0.001 -19"><span class='ocrx_word' id='word_1_536' title='bbox 361 4983 558 5039; x_wconf 74' lang='grc' dir='ltr'><strong>ΒΛΛΣ.</strong></span> <span class='ocrx_word' id='word_1_537' title='bbox 622 4987 734 5038; x_wconf 80' lang='grc' dir='ltr'><strong>Καὶ</strong></span> <span class='ocrx_word' id='word_1_538' title='bbox 763 4981 918 5046; x_wconf 73' lang='grc' dir='ltr'>οὗτος</span> <span class='ocrx_word' id='word_1_539' title='bbox 952 4987 979 5037; x_wconf 86' lang='grc' dir='ltr'>ὁ</span> <span class='ocrx_word' id='word_1_540' title='bbox 1007 4985 1207 5049; x_wconf 68' lang='grc' dir='ltr'>κανιῖιν,</span> <span class='ocrx_word' id='word_1_541' title='bbox 1240 4985 1420 5054; x_wconf 76' lang='grc' dir='ltr'>ῥητῶς</span> <span class='ocrx_word' id='word_1_542' title='bbox 1452 4985 1850 5052; x_wconf 80' lang='grc' dir='ltr'>ἁνατατόμενος</span> 
     </span>
    </p>
   </div>
   <div class='ocr_carea' id='block_1_82' title="bbox 285 5073 1852 5145">
    <p class='ocr_par' dir='ltr' id='par_1_82' title="bbox 285 5073 1852 5145">
     <span class='ocr_line' id='line_1_82' title="bbox 285 5073 1852 5145; baseline -0.002 -20"><span class='ocrx_word' id='word_1_543' title='bbox 285 5077 346 5126; x_wconf 78' lang='grc' dir='ltr'>ἐν</span> <span class='ocrx_word' id='word_1_544' title='bbox 379 5073 456 5140; x_wconf 82' lang='grc' dir='ltr'>τῷ</span> <span class='ocrx_word' id='word_1_545' title='bbox 496 5074 865 5143; x_wconf 84' lang='grc' dir='ltr'>ὲννενηκοστῷ</span> <span class='ocrx_word' id='word_1_546' title='bbox 894 5076 1061 5143; x_wconf 85' lang='grc' dir='ltr'>τρίτῳ</span> <span class='ocrx_word' id='word_1_547' title='bbox 1076 5076 1260 5128; x_wconf 85' lang='grc' dir='ltr'>κανόνι</span> <span class='ocrx_word' id='word_1_548' title='bbox 1281 5075 1381 5144; x_wconf 80' lang='grc' dir='ltr'>τῆς</span> <span class='ocrx_word' id='word_1_549' title='bbox 1412 5077 1469 5127; x_wconf 74' lang='grc' dir='ltr'>ὲν</span> <span class='ocrx_word' id='word_1_550' title='bbox 1491 5073 1567 5142; x_wconf 86' lang='grc' dir='ltr'>τῷ</span> <span class='ocrx_word' id='word_1_551' title='bbox 1597 5073 1852 5145; x_wconf 55' lang='lat' dir='ltr'><strong>nam...</strong></span> 
     </span>
    </p>
   </div>
   <div class='ocr_carea' id='block_1_83' title="bbox 282 5167 1091 5236">
    <p class='ocr_par' dir='ltr' id='par_1_83' title="bbox 282 5167 1091 5236">
     <span class='ocr_line' id='line_1_83' title="bbox 282 5167 1091 5236; baseline 0 -16"><span class='ocrx_word' id='word_1_552' title='bbox 282 5167 504 5220; x_wconf 71' lang='grc' dir='ltr'>σννὶδου</span> <span class='ocrx_word' id='word_1_553' title='bbox 542 5167 852 5236; x_wconf 79' lang='grc' dir='ltr'>ἐρμηνεύθη</span> <span class='ocrx_word' id='word_1_554' title='bbox 891 5168 1091 5220; x_wconf 68' lang='grc' dir='ltr'>ἐκεῖσε.</span> 
     </span>
    </p>
   </div>
   <div class='ocr_carea' id='block_1_84' title="bbox 319 5257 1850 5325">
    <p class='ocr_par' dir='ltr' id='par_1_84' title="bbox 319 5257 1850 5325">
     <span class='ocr_line' id='line_1_84' title="bbox 319 5257 1850 5325; baseline -0.001 -15"><span class='ocrx_word' id='word_1_555' title='bbox 319 5257 565 5310; x_wconf 79' lang='grc' dir='ltr'><strong>ΖΩΝΑΡ.</strong></span> <span class='ocrx_word' id='word_1_556' title='bbox 599 5259 709 5309; x_wconf 82' lang='grc' dir='ltr'><strong>Καὶ</strong></span> <span class='ocrx_word' id='word_1_557' title='bbox 740 5258 796 5309; x_wconf 81' lang='grc' dir='ltr'><strong>αἱ</strong></span> <span class='ocrx_word' id='word_1_558' title='bbox 823 5258 933 5310; x_wconf 84' lang='grc' dir='ltr'><strong>τῶν</strong></span> <span class='ocrx_word' id='word_1_559' title='bbox 966 5257 1319 5325; x_wconf 82' lang='grc' dir='ltr'>στρατιωτῶν</span> <span class='ocrx_word' id='word_1_560' title='bbox 1346 5274 1606 5324; x_wconf 86' lang='grc' dir='ltr'>γυναικες</span> <span class='ocrx_word' id='word_1_561' title='bbox 1629 5259 1850 5309; x_wconf 58' lang='lat' dir='ltr'><strong>imre/tu</strong></span> 
     </span>
    </p>
   </div>
   <div class='ocr_carea' id='block_1_85' title="bbox 281 5347 1853 5419">
    <p class='ocr_par' dir='ltr' id='par_1_85' title="bbox 281 5347 1853 5419">
     <span class='ocr_line' id='line_1_85' title="bbox 281 5347 1853 5419; baseline -0.002 -19"><span class='ocrx_word' id='word_1_562' title='bbox 281 5349 394 5400; x_wconf 86' lang='grc' dir='ltr'><strong>τῶν</strong></span> <span class='ocrx_word' id='word_1_563' title='bbox 421 5347 634 5401; x_wconf 79' lang='grc' dir='ltr'>οἰκείων</span> <span class='ocrx_word' id='word_1_564' title='bbox 659 5348 870 5416; x_wconf 83' lang='grc' dir='ltr'>ἀνδρῶν</span> <span class='ocrx_word' id='word_1_565' title='bbox 903 5348 979 5419; x_wconf 80' lang='grc' dir='ltr'>μὴ</span> <span class='ocrx_word' id='word_1_566' title='bbox 1003 5349 1344 5416; x_wconf 78' lang='grc' dir='ltr'>φαινομένων</span> <span class='ocrx_word' id='word_1_567' title='bbox 1375 5349 1471 5400; x_wconf 76' lang='grc' dir='ltr'><strong>ἐὰν</strong></span> <span class='ocrx_word' id='word_1_568' title='bbox 1496 5348 1703 5418; x_wconf 80' lang='grc' dir='ltr'>ἑτέροις</span> <span class='ocrx_word' id='word_1_569' title='bbox 1726 5365 1853 5399; x_wconf 86' lang='grc' dir='ltr'>συν-</span> 
     </span>
    </p>
   </div>
   <div class='ocr_carea' id='block_1_86' title="bbox 286 5439 1852 5508">
    <p class='ocr_par' dir='ltr' id='par_1_86' title="bbox 286 5439 1852 5508">
     <span class='ocr_line' id='line_1_86' title="bbox 286 5439 1852 5508; baseline -0.002 -15"><span class='ocrx_word' id='word_1_570' title='bbox 286 5440 556 5506; x_wconf 81' lang='grc' dir='ltr'>αφθῶσιν,</span> <span class='ocrx_word' id='word_1_571' title='bbox 592 5439 794 5508; x_wconf 83' lang='grc' dir='ltr'>ὁμοίως</span> <span class='ocrx_word' id='word_1_572' title='bbox 841 5439 1200 5508; x_wconf 83' lang='grc' dir='ltr'>ὲπιτιμῶνται</span> <span class='ocrx_word' id='word_1_573' title='bbox 1224 5442 1346 5502; x_wconf 80' lang='grc' dir='ltr'>ταῖς</span> <span class='ocrx_word' id='word_1_574' title='bbox 1374 5439 1588 5501; x_wconf 85' lang='grc' dir='ltr'>λοιπαῖς</span> <span class='ocrx_word' id='word_1_575' title='bbox 1618 5439 1852 5506; x_wconf 80' lang='grc' dir='ltr'>γυναιξὶ,</span> 
     </span>
    </p>
   </div>
   <div class='ocr_carea' id='block_1_87' title="bbox 288 5527 1858 5601">
    <p class='ocr_par' dir='ltr' id='par_1_87' title="bbox 288 5527 1858 5601">
     <span class='ocr_line' id='line_1_87' title="bbox 288 5527 1858 5601; baseline -0.003 -17"><span class='ocrx_word' id='word_1_576' title='bbox 288 5536 408 5594; x_wconf 85' lang='grc' dir='ltr'>ταῖς</span> <span class='ocrx_word' id='word_1_577' title='bbox 433 5531 902 5601; x_wconf 77' lang='grc' dir='ltr'>ἀποδημασάντων</span> <span class='ocrx_word' id='word_1_578' title='bbox 959 5531 1053 5583; x_wconf 73' lang='grc' dir='ltr'><strong>ἐπὶ</strong></span> <span class='ocrx_word' id='word_1_579' title='bbox 1117 5527 1330 5598; x_wconf 55' lang='grc' dir='ltr'>μακρὸν</span> <span class='ocrx_word' id='word_1_580' title='bbox 1392 5529 1499 5582; x_wconf 85' lang='grc' dir='ltr'><strong>τῶν</strong></span> <span class='ocrx_word' id='word_1_581' title='bbox 1522 5529 1730 5598; x_wconf 85' lang='grc' dir='ltr'>ἀνδρῶν</span> <span class='ocrx_word' id='word_1_582' title='bbox 1759 5531 1858 5581; x_wconf 78' lang='grc' dir='ltr'>αὑ-</span> 
     </span>
    </p>
   </div>
   <div class='ocr_carea' id='block_1_88' title="bbox 287 5620 1852 5691">
    <p class='ocr_par' dir='ltr' id='par_1_88' title="bbox 287 5620 1852 5691">
     <span class='ocr_line' id='line_1_88' title="bbox 287 5620 1852 5691; baseline -0.004 -16"><span class='ocrx_word' id='word_1_583' title='bbox 287 5623 399 5676; x_wconf 81' lang='grc' dir='ltr'><strong>τῶν</strong></span> <span class='ocrx_word' id='word_1_584' title='bbox 477 5622 846 5691; x_wconf 81' lang='grc' dir='ltr'>γαμηθείσαις</span> <span class='ocrx_word' id='word_1_585' title='bbox 927 5620 1126 5684; x_wconf 82' lang='grc' dir='ltr'>ἄλλοις.</span> <span class='ocrx_word' id='word_1_586' title='bbox 1156 5622 1382 5690; x_wconf 77' lang='grc' dir='ltr'>Ἔχουσι</span> <span class='ocrx_word' id='word_1_587' title='bbox 1420 5622 1474 5672; x_wconf 83' lang='grc' dir='ltr'>δὲ</span> <span class='ocrx_word' id='word_1_588' title='bbox 1504 5621 1643 5680; x_wconf 78' lang='grc' dir='ltr'>τινᾶ.</span> <span class='ocrx_word' id='word_1_589' title='bbox 1698 5620 1852 5688; x_wconf 58' lang='grc' dir='ltr'>φησι,</span> 
     </span>
    </p>
   </div>
   <div class='ocr_carea' id='block_1_89' title="bbox 291 5708 1856 5780">
    <p class='ocr_par' dir='ltr' id='par_1_89' title="bbox 291 5708 1856 5780">
     <span class='ocr_line' id='line_1_89' title="bbox 291 5708 1856 5780; baseline -0.005 -15"><span class='ocrx_word' id='word_1_590' title='bbox 291 5711 622 5779; x_wconf 69' lang='grc' dir='ltr'>συγγνώμην</span> <span class='ocrx_word' id='word_1_591' title='bbox 644 5712 698 5763; x_wconf 88' lang='grc' dir='ltr'><strong>αί</strong></span> <span class='ocrx_word' id='word_1_592' title='bbox 724 5709 1122 5780; x_wconf 83' lang='grc' dir='ltr'>στρατιώτιδες,</span> <span class='ocrx_word' id='word_1_593' title='bbox 1154 5709 1240 5762; x_wconf 80' lang='grc' dir='ltr'><strong>διὰ</strong></span> <span class='ocrx_word' id='word_1_594' title='bbox 1271 5709 1332 5760; x_wconf 73' lang='grc' dir='ltr'>τὸ</span> <span class='ocrx_word' id='word_1_595' title='bbox 1363 5708 1560 5777; x_wconf 80' lang='grc' dir='ltr'>μᾶλλον</span> <span class='ocrx_word' id='word_1_596' title='bbox 1615 5710 1856 5760; x_wconf 72' lang='grc' dir='ltr'>ὑπονοεῖ-</span> 
     </span>
    </p>
   </div>
   <div class='ocr_carea' id='block_1_90' title="bbox 298 5799 1853 5868">
    <p class='ocr_par' dir='ltr' id='par_1_90' title="bbox 298 5799 1853 5868">
     <span class='ocr_line' id='line_1_90' title="bbox 298 5799 1853 5868; baseline -0.004 -12"><span class='ocrx_word' id='word_1_597' title='bbox 298 5805 423 5856; x_wconf 85' lang='grc' dir='ltr'>σθαι</span> <span class='ocrx_word' id='word_1_598' title='bbox 454 5802 634 5854; x_wconf 78' lang='grc' dir='ltr'>θανεῖν</span> <span class='ocrx_word' id='word_1_599' title='bbox 659 5802 784 5862; x_wconf 62' lang='grc' dir='ltr'>τοῦς</span> <span class='ocrx_word' id='word_1_600' title='bbox 815 5799 1172 5868; x_wconf 79' lang='grc' dir='ltr'>στρατιώτας,</span> <span class='ocrx_word' id='word_1_601' title='bbox 1205 5800 1271 5852; x_wconf 82' lang='grc' dir='ltr'><strong>ἐκ</strong></span> <span class='ocrx_word' id='word_1_602' title='bbox 1304 5799 1394 5852; x_wconf 76' lang='grc' dir='ltr'>τοῦ</span> <span class='ocrx_word' id='word_1_603' title='bbox 1427 5802 1551 5868; x_wconf 73' lang='grc' dir='ltr'>περὶ</span> <span class='ocrx_word' id='word_1_604' title='bbox 1586 5799 1853 5865; x_wconf 72' lang='grc' dir='ltr'>πολέμους</span> 
     </span>
    </p>
   </div>
   <div class='ocr_carea' id='block_1_91' title="bbox 1946 3253 3520 3339">
    <p class='ocr_par' dir='ltr' id='par_1_91' title="bbox 1946 3253 3520 3339">
     <span class='ocr_line' id='line_1_91' title="bbox 1946 3253 3520 3339; baseline -0.013 -13"><span class='ocrx_word' id='word_1_605' title='bbox 1946 3285 2120 3338; x_wconf 89' lang='lat' dir='ltr'><strong>neque</strong></span> <span class='ocrx_word' id='word_1_606' title='bbox 2153 3270 2294 3339; x_wconf 88' lang='lat' dir='ltr'><strong>quod</strong></span> <span class='ocrx_word' id='word_1_607' title='bbox 2326 3269 2409 3320; x_wconf 88' lang='lat' dir='ltr'><strong>vir</strong></span> <span class='ocrx_word' id='word_1_608' title='bbox 2446 3267 2678 3319; x_wconf 82' lang='lat' dir='ltr'><strong>fortasse</strong></span> <span class='ocrx_word' id='word_1_609' title='bbox 2703 3261 2998 3315; x_wconf 77' lang='lat' dir='ltr'><strong>fornicetu‘r</strong></span> <span class='ocrx_word' id='word_1_610' title='bbox 3022 3296 3037 3321; x_wconf 94' lang='lat'><strong>,</strong></span> <span class='ocrx_word' id='word_1_611' title='bbox 3059 3258 3256 3326; x_wconf 82' lang='lat' dir='ltr'><strong>justam</strong></span> <span class='ocrx_word' id='word_1_612' title='bbox 3309 3253 3520 3306; x_wconf 88' lang='lat' dir='ltr'><strong>mulieri</strong></span> 
     </span>
    </p>
   </div>
   <div class='ocr_carea' id='block_1_92' title="bbox 1944 3343 3517 3418">
    <p class='ocr_par' dir='ltr' id='par_1_92' title="bbox 1944 3343 3517 3418">
     <span class='ocr_line' id='line_1_92' title="bbox 1944 3343 3517 3418; baseline -0.015 0"><span class='ocrx_word' id='word_1_613' title='bbox 1944 3377 2160 3417; x_wconf 78' lang='lat' dir='ltr'><strong>causam</strong></span> <span class='ocrx_word' id='word_1_614' title='bbox 2218 3357 2543 3412; x_wconf 83' lang='lat' dir='ltr'><strong>abscedendi</strong></span> <span class='ocrx_word' id='word_1_615' title='bbox 2612 3369 2732 3407; x_wconf 85' lang='lat' dir='ltr'><strong>esse</strong></span> <span class='ocrx_word' id='word_1_616' title='bbox 2770 3349 3050 3418; x_wconf 86' lang='lat' dir='ltr'><strong>judicavit,</strong></span> <span class='ocrx_word' id='word_1_617' title='bbox 3098 3362 3271 3414; x_wconf 91' lang='lat' dir='ltr'><strong>ucqtte</strong></span> <span class='ocrx_word' id='word_1_618' title='bbox 3302 3343 3517 3397; x_wconf 85' lang='lat' dir='ltr'><strong>demtnn</strong></span> 
     </span>
    </p>
   </div>
   <div class='ocr_carea' id='block_1_93' title="bbox 1945 3443 2915 3523">
    <p class='ocr_par' dir='ltr' id='par_1_93' title="bbox 1945 3443 2915 3523">
     <span class='ocr_line' id='line_1_93' title="bbox 1945 3443 2915 3523; baseline -0.014 -16"><span class='ocrx_word' id='word_1_619' title='bbox 1945 3453 2087 3523; x_wconf 89' lang='lat' dir='ltr'><strong>quod</strong></span> <span class='ocrx_word' id='word_1_620' title='bbox 2111 3468 2139 3505; x_wconf 89' lang='lat' dir='ltr'><strong>a</strong></span> <span class='ocrx_word' id='word_1_621' title='bbox 2183 3452 2286 3504; x_wconf 81' lang='lat' dir='ltr'><strong>(ide</strong></span> <span class='ocrx_word' id='word_1_622' title='bbox 2321 3449 2401 3501; x_wconf 90' lang='lat' dir='ltr'><strong>vir</strong></span> <span class='ocrx_word' id='word_1_623' title='bbox 2435 3449 2550 3513; x_wconf 90' lang='lat' dir='ltr'><strong>ipse</strong></span> <span class='ocrx_word' id='word_1_624' title='bbox 2582 3445 2651 3498; x_wconf 87' lang='lat' dir='ltr'><strong>sit</strong></span> <span class='ocrx_word' id='word_1_625' title='bbox 2677 3443 2915 3495; x_wconf 70' lang='lat' dir='ltr'><strong>alienus.</strong></span> 
     </span>
    </p>
   </div>
   <div class='ocr_carea' id='block_1_94' title="bbox 2018 3525 3519 3596">
    <p class='ocr_par' dir='ltr' id='par_1_94' title="bbox 2018 3525 3519 3596">
     <span class='ocr_line' id='line_1_94' title="bbox 2018 3525 3519 3596; baseline -0.013 0"><span class='ocrx_word' id='word_1_626' title='bbox 2018 3540 2245 3596; x_wconf 76' lang='lat' dir='ltr'><strong>ARIST.</strong></span> <span class='ocrx_word' id='word_1_627' title='bbox 2272 3540 2328 3593; x_wconf 88' lang='lat' dir='ltr'><strong>Si</strong></span> <span class='ocrx_word' id='word_1_628' title='bbox 2361 3537 2555 3591; x_wconf 88' lang='lat' dir='ltr'><strong>mulier</strong></span> <span class='ocrx_word' id='word_1_629' title='bbox 2609 3534 2728 3588; x_wconf 90' lang='lat' dir='ltr'><strong>sine</strong></span> <span class='ocrx_word' id='word_1_630' title='bbox 2776 3530 2987 3585; x_wconf 88' lang='lat' dir='ltr'><strong>ratione</strong></span> <span class='ocrx_word' id='word_1_631' title='bbox 3028 3525 3354 3588; x_wconf 76' lang='lat' dir='ltr'><strong>recesserit,</strong></span> <span class='ocrx_word' id='word_1_632' title='bbox 3406 3525 3519 3590; x_wconf 79' lang='lat' dir='ltr'><strong>ipsa</strong></span> 
     </span>
    </p>
   </div>
   <div class='ocr_carea' id='block_1_95' title="bbox 1946 3632 2701 3704">
    <p class='ocr_par' dir='ltr' id='par_1_95' title="bbox 1946 3632 2701 3704">
     <span class='ocr_line' id='line_1_95' title="bbox 1946 3632 2701 3704; baseline -0.015 -16"><span class='ocrx_word' id='word_1_633' title='bbox 1946 3635 2160 3704; x_wconf 84' lang='lat' dir='ltr'><strong>quidem</strong></span> <span class='ocrx_word' id='word_1_634' title='bbox 2202 3632 2354 3696; x_wconf 88' lang='lat' dir='ltr'><strong>culpa</strong></span> <span class='ocrx_word' id='word_1_635' title='bbox 2387 3642 2492 3681; x_wconf 89' lang='lat' dir='ltr'><strong>non</strong></span> <span class='ocrx_word' id='word_1_636' title='bbox 2526 3634 2701 3678; x_wconf 85' lang='lat' dir='ltr'><strong>vacat.</strong></span> 
     </span>
    </p>
   </div>
   <div class='ocr_carea' id='block_1_96' title="bbox 2019 3705 3523 3790">
    <p class='ocr_par' dir='ltr' id='par_1_96' title="bbox 2019 3705 3523 3790">
     <span class='ocr_line' id='line_1_96' title="bbox 2019 3705 3523 3790; baseline -0.013 -14"><span class='ocrx_word' id='word_1_637' title='bbox 2019 3727 2146 3790; x_wconf 68' lang='lat' dir='ltr'><strong>Qua:</strong></span> <span class='ocrx_word' id='word_1_638' title='bbox 2169 3723 2340 3775; x_wconf 84' lang='lat' dir='ltr'><strong>virum</strong></span> <span class='ocrx_word' id='word_1_639' title='bbox 2363 3734 2517 3774; x_wconf 86' lang='lat' dir='ltr'><strong>Slttlm</strong></span> <span class='ocrx_word' id='word_1_640' title='bbox 2548 3716 2853 3785; x_wconf 84' lang='lat' dir='ltr'><strong>dereliquit,</strong></span> <span class='ocrx_word' id='word_1_641' title='bbox 2885 3715 3026 3768; x_wconf 83' lang='lat' dir='ltr'><strong>etab</strong></span> <span class='ocrx_word' id='word_1_642' title='bbox 3057 3726 3120 3765; x_wconf 87' lang='lat' dir='ltr'><strong>eo</strong></span> <span class='ocrx_word' id='word_1_643' title='bbox 3146 3709 3263 3762; x_wconf 86' lang='lat' dir='ltr'><strong>sine</strong></span> <span class='ocrx_word' id='word_1_644' title='bbox 3312 3705 3523 3760; x_wconf 87' lang='lat' dir='ltr'><strong>ratione</strong></span> 
     </span>
    </p>
   </div>
   <div class='ocr_carea' id='block_1_97' title="bbox 1950 3797 3520 3882">
    <p class='ocr_par' dir='ltr' id='par_1_97' title="bbox 1950 3797 3520 3882">
     <span class='ocr_line' id='line_1_97' title="bbox 1950 3797 3520 3882; baseline -0.016 -11"><span class='ocrx_word' id='word_1_645' title='bbox 1950 3816 2176 3871; x_wconf 88' lang='lat' dir='ltr'><strong>recessit</strong></span> <span class='ocrx_word' id='word_1_646' title='bbox 2199 3855 2214 3880; x_wconf 89' lang='lat'><strong>,</strong></span> <span class='ocrx_word' id='word_1_647' title='bbox 2237 3812 2411 3882; x_wconf 68' lang='lat' dir='ltr'><strong>poenis</strong></span> <span class='ocrx_word' id='word_1_648' title='bbox 2437 3809 2775 3876; x_wconf 80' lang='lat' dir='ltr'><strong>subjicietur,</strong></span> <span class='ocrx_word' id='word_1_649' title='bbox 2805 3817 2862 3862; x_wconf 89' lang='lat' dir='ltr'><strong>et</strong></span> <span class='ocrx_word' id='word_1_650' title='bbox 2884 3804 3154 3875; x_wconf 65' lang='lat' dir='ltr'><strong>praecipue</strong></span> <span class='ocrx_word' id='word_1_651' title='bbox 3177 3803 3222 3856; x_wconf 86' lang='lat' dir='ltr'><strong>si</strong></span> <span class='ocrx_word' id='word_1_652' title='bbox 3243 3801 3309 3853; x_wconf 84' lang='lat' dir='ltr'><strong>ad</strong></span> <span class='ocrx_word' id='word_1_653' title='bbox 3356 3797 3520 3852; x_wconf 87' lang='lat' dir='ltr'><strong>alium</strong></span> 
     </span>
    </p>
   </div>
   <div class='ocr_carea' id='block_1_98' title="bbox 1949 3891 3520 3962">
    <p class='ocr_par' dir='ltr' id='par_1_98' title="bbox 1949 3891 3520 3962">
     <span class='ocr_line' id='line_1_98' title="bbox 1949 3891 3520 3962; baseline -0.013 -1"><span class='ocrx_word' id='word_1_654' title='bbox 1949 3909 2123 3961; x_wconf 82' lang='lat' dir='ltr'><strong>virum</strong></span> <span class='ocrx_word' id='word_1_655' title='bbox 2157 3905 2387 3959; x_wconf 88' lang='lat' dir='ltr'><strong>venerit.</strong></span> <span class='ocrx_word' id='word_1_656' title='bbox 2421 3903 2576 3957; x_wconf 88' lang='lat' dir='ltr'><strong>Tunc</strong></span> <span class='ocrx_word' id='word_1_657' title='bbox 2626 3902 2770 3956; x_wconf 85' lang='lat' dir='ltr'><strong>enim</strong></span> <span class='ocrx_word' id='word_1_658' title='bbox 2822 3908 2885 3953; x_wconf 90' lang='lat' dir='ltr'><strong>ut</strong></span> <span class='ocrx_word' id='word_1_659' title='bbox 2924 3896 3168 3952; x_wconf 87' lang='lat' dir='ltr'><strong>adultera</strong></span> <span class='ocrx_word' id='word_1_660' title='bbox 3207 3891 3520 3962; x_wconf 80' lang='lat' dir='ltr'><strong>indicatur,</strong></span> 
     </span>
    </p>
   </div>
   <div class='ocr_carea' id='block_1_99' title="bbox 1945 3982 3521 4071">
    <p class='ocr_par' dir='ltr' id='par_1_99' title="bbox 1945 3982 3521 4071">
     <span class='ocr_line' id='line_1_99' title="bbox 1945 3982 3521 4071; baseline -0.013 -18"><span class='ocrx_word' id='word_1_661' title='bbox 1945 4001 2097 4071; x_wconf 79' lang='lat' dir='ltr'><strong>juxta</strong></span> <span class='ocrx_word' id='word_1_662' title='bbox 2131 4012 2329 4051; x_wconf 88' lang='lat' dir='ltr'><strong>nonum</strong></span> <span class='ocrx_word' id='word_1_663' title='bbox 2358 4009 2619 4050; x_wconf 85' lang='lat' dir='ltr'><strong>canonem</strong></span> <span class='ocrx_word' id='word_1_664' title='bbox 2647 4010 2662 4047; x_wconf 90' lang='lat'><strong>:</strong></span> <span class='ocrx_word' id='word_1_665' title='bbox 2696 3994 2780 4047; x_wconf 88' lang='lat' dir='ltr'><strong>vir</strong></span> <span class='ocrx_word' id='word_1_666' title='bbox 2814 4002 2992 4045; x_wconf 84' lang='lat' dir='ltr'><strong>autem</strong></span> <span class='ocrx_word' id='word_1_667' title='bbox 3017 3988 3086 4042; x_wconf 93' lang='lat' dir='ltr'><strong>ob</strong></span> <span class='ocrx_word' id='word_1_668' title='bbox 3126 4002 3186 4039; x_wconf 90' lang='lat' dir='ltr'><strong>ea</strong></span> <span class='ocrx_word' id='word_1_669' title='bbox 3228 3982 3521 4038; x_wconf 87' lang='lat' dir='ltr'><strong>derelictus</strong></span> 
     </span>
    </p>
   </div>
   <div class='ocr_carea' id='block_1_100' title="bbox 1948 4077 3523 4160">
    <p class='ocr_par' dir='ltr' id='par_1_100' title="bbox 1948 4077 3523 4160">
     <span class='ocr_line' id='line_1_100' title="bbox 1948 4077 3523 4160; baseline -0.013 -15"><span class='ocrx_word' id='word_1_670' title='bbox 1948 4093 2100 4145; x_wconf 86' lang='lat' dir='ltr'><strong>venia</strong></span> <span class='ocrx_word' id='word_1_671' title='bbox 2124 4091 2318 4160; x_wconf 71' lang='lat' dir='ltr'><strong>dign-&#39;3</strong></span> <span class='ocrx_word' id='word_1_672' title='bbox 2340 4099 2441 4154; x_wconf 88' lang='lat' dir='ltr'><strong>est,</strong></span> <span class='ocrx_word' id='word_1_673' title='bbox 2468 4099 2628 4158; x_wconf 85' lang='lat' dir='ltr'><strong>atque</strong></span> <span class='ocrx_word' id='word_1_674' title='bbox 2659 4088 2779 4142; x_wconf 86' lang='lat' dir='ltr'><strong>ideo</strong></span> <span class='ocrx_word' id='word_1_675' title='bbox 2795 4086 2840 4140; x_wconf 90' lang='lat' dir='ltr'><strong>si</strong></span> <span class='ocrx_word' id='word_1_676' title='bbox 2873 4085 3030 4138; x_wconf 85' lang='lat' dir='ltr'><strong>aliam</strong></span> <span class='ocrx_word' id='word_1_677' title='bbox 3064 4077 3280 4135; x_wconf 82' lang='lat' dir='ltr'><strong>duxerit</strong></span> <span class='ocrx_word' id='word_1_678' title='bbox 3299 4087 3523 4130; x_wconf 81' lang='lat' dir='ltr'><strong>uxorem</strong></span> 
     </span>
    </p>
   </div>
   <div class='ocr_carea' id='block_1_101' title="bbox 1949 4183 2389 4254">
    <p class='ocr_par' dir='ltr' id='par_1_101' title="bbox 1949 4183 2389 4254">
     <span class='ocr_line' id='line_1_101' title="bbox 1949 4183 2389 4254; baseline -0.007 -16"><span class='ocrx_word' id='word_1_679' title='bbox 1949 4185 2153 4254; x_wconf 85' lang='lat' dir='ltr'><strong>culpari</strong></span> <span class='ocrx_word' id='word_1_680' title='bbox 2181 4183 2389 4253; x_wconf 81' lang='lat' dir='ltr'><strong>nequit.</strong></span> 
     </span>
    </p>
   </div>
   <div class='ocr_carea' id='block_1_102' title="bbox 2369 4349 3058 4428">
    <p class='ocr_par' dir='ltr' id='par_1_102' title="bbox 2369 4349 3058 4428">
     <span class='ocr_line' id='line_1_102' title="bbox 2369 4349 3058 4428; baseline -0.015 -14"><span class='ocrx_word' id='word_1_681' title='bbox 2369 4359 2478 4428; x_wconf 83' lang='lat'><strong>95</strong></span> <span class='ocrx_word' id='word_1_682' title='bbox 2523 4355 2752 4411; x_wconf 68' lang='lat' dir='ltr'><strong>assos</strong></span> <span class='ocrx_word' id='word_1_683' title='bbox 2813 4349 3058 4408; x_wconf 78' lang='lat' dir='ltr'><strong>XXXVI.</strong></span> 
     </span>
    </p>
   </div>
   <div class='ocr_carea' id='block_1_103' title="bbox 1951 4436 3520 4511">
    <p class='ocr_par' dir='ltr' id='par_1_103' title="bbox 1951 4436 3520 4511">
     <span class='ocr_line' id='line_1_103' title="bbox 1951 4436 3520 4511; baseline -0.012 -8"><span class='ocrx_word' id='word_1_684' title='bbox 1951 4449 2174 4503; x_wconf 84' lang='lat' dir='ltr'><strong>Militum</strong></span> <span class='ocrx_word' id='word_1_685' title='bbox 2229 4460 2450 4510; x_wconf 83' lang='lat' dir='ltr'><strong>uxores,</strong></span> <span class='ocrx_word' id='word_1_686' title='bbox 2509 4461 2650 4511; x_wconf 80' lang='lat' dir='ltr'><strong>qtue,</strong></span> <span class='ocrx_word' id='word_1_687' title='bbox 2701 4458 2824 4496; x_wconf 91' lang='lat' dir='ltr'><strong>cum</strong></span> <span class='ocrx_word' id='word_1_688' title='bbox 2879 4438 3053 4493; x_wconf 88' lang='lat' dir='ltr'><strong>mariti</strong></span> <span class='ocrx_word' id='word_1_689' title='bbox 3117 4436 3355 4504; x_wconf 87' lang='lat' dir='ltr'><strong>ipsarum</strong></span> <span class='ocrx_word' id='word_1_690' title='bbox 3413 4445 3520 4485; x_wconf 87' lang='lat' dir='ltr'><strong>non</strong></span> 
     </span>
    </p>
   </div>
   <div class='ocr_carea' id='block_1_104' title="bbox 2026 4525 3520 4605">
    <p class='ocr_par' dir='ltr' id='par_1_104' title="bbox 2026 4525 3520 4605">
     <span class='ocr_line' id='line_1_104' title="bbox 2026 4525 3520 4605; baseline -0.013 -13"><span class='ocrx_word' id='word_1_691' title='bbox 2026 4546 2341 4605; x_wconf 83' lang='lat' dir='ltr'><strong>appareant,</strong></span> <span class='ocrx_word' id='word_1_692' title='bbox 2369 4543 2690 4604; x_wconf 82' lang='lat' dir='ltr'><strong>nupserunt,</strong></span> <span class='ocrx_word' id='word_1_693' title='bbox 2723 4534 2896 4587; x_wconf 86' lang='lat' dir='ltr'><strong>eidem</strong></span> <span class='ocrx_word' id='word_1_694' title='bbox 2922 4529 3117 4583; x_wconf 87' lang='lat' dir='ltr'><strong>rationi</strong></span> <span class='ocrx_word' id='word_1_695' title='bbox 3143 4525 3520 4591; x_wconf 74' lang='lat' dir='ltr'><strong>subjiciuntur,</strong></span> 
     </span>
    </p>
   </div>
   <div class='ocr_carea' id='block_1_105' title="bbox 2023 4617 3522 4697">
    <p class='ocr_par' dir='ltr' id='par_1_105' title="bbox 2023 4617 3522 4697">
     <span class='ocr_line' id='line_1_105' title="bbox 2023 4617 3522 4697; baseline -0.011 -13"><span class='ocrx_word' id='word_1_696' title='bbox 2023 4632 2104 4684; x_wconf 91' lang='lat' dir='ltr'><strong>cui</strong></span> <span class='ocrx_word' id='word_1_697' title='bbox 2143 4641 2196 4684; x_wconf 90' lang='lat' dir='ltr'><strong>et</strong></span> <span class='ocrx_word' id='word_1_698' title='bbox 2228 4644 2347 4697; x_wconf 66' lang='lat' dir='ltr'><strong>quae</strong></span> <span class='ocrx_word' id='word_1_699' title='bbox 2388 4637 2607 4696; x_wconf 78' lang='lat' dir='ltr'><strong>prepter</strong></span> <span class='ocrx_word' id='word_1_700' title='bbox 2655 4625 2976 4679; x_wconf 85' lang='lat' dir='ltr'><strong>maritorum</strong></span> <span class='ocrx_word' id='word_1_701' title='bbox 3032 4617 3522 4688; x_wconf 77' lang='lat' dir='ltr'><strong>peregrinationem</strong></span> 
     </span>
    </p>
   </div>
   <div class='ocr_carea' id='block_1_106' title="bbox 2026 4704 3526 4782">
    <p class='ocr_par' dir='ltr' id='par_1_106' title="bbox 2026 4704 3526 4782">
     <span class='ocr_line' id='line_1_106' title="bbox 2026 4704 3526 4782; baseline -0.011 -12"><span class='ocrx_word' id='word_1_702' title='bbox 2026 4720 2200 4773; x_wconf 87' lang='lat' dir='ltr'><strong>reditu</strong></span> <span class='ocrx_word' id='word_1_703' title='bbox 2233 4734 2337 4772; x_wconf 90' lang='lat' dir='ltr'><strong>non</strong></span> <span class='ocrx_word' id='word_1_704' title='bbox 2371 4725 2683 4782; x_wconf 76' lang='lat' dir='ltr'><strong>exspectato</strong></span> <span class='ocrx_word' id='word_1_705' title='bbox 2713 4712 3030 4779; x_wconf 83' lang='lat' dir='ltr'><strong>nupserim;</strong></span> <span class='ocrx_word' id='word_1_706' title='bbox 3061 4709 3152 4763; x_wconf 88' lang='lat' dir='ltr'><strong>sed</strong></span> <span class='ocrx_word' id='word_1_707' title='bbox 3177 4722 3264 4760; x_wconf 86' lang='lat' dir='ltr'><strong>res</strong></span> <span class='ocrx_word' id='word_1_708' title='bbox 3294 4704 3526 4758; x_wconf 89' lang='lat' dir='ltr'><strong>nonnul-</strong></span> 
     </span>
    </p>
   </div>
   <div class='ocr_carea' id='block_1_107' title="bbox 2027 4792 3524 4867">
    <p class='ocr_par' dir='ltr' id='par_1_107' title="bbox 2027 4792 3524 4867">
     <span class='ocr_line' id='line_1_107' title="bbox 2027 4792 3524 4867; baseline -0.011 -7"><span class='ocrx_word' id='word_1_709' title='bbox 2027 4808 2132 4860; x_wconf 90' lang='lat' dir='ltr'><strong>lam</strong></span> <span class='ocrx_word' id='word_1_710' title='bbox 2182 4807 2272 4860; x_wconf 90' lang='lat' dir='ltr'><strong>hic</strong></span> <span class='ocrx_word' id='word_1_711' title='bbox 2301 4807 2515 4858; x_wconf 87' lang='lat' dir='ltr'><strong>veniam</strong></span> <span class='ocrx_word' id='word_1_712' title='bbox 2557 4802 2814 4863; x_wconf 87' lang='lat' dir='ltr'><strong>admittit,</strong></span> <span class='ocrx_word' id='word_1_713' title='bbox 2844 4799 2984 4867; x_wconf 85' lang='lat' dir='ltr'><strong>quod</strong></span> <span class='ocrx_word' id='word_1_714' title='bbox 3027 4795 3200 4861; x_wconf 88' lang='lat' dir='ltr'><strong>major</strong></span> <span class='ocrx_word' id='word_1_715' title='bbox 3231 4794 3304 4846; x_wconf 86' lang='lat' dir='ltr'><strong>sit</strong></span> <span class='ocrx_word' id='word_1_716' title='bbox 3337 4792 3524 4846; x_wconf 73' lang='lat' dir='ltr'><strong>mortis</strong></span> 
     </span>
    </p>
   </div>
   <div class='ocr_carea' id='block_1_108' title="bbox 2023 4899 2278 4965">
    <p class='ocr_par' dir='ltr' id='par_1_108' title="bbox 2023 4899 2278 4965">
     <span class='ocr_line' id='line_1_108' title="bbox 2023 4899 2278 4965; baseline 0 -13"><span class='ocrx_word' id='word_1_717' title='bbox 2023 4899 2278 4965; x_wconf 81' lang='lat' dir='ltr'><strong>suspicio.</strong></span> 
     </span>
    </p>
   </div>
   <div class='ocr_carea' id='block_1_109' title="bbox 2027 4973 3518 5055">
    <p class='ocr_par' dir='ltr' id='par_1_109' title="bbox 2027 4973 3518 5055">
     <span class='ocr_line' id='line_1_109' title="bbox 2027 4973 3518 5055; baseline -0.009 -15"><span class='ocrx_word' id='word_1_718' title='bbox 2027 4989 2219 5042; x_wconf 68' lang='lat' dir='ltr'><strong>BALS.</strong></span> <span class='ocrx_word' id='word_1_719' title='bbox 2252 4990 2352 5042; x_wconf 84' lang='lat' dir='ltr'><strong>Hic</strong></span> <span class='ocrx_word' id='word_1_720' title='bbox 2390 5001 2602 5055; x_wconf 89' lang='lat' dir='ltr'><strong>quoque</strong></span> <span class='ocrx_word' id='word_1_721' title='bbox 2656 4999 2826 5038; x_wconf 81' lang='lat' dir='ltr'><strong>canon</strong></span> <span class='ocrx_word' id='word_1_722' title='bbox 2861 4981 2912 5033; x_wconf 88' lang='lat' dir='ltr'><strong>in</strong></span> <span class='ocrx_word' id='word_1_723' title='bbox 2969 4979 3037 5034; x_wconf 82' lang='lat'><strong>93</strong></span> <span class='ocrx_word' id='word_1_724' title='bbox 3087 4993 3204 5050; x_wconf 88' lang='lat' dir='ltr'><strong>syu.</strong></span> <span class='ocrx_word' id='word_1_725' title='bbox 3243 4976 3310 5037; x_wconf 68' lang='lat' dir='ltr'><strong>5n</strong></span> <span class='ocrx_word' id='word_1_726' title='bbox 3339 4973 3518 5031; x_wconf 81' lang='lat' dir='ltr'><strong>Trulla</strong></span> 
     </span>
    </p>
   </div>
   <div class='ocr_carea' id='block_1_110' title="bbox 1955 5077 2990 5142">
    <p class='ocr_par' dir='ltr' id='par_1_110' title="bbox 1955 5077 2990 5142">
     <span class='ocr_line' id='line_1_110' title="bbox 1955 5077 2990 5142; baseline -0.013 -4"><span class='ocrx_word' id='word_1_727' title='bbox 1955 5081 2272 5142; x_wconf 82' lang='lat' dir='ltr'><strong>collocatus,</strong></span> <span class='ocrx_word' id='word_1_728' title='bbox 2317 5079 2426 5132; x_wconf 91' lang='lat' dir='ltr'><strong>illic</strong></span> <span class='ocrx_word' id='word_1_729' title='bbox 2461 5090 2543 5131; x_wconf 88' lang='lat' dir='ltr'><strong>est</strong></span> <span class='ocrx_word' id='word_1_730' title='bbox 2579 5077 2990 5142; x_wconf 86' lang='lat' dir='ltr'><strong>interpretatus.</strong></span> 
     </span>
    </p>
   </div>
   <div class='ocr_carea' id='block_1_111' title="bbox 2027 5243 3522 5317">
    <p class='ocr_par' dir='ltr' id='par_1_111' title="bbox 2027 5243 3522 5317">
     <span class='ocr_line' id='line_1_111' title="bbox 2027 5243 3522 5317; baseline -0.013 -6"><span class='ocrx_word' id='word_1_731' title='bbox 2027 5255 2281 5310; x_wconf 77' lang='lat' dir='ltr'><strong>ZO&#39;NAR.</strong></span> <span class='ocrx_word' id='word_1_732' title='bbox 2316 5254 2383 5307; x_wconf 89' lang='lat' dir='ltr'><strong>Et</strong></span> <span class='ocrx_word' id='word_1_733' title='bbox 2413 5253 2641 5306; x_wconf 82' lang='lat' dir='ltr'><strong>militum</strong></span> <span class='ocrx_word' id='word_1_734' title='bbox 2677 5263 2889 5317; x_wconf 85' lang='lat' dir='ltr'><strong>quoque</strong></span> <span class='ocrx_word' id='word_1_735' title='bbox 2919 5261 3138 5306; x_wconf 80' lang='lat' dir='ltr'><strong>uxores,</strong></span> <span class='ocrx_word' id='word_1_736' title='bbox 3199 5245 3264 5297; x_wconf 88' lang='lat' dir='ltr'><strong>ad</strong></span> <span class='ocrx_word' id='word_1_737' title='bbox 3297 5243 3522 5296; x_wconf 88' lang='lat' dir='ltr'><strong>multum</strong></span> 
     </span>
    </p>
   </div>
   <div class='ocr_carea' id='block_1_112' title="bbox 1958 5330 3523 5414">
    <p class='ocr_par' dir='ltr' id='par_1_112' title="bbox 1958 5330 3523 5414">
     <span class='ocr_line' id='line_1_112' title="bbox 1958 5330 3523 5414; baseline -0.01 -15"><span class='ocrx_word' id='word_1_738' title='bbox 1958 5346 2213 5414; x_wconf 88' lang='lat' dir='ltr'><strong>temporis</strong></span> <span class='ocrx_word' id='word_1_739' title='bbox 2277 5345 2516 5412; x_wconf 86' lang='lat' dir='ltr'><strong>ipsarum</strong></span> <span class='ocrx_word' id='word_1_740' title='bbox 2573 5341 2704 5393; x_wconf 84' lang='lat' dir='ltr'><strong>viris</strong></span> <span class='ocrx_word' id='word_1_741' title='bbox 2753 5353 2857 5391; x_wconf 91' lang='lat' dir='ltr'><strong>non</strong></span> <span class='ocrx_word' id='word_1_742' title='bbox 2887 5336 3293 5402; x_wconf 84' lang='lat' dir='ltr'><strong>apparentibus,</strong></span> <span class='ocrx_word' id='word_1_743' title='bbox 3324 5332 3368 5385; x_wconf 88' lang='lat' dir='ltr'><strong>si</strong></span> <span class='ocrx_word' id='word_1_744' title='bbox 3403 5330 3523 5384; x_wconf 89' lang='lat' dir='ltr'><strong>aliis</strong></span> 
     </span>
    </p>
   </div>
   <div class='ocr_carea' id='block_1_113' title="bbox 1949 5421 3523 5503">
    <p class='ocr_par' dir='ltr' id='par_1_113' title="bbox 1949 5421 3523 5503">
     <span class='ocr_line' id='line_1_113' title="bbox 1949 5421 3523 5503; baseline -0.011 -17"><span class='ocrx_word' id='word_1_745' title='bbox 1949 5421 2257 5503; x_wconf 65' lang='lat' dir='ltr'><strong>&#39;junganlur</strong></span> <span class='ocrx_word' id='word_1_746' title='bbox 2290 5433 2401 5499; x_wconf 77' lang='lat' dir='ltr'><strong>pari</strong></span> <span class='ocrx_word' id='word_1_747' title='bbox 2434 5447 2556 5486; x_wconf 89' lang='lat' dir='ltr'><strong>cum</strong></span> <span class='ocrx_word' id='word_1_748' title='bbox 2599 5430 2820 5497; x_wconf 87' lang='lat' dir='ltr'><strong>reliquis</strong></span> <span class='ocrx_word' id='word_1_749' title='bbox 2866 5425 3186 5479; x_wconf 83' lang='lat' dir='ltr'><strong>mulieribus</strong></span> <span class='ocrx_word' id='word_1_750' title='bbox 3230 5423 3396 5475; x_wconf 91' lang='lat' dir='ltr'><strong>multa</strong></span> <span class='ocrx_word' id='word_1_751' title='bbox 3424 5437 3523 5488; x_wconf 84' lang='lat' dir='ltr'><strong>pu—</strong></span> 
     </span>
    </p>
   </div>
   <div class='ocr_carea' id='block_1_114' title="bbox 1961 5512 3520 5591">
    <p class='ocr_par' dir='ltr' id='par_1_114' title="bbox 1961 5512 3520 5591">
     <span class='ocr_line' id='line_1_114' title="bbox 1961 5512 3520 5591; baseline -0.012 -14"><span class='ocrx_word' id='word_1_752' title='bbox 1961 5528 2202 5587; x_wconf 90' lang='lat' dir='ltr'><strong>nittutnr,</strong></span> <span class='ocrx_word' id='word_1_753' title='bbox 2253 5538 2391 5591; x_wconf 70' lang='lat' dir='ltr'><strong>quae,</strong></span> <span class='ocrx_word' id='word_1_754' title='bbox 2454 5537 2575 5573; x_wconf 90' lang='lat' dir='ltr'><strong>cum</strong></span> <span class='ocrx_word' id='word_1_755' title='bbox 2634 5518 2733 5571; x_wconf 85' lang='lat' dir='ltr'><strong>viri</strong></span> <span class='ocrx_word' id='word_1_756' title='bbox 2787 5516 2987 5571; x_wconf 90' lang='lat' dir='ltr'><strong>diutius</strong></span> <span class='ocrx_word' id='word_1_757' title='bbox 3029 5512 3520 5580; x_wconf 80' lang='lat' dir='ltr'><strong>peregrinarentur,</strong></span> 
     </span>
    </p>
   </div>
   <div class='ocr_carea' id='block_1_115' title="bbox 1961 5599 3518 5681">
    <p class='ocr_par' dir='ltr' id='par_1_115' title="bbox 1961 5599 3518 5681">
     <span class='ocr_line' id='line_1_115' title="bbox 1961 5599 3518 5681; baseline -0.011 -14"><span class='ocrx_word' id='word_1_758' title='bbox 1961 5618 2082 5669; x_wconf 85' lang='lat' dir='ltr'><strong>aliis</strong></span> <span class='ocrx_word' id='word_1_759' title='bbox 2141 5623 2461 5681; x_wconf 86' lang='lat' dir='ltr'><strong>nupserunt.</strong></span> <span class='ocrx_word' id='word_1_760' title='bbox 2522 5611 2731 5664; x_wconf 84' lang='lat' dir='ltr'><strong>Habent</strong></span> <span class='ocrx_word' id='word_1_761' title='bbox 2790 5622 2917 5662; x_wconf 77' lang='lat' dir='ltr'><strong>voro</strong></span> <span class='ocrx_word' id='word_1_762' title='bbox 2975 5604 3289 5672; x_wconf 87' lang='lat' dir='ltr'><strong>quamdam,</strong></span> <span class='ocrx_word' id='word_1_763' title='bbox 3326 5599 3518 5666; x_wconf 87' lang='lat' dir='ltr'><strong>inquit,</strong></span> 
     </span>
    </p>
   </div>
   <div class='ocr_carea' id='block_1_116' title="bbox 1963 5691 3522 5767">
    <p class='ocr_par' dir='ltr' id='par_1_116' title="bbox 1963 5691 3522 5767">
     <span class='ocr_line' id='line_1_116' title="bbox 1963 5691 3522 5767; baseline -0.011 -9"><span class='ocrx_word' id='word_1_764' title='bbox 1963 5725 1989 5758; x_wconf 87' lang='grc' dir='ltr'><strong>ν</strong></span> <span class='ocrx_word' id='word_1_765' title='bbox 2030 5708 2171 5758; x_wconf 88' lang='lat' dir='ltr'><strong>niant</strong></span> <span class='ocrx_word' id='word_1_766' title='bbox 2204 5705 2461 5758; x_wconf 83' lang='lat' dir='ltr'><strong>-tuiiitutn</strong></span> <span class='ocrx_word' id='word_1_767' title='bbox 2513 5716 2729 5761; x_wconf 77' lang='lat' dir='ltr'><strong>uxores,</strong></span> <span class='ocrx_word' id='word_1_768' title='bbox 2762 5699 2899 5767; x_wconf 88' lang='lat' dir='ltr'><strong>quod</strong></span> <span class='ocrx_word' id='word_1_769' title='bbox 2930 5696 3141 5750; x_wconf 77' lang='lat' dir='ltr'><strong>facilius</strong></span> <span class='ocrx_word' id='word_1_770' title='bbox 3190 5691 3522 5759; x_wconf 84' lang='lat' dir='ltr'><strong>suspicemur</strong></span> 
     </span>
    </p>
   </div>
   <div class='ocr_carea' id='block_1_117' title="bbox 1963 5783 3522 5860">
    <p class='ocr_par' dir='ltr' id='par_1_117' title="bbox 1963 5783 3522 5860">
     <span class='ocr_line' id='line_1_117' title="bbox 1963 5783 3522 5860; baseline -0.01 -10"><span class='ocrx_word' id='word_1_771' title='bbox 1963 5797 2232 5850; x_wconf 60' lang='lat' dir='ltr'><strong>interisse</strong></span> <span class='ocrx_word' id='word_1_772' title='bbox 2268 5797 2487 5858; x_wconf 78' lang='lat' dir='ltr'><strong>tuilite=,</strong></span> <span class='ocrx_word' id='word_1_773' title='bbox 2521 5793 2713 5860; x_wconf 75' lang='lat' dir='ltr'><strong>quippe</strong></span> <span class='ocrx_word' id='word_1_774' title='bbox 2731 5790 2820 5858; x_wconf 86' lang='lat' dir='ltr'><strong>qui</strong></span> <span class='ocrx_word' id='word_1_775' title='bbox 2847 5789 2989 5842; x_wconf 84' lang='lat' dir='ltr'><strong>inter</strong></span> <span class='ocrx_word' id='word_1_776' title='bbox 3021 5785 3154 5840; x_wconf 79' lang='lat' dir='ltr'><strong>bella</strong></span> <span class='ocrx_word' id='word_1_777' title='bbox 3187 5795 3236 5838; x_wconf 85' lang='lat' dir='ltr'><strong>et</strong></span> <span class='ocrx_word' id='word_1_778' title='bbox 3265 5783 3433 5838; x_wconf 72' lang='lat' dir='ltr'><strong>ca:ch</strong></span> <span class='ocrx_word' id='word_1_779' title='bbox 3459 5795 3522 5835; x_wconf 85' lang='lat' dir='ltr'><strong>ac</strong></span> 
     </span>
    </p>
   </div>
  </div>
