3946 6342
464 316 573 384 763

1696 313 1974 378 THEOD.
2020 306 2108 369 BA
2124 308 2249 370 [ΞΑ
2261 312 2364 373 ΜΟ
2377 315 2418 373 Ν

3595 310 3699 372 704

469 429 704 500 pericula
737 428 897 482 vitam
924 425 1102 496 agant.
1139 427 1305 483 Venia
1339 443 1497 498 porro
1529 429 1618 482 illa
1659 427 1842 489 fuerit,
1870 433 1926 477 ut
1958 423 2023 476 de

2156 423 2221 470 :1".
2252 423 2464 490 σφαγὰς
2487 421 2578 474 καὶ
2609 419 2887 485 κινδύνους
2911 419 3370 491 ἀναστρέφεσθαι.
3391 421 3452 474 Ἦ
3482 421 3538 473 δὲ
3571 439 3697 486 συγ-

467 534 710 602 tempore
744 533 918 587 paena:
953 519 1637 587 persolvendaaconstituto
1670 519 1871 588 aliquid
1900 517 2032 586 ipsis

467 607 804 660 detrahatur.

539 695 765 750 ARIST.
828 696 1052 750 Militum
1101 713 1298 753 uxores
1344 713 1463 768 qua:
1525 714 1589 754 eo
1623 700 1764 768 quod
1796 699 1894 752 viri
1951 697 2033 751 sui

470 804 737 856 nusquam
783 799 1078 857 appareant
1113 791 1572 860 aliisjunguntur,
1606 801 1729 846 sunt
1773 792 1928 845 venia
1951 790 2033 842 di-

467 882 684 949 guiores
718 883 857 943 aliis,
905 898 1024 951 quae
1087 894 1305 952 propter
1338 898 1524 938 eorum
1573 885 2034 957 peregrinationes

468 992 574 1028 non
600 962 935 1040 exspeCtant'.

545 1066 730 1118 Eidem
806 1066 1175 1120 fornicationis
1245 1067 1510 1135 supplicio
1572 1067 1936 1136 subjiciuntur
1984 1074 2038 1120 et

471 1158 643 1210 amba:
677 1158 758 1210 lite
799 1159 1072 1219 mulieres,
1102 1168 1158 1209 et
1179 1174 1295 1224 qua
1320 1160 1416 1212 viri
1458 1174 1485 1212 a
1515 1160 1704 1212 militia
1733 1158 2036 1212 communis

471 1255 525 1296 et
563 1250 954 1312 peregrinantis
986 1263 1123 1302 uxor
1153 1258 1257 1313 est,
1290 1258 1343 1302 et
1393 1252 1704 1318 priusquam
1758 1249 1920 1302 certis
1954 1264 2041 1302 ar-

473 1341 744 1406 gumentis
789 1343 1143 1394 coMirmetur
1179 1357 1324 1395 mors
1357 1343 1517 1406 illius,
1559 1343 1645 1395 alii
1676 1344 1941 1410 nupserit,
1986 1349 2039 1394 et

474 1444 594 1494 quae
623 1430 807 1482 militis
837 1439 919 1483 est
956 1445 1114 1493 uxor,
1149 1432 1192 1483 si
1225 1443 1276 1485 et
1309 1432 1397 1484 illa
1428 1443 1715 1500 antequam
1750 1433 1848 1485 viri
1873 1432 2039 1499 ipsius

478 1529 708 1573 mortem
745 1531 996 1571 accurate
1019 1519 1225 1584 didicit,
1257 1523 1342 1575 alii
1375 1524 2040 1594 conjungetur.Quomodo

447 1620 651 1670 _autetn
716 1610 945 1662 militum
1010 1626 1206 1665 uxores
1260 1628 1379 1665 cum
1430 1617 1539 1668 vita
1597 1616 1875 1670 defunctos
1923 1631 2041 1670 esse

475 1700 699 1753 maritos
732 1715 856 1753 suos
890 1700 1179 1754 didicerint
1212 1716 1440 1757 mortem
1473 1721 1655 1758 eorum
1718 1707 2041 1774 investigare

479 1792 695 1852 debent,
739 1794 1029 1847 centesima
1067 1797 1271 1849 decima
1329 1799 1554 1865 septima
1600 1799 1889 1854 Justiniani
1947 1816 2043 1853 no-

478 1880 614 1931 vella
652 1885 861 1945 statuit,
903 1885 954 1937 in
988 1887 1216 1952 septimo
1246 1890 1398 1942 titulo
1435 1892 1677 1944 vicesimi
1719 1893 1891 1945 octavi
1921 1892 2044 1945 libri

477 1965 833 2024 Basilicorum
871 1977 1065 2039 pOsita.
1100 1979 1264 2047 Cujus
1295 1981 1376 2034 vis
1400 1991 1452 2034 et
1503 1983 1557 2034 in
1603 1997 1724 2036 can.
1763 1984 1826 2037 91
1881 1996 2048 2039 sextae

474 2075 532 2113 an
567 2061 756 2112 Trullo
793 2065 979 2130 synodi
1020 2067 1225 2136 scripta
1281 2080 1382 2125 est.
1435 2071 1677 2127 Praesens
1734 2085 1911 2128 autem
1953 2091 2045 2129 ca-

479 2163 582 2200 non
617 2152 849 2204 militum
901 2171 1098 2210 uxores
1155 2160 1486 2228 indulgentia
1541 2167 1716 2232 aliqua
1773 2166 2043 2236 dignatur,

477 2241 760 2306 plusquam
793 2261 989 2300 uxores
1037 2250 1192 2303 aliter
1239 2257 1724 2322 peregrinantium,
1771 2260 1813 2312 si
1860 2261 1923 2313 ad
1957 2277 2046 2314 se-

478 2334 683 2385 cundas
713 2337 931 2403 nuptias
972 2342 1240 2405 venerint,
1271 2344 1405 2398 viris
1437 2347 1550 2400 Suis
1582 2364 1686 2402 non
1734 2353 2046 2418 apparenti-

475 2423 577 2475 bus
597 2428 850 2492 quoniam
880 2429 1153 2499 istipotius
1177 2451 1340 2502 prope
1364 2447 1588 2491 mortem
1616 2452 1758 2503 sunt,
1785 2451 1839 2494 et
1861 2458 2044 2496 eorum

479 2511 719 2566 absentia
753 2529 999 2584 magnam
1029 2520 1122 2575 dat
1151 2524 1517 2592 suspicionem
1545 2531 1684 2596 quod
1713 2530 1797 2585 vel
1849 2532 2045 2585 mortui

474 2601 584 2654 sint
605 2603 688 2657 Vel
716 2604 1009 2661 interiecti.

970 2788 1202 2844 CANON
1257 2792 1525 2849 XXXVII.

483 2873 583 2939 Qui
618 2885 900 2947 postquam
930 2879 1103 2934 aliena
1140 2884 1188 2936 ei
1223 2883 1400 2937 ablata
1433 2885 1596 2942 fuerit
1618 2904 1843 2944 uxorem
1873 2891 2048 2956 duxit,

553 2967 608 3021 in
634 2969 805 3035 prima
826 2972 1038 3038 quidem
1067 2975 1316 3030 adulterii
1343 2981 1709 3049 accusabitur,
1738 2983 1792 3038 in
1809 2987 2048 3040 secunda

554 3073 682 3111 vero
710 3077 832 3116 reus
857 3081 958 3117 non
993 3077 1203 3136 agetur.

552 3147 749 3204 BALS.
809 3153 1054 3206 Alieuam
1112 3158 1199 3210 hic
1236 3160 1366 3214 dicit
1401 3177 1598 3229 canon,
1643 3181 1762 3232 quae
1812 3169 2049 3236 legitime

481 3241 688 3306 nupsit,
727 3243 808 3295 vel
831 3243 1097 3309 desponsa
1133 3248 1229 3300 fuit
1252 3253 1431 3306 alicui.
1456 3254 1512 3307 Si
1543 3257 1666 3324 quis
1697 3273 1825 3326 ergo
1844 3261 2050 3314 adulte-

483 3330 621 3381 rium
678 3334 1053 3396 commiserit,
1101 3337 1280 3392 alieua
1331 3341 1384 3392 in
1445 3358 1596 3396 suam
1666 3348 2048 3414 proprietatem

485 3436 765 3491 usurpata,
802 3425 916 3493 lege
942 3429 1128 3495 utique
1157 3433 1509 3499 matrimonii,
1537 3446 1589 3488 et
1621 3439 1688 3490 ab
1734 3454 1794 3491 ea
1833 3455 2050 3505 separa-

485 3522 572 3564 tus
626 3514 786 3568 fuerit
826 3532 946 3570 cum
998 3519 1238 3586 legitima
1302 3525 1793 3590 condemnatioue,
1853 3531 2053 3598 aliique

485 3606 807 3672 cuttjunctus
842 3626 854 3660 :
893 3625 989 3676 pro
1021 3612 1286 3668 adulterio
1320 3616 1535 3682 quidem
1567 3621 1861 3673 secundum
1891 3638 2053 3678 cano—

485 3712 581 3747 nes
613 3698 880 3764 punietur,
929 3700 982 3752 iu
1023 3705 1259 3757 secunda
1307 3716 1484 3759 autem
1518 3722 1706 3772 uxore,
1734 3727 1853 3777 qua:
1894 3721 1974 3763 est
2023 3728 2049 3763 a

484 3787 603 3836 viro
656 3789 844 3852 libera,
882 3805 1007 3844 reus
1053 3808 1156 3846 non
1208 3795 1404 3862 agitur.
1458 3797 1584 3850 Haac
1639 3810 1817 3851 autem
1860 3811 1984 3853 sunt
2023 3818 2050 3854 a

486 3887 670 3930 sancto
687 3881 981 3933 constituta
1015 3893 1234 3950 propter
1277 3900 1370 3940 eos
1398 3888 1492 3956 qui
1530 3888 1780 3943 dicebant
1821 3907 1924 3942 nun
1962 3895 2054 3946 de-

485 3966 614 4020 bere
648 3971 950 4026 adulterum
985 3977 1234 4028 secundas
1264 3978 1422 4031 uxori
1459 3979 1735 4048 conjungi,
1768 3989 1826 4031 ut
1873 3984 1960 4048 qui
2002 3985 2051 4035 in

487 4057 772 4123 capitalem
845 4062 1356 4119 condemnationem
1421 4067 1738 4132 incidisset,
1816 4080 1870 4122 et
1949 4087 2052 4125 non

487 4157 672 4214 posset
710 4149 827 4217 lege
874 4153 1041 4206 veteri
1092 4159 1415 4211 contrahere
1440 4196 1456 4220 ,
1502 4175 1623 4227 qua:
1661 4162 2054 4215 observabatur

490 4249 734 4306 tempore
771 4241 975 4307 Basilii,
1023 4246 1233 4300 scilicet
1273 4259 1402 4302 ante
1451 4253 1904 4318 repurgationem.
1943 4254 2056 4308 Etsi

486 4330 632 4382 enim
665 4331 716 4383 in
747 4333 975 4400 capitale
1029 4337 1350 4404 supplicium
1390 4340 1660 4409 quispiam
1698 4343 1896 4397 incidat
1936 4360 2056 4410 pro-

2134 513 2323 580 γνώμη
2370 512 2451 582 εἴη
2513 513 2578 565 ἂν
2631 513 2691 564 τὸ
2759 512 2847 564 τὸν
2879 513 3066 583 χρόνον
3106 512 3197 565 τοῦ
3245 510 3524 578 ἐπιτιμίου
3576 511 3698 572 ίσως

2147 609 2171 658 ὲ
2183 605 2505 659 λαττοῦσθαι
2548 605 2757 668 αὐταῖς.

2201 698 2425 750 ΑΡΙΣΤ.
2486 698 2556 750 Al
2607 697 2988 766 στρατιώτιδες
3023 700 3078 752 αἱ
3108 699 3195 750 διά
3219 698 3316 767 τὴν
3344 698 3452 748 τῶν
3498 695 3722 764 ἀνδρῶγ’

2136 791 2398 855 ἀφάνειαν
2419 791 2598 853 ἄλλοις
2625 789 2982 859 ζευγνύμεναι
2998 792 3370 858 συγγνωστότε
3379 808 3467 858 ραι
3486 789 3587 840 τῶν
3604 785 3694 838 ἀλ-

2136 881 2269 945 λων,
2295 882 2350 934 αἶ
2372 882 2458 936 διὰ
2482 885 2580 943 τὰς
2601 885 2907 963 ἀποδημίας
2925 886 2986 936 οὐ
3017 886 3426 955 περιμένουσιν.

2189 1059 2278 1130 Τῷ
2311 1062 2461 1133 αὐτῷ
2515 1065 2614 1131 τῆς
2648 1065 2897 1133 μοιχείας
2925 1063 3186 1134 ἐπιτιμίῳ
3243 1065 3556 1117 ὑπόκεινται
3610 1067 3702 1121 καὶ

2138 1148 2446 1216 ἀμφότεραι
2481 1150 2536 1203 αί
2560 1154 2840 1216 γυναῖκες,
2865 1152 2899 1220 ἥ
2949 1168 3009 1204 τε
3041 1150 3134 1202 τοῦ
3194 1151 3561 1220 ἀστρατεύτου
3611 1153 3702 1203 καὶ

2140 1238 2425 1308 ἀποδήμου
2445 1242 2619 1303 ὄντος,
2649 1241 2743 1292 καὶ
2779 1241 2886 1308 πρὸ
2943 1241 3038 1293 τοῦ
3087 1241 3571 1310 πληροφορηθῆναι
3616 1243 3706 1292 τὸν

2142 1330 2367 1384 θάνατον
2387 1333 2574 1391 αὐτοῦ,
2595 1335 2765 1403 ἑτέρῳ
2789 1335 3121 1403 γαμηθεῖσα,
3142 1335 3234 1386 καὶ
3264 1336 3294 1403 ἡ
3321 1335 3414 1386 τοῦ
3443 1335 3709 1403 στρατιώι

2141 1438 2252 1484 του,
2284 1422 2376 1473 ἐὰν
2402 1423 2494 1474 καὶ
2523 1424 2681 1489 αὑτὴ,
2723 1424 2826 1491 πρὸ
2851 1423 2945 1475 τοῦ
2997 1425 3185 1492 μαθεῖν
3215 1422 3458 1491 ἀκριϐῶς
3486 1427 3549 1474 τὰ
3579 1422 3706 1490 περὶ

2143 1512 2236 1563 τοῦ
2271 1512 2502 1566 θανάτου
2519 1514 2612 1565 τοῦ
2650 1515 2839 1584 ἀνδρὸς
2869 1516 3059 1583 αὐτῆς,
3083 1516 3252 1584 ἑτέρῳ
3279 1514 3540 1584 συναφθῇ’
3567 1515 3711 1576 ὅπως

2143 1604 2199 1654 δὲ
2254 1605 2309 1655 αἱ
2371 1607 2769 1674 στρατιώτιδες,
2825 1607 3091 1675 μαθοῦσαι
3149 1610 3273 1670 τοὺς
3307 1608 3467 1668 ίδίους
3521 1607 3716 1674 ἄνδρας

2151 1697 2620 1766 τετελευτηκέναι,
2641 1700 2944 1767 ὀφείλουσιν
2968 1701 3195 1770 ὲρευνᾷν
3221 1699 3456 1770 περὶτοῦ
3486 1700 3714 1752 θανάτου

2153 1789 2350 1852 αὐτῶν,
2380 1791 2412 1857 ἡ
2472 1791 2902 1853 Ίουστινιάνειος
2945 1793 3213 1858 έκατοστὴ
3280 1793 3718 1858 ἑπτακαιδεκάτη

2149 1880 2336 1947 Νεαρά
2358 1879 2746 1947 διαλαμϐάνει,
2803 1883 2835 1949 ἡ
2891 1882 2947 1932 ὲν
3003 1881 3082 1950 τῷ
3138 1881 3350 1950 ἑϐδόμῳ
3409 1880 3574 1950 τίτλῳ
3624 1879 3718 1932 τοῦ

2149 1971 2401 2022 είκοστοῦ
2439 1973 2629 2037 ὀγδόου
2673 1972 2882 2041 βιϐλίου
2931 1973 3038 2025 τῶν
3089 1972 3387 2042 βασιλικῶν
3445 1971 3674 2039 κειμένη
3703 1986 3720 2001 ⁸

2147 2056 2212 2131 ἦς
2242 2064 2274 2132 ἡ
2304 2063 2534 2129 δύναμις
2567 2081 2660 2115 και
2692 2067 2748 2114 ὲν
2773 2063 2850 2132 τῷ
2884 2062 3251 2132 ὲννενηκοστῷ
3303 2061 3504 2130 πρώτῳ
3534 2062 3722 2114 κανόνι

2151 2154 2371 2221 ἐγράφη
2404 2153 2504 2221 τῆς
2540 2153 2694 2222 ἐντῷ
2729 2153 2986 2221 Τρούλλῳ
3034 2153 3201 2220 ἕκτης
3256 2153 3497 2205 συνόδου.
3558 2151 3618 2202 Ὀ
3668 2151 3725 2201 δὲ

2149 2244 2343 2313 παρὼν
2371 2244 2554 2295 κανὼν
2584 2242 2911 2312 συγγνώμης
2929 2244 3074 2305 τινος
3095 2244 3240 2306 ἀξιοῖ
3274 2245 3376 2305 τὰς
3398 2243 3508 2296 τῶν
3553 2260 3724 2310 στρα-

2149 2334 2360 2386 τιωτῶν
2396 2338 2664 2398 γυναῖκας
2693 2335 2844 2403 παρὰ
2904 2335 3002 2394 τὰς
3050 2337 3317 2400 γυναῖκας
3383 2336 3489 2387 τῶν
3548 2334 3726 2395 ἄλλως

2149 2427 2599 2495 ἀποδημούντων,
2625 2427 2784 2494 εἴπερ
2808 2428 2942 2496 πρὸς
2971 2429 3226 2496 δεύτερον
3255 2430 3434 2493 γάμον
3490 2427 3721 2486 ἔλθοιεν,

2149 2519 2257 2568 τῶν
2283 2518 2494 2585 ἀνδρῶν
2527 2519 2706 2570 αὐτῶν
2747 2519 3217 2584 άφαντίιιθέντων·
3273 2518 3363 2569 διὰ
3416 2517 3474 2568 τὸ
3524 2517 3729 2585 μᾶλλον

2150 2607 2285 2674 πρὸς
2340 2607 2572 2658 θάνατον
2599 2603 2740 2659 εἶναι
2817 2606 3037 2666 αὐτοὺς.
3088 2609 3179 2658 καὶ
3239 2605 3478 2673 μῆάλην
3524 2606 3728 2658 διδόναι

2151 2696 2406 2747 ὑπόνοιαν
2425 2697 2523 2764 τὴν
2540 2697 2573 2746 ἀ
2586 2697 2825 2762 ράνειαν,
2842 2695 2915 2755 ὡς
2932 2694 3276 2762 τεθνήκασιν,
3299 2694 3330 2763 ἦ
3352 2694 3723 2764 ἀνῃρέθησαν.

2721 2786 2959 2838 ΚΑΝΩΝ
2989 2787 3112 2839 ΔΖ’.

2151 2877 2395 2932 Μετάτὸ
2451 2877 2819 2946 ἀφαιρεθῆναι
2853 2879 2949 2946 τὴν
3027 2877 3315 2945 ἀλλοτρίαν
3373 2879 3400 2929 6
3444 2879 3728 2946 γαμήσας,

2203 2971 2298 3022 ἐπὶ
2361 2970 2459 3037 μὲν
2486 2975 2553 3039 τῇ
2588 2970 2801 3039 πρώτῃ,
2838 2969 3086 3037 μοιχείας
3117 2968 3531 3039 ὲγκληθήσεται
3573 2986 3587 3000 ο
3628 2969 3732 3020 ἐπὶ

2071 3068 2120 3132 C
2202 3063 2260 3116 δὲ
2309 3066 2376 3131 τῇ
2417 3064 2645 3131 δευτέρᾳ
2676 3061 2966 3123 ἀνεύθυνος
2999 3062 3173 3113 ἔσται.

2220 3154 2420 3209 ΒΑΛΣ.
2494 3152 2803 3220 Ἇλλοτρίαν
2883 3151 3117 3204 ἐνταῦθα.
3198 3152 3344 3217 λέγει
3428 3155 3456 3203 6
3544 3150 3732 3203 κανὼν

2151 3246 2248 3313 τὴν
2329 3245 2574 3314 νομίμως
2647 3243 2988 3311 γαμηθεῖσαν
3060 3245 3090 3312 ἢ
3144 3245 3236 3297 καὶ
3298 3244 3734 3310 μνηστευθεῖσάν

2152 3354 2279 3389 τινι.
2357 3335 2424 3386 Et
2500 3351 2585 3396 τις
2691 3333 2822 3401 γοῦν
2917 3336 3214 3402 μοιχεύσει,
3308 3335 3734 3402 ίδιοποιούμενος

2156 3427 2255 3494 τὴν
2332 3426 2623 3495 ἀλλοτρίαν
2688 3427 2827 3479 κατὰ
2874 3427 3039 3494 νόμον
3102 3426 3264 3495 δῆθεν
3353 3430 3549 3495 γάμου,
3633 3430 3733 3479 καὶ

2154 3519 2324 3586 αὐτὴν
2379 3519 2477 3586 μὲν
2544 3519 2812 3587 ἀφαιρεθῇ
2868 3519 3006 3581 μετὰ
3095 3520 3388 3584 καταδίκης
3470 3520 3730 3586 νομίμου,

2157 3611 2320 3678 ἑτέρᾳ
2397 3608 2448 3659 δὲ
2515 3608 2837 3676 συζευχθῖγ
2889 3608 3047 3675 χάριν
3119 3608 3214 3673 μὲν
3292 3612 3387 3674 τῇς
3485 3609 3734 3677 μοιχείας

2156 3697 2298 3763 κατὰ
2324 3697 2448 3756 τοὺς
2481 3695 2714 3755 κανόνας
2738 3694 3223 3762 ἐπιτιμηθὴσεται,
3277 3696 3370 3746 ἐπὶ
3397 3695 3452 3747 δὲ
3483 3698 3544 3764 τῇ
3607 3695 3734 3747 δευ-

2154 3789 2288 3857 τέρᾳ
2338 3791 2574 3855 γαμετῇ.
2621 3786 2881 3855 ἐλευθέρᾳ
2949 3785 3081 3854 οὔσῃ
3158 3786 3368 3852 ἀνδρὸς,
3425 3786 3523 3836 οὐκ
3576 3785 3734 3836 ἔσται

2156 3881 2471 3940 ὑπεύθυνος.
2522 3878 2846 3947 Ὠρίσθησαν
2874 3877 3126 3929 δὲταῦτα
3155 3878 3304 3943 παρὰ
3343 3876 3437 3928 τοῦ
3470 3875 3735 3943 ἀγίουδιὰ

2155 3975 2279 4033 τοὺς
2302 3972 2561 4037 λέγοντας
2594 3970 2666 4034 μὴ
2698 3969 2934 4034 ὀφείλειν
2959 3969 3049 4019 τὸν
3085 3969 3274 4035 μοιχὸν
3300 3968 3530 4036 δευτέρᾳ
3563 3968 3735 4019 συνά-

2157 4081 2252 4113 πτε
2265 4062 2387 4113 σθαι
2405 4061 2646 4125 γυναικὶ,
2665 4061 2740 4122 ὡς
2752 4059 3021 4126 κεφαλικῇ
3045 4059 3310 4128 καταδίκῃ
3326 4059 3732 4124 ὑποπίπτοντα,

2159 4155 2253 4204 καὶ
2282 4154 2355 4221 μὴ
2383 4153 2685 4220 δυνάμενον
2736 4151 3129 4204 συναλλάττειν
3179 4153 3320 4202 κατὰ
3366 4152 3457 4202 τὸν
3499 4151 3736 4204 παλαιὸν

2158 4246 2322 4312 νόμον
2364 4246 2454 4298 τὸν
2481 4245 2790 4307 κρατοῦντα
2831 4246 2888 4296 ἐν
2938 4247 3060 4303 ταῖς
3096 4243 3335 4312 ἡμέραις
3392 4245 3488 4296 τοῦ
3569 4246 3734 4310 ἁγίου

2161 4329 2471 4393 Βασὶλείου,
2513 4335 2760 4394 δηλονότι
2811 4334 2919 4400 πρὸ
2968 4333 3068 4400 τῆς
3114 4334 3564 4402 ἀνακαθάρσεως.
3613 4335 3736 4387 Κᾶν

490 4431 612 4488 pter
653 4421 1000 4490 adulterium,
1034 4441 1138 4479 non
1177 4437 1258 4480 est
1291 4437 1466 4481 tamen
1488 4431 1886 4486 matrimonium
1928 4450 2048 4486 con-

2163 4425 2270 4493 γὰρ
2304 4425 2573 4493 κεφαλικῇ
2634 4423 2876 4494 τιμωρίᾳ
2910 4424 3194 4475 ὑπόκειταί
3225 4441 3309 4486 τις
3349 4400 3437 4476 διὰ
3458 4425 3553 4493 τὴν
3608 4443 3732 4494 μοι·

493 4512 709 4564 traltere
755 4514 1084 4580 prohibitus,
1117 4525 1172 4570 et
1213 4519 1335 4572 ideo
1374 4520 1443 4574 de
1481 4535 1546 4573 eo
1591 4537 1697 4575 non
1754 4524 2009 4590 punietttr
2043 4543 2055 4576 :

490 4602 662 4654 multo
694 4615 876 4656 autem
913 4605 1084 4672 magis
1128 4605 1175 4660 is
1211 4607 1374 4661 hodie
1408 4624 1622 4674 poenam
1685 4626 1791 4664 non
1836 4612 2056 4673 subibit,

491 4698 776 4758 propterea
807 4693 948 4760 quod
994 4695 1224 4760 capitale
1269 4697 1592 4764 supplicium
1633 4699 1904 4752 sublatum
1952 4711 2056 4765 est,

489 4787 544 4831 et
570 4780 790 4846 punitur
815 4782 1025 4836 adulter
1065 4785 1176 4838 sola
1203 4789 1410 4840 narium
1436 4789 1774 4842 abscissione
1797 4798 1853 4842 et
1889 4791 2056 4844 bono-

491 4885 684 4924 norum
709 4871 1000 4927 ablatione.
1023 4874 1089 4928 Et
1115 4875 1231 4943 lege
1252 4891 1372 4945 cap.
1408 4877 1495 4941 82,
1521 4877 1603 4930 tit.
1627 4879 1715 4944 '57,
1755 4878 1847 4933 lib.
1893 4895 1981 4942 ιι,
2006 4891 2060 4934 et

492 4961 765 5016 Novellam
802 4964 872 5016 52
911 4966 1256 5031 imperatoris
1306 4968 1508 5021 domini
1556 4967 1751 5023 Leonis
1813 4970 2058 5024 Philoso-

494 5051 607 5116 phi.
646 5050 768 5103 Haec
809 5063 987 5104 autem
1025 5054 1197 5107 locqu
1237 5055 1528 5117 habebant,
1563 5067 1620 5108 ut
1655 5057 1785 5109 Inibi
1821 5058 2078 5120 videtury

489 5143 708 5207 quando
730 5142 842 5194 sola
868 5142 1146 5198 aﬂectione
1164 5145 1596 5200 constituebatur
1617 5150 2015 5202 matrimonium
2041 5165 2054 5202 :

490 5232 602 5301 96
642 5248 784 5286 nunc
832 5245 1010 5288 autem
1063 5238 1279 5304 quando
1337 5252 1458 5291 cum
1509 5254 1666 5294 sacra
1711 5242 1958 5295 oratione
2002 5251 2058 5295 et

492 5334 679 5377 sancto
725 5324 1022 5380 ministerio
1077 5327 1372 5394 procedunt
1434 5332 1630 5399 nuptiae
1671 5342 1725 5386 et
1760 5339 2053 5404 sponsalia,

492 5414 702 5469 adulter
746 5416 956 5472 mulieri
1013 5433 1116 5472 non
1169 5422 1324 5476 aliter
1375 5423 1753 5493 conjungetur,
1799 5442 1960 5494 quam
2010 5431 2054 5484 si

493 5503 740 5557 adulterii
776 5505 951 5571 poenis
993 5504 1156 5559 fuerit
1204 5507 1482 5574 liberatus,
1519 5527 1640 5580 quze
1713 5514 2055 5571 declarantur

496 5595 548 5648 in
579 5611 698 5648 can.
737 5595 804 5650 58
832 5599 1110 5665 praesentis
1136 5601 1331 5654 sancti.

2162 4516 2335 4584 χείαν,
2365 4515 2505 4568 ἀλλά
2538 4517 2717 4582 γάμον
2744 4515 3130 4568 συναλλάττειν
3157 4517 3217 4567 οὑ
3269 4515 3604 4579 κεκώλυται,
3637 4519 3738 4570 καὶ

2160 4608 2249 4658 διὰ
2283 4605 2442 4656 τοῦτο
2477 4605 2576 4656 οὐκ
2605 4604 3068 4672 ὲπιτιμηθήσεται
3107 4605 3266 4673 χάριν
3283 4603 3472 4655 τούτου
3508 4619 3522 4635 ·
3551 4605 3738 4673 πολλῷ

2159 4700 2215 4750 δὲ
2245 4700 2408 4750 πλέον
2450 4699 2509 4750 οὐ
2551 4697 2954 4765 κολασθήσεται
2987 4699 3231 4763 σήμερον
3282 4699 3308 4748 ὁ
3349 4697 3622 4760 τοιοῦτος,
3647 4698 3733 4748 ὅτι

2160 4789 2432 4857 κεφαλικὴ
2514 4789 2751 4858 τιμωρία
2813 4787 3141 4857 περιῃρέθη,
3212 4788 3309 4839 καὶ
3377 4787 3736 4853 κολάζεταιὸ

2165 4882 2349 4951 μοιχὸς
2392 4881 2528 4949 μόνῃ
2579 4879 2742 4947 ῥινῶν
2780 4880 2985 4946 ἐκτομῇ
3029 4881 3123 4930 καὶ
3179 4879 3540 4954 πραγμάτων
3568 4881 3740 4946 ἀφαι-

2164 4973 2331 5042 ρέσει.
2401 4972 2513 5023 Καὶ
2545 4969 2822 5034 ἀνάγνωθι
2853 4970 2918 5020 τὸ
2953 4969 3040 5035 πβ¹
3070 4985 3195 5035 κεφ.
3233 4969 3326 5020 τοῦ
3383 4969 3461 5032 λζ’
3492 4969 3598 5022 τίτ.
3635 4969 3732 5022 τοῦ

2164 5061 2204 5126 ξ’
2251 5063 2413 5131 βιϐλ.,
2440 5063 2532 5115 καὶ
2575 5059 2654 5128 λβ¹
2676 5060 2772 5129 τὴν
2827 5059 3047 5127 Νεαρὰν
3078 5059 3468 5137 τοῦΙβασιλέως
3538 5061 3732 5127 κυρίου
3761 5076 3770 5087 '

2159 5157 2387 5215 Λέοντος
2409 5153 2502 5204 τοῦ
2533 5153 2852 5220 Φιλοσόφου.
2891 5151 3076 5203 Ταῦτα
3109 5151 3164 5203 δὲ
3186 5151 3369 5221 χώραν
3428 5147 3594 5220 εῖχον,
3653 5151 3733 5214 ὡς

2158 5246 2282 5314 ἐμοὶ
2311 5245 2476 5305 δοκεῖ,
2501 5245 2588 5295 ὅτε
2633 5242 2767 5312 μόνῃ
2829 5241 3069 5294 διαθέσει
3137 5242 3428 5293 συνίστατο
3480 5242 3730 5308 ὀγάμος.

2170 5337 2399 5405 Ἀρτίως
2425 5337 2534 5402 γὰρ
2566 5336 2690 5386 ἐπεὶ
2721 5333 2861 5402 μετὰ
2888 5331 3190 5401 ἱερολογίας
3218 5335 3266 5383 oi
3319 5333 3488 5400 γάμοι
3518 5335 3612 5384 καὶ
3673 5328 3730 5384 αἱ

2161 5431 2450 5499 μνηστεῖαι
2483 5426 2891 5497 προϐαίνουσιν,
2919 5425 3096 5486 ἄλλως
3129 5424 3348 5491 γυναικὶ
3400 5423 3428 5473 6
3453 5424 3640 5493 μοιχὸς
3665 5425 3728 5476 οὗ

2160 5519 2612 5589 συζευχθὴσεται,
2655 5519 2700 5568 εί
2729 5516 2804 5584 μὴ
2826 5515 2934 5570 ἀπὸ
2964 5516 3071 5568 τῶν
3129 5513 3418 5583 ἐπιτιμίων
3455 5515 3552 5582 τῆς
3609 5530 3732 5579 μοι·

2160 5609 2315 5676 χείας
2340 5607 2609 5673 ἀπολυθῇ,
2648 5604 2755 5658 τῶν
2777 5602 3123 5674 δηλουμένων
3169 5602 3250 5664 είς
3270 5601 3362 5653 τὸν
3421 5597 3498 5669 νη⁹
3527 5602 3731 5654 κανόνα

2154 5715 2186 5750 τ
2205 5699 2250 5750 ,ὖ
2278 5698 2538 5766 παρόντος
2570 5695 2747 5765 ἁγίου.
