3946 6342
276 384 393 447 ’ῖο5

1222 386 1304 449 ΙΝ
1344 388 1585 451 EPIST.
1612 391 1669 453 S.
1706 392 1991 452 BASlLll
2022 392 2459 456 CANONNIAM
2495 399 2579 457 ll.

3413 406 3522 466 ποθ

352 497 597 552 ΖΩΝΑΡ.
649 496 772 550 Ἐάν
802 514 881 561 τις
916 497 1159 568 μνηστὴν
1187 499 1331 561 τινὸς
1358 500 1391 570 ἢ
1416 503 1652 566 γυναῖκα
1678 501 1849 556 λασὼι

2037 501 2292 560 ZONAR.
2326 504 2383 560 Si
2412 508 2534 574 quis
2561 504 2789 575 alicujus
2824 522 3073 577 sponsam
3110 519 3167 563 ut
3200 524 3421 565 uxorem
3472 514 3523 565 in

276 586 449 661 εἶχεν,
472 588 591 643 εἶτα
630 590 883 661 ἀφῃρέθη
914 590 1106 659 αὐτὴν,
1139 592 1234 643 καὶ
1263 593 1589 661 ἀφαιρεθεὶς
1640 595 1860 665 ἐκείνην

277 684 446 752 ἑτέρᾳ
474 681 753 751 συνῴκησε
790 682 1003 751 γαμετῇ
1034 699 1049 712 ·
1080 680 1171 733 διὰ
1208 683 1311 750 μὲν
1334 682 1432 754 τὴν
1492 686 1574 747 είς
1642 687 1862 756 ἐκείνην

276 768 666 843 πλημμέλειαν
693 776 771 835 ὡς
836 774 1021 842 μοιχὸς
1062 774 1538 844 ἐπιτιμηθήσεται,
1587 778 1681 829 ἐπὶ
1710 778 1764 829 δὲ
1794 781 1861 848 τῇ

276 864 513 933 δευτέρᾳ
544 865 796 935 Ιγαμετῇ,
824 866 1083 936 ἐλευθέρᾳ
1128 866 1262 935 οὔσῃ
1320 869 1533 938 ἀνδρὸς,
1579 870 1679 923 οὐκ
1708 870 1862 922 ἐσται

277 955 613 1019 ὑπεύθυνος.

345 1046 569 1100 ΑΡΙΣΤ.
621 1047 680 1100 Ὀ
710 1048 815 1117 τὴν
844 1048 1130 1119 ἀλλοτρίαν
1160 1049 1339 1118 ἀφεὶς,
1377 1051 1469 1101 καὶ
1508 1051 1690 1101 λαϐὼν
1712 1050 1863 1103 ἐλευ.

276 1138 471 1210 θέραν,
508 1140 865 1209 ἐπιτιμητέος
901 1141 998 1209 μὲν
1029 1141 1116 1192 διὰ
1177 1142 1275 1206 τὴν
1310 1140 1535 1211 πρώτην
1564 1158 1580 1173 ·
1636 1144 1728 1193 ἐπὶ
1802 1143 1861 1194 δέ

270 1235 344 1301 τῇ
378 1232 631 1303 δευτέρᾳ,
664 1234 977 1296 ἀνεύθυνος.

357 1320 423 1373 Εἴ
450 1337 535 1382 τις
594 1326 829 1388 γυναῖκα
878 1324 1018 1394 ὶὰὄῃ
1065 1323 1196 1391 παρ’
1259 1321 1424 1376 ἄλλου
1475 1322 1841 1376 ἀπολυθεῖσαν

268 1405 401 1462 εἶτα
430 1410 639 1480 ταύτην
689 1412 873 1480 ἀφεὶς,
929 1414 1094 1484 ἑτέρᾳ
1139 1413 1403 1484 ἐλευθέρᾳ
1457 1416 1705 1483 νομίμως
1760 1432 1859 1466 συ-

264 1500 475 1573 ζευχθῇ
498 1518 515 1535 ⁶
546 1505 641 1556 ἐπὶ
682 1506 781 1573 μὲν
808 1507 872 1575 τῇ
902 1505 1091 1576 πρώτῃ
1126 1506 1203 1576 τῷ
1222 1506 1323 1575 τῆς
1383 1508 1630 1576 μοιχείας
1680 1511 1855 1560 ἐπιτι-

268 1593 388 1661 μίῳ
439 1596 588 1646 ἐστὶν
619 1595 945 1659 ὑπεύθυνος,
1002 1597 1142 1649 διότι
1214 1600 1312 1650 καὶ
1365 1598 1393 1648 6
1442 1598 1857 1668 ἀπολελυμένην

264 1684 532 1752 γαμήσας
558 1686 815 1753 μοιχᾶται
835 1701 850 1716 ο
870 1686 964 1738 ἐπὶ
996 1686 1051 1739 δέ
1072 1690 1137 1757 τῇ
1156 1687 1381 1757 δευτέρᾳ
1399 1688 1690 1751 ἀνεύθυνός
1718 1691 1854 1743 ἐστι.

880 1780 1122 1833 ΚΑΝΩΝ
1148 1779 1279 1834 AH'.

1968 596 2367 649 matrimonium
2402 598 2635 663 duxerit,
2669 612 2787 668 quin
2804 611 2983 668 postea
3006 601 3187 657 abillo
3216 603 3392 657 ablata
3424 615 3527 669 est,

1968 702 2200 754 uinaque
2233 689 2412 743 ablata
2452 689 2561 752 illa,
2600 692 2821 745 alteram
2850 691 3005 746 duxit
3036 710 3293 758 uxorem;
3326 701 3395 748 ob
3436 695 3517 749 ad-

1968 780 2190 834 missum
2247 783 2465 851 quidem
2510 785 2560 836 in
2607 799 2725 838 eam
2777 796 3054 854 peccatum
3097 797 3155 839 ut
3197 787 3405 839 adulter
3436 804 3523 855 pu-

1967 870 2169 933 nietur,
2206 876 2274 925 ob
2299 876 2589 927 secundam
2618 890 2748 928 vero
2771 891 2992 929 uxorem
3018 894 3134 945 quae
3158 893 3186 929 a
3220 879 3337 931 viro
3370 879 3532 932 libera

1967 971 2070 1021 est,
2107 961 2243 1014 nulli
2270 964 2570 1029 erit-paenae
2602 964 2888 1019 obnoxius.

2034 1052 2260 1106 MllST.
2300 1054 2400 1120 Qui
2429 1056 2662 1109 alienam
2700 1058 2927 1123 dimisit,
2957 1067 3011 1111 et
3050 1059 3250 1128 accepit
3288 1059 3533 1120 liberam,

1963 1146 2339 1213 corripiendus
2374 1148 2593 1216 quidem
2628 1159 2681 1201 et
2713 1160 2930 1219 propter
2975 1154 3238 1219 primam,
3291 1153 3384 1205 sed
3415 1166 3538 1221 pro.

1966 1248 2084 1307 pter
2112 1240 2398 1293 secundam
2430 1242 2615 1294 insons
2649 1251 2753 1293 est.

2036 1326 2091 1380 Si
2114 1329 2234 1396 quis
2267 1344 2492 1382 uxorem
2520 1331 2738 1384 duxerit
2774 1334 2842 1385 ab
2874 1332 2983 1385 alio
3015 1333 3318 1397 dimissmn,
3349 1345 3537 1401 postea

1961 1434 2080 1472 eam
2133 1422 2431 1487 dimittens,
2473 1421 2563 1473 alii
2599 1422 2785 1475 liberae
2843 1423 3082 1492 legitime
3152 1423 3533 1492 ceiijungatur,

1962 1513 2423 1581 propterprimam
2443 1513 2692 1566 adulterii
2712 1514 2977 1582 supplicio
2993 1513 3261 1567 obnoxius
3280 1523 3383 1577 cst,
3409 1517 3535 1584 quia

1962 1611 2009 1654 ct
2036 1603 2125 1670 qui
2159 1604 2434 1656 dimissam
2471 1604 2647 1668 duxit,
2676 1605 3049 1669 adulteretur;
3082 1613 3135 1657 et
3178 1612 3398 1672 prepter
3443 1620 3534 1658 se-

1960 1693 2222 1755 cundam,
2246 1695 2477 1748 crimine
2496 1705 2670 1748 vacat.

2475 1784 2705 1839 CANON
2741 1784 3028 1843 XXXVIII.

266 1868 345 1921 Δί
398 1868 556 1940 κόραι
597 1871 831 1940 αίπαρά
852 1874 1082 1942 γνώμην
1106 1876 1201 1926 τοῦ
1256 1872 1500 1941 πατέρος
1559 1875 1849 1943 ἀκολουθή-

1961 1873 2179 1938 Puellaa,
2228 1890 2348 1943 quae
2413 1887 2609 1944 praeter
2654 1879 2823 1946 patris
2878 1879 3204 1933 sententiam
3262 1888 3532 1933 amatores

359 1980 521 2017 σασαι
561 1963 908 2036 πορνεύουσι.
946 1966 1352 2032 Διαλλαγέντων
1406 1965 1462 2017 δὲ
1501 1966 1610 2017 τῶν
1655 1968 1856 2034 γονέων

344 2054 495 2108 δοκεῖ
526 2056 830 2125 θεραπείαν
866 2058 1168 2122 λαμῆάνειν
1204 2057 1264 2108 τὸ
1312 2058 1565 2125 πρᾶγμα.
1621 2059 1735 2110 Οὐκ
1766 2062 1858 2113 εὑ-

343 2147 440 2209 θὺς
466 2148 523 2201 δὲ
558 2151 639 2211 είς
685 2148 785 2218 τὴν
842 2128 1134 2201 κοινωνίαν
1183 2149 1680 2213 ἀποκαθίστανται,
1736 2150 1855 2203 ἀλλ’

326 2239 836 2310 ἐπιτιμηθήσωνται
861 2239 986 2310 τρία
1025 2239 1143 2309 ἔτη.

340 2328 540 2383 ΒΑΑΣ.
583 2331 767 2399 Κόρας
791 2329 1029 2383 ἐνταῦθα
1083 2329 1111 2379 6
1155 2328 1310 2392 ἅγιος
1358 2330 1459 2392 τὰς
1528 2331 1855 2394 ὕπεξουσίας

258 2417 552 2487 ὀνομάζει.
579 2421 718 2489 Φησὶ
754 2419 887 2488 γοῦν
914 2421 1012 2484 ὡς,
1041 2420 1137 2472 ἐάν
1158 2435 1303 2482 τινες
1337 2421 1495 2489 κόραι
1520 2422 1854 2475 ἐκδώσουσιν

264 2510 476 2574 ἑαυτὰς
503 2514 618 2574 τοῖς
673 2515 935 2581 ἐρασταῖς
997 2512 1206 2573 τούτων
1257 2513 1413 2581 παρά
1472 2514 1698 2585 γνώμην
1745 2517 1855 2570 τῶν

256 2603 530 2673 »πατέρων
550 2605 753 2670 αὐτῶν,
782 2607 876 2657 καὶ
902 2604 1191 2673 φθαρῶσιν
1209 2606 1303 2657 ὑπ’
1333 2606 1584 2671 ἐκείνων,
1620 2609 1723 2661 κᾶν
1757 2626 1854 2675 γα-

272 2694 453 2762 μικῶς
481 2695 675 2760 δόξωσι
704 2696 1073 2764 συναφθῆναι,
1109 2695 1461 2765 πορνεύουσι,
1505 2696 1595 2750 διὰ
1623 2698 1684 2749 τὸ
1709 2696 1851 2750 εἶναι

264 2785 652 2840 ἀνυπόστατον
671 2788 763 2839 τὸν
793 2790 1088 2857 γενόμενον
1146 2788 1326 2858 γάμον
1370 2791 1471 2857 τῆς
1528 2789 1854 2851 ὓπεξουσίας

266 2877 400 2946 δίχα
431 2877 659 2946 γνώμης
696 2879 786 2931 τοῦ
814 2880 1055 2949 πατέρος
1086 2882 1276 2950 αὐτῆς.
1318 2879 1443 2933 Ἐὰν
1482 2881 1536 2932 δὲ
1583 2880 1855 2933 καταλλα-

267 2968 414 3035 γῶσι
470 2969 700 3032 ταύταις
728 2971 777 3023 οί
804 2976 982 3039 γονεῖς
1012 2973 1214 3034 αὐτῶν,
1249 2974 1343 3025 καὶ
1372 2972 1644 3039 θελήσωσι
1679 2991 1853 3025 συνοι-

264 3063 392 3114 κεῖν
416 3060 621 3123 ταύτας
651 3064 764 3125 τοῖς
791 3065 1076 3131 ἐρασταῖς,
1110 3065 1264 3117 δοκεῖ
1342 3065 1769 3139 θεραπεύεσθαι-
1790 3067 1849 3118 τὸ

264 3156 525 3222 πρᾶγμα.
561 3154 634 3207 Τὺ
668 3154 777 3224 γὰρ
807 3157 866 3219 ἐξ
899 3157 1075 3226 ἀρχῆς
1106 3157 1292 3219 κακῶς
1339 3157 1584 3223 γεγονὸς,
1635 3159 1668 3226 η
1712 3161 1849 3223 μετά
1880 3198 1921 3253 C

259 3243 447 3295 ταῦτα
476 3245 784 3307 συναίνεσις
816 3251 927 3299 τῶν
1008 3248 1216 3315 γονέων
1280 3248 1430 3300 δοκεῖ
1506 3248 1851 3314 θεραπεύειν,

259 3334 413 3387 ὥστε
447 3337 544 3403 τὴν
572 3338 828 3406 πορνείαν
855 3342 933 3401 εἰς
960 3338 1138 3407 γάμον
1164 3339 1519 3408 μετάγεσθαι.
1554 3340 1703 3409 Πλὴν
1754 3341 1853 3391 οὐκ

257 3426 437 3488 εὐθὺς
476 3428 643 3497 δεκτή
679 3431 887 3498 ἐστινή
923 3430 1149 3499 τοιαύτη
1178 3434 1259 3492 είς
1328 3433 1636 3491 κοινωνίαν,
1717 3430 1852 3482 ἀλλά

261 3518 414 3586 μετά
461 3525 511 3585 γ’
570 3518 687 3587 ἐτη.
750 3520 1014 3573 Ἐνταῦθα
1091 3521 1147 3573 δέ
1227 3521 1301 3591 μὴ
1372 3520 1675 3590 θεματίσῃς
1755 3523 1853 3589 ἀρ-

257 3607 455 3677 παγὴν
489 3608 743 3675 γενέσθαι
796 3610 887 3660 ἐπὶ
940 3612 1008 3679 τῇ
1070 3611 1229 3682 κόρῃ.
1282 3610 1523 3680 Ἔμαθες
1573 3615 1683 3680 γὰρ
1746 3610 1853 3662 ἀπὸ

250 3697 365 3754 τοῦ
411 3699 455 3751 λ’
530 3701 755 3764 κανόνος
826 3703 922 3755 καὶ
1001 3701 1061 3766 ἐξ
1134 3704 1337 3771 ἐτέρων
1412 3705 1534 3765 ὃτι,
1586 3705 1849 3773 ἁρπαγῆς

252 3796 565 3866 γενομένης
618 3798 728 3851 εῐτε
792 3799 927 3868 μετὰ
982 3798 1210 3868 γνώμης
1264 3799 1363 3870 τῆς
1425 3800 1681 3866 γυναικὸς
1740 3799 1849 3851 εἴτε

259 3883 370 3939 καὶ
392 3888 562 3957 χωρὶς
586 3886 813 3957 γνώμης
842 3888 1079 3958 ἐκείνης,
1133 3890 1313 3957 γάμος
1394 3890 1455 3941 οὑ
1511 3888 1849 3955 συνίσταται,

252 3976 373 4031 κᾶν
414 3980 464 4031 οί
509 3979 726 4050 ἔχοντες
796 3979 996 4041 αὐτοὺς
1062 3978 1417 4043 ὑπεξουσίους
1494 3978 1841 4034 συναινῶσιν.

269 4067 444 4123 Ἀλλά
472 4070 767 4139 θεμάτισον
794 4070 920 4141 δίχα
952 4072 1211 4140 ἁρπαγῆς
1288 4069 1656 4139 ἀκολουθῆσαι
1734 4073 1834 4139 τὴν

255 4159 597 4223 ὕπεξουσίαν
627 4160 705 4229 τῷ
732 4161 957 4227 φθορεί·
994 4161 1087 4214 διὰ
1133 4163 1243 4230 γὰρ
1297 4161 1455 4214 τοῦτο
1485 4165 1578 4213 καὶ
1618 4162 1654 4232 ἡ
1708 4160 1846 4230 μετὰ

254 4248 441 4303 ταῦτα
464 4249 771 4313 συναίνεσις
802 4254 951 4303 ποιεῖ
979 4250 1278 4303 ἀνεύθυνον
1305 4251 1397 4303 τὸν
1439 4248 1845 4319 γάμον.Ταῢτα

254 4341 445 4406 δέ,ώς
470 4344 594 4412 ἐμοὶ
646 4342 814 4407 δοκεῖ,
865 4342 1055 4411 χώραν
1112 4337 1285 4411 εἶχον,
1350 4341 1482 4393 ὅταν
1533 4344 1843 4395 συναινέσει

259 4433 409 4504 μόνῃ
443 4433 759 4487 συνίσταται
790 4437 818 4487 6
854 4434 1054 4503 γάμρς.
1079 4434 1327 4503 Σήμερον
1351 4433 1473 4484 ἐπεὶ
1530 4437 1668 4501 μετά
1701 4436 1844 4502 ἱερο-

2029 1978 2229 2021 secuta:
2256 1978 2403 2028 sunt,
2434 1968 2772 2021 fornicamur
2803 1988 2816 2024 :
2850 1972 3218 2025 reconciliatis
3269 1985 3399 2023 vero
3440 1984 3525 2036 pa-

2031 2061 2298 2123 rentibus,
2338 2060 2547 2113 videtur
2587 2076 2672 2113 res
2720 2064 3017 2115 remedium
3076 2065 3358 2129 accipere;
3424 2076 3529 2115 non

2030 2153 2280 2216 protinus
2326 2160 2507 2205 autem
2548 2154 2615 2205 ad
2658 2156 3095 2208 communionem
3147 2156 3531 2215 restituentur,

2028 2245 2120 2297 sed
2148 2245 2381 2296 triennio
2407 2244 2719 2311 punientur.

2031 2328 2224 2383 BALS.
2257 2328 2473 2384 Puellas
2495 2330 2583 2384 hic
2614 2340 2834 2384 sanctus
2858 2344 2976 2393 eas,
3011 2346 3130 2399 quae
3162 2342 3287 2384 sunt
3340 2331 3391 2383 in
3432 2346 3531 2401 po-

1961 2433 2153 2477 lcstale
2206 2423 2460 2491 appellat.
2514 2422 2654 2475 Dicit
2686 2436 2837 2490 ergo,
2871 2425 3014 2489 quod
3063 2423 3107 2476 si
3170 2438 3289 2490 quae
3342 2424 3532 2490 puelbe

1960 2515 2175 2565 tradent
2208 2516 2416 2580 seipsas
2434 2513 2547 2565 suis
2580 2515 2918 2566 amatoribus
2949 2525 3147 2580 praster
3181 2529 3399 2568 suorum
3437 2529 3534 2581 pa-

1959 2615 2098 2658 trum
2128 2606 2473 2665 sententiam,
2500 2613 2555 2655 et
2599 2606 2665 2656 ab
2694 2604 2798 2656 illis
2831 2614 3270 2671 corrumpantur,
3311 2605 3528 2657 etiamsi

1958 2696 2305 2747 matrimonio
2344 2694 2632 2747 videantur
2658 2696 2990 2763 conjunctae.
3036 2696 3412 2755 fornicamur;
3463 2710 3530 2749 eo

1956 2788 2095 2853 quod
2147 2784 2552 2837 matrimonium
2607 2785 2755 2852 ejus,
2799 2801 2915 2853 quae
2947 2796 3049 2847 est,
3096 2786 3149 2838 in
3210 2786 3373 2838 tutela
3413 2789 3531 2838 sine

1955 2881 2122 2945 patris
2164 2876 2439 2929 voluntate
2476 2879 2777 2931 consistere
2822 2881 3029 2947 nequit.
3078 2878 3172 2932 Sin
3199 2890 3380 2934 autem
3428 2897 3526 2947 pa-

1956 2979 2135 3020 rentes
2170 2966 2406 3034 ipsarum
2443 2968 2522 3019 eis
2564 2968 2902 3021 reconciliati
2945 2968 3171 3035 fuerint,
3196 2980 3250 3023 et
3273 2987 3367 3024 eas
3397 2987 3521 3024 cum

1956 3059 2285 3111 amatoribus
2328 3058 2641 3111 cohabitare
2688 3060 2999 3123 voluerunt,
3047 3061 3121 3112 rei
3172 3061 3269 3114 bac
3320 3066 3530 3116 ratione

1958 3151 2168 3201 videtur
2217 3149 2513 3203 remedium
2571 3148 2775 3203 afferri.
2829 3149 2983 3215 Quod
3041 3150 3189 3203 enim
3242 3152 3309 3203 ab
3372 3152 3528 3207 initio

1959 3242 2099 3292 male
2138 3240 2333 3293 factum
2362 3247 2465 3303 est,
2498 3249 2780 3307 parentum
2815 3252 3000 3308 postea
3029 3255 3333 3295 censensus
3368 3256 3528 3310 repa-

1954 3346 2075 3383 rare
2100 3332 2331 3391 videtur,
2366 3339 2424 3381 ut
2464 3331 2751 3383 fornicatio
2803 3331 2855 3382 in
2900 3332 3302 3384 matrimonium
3356 3331 3529 3384 dedu-

1954 3430 2126 3475 catur.
2150 3421 2218 3472 At
2242 3421 2363 3474 talis
2392 3436 2495 3474 non
2521 3431 2603 3474 est
2631 3422 2810 3475 statim
2841 3422 2906 3474 ad
2925 3423 3359 3475 communionem
3384 3423 3530 3476 reci-

1952 3513 2173 3581 pienda,
2216 3514 2311 3566 sed
2339 3511 2555 3565 demum
2587 3522 2714 3579 post
2754 3523 2863 3565 tres
2892 3526 3085 3564 annos.
3119 3509 3215 3564 Hic
3238 3519 3417 3564 autem
3461 3526 3529 3566 ne

1950 3604 2194 3671 posueris
2260 3611 2466 3671 raptam
2546 3602 2715 3657 fuisse
2776 3603 3026 3671 puellam.
3106 3602 3178 3656 Ex
3253 3604 3530 3658 tricesimo

1951 3693 2095 3746 enim
2143 3708 2263 3745 can.
2312 3702 2366 3746 et
2414 3709 2481 3745 ex
2548 3693 2669 3746 aliis
2725 3691 3006 3756 didiciSIi,
3051 3694 3192 3761 quod
3246 3696 3291 3748 si
3340 3704 3527 3764 raptus

1948 3782 2125 3836 Iactus
2157 3782 2336 3844 fuerit,
2380 3784 2492 3837 sive
2520 3798 2640 3835 cum
2691 3784 2930 3837 mulieris
2960 3786 3256 3847 voluntate,
3303 3787 3418 3838 sive
3459 3801 3523 3840 ea

1949 3874 2186 3939 nolente,
2227 3890 2334 3927 non
2386 3874 2633 3927 consistit
2694 3875 3098 3927 matrimonium
3144 3874 3360 3929 etiamsi
3427 3877 3521 3943 qui

1951 3965 2149 4019 habent
2184 3964 2234 4017 in
2258 3971 2524 4033 potestate
2546 3966 2912 4017 consentiant.
2941 3964 3045 4017 Sed
3075 3979 3211 4033 pone
3234 3978 3375 4027 eam,
3400 3979 3521 4033 quas

1949 4064 2034 4110 (ξεί
2064 4056 2118 4107 Ill
2158 4063 2428 4124 potestate
2458 4069 2562 4106 llOﬂ
2596 4064 2802 4123 raptam
2855 4064 3220 4121 stupratorem
3277 4064 3520 4108 secutam

1947 4148 2144 4211 fuisse;
2182 4158 2462 4216 prepterea
2486 4148 2628 4200 enim
2651 4160 2889 4217 sequens
2912 4158 3211 4199 consensus
3236 4142 3385 4208 facit,
3413 4153 3469 4197 ut
3490 4158 3527 4198 α

1947 4241 2103 4308 culpa
2152 4251 2418 4292 remotum
2450 4240 2520 4293 sit
2548 4240 2882 4309 coniugium.
2916 4236 3041 4291 Haec
3072 4248 3276 4299 autem,
3310 4244 3367 4290 ut
3391 4237 3525 4291 mihi

1948 4329 2180 4390 videtur,
2206 4329 2381 4385 locqu
2424 4330 2721 4393 habebant,
2744 4328 2958 4399 quando
2978 4326 3095 4382 solo
3114 4339 3378 4381 consensu
3397 4340 3525 4385 con-

1948 4422 2170 4477 sistebat
2204 4424 2627 4479 matrimonium.
2653 4421 2823 4480 llodie
2851 4437 3002 4490 vero,
3032 4420 3283 4494 quoiiiani
3316 4420 3374 4476 tit
3395 4438 3519 4477 cum

251 4525 454 4592 λογίας
480 4526 716 4595 γίνεται,
748 4527 853 4579 κᾶν
887 4529 1277 4579 συναινέσωσιν
1336 4528 1382 4579 οι
1406 4530 1605 4593 γονεῖς,
1663 4528 1842 4598 γάμος

1961 4531 2107 4571 sacra
2175 4518 2583 4579 benedictione,
2647 4518 2864 4573 etiamsi
2925 4523 3183 4584 parentes
3225 4531 3523 4572 consense-

259 4616 409 4684 μετὰ
438 4616 738 4685 ίερολογίας
762 4619 823 4669 οὺ
858 4617 1092 4685 γίνεται,
1116 4620 1162 4671 εὶ
1229 4617 1305 4687 μὴ
1394 4616 1727 4688 πληρωθῶσι
1776 4619 1845 4672 τά

254 4705 365 4760 τοῦ
458 4710 738 4778 ἐπιτιμίου
806 4716 857 4777 γ’
917 4708 1012 4779 ἐτη
1084 4709 1116 4779 ἢ
1185 4709 1336 4779 παρὰ
1419 4706 1513 4761 τοῦ
1611 4711 1845 4763 ἐπισκόο

252 4816 369 4853 που
429 4802 567 4868 μετά
616 4802 715 4867 τὴν
758 4799 965 4853 οἰκείαν
1045 4801 1325 4870 ἐπίκρισιν
1418 4801 1843 4872 στενοχωρηθῶ-

258 4908 379 4945 σιν.
413 4891 739 4961 ἰενρολογίας
805 4894 863 4965 δὲ
937 4894 1329 4955 ἀνυποστάτως
1411 4894 1716 4962 γενομένης
1748 4894 1841 4945 ἐπὶ

256 4985 453 5057 ἁνήῦῳ
479 4986 636 5055 κόρῃ,
678 4988 772 5038 καὶ
803 4987 942 5055 μετά
990 4986 1163 5038 ταῦτα
1207 4987 1317 5039 τῶν
1351 4987 1607 5054 γαμικῶς
1642 4988 1846 5064 ἱερολο-

258 5075 549 5145 γηθέντων
590 5078 944 5146 στοιχούντων
995 5079 1071 5149 τῷ
1111 5077 1292 5147 γάμῳ,
1326 5076 1662 5147 συνεζητήθη
1704 5077 1843 5132 είτὰ

253 5170 555 5237 τικτόμενα
605 5170 664 5235 ἐξ
692 5170 870 5221 αὐτῶν
922 5171 1122 5240 γνήσιά
1146 5172 1258 5222 εἱσι
1285 5170 1379 5223 καὶ
1410 5172 1643 5239 νόμιμα.
1679 5171 1838 5222 Ἐλε-

257 5269 366 5329 γον
408 5262 513 5330 γάρ
544 5278 685 5325 τινες
722 5260 818 5326 ὡς,
865 5263 988 5314 ἐπεὶ
1044 5263 1281 5333 ἀρχῆθεν
1343 5264 1710 5325 ἀνυπόστατος
1769 5258 1843 5333 ἦν

259 5351 445 5420 γάμος
468 5352 554 5406 διὰ
575 5353 675 5423 τὴν
702 5354 1011 5424 ἀνηϐότητα
1038 5356 1134 5424 τῆς
1194 5356 1380 5425 κόρης,
1403 5354 1469 5408 τά
1496 5355 1551 5407 δὲ
1574 5356 1631 5419 ἐξ
1662 5357 1836 5425 ἀρχῆς

256 5445 613 5499 ἀνυπόστατα
642 5448 826 5499 ἐκτῶν
881 5449 1019 5517 μετά
1064 5447 1238 5502 ταῦτα
1280 5447 1697 5514 συμὸαινόντων
1736 5449 1837 5501 καὶ

261 5532 615 5604 βεϐαιοῦνται
641 5535 821 5599 καθώς
850 5538 878 5589 6
906 5540 1066 5605 νόμος
1087 5537 1267 5606 φησὶν,
1302 5536 1361 5602 ἐξ
1380 5536 1646 5603 ἀνάγκης,
1671 5539 1717 5587 εί
1758 5538 1835 5606 μὴ

256 5622 494 5692 γένηται
530 5622 761 5694 δευτέρα
815 5625 1105 5696 ίερολογία,
1139 5624 1260 5678 οὐδὲ
1323 5624 1567 5693 νομίμως
1614 5624 1838 5687 τούτους

262 5714 641 5769 συνάπτεσθαι
665 5718 810 5770 εἴποι
837 5735 944 5783 τις.
982 5719 1054 5771 Τὸ
1082 5718 1214 5771 αὐτὸ
1266 5717 1321 5768 δὲ
1374 5716 1561 5782 ἔλεγον
1595 5716 1832 5784 ὀφείλειν

258 5805 526 5875 γενέσθαι
567 5808 661 5865 καὶ
681 5811 760 5873 είς
787 5808 884 5878 τὴν
918 5806 1244 5872 ὑπεξουσίαν
1270 5806 1369 5875 τὴν
1406 5806 1554 5875 τοιρᾶ
1603 5804 1832 5873 γιώμηθ

1949 4612 2103 4678 rint,
2152 4627 2261 4667 non
2327 4613 2414 4667 ﬁet
2465 4611 2873 4666 matrimonium
2933 4627 3057 4672 cum
3130 4629 3287 4670 sacra
3356 4617 3532 4673 [teneat

1950 4703 2185 4758 dictione
2245 4704 2344 4757 nisi
2406 4711 2514 4757 tres
2568 4703 2900 4772 pmnitentiaa
2961 4705 3085 4758 anni
3132 4708 3336 4774 expleti
3400 4711 3523 4763 lue-

1950 4798 2095 4859 rint,
2152 4795 2233 4849 vel
2272 4795 2340 4849 ab
2391 4796 2650 4863 episcopo
2696 4810 2795 4864 pro
2843 4810 2944 4849 suo
2986 4798 3249 4852 arbitratu
3288 4801 3352 4852 ad
3388 4809 3529 4854 tem-

1948 4903 2048 4957 pus
2115 4888 2329 4941 brevius
2404 4885 2607 4940 redacti
2686 4890 2815 4940 sint.
2861 4886 2995 4943 Cum
3061 4898 3239 4941 autem
3291 4892 3520 4943 benedi-

1946 4982 2075 5043 ctio,
2101 4993 2221 5046 qua
2248 4977 2549 5033 consistere
2574 4991 2679 5031 non
2703 4988 2912 5055 poterat.
2938 4978 2988 5031 iu
3011 4979 3287 5047 impubere
3313 4980 3485 5047 puella
3503 5020 3525 5047 ,,

1946 5075 2088 5126 tacta
2144 5080 2305 5137 esset,
2352 5079 2407 5123 et
2449 5080 2631 5137 postea
2670 5070 2764 5140 qui
2824 5071 3301 5124 matrimonialiter
3358 5073 3522 5126 bene-

1946 5164 2075 5217 dicti
2107 5160 2456 5215 matrimonio
2505 5176 2718 5232 quoque
2742 5161 2916 5231 juncti
2957 5161 3085 5227 sint,
3121 5163 3404 5232 quazsitnm
3433 5173 3522 5217 est

1941 5272 2011 5311 an
2052 5256 2140 5322 qui
2167 5270 2233 5307 ex
2268 5253 2344 5308 eis
2382 5262 2682 5307 nascuntur
2730 5253 2838 5307 sint
2872 5255 3113 5321 germani
3164 5269 3226 5308 ac
3268 5255 3512 5323 legitimi.

1940 5350 2205 5407 Dicebant
2256 5347 2400 5399 enim
2446 5345 2685 5399 nonnulli
2718 5349 2882 5415 quod,
2938 5346 3190 5415 quoniam
3236 5346 3517 5399 matrimo-

1940 5446 2089 5499 nium
2127 5442 2192 5493 ab
2226 5440 2376 5491 initio
2419 5454 2520 5490 non
2546 5439 2883 5491 consistebat
2923 5447 3139 5505 propter
3178 5439 3366 5507 puellae
3411 5439 3513 5490 im-

1939 5536 2275 5604 pubertatem
2304 5528 2447 5599 (quae
2491 5538 2672 5582 autem
2708 5528 2777 5579 ab
2821 5529 2975 5582 initio
3010 5545 3113 5582 non
3160 5532 3511 5591 consistunt,

1936 5643 2001 5682 ex
2034 5628 2099 5680 iis
2127 5638 2246 5694 qua:
2270 5632 2450 5689 postea
2484 5625 2738 5673 eveniunt
2758 5634 2860 5672 non
2880 5622 3293 5683 conﬁrmantur,
3321 5634 3513 5687 quem-

1937 5718 2227 5771 admodum
2284 5713 2364 5766 lcx
2416 5710 2568 5779 dicit)
2634 5712 2961 5769 necessario,
2996 5710 3095 5761 nisi
3134 5710 3223 5762 tiat
3271 5711 3505 5761 secunda

1935 5808 2281 5868 benedicti),
2334 5820 2428 5856 nec
2489 5818 2583 5858 eos
2630 5801 2863 5871 legitime
2916 5802 3128 5869 quidt‘m
3190 5802 3509 5867 coniunctos
