3946 6342
481 351 591 414 701

1738 347 2016 408 TllEOD.
2056 349 2457 408 “Ait-EA.“th

3635 349 3746 412 708

473 464 671 518 dixerit
721 464 1007 531 quispiam.
1048 462 1159 517 [loc
1198 464 1372 532 ipsum
1403 471 1580 516 autem
1643 461 1806 514 etiam
1852 463 2033 514 deum

2159 463 2253 515 τοῦ
2289 467 2520 527 πατέρος
2555 465 2990 534 ἰερολογηθεῖσαν
3020 462 3414 530 διενιστάμενοι
3443 476 3458 494 ⁸
3500 463 3597 525 ὡς,
3641 463 3750 514 κᾶν

474 557 593 609 ηετὶ
636 557 960 610 diccbautin
1014 555 1120 608 illia
1167 556 1429 617 familias,
1478 569 1596 623 quae
1640 564 1838 622 pneter
1871 556 2045 622 patris

475 645 796 698 sententiam
836 629 1112 699 benedicta
1149 656 1252 706 est,
1293 648 1627 706 insistentes,
1656 647 1793 712 quod
1824 645 2041 698 etiamsi

472 747 658 804 postea
699 739 1058 801 consenserit,
1099 738 1382 805 quioillam
1427 739 1584 791 habet
1639 739 1689 788 in
1756 747 2045 805 potestate.

470 844 578 881 non
633 830 894 882 consistat
943 831 1370 900 matrimonium,
1418 830 1518 883 nisi
1552 831 1715 884 etiam
1764 831 1854 882 fiat
1886 831 2047 883 benc-

468 918 651 972 dictio.
683 919 942 975 Dominus
969 933 1145 974 autem
1171 922 1560 977 Constantinus
1586 922 1837 976 Niczenus
1865 923 2046 975 felicis

472 1012 745 1063 memoriae
805 1011 1018 1064 dicebat
1068 1011 1282 1080 quidem
1332 1012 1381 1063 in
1420 1012 1764 1064 ﬁliaiamilias
1802 1027 1906 1062 non
1965 1028 2047 1061 re-

469 1101 608 1165 quiri
648 1101 937 1155 secundam
984 1103 1460 1164 benedictionem,
1512 1105 1655 1171 quod
1704 1102 1873 1156 solius
1926 1117 2047 1169 pcr-

467 1205 614 1244 sonte
653 1193 861 1246 scilicet
896 1194 1064 1262 patris
1094 1203 1434 1263 contemptus
1478 1195 1849 1255 intervenerit,
1901 1205 1954 1247 et
1997 1194 2045 1246 is

467 1298 567 1348 per
596 1300 926 1339 consensum
961 1296 1274 1354 amputatus
1325 1288 1415 1344 sit.
1455 1288 1508 1339 ln
1555 1287 1830 1355 itupubere
1862 1295 2042 1338 autem

464 1376 636 1429 voluit
700 1379 991 1432 secundam
1059 1379 1175 1433 fleri
1247 1380 1700 1443 benedictionem,
1755 1380 1896 1446 quod
1957 1379 2044 1446 jus

467 1479 754 1522 coinmune
789 1478 1158 1538 contemptum
1190 1470 1280 1533 sit,
1311 1470 1418 1538 97
1455 1480 1507 1522 et
1553 1485 1659 1522 non
1699 1469 1857 1522 aliter
1877 1469 1924 1522 ei
1956 1485 2041 1521 re-

2156 555 2296 620 μετὰ
2333 553 2504 606 ταῦτα
2539 553 2835 625 συναινέσῃ
2871 555 2897 606 ὁ
2949 553 3087 623 ἔχων
3154 552 3324 621 αὐτὴν
3384 552 3742 614 ὕπεξουσίαν,

2151 646 2329 711 γάμος
2365 648 2424 698 οὐ
2465 647 2728 717 συσταίη,
2767 649 2814 700 εί
2854 649 2928 719 μὴ
2961 648 3107 715 καὶὴ
3141 645 3413 715 ἱερολογία
3489 646 3743 711 γένηται.

2167 735 2224 788 ὐ
2255 737 2308 788 δὲ
2339 739 2675 806 Μακαρίτης
2706 739 2898 808 κύριος
2955 739 3376 797 Κωνσταντῖνος
3421 740 3447 788 ὀ
3497 735 3745 796 Νικαεὺς

2151 829 2240 877 ἐπὶ
2271 829 2369 896 μὲν
2401 830 2499 896 τῆς
2529 830 2864 894 ὑπεξουσίας
2889 831 3042 895 ἔλεγε
3081 830 3155 898 μὴ
3212 829 3421 880 δεῖσθαι
3475 829 3743 894 δευτέρας

2155 919 2463 986 ἱεροὶιογίας
2514 921 2689 972 διὰτὸ
2746 923 3164 990 καταφρόνησιν
3216 920 3384 988 μόνην
3442 920 3740 987 προσώπου

2151 1011 2391 1080 ἦτοιτοῦ
2441 1014 2676 1081 πατέρος
2746 1013 3032 1079 γενὲςθαι,
3082 1014 3178 1063 καὶ
3222 1013 3429 1077 ταύτην
3489 1010 3580 1061 διὰ
3639 1011 3738 1077 τῆς

2152 1106 2518 1165 συναινέσεως
2551 1107 2999 1176 περιαιρεθῆναι.
3067 1105 3190 1160 Ἐπὶ
3261 1105 3314 1156 δὲ
3378 1106 3475 1171 τῆς
3523 1103 3729 1170 ἀνήθου

2151 1193 2300 1246 ἔθελε
2364 1197 2624 1267 δευτέραν
2671 1197 2922 1264 γενέσθαι
2956 1197 3281 1266 ἱερολογίαν,
3307 1196 3395 1247 διὰ
3420 1199 3479 1245 τὸ
3544 1196 3740 1261 ἀίιετη-

2152 1285 2312 1354 θῆναι
2339 1289 2522 1339 κοινὸν
2566 1291 2822 1358 νόμιμον,
2851 1289 2947 1341 καὶ
2983 1289 3058 1358 μὴ
3085 1289 3261 1348 ἄλλως
3302 1286 3737 1354 Θεραπξὺεσθαι,

2149 1379 2198 1427 εἰ
2231 1377 2308 1445 μὴ
2337 1380 2482 1447 μετὰ
2510 1381 2804 1448 διόρθωσιν
2835 1398 2847 1409 ·
2886 1383 3025 1449 ὅπερ
3057 1381 3183 1448 ἐμοι
3217 1381 3278 1432 οὑ
3326 1380 3496 1443 δοκεῖ,
3533 1378 3616 1429 En:
3679 1376 3739 1426 τὸ

2154 1467 2318 1531 σέϐας
2356 1470 2418 1522 τὸ
2439 1472 2576 1542 πρὸς
2611 1473 2710 1536 τὴν
2744 1474 2910 1540 ἁγίαν
2940 1471 3269 1540 ἱερολογίαν.

465 1556 704 1610 medium
729 1558 929 1624 afferri,
971 1561 1073 1615 nisi
1103 1570 1224 1631 post
1248 1565 1667 1626 correctionem,
1709 1565 1851 1630 quod
1898 1563 2028 1617 mihi
2059 1578 2165 1616 non
2199 1564 2430 1631 videtur,
2463 1577 2683 1635 propter
2716 1568 3105 1621 benedictionis
3141 1565 3526 1619 reverentiam.

525 1652 780 1707 ZONAR.
812 1655 1182 1725 Qumcunque,
1222 1658 1421 1727 inquit,
1455 1661 1648 1726 puellm
1671 1674 1799 1712 suos
1831 1671 2041 1711 amato-

463 1759 552 1798 res
586 1756 785 1798 secutae
805 1745 1026 1811 fuerint,
1077 1749 1176 1802 hoc
1207 1757 1314 1817 est,
1360 1750 1424 1802 iis
1451 1765 1576 1802 sese
1624 1759 1818 1818 sponte
1863 1750 2036 1801 tradi-

463 1837 668 1899 derint,
728 1849 921 1904 przeter
967 1847 1272 1906 parentum,
1332 1841 1433 1893 sub
1485 1856 1715 1909 quorum
1771 1849 2039 1905 potestate

2217 1661 2464 1715 ΖΩΝΔΡ.
2501 1663 2688 1726 Ὅσαι,
2721 1665 2874 1731 φησ,
2927 1663 3085 1733 κόραι
3131 1662 3554 1728 ἀκολουθήσουσι
3597 1658 3742 1710 τισῖν

2148 1753 2406 1820 ἐρασταῖς
2456 1755 2660 1818 αὐτῶν,
2708 1757 2825 1808 ἀντὶ
2857 1755 2976 1820 τοῦ,
3012 1756 3239 1806 ἐκδῶσιν
3283 1753 3478 1814 ἑαυτὰς
3514 1751 3740 1804 ἑκοῦσαι

2148 1845 2298 1912 παρὰ
2351 1846 2578 1916 γνώμην
2595 1847 2704 1899 τῶν
2740 1849 3027 1917 ἐπατέρων
3059 1847 3258 1912 αὐτῶν,
3291 1841 3373 1907 οἷς
3419 1850 3558 1898 εἰσιν
3599 1845 3735 1896 ὑπε-

465 1935 611 1988 sunt,
666 1929 1016 1993 voluntatem,
1063 1928 1425 1983 fornicautur.
1481 1931 1634 1996 Quod
1677 1931 1720 1985 si
1773 1933 1906 2000 ipsis
1961 1945 2033 1984 re-

2148 1937 2376 2004 ξούσιαι,
2417 1938 2796 2006 πορνεύουσιν.
2833 1942 2961 1993 Ἐὰν
2986 1941 3044 1994 δὲ
3085 1940 3503 2008 καταλλαγῶσιν
3549 1939 3740 1998 αὑταῖς

463 2020 823 2072 concilientur
852 2030 1103 2088 parentes
1135 2025 1242 2086 sui,
1276 2038 1474 2091 easque
1512 2041 1614 2076 una
1647 2040 1768 2076 cum
1830 2036 2041 2076 amato-

463 2109 616 2162 ribus
673 2113 1194 2180 corrnptoribusquc
1259 2114 1372 2166 suis
1413 2115 1577 2169 vitam
1635 2129 1798 2180 agere
1840 2117 2033 2176 velint,

463 2201 757 2252 remedium
789 2202 836 2254 ei
891 2204 1030 2268 quod
1090 2203 1293 2257 factum
1335 2213 1420 2257 est
1477 2207 1753 2258 inventum
1801 2207 2034 2258 videtur.

464 2292 633 2355 Porro
673 2295 773 2344 hoc
809 2295 951 2360 quod
1012 2295 1168 2346 initio
1215 2310 1379 2363 prave
1420 2307 1628 2365 gestum
1680 2307 1782 2358 est,
1839 2311 2037 2362 paren-

466 2390 578 2432 tum
602 2419 615 2439 ,
660 2382 746 2448 qui
787 2391 906 2448 post
931 2381 1240 2446 adhibetur,
1271 2397 1566 2437 consensus
1588 2399 1786 2451 eosque
1819 2385 2032 2437 videtur

461 2470 832 2546 einollire_,ut
896 2471 1236 2525 fornicariam
1316 2474 1592 2528 mulierem
1650 2477 1933 2528 traducere
1985 2477 2035 2528 in

461 2562 868 2614 matrimonium
923 2563 1098 2616 liceat.
1159 2563 1272 2616 Non
1330 2573 1506 2617 tamen
1567 2565 1655 2617 illa
1734 2567 1918 2618 statim
1971 2567 2036 2618 ad

465 2656 897 2708 communionem
942 2656 1044 2708 erit
1068 2656 1423 2720 admittenda,
1451 2660 1542 2709 sed
1569 2668 1759 2710 exacto
1783 2658 2037 2711 triennio.

534 2744 764 2797 ARIST.
821 2745 950 2808 Qua:
1004 2759 1191 2800 contra
1233 2750 1560 2801 voluntatem
1618 2751 1786 2817 patris
1847 2766 2034 2804 secum

463 2847 564 2896 est,
612 2834 930 2890 fornicatrix
960 2850 1230 2891 censetur.
1289 2840 1341 2892 Si
1373 2855 1502 2894 vero
1535 2853 1788 2908 parentes
1834 2856 2028 2894 ret-ou-

463 2925 627 2978 ciliati
658 2925 878 2988 fuerint,
928 2937 983 2979 et
1052 2927 1249 2981 factum
1306 2931 1602 2982 remedium
1662 2933 1906 2997 accipere
1952 2937 2034 2984 vi-

467 3019 690 3080 deatur;
721 3020 955 3071 triennio
989 3028 1168 3070 tamen
1201 3020 1600 3072 substernatur.

537 3109 639 3174 Qui
681 3110 780 3161 sub
813 3118 1078 3176 potestate
1107 3119 1236 3162 sunt
1280 3119 1474 3178 praeter
1500 3124 1685 3162 eorum
1715 3111 2037 3164 sententiam

465 3200 566 3253 sub
589 3215 814 3266 quorum
863 3209 987 3252 sunt
1033 3209 1302 3266 potestate
1365 3201 1770 3254 matrimonium
1822 3214 2039 3255 Contra-

2143 2030 2190 2079 οἱ
2225 2032 2402 2094 γονεῖς
2439 2032 2637 2092 αὐτῶν,
2675 2034 2769 2084 καὶ
2804 2032 3072 2102 θελήσωσι
3129 2037 3399 2087 συνοικεῖν
3427 2034 3601 2096 αὐτὰς
3625 2037 3743 2098 τοῖς

2143 2119 2402 2186 ἐρασταῖς
2449 2124 2543 2174 καὶ
2576 2123 2873 2192 φθορεῦσιν
2905 2126 3106 2190 αὐτῶν,
3143 2126 3292 2176 δοκεῖ
3331 2124 3741 2193 θεραπεύεσθαι

2141 2213 2202 2262 τὸ
2244 2214 2558 2279 γενόμενον.
2603 2215 2678 2266 Τὸ
2724 2215 2781 2266 δέ
2813 2215 2870 2278 ἐξ
2927 2217 3103 2285 ἀρχῆς
3159 2218 3340 2278 κακῶς
3378 2219 3670 2284 γενόμενον
3701 2219 3740 2286 ἡ

2145 2303 2283 2371 μετὰ
2305 2303 2480 2356 ταῦτα
2508 2307 2815 2370 συναίνεσις
2841 2308 2948 2359 τῶν
2983 2309 3186 2373 γονέων
3211 2309 3358 2360 δοκεῖ
3382 2309 3738 2378 θεραπεύειν,

2140 2399 2280 2451 ὥστε
2296 2401 2393 2470 τὴν
2413 2401 2619 2471 πόρνην
2643 2405 2722 2464 είς
2741 2404 2920 2472 γάμον
2946 2405 3305 2472 μετάγεσθαι.
3339 2405 3486 2473 Πλὴν
3522 2406 3621 2456 οὐκ
3641 2404 3740 2456 εὐ-

2142 2491 2236 2553 θὺς
2252 2493 2417 2562 δεκτὴ
2441 2494 2637 2563 ἐσταιὴ
2655 2496 2881 2564 τοιαύτη
2899 2498 2977 2558 είς
2995 2497 3296 2550 κοινωνίαν.
3315 2497 3450 2548 ἀλλὰ
3467 2497 3589 2566 τρία
3612 2495 3730 2564 ἔτη.

2141 2743 2368 2795 ΑΡΙΣΤ.
2433 2746 2591 2814 Παρὰ
2652 2746 2880 2816 γνώμην
2937 2745 3146 2814 πατρὶς
3218 2746 3249 2812 ἡ
3315 2742 3735 2811 ἀκολουθήσασα

2217 2837 2391 2904 πόρνη
2428 2837 2698 2906 κρίνεται.
2747 2839 2808 2890 Εἰ
2844 2840 2898 2890 δὲ
2935 2838 3030 2891 καὶ
3060 2839 3107 2889 οἱ
3149 2837 3326 2902 γονεῖς
3367 2836 3732 2898 διαλλαγεῖεν,

2215 2930 2307 2978 καὶ
2365 2929 2425 2980 τὸ
2483 2931 2710 2996 γεγονὸς
2778 2930 3078 2996 θεραπείαν
3137 2930 3277 2996 ἔχειν
3333 2928 3526 2978 δοκεῖ·
3579 2928 3736 2994 ὅμως

2214 3023 2455 3084 τριετίαν
2483 3021 2864 3073 ὑποπιπτέτω.

2216 3109 2276 3158 Οί
2311 3108 2646 3170 ὑπεξούσιοι,
2683 3111 2834 3178 παρὰ
2867 3109 3092 3177 γνώμην
3122 3108 3232 3159 τῶν
3271 3107 3505 3177 ἐχόντων
3530 3108 3734 3170 αὐτοὺς

2144 3199 2519 3262 ὑπεξουσίους,
2555 3201 2940 3253 συναλλάττειν
2970 3203 3148 3268 γάμον
3182 3201 3242 3250 οὐ
3267 3198 3523 3250 δύνανται
3549 3215 3565 3229 ·
3595 3200 3645 3250 εί
3672 3199 3736 3251 δὲ

461 3290 590 3342 here
617 3306 720 3342 non
761 3301 1007 3357 possunt.
1040 3290 1096 3342 Si
1127 3301 1310 3343 autem
1358 3300 1412 3344 et
1439 3295 1817 3344 contraxerint
1841 3331 1855 3355 ,
1903 3295 2033 3346 uilnl

2148 3291 2237 3342 ml.
2289 3292 2740 3357 συναλλάξουσιν,
2772 3294 2925 3344 οὐδὲν
2958 3293 3228 3360 ἔπραξαν,
3263 3290 3381 3341 ἀλλ’
3433 3290 3734 3360 ἁνίσχυρόν

458 3379 725 3443 fecerunt,
763 3383 857 3432 sed
893 3381 1044 3433 irrita
1080 3390 1162 3433 est
1227 3382 1556 3434 contractio.
1610 3381 1826 3434 Puellae.
1854 3394 2033 3436 autem

457 3486 580 3539 quin
607 3481 802 3538 praeter
865 3483 1076 3536 patrum
1119 3487 1339 3539 suorum
1409 3473 1740 3523 voluntatem
1790 3471 2035 3526 homines

459 3564 670 3629 aliquos
707 3572 904 3614 secuta:
930 3563 1150 3622 fuerint,
1196 3561 1576 3614 fornicationis
1622 3563 1887 3630 supplicio
1908 3565 2036 3616 sub-

455 3654 732 3721 jiciuntur.
785 3651 841 3705 Si
902 3664 1079 3706 autem
1144 3663 1328 3720 postea
1394 3660 1646 3720 parentes
1715 3655 2031 3723 conjuginni

467 3753 669 3811 praeter
698 3757 850 3793 suam
886 3741 1207 3796 sententiam
1235 3741 1469 3804 initium,
1494 3743 1811 3806 admittunt,
1848 3755 1900 3796 et
1941 3745 2027 3796 in-

458 3831 783 3885 dissnIutum
843 3848 1062 3885 manere
1121 3832 1327 3892 Volunt,
1390 3831 1742 3885 nihilominus
1801 3833 1926 3900 quia
1966 3836 2032 3888 ab

457 3926 611 3978 initio
637 3941 753 3977 cum
781 3941 962 3978 eorum
995 3926 1270 3977 voluntate
1314 3937 1420 3975 non
1482 3923 1676 3976 factum
1722 3923 1821 3977 fuit
1859 3942 1872 3990 ;
1922 3943 2028 3978 non

458 4017 637 4069 statim
682 4018 746 4068 atl
793 4017 1225 4069 communionem
1258 4015 1610 4083 recipientur,
1649 4015 1741 4069 sed
1793 4019 2028 4071 triennio

457 4121 646 4174 pmuas
684 4106 915 4160 solvent.

982 4195 1210 4249 CANON
1247 4195 1491 4250 XXXIX.

456 4288 584 4353 Qum
613 4287 743 4340 vivit
776 4303 897 4341 cum
924 4288 1294 4351 adultero,est
1325 4296 1442 4340 toto
1474 4297 1719 4355 tempore
1757 4289 2057 4351 adultera.-

526 4396 720 4450 BALS.
761 4397 948 4450 Mulier
996 4401 1264 4465 (praedam,
1308 4413 1428 4466 quae
1487 4398 1795 4451 adulterata
1845 4397 2026 4452 fuerat

453 4499 507 4541 et
537 4504 658 4541 cum
695 4488 940 4541 adultero
974 4505 1076 4541 una
1104 4491 1340 4552 vivebat,
1367 4489 1554 4555 punita
1611 4500 1693 4542 est
1727 4506 1741 4542 :
1779 4506 1900 4542 cum
1931 4505 2028 4542 au-

2141 3383 2256 3433 ἐστι
2307 3384 2368 3433 τὺ
2421 3384 2800 3453 συνάλλαγμα.
2849 3384 3193 3437 Ύπόκεινται
3246 3383 3304 3450 δέ
3357 3384 3450 3435 καὶ
3498 3382 3576 3450 τῷ
3630 3383 3734 3450 τῆς

2141 3475 2401 3543 πορνείας
2435 3477 2700 3546 ἐπιτιμίῳ
2743 3479 2797 3529 αί
2838 3478 2985 3546 παρὰ
3033 3478 3255 3544 γνώμην
3303 3477 3413 3527 τῶν
3467 3476 3732 3544 πατέρων

2139 3567 2322 3619 αὐτῶν
2355 3567 2798 3636 ἀκολουθήσασαί
2829 3586 2971 3620 τισιν
2995 3569 3222 3638 ἀνδράσι
3247 3567 3432 3635 κόραι.
3457 3567 3519 3618 Ei
3547 3567 3604 3617 δὲ
3632 3575 3729 3618 και

2140 3661 2282 3728 μετὰ
2304 3659 2479 3711 ταῦτα
2511 3662 2560 3712 οἱ
2596 3663 2774 3726 γονεῖς
2806 3661 2866 3711 τὸ
2899 3662 3052 3730 παρὰ
3088 3660 3314 3730 γνώμην
3349 3659 3532 3711 αὐτῶν
3571 3660 3730 3727 γενό-

2140 3769 2302 3820 μενον
2349 3754 2690 3805 συνοικέσιον
2730 3753 2995 3816 δέξονται.
3045 3753 3140 3805 καὶ
3197 3753 3486 3819 θελήσουσι
3542 3752 3728 3821 μένειν

2135 3843 2333 3894 ἄλυτον
2361 3859 2372 3871 ·
2427 3845 2577 3911 ὅμως
2635 3845 2726 3895 διὰ
2773 3845 2832 3896 τὸ
2874 3845 2932 3907 ἐξ
2972 3845 3145 3912 ἀρχῆς
3179 3843 3253 3911 μὴ
3303 3844 3444 3895 κατᾶ
3496 3841 3727 3913 γνώμην

2135 3933 2317 3983 αὲτῶν
2357 3934 2636 3997 γενέσθαι,
2670 3935 2768 3986 οὐκ
2795 3933 2958 3994 εὐθὺς
3012 3936 3092 3996 είς
3141 3934 3426 3985 κοινωνίαν
3475 3933 3721 4002 παραδε-

2134 4027 2451 4096 χθήσονται,
2482 4029 2601 4079 ἀλλ’
2623 4029 2712 4080 ἐπὶ
2747 4029 2992 4079 τοιετίαν
3024 4025 3541 4095 ἐπιτιμηθήσονται.

2726 4206 2967 4258 ΚΛΝΩΝ
3011 4209 3136 4257 Λθθ.

2185 4298 2243 4350 Ἠ
2265 4297 2342 4365 τῷ
2369 4297 2542 4366 μοιχῷ
2557 4297 2774 4358 συζὼσα
2798 4297 3041 4364 μοιχαλίς
3064 4298 3179 4346 ἐστι
3195 4295 3375 4346 πάντα
3394 4294 3484 4345 τὸν
3502 4293 3718 4361 χρόνον.

2209 4389 2401 4440 ΒΛΛΣ.
2443 4389 2584 4457 Γυνὴ
2615 4406 2696 4449 τις
2729 4389 3068 4454 μοιχεύσασα
3099 4387 3189 4436 καὶ
3225 4385 3440 4448 συςῶσα
3467 4386 3545 4452 τῷ
3595 4403 3718 4453 μοι-

2137 4479 2218 4548 χῷ
2258 4481 2565 4548 ἐπετιμήθη
2593 4494 2604 4506 ·
2643 4477 2731 4529 τοῦ
2775 4477 2966 4547 ἀνδρὸς
3001 4477 3055 4528 δὲ
3090 4477 3256 4544 αὐτῆς
3288 4477 3720 4542 τελευτήσαντος

455 4590 561 4633 tem
594 4587 840 4631 mortuus
869 4589 1010 4630 esset
1040 4580 1158 4646 ejus
1210 4581 1460 4643 maritus,
1518 4581 1730 4634 volebat
1772 4581 2023 4650 conjungi

2148 4570 2289 4642 ιγθελε
2350 4571 2715 4640 συζευχθῆναι
2774 4571 2850 4638 τῷ
2888 4569 3082 4637 μοιχῷ.
3119 4570 3287 4636 Φησ“ιν
3339 4568 3431 4620 οὖν
3476 4571 3501 4619 ὁ
3559 4569 3716 4634 ἆγιος

455 4670 718 4720 adultero.
785 4668 926 4720 Dicit
954 4668 1136 4734 itaque
1176 4680 1421 4731 sanctus,
1461 4673 1606 4736 quod
1652 4685 1719 4722 ne
1751 4672 1852 4723 hoc
1903 4673 2024 4738 qui-

453 4758 806 4820 demfiet,sed
839 4759 998 4810 etiam
1026 4760 1194 4810 donec
1239 4759 1514 4811 vivitcum
1539 4758 1782 4811 adultero
1813 4775 2026 4826 poenam

451 4850 633 4902 eublre
658 4850 836 4911 debet,
888 4850 1101 4902 etiamsi
1160 4849 1464 4917 quindecim
1521 4850 1644 4902 anni
1694 4852 2027 4917 ptenitentiee

454 4945 711 4995 transacti
747 4943 872 4997 sint.
907 4942 982 4995 Illi
1039 4944 1183 4994 enim
1239 4943 1452 4994 demum
1481 4955 1593 5004 eas,
1647 4956 1768 5008 qua:
1824 4943 1875 4994 in
1909 4957 2026 5010 poe-

450 5033 676 5085 nitentia
701 5034 914 5094 dautur,
948 5048 1136 5100 pcenas
1164 5031 1394 5085 subiisse
1434 5032 1704 5096 videntur,
1732 5042 1786 5086 et
1813 5036 2023 5087 veniam

448 5121 692 5188 adipisci,
725 5123 874 5188 quia
931 5122 1069 5174 malo
1121 5120 1415 5173 abstinent.
1459 5121 1560 5185 Qui
1587 5130 1764 5174 autem
1789 5123 1841 5174 in
1883 5123 2024 5174 malo

451 5223 821 5281 perseverant,
886 5213 1060 5265 eidem
1115 5225 1287 5278 ροειιεε
1341 5221 1466 5264 sunt
1521 5213 1763 5276 obnoxii,
1810 5215 2022 5268 etiamsi

447 5320 566 5358 eam
604 5305 796 5358 millies
828 5306 1110 5357 subierint.
1175 5302 1254 5356 lta
1288 5318 1416 5372 ergo
1462 5305 1516 5356 in
1573 5317 1834 5358 canonem
1890 5321 2020 5375 pro-

448 5411 626 5465 pone;
675 5407 728 5449 et
791 5412 857 5448 ne
906 5398 1105 5451 dixeris
1146 5411 1362 5450 omnem
1397 5395 1675 5450 mulierem
1739 5413 1855 5466 qua:
1896 5416 2019 5453 cum

447 5486 695 5540 adultero
755 5487 1047 5552 cohabitat,
1110 5501 1233 5541 esse
1288 5486 1608 5540 adulteram.
1690 5486 1818 5555 Ejus
1875 5491 2018 5543 enim

449 5590 587 5628 uxor
629 5577 868 5644 legitima
900 5577 978 5630 illi
1008 5576 1349 5642 cohabitans,
1402 5588 1484 5632 est
1516 5593 1544 5629 a
1599 5581 2020 5646 reprehensione

449 5667 643 5730 aliena,
677 5680 724 5722 et
757 5670 960 5735 qumvis
990 5670 1094 5722 alia
1127 5680 1323 5738 praeter
1352 5669 1673 5722 adulteram.
1703 5668 1770 5722 Et
1794 5671 1874 5724 lex
1895 5673 2020 5739 quia

445 5760 564 5812 dem
594 5759 964 5814 ecclesiastica
993 5761 1110 5819 lucc
1137 5761 1399 5817 decernit.
1428 5760 1615 5814 Civilis
1644 5770 1821 5815 autem
1856 5763 2016 5815 adul-

449 5859 574 5907 terae
603 5853 749 5911 nullo
782 5853 943 5910 modo
971 5855 1237 5924 permittit
1274 5870 1396 5911 cum
1432 5854 1676 5910 adultero
1733 5855 2009 5925 conjungi.

2131 4661 2205 4723 ὡς
2245 4659 2372 4712 οὔτε
2412 4661 2573 4712 τοῦτο
2599 4660 2915 4727 γενήσεται,
2948 4657 3083 4708 ἀλλὰ
3116 4659 3209 4708 καὶ
3248 4658 3439 4726 μέχρις
3475 4656 3540 4708 ἂν
3574 4656 3712 4725 συζῇ

2131 4750 2208 4818 τῷ
2252 4750 2424 4818 μοιχῷ
2462 4751 2900 4819 ἐπιτετιμημένη
2927 4748 3132 4816 ὀφείλει
3164 4744 3336 4811 εἶναι,
3375 4748 3479 4800 κᾶν
3542 4749 3610 4800 τὰ
3652 4747 3713 4800 ts'

2131 4842 2225 4908 ἔτη
2283 4843 2391 4892 τῶν
2447 4843 2742 4910 ἐπιτιμίων
2803 4841 2902 4908 τῆς
2961 4840 3208 4908 μοιχείας
3272 4838 3710 4908 ἐπεραιώθησαν.

2144 4933 2371 4984 Ἐκεῖνοι
2409 4934 2517 5001 γὰρ
2543 4933 2611 4984 τὰ
2637 4933 2730 4983 ἐπὶ
2759 4935 2824 5002 τῇ
2875 4933 3131 5000 μετανοίᾳ
3175 4929 3428 4999 δ.δὸμενα
3459 4931 3713 5000 ἐπιτίμια

2129 5023 2343 5076 δοκοῦσι
2393 5025 2690 5087 δουλεύειν,
2745 5029 2837 5076 καὶ
2899 5025 3199 5092 λαμϐάνειν
3253 5021 3602 5090 συγχώρησιν
3663 5023 3711 5074 οἱ

2127 5117 2488 5185 ἀφιστάμενοι
2514 5117 2606 5168 τοῦ
2644 5116 2839 5169 κακοῦ.
2869 5118 2931 5168 Oi
2973 5117 3027 5168 δέ
3055 5115 3407 5185 ἐπιμένοντες
3439 5113 3518 5180 τῷ
3554 5113 3710 5180 κακῷ

2129 5211 2220 5260 ἐπὶ
2276 5211 2333 5260 τὸ
2387 5209 2517 5260 αὑτό
2547 5211 2685 5260 εἰσιν
2719 5209 3006 5277 ἐπιτίμιοι,
3053 5209 3153 5262 κάν
3216 5205 3477 5274 μυριάκις
3531 5203 3710 5272 τούτῳ

2127 5299 2506 5351 δουλεύσωσιν.
2563 5297 2722 5367 Οὕτω
2765 5296 3058 5366 θεμάτισον
3082 5297 3174 5348 τὸν
3205 5294 3403 5346 κανόνι
3429 5307 3441 5320 ·
3487 5293 3582 5344 καὶ
3631 5295 3708 5362 μὴ

2128 5392 2288 5462 εἴπῃς
2322 5392 2502 5443 πᾶσαν
2544 5393 2776 5455 γυναῖκα
2816 5387 3067 5452 συζῶσαν
3099 5385 3177 5456 τῷ
3207 5384 3382 5455 μοιχῷ
3421 5381 3709 5452 μοιχαλίδα

2129 5483 2288 5537 εἶναι.
2336 5483 2401 5534 Ἢ
2432 5483 2541 5550 γὰρ
2574 5482 2806 5550 νόμιμος
2856 5479 2996 5548 γυνὴ
3044 5476 3208 5530 αὑτοῦ
3263 5473 3558 5536 ἀνεύθυνός
3593 5473 3706 5524 ἐστι

2130 5579 2308 5646 τούτῳ
2337 5578 2724 5642 συνδιάγουσα,
2754 5573 2846 5626 καὶ
2878 5572 3011 5640 ἄλλη
3041 5571 3191 5623 πᾶσα
3235 5571 3404 5638 χωρὶς
3434 5566 3536 5636 τῆς
3582 5581 3705 5633 μοι-

2123 5671 2361 5736 χαλὶδος.
2419 5670 2528 5720 Καὶ
2579 5671 2606 5719 ὁ
2673 5667 2772 5734 μὲν
2833 5661 3288 5732 ἐκκλησιαστικδς
3337 5657 3501 5726 νόμος
3530 5654 3706 5707 ταῦτα

2122 5761 2412 5831 διορίζεται
2444 5777 2457 5790 ·
2497 5764 2522 5812 ὁ
2561 5762 2619 5813 δέ
2665 5758 2944 5820 πολιτικὸς
2983 5757 3042 5810 οὐ
3098 5751 3425 5824 παραχωρεῖ
3449 5749 3548 5816 τὴν
3581 5761 3703 5814 μοι-

2122 5850 2312 5918 χαλίδα
2364 5853 2511 5915 ὅπως
2558 5853 2757 5921 δήποτε
2804 5848 3168 5920 συζευχθῆναι
3198 5843 3277 5915 τῷ
3319 5839 3493 5913 μοιχῷ
3520 5853 3533 5867 ⁹
3565 5836 3702 5906 (9⁷1⁸³ὶ
