3946 6342
188 385 298 442 7ος)

1154 389 1227 447 1ῗὶ
1266 391 1500 454 Ei‘lh'l'.
1553 397 1613 451 ὃ.
1649 395 1930 452 B.\Sll.ll
1969 396 2402 455 CANUNICAM
2451 400 2527 459 Il.

3338 408 3446 470 710

189 498 304 558 γὰρ
333 499 387 544 τί»
423 493 508 556 ξς¹
544 498 756 563 κεφάλη
792 499 909 549 τοῦ.
940 499 1015 563 λζ’
1064 503 1265 565 ciuica,
1311 506 1404 555 το)
1449 505 1488 566 ξ’
1516 505 1724 573 βιῦλῖου

1881 509 2016 560 Dicit
2048 510 2190 562 enim
2217 524 2334 575 cap.
2369 510 2456 573 06,
2485 514 2566 565 til.
2602 515 2690 575 37,
2729 515 2915 568 lilr.t.x:
2947 517 3074 580 Quae
3099 521 3263 572 st-tucl
3292 523 3444 573 :tdnl-

204 585 269 634 Ἤ
331 585 477 648 ξ’τ.αξ
529 588 898 657 ἀμαρτήσασα
943 592 1212 659 μοιχείαν,
1264 594 1358 644 ἐὰν
1415 595 1554 662 μετὰ
1599 597 1768 650 ταῦτα

186 679 421 744 γένηται
457 680 671 746 γαμετὴ
705 683 796 732 τοῦ
845 683 1230 748 μοιχεύσαντος
1277 685 1467 752 αὐτὴν,
1517 689 1576 738 οὐ
1612 687 1767 738 σϐέν-

187 787 354 820 νυται
394 771 472 836 τῷ
505 771 850 839 προσχήματι
894 774 986 825 τοι]
1012 776 1192 842 γάμου
1224 777 1316 827 τοῦ
1352 778 1493 829 κατὲ
1524 778 1619 845 τὴν
1653 796 1768 843 μοι-

187 860 668 926 χ;ξαν.γενομένου
695 878 706 890 ·
740 863 831 913 καὶ
865 864 926 914 τὸ
961 864 1028 930 ιγ’
1062 866 1255 930 κεφάλ.
1319 867 1411 918 τοῦ
1441 868 1529 934 μβ¹
1552 869 1726 919 τίτλον
1747 885 1761 900 ⁸

203 950 338 1000 Ἐὰν
367 952 456 1000 ἐπὶ
491 952 703 1019 μοιχείᾳ
729 953 984 1019 γυναικὸς
1021 956 1436 1014 καταδικασθεὶς
1469 957 1765 1024 ἀγά-ίωμαι

189 1041 389 1108 αὐτὴν,
441 1044 485 1093 εἰ
530 1045 621 1093 καὶ
661 1044 732 1112 μὴ
763 1046 900 1112 αὑτὴ
933 1047 1329 1115 καταδικασθῇ,
1359 1045 1483 1099 οὔτε
1522 1051 1550 1099 ὁ
1590 1049 1765 1116 γάμος

191 1133 441 1200 ignorat
469 1150 483 1165 ο
533 1135 645 1185 ἀλλ’
679 1137 727 1185 εί
767 1139 860 1188 καί
888 1137 1222 1205 κληρονόμον
1262 1138 1432 1206 αὐτὴν
1463 1140 1677 1207 γράψω,
1731 1141 1763 1209 ἢ

193 1223 298 1289 ἐμὲ
333 1224 489 1292 αὐτὴ,
520 1225 812 1293 δημεύεται
839 1230 870 1295 ἡ
901 1229 1252 1297 κληρονομία.
1289 1230 1420 1281 Οὐδὲ
1445 1247 1766 1298 στρατιωτι·

188 1317 310 1377 auia;
346 1335 427 1377 τις
460 1319 778 1388 διαῦέμενος
805 1321 1029 1373 δύναται
1056 1323 1396 1392 κληρονόμον
1429 1323 1636 1391 γράψαι
1667 1325 1764 1392 τὴν

189 1410 305 1459 ἀπὺ
333 1409 536 1478 φθορᾶς
561 1412 925 1480 γαμηθεῖσαν.
963 1416 1056 1466 καὶ
1091 1413 1376 1480 σύγκοιτον
1409 1415 1573 1466 αὑτοῦ
1606 1432 1763 1482 γενο-

191 1499 372 1566 μένην
404 1517 416 1531 ·
449 1502 583 1553 ἀλλὰ
618 1503 860 1554 τοιούτου
887 1505 1033 1564 τινος
1069 1504 1479 1571 συμϐαίνοντος,
1507 1503 1660 1574 χώρα
1685 1505 1763 1573 τῷ

185 1589 457 1660 δημοσίῳ.
496 1594 650 1645 Κατᾶ
677 1596 855 1660 τρίτον
882 1594 1029 1663 θὲμα
1054 1597 1148 1648 τοῦ
1170 1596 1398 1650 δεκάτου
1421 1615 1548 1666 κεφ.
1601 1597 1694 1652 τοῦ
1720 1605 1760 1650 ε’

182 1679 400 1742 τίτλου,
433 1681 522 1733 τοῦ
562 1690 646 1752 κη’
674 1684 900 1751 βιϐλίου,
927 1689 954 1738 ὁ
980 1686 1072 1738 ἐπὶ
1097 1688 1344 1757 μοιχείαν
1378 1689 1634 1754 γυναικὸς
1661 1706 1760 1741 κα-

183 1771 520 1839 τηγορηθεὶς
543 1775 602 1826 ού
633 1776 854 1829 δύναται
904 1778 1108 1845 ταύτην
1150 1778 1398 1848 γαμετὴν
1431 1779 1755 1847 ἀγαγέσθαι.

1875 600 2068 651 terium
2104 602 2396 664 commisit,
2423 603 2466 654 si
2501 604 2635 669 ejus,
2674 606 2763 672 qui
2798 621 2915 659 eam
2971 610 3272 662 adulterata
3326 623 3435 673 est,

1873 701 2054 753 postea
2089 705 2227 743 uxor
2253 691 2437 756 fuerit,
2472 709 2576 746 non
2606 696 2962 758 exstinguitur
3019 710 3282 761 prmlextu
3316 715 3433 750 ma-

1871 780 2136 842 trimonii,
2209 783 2347 849 quod
2397 793 2513 848 post
2571 785 2899 837 adulterium
2964 786 3161 840 factum
3210 799 3311 842 est.
3367 792 3434 844 Et

1867 885 1986 933 cap.
2026 871 2109 933 i3,
2141 871 2222 924 tit.
2254 871 2324 923 42
2385 872 2624 938 ejusdem
2674 874 2829 927 libri;
2863 875 2918 927 Si
2980 887 3203 944 propter
3255 882 3439 932 uxoris

1867 958 2190 1011 adulterium
2239 961 2630 1012 comlenntatns
2693 963 2861 1026 ipsam
2917 967 3161 1029 duxero,
3219 971 3428 1023 etiamsi

1868 1050 1979 1115 ipsa
2006 1066 2108 1101 non
2133 1056 2213 1104 est
2231 1052 2606 1112 condemnata,
2650 1067 2753 1104 non
2776 1063 2855 1107 est
2883 1056 3112 1108 validum
3159 1060 3436 1112 matrimo-

1868 1141 2012 1191 nium
2042 1157 2052 1189 :
2083 1139 2174 1192 sed
2208 1142 2304 1192 etsi
2337 1142 2508 1208 ipsam
2549 1141 2816 1196 hieretlent
2847 1145 3138 1209 scripsero,
3201 1149 3281 1200 vel
3320 1149 3434 1215 ipsa

1867 1242 1974 1293 me,
1999 1230 2308 1296 publicatnr
2341 1231 2651 1285 haereditas.
2683 1231 2791 1285 Nec
2821 1234 2939 1300 quis
2996 1237 3305 1290 militariter
3367 1250 3443 1289 te—

1864 1328 2016 1372 stans
2041 1329 2212 1386 potest
2247 1337 2363 1375 eam
2395 1322 2662 1377 heredem
2719 1326 2984 1389 scribere,
3051 1343 3170 1394 quae
3219 1345 3285 1383 ex
3321 1341 3440 1385 stn-

1863 1425 1961 1478 pro
1996 1421 2078 1465 est
2102 1414 2262 1466 ducta
2285 1424 2337 1464 et
2362 1414 2410 1466 ei
2449 1415 2545 1466 fuit
2569 1415 2868 1469 concubina
2895 1434 2910 1471 ι
2945 1417 3039 1472 sed
3070 1419 3114 1471 si
3179 1421 3281 1474 tale
3309 1422 3436 1486 quid

1863 1501 2157 1568 contingat,
2191 1503 2342 1556 locus
2371 1503 2532 1558 datur
2577 1506 2814 1572 publico.
2852 1506 2917 1558 Et
2954 1506 3106 1574 juxta
3151 1511 3328 1563 thema
3378 1513 3434 1575 ὅ,

1862 1608 1983 1662 cap.
2019 1594 2105 1657 10,
2132 1596 2212 1648 tit.
2245 1596 2297 1657 5,
2323 1595 2417 1650 lib.
2474 1611 2664 1651 ιιι-ιιι.
2695 1599 2793 1663 Qui
2847 1609 3069 1668 propter
3115 1601 3439 1656 adulterimn

1863 1685 2048 1738 uxoris
2106 1696 2395 1739 accusatus
2458 1697 2561 1752 est,
2619 1703 2723 1741 non
2800 1700 2974 1757 potest
3028 1705 3146 1744 eam
3213 1708 3434 1746 uxnrem

1865 1774 2078 1827 ducere.

263 1837 508 1916 ΖΩΝᾹΡ.
541 1865 601 1915 Εἰ
645 1868 716 1933 μή
762 1883 846 1927 τις
887 1837 1282 1938 ἀποσταίη-της
1312 1837 1608 1939 ἁμαρτίας,
1661 1887 1753 1938 με·

1937 1863 2182 1919 ΖΟΝᾹΠ.
2230 1865 2335 1919 Nisi
2364 1868 2482 1935 quis
2513 1883 2540 1919 ιι
2577 1877 2792 1935 peccato
2823 1869 3071 1935 desistat,
3138 1873 3285 1927 illum
3320 1891 3436 1944 ptr—

182 1954 407 2003 τανοεῖν
445 1954 504 2004 ού
533 1955 866 2018 πιστεύεται,
905 1955 1029 2009 οὔτε
1066 1957 1280 2027 δέχεται
1321 1963 1399 2022 είς
1450 1960 1758 2026 μετάνοιαν.

187 2041 469 2093 Μετάνοια
515 2043 622 2110 γάρ
671 2046 785 2096 ἐστι
821 2045 882 2096 τὸ
924 2048 1331 2112 μεταμέλεσθαι
1373 2048 1463 2099 τὸν
1510 2050 1761 2118 ἁμαρτή-

185 2146 366 2183 σαντα
397 2133 482 2201 ἐφ’
514 2130 594 2195 οἷς
621 2135 855 2203 ἥμαρτε,
889 2138 984 2189 καὶ
1009 2137 1301 2190 δάκνεσθαι
1332 2141 1420 2191 ἐπ’
1445 2141 1652 2202 αὐτοῖς.
1702 2142 1762 2192 Ὀ

180 2217 246 2268 δὲ
296 2219 566 2286 ἐπιμένων
609 2223 673 2289 τῇ
725 2222 970 2293 ἁμαρτίᾳ
997 2222 1120 2275 οὔτε
1167 2225 1591 2294 μεταμέλεσθαι,
1640 2225 1763 2278 οὔτε

180 2309 478 2361 δάκνεσθαι
513 2312 850 2371 πιστεύεται.
885 2313 1024 2366 ἀλλὰ
1050 2313 1275 2382 ἥδεσθαι
1319 2315 1512 2385 ταύτῃ.
1564 2317 1628 2368 Ἢ
1666 2314 1759 2370 οὖν

178 2399 268 2468 τῷ
296 2401 470 2470 μοιχῴ
494 2402 906 2472 ἀκολουθήσασα
931 2405 1024 2456 καὶ
1050 2405 1359 2473 συμϐιοῦσα
1384 2406 1554 2474 αὐτῷ,
1585 2409 1758 2459 πάντα

180 2492 277 2542 τὶν
303 2494 492 2561 χρόνον
519 2496 616 2561 τῆς
640 2494 999 2563 συμϐιώσεως
1032 2495 1285 2564 μοιχαλίς
1311 2498 1448 2558 ἐστι,
1478 2496 1555 2548 ἔτι
1589 2498 1757 2564 πράτ·

179 2599 357 2634 τουσα
395 2584 451 2635 τὸ
472 2585 662 2645 κακὸν,
693 2587 784 2638 καὶ
809 2587 888 2648 είς
927 2586 1218 2654 μετάνοιαν
1243 2586 1304 2638 οὑ
1332 2587 1680 2656 δεχθήσεται,

1866 1958 2036 2010 nitere
2065 1958 2202 2009 haud
2261 1958 2518 2009 credibile
2543 1967 2644 2017 est,
2670 1958 2681 1973 '
2714 1974 2884 2025 neque
2935 1963 2997 2014 atl
3066 1966 3436 2029 paenitentiam

1865 2046 2185 2098 admittitur.
2241 2046 2331 2097 list
2377 2047 2518 2098 enim
2573 2047 2908 2112 pmnitentia,
2959 2065 3278 2110 cum-enm,
3349 2060 3436 2123 qui

1873 2132 2124 2200 deliquit,
2175 2134 2390 2184 admiSsi
2432 2134 2680 2186 criminis
2721 2135 2968 2199 ptenitct,
3003 2150 3162 2205 atque
3192 2145 3258 2194 οΙ)
3309 2145 3438 2198 illud

1865 2225 2096 2288 angitur.
2127 2223 2225 2285 Qui
2259 2238 2386 2274 vero
2415 2223 2464 2274 in
2512 2234 2733 2289 peccato
2778 2239 3108 2291 perseverat,
3164 2247 3260 2285 nec
3314 2250 3433 2285 eum

1867 2314 2128 2380 pmnitere
2152 2313 2380 2378 peccati,
2407 2328 2507 2364 nec
2532 2315 2600 2365 ob
2637 2314 2748 2382 93
2780 2317 2828 2368 id
2861 2318 2980 2384 angi
3015 2323 3306 2385 credimus,
3342 2326 3434 2375 sed

1865 2418 1928 2455 ex
1977 2402 2067 2454 illo
2127 2404 2301 2469 potius
2366 2418 2559 2470 Capere
2629 2408 2980 2472 Voluptatem.
3056 2411 3183 2471 Quae
3270 2414 3436 2482 igitur

1865 2493 2164 2545 adulterum
2189 2503 2369 2544 secuta
2396 2505 2497 2555 est,
2555 2505 2606 2547 et
2660 2511 2778 2548 cum
2838 2513 2902 2551 eo
2947 2499 3108 2552 vitam
3166 2505 3293 2569 agit,
3327 2512 3437 2556 toto

1874 2588 2144 2648 tempore,
2193 2599 2300 2652 quo
2344 2599 2464 2638 cum
2499 2601 2561 2637 cn
2593 2588 2754 2654 degit,
2791 2589 3027 2642 adultera
3064 2604 3168 2655 est,
3204 2609 3322 2646 cum
3381 2596 3434 2648 in

181 2673 455 2737 praticate
484 2676 658 2726 adhuc
709 2675 987 2741 persistat,
1021 2691 1196 2742 neque
1251 2677 1314 2729 ad
1370 2677 1749 2744 pmnitentiam
1788 2672 2118 2730 admittitur.

256 2762 485 2817 ΑΡΙΣΤ.
520 2765 586 2816 Ἦ
620 2762 841 2827 συζῶσα
881 2763 1055 2835 μοιχῷ
1081 2766 1170 2818 διὰ
1202 2765 1318 2837 βίου
1351 2768 1685 2838 μοιχεύεται.

254 2942 357 2993 Διὰ
386 2942 541 2994 τοῦτο
572 2943 703 3009 γοῦν
738 2945 829 2996 καὶ
869 2945 1240 3014 ἀπρόσδεκτός
1284 2948 1433 2999 ἔστιν
1465 2949 1496 3016 ή
1534 2947 1756 3017 τοιαύτη

177 3037 248 3102 τῇ
293 3035 559 3104 ἐκκλησίᾳ
592 3049 606 3063 ·
637 3035 776 3103 μετὰ
807 3035 916 3105 γὰρ
943 3038 1004 3090 τὸ
1031 3037 1307 3107 παυθῆναι
1337 3041 1435 3108 τῆς
1457 3038 1756 3109 ἁμαρτίας,

178 3128 308 3176 τότε
342 3126 548 3192 γίνεται
581 3127 641 3179 ὲν
673 3128 994 3196 ἐπιτιμίοις,
1016 3129 1112 3181 καὶ
1145 3129 1456 3201 διορθοῦται
1497 3129 1559 3182 τὸ
1597 3132 1759 3184 πταῖ-

180 3235 255 3285 σμ
275 3236 301 3268 ι
336 3219 508 3288 αὐτῆς
539 3238 550 3249 ·
579 3219 676 3271 ἐὰν
707 3220 764 3272 δὲ
789 3220 1024 3292 ἐπιμένῃ
1044 3224 1112 3292 τῇ
1160 3222 1399 3293 μοιχείᾳ,
1437 3221 1760 3292 ἀδιόρθωτός

179 3310 205 3358 ὲ
218 3326 325 3371 στι,
355 3311 441 3361 καὶ
476 3309 864 3376 ἀπρόσδεκτος.

786 3401 1026 3455 ΚΑΝΩΝ
1075 3400 1144 3455 Μ’

197 3493 263 3543 Ἢ
303 3493 450 3556 παρὰ
487 3491 713 3562 γνώμην
743 3493 836 3544 τοῦ
884 3494 1147 3546 δεσπότου
1204 3494 1360 3565 ἀνδρὶ
1407 3496 1606 3567 ἑαυτὴν
1667 3498 1760 3550 ὲκ-

255 3584 421 3638 δοῦσα
447 3587 778 3656 ὲπόρνευσεν
806 3607 819 3622 ο
849 3589 882 3659 ἠ
910 3588 966 3642 δὲ
996 3589 1135 3659 μετὰ
1164 3588 1340 3642 ταῦτα
1373 3595 1759 3661 πεπαρῤησια-

259 3676 442 3744 σμένῳ
479 3678 640 3745 γάμῳ
685 3681 1031 3748 χρησαμένη,
1078 3679 1348 3749 ἐγήματο.
1383 3680 1545 3732 Ὥστε
1580 3683 1756 3733 ἐκεῖνο

258 3767 359 3833 μὲν
409 3771 658 3837 πορνεία,
693 3768 851 3821 τοῦτο
894 3768 951 3822 δὲ
997 3770 1189 3839 γάμος.
1229 3771 1295 3823 At
1339 3769 1448 3842 γὰρ
1486 3770 1753 3842 συνθῆκαι

257 3859 367 3909 τῶν
400 3859 735 3926 ὑπεξουσίων
765 3861 917 3914 οὐδὲν
948 3861 1129 3930 ἔχουσι
1161 3862 1398 3932 βέϐαιον.

260 4029 453 4080 ΒΑΛΣ.
485 4029 656 4097 Δούλη
687 4030 935 4101 συνήφθη
972 4029 1228 4099 γαμικῶς
1267 4031 1426 4101 ἀνδρί
1461 4049 1567 4086 τινι
1597 4033 1750 4085 ὲλευ-

181 4121 330 4188 θέρῳ
361 4122 510 4188 παρὰ
542 4121 768 4191 γνώμην
789 4122 884 4174 τοῦ
916 4113 1121 4177 οἰκείου
1146 4123 1430 4176 δεσπότου.
1462 4125 1666 4196 Καιροῦ
1693 4124 1750 4179 δέ

179 4226 330 4271 τινος
361 4210 745 4280 παρελθόντος,
772 4212 803 4278 ἢ
838 4211 1151 4281 ἐλευθερίας
1177 4212 1466 4277 ἀξιωθεῖσα
1494 4215 1580 4265 τὸν
1611 4213 1748 4282 μετὰ

179 4301 278 4354 τοῦ
336 4303 603 4370 προτέρου
656 4303 848 4370 ἀνδρὸς
928 4306 1105 4372 γάμον
1195 4305 1749 4374 πεπαρρησιασμένον

178 4393 497 4457 ἐποιήσατο,
545 4392 578 4460 ἢ
623 4394 716 4442 καὶ
743 4394 770 4442 ὁ
795 4391 982 4462 κύριος
1029 4391 1198 4460 αὐτῆς
1232 4393 1322 4441 ἐπὶ
1372 4391 1448 4459 τῷ
1472 4394 1748 4461 γενομένῳ

1938 2761 2164 2815 ARIST.
2208 2765 2333 2828 Qum
2369 2781 2472 2817 una
2521 2780 2641 2818 cum
2669 2766 2915 2821 adultero
2957 2769 3107 2835 vivit,
3154 2785 3246 2838 per
3275 2773 3433 2826 vitam

1871 2853 2195 2905 moechatur.

1937 2940 2141 2995 Idcirco
2169 2944 2347 3010 itaque
2383 2953 2437 2996 et
2469 2944 2591 2998 talis
2625 2946 2674 2997 iu
2718 2945 3010 3000 Ecclesiam
3051 2963 3155 3002 non
3204 2961 3285 3005 est
3335 2954 3435 3005 ad-

1865 3034 2141 3085 mittenda.
2206 3032 2493 3102 Postquam
2557 3036 2700 3089 enim
2755 3054 2781 3089 a
2834 3050 3055 3105 peccato
3103 3048 3433 3108 cessaverit,

1869 3131 1994 3176 tunc
2024 3136 2209 3191 ptenas
2231 3124 2339 3183 dat,
2373 3134 2427 3178 et
2472 3127 2677 3192 lapsum
2707 3143 2860 3180 suum
2912 3132 3184 3183 emendat.
3219 3134 3272 3186 Si
3337 3150 3434 3186 an-

1867 3224 1968 3267 tem
2001 3216 2052 3267 in
2090 3213 2350 3270 adulterio
2378 3218 2653 3284 persistat,
2679 3218 3090 3274 inemendabilis
3129 3233 3212 3276 est
3246 3235 3298 3277 et
3329 3242 3433 3279 non

1863 3303 2190 3373 recipienda.

2462 3397 2693 3451 CANON
2729 3397 2843 3452 XL.

1858 3477 1988 3546 Quae
2029 3493 2224 3550 prater
2273 3483 2473 3538 domini
2524 3488 2847 3539 sententiam
2899 3501 2959 3540 se
3011 3491 3126 3540 viro
3179 3490 3421 3551 tradidit,

1927 3569 2192 3624 fornicata
2220 3583 2341 3625 est:
2394 3589 2516 3642 qua:
2579 3585 2757 3627 autem
2809 3587 2993 3642 postea
3026 3576 3194 3628 libern
3243 3584 3432 3631 matri-

1938 3662 2117 3713 monio
2155 3675 2248 3712 usa
2282 3672 2385 3723 est,
2451 3663 2650 3729 nupsit.
2682 3662 2858 3728 Quare
2910 3663 3034 3716 illud
3071 3665 3286 3732 quidem
3316 3666 3430 3720 for-

1927 3752 2149 3818 nicatio,
2176 3753 2277 3805 hoc
2305 3767 2436 3805 vero
2466 3754 2866 3806 matrimonium
2898 3762 3001 3807 est.
3027 3753 3224 3808 Eorum
3252 3757 3418 3810 enim.

1923 3843 2014 3911 qui
2059 3851 2188 3895 sunt
2249 3841 2300 3894 in
2358 3842 2584 3898 alterius
2625 3852 2906 3912 potestate,
2954 3855 3106 3912 pacta
3164 3857 3430 3901 conventa

1925 3932 2063 3984 ﬁrmi
2101 3933 2236 3986 nihil
2269 3933 2492 3987 habent.

1923 4022 2114 4077 BALS.
2141 4024 2347 4077 Ancilla
2391 4024 2635 4091 quaedam
2683 4025 2897 4079 cuidam
2934 4027 3050 4080 viro
3099 4026 3271 4081 libero
3304 4043 3422 4082 ma-

1855 4115 2238 4168 trimonialiter
2283 4115 2570 4183 conjuncta
2628 4126 2746 4170 erat
2804 4126 3001 4183 praeter
3050 4129 3283 4172 mentem
3342 4120 3427 4173 sui

1857 4203 2080 4258 domini.
2113 4203 2246 4258 Cum
2278 4214 2460 4258 autem
2498 4205 2827 4274 aliquantum
2886 4208 3145 4275 temporis
3197 4222 3419 4276 proces-

1853 4292 2035 4356 sisset,
2072 4291 2153 4345 vel
2192 4291 2443 4346 libertate
2483 4293 2704 4358 donata,
2741 4294 2880 4361 quod
2916 4311 3037 4349 cum
3091 4296 3272 4364 priore
3307 4299 3426 4351 viro

1853 4391 2202 4437 contraxerat
2233 4383 2466 4437 liberum
2489 4383 2678 4437 habuit
2701 4385 3128 4450 matrimonium,
3151 4387 3231 4440 vel
3257 4389 3421 4441 etiam

179 4481 451 4548 πρότερον
485 4480 839 4548 ἁνυποστάτῳ
883 4479 1047 4548 γάμῳ
1094 4482 1405 4552 συνῄνεσεν.
1464 4484 1748 4555 Ἦρωτήθη

1870 4473 1970 4540 :jus
2016 4473 2266 4526 dominus
2295 4487 2441 4540 prtus
2491 4474 2658 4538 facto,
2719 4478 2860 4543 quod
2893 4492 2996 4528 non
3068 4476 3424 4543 consistebat,

177 4570 318 4638 γοῦν
340 4574 366 4623 ὁ
403 4574 556 4637 ᾰγιος
587 4573 634 4622 εί
661 4572 960 4623 ἀκόλαστον
994 4573 1110 4623 ἐστι
1153 4573 1213 4623 τὸ
1255 4574 1475 4640 γεγονὸς
1509 4576 1750 4627 συνοικέ-

180 4680 323 4723 σιον,
355 4663 449 4714 καὶ
481 4658 633 4714 εἷπεν
660 4663 755 4726 ὼς,
790 4662 911 4713 ἐπεὶ
942 4664 997 4712 αἱ
1025 4664 1358 4726 συναινέσεις
1388 4664 1495 4715 τῶν
1525 4665 1752 4728 bit-£500-

179 4756 320 4807 σίων
362 4754 608 4806 ἁϐέϐαιοι
655 4755 749 4805 καὶ
796 4754 1159 4806 ἀνυπόστατοι
1193 4757 1322 4817 εἰσι,
1362 4754 1653 4808 κάντεῦθεν
1683 4758 1744 4808 ού

180 4846 415 4914 συνέστη
446 4846 625 4913 γάμος
657 4845 881 4912 ἔννομος
910 4848 967 4896 ὲν
999 4844 1074 4914 τῷ
1119 4846 1299 4915 καιρῷ
1328 4847 1426 4916 τῆς
1455 4847 1696 4908 δουλείας
1734 4865 1748 4876 ·

178 4937 288 4989 κᾶν
319 4937 456 5005 μετὰ
485 4936 658 4987 ταῦτα
695 4936 994 4996 συναίνεσις
1021 4936 1467 5006 παρηκολούθησε
1503 4936 1593 4989 τοῦ
1628 4938 1749 4990 δεσ-

177 5029 366 5092 ⁴ιτῖοτοιθ,
400 5028 432 5096 ἢ
467 5028 603 5096 αὐτὴ
637 5028 668 5094 ἡ
711 5026 870 5096 δούλη
911 5026 1334 5097 ἐλευθερωθετσα
1383 5027 1461 5096 τῷ
1495 5029 1747 5098 προτέρῳ

177 5119 346 5189 γάμῳ
405 5118 740 5186 ὲστοίχησεν,
773 5117 834 5168 ού
869 5117 1143 5183 λογίζεται
1173 5117 1232 5169 τὸ
1286 5119 1505 5184 γεγονὸς
1551 5118 1642 5170 καὶ
1690 5117 1750 5182 ἐξ

178 5210 354 5281 ἀρχῆς
383 5209 550 5274 αὐτῆς
573 5210 794 5276 ἔννομον
815 5206 904 5259 διὰ
935 5208 1034 5275 τὴν
1055 5207 1191 5276 μετὰ
1217 5208 1385 5260 ταῦτα
1417 5209 1742 5270 συναίνεσιν⁹

179 5301 324 5352 κατὰ
345 5299 436 5352 τὸν
451 5300 616 5368 νόμον
636 5297 882 5364 λέγοντα,
894 5297 968 5350 Τὰ
984 5296 1052 5360 ἐξ
1069 5295 1263 5364 ἀρχῆς
1283 5295 1546 5358 ἀϐέϐαια,
1563 5295 1746 5348 ἐκτῶν

184 5391 325 5458 μετὰ
354 5390 526 5443 ταῦτα
550 5389 956 5457 συμϐαινόντων
975 5388 1034 5440 ού
1061 5387 1423 5453 βεϐαιοῦνται.
1443 5387 1610 5437 Τοῦτο
1637 5385 1744 5449 γὰρ

179 5484 276 5532 ἐπὶ
308 5480 418 5531 τῶν
446 5481 836 5534 άνυποστάτων
868 5478 1052 5547 χώραν
1076 5478 1174 5530 οὐκ
1199 5480 1332 5547 ἔχει.
1357 5477 1455 5531 Διά
1479 5493 1558 5527 τοι
1593 5475 1746 5528 τοῦτο

177 5569 338 5640 χάριν
377 5571 478 5638 μὲν
531 5569 625 5622 τοῦ
675 5571 939 5640 προτέρου
988 5569 1158 5622 κακοῦ
1199 5570 1451 5637 ἐπιτίμια
1490 5568 1744 5636 πορνείας

181 5660 394 5723 τούτοις
417 5661 987 5730 ὲπιφορτισοήσονταιο
1023 5661 1054 5729 ή
1088 5660 1143 5712 δὲ
1173 5660 1312 5729 μετὰ
1334 5657 1507 5710 ταῦτα
1540 5657 1740 5726 συμὸί-

178 5767 310 5814 ωσις
331 5750 480 5805 ἔσται
511 5751 1039 5819 ἀνεπιτίμητος.Καὶ
1061 5748 1232 5801 ταῦτα
1255 5750 1352 5818 μὲν
1383 5749 1510 5800 ὅταν
1536 5746 1739 5799 ἀνυπό-

1857 4566 2201 4619 matrimonio
2243 4566 2540 4618 consensit.
2585 4565 2950 4632 Interrogatus
2996 4579 3126 4633 ergo
3181 4578 3424 4630 sanctus,

1855 4672 1921 4710 an
1965 4656 2104 4725 quod
2138 4655 2278 4708 inter
2328 4669 2420 4709 eos
2445 4655 2647 4708 factum
2680 4666 2765 4710 est
2805 4657 3206 4710 matrimonium
3252 4657 3424 4712 casti-

1854 4751 1967 4819 gari
2001 4765 2104 4803 non
2141 4750 2358 4814 debeat,
2415 4749 2589 4812 dixit;
2622 4749 2763 4816 quod
2817 4749 3071 4816 quoniam
3107 4764 3292 4803 eorum
3329 4750 3424 4818 qui

1855 4848 1980 4892 sunt
2001 4840 2052 4891 in
2080 4849 2345 4908 potestate
2381 4853 2686 4893 consensus
2714 4839 2910 4893 inﬂrmi
2943 4849 3070 4894 sunt
3089 4850 3143 4894 et
3167 4856 3270 4893 non
3294 4853 3418 4908 pos-

1853 4941 1978 4987 sunt
2001 4933 2318 4997 consistere,
2344 4931 2465 4985 ideo
2493 4946 2596 4985 non
2625 4933 2979 4985 constitutum
3010 4941 3091 4986 est
3118 4932 3419 4998 legitimum

1852 5021 2257 5076 matrimonium
2279 5030 2518 5090 tempore
2547 5022 2822 5075 servitutis
2854 5040 2866 5075 :
2899 5032 2952 5074 et
2983 5022 3028 5076 si
3060 5023 3261 5076 domini
3287 5037 3418 5076 con-

1851 5127 2043 5165 sensus
2071 5121 2252 5179 postea
2292 5124 2512 5166 secutus
2534 5111 2716 5178 fuerit,
2757 5112 2839 5167 vel
2880 5114 3066 5165 eadem
3097 5112 3288 5165 ancilla
3315 5128 3424 5166 ma-

1851 5206 2091 5260 numissa
2123 5208 2191 5258 ad
2237 5206 2387 5274 prius
2429 5205 2828 5259 matrimonium
2869 5220 2925 5258 se
2967 5207 3279 5270 contulerit,
3305 5220 3413 5259 non

1848 5298 2059 5351 videtur
2084 5297 2224 5364 quod
2255 5296 2453 5349 factum
2503 5308 2589 5350 est
2639 5297 2800 5350 etiam
2849 5297 2915 5350 ab
2959 5296 3076 5363 ipso
3123 5297 3416 5363 legitimum

1849 5398 2068 5459 pr0pter
2115 5400 2430 5455 sequentem
2483 5402 2828 5451 consensum,
2900 5385 3193 5440 secundum
3241 5387 3418 5456 legem

1846 5495 1966 5548 qua:
2004 5479 2166 5532 dicit:
2198 5477 2330 5542 Quae
2357 5478 2421 5530 ab
2472 5479 2627 5531 initio
2682 5487 2804 5530 sunt
2841 5479 3054 5546 inﬁrma
3084 5494 3145 5531 ex
3198 5478 3265 5532 iis
3298 5492 3418 5545 qua:

1846 5575 2026 5636 postea
2058 5564 2314 5619 eveniunt
2341 5572 2449 5618 nan
2481 5565 2893 5620 conﬁrmantur.
2922 5564 3032 5618 llnc
3057 5565 3199 5624 enim
3232 5563 3415 5618 locum

1848 5674 1953 5713 non
1986 5657 2150 5712 habet
2183 5658 2237 5710 in
2292 5656 2360 5710 iis
2382 5671 2499 5724 qua:
2554 5670 2663 5710 non
2721 5656 3047 5710 consistunt.
3078 5656 3144 5710 Et
3174 5657 3290 5710 ideo
3316 5670 3418 5724 pro

1845 5748 2010 5816 priori
2036 5748 2255 5816 quidem
2281 5746 2421 5801 malo
2487 5745 2865 5802 fornicationis
2901 5760 3075 5815 pinnae
3108 5746 3186 5800 eis
3243 5746 3417 5812 impo-
