3946 6342
469 335 572 400 ’111

1718 335 1975 395 ΤΗΕΟῐ)
2032 335 2431 398 BALSAMON

3633 336 3750 396 ’ἕιέ

474 456 702 503 nentur:
741 446 1010 515 pestcrior
1056 454 1234 498 autem
1290 442 1572 498 convictus
1611 456 1766 510 pinna
1806 442 2030 495 carebit.

2159 461 2335 506 nam;
2349 450 2525 513 γάμος
2550 444 2644 511 τῆς
2667 444 2859 511 δούλης
2881 442 3149 513 στηριχοῇ
3176 444 3208 513 ἢ
3233 442 3370 512 μετά
3388 441 3751 508 ἐλευθερίαν

476 538 539 590 Ει
562 539 673 589 haec
705 533 917 602 quidem
941 534 1155 602 quando
1203 531 1409 585 ancillae
1439 532 1866 594 matrimonium,
1890 532 2035 597 quod

473 629 774 681 consistere
809 640 911 677 neu
994 636 1137 689 dust,
1166 622 1330 677 fuerit
1355 623 1763 683 confirmatum,
1806 623 1886 675 vel
1919 632 2037 690 post

472 722 587 787 ejus
618 719 943 781 libertatem,
974 720 1052 771 vel
1086 725 1206 786 post
1261 717 1611 770 manifestum
1662 716 1864 769 domini
1912 730 2039 768 con-

2138 534 2331 601 αὑτῆς,
2374 534 2406 601 ἢ
2438 534 2576 603 μετὰ
2604 532 2845 602 φανερὰν
2882 532 3193 584 συναίνεσιν
3228 533 3320 584 τοῦ
3354 531 3681 591 δεσπότου,
3714 531 3748 599 ᾗ

2136 626 2231 676 καὶ
2259 625 2542 693 ἐλευθερία
2580 623 2834 692 σιωπηρά
2862 623 2919 687 ἐξ
2943 623 3189 691 ἀνάγκης
3228 622 3639 675 ἐπακολουθεῖ.
3684 622 3751 671 Τί

2136 715 2192 766 δέ
2219 733 2233 780 ;
2268 717 2301 783 ἡ
2330 715 2585 782 γαμικῶς
2612 715 2945 782 συναφθεῖσα
2969 714 3130 782 δούλη
3166 715 3302 783 μετά
3326 713 3617 779 ἀληθεῗας
3644 708 3750 760 τοῦ

3721 523 3749 541 τ

476 825 719 872 sensum,
777 822 934 877 quem
989 809 1153 862 etiam
1216 808 1377 869 tacita
1432 807 1656 861 libertas
1729 809 2040 859 necessario

2159 806 2401 856 ἰεσπότου
2430 806 2631 867 εἰδότος
2671 807 2764 857 καὶ
2801 804 2874 874 μὴ
2925 806 3318 870 ἀντιλέγοντος,
3369 803 3449 864 ὡς
3484 797 3757 868 πορνεύ-

474 901 849 967 consequitur.
882 898 1018 964 Quid
1064 898 1287 951 autem?
1336 897 1550 959 ancilla,
1593 911 1711 965 qua?
1757 912 1882 950 vere
1927 913 2040 950 ma-

478 989 728 1042 trimonio
758 986 1044 1054 conjuncta
1075 986 1403 1040 estdomino
1431 987 1636 1039 sciente
1663 996 1717 1039 et
1759 1002 1865 1039 non
1905 1002 2039 1039 con-

480 1168 729 1221 dominus
773 1182 879 1220 non
910 1164 1263 1225 ριιιμερτιεθτίι,
1317 1166 1539 1215 annon?
1598 1163 1711 1218 Sol.
1774 1178 1894 1232 cap.
1948 1163 2040 1226 ιγ,

2139 912 2275 948 ουσα
2306 897 2688 965 λογισθήσεται
2729 897 2819 948 διά
2857 896 2918 947 τὸ
2952 896 3027 964 μὴ
3061 895 3370 948 συναινέσαι
3398 895 3495 946 τὸν
3518 893 3760 945 δεσπό-

2140 1006 2261 1057 την,
2285 988 2317 1057 ἢ
2344 990 2449 1057 μή;
2482 989 2671 1051 Λύσις.
2701 988 2772 1040 Τὸ
2804 986 2888 1056 με’
2911 1004 3060 1055 κεφ.,
3086 988 3178 1039 τοῦ
3206 988 3247 1040 δ’
3272 988 3468 1048 τίτλον,
3501 985 3625 1037 τοῦ
3657 981 3758 1049 κη’

478 1076 800 1142 tradicente,
857 1085 916 1129 ut
964 1074 1287 1127 fornicatrix
1343 1073 1717 1141 reputabitur,
1777 1088 1842 1127 eo
1901 1074 2040 1143 quod

2159 1078 2372 1140 Simian,
2429 1079 2561 1147 φησὶ
2610 1078 2781 1131 ταῦτα
2830 1078 3011 1148 ῥητῶς
3042 1094 3057 1110 ·

3110 1079 3175 1130 El.’
3211 1096 3294 1141 τις
3332 1080 3575 1141 ἐξέδωκε
3640 1077 3759 1143 τὴν

2143 1169 2335 1235 ἑαυτοῦ
2362 1169 2723 1238 θεράπαιναν,
2748 1172 2774 1220 6
2798 1170 2852 1220 δὲ
2881 1168 3165 1237 ἐλεύθερος
3193 1169 3267 1221 ὢν
3291 1170 3381 1222 καὶ
3403 1168 3758 1228 πιστεύσας

482 1261 563 1312 tit.
602 1258 656 1323 4,
688 1258 781 1312 lib.
820 1274 992 1311 xxvm
1031 1272 1143 1309 ηαςο
1190 1254 1323 1307 dicit
1365 1269 1643 1321 expresse.
1686 1255 1740 1308 Si
1790 1256 1911 1323 quis
1940 1270 2043 1308 an-

2159 1259 2221 1327 ιῷ
2250 1260 2442 1313 διδόντι
2474 1260 2644 1330 αὐτὴν
2691 1261 2901 1321 ἔλαϐεν,
2949 1261 3077 1321 tam;
3114 1261 3210 1313 καὶ
3241 1261 3521 1329 προικῴων
3554 1276 3761 1327 γενος--

478 1349 653 1402 cillam
683 1364 835 1403 suam
872 1346 1365 1415 nuptum_locavit,
1400 1345 1492 1411 qui
1549 1352 1727 1398 autem
1762 1344 1896 1398 liber
1938 1353 2038 1408 est,

477 1449 531 1494 et
559 1440 753 1492 locanti
788 1438 886 1492 fide
914 1438 1060 1501 data,
1113 1452 1232 1491 eam
1276 1424 1508 1504 accepit,
1568 1447 1622 1490 et
1664 1436 1803 1490 forte
1865 1434 2029 1489 etiam

479 1529 753 1585 dotalibus
786 1530 1046 1582 confectis
1080 1528 1479 1589 instrumentis,
1521 1527 1605 1581 vel
1653 1543 1758 1581 non
1782 1524 2045 1580 confectis

479 1619 717 1686 quidem,
753 1618 847 1671 sed
882 1616 997 1683 ejus
1055 1628 1235 1670 tamen
1279 1617 1560 1671 voluntate
1599 1633 1711 1671 rem
1764 1617 2042 1671 tractavit.

477 1724 585 1763 non
611 1702 811 1776 justum
838 1708 997 1761 fuerit
1030 1708 1165 1761 tales
1190 1722 1294 1761 non
1322 1710 1646 1762 conlirmare
1687 1716 1921 1777 neptlas,
1951 1714 2045 1760 sed

2148 1348 2325 1420 μένων
2354 1350 2733 1418 συμϐολαίων,
2775 1352 2806 1420 ἢ
2854 1352 2988 1420 μηδέ
3031 1352 3335 1421 γενομένων
3378 1353 3491 1419 μὲν,
3520 1355 3657 1417 τῆς
3691 1349 3761 1400 δὲ

2143 1440 2337 1493 ἑαυτοῦ
2379 1440 2606 1510 γνώμης
2647 1441 2707 1492 τὸ
2756 1443 2987 1510 πρᾶγμα
3031 1441 3469 1509 διοικησαμένης,
3503 1443 3631 1491 οὐκ
3678 1442 3761 1491 ἂν

2144 1532 2227 1600 εἴη
2258 1531 2471 1585 δίκαιον
2504 1531 2594 1584 τὸν
2620 1531 2861 1584 τοιοῦτον
2889 1533 2966 1600 μὴ
3000 1530 3322 1584 συνεστάναι
3349 1534 3545 1597 γάμον,
3587 1530 3762 1583 ἀλλὰ

2148 1624 2438 1691 σιωπηράν
2478 1623 2800 1693 ἐλευθερίαν
2828 1623 3140 1675 ἀκολουθεῖν
3166 1625 3276 1674 εἴτε
3307 1622 3382 1689 τῷ
3410 1622 3571 1690 ἀνδρὶ
3620 1622 3761 1671 εἴτε

2146 1715 2211 1782 τῇ
2251 1715 2469 1781 γυναικί
2498 1730 2511 1743 °
2550 1716 2644 1767 καὶ
2676 1715 2921 1767 τοιούτου
2962 1714 3106 1777 τινός
3141 1715 3291 1784 παρά
3321 1712 3412 1765 τοῦ
3446 1712 3759 1763 δεσπότου

477 1800 639 1851 etiam
677 1798 895 1851 tacitam
944 1796 1273 1859 libertatem,
1321 1796 1436 1848 sive
1485 1796 1623 1860 viro,
1672 1797 1786 1849 sive
1834 1794 2045 1848 mulieri

2159 1778 2464 1873 γενομένου,
2497 1804 2833 1874 θεσπίζομεν
2867 1778 3295 1873 ἁρπάζεσθαι-τε
3324 1805 3415 1856 καὶ
3457 1804 3550 1855 τὸν
3614 1819 3759 1855 τοι-

478 1886 767 1939 convenire
790 1902 805 1943 :
832 1894 885 1938 et
918 1900 1041 1936 cum
1075 1883 1180 1936 tale
1212 1883 1342 1952 quid
1383 1900 1413 1937 a
1455 1884 1674 1937 domino
1726 1884 1924 1936 factum
1951 1882 2045 1947 sit,

478 1992 600 2029 eum
655 1990 883 2043 eamque
932 1974 1275 2027 decernimus
1312 1974 1379 2027 ad
1442 1974 1823 2042 ingenuitatem
1856 1974 2043 2042 arripi,

482 2080 701 2133 remque
725 2077 978 2132 tanquam
1046 2066 1099 2117 in
1161 2064 1343 2118 liberis
1392 2080 1445 2118 et
1504 2066 1751 2134 ingenuis
1793 2066 2044 2132 judicari.

482 2156 539 2207 Si
582 2166 760 2207 autem
784 2153 898 2221 ipse
934 2151 1149 2219 quidem
1180 2150 1493 2204 alterutrius
1515 2166 1759 2219 personae
1787 2152 2047 2205 dominus

482 2244 887 2300 matrimonium
921 2256 1025 2294 non
1087 2240 1455 2304 constituerit,
1521 2256 1640 2295 cum
1704 2257 1831 2296 vero
1885 2243 2049 2297 sciret

483 2338 628 2404 quod
663 2336 822 2389 fiebat
853 2335 919 2386 tie
947 2332 1213 2386 industria
1259 2332 1478 2397 celavit,
1532 2341 1589 2384 ut
1636 2333 1896 2387 adversus
1924 2348 2053 2386 con-

477 2427 789 2497 junctorum
881 2423 1192 2475 tlterutrum
1236 2422 1507 2489 negotium
1545 2431 1731 2489 postea
1775 2424 2050 2476 consarci-

484 2524 683 2577 naret,
742 2513 1003 2581 ejusmodi
1070 2511 1288 2578 quidem
1346 2512 1715 2573 maleficium,
1781 2514 2048 2582 siquidem

487 2607 635 2661 clare
688 2610 964 2656 ostensum
1010 2601 1191 2667 fuerit,
1229 2602 1508 2670 punimus,
1556 2612 1611 2657 et
1665 2605 1744 2659 eis
1790 2607 1885 2673 qui
1942 2616 2050 2659 tam

488 2694 792 2762 improbum
828 2693 1115 2746 consilium
1150 2702 1432 2761 ceperunt,
1494 2694 1788 2748 dominium
1850 2695 2053 2750 auferi-

490 2799 626 2846 mus,
648 2793 703 2836 et
734 2784 834 2836 hoc
863 2784 937 2835 sit
961 2796 1149 2835 rursus
1177 2797 1395 2851 quoque
1453 2787 1872 2849 matrimonium,
1931 2802 2055 2853 pro-

491 2874 616 2929 inde
645 2888 710 2927 ac
748 2873 791 2926 si
817 2873 864 2928 is
911 2874 1271 2926 consensisset
1296 2875 1376 2927 ~ab
1409 2874 1563 2929 initio
1588 2877 1675 2942 qui
1723 2878 2050 2943 possidebat.

486 2966 558 3018 At
608 2953 695 3019 ille
731 2966 943 3032 quidem
968 2978 998 3017 a
1030 2965 1272 3016 dominio
1315 2965 1571 3019 excidat:
1629 2982 1816 3022 rursus
1869 2979 2050 3022 autem

2150 2438 2426 2508 τοιαύτην,
2485 2438 2599 2506 εἴγε

2146 1893 2302 1947 οῦτον
2333 1896 2426 1947 καὶ
2472 1896 2569 1965 τὴν
2609 1896 2869 1963 τοιαύτην
2913 1899 2992 1958 είς
3022 1896 3325 1963 εὐγένειαν,
3357 1895 3446 1947 καὶ
3476 1894 3530 1945 τὸ
3569 1897 3759 1962 πρὶν

2146 2002 2266 2055 γμα
2311 1985 2388 2048 ὼς
2432 1987 2525 2038 ἐπὶ
2560 1986 2866 2057 ἐλευθέροις
2897 2005 2956 2039 τε
2989 1990 3082 2039 καὶ
3114 1989 3361 2054 εὑγενέσι
3406 1986 3762 2055 κρίνεσθαι.

2148 2078 2212 2131 Ei
2244 2077 2300 2130 δέ
2330 2077 2495 2138 αὐτὸς
2531 2076 2629 2145 μὲν
2654 2077 2713 2129 οὐ
2753 2077 3118 2147 συναρμόσειε
3149 2078 3239 2130 τὸν
3275 2079 3443 2146 γάμον
3482 2080 3509 2129 6
3547 2077 3761 2129 Θατέ-

2150 2181 2247 2233 ρου
2273 2163 2381 2215 τῶν
2405 2162 2715 2231 προσώπων
2733 2163 3019 2230 δεσπότης,
3052 2166 3215 2234 εἰδείη
3240 2165 3297 2217 δὲ
3320 2168 3379 2217 τὸ
3400 2165 3759 2232 γενόμενον,

2148 2258 2244 2308 καὶ
2290 2257 2607 2324 ἐξεπίτηδες
2655 2256 3021 2326 ἀποκρύπτει,
3074 2258 3162 2310 ἵνα
3194 2256 3420 2324 ὕστερον
3477 2258 3761 2324 πρᾶγμα

2154 2346 2340 2415 ράψειε
2370 2345 2477 2397 τῶν
2504 2347 2886 2415 συναφθέντων
2914 2348 3147 2415 θατέρῳ,
3197 2347 3595 2417 τιμωρούμεθα
3636 2350 3761 2417 τὴν

2672 2439 2861 2506 σαφῶς
2924 2438 3295 2508 ἀποδειχθείη,
3360 2441 3756 2505 κακουργίαν,

2155 2536 2247 2585 καί
2274 2533 2659 2601 ἀφαιρούμεθα
2686 2537 2786 2601 τὴν
2824 2534 3143 2586 δεσποτείαν
3170 2535 3277 2586 τῶν
3300 2533 3437 2586 οὕτω
3467 2536 3757 2602 πονηρῶς

2159 2623 2623 2693 βεϐουλευμένων,
2661 2627 2755 2677 καὶ
2801 2627 2938 2678 ἔστω
2975 2627 3135 2679 πάλιν
3181 2629 3275 2678 καὶ
3320 2626 3475 2679 τοῦτο
3520 2627 3754 2693 γάμος,

2156 2711 2348 2781 ὥσπερ
2400 2714 2465 2765 ἂν
2518 2717 2565 2765 εἱ
2615 2717 2959 2783 συνῄνεσενδ
2989 2718 3328 2784 κεκτημένος
3371 2717 3465 2783 τὴν
3518 2717 3753 2785 ἀρχὴν.

2157 2806 2265 2857 Καὶ
2296 2807 2323 2856 ὁ
2354 2806 2452 2873 μὲν
2478 2807 2796 2857 ἐκπιπτέτω
2840 2808 2942 2873 τῆς
2987 2808 3326 2870 δεσποτείας,
3367 2804 3521 2869 αὖθις
3548 2808 3610 2859 δὲ
3661 2810 3758 2871 είς

2156 2896 2437 2962 εὐγένειαν
2465 2895 2796 2964 ἀρπαζέσθω
2820 2897 2879 2947 τὺ
2902 2897 3086 2947 δοῦλον
3116 2899 3427 2966 πρόσωπον.
3465 2897 3755 2960 Τριούτου

2160 2986 2553 3055 συμϐαίνοντος
2577 2968 3041 3056 ἀποτελέσματος.
3072 2988 3102 3056 ἥ
3133 2988 3287 3056 εἴπερ
3311 2989 3757 3058 ἐκακούργησεν

488 3070 679 3108 servus
704 3056 768 3106 ad
810 3054 1197 3123 ingenuitatem
1251 3056 1509 3121 rapiatur.
1560 3057 1692 3111 Cum
1750 3059 1850 3113 hoc
1879 3061 2052 3129 itaque

503 3144 671 3165 ..ηρ-,ει
732 3142 813 3165 -...Ι
852 3143 890 3165 ..ζ
933 3142 1199 3165 -Α-...Α....Ξι
1256 3144 1336 3165 -..Α
1372 3144 1411 3165 ,ε
1467 3144 1705 3165 2_.____-I.-
1748 3147 1905 3165 _-__!-
1968 3149 2013 3165 Δ.

2159 3079 2187 3129 6
2228 3054 2591 3146 κεκτημένος,
2631 3054 2899 3148 πρόδηλον
2934 3077 2995 3131 δν
3028 3054 3104 3140 ὡς
3136 3079 3229 3131 καὶ
3260 3054 3309 3131 oi
3339 3054 3633 3150 τεχθέντες
3677 3084 3757 3133 ἐκ

497 3144 699 3207 evenit,
732 3142 815 3196 vel
850 3143 893 3194 si
930 3142 1225 3205 consensit,
1256 3144 1337 3195 vel
1370 3144 1414 3196 si
1467 3144 1711 3213 improbe
1742 3147 1909 3213 gessit
1958 3149 2054 3199 do-

491 3232 691 3296 minus,
734 3229 939 3284 clarum
972 3239 1072 3294 est,
1106 3229 1247 3297 quod
1289 3233 1379 3298 qui
1440 3245 1505 3284 ex
1565 3234 1648 3286 Itis
1700 3235 2057 3287 matrimuniis

494 3324 604 3375 nati
634 3332 779 3385 sunt,
811 3331 968 3374 erunt
997 3336 1061 3373 ex
1104 3321 1206 3373 hac
1251 3331 1434 3377 nostra
1467 3322 1583 3392 lege
1615 3323 1767 3376 liberi
1804 3336 1857 3376 et
1909 3329 2058 3393 inge-

491 3410 606 3463 nui.
668 3410 734 3463 Et
788 3410 1039 3476 quoniam
1094 3423 1158 3461 ex
1204 3408 1305 3462 hoc
1340 3417 1581 3479 apparet,
1642 3414 1707 3465 ad
1760 3414 2056 3468 libertatem

490 3501 656 3570 arripi
688 3503 960 3563 ancillam,
993 3516 1112 3567 quae
1137 3517 1257 3554 cum
1288 3500 1492 3555 domini
1548 3505 1832 3558 tolerantia
1871 3511 2053 3575 nupsit

491 3592 677 3654 libero,
730 3593 819 3658 qui
848 3591 1121 3659 conjuncti
1157 3600 1284 3644 sinit
1319 3592 1462 3645 nulla
1504 3606 1658 3659 postia
1700 3594 1812 3664 99
1875 3599 2054 3651 allecti

490 3685 976 3736 conservabuntur.
1005 3680 1157 3747 Quod
1190 3683 1333 3735 enim
1374 3684 1439 3736 ad
1469 3694 1705 3738 veterem
1749 3689 1918 3755 legem
1977 3699 2059 3741 at-

493 3772 648 3835 tinet,
685 3787 801 3839 qua
834 3772 1233 3825 matrimonium
1270 3773 1383 3826 solo
1413 3788 1679 3829 consensu
1725 3777 1841 3832 ﬁeri
1872 3786 2059 3832 decer-

492 3863 593 3923 nit,
623 3859 887 3928 ejusmodi
927 3875 1140 3927 qnoque
1168 3872 1447 3929 peractum
1512 3873 1595 3916 est
1653 3869 2056 3921 matrimonium

493 3963 590 4017 per
655 3950 873 4002 tacitum
926 3948 1128 4001 domini
1170 3962 1516 4002 consensum.
1583 3948 1649 4005 Si
1697 3955 1816 4020 quis
1880 3966 2058 4008 autem

490 4040 716 4101 dixerit,
744 4040 884 4106 quod
913 4054 1032 4092 cum
1065 4052 1167 4090 non
1205 4036 1343 4092 facta
1381 4039 1798 4104 sit‘benedictio,
1853 4055 1908 4097 ut
1950 4045 2055 4099 bo-

501 4130 592 4183 die
646 4132 964 4183 observatur
990 4169 1004 4191 ,
1040 4129 1074 4181 ii
1110 4141 1301 4197 paruas
1359 4143 1466 4181 non
1512 4129 1764 4197 eﬂ‘ugient
1796 4173 1809 4195 ,
1846 4138 2061 4190 etiarnsi

490 4219 840 4276 matrimOnio
862 4218 1131 4285 conjunCti
1190 4219 1319 4281 sint,
1357 4218 1576 4273 domino
1607 4221 1823 4279 vidente
1867 4236 1921 4281 el.
1958 4244 2065 4297 pa-

492 4320 681 4379 tiente,
738 4314 920 4367 audiet
951 4313 1114 4379 quod,
1154 4325 1414 4379 quantum
1444 4312 1636 4366 attinet
1679 4317 1743 4367 ad
1785 4329 2061 4384 pinnarum

492 4409 777 4469 rationem,
808 4404 975 4472 magis
1018 4400 1391 4455 consideratur
1421 4400 1659 4470 aﬂ‘ectio,
1686 4420 1846 4474 quam
1874 4407 2066 4463 Novel-

492 4517 665 4574 ιιωιη
698 4493 1145 4565 οοηειζιυιὶοηυω
1181 4508 1449 4550 summum
1475 4492 1587 4562 jus.

561 4621 812 4680 ZONAB.
856 4621 910 4675 Si
942 4616 1133 4674 ancilla
1154 4611 1389 4687 seipsam
1414 4609 1533 4665 viro
1557 4614 1839 4669 tradiderit
1865 4628 2065 4686 prater

496 4715 699 4772 domini
728 4712 1082 4767 voluntatem.
1110 4707 1425 4761 fornicatur.
1456 4704 1592 4762 Cum
1625 4706 1767 4761 enim
1799 4710 1899 4763 δυι)
1931 4710 2067 4764 θίιθ·

499 4810 611 4860 rius
638 4806 708 4859 sit
730 4809 1013 4870 potestate,
1035 4806 1319 4859 conventa,
1343 4798 1394 4850 id
1419 4805 1520 4859 est,
1541 4798 1818 4865 pactiones
1840 4799 2061 4855 ineundi

499 4898 808 4952 facultatem
852 4906 956 4945 non
993 4889 1173 4942 habet.
1217 4885 1449 4941 Infirmre
1485 4886 1751 4954 siquidem
1789 4904 1850 4942 ac
1894 4891 2061 4946 irritae

500 4998 646 5043 sunt.
681 4983 831 5050 Quod
882 4983 925 5035 si
974 4990 1178 5048 postea,
1209 4986 1488 5046 postquam
1534 4978 1741 5032 scilicet
1790 4978 2054 5034 fornicata

504 5079 625 5140 fuit,
674 5078 871 5128 donata
915 5071 1182 5131 libertate,
1222 5075 1312 5119 aut
1362 5064 1579 5119 domino
1629 5068 1794 5135 ipsius
1847 5071 2068 5137 permit-

505 5180 672 5230 tente,
706 5161 1048 5218 matrimonio
1082 5159 1272 5221 libero,
1315 5159 1414 5210 hoc
1436 5166 1540 5221 est,
1578 5156 1864 5211 manifesto
1894 5159 2063 5225 palam

505 5270 585 5312 est
619 5272 734 5319 usa,
762 5256 872 5322 jam
906 5254 1076 5306 instar
1114 5250 1367 5318 legitimae
1396 5248 1599 5313 uxoris,
1630 5264 1736 5302 non
1766 5247 2067 5303 fornicaria:

507 5349 775 5412 mulieris,
808 5343 1227 5399 existimabitur.

576 5438 806 5496 ARIST.
845 5435 1053 5490 Ancilla
1096 5448 1217 5502 quin
1261 5446 1321 5486 se
1352 5432 1465 5485 viro
1497 5430 1678 5495 tradit,
1727 5430 2067 5483 fornicatur:

508 5531 855 5590 matrimonio
885 5542 1012 5581 vero
1046 5525 1309 5596 jungitur,
1344 5524 1389 5578 si
1418 5540 1538 5578 cum
1575 5524 1771 5577 domini
1802 5536 2068 5575 consensu

509 5627 562 5680 id
603 5626 745 5676 facit.
781 5620 911 5686 Qua:
941 5620 1082 5671 enim
1116 5620 1183 5669 ab
1216 5617 1279 5669 iis
1314 5616 1447 5669 ﬁunt
1473 5616 1563 5683 qui
1600 5616 1785 5667 aliena:
1820 5614 2070 5683 potestati

514 5716 889 5775 subiiciuntur.
928 5710 1157 5762 invalida
1191 5716 1335 5761 sunt.

2159 3170 2266 3221 τῶν
2294 3170 2558 3223 τοιούτων
2585 3171 2781 3240 γάμων
2808 3170 3086 3238 ἐλεύθεροι
3114 3187 3173 3223 τε
3197 3173 3291 3223 καὶ
3322 3174 3560 3238 εὐγενεῖς
3583 3176 3757 3226 κατὰ

2157 3257 2307 3309 τόνδε
2341 3259 2499 3326 ήμῶν
2531 3260 2623 3310 τὸν
2654 3261 2819 3327 νόμον
2850 3261 3084 3312 ἔσονται.
3115 3261 3225 3312 Καὶ
3262 3260 3384 3312 ἐπεὶ
3428 3265 3490 3314 ἐκ
3534 3262 3755 3315 τούτου

2162 3350 2495 3416 παρίσταται
2550 3351 2631 3411 είς
2679 3350 2995 3419 ἐλευθερίαν
3046 3352 3396 3419 ἁρπάζεσθαι
3444 3354 3541 3422 τὴν
3591 3358 3760 3422 μετὰ

2162 3440 2360 3508 ἀνοχῆς
2395 3440 2491 3491 τοῦ
2526 3440 2791 3493 δεσπότου
2821 3443 2899 3507 τῷ
2920 3443 3195 3512 ἐλευθέρῳ
3238 3446 3582 3514 γαμηθεῖσαν
3609 3448 3759 3500 δού-

2162 3528 2283 3598 λην,
2333 3532 2795 3601 άνεπιτίμητοι.οί
2822 3533 2963 3585 οὓτω
2988 3536 3353 3602 συναφθέντες
3389 3541 3760 3608 συντηρηοή-

2162 3637 2366 3675 σονται.
2404 3624 2568 3674 Ὅσον
2597 3628 2707 3693 γάρ
2738 3626 2877 3676 κατὰ
2908 3625 2999 3675 τὸν
3054 3627 3285 3679 παλαιὸν
3313 3628 3473 3696 νόμον
3503 3630 3592 3681 τὸν
3619 3630 3759 3683 διο-

2163 3712 2446 3779 ριςόμενον
2492 3714 2583 3764 τὸν
2613 3716 2789 3781 γάμον
2818 3714 3170 3767 συνίστασθαι
3213 3716 3513 3769 συναινέσει
3571 3720 3757 3789 μόνῃ,

2161 3805 2256 3855 καὶ
2299 3805 2359 3854 τὸ
2414 3804 2655 3856 τοιοῦτον
2688 3807 3017 3858 σννοικέσιον
3061 3807 3445 3875 πεπεράτωται
3499 3808 3586 3861 διὰ
3635 3814 3758 3879 τῆς

2164 3897 2450 3962 atto-napi;
2517 3896 2875 3958 συναινέσεως
2930 3898 3023 3949 τοῦ
3083 3898 3368 3951 δεσπότου.
3425 3898 3486 3953 El
3539 3899 3593 3952 δέ
3656 3918 3759 3963 τις

2164 3977 2293 4051 εἴπῃ
2341 3983 2415 4043 ὡς
2451 3976 2752 4054 ἱερδλογίας
2789 3986 2863 4054 μὴ
2897 3988 3196 4055 γενομένης
3225 3987 3368 4039 κατά
3394 3988 3455 4038 τὸ
3494 3987 3759 4056 σήμερον

2166 4074 2425 4143 κρατοῦν,
2475 4078 2523 4126 ot
2567 4076 2802 4129 τοιοῦτοι
2834 4076 2935 4127 οὐκ
2967 4076 3325 4143 ἐκφεύξονται
3366 4078 3431 4130 τὰ
3462 4078 3748 4145 ἐπιτίμια,

2166 4166 2270 4218 κᾶν
2296 4167 2554 4235 γαμικῶς
2589 4168 2944 4235 συνήφθησαν
2973 4167 3068 4220 τοῦ
3098 4169 3359 4221 δεσπότου
3384 4169 3618 4238 δρῶντος
3644 4174 3753 4221 καὶ

2167 4257 2500 4325 ἀνεχομένου
2535 4274 2548 4288 ·
2606 4257 2797 4309 ἀκούει
2837 4258 2919 4308 ὅτι
2950 4257 3031 4318 είς
3066 4258 3157 4309 τὸν
3206 4258 3364 4325 λόγον
3415 4260 3527 4309 τῶν
3568 4263 3753 4311 ἐπιτι-

2171 4349 2311 4415 μίων
2364 4349 2396 4414 ἡ
2462 4346 2702 4408 διάθεσις
2765 4347 2967 4415 μᾶλλον
3021 4349 3327 4413 σκοπεῐται,
3387 4353 3481 4400 καὶ
3534 4351 3652 4418 οὐχι
3714 4355 3751 4419 ἡ

2093 4437 2148 4497 D
2175 4437 2428 4504 ἀκρίϐεια
2457 4437 2564 4489 τῶν
2588 4436 2811 4507 Νεαρῶν
2834 4437 3238 4507 διαταγμάτων.

2242 4617 2482 4672 ΖΩΝΑΡ.
2553 4616 2677 4669 Ἐάν
2718 4614 2874 4685 δούλη
2927 4614 3063 4684 ἐκδῷ
3106 4614 3304 4683 ἑαυτὴν
3355 4616 3530 4683 ἀνδρὶ,
3548 4614 3654 4665 ὑπὸ
3685 4614 3749 4665 τὸ

2169 4709 2381 4779 θέλημα
2414 4706 2509 4761 τοῦ
2531 4706 2793 4759 δεσπότου
2836 4706 3027 4773 αὐτῆς,
3060 4706 3334 4774 πορνεύει.
3383 4703 3505 4773 Ὑφ’
3555 4704 3747 4773 ἐτέρου

2166 4802 2275 4872 γὰρ
2325 4794 2461 4853 οὖσα
2521 4795 2769 4860 ἐξουσίαν
2816 4798 2877 4847 οὐ
2923 4795 3175 4846 δύνανται
3228 4793 3525 4862 συνθήκας,
3580 4795 3750 4863 ἧγουν

2167 4890 2484 4961 συμφωνίας
2517 4890 2712 4940 ποιεῖν.
2745 4884 3017 4938 Ἀϐέϐαιοι
3042 4884 3150 4952 γάρ
3174 4884 3278 4935 sict
3319 4885 3414 4936 καὶ
3438 4884 3748 4954 άνίσχυροι.

2168 4982 2230 5033 Ei
2256 4981 2312 5033 δὲ
2343 4978 2481 5050 μετὰ
2512 4977 2706 5041 ταῦτα,
2740 4975 2879 5044 μετά
2915 4975 2975 5026 τὸ
3006 4971 3303 5042 πορνεῦσαι
3348 4972 3567 5043 δηλαδὴ,
3596 4975 3750 5025 ἐλευ-

2168 5066 2554 5139 θερωθεῖσα,ἢ
2610 5068 3110 5135 παραχωρήσαντος
3160 5062 3253 5115 τοῦ
3291 5064 3496 5134 Κυρίου
3551 5064 3749 5129 αὐτῆς,

2168 5158 2727 5230 πεπαρρησιασμένῳ,
2750 5155 2866 5206 ἀντὶ
2884 5154 2999 5219 τοῦ,
3027 5154 3245 5223 φανερῷ
3270 5156 3532 5222 χρήσεται
3563 5154 3749 5221 γάμῳ,

2167 5252 2243 5313 ὡς
2274 5248 2566 5319 γημαμένη
2597 5245 2976 5315 λογισθήσεται
3002 5244 3145 5309 τότε,
3176 5245 3269 5296 καὶ
3314 5245 3433 5313 οὐχὶ
3464 5244 3663 5309 πόρνη.

2239 5428 2465 5483 ΑΡΙΣΤ.
2510 5425 2739 5493 Ἐαυτὴν
2767 5423 2922 5495 ἀνδρὶ
2942 5421 3201 5476 ἐπιδοῦσα
3228 5419 3412 5488 δούλη,
3443 5418 3708 5488 πορνεύει
3735 5457 3750 5472 .

2179 5522 2508 5574 συνάπτεται
2542 5520 2619 5585 δὲ,
2655 5522 2702 5571 εἰ
2727 5517 2863 5584 μετὰ
2902 5515 3126 5586 γνώμης
3173 5513 3472 5569 δεσπότου’
3522 5512 3591 5565 τὰ
3647 5512 3755 5580 γὰρ

2176 5618 2284 5669 τῶν
2302 5614 2497 5677 ὑπεξου
2508 5614 2633 5665 σίων
2666 5611 2921 5665 ἀϐέϐαια.
