3946 6342
341 309 452 379 713

1303 303 1385 369 IN
1422 307 1660 372 EPIST.
1691 307 1752 367 S.
1803 305 2084 367 BASILII
2117 305 2552 367 CANONICAM
2588 297 2673 364 Ιῐ.

3481 300 3590 367 7M

439 421 566 480 ἐὰν
599 425 649 480 oi
671 422 979 490 ὐπεξοὺσιοι
1011 424 1200 488 παῖδες
1223 425 1371 496 παρὰ
1403 427 1628 495 γνώμην
1672 423 1780 478 τῶν
1825 439 1917 492 γο-

2091 421 2146 476 Si
2191 424 2344 492 pueri
2375 421 2476 477 sub
2507 431 2771 493 potestate
2815 428 3012 489 prater
3050 427 3335 488 parentum
3362 428 3589 474 suorum

339 515 484 570 νέων
504 516 683 571 αὐτῶν
707 517 1088 570 συναλλάττειν
1106 515 1284 585 γάμον
1308 517 1370 570 οὐ
1403 515 1684 580 δύνανται,
1732 515 1914 582 πολλῷ

343 606 558 671 μᾶλλον
578 607 626 659 οί
644 607 872 661 οίκέται.
889 605 987 658 Διὰ
1005 604 1162 658 τοῦτο
1193 605 1324 675 γοῦν
1353 609 1443 661 καὶ
1468 607 1504 678 ἠ
1539 606 1747 677 δούληη
1777 605 1924 659 ἐκδι-

340 696 514 750 δοῦσα
539 697 736 768 ἑαυτὴν
763 697 914 765 ἀνδρὶ
942 697 1093 767 παρὰ
1113 697 1339 769 γνώμην
1364 697 1456 752 τοῦ
1482 698 1608 752 ίδίου
1636 697 1921 765 δεσπότου,

341 788 427 852 ὡς
441 789 612 859 πόρνη
635 787 1091 858 ιπιτιμηθήσεται
1111 803 1125 819 ·
1143 790 1192 842 εί
1218 788 1274 842 δὲ
1293 791 1432 859 μετὰ
1442 787 1613 843 ταῦτα
1629 788 1770 841 κατά
1787 787 1926 857 γνὼ-

341 895 461 948 μην
481 879 572 931 τοῦ
600 878 860 932 δεσπότου
893 877 1141 948 συναφθῇ
1173 879 1343 949 αὐτῷ,
1367 879 1610 950 νομίμως
1655 879 1922 949 ἐγήματο.

918 973 1160 1028 ΚΔΝΩΝ
1187 968 1323 1028 MA'.

352 1061 426 1115 Ἦ
455 1064 512 1115 ἐν
541 1065 606 1133 τῇ
652 1063 850 1134 χηρείᾳ
884 1063 1134 1131 ἐξουσίαν
1159 1063 1357 1135 ἔχουσα
1428 1062 1625 1132 ἑαυτῆς
1661 1065 1928 1117 συνοικεῖν

418 1151 772 1221 ἀνέγκλητος,
808 1152 858 1204 εί
886 1153 1074 1224 μηδείς
1095 1156 1243 1208 ἐστιν
1273 1154 1300 1205 ὁ
1346 1152 1586 1206 διασπῶν
1633 1151 1696 1206 τὸ
1754 1169 1929 1206 συνοι-

419 1241 618 1304 κέσιον,
641 1243 736 1294 τοῦ
765 1237 818 1295 Ἀ
831 1244 1091 1296 ποστόλου
1140 1243 1404 1305 εἰπόντος,
1477 1241 1621 1296 Ἐὰν
1645 1242 1924 1311 ἀποθάνῃ

413 1334 445 1386 ό
472 1330 627 1402 ἀνὴρ
652 1374 668 1398 ,
711 1334 1032 1404 ἐλεύθερός
1064 1336 1235 1388 ἐστιν
1278 1327 1325 1402 ᾧ
1359 1333 1520 1389 θέλει
1567 1334 1928 1408 γαμηθῆναι,

412 1423 604 1491 μόνον
624 1424 696 1477 ἐν
717 1425 914 1493 Κυρίω
930 1465 944 1480 .

414 1514 554 1585 Γυνή
596 1533 678 1578 τις
725 1517 1048 1586 χηρεύσασα
1098 1515 1289 1584 ἢθελεν
1349 1514 1522 1584 ἑτέρῳ
1572 1512 1933 1583 συζευχθῆναι

338 1605 523 1674 ἀνδρὶ,
555 1609 650 1658 καὶ
692 1607 752 1659 οὐ
813 1609 1208 1677 παρεχωρεϊτο,
1242 1606 1275 1675 ἢ
1313 1609 1405 1660 καὶ
1455 1604 1808 1674 συξευχθετσα
1837 1609 1936 1659 ὲπ-

337 1697 589 1763 ετιμᾶτο.
637 1698 922 1766 Ἦρωτηθη
947 1697 1039 1749 οὖν
1072 1697 1200 1765 περὶ
1234 1695 1390 1748 τοῦτο
1419 1697 1446 1746 ὁ
1477 1695 1630 1761 άγιος
1675 1698 1768 1749 καὶ
1824 1699 1935 1750 ἀπ·-

2023 519 2345 573 sententiam
2388 517 2790 572 matrimonium
2837 514 3163 570 contrahere
3197 526 3305 567 non
3337 518 3590 580 possunt,

2023 605 2194 659 multo
2227 605 2394 673 magis
2423 604 2586 659 servi.
2618 602 2907 670 Propterea
2943 603 3123 671 itaque
3153 608 3207 655 et
3239 594 3433 654 ancilla
3470 610 3595 666 quae

2025 707 2220 768 praeter
2272 697 2473 753 domini
2526 695 2608 751 sui
2657 693 2980 751 sententiam
3041 706 3103 747 se
3147 691 3265 745 viro
3311 689 3479 754 dedit,
3534 695 3594 742 ut

2027 789 2341 846 fornicatrix
2388 801 2573 857 poenas
2611 785 2742 840 luet.
2779 784 2835 839 Si
2879 794 3062 838 autem
3108 791 3288 850 postea
3338 794 3460 834 cum
3492 778 3590 831 do-

2028 882 2158 936 mini
2191 880 2468 936 voluntate
2495 879 2542 932 ei
2575 875 2952 944 conjuugatur,
2981 874 3217 945 legitime
3250 872 3449 941 nupsit.

2607 965 2836 1022 CANON
2877 964 3012 1020 XLI.

2027 1063 2162 1132 ρυω
2195 1065 2247 1118 in
2285 1063 2546 1117 viduitate
2586 1061 2744 1114 habet
2771 1057 2858 1113 sui
2891 1058 3233 1125 potestatem,
3273 1062 3326 1108 et
3359 1053 3474 1106 viro
3509 1067 3601 1105 co-

2107 1155 2336 1218 habitat,
2363 1154 2428 1219 ab
2458 1153 2604 1208 omni
2637 1149 2980 1207 accusatione
3006 1157 3091 1201 est
3135 1147 3322 1211 libera,
3361 1145 3404 1202 si
3440 1159 3599 1201 nemo

2100 1256 2182 1301 est
2209 1249 2298 1315 qui
2330 1243 2636 1313 conjugium
2669 1239 2920 1306 divellat;
2954 1253 3075 1293 cum
3112 1238 3255 1292 dicat
3285 1237 3595 1306 Apostolus,

2105 1336 2163 1393 Si
2195 1347 2432 1392 martum
2460 1336 2526 1390 sit
2549 1335 2792 1399 maritus,
2813 1333 2973 1386 libera
2996 1340 3093 1395 est,
3127 1340 3180 1382 ιιι
3212 1331 3370 1383 nubat
3398 1330 3483 1382 cui
3519 1345 3602 1382 uc—

2105 1430 2187 1493 ιιι,
2217 1437 2422 1482 tantum
2455 1430 2508 1481 in
2535 1425 2759 1480 Domino
2789 1427 2829 1476 ί.

2109 1519 2303 1574 BALS.
2353 1519 2544 1574 Mulier
2585 1518 2826 1588 quaedam
2873 1518 3029 1572 vidua
3081 1515 3294 1570 volebat
3340 1512 3433 1566 alii
3485 1511 3604 1564 viro

2038 1613 2386 1667 matrimonio
2420 1612 2710 1679 conjungi:
2752 1621 2804 1664 et
2836 1626 2938 1664 non
2971 1610 3020 1664 ei
3061 1607 3490 1678 permittebatur.
3523 1604 3603 1656 vel

2038 1703 2202 1759 etiam
2254 1703 2540 1773 conjuncta
2587 1701 2928 1771 puniebatur.
2975 1699 3206 1754 Sanctus
3255 1707 3381 1765 ergo
3429 1697 3493 1750 de
3539 1710 3604 1749 eo

338 1789 582 1856 εφήνατο
625 1788 702 1840 ὅτι
756 1786 1000 1852 ἐξουσίαν
1028 1787 1141 1855 ἔχει
1167 1789 1198 1854 ἡ
1227 1785 1369 1857 χήρα
1398 1785 1571 1856 ἑτέρῳ
1602 1787 1924 1858 συναφθῆναι

2041 1797 2400 1862 interrogatus
2438 1804 2543 1860 est,
2587 1803 2640 1847 et
2683 1793 2981 1859 respondit,
3031 1792 3173 1861 quod
3206 1799 3289 1844 est
3335 1791 3388 1843 in
3433 1788 3605 1841 viduas

338 1877 522 1947 ἀνδρὶ,
547 1879 640 1932 ἐὰν
657 1881 789 1941 τέως
805 1880 929 1932 αὺτε
939 1879 1124 1944 ξουσία
1150 1879 1287 1933 ἐστί.
1307 1878 1477 1931 Τοῦτο
1500 1878 1555 1930 δὲ
1575 1880 1837 1949 κρατήσει
1859 1881 1924 1942 είς

2040 1895 2304 1958 potestate
2345 1899 2403 1940 ut
2435 1886 2522 1939 alii
2560 1887 2675 1938 viro
2720 1884 3097 1953 conjungatur,
3147 1883 3190 1937 si
3239 1888 3493 1935 tunc.est
3521 1877 3603 1932 sui

342 1970 518 2037 μόνην
537 1969 959 2038 δευτερογαμίαν
983 1983 998 1998 ⁸
1016 1969 1371 2040 τριτογαμίαν
1402 1969 1511 2038 γὰρ
1540 1969 1566 2019 ὁ
1588 1970 1739 2036 ἆγιος
1755 1969 1815 2022 οὐ
1834 1987 1939 2024 πα-

342 2063 600 2129 ραχωρεῖ.
633 2062 790 2113 Ὥστε
810 2060 986 2123 καλῶς
1009 2062 1044 2132 ὴ
1063 2062 1198 2130 γυνὴ
1214 2064 1248 2132 ἡ
1270 2062 1585 2136 χηρεύσασα
1603 2064 1667 2115 ἂν
1688 2059 1934 2133 δευτεροσ-

338 2153 586 2223 γαμήσῃ.
602 2155 694 2204 καὶ
708 2152 1232 2222 δευτερογαμήσασα
1247 2153 1345 2206 οὐκ
1361 2153 1836 2223 ἑπιτιμηθήσεται,
1853 2152 1933 2205 εί-

341 2259 453 2311 περ
465 2245 561 2295 οὐκ
576 2244 723 2298 ἔστιν
741 2246 1034 2309 ὑπεξουσία
1049 2264 1063 2279 ο
1083 2249 1175 2300 ἐὰν
1198 2248 1304 2316 γάρ
1317 2247 1464 2299 ἔστιν
1479 2246 1791 2309 ὑπεξουσία,
1814 2247 1933 2298 ἐπεὶ

348 2335 521 2404 ὁέχων
534 2335 734 2406 ταύτην
748 2337 848 2388 ὑπε
858 2337 1073 2400 ξουσίαν
1085 2337 1306 2390 δύναται
1316 2338 1617 2390 διασπᾶσαι
1631 2339 1718 2387 τὸν
1732 2337 1929 2404 γάμον,

341 2424 799 2494 ὲπιτιμηθήσεται
825 2429 918 2479 καὶ
949 2427 1087 2496 αὕτη
1111 2427 1186 2490 ὡς
1217 2426 1582 2495 πορνεύσασα.
1639 2427 1781 2497 Πλὴν
1836 2428 1931 2478 καὶ

339 2513 404 2565 αι
441 2518 694 2582 γυναῖκες
725 2516 1224 2587 δευτερογαμοῦσαι
1260 2517 1336 2583 τῷ
1367 2518 1628 2586 ἐπιτιμίῳ
1673 2517 1779 2569 τῶν
1808 2517 1929 2570 δευ-

341 2606 796 2676 τερογαμούντων
821 2607 1160 2670 ὑπόκεινται,
1180 2607 1360 2670 καθὼς
1388 2609 1646 2670 πολλάκις
1670 2607 1924 2676 είπομεν.

357 2699 598 2754 ’Δκούων
629 2699 687 2752 δὲ
746 2698 838 2752 τοῦ
899 2699 1055 2768 ἁγίου
1108 2698 1355 2767 λέγοντος
1423 2701 1564 2769 ἔχειν
1603 2700 1690 2753 ἔπ’
1749 2699 1929 2762 ἁδείας

343 2793 449 2860 τὴν
489 2793 664 2861 χήραν
695 2784 739 2858 ᾧ
791 2791 934 2844 θέλει
988 2790 1306 2861 γαμεῖσθαι,
1365 2788 1445 2860 μὴ.
1472 2791 1630 2862 είπῃς
1668 2791 1926 2844 δύνασθαι

345 2884 521 2959 αὐτὴν
550 2882 790 2953 ἀσεϐεῖῆ
818 2885 988 2952 ἑτέρῳ
1029 2884 1135 2935 τινὶ
1158 2881 1361 2952 ἀναξίῳ
1393 2883 1486 2935 τοῦ
1533 2884 1722 2950 γένους
1758 2882 1926 2952 αὐτῆς

346 2974 716 3026 συνάπτεσθαι
743 2990 756 3003 ·
782 2974 898 3026 ἀλλ’
921 2974 1043 3025 εἰπὲ
1071 2973 1310 3040 ὀφείλειν
1335 2973 1503 3041 αὐτὴν
1539 2994 1554 3023 >
1571 2974 1675 3025 ατὰ
1693 2973 1923 3037 κανόνας

343 3068 446 3116 καὶ
475 3062 671 3134 νόμους
693 3064 932 3133 δευτέρῳ
958 3065 1114 3133 ἀνδρὶ
1152 3062 1468 3131 γαμεῖσθαι.
1503 3064 1645 3132 Φησὶ
1696 3064 1804 3134 γὰρ
1857 3065 1918 3118 τὸ

2033 1977 2188 2045 juris.
2221 1977 2333 2030 Hoc
2361 1985 2540 2031 autem
2571 1975 2622 2029 in
2650 1975 2761 2029 sola
2793 1973 3022 2042 digamia
3050 1971 3356 2028 servabitur
3386 1989 3398 2023 :
3430 1981 3603 2036 neque

2037 2044 2182 2118 enim
2239 2074 2460 2116 sanctus
2509 2063 2807 2130 trigamiam
2872 2060 3154 2130 permittit.
3211 2057 3379 2114 Recte
3427 2059 3607 2124 itaque

2038 2152 2234 2206 mulier
2258 2151 2418 2206 vidua
2451 2152 2689 2206 secundo
2715 2150 2898 2217 nubet,
2923 2160 3124 2204 etcum
3150 2150 3389 2205 secundo
3415 2161 3610 2214 nupse-

2039 2243 2106 2296 rit
2136 2258 2239 2298 non
2271 2243 2541 2314 punietur,
2577 2244 2619 2298 si
2648 2244 2866 2312 quidem
2902 2258 3008 2297 non
3048 2249 3132 2297 est
3161 2242 3263 2298 sub
3289 2247 3556 2310 potestate
3591 2259 3604 2294 :

2035 2343 2129 2390 sed
2163 2339 2208 2390 si
2232 2339 2301 2391 sit
2333 2339 2432 2393 sub
2457 2346 2720 2408 potestate
2749 2337 2989 2407 parentis
3013 2336 3328 2398 constituta,
3354 2333 3605 2398 quoniam

2034 2430 2125 2497 qui
2177 2443 2296 2483 eam
2344 2429 2504 2483 habet
2555 2430 2610 2483 in
2661 2435 2927 2498 potestate
2980 2435 3154 2496 potest
3203 2426 3606 2479 matrimonium

2033 2521 2349 2585 dissolvere,
2389 2521 2504 2591 ipsa
2539 2536 2775 2590 quoque,
2823 2529 2880 2574 ut
2916 2533 3034 2588 quae
3072 2519 3143 2572 sit
3190 2518 3478 2584 fornicata,
3512 2531 3608 2585 pu-

2031 2613 2234 2667 nietur.
2292 2612 2397 2666 Sed
2447 2621 2500 2665 et
2553 2613 2829 2677 mulieres,
2893 2627 3012 2678 quae
3069 2609 3315 2664 secundo
3375 2608 3602 2672 nubunt,

2031 2701 2363 2770 digamorutn
2397 2701 2662 2771 supplicio
2686 2700 3067 2768 subjiciuntur,
3095 2709 3151 2752 ut
3182 2713 3322 2769 saepe
3347 2699 3600 2753 diximus.

2027 2793 2158 2849 Cum
2199 2803 2378 2847 autem
2415 2793 2571 2846 audis
2613 2802 2858 2846 sanctum
2893 2790 3161 2845 dicentem
3199 2805 3318 2845 esse
3361 2788 3411 2844 in
3449 2800 3603 2860 pote-

2027 2893 2165 2940 state
2199 2886 2368 2938 viduae
2399 2886 2601 2938 nubere
2632 2883 2720 2938 cui
2752 2884 2902 2945 velit,
2954 2897 3022 2937 ne
3055 2882 3257 2938 dixeris
3289 2898 3406 2936 eam
3444 2897 3603 2952 posse

2034 2979 2220 3046 impio,
2250 2977 2330 3028 vel
2369 2975 2527 3030 alicui
2561 2975 2650 3028 alii
2681 2987 2784 3030 suo
2816 2987 3011 3043 genere
3056 2975 3275 3044 indigno
3316 2974 3592 3044 conjungi.

2028 3069 2134 3122 Sed
2179 3067 2267 3122 die
2317 3081 2435 3122 eam
2488 3065 2686 3122 debere
2726 3067 3020 3120 secundum
3069 3065 3216 3135 leges
3262 3077 3314 3119 et
3365 3079 3602 3122 canones

343 3159 540 3222 α’κεφ.
561 3155 655 3206 τοῦ
689 3151 730 3206 δ’
765 3153 944 3206 τίτλου
988 3154 1082 3208 τοῦ
1128 3159 1217 3223 κη’
1247 3154 1450 3222 βιϐλίου
1472 3170 1485 3185 ο
1547 3154 1585 3206 Γ
1591 3153 1728 3222 άμος
1775 3155 1920 3206 ἐστὶν

2036 3161 2274 3215 secundo
2300 3161 2414 3214 viro
2442 3158 2667 3213 nubere.
2697 3156 2832 3212 Dicit
2863 3160 3009 3211 enim
3044 3159 3274 3226 primum
3301 3172 3419 3226 cap.
3454 3158 3534 3212 tit.
3567 3157 3602 3212 4

343 3242 540 3313 ἀνδρὸς
571 3245 666 3295 καὶ
703 3243 960 3311 γυναικὸς
998 3244 1262 3311 συνάφεια
1287 3243 1379 3294 καὶ
1407 3243 1780 3310 συγκλήρωσις
1829 3241 1920 3294 τοῦ

349 3334 470 3404 βίου
515 3335 714 3397 παντὸς
740 3375 756 3398 ,
810 3334 957 3387 θείου
1004 3352 1063 3386 τε
1105 3337 1199 3386 καὶ
1234 3334 1578 3398 ἀνθρωπίνου
1649 3334 1922 3388 κοινωνία.

355 3425 470 3477 Καὶ
511 3425 540 3477 δ
583 3423 666 3476 λα’
700 3424 881 3477 κανὼν
930 3424 1029 3492 τῆς
1080 3426 1138 3477 ὲν
1172 3425 1464 3491 Λαοδικείᾳ
1526 3423 1776 3486 συνόδου,
1835 3425 1926 3476 καὶ

346 3518 378 3568 ὁ
405 3514 477 3584 οβ’
507 3515 686 3569 κανὼν
717 3516 814 3584 τῆς
867 3519 923 3568 ὲν
984 3515 1062 3584 τῷ
1103 3515 1358 3584 Τρούλ).ῳ
1415 3516 1630 3567 συνόδου
1659 3515 1923 3569 κωλύουσι

345 3607 476 3668 τοὺς
529 3607 839 3677 ὸρθοδόξους
894 3607 1030 3674 μετὰ
1087 3605 1379 3674 αἱρετικῶν
1403 3605 1790 3668 συνάπτεσθαι,
1829 3606 1924 3658 καὶ

346 3695 415 3748 τὸ
440 3693 483 3764 β’
521 3695 660 3764 θέμα
691 3696 786 3748 τοῦ
812 3696 854 3759 ζ’
894 3712 1019 3763 κεφ.
1051 3696 1143 3747 τοῦ
1178 3693 1218 3746 ε’
1265 3695 1441 3748 τίτλου
1469 3695 1563 3748 τοῦ
1597 3702 1681 3764 κη’
1717 3694 1923 3764 βιϐλίου

347 3785 514 3854 φησίν
541 3800 556 3816 ο
583 3787 697 3838 Οὐκ
730 3786 968 3855 ἔρρωται
993 3787 1020 3838 6
1053 3785 1227 3855 γάμος
1253 3785 1352 3854 τῆς
1396 3785 1693 3856 θυγατέρος
1749 3786 1781 3856 ἢ
1834 3788 1925 3853 ἑγ-

347 3877 512 3946 γόνης
539 3876 630 3930 τοῦ
671 3876 1040 3944 άξιωματικοῦ
1102 3877 1234 3945 πρὸς
1264 3876 1623 3946 ἀπελεύθερον
1672 3875 1703 3946 ἢ
1744 3893 1926 3946 σκηνι-

347 3967 466 4028 κὸν,
497 3965 528 4036 ἢ
563 3965 820 4036 σκηνικοῦ
861 3966 974 4018 υίὸν
1017 3966 1048 4035 ἢ
1100 3965 1387 4034 σκηνικῆς.
1456 3964 1513 4016 Ὀ
1564 3965 1622 4016 δὲ
1671 3965 1926 4035 κραταιὸς

345 4057 447 4110 καὶ
475 4057 627 4125 ἃγιος
653 4056 808 4126 ἡμῶν
842 4056 1091 4125 βασιλεὺς
1119 4056 1389 4126 διαφόρων
1421 4056 1733 4109 συνοικέσια
1767 4057 1925 4123 εὐγε-

345 4150 459 4201 νῶν
491 4147 858 4218 συναφθεισῶν
906 4147 1158 4216 ἀνδράσιν
1192 4148 1436 4214 εὐγενέσι
1502 4147 1780 4212 διέσπασε,
1834 4148 1927 4200 καὶ

343 4240 478 4300 τοὺς
529 4238 896 4305 συναφθέντας
934 4236 1185 4305 μεγάλως
1222 4236 1498 4289 ἐκόλασεν.
1554 4234 1679 4288 Οἷόν
1722 4253 1772 4288 τι
1830 4253 1926 4288 πε-

344 4330 543 4398 ποίηκε
575 4329 666 4380 καὶ
699 4331 777 4389 είς
804 4329 893 4380 τὸν
938 4326 1213 4396 βασιλικὸν
1263 4327 1671 4395 γραμματικὸν,
1734 4327 1924 4396 κύριον

342 4421 616 4490 Θεόδωρον
632 4421 723 4472 τὸν
752 4419 1088 4487 Μεσαρίτην,
1113 4418 1206 4470 τοῦ
1235 4416 1499 4470 σεϐαστοῦ
1532 4419 1623 4468 τοῦ
1644 4417 1926 4486 Βρυεννίου

342 4514 450 4580 τὴν
485 4512 756 4582 θυγατέρα
794 4511 962 4580 χωρὶς
990 4510 1244 4579 εἰδήσεως
1279 4508 1559 4578 βασιλικῆς
1585 4512 1662 4571 si;
1692 4512 1922 4576 γυναῖκα
1954 4502 1996 4557 D

341 4602 598 4656 λαϐόντα.
630 4604 704 4656 Τὸ
745 4603 927 4671 μέντοι
951 4601 1028 4670 τῷ
1051 4601 1234 4652 κανόνι
1259 4599 1670 4670 προσκείμενον.
1705 4601 1800 4652 καὶ
1833 4599 1920 4652 λέ·

341 4711 468 4762 γον,
501 4695 658 4763 μόνον
687 4695 745 4746 ὲν
771 4693 980 4763 Κυρίῳ,
1014 4691 1318 4763 προσετέθη
1366 4681 1457 4742 διὰ
1486 4693 1609 4754 τοὺς
1633 4692 1915 4753 ἀπίστους.

356 4785 452 4838 Ἐν
473 4787 656 4856 Κυρίῳ
679 4766 784 4855 γὰρ
812 4784 1160 4837 συναλλάττει
1186 4785 1362 4854 γάμον
1390 4785 1421 4851 ἡ
1447 4783 1581 4851 μετὰ
1612 4780 1916 4849 ὀρθοδόξου,

342 4876 414 4930 οὐ
445 4877 550 4946 μὴν
582 4878 718 4946 μετὰ
747 4875 1025 4945 αἰρετικοῦ
1063 4875 1418 4942 συναφθεῑσα.

423 4970 663 5023 ΖΩΝΔΡ.
692 4970 1020 5041 Χηρεύσασα
1059 4968 1197 5039 γυνὴ
1215 4961 1320 5021 ita).
1356 4967 1433 5036 μὴ¹
1469 4967 1600 5021 οὖσα
1630 4963 1919 5031 ὑπεξουσία

341 5063 618 5134 γονεῦσιν,
638 5062 777 5115 ὥστε
806 5063 1030 5133 χρῄζειν
1058 5062 1159 5130 τῆς
1184 5061 1406 5112 ἐκείνων
1431 5061 1788 5121 συναινέσεως
1821 5060 1914 5112 ἐπὶ

339 5154 429 5225 τῷ
478 5156 659 5223 γάμῳ,
713 5153 1043 5222 ἀνέγκλητός
1076 5154 1194 5204 ἐστι
1236 5150 1486 5218 δεύτερον
1535 5149 1914 5214 συναλλάξασα

338 5250 545 5319 γάμον,
577 5249 624 5299 εἰ
650 5246 835 5316 μηδείς
884 5248 1032 5297 ἐστιν
1089 5245 1118 5295 δ
1162 5244 1406 5296 διασπῶν
1438 5243 1497 5294 τὸ
1559 5245 1912 5308 συνοικέσιον,

339 5340 643 5404 τουτέστιν,
677 5340 724 5390 εί
773 5340 845 5408 μή
874 5338 1017 5398 τινές
1047 5337 1183 5389 εἰσιν
1219 5333 1542 5399 ὑπεξουσίαν
1565 5335 1733 5404 αὐτὴν
1766 5334 1918 5403 ἔχον-

339 5451 458 5495 τες,
491 5434 607 5501 ἢτοι
640 5430 840 5500 πατὴρ,
870 5431 902 5498 ἢ
935 5429 1182 5493 πάππος,
1205 5429 1254 5480 οἳ
1287 5430 1378 5480 καὶ
1401 5427 1634 5497 διασπᾷν
1664 5428 1916 5480 δύνανται

337 5524 446 5594 τὴν
477 5524 564 5576 διὰ
593 5522 687 5574 τοῦ
709 5523 885 5589 γάμου
922 5521 1237 5589 συνάφειαν,
1282 5520 1354 5589 μὴ
1391 5519 1801 5580 συναινέσαντες
1831 5518 1916 5570 ἐπ’

416 5713 429 5746 ε
459 5716 476 5768 l
502 5711 626 5768 Cor.
647 5726 743 5765 vn.
777 5711 864 5768 59.

662 5809 931 5865 Ριπιοι..
974 5804 1088 5863 Gtt.
1126 5803 1385 5864 CXXXV
1398 5801 1505 5864 l-ll.

2027 3251 2123 3305 lib.
2162 3262 2334 3304 xrvm
2369 3247 2810 3304 :Matrimonium
2851 3255 2935 3302 est
2965 3248 3063 3301 viri
3098 3258 3152 3302 et
3195 3248 3433 3302 mulieris
3470 3263 3600 3302 con-

2021 3339 2269 3407 junctio,
2320 3345 2374 3394 et
2416 3340 2580 3393 totius
2631 3339 2752 3392 vitae
2793 3338 3144 3402 consuetudo,
3194 3337 3496 3392 divinarum
3547 3350 3599 3392 et

2029 3432 2382 3484 humanarum
2446 3441 2624 3482 rerum
2677 3426 2929 3481 societas.
2982 3425 3049 3479 Et
3104 3442 3224 3496 syu.
3283 3425 3599 3481 Laodiceuze

2027 3535 2199 3574 canon
2237 3519 2327 3585 51,
2359 3528 2413 3574 ct
2449 3534 2572 3572 can.
2606 3515 2675 3571 72
2707 3532 2826 3587 syn.
2861 3519 2913 3572 in
2950 3515 3156 3581 Trulio,
3191 3518 3479 3586 prohibent
3512 3533 3601 3572 or-

2027 3611 2286 3666 tbodoxos
2301 3625 2421 3665 cum
2449 3609 2719 3665 haereticis
2746 3609 3028 3678 conjungi,
3059 3618 3113 3662 et
3142 3609 3320 3663 thema
3341 3608 3394 3676 2,
3420 3625 3540 3679 cap.
3567 3609 3599 3661 7

2029 3702 2110 3756 tit.
2138 3701 2310 3767 5,lib.
2349 3715 2522 3757 xxvnt
2557 3700 2688 3756 dicit
2725 3717 2739 3754 :
2780 3699 2896 3755 Non
2927 3712 3008 3755 est
3039 3701 3272 3756 validum
3323 3702 3601 3755 matrimo-

2029 3791 2177 3844 nium
2213 3791 2334 3845 liiia:
2367 3790 2448 3844 vel
2489 3789 2666 3859 neptis
2707 3790 2803 3843 viri
2851 3790 3109 3844 senatorii
3138 3804 3259 3843 cum
3292 3789 3488 3842 liberto
3515 3787 3597 3843 vel

2028 3884 2260 3948 scenico,
2296 3883 2374 3937 vel
2404 3883 2604 3938 scenici
2638 3893 2729 3934 aut
2753 3882 2981 3936 scenicae
3017 3881 3145 3934 lilio.
3181 3879 3378 3936 Potens
3415 3891 3594 3936 autem

2029 3984 2082 4029 et
2108 3983 2331 4030 sanctus
2367 3985 2549 4030 noster
2587 3975 2902 4043 imperator,
2933 3988 3055 4029 cum
3095 3974 3352 4029 nobilium
3391 3974 3596 4044 aliquot

2029 4067 2339 4131 mulierum,
2383 4081 2506 4121 cum
2546 4066 2675 4120 viris
2724 4066 3047 4134 ignobilibus
3094 4073 3369 4121 contracta
3418 4075 3599 4120 essent

2029 4159 2394 4222 matrimonia,
2428 4174 2490 4212 ea
2536 4160 2827 4226 separavit,
2870 4168 2922 4212 et
2962 4158 3281 4227 conjunctos
3316 4159 3465 4212 valde
3496 4174 3594 4227 pu-

2030 4251 2150 4303 niit.
2186 4249 2646 4314 Quemadmodum
2674 4249 2836 4302 etiam
2869 4247 2998 4302 fecit
3027 4258 3081 4301 et
3109 4249 3159 4300 in
3191 4248 3392 4318 regium
3418 4264 3598 4317 gram-

2034 4342 2285 4394 maticum
2319 4340 2596 4394 dominum
2639 4339 2982 4393 Theodorum
3021 4337 3324 4392 Mesaritcm
3359 4339 3449 4409 qui
3491 4340 3595 4390 Au-

2032 4433 2171 4503 gusti
2219 4431 2457 4487 Briennii
2513 4432 2675 4502 1,00
2728 4430 2936 4494 tiliam,
2992 4432 3194 4499 absque
3253 4431 3593 4501 imperatoris

2025 4523 2248 4578 scientia
2284 4522 2338 4577 in
2371 4536 2595 4577 uxorem
2624 4531 2926 4589 acceperat.
2956 4519 3107 4587 Quod
3138 4527 3314 4574 autem
3347 4521 3596 4590 adjicitur

2025 4614 2240 4676 canoni,
2283 4627 2336 4666 et
2375 4614 2526 4678 dicit,
2569 4611 2752 4667 Solum
2800 4612 2853 4665 in
2903 4611 3148 4675 Domino,
3195 4612 3461 4680 adjectum
3512 4623 3595 4667 est

2025 4714 2247 4775 propter
2293 4705 2560 4760 inﬁdeles.
2599 4705 2658 4757 in
2720 4703 2949 4759 Domino
2995 4703 3138 4757 enim
3187 4703 3591 4758 matrimonium

2025 4795 2317 4861 contrahit,
2347 4808 2468 4863 qua
2512 4808 2633 4848 cum
2677 4792 2997 4855 orthodoxe,
3032 4805 3138 4845 non
3171 4805 3293 4846 cum
3339 4793 3594 4847 haeretico

2029 4887 2434 4940 matrimonium
2461 4884 2755 4942 contrahit.

2097 4973 2348 5029 ZONAR.
2405 4975 2596 5028 Mulier
2641 4989 2761 5043 quae
2800 4973 2962 5028 vidua
3008 4983 3115 5038 est,
3155 4983 3253 5027 nec
3305 4982 3589 5042 parentum

2024 5066 2275 5135 potestati
2304 5066 2569 5134 subjecta,
2605 5076 2663 5118 ut
2707 5064 2920 5118 illorum
2969 5077 3234 5118 censensu
3279 5064 3342 5116 ad
3378 5064 3590 5130 nuptias

2024 5157 2421 5212 contrahendas
2461 5155 2718 5224 indigeat,
2766 5157 2969 5223 absque
3013 5155 3118 5207 ulla
3160 5168 3294 5207 noxa
3338 5153 3590 5207 secundis

2026 5246 2226 5314 nuptiis
2257 5244 2447 5315 illigari
2499 5255 2694 5314 potest,
2746 5244 2790 5298 εἰ
2829 5259 2987 5297 nemo
3031 5244 3101 5297 sit
3147 5243 3234 5309 qui
3283 5243 3587 5310 conjugium

2025 5337 2303 5401 dissolvat,
2340 5338 2440 5392 hoc
2469 5345 2572 5403 est,
2610 5336 2656 5390 si
2702 5335 2831 5389 nulli
2865 5336 2992 5401 sint,
3029 5336 3119 5404 qui
3169 5336 3314 5388 illaut
3358 5349 3468 5387 sum
3495 5334 3591 5386 ob-

2025 5429 2242 5482 noxiam
2274 5429 2524 5496 potesmti
2555 5429 2803 5492 habeant,
2836 5437 2988 5494 pater
3013 5427 3290 5490 nimirum,
3315 5436 3408 5478 aut
3434 5438 3584 5487 avus,

2025 5522 2218 5591 quibus
2243 5520 2403 5575 etiam
2425 5519 2680 5574 dirimere
2708 5519 3038 5573 matrimonii
3067 5519 3376 5573 societatem
3403 5519 3584 5569 datum

3186 5794 3266 5856 23
