3946 6342
497 294 604 357 H5

1717 291 1993 351 TIIEOD.
2035 288 2438 356 BALSAMON

3596 312 3710 373 ’ίῙὸ

492 418 594 468 est.
627 403 729 460 nisi
775 405 827 458 iu
861 401 990 457 illud
1036 401 1430 457 consenserint.
1466 397 1696 467 Subjicit
1739 399 1931 452 deinde
1977 397 2051 446 vir

2168 402 2326 471 αὐτῷ.
2367 406 2724 479 Ἐπιφὲρειδέ
2759 415 2784 464 ὁ
2822 414 2973 482 ἅγιος
3007 421 3313 489 μαρτυρίαν
3348 421 3404 483 ἐξ
3441 424 3732 480 ἀποτεθλι-

490 508 712 553 sauctus
767 497 1257 564 depromptum—ex
1311 491 1623 561 apostolicis
1667 490 1843 543 verbis
1903 490 2053 543 testi-

489 590 748 643 monium.

558 678 786 733 ABIS'I‘.
831 679 1072 734 Crimine
1107 686 1259 733 vacat
1294 678 1451 732 vidua
1487 691 1606 747 quae
1641 677 1811 729 virum
1841 675 2050 742 accipit.

559 771 730 824 Vidua
781 786 890 824 suae
923 780 1004 823 est
1047 770 1325 838 potestatis
1355 809 1370 834 ,
1418 777 1630 822 mortuo
1679 763 1843 835 ipsius
1893 768 2052 828 vim;

487 874 770 932 promerea
808 863 852 916 si
891 864 1008 914 viro
1042 863 1301 930 nupserit,
1336 860 1667 914 accusationi
1709 875 1813 914 non
1848 871 1928 912 est
1961 860 2056 908 Oll-

488 955 664 1014 umia,
701 953 857 1006 modo
893 951 945 1003 in
981 949 1224 1014 Domino,
1259 951 1411 1019 juxta
1439 949 1769 1018 Apostolum.

1056 1041 1284 1097 CANON
1334 1041 1487 1095 XLII.

486 1134 613 1199 Quae
640 1133 756 1188 sine
781 1134 865 1196 iis,
900 1134 988 1202 qui
1027 1133 1223 1186 habth
1257 1142 1601 1202 potestatem,
1629 1131 1758 1186 fiunt
1783 1137 2057 1188 matrimo-

558 1229 669 1292 nia,
707 1236 826 1280 sunt
872 1225 1284 1280 fornicationes.
1333 1224 1557 1278 Vivente
1589 1240 1719 1294 ergo
1751 1236 1934 1293 patre,
1975 1226 2054 1278 vel

555 1320 792 1380 domino,
843 1319 883 1370 ii
916 1321 1004 1386 qui
1049 1319 1380 1373 conveniunt
1411 1333 1515 1370 non
1564 1327 1689 1370 sunt
1739 1318 1804 1370 ab
1834 1331 2054 1370 accusa-

555 1415 702 1465 tione
753 1411 928 1472 liberi,
969 1412 1139 1463 donec
1183 1410 1432 1477 conjugio
1467 1409 1669 1462 domini
1718 1421 2006 1461 auuuennt
2040 1426 2052 1459 :

552 1507 840 1559 tunceuim
883 1502 1082 1569 accipit
1120 1501 1432 1554 firmitatem
1468 1501 1801 1568 conjugium.

551 1597 744 1652 BALS.
789 1596 886 1651 llic
916 1611 1087 1650 canon
1118 1594 1278 1649 veluti
1311 1608 1516 1646 smnma
1543 1596 1785 1662 quaedam
1817 1602 1893 1646 est
1923 1595 2055 1645 duo-

485 1705 600 1744 rum
629 1690 869 1758 proxime
909 1688 1329 1754 praecedentium
1370 1699 1657 1738 canonum.
1709 1685 1843 1738 Dicit
1885 1684 2054 1748 enim,

483 1781 620 1850 quod
655 1780 696 1835 si
729 1778 834 1833 lilia
868 1778 1100 1835 familias
1125 1778 1207 1830 vel
1249 1777 1444 1830 ancilla
1493 1775 1899 1828 matrimonium
1931 1791 2049 1828 cum

484 1872 660 1939 aliquo
683 1880 1088 1934 contraxerunt,
1118 1869 1236 1924 sine
1265 1870 1543 1922 voluntate
1569 1881 1759 1921 eorum
1793 1868 1882 1935 qui
1912 1867 2055 1936 ipsas

483 1961 679 2015 habent
727 1960 779 2012 in
832 1970 1118 2027 potestate,
1174 1960 1274 2012 hoc
1333 1957 1684 2016 existimatur
1739 1955 2052 2019 Iurnieatio,

483 2067 664 2127 utpote
694 2055 835 2125 quod
880 2070 988 2109 non
1038 2055 1204 2122 possit
1255 2051 1582 2107 consistere.
1616 2049 1795 2116 Quare
1837 2059 1891 2104 et
1938 2060 2055 2103 tan-

483 2164 639 2215 quam
677 2148 1034 2200 fornicatores
1063 2146 1374 2214 punientur,
1406 2153 1456 2197 ut
1482 2143 1908 2207 matrimonium,
1937 2150 2053 2200 tan-

482 2253 638 2307 quam
692 2238 832 2303 quod
896 2250 1002 2289 non
1054 2237 1227 2304 possit
1269 2237 1593 2298 consistere,
1640 2233 1902 2286 solvetur.
1958 2230 2052 2284 Sin

482 2340 657 2382 autem
691 2327 752 2392 ii,
784 2327 874 2396 qui
917 2330 1090 2380 iocos
1128 2327 1328 2380 habent
1359 2334 1706 2395 potestatem,
1741 2326 2052 2386 annuerint,

481 2429 582 2475 ttoc
604 2431 707 2483 est,
737 2419 1059 2474 admiserint
1084 2429 1136 2473 et
1173 2419 1439 2472 voluerint
1467 2417 1892 2481 matrimonium,
1926 2427 2054 2470 tunc

482 2516 694 2567 tlrmum
732 2513 1094 2580 reputabitur.
1127 2511 1257 2577 Quae
1282 2521 1462 2564 autem
1495 2510 1562 2564 de
1593 2524 1781 2564 eorum
1809 2510 1906 2578 qui
1930 2520 2056 2563 sunt

482 2608 533 2659 in
561 2613 827 2674 potestate
857 2616 910 2658 et
956 2604 1302 2657 dominorum
1339 2615 1610 2655 consensu
1645 2601 1923 2656 dicuntur.
1967 2599 2018 2650 in

481 2707 779 2766 terpretare
833 2697 1128 2750 secundum
1184 2708 1420 2748 canones
1474 2693 1722 2759 proxime
1781 2695 2048 2758 interpre-

481 2797 638 2844 latos.

561 2880 815 2939 ZONAR.
861 2879 960 2932 I‘Iic
1007 2893 1183 2932 canon
1216 2876 1378 2931 veluti
1425 2888 1637 2929 summa
1677 2874 1919 2940 quaedam
1970 2882 2052 2925 est

481 2981 703 3033 duorum
735 2971 980 3042 proxime
1011 2967 1427 3038 praecedentium
1458 2979 1748 3018 canonum.
1776 2962 1862 3015 Ait
1896 2976 2049 3013 nam-

2159 491 2267 543 κῶν
2295 496 2397 562 ρηςτ
2412 500 2574 553 άτων.

2232 675 2453 728 ΑΡΙΣΤ.
2503 677 2914 755 Ἀνέγκλητοςή
2953 690 3097 758 χήρα
3131 690 3504 761 λαμϐάνουσα.

2227 765 2555 828 Λύτεξρυσία
2587 773 2782 843 ἐστὶνὴ
2822 779 2983 845 χήρα,
3018 783 3384 842 τελευτῶντος
3417 788 3509 840 τοῦ
3545 791 3742 860 ἁ.δρ²);

2157 858 2324 926 αὐτῆς
2353 863 2476 914 ’διὰ
2504 865 2681 929 τοῦτο,
2717 871 2764 920 εἰ
2812 870 2948 941 ὶᾰεῃ
2990 874 3178 942 ἄνδρα,
3223 879 3550 946 ἀνέγκλητός
3592 858 3736 947 ιέτε,

2158 952 2316 1017 μόνον
2347 953 2404 1002 ἐν
2435 955 2640 1025 Κυρίῳ,
2668 961 2806 1013 κατὰ
2839 964 2926 1013 τόν
2971 966 3311 1019 Ἀπόστολον.

2741 1053 2979 1105 ΚΛΝΩΝ
3012 1056 3145 1108 MB'.

2157 1133 2218 1183 ()i
2265 1133 2393 1186 ἄνευ
2457 1138 2566 1189 τῶν
2629 1143 2974 1207 κρατούντων
3039 1151 3204 1218 γάμοι
3265 1157 3511 1222 πορνεῖαί
3576 1161 3735 1211 εἰςιν.

2230 1225 2366 1276 Οὖτε
2394 1225 2486 1278 οὖν
2520 1232 2752 1299 πατέρος
2780 1232 2980 1299 ζῶντος
3009 1239 3133 1292 οὗτε
3164 1242 3425 1295 δεσπεὲτηυ
3449 1249 3494 1296 οἱ
3538 1256 3736 1302 συνιέν-

2228 1333 2318 1377 τες
2353 1321 2637 1373 ἁνεύϐυνοί
2661 1326 2821 1386 εἰσιν,
2845 1329 2948 1390 ἕως
2978 1330 3043 1382 ἄν
3073 1334 3433 1388 ἑπινεὺσωσιν
3479 1340 3527 1388 οἱ
3558 1343 3739 1408 κύριοι

2227 1409 2325 1478 τὴν
2359 1414 2690 1482 συνοίκησιν.
2726 1418 2854 1470 Τότε
2883 1423 2992 1489 γὰρ
3033 1423 3296 1491 λαμϐάνει
3330 1429 3389 1479 τὸ
3430 1431 3522 1483 τοῦ
3555 1436 3738 1499 γάρου

2232 1500 2468 1568 βέϐαιον.

2231 1593 2425 1646 ΒΑΛΣ.
2476 1598 2534 1647 ⁸0
2554 1598 2731 1650 κανὼν
2763 1596 2918 1665 οἶτος
2942 1605 3411 1679 ἀνακεφαλαίωσίς
3461 1619 3578 1670 ἐστι
3628 1619 3739 1669 τῶν

2161 1688 2441 1756 προσεχῶν
2465 1694 2724 1746 κανόνων.
2749 1695 2886 1763 Φησὶ
2910 1700 3015 1769 γὰρ
3049 1701 3123 1765 ὡς
3143 1743 3156 1768 ,
3182 1705 3278 1758 ἐὰν
3315 1710 3612 1774 ὑπεξουσία
3647 1711 3726 1762 θυ-

2157 1779 2333 1848 γάτηρ
2357 1781 2388 1849 ἤ
2415 1781 2577 1850 δούλη
2624 1787 2800 1854 γάμον
2852 1795 2985 1857 πρός
3018 1810 3135 1846 τινα
3174 1800 3577 1865 συναλλάξιυσιν
3610 1803 3736 1854 ἄνευ

2157 1869 2379 1940 γνώμης
2408 1873 2514 1925 τῶν
2537 1876 2903 1944 κρατούντων,
2947 1884 3118 1951 ἧγουν
3148 1889 3258 1939 τῶν
3313 1892 3736 1956 ὑπεξουσιαζόν-

2155 1979 2264 2014 των
2297 1963 2496 2027 αὐτῶν,
2530 1969 2753 2033 πορνεία
2798 1969 3071 2037 λογίζεται
3101 1977 3161 2028 τὸ
3202 1982 3459 2045 τοιοῦτον,
3514 1984 3589 2047 ὡς
3642 1987 3734 2037 ἁν-

2158 2057 2472 2119 υποστάτως
2511 2060 2812 2129 γινόμενον.
2853 2067 2941 2117 Διὸ
2977 2071 3069 2119 καὶ
3109 2071 3184 2132 ὠς
3219 2076 3574 2143 πορνεύοντες
3606 2078 3734 2128 ἐπι-

2155 2147 2570 2217 τιμηθήσονται,
2597 2152 2688 2204 καὶ
2716 2156 2742 2205 ό
2765 2156 2938 2223 γάμος
2983 2159 3057 2222 ὡς
3106 2162 3475 2226 ἀνυπόστατος
3505 2167 3733 2238 λυῡήσε-

2154 2254 2265 2290 ται.
2333 2238 2394 2292 Εί
2449 2242 2507 2295 δὲ
2561 2243 2940 2301 ἑπινεύσουσιν
3004 2254 3051 2303 oi
3104 2254 3200 2322 τὴν
3253 2255 3497 2319 ἐξουσίαν
3553 2260 3735 2313 αὐτῶ-ο

2156 2328 2392 2398 ἔχοντες,
2438 2333 2560 2385 ἀντὶ
2616 2335 2730 2403 τοῦ,
2787 2339 2837 2390 εἰ
2886 2339 3126 2404 δέξονται
3171 2345 3264 2397 καὶ
3317 2346 3598 2417 θελήσουσι
3643 2352 3736 2403 τὸν

2156 2423 2366 2490 γάμον,
2420 2425 2538 2476 τότε
2593 2426 2866 2494 λογίζεται
2917 2433 3152 2500 βέϐαιος.
3209 2437 3289 2489 Τὰ
3337 2439 3393 2490 δὲ
3456 2441 3582 2512 περὶ
3637 2444 3735 2507 τῆς

2159 2516 2522 2578 συναινέσεως
2581 2518 2691 2569 τῶν
2750 2521 3086 2586 ὑπεξουσίων
3147 2529 3238 2579 κκὶ
3289 2531 3399 2582 τῶν
3456 2532 3735 2586 δεσποτῶν

2154 2605 2491 2672 ὲρμήνευσον
2556 2608 2696 2660 κατὰ
2761 2615 2885 2674 τοὺς
2952 2618 3230 2684 προσεχῶς
3293 2622 3734 2690 ἑρμηνευοέντας

2156 2698 2407 2758 κανόνας,

2224 2878 2466 2934 ΖΩΝΛΡ.
2517 2881 2576 2932 ὐ
2608 2883 2788 2935 κανὼν
2809 2879 2961 2947 οὗτος
2989 2887 3462 2955 ἀνακεφαλαίωσίς
3484 2895 3597 2945 ἐστι
3623 2896 3737 2947 τῶι.

2158 2973 2442 3040 προσεχῶν
2492 2973 2657 3026 αὑτοῦ
2697 2976 2791 3028 δύο
2849 2979 3106 3035 κανόνων.
3153 2983 3289 3052 Φησὶ
3324 2987 3429 3052 γὰρ
3474 2985 3580 3048 ὅτι,
3635 2989 3736 3038 ἑὰ.

480 3081 604 3136 que,
653 3064 694 3117 si
735 3061 842 3114 filia
895 3059 974 3111 vel
1019 3072 1174 3111 serua
1226 3055 1450 3108 aliorum
1517 3053 1765 3122 potestati
1819 3051 2050 3105 obnoxia

2168 3061 2450 3123 ὒπεξουσία
2484 3064 2726 3135 Θυγάτηρ
2755 3067 2786 3135 ἦ
2813 3069 2971 3138 δούλη
3001 3071 3178 3140 γάμον
3222 3051 3366 3144 νπρός
3396 3051 3514 3128 τινα
3535 3079 3742 3131 συναλ-

479 3173 602 3213 cum
634 3156 813 3222 aliquo
847 3150 1253 3206 matrimonium
1287 3148 1532 3212 inierint,
1566 3149 1771 3216 absque
1802 3147 2046 3200 domino-

481 3263 621 3313 rum,
673 3247 775 3300 hoe
820 3252 903 3300 est
943 3257 1155 3306 eorum,
1189 3255 1418 3308 quorum
1463 3239 1566 3293 sub
1615 3246 1884 3305 potestate
1922 3247 2051 3292 sont

479 3351 772 3402 consensu,
808 3336 860 3389 id
890 3350 988 3401 pro
1011 3333 1369 3388 fornicatione
1398 3329 1609 3392 haberi,
1643 3343 1816 3397 neque
1842 3328 1929 3390 iis,
1960 3329 2050 3397 qui

481 3432 582 3484 hoc
605 3438 764 3499 pacto
794 3427 1030 3495 copulati
1099 3425 1320 3487 fuerint,
1366 3423 1584 3490 impune
1626 3435 1745 3476 esse
1779 3430 2048 3490 oportere.

481 3522 776 3577 Puuieutur
806 3520 1071 3586 siquidem
1103 3518 1227 3585 ipsi,
1255 3515 1769 3583 matrimoniumque
1795 3513 2054 3568 dissolve.

482 3627 589 3671 tur.
617 3614 770 3680 Quod
795 3614 841 3668 si
875 3613 933 3677 ii,
965 3626 1196 3679 quorum
1231 3611 1331 3664 sub
1362 3617 1633 3679 potestate
1663 3618 1810 3669 sunt,
1841 3622 2049 3661 annue-

480 3711 610 3773 rint,
640 3709 742 3762 IIOC
765 3716 867 3769 est,
894 3705 1247 3774 approbarint
1272 3718 1336 3758 ac
1360 3702 1632 3758 voluerint
1657 3702 1870 3767 nuptias
1925 3710 2048 3753 tunc

481 3810 610 3854 rata:
640 3799 915 3867 firmaeque
942 3796 1298 3850 habebuntur.

548 3887 779 3944 ARIST.
820 3887 923 3952 Qui
957 3887 1080 3941 aliis
1109 3886 1363 3946 subsunt.
1400 3885 1568 3948 filius,
1605 3893 1660 3940 et
1690 3900 1899 3948 servus,
1932 3884 2051 3936 siue

480 3981 717 4037 dominis
747 3977 1152 4033 matrimonium
1181 3976 1595 4035 contrahentes,
1628 3976 1798 4043 culpa:
1829 3973 2048 4030 obnoxii

481 4084 622 4127 SIIIII.

1030 4157 1260 4214 CANON
1301 4158 1482 4213 XLIII.

481 4254 580 4322 Qui
611 4252 802 4307 mortis
827 4252 989 4305 ictum
1016 4251 1166 4305 dedit
1201 4253 1465 4318 proximo,
1500 4262 1582 4303 est
1614 4251 1904 4312 homicida,
1933 4248 2050 4304 sive

787 4340 930 4408 prior
963 4340 1250 4408 percussit,
1284 4341 1398 4392 sive
1429 4340 1570 4392 ultus
1599 4351 1702 4392 est.

2154 3153 2386 3216 λάξωσιν
2431 3157 2560 3210 ἄνευ
2614 3161 2837 3229 γνώμης
2866 3162 2973 3214 τῶν
3013 3165 3376 3232 κρατούντων,
3409 3169 3575 3238 ἤγουν
3622 3173 3743 3222 τῶν

2155 3246 2578 3309 ὲξουτιαζόντων
2608 3252 2807 3311 αὐτῶν,
2848 3253 3074 3322 πορνεία
3101 3256 3372 3324 λογίζεται
3403 3262 3462 3312 τὸ
3499 3264 3741 3324 τοιοῦτο,

2155 3341 2248 3389 καὶ
2311 3340 2411 3392 οὐκ
2476 3343 2614 3394 εἰσὶν
2687 3345 2968 3400 ἁνεύθυνοι
3028 3350 3077 3402 οί
3147 3349 3288 3402 οὕτω
3351 3356 3739 3421 συναφθένεες.

2167 3430 2683 3502 Ἐπιτιμηοήσονται
2716 3439 2843 3507 γὰρ,
2871 3442 2966 3494 καὶ
2996 3441 3024 3492 6
3055 3443 3231 3510 γάμος
3259 3444 3570 3514 λυθήσεται.
3596 3449 3658 3499 Et
3683 3451 3742 3500 δὲ

2155 3523 2526 3576 ιπινεύσουσιν
2572 3529 2619 3578 oi
2663 3531 2759 3594 τὴν
2800 3530 3047 3593 ἐξουσίαν
3095 3535 3273 3588 αὐτῶν
3313 3535 3558 3605 ἔχοντες,
3608 3540 3742 3590 ἀντὶ

2151 3611 2269 3676 τοῦ,
2290 3616 2336 3664 εί
2353 3614 2593 3678 δέξονται
2613 3621 2706 3670 καὶ
2733 3620 3016 3674 Θελήσουσι
3038 3624 3129 3676 τὸν
3155 3626 3349 3694 γάμον,
3378 3629 3497 3679 τότε
3518 3631 3742 3695 λογίζε-

2151 3724 2241 3759 ται
2283 3707 2524 3777 βέϐαιος.

2222 3887 2439 3942 ΑΡΙΣΤ.
2489 3891 2550 3942 Οἱ
2583 3890 2912 3955 ὑπεξούσιοι,
2949 3893 3059 3953 υίὸς
3095 3893 3186 3945 καὶ
3217 3892 3419 3955 δοῦλος,
3468 3894 3589 3965 δίχα
3623 3897 3740 3948 τῶν

2154 3982 2358 4052 κυρίων
2393 3981 2778 4052 ζευγνύμενοι.
2813 3988 2915 4036 οὐκ
2942 3986 3243 4040 ἁνεύῢυνοι.

2731 4163 2963 4215 ΚΑΝΩΝ
3003 4165 3131 4217 ΜΡ.

2156 4252 2252 4313 ὐς
2300 4251 2534 4304 θανάτου
2590 4254 2805 4324 πληγὴν
2854 4255 2930 4320 τῷ
2987 4255 3214 4322 πλησίον
3263 4255 3481 4311 δέδωκε.
3540 4259 3739 4324 cave-.5;-

2220 4346 2386 4407 ἐστιν,
2417 4347 2525 4397 εἴτε
2555 4342 2687 4416 ἦρξε
2717 4347 2816 4414 τῆς
2845 4347 3082 4414 πληγῆς,
3114 4349 3221 4399 εἴτε
3252 4347 3517 4415 ἠμύνατο.

550 4434 744 4490 BALS.
794 4432 1066 4486 Percussit
1088 4431 1352 4499 quispiam
1382 4430 1637 4498 aliquem,
1667 4440 1717 4483 et
1751 4429 2044 4496 interfecit,

2223 4437 2415 4490 ΒΑΛΣ.
2453 4439 2548 4498 Tir;
2583 4439 2779 4507 ἔπληξε
2819 4440 2909 4490 καὶ
2943 4441 3197 4505 ὲυόνευσὲ
3235 4458 3385 4498 τινα,
3422 4445 3517 4492 καὶ
3563 4444 3738 4493 άπαι-

479 4540 533 4584 et
557 4543 676 4581 cum
699 4527 978 4593 iuberetur
1002 4522 1225 4576 reddere
1254 4521 1518 4575 rationem
1544 4537 1641 4574 cur
1663 4521 2045 4584 interfecisset,

480 4620 693 4674 dicebat
721 4636 732 4670 :
760 4616 870 4685 Ego
895 4630 1000 4674 non
1033 4613 1106 4667 fui
1135 4629 1297 4668 causa
1321 4614 1506 4676 caedis,
1535 4613 1627 4666 sed
1656 4613 1701 4666 is
1721 4614 1809 4681 qui
1838 4615 2051 4668 occisus

480 4721 582 4773 rst,
618 4720 675 4762 ut
702 4710 791 4776 qui
823 4721 1016 4776 pugna:
1046 4706 1259 4758 initium
1287 4704 1435 4768 fecit,
1467 4716 1520 4759 et
1547 4719 1633 4757 me
1663 4707 1811 4773 prior
1831 4721 2051 4774 percus-

481 4804 576 4856 sit.
639 4799 871 4853 Sanctus
920 4812 1051 4867 ergo
1093 4797 1158 4850 de
1202 4811 1267 4850 co
1314 4798 1698 4865 interrogatus,
1752 4797 2052 4865 respondit,

483 4891 762 4948 Homicida
796 4899 878 4944 est
913 4889 1002 4955 qui
1049 4888 1538 4956 quomodocunque
1580 4887 1850 4940 hominem
1885 4889 2052 4942 inter-

483 4987 608 5039 fecit
649 5001 664 5038 :
708 4985 818 5036 sive
868 4981 1040 5048 primo
1090 4980 1209 5032 loco
1252 4993 1398 5043 eum,
1443 4977 1534 5044 qui
1588 4979 1900 5032 interfectus
1946 4991 2049 5042 ρει,

483 5075 769 5145 percussit,
811 5072 922 5125 sive
960 5084 1082 5124 eum
1123 5069 1412 5134 ulciscens,
1452 5078 1509 5122 ut
1543 5071 1634 5138 qui
1662 5074 1809 5138 prior
1837 5085 2056 5138 percus-

483 5172 664 5227 sisset,
694 5165 887 5218 vulnus
934 5163 981 5215 ei
1026 5162 1229 5215 intulit.
1279 5160 1342 5213 Et
1387 5176 1559 5216 canon
1602 5164 1818 5232 quidem
1873 5166 1923 5216 in
1971 5164 2055 5217 his

484 5260 750 5313 consistit.
799 5255 1212 5323 Interrogaverit
1246 5265 1422 5307 autem
1473 5255 1764 5322 quispiam,
1813 5270 1932 5310 cum
1968 5255 2048 5308 lex

483 5352 628 5405 dicat
671 5351 724 5402 in
775 5347 1111 5413 sexagesimo
1160 5345 1294 5399 libro
1329 5346 1410 5398 tit.
1457 5346 1524 5399 59
1559 5363 1677 5415 cap.
1717 5347 1766 5411 I,
1822 5349 2053 5400 themate

483 5442 675 5494 ultimo
731 5457 744 5492 :
802 5439 1023 5506 Impune
1080 5437 1199 5505 quis
1254 5436 1409 5487 illum
1464 5437 1770 5509 interﬁciet,
1833 5438 1921 5505 qui
1971 5436 2051 5487 vel

486 5532 686 5600 ipsum,
709 5530 790 5583 vel
822 5545 946 5583 suos
983 5529 1123 5594 cogit
1155 5531 1217 5579 ad
1247 5526 1616 5594 petulantiam;
1645 5543 1698 5582 et
1727 5530 1776 5581 in
1809 5529 1958 5582 titulo
1991 5529 2054 5580 i7

484 5623 727 5690 ejusdem
766 5622 922 5674 libri:
955 5621 1109 5689 ιοι
1141 5617 1256 5671 Vim
1293 5619 1339 5670 vi
1377 5620 1501 5673 licet
1534 5619 1790 5687 repellere
1825 5629 1878 5674 et
1905 5634 2051 5673 arma

487 5714 653 5771 armis
689 5731 701 5768 :
738 5715 1006 5781 quomodo
1041 5713 1172 5767 dicit
1205 5727 1374 5768 canon
1407 5727 1551 5777 eum,
1582 5713 1671 5782 qui
1711 5725 1769 5766 se
1800 5711 2052 5768 defensu-

2150 4532 2410 4601 τούμενος
2449 4533 2641 4601 λόγους
2669 4534 2849 4587 δοῦναι
2883 4535 3041 4602 χάριν
3071 4534 3162 4585 τοῦ
3194 4538 3354 4598 φόνου
3378 4574 3391 4594 ,
3431 4534 3618 4596 ἔλεγεν
3652 4537 3737 4588 ὅτι

2153 4625 2264 4676 Οὐκ
2288 4625 2395 4690 ἐγὼ
2420 4624 2588 4686 αἴτιος
2616 4625 2813 4693 γέγονα
2844 4625 2943 4691 τῆς
2975 4624 3203 4694 πληγῆς,
3229 4623 3341 4675 ἀλλ’
3372 4628 3398 4676 ὀ
3434 4625 3735 4692 φονευθεὶς.

2152 4715 2228 4776 ὡς
2271 4717 2584 4781 πεποιηκὼς
2618 4716 2713 4784 τὴν
2760 4716 2931 4784 ἀρχὴν
2972 4717 3070 4784 τῆς
3114 4716 3408 4785 διαμάχης,
3461 4720 3556 4770 καὶ
3603 4735 3737 4786 προ-

2154 4805 2361 4874 πλήξας
2408 4822 2494 4872 με.
2555 4806 2878 4872 Ἐρωτηθεὶς
2920 4804 3012 4857 οὖν
3062 4807 3191 4874 περὶ
3242 4807 3434 4858 τούτου
3483 4808 3509 4858 ό
3556 4807 3732 4871 ἅγιος.

2154 4892 2307 4946 εἶπεν
2362 4895 2443 4945 ὃτι
2503 4893 2700 4955 Φονεύς
2757 4895 2903 4946 ἐστιν
2965 4897 2991 4945 ὁ
3051 4895 3403 4963 ὁπωσδήποτε
3464 4894 3735 4958 φονεύσας

2154 4985 2463 5055 ἄνθρωπον,
2497 4985 2606 5036 είτε
2635 4985 2864 5055 πρώτως
2901 4985 3094 5054 ἔπληξε
3130 4991 3219 5039 τὸν
3246 4987 3589 5054 φοιευΟέντα.
3623 4987 3731 5034 εἴτε

2155 5075 2496 5142 ἀμυνόμενος
2536 5076 2724 5126 τοῦτον
2747 5116 2759 5135 ,
2801 5075 2873 5138 ὡς
2908 5075 3187 5142 πλήξαντα
3238 5077 3498 5144 πρότερον
3533 5075 3692 5124 αὐτὸν
3717 5115 3729 5126 .

2155 5165 2400 5230 ἐπήγαγε
2448 5165 2548 5233 τὴν
2601 5166 2834 5234 πληγήν.
2877 5166 2981 5218 Καὶ
3008 5166 3034 5214 ὁ
3067 5166 3162 5232 μὲν
3199 5164 3378 5216 κανὼν
3408 5165 3464 5214 ὲν
3497 5163 3675 5213 τούτοι
3716 5203 3728 5216 .

2168 5257 2462 5323 Ἑρωτήσει
2504 5256 2558 5307 δέ
2590 5274 2692 5321 τις,
2725 5257 2798 5317 ὡς
2827 5255 2919 5308 τοῦ
2952 5257 3114 5322 νόμου
3149 5254 3399 5319 λέγοντος
3433 5255 3492 5304 ὲν
3539 5253 3732 5321 βιϐλίῳ

2157 5349 2217 5411 ξ’,
2248 5349 2425 5400 τίτλου
2450 5349 2548 5412 λθ’,
2582 5349 2771 5416 κεφαλ.
2804 5356 2872 5410 α’,
2901 5348 3092 5416 θέματι
3120 5346 3408 5411 τελευταίῳ
3431 5360 3446 5373 ⁶
3485 5345 3699 5396 Ἀκινδύ
3725 5377 3729 5380 -

2155 5460 2259 5502 νως
2306 5460 2390 5506 τις
2425 5442 2638 5510 φονεύει
2673 5443 2762 5493 τὸν
2795 5439 3114 5509 βιαζόμενον
3153 5439 3314 5490 αὐτὸν
3349 5437 3382 5506 ἢ
3415 5437 3540 5500 τοὺς
3563 5437 3732 5490 αὑτοῦ

2157 5535 2291 5601 πρὸς
2318 5534 2604 5600 ἀσέλγειαν
2627 5550 2638 5562 ·
2671 5534 2763 5584 καί
2787 5534 2844 5583 ὲν
2876 5530 3036 5599 τίτλῳ
3065 5531 3127 5594 ιζ’
3163 5531 3253 5582 τοῦ
3289 5530 3453 5582 αὐτοῦ
3484 5531 3693 5598 βιϐλίου
3718 5548 3730 5561 ·

2160 5622 2376 5688 Ἔξεστι
2409 5623 2498 5694 pi}
2527 5627 2624 5693 τὴν
2657 5622 2776 5693 βίαν
2808 5621 3051 5696 ξξωθεῖν,
3077 5624 3168 5673 καὶ
3199 5622 3339 5676 ὅπλα
3371 5621 3579 5687 ὅπλοις,
3615 5622 3736 5676 πῶς

2166 5719 2192 5770 ὁ
2231 5717 2411 5770 κανών
2453 5734 2584 5787 φησι
2631 5717 2720 5770 τὸν
2763 5716 2821 5779 ἐξ
2847 5714 3058 5786 ἀμύνης
3085 5713 3360 5784 πλήξαντα
3404 5715 3496 5767 καὶ
3537 5714 3737 5781 φονεύ·
