3946 6342
257 336 368 402 ’117
1169 340 1251 402 IN
1285 342 1522 404 EPIST.
1572 341 1636 402 S.
1673 341 1957 402 BASILll
1998 339 2442 403 CANONICAM
2488 340 2569 402 li.
3371 336 3478 402 718

260 468 434 505 σαντα
487 449 809 515 κολάζεσθαι
869 454 944 508 ὡς
1002 450 1197 521 φονέας
1251 451 1460 518 Λύσις.
1513 451 1592 504 Τὰ
1645 453 1804 518 tum,

1941 466 2031 504 rus
2059 465 2327 520 percussit
2361 459 2416 503 et
2448 448 2664 512 occidit,
2699 448 2872 518 puniti
2902 458 2959 503 ut
2989 447 3346 503 homicidam?
3371 447 3481 504 Sol.

260 541 518 596 σιαστικά
539 541 786 611 ἐπιτίμια
803 543 902 595 οὐκ
923 543 1029 596 sict
1047 540 1364 603 κολαπικά,
1385 542 1516 595 ἀλλά
1538 543 1804 610 ἀγιαστικς

1937 541 2112 592 Poena:
2139 537 2519 593 ecclesiastica:
2545 551 2650 590 non
2676 537 2921 606 puniunt,
2949 537 3041 591 sed
3071 535 3408 592 sanctiﬁcant
3432 551 3488 592 et

260 635 360 685 ttat
392 631 730 700 ίατρευτικά.
763 631 854 685 se
875 632 969 686 καὶ
997 631 1290 703 διορίζεται
1320 634 1348 686 δ
1374 630 1552 685 κανὼν
1577 634 1665 684 τὸν
1693 647 1804 684 κατι

1934 630 2256 690 medentur;
2285 637 2338 708 et
2380 626 2498 680 ideo
2543 625 2780 680 decernit
2819 640 3012 690 canon,
3057 628 3231 696 utqui
3265 642 3488 695 quomo-

259 723 654 793 παραχώρησιν
680 722 814 776 Θεοῦ
840 723 1150 792 ἐμπεσόντα
1176 724 1525 792 ὁπωσδήποτε
1546 724 1625 785 είς
1649 721 1804 790 φόνον

1931 720 2211 783 docunque
2262 717 2354 771 Dei
2399 718 2753 786 permissione
2805 718 2856 771 in
2897 720 3094 772 Caedem
3140 718 3402 780 inciderit.
3432 726 3488 772 et

259 813 360 864 καὶ
405 812 598 874 αὐτοὺς
643 815 766 876 τοὺς
805 815 864 865 ἐν
915 813 1131 884 πολέμῳ
1177 813 1517 881 φονεύοντας,
1561 813 1799 881 θεραπεύ

1931 807 2032 875 ipsi
2067 810 2227 860 etiam
2263 809 2350 872 qui
2389 809 2440 862 in
2476 809 2614 864 bello
2645 809 2972 868 occiderunt.
3013 809 3064 862 in
3098 809 3274 863 anima
3315 810 3480 864 medi-

254 900 411 955 εσθαι
449 903 587 954 κατά
615 903 824 974 ψυχήν
867 903 967 957 κάν
1010 907 1040 957 ό
1085 905 1182 972 μέν
1221 903 1605 974 μεγαλωτέρας
1638 903 1804 973 χρῄσε

1928 896 2106 951 ciuem
2131 897 2397 967 accipiant
2422 915 2434 950 :
2463 899 2562 952 etsi
2592 898 2676 952 hic
2701 899 2914 965 quidem
2942 899 3141 968 majore
3165 914 3299 968 opus
3328 901 3486 954 habet

256 992 561 1060 θεραπείας
581 1033 594 1056 ,
629 992 706 1055 ὡς
736 992 976 1060 φονεύων
999 992 1258 1056 ἑκουσίως
1277 1034 1292 1058 ,
1332 993 1360 1045 ό
1390 993 1449 1046 δέ
1476 994 1804 1063 μικροτέρας

1931 989 2215 1054 medicina,
2244 989 2415 1060 utqui
2445 998 2635 1057 sponte
2666 988 2956 1052 interfecit,
2989 990 3075 1044 ille
3104 1004 3232 1044 vero
3260 993 3486 1055 minore,

254 1084 332 1144 ὡς
383 1081 624 1150 φονεύων
656 1083 948 1148 ἀκουσίως,
984 1082 1109 1152 ι),ιε
1155 1084 1388 1155 ἀμύνης,
1423 1084 1456 1154 ἢ
1487 1086 1544 1137 ἐν
1583 1085 1802 1154 πολέμῳ

1928 1091 1987 1134 ιιι
2028 1081 2117 1149 qui
2155 1095 2262 1135 non
2294 1080 2622 1143 voluntarie,
2653 1079 2736 1136 vel
2774 1079 2825 1136 in
2854 1079 2936 1132 sui
2974 1080 3286 1137 defensione
3317 1091 3399 1138 vel
3435 1085 3487 1138 in

269 1173 331 1224 '0
357 1173 410 1224 δέ
439 1172 715 1236 πολιτικὸς
749 1175 910 1241 νόμος
941 1173 1175 1239 κολάζει,
1214 1175 1276 1228 οὐ
1311 1174 1626 1245 θεραπεύει.
1664 1174 1804 1226 Ὀθεε

1928 1171 2086 1224 bello.
2123 1171 2229 1226 Lex
2265 1182 2444 1226 autem
2489 1170 2658 1225 civilis
2690 1172 2859 1238 punit,
2898 1187 3002 1226 non
3041 1173 3300 1227 medetur.
3341 1175 3490 1230 Unde

252 1262 348 1313 τὸν
404 1245 502 1330 μέν
560 1261 749 1332 ἔχοντα
787 1262 1026 1317 διάθεσιν
1063 1265 1141 1326 είς
1191 1264 1251 1317 τὺ
1299 1265 1553 1330 φονεῦσαι
1595 1281 1800 1336 τιαωρε

1929 1261 2090 1314 etiam
2126 1277 2266 1321 eum.
2303 1262 2391 1329 qui
2445 1262 2606 1316 hahet
2651 1261 2899 1316 aﬁ‘ectum
2937 1262 3310 1329 interﬁciendi,
3337 1267 3492 1334 punit

250 1352 330 1414 ὡς
381 1353 576 1420 φονέα,
617 1353 706 1406 τὸν
738 1352 795 1405 δέ
831 1353 1099 1415 ἀκουσίως
1137 1353 1432 1421 φονεύοντα
1494 1355 1554 1407 οὐ
1592 1371 1801 1424 τιμωρε

1928 1361 1984 1405 ιιι
2016 1353 2336 1407 homicidam
2377 1371 2390 1406 :
2441 1368 2562 1407 eum
2613 1368 2758 1418 vero,
2799 1354 2885 1420 qui
2927 1354 3282 1409 involuntarie
3326 1357 3491 1410 inter-

250 1443 352 1495 καὶ
398 1443 490 1495 τὸν
530 1442 864 1509 φονεύσαντα
918 1444 1008 1494 τὸν
1055 1444 1379 1513 βιαζόμενον
1418 1445 1579 1496 αὑτὸν
1625 1445 1797 1514 ἀτιμώ

1928 1442 2054 1506 ficit,
2108 1457 2210 1496 non
2251 1437 2399 1510 punit
2440 1460 2455 1509 ;
2500 1453 2554 1496 et
2593 1457 2738 1506 eum,
2783 1445 2872 1512 qui
2915 1445 3020 1496 vim
3058 1446 3126 1496 illi
3176 1445 3488 1500 inferentem

253 1550 420 1600 ρητον
471 1536 768 1602 συντηρεί,
809 1533 884 1595 ὡς
933 1534 1011 1604 μὴ
1057 1534 1302 1599 οἴκοθεν,
1369 1535 1483 1587 ἀλλ’
1524 1531 1591 1598 ἐξ
1642 1536 1804 1588 αἰτία.

1925 1535 2169 1600 peremit,
2217 1535 2534 1602 impunitum
2580 1543 2878 1598 censervat,
2929 1538 3102 1603 utqui
3146 1553 3248 1590 non
3295 1554 3359 1592 ex
3410 1555 3488 1604 sc,

247 1623 347 1676 τοῦ
406 1623 753 1693 φονευθέντος
798 1627 876 1686 είς
945 1625 1006 1677 τὸ
1067 1625 1321 1693 φονεῦσαι
1382 1626 1800 1694 κατεπειχθέντα

1925 1627 2018 1677 sed
2048 1627 2113 1678 ab
2147 1638 2212 1677 eo
2254 1629 2343 1692 qui
2391 1623 2490 1677 fuit
2526 1625 2840 1677 interfectus
2881 1627 2946 1677 ad
2990 1627 3339 1682 occidendum
3385 1631 3487 1684 iiu-

248 1712 418 1783 Οἶμαι
461 1715 518 1766 δέ
560 1716 642 1767 ὅτι
672 1717 766 1767 καὶ
804 1719 831 1767 ο
871 1715 1135 1782 φονεύσας
1179 1717 1238 1781 ἐξ
1281 1718 1492 1786 ἀμύνης
1543 1718 1684 1770 κατά
1734 1718 1804 1769 τοι

1929 1715 2113 1782 pulsus
2149 1724 2251 1768 est.
2291 1715 2556 1770 Existimo
2587 1724 2764 1770 autem
2787 1757 2800 1778 ,
2831 1718 2968 1784 quod
3005 1720 3092 1786 qui
3127 1721 3284 1773 etiam
3323 1724 3375 1775 in
3407 1725 3485 1776 Sui

248 1805 523 1858 πολιτικὸν
567 1806 730 1873 νόμον
778 1805 898 1858 τότε
951 1808 1421 1876 συντηρηθήσεται
1479 1809 1804 1871 ἀκόλαστος.

1924 1803 2232 1858 defensione
2258 1805 2480 1868 occidit,
2515 1816 2638 1859 tunc
2665 1805 2879 1873 impune
2906 1807 3094 1871 ahiliit,
3127 1813 3341 1874 quando
3367 1827 3487 1866 cum

240 1888 377 1948 Ζταν
408 1897 663 1963 ἐφόνευσε
692 1896 784 1947 τὸν
812 1895 1024 1966 πληγὴν
1054 1897 1431 1967 θανατηφόρον
1446 1899 1804 1964 ἐπενεγκόντι

1925 1893 2212 1959 interfecit,
2263 1897 2351 1964 qui
2390 1897 2578 1950 vulnus
2627 1897 2699 1950 illi
2753 1901 2976 1952 mortale
3021 1900 3229 1963 inﬂixit,
3275 1904 3351 1957 vel
3380 1905 3486 1956 vim

246 1983 418 2051 αὐτῷ,
458 1985 491 2055 ἢ
541 1983 662 2053 βίαν
708 1986 920 2052 ὁμοίαν,
966 1986 1026 2037 οὐ
1063 1985 1168 2054 μὴν
1209 1986 1424 2040 καὶτὸν
1452 1988 1689 2057 ἐλαφράν
1731 1988 1804 2040 καί

1923 1986 2156 2041 similem
2193 2006 2206 2040 :
2242 2003 2346 2042 non
2383 1999 2562 2042 autem
2594 2002 2741 2050 eum,
2775 1992 2862 2057 qui
2901 1990 3067 2044 levem
3105 2008 3167 2047 ac
3200 1995 3487 2049 medicabi-

250 2076 468 2144 ἰάσιμον
512 2075 727 2144 πληγὴν
760 2076 1128 2137 ἐπενεγκόντα
1166 2079 1334 2144 αὐτῷ,
1378 2080 1546 2148 ήγουν
1595 2083 1804 2148 μετρίαι

1922 2075 2026 2130 lem
2076 2075 2150 2130 illi
2203 2077 2412 2146 plagam
2468 2077 2644 2132 attulit
2689 2078 2802 2131 sive
2845 2081 2948 2131 vim
3005 2082 3288 2147 modicam,
3324 2098 3481 2152 quam

249 2165 408 2230 βῖαν,
443 2166 538 2219 καὶ
574 2167 639 2234 ἦν
667 2166 891 2220 ἐδύνατο
919 2170 1090 2236 χωρὶς
1123 2169 1284 2237 φόνου
1326 2169 1625 2238 διαφυγεῖν.
1659 2171 1804 2241 Τηνι

1921 2167 2082 2222 etiam
2127 2171 2243 2223 sine
2271 2171 2413 2223 caede
2444 2168 2676 2239 eﬂ'ugere
2703 2171 2895 2240 potuit.
2929 2169 3079 2225 Tune
3121 2174 3262 2226 enim
3297 2187 3351 2227 ιιι
3383 2176 3481 2230 Ιιιι-

246 2257 426 2310 καῦτα
456 2262 564 2325 γάρ
594 2258 668 2320 ὡς
697 2261 888 2326 φονεὺς
928 2259 1341 2329 κολασθήσεται.
1373 2261 1507 2330 Φησὶ
1536 2262 1642 2331 γὰρ
1671 2263 1731 2315 τι
1759 2263 1803 2314 ιδ

1922 2261 2111 2316 micida
2141 2262 2408 2330 punietur.
2434 2263 2568 2317 Dicit
2588 2265 2726 2317 enim
2759 2273 2913 2331 caput
2942 2265 3023 2328 li,
3055 2266 3135 2320 Iit.
3162 2267 3248 2327 59,
3268 2265 3357 2323 lih.
3384 2285 3444 2320 Ls
3469 2286 3484 2322 :

248 2364 374 2412 κεφ.
402 2346 495 2399 τοῦ
530 2346 606 2399 λθ¹
637 2347 817 2401 τίτλον
842 2348 934 2401 τοῦ
968 2350 1008 2411 ξ’
1041 2348 1244 2418 βιϐλίου
1273 2369 1286 2384 ο
1330 2351 1386 2403 ’0
1409 2353 1499 2404 τὸν
1530 2353 1804 2406 ἐπελθόντα

1920 2352 2020 2416 Qui
2053 2367 2175 2405 eum
2215 2354 2503 2418 interiecit,
2556 2354 2642 2422 qui
2702 2355 2773 2406 ita
2830 2354 3139 2418 invadebat,
3177 2370 3233 2409 ιιι
3282 2358 3330 2409 in
3367 2362 3481 2412 νιιτι·

246 2442 517 2502 φονεύσας
550 2441 605 2491 ἐν
636 2432 680 2505 ᾧ
717 2442 846 2509 περὶ
879 2441 978 2507 τῆς
1018 2441 1165 2509 ζωῆς
1197 2443 1553 2508 ἐκινδύνευεν,
1589 2445 1816 2522 ἀνεύθυτ

244 2530 333 2592 νὸς
369 2531 483 2582 ἐστι
525 2531 792 2600 φονεύειν.
845 2534 954 2585 Καὶ
995 2537 1134 2586 κατά
1181 2536 1321 2603 θέμα
1369 2537 1459 2588 τοῦ
1509 2537 1672 2589 αὑτοῦ
1719 2540 1807 2588 τὴν

243 2621 448 2694 λῃστὴν
482 2624 703 2675 ἐπιόντα
726 2623 1027 2687 ἀκινδύνως
1065 2624 1240 2689 ἔξεστι
1274 2627 1539 2694 φονεύειν.
1585 2627 1727 2696 Ἐγὼ
1756 2628 1812 2681 δέ

243 2709 383 2765 εἶδον
412 2714 560 2779 ίερέα
585 2713 980 2783 καθαιρεθέντα
1010 2716 1321 2778 συνοδικῶς,
1347 2718 1428 2772 ὅτι
1450 2722 1634 2788 ἕτερον
1665 2723 1814 2790 ίερέα

243 2803 642 2872 ἀναλαϐόμενον
695 2807 847 2874 παρά
886 2806 1103 2876 θέλησιν
1138 2813 1326 2861 τούτου
1368 2810 1572 2879 βιϐλίον
1613 2815 1678 2865 ἐκ
1715 2815 1810 2882 τῆς

243 2892 536 2962 ἐκκλησίας
569 2893 735 2947 αὑτοῦ
771 2897 1036 2965 κατέσχε,
1080 2898 1172 2949 καὶ
1202 2898 1490 2952 ἀνελάϐετο
1524 2902 1811 2969 ἐριστικῶς

243 2984 309 3035 ἐκ
347 2984 537 3036 τούτου
573 2984 632 3036 τὸ
660 2985 860 3037 οίκείον
901 2985 1134 3055 βιϐλίον,
1168 2990 1460 3044 κάντεῦθεν
1497 2991 1692 3061 συνέϐη
1722 2989 1810 3043 τὸν

1920 2442 2212 2508 periculum
2253 2445 2632 2509 adduceretur,
2678 2459 2783 2498 non
2813 2455 2894 2497 est
2930 2461 3053 2501 reus
3088 2448 3381 2502 homicidii.
3424 2450 3485 2501 lit

1920 2534 2212 2587 Secundum
2263 2535 2380 2603 ejus
2432 2536 2632 2596 thema,
2687 2535 2949 2590 latronem
3002 2537 3338 2590 invnilcntcm
3391 2541 3488 2592 im-

1917 2639 2058 2684 pune
2091 2624 2214 2679 licet
2255 2627 2575 2680 interﬁcere.
2627 2627 2734 2698 Ego
2784 2637 2961 2681 autem
2998 2630 3100 2681 vidi
3149 2633 3484 2686 sacerdotem

1916 2717 2246 2785 synodaliter
2293 2719 2323 2768 d
2366 2720 2620 2787 positum,
2670 2720 2810 2786 quod
2859 2719 3080 2773 alterum
3128 2723 3482 2785 sacerdotem.

1917 2810 2006 2872 qui
2055 2820 2248 2873 pra‘ter
2283 2810 2399 2878 ejus
2438 2809 2765 2865 voluntatem
2800 2809 2992 2864 librum
3023 2827 3084 2863 ex
3129 2813 3354 2867 ecclesia
3387 2828 3481 2868 sua

1915 2900 2232 2966 accipiebat,
2277 2901 2522 2963 detinuit,
2571 2912 2623 2953 et
2679 2901 2872 2955 librum
2929 2904 3201 2969 proprium
3244 2921 3273 2959 e
3318 2921 3477 2961 manu

1911 2991 2028 3058 ejus
2067 2993 2400 3045 contentiose
2435 2993 2650 3059 recepit,
2689 3002 2742 3046 et
2769 3007 2832 3046 ex
2868 3008 2931 3047 eo
2957 2996 3170 3058 evenit,
3204 3007 3261 3048 ut
3303 3013 3483 3052 sacci-

241 3076 607 3142 ἀφαιρεθέντα
658 3077 718 3129 τὸ
769 3075 969 3145 βιϐλίον
1031 3082 1178 3151 ἱερέα
1235 3082 1662 3153 ).ειποθυμῆσαι,
1716 3085 1804 3135 καὶ

1919 3083 2028 3144 dos,
2083 3083 2169 3135 cui
2223 3083 2354 3135 lilicr
2395 3083 2601 3136 ablatus
2657 3091 2758 3144 est.
2794 3085 3076 3154 deliquium
3124 3089 3288 3142 animi
3330 3098 3478 3154 pate-

239 3165 488 3235 αὐθωρὸν
529 3167 842 3225 ἀποθανεῖν.
878 3170 1104 3238 Ἕτερος
1135 3172 1190 3223 δὲ
1238 3177 1464 3242 μοναχδς
1498 3177 1590 3227 καὶ
1625 3176 1803 3245 ἱερεὺς

239 3256 352 3308 ἀπὸ
396 3256 496 3325 τῆς
542 3258 706 3326 μονῆς
739 3258 833 3312 τοῦ
878 3260 1096 3330 Στερίου
1141 3265 1417 3334 καθῃρέθη
1462 3267 1681 3332 ὁμοίως,
1724 3268 1807 3319 ὅτι

240 3349 474 3416 μοναχόν
521 3365 644 3401 τινα
679 3348 980 3416 ὑϐρίσαντα
1013 3353 1175 3405 αὐτὴν
1207 3354 1497 3422 ἀνθύϐρισε
1524 3358 1768 3426 τραχέως
1791 3395 1804 3420 ,

238 3438 342 3490 καὶ
375 3439 573 3507 συνέϐη
602 3441 694 3493 τὸν
731 3440 902 3504 οὕτως
934 3441 1255 3508 ὑϐρισθέντα
1276 3484 1292 3509 ,
1331 3449 1444 3514 ἃμα
1477 3447 1552 3515 τῷ
1579 3447 1809 3500 ἀκοῦσαι

238 3527 340 3594 τὴν
375 3525 564 3593 ὕϐριν,
601 3529 875 3593 στενάξαι,
911 3534 1003 3582 καὶ
1035 3534 1134 3603 τὴν
1167 3535 1344 3603 ψυχὴν
1377 3538 1806 3603 ἀπερεύξασθαι.

238 3618 358 3670 Καὶ
388 3617 698 3688 ἀρχιερεὺς,
772 3621 1072 3691 Ἀγαρηνὸν
1137 3626 1401 3692 φονεύσας
1462 3630 1579 3681 κατ’
1643 3629 1806 3681 αὐτοῦ

238 3709 394 3776 ξίφος
446 3711 802 3766 ἀνατείναντα
860 3716 916 3766 ἐν
970 3715 1147 3786 καιρῷ
1203 3719 1478 3787 πολέμου,
1529 3720 1809 3791 καθῃρέθη

234 3803 457 3870 ὀμοέως.

311 3894 558 3949 ΖΩΝΑΡ.
616 3895 679 3945 '0
723 3893 932 3964 πλήξας
973 3896 1095 3948 τινὰ
1140 3898 1386 3965 καιρίως,
1434 3899 1573 3952 ὥστε
1611 3903 1673 3952 ἐκ
1714 3903 1809 3964 τῆς

233 3985 453 4053 πληγῆς
495 3986 707 4054 ἐκείνης
740 3986 830 4037 τὸν
869 3986 1145 4055 πληγέντα
1184 3987 1387 4052 θανεῖν,
1426 3991 1616 4057 φονεύς
1646 3971 1768 4044 ἐστι.
1792 4010 1804 4023 ·

232 4079 340 4129 καὶ
368 4078 466 4129 οὐκ
495 4078 790 4146 ἐξαιρεῖται
823 4079 983 4130 αὑτὸν
1010 4079 1103 4130 τοῦ
1134 4079 1474 4147 ἐγκλήματος
1505 4082 1561 4134 τὸ
1587 4083 1661 4151 μὴ
1683 4100 1810 4135 κατ-

232 4164 542 4233 άρξασθαι,
591 4165 725 4219 ἀλλά
765 4167 1041 4237 πληγῆναι
1087 4169 1348 4238 πρότερον
1395 4173 1522 4240 παρ’
1562 4175 1805 4235 ἐκείνου,

230 4256 335 4310 καὶ
361 4255 501 4309 οὕτω
551 4255 752 4326 πλῆξαι
800 4259 981 4322 αὑτὸν,
1013 4259 1351 4328 ἀμυνόμενον
1381 4262 1470 4314 τὸν
1510 4261 1804 4332 πλήξαντα.

1905 3180 2072 3237 retur,
2100 3182 2152 3224 et
2175 3171 2284 3240 ipsa
2310 3171 2437 3226 liora
2468 3185 2781 3228 moreretur.
2807 3175 2952 3230 Alius
2979 3184 3153 3230 autem
3186 3181 3475 3234 monachus

1909 3270 1964 3312 et
2001 3262 2254 3314 sacerdos
2281 3276 2344 3313 ex
2381 3260 2524 3330 Tyrii
2561 3267 2888 3317 monasterio
2925 3266 3171 3318 similiter
3200 3279 3281 3320 cst
3308 3271 3473 3335 depo-

1911 3349 2066 3411 situs,
2100 3350 2243 3413 quod
2283 3352 2601 3403 monachum
2632 3350 2945 3418 qiteimlum,
2996 3352 3086 3420 qui
3125 3370 3244 3405 cum
3281 3353 3472 3422 injuria

1911 3438 2188 3501 affecerat,
2217 3439 2362 3507 gravi
2401 3439 2637 3493 vicissim
2689 3440 2880 3508 injuria
2925 3441 3123 3508 aliecit,
3169 3456 3220 3498 et
3252 3449 3469 3506 accidit.

1911 3540 1969 3581 ut
2012 3530 2100 3596 qui
2151 3530 2226 3582 sic
2282 3529 2476 3598 injuria
2521 3524 2740 3585 affectus
2772 3542 2874 3596 est,
2910 3534 3068 3587 simul
3113 3551 3174 3590 ac
3225 3537 3469 3603 iujuriam

1910 3620 2136 3684 audivit,
2156 3609 2389 3689 gcmeret
2408 3630 2462 3674 et
2487 3622 2720 3674 animam
2745 3633 3035 3678 eructaret.
3075 3627 3310 3682 Antistes
3339 3645 3470 3697 quo~

1912 3728 2014 3777 que
2047 3713 2148 3781 ξηιιί
2191 3716 2493 3782 Agarenum
2534 3713 2654 3768 belli
2706 3725 2947 3782 tempore
2980 3733 3161 3772 ensem
3208 3721 3258 3772 in
3300 3723 3468 3790 ipsum

1912 3804 2212 3856 vibrantem
2241 3802 2606 3866 interiecerat,
2640 3803 2889 3859 similiter
2917 3806 3190 3875 depositus
3212 3821 3312 3863 est.

1982 3891 2229 3947 ZONAR.
2263 3895 2362 3959 Qui
2387 3896 2539 3950 alteri
2573 3896 2766 3950 lethale
2801 3896 2992 3951 vulnus
3017 3897 3234 3965 inﬂixit,
3267 3917 3328 3955 ex
3364 3918 3469 3970 quo

1912 3997 2090 4052 p05tea
2125 3984 2342 4039 vulnere
2389 4001 2675 4053 percussus
2711 3989 3026 4056 exspiravit,
3061 3991 3324 4045 homicida
3342 4007 3422 4047 est
3454 4014 3468 4049 :

1912 4090 2007 4128 nec
2032 4089 2096 4129 ex
2120 4088 2184 4129 eo
2214 4075 2473 4130 liberatur
2494 4092 2520 4129 a
2549 4079 2794 4142 crimine,
2828 4081 2969 4138 quod
3005 4096 3107 4136 non
3140 4083 3254 4151 ipse
3283 4086 3447 4139 verbe

1912 4167 2061 4219 randi
2093 4166 2304 4220 initium
2342 4168 2548 4230 fecerit,
2585 4167 2675 4221 sed
2705 4169 2853 4236 prior
2879 4173 2948 4222 ab
2979 4170 3068 4224 illo
3097 4171 3260 4225 fuerit
3286 4175 3469 4227 vulne-

1914 4266 2078 4321 ratus,
2114 4259 2414 4325 exindeque
2438 4258 2630 4326 ipsum.
2658 4260 2780 4311 dum
2807 4260 3019 4314 sibimet
3047 4259 3250 4316 illatum
3275 4265 3468 4319 vulnus

1911 4343 2205 4406 ulciscitur,
2242 4345 2620 4398 vulneraverit.

337 4437 558 4489 ΔΡΙΣΤ.
606 4436 663 4490 '0
695 4435 900 4506 πλήξας
928 4438 1064 4505 προς
1093 4437 1339 4503 θάνατον,
1365 4440 1459 4491 καὶ
1488 4440 1804 4509 ἀρχόμενος,

1980 4432 2204 4488 ARIST.
2236 4433 2334 4499 Qui
2367 4437 2430 4489 ad
2461 4445 2688 4490 mortem
2718 4441 3000 4507 percussit,
3035 4448 3139 4494 tam
3177 4440 3464 4504 lacessens,

233 4527 336 4582 καὶ
366 4529 726 4596 ἀμυνόμενος,
761 4528 1109 4596 ἀνδροφόνος.

322 4618 445 4670 Ἐάν
472 4636 556 4679 τις
586 4620 644 4671 ἐν
676 4618 824 4690 μάχῃ
855 4616 1066 4686 πληγήν
1091 4618 1268 4688 ἐπάγῃ
1297 4618 1403 4671 τινὶ
1436 4620 1674 4691 καιρίαν,
1705 4621 1802 4673 0d-

230 4724 396 4762 νατον
426 4709 778 4771 ἀπειλοῦσαν,
811 4707 914 4762 κάν
953 4708 1164 4772 πρῶτος
1202 4708 1406 4778 ήρξατο
1435 4711 1530 4778 τῆς
1568 4711 1798 4779 πληγῆς,

233 4798 344 4852 κᾶν
375 4799 464 4849 ὑπ’
491 4797 697 4849 ἐκείνου
728 4797 976 4866 πληγεὶς,
1004 4800 1095 4852 καὶ
1115 4799 1340 4852 ἐκδικῶν
1367 4801 1554 4852 ἑαυτὸν
1578 4802 1801 4871 καιρίως

229 4885 560 4955 ἀντέπληξε,
589 4887 783 4956 φονεύς
825 4889 971 4946 ἐστιν
992 4905 1005 4920 ο
1036 4888 1144 4941 εἴτε
1168 4890 1224 4942 δέ
1255 4893 1485 4944 ἑκούσιοι
1510 4894 1601 4943 καὶ
1629 4894 1800 4962 ἀμφό-

230 4997 409 5050 τεροι,
440 4979 547 5033 είτε
577 4977 846 5040 ἀκούσιοι,
878 4979 987 5031 ἀπὸ
1011 4979 1102 5032 τοῦ
1126 4981 1356 5050 ὀργάνου
1383 4981 1475 5034 τοῦ
1503 4982 1800 5052 πλήξαντος

230 5072 608 5143 κριθήσονται.
665 5069 760 5124 καὶ
802 5069 912 5123 ἀπὸ
963 5070 1070 5123 τῶν
1124 5071 1325 5123 λοιπῶν
1382 5067 1456 5125 ὦν
1515 5075 1799 5144 παρέδωκε

228 5163 632 5234 γνωρισμάτων
662 5163 719 5214 ἐν
749 5161 826 5230 τῷ
853 5162 1024 5231 ὀγδόῳ
1055 5164 1256 5214 κανόνι.

819 5253 1057 5306 ΚΔΝΩΝ
1085 5252 1215 5306 MA'.

241 5344 316 5398 Ἦ
345 5345 590 5408 διάκονος
625 5346 656 5415 ἡ
689 5343 767 5415 τῷ
801 5343 1021 5414 Ἕλληνι
1054 5347 1506 5416 συμπορνεύσασα
1538 5349 1597 5402 οὺ
1635 5349 1797 5421 δεκτή

315 5437 459 5489 ἐστιν
489 5440 570 5501 εις
603 5437 889 5490 κοινωνίαν
911 5451 926 5466 ·
959 5437 1038 5499 είς
1065 5437 1120 5490 δέ
1149 5439 1247 5508 τὴν
1273 5440 1582 5508 προσφορὰν
1605 5441 1799 5512 δεχθή-

311 5540 462 5579 σεται
504 5528 581 5596 τῷ
613 5529 654 5590 ζ’
688 5527 830 5591 έτει,
861 5528 1102 5597 δηλονότι
1140 5531 1197 5582 ἐν
1222 5531 1411 5601 ἁγνεία
1441 5531 1611 5595 ζῶσα.
1651 5534 1712 5586 '0
1743 5534 1799 5586 δὲ

313 5618 452 5684 μετά
470 5618 567 5686 τὴν
591 5618 768 5672 πίστιν
785 5620 984 5687 Ἕλλην
1009 5621 1166 5675 πάλιν
1187 5625 1251 5690 τῇ
1271 5621 1542 5692 ἱεροσυλίᾳ
1561 5623 1799 5694 προσιὼν

313 5708 403 5758 ἐπὶ
425 5707 512 5758 τὸν
537 5707 728 5776 ἔμετον
749 5709 1083 5778 ἐπιστρέφει.
1116 5711 1302 5781 Ἡμεῖς
1323 5712 1415 5768 οὗν
1438 5713 1535 5784 τῆς
1550 5713 1796 5768 διακόνου

1906 4539 2066 4592 quam
2101 4525 2384 4589 ulciscens,
2418 4527 2680 4580 homicida
2718 4536 2821 4581 est.

1976 4612 2031 4665 Si
2069 4615 2192 4682 quis
2234 4617 2284 4666 in
2330 4629 2505 4684 pugna
2537 4615 2728 4670 vulnus
2775 4617 2967 4672 lethale
2999 4619 3231 4690 cuipiam
3266 4621 3462 4686 intulit,

1908 4715 2135 4759 mortem
2169 4705 2444 4768 minitans,
2475 4707 2600 4760 licet
2626 4711 2830 4775 primus
2860 4707 3140 4764 vulnerare
3167 4713 3347 4778 coepit,
3377 4725 3467 4767 aut

1904 4797 1970 4849 ab
2000 4812 2063 4851 eo
2102 4811 2385 4865 percussus
2423 4806 2475 4850 et
2508 4812 2623 4850 sese
2652 4798 2938 4862 ulciscens,
2973 4798 3245 4856 lethaiiter
3279 4819 3461 4872 reper-

1902 4887 2094 4950 cussit,
2128 4886 2390 4945 homicida
2435 4897 2534 4942 est.
2583 4886 2720 4942 Num
2756 4889 3044 4943 voluntarii
3080 4901 3256 4945 autem
3304 4897 3461 4946 amhu

1903 4988 2061 5030 erant
2095 4987 2185 5029 aut
2227 4978 2590 5042 invuluotarii,
2631 4994 2660 5031 a
2706 4980 3056 5047 percutientis
3099 4983 3457 5038 instrumento

1897 5068 2301 5135 juilicabuntur,
2340 5078 2393 5121 ct
2419 5069 2487 5122 ab
2527 5069 2645 5125 aliis
2672 5069 2889 5139 judiciis
2920 5085 3038 5141 quae
3063 5072 3114 5126 in
3150 5085 3340 5127 octavo
3369 5089 3457 5129 ca-

1903 5176 2041 5218 none
2071 5163 2308 5216 tradidit.

2449 5255 2676 5311 CANON
2721 5255 2876 5312 XLIV

1903 5348 2232 5412 Diacoiiissa,
2258 5363 2376 5416 quae
2405 5366 2505 5402 una
2536 5365 2656 5402 cum
2685 5349 2872 5403 Graeco
2902 5348 3163 5402 fornicata
3199 5355 3302 5412 est,
3348 5363 3455 5402 non

1975 5453 2057 5497 est
2089 5444 2154 5496 ad
2188 5443 2618 5496 communionem
2657 5443 3009 5505 admittenda,
3038 5441 3105 5495 ad
3133 5441 3454 5496 oblationem

1971 5543 2148 5583 autem
2193 5532 2424 5598 septimo
2475 5545 2616 5584 anno
2659 5533 2993 5594 admittetur,
3047 5530 3256 5586 scilicet
3303 5531 3349 5586 si
3401 5532 3452 5584 in

1972 5620 2220 5675 castitate
2265 5620 2428 5674 vitam
2484 5631 2627 5690 agat.
2677 5621 2896 5675 Graseus
2949 5631 3150 5685 autem,
3192 5622 3281 5690 qui
3331 5638 3451 5690 pt)8t

1969 5711 2127 5768 ﬁdem
2163 5727 2350 5769 rursus
2373 5714 2440 5768 ad
2473 5713 2810 5783 sacrilegium
2840 5713 3064 5778 accedit,
3099 5713 3166 5768 ad
3201 5712 3455 5768 vomitum
