3946 6342
530 323 639 388 719

1788 324 2066 384 THEOD.
2106 327 2505 386 BALSAMON

3664 341 3779 400 720

604 436 911 492 revertitur.
946 437 1054 491 Nos
1079 451 1203 492 vero
1232 439 1544 494 diaconissa:
1567 452 1783 507 corpus,
1814 448 1871 491 ut
1901 452 2078 492 conse-

2259 440 2317 490 τὸ
2336 441 2493 505 σῶμα
2513 439 2587 500 ὡς
2609 440 3007 510 καθιερωμένον
3027 445 3125 498 οὐκ
3149 444 3514 517 ἐπιτρέπομεν
3539 452 3606 503 ἐν
3632 458 3781 519 xpu-

598 538 831 590 cratuni,
862 544 964 582 non
997 527 1224 598 amplius
1258 530 1310 583 in
1352 545 1446 585 usu
1481 528 1677 585 carnali
1714 544 1831 583 esse
1863 531 2086 597 pennit-

605 633 786 674 timus.

601 803 794 859 BALS.
844 804 1141 870 Quomodo.
1176 806 1229 856 et
1260 818 1504 873 quaenam
1550 803 1743 858 mulier
1782 804 2083 858 diaconissa

532 898 609 962 fit,
640 912 702 951 ex
731 895 956 950 diversis
994 894 1284 949 canonibus
1314 894 1566 949 didicisti.
1610 894 1917 949 Diaconissa
1955 909 2084 962 ergo

529 989 720 1043 mulier
769 988 926 1042 alicui
980 986 1166 1042 Graeco
1221 986 1568 1041 fornicatorie
1615 985 1928 1052 conjuncta,
1976 1001 2083 1038 non

529 1079 702 1132 solum
754 1085 833 1131 est
879 1077 1140 1145 deposita,
1185 1075 1278 1129 sed
1327 1074 1490 1130 etiam
1537 1084 1848 1144 segregata;
1900 1082 1953 1127 et
1995 1073 2083 1140 qui

527 1185 646 1223 cum
679 1184 739 1221 ea
776 1184 883 1221 rem
925 1167 1111 1221 habuit
1152 1167 1389 1229 Graecus,
1438 1167 1604 1221 fidelis
1644 1164 1888 1228 eﬂ‘ectus,
1918 1164 2084 1216 voluit

527 1275 644 1314 eam
690 1273 910 1313 uxorem
953 1259 1214 1326 accipere,
1260 1268 1512 1326 tanquam
1561 1257 1648 1324 qui
1692 1271 1788 1326 per
1837 1263 2080 1310 sanctum

530 1351 847 1420 baptismum
880 1364 909 1402 a
948 1351 1129 1404 Graeca
1177 1348 1508 1402 immunditia
1542 1348 1800 1403 liberatus
1837 1353 1999 1409 esset,
2031 1352 2084 1397 et

527 1442 615 1509 qui
647 1442 694 1494 ei
724 1440 957 1508 legitime
997 1440 1244 1508 conjungi
1293 1454 1395 1492 non
1429 1439 1794 1506 impediretur,
1842 1453 1959 1504 qua:
1991 1451 2084 1502 per

527 1533 756 1601 priorem
790 1531 1194 1586 fornicationem
1222 1531 1547 1585 diaconaletn
1578 1532 1953 1583 auctoritatem
1986 1529 2078 1581 de-

526 1626 811 1691 posuisset.
855 1632 909 1677 et
952 1634 1094 1677 esset
1129 1624 1289 1676 veluti
1334 1623 1523 1676 libera.
1575 1619 1803 1674 Sanctus
1837 1636 1966 1688 ergo
2017 1622 2081 1674 de

529 1719 770 1784 utrisque
798 1716 953 1784 102
981 1715 1079 1768 fuit
1125 1716 1508 1785 interrogatus,
1533 1724 1584 1767 et
1615 1714 1907 1779 respondit,
1939 1711 2076 1779 quod

525 1807 847 1866 diaconissa,
884 1821 1002 1871 qum
1035 1804 1294 1858 fornicata
1327 1813 1428 1868 est,
1460 1814 1514 1857 et
1551 1813 1831 1873 propterea
1865 1801 1964 1855 fuit
1989 1803 2078 1856 de—

526 1899 717 1968 posita,
766 1913 870 1951 non
928 1896 1316 1963 segregabitur,
1373 1895 1444 1948 ita
1493 1905 1550 1947 ut
1599 1909 1701 1948 non
1748 1894 1802 1946 in
1852 1893 2076 1947 ecclesia

525 1998 786 2049 versetur,
822 1988 913 2041 sed
948 1987 1012 2038 ad
1046 1985 1340 2038 orationem
1385 1993 1436 2038 et
1469 1983 1755 2037 stationem
1789 1996 1908 2036 cum
1947 1980 2080 2034 fide-

525 2081 660 2133 libus
682 2080 1015 2132 admittetur.
1044 2077 1247 2129 Dictum
1277 2076 1417 2129 enim
1444 2083 1525 2127 est
1549 2075 1820 2128 tricesimo
1845 2074 2079 2127 secundo

523 2173 636 2237 ejus
667 2186 788 2223 can.
843 2173 983 2235 quod
1027 2166 1230 2230 clerici,
1266 2165 1356 2234 qui
1414 2175 1688 2234 peccatum
1740 2165 1802 2216 ad
1852 2172 2076 2217 mortem

525 2269 772 2328 peccant,
796 2259 965 2312 solum
998 2260 1352 2326 deponuntur,
1383 2271 1484 2308 non
1516 2255 1673 2308 etiam
1706 2265 2075 2323 segregantur.

525 2349 640 2403 Non
676 2350 818 2402 enim
853 2347 1150 2400 vindicabis
1185 2346 1263 2400 bis
1299 2348 1346 2397 in
1383 2344 1634 2412 idipsum.
1669 2344 1836 2397 Porro
1869 2355 1921 2398 et
1960 2345 2076 2397 dia-

525 2441 732 2494 conissa
764 2449 979 2507 propter
1009 2437 1413 2490 fornicationem
1448 2435 1685 2501 deposita
1720 2434 1789 2487 ab
1822 2433 2080 2488 ecclesia-

525 2531 660 2585 stica
697 2530 881 2600 synaxi
918 2543 1020 2581 non
1063 2527 1446 2595 segregabitur.
1483 2525 1557 2577 Illi
1592 2527 1731 2580 enim
1763 2539 1860 2592 pro
1891 2524 2079 2591 quavis

525 2637 682 2692 paena
713 2620 904 2675 sufficit
932 2620 1212 2688 depositio.
1244 2617 1377 2684 Quia
1408 2626 1585 2671 autem
1618 2617 1705 2685 qui
1737 2616 2079 2669 fornicantur

527 2713 757 2768 triennio
776 2726 877 2764 non
898 2719 1019 2764 sunt
1041 2718 1345 2764 sanctorum
1371 2709 1743 2777 mysteriorum
1768 2706 2074 2774 participes,

523 2806 710 2860 statuit
762 2812 979 2857 sanctus
1015 2813 1071 2855 ut
1120 2815 1178 2854 ea
1223 2800 1390 2868 magis
1425 2799 1720 2864 puniretur,
1773 2797 1912 2866 quod
1958 2813 2075 2850 cum

523 2897 706 2951 Grch
749 2912 855 2949 rem
889 2895 1152 2957 habuerit,
1190 2907 1360 2960 caque
1393 2901 1534 2946 essm
1585 2902 1703 2957 post
1735 2891 2074 2960 septennium

524 2996 984 3041 sacramentorum
1015 2982 1280 3050 particeps
1321 2997 1346 3033 a
1385 2981 1736 3033 fornicatione
1763 2994 1819 3032 se
1859 2993 2078 3046 prorsus

2266 545 2344 580 σει
2373 525 2510 582 εἶναι
2545 535 2805 602 σαρκικῇ.

2257 801 2450 854 ΒΑΛΣ.
2471 803 2658 865 Ὅπως
2682 804 2772 856 καὶ
2794 805 2877 857 οἷα
2903 806 3036 875 γυνὴ
3057 805 3264 872 γίνεται
3286 810 3529 870 διάκονος
3553 807 3775 875 ἔμαθες

2185 893 2294 945 ἀπὸ
2318 894 2585 964 διαφόρων
2609 897 2868 950 κανόνων.
2891 897 3143 959 Διάκονος
3171 898 3301 965 γοῦν
3319 901 3455 969 γυνὴ
3481 902 3773 969 πορνικῶς

2188 983 2570 1054 συμφθαρεῖσα
2602 985 2826 1055 ’Έλληνι
2857 1004 2961 1039 τινι
2994 987 3054 1039 οὐ
3095 988 3255 1056 μόνον
3283 988 3587 1060 καθῃρέθη,
3625 989 3776 1043 ἀλλᾶ

2185 1074 2278 1123 καὶ
2317 1074 2599 1143 ἀφωρίσθη
2627 1090 2643 1104 ·
2685 1079 2779 1128 καὶ
2820 1079 2848 1129 ό
2894 1092 3032 1145 μετα
3065 1078 3268 1146 ταύτης
3302 1079 3361 1130 δὲ
3412 1080 3772 1148 συμφθαρεὶς

2185 1159 2404 1229 Ἕλλην,
2458 1163 2646 1225 πιστὸς
2673 1164 2985 1232 γενόμενος,
3027 1166 3182 1235 ἡθελε
3221 1166 3428 1236 ταύτην
3460 1166 3657 1220 λαϐεῖν
3689 1169 3774 1227 εις

2183 1252 2437 1315 γυναῖκα,
2484 1252 2559 1313 ὼς
2603 1252 2690 1304 διά
2738 1253 2832 1305 τοῦ
2884 1255 3043 1320 ἀγίου
3101 1253 3474 1324 βαπτίσματος
3516 1257 3629 1309 ἀπὸ
3667 1257 3775 1324 τῆς

2195 1339 2515 1408 Ἑλληνικῆς
2565 1341 2902 1410 ἀκαθαρσίας
2948 1339 3261 1414 καθαρθεὶς.
3313 1349 3412 1399 καὶ
3459 1346 3624 1414 δῆθεν
3691 1346 3773 1414 μὴ

2183 1430 2607 1499 ἐμποδιζόμενος
2644 1428 2890 1502 νομίμως
2921 1436 3061 1504 αὐτῇ
3087 1435 3452 1507 συναφθῆναι,
3493 1437 3590 1506 τὴν
3646 1438 3777 1490 δια-

2182 1523 2406 1590 κονικὴν
2468 1523 2622 1587 ἀξίαν
2673 1523 3005 1596 ἀποθεμένη,
3055 1525 3144 1577 διὰ
3195 1528 3292 1595 τῆς
3347 1529 3771 1596 προγενομένης

2186 1615 2464 1684 πορνείας,
2488 1614 2582 1665 καὶ
2607 1608 2718 1666 οἱον
2739 1614 2873 1685 οὔσῃ
2900 1616 3471 1686 ὲλευθέρᾳ.Ἠρωτήθη
3502 1617 3596 1670 οὖν
3627 1636 3698 1668 πε
3712 1619 3773 1685 pl.

2180 1706 2504 1775 ἀμφοτέρων
2527 1705 2554 1756 ὁ
2586 1706 2760 1771 ἅγιος,
2784 1707 2879 1760 καὶ
2900 1708 3234 1777 ἀπεκρίνατο
3253 1710 3381 1777 isth
3409 1709 3773 1777 πορνεύσασα

2177 1795 2507 1859 διακόνισσα,
2533 1796 2626 1849 καὶ⁵
2640 1796 2724 1849 διὰ
2743 1795 2898 1848 τοῦτο
2915 1796 3320 1866 καθαιρεθεῖσα,
3343 1801 3440 1850 οὐκ
3458 1801 3779 1865 ἀφορισοῇ-

2182 1909 2333 1944 σεται
2393 1892 2531 1944 ὣστε
2582 1893 2655 1961 μὴ
2705 1893 3101 1960 ἐκκλησιάζειν,
3143 1892 3277 1944 ἀλλὰ
3319 1893 3641 1962 δεχθήσεται
3689 1895 3774 1951 εἰς

2179 1986 2278 2052 τὴν
2305 1983 2441 2053 μετά
2467 1983 2576 2036 τῶν
2606 1983 2809 2036 πιστῶν
2842 1984 3006 2052 εὐχὴν
3028 1985 3119 2035 καὶ
3148 1985 3356 2036 στάσιν.
3389 1981 3620 2052 Εἴρηται
3655 1987 3774 2052 γὰρ

2179 2077 2255 2136 εἱς
2305 2075 2394 2126 τὸν
2437 2073 2517 2144 λβ¹
2563 2074 2761 2127 κανόνα
2797 2074 2983 2137 αὑτοῦ,
3018 2075 3099 2126 ὅτι
3138 2076 3186 2126 ot
3223 2073 3321 2144 τὴν
3347 2078 3478 2143 πρὸς
3521 2076 3776 2128 θάνατον

2180 2167 2579 2236 ἁμαρτάνοντες
2598 2167 2873 2236 ἁμαρτίαν
2892 2166 3140 2236 κληρικοὶ
3159 2165 3539 2235 καθαιροῦνται
3560 2169 3774 2233 μόνον,

2179 2260 2237 2310 οὐ
2277 2260 2382 2328 μὴν
2413 2260 2506 2311 καὶ
2538 2259 2908 2329 ἀφορίζονται.
2947 2261 3021 2312 Οὐ
3057 2260 3162 2328 γὰρ
3205 2259 3509 2328 ἐκδικήσεις
3542 2261 3634 2321 δὶς
3669 2262 3774 2312 ἐπὶ

2178 2351 2238 2402 τὸ
2292 2350 2451 2402 αὑτό.
2500 2351 2605 2402 Καὶ
2649 2353 2680 2420 ὴ
2729 2351 2972 2413 διάκονος
3012 2350 3172 2416 γοῦν,
3218 2350 3305 2402 διὰ
3345 2351 3441 2419 τὴν
3494 2352 3777 2416 πορνείαν

2182 2442 2592 2511 καθαιρεθεῖσα,
2629 2442 2726 2494 οὐκ
2763 2443 3190 2510 ἀφορισθήσεται
3231 2445 3290 2493 ἐκ
3323 2442 3419 2509 τῆς
3451 2443 3774 2510 ἐκκλησια-

2182 2538 2370 2604 στικῆς
2402 2532 2697 2594 συνάξεως.
2734 2534 2922 2601 Ἀρκεῖ
2952 2533 3058 2600 γὰρ
3090 2533 3225 2602 αὐτῇ
3259 2532 3377 2584 ἀντὶ
3408 2535 3601 2592 παντὸς
3640 2536 3777 2583 ἐπι-

2178 2623 2357 2689 τιμίου
2403 2624 2434 2690 η
2480 2621 2815 2690 καθαίρεσις.
2871 2623 2990 2675 Ὂτι
3044 2622 3102 2674 δὲ
3156 2624 3204 2673 οἱ
3260 2620 3617 2691 πορνεύοντες
3672 2609 3774 2673 ὲττὶ

2177 2715 2495 2783 τετραετίαν
2521 2714 2626 2765 τῶν
2659 2714 2828 2780 ἀγίων
2859 2713 3174 2781 μυστηρίων
3205 2713 3263 2764 οὐ
3302 2711 3774 2781 μεταλαμϐάνωσ-

2184 2823 2288 2869 σιν,
2338 2804 2538 2874 ὥρισεν
2568 2807 2594 2856 ό
2635 2804 2788 2872 ἅγιος
2825 2806 2915 2856 ἐπὶ
2951 2803 3109 2856 πλέον
3151 2803 3534 2871 ἐπιτιμηθῆναί
3572 2806 3773 2871 αὑτὴν

2176 2897 2260 2950 διὰ
2284 2897 2343 2949 τὸ
2373 2898 2509 2965 μετά
2543 2896 2798 2964 ’Ἕλληνος
2825 2895 3234 2964 συμφθαρῆναι,
3260 2895 3348 2945 καὶ
3376 2893 3509 2962 μετά
3537 2893 3765 2947 ἑπταε-

2180 2988 2302 3035 τίαν
2355 2983 2682 3052 μεταλασεῖν
2727 2983 2898 3052 αὐτὴν
2944 2982 3052 3033 τῶν
3097 2982 3476 3048 ἀγιασμάτων,
3525 2981 3770 3044 πάντως

523 3077 824 3132 continens.
875 3071 1118 3127 Gt‘mcum
1168 3082 1343 3123 autem
1392 3070 1478 3136 qui
1530 3071 1781 3132 credidit,
1835 3078 1891 3121 et
1936 3082 2073 3129 eam,

2189 3075 2503 3125 ἀποστᾶσαν
2549 3074 2612 3123 ὲκ
2658 3073 2756 3140 τῆς
2803 3071 3077 3140 πορνείας.
3124 3072 3224 3122 Τὸν
3271 3072 3326 3123 δὲ
3373 3069 3767 3123 πιστεύσαντα

525 3184 642 3236 quae
673 3167 959 3235 aliquando
986 3161 1085 3215 fuit
1115 3159 1418 3215 diaconissa
1453 3162 1647 3211 habere
1672 3160 1884 3225 qua'rit,
1917 3158 2082 3210 sacri-

528 3258 648 3328 legii
688 3252 1122 3309 condemnationi
1171 3249 1404 3318 subjicit,
1442 3249 1485 3301 si
1520 3250 1836 3301 diaconissa)
1863 3261 2081 3315 COIpttS,

527 3347 666 3415 quod
693 3348 798 3399 Deo
825 3345 985 3396 semel
1012 3349 1091 3394 est
1121 3341 1443 3401 dedicatum,
1474 3354 1565 3406 per
1600 3339 1798 3391 coitum
1832 3339 2078 3404 coinqui-

527 3437 734 3492 naverit
765 3453 778 3489 :
814 3444 866 3487 et
905 3449 1024 3487 eum
1061 3431 1194 3484 adeo
1230 3443 1415 3483 canent
1453 3437 1628 3490 vocat,
1682 3429 1772 3497 qui
1821 3429 1886 3480 ad
1921 3443 2079 3480 suum

525 3527 784 3582 vomitum
817 3523 1127 3584 revertitur,
1169 3522 1266 3573 boc
1294 3529 1374 3573 est
1406 3519 1470 3571 ad
1515 3520 1744 3588 priorem
1787 3516 2078 3571 inﬁdelita-

525 3627 634 3672 tem
670 3630 764 3685 per
797 3612 1057 3667 nefarium
1102 3610 1324 3662 coitum.
1371 3608 1730 3673 Quamobrem
1779 3623 1921 3672 eam,
1963 3622 2083 3676 quae

525 3706 689 3763 semel
740 3705 846 3758 Deo
894 3712 976 3756 est
1016 3700 1288 3762 dedicata,
1339 3699 1550 3752 etiamsi
1601 3697 1764 3751 fuerit
1815 3698 2079 3767 deposita,

527 3799 671 3852 nullo
700 3796 861 3851 modo
902 3793 1031 3848 sinit
1074 3791 1232 3846 alicui
1272 3788 1548 3857 conjungi,
1585 3792 1726 3854 quod
1774 3789 1844 3843 sit
1885 3803 2082 3856 corpus

526 3889 642 3958 ejus
681 3894 1073 3947 consecratum,
1102 3892 1156 3935 et
1184 3881 1390 3935 servari
1426 3881 1616 3934 debeat
1643 3879 1710 3933 ab
1738 3881 1881 3933 omni
1915 3881 2078 3943 cuitu,

526 3991 579 4034 et
607 3977 749 4033 omni
775 3992 875 4030 usu
903 3974 1103 4030 carnali
1135 3975 1284 4043 juxta
1313 3973 1668 4026 universalem
1699 3972 1934 4041 regulam
1964 3985 2081 4039 quae

528 4071 677 4134 dicit,
722 4069 872 4133 Quod
920 4075 1160 4119 sanctum
1207 4076 1288 4120 est
1341 4081 1448 4119 non
1495 4065 1555 4118 ﬁt
1614 4064 1893 4133 pollutum.
1945 4063 2081 4117 Nota

521 4176 652 4228 ergo
683 4161 793 4213 hac
837 4167 1053 4227 propter
1087 4157 1312 4211 clericos
1351 4165 1404 4210 et
1439 4155 1751 4219 monachos,
1781 4162 1871 4224 qui
1905 4164 2080 4209 trans-

529 4250 761 4303 formant
814 4257 866 4299 et
913 4253 1123 4298 mutant
1171 4245 1411 4297 habitum
1452 4283 1466 4307 ,
1524 4244 1631 4296 imo
1688 4252 1741 4296 et
1785 4243 2080 4296 monacbas

525 4337 709 4398 etiam,
740 4343 792 4387 et
831 4331 1082 4386 ascetrias
1120 4330 1358 4382 volentes
1403 4330 1653 4398 legitimis
1685 4330 1939 4384 uxoribus
1987 4339 2078 4382 aut

2189 3164 2426 3232 ’Ἕλληνα
2471 3164 2566 3215 καὶ
2609 3162 2871 3230 ζητοῦντα
2905 3163 3048 3230 ἔχειν
3085 3162 3179 3231 τήν
3227 3178 3355 3214 ποτε
3398 3163 3766 3217 διακόνισσαν

2189 3256 2492 3322 ἱεροσυλίας
2545 3254 2810 3322 καταδίκῃ
2858 3249 3281 3316 κάθυποϐάλλει,
3333 3254 3427 3306 ἐὰν
3477 3253 3537 3303 τὸ
3583 3251 3763 3318 ἅπαξ

2187 3345 2492 3415 ἀφιερωθὲν
2531 3345 2684 3414 σῶμα
2715 3344 2816 3413 τῆς
2848 3344 3192 3405 δεακονίσσης
3221 3344 3308 3395 διὰ
3341 3343 3435 3411 τῆς
3459 3342 3764 3408 ἐπιμιξίας

2181 3437 2413 3505 κοινώσῃ
2435 3452 2450 3467 ·
2487 3437 2687 3504 μᾶλλον
2731 3437 2828 3504 μὲν
2864 3432 2959 3486 οὖν
2995 3436 3085 3486 καὶ
3116 3439 3252 3486 κύνα
3279 3434 3442 3486 αὐτὸν
3475 3435 3768 3486 ἀποκαλεῖ

2181 3528 2258 3587 εἰς
2280 3527 2368 3578 τὸν
2402 3527 2530 3578 ίδιον
2555 3525 2746 3592 ἔμετον
2786 3527 3204 3592 ἐπιστρέφοντα,
3233 3525 3506 3577 τουτέστιν
3533 3527 3607 3584 εἰς
3645 3528 3765 3595 τὴν

2181 3616 2450 3684 προτέραν
2499 3615 2756 3667 ἀπιστίαν
2801 3614 2885 3666 διά
2930 3616 3030 3682 τῆς
3071 3613 3312 3682 ἀθέσμου
3360 3615 3573 3684 μίξεώς.
3627 3617 3765 3670 Καὶ

2180 3703 2276 3772 τὴν
2321 3703 2467 3767 ἆπαξ
2509 3703 2933 3773 καθιερωθεῖσαν
2970 3704 3045 3772 τῷ
3091 3704 3228 3773 Θεῷ,
3279 3703 3380 3757 κᾶν
3422 3705 3762 3775 καθαιρεθῇ,

2180 3797 2239 3845 οὐ
2289 3797 2610 3864 παραχωρεῖ
2661 3795 3009 3863 ὁπωσδήποτε
3060 3812 3165 3847 τινι
3214 3795 3592 3857 συνάπτεσθαι,
3654 3797 3763 3850 διὰ

2179 3889 2238 3936 τὸ
2277 3882 2416 3939 εἶναι
2450 3885 2508 3937 τὸ
2545 3885 2700 3954 σῶμα
2737 3887 2904 3954 αὐτῆς
2934 3887 3356 3956 καθιερωμένον,
3384 3889 3474 3938 καὶ
3502 3886 3760 3952 ὀφείλειν

2181 3975 2555 4043 συντηρεῖσθαι
2593 3974 2772 4044 πάσης
2818 3975 3000 4043 κοινῆς
3046 3976 3136 4027 καὶ
3182 3975 3448 4044 σαρκικῆς
3494 3976 3761 4042 χρήσεως

2179 4065 2472 4133 ἀνώτερον,
2521 4063 2662 4116 κατά
2710 4065 2800 4116 τὸν
2851 4063 3078 4115 καθόλου
3142 4063 3298 4128 λόγον
3343 4063 3434 4116 τὸν
3487 4062 3754 4129 λέγον-ια’

2179 4155 2252 4206 Τὸ
2302 4155 2445 4221 ἱερὸν
2493 4157 2685 4222 μιαρὸν
2721 4153 2782 4205 οὐ
2822 4152 3049 4220 γίνεται.
3083 4153 3392 4221 Σημείωσαι
3439 4151 3608 4203 ταῦτα
3651 4154 3761 4207 διὰ

2179 4246 2304 4307 τοὺς
2357 4244 2998 4314 μετασχηματιζομένους
3050 4243 3338 4314 κληρικούς
3387 4261 3445 4296 τε
3495 4245 3584 4296 καί
3632 4262 3758 4310 μο-

2182 4337 2401 4402 ναχοὺς,
2445 4337 2539 4387 καὶ
2589 4335 2772 4404 μέντοι
2817 4335 2909 4386 καὶ
2965 4337 3202 4404 μοναχάς
3273 4338 3364 4386 καὶ
3416 4336 3756 4404 ἀσκητρίας,

532 4426 667 4479 viris
694 4422 966 4493 conjungi.
1003 4420 1264 4474 Existimo
1303 4429 1478 4473 autem
1511 4435 1601 4473 eas
1643 4422 1708 4472 ab
1741 4421 1841 4474 hoc
1873 4435 2077 4475 canone

2182 4398 2283 4473 καί
2334 4398 2602 4484 θέλοντας-
2635 4422 2885 4490 νομίμοις
2941 4398 3181 4488 γυναιξὶν
3243 4422 3274 4489 ἢ
3334 4423 3427 4472 καὶ
3481 4398 3756 4491 magesi;

527 4523 670 4567 recte
697 4511 936 4568 secundo
969 4511 1168 4563 nubere
1205 4508 1582 4576 prohibendas,
1611 4522 1706 4561 nec
1740 4510 2078 4563 sacerdotum

529 4616 746 4664 uxores,
768 4601 906 4652 sicut
934 4613 1029 4652 nec
1055 4598 1143 4665 qui
1168 4605 1291 4651 sunt
1315 4598 1512 4651 sacrati
1540 4597 1900 4650 sacerdotium
1929 4611 2080 4650 recu-

528 4698 731 4752 santes,
787 4688 1164 4754 permittentur
1211 4686 1392 4738 virere
1442 4693 1496 4738 ut
1547 4685 1690 4749 laici,
1740 4697 1793 4739 et
1845 4687 2080 4740 secundo

531 4778 931 4833 matrimonium
957 4776 1275 4829 contrahere
1300 4791 1314 4827 :
1340 4773 1670 4828 sacerdomm
1699 4776 1840 4828 enim
1864 4789 2076 4840 uxores,

531 4882 691 4922 unum
733 4880 926 4933 corpus
963 4873 1016 4916 et
1061 4877 1163 4916 una
1212 4877 1338 4916 caro
1370 4864 1738 4926 sacerdotalis,
1774 4879 1867 4931 per
1897 4865 2078 4932 legiti-

532 4971 671 5012 niam
702 4955 990 5010 sacerdotii
1027 4952 1450 5019 coniunctionem
1494 4953 1788 5021 appellatae,
1829 4964 1881 5008 et
1919 4969 1980 5009 ea
2010 4955 2078 5008 de

531 5061 690 5101 causa
729 5045 892 5099 veluti
941 5051 1301 5106 consecratae,
1355 5056 1458 5096 non
1507 5043 1930 5111 profanabuntur
1984 5058 2078 5112 per

532 5137 796 5192 secundas
847 5135 1078 5201 nuptias.
1139 5130 1458 5187 Sacerdotes
1508 5142 1713 5198 autem,
1766 5134 1855 5201 qui
1913 5135 2077 5189 semel

529 5227 792 5283 secundas
843 5225 1077 5291 nuptias,
1130 5239 1194 5278 eo
1243 5223 1386 5294 quod
1431 5223 1538 5279 Deo
1588 5233 1715 5278 sunt
1753 5227 2073 5291 consecrati,

530 5317 850 5387 rejecerunt,
900 5326 951 5368 et
998 5315 1104 5368 Deo
1133 5317 1233 5368 hoc
1278 5316 1460 5382 utique
1499 5313 1724 5381 professi
1771 5325 1918 5380 sunt,
1971 5332 2074 5369 non

529 5409 776 5464 sinentur
826 5420 920 5474 per
966 5403 1234 5458 carnalem
1285 5404 1626 5473 cupiditatem
1686 5406 2072 5461 sacerdoralcm

527 5499 835 5567 dignitatem
871 5496 1174 5564 repudiare,
1202 5504 1255 5548 ct
1281 5509 1437 5563 quam
1471 5495 1579 5548 Deo
1606 5494 1844 5551 fecerunt
1871 5498 2075 5564 profes-

527 5591 732 5644 sionem
773 5589 1064 5652 iullrmare,
1106 5597 1158 5641 et
1192 5586 1393 5640 carnali
1441 5586 1649 5640 libidini
1694 5589 1894 5641 servire
1929 5608 1941 5643 :
1979 5592 2072 5642 sud

527 5677 734 5734 etiamsi
773 5679 938 5734 setucl
980 5676 1278 5732 sacerdmio
1323 5677 1786 5743 renuntiaverint,
1846 5693 2069 5748 corpora

2181 4511 2565 4566 συνάπτεσθαι.
2618 4512 2812 4579 Οῐομαι
2869 4510 2925 4562 δὲ
2978 4511 3088 4562 ἀπὸ
3135 4511 3230 4562 τοῦ
3273 4514 3495 4574 κανόνος
3544 4513 3754 4568 τούτου

2180 4601 2355 4663 καλῶς
2413 4601 2498 4653 ἵνα
2559 4599 2843 4652 κωλυθῶσι
2902 4599 3321 4667 δευτερογαμεῖν
3377 4603 3470 4653 καὶ
3527 4604 3580 4653 αἱ
3628 4605 3753 4656 τῶν

2183 4691 2368 4761 ἱερέων
2422 4692 2710 4756 γυναῖκες,
2771 4687 2958 4755 ὥσπερ
3017 4687 3135 4740 οὐδὲ
3192 4690 3240 4740 οἱ
3298 4690 3579 4759 ίερωμένοι
3638 4695 3753 4758 τὴν

2181 4781 2476 4851 ἱερωσύνην
2504 4780 2927 4848 παραιτούμενοι
2954 4780 3508 4851 παραχωρηθήσονται
3531 4783 3604 4844 ὡς
3626 4784 3751 4838 λαῖ-

2179 4875 2264 4924 κοὶ
2312 4872 2515 4936 διάγειν
2572 4872 2665 4921 καὶ
2710 4869 3124 4938 δευτερογαμεῖν
3221 4873 3274 4923 ai
3341 4873 3440 4940 μὲν
3491 4874 3596 4944 γὰρ
3642 4892 3750 4942 γυ-

2177 4964 2358 5022 ναῖκες
2390 4959 2496 5012 τῶν
2538 4961 2723 5025 ἱερέων
2768 4959 2824 5010 ἓν
2861 4961 3018 5028 σῶμα
3060 4963 3153 5013 καὶ
3190 4962 3284 5027 μία
3322 4963 3456 5032 σάρξ
3488 4966 3746 5036 [sparti-1

2177 5052 2264 5102 διὰ
2279 5051 2375 5117 τῆς
2396 5050 2531 5118 μετὰ
2551 5049 2735 5118 ἱερέων
2754 5050 2982 5118 νομίμου
3001 5052 3288 5118 συναφείας
3304 5055 3747 5121 χρηματίσασαι,

2178 5138 2467 5192 κάντεῦθεν
2482 5131 2588 5190 οἷον
2613 5138 2934 5207 ἱερωθεῖσαι,
2953 5141 3012 5191 οὐ
3040 5139 3505 5211 βεδηλωθήσονται
3525 5143 3609 5196 διὰ
3633 5146 3745 5212 τῆς

2175 5229 2620 5300 δευτερογαμίας.
2657 5229 2788 5283 Οὐδὲ
2815 5230 2978 5298 ἱερεῖς
3009 5229 3156 5294 ἅπαξ
3176 5232 3274 5282 τὴν
3301 5232 3742 5303 δευτερογαμίαν

2175 5322 2499 5390 ἀποθέμενοι
2558 5321 2642 5373 διὰ
2694 5320 2788 5372 τοῦ
2846 5322 3169 5391 ἱερωθῆναι,
3227 5325 3322 5374 καὶ
3379 5325 3538 5377 τοῦτο
3599 5328 3741 5380 αὐτὸ

2175 5415 2251 5473 εἰς
2305 5411 2437 5464 Θεὸν
2500 5411 2978 5478 ἐπαγγειλάμενοι,
3041 5414 3099 5464 οὑ
3165 5415 3739 5485 παραχωρῃθήσονται

2173 5503 2258 5554 διὰ
2309 5501 2406 5570 τὴν
2471 5505 2735 5570 σαρκικὴν
2789 5502 3082 5571 ἐπιθυμίαν
3133 5507 3574 5574 παραιτήσασθαι
3630 5510 3738 5577 τὴν

2176 5594 2451 5662 ἱερατικὴν
2503 5594 2697 5657 ἀξίαν,
2755 5594 2846 5644 καὶ
2904 5592 2999 5659 τὴν
3057 5595 3134 5655 εἰς
3191 5594 3322 5647 Θεὸν
3391 5597 3737 5664 ἐπαγγελίαν

2179 5683 2458 5752 ἀθετῆσαι,
2492 5684 2583 5738 καὶ
2602 5687 2666 5753 τῇ
2699 5685 2929 5752 σαρκικῇ
2958 5683 3222 5754 ἐπιθυμίᾳ.
3251 5685 3527 5741 δουλεῦσα·
3552 5705 3566 5720 ο
3596 5691 3738 5746 ἀλλὰ
