3946 6342
233 382 341 452 721

1173 393 1252 452 1N
1297 395 1534 453 EPIST.
1580 394 1638 453 S.
1684 393 1970 454 BASlLlI
2005 394 2444 458 CANONICAM
2483 401 2561 460 Il.

3366 405 3466 463 722?.

230 498 340 593 δᾶν
365 505 804 578 “mitissimi
831 508 930 579 τὴν
954 510 1277 582 ῑερωσιὶινην,
1306 513 1710 582 κωλυθήσονται
1735 513 1802 564 τὰ

1927 531 2024 578 tua,
2063 531 2180 584 qua
2211 529 2340 572 sunt
2389 521 2496 574 Deo
2530 521 2694 576 semel
2725 531 3060 588 consecrata,
3109 525 3469 593 prohibt-hum

230 591 728 759 Ξιτὲιελίερωθέντα
769 599 999 667 σώματα
1046 601 1226 656 αὐτῶν
1278 604 1545 676 δευτέροις
1606 603 1805 676 γάμοις

273 701 300 736 ε
337 703 371 756 η
407 705 565 744 ωσαι.

273 701 565 756 εοηλωσαι.

307 884 550 941 ΖΩΝΑΡ.
571 888 697 944 Ἐάν
711 892 1023 949 διακόνισσα
1038 897 1258 969 Ἕλληνι
1280 901 1596 972 συμφθαρῇ,
1617 901 1805 972 δεχθῆ-

239 991 414 1077 σῗται,
451 980 632 1077 φησιν,
653 984 744 1077 Δείς
775 987 1078 1041 κοινωνίαν.
1109 991 1412 1044 Κοινωνίαν
1435 991 1492 1045 δὲ
1525 993 1622 1063 τὴν
1666 993 1810 1062 μετὰ

235 1069 348 1116 τεῖιν
373 1069 578 1121 πιστῶν
603 1071 860 1127 σύστασιν
882 1079 941 1130 ὲν
965 1080 1085 1142 ταῖς
1108 1081 1292 1150 εὐχαῖς
1313 1082 1546 1136 ινταῦθα
1567 1083 1804 1150 νοητέον.

237 1155 353 1224 Τῆς
391 1157 449 1209 δὲ
485 1160 594 1214 τῶν
627 1163 796 1232 ἁγίων
847 1167 1036 1238 δώρων
1079 1172 1433 1243 μεταλήψεως
1472 1173 1551 1244 τῷ
1594 1174 1805 1244 ἑϐδόμῳ

239 1247 352 1300 ἔτει
393 1249 775 1322 ἀξιωθήσεται.
808 1259 905 1311 Διὰ
955 1264 1056 1330 μὲν
1098 1262 1206 1332 γὰρ
1247 1263 1345 1333 τὴν
1388 1263 1661 1318 ἔκπτωσιν
1710 1264 1808 1334 τῆς

237 1335 534 1404 διακονίας.
587 1343 687 1396 οὐκ
736 1348 976 1416 είργεται
1027 1351 1135 1403 τῶν
1181 1353 1521 1422 προσευχῶν,
1567 1354 1689 1407 οὐδὲ
1729 1357 1808 1416 είς

238 1429 368 1490 τοὺς
399 1433 598 1496 τόπους
623 1435 734 1489 τῶν
761 1438 1054 1509 ἐπιτιμίων
1085 1443 1310 1499 ἑστάναι
1345 1444 1770 1508 καταδικάζεται
1791 1461 1806 1478 ο

239 1516 327 1570 διὰ
356 1517 408 1571 δὲ
452 1521 511 1573 τὸ
542 1521 724 1594 νύμφη
764 1526 1074 1594 λογίζεσθαι
1115 1532 1206 1585 τοῦ
1248 1533 1507 1602 Χριστοῦ,
1548 1537 1640 1586 καὶ
1674 1552 1809 1604 προσ

239 1605 426 1664 δοῦναι
483 1612 582 1680 τὴν
639 1613 805 1684 τιμὴν
863 1617 1098 1683 ἑαυτῆς,
1157 1619 1455 1692 βαρύτερον
1499 1622 1807 1688 κολάζεται.

242 1696 356 1766 Τῆς
405 1700 515 1767 γὰρ
559 1705 817 1770 πορνείας
867 1709 1160 1780 τετραετίᾳ
1198 1711 1628 1782 ὑπιτιμωμένης,
1674 1713 1810 1787 αὕτη

240 1788 321 1850 είς
364 1788 592 1861 ἕϐδομον
622 1795 868 1848 ἐνιαυτὸν
905 1803 1292 1869 παρατείνεται
1324 1817 1338 1832 ·
1378 1804 1472 1856 καὶ
1505 1803 1685 1867 τοῦτο,
1718 1805 1812 1858 ἐὰν

244 1879 552 1951 ἀπόσχηται
580 1884 676 1952 τῆς
703 1885 1000 1956 ἁμαρτίας,
1035 1889 1129 1943 καὶ
1155 1893 1211 1944 ιν
1241 1892 1433 1964 ἁγνείᾳ
1454 1891 1542 1964 ζῇ,
1603 1894 1729 1950 Ἐάν
1757 1895 1812 1948 δὲ

241 1969 272 2021 δ
305 1971 482 2038 μιγεὶς
511 1973 649 2044 αὐτῇ
680 1975 878 2046 Ἕλλην
905 1981 969 2049 τῇ
999 1981 1178 2034 πίστει
1208 1983 1517 2052 προσελθὼν
1548 1985 1710 2038 πάλιν
1739 1986 1814 2038 is-

245 2060 441 2131 ροσυλῇ
488 2063 823 2134 (ἱεροσυλίαν
871 2069 927 2120 δὲ
977 2071 1077 2137 τὴν
1125 2072 1261 2141 μετὰ
1308 2073 1408 2142 τῆς
1467 2074 1814 2147 διακονίσσης

247 2148 392 2218 μίξιν
411 2153 609 2224 καλεῖ),
635 2157 727 2210 ἐπὶ
750 2159 842 2212 τὸν
865 2160 1016 2224 ἴδιον,
1035 2165 1219 2230 φησιν,
1245 2165 1561 2234 ἐπιστρέφει
1587 2166 1779 2233 ἔμετον
1798 2185 1811 2200 ·

243 2241 307 2295 τὸ
338 2241 446 2314 γὰρ
487 2245 646 2314 σῶμα
673 2249 774 2318 τῆς
819 2249 1165 2323 διακονίσσης
1211 2255 1614 2324 καθιερωμένον
1656 2259 1806 2310 ἐστί·

246 2337 341 2388 καὶ
391 2337 476 2390 διὰ
521 2338 680 2394 τοῦτο
713 2347 812 2395 οὐκ
849 2344 1284 2416 ἐπιτραπήσεται
1329 2350 1388 2400 ὲν
1427 2349 1620 2418 χρήσει
1669 2343 1810 2403 εἶναι

248 2430 522 2496 σαρκικῇ,
569 2429 737 2498 ἤγουν
786 2433 944 2504 ἡδονῇ
997 2435 1235 2504 χρῆσθαι
1276 2438 1496 2506 σαρκός.
1550 2435 1706 2500 Ἴσως
1752 2439 1807 2491 δὲ

246 2513 340 2566 καὶ
381 2515 468 2570 διὰ
509 2517 570 2570 τὸ
627 2520 854 2591 μιγῆναι
899 2523 1107 2594 άπίστῳ
1151 2526 1471 2596 ἐπιτιμᾶται
1522 2527 1720 2596 μᾶλλον
1775 2531 1806 2598 ή

247 2601 584 2666 διακόνισσα.

1912 618 1999 662 tur
2046 609 2295 666 secundis
2326 612 2527 680 nuptiis
2549 613 2850 680 profanare.

1986 890 2240 945 ZONAR.
2305 889 2360 946 Si
2422 905 2544 946 cum
2603 889 2790 946 Graeco
2850 892 3152 946 diaconissa
3217 898 3467 957 corrupta

1913 983 2094 1047 fuerit,
2132 985 2198 1036 ad
2222 985 2676 1044 communionem.
2711 983 2909 1050 inquit,
2944 983 3277 1036 admittetur.
3310 978 3471 1033 Com-

1913 1076 2186 1131 mnnionis
2221 1085 2400 1130 autem
2430 1075 2668 1139 nomine,
2694 1076 2794 1130 hoc
2834 1074 2970 1136 loco.
3016 1089 3117 1127 una
3151 1088 3269 1128 cum
3301 1071 3472 1126 ﬁdeli-

1913 1169 2014 1223 bus
2045 1167 2098 1222 in
2128 1182 2280 1222 sacra
2313 1168 2621 1236 precatione
2650 1168 2936 1221 stationem
2967 1166 3222 1235 intellige.
3252 1166 3319 1219 At
3342 1179 3472 1218 vero

1912 1268 2219 1314 sanctorum
2271 1274 2552 1314 munerum
2586 1259 2951 1327 perceptione,
3001 1259 3227 1325 septimo
3255 1260 3471 1313 demum

1911 1364 2055 1405 anno
2093 1351 2250 1420 digna
2299 1349 2605 1406 habebitur.
2641 1350 2793 1416 Quod
2833 1350 2975 1405 enim
3006 1350 3266 1403 exciderit
3297 1350 3472 1402 adia-

1914 1447 2134 1501 conatu,
2167 1453 2274 1493 non
2310 1447 2598 1508 propterea
2636 1455 2664 1492 a
2695 1439 2867 1494 sacris
2895 1437 3296 1506 precationibus
3324 1453 3473 1492 arce-

1913 1541 2024 1592 tur.
2055 1547 2227 1601 neque
2255 1533 2320 1586 ad
2352 1532 2723 1600 pmnitentium
2757 1532 3018 1588 stationes
3052 1531 3356 1584 damnatur.
3393 1532 3469 1584 Ex

1913 1638 1980 1677 eo
2010 1635 2138 1678 vero
2165 1624 2306 1691 quod
2334 1638 2430 1692 pro
2458 1623 2660 1678 Christi
2693 1639 2888 1694 sponsa
2923 1624 3175 1687 habetur,
3212 1635 3474 1690 suumque

1913 1715 2172 1770 hoaorem
2218 1716 2520 1782 prodidisse
2563 1715 2930 1780 existimatur,
2981 1715 3034 1768 in
3087 1729 3206 1768 eam
3259 1714 3472 1784 gravius

1915 1805 2379 1860 animadvertitur.
2416 1806 2549 1861 Cum
2597 1821 2828 1873 namque
2869 1804 3214 1860 fornicationi
3259 1805 3476 1871 quadri-

1920 1895 2070 1950 ennii
2097 1910 2252 1963 ptena
2286 1896 2575 1950 constituta
2608 1894 2698 1956 sit,
2741 1895 2854 1949 hate
2893 1895 2957 1947 ad
2990 1894 3274 1962 septimum
3309 1908 3475 1960 usque

1919 2003 2121 2044 annum
2151 1989 2490 2058 protenditur
2516 2004 2530 2042 :
2561 1988 2725 2058 idque
2747 1987 2903 2042 modo
2926 2003 2953 2040 a
2985 1993 3206 2056 peccato
3228 1986 3475 2048 absistat,

1920 2096 1982 2135 ac
2035 2081 2199 2134 vitam
2250 2088 2397 2135 caste
2437 2081 2751 2148 integreque
2803 2079 3071 2134 traducat.
3119 2077 3384 2131 Caeterum
3429 2075 3476 2129 si

1918 2171 2157 2234 Gmcus,
2181 2170 2273 2238 qui
2296 2185 2416 2225 cum
2440 2185 2503 2225 ea
2522 2186 2634 2224 rem
2664 2171 2869 2237 habuit,
2887 2173 2952 2224 ad
2986 2169 3142 2223 fidem
3165 2179 3478 2229 conversus,

1919 2264 2203 2333 sacrilegio
2239 2263 2430 2317 iterum
2467 2278 2524 2318 se
2557 2265 2889 2320 contaminet
2919 2261 3282 2334 (sacrilegium
3316 2273 3478 2327 porro

1919 2354 2060 2407 hunc
2083 2367 2205 2406 cum
2234 2353 2535 2408 diaconissa
2567 2367 2914 2422 congressum
2948 2350 3220 2421 appellat),
3256 2349 3320 2402 ad
3353 2362 3478 2414 pro-

1916 2442 2089 2510 prium
2140 2443 2399 2498 vomitum
2449 2444 2646 2498 reverti
2701 2445 2914 2498 asserit.
2977 2443 3185 2510 Corpus
3248 2453 3480 2505 namque

1918 2531 2238 2587 diaconissae
2287 2545 2667 2590 consecratum
2706 2546 2829 2600 est;
2888 2549 2950 2588 ac
2994 2532 3218 2602 proinde
3279 2529 3331 2582 in
3381 2543 3476 2581 usu

1919 2620 2123 2675 carnali
2154 2636 2296 2687 esse,
2341 2624 2441 2678 hoc
2470 2633 2574 2686 est,
2611 2624 2790 2677 carnis
2822 2623 3092 2690 voluptate
3137 2621 3211 2673 ιιιί
3249 2618 3478 2686 amplius

248 2697 391 2753 haud
437 2704 798 2769 permittetur.
850 2705 1011 2761 Forte
1064 2715 1244 2767 autem
1288 2721 1509 2780 propter
1581 2714 2020 2783 ceugressionem
2085 2730 2206 2770 cum
2272 2717 2494 2782 infideli,
2558 2719 2758 2787 majore
2829 2714 3244 2786 reprehensione
3296 2711 3478 2767 diaco~

247 2789 391 2846 lissa
421 2794 577 2863 digna
606 2807 710 2855 est,

319 2884 534 2939 ΔΡΙΣΤ.
571 2889 824 2954 Διάκονος
865 2890 1084 2959 Ἕλληνι
1143 2897 1533 2966 πορνευθείσα,
1584 2899 1678 2950 καὶ
1720 2916 1814 2964 με-

244 2975 547 3044 ταγνοῦσα,
585 2981 877 3035 ἑπταετίαν
909 2983 1283 3040 ὑποπιπτέτω.

333 3067 462 3121 Ἰδοὺ
497 3070 730 3124 ἐνταῦθα
756 3073 850 3126 δύο
880 3075 951 3126 τὰ
984 3077 1232 3146 ἐπιτίμια
1259 3093 1272 3106 ⁸
1307 3081 1678 3146 μετακινείτατ
1707 3082 1812 3150 γὰρ

244 3155 344 3211 τοῦ
389 3159 600 3232 βαθμοῦ
649 3165 814 3234 αὐτῆς
851 3170 884 3236 η
917 3165 1183 3233 διάκονος,
1223 3169 1328 3223 και
1360 3173 1452 3225 ἐπὶ
1493 3173 1634 3224 ἑπτὰ
1669 3172 1814 3225 ἔτεσι

243 3249 350 3318 τὴν
384 3253 702 3325 ἐπιτίμησιν
730 3257 968 3325 δέχεται,
1002 3261 1092 3312 καὶ
1123 3261 1230 3314 τῶν
1266 3261 1425 3315 θείων
1459 3263 1817 3331 ἁγιασμάτων

249 3343 566 3414 ἐστέρηται,
624 3349 713 3400 διά
769 3348 826 3401 τὸ
891 3351 1350 3424 μετά-Ἕλληνος
1405 3352 1818 3424 συμπορνεῦσαι

258 3432 452 3506 αὐτὴν.

833 3532 1070 3585 ΚΑΝΩΝ
1110 3535 1242 3587 ME’.

263 3616 390 3673 Ἐάν
433 3635 534 3683 τις,
575 3620 634 3673 τὸ
661 3621 833 3691 ϐνομα
858 3622 1038 3676 λαϐὼν
1063 3624 1155 3680 τοῦ
1191 3626 1646 3697 Χριστιανισμοῡ,
1699 3629 1817 3682 evu-

269 3710 486 3782 νϐρίζῃ
532 3712 624 3766 τὸν
676 3714 936 3785 Χριστὸν,
966 3715 1118 3768 οὐδὲν
1156 3717 1346 3784 δφελος
1380 3719 1528 3790 αὑτῷ
1563 3721 1670 3774 ἀπὸ
1720 3723 1820 3792 τῆς

326 3803 722 3873 προσηγορίας.

327 3892 421 3957 Tt;
443 3896 692 3962 ἄπιστος,
720 3897 1035 3966 βαπτισθεὶς
1059 3901 1154 3953 καὶ
1183 3901 1434 3966 ἀξιωθεὶς
1454 3900 1547 3955 τοῦ
1566 3901 1822 3969 λέγεσθαι

253 3982 601 4049 Χριστιανὸς,
629 3981 742 4055 εἶχε
777 3989 875 4056 μὲν
899 3989 998 4057 τὴν
1022 3990 1102 4053 είς
1137 3989 1268 4042 Θεὸν
1296 3991 1576 4060 όρθόδοξον
1617 3992 1820 4056 πίστιν,

249 4074 357 4126 οὐκ
388 4073 622 4142 ἔπραττε
653 4078 710 4130 δὲ
742 4081 837 4132 καὶ
867 4080 933 4132 τά
977 4080 1086 4132 τῶν
1139 4079 1482 4152 Χριστιανῶν
1513 4081 1670 4151 ἔργα.
1706 4082 1822 4134 ἀλλ’

252 4166 513 4229 ἐκάκιζεν
540 4169 671 4232 ῐσως
706 4171 1030 4239 παραδόσεις
1052 4172 1510 4239 ὲκκλησιαστικὰς
1535 4174 1627 4224 καὶ
1662 4189 1824 4225 κανο-

249 4255 441 4318 νικοὺς
484 4256 821 4326 διορισμοὺς,
860 4262 1278 4330 προτιμώμενος
1309 4262 1404 4326 τὰς
1441 4262 1549 4315 τῶν
1580 4263 1824 4316 ἀπίστων

251 4349 540 4416 ἐργασίας,
573 4351 668 4404 καὶ
708 4354 1135 4422 τοιουτοτρόπως
1183 4353 1419 4424 ὑϐρίζων
1446 4353 1538 4407 τὸν
1567 4353 1819 4424 Χριστόν.

1993 2903 2217 2958 ARIST.
2277 2903 2592 2958 Diaconissa
2649 2917 2770 2957 cum
2826 2900 3009 2970 gentili
3062 2899 3365 2961 fornicata,
3424 2909 3474 2951 et

1924 2995 2275 3060 resipiscens,
2309 2995 2591 3062 septennia
2623 2994 3018 3048 substernatur.

1989 3087 2131 3140 Ecce
2173 3086 2258 3140 hic
2303 3087 2408 3138 duo
2464 3087 2746 3156 supplicia.
2795 3085 3102 3140 Diacouissa
3150 3085 3290 3138 enim
3338 3092 3391 3136 et
3447 3098 3475 3137 a

1920 3181 2083 3246 gradu
2117 3193 2214 3232 suo
2244 3190 2515 3242 movetur,
2560 3188 2612 3230 et
2641 3187 2842 3247 septem
2886 3191 3056 3231 annos
3104 3177 3274 3243 poenis
3310 3175 3479 3243 subji-

1919 3270 2082 3333 citur,
2135 3280 2187 3322 et
2241 3269 2437 3322 divinis
2495 3267 2846 3323 sacramentis
2896 3269 3156 3342 privatur,
3203 3265 3325 3335 quia
3375 3266 3477 3319 ista

1920 3373 2040 3411 eum
2069 3358 2252 3427 gentili
2286 3358 2546 3414 fornicata
2571 3368 2674 3413 est.

2380 3535 2532 3604 103
2581 3531 2806 3588 CANON
2859 3531 3021 3586 sev.

1923 3630 1977 3684 Si
2037 3630 2159 3697 quis
2204 3639 2422 3696 achpto
2484 3625 2698 3679 nomine
2755 3623 3150 3679 Christianismi
3203 3622 3474 3676 Christum

1992 3720 2314 3776 contumelia
2375 3718 2558 3784 allicit,
2610 3718 2756 3772 nulla
2829 3727 2912 3772 est
2976 3717 3050 3772 illi
3107 3713 3478 3786 appellationis

1995 3812 2218 3868 utilitas.

1993 3903 2187 3957 BALS.
2245 3901 2482 3957 lnfldelis
2515 3901 2781 3971 quispiam
2818 3901 3141 3970 baptizatus,
3191 3909 3245 3953 et
3287 3899 3479 3964 dignus

1923 3995 2138 4048 habitus
2161 3994 2248 4060 qui
2287 3993 2626 4047 Christianus
2655 3993 2949 4054 diceretur,
2971 3992 3025 4044 in
3062 3990 3232 4043 Deum
3262 3989 3474 4056 quidem

1925 4085 2081 4139 fidem
2107 4084 2292 4138 habuit
2325 4083 2701 4148 orthodoxam,
2752 4099 2858 4137 non
2909 4082 3100 4151 agebat
3160 4089 3334 4133 autem
3391 4094 3479 4133 se-

1924 4175 2154 4228 cundum
2199 4188 2362 4241 opera
2408 4171 2844 4247 Christianorum
2871 4211 2884 4236 ,
2946 4172 3041 4224 sed
3085 4171 3480 4225 ecclesiasticas

1927 4263 2065 4318 forte
2096 4264 2437 4328 traditiones,
2469 4272 2525 4317 et
2555 4263 2847 4318 canonicas
2893 4261 3239 4317 definitiones
3275 4263 3480 4328 vitupe-

1926 4355 2124 4417 rabat,
2176 4353 2470 4408 infidelium
2531 4353 2874 4422 operationes
2922 4353 3212 4422 praeferens
3242 4393 3256 4417 ,
3305 4360 3358 4406 et
3417 4366 3481 4405 eo

267 4439 558 4510 Ἧρωτήθη
583 4437 676 4495 οὖν
700 4443 728 4494 ό
751 4444 928 4511 ἅγιος,
977 4444 1026 4496 εί
1069 4445 1154 4497 διὰ
1190 4444 1366 4498 ταῦτα
1405 4446 1432 4496 δ
1458 4446 1695 4508 τοιοῦτος
1717 4446 1815 4501 ἀπὸ

1931 4446 2091 4499 modo
2147 4444 2419 4500 Christum
2456 4443 2652 4515 injuria
2701 4443 2954 4500 alliciens.
2991 4443 3356 4507 Interrogatus
3402 4451 3482 4495 est

253 4529 362 4598 τῆς
405 4531 511 4584 τῶν
565 4535 772 4586 πιστῶν
799 4534 1121 4588 ἐκϐάλλεται
1152 4534 1498 4604 ὁμηγύρεως,
1546 4537 1577 4604 ἢ
1623 4537 1823 4605 μᾶλλον

251 4621 466 4687 ὀφείλει
556 4623 944 4686 ἀκαταιτίατος
1017 4623 1197 4690 εἶναι,
1261 4627 1337 4690 ὡς
1391 4627 1488 4696 τὴν
1541 4627 1822 4696 ὀρθόδοξον

252 4712 443 4765 πίστιν
476 4715 894 4785 αἱρετισάμενος
928 4733 939 4746 θ
981 4718 1075 4770 καὶ
1115 4711 1271 4770 εἶπεν
1322 4718 1405 4770 ὅτι
1431 4717 1492 4770 τὸ
1521 4718 1705 4771 λαϐεῖν
1734 4719 1823 4773 διὰ

251 4801 356 4855 τοῦ
393 4802 771 4875 βαπτίσματός
798 4823 919 4860 τινα
961 4807 1290 4872 Χριστιανοῦ
1314 4809 1483 4877 ὄνομα
1503 4809 1603 4864 οὒκ
1624 4809 1824 4878 ὠφελεῖ

249 4894 445 4954 αὐτὸν.
468 4899 564 4951 ἐὰν
599 4899 674 4968 μὴ
711 4904 770 4953 ὲν
803 4903 938 4954 πᾶσι
989 4903 1130 4955 κατὰ
1177 4904 1300 4964 τοὺς
1330 4903 1642 4975 όρθοδόξους
1668 4905 1821 4957 πολι-

250 4987 498 5041 τεύεται.
552 4990 641 5056 Ἐξ
701 4992 948 5062 ἀνάγκης
999 4989 1111 5058 οὖν,
1143 4993 1216 5056 ὥς
1259 5012 1312 5048 τι
1364 4995 1598 5064 σεσηπδς
1641 4995 1819 5063 μέλος,

251 5080 523 5150 ἑκκοπείη
556 5083 666 5136 άπὸ
691 5084 790 5153 τῆς
841 5085 1162 5156 ὁλοκληρίας
1210 5086 1305 5139 τοῦ
1349 5087 1532 5155 ὑγιοῦς
1567 5087 1821 5156 σώματος

249 5170 304 5225 Χ
315 5173 540 5238 ριστωνῠ
548 5191 650 5243 μου
676 5175 830 5242 λαοῦ,
849 5178 1142 5241 τουτέστιν.
1161 5177 1285 5230 οὔτε
1305 5177 1659 5240 ἑκκλησιάσει
1683 5178 1820 5246 μετὰ

251 5260 369 5313 τῶν
398 5261 762 5331 Χριστιανῶν,
799 5266 922 5319 οὕτε
971 5271 1082 5331 τοῖς
1136 5267 1232 5322 τοῦ
1282 5267 1672 5337 Χριστιανικοῦ
1714 5284 1826 5320 ποι-

259 5351 423 5420 μνίου
476 5356 773 5424 προϐάτοις
832 5359 1386 5428 συναριθμηθήσεται.
1440 5360 1501 5412 Εί
1545 5360 1602 5412 δὲ
1653 5358 1824 5422 θέλεις

257 5445 600 5513 ἑρμηνεῦσαι
629 5447 720 5502 τδν
755 5450 955 5502 κανόνα
1011 5452 1103 5502 καὶ
1134 5451 1328 5515 ἄλλως,
1383 5453 1466 5503 ὅτι
1509 5451 1568 5503 οὐ
1624 5450 1824 5519 κυρίως

253 5535 640 5602 Χριστιανδςὸ
686 5539 759 5607 μὴ
804 5539 903 5602 τὰς
942 5540 1159 5602 ἐντολὰς
1197 5540 1290 5592 τοῦ
1342 5539 1580 5611 Χριστοῦ
1631 5540 1820 5604 ποιῶν,

255 5626 362 5697 οὐχ
387 5627 528 5692 ἕξεις
555 5629 615 5682 τὸ
645 5630 916 5700 ἐμποδών.
955 5632 1091 5699 Φησὶ
1123 5632 1231 5701 γὰρ
1266 5637 1358 5684 καὶ⁵
1385 5635 1412 5684 ό
1441 5633 1590 5698 ἅγιος
1637 5632 1821 5686 Ἰάκωσ

256 5717 358 5778 60;
403 5721 429 5770 ό
475 5719 790 5788 ἀδελφόθεος
850 5724 906 5774 ὲν
959 5725 1023 5792 τῇ
1088 5722 1372 5792 Ἐπιστολῇ
1425 5721 1588 5775 αὑτοῦ
1637 5720 1816 5775 οὕτω·

262 5809 333 5862 Τί
363 5808 424 5862 ad
456 5810 690 5878 ὄφελος,
738 5811 989 5881 ἀδελφοί
1022 5829 1159 5880 μου,
1193 5813 1300 5867 ἐὰν
1329 5814 1534 5868 πίστιν
1559 5830 1643 5877 τις
1676 5813 1821 5883 λέγει

1928 4549 2058 4604 ergo
2089 4543 2331 4600 sanctus,
2377 4549 2446 4589 an
2503 4536 2548 4589 is
2575 4546 2855 4606 propterea
2891 4550 2920 4587 a
2958 4533 3191 4588 fidelium
3244 4547 3483 4586 commu-

1929 4628 2088 4681 nione
2111 4628 2428 4697 expellatur,
2453 4641 2520 4680 an
2574 4627 2754 4696 potius
2810 4639 3146 4694 nequaquam
3204 4624 3274 4677 sit
3325 4637 3480 4678 accu-

1927 4720 2150 4782 sandus,
2189 4727 2244 4771 ut
2274 4718 2362 4785 qui
2388 4716 2546 4772 fidem
2576 4717 2929 4771 orthodoxam
2966 4715 3229 4781 elegerit;
3259 4723 3312 4768 et
3347 4715 3482 4767 dixit

1925 4809 2070 4876 quod
2129 4808 2374 4877 accipere
2444 4807 2676 4877 aliquem
2731 4809 2842 4875 'per
2904 4805 3230 4875 baptismum
3288 4819 3479 4858 nomen

1925 4899 2224 4954 Christiani
2270 4899 2443 4965 ipsum
2488 4912 2594 4952 non
2624 4895 2796 4965 juvat,
2857 4897 2959 4950 nisi
2999 4897 3050 4949 in
3100 4895 3368 4957 omnibus,
3421 4905 3480 4948 ut

1923 5006 2022 5059 par
2049 4997 2153 5054 est,
2174 4988 2332 5059 juxta
2365 4987 2716 5054 orthodoxae,
2752 4988 2916 5041 vitam
2954 4987 3236 5040 instituat:
3297 5001 3482 5039 neces-

1924 5081 2069 5134 sario
2121 5093 2250 5149 ergo
2276 5088 2336 5132 ut
2375 5079 2671 5133 membrum
2721 5077 2991 5146 putridum
3050 5077 3118 5130 ab
3177 5077 3483 5147 integritate

1923 5171 2274 5227 exscindetur
2322 5173 2439 5224 sani
2475 5171 2716 5240 corporis
2763 5170 3055 5225 Christiani
3107 5169 3322 5239 populi:
3383 5169 3482 5221 hoc

1921 5272 2008 5316 est
2038 5277 2214 5331 neque
2242 5277 2365 5317 cum
2397 5262 2725 5316 Christianis
2751 5263 2802 5315 in
2859 5259 3099 5314 Ecclesia
3160 5260 3479 5320 versabitur,

1924 5371 2099 5423 neque
2125 5356 2302 5425 gregis
2347 5355 2638 5410 Christiani
2668 5355 2858 5408 ovibus
2899 5352 3398 5408 connumerabitur.
3425 5349 3480 5403 Si

1923 5449 2056 5503 velis
2103 5459 2280 5504 autem
2329 5461 2588 5502 cauunem
2637 5447 2793 5500 aliter
2849 5461 3059 5516 quoque
3119 5442 3482 5512 interpretari,

1924 5539 2064 5605 quod
2119 5553 2221 5593 non
2252 5546 2332 5592 est
2389 5539 2605 5609 proprie
2664 5539 3023 5602 Christianus,
3078 5537 3167 5605 qui
3205 5551 3306 5589 non
3359 5533 3486 5587 facit

1929 5629 2177 5683 mandata
2206 5628 2432 5694 Christi,
2461 5630 2590 5684 nihil
2630 5630 2847 5684 vetabit.
2892 5630 3027 5683 Dicit
3084 5628 3224 5682 enim
3264 5635 3483 5679 sanctus

1930 5720 2158 5775 lacubus
2191 5721 2360 5775 frater
2393 5723 2479 5776 Dei
2516 5723 2566 5775 in
2598 5737 2688 5775 sua
2725 5721 2954 5790 Epistola
2985 5721 3082 5773 hoc
3110 5717 3266 5771 modo
3304 5733 3314 5768 :
3349 5715 3484 5781 Quid

1922 5813 2090 5878 juvat,
2119 5815 2306 5882 fratres
2339 5815 2454 5879 mei,
2477 5814 2522 5868 si
2545 5815 2656 5881 quis
2682 5830 2732 5866 sc
2754 5811 3118 5878 [idern-habere
3145 5809 3306 5873 dicat,
3333 5824 3485 5877 opera
