  <div class='ocr_page' id='page_1' title='image "/cluster/home/n/w/nwhite01/storage/ocr_20150623/138/pst.000005714544/404.png"; bbox 0 0 3946 6342; ppageno 0'>
   <div class='ocr_carea' id='block_1_1' title="bbox 290 427 396 490">
    <p class='ocr_par' dir='ltr' id='par_1_1' title="bbox 290 427 396 490">
     <span class='ocr_line' id='line_1_1' title="bbox 290 427 396 490; baseline 0.028 -3"><span class='ocrx_word' id='word_1_1' title='bbox 290 427 396 490; x_wconf 72' lang='grc'><strong>725</strong></span> 
     </span>
    </p>
   </div>
   <div class='ocr_carea' id='block_1_2' title="bbox 1202 424 2604 489">
    <p class='ocr_par' dir='ltr' id='par_1_2' title="bbox 1202 424 2604 489">
     <span class='ocr_line' id='line_1_2' title="bbox 1202 424 2604 489; baseline -0.002 -1"><span class='ocrx_word' id='word_1_2' title='bbox 1202 431 1281 489; x_wconf 74' lang='lat' dir='ltr'><strong>1N</strong></span> <span class='ocrx_word' id='word_1_3' title='bbox 1327 429 1566 488; x_wconf 80' lang='lat' dir='ltr'><strong>EPIST.</strong></span> <span class='ocrx_word' id='word_1_4' title='bbox 1617 429 1680 488; x_wconf 92' lang='lat' dir='ltr'><strong>S.</strong></span> <span class='ocrx_word' id='word_1_5' title='bbox 1713 424 1999 486; x_wconf 70' lang='lat' dir='ltr'><strong>BASlLll</strong></span> <span class='ocrx_word' id='word_1_6' title='bbox 2035 424 2473 484; x_wconf 66' lang='lat' dir='ltr'><strong>CANONlCAM</strong></span> <span class='ocrx_word' id='word_1_7' title='bbox 2525 424 2604 485; x_wconf 90' lang='lat' dir='ltr'><strong>ll.</strong></span> 
     </span>
    </p>
   </div>
   <div class='ocr_carea' id='block_1_3' title="bbox 3413 429 3518 496">
    <p class='ocr_par' dir='ltr' id='par_1_3' title="bbox 3413 429 3518 496">
     <span class='ocr_line' id='line_1_3' title="bbox 3413 429 3518 496; baseline 0.038 -5"><span class='ocrx_word' id='word_1_8' title='bbox 3413 429 3518 496; x_wconf 67' lang='grc'><strong>’126</strong></span> 
     </span>
    </p>
   </div>
   <div class='ocr_carea' id='block_1_4' title="bbox 281 537 1841 622">
    <p class='ocr_par' dir='ltr' id='par_1_4' title="bbox 281 546 1841 622">
     <span class='ocr_line' id='line_1_4' title="bbox 281 546 1841 622; baseline -0.003 -18"><span class='ocrx_word' id='word_1_9' title='bbox 281 552 537 622; x_wconf 76' lang='grc' dir='ltr'>δεύτερον</span> <span class='ocrx_word' id='word_1_10' title='bbox 568 551 741 620; x_wconf 81' lang='grc' dir='ltr'>γάμον</span> <span class='ocrx_word' id='word_1_11' title='bbox 781 550 929 618; x_wconf 76' lang='grc' dir='ltr'>αὐτῷ</span> <span class='ocrx_word' id='word_1_12' title='bbox 981 546 1353 618; x_wconf 73' lang='grc' dir='ltr'>συνοικήσασα</span> <span class='ocrx_word' id='word_1_13' title='bbox 1381 550 1478 618; x_wconf 76' lang='grc' dir='ltr'>τὴν</span> <span class='ocrx_word' id='word_1_14' title='bbox 1511 549 1841 618; x_wconf 65' lang='grc' dir='ltr'>πρόσκαιρον</span> 
     </span>
    </p>
   </div>
   <div class='ocr_carea' id='block_1_5' title="bbox 1958 537 3511 622">
    <p class='ocr_par' dir='ltr' id='par_1_5' title="bbox 1958 537 3511 614">
     <span class='ocr_line' id='line_1_5' title="bbox 1958 537 3511 614; baseline 0.005 -16"><span class='ocrx_word' id='word_1_15' title='bbox 1958 555 2117 614; x_wconf 85' lang='lat' dir='ltr'><strong>atque</strong></span> <span class='ocrx_word' id='word_1_16' title='bbox 2141 546 2210 596; x_wconf 86' lang='lat' dir='ltr'><strong>ita</strong></span> <span class='ocrx_word' id='word_1_17' title='bbox 2239 559 2360 597; x_wconf 83' lang='lat' dir='ltr'><strong>cum</strong></span> <span class='ocrx_word' id='word_1_18' title='bbox 2399 544 2591 598; x_wconf 88' lang='lat' dir='ltr'><strong>relicto</strong></span> <span class='ocrx_word' id='word_1_19' title='bbox 2627 544 2740 598; x_wconf 81' lang='lat' dir='ltr'><strong>viro</strong></span> <span class='ocrx_word' id='word_1_20' title='bbox 2771 543 3056 610; x_wconf 81' lang='lat' dir='ltr'><strong>habitavit,</strong></span> <span class='ocrx_word' id='word_1_21' title='bbox 3113 537 3357 604; x_wconf 78' lang='lat' dir='ltr'><strong>adultera</strong></span> <span class='ocrx_word' id='word_1_22' title='bbox 3403 565 3511 608; x_wconf 77' lang='lat' dir='ltr'><strong>est.</strong></span> 
     </span>
    </p>
   </div>
   <div class='ocr_carea' id='block_1_6' title="bbox 282 638 1850 707">
    <p class='ocr_par' dir='ltr' id='par_1_6' title="bbox 282 638 1850 707">
     <span class='ocr_line' id='line_1_6' title="bbox 282 638 1850 707; baseline -0.004 -13"><span class='ocrx_word' id='word_1_23' title='bbox 282 643 586 695; x_wconf 72' lang='grc' dir='ltr'>ἀπόστασιν</span> <span class='ocrx_word' id='word_1_24' title='bbox 620 645 678 693; x_wconf 76' lang='grc' dir='ltr'>ὲκ</span> <span class='ocrx_word' id='word_1_25' title='bbox 715 639 808 693; x_wconf 91' lang='grc' dir='ltr'><strong>τοῦ</strong></span> <span class='ocrx_word' id='word_1_26' title='bbox 850 640 1054 692; x_wconf 76' lang='grc' dir='ltr'>οἰκείου</span> <span class='ocrx_word' id='word_1_27' title='bbox 1086 639 1299 707; x_wconf 76' lang='grc' dir='ltr'>ἀνδρὸς,</span> <span class='ocrx_word' id='word_1_28' title='bbox 1351 640 1444 690; x_wconf 68' lang='grc' dir='ltr'>καὶ</span> <span class='ocrx_word' id='word_1_29' title='bbox 1476 639 1619 690; x_wconf 79' lang='grc' dir='ltr'>οὕτω</span> <span class='ocrx_word' id='word_1_30' title='bbox 1673 638 1850 706; x_wconf 78' lang='grc' dir='ltr'>συνῴ-</span> 
     </span>
    </p>
   </div>
   <div class='ocr_carea' id='block_1_7' title="bbox 286 730 1852 803">
    <p class='ocr_par' dir='ltr' id='par_1_7' title="bbox 286 730 1852 803">
     <span class='ocr_line' id='line_1_7' title="bbox 286 730 1852 803; baseline -0.003 -18"><span class='ocrx_word' id='word_1_31' title='bbox 286 749 423 803; x_wconf 87' lang='grc' dir='ltr'>κησε</span> <span class='ocrx_word' id='word_1_32' title='bbox 477 733 551 801; x_wconf 84' lang='grc' dir='ltr'>τῷ</span> <span class='ocrx_word' id='word_1_33' title='bbox 605 731 1020 799; x_wconf 82' lang='grc' dir='ltr'>καταλειφθέντι</span> <span class='ocrx_word' id='word_1_34' title='bbox 1049 731 1498 799; x_wconf 69' lang='grc' dir='ltr'>ἁνδρὶ,μοιχαλίς</span> <span class='ocrx_word' id='word_1_35' title='bbox 1553 732 1724 795; x_wconf 82' lang='grc' dir='ltr'>ἐστιν,</span> <span class='ocrx_word' id='word_1_36' title='bbox 1767 730 1852 782; x_wconf 80' lang='grc' dir='ltr'>ὅτι</span> 
     </span>
    </p>
   </div>
   <div class='ocr_carea' id='block_1_8' title="bbox 289 819 1852 893">
    <p class='ocr_par' dir='ltr' id='par_1_8' title="bbox 289 819 1852 893">
     <span class='ocr_line' id='line_1_8' title="bbox 289 819 1852 893; baseline -0.002 -18"><span class='ocrx_word' id='word_1_37' title='bbox 289 824 574 892; x_wconf 74' lang='grc' dir='ltr'>ἀλλότριον</span> <span class='ocrx_word' id='word_1_38' title='bbox 618 824 786 893; x_wconf 82' lang='grc' dir='ltr'>ἄνδρα</span> <span class='ocrx_word' id='word_1_39' title='bbox 841 822 1258 892; x_wconf 69' lang='grc' dir='ltr'><strong>ἐσφετερίσατο,</strong></span> <span class='ocrx_word' id='word_1_40' title='bbox 1307 822 1381 882; x_wconf 82' lang='grc' dir='ltr'>ὡς</span> <span class='ocrx_word' id='word_1_41' title='bbox 1438 820 1498 872; x_wconf 81' lang='grc' dir='ltr'>τὸ</span> <span class='ocrx_word' id='word_1_42' title='bbox 1548 820 1700 882; x_wconf 83' lang='grc' dir='ltr'><strong>τέλος</strong></span> <span class='ocrx_word' id='word_1_43' title='bbox 1759 819 1852 872; x_wconf 88' lang='grc' dir='ltr'><strong>τοῦ</strong></span> 
     </span>
    </p>
   </div>
   <div class='ocr_carea' id='block_1_9' title="bbox 261 911 1846 984">
    <p class='ocr_par' dir='ltr' id='par_1_9' title="bbox 261 911 1846 984">
     <span class='ocr_line' id='line_1_9' title="bbox 261 911 1846 984; baseline 0 -20"><span class='ocrx_word' id='word_1_44' title='bbox 261 916 510 966; x_wconf 72' lang='grc' dir='ltr'>-ὲννὰτου</span> <span class='ocrx_word' id='word_1_45' title='bbox 561 914 806 984; x_wconf 72' lang='grc' dir='ltr'>περιέχει</span> <span class='ocrx_word' id='word_1_46' title='bbox 866 913 1127 974; x_wconf 70' lang='grc' dir='ltr'><strong>κανόνος⁹</strong></span> <span class='ocrx_word' id='word_1_47' title='bbox 1170 914 1220 964; x_wconf 80' lang='grc' dir='ltr'>εί</span> <span class='ocrx_word' id='word_1_48' title='bbox 1283 912 1340 964; x_wconf 79' lang='grc' dir='ltr'>δὲ</span> <span class='ocrx_word' id='word_1_49' title='bbox 1398 911 1584 980; x_wconf 75' lang='grc' dir='ltr'>ἠγνόει</span> <span class='ocrx_word' id='word_1_50' title='bbox 1638 911 1796 964; x_wconf 86' lang='grc' dir='ltr'>τοῦτο</span> <span class='ocrx_word' id='word_1_51' title='bbox 1831 953 1846 974; x_wconf 90' lang='grc'><strong>,</strong></span> 
     </span>
    </p>
   </div>
   <div class='ocr_carea' id='block_1_10' title="bbox 285 999 1856 1074">
    <p class='ocr_par' dir='ltr' id='par_1_10' title="bbox 285 999 1856 1074">
     <span class='ocr_line' id='line_1_10' title="bbox 285 999 1856 1074; baseline 0 -21"><span class='ocrx_word' id='word_1_52' title='bbox 285 1002 419 1065; x_wconf 77' lang='grc' dir='ltr'>ἴσως</span> <span class='ocrx_word' id='word_1_53' title='bbox 450 1005 557 1074; x_wconf 68' lang='grc' dir='ltr'><strong>γὰρ</strong></span> <span class='ocrx_word' id='word_1_54' title='bbox 585 1004 643 1067; x_wconf 79' lang='grc' dir='ltr'>ἐξ</span> <span class='ocrx_word' id='word_1_55' title='bbox 683 1005 992 1072; x_wconf 77' lang='grc' dir='ltr'><strong>ἀλλοδαπῆς</strong></span> <span class='ocrx_word' id='word_1_56' title='bbox 1022 999 1090 1073; x_wconf 78' lang='grc' dir='ltr'>ἦν</span> <span class='ocrx_word' id='word_1_57' title='bbox 1132 1002 1340 1071; x_wconf 79' lang='grc' dir='ltr'>χώρας,</span> <span class='ocrx_word' id='word_1_58' title='bbox 1388 1005 1484 1054; x_wconf 67' lang='grc' dir='ltr'><strong>κα)⁸</strong></span> <span class='ocrx_word' id='word_1_59' title='bbox 1515 1005 1762 1070; x_wconf 72' lang='grc' dir='ltr'>ἠγνοεῖτο</span> <span class='ocrx_word' id='word_1_60' title='bbox 1796 1002 1856 1053; x_wconf 75' lang='grc' dir='ltr'><strong>τὸ</strong></span> 
     </span>
    </p>
   </div>
   <div class='ocr_carea' id='block_1_11' title="bbox 283 1096 1854 1165">
    <p class='ocr_par' dir='ltr' id='par_1_11' title="bbox 283 1096 1854 1165">
     <span class='ocr_line' id='line_1_11' title="bbox 283 1096 1854 1165; baseline -0.001 -17"><span class='ocrx_word' id='word_1_61' title='bbox 283 1097 407 1148; x_wconf 88' lang='grc' dir='ltr'>κατ’</span> <span class='ocrx_word' id='word_1_62' title='bbox 452 1097 633 1162; x_wconf 81' lang='grc' dir='ltr'>αὑτὸν,</span> <span class='ocrx_word' id='word_1_63' title='bbox 694 1097 833 1165; x_wconf 86' lang='grc' dir='ltr'>μετὰ</span> <span class='ocrx_word' id='word_1_64' title='bbox 880 1096 936 1148; x_wconf 81' lang='grc' dir='ltr'><strong>δέ</strong></span> <span class='ocrx_word' id='word_1_65' title='bbox 967 1112 1091 1151; x_wconf 84' lang='grc' dir='ltr'>τινα</span> <span class='ocrx_word' id='word_1_66' title='bbox 1142 1097 1332 1162; x_wconf 77' lang='grc' dir='ltr'>καιρὸν</span> <span class='ocrx_word' id='word_1_67' title='bbox 1382 1096 1654 1162; x_wconf 75' lang='grc' dir='ltr'><strong>ἐπανῆλθε</strong></span> <span class='ocrx_word' id='word_1_68' title='bbox 1716 1096 1854 1162; x_wconf 77' lang='grc' dir='ltr'>πρὸς</span> 
     </span>
    </p>
   </div>
   <div class='ocr_carea' id='block_1_12' title="bbox 280 1186 1854 1257">
    <p class='ocr_par' dir='ltr' id='par_1_12' title="bbox 280 1186 1854 1257">
     <span class='ocr_line' id='line_1_12' title="bbox 280 1186 1854 1257; baseline -0.002 -19"><span class='ocrx_word' id='word_1_69' title='bbox 280 1187 374 1239; x_wconf 79' lang='grc' dir='ltr'>τὸν</span> <span class='ocrx_word' id='word_1_70' title='bbox 403 1187 570 1257; x_wconf 71' lang='grc' dir='ltr'>ἄνδρα</span> <span class='ocrx_word' id='word_1_71' title='bbox 601 1189 634 1257; x_wconf 76' lang='grc' dir='ltr'><strong>ἡ</strong></span> <span class='ocrx_word' id='word_1_72' title='bbox 673 1187 1056 1240; x_wconf 86' lang='grc' dir='ltr'>καταλιποῦσα</span> <span class='ocrx_word' id='word_1_73' title='bbox 1118 1187 1302 1249; x_wconf 80' lang='grc' dir='ltr'>αὐτὸν,</span> <span class='ocrx_word' id='word_1_74' title='bbox 1349 1187 1439 1239; x_wconf 76' lang='grc' dir='ltr'><strong>καὶ</strong></span> <span class='ocrx_word' id='word_1_75' title='bbox 1491 1187 1577 1240; x_wconf 79' lang='grc' dir='ltr'><strong>διὰ</strong></span> <span class='ocrx_word' id='word_1_76' title='bbox 1629 1186 1786 1238; x_wconf 88' lang='grc' dir='ltr'>τοῦτο</span> <span class='ocrx_word' id='word_1_77' title='bbox 1827 1189 1854 1236; x_wconf 90' lang='grc' dir='ltr'>ὁ</span> 
     </span>
    </p>
   </div>
   <div class='ocr_carea' id='block_1_13' title="bbox 283 1277 1822 1349">
    <p class='ocr_par' dir='ltr' id='par_1_13' title="bbox 283 1277 1822 1349">
     <span class='ocr_line' id='line_1_13' title="bbox 283 1277 1822 1349; baseline 0 -19"><span class='ocrx_word' id='word_1_78' title='bbox 283 1279 416 1348; x_wconf 75' lang='grc' dir='ltr'>πρὸς</span> <span class='ocrx_word' id='word_1_79' title='bbox 484 1280 583 1349; x_wconf 85' lang='grc' dir='ltr'>τὴν</span> <span class='ocrx_word' id='word_1_80' title='bbox 648 1280 910 1347; x_wconf 76' lang='grc' dir='ltr'>δευτέραν</span> <span class='ocrx_word' id='word_1_81' title='bbox 939 1281 1174 1345; x_wconf 88' lang='grc' dir='ltr'>γυναῖκα</span> <span class='ocrx_word' id='word_1_82' title='bbox 1234 1277 1399 1346; x_wconf 77' lang='grc' dir='ltr'>ἐλύθη</span> <span class='ocrx_word' id='word_1_83' title='bbox 1446 1278 1627 1346; x_wconf 82' lang='grc' dir='ltr'><strong>γάμος</strong></span> <span class='ocrx_word' id='word_1_84' title='bbox 1665 1294 1678 1308; x_wconf 71' lang='grc' dir='ltr'>ο</span> <span class='ocrx_word' id='word_1_85' title='bbox 1716 1295 1822 1347; x_wconf 88' lang='grc' dir='ltr'><strong>πορ</strong></span> 
     </span>
    </p>
   </div>
   <div class='ocr_carea' id='block_1_14' title="bbox 267 1369 1853 1439">
    <p class='ocr_par' dir='ltr' id='par_1_14' title="bbox 267 1369 1853 1439">
     <span class='ocr_line' id='line_1_14' title="bbox 267 1369 1853 1439; baseline 0 -19"><span class='ocrx_word' id='word_1_86' title='bbox 267 1369 470 1429; x_wconf 39' lang='grc' dir='ltr'>,νεῦσαι</span> <span class='ocrx_word' id='word_1_87' title='bbox 499 1371 645 1436; x_wconf 84' lang='grc' dir='ltr'>λέγει</span> <span class='ocrx_word' id='word_1_88' title='bbox 674 1370 773 1439; x_wconf 80' lang='grc' dir='ltr'>τὴν</span> <span class='ocrx_word' id='word_1_89' title='bbox 821 1372 1056 1431; x_wconf 81' lang='grc' dir='ltr'>γυναῖκα</span> <span class='ocrx_word' id='word_1_90' title='bbox 1104 1371 1312 1437; x_wconf 85' lang='grc' dir='ltr'>ταύτην</span> <span class='ocrx_word' id='word_1_91' title='bbox 1361 1372 1387 1421; x_wconf 94' lang='lat'><strong>6</strong></span> <span class='ocrx_word' id='word_1_92' title='bbox 1416 1369 1592 1437; x_wconf 78' lang='grc' dir='ltr'>ἅγιος,</span> <span class='ocrx_word' id='word_1_93' title='bbox 1627 1369 1766 1436; x_wconf 78' lang='grc' dir='ltr'>πλὴν</span> <span class='ocrx_word' id='word_1_94' title='bbox 1797 1372 1853 1422; x_wconf 72' lang='grc' dir='ltr'>ὲν</span> 
     </span>
    </p>
   </div>
   <div class='ocr_carea' id='block_1_15' title="bbox 275 1459 1852 1530">
    <p class='ocr_par' dir='ltr' id='par_1_15' title="bbox 275 1459 1852 1530">
     <span class='ocr_line' id='line_1_15' title="bbox 275 1459 1852 1530; baseline 0 -20"><span class='ocrx_word' id='word_1_95' title='bbox 275 1460 471 1530; x_wconf 79' lang='grc' dir='ltr'><strong>ἀγνοίᾳ</strong></span> <span class='ocrx_word' id='word_1_96' title='bbox 501 1476 514 1490; x_wconf 81' lang='grc'><strong>”</strong></span> <span class='ocrx_word' id='word_1_97' title='bbox 550 1459 843 1528; x_wconf 78' lang='grc' dir='ltr'><strong>πορνεῦσαι</strong></span> <span class='ocrx_word' id='word_1_98' title='bbox 873 1461 930 1512; x_wconf 84' lang='grc' dir='ltr'>δὲ</span> <span class='ocrx_word' id='word_1_99' title='bbox 960 1460 1164 1528; x_wconf 85' lang='grc' dir='ltr'>ταύτην</span> <span class='ocrx_word' id='word_1_100' title='bbox 1193 1460 1365 1526; x_wconf 90' lang='grc' dir='ltr'>λέγει,</span> <span class='ocrx_word' id='word_1_101' title='bbox 1387 1459 1462 1521; x_wconf 84' lang='grc' dir='ltr'><strong>ὡς</strong></span> <span class='ocrx_word' id='word_1_102' title='bbox 1499 1462 1572 1529; x_wconf 83' lang='grc' dir='ltr'>μὴ</span> <span class='ocrx_word' id='word_1_103' title='bbox 1599 1459 1852 1521; x_wconf 79' lang='grc' dir='ltr'><strong>λυθέντος</strong></span> 
     </span>
    </p>
   </div>
   <div class='ocr_carea' id='block_1_16' title="bbox 277 1539 1852 1618">
    <p class='ocr_par' dir='ltr' id='par_1_16' title="bbox 277 1539 1852 1618">
     <span class='ocr_line' id='line_1_16' title="bbox 277 1539 1852 1618; baseline 0 -18"><span class='ocrx_word' id='word_1_104' title='bbox 277 1547 376 1600; x_wconf 85' lang='grc' dir='ltr'><strong>τοῦ</strong></span> <span class='ocrx_word' id='word_1_105' title='bbox 426 1553 692 1618; x_wconf 82' lang='grc' dir='ltr'><strong>προτέρου</strong></span> <span class='ocrx_word' id='word_1_106' title='bbox 723 1551 926 1618; x_wconf 76' lang='grc' dir='ltr'>γάμου.</span> <span class='ocrx_word' id='word_1_107' title='bbox 963 1549 1071 1601; x_wconf 84' lang='grc' dir='ltr'><strong>Τοῦ</strong></span> <span class='ocrx_word' id='word_1_108' title='bbox 1111 1549 1330 1618; x_wconf 75' lang='grc' dir='ltr'>πρώτου</span> <span class='ocrx_word' id='word_1_109' title='bbox 1365 1549 1419 1600; x_wconf 76' lang='grc' dir='ltr'>δὲ</span> <span class='ocrx_word' id='word_1_110' title='bbox 1451 1539 1544 1618; x_wconf 77' lang='grc' dir='ltr'><strong>μὴ’</strong></span> <span class='ocrx_word' id='word_1_111' title='bbox 1575 1548 1852 1609; x_wconf 73' lang='grc' dir='ltr'><strong>λυθέντος,</strong></span> 
     </span>
    </p>
   </div>
   <div class='ocr_carea' id='block_1_17' title="bbox 283 1639 1853 1710">
    <p class='ocr_par' dir='ltr' id='par_1_17' title="bbox 283 1639 1853 1710">
     <span class='ocr_line' id='line_1_17' title="bbox 283 1639 1853 1710; baseline -0.001 -19"><span class='ocrx_word' id='word_1_112' title='bbox 283 1639 401 1702; x_wconf 82' lang='grc' dir='ltr'>πῶς</span> <span class='ocrx_word' id='word_1_113' title='bbox 445 1641 507 1691; x_wconf 79' lang='grc' dir='ltr'>ἂν</span> <span class='ocrx_word' id='word_1_114' title='bbox 551 1643 583 1709; x_wconf 72' lang='grc' dir='ltr'>ἡ</span> <span class='ocrx_word' id='word_1_115' title='bbox 617 1641 749 1709; x_wconf 79' lang='grc' dir='ltr'>πρὸς</span> <span class='ocrx_word' id='word_1_116' title='bbox 795 1641 892 1710; x_wconf 79' lang='grc' dir='ltr'>τὴν</span> <span class='ocrx_word' id='word_1_117' title='bbox 941 1640 1205 1709; x_wconf 72' lang='grc' dir='ltr'>δευτέραν</span> <span class='ocrx_word' id='word_1_118' title='bbox 1255 1643 1493 1706; x_wconf 83' lang='grc' dir='ltr'>γυναῖκα</span> <span class='ocrx_word' id='word_1_119' title='bbox 1541 1641 1853 1705; x_wconf 75' lang='grc' dir='ltr'>συνοίκησις</span> 
     </span>
    </p>
   </div>
   <div class='ocr_carea' id='block_1_18' title="bbox 273 1729 1854 1800">
    <p class='ocr_par' dir='ltr' id='par_1_18' title="bbox 273 1729 1854 1800">
     <span class='ocr_line' id='line_1_18' title="bbox 273 1729 1854 1800; baseline 0 -20"><span class='ocrx_word' id='word_1_120' title='bbox 273 1729 526 1796; x_wconf 70' lang='grc' dir='ltr'>δεύτερος</span> <span class='ocrx_word' id='word_1_121' title='bbox 555 1730 680 1800; x_wconf 70' lang='grc' dir='ltr'>δόξῃ</span> <span class='ocrx_word' id='word_1_122' title='bbox 709 1730 886 1798; x_wconf 84' lang='grc' dir='ltr'><strong>γάμος</strong></span> <span class='ocrx_word' id='word_1_123' title='bbox 910 1747 923 1794; x_wconf 93' lang='grc'><strong>;</strong></span> <span class='ocrx_word' id='word_1_124' title='bbox 959 1731 1018 1782; x_wconf 82' lang='grc' dir='ltr'>Εἰ</span> <span class='ocrx_word' id='word_1_125' title='bbox 1041 1731 1096 1782; x_wconf 80' lang='grc' dir='ltr'>δὲ</span> <span class='ocrx_word' id='word_1_126' title='bbox 1125 1730 1302 1798; x_wconf 68' lang='grc' dir='ltr'>γάμος</span> <span class='ocrx_word' id='word_1_127' title='bbox 1336 1732 1435 1782; x_wconf 81' lang='grc' dir='ltr'>οὐκ</span> <span class='ocrx_word' id='word_1_128' title='bbox 1463 1729 1602 1788; x_wconf 80' lang='grc' dir='ltr'>ἔστι,</span> <span class='ocrx_word' id='word_1_129' title='bbox 1638 1734 1854 1792; x_wconf 84' lang='grc' dir='ltr'>πάντως</span> 
     </span>
    </p>
   </div>
   <div class='ocr_carea' id='block_1_19' title="bbox 271 1819 1850 1889">
    <p class='ocr_par' dir='ltr' id='par_1_19' title="bbox 271 1819 1850 1889">
     <span class='ocr_line' id='line_1_19' title="bbox 271 1819 1850 1889; baseline -0.001 -18"><span class='ocrx_word' id='word_1_130' title='bbox 271 1819 430 1873; x_wconf 80' lang='grc' dir='ltr'>ἔσται</span> <span class='ocrx_word' id='word_1_131' title='bbox 460 1823 703 1889; x_wconf 72' lang='grc' dir='ltr'>πορνεία.</span> <span class='ocrx_word' id='word_1_132' title='bbox 747 1824 850 1873; x_wconf 82' lang='grc' dir='ltr'><strong>Καὶ</strong></span> <span class='ocrx_word' id='word_1_133' title='bbox 879 1824 906 1873; x_wconf 97' lang='lat'><strong>6</strong></span> <span class='ocrx_word' id='word_1_134' title='bbox 937 1822 1035 1888; x_wconf 79' lang='grc' dir='ltr'>μὲν</span> <span class='ocrx_word' id='word_1_135' title='bbox 1062 1821 1201 1889; x_wconf 76' lang='grc' dir='ltr'>ἀνὴρ</span> <span class='ocrx_word' id='word_1_136' title='bbox 1235 1821 1430 1888; x_wconf 81' lang='grc' dir='ltr'>πόρνος</span> <span class='ocrx_word' id='word_1_137' title='bbox 1463 1824 1668 1889; x_wconf 73' lang='grc' dir='ltr'>κυρίως</span> <span class='ocrx_word' id='word_1_138' title='bbox 1701 1821 1850 1887; x_wconf 87' lang='grc' dir='ltr'>λογι-</span> 
     </span>
    </p>
   </div>
   <div class='ocr_carea' id='block_1_20' title="bbox 272 1911 1848 1982">
    <p class='ocr_par' dir='ltr' id='par_1_20' title="bbox 272 1911 1848 1982">
     <span class='ocr_line' id='line_1_20' title="bbox 272 1911 1848 1982; baseline -0.001 -19"><span class='ocrx_word' id='word_1_139' title='bbox 272 1913 557 1981; x_wconf 84' lang='grc' dir='ltr'>σθήσεται,</span> <span class='ocrx_word' id='word_1_140' title='bbox 586 1915 617 1981; x_wconf 81' lang='grc' dir='ltr'>ἡ</span> <span class='ocrx_word' id='word_1_141' title='bbox 652 1915 704 1964; x_wconf 78' lang='grc' dir='ltr'>δὲ</span> <span class='ocrx_word' id='word_1_142' title='bbox 735 1914 872 1980; x_wconf 81' lang='grc' dir='ltr'><strong>γυνῆ</strong></span> <span class='ocrx_word' id='word_1_143' title='bbox 909 1913 1203 1982; x_wconf 77' lang='grc' dir='ltr'>πορνεῦσαι</span> <span class='ocrx_word' id='word_1_144' title='bbox 1238 1913 1336 1980; x_wconf 84' lang='grc' dir='ltr'>μὲν</span> <span class='ocrx_word' id='word_1_145' title='bbox 1359 1913 1597 1978; x_wconf 85' lang='grc' dir='ltr'>λέγεται,</span> <span class='ocrx_word' id='word_1_146' title='bbox 1630 1911 1768 1978; x_wconf 83' lang='grc' dir='ltr'>πλὴν</span> <span class='ocrx_word' id='word_1_147' title='bbox 1791 1914 1848 1963; x_wconf 84' lang='grc' dir='ltr'>ἐν</span> 
     </span>
    </p>
   </div>
   <div class='ocr_carea' id='block_1_21' title="bbox 269 2003 1842 2072">
    <p class='ocr_par' dir='ltr' id='par_1_21' title="bbox 269 2003 1842 2072">
     <span class='ocr_line' id='line_1_21' title="bbox 269 2003 1842 2072; baseline -0.001 -18"><span class='ocrx_word' id='word_1_148' title='bbox 269 2003 483 2072; x_wconf 65' lang='grc' dir='ltr'>ἀγνοίᾳ.</span> <span class='ocrx_word' id='word_1_149' title='bbox 515 2005 590 2055; x_wconf 84' lang='grc' dir='ltr'><strong>Οὐ</strong></span> <span class='ocrx_word' id='word_1_150' title='bbox 624 2005 731 2071; x_wconf 74' lang='grc' dir='ltr'>γὰρ</span> <span class='ocrx_word' id='word_1_151' title='bbox 765 2003 1022 2071; x_wconf 78' lang='grc' dir='ltr'><strong>πορνείαν</strong></span> <span class='ocrx_word' id='word_1_152' title='bbox 1052 2004 1368 2072; x_wconf 74' lang='grc' dir='ltr'>ἁμαρτῆσαι</span> <span class='ocrx_word' id='word_1_153' title='bbox 1419 2008 1622 2055; x_wconf 72' lang='grc' dir='ltr'>σκοπὸν</span> <span class='ocrx_word' id='word_1_154' title='bbox 1665 2003 1842 2072; x_wconf 79' lang='grc' dir='ltr'>ἔσχεν,</span> 
     </span>
    </p>
   </div>
   <div class='ocr_carea' id='block_1_22' title="bbox 266 2093 1844 2165">
    <p class='ocr_par' dir='ltr' id='par_1_22' title="bbox 266 2093 1844 2165">
     <span class='ocr_line' id='line_1_22' title="bbox 266 2093 1844 2165; baseline 0 -19"><span class='ocrx_word' id='word_1_155' title='bbox 266 2095 406 2147; x_wconf 78' lang='grc' dir='ltr'>ἀλλὰ</span> <span class='ocrx_word' id='word_1_156' title='bbox 452 2097 629 2164; x_wconf 81' lang='grc' dir='ltr'>γάμον</span> <span class='ocrx_word' id='word_1_157' title='bbox 675 2095 1053 2165; x_wconf 77' lang='grc' dir='ltr'>συστήσασθαι</span> <span class='ocrx_word' id='word_1_158' title='bbox 1099 2095 1348 2163; x_wconf 76' lang='grc' dir='ltr'>ἔννομον.</span> <span class='ocrx_word' id='word_1_159' title='bbox 1403 2093 1476 2147; x_wconf 75' lang='grc' dir='ltr'><strong>Τὸ</strong></span> <span class='ocrx_word' id='word_1_160' title='bbox 1515 2096 1568 2147; x_wconf 82' lang='grc' dir='ltr'>δὲ</span> <span class='ocrx_word' id='word_1_161' title='bbox 1611 2095 1844 2164; x_wconf 83' lang='grc' dir='ltr'>πρᾶγμα</span> 
     </span>
    </p>
   </div>
   <div class='ocr_carea' id='block_1_23' title="bbox 269 2185 1843 2256">
    <p class='ocr_par' dir='ltr' id='par_1_23' title="bbox 269 2185 1843 2256">
     <span class='ocr_line' id='line_1_23' title="bbox 269 2185 1843 2256; baseline -0.001 -18"><span class='ocrx_word' id='word_1_162' title='bbox 269 2187 538 2256; x_wconf 85' lang='grc' dir='ltr'>περιέστη</span> <span class='ocrx_word' id='word_1_163' title='bbox 578 2188 653 2248; x_wconf 86' lang='grc' dir='ltr'><strong>είς</strong></span> <span class='ocrx_word' id='word_1_164' title='bbox 685 2187 854 2255; x_wconf 76' lang='grc' dir='ltr'>τὸμὴ</span> <span class='ocrx_word' id='word_1_165' title='bbox 906 2186 1218 2252; x_wconf 74' lang='grc' dir='ltr'>λογίζεσθαι</span> <span class='ocrx_word' id='word_1_166' title='bbox 1262 2186 1462 2255; x_wconf 79' lang='grc' dir='ltr'>γάμον,</span> <span class='ocrx_word' id='word_1_167' title='bbox 1513 2187 1603 2238; x_wconf 75' lang='grc' dir='ltr'><strong>διὰ</strong></span> <span class='ocrx_word' id='word_1_168' title='bbox 1654 2187 1713 2237; x_wconf 78' lang='grc' dir='ltr'><strong>τὸ</strong></span> <span class='ocrx_word' id='word_1_169' title='bbox 1763 2185 1843 2237; x_wconf 84' lang='grc' dir='ltr'>ἔτι</span> 
     </span>
    </p>
   </div>
   <div class='ocr_carea' id='block_1_24' title="bbox 272 2276 1845 2346">
    <p class='ocr_par' dir='ltr' id='par_1_24' title="bbox 272 2276 1845 2346">
     <span class='ocr_line' id='line_1_24' title="bbox 272 2276 1845 2346; baseline -0.001 -16"><span class='ocrx_word' id='word_1_170' title='bbox 272 2280 457 2346; x_wconf 83' lang='grc' dir='ltr'>μένειν</span> <span class='ocrx_word' id='word_1_171' title='bbox 502 2280 593 2329; x_wconf 78' lang='grc' dir='ltr'>τὸν</span> <span class='ocrx_word' id='word_1_172' title='bbox 655 2279 874 2346; x_wconf 79' lang='grc' dir='ltr'>πρῶτον</span> <span class='ocrx_word' id='word_1_173' title='bbox 904 2279 1106 2344; x_wconf 77' lang='grc' dir='ltr'>γάμον.</span> <span class='ocrx_word' id='word_1_174' title='bbox 1160 2277 1272 2342; x_wconf 80' lang='grc' dir='ltr'><strong>Τῆς</strong></span> <span class='ocrx_word' id='word_1_175' title='bbox 1302 2277 1360 2328; x_wconf 84' lang='grc' dir='ltr'>δὲ</span> <span class='ocrx_word' id='word_1_176' title='bbox 1411 2277 1546 2343; x_wconf 74' lang='grc' dir='ltr'>πρὸς</span> <span class='ocrx_word' id='word_1_177' title='bbox 1607 2279 1705 2339; x_wconf 74' lang='grc' dir='ltr'>τὰς</span> <span class='ocrx_word' id='word_1_178' title='bbox 1749 2276 1845 2328; x_wconf 82' lang='grc' dir='ltr'>δύο</span> 
     </span>
    </p>
   </div>
   <div class='ocr_carea' id='block_1_25' title="bbox 269 2367 1841 2436">
    <p class='ocr_par' dir='ltr' id='par_1_25' title="bbox 269 2367 1841 2436">
     <span class='ocr_line' id='line_1_25' title="bbox 269 2367 1841 2436; baseline -0.002 -15"><span class='ocrx_word' id='word_1_179' title='bbox 269 2368 574 2436; x_wconf 71' lang='grc' dir='ltr'>συναφείας</span> <span class='ocrx_word' id='word_1_180' title='bbox 611 2369 685 2436; x_wconf 82' lang='grc' dir='ltr'>μὴ</span> <span class='ocrx_word' id='word_1_181' title='bbox 709 2367 1068 2436; x_wconf 71' lang='grc' dir='ltr'><strong>λογιζομένης</strong></span> <span class='ocrx_word' id='word_1_182' title='bbox 1115 2368 1290 2436; x_wconf 76' lang='grc' dir='ltr'>γάμον</span> <span class='ocrx_word' id='word_1_183' title='bbox 1319 2409 1334 2432; x_wconf 87' lang='grc'><strong>,</strong></span> <span class='ocrx_word' id='word_1_184' title='bbox 1377 2367 1431 2418; x_wconf 83' lang='grc' dir='ltr'><strong>τί</strong></span> <span class='ocrx_word' id='word_1_185' title='bbox 1463 2367 1528 2419; x_wconf 76' lang='grc' dir='ltr'>ἂν</span> <span class='ocrx_word' id='word_1_186' title='bbox 1569 2369 1780 2433; x_wconf 67' lang='grc' dir='ltr'>λέγοιτο</span> <span class='ocrx_word' id='word_1_187' title='bbox 1810 2368 1841 2436; x_wconf 79' lang='grc' dir='ltr'>ἡ</span> 
     </span>
    </p>
   </div>
   <div class='ocr_carea' id='block_1_26' title="bbox 268 2455 1844 2527">
    <p class='ocr_par' dir='ltr' id='par_1_26' title="bbox 268 2455 1844 2527">
     <span class='ocr_line' id='line_1_26' title="bbox 268 2455 1844 2527; baseline -0.002 -17"><span class='ocrx_word' id='word_1_188' title='bbox 268 2459 539 2527; x_wconf 77' lang='grc' dir='ltr'>συνάφεια</span> <span class='ocrx_word' id='word_1_189' title='bbox 571 2459 604 2524; x_wconf 81' lang='grc' dir='ltr'>ἦ</span> <span class='ocrx_word' id='word_1_190' title='bbox 632 2459 879 2525; x_wconf 85' lang='grc' dir='ltr'>πορνεία,</span> <span class='ocrx_word' id='word_1_191' title='bbox 918 2456 1052 2523; x_wconf 78' lang='grc' dir='ltr'>πλὴν</span> <span class='ocrx_word' id='word_1_192' title='bbox 1075 2456 1131 2506; x_wconf 86' lang='grc' dir='ltr'><strong>ἑν</strong></span> <span class='ocrx_word' id='word_1_193' title='bbox 1163 2455 1357 2525; x_wconf 71' lang='grc' dir='ltr'>ἀγνοίᾳ</span> <span class='ocrx_word' id='word_1_194' title='bbox 1389 2457 1653 2523; x_wconf 84' lang='grc' dir='ltr'>γινομένη</span> <span class='ocrx_word' id='word_1_195' title='bbox 1689 2472 1703 2519; x_wconf 90' lang='lat'>;</span> <span class='ocrx_word' id='word_1_196' title='bbox 1753 2456 1844 2507; x_wconf 67' lang='lat' dir='ltr'><strong>At’)</strong></span> 
     </span>
    </p>
   </div>
   <div class='ocr_carea' id='block_1_27' title="bbox 269 2543 1841 2618">
    <p class='ocr_par' dir='ltr' id='par_1_27' title="bbox 269 2543 1841 2618">
     <span class='ocr_line' id='line_1_27' title="bbox 269 2543 1841 2618; baseline -0.001 -16"><span class='ocrx_word' id='word_1_197' title='bbox 269 2552 363 2603; x_wconf 76' lang='grc' dir='ltr'>καὶ</span> <span class='ocrx_word' id='word_1_198' title='bbox 397 2552 674 2618; x_wconf 81' lang='grc' dir='ltr'><strong>ἐπήγαγεν</strong></span> <span class='ocrx_word' id='word_1_199' title='bbox 698 2551 724 2601; x_wconf 87' lang='grc' dir='ltr'>ὁ</span> <span class='ocrx_word' id='word_1_200' title='bbox 758 2548 980 2600; x_wconf 80' lang='grc' dir='ltr'>κανών··</span> <span class='ocrx_word' id='word_1_201' title='bbox 1012 2547 1197 2614; x_wconf 84' lang='grc' dir='ltr'>Γάμου</span> <span class='ocrx_word' id='word_1_202' title='bbox 1226 2543 1318 2599; x_wconf 72' lang='grc' dir='ltr'>οὖν</span> <span class='ocrx_word' id='word_1_203' title='bbox 1341 2548 1440 2598; x_wconf 72' lang='grc' dir='ltr'>οὐκ</span> <span class='ocrx_word' id='word_1_204' title='bbox 1470 2547 1841 2617; x_wconf 70' lang='grc' dir='ltr'>εἶρχθήσεται.</span> 
     </span>
    </p>
   </div>
   <div class='ocr_carea' id='block_1_28' title="bbox 266 2637 1842 2709">
    <p class='ocr_par' dir='ltr' id='par_1_28' title="bbox 266 2637 1842 2709">
     <span class='ocr_line' id='line_1_28' title="bbox 266 2637 1842 2709; baseline -0.003 -15"><span class='ocrx_word' id='word_1_205' title='bbox 266 2642 343 2694; x_wconf 78' lang='grc' dir='ltr'><strong>Οὐ</strong></span> <span class='ocrx_word' id='word_1_206' title='bbox 378 2642 486 2708; x_wconf 72' lang='grc' dir='ltr'><strong>γὰρ</strong></span> <span class='ocrx_word' id='word_1_207' title='bbox 515 2641 586 2702; x_wconf 84' lang='grc' dir='ltr'>ὡς</span> <span class='ocrx_word' id='word_1_208' title='bbox 622 2640 752 2709; x_wconf 53' lang='grc' dir='ltr'>παῤ</span> <span class='ocrx_word' id='word_1_209' title='bbox 787 2638 979 2707; x_wconf 71' lang='grc' dir='ltr'>ἀνδρὸς</span> <span class='ocrx_word' id='word_1_210' title='bbox 1035 2639 1302 2705; x_wconf 80' lang='grc' dir='ltr'><strong>ἀφεθεῖσα</strong></span> <span class='ocrx_word' id='word_1_211' title='bbox 1351 2637 1646 2705; x_wconf 78' lang='grc' dir='ltr'>λογὶζεται.</span> <span class='ocrx_word' id='word_1_212' title='bbox 1693 2639 1842 2690; x_wconf 72' lang='grc' dir='ltr'><strong>Ἐπεὶ</strong></span> 
     </span>
    </p>
   </div>
   <div class='ocr_carea' id='block_1_29' title="bbox 263 2726 1837 2798">
    <p class='ocr_par' dir='ltr' id='par_1_29' title="bbox 263 2726 1837 2798">
     <span class='ocr_line' id='line_1_29' title="bbox 263 2726 1837 2798; baseline -0.002 -18"><span class='ocrx_word' id='word_1_213' title='bbox 263 2732 316 2782; x_wconf 82' lang='grc' dir='ltr'><strong>εί</strong></span> <span class='ocrx_word' id='word_1_214' title='bbox 344 2731 502 2782; x_wconf 86' lang='grc' dir='ltr'>τοῦτο</span> <span class='ocrx_word' id='word_1_215' title='bbox 527 2726 596 2798; x_wconf 81' lang='grc' dir='ltr'>ἦν</span> <span class='ocrx_word' id='word_1_216' title='bbox 627 2731 724 2782; x_wconf 73' lang='grc' dir='ltr'>καὶ</span> <span class='ocrx_word' id='word_1_217' title='bbox 750 2730 924 2798; x_wconf 82' lang='grc' dir='ltr'>ἑτέρῳ</span> <span class='ocrx_word' id='word_1_218' title='bbox 949 2727 1174 2797; x_wconf 67' lang='grc' dir='ltr'>ἐμίχθη,</span> <span class='ocrx_word' id='word_1_219' title='bbox 1208 2727 1456 2795; x_wconf 67' lang='grc' dir='ltr'>μοιχαλὶς</span> <span class='ocrx_word' id='word_1_220' title='bbox 1481 2728 1729 2796; x_wconf 78' lang='grc' dir='ltr'>ἐκρίνετο</span> <span class='ocrx_word' id='word_1_221' title='bbox 1753 2727 1837 2788; x_wconf 77' lang='grc' dir='ltr'>ἂν,</span> 
     </span>
    </p>
   </div>
   <div class='ocr_carea' id='block_1_30' title="bbox 264 2818 1842 2886">
    <p class='ocr_par' dir='ltr' id='par_1_30' title="bbox 264 2818 1842 2886">
     <span class='ocr_line' id='line_1_30' title="bbox 264 2818 1842 2886; baseline -0.004 -12"><span class='ocrx_word' id='word_1_222' title='bbox 264 2825 410 2874; x_wconf 69' lang='grc' dir='ltr'>κατὰ</span> <span class='ocrx_word' id='word_1_223' title='bbox 436 2821 526 2874; x_wconf 77' lang='grc' dir='ltr'><strong>τὸν</strong></span> <span class='ocrx_word' id='word_1_224' title='bbox 557 2821 775 2873; x_wconf 73' lang='grc' dir='ltr'>ἔννατον</span> <span class='ocrx_word' id='word_1_225' title='bbox 817 2821 1039 2872; x_wconf 81' lang='grc' dir='ltr'>κανόνα.</span> <span class='ocrx_word' id='word_1_226' title='bbox 1092 2818 1218 2870; x_wconf 87' lang='grc' dir='ltr'>’Ότι</span> <span class='ocrx_word' id='word_1_227' title='bbox 1258 2820 1379 2871; x_wconf 74' lang='grc' dir='ltr'><strong>οὐδὲ</strong></span> <span class='ocrx_word' id='word_1_228' title='bbox 1429 2820 1635 2886; x_wconf 77' lang='grc' dir='ltr'>κυρίως</span> <span class='ocrx_word' id='word_1_229' title='bbox 1665 2819 1842 2886; x_wconf 66' lang='grc' dir='ltr'>γάμος</span> 
     </span>
    </p>
   </div>
   <div class='ocr_carea' id='block_1_31' title="bbox 265 2910 1842 2982">
    <p class='ocr_par' dir='ltr' id='par_1_31' title="bbox 265 2910 1842 2982">
     <span class='ocr_line' id='line_1_31' title="bbox 265 2910 1842 2982; baseline -0.001 -18"><span class='ocrx_word' id='word_1_230' title='bbox 265 2914 406 2982; x_wconf 63' lang='grc' dir='ltr'>προς</span> <span class='ocrx_word' id='word_1_231' title='bbox 437 2913 534 2982; x_wconf 81' lang='grc' dir='ltr'>τὴν</span> <span class='ocrx_word' id='word_1_232' title='bbox 592 2913 853 2980; x_wconf 78' lang='grc' dir='ltr'>δευτέραν</span> <span class='ocrx_word' id='word_1_233' title='bbox 903 2913 1136 2978; x_wconf 83' lang='grc' dir='ltr'>γυναῖκα</span> <span class='ocrx_word' id='word_1_234' title='bbox 1194 2910 1494 2978; x_wconf 78' lang='grc' dir='ltr'>συμδίωσις</span> <span class='ocrx_word' id='word_1_235' title='bbox 1542 2910 1706 2970; x_wconf 85' lang='grc' dir='ltr'>δοκεῖ,</span> <span class='ocrx_word' id='word_1_236' title='bbox 1758 2911 1842 2962; x_wconf 76' lang='grc' dir='ltr'><strong>δια</strong></span> 
     </span>
    </p>
   </div>
   <div class='ocr_carea' id='block_1_32' title="bbox 263 3001 1840 3073">
    <p class='ocr_par' dir='ltr' id='par_1_32' title="bbox 263 3001 1840 3073">
     <span class='ocr_line' id='line_1_32' title="bbox 263 3001 1840 3073; baseline -0.003 -17"><span class='ocrx_word' id='word_1_237' title='bbox 263 3005 422 3058; x_wconf 84' lang='grc' dir='ltr'>τοῦτο</span> <span class='ocrx_word' id='word_1_238' title='bbox 452 3005 632 3073; x_wconf 81' lang='grc' dir='ltr'>γάμου</span> <span class='ocrx_word' id='word_1_239' title='bbox 656 3005 754 3055; x_wconf 82' lang='grc' dir='ltr'><strong>οὑκ</strong></span> <span class='ocrx_word' id='word_1_240' title='bbox 777 3003 1020 3072; x_wconf 81' lang='grc' dir='ltr'>εἴργεται</span> <span class='ocrx_word' id='word_1_241' title='bbox 1043 3005 1075 3071; x_wconf 79' lang='grc' dir='ltr'>ἡ</span> <span class='ocrx_word' id='word_1_242' title='bbox 1103 3004 1261 3070; x_wconf 85' lang='grc' dir='ltr'>γυνή.</span> <span class='ocrx_word' id='word_1_243' title='bbox 1293 3002 1378 3063; x_wconf 87' lang='grc' dir='ltr'><strong>Ὠς</strong></span> <span class='ocrx_word' id='word_1_244' title='bbox 1407 3001 1462 3053; x_wconf 88' lang='grc' dir='ltr'>δὲ</span> <span class='ocrx_word' id='word_1_245' title='bbox 1494 3001 1677 3062; x_wconf 80' lang='grc' dir='ltr'>ἁπλῶς</span> <span class='ocrx_word' id='word_1_246' title='bbox 1706 3002 1840 3070; x_wconf 75' lang='grc' dir='ltr'>γυνὴ</span> 
     </span>
    </p>
   </div>
   <div class='ocr_carea' id='block_1_33' title="bbox 261 3093 1839 3165">
    <p class='ocr_par' dir='ltr' id='par_1_33' title="bbox 261 3093 1839 3165">
     <span class='ocr_line' id='line_1_33' title="bbox 261 3093 1839 3165; baseline 0 -21"><span class='ocrx_word' id='word_1_247' title='bbox 261 3097 625 3165; x_wconf 76' lang='grc' dir='ltr'>ὀνομασθεῖσα</span> <span class='ocrx_word' id='word_1_248' title='bbox 671 3096 900 3165; x_wconf 74' lang='grc' dir='ltr'>ἀνδρὸς,</span> <span class='ocrx_word' id='word_1_249' title='bbox 964 3096 1010 3145; x_wconf 84' lang='grc' dir='ltr'><strong>εί</strong></span> <span class='ocrx_word' id='word_1_250' title='bbox 1069 3095 1145 3164; x_wconf 82' lang='grc' dir='ltr'>μὴ</span> <span class='ocrx_word' id='word_1_251' title='bbox 1189 3094 1360 3163; x_wconf 80' lang='grc' dir='ltr'>ἑτέρῳ</span> <span class='ocrx_word' id='word_1_252' title='bbox 1410 3093 1706 3162; x_wconf 79' lang='grc' dir='ltr'>συναφθιίη</span> <span class='ocrx_word' id='word_1_253' title='bbox 1761 3093 1839 3144; x_wconf 71' lang='grc' dir='ltr'>ἔτι</span> 
     </span>
    </p>
   </div>
   <div class='ocr_carea' id='block_1_34' title="bbox 1957 636 3520 705">
    <p class='ocr_par' dir='ltr' id='par_1_34' title="bbox 1957 636 3520 705">
     <span class='ocr_line' id='line_1_34' title="bbox 1957 636 3520 705; baseline 0.006 -18"><span class='ocrx_word' id='word_1_254' title='bbox 1957 636 2098 705; x_wconf 86' lang='lat' dir='ltr'><strong>quod</strong></span> <span class='ocrx_word' id='word_1_255' title='bbox 2127 637 2360 690; x_wconf 88' lang='lat' dir='ltr'><strong>alienum</strong></span> <span class='ocrx_word' id='word_1_256' title='bbox 2392 636 2491 690; x_wconf 84' lang='lat' dir='ltr'><strong>sibi</strong></span> <span class='ocrx_word' id='word_1_257' title='bbox 2528 636 2703 689; x_wconf 82' lang='lat' dir='ltr'><strong>virum</strong></span> <span class='ocrx_word' id='word_1_258' title='bbox 2751 637 3050 704; x_wconf 72' lang='lat' dir='ltr'><strong>usurpavit,</strong></span> <span class='ocrx_word' id='word_1_259' title='bbox 3081 650 3136 691; x_wconf 90' lang='lat' dir='ltr'><strong>ut</strong></span> <span class='ocrx_word' id='word_1_260' title='bbox 3186 640 3236 692; x_wconf 93' lang='lat' dir='ltr'><strong>iu</strong></span> <span class='ocrx_word' id='word_1_261' title='bbox 3261 639 3366 693; x_wconf 81' lang='lat' dir='ltr'><strong>line</strong></span> <span class='ocrx_word' id='word_1_262' title='bbox 3399 657 3520 698; x_wconf 87' lang='lat' dir='ltr'><strong>ean.</strong></span> 
     </span>
    </p>
   </div>
   <div class='ocr_carea' id='block_1_35' title="bbox 1966 728 3521 803">
    <p class='ocr_par' dir='ltr' id='par_1_35' title="bbox 1966 728 3521 803">
     <span class='ocr_line' id='line_1_35' title="bbox 1966 728 3521 803; baseline 0.005 -20"><span class='ocrx_word' id='word_1_263' title='bbox 1966 731 1998 784; x_wconf 84' lang='lat'><strong>9</strong></span> <span class='ocrx_word' id='word_1_264' title='bbox 2038 729 2364 782; x_wconf 73' lang='lat' dir='ltr'><strong>continetur.</strong></span> <span class='ocrx_word' id='word_1_265' title='bbox 2394 728 2497 782; x_wconf 89' lang='lat' dir='ltr'><strong>Sed</strong></span> <span class='ocrx_word' id='word_1_266' title='bbox 2533 729 2577 782; x_wconf 82' lang='lat' dir='ltr'><strong>si</strong></span> <span class='ocrx_word' id='word_1_267' title='bbox 2603 728 2654 782; x_wconf 91' lang='lat' dir='ltr'><strong>id</strong></span> <span class='ocrx_word' id='word_1_268' title='bbox 2679 728 2984 797; x_wconf 76' lang='lat' dir='ltr'><strong>ignorabat,</strong></span> <span class='ocrx_word' id='word_1_269' title='bbox 3016 729 3149 785; x_wconf 80' lang='lat' dir='ltr'><strong>forte</strong></span> <span class='ocrx_word' id='word_1_270' title='bbox 3191 733 3332 786; x_wconf 84' lang='lat' dir='ltr'><strong>enim</strong></span> <span class='ocrx_word' id='word_1_271' title='bbox 3367 750 3521 803; x_wconf 83' lang='lat' dir='ltr'><strong>pere-</strong></span> 
     </span>
    </p>
   </div>
   <div class='ocr_carea' id='block_1_36' title="bbox 1958 819 3520 889">
    <p class='ocr_par' dir='ltr' id='par_1_36' title="bbox 1958 819 3520 889">
     <span class='ocr_line' id='line_1_36' title="bbox 1958 819 3520 889; baseline 0.006 -19"><span class='ocrx_word' id='word_1_272' title='bbox 1958 819 2143 887; x_wconf 78' lang='lat' dir='ltr'><strong>grinus</strong></span> <span class='ocrx_word' id='word_1_273' title='bbox 2173 829 2309 883; x_wconf 87' lang='lat' dir='ltr'><strong>erat,</strong></span> <span class='ocrx_word' id='word_1_274' title='bbox 2376 833 2473 873; x_wconf 90' lang='lat' dir='ltr'><strong>nec</strong></span> <span class='ocrx_word' id='word_1_275' title='bbox 2518 834 2634 886; x_wconf 71' lang='lat' dir='ltr'><strong>qua:</strong></span> <span class='ocrx_word' id='word_1_276' title='bbox 2691 820 2756 873; x_wconf 89' lang='lat' dir='ltr'><strong>ad</strong></span> <span class='ocrx_word' id='word_1_277' title='bbox 2819 819 2990 887; x_wconf 88' lang='lat' dir='ltr'><strong>ipsum</strong></span> <span class='ocrx_word' id='word_1_278' title='bbox 3042 824 3354 889; x_wconf 79' lang='lat' dir='ltr'><strong>spectabant</strong></span> <span class='ocrx_word' id='word_1_279' title='bbox 3398 837 3520 880; x_wconf 88' lang='lat' dir='ltr'><strong>nota</strong></span> 
     </span>
    </p>
   </div>
   <div class='ocr_carea' id='block_1_37' title="bbox 1958 906 3522 976">
    <p class='ocr_par' dir='ltr' id='par_1_37' title="bbox 1958 906 3522 976">
     <span class='ocr_line' id='line_1_37' title="bbox 1958 906 3522 976; baseline 0.001 -15"><span class='ocrx_word' id='word_1_280' title='bbox 1958 918 2134 972; x_wconf 89' lang='lat' dir='ltr'><strong>erant,</strong></span> <span class='ocrx_word' id='word_1_281' title='bbox 2161 907 2341 976; x_wconf 84' lang='lat' dir='ltr'><strong>aliquo</strong></span> <span class='ocrx_word' id='word_1_282' title='bbox 2366 922 2525 976; x_wconf 85' lang='lat' dir='ltr'><strong>porro</strong></span> <span class='ocrx_word' id='word_1_283' title='bbox 2554 906 2811 975; x_wconf 90' lang='lat' dir='ltr'><strong>temporis</strong></span> <span class='ocrx_word' id='word_1_284' title='bbox 2877 909 3158 962; x_wconf 85' lang='lat' dir='ltr'><strong>intervallo</strong></span> <span class='ocrx_word' id='word_1_285' title='bbox 3218 910 3284 964; x_wconf 86' lang='lat' dir='ltr'><strong>ad</strong></span> <span class='ocrx_word' id='word_1_286' title='bbox 3319 911 3522 970; x_wconf 84' lang='lat' dir='ltr'><strong>virum,</strong></span> 
     </span>
    </p>
   </div>
   <div class='ocr_carea' id='block_1_38' title="bbox 1957 999 3523 1068">
    <p class='ocr_par' dir='ltr' id='par_1_38' title="bbox 1957 999 3523 1068">
     <span class='ocr_line' id='line_1_38' title="bbox 1957 999 3523 1068; baseline 0 -16"><span class='ocrx_word' id='word_1_287' title='bbox 1957 1016 2080 1066; x_wconf 60' lang='lat' dir='ltr'><strong>quat</strong></span> <span class='ocrx_word' id='word_1_288' title='bbox 2127 1001 2301 1066; x_wconf 80' lang='lat' dir='ltr'><strong>ipsum</strong></span> <span class='ocrx_word' id='word_1_289' title='bbox 2349 1000 2662 1052; x_wconf 78' lang='lat' dir='ltr'><strong>deseruerat</strong></span> <span class='ocrx_word' id='word_1_290' title='bbox 2715 999 2960 1062; x_wconf 76' lang='lat' dir='ltr'><strong>revertit,</strong></span> <span class='ocrx_word' id='word_1_291' title='bbox 3024 1014 3087 1052; x_wconf 89' lang='lat' dir='ltr'><strong>ac</strong></span> <span class='ocrx_word' id='word_1_292' title='bbox 3145 1001 3370 1068; x_wconf 84' lang='lat' dir='ltr'><strong>proinde</strong></span> <span class='ocrx_word' id='word_1_293' title='bbox 3428 1018 3523 1054; x_wconf 89' lang='lat' dir='ltr'><strong>nu-</strong></span> 
     </span>
    </p>
   </div>
   <div class='ocr_carea' id='block_1_39' title="bbox 1956 1090 3519 1161">
    <p class='ocr_par' dir='ltr' id='par_1_39' title="bbox 1956 1090 3519 1161">
     <span class='ocr_line' id='line_1_39' title="bbox 1956 1090 3519 1161; baseline -0.002 -17"><span class='ocrx_word' id='word_1_294' title='bbox 1956 1093 2082 1161; x_wconf 67' lang='lat' dir='ltr'><strong>ptiae</strong></span> <span class='ocrx_word' id='word_1_295' title='bbox 2105 1106 2228 1146; x_wconf 87' lang='lat' dir='ltr'><strong>cum</strong></span> <span class='ocrx_word' id='word_1_296' title='bbox 2257 1091 2488 1144; x_wconf 64' lang='lat' dir='ltr'><strong>secunda</strong></span> <span class='ocrx_word' id='word_1_297' title='bbox 2541 1105 2704 1144; x_wconf 79' lang='lat' dir='ltr'><strong>uxore</strong></span> <span class='ocrx_word' id='word_1_298' title='bbox 2742 1098 2864 1143; x_wconf 91' lang='lat' dir='ltr'><strong>sunt</strong></span> <span class='ocrx_word' id='word_1_299' title='bbox 2901 1090 3206 1156; x_wconf 77' lang='lat' dir='ltr'><strong>dissolutae;</strong></span> <span class='ocrx_word' id='word_1_300' title='bbox 3243 1091 3519 1145; x_wconf 87' lang='lat' dir='ltr'><strong>mulierem</strong></span> 
     </span>
    </p>
   </div>
   <div class='ocr_carea' id='block_1_40' title="bbox 1958 1186 3525 1257">
    <p class='ocr_par' dir='ltr' id='par_1_40' title="bbox 1958 1186 3525 1257">
     <span class='ocr_line' id='line_1_40' title="bbox 1958 1186 3525 1257; baseline -0.002 -13"><span class='ocrx_word' id='word_1_301' title='bbox 1958 1191 2097 1244; x_wconf 88' lang='lat' dir='ltr'><strong>hanc</strong></span> <span class='ocrx_word' id='word_1_302' title='bbox 2123 1199 2344 1243; x_wconf 88' lang='lat' dir='ltr'><strong>sanctus</strong></span> <span class='ocrx_word' id='word_1_303' title='bbox 2375 1186 2694 1240; x_wconf 80' lang='lat' dir='ltr'><strong>fornicatam</strong></span> <span class='ocrx_word' id='word_1_304' title='bbox 2719 1200 2838 1240; x_wconf 88' lang='lat' dir='ltr'><strong>esse</strong></span> <span class='ocrx_word' id='word_1_305' title='bbox 2865 1189 3082 1250; x_wconf 80' lang='lat' dir='ltr'><strong>asserit,</strong></span> <span class='ocrx_word' id='word_1_306' title='bbox 3113 1189 3206 1242; x_wconf 89' lang='lat' dir='ltr'><strong>sed</strong></span> <span class='ocrx_word' id='word_1_307' title='bbox 3250 1203 3344 1256; x_wconf 91' lang='lat' dir='ltr'><strong>per</strong></span> <span class='ocrx_word' id='word_1_308' title='bbox 3371 1189 3525 1257; x_wconf 77' lang='lat' dir='ltr'><strong>igno-</strong></span> 
     </span>
    </p>
   </div>
   <div class='ocr_carea' id='block_1_41' title="bbox 1960 1275 3521 1345">
    <p class='ocr_par' dir='ltr' id='par_1_41' title="bbox 1960 1275 3521 1345">
     <span class='ocr_line' id='line_1_41' title="bbox 1960 1275 3521 1345; baseline 0.001 -17"><span class='ocrx_word' id='word_1_309' title='bbox 1960 1276 2242 1329; x_wconf 82' lang='lat' dir='ltr'><strong>rationem.</strong></span> <span class='ocrx_word' id='word_1_310' title='bbox 2283 1275 2620 1328; x_wconf 87' lang='lat' dir='ltr'><strong>Fornicatam</strong></span> <span class='ocrx_word' id='word_1_311' title='bbox 2684 1289 2843 1342; x_wconf 83' lang='lat' dir='ltr'><strong>porro</strong></span> <span class='ocrx_word' id='word_1_312' title='bbox 2865 1289 2984 1328; x_wconf 85' lang='lat' dir='ltr'><strong>eam</strong></span> <span class='ocrx_word' id='word_1_313' title='bbox 3037 1276 3187 1342; x_wconf 86' lang='lat' dir='ltr'><strong>dicit,</strong></span> <span class='ocrx_word' id='word_1_314' title='bbox 3225 1279 3364 1345; x_wconf 89' lang='lat' dir='ltr'><strong>quod</strong></span> <span class='ocrx_word' id='word_1_315' title='bbox 3419 1293 3521 1331; x_wconf 90' lang='lat' dir='ltr'><strong>nou</strong></span> 
     </span>
    </p>
   </div>
   <div class='ocr_carea' id='block_1_42' title="bbox 1956 1365 3522 1436">
    <p class='ocr_par' dir='ltr' id='par_1_42' title="bbox 1956 1365 3522 1436">
     <span class='ocr_line' id='line_1_42' title="bbox 1956 1365 3522 1436; baseline 0.003 -19"><span class='ocrx_word' id='word_1_316' title='bbox 1956 1365 2158 1420; x_wconf 81' lang='lat' dir='ltr'><strong>fuerint</strong></span> <span class='ocrx_word' id='word_1_317' title='bbox 2191 1366 2396 1436; x_wconf 87' lang='lat' dir='ltr'><strong>priores</strong></span> <span class='ocrx_word' id='word_1_318' title='bbox 2419 1366 2607 1420; x_wconf 70' lang='lat' dir='ltr'><strong>soluta:</strong></span> <span class='ocrx_word' id='word_1_319' title='bbox 2643 1368 2840 1433; x_wconf 67' lang='lat' dir='ltr'><strong>nuptiae</strong></span> <span class='ocrx_word' id='word_1_320' title='bbox 2866 1385 2879 1432; x_wconf 94' lang='lat'><strong>;</strong></span> <span class='ocrx_word' id='word_1_321' title='bbox 2901 1368 3170 1435; x_wconf 87' lang='lat' dir='ltr'><strong>prioribus</strong></span> <span class='ocrx_word' id='word_1_322' title='bbox 3199 1379 3376 1422; x_wconf 89' lang='lat' dir='ltr'><strong>autem</strong></span> <span class='ocrx_word' id='word_1_323' title='bbox 3417 1385 3522 1422; x_wconf 81' lang='lat' dir='ltr'><strong>non</strong></span> 
     </span>
    </p>
   </div>
   <div class='ocr_carea' id='block_1_43' title="bbox 1955 1460 3521 1526">
    <p class='ocr_par' dir='ltr' id='par_1_43' title="bbox 1955 1460 3521 1526">
     <span class='ocr_line' id='line_1_43' title="bbox 1955 1460 3521 1526; baseline 0.001 -14"><span class='ocrx_word' id='word_1_324' title='bbox 1955 1460 2181 1521; x_wconf 89' lang='lat' dir='ltr'><strong>solutis,</strong></span> <span class='ocrx_word' id='word_1_325' title='bbox 2226 1462 2494 1526; x_wconf 86' lang='lat' dir='ltr'><strong>quomodo</strong></span> <span class='ocrx_word' id='word_1_326' title='bbox 2546 1461 2674 1514; x_wconf 86' lang='lat' dir='ltr'><strong>inita</strong></span> <span class='ocrx_word' id='word_1_327' title='bbox 2711 1475 2832 1513; x_wconf 92' lang='lat' dir='ltr'><strong>cum</strong></span> <span class='ocrx_word' id='word_1_328' title='bbox 2883 1462 3116 1515; x_wconf 80' lang='lat' dir='ltr'><strong>secunda</strong></span> <span class='ocrx_word' id='word_1_329' title='bbox 3173 1462 3392 1516; x_wconf 79' lang='lat' dir='ltr'><strong>muliere</strong></span> <span class='ocrx_word' id='word_1_330' title='bbox 3438 1475 3521 1514; x_wconf 87' lang='lat' dir='ltr'><strong>so-</strong></span> 
     </span>
    </p>
   </div>
   <div class='ocr_carea' id='block_1_44' title="bbox 1957 1551 3520 1619">
    <p class='ocr_par' dir='ltr' id='par_1_44' title="bbox 1957 1551 3520 1619">
     <span class='ocr_line' id='line_1_44' title="bbox 1957 1551 3520 1619; baseline -0.003 -11"><span class='ocrx_word' id='word_1_331' title='bbox 1957 1554 2126 1608; x_wconf 79' lang='lat' dir='ltr'><strong>cietas</strong></span> <span class='ocrx_word' id='word_1_332' title='bbox 2165 1553 2460 1606; x_wconf 86' lang='lat' dir='ltr'><strong>secundum</strong></span> <span class='ocrx_word' id='word_1_333' title='bbox 2520 1552 2918 1604; x_wconf 85' lang='lat' dir='ltr'><strong>matrimonium</strong></span> <span class='ocrx_word' id='word_1_334' title='bbox 2952 1553 3190 1606; x_wconf 74' lang='lat' dir='ltr'><strong>videatur</strong></span> <span class='ocrx_word' id='word_1_335' title='bbox 3221 1551 3244 1605; x_wconf 71' lang='grc' dir='ltr'><strong>’ἔ</strong></span> <span class='ocrx_word' id='word_1_336' title='bbox 3274 1553 3424 1619; x_wconf 80' lang='lat' dir='ltr'><strong>Quod</strong></span> <span class='ocrx_word' id='word_1_337' title='bbox 3478 1553 3520 1604; x_wconf 82' lang='lat' dir='ltr'><strong>si</strong></span> 
     </span>
    </p>
   </div>
   <div class='ocr_carea' id='block_1_45' title="bbox 1960 1641 3523 1710">
    <p class='ocr_par' dir='ltr' id='par_1_45' title="bbox 1960 1641 3523 1710">
     <span class='ocr_line' id='line_1_45' title="bbox 1960 1641 3523 1710; baseline 0.002 -19"><span class='ocrx_word' id='word_1_338' title='bbox 1960 1645 2364 1696; x_wconf 80' lang='lat' dir='ltr'><strong>matrimonium</strong></span> <span class='ocrx_word' id='word_1_339' title='bbox 2395 1659 2497 1697; x_wconf 90' lang='lat' dir='ltr'><strong>non</strong></span> <span class='ocrx_word' id='word_1_340' title='bbox 2529 1643 2620 1705; x_wconf 90' lang='lat' dir='ltr'><strong>sit,</strong></span> <span class='ocrx_word' id='word_1_341' title='bbox 2659 1647 2763 1696; x_wconf 91' lang='lat' dir='ltr'><strong>erit</strong></span> <span class='ocrx_word' id='word_1_342' title='bbox 2796 1643 2951 1710; x_wconf 85' lang='lat' dir='ltr'><strong>plane</strong></span> <span class='ocrx_word' id='word_1_343' title='bbox 2984 1644 3294 1697; x_wconf 78' lang='lat' dir='ltr'><strong>fornicatio.</strong></span> <span class='ocrx_word' id='word_1_344' title='bbox 3340 1644 3412 1696; x_wconf 84' lang='lat' dir='ltr'><strong>Ac</strong></span> <span class='ocrx_word' id='word_1_345' title='bbox 3441 1641 3523 1694; x_wconf 79' lang='lat' dir='ltr'><strong>vir</strong></span> 
     </span>
    </p>
   </div>
   <div class='ocr_carea' id='block_1_46' title="bbox 1957 1733 3524 1804">
    <p class='ocr_par' dir='ltr' id='par_1_46' title="bbox 1957 1733 3524 1804">
     <span class='ocr_line' id='line_1_46' title="bbox 1957 1733 3524 1804; baseline 0.001 -19"><span class='ocrx_word' id='word_1_346' title='bbox 1957 1735 2214 1803; x_wconf 84' lang='lat' dir='ltr'><strong>quidem,</strong></span> <span class='ocrx_word' id='word_1_347' title='bbox 2280 1735 2604 1789; x_wconf 72' lang='lat' dir='ltr'><strong>fornicarius</strong></span> <span class='ocrx_word' id='word_1_348' title='bbox 2664 1737 2878 1804; x_wconf 83' lang='lat' dir='ltr'><strong>proprie</strong></span> <span class='ocrx_word' id='word_1_349' title='bbox 2929 1734 3277 1800; x_wconf 85' lang='lat' dir='ltr'><strong>judieahitur,</strong></span> <span class='ocrx_word' id='word_1_350' title='bbox 3330 1733 3524 1786; x_wconf 87' lang='lat' dir='ltr'><strong>mulier</strong></span> 
     </span>
    </p>
   </div>
   <div class='ocr_carea' id='block_1_47' title="bbox 1956 1824 3522 1892">
    <p class='ocr_par' dir='ltr' id='par_1_47' title="bbox 1956 1824 3522 1892">
     <span class='ocr_line' id='line_1_47' title="bbox 1956 1824 3522 1892; baseline -0.001 -16"><span class='ocrx_word' id='word_1_351' title='bbox 1956 1837 2159 1888; x_wconf 80' lang='lat' dir='ltr'><strong>autem,</strong></span> <span class='ocrx_word' id='word_1_352' title='bbox 2184 1824 2447 1876; x_wconf 74' lang='lat' dir='ltr'><strong>fornicata</strong></span> <span class='ocrx_word' id='word_1_353' title='bbox 2503 1826 2716 1892; x_wconf 87' lang='lat' dir='ltr'><strong>quidem</strong></span> <span class='ocrx_word' id='word_1_354' title='bbox 2777 1839 2895 1878; x_wconf 82' lang='lat' dir='ltr'><strong>esse</strong></span> <span class='ocrx_word' id='word_1_355' title='bbox 2935 1825 3154 1888; x_wconf 83' lang='lat' dir='ltr'><strong>dicitur,</strong></span> <span class='ocrx_word' id='word_1_356' title='bbox 3203 1838 3386 1878; x_wconf 85' lang='lat' dir='ltr'><strong>verum</strong></span> <span class='ocrx_word' id='word_1_357' title='bbox 3429 1838 3522 1891; x_wconf 84' lang='lat' dir='ltr'><strong>per</strong></span> 
     </span>
    </p>
   </div>
   <div class='ocr_carea' id='block_1_48' title="bbox 1955 1917 3519 1986">
    <p class='ocr_par' dir='ltr' id='par_1_48' title="bbox 1955 1917 3519 1986">
     <span class='ocr_line' id='line_1_48' title="bbox 1955 1917 3519 1986; baseline 0.001 -19"><span class='ocrx_word' id='word_1_358' title='bbox 1955 1917 2366 1984; x_wconf 76' lang='lat' dir='ltr'><strong>ignorationem.</strong></span> <span class='ocrx_word' id='word_1_359' title='bbox 2399 1917 2513 1970; x_wconf 88' lang='lat' dir='ltr'><strong>Non</strong></span> <span class='ocrx_word' id='word_1_360' title='bbox 2548 1919 2691 1971; x_wconf 90' lang='lat' dir='ltr'><strong>enim</strong></span> <span class='ocrx_word' id='word_1_361' title='bbox 2716 1919 3089 1972; x_wconf 82' lang='lat' dir='ltr'><strong>fornicationis</strong></span> <span class='ocrx_word' id='word_1_362' title='bbox 3120 1925 3400 1986; x_wconf 86' lang='lat' dir='ltr'><strong>peccatum</strong></span> <span class='ocrx_word' id='word_1_363' title='bbox 3422 1918 3519 1969; x_wconf 78' lang='lat' dir='ltr'><strong>ad-</strong></span> 
     </span>
    </p>
   </div>
   <div class='ocr_carea' id='block_1_49' title="bbox 1957 2008 3522 2079">
    <p class='ocr_par' dir='ltr' id='par_1_49' title="bbox 1957 2008 3522 2079">
     <span class='ocr_line' id='line_1_49' title="bbox 1957 2008 3522 2079; baseline 0.003 -21"><span class='ocrx_word' id='word_1_364' title='bbox 1957 2008 2168 2061; x_wconf 88' lang='lat' dir='ltr'><strong>mittere</strong></span> <span class='ocrx_word' id='word_1_365' title='bbox 2206 2009 2278 2059; x_wconf 82' lang='lat' dir='ltr'><strong>illi</strong></span> <span class='ocrx_word' id='word_1_366' title='bbox 2340 2025 2494 2063; x_wconf 61' lang='lat' dir='ltr'><strong>mens</strong></span> <span class='ocrx_word' id='word_1_367' title='bbox 2549 2019 2691 2073; x_wconf 87' lang='lat' dir='ltr'><strong>erat,</strong></span> <span class='ocrx_word' id='word_1_368' title='bbox 2740 2010 2832 2063; x_wconf 84' lang='lat' dir='ltr'><strong>sed</strong></span> <span class='ocrx_word' id='word_1_369' title='bbox 2888 2011 3155 2079; x_wconf 75' lang='lat' dir='ltr'><strong>legitimas</strong></span> <span class='ocrx_word' id='word_1_370' title='bbox 3203 2013 3522 2064; x_wconf 77' lang='lat' dir='ltr'><strong>contrahere</strong></span> 
     </span>
    </p>
   </div>
   <div class='ocr_carea' id='block_1_50' title="bbox 1954 2097 3523 2170">
    <p class='ocr_par' dir='ltr' id='par_1_50' title="bbox 1954 2097 3523 2170">
     <span class='ocr_line' id='line_1_50' title="bbox 1954 2097 3523 2170; baseline 0.004 -22"><span class='ocrx_word' id='word_1_371' title='bbox 1954 2109 2188 2164; x_wconf 79' lang='lat' dir='ltr'><strong>nuptias.</strong></span> <span class='ocrx_word' id='word_1_372' title='bbox 2225 2097 2418 2152; x_wconf 83' lang='lat' dir='ltr'><strong>Verum</strong></span> <span class='ocrx_word' id='word_1_373' title='bbox 2448 2115 2514 2153; x_wconf 90' lang='lat' dir='ltr'><strong>eo</strong></span> <span class='ocrx_word' id='word_1_374' title='bbox 2555 2115 2639 2153; x_wconf 85' lang='lat' dir='ltr'><strong>res</strong></span> <span class='ocrx_word' id='word_1_375' title='bbox 2677 2101 2885 2164; x_wconf 84' lang='lat' dir='ltr'><strong>recidit,</strong></span> <span class='ocrx_word' id='word_1_376' title='bbox 2945 2111 3006 2154; x_wconf 91' lang='lat' dir='ltr'><strong>ut</strong></span> <span class='ocrx_word' id='word_1_377' title='bbox 3054 2102 3252 2170; x_wconf 68' lang='lat' dir='ltr'><strong>nttptite</strong></span> <span class='ocrx_word' id='word_1_378' title='bbox 3305 2103 3523 2155; x_wconf 81' lang='lat' dir='ltr'><strong>minime</strong></span> 
     </span>
    </p>
   </div>
   <div class='ocr_carea' id='block_1_51' title="bbox 1952 2188 3522 2259">
    <p class='ocr_par' dir='ltr' id='par_1_51' title="bbox 1952 2188 3522 2259">
     <span class='ocr_line' id='line_1_51' title="bbox 1952 2188 3522 2259; baseline 0.001 -18"><span class='ocrx_word' id='word_1_379' title='bbox 1952 2188 2416 2254; x_wconf 84' lang='lat' dir='ltr'><strong>existimarentur,</strong></span> <span class='ocrx_word' id='word_1_380' title='bbox 2449 2199 2737 2257; x_wconf 86' lang='lat' dir='ltr'><strong>propterea</strong></span> <span class='ocrx_word' id='word_1_381' title='bbox 2791 2192 2933 2259; x_wconf 90' lang='lat' dir='ltr'><strong>quod</strong></span> <span class='ocrx_word' id='word_1_382' title='bbox 2998 2192 3147 2259; x_wconf 88' lang='lat' dir='ltr'><strong>prius</strong></span> <span class='ocrx_word' id='word_1_383' title='bbox 3189 2192 3365 2247; x_wconf 87' lang='lat' dir='ltr'><strong>adhuc</strong></span> <span class='ocrx_word' id='word_1_384' title='bbox 3406 2207 3522 2244; x_wconf 83' lang='lat' dir='ltr'><strong>ina-</strong></span> 
     </span>
    </p>
   </div>
   <div class='ocr_carea' id='block_1_52' title="bbox 1955 2279 3522 2338">
    <p class='ocr_par' dir='ltr' id='par_1_52' title="bbox 1955 2279 3522 2338">
     <span class='ocr_line' id='line_1_52' title="bbox 1955 2279 3522 2338; baseline 0.003 -6"><span class='ocrx_word' id='word_1_385' title='bbox 1955 2279 2268 2332; x_wconf 86' lang='lat' dir='ltr'><strong>trimonium</strong></span> <span class='ocrx_word' id='word_1_386' title='bbox 2299 2280 2641 2335; x_wconf 79' lang='lat' dir='ltr'><strong>consisteret.</strong></span> <span class='ocrx_word' id='word_1_387' title='bbox 2682 2282 2816 2335; x_wconf 85' lang='lat' dir='ltr'><strong>Cum</strong></span> <span class='ocrx_word' id='word_1_388' title='bbox 2843 2297 2968 2338; x_wconf 76' lang='lat' dir='ltr'><strong>vero</strong></span> <span class='ocrx_word' id='word_1_389' title='bbox 3003 2284 3115 2337; x_wconf 67' lang='lat' dir='ltr'><strong>bace</strong></span> <span class='ocrx_word' id='word_1_390' title='bbox 3158 2299 3280 2337; x_wconf 90' lang='lat' dir='ltr'><strong>cum</strong></span> <span class='ocrx_word' id='word_1_391' title='bbox 3316 2283 3522 2338; x_wconf 79' lang='lat' dir='ltr'><strong>duabus</strong></span> 
     </span>
    </p>
   </div>
   <div class='ocr_carea' id='block_1_53' title="bbox 1953 2371 3520 2439">
    <p class='ocr_par' dir='ltr' id='par_1_53' title="bbox 1953 2371 3520 2439">
     <span class='ocr_line' id='line_1_53' title="bbox 1953 2371 3520 2439; baseline 0.002 -16"><span class='ocrx_word' id='word_1_392' title='bbox 1953 2371 2269 2425; x_wconf 86' lang='lat' dir='ltr'><strong>mulieribus</strong></span> <span class='ocrx_word' id='word_1_393' title='bbox 2297 2371 2629 2439; x_wconf 69' lang='lat' dir='ltr'><strong>coniunctio,</strong></span> <span class='ocrx_word' id='word_1_394' title='bbox 2666 2373 3068 2426; x_wconf 85' lang='lat' dir='ltr'><strong>matrimonium</strong></span> <span class='ocrx_word' id='word_1_395' title='bbox 3118 2375 3326 2429; x_wconf 88' lang='lat' dir='ltr'><strong>censeri</strong></span> <span class='ocrx_word' id='word_1_396' title='bbox 3379 2373 3520 2427; x_wconf 85' lang='lat' dir='ltr'><strong>haud</strong></span> 
     </span>
    </p>
   </div>
   <div class='ocr_carea' id='block_1_54' title="bbox 1955 2462 3517 2532">
    <p class='ocr_par' dir='ltr' id='par_1_54' title="bbox 1955 2462 3517 2532">
     <span class='ocr_line' id='line_1_54' title="bbox 1955 2462 3517 2532; baseline 0.002 -18"><span class='ocrx_word' id='word_1_397' title='bbox 1955 2463 2144 2531; x_wconf 82' lang='lat' dir='ltr'><strong>possit,</strong></span> <span class='ocrx_word' id='word_1_398' title='bbox 2181 2463 2307 2530; x_wconf 90' lang='lat' dir='ltr'><strong>quid</strong></span> <span class='ocrx_word' id='word_1_399' title='bbox 2333 2463 2478 2516; x_wconf 85' lang='lat' dir='ltr'><strong>aliud</strong></span> <span class='ocrx_word' id='word_1_400' title='bbox 2503 2479 2564 2516; x_wconf 89' lang='lat' dir='ltr'><strong>ea</strong></span> <span class='ocrx_word' id='word_1_401' title='bbox 2601 2463 2814 2517; x_wconf 83' lang='lat' dir='ltr'><strong>dicatur</strong></span> <span class='ocrx_word' id='word_1_402' title='bbox 2845 2462 3163 2532; x_wconf 88' lang='lat' dir='ltr'><strong>conjunctio</strong></span> <span class='ocrx_word' id='word_1_403' title='bbox 3189 2480 3349 2532; x_wconf 84' lang='lat' dir='ltr'><strong>quam</strong></span> <span class='ocrx_word' id='word_1_404' title='bbox 3405 2463 3517 2519; x_wconf 80' lang='lat' dir='ltr'><strong>for-</strong></span> 
     </span>
    </p>
   </div>
   <div class='ocr_carea' id='block_1_55' title="bbox 1952 2555 3516 2626">
    <p class='ocr_par' dir='ltr' id='par_1_55' title="bbox 1952 2555 3516 2626">
     <span class='ocr_line' id='line_1_55' title="bbox 1952 2555 3516 2626; baseline 0.001 -18"><span class='ocrx_word' id='word_1_405' title='bbox 1952 2557 2173 2620; x_wconf 90' lang='lat' dir='ltr'><strong>nicatio,</strong></span> <span class='ocrx_word' id='word_1_406' title='bbox 2200 2571 2292 2623; x_wconf 84' lang='lat' dir='ltr'><strong>per</strong></span> <span class='ocrx_word' id='word_1_407' title='bbox 2321 2555 2711 2626; x_wconf 78' lang='lat' dir='ltr'><strong>ignorationem</strong></span> <span class='ocrx_word' id='word_1_408' title='bbox 2750 2566 2929 2609; x_wconf 86' lang='lat' dir='ltr'><strong>tamen</strong></span> <span class='ocrx_word' id='word_1_409' title='bbox 2983 2557 3263 2612; x_wconf 76' lang='lat' dir='ltr'><strong>admissa?</strong></span> <span class='ocrx_word' id='word_1_410' title='bbox 3346 2557 3516 2623; x_wconf 81' lang='lat' dir='ltr'><strong>Quam</strong></span> 
     </span>
    </p>
   </div>
   <div class='ocr_carea' id='block_1_56' title="bbox 1949 2647 3519 2715">
    <p class='ocr_par' dir='ltr' id='par_1_56' title="bbox 1949 2647 3519 2715">
     <span class='ocr_line' id='line_1_56' title="bbox 1949 2647 3519 2715; baseline 0.001 -15"><span class='ocrx_word' id='word_1_411' title='bbox 1949 2647 2111 2700; x_wconf 90' lang='lat' dir='ltr'><strong>etiam</strong></span> <span class='ocrx_word' id='word_1_412' title='bbox 2145 2649 2212 2701; x_wconf 92' lang='lat' dir='ltr'><strong>ob</strong></span> <span class='ocrx_word' id='word_1_413' title='bbox 2263 2661 2483 2701; x_wconf 79' lang='lat' dir='ltr'><strong>Causam</strong></span> <span class='ocrx_word' id='word_1_414' title='bbox 2540 2647 2756 2715; x_wconf 86' lang='lat' dir='ltr'><strong>subjicit</strong></span> <span class='ocrx_word' id='word_1_415' title='bbox 2806 2662 3016 2702; x_wconf 88' lang='lat' dir='ltr'><strong>canon:</strong></span> <span class='ocrx_word' id='word_1_416' title='bbox 3077 2648 3122 2700; x_wconf 86' lang='lat' dir='ltr'><strong>A</strong></span> <span class='ocrx_word' id='word_1_417' title='bbox 3173 2649 3519 2703; x_wconf 88' lang='lat' dir='ltr'><strong>matrimonio</strong></span> 
     </span>
    </p>
   </div>
   <div class='ocr_carea' id='block_1_57' title="bbox 1950 2737 3519 2807">
    <p class='ocr_par' dir='ltr' id='par_1_57' title="bbox 1950 2737 3519 2807">
     <span class='ocr_line' id='line_1_57' title="bbox 1950 2737 3519 2807; baseline 0.001 -14"><span class='ocrx_word' id='word_1_418' title='bbox 1950 2754 2078 2807; x_wconf 79' lang='lat' dir='ltr'><strong>ergo</strong></span> <span class='ocrx_word' id='word_1_419' title='bbox 2137 2755 2243 2791; x_wconf 86' lang='lat' dir='ltr'><strong>non</strong></span> <span class='ocrx_word' id='word_1_420' title='bbox 2295 2739 2687 2805; x_wconf 85' lang='lat' dir='ltr'><strong>prohibebitur.</strong></span> <span class='ocrx_word' id='word_1_421' title='bbox 2728 2737 2843 2792; x_wconf 83' lang='lat' dir='ltr'><strong>Non</strong></span> <span class='ocrx_word' id='word_1_422' title='bbox 2897 2739 3063 2803; x_wconf 91' lang='lat' dir='ltr'><strong>enim,</strong></span> <span class='ocrx_word' id='word_1_423' title='bbox 3115 2739 3280 2794; x_wconf 82' lang='lat' dir='ltr'><strong>veluti</strong></span> <span class='ocrx_word' id='word_1_424' title='bbox 3321 2755 3349 2793; x_wconf 87' lang='lat' dir='ltr'><strong>a</strong></span> <span class='ocrx_word' id='word_1_425' title='bbox 3404 2740 3519 2794; x_wconf 64' lang='lat' dir='ltr'><strong>iiro</strong></span> 
     </span>
    </p>
   </div>
   <div class='ocr_carea' id='block_1_58' title="bbox 1952 2829 3516 2900">
    <p class='ocr_par' dir='ltr' id='par_1_58' title="bbox 1952 2829 3516 2900">
     <span class='ocr_line' id='line_1_58' title="bbox 1952 2829 3516 2900; baseline 0 -15"><span class='ocrx_word' id='word_1_426' title='bbox 1952 2832 2169 2885; x_wconf 88' lang='lat' dir='ltr'><strong>dimissa</strong></span> <span class='ocrx_word' id='word_1_427' title='bbox 2220 2831 2562 2900; x_wconf 73' lang='lat' dir='ltr'><strong>iudicabitur.</strong></span> <span class='ocrx_word' id='word_1_428' title='bbox 2617 2829 2673 2884; x_wconf 93' lang='lat' dir='ltr'><strong>Si</strong></span> <span class='ocrx_word' id='word_1_429' title='bbox 2714 2845 2947 2898; x_wconf 81' lang='lat' dir='ltr'><strong>namque</strong></span> <span class='ocrx_word' id='word_1_430' title='bbox 2993 2830 3044 2885; x_wconf 92' lang='lat' dir='ltr'><strong>id</strong></span> <span class='ocrx_word' id='word_1_431' title='bbox 3108 2841 3272 2895; x_wconf 82' lang='lat' dir='ltr'><strong>esset,</strong></span> <span class='ocrx_word' id='word_1_432' title='bbox 3318 2833 3516 2898; x_wconf 82' lang='lat' dir='ltr'><strong>aliique</strong></span> 
     </span>
    </p>
   </div>
   <div class='ocr_carea' id='block_1_59' title="bbox 1953 2915 3505 2988">
    <p class='ocr_par' dir='ltr' id='par_1_59' title="bbox 1953 2915 3505 2988">
     <span class='ocr_line' id='line_1_59' title="bbox 1953 2915 3505 2988; baseline 0.001 -19"><span class='ocrx_word' id='word_1_433' title='bbox 1953 2921 2066 2971; x_wconf 84' lang='lat' dir='ltr'><strong>viro</strong></span> <span class='ocrx_word' id='word_1_434' title='bbox 2091 2919 2277 2988; x_wconf 84' lang='lat' dir='ltr'><strong>juncta</strong></span> <span class='ocrx_word' id='word_1_435' title='bbox 2312 2920 2470 2980; x_wconf 80' lang='lat' dir='ltr'><strong>foret,</strong></span> <span class='ocrx_word' id='word_1_436' title='bbox 2495 2915 3116 2983; x_wconf 79' lang='lat' dir='ltr'><strong>adulterajudicarelur,</strong></span> <span class='ocrx_word' id='word_1_437' title='bbox 3145 2932 3208 2972; x_wconf 80' lang='lat' dir='ltr'><strong>ex</strong></span> <span class='ocrx_word' id='word_1_438' title='bbox 3252 2918 3381 2971; x_wconf 92' lang='lat' dir='ltr'><strong>noni</strong></span> <span class='ocrx_word' id='word_1_439' title='bbox 3415 2932 3505 2972; x_wconf 82' lang='lat' dir='ltr'><strong>ca-</strong></span> 
     </span>
    </p>
   </div>
   <div class='ocr_carea' id='block_1_60' title="bbox 1952 3008 3513 3077">
    <p class='ocr_par' dir='ltr' id='par_1_60' title="bbox 1952 3008 3513 3077">
     <span class='ocr_line' id='line_1_60' title="bbox 1952 3008 3513 3077; baseline 0 -15"><span class='ocrx_word' id='word_1_440' title='bbox 1952 3012 2110 3063; x_wconf 91' lang='lat' dir='ltr'><strong>nonis</strong></span> <span class='ocrx_word' id='word_1_441' title='bbox 2143 3009 2554 3063; x_wconf 87' lang='lat' dir='ltr'><strong>constitutione.</strong></span> <span class='ocrx_word' id='word_1_442' title='bbox 2589 3009 2852 3073; x_wconf 87' lang='lat' dir='ltr'><strong>Quoniam</strong></span> <span class='ocrx_word' id='word_1_443' title='bbox 2906 3023 3034 3061; x_wconf 81' lang='lat' dir='ltr'><strong>vero</strong></span> <span class='ocrx_word' id='word_1_444' title='bbox 3100 3008 3513 3077; x_wconf 81' lang='lat' dir='ltr'><strong>haudquaquam</strong></span> 
     </span>
    </p>
   </div>
   <div class='ocr_carea' id='block_1_61' title="bbox 1951 3098 3513 3167">
    <p class='ocr_par' dir='ltr' id='par_1_61' title="bbox 1951 3098 3513 3167">
     <span class='ocr_line' id='line_1_61' title="bbox 1951 3098 3513 3167; baseline 0.003 -17"><span class='ocrx_word' id='word_1_445' title='bbox 1951 3101 2167 3167; x_wconf 82' lang='lat' dir='ltr'><strong>proprie</strong></span> <span class='ocrx_word' id='word_1_446' title='bbox 2199 3099 2284 3151; x_wconf 85' lang='lat' dir='ltr'><strong>illa</strong></span> <span class='ocrx_word' id='word_1_447' title='bbox 2320 3115 2443 3153; x_wconf 91' lang='lat' dir='ltr'><strong>cum</strong></span> <span class='ocrx_word' id='word_1_448' title='bbox 2473 3099 2705 3153; x_wconf 87' lang='lat' dir='ltr'><strong>secunda</strong></span> <span class='ocrx_word' id='word_1_449' title='bbox 2741 3098 2966 3152; x_wconf 89' lang='lat' dir='ltr'><strong>muliere</strong></span> <span class='ocrx_word' id='word_1_450' title='bbox 2994 3099 3343 3164; x_wconf 83' lang='lat' dir='ltr'><strong>cohabitatio,</strong></span> <span class='ocrx_word' id='word_1_451' title='bbox 3400 3115 3513 3154; x_wconf 79' lang='lat' dir='ltr'><strong>ma-</strong></span> 
     </span>
    </p>
   </div>
   <div class='ocr_carea' id='block_1_62' title="bbox 263 3185 1841 3288">
    <p class='ocr_par' dir='ltr' id='par_1_62' title="bbox 263 3185 1836 3254">
     <span class='ocr_line' id='line_1_62' title="bbox 263 3185 1836 3254; baseline 0 -16"><span class='ocrx_word' id='word_1_452' title='bbox 263 3186 466 3250; x_wconf 78' lang='grc' dir='ltr'>ζῶντος</span> <span class='ocrx_word' id='word_1_453' title='bbox 499 3189 734 3252; x_wconf 79' lang='grc' dir='ltr'>ἑκείνου,</span> <span class='ocrx_word' id='word_1_454' title='bbox 761 3188 1018 3254; x_wconf 84' lang='grc' dir='ltr'>κρεῖσσον</span> <span class='ocrx_word' id='word_1_455' title='bbox 1044 3186 1106 3238; x_wconf 80' lang='grc' dir='ltr'>ἂν</span> <span class='ocrx_word' id='word_1_456' title='bbox 1136 3190 1361 3254; x_wconf 76' lang='grc' dir='ltr'>ποιήσῃ,</span> <span class='ocrx_word' id='word_1_457' title='bbox 1401 3187 1568 3253; x_wconf 76' lang='grc' dir='ltr'>φησὶν</span> <span class='ocrx_word' id='word_1_458' title='bbox 1599 3187 1625 3235; x_wconf 91' lang='lat'><strong>6</strong></span> <span class='ocrx_word' id='word_1_459' title='bbox 1661 3185 1836 3250; x_wconf 69' lang='grc' dir='ltr'>ἅγιος.</span> 
     </span>
    </p>
   </div>
   <div class='ocr_carea' id='block_1_63' title="bbox 1958 3185 3511 3288">
    <p class='ocr_par' dir='ltr' id='par_1_63' title="bbox 1958 3192 3511 3261">
     <span class='ocr_line' id='line_1_63' title="bbox 1958 3192 3511 3261; baseline 0.002 -19"><span class='ocrx_word' id='word_1_460' title='bbox 1958 3192 2262 3247; x_wconf 82' lang='lat' dir='ltr'><strong>Irimonium</strong></span> <span class='ocrx_word' id='word_1_461' title='bbox 2311 3193 2415 3246; x_wconf 91' lang='lat' dir='ltr'><strong>dici</strong></span> <span class='ocrx_word' id='word_1_462' title='bbox 2479 3203 2674 3260; x_wconf 81' lang='lat' dir='ltr'><strong>petest,</strong></span> <span class='ocrx_word' id='word_1_463' title='bbox 2726 3199 3010 3261; x_wconf 74' lang='lat' dir='ltr'><strong>propterea</strong></span> <span class='ocrx_word' id='word_1_464' title='bbox 3071 3207 3099 3245; x_wconf 87' lang='lat' dir='ltr'><strong>a</strong></span> <span class='ocrx_word' id='word_1_465' title='bbox 3171 3192 3511 3246; x_wconf 82' lang='lat' dir='ltr'><strong>matrimOnio</strong></span> 
     </span>
    </p>
   </div>
   <div class='ocr_carea' id='block_1_64' title="bbox 259 3276 1838 3349">
    <p class='ocr_par' dir='ltr' id='par_1_64' title="bbox 259 3276 1838 3349">
     <span class='ocr_line' id='line_1_64' title="bbox 259 3276 1838 3349; baseline -0.001 -21"><span class='ocrx_word' id='word_1_466' title='bbox 259 3282 340 3331; x_wconf 73' lang='lat'><strong>()6</strong></span> <span class='ocrx_word' id='word_1_467' title='bbox 373 3282 480 3349; x_wconf 59' lang='grc' dir='ltr'>γὲρ</span> <span class='ocrx_word' id='word_1_468' title='bbox 516 3280 796 3348; x_wconf 74' lang='grc' dir='ltr'><strong>εὔσχημον</strong></span> <span class='ocrx_word' id='word_1_469' title='bbox 828 3279 1029 3341; x_wconf 76' lang='grc' dir='ltr'>ζῶντος</span> <span class='ocrx_word' id='word_1_470' title='bbox 1059 3277 1151 3328; x_wconf 81' lang='grc' dir='ltr'>τοῦ</span> <span class='ocrx_word' id='word_1_471' title='bbox 1186 3278 1375 3343; x_wconf 60' lang='grc' dir='ltr'>ἁνδρλις</span> <span class='ocrx_word' id='word_1_472' title='bbox 1404 3277 1496 3343; x_wconf 80' lang='grc' dir='ltr'>τὴν</span> <span class='ocrx_word' id='word_1_473' title='bbox 1519 3276 1838 3342; x_wconf 77' lang='grc' dir='ltr'>ὀνομασθεῖ-</span> 
     </span>
    </p>
   </div>
   <div class='ocr_carea' id='block_1_65' title="bbox 260 3367 1844 3440">
    <p class='ocr_par' dir='ltr' id='par_1_65' title="bbox 260 3367 1844 3440">
     <span class='ocr_line' id='line_1_65' title="bbox 260 3367 1844 3440; baseline -0.002 -18"><span class='ocrx_word' id='word_1_474' title='bbox 260 3387 366 3423; x_wconf 86' lang='grc' dir='ltr'>σαν</span> <span class='ocrx_word' id='word_1_475' title='bbox 397 3373 587 3440; x_wconf 79' lang='grc' dir='ltr'>ἑκείνῳ</span> <span class='ocrx_word' id='word_1_476' title='bbox 620 3374 853 3437; x_wconf 82' lang='grc' dir='ltr'>γυναῖκα</span> <span class='ocrx_word' id='word_1_477' title='bbox 890 3371 1060 3438; x_wconf 77' lang='grc' dir='ltr'>ἑτέρῳ</span> <span class='ocrx_word' id='word_1_478' title='bbox 1092 3368 1360 3434; x_wconf 75' lang='grc' dir='ltr'>συμϐιοῦν</span> <span class='ocrx_word' id='word_1_479' title='bbox 1385 3384 1398 3396; x_wconf 76' lang='grc' dir='ltr'><strong><em>ο</em></strong></span> <span class='ocrx_word' id='word_1_480' title='bbox 1423 3367 1572 3434; x_wconf 79' lang='grc' dir='ltr'>λέγει</span> <span class='ocrx_word' id='word_1_481' title='bbox 1613 3369 1719 3434; x_wconf 66' lang='grc' dir='ltr'><strong>γὰρ</strong></span> <span class='ocrx_word' id='word_1_482' title='bbox 1752 3371 1844 3419; x_wconf 72' lang='grc' dir='ltr'><strong>καὶ</strong></span> 
     </span>
    </p>
   </div>
   <div class='ocr_carea' id='block_1_66' title="bbox 257 3459 1844 3530">
    <p class='ocr_par' dir='ltr' id='par_1_66' title="bbox 257 3459 1844 3530">
     <span class='ocr_line' id='line_1_66' title="bbox 257 3459 1844 3530; baseline -0.001 -19"><span class='ocrx_word' id='word_1_483' title='bbox 257 3463 291 3511; x_wconf 88' lang='lat'><strong>6</strong></span> <span class='ocrx_word' id='word_1_484' title='bbox 320 3461 480 3529; x_wconf 80' lang='grc' dir='ltr'>νόμος</span> <span class='ocrx_word' id='word_1_485' title='bbox 504 3462 599 3530; x_wconf 74' lang='grc' dir='ltr'><strong>τῆς</strong></span> <span class='ocrx_word' id='word_1_486' title='bbox 631 3462 928 3525; x_wconf 80' lang='grc' dir='ltr'>πολιτείας,</span> <span class='ocrx_word' id='word_1_487' title='bbox 962 3463 1040 3513; x_wconf 85' lang='grc' dir='ltr'>ὅτι</span> <span class='ocrx_word' id='word_1_488' title='bbox 1073 3463 1130 3513; x_wconf 88' lang='grc' dir='ltr'><strong>ἑν</strong></span> <span class='ocrx_word' id='word_1_489' title='bbox 1159 3462 1269 3521; x_wconf 86' lang='grc' dir='ltr'>τοῖς</span> <span class='ocrx_word' id='word_1_490' title='bbox 1317 3459 1511 3526; x_wconf 83' lang='grc' dir='ltr'>γάμοις</span> <span class='ocrx_word' id='word_1_491' title='bbox 1549 3461 1607 3510; x_wconf 82' lang='grc' dir='ltr'>οὑ</span> <span class='ocrx_word' id='word_1_492' title='bbox 1638 3460 1696 3510; x_wconf 59' lang='grc' dir='ltr'>τῦ</span> <span class='ocrx_word' id='word_1_493' title='bbox 1724 3461 1844 3510; x_wconf 73' lang='grc' dir='ltr'>ὲπι-</span> 
     </span>
    </p>
   </div>
   <div class='ocr_carea' id='block_1_67' title="bbox 260 3552 1594 3623">
    <p class='ocr_par' dir='ltr' id='par_1_67' title="bbox 260 3552 1594 3623">
     <span class='ocr_line' id='line_1_67' title="bbox 260 3552 1594 3623; baseline 0.001 -21"><span class='ocrx_word' id='word_1_494' title='bbox 260 3555 665 3623; x_wconf 79' lang='grc' dir='ltr'>τετραμμένον,</span> <span class='ocrx_word' id='word_1_495' title='bbox 697 3554 832 3607; x_wconf 72' lang='grc' dir='ltr'>ἀλλὰ</span> <span class='ocrx_word' id='word_1_496' title='bbox 858 3553 916 3606; x_wconf 79' lang='grc' dir='ltr'>τὸ</span> <span class='ocrx_word' id='word_1_497' title='bbox 947 3554 1224 3622; x_wconf 82' lang='grc' dir='ltr'>εὐπρεπὲς</span> <span class='ocrx_word' id='word_1_498' title='bbox 1260 3552 1594 3620; x_wconf 80' lang='grc' dir='ltr'>σκοποῦμεν.</span> 
     </span>
    </p>
   </div>
   <div class='ocr_carea' id='block_1_68' title="bbox 1955 3282 3485 3337">
    <p class='ocr_par' dir='ltr' id='par_1_68' title="bbox 1955 3282 3485 3337">
     <span class='ocr_line' id='line_1_68' title="bbox 1955 3282 3485 3337; baseline 0.003 -4"><span class='ocrx_word' id='word_1_499' title='bbox 1955 3282 2147 3334; x_wconf 89' lang='lat' dir='ltr'><strong>mulier</strong></span> <span class='ocrx_word' id='word_1_500' title='bbox 2179 3282 2321 3334; x_wconf 85' lang='lat' dir='ltr'><strong>haud</strong></span> <span class='ocrx_word' id='word_1_501' title='bbox 2359 3295 2600 3335; x_wconf 85' lang='lat' dir='ltr'><strong>arcetur.</strong></span> <span class='ocrx_word' id='word_1_502' title='bbox 2634 3282 2769 3337; x_wconf 88' lang='lat' dir='ltr'><strong>Cum</strong></span> <span class='ocrx_word' id='word_1_503' title='bbox 2801 3297 2931 3337; x_wconf 85' lang='lat' dir='ltr'><strong>vero</strong></span> <span class='ocrx_word' id='word_1_504' title='bbox 2993 3298 3126 3336; x_wconf 81' lang='lat' dir='ltr'><strong>uxor</strong></span> <span class='ocrx_word' id='word_1_505' title='bbox 3163 3283 3299 3337; x_wconf 89' lang='lat' dir='ltr'><strong>citra</strong></span> <span class='ocrx_word' id='word_1_506' title='bbox 3356 3299 3485 3337; x_wconf 79' lang='lat' dir='ltr'><strong>exce</strong></span> 
     </span>
    </p>
   </div>
   <div class='ocr_carea' id='block_1_69' title="bbox 1955 3371 3514 3438">
    <p class='ocr_par' dir='ltr' id='par_1_69' title="bbox 1955 3371 3514 3438">
     <span class='ocr_line' id='line_1_69' title="bbox 1955 3371 3514 3438; baseline 0.006 -19"><span class='ocrx_word' id='word_1_507' title='bbox 1955 3371 2191 3438; x_wconf 87' lang='lat' dir='ltr'><strong>ptionem</strong></span> <span class='ocrx_word' id='word_1_508' title='bbox 2233 3371 2374 3423; x_wconf 83' lang='lat' dir='ltr'><strong>dicta</strong></span> <span class='ocrx_word' id='word_1_509' title='bbox 2410 3371 2568 3423; x_wconf 81' lang='lat' dir='ltr'><strong>fuetit</strong></span> <span class='ocrx_word' id='word_1_510' title='bbox 2601 3371 2721 3432; x_wconf 81' lang='lat' dir='ltr'><strong>virt,</strong></span> <span class='ocrx_word' id='word_1_511' title='bbox 2747 3372 2790 3426; x_wconf 90' lang='lat' dir='ltr'><strong>si</strong></span> <span class='ocrx_word' id='word_1_512' title='bbox 2836 3373 2965 3425; x_wconf 89' lang='lat' dir='ltr'><strong>nulli</strong></span> <span class='ocrx_word' id='word_1_513' title='bbox 2999 3373 3178 3438; x_wconf 85' lang='lat' dir='ltr'><strong>alteri,</strong></span> <span class='ocrx_word' id='word_1_514' title='bbox 3229 3388 3293 3428; x_wconf 89' lang='lat' dir='ltr'><strong>eo</strong></span> <span class='ocrx_word' id='word_1_515' title='bbox 3342 3375 3514 3428; x_wconf 87' lang='lat' dir='ltr'><strong>adhuc</strong></span> 
     </span>
    </p>
   </div>
   <div class='ocr_carea' id='block_1_70' title="bbox 1953 3461 3516 3535">
    <p class='ocr_par' dir='ltr' id='par_1_70' title="bbox 1953 3461 3516 3535">
     <span class='ocr_line' id='line_1_70' title="bbox 1953 3461 3516 3535; baseline 0.008 -26"><span class='ocrx_word' id='word_1_516' title='bbox 1953 3461 2162 3514; x_wconf 69' lang='lat' dir='ltr'><strong>vivente</strong></span> <span class='ocrx_word' id='word_1_517' title='bbox 2195 3461 2442 3529; x_wconf 89' lang='lat' dir='ltr'><strong>copulata</strong></span> <span class='ocrx_word' id='word_1_518' title='bbox 2475 3461 2655 3523; x_wconf 77' lang='lat' dir='ltr'><strong>fuerit,</strong></span> <span class='ocrx_word' id='word_1_519' title='bbox 2688 3462 3026 3526; x_wconf 83' lang='lat' dir='ltr'><strong>laudabilius,</strong></span> <span class='ocrx_word' id='word_1_520' title='bbox 3088 3467 3259 3535; x_wconf 89' lang='lat' dir='ltr'><strong>inquit</strong></span> <span class='ocrx_word' id='word_1_521' title='bbox 3297 3476 3516 3521; x_wconf 81' lang='lat' dir='ltr'><strong>sanctus</strong></span> 
     </span>
    </p>
   </div>
   <div class='ocr_carea' id='block_1_71' title="bbox 1957 3551 3516 3623">
    <p class='ocr_par' dir='ltr' id='par_1_71' title="bbox 1957 3551 3516 3623">
     <span class='ocr_line' id='line_1_71' title="bbox 1957 3551 3516 3623; baseline 0.006 -22"><span class='ocrx_word' id='word_1_522' title='bbox 1957 3553 2058 3615; x_wconf 76' lang='lat' dir='ltr'><strong>vir,</strong></span> <span class='ocrx_word' id='word_1_523' title='bbox 2126 3552 2332 3607; x_wconf 81' lang='lat' dir='ltr'><strong>fecerit.</strong></span> <span class='ocrx_word' id='word_1_524' title='bbox 2388 3551 2572 3622; x_wconf 87' lang='lat' dir='ltr'><strong>Neque</strong></span> <span class='ocrx_word' id='word_1_525' title='bbox 2627 3556 2768 3607; x_wconf 91' lang='lat' dir='ltr'><strong>enim</strong></span> <span class='ocrx_word' id='word_1_526' title='bbox 2835 3554 3116 3610; x_wconf 89' lang='lat' dir='ltr'><strong>honestum</strong></span> <span class='ocrx_word' id='word_1_527' title='bbox 3150 3556 3343 3623; x_wconf 77' lang='lat' dir='ltr'><strong>fuerit,</strong></span> <span class='ocrx_word' id='word_1_528' title='bbox 3402 3558 3516 3610; x_wconf 77' lang='lat' dir='ltr'><strong>viro</strong></span> 
     </span>
    </p>
   </div>
   <div class='ocr_carea' id='block_1_72' title="bbox 261 3645 3513 3728">
    <p class='ocr_par' dir='ltr' id='par_1_72' title="bbox 261 3645 3513 3728">
     <span class='ocr_line' id='line_1_72' title="bbox 261 3645 3513 3728; baseline 0.002 -30"><span class='ocrx_word' id='word_1_529' title='bbox 261 3651 436 3704; x_wconf 77' lang='lat' dir='ltr'><strong>adhuc</strong></span> <span class='ocrx_word' id='word_1_530' title='bbox 460 3651 770 3718; x_wconf 64' lang='lat' dir='ltr'><strong>Stlttt&#39;rslilt‘,</strong></span> <span class='ocrx_word' id='word_1_531' title='bbox 808 3665 926 3717; x_wconf 70' lang='lat' dir='ltr'><strong>quae</strong></span> <span class='ocrx_word' id='word_1_532' title='bbox 957 3649 1095 3728; x_wconf 77' lang='lat' dir='ltr'><strong>illitis</strong></span> <span class='ocrx_word' id='word_1_533' title='bbox 1136 3647 1328 3701; x_wconf 88' lang='lat' dir='ltr'><strong>tnulier</strong></span> <span class='ocrx_word' id='word_1_534' title='bbox 1375 3647 1517 3700; x_wconf 72' lang='lat' dir='ltr'><strong>diota</strong></span> <span class='ocrx_word' id='word_1_535' title='bbox 1552 3656 1656 3712; x_wconf 83' lang='lat' dir='ltr'><strong>cst,</strong></span> <span class='ocrx_word' id='word_1_536' title='bbox 1709 3661 1829 3700; x_wconf 84' lang='lat' dir='ltr'><strong>cum</strong></span> <span class='ocrx_word' id='word_1_537' title='bbox 1857 3647 2027 3699; x_wconf 85' lang='lat' dir='ltr'><strong>altero</strong></span> <span class='ocrx_word' id='word_1_538' title='bbox 2063 3647 2226 3701; x_wconf 85' lang='lat' dir='ltr'><strong>vitam</strong></span> <span class='ocrx_word' id='word_1_539' title='bbox 2258 3661 2439 3714; x_wconf 72' lang='lat' dir='ltr'><strong>agere.</strong></span> <span class='ocrx_word' id='word_1_540' title='bbox 2481 3645 2536 3700; x_wconf 88' lang='lat' dir='ltr'><strong>In</strong></span> <span class='ocrx_word' id='word_1_541' title='bbox 2596 3648 2799 3713; x_wconf 90' lang='lat' dir='ltr'><strong>nuptiis</strong></span> <span class='ocrx_word' id='word_1_542' title='bbox 2864 3649 3152 3719; x_wconf 87' lang='lat' dir='ltr'><strong>siquidem,</strong></span> <span class='ocrx_word' id='word_1_543' title='bbox 3233 3652 3315 3706; x_wconf 79' lang='lat' dir='ltr'><strong>lex</strong></span> <span class='ocrx_word' id='word_1_544' title='bbox 3380 3665 3513 3720; x_wconf 88' lang='lat' dir='ltr'><strong>quo-</strong></span> 
     </span>
    </p>
   </div>
   <div class='ocr_carea' id='block_1_73' title="bbox 259 3743 3512 3814">
    <p class='ocr_par' dir='ltr' id='par_1_73' title="bbox 259 3743 3512 3814">
     <span class='ocr_line' id='line_1_73' title="bbox 259 3743 3512 3814; baseline 0.002 -18"><span class='ocrx_word' id='word_1_545' title='bbox 259 3761 367 3811; x_wconf 83' lang='lat' dir='ltr'><strong>que</strong></span> <span class='ocrx_word' id='word_1_546' title='bbox 397 3745 573 3798; x_wconf 60' lang='lat' dir='ltr'><strong>eivdis</strong></span> <span class='ocrx_word' id='word_1_547' title='bbox 607 3754 835 3799; x_wconf 86' lang='lat' dir='ltr'><strong>testatur</strong></span> <span class='ocrx_word' id='word_1_548' title='bbox 873 3750 1015 3812; x_wconf 88' lang='lat' dir='ltr'><strong>quod</strong></span> <span class='ocrx_word' id='word_1_549' title='bbox 1076 3758 1169 3797; x_wconf 82' lang='lat' dir='ltr'><strong>nos</strong></span> <span class='ocrx_word' id='word_1_550' title='bbox 1205 3757 1309 3796; x_wconf 88' lang='lat' dir='ltr'><strong>non</strong></span> <span class='ocrx_word' id='word_1_551' title='bbox 1371 3752 1477 3796; x_wconf 88' lang='lat' dir='ltr'><strong>tam</strong></span> <span class='ocrx_word' id='word_1_552' title='bbox 1530 3743 1656 3812; x_wconf 85' lang='lat' dir='ltr'><strong>quid</strong></span> <span class='ocrx_word' id='word_1_553' title='bbox 1709 3743 2031 3810; x_wconf 76' lang='lat' dir='ltr'><strong>permiSSum</strong></span> <span class='ocrx_word' id='word_1_554' title='bbox 2084 3744 2175 3808; x_wconf 88' lang='lat' dir='ltr'><strong>sit,</strong></span> <span class='ocrx_word' id='word_1_555' title='bbox 2229 3759 2390 3812; x_wconf 84' lang='lat' dir='ltr'><strong>quam</strong></span> <span class='ocrx_word' id='word_1_556' title='bbox 2472 3744 2601 3814; x_wconf 88' lang='lat' dir='ltr'><strong>quid</strong></span> <span class='ocrx_word' id='word_1_557' title='bbox 2672 3744 2940 3799; x_wconf 85' lang='lat' dir='ltr'><strong>honestati</strong></span> <span class='ocrx_word' id='word_1_558' title='bbox 3020 3748 3328 3814; x_wconf 85' lang='lat' dir='ltr'><strong>conveniat,</strong></span> <span class='ocrx_word' id='word_1_559' title='bbox 3387 3765 3512 3806; x_wconf 75' lang='lat' dir='ltr'><strong>con-</strong></span> 
     </span>
    </p>
   </div>
   <div class='ocr_carea' id='block_1_74' title="bbox 256 3833 580 3889">
    <p class='ocr_par' dir='ltr' id='par_1_74' title="bbox 256 3833 580 3889">
     <span class='ocr_line' id='line_1_74' title="bbox 256 3833 580 3889; baseline 0.009 -3"><span class='ocrx_word' id='word_1_560' title='bbox 256 3833 580 3889; x_wconf 76' lang='lat' dir='ltr'><strong>siderautus.</strong></span> 
     </span>
    </p>
   </div>
   <div class='ocr_carea' id='block_1_75' title="bbox 333 3926 1834 4004">
    <p class='ocr_par' dir='ltr' id='par_1_75' title="bbox 333 3926 1834 4004">
     <span class='ocr_line' id='line_1_75' title="bbox 333 3926 1834 4004; baseline 0.005 -27"><span class='ocrx_word' id='word_1_561' title='bbox 333 3926 551 3996; x_wconf 62' lang='grc' dir='ltr'><strong>ΑΡζὶιΤ.</strong></span> <span class='ocrx_word' id='word_1_562' title='bbox 569 3927 698 3994; x_wconf 86' lang='grc' dir='ltr'><strong>Ἑγή</strong></span> <span class='ocrx_word' id='word_1_563' title='bbox 710 3927 850 3993; x_wconf 85' lang='grc' dir='ltr'>ματό</span> <span class='ocrx_word' id='word_1_564' title='bbox 870 3944 951 3988; x_wconf 78' lang='grc' dir='ltr'><strong>τις</strong></span> <span class='ocrx_word' id='word_1_565' title='bbox 975 3927 1126 3996; x_wconf 67' lang='grc' dir='ltr'>ἀνδρὶ</span> <span class='ocrx_word' id='word_1_566' title='bbox 1147 3929 1287 3981; x_wconf 75' lang='grc' dir='ltr'>κατὰ</span> <span class='ocrx_word' id='word_1_567' title='bbox 1305 3929 1529 3997; x_wconf 74' lang='grc' dir='ltr'>ἄγνοιαν</span> <span class='ocrx_word' id='word_1_568' title='bbox 1552 3933 1834 4004; x_wconf 76' lang='grc' dir='ltr'>ἁφεμένῳ,</span> 
     </span>
    </p>
   </div>
   <div class='ocr_carea' id='block_1_76' title="bbox 258 4010 1836 4096">
    <p class='ocr_par' dir='ltr' id='par_1_76' title="bbox 258 4010 1836 4096">
     <span class='ocr_line' id='line_1_76' title="bbox 258 4010 1836 4096; baseline 0.007 -30"><span class='ocrx_word' id='word_1_569' title='bbox 258 4010 385 4067; x_wconf 68' lang='grc' dir='ltr'>εἶτα</span> <span class='ocrx_word' id='word_1_570' title='bbox 451 4017 483 4084; x_wconf 80' lang='grc' dir='ltr'>ἡ</span> <span class='ocrx_word' id='word_1_571' title='bbox 559 4018 806 4085; x_wconf 86' lang='grc' dir='ltr'>προτέρα</span> <span class='ocrx_word' id='word_1_572' title='bbox 838 4018 1109 4086; x_wconf 80' lang='grc' dir='ltr'>ἀνέφηνεν</span> <span class='ocrx_word' id='word_1_573' title='bbox 1141 4035 1155 4050; x_wconf 80' lang='grc' dir='ltr'><strong><em>ο</em></strong></span> <span class='ocrx_word' id='word_1_574' title='bbox 1191 4021 1222 4088; x_wconf 81' lang='grc' dir='ltr'>ἡ</span> <span class='ocrx_word' id='word_1_575' title='bbox 1254 4020 1299 4072; x_wconf 83' lang='grc' dir='ltr'>δ’</span> <span class='ocrx_word' id='word_1_576' title='bbox 1349 4023 1615 4088; x_wconf 81' lang='grc' dir='ltr'>ἀφεθεῖσα</span> <span class='ocrx_word' id='word_1_577' title='bbox 1663 4026 1836 4096; x_wconf 80' lang='grc' dir='ltr'>πόρνη</span> 
     </span>
    </p>
   </div>
   <div class='ocr_carea' id='block_1_77' title="bbox 256 4107 1833 4181">
    <p class='ocr_par' dir='ltr' id='par_1_77' title="bbox 256 4107 1833 4181">
     <span class='ocr_line' id='line_1_77' title="bbox 256 4107 1833 4181; baseline 0.005 -23"><span class='ocrx_word' id='word_1_578' title='bbox 256 4107 536 4172; x_wconf 79' lang='grc' dir='ltr'>λογίζεται</span> <span class='ocrx_word' id='word_1_579' title='bbox 601 4107 739 4159; x_wconf 80' lang='grc' dir='ltr'>κατὰ</span> <span class='ocrx_word' id='word_1_580' title='bbox 768 4107 1010 4173; x_wconf 68' lang='grc' dir='ltr'>ἄγνοιανθ</span> <span class='ocrx_word' id='word_1_581' title='bbox 1045 4110 1134 4162; x_wconf 72' lang='grc' dir='ltr'>καὶ</span> <span class='ocrx_word' id='word_1_582' title='bbox 1171 4111 1220 4162; x_wconf 80' lang='grc' dir='ltr'>εἰ</span> <span class='ocrx_word' id='word_1_583' title='bbox 1267 4112 1429 4176; x_wconf 77' lang='grc' dir='ltr'>θέλει,</span> <span class='ocrx_word' id='word_1_584' title='bbox 1501 4111 1792 4181; x_wconf 79' lang='grc' dir='ltr'>ζεύγνυται</span> <span class='ocrx_word' id='word_1_585' title='bbox 1821 4131 1833 4146; x_wconf 78' lang='grc' dir='ltr'><strong>ο</strong></span> 
     </span>
    </p>
   </div>
   <div class='ocr_carea' id='block_1_78' title="bbox 259 4198 1114 4268">
    <p class='ocr_par' dir='ltr' id='par_1_78' title="bbox 259 4198 1114 4268">
     <span class='ocr_line' id='line_1_78' title="bbox 259 4198 1114 4268; baseline 0.005 -18"><span class='ocrx_word' id='word_1_586' title='bbox 259 4198 482 4250; x_wconf 81' lang='grc' dir='ltr'>κάλλιον</span> <span class='ocrx_word' id='word_1_587' title='bbox 514 4199 590 4259; x_wconf 81' lang='grc' dir='ltr'>δὲ,</span> <span class='ocrx_word' id='word_1_588' title='bbox 627 4201 673 4250; x_wconf 84' lang='grc' dir='ltr'>εί</span> <span class='ocrx_word' id='word_1_589' title='bbox 705 4199 778 4268; x_wconf 73' lang='grc' dir='ltr'>μὴ</span> <span class='ocrx_word' id='word_1_590' title='bbox 801 4200 1114 4266; x_wconf 77' lang='grc' dir='ltr'>ζεύγνυται.</span> 
     </span>
    </p>
   </div>
   <div class='ocr_carea' id='block_1_79' title="bbox 338 4289 1841 4361">
    <p class='ocr_par' dir='ltr' id='par_1_79' title="bbox 338 4289 1841 4361">
     <span class='ocr_line' id='line_1_79' title="bbox 338 4289 1841 4361; baseline 0.004 -21"><span class='ocrx_word' id='word_1_591' title='bbox 338 4289 684 4358; x_wconf 77' lang='grc' dir='ltr'>Κατελεξφθη</span> <span class='ocrx_word' id='word_1_592' title='bbox 719 4291 859 4359; x_wconf 62' lang='grc' dir='ltr'>ἀνὴρ</span> <span class='ocrx_word' id='word_1_593' title='bbox 895 4295 1047 4359; x_wconf 70' lang='grc' dir='ltr'>παρὰ</span> <span class='ocrx_word' id='word_1_594' title='bbox 1078 4293 1175 4360; x_wconf 82' lang='grc' dir='ltr'>τῆς</span> <span class='ocrx_word' id='word_1_595' title='bbox 1217 4294 1353 4356; x_wconf 83' lang='grc' dir='ltr'>ίδίας</span> <span class='ocrx_word' id='word_1_596' title='bbox 1402 4296 1664 4361; x_wconf 76' lang='grc' dir='ltr'>γυναικὸς</span> <span class='ocrx_word' id='word_1_597' title='bbox 1706 4297 1841 4359; x_wconf 82' lang='grc' dir='ltr'>πρὸς</span> 
     </span>
    </p>
   </div>
   <div class='ocr_carea' id='block_1_80' title="bbox 258 4381 1839 4454">
    <p class='ocr_par' dir='ltr' id='par_1_80' title="bbox 258 4381 1839 4454">
     <span class='ocr_line' id='line_1_80' title="bbox 258 4381 1839 4454; baseline 0.003 -22"><span class='ocrx_word' id='word_1_598' title='bbox 258 4381 496 4448; x_wconf 79' lang='grc' dir='ltr'>καιρόν·</span> <span class='ocrx_word' id='word_1_599' title='bbox 533 4384 561 4432; x_wconf 92' lang='lat'><strong>6</strong></span> <span class='ocrx_word' id='word_1_600' title='bbox 613 4381 692 4443; x_wconf 82' lang='grc' dir='ltr'>δὲ,</span> <span class='ocrx_word' id='word_1_601' title='bbox 755 4381 829 4443; x_wconf 85' lang='grc' dir='ltr'><strong>ὡς</strong></span> <span class='ocrx_word' id='word_1_602' title='bbox 885 4383 1177 4446; x_wconf 56' lang='grc' dir='ltr'>ἀπολυθεὶς</span> <span class='ocrx_word' id='word_1_603' title='bbox 1234 4386 1324 4438; x_wconf 85' lang='grc' dir='ltr'><strong>ὑπ’</strong></span> <span class='ocrx_word' id='word_1_604' title='bbox 1376 4387 1612 4454; x_wconf 72' lang='grc' dir='ltr'>ἐκείνης,</span> <span class='ocrx_word' id='word_1_605' title='bbox 1647 4385 1839 4452; x_wconf 80' lang='grc' dir='ltr'>ἑτέραν</span> 
     </span>
    </p>
   </div>
   <div class='ocr_carea' id='block_1_81' title="bbox 2019 3925 3509 3997">
    <p class='ocr_par' dir='ltr' id='par_1_81' title="bbox 2019 3925 3509 3997">
     <span class='ocr_line' id='line_1_81' title="bbox 2019 3925 3509 3997; baseline -0.001 -13"><span class='ocrx_word' id='word_1_606' title='bbox 2019 3929 2246 3986; x_wconf 81' lang='lat' dir='ltr'><strong>ARIST.</strong></span> <span class='ocrx_word' id='word_1_607' title='bbox 2276 3929 2468 3997; x_wconf 80' lang='lat' dir='ltr'><strong>Nupsit</strong></span> <span class='ocrx_word' id='word_1_608' title='bbox 2495 3925 2741 3996; x_wconf 71' lang='lat' dir='ltr'><strong>qumdam</strong></span> <span class='ocrx_word' id='word_1_609' title='bbox 2779 3925 3035 3995; x_wconf 77' lang='lat' dir='ltr'><strong>ignorans</strong></span> <span class='ocrx_word' id='word_1_610' title='bbox 3085 3927 3202 3980; x_wconf 80' lang='lat' dir='ltr'><strong>viro</strong></span> <span class='ocrx_word' id='word_1_611' title='bbox 3249 3926 3509 3982; x_wconf 83' lang='lat' dir='ltr'><strong>dimisso:</strong></span> 
     </span>
    </p>
   </div>
   <div class='ocr_carea' id='block_1_82' title="bbox 1944 4015 3507 4093">
    <p class='ocr_par' dir='ltr' id='par_1_82' title="bbox 1944 4015 3507 4093">
     <span class='ocr_line' id='line_1_82' title="bbox 1944 4015 3507 4093; baseline -0.003 -17"><span class='ocrx_word' id='word_1_612' title='bbox 1944 4033 2130 4093; x_wconf 89' lang='lat' dir='ltr'><strong>postea</strong></span> <span class='ocrx_word' id='word_1_613' title='bbox 2184 4021 2332 4089; x_wconf 89' lang='lat' dir='ltr'><strong>prior</strong></span> <span class='ocrx_word' id='word_1_614' title='bbox 2381 4017 2659 4087; x_wconf 82' lang='lat' dir='ltr'><strong>apparuit:</strong></span> <span class='ocrx_word' id='word_1_615' title='bbox 2718 4015 2938 4070; x_wconf 85' lang='lat' dir='ltr'><strong>dimissa</strong></span> <span class='ocrx_word' id='word_1_616' title='bbox 2965 4026 3143 4070; x_wconf 77' lang='lat' dir='ltr'><strong>autem</strong></span> <span class='ocrx_word' id='word_1_617' title='bbox 3193 4017 3507 4072; x_wconf 79' lang='lat' dir='ltr'><strong>fornicatrix</strong></span> 
     </span>
    </p>
   </div>
   <div class='ocr_carea' id='block_1_83' title="bbox 1945 4108 3512 4184">
    <p class='ocr_par' dir='ltr' id='par_1_83' title="bbox 1945 4108 3512 4184">
     <span class='ocr_line' id='line_1_83' title="bbox 1945 4108 3512 4184; baseline -0.001 -21"><span class='ocrx_word' id='word_1_618' title='bbox 1945 4129 2042 4184; x_wconf 71' lang='lat' dir='ltr'><strong>per</strong></span> <span class='ocrx_word' id='word_1_619' title='bbox 2097 4110 2452 4183; x_wconf 79' lang='lat' dir='ltr'><strong>ignorantiam</strong></span> <span class='ocrx_word' id='word_1_620' title='bbox 2501 4116 2897 4176; x_wconf 80' lang='lat' dir='ltr'><strong>reputaturzet</strong></span> <span class='ocrx_word' id='word_1_621' title='bbox 2921 4108 2965 4162; x_wconf 88' lang='lat' dir='ltr'><strong>si</strong></span> <span class='ocrx_word' id='word_1_622' title='bbox 3014 4108 3127 4163; x_wconf 83' lang='lat' dir='ltr'><strong>vult</strong></span> <span class='ocrx_word' id='word_1_623' title='bbox 3171 4111 3341 4176; x_wconf 89' lang='lat' dir='ltr'><strong>nubit,</strong></span> <span class='ocrx_word' id='word_1_624' title='bbox 3403 4125 3512 4164; x_wconf 82' lang='lat' dir='ltr'><strong>mc.-</strong></span> 
     </span>
    </p>
   </div>
   <div class='ocr_carea' id='block_1_84' title="bbox 1947 4202 2668 4261">
    <p class='ocr_par' dir='ltr' id='par_1_84' title="bbox 1947 4202 2668 4261">
     <span class='ocr_line' id='line_1_84' title="bbox 1947 4202 2668 4261; baseline -0.006 -1"><span class='ocrx_word' id='word_1_625' title='bbox 1947 4208 2049 4261; x_wconf 92' lang='lat' dir='ltr'><strong>tius</strong></span> <span class='ocrx_word' id='word_1_626' title='bbox 2072 4215 2248 4259; x_wconf 83' lang='lat' dir='ltr'><strong>autent</strong></span> <span class='ocrx_word' id='word_1_627' title='bbox 2283 4204 2323 4256; x_wconf 88' lang='lat' dir='ltr'><strong>si</strong></span> <span class='ocrx_word' id='word_1_628' title='bbox 2354 4219 2457 4256; x_wconf 92' lang='lat' dir='ltr'><strong>non</strong></span> <span class='ocrx_word' id='word_1_629' title='bbox 2487 4202 2668 4256; x_wconf 83' lang='lat' dir='ltr'><strong>nubat.</strong></span> 
     </span>
    </p>
   </div>
   <div class='ocr_carea' id='block_1_85' title="bbox 2019 4291 3508 4362">
    <p class='ocr_par' dir='ltr' id='par_1_85' title="bbox 2019 4291 3508 4362">
     <span class='ocr_line' id='line_1_85' title="bbox 2019 4291 3508 4362; baseline -0.002 -13"><span class='ocrx_word' id='word_1_630' title='bbox 2019 4295 2114 4349; x_wconf 82' lang='lat' dir='ltr'><strong>Vir</strong></span> <span class='ocrx_word' id='word_1_631' title='bbox 2144 4297 2209 4348; x_wconf 90' lang='lat' dir='ltr'><strong>ad</strong></span> <span class='ocrx_word' id='word_1_632' title='bbox 2246 4301 2456 4362; x_wconf 89' lang='lat' dir='ltr'><strong>tempus</strong></span> <span class='ocrx_word' id='word_1_633' title='bbox 2477 4291 2544 4346; x_wconf 88' lang='lat' dir='ltr'><strong>ab</strong></span> <span class='ocrx_word' id='word_1_634' title='bbox 2577 4307 2745 4346; x_wconf 76' lang='lat' dir='ltr'><strong>uxore</strong></span> <span class='ocrx_word' id='word_1_635' title='bbox 2793 4307 2887 4345; x_wconf 87' lang='lat' dir='ltr'><strong>sua</strong></span> <span class='ocrx_word' id='word_1_636' title='bbox 2928 4291 3213 4346; x_wconf 87' lang='lat' dir='ltr'><strong>derelictus</strong></span> <span class='ocrx_word' id='word_1_637' title='bbox 3244 4292 3369 4357; x_wconf 81' lang='lat' dir='ltr'><strong>fuit,</strong></span> <span class='ocrx_word' id='word_1_638' title='bbox 3421 4293 3508 4346; x_wconf 87' lang='lat' dir='ltr'><strong>ille</strong></span> 
     </span>
    </p>
   </div>
   <div class='ocr_carea' id='block_1_86' title="bbox 1945 4378 3509 4449">
    <p class='ocr_par' dir='ltr' id='par_1_86' title="bbox 1945 4378 3509 4449">
     <span class='ocr_line' id='line_1_86' title="bbox 1945 4378 3509 4449; baseline -0.002 -12"><span class='ocrx_word' id='word_1_639' title='bbox 1945 4393 2124 4437; x_wconf 87' lang='lat' dir='ltr'><strong>autem</strong></span> <span class='ocrx_word' id='word_1_640' title='bbox 2160 4381 2269 4436; x_wconf 86' lang='lat' dir='ltr'><strong>acsi</strong></span> <span class='ocrx_word' id='word_1_641' title='bbox 2299 4381 2367 4435; x_wconf 88' lang='lat' dir='ltr'><strong>ab</strong></span> <span class='ocrx_word' id='word_1_642' title='bbox 2392 4395 2455 4435; x_wconf 87' lang='lat' dir='ltr'><strong>ea</strong></span> <span class='ocrx_word' id='word_1_643' title='bbox 2488 4381 2744 4434; x_wconf 83' lang='lat' dir='ltr'><strong>dimissus</strong></span> <span class='ocrx_word' id='word_1_644' title='bbox 2771 4378 2960 4433; x_wconf 81' lang='lat' dir='ltr'><strong>fuisset</strong></span> <span class='ocrx_word' id='word_1_645' title='bbox 2999 4381 3158 4434; x_wconf 84' lang='lat' dir='ltr'><strong>aliam</strong></span> <span class='ocrx_word' id='word_1_646' title='bbox 3191 4382 3366 4444; x_wconf 81' lang='lat' dir='ltr'><strong>duxit,</strong></span> <span class='ocrx_word' id='word_1_647' title='bbox 3392 4397 3509 4449; x_wconf 82' lang='lat' dir='ltr'><strong>quae</strong></span> 
     </span>
    </p>
   </div>
   <div class='ocr_carea' id='block_1_87' title="bbox 258 4471 1841 4569">
    <p class='ocr_par' dir='ltr' id='par_1_87' title="bbox 258 4472 1838 4546">
     <span class='ocr_line' id='line_1_87' title="bbox 258 4472 1838 4546; baseline 0.004 -23"><span class='ocrx_word' id='word_1_648' title='bbox 258 4472 478 4536; x_wconf 71' lang='grc' dir='ltr'>ἔλαϐεν,</span> <span class='ocrx_word' id='word_1_649' title='bbox 525 4475 827 4540; x_wconf 85' lang='grc' dir='ltr'>ἁγνοοῦσαν</span> <span class='ocrx_word' id='word_1_650' title='bbox 858 4474 919 4524; x_wconf 70' lang='grc' dir='ltr'><strong>το</strong></span> <span class='ocrx_word' id='word_1_651' title='bbox 976 4475 1111 4543; x_wconf 80' lang='grc' dir='ltr'>πρὸς</span> <span class='ocrx_word' id='word_1_652' title='bbox 1158 4477 1352 4546; x_wconf 74' lang='grc' dir='ltr'>καιρὸν</span> <span class='ocrx_word' id='word_1_653' title='bbox 1409 4475 1838 4544; x_wconf 82' lang='grc' dir='ltr'>καταλειφθῆναι</span> 
     </span>
    </p>
   </div>
   <div class='ocr_carea' id='block_1_88' title="bbox 1958 4471 3506 4569">
    <p class='ocr_par' dir='ltr' id='par_1_88' title="bbox 1958 4471 3506 4539">
     <span class='ocr_line' id='line_1_88' title="bbox 1958 4471 3506 4539; baseline 0 -13"><span class='ocrx_word' id='word_1_654' title='bbox 1958 4475 2171 4528; x_wconf 79' lang='lat' dir='ltr'><strong>:tescivit</strong></span> <span class='ocrx_word' id='word_1_655' title='bbox 2199 4488 2320 4528; x_wconf 88' lang='lat' dir='ltr'><strong>eum</strong></span> <span class='ocrx_word' id='word_1_656' title='bbox 2347 4474 2411 4526; x_wconf 89' lang='lat' dir='ltr'><strong>ad</strong></span> <span class='ocrx_word' id='word_1_657' title='bbox 2450 4481 2659 4539; x_wconf 88' lang='lat' dir='ltr'><strong>tempus</strong></span> <span class='ocrx_word' id='word_1_658' title='bbox 2690 4471 2992 4539; x_wconf 86' lang='lat' dir='ltr'><strong>deretinqui</strong></span> <span class='ocrx_word' id='word_1_659' title='bbox 3028 4487 3044 4524; x_wconf 88' lang='lat'><strong>:</strong></span> <span class='ocrx_word' id='word_1_660' title='bbox 3077 4471 3233 4524; x_wconf 86' lang='lat' dir='ltr'><strong>rediit</strong></span> <span class='ocrx_word' id='word_1_661' title='bbox 3288 4473 3353 4526; x_wconf 88' lang='lat' dir='ltr'><strong>ad</strong></span> <span class='ocrx_word' id='word_1_662' title='bbox 3383 4489 3506 4526; x_wconf 79' lang='lat' dir='ltr'><strong>eum</strong></span> 
     </span>
    </p>
   </div>
   <div class='ocr_carea' id='block_1_89' title="bbox 258 4565 1838 4636">
    <p class='ocr_par' dir='ltr' id='par_1_89' title="bbox 258 4565 1838 4636">
     <span class='ocr_line' id='line_1_89' title="bbox 258 4565 1838 4636; baseline 0.003 -21"><span class='ocrx_word' id='word_1_663' title='bbox 258 4565 452 4618; x_wconf 79' lang='grc' dir='ltr'>αὐτόν.</span> <span class='ocrx_word' id='word_1_664' title='bbox 498 4565 801 4628; x_wconf 72' lang='grc' dir='ltr'>Ἐπανῆλθε</span> <span class='ocrx_word' id='word_1_665' title='bbox 849 4566 980 4633; x_wconf 73' lang='grc' dir='ltr'>πρὸς</span> <span class='ocrx_word' id='word_1_666' title='bbox 1010 4567 1175 4618; x_wconf 82' lang='grc' dir='ltr'>αὑτὸν</span> <span class='ocrx_word' id='word_1_667' title='bbox 1225 4570 1255 4636; x_wconf 83' lang='grc' dir='ltr'>ἠ</span> <span class='ocrx_word' id='word_1_668' title='bbox 1301 4569 1565 4634; x_wconf 88' lang='grc' dir='ltr'>προτέρα,</span> <span class='ocrx_word' id='word_1_669' title='bbox 1599 4569 1692 4619; x_wconf 78' lang='grc' dir='ltr'>καὶ</span> <span class='ocrx_word' id='word_1_670' title='bbox 1736 4585 1838 4620; x_wconf 86' lang='grc' dir='ltr'>πα-</span> 
     </span>
    </p>
   </div>
   <div class='ocr_carea' id='block_1_90' title="bbox 261 4654 1837 4729">
    <p class='ocr_par' dir='ltr' id='par_1_90' title="bbox 261 4654 1837 4729">
     <span class='ocr_line' id='line_1_90' title="bbox 261 4654 1837 4729; baseline 0.001 -21"><span class='ocrx_word' id='word_1_671' title='bbox 261 4654 628 4724; x_wconf 64' lang='grc' dir='ltr'>ραδεξάμενος</span> <span class='ocrx_word' id='word_1_672' title='bbox 687 4658 918 4724; x_wconf 80' lang='grc' dir='ltr'>ταύτην,</span> <span class='ocrx_word' id='word_1_673' title='bbox 979 4658 1078 4724; x_wconf 79' lang='grc' dir='ltr'>τὴν</span> <span class='ocrx_word' id='word_1_674' title='bbox 1127 4657 1388 4729; x_wconf 82' lang='grc' dir='ltr'>δευτέραν</span> <span class='ocrx_word' id='word_1_675' title='bbox 1443 4659 1654 4728; x_wconf 73' lang='grc' dir='ltr'>ἀφῆκεν</span> <span class='ocrx_word' id='word_1_676' title='bbox 1688 4674 1701 4688; x_wconf 74' lang='grc'><strong>⁸</strong></span> <span class='ocrx_word' id='word_1_677' title='bbox 1763 4658 1837 4720; x_wconf 81' lang='grc' dir='ltr'>ὡς</span> 
     </span>
    </p>
   </div>
   <div class='ocr_carea' id='block_1_91' title="bbox 260 4748 1835 4820">
    <p class='ocr_par' dir='ltr' id='par_1_91' title="bbox 260 4748 1835 4820">
     <span class='ocr_line' id='line_1_91' title="bbox 260 4748 1835 4820; baseline 0.003 -22"><span class='ocrx_word' id='word_1_678' title='bbox 260 4748 440 4816; x_wconf 78' lang='grc' dir='ltr'>πόρνη</span> <span class='ocrx_word' id='word_1_679' title='bbox 463 4748 706 4816; x_wconf 81' lang='grc' dir='ltr'>κρίνεται</span> <span class='ocrx_word' id='word_1_680' title='bbox 735 4749 873 4818; x_wconf 76' lang='grc' dir='ltr'>αὐτὴ</span> <span class='ocrx_word' id='word_1_681' title='bbox 894 4751 926 4816; x_wconf 81' lang='grc' dir='ltr'>ἡ</span> <span class='ocrx_word' id='word_1_682' title='bbox 954 4751 1237 4814; x_wconf 77' lang='grc' dir='ltr'>ἀφεθεῖσα,</span> <span class='ocrx_word' id='word_1_683' title='bbox 1268 4751 1405 4820; x_wconf 82' lang='grc' dir='ltr'>πλὴν</span> <span class='ocrx_word' id='word_1_684' title='bbox 1428 4753 1568 4804; x_wconf 70' lang='grc' dir='ltr'>κατὰ</span> <span class='ocrx_word' id='word_1_685' title='bbox 1591 4752 1835 4819; x_wconf 73' lang='grc' dir='ltr'>ἄγνοιαν-</span> 
     </span>
    </p>
   </div>
   <div class='ocr_carea' id='block_1_92' title="bbox 259 4839 1836 4912">
    <p class='ocr_par' dir='ltr' id='par_1_92' title="bbox 259 4839 1836 4912">
     <span class='ocr_line' id='line_1_92' title="bbox 259 4839 1836 4912; baseline 0.003 -22"><span class='ocrx_word' id='word_1_686' title='bbox 259 4842 360 4890; x_wconf 78' lang='grc' dir='ltr'>καὶ</span> <span class='ocrx_word' id='word_1_687' title='bbox 391 4839 477 4891; x_wconf 74' lang='grc' dir='ltr'><strong>διὰ</strong></span> <span class='ocrx_word' id='word_1_688' title='bbox 504 4839 681 4902; x_wconf 89' lang='grc' dir='ltr'>τοῦτο,</span> <span class='ocrx_word' id='word_1_689' title='bbox 708 4842 756 4891; x_wconf 87' lang='grc' dir='ltr'>εἰ</span> <span class='ocrx_word' id='word_1_690' title='bbox 788 4840 1024 4908; x_wconf 74' lang='grc' dir='ltr'>βουληθῇ</span> <span class='ocrx_word' id='word_1_691' title='bbox 1056 4845 1234 4909; x_wconf 76' lang='grc' dir='ltr'>γάμου</span> <span class='ocrx_word' id='word_1_692' title='bbox 1272 4844 1528 4912; x_wconf 72' lang='grc' dir='ltr'>κοινωνίᾳ</span> <span class='ocrx_word' id='word_1_693' title='bbox 1562 4844 1836 4910; x_wconf 65' lang='grc' dir='ltr'>συναφθῆ-</span> 
     </span>
    </p>
   </div>
   <div class='ocr_carea' id='block_1_93' title="bbox 255 4932 1832 5002">
    <p class='ocr_par' dir='ltr' id='par_1_93' title="bbox 255 4932 1832 5002">
     <span class='ocr_line' id='line_1_93' title="bbox 255 4932 1832 5002; baseline -0.001 -20"><span class='ocrx_word' id='word_1_694' title='bbox 255 4949 350 4982; x_wconf 76' lang='grc' dir='ltr'><strong>ναι</strong></span> <span class='ocrx_word' id='word_1_695' title='bbox 404 4933 596 5002; x_wconf 81' lang='grc' dir='ltr'>ἑτέρῳ,</span> <span class='ocrx_word' id='word_1_696' title='bbox 647 4932 706 4982; x_wconf 83' lang='grc' dir='ltr'><strong>οὐ</strong></span> <span class='ocrx_word' id='word_1_697' title='bbox 738 4933 1114 4999; x_wconf 76' lang='grc' dir='ltr'>κωλυθήσεται</span> <span class='ocrx_word' id='word_1_698' title='bbox 1146 4950 1158 4962; x_wconf 88' lang='grc'><strong>·</strong></span> <span class='ocrx_word' id='word_1_699' title='bbox 1187 4934 1246 4983; x_wconf 79' lang='grc' dir='ltr'><strong>οὐ</strong></span> <span class='ocrx_word' id='word_1_700' title='bbox 1284 4935 1391 5002; x_wconf 64' lang='grc' dir='ltr'>γὰρ</span> <span class='ocrx_word' id='word_1_701' title='bbox 1453 4933 1832 5002; x_wconf 80' lang='grc' dir='ltr'>ἀπολελυμένη</span> 
     </span>
    </p>
   </div>
   <div class='ocr_carea' id='block_1_94' title="bbox 254 5023 1835 5092">
    <p class='ocr_par' dir='ltr' id='par_1_94' title="bbox 254 5023 1835 5092">
     <span class='ocr_line' id='line_1_94' title="bbox 254 5023 1835 5092; baseline 0.001 -17"><span class='ocrx_word' id='word_1_702' title='bbox 254 5025 535 5090; x_wconf 74' lang='grc' dir='ltr'>λογὲζεται</span> <span class='ocrx_word' id='word_1_703' title='bbox 568 5040 581 5053; x_wconf 89' lang='grc'><strong>·</strong></span> <span class='ocrx_word' id='word_1_704' title='bbox 643 5025 724 5076; x_wconf 78' lang='grc' dir='ltr'>ὅτι</span> <span class='ocrx_word' id='word_1_705' title='bbox 773 5023 909 5092; x_wconf 83' lang='grc' dir='ltr'>μηδὲ</span> <span class='ocrx_word' id='word_1_706' title='bbox 945 5023 1079 5091; x_wconf 75' lang='grc' dir='ltr'>ἀνὴρ</span> <span class='ocrx_word' id='word_1_707' title='bbox 1109 5025 1276 5090; x_wconf 74' lang='grc' dir='ltr'>αὐτῆς</span> <span class='ocrx_word' id='word_1_708' title='bbox 1310 5025 1516 5090; x_wconf 83' lang='grc' dir='ltr'>κυρίως</span> <span class='ocrx_word' id='word_1_709' title='bbox 1549 5024 1770 5090; x_wconf 75' lang='grc' dir='ltr'>ἐγένετο</span> <span class='ocrx_word' id='word_1_710' title='bbox 1809 5028 1835 5078; x_wconf 87' lang='lat'><strong>6</strong></span> 
     </span>
    </p>
   </div>
   <div class='ocr_carea' id='block_1_95' title="bbox 252 5115 1831 5185">
    <p class='ocr_par' dir='ltr' id='par_1_95' title="bbox 252 5115 1831 5185">
     <span class='ocr_line' id='line_1_95' title="bbox 252 5115 1831 5185; baseline 0.001 -19"><span class='ocrx_word' id='word_1_711' title='bbox 252 5116 464 5182; x_wconf 78' lang='grc' dir='ltr'>ταύτην</span> <span class='ocrx_word' id='word_1_712' title='bbox 502 5116 790 5184; x_wconf 67' lang='grc' dir='ltr'>ἅφέμενος.</span> <span class='ocrx_word' id='word_1_713' title='bbox 836 5115 962 5167; x_wconf 84' lang='grc' dir='ltr'><strong>Ἐὰν</strong></span> <span class='ocrx_word' id='word_1_714' title='bbox 992 5115 1046 5166; x_wconf 68' lang='grc' dir='ltr'>δὲ</span> <span class='ocrx_word' id='word_1_715' title='bbox 1075 5115 1276 5185; x_wconf 74' lang='grc' dir='ltr'>θελήσῃ</span> <span class='ocrx_word' id='word_1_716' title='bbox 1307 5118 1487 5182; x_wconf 86' lang='grc' dir='ltr'>μεῖναι</span> <span class='ocrx_word' id='word_1_717' title='bbox 1510 5117 1566 5168; x_wconf 81' lang='grc' dir='ltr'><strong>ἑν</strong></span> <span class='ocrx_word' id='word_1_718' title='bbox 1594 5116 1831 5185; x_wconf 71' lang='grc' dir='ltr'>ἀγαμίᾳ,</span> 
     </span>
    </p>
   </div>
   <div class='ocr_carea' id='block_1_96' title="bbox 254 5206 1658 5276">
    <p class='ocr_par' dir='ltr' id='par_1_96' title="bbox 254 5206 1658 5276">
     <span class='ocr_line' id='line_1_96' title="bbox 254 5206 1658 5276; baseline 0 -17"><span class='ocrx_word' id='word_1_719' title='bbox 254 5208 354 5259; x_wconf 71' lang='lat' dir='ltr'><strong>xxi</strong></span> <span class='ocrx_word' id='word_1_720' title='bbox 385 5207 455 5276; x_wconf 75' lang='grc' dir='ltr'>μὴ</span> <span class='ocrx_word' id='word_1_721' title='bbox 485 5208 568 5258; x_wconf 80' lang='grc' dir='ltr'><strong>ἐπ’</strong></span> <span class='ocrx_word' id='word_1_722' title='bbox 598 5207 754 5260; x_wconf 70' lang='grc' dir='ltr'>ἄλλον</span> <span class='ocrx_word' id='word_1_723' title='bbox 783 5207 960 5259; x_wconf 77' lang='grc' dir='ltr'>ἐλθεῖν</span> <span class='ocrx_word' id='word_1_724' title='bbox 995 5208 1196 5274; x_wconf 79' lang='grc' dir='ltr'>γάμον,</span> <span class='ocrx_word' id='word_1_725' title='bbox 1228 5206 1448 5259; x_wconf 79' lang='grc' dir='ltr'>κάλλιον</span> <span class='ocrx_word' id='word_1_726' title='bbox 1478 5207 1658 5260; x_wconf 88' lang='grc' dir='ltr'>τοῦτο.</span> 
     </span>
    </p>
   </div>
   <div class='ocr_carea' id='block_1_97' title="bbox 855 5296 1233 5351">
    <p class='ocr_par' dir='ltr' id='par_1_97' title="bbox 855 5296 1233 5351">
     <span class='ocr_line' id='line_1_97' title="bbox 855 5296 1233 5351; baseline 0.005 -2"><span class='ocrx_word' id='word_1_727' title='bbox 855 5297 1087 5350; x_wconf 79' lang='grc' dir='ltr'><strong>ΚΛΝΩΝ</strong></span> <span class='ocrx_word' id='word_1_728' title='bbox 1116 5296 1233 5351; x_wconf 84' lang='lat' dir='ltr'><strong>MZ&#39;</strong></span> 
     </span>
    </p>
   </div>
   <div class='ocr_carea' id='block_1_98' title="bbox 266 5389 1831 5462">
    <p class='ocr_par' dir='ltr' id='par_1_98' title="bbox 266 5389 1831 5462">
     <span class='ocr_line' id='line_1_98' title="bbox 266 5389 1831 5462; baseline 0.001 -22"><span class='ocrx_word' id='word_1_729' title='bbox 266 5389 625 5458; x_wconf 83' lang='grc' dir='ltr'>Ἐγκρατῖται</span> <span class='ocrx_word' id='word_1_730' title='bbox 660 5392 753 5442; x_wconf 72' lang='grc' dir='ltr'>καὶ</span> <span class='ocrx_word' id='word_1_731' title='bbox 784 5389 1146 5457; x_wconf 73' lang='grc' dir='ltr'>Σακκοφόροι,</span> <span class='ocrx_word' id='word_1_732' title='bbox 1181 5389 1275 5441; x_wconf 78' lang='grc' dir='ltr'>καὶ</span> <span class='ocrx_word' id='word_1_733' title='bbox 1335 5389 1722 5444; x_wconf 73' lang='grc' dir='ltr'>’Δποτακτίται</span> <span class='ocrx_word' id='word_1_734' title='bbox 1753 5392 1831 5462; x_wconf 78' lang='grc' dir='ltr'>τῷ</span> 
     </span>
    </p>
   </div>
   <div class='ocr_carea' id='block_1_99' title="bbox 329 5473 1830 5550">
    <p class='ocr_par' dir='ltr' id='par_1_99' title="bbox 329 5473 1830 5550">
     <span class='ocr_line' id='line_1_99' title="bbox 329 5473 1830 5550; baseline -0.001 -17"><span class='ocrx_word' id='word_1_735' title='bbox 329 5482 477 5550; x_wconf 71' lang='grc' dir='ltr'>αὐτῷ</span> <span class='ocrx_word' id='word_1_736' title='bbox 525 5483 845 5533; x_wconf 72' lang='grc' dir='ltr'>ὑπόκεινται</span> <span class='ocrx_word' id='word_1_737' title='bbox 899 5481 1063 5550; x_wconf 86' lang='grc' dir='ltr'>λόγῳ,</span> <span class='ocrx_word' id='word_1_738' title='bbox 1109 5473 1153 5547; x_wconf 80' lang='grc' dir='ltr'>ᾧ</span> <span class='ocrx_word' id='word_1_739' title='bbox 1213 5481 1306 5532; x_wconf 73' lang='grc' dir='ltr'>καὶ</span> <span class='ocrx_word' id='word_1_740' title='bbox 1355 5478 1704 5546; x_wconf 74' lang='grc' dir='ltr'>Ναυατιανοὶ,</span> <span class='ocrx_word' id='word_1_741' title='bbox 1750 5482 1830 5534; x_wconf 82' lang='grc' dir='ltr'>ὅτι</span> 
     </span>
    </p>
   </div>
   <div class='ocr_carea' id='block_1_100' title="bbox 330 5568 1828 5640">
    <p class='ocr_par' dir='ltr' id='par_1_100' title="bbox 330 5568 1828 5640">
     <span class='ocr_line' id='line_1_100' title="bbox 330 5568 1828 5640; baseline 0.001 -19"><span class='ocrx_word' id='word_1_742' title='bbox 330 5574 457 5640; x_wconf 71' lang='grc' dir='ltr'>περὶ</span> <span class='ocrx_word' id='word_1_743' title='bbox 518 5568 614 5640; x_wconf 78' lang='grc' dir='ltr'><strong>μὲν</strong></span> <span class='ocrx_word' id='word_1_744' title='bbox 650 5571 874 5631; x_wconf 68' lang='grc' dir='ltr'>ἐκείνων</span> <span class='ocrx_word' id='word_1_745' title='bbox 915 5570 1096 5622; x_wconf 85' lang='grc' dir='ltr'>κανὼν</span> <span class='ocrx_word' id='word_1_746' title='bbox 1127 5569 1466 5639; x_wconf 77' lang='grc' dir='ltr'>ὲξεφωνήθη,</span> <span class='ocrx_word' id='word_1_747' title='bbox 1503 5573 1549 5622; x_wconf 89' lang='grc' dir='ltr'>εἰ</span> <span class='ocrx_word' id='word_1_748' title='bbox 1584 5575 1673 5622; x_wconf 75' lang='grc' dir='ltr'>καὶ</span> <span class='ocrx_word' id='word_1_749' title='bbox 1723 5571 1828 5623; x_wconf 78' lang='grc' dir='ltr'>διά-</span> 
     </span>
    </p>
   </div>
   <div class='ocr_carea' id='block_1_101' title="bbox 328 5662 1826 5732">
    <p class='ocr_par' dir='ltr' id='par_1_101' title="bbox 328 5662 1826 5732">
     <span class='ocr_line' id='line_1_101' title="bbox 328 5662 1826 5732; baseline 0.003 -18"><span class='ocrx_word' id='word_1_750' title='bbox 328 5682 514 5731; x_wconf 77' lang='grc' dir='ltr'>φορος,</span> <span class='ocrx_word' id='word_1_751' title='bbox 542 5667 604 5716; x_wconf 68' lang='grc' dir='ltr'>τὰ</span> <span class='ocrx_word' id='word_1_752' title='bbox 638 5666 692 5716; x_wconf 75' lang='grc' dir='ltr'>δὲ</span> <span class='ocrx_word' id='word_1_753' title='bbox 727 5664 868 5716; x_wconf 69' lang='grc' dir='ltr'>κατὰ</span> <span class='ocrx_word' id='word_1_754' title='bbox 890 5663 1114 5725; x_wconf 81' lang='grc' dir='ltr'>τούτους</span> <span class='ocrx_word' id='word_1_755' title='bbox 1143 5662 1590 5732; x_wconf 69' lang='grc' dir='ltr'>ἀποσεσιώπηται</span> <span class='ocrx_word' id='word_1_756' title='bbox 1621 5679 1632 5692; x_wconf 86' lang='grc'><strong>·</strong></span> <span class='ocrx_word' id='word_1_757' title='bbox 1669 5666 1826 5732; x_wconf 62' lang='grc' dir='ltr'>ἡμεῖς</span> 
     </span>
    </p>
   </div>
   <div class='ocr_carea' id='block_1_102' title="bbox 330 5753 1817 5821">
    <p class='ocr_par' dir='ltr' id='par_1_102' title="bbox 330 5753 1817 5821">
     <span class='ocr_line' id='line_1_102' title="bbox 330 5753 1817 5821; baseline -0.002 -16"><span class='ocrx_word' id='word_1_758' title='bbox 330 5755 510 5821; x_wconf 78' lang='grc' dir='ltr'>μέντοι</span> <span class='ocrx_word' id='word_1_759' title='bbox 550 5755 628 5804; x_wconf 70' lang='grc' dir='ltr'>ἑνὶ</span> <span class='ocrx_word' id='word_1_760' title='bbox 675 5753 818 5821; x_wconf 71' lang='grc' dir='ltr'>λόγῳ</span> <span class='ocrx_word' id='word_1_761' title='bbox 873 5753 1320 5820; x_wconf 77' lang='grc' dir='ltr'>ἀναῦαπτίζομεν</span> <span class='ocrx_word' id='word_1_762' title='bbox 1365 5753 1487 5812; x_wconf 61' lang='grc' dir='ltr'>τοὺς</span> <span class='ocrx_word' id='word_1_763' title='bbox 1525 5753 1817 5812; x_wconf 70' lang='grc' dir='ltr'>τοιούτους.</span> 
     </span>
    </p>
   </div>
   <div class='ocr_carea' id='block_1_103' title="bbox 328 5839 1802 5915">
    <p class='ocr_par' dir='ltr' id='par_1_103' title="bbox 328 5839 1802 5915">
     <span class='ocr_line' id='line_1_103' title="bbox 328 5839 1802 5915; baseline -0.002 -16"><span class='ocrx_word' id='word_1_764' title='bbox 328 5847 386 5899; x_wconf 75' lang='grc' dir='ltr'><strong>Ι·Σέ</strong></span> <span class='ocrx_word' id='word_1_765' title='bbox 422 5847 475 5898; x_wconf 66' lang='grc' dir='ltr'>δὲ</span> <span class='ocrx_word' id='word_1_766' title='bbox 518 5865 627 5898; x_wconf 68' lang='grc' dir='ltr'><strong>πσο</strong></span> <span class='ocrx_word' id='word_1_767' title='bbox 676 5847 806 5915; x_wconf 70' lang='grc' dir='ltr'>ἡμῖν</span> <span class='ocrx_word' id='word_1_768' title='bbox 854 5845 1232 5915; x_wconf 58' lang='grc' dir='ltr'>ἀπηγόρευται</span> <span class='ocrx_word' id='word_1_769' title='bbox 1280 5839 1454 5906; x_wconf 68' lang='grc' dir='ltr'>τοῦτο,</span> <span class='ocrx_word' id='word_1_770' title='bbox 1489 5844 1545 5893; x_wconf 74' lang='grc' dir='ltr'>τῖι</span> <span class='ocrx_word' id='word_1_771' title='bbox 1581 5843 1667 5895; x_wconf 69' lang='grc' dir='ltr'><strong>τοῦ</strong></span> <span class='ocrx_word' id='word_1_772' title='bbox 1703 5847 1802 5896; x_wconf 66' lang='grc' dir='ltr'><strong>ἀνα</strong></span> 
     </span>
    </p>
   </div>
   <div class='ocr_carea' id='block_1_104' title="bbox 1945 4562 3508 4634">
    <p class='ocr_par' dir='ltr' id='par_1_104' title="bbox 1945 4562 3508 4634">
     <span class='ocr_line' id='line_1_104' title="bbox 1945 4562 3508 4634; baseline -0.001 -15"><span class='ocrx_word' id='word_1_773' title='bbox 1945 4570 2139 4634; x_wconf 88' lang='lat' dir='ltr'><strong>prima,</strong></span> <span class='ocrx_word' id='word_1_774' title='bbox 2167 4577 2219 4620; x_wconf 91' lang='lat' dir='ltr'><strong>et</strong></span> <span class='ocrx_word' id='word_1_775' title='bbox 2252 4580 2370 4619; x_wconf 89' lang='lat' dir='ltr'><strong>cam</strong></span> <span class='ocrx_word' id='word_1_776' title='bbox 2403 4564 2668 4632; x_wconf 82' lang='lat' dir='ltr'><strong>recipiens</strong></span> <span class='ocrx_word' id='word_1_777' title='bbox 2692 4562 2982 4616; x_wconf 87' lang='lat' dir='ltr'><strong>secundam</strong></span> <span class='ocrx_word' id='word_1_778' title='bbox 3036 4563 3260 4624; x_wconf 87' lang='lat' dir='ltr'><strong>dimisit,</strong></span> <span class='ocrx_word' id='word_1_779' title='bbox 3293 4572 3347 4618; x_wconf 87' lang='lat' dir='ltr'><strong>ut</strong></span> <span class='ocrx_word' id='word_1_780' title='bbox 3397 4565 3508 4618; x_wconf 83' lang='lat' dir='ltr'><strong>tor-</strong></span> 
     </span>
    </p>
   </div>
   <div class='ocr_carea' id='block_1_105' title="bbox 1942 4655 3503 4726">
    <p class='ocr_par' dir='ltr' id='par_1_105' title="bbox 1942 4655 3503 4726">
     <span class='ocr_line' id='line_1_105' title="bbox 1942 4655 3503 4726; baseline -0.001 -15"><span class='ocrx_word' id='word_1_781' title='bbox 1942 4658 2164 4712; x_wconf 77' lang='lat' dir='ltr'><strong>nicatrix</strong></span> <span class='ocrx_word' id='word_1_782' title='bbox 2201 4656 2477 4726; x_wconf 78' lang='lat' dir='ltr'><strong>iudicatur</strong></span> <span class='ocrx_word' id='word_1_783' title='bbox 2507 4655 2751 4720; x_wconf 86' lang='lat' dir='ltr'><strong>dimissa,</strong></span> <span class='ocrx_word' id='word_1_784' title='bbox 2788 4655 2882 4708; x_wconf 86' lang='lat' dir='ltr'><strong>sed</strong></span> <span class='ocrx_word' id='word_1_785' title='bbox 2943 4670 3040 4724; x_wconf 88' lang='lat' dir='ltr'><strong>per</strong></span> <span class='ocrx_word' id='word_1_786' title='bbox 3098 4655 3458 4726; x_wconf 76' lang='lat' dir='ltr'><strong>ignorantiam</strong></span> <span class='ocrx_word' id='word_1_787' title='bbox 3489 4676 3503 4721; x_wconf 86' lang='lat'><strong>;</strong></span> 
     </span>
    </p>
   </div>
   <div class='ocr_carea' id='block_1_106' title="bbox 1938 4739 3505 4820">
    <p class='ocr_par' dir='ltr' id='par_1_106' title="bbox 1938 4739 3505 4820">
     <span class='ocr_line' id='line_1_106' title="bbox 1938 4739 3505 4820; baseline -0.001 -18"><span class='ocrx_word' id='word_1_788' title='bbox 1938 4758 1993 4803; x_wconf 90' lang='lat' dir='ltr'><strong>et</strong></span> <span class='ocrx_word' id='word_1_789' title='bbox 2035 4751 2154 4802; x_wconf 88' lang='lat' dir='ltr'><strong>ideo</strong></span> <span class='ocrx_word' id='word_1_790' title='bbox 2205 4749 2249 4802; x_wconf 90' lang='lat' dir='ltr'><strong>si</strong></span> <span class='ocrx_word' id='word_1_791' title='bbox 2302 4739 2626 4801; x_wconf 74' lang='lat' dir='ltr'><strong>matrimonii</strong></span> <span class='ocrx_word' id='word_1_792' title='bbox 2683 4747 3062 4801; x_wconf 88' lang='lat' dir='ltr'><strong>communione</strong></span> <span class='ocrx_word' id='word_1_793' title='bbox 3105 4749 3194 4801; x_wconf 88' lang='lat' dir='ltr'><strong>alii</strong></span> <span class='ocrx_word' id='word_1_794' title='bbox 3255 4751 3505 4820; x_wconf 81' lang='lat' dir='ltr'><strong>conjungi</strong></span> 
     </span>
    </p>
   </div>
   <div class='ocr_carea' id='block_1_107' title="bbox 1940 4837 3487 4909">
    <p class='ocr_par' dir='ltr' id='par_1_107' title="bbox 1940 4837 3487 4909">
     <span class='ocr_line' id='line_1_107' title="bbox 1940 4837 3487 4909; baseline -0.001 -13"><span class='ocrx_word' id='word_1_795' title='bbox 1940 4843 2087 4906; x_wconf 85' lang='lat' dir='ltr'><strong>velit,</strong></span> <span class='ocrx_word' id='word_1_796' title='bbox 2138 4856 2242 4895; x_wconf 88' lang='lat' dir='ltr'><strong>neu</strong></span> <span class='ocrx_word' id='word_1_797' title='bbox 2276 4837 2809 4907; x_wconf 77' lang='lat' dir='ltr'><strong>prohibebitur.Non</strong></span> <span class='ocrx_word' id='word_1_798' title='bbox 2871 4841 3012 4895; x_wconf 91' lang='lat' dir='ltr'><strong>enim</strong></span> <span class='ocrx_word' id='word_1_799' title='bbox 3083 4841 3304 4895; x_wconf 84' lang='lat' dir='ltr'><strong>dimissa</strong></span> <span class='ocrx_word' id='word_1_800' title='bbox 3359 4858 3487 4909; x_wconf 84' lang='lat' dir='ltr'><strong>reptt</strong></span> 
     </span>
    </p>
   </div>
   <div class='ocr_carea' id='block_1_108' title="bbox 1939 4931 3501 5001">
    <p class='ocr_par' dir='ltr' id='par_1_108' title="bbox 1939 4931 3501 5001">
     <span class='ocr_line' id='line_1_108' title="bbox 1939 4931 3501 5001; baseline 0.001 -17"><span class='ocrx_word' id='word_1_801' title='bbox 1939 4941 2086 4986; x_wconf 87' lang='lat' dir='ltr'><strong>tatur</strong></span> <span class='ocrx_word' id='word_1_802' title='bbox 2111 4974 2124 4997; x_wconf 93' lang='lat'><strong>,</strong></span> <span class='ocrx_word' id='word_1_803' title='bbox 2159 4932 2410 4997; x_wconf 75' lang='lat' dir='ltr'><strong>quoniam</strong></span> <span class='ocrx_word' id='word_1_804' title='bbox 2447 4931 2533 4998; x_wconf 93' lang='lat' dir='ltr'><strong>qui</strong></span> <span class='ocrx_word' id='word_1_805' title='bbox 2558 4946 2675 4984; x_wconf 85' lang='lat' dir='ltr'><strong>eam</strong></span> <span class='ocrx_word' id='word_1_806' title='bbox 2704 4931 2907 4984; x_wconf 83' lang='lat' dir='ltr'><strong>dimisit</strong></span> <span class='ocrx_word' id='word_1_807' title='bbox 2965 4934 3181 5001; x_wconf 80' lang='lat' dir='ltr'><strong>proprie</strong></span> <span class='ocrx_word' id='word_1_808' title='bbox 3225 4947 3327 4987; x_wconf 90' lang='lat' dir='ltr'><strong>non</strong></span> <span class='ocrx_word' id='word_1_809' title='bbox 3389 4943 3501 4986; x_wconf 79' lang='lat' dir='ltr'><strong>erat</strong></span> 
     </span>
    </p>
   </div>
   <div class='ocr_carea' id='block_1_109' title="bbox 1940 5019 3503 5091">
    <p class='ocr_par' dir='ltr' id='par_1_109' title="bbox 1940 5019 3503 5091">
     <span class='ocr_line' id='line_1_109' title="bbox 1940 5019 3503 5091; baseline 0.003 -17"><span class='ocrx_word' id='word_1_810' title='bbox 1940 5024 2106 5091; x_wconf 91' lang='lat' dir='ltr'><strong>ipsius</strong></span> <span class='ocrx_word' id='word_1_811' title='bbox 2139 5025 2238 5075; x_wconf 83' lang='lat' dir='ltr'><strong>vir.</strong></span> <span class='ocrx_word' id='word_1_812' title='bbox 2289 5019 2342 5076; x_wconf 89' lang='lat' dir='ltr'><strong>Si</strong></span> <span class='ocrx_word' id='word_1_813' title='bbox 2397 5032 2578 5076; x_wconf 85' lang='lat' dir='ltr'><strong>autem</strong></span> <span class='ocrx_word' id='word_1_814' title='bbox 2634 5029 2788 5076; x_wconf 75' lang='lat' dir='ltr'><strong>extra</strong></span> <span class='ocrx_word' id='word_1_815' title='bbox 2834 5021 3503 5078; x_wconf 67' lang='lat' dir='ltr'><strong>matrimonium&#39;manere</strong></span> 
     </span>
    </p>
   </div>
   <div class='ocr_carea' id='block_1_110' title="bbox 1937 5111 3500 5181">
    <p class='ocr_par' dir='ltr' id='par_1_110' title="bbox 1937 5111 3500 5181">
     <span class='ocr_line' id='line_1_110' title="bbox 1937 5111 3500 5181; baseline 0.003 -19"><span class='ocrx_word' id='word_1_816' title='bbox 1937 5113 2114 5174; x_wconf 81' lang='lat' dir='ltr'><strong>vellet,</strong></span> <span class='ocrx_word' id='word_1_817' title='bbox 2141 5121 2196 5165; x_wconf 90' lang='lat' dir='ltr'><strong>et</strong></span> <span class='ocrx_word' id='word_1_818' title='bbox 2252 5113 2316 5164; x_wconf 89' lang='lat' dir='ltr'><strong>ad</strong></span> <span class='ocrx_word' id='word_1_819' title='bbox 2362 5111 2594 5167; x_wconf 85' lang='lat' dir='ltr'><strong>alterum</strong></span> <span class='ocrx_word' id='word_1_820' title='bbox 2650 5112 2956 5181; x_wconf 76' lang='lat' dir='ltr'><strong>conjugium</strong></span> <span class='ocrx_word' id='word_1_821' title='bbox 3012 5129 3114 5166; x_wconf 89' lang='lat' dir='ltr'><strong>non</strong></span> <span class='ocrx_word' id='word_1_822' title='bbox 3159 5114 3362 5179; x_wconf 62' lang='lat' dir='ltr'><strong>venire,</strong></span> <span class='ocrx_word' id='word_1_823' title='bbox 3401 5115 3500 5168; x_wconf 86' lang='lat' dir='ltr'><strong>hoc</strong></span> 
     </span>
    </p>
   </div>
   <div class='ocr_carea' id='block_1_111' title="bbox 1935 5203 2312 5258">
    <p class='ocr_par' dir='ltr' id='par_1_111' title="bbox 1935 5203 2312 5258">
     <span class='ocr_line' id='line_1_111' title="bbox 1935 5203 2312 5258; baseline 0.005 -4"><span class='ocrx_word' id='word_1_824' title='bbox 1935 5203 2124 5258; x_wconf 89' lang='lat' dir='ltr'><strong>melius</strong></span> <span class='ocrx_word' id='word_1_825' title='bbox 2151 5211 2312 5258; x_wconf 89' lang='lat' dir='ltr'><strong>esset.</strong></span> 
     </span>
    </p>
   </div>
   <div class='ocr_carea' id='block_1_112' title="bbox 2465 5290 2963 5348">
    <p class='ocr_par' dir='ltr' id='par_1_112' title="bbox 2465 5290 2963 5348">
     <span class='ocr_line' id='line_1_112' title="bbox 2465 5290 2963 5348; baseline 0.002 -2"><span class='ocrx_word' id='word_1_826' title='bbox 2465 5291 2690 5348; x_wconf 81' lang='lat' dir='ltr'><strong>CANON</strong></span> <span class='ocrx_word' id='word_1_827' title='bbox 2756 5290 2963 5347; x_wconf 73' lang='lat' dir='ltr'><strong>XLVII.</strong></span> 
     </span>
    </p>
   </div>
   <div class='ocr_carea' id='block_1_113' title="bbox 1937 5379 3496 5452">
    <p class='ocr_par' dir='ltr' id='par_1_113' title="bbox 1937 5379 3496 5452">
     <span class='ocr_line' id='line_1_113' title="bbox 1937 5379 3496 5452; baseline 0.003 -19"><span class='ocrx_word' id='word_1_828' title='bbox 1937 5379 2248 5443; x_wconf 68' lang='lat' dir='ltr'><strong>Encratitze,</strong></span> <span class='ocrx_word' id='word_1_829' title='bbox 2323 5390 2377 5436; x_wconf 90' lang='lat' dir='ltr'><strong>et</strong></span> <span class='ocrx_word' id='word_1_830' title='bbox 2432 5380 2779 5449; x_wconf 88' lang='lat' dir='ltr'><strong>Sacc0phori,</strong></span> <span class='ocrx_word' id='word_1_831' title='bbox 2841 5394 2893 5436; x_wconf 91' lang='lat' dir='ltr'><strong>et</strong></span> <span class='ocrx_word' id='word_1_832' title='bbox 2958 5383 3271 5451; x_wconf 73' lang='lat' dir='ltr'><strong>Apotactita:</strong></span> <span class='ocrx_word' id='word_1_833' title='bbox 3327 5384 3496 5452; x_wconf 63' lang='lat' dir='ltr'><strong>subjio</strong></span> 
     </span>
    </p>
   </div>
   <div class='ocr_carea' id='block_1_114' title="bbox 2003 5473 3490 5542">
    <p class='ocr_par' dir='ltr' id='par_1_114' title="bbox 2003 5473 3490 5542">
     <span class='ocr_line' id='line_1_114' title="bbox 2003 5473 3490 5542; baseline 0.006 -18"><span class='ocrx_word' id='word_1_834' title='bbox 2003 5474 2219 5536; x_wconf 89' lang='lat' dir='ltr'><strong>ciutttttr</strong></span> <span class='ocrx_word' id='word_1_835' title='bbox 2263 5473 2436 5526; x_wconf 87' lang='lat' dir='ltr'><strong>eidem</strong></span> <span class='ocrx_word' id='word_1_836' title='bbox 2471 5473 2686 5536; x_wconf 87' lang='lat' dir='ltr'><strong>rationi,</strong></span> <span class='ocrx_word' id='word_1_837' title='bbox 2714 5475 2798 5527; x_wconf 90' lang='lat' dir='ltr'><strong>cui</strong></span> <span class='ocrx_word' id='word_1_838' title='bbox 2821 5483 2874 5529; x_wconf 86' lang='lat' dir='ltr'><strong>et</strong></span> <span class='ocrx_word' id='word_1_839' title='bbox 2903 5474 3212 5539; x_wconf 77' lang='lat' dir='ltr'><strong>Novatiatti,</strong></span> <span class='ocrx_word' id='word_1_840' title='bbox 3270 5478 3394 5542; x_wconf 85' lang='lat' dir='ltr'><strong>quia</strong></span> <span class='ocrx_word' id='word_1_841' title='bbox 3423 5478 3490 5532; x_wconf 90' lang='lat' dir='ltr'><strong>de</strong></span> 
     </span>
    </p>
   </div>
   <div class='ocr_carea' id='block_1_115' title="bbox 2004 5565 3486 5636">
    <p class='ocr_par' dir='ltr' id='par_1_115' title="bbox 2004 5565 3486 5636">
     <span class='ocr_line' id='line_1_115' title="bbox 2004 5565 3486 5636; baseline 0.003 -18"><span class='ocrx_word' id='word_1_842' title='bbox 2004 5565 2107 5618; x_wconf 89' lang='lat' dir='ltr'><strong>illis</strong></span> <span class='ocrx_word' id='word_1_843' title='bbox 2134 5566 2309 5618; x_wconf 87' lang='lat' dir='ltr'><strong>editus</strong></span> <span class='ocrx_word' id='word_1_844' title='bbox 2350 5573 2434 5619; x_wconf 88' lang='lat' dir='ltr'><strong>est</strong></span> <span class='ocrx_word' id='word_1_845' title='bbox 2465 5579 2665 5630; x_wconf 87' lang='lat' dir='ltr'><strong>canon,</strong></span> <span class='ocrx_word' id='word_1_846' title='bbox 2694 5567 2791 5620; x_wconf 91' lang='lat' dir='ltr'><strong>etsi</strong></span> <span class='ocrx_word' id='word_1_847' title='bbox 2819 5567 3101 5622; x_wconf 87' lang='lat' dir='ltr'><strong>diversus:</strong></span> <span class='ocrx_word' id='word_1_848' title='bbox 3129 5583 3249 5636; x_wconf 74' lang='lat' dir='ltr'><strong>quze</strong></span> <span class='ocrx_word' id='word_1_849' title='bbox 3307 5579 3486 5622; x_wconf 82' lang='lat' dir='ltr'><strong>autem</strong></span> 
     </span>
    </p>
   </div>
   <div class='ocr_carea' id='block_1_116' title="bbox 2002 5657 3494 5727">
    <p class='ocr_par' dir='ltr' id='par_1_116' title="bbox 2002 5657 3494 5727">
     <span class='ocr_line' id='line_1_116' title="bbox 2002 5657 3494 5727; baseline 0 -15"><span class='ocrx_word' id='word_1_850' title='bbox 2002 5667 2122 5712; x_wconf 89' lang='lat' dir='ltr'><strong>sunt</strong></span> <span class='ocrx_word' id='word_1_851' title='bbox 2155 5659 2418 5718; x_wconf 74' lang='lat' dir='ltr'><strong>adversus</strong></span> <span class='ocrx_word' id='word_1_852' title='bbox 2443 5671 2556 5716; x_wconf 88' lang='lat' dir='ltr'><strong>eos.</strong></span> <span class='ocrx_word' id='word_1_853' title='bbox 2593 5657 2810 5711; x_wconf 89' lang='lat' dir='ltr'><strong>silentio</strong></span> <span class='ocrx_word' id='word_1_854' title='bbox 2838 5659 3196 5727; x_wconf 67' lang='lat' dir='ltr'><strong>praetermissa</strong></span> <span class='ocrx_word' id='word_1_855' title='bbox 3225 5671 3369 5725; x_wconf 85' lang='lat' dir='ltr'><strong>sunt,</strong></span> <span class='ocrx_word' id='word_1_856' title='bbox 3399 5679 3494 5714; x_wconf 74' lang='lat' dir='ltr'><strong>nos</strong></span> 
     </span>
    </p>
   </div>
   <div class='ocr_carea' id='block_1_117' title="bbox 2002 5751 3489 5822">
    <p class='ocr_par' dir='ltr' id='par_1_117' title="bbox 2002 5751 3489 5822">
     <span class='ocr_line' id='line_1_117' title="bbox 2002 5751 3489 5822; baseline 0.003 -21"><span class='ocrx_word' id='word_1_857' title='bbox 2002 5763 2177 5804; x_wconf 76' lang='lat' dir='ltr'><strong>autem</strong></span> <span class='ocrx_word' id='word_1_858' title='bbox 2221 5767 2326 5803; x_wconf 86' lang='lat' dir='ltr'><strong>una</strong></span> <span class='ocrx_word' id='word_1_859' title='bbox 2392 5751 2598 5804; x_wconf 85' lang='lat' dir='ltr'><strong>ratione</strong></span> <span class='ocrx_word' id='word_1_860' title='bbox 2650 5756 2786 5804; x_wconf 82' lang='lat' dir='ltr'><strong>tates</strong></span> <span class='ocrx_word' id='word_1_861' title='bbox 2850 5753 3269 5822; x_wconf 79' lang='lat' dir='ltr'><strong>rebaptizamus.</strong></span> <span class='ocrx_word' id='word_1_862' title='bbox 3319 5755 3373 5808; x_wconf 92' lang='lat' dir='ltr'><strong>Si</strong></span> <span class='ocrx_word' id='word_1_863' title='bbox 3407 5769 3489 5807; x_wconf 74' lang='lat' dir='ltr'><strong>an.</strong></span> 
     </span>
    </p>
   </div>
   <div class='ocr_carea' id='block_1_118' title="bbox 2016 5841 3493 5915">
    <p class='ocr_par' dir='ltr' id='par_1_118' title="bbox 2016 5841 3493 5915">
     <span class='ocr_line' id='line_1_118' title="bbox 2016 5841 3493 5915; baseline 0.003 -22"><span class='ocrx_word' id='word_1_864' title='bbox 2016 5853 2118 5896; x_wconf 89' lang='lat' dir='ltr'><strong>lem</strong></span> <span class='ocrx_word' id='word_1_865' title='bbox 2150 5841 2416 5910; x_wconf 79' lang='lat' dir='ltr'><strong>prohibita</strong></span> <span class='ocrx_word' id='word_1_866' title='bbox 2474 5855 2556 5895; x_wconf 89' lang='lat' dir='ltr'><strong>cst</strong></span> <span class='ocrx_word' id='word_1_867' title='bbox 2589 5845 2725 5910; x_wconf 79' lang='lat' dir='ltr'><strong>apud</strong></span> <span class='ocrx_word' id='word_1_868' title='bbox 2795 5859 2887 5900; x_wconf 84' lang='lat' dir='ltr'><strong>vos</strong></span> <span class='ocrx_word' id='word_1_869' title='bbox 2947 5847 3056 5899; x_wconf 63' lang='lat' dir='ltr'><strong>tunc</strong></span> <span class='ocrx_word' id='word_1_870' title='bbox 3121 5847 3493 5915; x_wconf 69' lang='grc' dir='ltr'>ιιοινιιιιιὶῖιιῑὶυ,</span> 
     </span>
    </p>
   </div>
  </div>
