3946 6342
491 378 600 460 127

1752 401 2037 466 THEOD.
2074 404 2478 474 BALSAMON

3624 427 3728 500 ³128

565 497 707 552 sicut
751 505 804 556 et
848 513 873 551 ι
935 498 1209 573 βοηηιιιίι,
1247 504 1474 577 alicujus
1505 517 1822 569 oeconomiae
1857 514 2060 584 gratia,

2235 523 2576 598 σαπτισμοῦ,
2611 529 2802 603 ὥσπερ
2835 528 2930 588 οὖν
2975 535 3071 598 καὶ
3106 539 3260 609 παρὰ
3305 538 3630 608 Ῥωμαίοις,
3657 544 3732 595 ei.

569 600 753 646 nostra
796 600 976 648 tamen
1003 595 1144 650 ratio
1165 597 1310 654 vires
1337 601 1601 668 obtineat,
1619 604 2058 676 quandoquidem

564 694 646 736 est
679 682 836 738 veluti
869 684 1336 744 Marcionistarum
1390 706 1612 760 germen
1645 709 1831 751 eorum
1893 699 2062 752 Inete-

565 775 662 836 sis.
703 778 918 845 nuptias
941 778 1372 846 abhorrentium,
1391 794 1447 838 et
1479 785 1661 842 vinum
1691 794 2058 848 aversantium

561 877 614 921 et
669 866 761 921 Dei
816 881 1121 928 creaturam
1185 873 1517 944 inquinatam
1569 895 1689 933 esse
1733 883 2057 951 dicentium,

563 972 656 1015 ens
685 959 850 1028 igitur
885 961 938 1014 in
972 961 1264 1019 Ecclesiam
1296 981 1401 1020 non
1457 970 1792 1030 admittimus
1853 976 1956 1030 nisi
2004 979 2057 1033 in

563 1060 809 1104 nostrum
843 1053 1170 1122 baptismum
1205 1058 1463 1127 baptizati
1509 1062 1727 1119 fuerint.
1767 1065 1844 1121 Ne
1863 1067 2048 1125 dicant

563 1144 732 1207 enim,
766 1143 822 1198 In
859 1143 1096 1216 Patrem,
1132 1159 1184 1204 et
1240 1151 1454 1218 Filium,
1504 1166 1559 1209 et
1614 1156 1877 1227 Spiritum
1930 1177 2028 1215 san

572 1244 717 1289 ctum
774 1235 1033 1306 baptizati
1076 1255 1290 1307 sumus,
1327 1245 1418 1313 qui
1442 1246 1658 1315 quidem
1717 1249 1882 1305 Deum
1939 1267 2059 1308 esse

564 1328 829 1382 malo-rum
859 1329 1167 1389 effectorem
1198 1331 1531 1404 exi5titnant,
1567 1341 1740 1395 instar
1764 1341 2058 1401 Marcionis

563 1431 617 1474 et
643 1421 972 1490 reliquarum
1002 1425 1308 1483 haeresium.
1342 1429 1706 1494 Quamobrem
1731 1435 1776 1491 si
1815 1436 1917 1491 hoc
1941 1437 2058 1507 pla-

562 1511 755 1574 cuerit,
808 1523 1018 1581 oportet
1066 1516 1250 1585 plures
1299 1522 1590 1576 convenire
1646 1527 1947 1594 episcopos.
2005 1537 2060 1581 et

563 1604 642 1656 sic
694 1619 958 1659 cauonem
992 1621 1284 1677 exponere,
1317 1622 1370 1665 ut
1398 1623 1449 1666 et
1479 1613 1524 1668 is
1553 1616 1646 1683 qui
1671 1616 1799 1672 fecit
1827 1618 1899 1672 sit
1953 1636 2048 1673 ex-

551 1706 638 1750 tra
671 1697 987 1764 periculum,
1024 1699 1183 1771 105
1215 1710 1268 1756 et
1295 1703 1386 1773 qui
1417 1709 1725 1778 respondet,
1753 1710 1804 1764 in
1833 1725 2059 1782 respon-

569 1787 720 1845 sione
743 1789 811 1845 de
843 1790 928 1849 bis
960 1791 1063 1851 ﬁde
1093 1794 1285 1863 dignus
1313 1797 1595 1854 habeatur.

564 2067 757 2124 BALS.
791 2069 1021 2135 Quinam
1054 2071 1161 2127 sint
1181 2073 1489 2142 Encratitze,
1537 2077 1892 2150 Saccopbori,
1921 2082 2062 2149 Apo-

498 2162 721 2223 tactitm.
769 2160 1078 2227 Novatiani,
1109 2173 1162 2226 et
1192 2165 1567 2235 Marcionistm,
1594 2182 1650 2227 et
1681 2187 1926 2240 quaenam
1955 2175 2061 2228 sint

495 2254 606 2306 haec
637 2254 921 2308 batresium
947 2270 1168 2322 genera,
1199 2257 1251 2309 in
1283 2258 1513 2314 diversis
1538 2264 1830 2316 caunnibtts
1857 2263 2058 2317 dictum

494 2353 596 2397 est.
624 2342 871 2401 Prasens
900 2356 1077 2399 autem
1109 2361 1278 2400 canOn
1310 2363 1413 2402 non
1443 2358 1567 2419 eget
1591 2352 2053 2418 interpretatione,

493 2433 617 2501 quia
648 2448 748 2487 nec
777 2444 834 2486 ut
857 2437 1133 2490 decretum
1168 2449 1198 2490 a
1228 2447 1415 2491 sancto
1461 2441 1718 2507 scriptum
1748 2453 1852 2504 est,
1887 2445 1978 2496 sed
2005 2452 2062 2495 ut

494 2525 776 2579 sententia:
805 2525 974 2594 ipsius
1001 2527 1311 2595 explicatio.
1349 2529 1665 2600 Legitimam
1693 2534 1835 2588 enim
1863 2535 2064 2589 consti-

497 2618 756 2672 tutionem
788 2620 852 2672 ad
876 2619 1188 2686 synodalem
1214 2621 1576 2677 deﬁnitionem
1598 2626 1823 2678 remisit.
1847 2624 1925 2680 Tu
1966 2642 2062 2679 au-

499 2721 603 2762 tem
631 2709 748 2778 lege
775 2724 969 2766 canon.
1006 2711 1036 2763 7
1071 2727 1192 2782 syn.
1223 2714 1256 2767 2
1297 2727 1350 2770 et
1379 2717 1526 2771 disce
1548 2717 1767 2785 quinam
1800 2734 1866 2772 ex
1891 2719 2065 2773 luere-

500 2802 622 2856 ticis
667 2801 1026 2870 baptizantur,
1056 2814 1340 2875 postquam
1390 2810 1590 2878 recepti
1634 2810 1833 2865 fuerint
1863 2819 1918 2865 et
1970 2810 2062 2881 qui

497 2907 628 2946 non.

568 2981 823 3038 ZONAR.
866 2982 978 3040 Hoc
1009 2984 1147 3046 loco,
1177 2987 1263 3040 vir
1293 2996 1532 3052 sanctus,
1570 2987 1898 3044 Noratianos
1930 3005 2063 3057 quo-

498 3091 604 3146 que
635 3093 754 3132 cum
799 3076 938 3137 aliis.
984 3077 1418 3146 quandocuuque
1463 3095 1520 3134 se
1551 3077 1807 3135 Ecclesiae
1849 3082 2063 3145 sistant,

2243 621 2508 690 κονομίας
2524 624 2666 687 τινὸς
2685 624 2871 688 ἓνεκα,
2906 625 3025 680 ἀλλ’
3051 630 3080 687 ό
3114 628 3382 700 ἡμέτερος
3403 632 3561 698 λόγος
3588 634 3734 703 ἰσχὺν

2230 708 2423 790 ἐχέτω,
2457 713 2538 772 ὅτι
2573 756 2589 780 ,
2623 717 2807 790 ἐπειδὴ
2858 717 3051 790 ὥσπερ
3108 721 3549 792 Μαρκιωνιστῶν
3595 726 3735 779 ἐστιν

2237 800 2673 875 αὐτοσλὰστημα
2717 808 2911 876 ή’κατ’
2959 811 3162 883 αὐτοὺς
3201 814 3417 883 αἵρεσις
3455 815 3733 882 βδελυσσο-

2237 893 2418 964 μένων
2456 896 2551 949 τὸν
2592 898 2768 967 γάμον
2798 901 2892 954 καὶ
2919 903 3419 973 ἀποστρεφομένων
3446 907 3542 958 τὸν
3569 904 3730 973 οἶνον,

2233 985 2330 1038 καὶ
2375 987 2474 1058 τὴν
2510 990 2688 1043 κτίσιν
2719 990 2814 1044 τοῦ
2846 992 2982 1045 Θεοῦ
3018 999 3416 1069 μεμιασμένην
3466 995 3613 1053 εἶναι
3654 999 3736 1051 1:-

2229 1078 2455 1144 γόντων,
2502 1083 2562 1134 οὗ
2610 1083 2880 1153 δεχόμεθα
2913 1085 3008 1140 οῦν
3035 1087 3232 1150 αὐτοὺς
3266 1091 3343 1151 εἰς
3397 1090 3494 1161 τὴν
3541 1093 3738 1160 ἐκκλη-

2232 1171 2376 1236 σίαν,
2421 1173 2517 1226 ἰὰν
2550 1175 2626 1246 μὴ
2681 1177 3053 1244 βαπτισθᾶωιν
3102 1183 3183 1243 είς
3234 1181 3291 1232 τὸ
3333 1182 3606 1251 ἡμέτερον
3638 1183 3733 1252 βά-

2232 1277 2466 1332 πτισμα.
2503 1266 2592 1334 Μὴ
2623 1266 2730 1336 γὰρ
2760 1267 3068 1335 λεγέτωσαν
3098 1269 3182 1322 ότι
3235 1270 3331 1332 Et;
3387 1271 3607 1341 Πατέρα
3642 1275 3731 1325 καὶ

2233 1352 2383 1418 Υίδν,
2440 1356 2536 1408 καὶ
2585 1355 2740 1424 ἅγιον
2794 1359 3019 1430 Πνεῦμα
3073 1362 3512 1433 ἐϐαπτίσθημεν,
3567 1366 3626 1418 at
3675 1383 3731 1432 γε

2231 1445 2422 1499 κακῶν
2448 1449 2679 1527 ποιητὴν
2709 1450 3093 1522 ὑποτιθέμενοι
3117 1454 3207 1508 τὸν
3231 1455 3391 1520 Θεὸν,
3423 1457 3735 1525 ἐφαμίλλως

2226 1537 2303 1607 τῷ
2334 1538 2627 1605 Μαρκίωνι
2679 1544 2774 1594 καὶ
2805 1545 2926 1604 ταῖς
2953 1543 3168 1606 λοιπαῖς
3220 1546 3522 1615 αἱρέσεσιν.
3575 1548 3734 1601 Ὥστε

2232 1630 2327 1682 ἐὰν
2346 1631 2519 1704 ἀρέσῃ
2541 1631 2718 1695 τοῦτο,
2738 1634 2823 1686 δεῖ
2848 1634 3097 1698 πλείονας
3117 1637 3450 1701 ἐπισκόπους
3475 1641 3535 1690 ιν
3556 1639 3735 1706 ταύτῷ

2231 1723 2510 1790 γενέσθαι,
2542 1726 2638 1779 καὶ
2666 1725 2840 1788 οὕτως
2874 1727 3128 1780 ἐκθέσθαι
3161 1729 3252 1780 τὸν
3279 1728 3501 1790 κανόνα.
3530 1731 3620 1782 ἵνα
3651 1732 3736 1782 καὶ

2229 1815 2307 1884 τῷ
2355 1817 2643 1887 ποιήσαντι
2700 1817 2758 1870 τὸ
2810 1817 3102 1873 ἀκίνδυνον
3130 1816 3188 1892 ᾖ,
3223 1822 3316 1873 καὶ
3367 1822 3396 1873 ὁ
3445 1823 3736 1892 ἀποκρινό-

2235 1925 2396 1982 μενος
2455 1909 2519 1976 το
2577 1909 2896 1978 ἀξιόπιστον
2954 1912 3054 1986 ἔχῃ
3109 1914 3168 1965 ἐν
3221 1917 3287 1984 τῇ
3341 1915 3470 1985 περὶ
3536 1915 3736 1968 τούτων

2232 2001 2543 2074 ἀποκρίσει.

2232 2086 2427 2143 ΒΑΛΣ.
2460 2088 2617 2155 Τίνες
2648 2091 2786 2145 σίσὶν
2817 2090 2868 2145 οἰ
2896 2091 3263 2161 Ἑγκρατῖται,
3295 2091 3344 2145 oi
3375 2093 3732 2163 Σακκοφόροι,

2162 2181 2211 2235 oi
2245 2181 2654 2247 Ἀποτακτῐται,
2695 2186 2743 2238 oi
2786 2183 3144 2248 Ναυατιανοὶ,
3189 2184 3283 2236 καὶ
3325 2186 3374 2235 oi
3420 2183 3730 2254 Μαρκιωνι-

2164 2275 2309 2338 σταὶ,
2339 2275 2434 2326 καὶ
2461 2276 2588 2327 ποτα
2615 2279 2685 2328 τὰ
2707 2276 2826 2344 εῐδη
2856 2274 2966 2327 τῶν
2994 2276 3259 2345 αἱρέσεων
3288 2274 3488 2338 αὐτῶν,
3521 2274 3732 2343 ετρηται

2163 2367 2224 2418 ἂν
2246 2366 2528 2436 διαφόροις
2558 2369 2800 2421 κανόσιν.
2834 2367 2892 2420 '0
2919 2367 2975 2420 δὲ
3006 2365 3200 2434 παρὼν
3231 2367 3409 2418 κανὼν
3438 2365 3732 2435 ἑρμηνείας

2164 2455 2226 2512 οὐ
2248 2456 2453 2509 δέεταν
2478 2457 2613 2510 διότι
2635 2459 2756 2510 οὐδὲ
2782 2458 2854 2521 ὡς
2875 2458 2997 2528 ὅρος
3020 2458 3234 2527 ἐγράφη
3262 2459 3411 2524 παρὰ
3435 2455 3530 2509 τοῦ
3555 2456 3730 2523 ἁγίου,

2164 2549 2284 2602 ἀλλ’
2306 2548 2380 2611 ὡς
2407 2549 2796 2617 γνωμάτευμα.
2824 2549 2936 2618 Τὴν
2961 2550 3070 2618 γὰρ
3099 2548 3456 2616 θεσμοθεσίαν
3479 2548 3562 2609 εἰς
3589 2562 3727 2597 συνο-

2165 2637 2314 2694 δικδν
2351 2639 2634 2707 διορισμὸν
2678 2642 2970 2692 ἀπέλυσεν.
3038 2640 3110 2693 Σὺ
3153 2641 3208 2691 δὲ
3248 2639 3522 2703 ἀνάγνωθι
3564 2638 3656 2690 τὸν
3693 2639 3736 2699 ς’

2167 2731 2366 2786 κανόνα
2401 2732 2499 2800 τῆς
2531 2731 2796 2800 δευτέρας
2833 2732 3074 2792 συνόδου,
3111 2733 3205 2782 καὶ
3243 2731 3420 2801 μάθῃς
3451 2732 3600 2792 τίνες
3635 2731 3735 2781 ἀπὸ

2167 2824 2276 2877 τῶν
2300 2824 2593 2894 αἱρετικῶν
2622 2825 2760 2893 μετὰ
2788 2823 3041 2893 δεχθῆναι
3073 2822 3446 2892 βαπτίζονται,
3477 2822 3573 2876 καὶ
3598 2821 3735 2880 τίνες

2166 2915 2229 2970 οὐ
2264 2915 2642 2983 βαπτίζονται.

2240 3006 2481 3061 ΖΩΝΑΡ.
2520 3006 2781 3069 Ἐνταῦθα
2819 3009 2846 3060 ό
2886 3006 3036 3074 ἅγιος
3070 3007 3194 3068 τοὺς
3233 3005 3607 3068 Ναυατιανοὺς
3646 3005 3735 3076 βας

2170 3097 2455 3161 σιτίζεσθαι
2483 3097 2771 3167 διορίζεται
2797 3138 2812 3156 .
2845 3099 2986 3166 μετὰ
3016 3098 3122 3148 τῶν
3153 3097 3329 3149 ἄλλων
3364 3098 3735 3166 προσερχομέ-

498 3166 852 3236 baptizandus
887 3181 1008 3220 esse
1051 3167 1318 3230 decernit.
1376 3171 1572 3240 quippe
1597 3173 1688 3241 qui
1734 3174 1871 3229 forte
1916 3175 2047 3228 Mar-

2197 3205 2285 3250 ους
2313 3191 2380 3258 τῇ
2416 3188 2730 3258 Ἐκκλησία,
2761 3188 2886 3249 τοὺς
2914 3187 2986 3247 ὡς
3017 3187 3157 3255 τάχα
3190 3187 3521 3255 φρονοῦντας
3552 3189 3619 3240 τὰ
3648 3187 3734 3238 τοῦ

500 3259 673 3314 ciouis
706 3260 920 3329 placitis
957 3263 1345 3319 adliarcscaut.
1369 3264 1643 3335 Septimus
1670 3283 1847 3322 autem
1892 3286 2063 3324 cauou

503 3349 757 3404 secunda:
791 3351 1003 3420 synodi,
1040 3351 1164 3405 dum
1200 3367 1294 3407 eus
1324 3355 1411 3422 qui
1448 3371 1570 3410 cum
1615 3358 1729 3412 solo
1775 3359 2067 3412 chrismate

502 3441 818 3494 adtnittendi
867 3452 989 3495 sunt
1023 3453 1289 3508 numerat,
1323 3461 1440 3498 cum
1475 3449 1539 3501 iis
1582 3447 1910 3504 Novatianos
1939 3466 2070 3518 quo-

501 3546 604 3600 que
635 3542 938 3601 percenset.
975 3533 1206 3588 Omttin
1250 3551 1379 3592 vero
1420 3542 1644 3596 canonis
1690 3541 1834 3597 illius
1875 3543 2067 3597 delini-

506 3624 636 3678 tioui
667 3635 811 3679 stare
844 3637 1077 3695 oportet,
1124 3629 1320 3697 quippe
1353 3631 1442 3699 qui
1474 3642 1528 3686 et
1558 3634 1826 3700 posterior
1874 3621 1981 3700 est,
2015 3644 2071 3689 et

503 3730 533 3768 ι
570 3718 774 3785 synodo
805 3719 979 3773 editus
1015 3738 1027 3774 :
1065 3729 1115 3775 et
1141 3722 1264 3789 quia
1311 3739 1374 3777 nc
1400 3739 1625 3793 magnus
1672 3726 1887 3794 quidem
1915 3726 2072 3780 Basi-

507 3808 633 3871 lius,
661 3809 803 3863 hunc
830 3811 1003 3876 jveluti
1047 3826 1303 3866 canoncm
1349 3817 1737 3882 pronuntiavit.
1791 3819 1883 3873 sed
1916 3835 2069 3874 suam

511 3893 856 3965 sententiam,
881 3911 1118 3972 rogatus,
1138 3906 1350 3972 aperuit
1379 3923 1394 3958 :
1427 3905 1620 3960 deinde
1652 3908 1852 3972 subdtt,
1885 3925 2074 3978 quem-

507 3992 793 4044 admodum
839 4001 892 4046 et
939 3993 1088 4060 ipse,
1133 3993 1186 4046 in
1231 3996 1504 4063 pr0posita
1558 3998 1875 4066 quaestione,
1933 4001 2071 4053 haud

512 4085 669 4150 plane
712 4083 1050 4150 exploratum
1079 4085 1272 4139 habeat
1309 4086 1434 4154 quid
1480 4089 1697 4152 sentiat,
1739 4088 1842 4143 illis
1874 4091 2072 4155 verbis,

511 4174 869 4240 Quamobrem
900 4176 942 4229 si
973 4177 1071 4230 hoc
1104 4176 1389 4247 placuerit,
1443 4191 1656 4248 oportet
1691 4181 1872 4249 plures
1915 4184 2075 4238 simul

511 4279 632 4319 esse
675 4267 982 4335 episcopos,
1016 4277 1071 4322 et
1108 4268 1188 4323 sic
1230 4284 1488 4325 canonem
1519 4287 1810 4342 exponere,
1857 4283 1917 4328 ut
1946 4287 2001 4330 et
2030 4276 2076 4331 is

513 4357 606 4423 qui
638 4356 765 4411 fecit
805 4359 868 4410 sit
903 4369 1055 4412 extra
1083 4361 1378 4429 periculum
1411 4378 1617 4420 canone
1643 4383 1671 4418 a
1698 4366 1940 4435 pluribus
1962 4371 2077 4436 epi-

520 4449 698 4517 scopis
727 4449 1033 4518 cxplicato;
1066 4465 1129 4504 ac
1159 4456 1344 4506 eodem
1373 4457 1529 4509 modo
1566 4457 1832 4524 videlicet,
1872 4475 2078 4514 metuo-

523 4551 666 4595 ratos
700 4541 948 4595 homines
993 4542 1284 4609 baptizanti
1325 4544 1522 4597 ttullum
1576 4548 1710 4602 adsit
1764 4551 2079 4616 periculum,

2167 3281 2513 3349 Μαρκίωνος.
2550 3280 2608 3334 '0
2638 3280 2692 3332 δὲ
2717 3279 2816 3348 τῆς
2845 3279 3100 3347 δευτέρας
3132 3278 3350 3330 συνόδου
3379 3277 3611 3353 ἕβδομος
3643 3294 3734 3331 κα-

2169 3372 2273 3425 νὼν
2305 3372 2638 3442 ἀπαριθμῶν
2668 3375 2792 3432 τοὺς
2827 3373 3088 3441 χρίσματι
3128 3371 3273 3440 μόνῳ
3307 3370 3622 3437 ὀφείλοντας
3656 3370 3736 3421 δὲ-

2169 3463 2359 3534 χεσθαι
2381 3503 2396 3528 ,
2434 3464 2527 3515 καὶ
2561 3466 2686 3526 τοὺς
2720 3464 3097 3524 Ναυατιανοῦς
3131 3463 3362 3524 ἐκείνοις
3398 3461 3735 3531 συναριθμεῖ.

2169 3556 2394 3618 Πάντως
2436 3555 2967 3625 δ’ἐπικρατέστερος
3006 3556 3031 3606 ό
3079 3554 3258 3607 κανὼν
3303 3554 3455 3605 ἔσται
3497 3554 3736 3612 ἐκεῖνος.

2169 3644 2257 3700 οἷα
2305 3647 2760 3716 μεταγενέστερος
2804 3647 2897 3699 καὶ
2945 3647 3251 3708 συνοδικόςο
3298 3647 3389 3698 καὶ
3420 3647 3511 3698 »ὅτι
3556 3646 3677 3698 οὐδὲ
3715 3649 3741 3699 ὁ

2173 3739 2345 3808 μέγας
2373 3741 2648 3801 Βασίλειος
2697 3741 2772 3801 ὡς
2795 3739 2996 3791 κανόνα
3018 3729 3204 3791 τοῦτον
3226 3738 3592 3806 ἐξεφώνησεν,
3617 3737 3746 3789 ἀλλὰ

2170 3829 2270 3900 τὴν
2303 3831 2510 3883 οἰκείαν
2546 3829 2772 3898 γνώμην
2807 3829 2943 3898 πρὸς
2978 3830 3249 3897 ἐρώτησιν
3284 3829 3553 3897 ὲόήὶωσεν
3577 3846 3592 3860 ·
3631 3823 3746 3880 εἶτα

2174 3922 2473 3990 ἐπήγαγεν,
2500 3921 2687 3987 ὥσπερ
2712 3920 2804 3972 καὶ
2828 3920 2987 3979 αὐτὸς
3016 3919 3090 3987 μὴ
3119 3918 3349 3986 βεθαίως
3375 3919 3509 3987 πρὸς
3531 3919 3594 3971 τὸ
3620 3921 3749 3988 ἐρω-

2174 4012 2337 4082 τηθὲν
2380 4011 2741 4084 διακείμενος,
2762 4011 2843 4079 τὸ,
2876 4012 3059 4073 Ὥστε,
3099 4010 3192 4062 ἐὰν
3235 4009 3408 4079 ἀρέσῃ
3450 4009 3630 4071 τοῦτο,
3675 4011 3749 4061 δεῖ

2177 4105 2428 4167 πλείονας
2463 4105 2794 4166 ἐπισκόπους
2828 4106 2885 4155 ὲν
2918 4102 3106 4169 ταύτῷ
3143 4102 3418 4168 γενέσθαι,
3454 4103 3545 4154 καὶ
3581 4101 3750 4161 οὕτως

2175 4195 2432 4248 ἐκθέσθαι
2460 4196 2550 4249 τὸν
2579 4195 2799 4260 κανόνα,
2835 4195 2919 4246 ἵνα
2945 4194 3030 4247 διὰ
3059 4193 3152 4246 τοῦ
3185 4192 3411 4257 κανόνος
3441 4193 3546 4246 ὑπὸ
3576 4194 3752 4246 πλειόο

2177 4302 2283 4339 νων
2307 4285 2622 4338 ιπισκόπων
2646 4285 2958 4346 ἐκτεθέντος
2985 4285 3079 4337 καὶ
3100 4283 3176 4354 τῷ
3203 4286 3491 4353 ποιήσαντι
3514 4281 3576 4336 τδ
3601 4282 3751 4336 ἀκίνο

2177 4378 2330 4431 δυνον
2494 4378 2590 4429 καὶ
2634 4377 2830 4429 ταύτὸν
2870 4376 3070 4443 δηλαδὴ
3117 4375 3209 4428 καὶ
3260 4375 3584 4444 βαπτίσαντι
3628 4373 3752 4435 τοὺς

2187 4469 2511 4536 εἰρημένους
2550 4467 2623 4536 μὴ
2727 4467 2970 4528 κίνδυνος
2993 4505 3007 4528 ,
3038 4465 3115 4526 ὡς
3150 4466 3298 4536 παρὰ
3331 4467 3563 4528 κανόνας
3598 4464 3751 4533 ποιή-

2189 4577 2366 4621 σαντι,
2395 4561 2488 4611 καὶ
2518 4558 2545 4607 ὁ
2578 4558 3008 4626 ἀποκρινόμενος
3036 4559 3146 4618 τοῖς
3177 4559 3304 4626 περὶ
3334 4555 3596 4608 τοιούτων
3624 4557 3749 4625 ἑρωι

518 4635 676 4702 quasi
708 4637 964 4688 adversus
991 4649 1225 4690 canones
1271 4635 1480 4702 fecerit,
1512 4649 1564 4691 et
1597 4641 1688 4708 qui
1719 4641 1785 4695 de
1817 4642 2070 4710 ejusmodi

2197 4653 2322 4704 τῶσι
2351 4653 2411 4703 τὸ
2444 4650 2754 4713 ἀξιόπιστον
2785 4650 2894 4719 ἔχει
2929 4651 2990 4701 ὲκ
3022 4649 3115 4709 τοῦ
3151 4648 3392 4710 κανόνος.
3425 4645 3507 4700 Τὰ
3541 4646 3600 4700 δὲ
3633 4647 3760 4714 περὶ

520 4726 977 4793 interrogantibus
1013 4729 1323 4794 respondet,
1364 4729 1466 4784 title
1496 4730 1707 4797 dignus,
1731 4732 1800 4785 ob
1822 4734 2085 4788 constitu-

522 4827 632 4869 tunt
663 4832 947 4884 cauonem,
988 4821 1353 4876 existimetur.
1386 4819 1516 4886 Quae
1547 4837 1705 4890 porro
1751 4826 1815 4875 ad
1860 4824 2084 4884 Marcio-

521 4911 806 4974 nistarum,
841 4919 894 4963 et
918 4910 1316 4966 Eucratitarunt
1342 4912 1573 4967 haereses
1603 4914 1892 4981 pertinent,
1925 4930 2086 4987 supra

521 5001 577 5054 in
610 5002 828 5055 canonis
861 5001 1219 5071 explicatione
1247 5004 1518 5072 descripta
1553 5015 1702 5060 sunt.

598 5090 826 5145 ARIST.
862 5093 1190 5157 Encratitas,
1236 5105 1290 5147 et
1350 5095 1743 5164 Saccopltoros,
1793 5106 1846 5151 et
1893 5097 2090 5167 Apota-

525 5186 680 5236 ctit'as
707 5184 880 5237 denuo
902 5184 1220 5252 baptizabis.
1245 5184 1438 5251 Quauzt
1455 5187 1498 5240 is
1525 5188 1664 5241 enim
1687 5199 1929 5243 asserunt
1952 5193 2091 5258 quod

529 5278 581 5331 iu
616 5277 848 5340 Patrem,
884 5286 936 5332 et
977 5278 1192 5340 Filium,
1240 5288 1296 5334 et
1345 5280 1601 5349 Spiritum
1639 5293 1881 5337 sanctum
1924 5286 2094 5352 bapti-

2189 4745 2290 4812 τῆς
2332 4742 2591 4813 αἱρέσεως
2634 4741 2743 4794 τῶν
2783 4739 3218 4811 Μαρκιωνιστῶν
3260 4740 3353 4790 καὶ
3387 4738 3757 4807 Ἐγκρατιτῶν

2194 4836 2623 4905 προεγράφησαν
2655 4834 2711 4886 ἐν
2740 4834 2806 4900 τῇ
2838 4831 2928 4884 τοῦ
2961 4827 3496 4898 κανόνοςῒξηγήσει.

2297 5101 2516 5155 ΑΡΙΣΤ.
2586 5099 2983 5168 Ἐγκρατξτις,
3033 5097 3126 5148 καὶ
3202 5096 3619 5162 Σακκοφόρους,
3670 5095 3759 5146 καὶ

2212 5193 2640 5255 Ἀποτακτίτας,
2690 5189 3104 5249 ἀναόαπτίσεις.
3153 5188 3212 5240 Ei
3262 5189 3370 5256 γὰρ
3416 5189 3510 5239 καὶ
3552 5185 3763 5253 λέγοιεν

2199 5289 2282 5340 ὅτι
2315 5286 2394 5347 είς
2430 5285 2649 5351 Πατέρα
2687 5282 2779 5333 καὶ
2815 5281 2942 5333 Υἱὸν
2975 5281 3064 5332 καὶ
3098 5279 3252 5346 ἅγιον
3285 5277 3510 5346 Πνεῦμα
3542 5277 3763 5329 ἐϐαπτίο

530 5370 636 5422 zati
690 5378 836 5433 sunt,
886 5372 1320 5438 quandoquidem
1375 5385 1551 5426 tamen
1608 5375 1771 5429 Deum
1828 5377 2070 5431 maloruu

2204 5378 2432 5445 σθησαν,
2465 5375 2582 5428 ἀλλ’
2609 5376 2729 5426 ἐπεὶ
2751 5375 2936 5426 κακῶν
2969 5376 3200 5439 ποιητὴν
3232 5370 3322 5421 τὸν
3355 5369 3488 5420 Θεὸν
3524 5366 3760 5436 βλασφη-

534 5473 803 5516 attclurem
864 5464 1025 5531 itnpie
1069 5463 1358 5530 afﬁrmant,
1407 5469 1553 5536 juxta
1599 5467 1948 5534 Marcionem,
1992 5470 2094 5523 nisi

535 5559 714 5609 dt-ttuo
747 5557 1102 5631 baptizeutur,
1139 5573 1241 5611 non
1275 5571 1397 5612 sunt
1434 5559 1745 5626 recipiendi.

604 5650 662 5703 ln
721 5650 895 5715 primo
943 5650 1155 5717 quidem
1211 5651 1376 5718 ipsius
1421 5666 1649 5714 canone,
1692 5666 1939 5721 magnum
1996 5652 2098 5706 hoc

543 5741 798 5797 Ecclesia:
822 5743 1106 5806 luminare,
1140 5743 1534 5796 Encratitat-unt
1568 5754 1621 5797 et
1657 5743 2109 5822 Nov:ttianorutn,_

543 5849 654 5891 sne
689 5835 1041 5891 Catltarorutn
1099 5837 1362 5903 baptisma
1390 5836 1539 5904 juxta
1593 5838 1903 5890 ωιοιιοιιιὶεο
1940 5823 2108 5889 τιιιὶοέ

2207 5465 2304 5535 μοῦ
2315 5482 2366 5522 σι
2389 5463 2530 5518 κατὰ
2551 5465 2871 5533 Μαρκίωνα,
2901 5462 2973 5532 μὴ
2993 5458 3508 5528 ἀναόαπτιζόμενοι,
3533 5455 3760 5510 ἄδεκτοι.

2288 5645 2380 5699 Ἕν
2417 5647 2513 5713 μὲν
2536 5643 2627 5711 ’τῷ
2671 5641 2869 5712 πρώτῳ
2907 5640 3067 5693 αὑτοῦ
3110 5638 3292 5690 κανόνι
3335 5637 3360 5688 ό
3407 5633 3578 5705 ρέγας
3617 5626 3767 5691 obs;

2209 5744 2303 5809 τῆς
2344 5738 2667 5805 Ἐκκλησίας
2723 5731 2944 5800 φωστὴρ
2999 5731 3057 5782 τὸ
3108 5728 3215 5779 τῶν
3257 5724 3626 5795 Ἑγκρατιτῶν
3680 5723 3768 5773 καὶ

2210 5831 2589 5891 Nattam-avdit),
2627 5828 2744 5896 ἦτοι
2785 5823 3075 5892 Καθαρῶν,
3120 5820 3402 5886 βάπτισμα
3443 5817 3579 5868 κατὰ
3615 5814 3767 5879 ὶὸγνσν
