3946 6342
168 424 285 487 7’29

1123 426 1201 487 ΙΝ
1244 425 1484 486 EPIST.
1531 427 1592 485 S.
1642 422 1924 481 BASILII
1959 423 2400 486 CANONICAM
2440 426 2520 487 ll.

3322 423 3430 487 730

171 529 488 602 οἰκονομίας
532 530 772 598 ἐδέξατο,
819 533 912 593 καὶ
955 505 1259 606 προσέταξε
1310 535 1457 604 μόνῳ
1501 535 1577 603 τῷ
1623 534 1756 601 ἁγίῳ

1873 548 1991 588 nem
2044 538 2287 599 admisit,
2314 549 2367 590 et
2395 539 2581 605 503$“,
2623 552 2712 590 eos
2767 535 2880 590 solo
2909 533 3205 588 chrismate
3242 549 3435 589 sancto

173 621 338 694 μύρῳ
380 622 605 685 τούτους
647 624 918 693 χρίεσθαι,
963 628 1437 696 προσερχομένους
1481 627 1546 695 τῇ
1593 624 1758 677 καθο-

175 717 302 784 mg
337 714 542 778 πίστει,
576 715 674 768 καὶ
705 715 804 778 τὰς
835 717 1079 785 αἱρέσεις
1115 716 1296 779 αὐτῶν
1331 715 1760 786 ἀναθεματίζον-

177 822 280 869 τας
301 819 315 834 ·
344 804 578 859 ἐνταῦθα
604 806 684 872 δὲ,
709 807 1188 878 ὲπιδιορθούμενος
1211 809 1272 862 τὺ
1302 812 1423 863 κατ’
1448 808 1761 876 οἰκονομίαν

179 897 358 948 ἰκετσε
403 897 620 966 δεχθὲν,
670 899 840 968 ὁρίζει
891 905 1016 964 τοὺς
1079 901 1440 969 Ἐγκρατίτας
1492 902 1590 955 καὶ
1635 902 1762 961 τοὺς

179 987 401 1050 λοιποὺς
467 988 970 1058 ἀναὸαπτίζεσθαι,
1005 990 1095 1045 διὰ
1120 993 1182 1045 τὸ
1210 992 1307 1062 τὴν
1338 993 1552 1062 αἵρεσιν
1582 991 1762 1045 αὐτῶν

179 1080 492 1146 ἀποόλάστη
504 1099 580 1149 μα
608 1079 747 1137 εἶναι
774 1084 883 1136 τῶν
908 1086 1368 1156 Μαρκιωνιστῶν,
1397 1085 1762 1155 βδελυσσομέ-

179 1187 286 1222 νων
309 1171 403 1224 καὶ
427 1172 630 1236 αὐτῶν,
655 1171 728 1234 ὡς
756 1173 1001 1237 ἐκείνων,
1028 1175 1122 1228 τὸν
1147 1177 1346 1246 γάμον,
1374 1177 1471 1230 καὶ
1497 1177 1765 1246 ἀποστρε-

180 1261 432 1330 φομένων
460 1262 554 1316 τὸν
583 1257 724 1316 οἶνον
745 1302 761 1326 ,
795 1265 890 1317 καὶ
917 1267 1016 1333 τὴν
1047 1265 1226 1322 κτίσιν
1255 1269 1350 1321 τού
1381 1267 1518 1322 Θεοῦ
1551 1285 1618 1338 με
1629 1286 1759 1338 μια·

182 1353 386 1422 σμένην
425 1349 560 1406 είναι
595 1356 884 1422 λεγόντων.
927 1358 1076 1426 Πλὴν
1107 1361 1136 1411 6
1173 1360 1406 1431 ἐόδομος
1443 1360 1625 1415 κανὼν
1661 1361 1762 1431 τῆς

181 1447 236 1496 ιν
273 1443 562 1514 Λαοδικείᾳ
606 1447 850 1508 συνόδου,
893 1447 989 1501 καὶ
1027 1451 1056 1503 6
1100 1450 1325 1521 ἕϐδομος
1364 1453 1467 1522 τῆς
1512 1454 1570 1507 ιν
1607 1454 1766 1506 Κων-

183 1533 626 1587 σταντινουπόλει
645 1575 660 1598 ,
691 1535 788 1589 καὶ
817 1537 845 1589 ὀ
876 1537 1260 1608 ὲννενηκοστός
1292 1541 1542 1608 πέμπτος
1574 1541 1672 1609 τῆς
1707 1541 1764 1592 ὲν

183 1624 259 1694 τῷ
300 1625 552 1694 Τρούλλσρ
591 1625 757 1696 ἕκτης
800 1629 1044 1693 συνόδου,
1091 1632 1201 1684 τῶν
1244 1632 1629 1699 Ναυατιανῶν,
1673 1633 1766 1685 καὶ

185 1715 487 1786 Καθαρῶν,
524 1719 621 1770 καὶ
659 1719 1339 1789 Τεσσαρεσκαιδεκατιτῶν
1373 1722 1434 1776 τὸ
1480 1722 1767 1791 βάπτισμα

185 1806 433 1875 δέχεται,
470 1809 929 1878 προσερχομένων
960 1813 1025 1880 τῇ
1063 1811 1362 1881 Ἐκκλησία
1384 1851 1399 1877 ,
1434 1813 1530 1864 καὶ
1565 1811 1762 1866 ἀναθε-

184 1899 516 1968 ματιζόντων
548 1902 731 1953 πᾶσαν
761 1900 1007 1970 αἵρεσιν,
1040 1903 1132 1956 καὶ
1159 1902 1259 1974 τὴν
1290 1903 1521 1957 ἑαυτῶν.
1560 1905 1602 1957 Χ
1614 1905 1756 1973 ρίον-

179 2007 268 2042 ται
307 1989 363 2042 δὲ
409 1992 556 2060 μόνῳ
617 1991 695 2060 τῷ
741 1992 880 2059 ἁγίῳ
923 1991 1080 2064 μύρῳ
1123 1994 1372 2064 μέτωπα,
1419 1996 1756 2066 ὀφθαλμοὺς,

180 2087 352 2156 ῥίνας,
385 2087 581 2157 στόμα,
614 2087 710 2142 καὶ
738 2080 878 2142 ὦτα.

756 2179 996 2234 ΚΑΝΩΝ
1031 2177 1172 2233 MH'.

191 2269 257 2322 Ἦ
291 2269 341 2321 δὲ
378 2270 878 2338 ἑγκαταλειφθεϊσα
913 2274 1064 2340 παρὰ
1095 2270 1189 2323 τοῦ
1222 2272 1416 2341 ἀνδρδς
1437 2311 1452 2333 ,
1485 2272 1626 2325 κατὰ
1659 2272 1757 2341 τὴν

247 2361 384 2431 ἐμὴν
413 2362 661 2432 γνώμην,
693 2365 874 2433 μένειν
899 2362 1129 2431 ὀφείλει.
1163 2364 1224 2416 Εἰ
1255 2366 1363 2434 γὰρ
1391 2366 1418 2416 6
1445 2364 1650 2438 Κύριος
1683 2359 1757 2415 εἷο

244 2470 343 2506 πεν
355 2493 369 2515 ,
393 2455 475 2506 ὅτι
492 2454 634 2509 Ἐάν
649 2472 734 2521 τις
745 2457 1078 2523 καταλείπῃ
1107 2456 1362 2524 γυναῖκα
1377 2456 1550 2521 ἐκτὸς
1568 2459 1756 2524 ,λόγου

246 2546 551 2611 πορνείας,
576 2546 739 2600 ποιεῖ
767 2547 963 2616 αὐτὴν
981 2547 1333 2617 μοιχᾶσθαι.
1361 2550 1425 2601 ἐκ
1442 2547 1537 2602 τοῦ
1567 2565 1757 2617 μοιχα-

246 2632 362 2686 λίδα
393 2634 562 2706 αὐτὴν
589 2635 890 2704 ὀνομάσαι,
923 2637 1248 2691 ἀπέκλεισεν
1279 2637 1449 2708 αὐτὴν
1487 2640 1586 2708 τῆς
1619 2638 1756 2705 πρὸς

243 2725 428 2794 ἓτερον
446 2728 746 2792 κοινωνίας.
760 2730 881 2792 Πῶς
898 2731 1008 2802 γὰρ
1023 2732 1242 2786 δύναται
1263 2735 1292 2787 6
1308 2735 1405 2804 μὲν
1427 2735 1565 2802 ἀνὴρ
1585 2733 1752 2786 ὑπεύ-

243 2814 400 2880 θυνος
430 2812 606 2881 εἷναι,
638 2819 715 2881 ὡς
752 2822 999 2890 μοιχείας
1032 2823 1238 2886 αἴτιος,
1272 2825 1304 2892 ἡ
1338 2823 1394 2877 δὲ
1429 2825 1567 2893 γυνὴ
1603 2824 1755 2876 ἀναί-

240 2924 354 2971 τιος
386 2905 550 2974 εἶναι,
583 2902 628 2980 ﬂ
651 2912 903 2981 μοιχαλὶς
937 2914 1086 2984 παρὰ
1124 2916 1331 2984 Κυρίου
1366 2915 1456 2969 διὰ
1485 2915 1584 2986 τὴν
1618 2916 1756 2985 πρδς

240 2998 422 3066 ἕτερον
451 2999 618 3068 ἄνδρα
648 3003 934 3056 κοινωνίαν
964 3006 1471 3074 προσαγορευθεῖσα
1495 3023 1510 3070 ;

239 3088 432 3144 ΒᾹΛΣ,
464 3091 562 3152 Ὠς
597 3089 797 3154 ἔοικεν,
839 3093 1140 3163 ιρωτηθεὶς
1174 3097 1202 3148 ὁ
1239 3095 1414 3160 ἆγιος,
1454 3097 1502 3148 εί
1544 3095 1748 3164 ὀφείλει

1861 631 2013 698 ungi,
2036 644 2162 683 cum
2193 629 2258 681 ad
2289 629 2605 683 catholicam
2634 628 2893 682 accedunt
2923 628 3079 682 iidem
3111 635 3165 680 et
3204 628 3437 686 haereses

1863 736 1987 778 suas
2012 721 2505 779 anathematiznnt.
2537 718 2633 774 Hic
2663 728 2841 773 autem
2877 719 3155 788 corrigens
3191 721 3328 787 quod
3361 720 3435 772 ibi

1863 824 2083 884 propter
2112 817 2470 869 meetiomiam
2505 813 2797 867 admissum
2851 810 2972 875 fuit,
3000 811 3191 864 statuit
3229 811 3436 865 Encra-

1863 909 2012 967 titas.
2058 918 2109 962 et
2165 908 2400 975 reliquos
2453 907 2645 959 iterum
2697 902 2981 972 baptizari,
3031 901 3158 970 quia
3210 903 3438 956 istorum

1863 999 2084 1054 breresis
2111 1009 2193 1054 est
2225 997 2698 1052 Mareionistarum
2735 1010 2976 1065 germen,
3007 1005 3062 1049 et
3085 995 3173 1049 his
3197 1009 3304 1049 non
3335 995 3442 1048 mi-

1864 1105 1968 1146 nus
1990 1106 2153 1160 quam
2185 1091 2302 1144 istis
2330 1090 2541 1158 nuptias
2559 1089 2972 1152 detestantibus,
2995 1095 3048 1142 et
3069 1087 3248 1142 vinum
3282 1086 3439 1144 i‘astl-

1864 1182 1952 1237 dio
1974 1182 2377 1244 damnantibus,
2413 1190 2466 1234 et
2513 1180 2606 1234 Dei
2657 1189 2961 1236 creaturam
3009 1181 3438 1236 contaminatam

1865 1288 1984 1330 esse
2032 1274 2355 1330 dicentibus.
2406 1273 2508 1327 Sed
2558 1274 2822 1344 septimus
2885 1273 3075 1344 synodi
3122 1271 3444 1327 Laodicente

1865 1382 2058 1431 canon,
2101 1377 2154 1420 et
2196 1367 2461 1436 septimus
2509 1365 3146 1433 Constantinopolitanae,
3181 1372 3235 1420 et
3270 1379 3441 1418 nona-

1867 1459 2100 1528 gesimus
2131 1459 2351 1528 quintus
2383 1473 2550 1514 sestze
2601 1459 2654 1513 in
2686 1457 2876 1512 'l‘rullo
2910 1458 3127 1527 synodi,
3167 1466 3220 1511 et
3267 1455 3446 1510 Nova-

1869 1552 2161 1610 tianorutn,
2210 1558 2263 1603 et
2305 1549 2692 1610 Catltarorum,
2724 1557 2778 1601 et
2829 1547 3444 1614 Quartadecimanorum

1867 1642 2130 1709 baptisma
2186 1642 2399 1709 recipit,
2450 1641 2494 1693 si
2557 1643 2621 1693 ad
2675 1641 2975 1695 Ectalesiam
3024 1639 3338 1702 adveniunt,
3390 1647 3445 1690 et

1867 1746 2082 1789 omnem
2121 1732 2368 1786 haeresim
2401 1734 2562 1787 etiam
2608 1749 2762 1788 suam
2810 1730 3286 1786 anathematizauit.
3315 1729 3445 1782 Solo

1871 1833 2049 1878 autem
2097 1835 2289 1878 saneto
2321 1835 2594 1893 unguntur
2625 1825 2926 1882 chrismate
2958 1824 3184 1891 frontes,
3231 1823 3442 1887 oculos,

1871 1929 2049 1978 ttasos,
2083 1931 2165 1980 os,
2199 1925 2254 1970 et
2285 1932 2460 1972 aures.

2406 2179 2635 2236 CANON
2671 2179 2911 2236 XLVIII.

1858 2271 1987 2338 Qua!
2020 2287 2046 2324 a
2080 2274 2275 2327 marito
2319 2273 2540 2326 dimissa
2570 2282 2672 2334 est,
2720 2288 2836 2326 mea
2891 2272 3104 2342 quidem
3175 2274 3444 2327 sententia

1928 2375 2146 2415 manere
2177 2361 2356 2414 debet.
2413 2361 2467 2415 Si
2519 2362 2661 2415 enim
2708 2363 2970 2417 Dominus
3013 2363 3278 2418 dixit:St'
3325 2365 3447 2434 quis

1930 2450 2142 2520 reliquit
2182 2466 2397 2503 uxorem
2426 2461 2778 2520 prwterquam
2821 2455 3022 2507 ratione
3055 2455 3443 2521 fornicationis,

1925 2540 2050 2608 facit
2082 2557 2194 2594 eam
2229 2541 2521 2594 adulterari
2544 2543 2583 2604 ‘,
2636 2556 2698 2596 ex
2729 2557 2793 2596 eo
2824 2543 2965 2610 quod
2994 2557 3112 2596 eam
3141 2543 3441 2598 adulteram

1930 2631 2193 2693 nominet,
2225 2632 2462 2684 exclusit
2493 2645 2612 2683 eam
2647 2646 2674 2683 a
2705 2632 2966 2688 societate
2985 2648 3105 2687 cum
3140 2634 3268 2695 alio.
3295 2633 3444 2700 Quo-

1926 2724 2087 2775 modo
2139 2722 2283 2774 enim
2339 2730 2519 2790 potest
2584 2723 2668 2774 vir
2721 2721 2941 2790 quidem
3002 2737 3121 2776 esse
3175 2738 3326 2784 reus.
3386 2734 3446 2777 ιιι

1931 2822 2124 2865 auctor
2163 2811 2440 2874 adulterii,
2489 2811 2685 2865 mulier
2734 2820 2911 2864 autem
2959 2810 3086 2864 nulli
3124 2826 3242 2866 esse
3277 2813 3447 2878 culpat

1928 2903 2105 2958 affinis
2139 2919 2258 2972 quae
2282 2903 2522 2956 adultera
2559 2902 2822 2970 appellata
2852 2914 2935 2958 est
2965 2913 3182 2973 propter
3215 2918 3444 2960 consuc-

1917 2993 2156 3048 tudinem
2191 3007 2311 3044 cum
2349 2992 2454 3044 alio
2485 2991 2648 3044 viro?

1934 3085 2094 3156 106
2137 3081 2326 3138 BALS.
2364 3080 2556 3138 Ut'est
2585 3081 2902 3148 verisimile,
2933 3090 3158 3137 sanctus
3206 3081 3440 3137 interro—

168 3182 390 3250 νομίμῳ
418 3182 572 3250 ἀνδρὶ
603 3182 973 3236 συνάπτεσθαι
1005 3187 1036 3253 ἡ
1067 3186 1395 3256 παραλόγως
1427 3188 1746 3253 διαζυγεῖσα

1873 3185 2012 3247 ratus
2045 3185 2147 3241 est,
2182 3190 2247 3229 an
2297 3175 2449 3229 debet
2488 3175 2686 3226 marito
2729 3173 2968 3243 legitime
3015 3173 3266 3243 conjungi
3322 3189 3443 3242 qua:

175 3272 331 3339 παρὰ
359 3272 453 3323 τοῦ
484 3272 689 3323 οίκείου
720 3272 932 3342 ἀνδρὸς,
966 3268 1144 3337 εἶπεν,
1176 3275 1298 3327 ἐπεὶ
1327 3277 1354 3327 6
1387 3277 1592 3346 Κύριος
1620 3279 1754 3329 ἀπεο

169 3364 382 3431 φήνατο
425 3361 706 3433 μοιχαλίδα
753 3358 893 3416 εἶναι
931 3364 1031 3434 τὴν
1075 3365 1536 3434 καταλειφθεῖσαν
1583 3384 1756 3436 παρε-

168 3455 298 3516 κτὸς
335 3455 590 3523 πορνείας
625 3456 730 3507 ὑπὸ
761 3455 857 3508 τοῦ
893 3457 1095 3510 οἰκείου
1133 3457 1327 3528 ἀνδρὸς
1351 3499 1365 3523 ,
1402 3459 1623 3522 πάντως
1660 3460 1756 3512 ἐὰν

167 3545 346 3615 ἑτέρῳ
381 3545 645 3616 συζευχθῇ
667 3586 679 3605 .
713 3547 918 3615 ὀφείλει
954 3548 986 3617 ἡ
1020 3547 1245 3616 τοιαύτη
1279 3550 1421 3617 γυνὴ
1459 3549 1755 3619 ἡσυχάζειν

167 3639 262 3689 καὶ
291 3637 462 3710 ἑτέρῳ
493 3637 568 3705 μὴ
598 3637 961 3705 συναφθῆναι.
991 3638 1436 3702 Κατασκευάζων
1482 3639 1536 3690 δὲ
1565 3640 1656 3692 τὸν
1683 3641 1759 3690 ol-

166 3729 316 3782 κεϊον
356 3728 512 3793 λόγον
549 3727 910 3798 προστίθησιν
945 3729 1057 3792 ὅτι,
1099 3728 1202 3782 κᾶν
1237 3730 1298 3781 οὐ
1344 3730 1578 3782 δέδωκεν
1617 3729 1756 3799 αὑτὴ

162 3820 268 3889 τὴν
305 3819 483 3871 αἰτίαν
529 3819 627 3885 τῆς
680 3819 1136 3887 ἐγκαταλείψειυῆ
1189 3820 1356 3873 ἀλλ’ὀ
1403 3818 1563 3890 ἀνὴρ,
1607 3821 1757 3888 ὅμως

161 3909 264 3965 καὶ
298 3909 437 3976 αὐτὴ
475 3910 522 3960 εί
566 3907 645 3977 μὴ
683 3909 1018 3976 καρτερήσει
1053 3911 1152 3977 τὴν
1191 3910 1501 3977 παράλογον
1535 3910 1756 3972 διάζευ-

165 3999 272 4062 ξιν,
323 4001 413 4051 καὶ
456 3998 854 4050 ἀνακαλὲσεται
893 4001 984 4050 τὸν
1029 4002 1232 4052 οἰκεῖον
1279 4000 1548 4069 όμόζυγον
1577 4043 1592 4066 ,
1640 3993 1756 4054 ἀλλ’

161 4089 341 4157 ἑτέρῳ
381 4087 665 4158 συναφθῇ,
701 4087 776 4151 ὡς
833 4090 1080 4159 μοιχαλὶς
1119 4091 1624 4161 κατακριθήσεται·
1662 4095 1754 4144 τὸν

161 4179 336 4248 ἄνδρα
371 4180 424 4232 δὲ
457 4181 659 4248 ταύτης
693 4180 996 4234 ὑπεύθυνον
1029 4176 1170 4247 εἷναί
1202 4199 1364 4252 φησιν
1387 4225 1399 4249 ,
1433 4183 1508 4244 ὠς
1541 4183 1758 4250 γινόμε-

161 4289 259 4324 νον
285 4271 461 4324 αῐτιον
485 4273 584 4340 τῆς
616 4273 884 4340 μοιχείας.
918 4272 1024 4324 Καὶ
1049 4274 1078 4326 ὀ
1108 4273 1205 4338 μὲν
1235 4273 1411 4327 κανὼν
1436 4275 1494 4326 ὲν
1520 4275 1753 4338 τούτοις,

157 4362 238 4415 Σὺ
273 4361 328 4414 δὲ
361 4361 640 4430 ἀνάγνωθι
691 4361 785 4413 τὸν
836 4367 928 4431 σπη’
955 4363 1156 4415 κανόνα
1177 4405 1191 4426 ,
1226 4365 1318 4416 καὶ
1351 4364 1441 4416 τὸν
1474 4363 1541 4431 ιγ’
1566 4365 1664 4431 τῆς
1700 4366 1756 4415 ὲν

157 4452 241 4524 τῷ
278 4453 536 4522 Τρούλλῳ
579 4453 820 4518 συνόδου,
859 4455 953 4507 καὶ
992 4456 1061 4508 τὰ
1101 4459 1232 4525 παρ’
1258 4457 1416 4527 ἡμῶν
1452 4459 1510 4508 ὲν
1545 4457 1757 4518 τούτοις

1863 3278 2062 3337 praeter
2109 3268 2374 3320 rationem
2423 3281 2451 3316 a
2503 3266 2721 3332 pronrio
2774 3265 2972 3318 marito
3025 3277 3276 3331 separata
3336 3273 3440 3318 est.

1865 3358 2001 3411 Dixit
2030 3359 2214 3425 itaque
2243 3358 2384 3424 quod
2422 3356 2544 3423 quia
2576 3355 2834 3408 Domitius
2857 3369 2975 3407 eam
2997 3369 3118 3409 esse
3143 3355 3442 3409 adulteram

1862 3448 2234 3518 pronuntiavit
2259 3462 2379 3515 qua:
2408 3456 2560 3500 extra
2587 3446 2998 3500 fornicationem
3046 3460 3074 3497 a
3106 3459 3204 3497 suo
3240 3449 3441 3497 marito

1861 3541 2080 3592 dimissa
2117 3548 2220 3599 est,
2255 3538 2297 3590 si
2331 3536 2419 3588 alii
2461 3535 2680 3589 omnino
2707 3532 2994 3602 conjuncta
3047 3531 3206 3585 fuerit
3235 3570 3252 3594 .
3283 3529 3440 3585 debet

1865 3641 1927 3680 ea
1968 3627 2161 3680 mulier
2215 3624 2516 3693 quiescere,
2562 3633 2615 3676 et
2653 3622 2742 3676 alii
2792 3637 2896 3675 non
2947 3619 3228 3689 conjungi.
3274 3620 3442 3674 Suum

1867 3718 2047 3786 itaque
2072 3716 2273 3770 dictum
2306 3715 2632 3768 conﬁrmans
2661 3713 2844 3781 adjicit
2875 3753 2891 3778 ,
2941 3713 3079 3779 quod
3111 3712 3209 3764 etsi
3243 3726 3307 3765 ea
3356 3712 3438 3763 di-

1861 3807 2133 3860 ntissionis
2180 3820 2397 3858 causam
2447 3819 2552 3856 non
2600 3802 2828 3866 dederit,
2870 3803 2960 3855 sed
3017 3802 3263 3862 maritus,
3315 3800 3434 3868 ipsa

1861 3907 2044 3951 tamen
2073 3900 2120 3950 si
2153 3896 2406 3961 injustum
2453 3893 2743 3946 divortium
2776 3904 2882 3943 non
2929 3888 3224 3942 toleranter
3255 3883 3441 3942 tulerit

1859 3998 1916 4043 et
1953 3991 2020 4042 ad
2066 4002 2224 4042 suum
2255 3985 2539 4054 conjugem
2587 3982 2837 4046 redierit,
2873 3981 2965 4034 sed
3016 3980 3104 4032 alii
3149 3980 3438 4048 conjuncta

1859 4083 2041 4146 fuerit,
2078 4090 2134 4134 ut
2162 4081 2407 4134 adultera
2441 4075 2889 4131 condemnabitur
2918 4090 2932 4126 :
2969 4073 3086 4141 ejus
3111 4083 3292 4126 autem
3326 4086 3440 4127 mao

1860 4177 2024 4231 ritum
2059 4175 2187 4226 dicit
2219 4186 2339 4225 esse
2372 4185 2523 4225 reum
2548 4179 2606 4222 ut
2631 4167 2721 4237 qui
2750 4165 2912 4220 fuerit
2938 4174 3128 4218 auctor
3171 4162 3443 4217 adulterii.

1859 4267 1922 4322 Et
1957 4267 2008 4319 in
2060 4265 2144 4318 Itis
2188 4263 2405 4334 quidem
2460 4261 2710 4316 consistit
2737 4271 2934 4311 canon.
2968 4255 3047 4309 Tu
3094 4265 3274 4308 autem
3317 4255 3441 4322 lege

1860 4359 2252 4426 octogesimum
2303 4362 2549 4409 octavum
2592 4366 2853 4405 cauonem
2914 4357 2970 4403 et
3029 4347 3439 4415 nonagesimum

1865 4450 2084 4504 tertium
2123 4445 2312 4515 synodi
2362 4446 2414 4498 in
2460 4442 2670 4505 Trullo,
2727 4449 2781 4494 et
2812 4455 2930 4509 qua:
2981 4439 3033 4492 in
3080 4438 3165 4491 liis
3211 4451 3239 4490 a
3287 4437 3445 4490 nobis

157 4541 449 4609 γραφέντα
481 4545 607 4612 περὶ
641 4542 750 4595 τῶν
779 4541 1196 4612 καταλειψασῶν
1229 4547 1353 4605 τοὺς
1386 4547 1619 4607 οἰκείους
1651 4546 1748 4598 ἄν-

1873 4543 2064 4608 scripta
2083 4549 2207 4593 sunt
2239 4538 2306 4591 de
2338 4537 2404 4590 iis
2438 4551 2556 4604 quae
2581 4549 2709 4587 suos
2748 4532 2968 4585 maritos
3019 4528 3351 4597 reliquerunt
3381 4537 3438 4581 et

157 4629 319 4699 δρας,
354 4630 451 4682 καὶ
478 4630 538 4682 τὸ
570 4631 836 4686 ιναντίον.
870 4631 1168 4700 Ἐρωτήσει
1195 4635 1249 4687 δέ
1279 4651 1362 4696 τις
1396 4635 1522 4703 ποίᾳ
1551 4635 1753 4706 εύθύνη

159 4724 453 4777 ὑπόκειται
481 4725 507 4775 ὀ
534 4724 671 4794 ἀνὴρ
697 4724 798 4792 τῆς
827 4725 1281 4796 καταλειφθείσης
1309 4727 1567 4793 γυναικὸς
1600 4730 1758 4780 ἀνευ-

156 4813 361 4883 λόγως,
393 4816 487 4867 καὶ
501 4815 674 4884 ἑτέρῳ
703 4815 1136 4887 συμϐιωσάσηςς
1167 4819 1380 4885 Λύσις.
1413 4820 1571 4882 Τινὲς
1600 4815 1754 4872 εἷπον

159 4909 245 4980 τῷ
274 4909 381 4978 πρὸ
411 4910 658 4978 μοιχείας
685 4912 999 4980 ιγκλήματι
1028 4906 1167 4966 εἶναι
1193 4914 1384 4967 τοῦτον
1413 4916 1712 4968 ὑπεύθυνον
1739 4933 1752 4946 ·

160 5000 292 5070 ἐμοὶ
323 5001 378 5052 δὲ
412 5000 472 5053 ού
509 5001 675 5054 δοκεῖ.
713 5002 870 5055 Ἐπεὶ
905 5003 1014 5072 γὰρ
1052 5004 1206 5075 παρὰ
1243 5006 1320 5073 τῷ
1356 5006 1622 5076 θελήματι
1657 5008 1754 5076 τῆς

158 5093 424 5156 γυναικὸς
461 5092 752 5161 πρόκειται
786 5092 848 5146 τὸ
883 5094 1185 5164 συζυγῆναι
1214 5097 1382 5167 αὐτὴν
1415 5098 1588 5167 ἑτέρῳ
1610 5139 1624 5162 ,
1657 5102 1751 5150 καὶ

158 5181 309 5234 οὕτω
343 5182 725 5251 μοιχευθῆναι,
757 5185 849 5236 καὶ
877 5185 938 5237 τὸ
969 5187 1333 5255 καρτερῆσαι,
1367 5190 1458 5239 καὶ
1491 5189 1566 5256 μὴ
1599 5189 1753 5255 γενέ,-

159 5272 289 5325 σθαι
323 5273 585 5341 μοιχείαν,
603 5275 719 5336 πῶς
747 5277 776 5327 ὀ
803 5275 963 5345 ἀνὴρ,
1009 5275 1082 5347 μὴ
1115 5279 1428 5348 μοιχεύσας,
1461 5280 1534 5340 ὡς
1565 5280 1752 5349 μοιχὸς

161 5360 604 5428 κολασθήσεταις
640 5360 810 5433 Οἶμαι
849 5365 941 5419 οὖν
973 5367 1056 5420 ὅτι
1091 5368 1166 5431 ὡς
1207 5369 1306 5438 μὲν
1340 5373 1525 5442 μοιχὸς
1561 5376 1622 5426 ού
1658 5395 1748 5428 κο-

160 5451 529 5521 λασθήσεται,
577 5456 869 5526 γενήσεται
915 5459 970 5510 δὲ
1018 5459 1104 5511 ἐπ’
1135 5461 1284 5529 αὐτῷ
1323 5462 1398 5525 ὡς
1444 5466 1750 5534 ἀνευὶόγως

162 5542 437 5610 πύμψιντι
472 5544 750 5611 διαζύγιον
772 5587 785 5605 ,
820 5548 960 5600 κατὰ
992 5548 1053 5601 τὸ
1089 5549 1157 5616 ιγ’
1187 5567 1311 5618 κεφ.
1340 5554 1438 5616 τῆς
1473 5553 1544 5604 λδ⁹
1613 5555 1744 5605 Ἴου-ο

163 5635 486 5687 στινιανείου
519 5635 760 5703 Νεαρᾶς,
792 5637 910 5705 ἦτοι
939 5639 998 5691 τὸ
1028 5640 1068 5691 δ’
1095 5657 1218 5708 κεφ.
1251 5640 1345 5695 τοῦ
1377 5641 1421 5705 ζ’
1445 5644 1623 5702 τίτλου
1653 5645 1743 5696 τοῦ

243 5813 258 5843 ⁶
295 5811 486 5865 Matth.
527 5829 556 5864 ν
605 5812 695 5868 59..

1863 4641 2074 4690 contra.
2126 4627 2541 4696 luterrogaverit
2582 4634 2760 4678 autem
2811 4620 3100 4691 quispiam,
3144 4621 3229 4674 cui
3267 4633 3441 4688 pinna:

1860 4737 1944 4782 est
1980 4726 2243 4781 obnoxius
2273 4722 2498 4774 maritus
2535 4717 2797 4780 mulieris,
2823 4729 2940 4785 qua:
2969 4713 3169 4782 injuste
3211 4712 3436 4765 dimissa

1861 4830 1963 4880 est,
1990 4830 2044 4872 et
2075 4832 2198 4871 cum
2230 4814 2333 4867 alia
2368 4814 2486 4866 vitae
2528 4811 2841 4864 societatem
2879 4807 3034 4860 iniit?
3064 4804 3176 4861 Sol.
3214 4805 3438 4870 Quidam

1862 4912 2112 4963 dixerunt
2153 4921 2274 4960 etttn
2319 4918 2436 4956 esse
2491 4915 2640 4955 reum
2676 4898 2924 4952 adulterii
2969 4912 2984 4950 :
3022 4897 3115 4950 sed
3157 4896 3288 4949 milii
3336 4911 3441 4950 nou

1866 5003 1937 5057 ita
1986 5002 2220 5053 videtur.
2275 4995 2536 5061 Quoniam
2585 4991 2725 5044 enim
2755 4991 2812 5044 in
2865 4987 3112 5042 mulieris
3157 4987 3441 5041 voluntate

1863 5093 2025 5146 situm
2058 5095 2142 5142 est
2185 5096 2241 5139 ut
2290 5086 2403 5151 ipsa
2436 5082 2525 5137 alii
2556 5081 2832 5149 jungatur,
2864 5086 2917 5132 et
2959 5078 3035 5133 sic
3080 5077 3438 5137 adulteretur,

1861 5195 1914 5239 et
1941 5184 2234 5237 toleranter
2269 5179 2400 5248 pati,
2424 5187 2478 5230 et
2512 5190 2613 5229 non
2641 5174 2758 5228 ﬁeri
2796 5173 3141 5236 adulterium,
3167 5170 3441 5232 quomodo

1862 5275 2106 5337 maritus,
2127 5272 2215 5340 qui
2240 5285 2344 5323 non
2370 5267 2824 5327 estaduiteratus,
2851 5263 3126 5317 utadulter
3154 5261 3443 5328 punietur?

1862 5365 2122 5419 Existimo
2150 5376 2276 5428 ergo
2303 5360 2444 5427 quod
2477 5367 2532 5411 ut
2559 5357 2774 5409 adulter
2797 5354 3013 5422 quidem
3034 5367 3138 5407 non
3167 5351 3437 5418 punietur,

1861 5466 2051 5527 agetur
2090 5463 2267 5508 autem
2303 5451 2353 5503 in
2381 5464 2527 5512 eum,
2565 5455 2620 5500 ttt
2651 5447 2739 5515 qui
2796 5454 2990 5514 praeter
3039 5443 3296 5497 rationem
3352 5440 3437 5492 di-

1864 5548 2027 5602 vortii
2064 5544 2300 5599 libellum
2344 5539 2607 5599 emiserit,
2647 5545 2703 5589 ttt
2737 5536 2848 5604 vult
2880 5535 3143 5588 decimum
3181 5538 3433 5598 quartum

1856 5646 2017 5707 caput
2047 5634 2331 5688 tricesimrc
2357 5639 2560 5698 quartae
2580 5625 2869 5682 lustiniani
2896 5623 3124 5677 Novella:
3149 5636 3245 5676 seu
3276 5633 3437 5688 quar-
