3946 6342
179 410 307 471 733

1165 421 1249 483 ΙΝ
1282 421 1525 482 EPIST.
1561 422 1624 479 S.
1666 417 1957 481 BASUJI
2001 424 2443 488 CANONICAM
2487 425 2602 516 ΙΙῲ

3353 441 3459 506 Ἷ3ι

173 531 354 584 λυται
377 529 512 599 αὑτῇ
550 530 746 600 ήπρὺς
795 530 981 602 ἕτερον
1034 531 1202 603 ἄνδρα
1260 532 1587 600 συμϐίωσις.
1626 530 1781 584 Ἐπεὶ

1900 540 2134 597 societas.
2176 544 2312 601 Cum
2342 550 2487 604 enim
2529 552 2611 605 vir
2642 554 2812 620 culpae
2861 555 3129 611 obnoxius
3159 557 3249 619 sit.
3304 555 3458 627 quasi

175 627 304 696 γὰρ
337 627 366 680 ό
390 626 526 694 ἀνὴρ
553 625 858 680 ὑπεύθυνός
894 628 1067 690 ἔστιν,
1118 627 1195 690 ὥς
1232 626 1404 680 ποιῶν
1448 629 1620 696 αὐτὴν
1664 643 1786 696 μοι·

176 722 421 790 χᾶσθαι,
463 721 680 782 πάντως
719 720 813 772 καὶ
854 723 886 790 η
917 721 1055 790 γυνὴ
1088 721 1162 783 ὡς
1196 720 1564 790 μοιχευομένη
1620 737 1786 772 κατα-

177 815 540 884 κριθήσεται,
579 817 661 868 ὄτι
691 814 785 868 καὶ
825 814 1076 885 μοιχαλὶς
1103 815 1257 885 παρά
1287 812 1382 866 τοῦ
1422 814 1626 882 Κυρίου
1652 814 1785 866 ὠνό-

186 925 429 974 μασται.

264 1001 488 1053 ΑΡΙΣΤ.
532 1001 595 1053 ’11
630 1002 761 1070 παρ’
797 1001 988 1070 ἀνδρὸς
1021 999 1286 1068 ἀφεθεῖσα
1326 1001 1535 1067 μενέτω
1587 999 1782 1062 οὕτως.

184 1091 254 1142 ΕΞ
298 1093 405 1160 γὰρ
435 1093 710 1160 μοιχᾶται,
749 1095 888 1145 κατά
923 1092 1014 1144 τὸν
1043 1090 1138 1144 τοῦ
1200 1091 1406 1160 Κυρίου
1453 1089 1634 1157 λόγον.
1683 1089 1783 1158 τῆς

181 1187 334 1252 πρὸς
365 1185 554 1255 ἕτερον
574 1185 811 1238 κλείεται
837 1182 1145 1247 κοινωνίας.

261 1277 449 1346 Είτὴν
476 1277 892 1347 ἀπολελυμένην
942 1277 1199 1345 γαμήσας
1236 1277 1514 1344 μοιχᾶται,
1582 1275 1783 1343 μᾶλλόν

181 1370 313 1420 ἐστι
341 1372 373 1434 ἡ
402 1369 534 1434 γυνὴ
574 1369 846 1437 μοιχαλὶς,
877 1369 910 1436 ἡ
946 1367 1154 1420 καὶτὸν
1176 1366 1344 1434 ἄνδρα
1376 1365 1462 1418 διά
1496 1365 1593 1434 τῆς
1650 1365 1785 1432 πρὸς

179 1459 367 1525 αὐτὴν
401 1459 705 1520 κοινωνίας,
741 1457 930 1526 μοιχὸν
975 1455 1310 1510 καθιστῶσα.
1346 1456 1457 1508 Καὶ
1496 1456 1583 1508 διὰ
1626 1455 1785 1509 τοῦτο

185 1552 382 1618 μένειν
413 1547 617 1615 ὀφείλει
650 1549 682 1617 ἡ
709 1550 860 1618 παρὰ
892 1547 987 1600 τοῦ
1020 1545 1212 1617 ἀνδρὸς
1262 1538 1530 1613 ἀφεθεῖσα
1557 1547 1614 1598 ὲν
1645 1547 1782 1612 ἀγα-

185 1641 319 1711 μίᾳ.

796 1730 1031 1784 ΚΑΝΩΝ
1053 1729 1187 1784 ΜΘ’.

1889 633 2226 690 adulterandi
2267 654 2484 695 causam
2522 644 2619 711 ipsi
2650 647 2909 714 praebeat,
2939 663 3072 701 uxor
3103 664 3317 719 quoque
3347 653 3460 718 pla-

1891 741 1957 778 ne
1997 727 2139 781 velut
2189 731 2431 786 adultera
2491 737 2960 804 cnmlemuabitur,
3022 743 3458 811 quandoquidem

1890 817 2137 874 adultera
2172 820 2383 878 Domini
2409 841 2626 895 quoque
2657 845 2787 884 voce
2817 831 3081 900 appellata
3122 832 3244 889 fuit.

1956 995 2182 1053 AltlST.
2217 999 2345 1064 Quae
2380 1018 2408 1054 a
2458 1004 2572 1058 viro
2627 1005 2936 1070 dimittitur.
2988 1008 3068 1064 sic
3121 1017 3358 1065 maneat.
3406 1011 3464 1066 Si

1886 1088 2027 1141 enim
2065 1093 2390 1152 nunc-batur.
2420 1097 2576 1160 juxta
2605 1095 2814 1152 Domini
2851 1101 3080 1157 dictum.
3113 1100 3252 1156 alius
3311 1115 3462 1154 com-

1888 1178 2139 1236 munione
2158 1184 2479 1239 excluditur.

1957 1272 2014 1326 Si
2046 1275 2136 1342 qui
2171 1274 2448 1331 dimissam
2485 1282 2654 1345 duxit,
2689 1283 3044 1347 adulteratur,
3073 1287 3241 1339 multo
3295 1287 3466 1356 magis

1886 1364 2078 1419 mulier
2106 1376 2188 1421 est
2219 1368 2480 1436 adultera,
2529 1387 2646 1439 quae
2696 1375 2857 1429 etiam
2891 1377 3059 1429 virum
3089 1393 3185 1445 per
3218 1393 3466 1431 commu-

1889 1456 2105 1510 nionem
2131 1474 2251 1512 cmn
2290 1462 2401 1529 ipsa
2436 1463 2738 1518 adulterum
2775 1469 2968 1521 reddit.
2998 1467 3064 1521 Et
3120 1470 3238 1524 ideo
3286 1485 3403 1537 qua:
3435 1485 3463 1521 a

1887 1551 2004 1601 viro
2039 1568 2135 1607 suo
2171 1555 2390 1609 dimissa
2427 1569 2514 1611 est
2571 1571 2721 1612 extra
2783 1566 3187 1618 matrimonium
3248 1581 3466 1619 manere

1887 1641 2067 1698 debet.

2451 1737 2682 1793 CANON
2716 1739 2898 1795 XLIX.

183 1826 256 1878 Δί
290 1826 427 1894 πρὸς
461 1824 708 1894 ἀνάγκην
741 1823 1026 1891 γινόμεναι
1057 1823 1258 1892 φθοραὶ
1305 1819 1587 1874 ἀνεύθυνοι
1613 1819 1781 1872 ἔστω-

1900 1827 2091 1897 Stupra
2121 1843 2241 1897 quae
2272 1846 2368 1898 per
2401 1833 2508 1885 vim
2562 1834 2890 1898 inferuntur,
2929 1851 3034 1890 non
3072 1838 3181 1891 sint
3231 1854 3468 1894 accusa-

262 1933 389 1970 σαν.
420 1915 586 1968 Ὥστε
616 1915 709 1967 καὶ
761 1917 796 1985 ή
852 1913 1037 1982 δούλη,
1091 1915 1139 1966 εί
1196 1912 1426 1982 ὲόιάσθη
1484 1912 1635 1983 παρά
1689 1912 1782 1964 τοῦ

263 2009 403 2060 ίδίου
430 2008 712 2068 δεσπότου,
747 2005 1043 2070 ἀνεύθυνός
1078 2007 1199 2058 ἔστι

262 2099 460 2153 ΒΑΛΣ.
508 2098 570 2151 ’ἱί
598 2099 850 2167 παροῦσα
896 2098 1190 2169 ἀπόκρισις
1246 2096 1568 2164 ὲξεφωνήθη
1624 2098 1784 2167 χάριν

183 2189 388 2259 δούλης
411 2192 556 2253 τινὸς
587 2192 730 2244 κατά
764 2190 891 2260 βίαν
925 2190 1032 2242 ὑπὸ
1061 2190 1156 2243 τοῦ
1193 2189 1323 2242 ίδίου
1359 2189 1621 2242 δεσπότου
1652 2207 1784 2258 πορ-

186 2284 498 2353 νευθείσης.
531 2284 670 2354 Φησὶ
706 2285 812 2352 γάρ
837 2285 933 2347 ὡς,
965 2284 1089 2337 δπεὶ
1136 2284 1229 2337 καὶ
1259 2281 1415 2336 ἄλλαι
1445 2284 1617 2336 πᾶσαι
1653 2281 1783 2348 φθο-

192 2377 295 2443 ραὶ
323 2376 379 2428 αί
403 2375 544 2428 κατά
576 2375 823 2443 ἀνάγκην
854 2375 949 2428 καὶ
994 2373 1117 2442 βίαν
1153 2373 1461 2442 γινόμεναι,
1499 2373 1651 2442 παρὰ
1678 2374 1786 2425 τῶν

193 2465 478 2535 πολεμίων
504 2465 709 2536 δηλαδὴ
745 2468 881 2537 πρὸς
930 2469 1027 2530 τὰς
1080 2467 1640 2538 αίχμαλωτισθείσας,
1690 2472 1784 2521 καί

197 2559 352 2626 παρὰ
375 2559 708 2627 ἀρχοντικῶν
763 2559 1072 2628 προσώπων
1125 2558 1263 2629 πρὸς
1313 2560 1412 2620 τὰς
1459 2560 1553 2611 ὑπ’
1606 2560 1786 2612 αὐτῶν

195 2649 534 2719 ἀρχομένας,
564 2650 623 2714 ἐξ
662 2650 907 2720 ἀνάγκης
943 2651 1036 2702 καὶ
1093 2653 1126 2720 ἡ
1172 2650 1333 2718 δούλη
1378 2653 1411 2720 ἠ
1459 2651 1598 2704 κατὰ
1662 2649 1785 2718 βίας

197 2742 586 2811 συμφθαρεῖσα
636 2741 712 2809 τῷ
743 2743 857 2810 ίδίῳ
886 2742 1122 2814 δεσπότῃ
1141 2744 1241 2811 οὐχ
1273 2743 1626 2794 ὕποπεσεῖται
1673 2746 1784 2805 τοῖς

193 2833 312 2885 τῶν
337 2832 709 2898 πορνευόντων
742 2833 1062 2902 ἐπιτιμίοις.
1082 2832 1384 2898 ’Λνάγνωθι
1408 2833 1608 2885 κανόνα
1637 2835 1786 2900 πρῶ-

194 2940 295 2976 τον
317 2923 412 2976 τοῦ
459 2924 615 2991 ἁγίου
685 2925 963 2978 Διονυσίου
1023 2925 1464 2995 ἀρχιεπισκόπου
1537 2925 1786 2990 Ἀλεξαν-

196 3014 385 3081 δρείας
423 3015 487 3065 ιιι
513 3013 610 3066 τοῦ
637 3016 797 3079 λόγου
824 3015 991 3069 αὑτοῦ
1018 3015 1111 3068 τοῦ
1138 3019 1218 3077 είς
1247 3017 1309 3068 τὸ
1353 3016 1563 3084 Πάσχα.
1599 3015 1784 3068 Ταῦτα

196 3107 277 3168 δὲ,
310 3108 382 3167 ὡς
413 3108 535 3172 ἐμοὶ
569 3107 734 3171 δοκεῖ,
764 3109 1133 3178 κρατήσουσιν
1167 3108 1291 3160 ὅσον
1315 3109 1393 3170 είς
1415 3108 1476 3160 τὸ
1511 3107 1583 3178 μὴ
1611 3111 1783 3161 ἐπιτι-

1962 1922 2094 1975 tioni
2148 1922 2399 1977 obnoxia.
2434 1923 2614 1990 Quare
2650 1928 2753 1979 etsi
2805 1927 3012 1981 ancillae
3045 1928 3124 1984 vis
3158 1930 3318 1985 allata
3355 1931 3467 1987 fnu-

1957 2011 2025 2063 rit
2056 2026 2083 2062 a
2119 2013 2332 2080 proprio
2363 2014 2600 2080 domino,
2624 2031 2684 2068 ea
2707 2034 2736 2070 a
2766 2017 2923 2085 culpa
2951 2031 3034 2071 εει
3057 2020 3249 2075 libera.

1962 2101 2155 2156 BALS.
2190 2103 2432 2159 Praesens
2460 2107 2603 2162 edita
2652 2119 2733 2164 est
2765 2113 3044 2178 responsio
3088 2111 3156 2166 ob
3206 2113 3459 2168 ancillam

1888 2195 2200 2262 quamdam,
2234 2210 2356 2265 quae
2381 2213 2409 2250 a
2439 2201 2655 2255 domino
2688 2217 2785 2255 suo
2819 2204 2924 2255 vim
2983 2218 3139 2270 passa
3187 2216 3288 2258 est.
3332 2205 3463 2260 Dicit

1886 2286 2050 2350 enim,
2080 2290 2221 2356 quod
2249 2289 2504 2349 quoniam
2535 2300 2588 2344 et
2615 2291 2718 2346 alia
2753 2294 2934 2346 omnia
2963 2304 3178 2361 stupra,
3207 2310 3326 2361 quae
3372 2312 3462 2349 nc-

1887 2379 2138 2432 cessitate
2164 2389 2219 2434 et
2248 2381 2293 2434 vi
2327 2390 2731 2450 perpetrantur,
2770 2384 2838 2437 ab
2869 2385 3111 2440 hostibus
3146 2386 3355 2439 scilicet
3412 2387 3465 2440 in

1887 2470 2150 2538 captivas,
2178 2481 2230 2523 et
2264 2487 2292 2523 a
2323 2475 2569 2539 personis
2603 2488 2725 2543 quae
2763 2485 2982 2543 regunt,
3023 2477 3076 2528 in
3113 2491 3206 2530 eas
3272 2491 3458 2545 perso-

1890 2574 1984 2612 uas
2010 2562 2205 2641 Qttibtls
2237 2571 2493 2629 praesunt,
2529 2565 2835 2619 necessario
2863 2580 3075 2634 quoque
3111 2568 3325 2630 ancilla,
3350 2583 3465 2635 qua

1889 2651 1936 2699 vi
1970 2666 2090 2703 cum
2118 2669 2215 2704 suo
2248 2653 2470 2708 domino
2497 2670 2606 2707 rem
2632 2656 2818 2710 habuit
2848 2697 2863 2720 ,
2899 2672 3002 2711 non
3036 2658 3237 2712 incidet
3274 2661 3322 2710 in
3359 2675 3457 2726 pm-

1888 2756 1985 2794 nas
2014 2741 2422 2800 fornicatorum.
2491 2746 2630 2818 Lege
2687 2763 2949 2802 canonem
3004 2750 3234 2817 primum
3299 2753 3465 2804 sanet:

1887 2832 2125 2904 Dionysii
2183 2834 2573 2906 archiepiscOpi
2633 2839 2980 2892 Alexandrini
3045 2854 3114 2893 ex
3178 2839 3294 2906 ejus
3352 2855 3463 2893 ser-

1889 2942 2049 2982 mone
2081 2929 2129 2981 iu
2166 2929 2393 2984 Pascha.
2429 2932 2556 2986 Haec
2586 2942 2790 2997 autem,
2825 2943 2882 2985 ut
2914 2933 3042 2986 mihi
3078 2933 3315 2997 videtur,
3368 2932 3462 2985 ob-

1889 3018 2153 3079 tinebunt,
2184 3029 2442 3087 quantum
2476 3023 2540 3074 ad
2569 3022 2687 3086 hoc,
2708 3031 2764 3074 ut
2787 3038 2906 3091 quae
2938 3033 3197 3090 stuprata?
3228 3022 3463 3081 filerunt.

1888 3117 2103 3173 promer
2131 3117 2374 3178 stuprum
2427 3111 2802 3167 fornicationis
2831 3114 3095 3182 supplicio
3136 3113 3458 3170 alliciantur.

200 3198 444 3266 μηθῆναι
477 3200 560 3250 διὰ
589 3199 687 3269 τὴν
720 3200 925 3268 φθορὰν
959 3199 1059 3268 τῆς
1090 3199 1350 3268 πορνεῖας
1407 3197 1510 3260 τὰς
1548 3198 1777 3268 φθαρεί-

1902 3191 2037 3244 Nam
2069 3197 2111 3249 si
2147 3212 2239 3264 per
2273 3199 2375 3250 vim
2402 3201 2484 3251 vel
2517 3201 2871 3269 ignorantiam
2896 3202 3091 3272 aliquis
3140 3203 3193 3256 in
3234 3219 3344 3258 rem
3383 3206 3433 3258 in

200 3305 324 3352 σας.
369 3290 525 3342 Ἐπεί
562 3291 642 3343 τοί
675 3307 736 3358 γε
784 3291 849 3344 ἂν
885 3293 1025 3344 κατά
1060 3291 1180 3361 βίαν
1220 3291 1252 3360 ἢ
1288 3290 1511 3359 ἄγνοιαν
1568 3290 1786 3360 ἐμπέσῃ

200 3397 288 3440 τις
312 3381 391 3443 εἰς
425 3384 657 3451 πρᾶγμα
690 3383 897 3434 κωλύον
926 3383 1088 3436 αὑτὸν
1112 3383 1219 3434 ἀπὸ
1273 3381 1547 3445 διακονίας
1579 3384 1782 3450 ἱερατι-

197 3473 326 3539 κῆς.
358 3473 456 3524 οὐκ
487 3472 899 3542 ὠφεληθήσεται
931 3475 1010 3535 εἰς
1037 3474 1098 3525 τὸ
1128 3469 1268 3526 εἶναι
1299 3475 1390 3526 καὶ
1417 3474 1616 3543 ὲσεξῆς
1647 3476 1787 3542 μετά

199 3563 308 3614 τῶν
338 3565 674 3633 ἱερωμένων,
708 3562 796 3616 διὰ
823 3563 883 3615 τὸ
916 3562 990 3633 μὴ
1019 3563 1162 3615 κατὰ
1189 3562 1418 3632 γνώμην
1446 3563 1653 3615 οἰκείαν
1687 3565 1789 3632 ἒμ-

211 3658 387 3706 ιτεσεῖν
419 3657 499 3717 εἰς
519 3656 578 3706 τὸ
610 3657 802 3713 κακὸν.
823 3654 962 3706 ἀλλὰ
991 3654 1489 3724 καθαιρηθήσεται.
1527 3656 1636 3708 Καὶ
1662 3655 1788 3708 ἀνά-

201 3743 368 3810 γνωθι
399 3744 487 3796 τὸν
518 3744 734 3813 πρῶτον
763 3743 963 3797 κανόνα
999 3745 1097 3811 τῆς
1146 3744 1203 3794 ὲν
1243 3742 1488 3816 Ἀγκύρα
1527 3745 1775 3810 συνόδου,

205 3837 298 3888 καὶ
335 3838 424 3887 τὶν
457 3835 536 3898 κζ’
599 3836 798 3889 κανόνα
852 3833 946 3887 τοῦ
983 3835 1253 3904 παρόντος
1306 3833 1464 3901 ἁγίου
1520 3835 1780 3905 Πατέρος.

204 3929 301 3981 Διὶ
331 3928 436 3996 γὰρ
475 3926 652 3990 τοῦτο,
682 3927 757 3989 ὡς
782 3926 984 3992 οἴομαι,
1028 3926 1154 3978 οὐδὲ
1209 3928 1257 3978 oi
1315 3926 1458 3978 κα.τά
1497 3925 1784 3979 αὐθεντίαν

211 4017 496 4088 βασιλικὴν
533 4016 952 4086 ἀποκειρόμενοι
988 4015 1244 4070 δύνανται
1275 4016 1786 4088 μετασχηματίζεσ-

207 4114 294 4163 θαι
326 4112 755 4180 προϐαλλόμενοι
817 4113 905 4163 τὸν
950 4111 1192 4180 παρόντα
1253 4111 1453 4161 κανόνα
1493 4109 1585 4160 τοῦ
1625 4109 1781 4171 ἁγίου

216 4204 485 4273 βασιλείου
511 4220 524 4234 ο
564 4204 678 4256 ἀλλ’
716 4206 930 4255 ἔσονται
965 4203 1022 4267 ἐξ
1071 4201 1317 4268 ἀνάγκης
1377 4201 1622 4270 μοναχοὶ,
1679 4198 1782 4252 κᾶν

208 4294 347 4347 κατὰ
396 4293 516 4362 βίαν
549 4295 911 4363 ἀπεκὰρησαν
940 4310 952 4323 ·
993 4292 1180 4362 ὥσπερ
1233 4292 1328 4344 καὶ
1367 4293 1400 4360 ή
1454 4291 1596 4343 κατά
1662 4291 1781 4358 βίαν

208 4385 492 4456 φθαρεῖσα,
549 4386 644 4440 ὲάν
695 4381 762 4455 ἦν
814 4386 1155 4449 διακόνισσα,
1199 4383 1466 4452 ἐπιτιμίῳ
1526 4383 1625 4450 μὲν
1683 4384 1778 4450 οὐχ

209 4479 580 4543 ὁποπεσείται,
606 4476 911 4530 διακονικὸν
944 4475 1075 4529 δέτι
1110 4476 1207 4529 οὐκ
1242 4475 1563 4544 ἐνεργήσει,
1601 4475 1690 4526 διὰ
1721 4474 1781 4525 τὸ

211 4574 596 4640 παραχωρήσει
653 4568 788 4621 Θεοῦ
855 4569 1119 4637 ἐμπεσεῖν
1164 4571 1243 4629 είς
1277 4569 1470 4633 κακὸν,
1521 4566 1785 4636 ἀφαιρού-

213 4679 372 4732 μενον
414 4663 474 4726 ἒξ
499 4661 669 4729 αὐτῆς
696 4663 795 4728 τὴν
836 4661 1182 4729 διακονίσσης
1218 4660 1397 4723 ἀξίαν.

282 4753 524 4806 ΖΩΝΔΡ.
557 4753 667 4817 Τὰς
705 4751 895 4822 βιαίως
936 4753 1229 4820 γινομένας
1280 4751 1489 4819 φθοράς
1539 4749 1785 4817 γυναιξὶν

212 4846 310 4899 οὐκ
337 4846 414 4907 εἰς
458 4845 736 4913 ἁμαρτίαν
783 4843 889 4913 χρὴ
929 4840 1269 4909 λογίζεσθαι.
1329 4840 1389 4894 Εἰ
1430 4842 1537 4911 γὰρ
1589 4841 1783 4907 δούλην

212 4954 297 4990 τις
333 4937 535 4989 οἰκείαν
587 4937 862 5005 βιάσηται,
903 4937 937 5004 ἡ
981 4935 1038 4988 δὲ
1072 4935 1276 4988 ἄκουσα
1331 4934 1408 5002 τῷ
1459 4932 1552 4986 τοῦ
1593 4933 1778 4986 δεσπό-

213 5041 304 5077 του
339 5023 604 5092 ὑποκύψει
665 5025 956 5093 θελήματι,
1020 5024 1121 5075 οὐκ
1178 5021 1646 5091 ὲπιτιμηθήσεται
1706 5022 1782 5083 ὡς

215 5115 578 5184 πορνεύουσα⁸
613 5115 736 5170 οὗτε
767 5117 820 5168 ετ
860 5133 940 5176 τις
973 5114 1200 5183 ἡρπάγη
1254 5113 1406 5183 παρά
1434 5131 1579 5176 τινος
1616 5116 1776 5166 ἀκου-

217 5208 344 5266 σίως
391 5205 484 5258 καὶ
529 5205 762 5276 ἐφθάρη,
817 5206 912 5258 καὶ
964 5207 1086 5258 ὅσαι
1132 5208 1504 5274 ὁμοιοτρόπως
1537 5205 1782 5275 ἐφθάρη-

216 5314 332 5350 σαν.

288 5387 501 5441 ΑΡΞΣΤ.
532 5385 712 5456 Φθορα
771 5389 1261 5460 κατηναγκασμὲνη
1308 5389 1640 5452 ἀνεύθυνος*
1688 5390 1781 5440 καὶ

216 5477 367 5548 δούλη
405 5479 702 5549 βιαζομένη
737 5482 888 5548 παρά
936 5483 1199 5533 δεσπότου
1232 5482 1548 5543 ἀνεύθυνος.

301 5572 356 5622 ἸΙ
397 5572 681 5640 βιασθεῖσα
723 5575 872 5644 παρά
902 5574 996 5626 τοῦ
1037 5575 1168 5628 ίδίου
1198 5575 1466 5629 δεσπότου
1503 5574 1662 5645 δούλη
1685 5575 1780 5628 ἀν·

220 5666 552 5734 επιτίμητος.

829 5761 1064 5814 ΚΑΝΩΝ
1106 5761 1186 5812 Ν.

225 5847 532 5919 Τριγαμίας
569 5853 732 5922 νόμος
773 5853 871 5905 οὐκ
904 5851 1069 5916 ἔστιν,
1103 5853 1241 5906 ὥστε
1291 5853 1436 5923 νόμῳ
1470 5851 1651 5914 τρίτος
1676 5854 1775 5920 γά-

1898 3286 2258 3356 ciderit,quae
2309 3304 2431 3342 eum
2473 3306 2500 3342 a
2562 3292 2877 3345 sacerdotali
2933 3293 3236 3347 ministerio
3265 3306 3463 3351 arceat.

1897 3391 1999 3425 non
2043 3378 2384 3444 adjuvabitur
2414 3395 2477 3434 ex
2510 3396 2595 3443 eo,
2629 3384 2770 3450 quod
2799 3398 2903 3436 non
2937 3386 3155 3451 propria
3189 3386 3462 3438 Volttutatc

1895 3467 1943 3517 iu
1985 3467 2084 3520 hoc
2112 3469 2307 3521 malum
2334 3472 2605 3535 inciderit,
2627 3483 2695 3527 ut
2724 3475 2793 3528 sit
2824 3475 3081 3543 deinceps
3113 3491 3234 3530 cum
3273 3491 3461 3530 sacra-

1893 3561 1959 3613 tis
1985 3577 1998 3624 ;
2047 3561 2139 3613 scd
2169 3561 2485 3630 deponetur.
2519 3565 2580 3617 Et
2609 3565 2730 3633 lege
2759 3566 2990 3633 primum
3019 3581 3281 3621 canonem
3310 3583 3454 3636 syun.

1892 3651 1942 3702 di
1969 3652 2284 3720 Ancyrame,
2320 3665 2375 3708 et
2435 3671 2555 3710 can.
2603 3655 2670 3710 9.7
2718 3660 3000 3727 praesentis
3046 3660 3218 3713 sancti
3265 3659 3443 3715 Patris

1894 3743 2182 3808 i'r0pterea
2214 3746 2379 3808 enim,
2432 3756 2489 3800 ut
2520 3749 2793 3816 existimo,
2853 3764 2948 3803 nec
2976 3752 3065 3819 qui
3115 3751 3460 3819 imperatoria

1894 3836 2218 3888 auctoritate
2243 3836 2549 3904 tondentur,
2592 3849 2818 3906 possunt
2869 3840 3264 3906 transformari,
3308 3842 3459 3895 habi~

1891 3939 2068 3980 tumve
2135 3935 2343 3981 mutare
2383 3930 2552 3982 sancti
2605 3931 2784 3984 Basilii
2820 3940 3138 3998 praesentem
3202 3947 3460 3986 canonem

1889 4020 2251 4085 producentes
2273 4036 2288 4083 ;
2313 4021 2405 4073 sed
2425 4029 2588 4074 erunt
2613 4022 2918 4076 necessario
2959 4022 3230 4087 monachi,
3250 4025 3460 4076 etiamsi

1889 4110 1935 4160 vi
1974 4109 2111 4162 tonsi
2148 4109 2296 4163 fuere
2329 4125 2343 4162 :
2391 4113 2840 4177 quemadmodum
2872 4120 2926 4165 et
2960 4125 3080 4179 qua}
3131 4111 3180 4163 vi
3218 4121 3458 4179 stuprata

1885 4212 1986 4258 est,
2024 4201 2066 4252 si
2119 4211 2234 4252 erat
2286 4200 2608 4266 diaconissa,
2645 4204 2693 4254 in
2750 4215 2961 4268 prunam
2997 4204 3210 4268 quidem
3245 4219 3348 4256 non
3383 4205 3452 4258 in-

1885 4291 2310 4356 οίιιιιι,εείιιιίιιὶι
2351 4292 2579 4360 amplius
2625 4291 2961 4344 diaconicum
3007 4292 3458 4362 exercebit,quo:l

1883 4395 1942 4432 ea
1970 4381 2057 4434 Dei
2089 4383 2351 4448 permissu
2387 4383 2438 4433 iu
2467 4383 2666 4434 malum
2703 4381 2972 4446 inciderit,
3009 4382 3152 4450 quod
3183 4383 3230 4436 ei
3263 4383 3440 4438 aufert

1892 4472 2232 4525 diacouicam
2271 4475 2672 4526 auctoritatem.

1962 4737 2211 4792 ZONAll.
2255 4738 2452 4809 Stupl‘a
2488 4754 2608 4809 qua:
2651 4756 2747 4810 per
2785 4743 2888 4794 vim
2950 4742 3268 4796 mulieribus
3312 4745 3454 4797 infe-

1891 4837 2347 4890 ruutmcriminis
2391 4835 2509 4890 loco
2539 4836 2663 4890 duci
2715 4852 2818 4889 non
2852 4847 3081 4905 oportet.
3140 4837 3194 4890 Si
3255 4841 3451 4891 etenim

1887 4930 2007 4996 quis
2045 4929 2292 4981 ancillam
2317 4945 2468 4982 suam
2499 4928 2800 4990 violaverit,
2830 4943 2890 4982 ea
2928 4944 3054 4982 vero
3086 4928 3251 4982 iuvlta
3280 4931 3453 4982 dumi-

1887 5021 1937 5071 ni
1978 5020 2237 5072 voluntati
2287 5022 2656 5086 succubuerit,
2683 5035 3020 5091 nequaquam
3052 5029 3108 5074 ut
3164 5019 3449 5074 fornicaria

1889 5112 2200 5166 multabitur
2233 5130 2245 5165 :
2279 5128 2452 5182 neque
2489 5115 2536 5166 si
2567 5128 2685 5181 qua}
2712 5113 2780 5166 ab
2807 5113 2986 5179 aliquo
3029 5123 3224 5180 praeter
3261 5114 3446 5165 volun-

1889 5213 2050 5256 tatem
2091 5214 2240 5272 rapta
2287 5214 2389 5266 est,
2418 5214 2473 5257 et
2506 5215 2782 5275 corrupta,
2833 5214 2887 5259 et
2917 5220 3250 5274 quaecunque
3287 5207 3448 5259 simili

1888 5296 2045 5347 mmlo
2076 5295 2283 5347 vitiata:
2312 5295 2554 5350 fuerunt.
2584 5344 2587 5347 .

1956 5386 2178 5442 ARIST.
2213 5388 2504 5458 Corruplio
2543 5405 2638 5458 per
2679 5391 2785 5444 vim
2821 5391 3051 5445 admissa
3087 5390 3242 5458 culpa
3272 5402 3442 5442 vacat.

1887 5481 1943 5532 Ει
1976 5481 2165 5533 ancilla
2221 5497 2248 5529 ιι
2284 5482 2496 5534 domino
2529 5490 2711 5532 coacta
2746 5479 2926 5532 insons
2954 5486 3062 5531 est.

1957 5573 2012 5625 Si
2047 5573 2252 5626 ancillae
2285 5575 2363 5624 vis
2399 5590 2425 5625 ει
2472 5575 2688 5627 domino
2718 5587 2815 5626 suo
2849 5569 3010 5625 allata
3047 5570 3120 5626 sit
3153 5567 3445 5636 reprehen-

1885 5666 2019 5720 sioni
2050 5682 2150 5719 non
2183 5674 2266 5719 est
2296 5667 2544 5718 obnoxia.

2333 5754 2489 5827 103
2515 5756 2740 5811 cauos
2785 5757 2844 5810 L.

1887 5849 2172 5919 Trigzimim
2207 5853 2285 5904 lc:
2315 5867 2416 5905 ιιοιι
2442 5863 2540 5914 est,
2572 5868 2736 5920 quare
2768 5851 2882 5922 lcgc
2920 5850 3136 5905 tertium
3168 5847 3444 5902 matrimo-
