  <div class='ocr_page' id='page_1' title='image "/cluster/home/n/w/nwhite01/storage/ocr_20150623/138/pst.000005714544/410.png"; bbox 0 0 3946 6342; ppageno 0'>
   <div class='ocr_carea' id='block_1_1' title="bbox 217 354 3456 435">
    <p class='ocr_par' dir='ltr' id='par_1_1' title="bbox 217 354 3456 435">
     <span class='ocr_line' id='line_1_1' title="bbox 217 354 3456 435; baseline 0.003 -22"><span class='ocrx_word' id='word_1_1' title='bbox 217 372 329 435; x_wconf 64' lang='lat'><strong>737</strong></span> <span class='ocrx_word' id='word_1_2' title='bbox 1176 360 1258 420; x_wconf 83' lang='lat' dir='ltr'><strong>IN</strong></span> <span class='ocrx_word' id='word_1_3' title='bbox 1300 359 1541 422; x_wconf 86' lang='lat' dir='ltr'><strong>EPIST.</strong></span> <span class='ocrx_word' id='word_1_4' title='bbox 1570 360 1633 421; x_wconf 90' lang='lat' dir='ltr'><strong>s.</strong></span> <span class='ocrx_word' id='word_1_5' title='bbox 1674 357 1958 422; x_wconf 79' lang='lat' dir='ltr'><strong>BASILII</strong></span> <span class='ocrx_word' id='word_1_6' title='bbox 1998 355 2437 419; x_wconf 79' lang='lat' dir='ltr'><strong>CANONICAM</strong></span> <span class='ocrx_word' id='word_1_7' title='bbox 2475 354 2600 418; x_wconf 82' lang='lat' dir='ltr'><strong>In.</strong></span> <span class='ocrx_word' id='word_1_8' title='bbox 3351 358 3456 424; x_wconf 80' lang='lat'><strong>738</strong></span> 
     </span>
    </p>
   </div>
   <div class='ocr_carea' id='block_1_2' title="bbox 216 464 1774 546">
    <p class='ocr_par' dir='ltr' id='par_1_2' title="bbox 216 471 1772 546">
     <span class='ocr_line' id='line_1_2' title="bbox 216 471 1772 546; baseline -0.008 -10"><span class='ocrx_word' id='word_1_9' title='bbox 216 486 393 536; x_wconf 80' lang='grc' dir='ltr'><strong>λεται·</strong></span> <span class='ocrx_word' id='word_1_10' title='bbox 419 477 564 533; x_wconf 80' lang='grc' dir='ltr'><strong>τοῦτ’</strong></span> <span class='ocrx_word' id='word_1_11' title='bbox 589 475 758 538; x_wconf 69' lang='grc' dir='ltr'><strong>ἐστιν,</strong></span> <span class='ocrx_word' id='word_1_12' title='bbox 782 475 810 527; x_wconf 82' lang='grc' dir='ltr'><strong>ὁ</strong></span> <span class='ocrx_word' id='word_1_13' title='bbox 830 473 1101 546; x_wconf 81' lang='grc' dir='ltr'><strong>τρίγαμος</strong></span> <span class='ocrx_word' id='word_1_14' title='bbox 1128 475 1268 543; x_wconf 80' lang='grc' dir='ltr'><strong>μετὰ</strong></span> <span class='ocrx_word' id='word_1_15' title='bbox 1291 472 1399 525; x_wconf 90' lang='grc' dir='ltr'><strong>τῶν</strong></span> <span class='ocrx_word' id='word_1_16' title='bbox 1437 471 1772 543; x_wconf 82' lang='grc' dir='ltr'><strong>προσκλαιόν</strong></span> 
     </span>
    </p>
   </div>
   <div class='ocr_carea' id='block_1_3' title="bbox 1901 464 3459 546">
    <p class='ocr_par' dir='ltr' id='par_1_3' title="bbox 1904 464 3459 538">
     <span class='ocr_line' id='line_1_3' title="bbox 1904 464 3459 538; baseline 0 -15"><span class='ocrx_word' id='word_1_17' title='bbox 1904 470 2164 538; x_wconf 75' lang='lat' dir='ltr'><strong>trigamus</strong></span> <span class='ocrx_word' id='word_1_18' title='bbox 2229 482 2352 522; x_wconf 89' lang='lat' dir='ltr'><strong>cum</strong></span> <span class='ocrx_word' id='word_1_19' title='bbox 2410 464 2729 522; x_wconf 77' lang='lat' dir='ltr'><strong>debentibus</strong></span> <span class='ocrx_word' id='word_1_20' title='bbox 2793 479 2898 521; x_wconf 77' lang='lat' dir='ltr'><strong>nan</strong></span> <span class='ocrx_word' id='word_1_21' title='bbox 2970 467 3302 534; x_wconf 73' lang='lat' dir='ltr'><strong>collocatur,</strong></span> <span class='ocrx_word' id='word_1_22' title='bbox 3361 484 3459 524; x_wconf 84' lang='lat' dir='ltr'><strong>nee</strong></span> 
     </span>
    </p>
   </div>
   <div class='ocr_carea' id='block_1_4' title="bbox 217 557 1775 637">
    <p class='ocr_par' dir='ltr' id='par_1_4' title="bbox 217 563 1775 637">
     <span class='ocr_line' id='line_1_4' title="bbox 217 563 1775 637; baseline -0.006 -12"><span class='ocrx_word' id='word_1_23' title='bbox 217 589 334 625; x_wconf 89' lang='grc' dir='ltr'><strong>των</strong></span> <span class='ocrx_word' id='word_1_24' title='bbox 367 572 429 625; x_wconf 83' lang='grc' dir='ltr'><strong>οὐ</strong></span> <span class='ocrx_word' id='word_1_25' title='bbox 454 570 729 631; x_wconf 75' lang='grc' dir='ltr'><strong>τάττεται,</strong></span> <span class='ocrx_word' id='word_1_26' title='bbox 758 566 853 620; x_wconf 73' lang='grc' dir='ltr'><strong>καὶ</strong></span> <span class='ocrx_word' id='word_1_27' title='bbox 882 564 1277 637; x_wconf 76' lang='grc' dir='ltr'><strong>θριαμϐεύεται</strong></span> <span class='ocrx_word' id='word_1_28' title='bbox 1320 563 1557 635; x_wconf 72' lang='grc' dir='ltr'><strong>δημοσίᾳ</strong></span> <span class='ocrx_word' id='word_1_29' title='bbox 1591 564 1666 627; x_wconf 83' lang='grc' dir='ltr'><strong>ὡς</strong></span> <span class='ocrx_word' id='word_1_30' title='bbox 1695 580 1775 616; x_wconf 80' lang='grc' dir='ltr'><strong>κα·</strong></span> 
     </span>
    </p>
   </div>
   <div class='ocr_carea' id='block_1_5' title="bbox 1906 557 3464 637">
    <p class='ocr_par' dir='ltr' id='par_1_5' title="bbox 1906 557 3464 629">
     <span class='ocr_line' id='line_1_5' title="bbox 1906 557 3464 629; baseline -0.001 -15"><span class='ocrx_word' id='word_1_31' title='bbox 1906 559 2170 629; x_wconf 88' lang='lat' dir='ltr'><strong>publicum</strong></span> <span class='ocrx_word' id='word_1_32' title='bbox 2210 558 2539 626; x_wconf 70' lang='lat' dir='ltr'><strong>triumphum</strong></span> <span class='ocrx_word' id='word_1_33' title='bbox 2585 558 2694 627; x_wconf 75' lang='lat' dir='ltr'><strong>agit</strong></span> <span class='ocrx_word' id='word_1_34' title='bbox 2725 566 2781 611; x_wconf 90' lang='lat' dir='ltr'><strong>ut</strong></span> <span class='ocrx_word' id='word_1_35' title='bbox 2835 557 3247 615; x_wconf 75' lang='lat' dir='ltr'><strong>condemnatus.</strong></span> <span class='ocrx_word' id='word_1_36' title='bbox 3297 558 3464 614; x_wconf 78' lang='lat' dir='ltr'><strong>Aliter</strong></span> 
     </span>
    </p>
   </div>
   <div class='ocr_carea' id='block_1_6' title="bbox 219 647 1777 731">
    <p class='ocr_par' dir='ltr' id='par_1_6' title="bbox 219 655 1769 731">
     <span class='ocr_line' id='line_1_6' title="bbox 219 655 1769 731; baseline -0.006 -15"><span class='ocrx_word' id='word_1_37' title='bbox 219 663 485 731; x_wconf 73' lang='grc' dir='ltr'><strong>τάκριτος</strong></span> <span class='ocrx_word' id='word_1_38' title='bbox 511 675 526 691; x_wconf 90' lang='grc'>·</span> <span class='ocrx_word' id='word_1_39' title='bbox 556 656 730 719; x_wconf 73' lang='grc' dir='ltr'><strong>ἄλλως</strong></span> <span class='ocrx_word' id='word_1_40' title='bbox 776 657 833 711; x_wconf 66' lang='grc' dir='ltr'><strong>δὲ</strong></span> <span class='ocrx_word' id='word_1_41' title='bbox 873 657 967 710; x_wconf 64' lang='grc' dir='ltr'><strong>επὶ</strong></span> <span class='ocrx_word' id='word_1_42' title='bbox 1021 657 1178 709; x_wconf 79' lang='grc' dir='ltr'><strong>πέντε</strong></span> <span class='ocrx_word' id='word_1_43' title='bbox 1230 655 1409 709; x_wconf 71' lang='grc' dir='ltr'><strong>ἐτεσιν</strong></span> <span class='ocrx_word' id='word_1_44' title='bbox 1447 656 1769 725; x_wconf 72' lang='grc' dir='ltr'><strong>ἐπιτιμᾶται</strong></span> 
     </span>
    </p>
   </div>
   <div class='ocr_carea' id='block_1_7' title="bbox 1906 647 3464 731">
    <p class='ocr_par' dir='ltr' id='par_1_7' title="bbox 1906 647 3464 716">
     <span class='ocr_line' id='line_1_7' title="bbox 1906 647 3464 716; baseline 0.001 -14"><span class='ocrx_word' id='word_1_45' title='bbox 1906 663 2079 703; x_wconf 85' lang='lat' dir='ltr'><strong>autem</strong></span> <span class='ocrx_word' id='word_1_46' title='bbox 2117 650 2170 702; x_wconf 87' lang='lat' dir='ltr'><strong>in</strong></span> <span class='ocrx_word' id='word_1_47' title='bbox 2203 647 2627 716; x_wconf 83' lang='lat' dir='ltr'><strong>quinquennium</strong></span> <span class='ocrx_word' id='word_1_48' title='bbox 2654 662 2840 715; x_wconf 72' lang='lat' dir='ltr'><strong>pmnas</strong></span> <span class='ocrx_word' id='word_1_49' title='bbox 2861 648 3139 716; x_wconf 75' lang='lat' dir='ltr'><strong>persolvrt,</strong></span> <span class='ocrx_word' id='word_1_50' title='bbox 3174 648 3225 701; x_wconf 92' lang='lat' dir='ltr'><strong>in</strong></span> <span class='ocrx_word' id='word_1_51' title='bbox 3257 648 3464 703; x_wconf 81' lang='lat' dir='ltr'><strong>duobus</strong></span> 
     </span>
    </p>
   </div>
   <div class='ocr_carea' id='block_1_8' title="bbox 222 737 1780 821">
    <p class='ocr_par' dir='ltr' id='par_1_8' title="bbox 222 747 1780 821">
     <span class='ocr_line' id='line_1_8' title="bbox 222 747 1780 821; baseline -0.005 -14"><span class='ocrx_word' id='word_1_52' title='bbox 222 756 284 809; x_wconf 71' lang='lat' dir='ltr'><strong>tv</strong></span> <span class='ocrx_word' id='word_1_53' title='bbox 326 753 443 807; x_wconf 79' lang='grc' dir='ltr'><strong>δυσὶ</strong></span> <span class='ocrx_word' id='word_1_54' title='bbox 473 750 656 821; x_wconf 74' lang='grc' dir='ltr'><strong>μὲν,ἢ</strong></span> <span class='ocrx_word' id='word_1_55' title='bbox 708 754 802 802; x_wconf 77' lang='grc' dir='ltr'><strong>καὶ</strong></span> <span class='ocrx_word' id='word_1_56' title='bbox 838 752 1010 820; x_wconf 74' lang='grc' dir='ltr'><strong>τρισὶ,</strong></span> <span class='ocrx_word' id='word_1_57' title='bbox 1054 749 1150 818; x_wconf 82' lang='grc' dir='ltr'><strong>τῆς</strong></span> <span class='ocrx_word' id='word_1_58' title='bbox 1207 749 1316 802; x_wconf 81' lang='grc' dir='ltr'><strong>τῶν</strong></span> <span class='ocrx_word' id='word_1_59' title='bbox 1374 748 1534 802; x_wconf 87' lang='grc' dir='ltr'><strong>θείων</strong></span> <span class='ocrx_word' id='word_1_60' title='bbox 1571 747 1780 819; x_wconf 61' lang='grc' dir='ltr'><strong>Γραφῶι</strong></span> 
     </span>
    </p>
   </div>
   <div class='ocr_carea' id='block_1_9' title="bbox 1905 737 3463 821">
    <p class='ocr_par' dir='ltr' id='par_1_9' title="bbox 1905 737 3463 811">
     <span class='ocr_line' id='line_1_9' title="bbox 1905 737 3463 811; baseline -0.002 -17"><span class='ocrx_word' id='word_1_61' title='bbox 1905 742 2116 811; x_wconf 82' lang='lat' dir='ltr'><strong>quidem</strong></span> <span class='ocrx_word' id='word_1_62' title='bbox 2151 742 2229 793; x_wconf 91' lang='lat' dir='ltr'><strong>vel</strong></span> <span class='ocrx_word' id='word_1_63' title='bbox 2262 738 2425 792; x_wconf 88' lang='lat' dir='ltr'><strong>etiam</strong></span> <span class='ocrx_word' id='word_1_64' title='bbox 2476 740 2651 794; x_wconf 85' lang='lat' dir='ltr'><strong>tribus</strong></span> <span class='ocrx_word' id='word_1_65' title='bbox 2707 738 3006 793; x_wconf 85' lang='lat' dir='ltr'><strong>divinarum</strong></span> <span class='ocrx_word' id='word_1_66' title='bbox 3061 737 3463 808; x_wconf 87' lang='lat' dir='ltr'><strong>Scripturarum</strong></span> 
     </span>
    </p>
   </div>
   <div class='ocr_carea' id='block_1_10' title="bbox 218 831 1776 911">
    <p class='ocr_par' dir='ltr' id='par_1_10' title="bbox 218 837 1776 911">
     <span class='ocr_line' id='line_1_10' title="bbox 218 837 1776 911; baseline -0.004 -16"><span class='ocrx_word' id='word_1_67' title='bbox 218 843 546 911; x_wconf 77' lang='grc' dir='ltr'><strong>ἀκροάσεως</strong></span> <span class='ocrx_word' id='word_1_68' title='bbox 579 839 904 909; x_wconf 77' lang='grc' dir='ltr'><strong>ἀξιούμενος</strong></span> <span class='ocrx_word' id='word_1_69' title='bbox 940 842 997 892; x_wconf 83' lang='grc' dir='ltr'><strong>ὲν</strong></span> <span class='ocrx_word' id='word_1_70' title='bbox 1031 841 1145 902; x_wconf 79' lang='grc' dir='ltr'><strong>τοῖς</strong></span> <span class='ocrx_word' id='word_1_71' title='bbox 1201 838 1504 910; x_wconf 74' lang='grc' dir='ltr'><strong>βασιλικοῖς</strong></span> <span class='ocrx_word' id='word_1_72' title='bbox 1553 837 1776 891; x_wconf 66' lang='grc' dir='ltr'><strong>πυλῶσιτ</strong></span> 
     </span>
    </p>
   </div>
   <div class='ocr_carea' id='block_1_11' title="bbox 1898 831 3456 911">
    <p class='ocr_par' dir='ltr' id='par_1_11' title="bbox 1898 831 3456 901">
     <span class='ocr_line' id='line_1_11' title="bbox 1898 831 3456 901; baseline -0.002 -14"><span class='ocrx_word' id='word_1_73' title='bbox 1898 834 2091 901; x_wconf 73' lang='lat' dir='ltr'><strong>dignus</strong></span> <span class='ocrx_word' id='word_1_74' title='bbox 2143 833 2419 886; x_wconf 76' lang='lat' dir='ltr'><strong>auditione</strong></span> <span class='ocrx_word' id='word_1_75' title='bbox 2454 831 2690 896; x_wconf 87' lang='lat' dir='ltr'><strong>habitus,</strong></span> <span class='ocrx_word' id='word_1_76' title='bbox 2741 832 2792 885; x_wconf 90' lang='lat' dir='ltr'><strong>in</strong></span> <span class='ocrx_word' id='word_1_77' title='bbox 2849 831 3011 900; x_wconf 75' lang='lat' dir='ltr'><strong>regiis</strong></span> <span class='ocrx_word' id='word_1_78' title='bbox 3043 831 3253 885; x_wconf 78' lang='lat' dir='ltr'><strong>foribus</strong></span> <span class='ocrx_word' id='word_1_79' title='bbox 3284 838 3456 885; x_wconf 84' lang='lat' dir='ltr'><strong>stans.</strong></span> 
     </span>
    </p>
   </div>
   <div class='ocr_carea' id='block_1_12' title="bbox 222 922 1780 1001">
    <p class='ocr_par' dir='ltr' id='par_1_12' title="bbox 222 927 1780 1001">
     <span class='ocr_line' id='line_1_12' title="bbox 222 927 1780 1001; baseline -0.003 -17"><span class='ocrx_word' id='word_1_80' title='bbox 222 931 535 1001; x_wconf 72' lang='grc' dir='ltr'><strong>ἱστάμενος·</strong></span> <span class='ocrx_word' id='word_1_81' title='bbox 572 930 631 983; x_wconf 73' lang='grc' dir='ltr'><strong>ιν</strong></span> <span class='ocrx_word' id='word_1_82' title='bbox 670 930 726 984; x_wconf 74' lang='grc' dir='ltr'><strong>δδ</strong></span> <span class='ocrx_word' id='word_1_83' title='bbox 777 929 986 999; x_wconf 66' lang='lat' dir='ltr'><strong>hipth</strong></span> <span class='ocrx_word' id='word_1_84' title='bbox 1040 929 1160 983; x_wconf 79' lang='grc' dir='ltr'><strong>δυσὶ</strong></span> <span class='ocrx_word' id='word_1_85' title='bbox 1216 928 1355 999; x_wconf 81' lang='grc' dir='ltr'><strong>μετὰ</strong></span> <span class='ocrx_word' id='word_1_86' title='bbox 1418 928 1528 982; x_wconf 85' lang='grc' dir='ltr'><strong>τῶν</strong></span> <span class='ocrx_word' id='word_1_87' title='bbox 1584 927 1780 981; x_wconf 73' lang='grc' dir='ltr'><strong>πιστῶι</strong></span> 
     </span>
    </p>
   </div>
   <div class='ocr_carea' id='block_1_13' title="bbox 1904 922 3462 1001">
    <p class='ocr_par' dir='ltr' id='par_1_13' title="bbox 1904 922 3462 979">
     <span class='ocr_line' id='line_1_13' title="bbox 1904 922 3462 979; baseline -0.003 0"><span class='ocrx_word' id='word_1_88' title='bbox 1904 925 1953 979; x_wconf 91' lang='lat' dir='ltr'><strong>ln</strong></span> <span class='ocrx_word' id='word_1_89' title='bbox 1982 925 2106 979; x_wconf 81' lang='lat' dir='ltr'><strong>aliis</strong></span> <span class='ocrx_word' id='word_1_90' title='bbox 2151 934 2331 978; x_wconf 90' lang='lat' dir='ltr'><strong>autem</strong></span> <span class='ocrx_word' id='word_1_91' title='bbox 2363 924 2571 979; x_wconf 89' lang='lat' dir='ltr'><strong>duobus</strong></span> <span class='ocrx_word' id='word_1_92' title='bbox 2604 938 2725 978; x_wconf 90' lang='lat' dir='ltr'><strong>cum</strong></span> <span class='ocrx_word' id='word_1_93' title='bbox 2763 922 3003 978; x_wconf 84' lang='lat' dir='ltr'><strong>tidelihus</strong></span> <span class='ocrx_word' id='word_1_94' title='bbox 3041 923 3366 977; x_wconf 83' lang='lat' dir='ltr'><strong>constitutus</strong></span> <span class='ocrx_word' id='word_1_95' title='bbox 3407 930 3462 976; x_wconf 91' lang='lat' dir='ltr'><strong>et</strong></span> 
     </span>
    </p>
   </div>
   <div class='ocr_carea' id='block_1_14' title="bbox 221 1012 1779 1089">
    <p class='ocr_par' dir='ltr' id='par_1_14' title="bbox 221 1014 1779 1089">
     <span class='ocr_line' id='line_1_14' title="bbox 221 1014 1779 1089; baseline -0.003 -17"><span class='ocrx_word' id='word_1_96' title='bbox 221 1019 644 1089; x_wconf 86' lang='grc' dir='ltr'><strong>συνιστάμενος,</strong></span> <span class='ocrx_word' id='word_1_97' title='bbox 678 1020 772 1073; x_wconf 83' lang='grc' dir='ltr'><strong>καὶ</strong></span> <span class='ocrx_word' id='word_1_98' title='bbox 803 1018 1183 1087; x_wconf 72' lang='grc' dir='ltr'><strong>ωγκοινωνῶν</strong></span> <span class='ocrx_word' id='word_1_99' title='bbox 1224 1018 1408 1081; x_wconf 80' lang='grc' dir='ltr'><strong>αὐτοῖς</strong></span> <span class='ocrx_word' id='word_1_100' title='bbox 1450 1015 1562 1070; x_wconf 83' lang='grc' dir='ltr'><strong>τῶν</strong></span> <span class='ocrx_word' id='word_1_101' title='bbox 1596 1014 1779 1086; x_wconf 75' lang='grc' dir='ltr'><strong>εὐχῶν1</strong></span> 
     </span>
    </p>
   </div>
   <div class='ocr_carea' id='block_1_15' title="bbox 1905 1012 3463 1089">
    <p class='ocr_par' dir='ltr' id='par_1_15' title="bbox 1905 1012 3463 1070">
     <span class='ocr_line' id='line_1_15' title="bbox 1905 1012 3463 1070; baseline -0.001 -1"><span class='ocrx_word' id='word_1_102' title='bbox 1905 1030 2020 1070; x_wconf 87' lang='lat' dir='ltr'><strong>cum</strong></span> <span class='ocrx_word' id='word_1_103' title='bbox 2054 1015 2119 1069; x_wconf 81' lang='lat' dir='ltr'><strong>iis</strong></span> <span class='ocrx_word' id='word_1_104' title='bbox 2153 1013 2206 1068; x_wconf 88' lang='lat' dir='ltr'><strong>in</strong></span> <span class='ocrx_word' id='word_1_105' title='bbox 2233 1014 2571 1069; x_wconf 84' lang='lat' dir='ltr'><strong>orationibus</strong></span> <span class='ocrx_word' id='word_1_106' title='bbox 2617 1014 3044 1070; x_wconf 81' lang='lat' dir='ltr'><strong>communicans.</strong></span> <span class='ocrx_word' id='word_1_107' title='bbox 3084 1012 3149 1067; x_wconf 86' lang='lat' dir='ltr'><strong>Et</strong></span> <span class='ocrx_word' id='word_1_108' title='bbox 3180 1014 3257 1069; x_wconf 87' lang='lat' dir='ltr'><strong>sic</strong></span> <span class='ocrx_word' id='word_1_109' title='bbox 3287 1014 3339 1067; x_wconf 85' lang='lat' dir='ltr'><strong>in</strong></span> <span class='ocrx_word' id='word_1_110' title='bbox 3371 1028 3463 1068; x_wconf 87' lang='lat' dir='ltr'><strong>eo-</strong></span> 
     </span>
    </p>
   </div>
   <div class='ocr_carea' id='block_1_16' title="bbox 218 1103 1776 1179">
    <p class='ocr_par' dir='ltr' id='par_1_16' title="bbox 218 1107 1776 1179">
     <span class='ocr_line' id='line_1_16' title="bbox 218 1107 1776 1179; baseline -0.004 -14"><span class='ocrx_word' id='word_1_111' title='bbox 218 1112 322 1165; x_wconf 77' lang='grc' dir='ltr'><strong>καὶ</strong></span> <span class='ocrx_word' id='word_1_112' title='bbox 348 1110 521 1174; x_wconf 81' lang='grc' dir='ltr'><strong>οὕτως</strong></span> <span class='ocrx_word' id='word_1_113' title='bbox 552 1109 1063 1179; x_wconf 79' lang='grc' dir='ltr'><strong>ἀποκαθιστάμενος</strong></span> <span class='ocrx_word' id='word_1_114' title='bbox 1092 1110 1174 1173; x_wconf 81' lang='grc' dir='ltr'><strong>είς</strong></span> <span class='ocrx_word' id='word_1_115' title='bbox 1212 1110 1304 1162; x_wconf 81' lang='grc' dir='ltr'><strong>τὸν</strong></span> <span class='ocrx_word' id='word_1_116' title='bbox 1346 1110 1511 1163; x_wconf 83' lang='grc' dir='ltr'>τόπον</span> <span class='ocrx_word' id='word_1_117' title='bbox 1538 1107 1649 1163; x_wconf 84' lang='grc' dir='ltr'><strong>τῶν</strong></span> <span class='ocrx_word' id='word_1_118' title='bbox 1679 1123 1776 1177; x_wconf 84' lang='grc' dir='ltr'><strong>με·</strong></span> 
     </span>
    </p>
   </div>
   <div class='ocr_carea' id='block_1_17' title="bbox 1903 1103 3461 1179">
    <p class='ocr_par' dir='ltr' id='par_1_17' title="bbox 1903 1103 3461 1175">
     <span class='ocr_line' id='line_1_17' title="bbox 1903 1103 3461 1175; baseline 0 -16"><span class='ocrx_word' id='word_1_119' title='bbox 1903 1121 2016 1159; x_wconf 86' lang='lat' dir='ltr'><strong>rum</strong></span> <span class='ocrx_word' id='word_1_120' title='bbox 2044 1107 2136 1175; x_wconf 86' lang='lat' dir='ltr'><strong>qui</strong></span> <span class='ocrx_word' id='word_1_121' title='bbox 2177 1106 2484 1160; x_wconf 83' lang='lat' dir='ltr'><strong>divinorum</strong></span> <span class='ocrx_word' id='word_1_122' title='bbox 2520 1114 2981 1160; x_wconf 82' lang='lat' dir='ltr'><strong>sacramentorum</strong></span> <span class='ocrx_word' id='word_1_123' title='bbox 3014 1113 3141 1159; x_wconf 84' lang='lat' dir='ltr'><strong>sunt</strong></span> <span class='ocrx_word' id='word_1_124' title='bbox 3171 1103 3461 1175; x_wconf 82' lang='lat' dir='ltr'><strong>participes</strong></span> 
     </span>
    </p>
   </div>
   <div class='ocr_carea' id='block_1_18' title="bbox 216 1196 1774 1271">
    <p class='ocr_par' dir='ltr' id='par_1_18' title="bbox 216 1200 1415 1271">
     <span class='ocr_line' id='line_1_18' title="bbox 216 1200 1415 1271; baseline 0 -17"><span class='ocrx_word' id='word_1_125' title='bbox 216 1200 678 1271; x_wconf 75' lang='grc' dir='ltr'><strong>ταλαμδανόντων</strong></span> <span class='ocrx_word' id='word_1_126' title='bbox 715 1200 823 1254; x_wconf 81' lang='grc' dir='ltr'><strong>τῶν</strong></span> <span class='ocrx_word' id='word_1_127' title='bbox 847 1201 1008 1256; x_wconf 88' lang='grc' dir='ltr'><strong>θείων</strong></span> <span class='ocrx_word' id='word_1_128' title='bbox 1036 1200 1415 1270; x_wconf 82' lang='grc' dir='ltr'><strong>ἅγιασμάτων.</strong></span> 
     </span>
    </p>
   </div>
   <div class='ocr_carea' id='block_1_19' title="bbox 867 1196 2425 1271">
    <p class='ocr_par' dir='ltr' id='par_1_19' title="bbox 867 1196 2425 1270">
     <span class='ocr_line' id='line_1_19' title="bbox 867 1196 2425 1270; baseline -0.002 -17"><span class='ocrx_word' id='word_1_129' title='bbox 867 1202 1008 1256; x_wconf 64' lang='grc' dir='ltr'><strong>ιείων</strong></span> <span class='ocrx_word' id='word_1_130' title='bbox 1036 1200 1415 1270; x_wconf 82' lang='grc' dir='ltr'><strong>ἅγιασμάτων.</strong></span> <span class='ocrx_word' id='word_1_131' title='bbox 1896 1196 2076 1252; x_wconf 87' lang='lat' dir='ltr'><strong>locum</strong></span> <span class='ocrx_word' id='word_1_132' title='bbox 2102 1197 2425 1251; x_wconf 79' lang='lat' dir='ltr'><strong>restituitur.</strong></span> 
     </span>
    </p>
   </div>
   <div class='ocr_carea' id='block_1_20' title="bbox 801 1834 2885 1953">
    <p class='ocr_par' dir='ltr' id='par_1_20' title="bbox 801 1834 2885 1953">
     <span class='ocr_line' id='line_1_20' title="bbox 801 1834 2885 1953; baseline -0.004 -30"><span class='ocrx_word' id='word_1_133' title='bbox 801 1837 1090 1924; x_wconf 88' lang='grc' dir='ltr'><strong>ΠΡΟΣ</strong></span> <span class='ocrx_word' id='word_1_134' title='bbox 1162 1839 1388 1924; x_wconf 92' lang='lat' dir='ltr'><strong>TON</strong></span> <span class='ocrx_word' id='word_1_135' title='bbox 1442 1837 1819 1927; x_wconf 84' lang='grc' dir='ltr'>ΑΥΤΟΝ</span> <span class='ocrx_word' id='word_1_136' title='bbox 1891 1834 2461 1923; x_wconf 88' lang='grc' dir='ltr'><strong>ΕΠΙΣΤΟΛΗ</strong></span> <span class='ocrx_word' id='word_1_137' title='bbox 2534 1834 2885 1918; x_wconf 87' lang='grc' dir='ltr'><strong>ΤΡΙΤΗ.</strong></span> 
     </span>
    </p>
   </div>
   <div class='ocr_carea' id='block_1_21' title="bbox 1477 2192 2187 2321">
    <p class='ocr_par' dir='ltr' id='par_1_21' title="bbox 1477 2192 2187 2321">
     <span class='ocr_line' id='line_1_21' title="bbox 1477 2192 2187 2321; baseline -0.007 -4"><span class='ocrx_word' id='word_1_138' title='bbox 1477 2197 1648 2317; x_wconf 90' lang='lat' dir='ltr'><strong>EJ</strong></span> <span class='ocrx_word' id='word_1_139' title='bbox 1665 2192 2187 2321; x_wconf 87' lang='lat' dir='ltr'><strong>USDEM</strong></span> 
     </span>
    </p>
   </div>
   <div class='ocr_carea' id='block_1_22' title="bbox 914 2464 2815 2556">
    <p class='ocr_par' dir='ltr' id='par_1_22' title="bbox 914 2464 2815 2556">
     <span class='ocr_line' id='line_1_22' title="bbox 914 2464 2815 2556; baseline 0.001 -2"><span class='ocrx_word' id='word_1_140' title='bbox 914 2466 1060 2554; x_wconf 90' lang='lat' dir='ltr'><strong>AD</strong></span> <span class='ocrx_word' id='word_1_141' title='bbox 1115 2466 1624 2556; x_wconf 84' lang='lat' dir='ltr'><strong>EUMDEM</strong></span> <span class='ocrx_word' id='word_1_142' title='bbox 1694 2464 2267 2554; x_wconf 73' lang='lat' dir='ltr'><strong>EPISTOLA</strong></span> <span class='ocrx_word' id='word_1_143' title='bbox 2339 2465 2815 2554; x_wconf 79' lang='lat' dir='ltr'><strong>TERTIA.</strong></span> 
     </span>
    </p>
   </div>
   <div class='ocr_carea' id='block_1_23' title="bbox 829 2792 2962 2879">
    <p class='ocr_par' dir='ltr' id='par_1_23' title="bbox 829 2792 2962 2879">
     <span class='ocr_line' id='line_1_23' title="bbox 829 2792 2962 2879; baseline 0 -14"><span class='ocrx_word' id='word_1_144' title='bbox 829 2792 1222 2865; x_wconf 62' lang='lat' dir='ltr'><strong>KANQN‘NA&#39;.</strong></span> <span class='ocrx_word' id='word_1_145' title='bbox 1825 2817 1867 2869; x_wconf 78' lang='grc' dir='ltr'><strong>ιι</strong></span> <span class='ocrx_word' id='word_1_146' title='bbox 2386 2809 2545 2879; x_wconf 82' lang='lat'><strong>109</strong></span> <span class='ocrx_word' id='word_1_147' title='bbox 2596 2809 2820 2867; x_wconf 78' lang='lat' dir='ltr'><strong>CANON</strong></span> <span class='ocrx_word' id='word_1_148' title='bbox 2881 2811 2962 2866; x_wconf 82' lang='lat' dir='ltr'><strong>LI.</strong></span> 
     </span>
    </p>
   </div>
   <div class='ocr_carea' id='block_1_24' title="bbox 213 2939 1771 3016">
    <p class='ocr_par' dir='ltr' id='par_1_24' title="bbox 213 2939 1769 3016">
     <span class='ocr_line' id='line_1_24' title="bbox 213 2939 1769 3016; baseline -0.009 -10"><span class='ocrx_word' id='word_1_149' title='bbox 213 2952 300 3006; x_wconf 77' lang='grc' dir='ltr'><strong>τὸ</strong></span> <span class='ocrx_word' id='word_1_150' title='bbox 323 2949 468 3004; x_wconf 82' lang='grc' dir='ltr'><strong>κατὰ</strong></span> <span class='ocrx_word' id='word_1_151' title='bbox 505 2946 801 3016; x_wconf 80' lang='grc' dir='ltr'><strong>κληρικοὺς</strong></span> <span class='ocrx_word' id='word_1_152' title='bbox 826 2942 1140 3010; x_wconf 73' lang='grc' dir='ltr'><strong>ἀδιορίστως</strong></span> <span class='ocrx_word' id='word_1_153' title='bbox 1169 2942 1219 2993; x_wconf 79' lang='grc' dir='ltr'><strong>οἱ</strong></span> <span class='ocrx_word' id='word_1_154' title='bbox 1267 2941 1491 3001; x_wconf 82' lang='grc' dir='ltr'><strong>κανόνες</strong></span> <span class='ocrx_word' id='word_1_155' title='bbox 1523 2939 1769 3004; x_wconf 81' lang='grc' dir='ltr'><strong>ἐξέθεντο</strong></span> 
     </span>
    </p>
   </div>
   <div class='ocr_carea' id='block_1_25' title="bbox 1899 2939 3457 3016">
    <p class='ocr_par' dir='ltr' id='par_1_25' title="bbox 1899 2946 3457 3011">
     <span class='ocr_line' id='line_1_25' title="bbox 1899 2946 3457 3011; baseline 0.004 -13"><span class='ocrx_word' id='word_1_156' title='bbox 1899 2946 2045 3011; x_wconf 86' lang='lat' dir='ltr'><strong>Quod</strong></span> <span class='ocrx_word' id='word_1_157' title='bbox 2078 2946 2142 2998; x_wconf 88' lang='lat' dir='ltr'><strong>ad</strong></span> <span class='ocrx_word' id='word_1_158' title='bbox 2174 2946 2398 3002; x_wconf 83' lang='lat' dir='ltr'><strong>clericos</strong></span> <span class='ocrx_word' id='word_1_159' title='bbox 2449 2947 2639 3000; x_wconf 90' lang='lat' dir='ltr'><strong>attinet</strong></span> <span class='ocrx_word' id='word_1_160' title='bbox 2690 2962 2925 3004; x_wconf 75' lang='lat' dir='ltr'><strong>canones</strong></span> <span class='ocrx_word' id='word_1_161' title='bbox 2955 2950 3229 3006; x_wconf 83' lang='lat' dir='ltr'><strong>indeﬁnite</strong></span> <span class='ocrx_word' id='word_1_162' title='bbox 3277 2953 3457 3008; x_wconf 53' lang='grc' dir='ltr'><strong>ειίὶἀνξ-</strong></span> 
     </span>
    </p>
   </div>
   <div class='ocr_carea' id='block_1_26' title="bbox 295 3029 1853 3109">
    <p class='ocr_par' dir='ltr' id='par_1_26' title="bbox 295 3029 1790 3103">
     <span class='ocr_line' id='line_1_26' title="bbox 295 3029 1790 3103; baseline -0.009 -8"><span class='ocrx_word' id='word_1_163' title='bbox 295 3039 654 3099; x_wconf 75' lang='grc' dir='ltr'><strong>κελεύσαντες</strong></span> <span class='ocrx_word' id='word_1_164' title='bbox 690 3036 821 3103; x_wconf 87' lang='grc' dir='ltr'><strong>μίαν</strong></span> <span class='ocrx_word' id='word_1_165' title='bbox 850 3037 942 3085; x_wconf 67' lang='grc' dir='ltr'><strong>ἐπὶ</strong></span> <span class='ocrx_word' id='word_1_166' title='bbox 992 3035 1105 3094; x_wconf 87' lang='grc' dir='ltr'><strong>τοίς</strong></span> <span class='ocrx_word' id='word_1_167' title='bbox 1151 3029 1567 3101; x_wconf 78' lang='grc' dir='ltr'><strong>παραπεσοῦσιν</strong></span> <span class='ocrx_word' id='word_1_168' title='bbox 1616 3030 1790 3101; x_wconf 73' lang='grc' dir='ltr'><strong>ὁρίζε-</strong></span> 
     </span>
    </p>
   </div>
   <div class='ocr_carea' id='block_1_27' title="bbox 1894 3029 3452 3109">
    <p class='ocr_par' dir='ltr' id='par_1_27' title="bbox 1967 3036 3452 3109">
     <span class='ocr_line' id='line_1_27' title="bbox 1967 3036 3452 3109; baseline 0.007 -22"><span class='ocrx_word' id='word_1_169' title='bbox 1967 3045 2112 3097; x_wconf 91' lang='lat' dir='ltr'><strong>runt,</strong></span> <span class='ocrx_word' id='word_1_170' title='bbox 2142 3050 2303 3088; x_wconf 90' lang='lat' dir='ltr'><strong>unum</strong></span> <span class='ocrx_word' id='word_1_171' title='bbox 2329 3036 2384 3089; x_wconf 89' lang='lat' dir='ltr'><strong>in</strong></span> <span class='ocrx_word' id='word_1_172' title='bbox 2418 3037 2484 3089; x_wconf 90' lang='lat' dir='ltr'><strong>iis</strong></span> <span class='ocrx_word' id='word_1_173' title='bbox 2517 3037 2605 3103; x_wconf 89' lang='lat' dir='ltr'><strong>qui</strong></span> <span class='ocrx_word' id='word_1_174' title='bbox 2634 3037 2767 3104; x_wconf 83' lang='lat' dir='ltr'><strong>lapsi</strong></span> <span class='ocrx_word' id='word_1_175' title='bbox 2801 3048 2929 3092; x_wconf 80' lang='lat' dir='ltr'><strong>sunt</strong></span> <span class='ocrx_word' id='word_1_176' title='bbox 2982 3042 3302 3109; x_wconf 83' lang='lat' dir='ltr'><strong>supplicium</strong></span> <span class='ocrx_word' id='word_1_177' title='bbox 3360 3044 3452 3097; x_wconf 87' lang='lat' dir='ltr'><strong>de-</strong></span> 
     </span>
    </p>
   </div>
   <div class='ocr_carea' id='block_1_28' title="bbox 288 3122 1846 3199">
    <p class='ocr_par' dir='ltr' id='par_1_28' title="bbox 288 3122 1789 3199">
     <span class='ocr_line' id='line_1_28' title="bbox 288 3122 1789 3199; baseline -0.011 -12"><span class='ocrx_word' id='word_1_178' title='bbox 288 3135 414 3186; x_wconf 84' lang='grc' dir='ltr'><strong>σθαι</strong></span> <span class='ocrx_word' id='word_1_179' title='bbox 440 3130 735 3199; x_wconf 77' lang='grc' dir='ltr'><strong>τιμωρίαν.</strong></span> <span class='ocrx_word' id='word_1_180' title='bbox 766 3124 863 3194; x_wconf 83' lang='grc' dir='ltr'><strong>τὴν</strong></span> <span class='ocrx_word' id='word_1_181' title='bbox 885 3124 1153 3175; x_wconf 77' lang='grc' dir='ltr'><strong>ἔκπτωσιν</strong></span> <span class='ocrx_word' id='word_1_182' title='bbox 1185 3123 1285 3192; x_wconf 79' lang='grc' dir='ltr'><strong>τῆς</strong></span> <span class='ocrx_word' id='word_1_183' title='bbox 1316 3123 1637 3192; x_wconf 82' lang='grc' dir='ltr'><strong>ὑπηρεσίας,</strong></span> <span class='ocrx_word' id='word_1_184' title='bbox 1678 3122 1789 3174; x_wconf 76' lang='grc' dir='ltr'><strong>εἴτε</strong></span> 
     </span>
    </p>
   </div>
   <div class='ocr_carea' id='block_1_29' title="bbox 1895 3122 3453 3199">
    <p class='ocr_par' dir='ltr' id='par_1_29' title="bbox 1964 3126 3453 3197">
     <span class='ocr_line' id='line_1_29' title="bbox 1964 3126 3453 3197; baseline 0.008 -24"><span class='ocrx_word' id='word_1_185' title='bbox 1964 3128 2111 3179; x_wconf 65' lang='lat' dir='ltr'><strong>cerni</strong></span> <span class='ocrx_word' id='word_1_186' title='bbox 2134 3126 2411 3197; x_wconf 88' lang='lat' dir='ltr'><strong>jubentes,</strong></span> <span class='ocrx_word' id='word_1_187' title='bbox 2445 3143 2472 3180; x_wconf 84' lang='lat' dir='ltr'><strong>a</strong></span> <span class='ocrx_word' id='word_1_188' title='bbox 2501 3127 2801 3182; x_wconf 89' lang='lat' dir='ltr'><strong>ministerio</strong></span> <span class='ocrx_word' id='word_1_189' title='bbox 2847 3130 3057 3184; x_wconf 87' lang='lat' dir='ltr'><strong>scilicet</strong></span> <span class='ocrx_word' id='word_1_190' title='bbox 3103 3133 3453 3197; x_wconf 81' lang='lat' dir='ltr'><strong>amotionem,</strong></span> 
     </span>
    </p>
   </div>
   <div class='ocr_carea' id='block_1_30' title="bbox 291 3214 1849 3295">
    <p class='ocr_par' dir='ltr' id='par_1_30' title="bbox 291 3215 1788 3295">
     <span class='ocr_line' id='line_1_30' title="bbox 291 3215 1788 3295; baseline -0.009 -17"><span class='ocrx_word' id='word_1_191' title='bbox 291 3227 350 3278; x_wconf 64' lang='grc' dir='ltr'><strong>ἂν</strong></span> <span class='ocrx_word' id='word_1_192' title='bbox 374 3223 567 3295; x_wconf 86' lang='grc' dir='ltr'><strong>βαθμῷ</strong></span> <span class='ocrx_word' id='word_1_193' title='bbox 623 3216 962 3287; x_wconf 81' lang='grc' dir='ltr'><strong>τυγχάνοιεν,</strong></span> <span class='ocrx_word' id='word_1_194' title='bbox 1035 3215 1147 3267; x_wconf 72' lang='grc' dir='ltr'><strong>εἴτε</strong></span> <span class='ocrx_word' id='word_1_195' title='bbox 1218 3215 1313 3268; x_wconf 84' lang='grc' dir='ltr'><strong>καὶ</strong></span> <span class='ocrx_word' id='word_1_196' title='bbox 1384 3215 1788 3284; x_wconf 81' lang='grc' dir='ltr'><strong>ἁχειροτονήτῳ</strong></span> 
     </span>
    </p>
   </div>
   <div class='ocr_carea' id='block_1_31' title="bbox 1894 3214 3452 3295">
    <p class='ocr_par' dir='ltr' id='par_1_31' title="bbox 1965 3214 3452 3284">
     <span class='ocr_line' id='line_1_31' title="bbox 1965 3214 3452 3284; baseline 0.007 -19"><span class='ocrx_word' id='word_1_197' title='bbox 1965 3214 2080 3266; x_wconf 83' lang='lat' dir='ltr'><strong>sive</strong></span> <span class='ocrx_word' id='word_1_198' title='bbox 2133 3215 2240 3267; x_wconf 89' lang='lat' dir='ltr'><strong>sint</strong></span> <span class='ocrx_word' id='word_1_199' title='bbox 2291 3216 2343 3267; x_wconf 90' lang='lat' dir='ltr'><strong>in</strong></span> <span class='ocrx_word' id='word_1_200' title='bbox 2392 3215 2578 3283; x_wconf 80' lang='lat' dir='ltr'><strong>gradu,</strong></span> <span class='ocrx_word' id='word_1_201' title='bbox 2636 3218 2748 3270; x_wconf 84' lang='lat' dir='ltr'><strong>sive</strong></span> <span class='ocrx_word' id='word_1_202' title='bbox 2804 3218 2964 3272; x_wconf 88' lang='lat' dir='ltr'><strong>etiam</strong></span> <span class='ocrx_word' id='word_1_203' title='bbox 3027 3221 3079 3273; x_wconf 90' lang='lat' dir='ltr'><strong>in</strong></span> <span class='ocrx_word' id='word_1_204' title='bbox 3134 3224 3452 3284; x_wconf 74' lang='lat' dir='ltr'><strong>ministerio.</strong></span> 
     </span>
    </p>
   </div>
   <div class='ocr_carea' id='block_1_32' title="bbox 294 3302 1852 3386">
    <p class='ocr_par' dir='ltr' id='par_1_32' title="bbox 294 3307 1081 3386">
     <span class='ocr_line' id='line_1_32' title="bbox 294 3307 1081 3386; baseline -0.014 -16"><span class='ocrx_word' id='word_1_205' title='bbox 294 3314 569 3386; x_wconf 74' lang='grc' dir='ltr'><strong>ὑπηρεσίᾳ</strong></span> <span class='ocrx_word' id='word_1_206' title='bbox 601 3307 1081 3382; x_wconf 84' lang='grc' dir='ltr'><strong>προσκαρτεροῖεν.</strong></span> 
     </span>
    </p>
   </div>
   <div class='ocr_carea' id='block_1_33' title="bbox 1898 3302 3456 3386">
    <p class='ocr_par' dir='ltr' id='par_1_33' title="bbox 1964 3302 3456 3379">
     <span class='ocr_line' id='line_1_33' title="bbox 1964 3302 3456 3379; baseline 0.009 -26"><span class='ocrx_word' id='word_1_207' title='bbox 1964 3302 2105 3365; x_wconf 83' lang='lat' dir='ltr'><strong>quod</strong></span> <span class='ocrx_word' id='word_1_208' title='bbox 2165 3318 2269 3356; x_wconf 90' lang='lat' dir='ltr'><strong>non</strong></span> <span class='ocrx_word' id='word_1_209' title='bbox 2329 3304 2594 3372; x_wconf 83' lang='lat' dir='ltr'><strong>impositis</strong></span> <span class='ocrx_word' id='word_1_210' title='bbox 2646 3308 2896 3361; x_wconf 86' lang='lat' dir='ltr'><strong>manibus</strong></span> <span class='ocrx_word' id='word_1_211' title='bbox 2955 3308 3147 3375; x_wconf 86' lang='lat' dir='ltr'><strong>datur,</strong></span> <span class='ocrx_word' id='word_1_212' title='bbox 3207 3328 3456 3379; x_wconf 69' lang='lat' dir='ltr'><strong>pt-ssevr-</strong></span> 
     </span>
    </p>
   </div>
   <div class='ocr_carea' id='block_1_34' title="bbox 1966 3403 2103 3445">
    <p class='ocr_par' dir='ltr' id='par_1_34' title="bbox 1966 3403 2103 3445">
     <span class='ocr_line' id='line_1_34' title="bbox 1966 3403 2103 3445; baseline 0 -1"><span class='ocrx_word' id='word_1_213' title='bbox 1966 3403 2103 3445; x_wconf 83' lang='lat' dir='ltr'><strong>rent.</strong></span> 
     </span>
    </p>
   </div>
   <div class='ocr_carea' id='block_1_35' title="bbox 294 3481 1852 3561">
    <p class='ocr_par' dir='ltr' id='par_1_35' title="bbox 294 3486 1790 3558">
     <span class='ocr_line' id='line_1_35' title="bbox 294 3486 1790 3558; baseline -0.005 -12"><span class='ocrx_word' id='word_1_214' title='bbox 294 3493 485 3546; x_wconf 78' lang='grc' dir='ltr'><strong>ΒΑΛΣ.</strong></span> <span class='ocrx_word' id='word_1_215' title='bbox 517 3490 606 3544; x_wconf 83' lang='grc' dir='ltr'><strong>Ἐν</strong></span> <span class='ocrx_word' id='word_1_216' title='bbox 634 3489 713 3558; x_wconf 78' lang='grc' dir='ltr'><strong>τῷ</strong></span> <span class='ocrx_word' id='word_1_217' title='bbox 741 3489 819 3555; x_wconf 83' lang='grc' dir='ltr'><strong>λβ’</strong></span> <span class='ocrx_word' id='word_1_218' title='bbox 846 3488 1029 3541; x_wconf 82' lang='grc' dir='ltr'><strong>κανόνι</strong></span> <span class='ocrx_word' id='word_1_219' title='bbox 1072 3487 1362 3556; x_wconf 85' lang='grc' dir='ltr'><strong>διωρίσατο</strong></span> <span class='ocrx_word' id='word_1_220' title='bbox 1423 3488 1449 3537; x_wconf 84' lang='grc' dir='ltr'>ὁ</span> <span class='ocrx_word' id='word_1_221' title='bbox 1500 3486 1651 3553; x_wconf 76' lang='grc' dir='ltr'><strong>ἅγιος</strong></span> <span class='ocrx_word' id='word_1_222' title='bbox 1683 3487 1790 3538; x_wconf 78' lang='grc' dir='ltr'><strong>ἀπὸ</strong></span> 
     </span>
    </p>
   </div>
   <div class='ocr_carea' id='block_1_36' title="bbox 1898 3481 3456 3561">
    <p class='ocr_par' dir='ltr' id='par_1_36' title="bbox 1967 3481 3456 3561">
     <span class='ocr_line' id='line_1_36' title="bbox 1967 3481 3456 3561; baseline 0.011 -29"><span class='ocrx_word' id='word_1_223' title='bbox 1967 3481 2158 3536; x_wconf 80' lang='lat' dir='ltr'><strong>BALS.</strong></span> <span class='ocrx_word' id='word_1_224' title='bbox 2197 3483 2250 3536; x_wconf 87' lang='lat' dir='ltr'><strong>In</strong></span> <span class='ocrx_word' id='word_1_225' title='bbox 2277 3498 2396 3537; x_wconf 88' lang='lat' dir='ltr'><strong>can.</strong></span> <span class='ocrx_word' id='word_1_226' title='bbox 2429 3483 2498 3538; x_wconf 77' lang='grc'><strong>32</strong></span> <span class='ocrx_word' id='word_1_227' title='bbox 2521 3496 2740 3543; x_wconf 80' lang='lat' dir='ltr'><strong>sanctus</strong></span> <span class='ocrx_word' id='word_1_228' title='bbox 2794 3490 3000 3543; x_wconf 87' lang='lat' dir='ltr'><strong>deiiniit</strong></span> <span class='ocrx_word' id='word_1_229' title='bbox 3040 3505 3260 3561; x_wconf 82' lang='lat' dir='ltr'><strong>propter</strong></span> <span class='ocrx_word' id='word_1_230' title='bbox 3299 3510 3456 3549; x_wconf 63' lang='lat' dir='ltr'><strong>omne</strong></span> 
     </span>
    </p>
   </div>
   <div class='ocr_carea' id='block_1_37' title="bbox 219 3573 1777 3653">
    <p class='ocr_par' dir='ltr' id='par_1_37' title="bbox 219 3579 1777 3652">
     <span class='ocr_line' id='line_1_37' title="bbox 219 3579 1777 3652; baseline -0.003 -15"><span class='ocrx_word' id='word_1_231' title='bbox 219 3584 426 3647; x_wconf 79' lang='grc' dir='ltr'><strong>παντὸς</strong></span> <span class='ocrx_word' id='word_1_232' title='bbox 454 3584 854 3652; x_wconf 79' lang='grc' dir='ltr'><strong>ἁμαρτήματος</strong></span> <span class='ocrx_word' id='word_1_233' title='bbox 882 3581 970 3634; x_wconf 78' lang='grc' dir='ltr'><strong>διὰ</strong></span> <span class='ocrx_word' id='word_1_234' title='bbox 1011 3581 1179 3649; x_wconf 84' lang='grc' dir='ltr'><strong>μόνης</strong></span> <span class='ocrx_word' id='word_1_235' title='bbox 1225 3579 1602 3648; x_wconf 73' lang='grc' dir='ltr'><strong>καθαιρέσεως</strong></span> <span class='ocrx_word' id='word_1_236' title='bbox 1633 3580 1777 3632; x_wconf 85' lang='grc' dir='ltr'><strong>κολά·</strong></span> 
     </span>
    </p>
   </div>
   <div class='ocr_carea' id='block_1_38' title="bbox 1893 3573 3451 3653">
    <p class='ocr_par' dir='ltr' id='par_1_38' title="bbox 1895 3573 3451 3653">
     <span class='ocr_line' id='line_1_38' title="bbox 1895 3573 3451 3653; baseline 0.01 -29"><span class='ocrx_word' id='word_1_237' title='bbox 1895 3585 2167 3640; x_wconf 86' lang='lat' dir='ltr'><strong>peccatum</strong></span> <span class='ocrx_word' id='word_1_238' title='bbox 2200 3573 2425 3628; x_wconf 79' lang='lat' dir='ltr'><strong>clericos</strong></span> <span class='ocrx_word' id='word_1_239' title='bbox 2461 3591 2556 3642; x_wconf 82' lang='lat' dir='ltr'><strong>per</strong></span> <span class='ocrx_word' id='word_1_240' title='bbox 2594 3578 2761 3630; x_wconf 84' lang='lat' dir='ltr'><strong>solam</strong></span> <span class='ocrx_word' id='word_1_241' title='bbox 2807 3580 3192 3649; x_wconf 66' lang='lat' dir='ltr'><strong>depositione”l</strong></span> <span class='ocrx_word' id='word_1_242' title='bbox 3254 3589 3451 3653; x_wconf 58' lang='lat' dir='ltr'><strong>puniri.</strong></span> 
     </span>
    </p>
   </div>
   <div class='ocr_carea' id='block_1_39' title="bbox 220 3662 1778 3743">
    <p class='ocr_par' dir='ltr' id='par_1_39' title="bbox 220 3668 1778 3743">
     <span class='ocr_line' id='line_1_39' title="bbox 220 3668 1778 3743; baseline -0.008 -13"><span class='ocrx_word' id='word_1_243' title='bbox 220 3677 415 3743; x_wconf 72' lang='grc' dir='ltr'><strong>ζεσθαι</strong></span> <span class='ocrx_word' id='word_1_244' title='bbox 448 3676 574 3737; x_wconf 82' lang='grc' dir='ltr'><strong>τοὺς</strong></span> <span class='ocrx_word' id='word_1_245' title='bbox 606 3673 920 3743; x_wconf 77' lang='grc' dir='ltr'><strong>κληρικούς.</strong></span> <span class='ocrx_word' id='word_1_246' title='bbox 961 3670 1113 3724; x_wconf 72' lang='grc' dir='ltr'><strong>Ἐπεὶ</strong></span> <span class='ocrx_word' id='word_1_247' title='bbox 1136 3671 1198 3738; x_wconf 81' lang='grc' dir='ltr'><strong>δὴ</strong></span> <span class='ocrx_word' id='word_1_248' title='bbox 1227 3668 1409 3735; x_wconf 71' lang='grc' dir='ltr'><strong>ἔλεγόν</strong></span> <span class='ocrx_word' id='word_1_249' title='bbox 1453 3685 1597 3730; x_wconf 88' lang='grc' dir='ltr'><strong>τινες</strong></span> <span class='ocrx_word' id='word_1_250' title='bbox 1649 3668 1778 3720; x_wconf 60' lang='grc' dir='ltr'><strong>ἐκεί.</strong></span> 
     </span>
    </p>
   </div>
   <div class='ocr_carea' id='block_1_40' title="bbox 1891 3662 3449 3743">
    <p class='ocr_par' dir='ltr' id='par_1_40' title="bbox 1897 3662 3449 3743">
     <span class='ocr_line' id='line_1_40' title="bbox 1897 3662 3449 3743; baseline 0.008 -29"><span class='ocrx_word' id='word_1_251' title='bbox 1897 3662 2001 3715; x_wconf 84' lang='lat' dir='ltr'><strong>Sed</strong></span> <span class='ocrx_word' id='word_1_252' title='bbox 2031 3666 2165 3730; x_wconf 84' lang='lat' dir='ltr'><strong>quia</strong></span> <span class='ocrx_word' id='word_1_253' title='bbox 2190 3667 2431 3719; x_wconf 84' lang='lat' dir='ltr'><strong>nonnulli</strong></span> <span class='ocrx_word' id='word_1_254' title='bbox 2465 3668 2719 3722; x_wconf 80' lang='lat' dir='ltr'><strong>dixerunt</strong></span> <span class='ocrx_word' id='word_1_255' title='bbox 2754 3670 2871 3724; x_wconf 92' lang='lat' dir='ltr'><strong>illos</strong></span> <span class='ocrx_word' id='word_1_256' title='bbox 2905 3675 3142 3740; x_wconf 84' lang='lat' dir='ltr'><strong>reputari</strong></span> <span class='ocrx_word' id='word_1_257' title='bbox 3198 3677 3449 3743; x_wconf 71' lang='lat' dir='ltr'><strong>clerico.-,</strong></span> 
     </span>
    </p>
   </div>
   <div class='ocr_carea' id='block_1_41' title="bbox 223 3754 1781 3835">
    <p class='ocr_par' dir='ltr' id='par_1_41' title="bbox 223 3758 1781 3832">
     <span class='ocr_line' id='line_1_41' title="bbox 223 3758 1781 3832; baseline -0.006 -11"><span class='ocrx_word' id='word_1_258' title='bbox 223 3778 351 3829; x_wconf 76' lang='grc' dir='ltr'><strong>νους</strong></span> <span class='ocrx_word' id='word_1_259' title='bbox 380 3763 690 3832; x_wconf 76' lang='grc' dir='ltr'><strong>λογίζεσθαι</strong></span> <span class='ocrx_word' id='word_1_260' title='bbox 716 3762 1012 3832; x_wconf 75' lang='grc' dir='ltr'><strong>κληρικοὺς</strong></span> <span class='ocrx_word' id='word_1_261' title='bbox 1033 3760 1158 3822; x_wconf 80' lang='grc' dir='ltr'><strong>τοὺς</strong></span> <span class='ocrx_word' id='word_1_262' title='bbox 1186 3760 1521 3829; x_wconf 72' lang='grc' dir='ltr'><strong>χειροτονίαν</strong></span> <span class='ocrx_word' id='word_1_263' title='bbox 1547 3758 1781 3827; x_wconf 73' lang='grc' dir='ltr'><strong>ἔχοντας1</strong></span> 
     </span>
    </p>
   </div>
   <div class='ocr_carea' id='block_1_42' title="bbox 1894 3754 3452 3835">
    <p class='ocr_par' dir='ltr' id='par_1_42' title="bbox 1895 3754 3452 3835">
     <span class='ocr_line' id='line_1_42' title="bbox 1895 3754 3452 3835; baseline 0.01 -30"><span class='ocrx_word' id='word_1_264' title='bbox 1895 3754 2234 3821; x_wconf 82' lang='lat' dir='ltr'><strong>quiordinati</strong></span> <span class='ocrx_word' id='word_1_265' title='bbox 2267 3769 2413 3821; x_wconf 85' lang='lat' dir='ltr'><strong>sunt,</strong></span> <span class='ocrx_word' id='word_1_266' title='bbox 2470 3774 2571 3813; x_wconf 91' lang='lat' dir='ltr'><strong>non</strong></span> <span class='ocrx_word' id='word_1_267' title='bbox 2602 3770 2782 3815; x_wconf 84' lang='lat' dir='ltr'><strong>autem</strong></span> <span class='ocrx_word' id='word_1_268' title='bbox 2832 3777 2928 3818; x_wconf 86' lang='lat' dir='ltr'><strong>eos</strong></span> <span class='ocrx_word' id='word_1_269' title='bbox 2989 3766 3078 3834; x_wconf 89' lang='lat' dir='ltr'><strong>qui</strong></span> <span class='ocrx_word' id='word_1_270' title='bbox 3134 3783 3229 3835; x_wconf 88' lang='lat' dir='ltr'><strong>per</strong></span> <span class='ocrx_word' id='word_1_271' title='bbox 3281 3770 3452 3822; x_wconf 83' lang='lat' dir='ltr'><strong>solum</strong></span> 
     </span>
    </p>
   </div>
   <div class='ocr_carea' id='block_1_43' title="bbox 224 3847 1782 3925">
    <p class='ocr_par' dir='ltr' id='par_1_43' title="bbox 224 3849 1782 3925">
     <span class='ocr_line' id='line_1_43' title="bbox 224 3849 1782 3925; baseline -0.006 -16"><span class='ocrx_word' id='word_1_272' title='bbox 224 3856 287 3911; x_wconf 74' lang='grc' dir='ltr'><strong>οὗ</strong></span> <span class='ocrx_word' id='word_1_273' title='bbox 307 3858 413 3925; x_wconf 81' lang='grc' dir='ltr'><strong>μὴν</strong></span> <span class='ocrx_word' id='word_1_274' title='bbox 438 3857 564 3918; x_wconf 78' lang='grc' dir='ltr'><strong>τοὺς</strong></span> <span class='ocrx_word' id='word_1_275' title='bbox 594 3855 681 3907; x_wconf 80' lang='grc' dir='ltr'><strong>διὰ</strong></span> <span class='ocrx_word' id='word_1_276' title='bbox 721 3855 888 3922; x_wconf 84' lang='grc' dir='ltr'><strong>μόνης</strong></span> <span class='ocrx_word' id='word_1_277' title='bbox 937 3851 1230 3920; x_wconf 85' lang='grc' dir='ltr'><strong>σφραγῖδος</strong></span> <span class='ocrx_word' id='word_1_278' title='bbox 1288 3849 1661 3910; x_wconf 82' lang='grc' dir='ltr'><strong>καταστάντας</strong></span> <span class='ocrx_word' id='word_1_279' title='bbox 1714 3851 1782 3909; x_wconf 80' lang='grc' dir='ltr'><strong>εἰς</strong></span> 
     </span>
    </p>
   </div>
   <div class='ocr_carea' id='block_1_44' title="bbox 1895 3847 3453 3925">
    <p class='ocr_par' dir='ltr' id='par_1_44' title="bbox 1895 3847 3453 3924">
     <span class='ocr_line' id='line_1_44' title="bbox 1895 3847 3453 3924; baseline 0.008 -25"><span class='ocrx_word' id='word_1_280' title='bbox 1895 3847 2265 3902; x_wconf 78' lang='lat' dir='ltr'><strong>characterem</strong></span> <span class='ocrx_word' id='word_1_281' title='bbox 2304 3849 2579 3903; x_wconf 87' lang='lat' dir='ltr'><strong>constituti</strong></span> <span class='ocrx_word' id='word_1_282' title='bbox 2615 3862 2734 3905; x_wconf 87' lang='lat' dir='ltr'><strong>sunt</strong></span> <span class='ocrx_word' id='word_1_283' title='bbox 2782 3854 2834 3907; x_wconf 91' lang='lat' dir='ltr'><strong>in</strong></span> <span class='ocrx_word' id='word_1_284' title='bbox 2869 3857 3131 3924; x_wconf 68' lang='lat' dir='ltr'><strong>gradibus</strong></span> <span class='ocrx_word' id='word_1_285' title='bbox 3197 3861 3453 3915; x_wconf 78' lang='lat' dir='ltr'><strong>ecclesia-</strong></span> 
     </span>
    </p>
   </div>
   <div class='ocr_carea' id='block_1_45' title="bbox 224 3936 1782 4018">
    <p class='ocr_par' dir='ltr' id='par_1_45' title="bbox 224 3937 1782 4016">
     <span class='ocr_line' id='line_1_45' title="bbox 224 3937 1782 4016; baseline -0.007 -17"><span class='ocrx_word' id='word_1_286' title='bbox 224 3945 468 4016; x_wconf 79' lang='grc' dir='ltr'><strong>βαθμοὺς</strong></span> <span class='ocrx_word' id='word_1_287' title='bbox 492 3942 976 4013; x_wconf 75' lang='grc' dir='ltr'><strong>ἐκκλησιαστικοὺς</strong></span> <span class='ocrx_word' id='word_1_288' title='bbox 1005 3940 1245 4009; x_wconf 83' lang='grc' dir='ltr'><strong>(τούτους</strong></span> <span class='ocrx_word' id='word_1_289' title='bbox 1268 3938 1377 4005; x_wconf 85' lang='grc' dir='ltr'><strong>γὰρ</strong></span> <span class='ocrx_word' id='word_1_290' title='bbox 1400 3937 1590 4007; x_wconf 72' lang='grc' dir='ltr'><strong>ἤθελον</strong></span> <span class='ocrx_word' id='word_1_291' title='bbox 1617 3937 1782 3989; x_wconf 78' lang='grc' dir='ltr'><strong>πλειό·</strong></span> 
     </span>
    </p>
   </div>
   <div class='ocr_carea' id='block_1_46' title="bbox 1897 3936 3455 4018">
    <p class='ocr_par' dir='ltr' id='par_1_46' title="bbox 1897 3936 3455 4018">
     <span class='ocr_line' id='line_1_46' title="bbox 1897 3936 3455 4018; baseline 0.012 -31"><span class='ocrx_word' id='word_1_292' title='bbox 1897 3936 2044 3990; x_wconf 74' lang='lat' dir='ltr'><strong>sticis</strong></span> <span class='ocrx_word' id='word_1_293' title='bbox 2081 3936 2245 4007; x_wconf 92' lang='lat' dir='ltr'><strong>(illos</strong></span> <span class='ocrx_word' id='word_1_294' title='bbox 2278 3941 2421 3992; x_wconf 89' lang='lat' dir='ltr'><strong>enim</strong></span> <span class='ocrx_word' id='word_1_295' title='bbox 2472 3944 2644 4011; x_wconf 81' lang='lat' dir='ltr'><strong>magis</strong></span> <span class='ocrx_word' id='word_1_296' title='bbox 2698 3946 2869 4012; x_wconf 90' lang='lat' dir='ltr'><strong>puniri</strong></span> <span class='ocrx_word' id='word_1_297' title='bbox 2926 3948 3197 4018; x_wconf 80' lang='lat' dir='ltr'><strong>volebant)</strong></span> <span class='ocrx_word' id='word_1_298' title='bbox 3251 3952 3455 4005; x_wconf 86' lang='lat' dir='ltr'><strong>deliniit</strong></span> 
     </span>
    </p>
   </div>
   <div class='ocr_carea' id='block_1_47' title="bbox 227 4026 1785 4105">
    <p class='ocr_par' dir='ltr' id='par_1_47' title="bbox 227 4026 1785 4105">
     <span class='ocr_line' id='line_1_47' title="bbox 227 4026 1785 4105; baseline -0.006 -16"><span class='ocrx_word' id='word_1_299' title='bbox 227 4054 334 4100; x_wconf 68' lang='grc' dir='ltr'><strong>νως</strong></span> <span class='ocrx_word' id='word_1_300' title='bbox 384 4034 750 4105; x_wconf 75' lang='grc' dir='ltr'><strong>κολάζεσθαι),</strong></span> <span class='ocrx_word' id='word_1_301' title='bbox 782 4033 1071 4101; x_wconf 83' lang='grc' dir='ltr'><strong>διωρίσατο</strong></span> <span class='ocrx_word' id='word_1_302' title='bbox 1102 4032 1130 4082; x_wconf 81' lang='grc' dir='ltr'><strong>ὁ</strong></span> <span class='ocrx_word' id='word_1_303' title='bbox 1172 4031 1325 4095; x_wconf 78' lang='grc' dir='ltr'><strong>ἅγιος</strong></span> <span class='ocrx_word' id='word_1_304' title='bbox 1350 4028 1437 4080; x_wconf 85' lang='grc' dir='ltr'><strong>διὰ</strong></span> <span class='ocrx_word' id='word_1_305' title='bbox 1467 4026 1560 4080; x_wconf 83' lang='grc' dir='ltr'><strong>τοῦ</strong></span> <span class='ocrx_word' id='word_1_306' title='bbox 1594 4028 1785 4096; x_wconf 79' lang='grc' dir='ltr'><strong>παρόν‹</strong></span> 
     </span>
    </p>
   </div>
   <div class='ocr_carea' id='block_1_48' title="bbox 1895 4026 3453 4105">
    <p class='ocr_par' dir='ltr' id='par_1_48' title="bbox 1895 4032 3453 4099">
     <span class='ocr_line' id='line_1_48' title="bbox 1895 4032 3453 4099; baseline 0.012 -22"><span class='ocrx_word' id='word_1_307' title='bbox 1895 4032 2114 4078; x_wconf 85' lang='lat' dir='ltr'><strong>sanctus</strong></span> <span class='ocrx_word' id='word_1_308' title='bbox 2142 4041 2238 4095; x_wconf 88' lang='lat' dir='ltr'><strong>per</strong></span> <span class='ocrx_word' id='word_1_309' title='bbox 2270 4041 2586 4097; x_wconf 71' lang='lat' dir='ltr'><strong>praesentem</strong></span> <span class='ocrx_word' id='word_1_310' title='bbox 2614 4047 2898 4099; x_wconf 84' lang='lat' dir='ltr'><strong>canonem,</strong></span> <span class='ocrx_word' id='word_1_311' title='bbox 2958 4051 3145 4091; x_wconf 88' lang='lat' dir='ltr'><strong>omnes</strong></span> <span class='ocrx_word' id='word_1_312' title='bbox 3203 4040 3453 4095; x_wconf 76' lang='lat' dir='ltr'><strong>similiter</strong></span> 
     </span>
    </p>
   </div>
   <div class='ocr_carea' id='block_1_49' title="bbox 231 4115 1789 4195">
    <p class='ocr_par' dir='ltr' id='par_1_49' title="bbox 231 4116 1789 4190">
     <span class='ocr_line' id='line_1_49' title="bbox 231 4116 1789 4190; baseline -0.008 -8"><span class='ocrx_word' id='word_1_313' title='bbox 231 4145 320 4190; x_wconf 81' lang='lat' dir='ltr'><strong>ro;</strong></span> <span class='ocrx_word' id='word_1_314' title='bbox 344 4127 569 4187; x_wconf 84' lang='grc' dir='ltr'><strong>κανόνος</strong></span> <span class='ocrx_word' id='word_1_315' title='bbox 601 4124 811 4185; x_wconf 79' lang='grc' dir='ltr'><strong>πάντας</strong></span> <span class='ocrx_word' id='word_1_316' title='bbox 843 4126 968 4184; x_wconf 80' lang='grc' dir='ltr'><strong>τοὺς</strong></span> <span class='ocrx_word' id='word_1_317' title='bbox 998 4120 1296 4190; x_wconf 78' lang='grc' dir='ltr'><strong>κληρικοὺς</strong></span> <span class='ocrx_word' id='word_1_318' title='bbox 1323 4117 1524 4187; x_wconf 81' lang='grc' dir='ltr'><strong>ὁμοίως</strong></span> <span class='ocrx_word' id='word_1_319' title='bbox 1551 4116 1640 4170; x_wconf 85' lang='grc' dir='ltr'><strong>διὰ</strong></span> <span class='ocrx_word' id='word_1_320' title='bbox 1693 4118 1789 4187; x_wconf 86' lang='grc' dir='ltr'><strong>μό-</strong></span> 
     </span>
    </p>
   </div>
   <div class='ocr_carea' id='block_1_50' title="bbox 1895 4115 3453 4195">
    <p class='ocr_par' dir='ltr' id='par_1_50' title="bbox 1895 4115 3453 4195">
     <span class='ocr_line' id='line_1_50' title="bbox 1895 4115 3453 4195; baseline 0.008 -26"><span class='ocrx_word' id='word_1_321' title='bbox 1895 4115 2121 4170; x_wconf 88' lang='lat' dir='ltr'><strong>clericos</strong></span> <span class='ocrx_word' id='word_1_322' title='bbox 2145 4132 2242 4185; x_wconf 91' lang='lat' dir='ltr'><strong>per</strong></span> <span class='ocrx_word' id='word_1_323' title='bbox 2284 4120 2453 4172; x_wconf 84' lang='lat' dir='ltr'><strong>solam</strong></span> <span class='ocrx_word' id='word_1_324' title='bbox 2488 4121 2899 4189; x_wconf 88' lang='lat' dir='ltr'><strong>depositionem,</strong></span> <span class='ocrx_word' id='word_1_325' title='bbox 2934 4139 3031 4179; x_wconf 87' lang='lat' dir='ltr'><strong>seu</strong></span> <span class='ocrx_word' id='word_1_326' title='bbox 3069 4126 3281 4195; x_wconf 89' lang='lat' dir='ltr'><strong>lapsum</strong></span> <span class='ocrx_word' id='word_1_327' title='bbox 3312 4145 3340 4182; x_wconf 90' lang='lat' dir='ltr'><strong>a</strong></span> <span class='ocrx_word' id='word_1_328' title='bbox 3367 4146 3453 4184; x_wconf 83' lang='lat' dir='ltr'><strong>sa-</strong></span> 
     </span>
    </p>
   </div>
   <div class='ocr_carea' id='block_1_51' title="bbox 230 4207 1788 4289">
    <p class='ocr_par' dir='ltr' id='par_1_51' title="bbox 230 4207 1788 4289">
     <span class='ocr_line' id='line_1_51' title="bbox 230 4207 1788 4289; baseline -0.007 -19"><span class='ocrx_word' id='word_1_329' title='bbox 230 4235 326 4289; x_wconf 69' lang='lat' dir='ltr'><strong>rqg</strong></span> <span class='ocrx_word' id='word_1_330' title='bbox 354 4215 728 4285; x_wconf 83' lang='grc' dir='ltr'><strong>καθαιρέσεως</strong></span> <span class='ocrx_word' id='word_1_331' title='bbox 756 4216 878 4283; x_wconf 77' lang='grc' dir='ltr'><strong>ἦτοι</strong></span> <span class='ocrx_word' id='word_1_332' title='bbox 908 4212 999 4264; x_wconf 85' lang='grc' dir='ltr'><strong>διὰ</strong></span> <span class='ocrx_word' id='word_1_333' title='bbox 1031 4209 1362 4272; x_wconf 77' lang='grc' dir='ltr'><strong>ἐκπτώσεως</strong></span> <span class='ocrx_word' id='word_1_334' title='bbox 1414 4208 1513 4277; x_wconf 82' lang='grc' dir='ltr'><strong>τῆς</strong></span> <span class='ocrx_word' id='word_1_335' title='bbox 1557 4207 1788 4277; x_wconf 89' lang='grc' dir='ltr'><strong>προσού-</strong></span> 
     </span>
    </p>
   </div>
   <div class='ocr_carea' id='block_1_52' title="bbox 1895 4207 3453 4289">
    <p class='ocr_par' dir='ltr' id='par_1_52' title="bbox 1895 4208 3453 4286">
     <span class='ocr_line' id='line_1_52' title="bbox 1895 4208 3453 4286; baseline 0.008 -26"><span class='ocrx_word' id='word_1_336' title='bbox 1895 4222 1986 4261; x_wconf 87' lang='lat' dir='ltr'><strong>cro</strong></span> <span class='ocrx_word' id='word_1_337' title='bbox 2014 4210 2154 4275; x_wconf 85' lang='lat' dir='ltr'><strong>quod</strong></span> <span class='ocrx_word' id='word_1_338' title='bbox 2190 4208 2257 4262; x_wconf 82' lang='lat' dir='ltr'><strong>ad</strong></span> <span class='ocrx_word' id='word_1_339' title='bbox 2293 4225 2384 4264; x_wconf 89' lang='lat' dir='ltr'><strong>eos</strong></span> <span class='ocrx_word' id='word_1_340' title='bbox 2431 4213 2663 4280; x_wconf 89' lang='lat' dir='ltr'><strong>pertinet</strong></span> <span class='ocrx_word' id='word_1_341' title='bbox 2712 4216 3032 4281; x_wconf 88' lang='lat' dir='ltr'><strong>ministerio,</strong></span> <span class='ocrx_word' id='word_1_342' title='bbox 3086 4220 3284 4286; x_wconf 85' lang='lat' dir='ltr'><strong>puniri,</strong></span> <span class='ocrx_word' id='word_1_343' title='bbox 3341 4222 3453 4273; x_wconf 73' lang='lat' dir='ltr'><strong>sive</strong></span> 
     </span>
    </p>
   </div>
   <div class='ocr_carea' id='block_1_53' title="bbox 227 4298 1785 4379">
    <p class='ocr_par' dir='ltr' id='par_1_53' title="bbox 227 4298 1785 4379">
     <span class='ocr_line' id='line_1_53' title="bbox 227 4298 1785 4379; baseline -0.007 -17"><span class='ocrx_word' id='word_1_344' title='bbox 227 4327 330 4379; x_wconf 85' lang='grc' dir='ltr'><strong>σης</strong></span> <span class='ocrx_word' id='word_1_345' title='bbox 378 4309 562 4369; x_wconf 74' lang='grc' dir='ltr'><strong>αὐτοῖς</strong></span> <span class='ocrx_word' id='word_1_346' title='bbox 620 4305 770 4373; x_wconf 82' lang='grc' dir='ltr'><strong>ίερᾶς</strong></span> <span class='ocrx_word' id='word_1_347' title='bbox 823 4302 1102 4365; x_wconf 83' lang='grc' dir='ltr'><strong>διακονίας</strong></span> <span class='ocrx_word' id='word_1_348' title='bbox 1184 4298 1529 4364; x_wconf 81' lang='grc' dir='ltr'><strong>κολάζεσθαι,</strong></span> <span class='ocrx_word' id='word_1_349' title='bbox 1586 4299 1687 4352; x_wconf 79' lang='grc' dir='ltr'><strong>κᾶν</strong></span> <span class='ocrx_word' id='word_1_350' title='bbox 1732 4316 1785 4351; x_wconf 88' lang='grc' dir='ltr'><strong>τε</strong></span> 
     </span>
    </p>
   </div>
   <div class='ocr_carea' id='block_1_54' title="bbox 1890 4298 3448 4379">
    <p class='ocr_par' dir='ltr' id='par_1_54' title="bbox 1895 4298 3448 4377">
     <span class='ocr_line' id='line_1_54' title="bbox 1895 4298 3448 4377; baseline 0.006 -26"><span class='ocrx_word' id='word_1_351' title='bbox 1895 4298 2005 4351; x_wconf 82' lang='lat' dir='ltr'><strong>sint</strong></span> <span class='ocrx_word' id='word_1_352' title='bbox 2036 4300 2268 4352; x_wconf 89' lang='lat' dir='ltr'><strong>ordinati</strong></span> <span class='ocrx_word' id='word_1_353' title='bbox 2300 4310 2359 4354; x_wconf 86' lang='lat' dir='ltr'><strong>ut</strong></span> <span class='ocrx_word' id='word_1_354' title='bbox 2386 4304 2709 4371; x_wconf 82' lang='lat' dir='ltr'><strong>presbyteri,</strong></span> <span class='ocrx_word' id='word_1_355' title='bbox 2729 4304 2959 4371; x_wconf 80' lang='lat' dir='ltr'><strong>diaconi,</strong></span> <span class='ocrx_word' id='word_1_356' title='bbox 2986 4316 3040 4361; x_wconf 91' lang='lat' dir='ltr'><strong>et</strong></span> <span class='ocrx_word' id='word_1_357' title='bbox 3071 4308 3448 4377; x_wconf 88' lang='lat' dir='ltr'><strong>bypodiaconi,</strong></span> 
     </span>
    </p>
   </div>
   <div class='ocr_carea' id='block_1_55' title="bbox 228 4389 1786 4469">
    <p class='ocr_par' dir='ltr' id='par_1_55' title="bbox 228 4389 1786 4469">
     <span class='ocr_line' id='line_1_55' title="bbox 228 4389 1786 4469; baseline -0.008 -16"><span class='ocrx_word' id='word_1_358' title='bbox 228 4398 738 4469; x_wconf 81' lang='grc' dir='ltr'><strong>κεχειροτονημένοι</strong></span> <span class='ocrx_word' id='word_1_359' title='bbox 762 4391 918 4457; x_wconf 83' lang='grc' dir='ltr'><strong>ὦσιν,</strong></span> <span class='ocrx_word' id='word_1_360' title='bbox 950 4392 1020 4453; x_wconf 77' lang='grc' dir='ltr'><strong>ὼς</strong></span> <span class='ocrx_word' id='word_1_361' title='bbox 1056 4394 1101 4444; x_wconf 87' lang='lat' dir='ltr'><strong>ol</strong></span> <span class='ocrx_word' id='word_1_362' title='bbox 1129 4389 1509 4459; x_wconf 77' lang='grc' dir='ltr'><strong>πρεσϐύτεροι,</strong></span> <span class='ocrx_word' id='word_1_363' title='bbox 1532 4391 1580 4441; x_wconf 90' lang='grc' dir='ltr'><strong>οἱ</strong></span> <span class='ocrx_word' id='word_1_364' title='bbox 1612 4390 1786 4443; x_wconf 70' lang='grc' dir='ltr'><strong>διάκοσ</strong></span> 
     </span>
    </p>
   </div>
   <div class='ocr_carea' id='block_1_56' title="bbox 1892 4389 3450 4469">
    <p class='ocr_par' dir='ltr' id='par_1_56' title="bbox 1892 4391 3450 4463">
     <span class='ocr_line' id='line_1_56' title="bbox 1892 4391 3450 4463; baseline 0.004 -19"><span class='ocrx_word' id='word_1_365' title='bbox 1892 4392 2007 4444; x_wconf 85' lang='lat' dir='ltr'><strong>sive</strong></span> <span class='ocrx_word' id='word_1_366' title='bbox 2034 4405 2128 4459; x_wconf 91' lang='lat' dir='ltr'><strong>per</strong></span> <span class='ocrx_word' id='word_1_367' title='bbox 2160 4391 2331 4446; x_wconf 81' lang='lat' dir='ltr'><strong>solum</strong></span> <span class='ocrx_word' id='word_1_368' title='bbox 2377 4392 2741 4450; x_wconf 83' lang='lat' dir='ltr'><strong>characterem</strong></span> <span class='ocrx_word' id='word_1_369' title='bbox 2773 4397 3140 4463; x_wconf 87' lang='lat' dir='ltr'><strong>operationem</strong></span> <span class='ocrx_word' id='word_1_370' title='bbox 3199 4404 3450 4454; x_wconf 82' lang='lat' dir='ltr'><strong>sacerdo-</strong></span> 
     </span>
    </p>
   </div>
   <div class='ocr_carea' id='block_1_57' title="bbox 229 4482 1787 4556">
    <p class='ocr_par' dir='ltr' id='par_1_57' title="bbox 229 4482 1787 4556">
     <span class='ocr_line' id='line_1_57' title="bbox 229 4482 1787 4556; baseline -0.008 -12"><span class='ocrx_word' id='word_1_371' title='bbox 229 4509 331 4556; x_wconf 82' lang='grc' dir='ltr'><strong>νοι,</strong></span> <span class='ocrx_word' id='word_1_372' title='bbox 361 4489 456 4543; x_wconf 83' lang='grc' dir='ltr'><strong>καὶ</strong></span> <span class='ocrx_word' id='word_1_373' title='bbox 484 4490 533 4542; x_wconf 81' lang='lat' dir='ltr'><strong>oi</strong></span> <span class='ocrx_word' id='word_1_374' title='bbox 555 4486 923 4547; x_wconf 80' lang='grc' dir='ltr'><strong>ὑποδιὰκονοι,</strong></span> <span class='ocrx_word' id='word_1_375' title='bbox 956 4484 1057 4537; x_wconf 77' lang='grc' dir='ltr'><strong>κᾶν</strong></span> <span class='ocrx_word' id='word_1_376' title='bbox 1086 4500 1145 4535; x_wconf 85' lang='grc' dir='ltr'><strong>τε</strong></span> <span class='ocrx_word' id='word_1_377' title='bbox 1173 4482 1260 4534; x_wconf 83' lang='grc' dir='ltr'><strong>διὰ</strong></span> <span class='ocrx_word' id='word_1_378' title='bbox 1291 4482 1459 4551; x_wconf 83' lang='grc' dir='ltr'><strong>μόνης</strong></span> <span class='ocrx_word' id='word_1_379' title='bbox 1496 4482 1787 4550; x_wconf 83' lang='grc' dir='ltr'><strong>σφραγῖδος</strong></span> 
     </span>
    </p>
   </div>
   <div class='ocr_carea' id='block_1_58' title="bbox 1886 4482 3444 4556">
    <p class='ocr_par' dir='ltr' id='par_1_58' title="bbox 1896 4482 3444 4553">
     <span class='ocr_line' id='line_1_58' title="bbox 1896 4482 3444 4553; baseline 0.003 -18"><span class='ocrx_word' id='word_1_380' title='bbox 1896 4482 2055 4535; x_wconf 87' lang='lat' dir='ltr'><strong>talem</strong></span> <span class='ocrx_word' id='word_1_381' title='bbox 2112 4482 2366 4547; x_wconf 87' lang='lat' dir='ltr'><strong>habeant,</strong></span> <span class='ocrx_word' id='word_1_382' title='bbox 2425 4492 2480 4536; x_wconf 92' lang='lat' dir='ltr'><strong>ut</strong></span> <span class='ocrx_word' id='word_1_383' title='bbox 2530 4483 2777 4551; x_wconf 82' lang='lat' dir='ltr'><strong>lectores,</strong></span> <span class='ocrx_word' id='word_1_384' title='bbox 2841 4498 3112 4553; x_wconf 82' lang='lat' dir='ltr'><strong>cantores,</strong></span> <span class='ocrx_word' id='word_1_385' title='bbox 3172 4503 3444 4543; x_wconf 82' lang='lat' dir='ltr'><strong>sacrorum</strong></span> 
     </span>
    </p>
   </div>
   <div class='ocr_carea' id='block_1_59' title="bbox 227 4570 1785 4647">
    <p class='ocr_par' dir='ltr' id='par_1_59' title="bbox 227 4570 1785 4645">
     <span class='ocr_line' id='line_1_59' title="bbox 227 4570 1785 4645; baseline -0.006 -14"><span class='ocrx_word' id='word_1_386' title='bbox 227 4580 513 4645; x_wconf 65' lang='grc' dir='ltr'><strong>ἐνέργειαν</strong></span> <span class='ocrx_word' id='word_1_387' title='bbox 533 4575 729 4645; x_wconf 64' lang='grc' dir='ltr'><strong>ἔχωσιν</strong></span> <span class='ocrx_word' id='word_1_388' title='bbox 763 4572 1067 4643; x_wconf 73' lang='grc' dir='ltr'><strong>ἱερατικὴν,</strong></span> <span class='ocrx_word' id='word_1_389' title='bbox 1095 4571 1170 4633; x_wconf 85' lang='grc' dir='ltr'><strong>ὡς</strong></span> <span class='ocrx_word' id='word_1_390' title='bbox 1221 4572 1271 4623; x_wconf 80' lang='lat' dir='ltr'><strong>oi</strong></span> <span class='ocrx_word' id='word_1_391' title='bbox 1305 4570 1669 4636; x_wconf 82' lang='grc' dir='ltr'><strong>ἀναγνῶσται,</strong></span> <span class='ocrx_word' id='word_1_392' title='bbox 1700 4570 1785 4621; x_wconf 74' lang='grc' dir='ltr'><strong>καὶ</strong></span> 
     </span>
    </p>
   </div>
   <div class='ocr_carea' id='block_1_60' title="bbox 1892 4570 3450 4647">
    <p class='ocr_par' dir='ltr' id='par_1_60' title="bbox 1894 4572 3450 4647">
     <span class='ocr_line' id='line_1_60' title="bbox 1894 4572 3450 4647; baseline 0.006 -24"><span class='ocrx_word' id='word_1_393' title='bbox 1894 4586 2140 4625; x_wconf 85' lang='lat' dir='ltr'><strong>vasorum</strong></span> <span class='ocrx_word' id='word_1_394' title='bbox 2173 4572 2449 4639; x_wconf 78' lang='lat' dir='ltr'><strong>custodes,</strong></span> <span class='ocrx_word' id='word_1_395' title='bbox 2497 4585 2550 4627; x_wconf 92' lang='lat' dir='ltr'><strong>et</strong></span> <span class='ocrx_word' id='word_1_396' title='bbox 2591 4575 2812 4630; x_wconf 88' lang='lat' dir='ltr'><strong>similes.</strong></span> <span class='ocrx_word' id='word_1_397' title='bbox 2861 4577 2924 4629; x_wconf 83' lang='lat' dir='ltr'><strong>Et</strong></span> <span class='ocrx_word' id='word_1_398' title='bbox 2958 4577 3073 4633; x_wconf 62' lang='lat' dir='ltr'><strong>haec</strong></span> <span class='ocrx_word' id='word_1_399' title='bbox 3116 4580 3327 4647; x_wconf 88' lang='lat' dir='ltr'><strong>quidem</strong></span> <span class='ocrx_word' id='word_1_400' title='bbox 3386 4583 3450 4633; x_wconf 79' lang='lat' dir='ltr'><strong>de</strong></span> 
     </span>
    </p>
   </div>
   <div class='ocr_carea' id='block_1_61' title="bbox 228 4659 1786 4738">
    <p class='ocr_par' dir='ltr' id='par_1_61' title="bbox 228 4659 1786 4738">
     <span class='ocr_line' id='line_1_61' title="bbox 228 4659 1786 4738; baseline -0.007 -17"><span class='ocrx_word' id='word_1_401' title='bbox 228 4669 447 4738; x_wconf 57' lang='grc' dir='ltr'><strong>ψάλται,</strong></span> <span class='ocrx_word' id='word_1_402' title='bbox 480 4668 527 4719; x_wconf 82' lang='lat' dir='ltr'><strong>oi</strong></span> <span class='ocrx_word' id='word_1_403' title='bbox 562 4665 778 4732; x_wconf 76' lang='grc' dir='ltr'><strong>θεωροὶ,</strong></span> <span class='ocrx_word' id='word_1_404' title='bbox 836 4664 929 4716; x_wconf 77' lang='grc' dir='ltr'><strong>καὶ</strong></span> <span class='ocrx_word' id='word_1_405' title='bbox 980 4664 1028 4714; x_wconf 81' lang='lat' dir='ltr'><strong>oi</strong></span> <span class='ocrx_word' id='word_1_406' title='bbox 1085 4662 1281 4729; x_wconf 75' lang='grc' dir='ltr'><strong>ὅμοιοι.</strong></span> <span class='ocrx_word' id='word_1_407' title='bbox 1333 4662 1439 4713; x_wconf 77' lang='grc' dir='ltr'><strong>Καὶ</strong></span> <span class='ocrx_word' id='word_1_408' title='bbox 1474 4660 1647 4713; x_wconf 82' lang='grc' dir='ltr'><strong>ταῦτα</strong></span> <span class='ocrx_word' id='word_1_409' title='bbox 1694 4659 1786 4727; x_wconf 73' lang='grc' dir='ltr'><strong>μὲν</strong></span> 
     </span>
    </p>
   </div>
   <div class='ocr_carea' id='block_1_62' title="bbox 1892 4659 3450 4738">
    <p class='ocr_par' dir='ltr' id='par_1_62' title="bbox 1894 4660 3450 4730">
     <span class='ocr_line' id='line_1_62' title="bbox 1894 4660 3450 4730; baseline 0.008 -18"><span class='ocrx_word' id='word_1_410' title='bbox 1894 4660 2105 4715; x_wconf 87' lang='lat' dir='ltr'><strong>clericis</strong></span> <span class='ocrx_word' id='word_1_411' title='bbox 2139 4676 2236 4730; x_wconf 88' lang='lat' dir='ltr'><strong>per</strong></span> <span class='ocrx_word' id='word_1_412' title='bbox 2268 4664 2684 4729; x_wconf 85' lang='lat' dir='ltr'><strong>ordinationem,</strong></span> <span class='ocrx_word' id='word_1_413' title='bbox 2733 4666 2812 4719; x_wconf 83' lang='lat' dir='ltr'><strong>vel</strong></span> <span class='ocrx_word' id='word_1_414' title='bbox 2851 4669 3218 4722; x_wconf 80' lang='lat' dir='ltr'><strong>characterem</strong></span> <span class='ocrx_word' id='word_1_415' title='bbox 3261 4672 3311 4723; x_wconf 89' lang='lat' dir='ltr'><strong>in</strong></span> <span class='ocrx_word' id='word_1_416' title='bbox 3364 4688 3450 4724; x_wconf 77' lang='lat' dir='ltr'><strong>cc-</strong></span> 
     </span>
    </p>
   </div>
   <div class='ocr_carea' id='block_1_63' title="bbox 229 4748 1787 4827">
    <p class='ocr_par' dir='ltr' id='par_1_63' title="bbox 229 4748 1787 4826">
     <span class='ocr_line' id='line_1_63' title="bbox 229 4748 1787 4826; baseline -0.008 -15"><span class='ocrx_word' id='word_1_417' title='bbox 229 4759 360 4826; x_wconf 74' lang='grc' dir='ltr'><strong>περὶ</strong></span> <span class='ocrx_word' id='word_1_418' title='bbox 390 4754 666 4824; x_wconf 84' lang='grc' dir='ltr'><strong>κληρικῶν</strong></span> <span class='ocrx_word' id='word_1_419' title='bbox 731 4753 816 4806; x_wconf 78' lang='grc' dir='ltr'><strong>διὰ</strong></span> <span class='ocrx_word' id='word_1_420' title='bbox 854 4752 1213 4822; x_wconf 83' lang='grc' dir='ltr'><strong>χειροτονίας,</strong></span> <span class='ocrx_word' id='word_1_421' title='bbox 1260 4748 1293 4817; x_wconf 72' lang='grc' dir='ltr'><strong>ἢ</strong></span> <span class='ocrx_word' id='word_1_422' title='bbox 1351 4750 1437 4801; x_wconf 73' lang='grc' dir='ltr'><strong>διὰ</strong></span> <span class='ocrx_word' id='word_1_423' title='bbox 1500 4750 1787 4817; x_wconf 80' lang='grc' dir='ltr'><strong>σφραγῖδος</strong></span> 
     </span>
    </p>
   </div>
   <div class='ocr_carea' id='block_1_64' title="bbox 1893 4748 3451 4827">
    <p class='ocr_par' dir='ltr' id='par_1_64' title="bbox 1896 4751 3451 4827">
     <span class='ocr_line' id='line_1_64' title="bbox 1896 4751 3451 4827; baseline 0.006 -23"><span class='ocrx_word' id='word_1_424' title='bbox 1896 4751 2212 4805; x_wconf 87' lang='lat' dir='ltr'><strong>clesiastieis</strong></span> <span class='ocrx_word' id='word_1_425' title='bbox 2251 4753 2502 4821; x_wconf 77' lang='lat' dir='ltr'><strong>gradibus</strong></span> <span class='ocrx_word' id='word_1_426' title='bbox 2540 4754 2841 4813; x_wconf 79' lang='lat' dir='ltr'><strong>collocatis.</strong></span> <span class='ocrx_word' id='word_1_427' title='bbox 2898 4756 2952 4811; x_wconf 91' lang='lat' dir='ltr'><strong>Si</strong></span> <span class='ocrx_word' id='word_1_428' title='bbox 2995 4760 3115 4827; x_wconf 87' lang='lat' dir='ltr'><strong>quis</strong></span> <span class='ocrx_word' id='word_1_429' title='bbox 3161 4769 3336 4813; x_wconf 88' lang='lat' dir='ltr'><strong>autem</strong></span> <span class='ocrx_word' id='word_1_430' title='bbox 3383 4764 3451 4814; x_wconf 87' lang='lat' dir='ltr'><strong>ab</strong></span> 
     </span>
    </p>
   </div>
   <div class='ocr_carea' id='block_1_65' title="bbox 231 4839 1789 4922">
    <p class='ocr_par' dir='ltr' id='par_1_65' title="bbox 231 4839 1789 4922">
     <span class='ocr_line' id='line_1_65' title="bbox 231 4839 1789 4922; baseline -0.008 -21"><span class='ocrx_word' id='word_1_431' title='bbox 231 4841 683 4917; x_wconf 69' lang='grc' dir='ltr'><strong>καταταχθέντων</strong></span> <span class='ocrx_word' id='word_1_432' title='bbox 708 4845 791 4905; x_wconf 82' lang='grc' dir='ltr'><strong>εις</strong></span> <span class='ocrx_word' id='word_1_433' title='bbox 823 4843 1063 4912; x_wconf 79' lang='grc' dir='ltr'><strong>βαθμοὺς</strong></span> <span class='ocrx_word' id='word_1_434' title='bbox 1086 4911 1101 4922; x_wconf 46' lang='grc'><em>.</em></span> <span class='ocrx_word' id='word_1_435' title='bbox 1119 4839 1621 4909; x_wconf 72' lang='grc' dir='ltr'><strong>ἐκκλησιαστικοὺς.</strong></span> <span class='ocrx_word' id='word_1_436' title='bbox 1667 4839 1789 4891; x_wconf 83' lang='grc' dir='ltr'><strong>Ἐὰν</strong></span> 
     </span>
    </p>
   </div>
   <div class='ocr_carea' id='block_1_66' title="bbox 1888 4839 3446 4922">
    <p class='ocr_par' dir='ltr' id='par_1_66' title="bbox 1894 4844 3446 4914">
     <span class='ocr_line' id='line_1_66' title="bbox 1894 4844 3446 4914; baseline 0.005 -19"><span class='ocrx_word' id='word_1_437' title='bbox 1894 4844 2164 4910; x_wconf 79' lang='lat' dir='ltr'><strong>episcopo,</strong></span> <span class='ocrx_word' id='word_1_438' title='bbox 2203 4844 2282 4897; x_wconf 80' lang='lat' dir='ltr'><strong>vel</strong></span> <span class='ocrx_word' id='word_1_439' title='bbox 2319 4847 2633 4898; x_wconf 76' lang='lat' dir='ltr'><strong>monasterii</strong></span> <span class='ocrx_word' id='word_1_440' title='bbox 2677 4848 2930 4914; x_wconf 66' lang='lat' dir='ltr'><strong>praaiecto</strong></span> <span class='ocrx_word' id='word_1_441' title='bbox 2963 4851 3129 4904; x_wconf 84' lang='lat' dir='ltr'><strong>solam</strong></span> <span class='ocrx_word' id='word_1_442' title='bbox 3178 4863 3446 4905; x_wconf 77' lang='lat' dir='ltr'><strong>lousut&#39;uttt</strong></span> 
     </span>
    </p>
   </div>
   <div class='ocr_carea' id='block_1_67' title="bbox 230 4928 1788 5010">
    <p class='ocr_par' dir='ltr' id='par_1_67' title="bbox 230 4928 1788 5007">
     <span class='ocr_line' id='line_1_67' title="bbox 230 4928 1788 5007; baseline -0.008 -14"><span class='ocrx_word' id='word_1_443' title='bbox 230 4941 288 4993; x_wconf 72' lang='grc' dir='ltr'><strong>δέ</strong></span> <span class='ocrx_word' id='word_1_444' title='bbox 313 4955 395 5000; x_wconf 87' lang='grc' dir='ltr'><strong>τις</strong></span> <span class='ocrx_word' id='word_1_445' title='bbox 426 4938 595 5007; x_wconf 78' lang='grc' dir='ltr'><strong>μόνην</strong></span> <span class='ocrx_word' id='word_1_446' title='bbox 611 4936 749 5004; x_wconf 75' lang='grc' dir='ltr'><strong>ἔχων</strong></span> <span class='ocrx_word' id='word_1_447' title='bbox 778 4932 1095 5003; x_wconf 79' lang='grc' dir='ltr'><strong>ὲπικουρίδα</strong></span> <span class='ocrx_word' id='word_1_448' title='bbox 1152 4931 1260 4984; x_wconf 79' lang='grc' dir='ltr'><strong>ἀπὸ</strong></span> <span class='ocrx_word' id='word_1_449' title='bbox 1292 4930 1589 4984; x_wconf 73' lang='grc' dir='ltr'><strong>ἐπισκόπου</strong></span> <span class='ocrx_word' id='word_1_450' title='bbox 1624 4929 1659 4995; x_wconf 85' lang='grc' dir='ltr'><strong>ἢ</strong></span> <span class='ocrx_word' id='word_1_451' title='bbox 1688 4928 1788 4981; x_wconf 75' lang='grc' dir='ltr'><strong>ἀπὸ</strong></span> 
     </span>
    </p>
   </div>
   <div class='ocr_carea' id='block_1_68' title="bbox 1886 4928 3444 5010">
    <p class='ocr_par' dir='ltr' id='par_1_68' title="bbox 1894 4932 3444 5010">
     <span class='ocr_line' id='line_1_68' title="bbox 1894 4932 3444 5010; baseline 0.007 -24"><span class='ocrx_word' id='word_1_452' title='bbox 1894 4932 2096 4986; x_wconf 85' lang='lat' dir='ltr'><strong>habens</strong></span> <span class='ocrx_word' id='word_1_453' title='bbox 2130 4935 2181 4986; x_wconf 93' lang='lat' dir='ltr'><strong>in</strong></span> <span class='ocrx_word' id='word_1_454' title='bbox 2211 4937 2416 4989; x_wconf 91' lang='lat' dir='ltr'><strong>crimen</strong></span> <span class='ocrx_word' id='word_1_455' title='bbox 2450 4937 2719 5003; x_wconf 89' lang='lat' dir='ltr'><strong>inciderit,</strong></span> <span class='ocrx_word' id='word_1_456' title='bbox 2760 4940 2875 4992; x_wconf 81' lang='lat' dir='ltr'><strong>isne</strong></span> <span class='ocrx_word' id='word_1_457' title='bbox 2904 4941 3009 4994; x_wconf 88' lang='lat' dir='ltr'><strong>alio</strong></span> <span class='ocrx_word' id='word_1_458' title='bbox 3058 4942 3217 4995; x_wconf 89' lang='lat' dir='ltr'><strong>modo</strong></span> <span class='ocrx_word' id='word_1_459' title='bbox 3259 4946 3444 5010; x_wconf 87' lang='lat' dir='ltr'><strong>punic-</strong></span> 
     </span>
    </p>
   </div>
   <div class='ocr_carea' id='block_1_69' title="bbox 231 5015 1789 5097">
    <p class='ocr_par' dir='ltr' id='par_1_69' title="bbox 231 5015 1789 5096">
     <span class='ocr_line' id='line_1_69' title="bbox 231 5015 1789 5096; baseline 0.013 -19"><span class='ocrx_word' id='word_1_460' title='bbox 231 5028 534 5096; x_wconf 72' lang='grc' dir='ltr'><strong>ἡγουμένου</strong></span> <span class='ocrx_word' id='word_1_461' title='bbox 566 5024 784 5095; x_wconf 69' lang='grc' dir='ltr'><strong>ἐμπέσῃ</strong></span> <span class='ocrx_word' id='word_1_462' title='bbox 807 5025 887 5085; x_wconf 75' lang='grc' dir='ltr'><strong>εις</strong></span> <span class='ocrx_word' id='word_1_463' title='bbox 922 5022 1196 5090; x_wconf 62' lang='grc' dir='ltr'><strong>ἔγκλημα,</strong></span> <span class='ocrx_word' id='word_1_464' title='bbox 1240 5022 1582 5090; x_wconf 72' lang='grc' dir='ltr'><strong>ἀλλοτρόπως</strong></span> <span class='ocrx_word' id='word_1_465' title='bbox 1640 5015 1789 5081; x_wconf 60' lang='grc' dir='ltr'>οὗτος</span> 
     </span>
    </p>
   </div>
   <div class='ocr_carea' id='block_1_70' title="bbox 1890 5015 3448 5097">
    <p class='ocr_par' dir='ltr' id='par_1_70' title="bbox 1893 5022 3448 5097">
     <span class='ocr_line' id='line_1_70' title="bbox 1893 5022 3448 5097; baseline 0.005 -20"><span class='ocrx_word' id='word_1_466' title='bbox 1893 5024 2023 5077; x_wconf 87' lang='lat' dir='ltr'><strong>tur?</strong></span> <span class='ocrx_word' id='word_1_467' title='bbox 2050 5022 2163 5077; x_wconf 83' lang='lat' dir='ltr'><strong>Sol.</strong></span> <span class='ocrx_word' id='word_1_468' title='bbox 2188 5023 2253 5075; x_wconf 86' lang='lat' dir='ltr'><strong>Et</strong></span> <span class='ocrx_word' id='word_1_469' title='bbox 2280 5026 2398 5078; x_wconf 88' lang='lat' dir='ltr'><strong>talis</strong></span> <span class='ocrx_word' id='word_1_470' title='bbox 2423 5041 2636 5095; x_wconf 84' lang='lat' dir='ltr'><strong>quoque</strong></span> <span class='ocrx_word' id='word_1_471' title='bbox 2659 5038 2743 5083; x_wconf 83' lang='lat' dir='ltr'><strong>est</strong></span> <span class='ocrx_word' id='word_1_472' title='bbox 2766 5030 3011 5097; x_wconf 86' lang='lat' dir='ltr'><strong>clericus,</strong></span> <span class='ocrx_word' id='word_1_473' title='bbox 3047 5043 3098 5084; x_wconf 90' lang='lat' dir='ltr'><strong>et</strong></span> <span class='ocrx_word' id='word_1_474' title='bbox 3132 5036 3448 5087; x_wconf 71' lang='lat' dir='ltr'><strong>condemna-</strong></span> 
     </span>
    </p>
   </div>
   <div class='ocr_carea' id='block_1_71' title="bbox 231 5112 1789 5193">
    <p class='ocr_par' dir='ltr' id='par_1_71' title="bbox 231 5112 1789 5188">
     <span class='ocr_line' id='line_1_71' title="bbox 231 5112 1789 5188; baseline -0.004 -18"><span class='ocrx_word' id='word_1_475' title='bbox 231 5114 709 5188; x_wconf 78' lang='grc' dir='ltr'><strong>τιμωρηθήσεταις</strong></span> <span class='ocrx_word' id='word_1_476' title='bbox 760 5114 971 5178; x_wconf 81' lang='grc' dir='ltr'><strong>Λύσις.</strong></span> <span class='ocrx_word' id='word_1_477' title='bbox 1007 5113 1192 5175; x_wconf 44' lang='lat' dir='ltr'><strong>Kal)</strong></span> <span class='ocrx_word' id='word_1_478' title='bbox 1234 5112 1471 5174; x_wconf 79' lang='grc' dir='ltr'><strong>τοιοῦτος</strong></span> <span class='ocrx_word' id='word_1_479' title='bbox 1535 5112 1789 5182; x_wconf 76' lang='grc' dir='ltr'><strong>κληρικός</strong></span> 
     </span>
    </p>
   </div>
   <div class='ocr_carea' id='block_1_72' title="bbox 1887 5112 3445 5193">
    <p class='ocr_par' dir='ltr' id='par_1_72' title="bbox 1896 5116 3445 5193">
     <span class='ocr_line' id='line_1_72' title="bbox 1896 5116 3445 5193; baseline 0.008 -25"><span class='ocrx_word' id='word_1_480' title='bbox 1896 5116 2038 5169; x_wconf 91' lang='lat' dir='ltr'><strong>hitur</strong></span> <span class='ocrx_word' id='word_1_481' title='bbox 2068 5126 2125 5168; x_wconf 93' lang='lat' dir='ltr'><strong>ut</strong></span> <span class='ocrx_word' id='word_1_482' title='bbox 2154 5117 2346 5184; x_wconf 88' lang='lat' dir='ltr'><strong>reliqui</strong></span> <span class='ocrx_word' id='word_1_483' title='bbox 2374 5118 2578 5172; x_wconf 80' lang='lat' dir='ltr'><strong>clerici.</strong></span> <span class='ocrx_word' id='word_1_484' title='bbox 2641 5118 3015 5176; x_wconf 85' lang='lat' dir='ltr'><strong>Prohibebitur</strong></span> <span class='ocrx_word' id='word_1_485' title='bbox 3046 5124 3186 5177; x_wconf 90' lang='lat' dir='ltr'><strong>enim</strong></span> <span class='ocrx_word' id='word_1_486' title='bbox 3221 5127 3445 5193; x_wconf 79' lang='lat' dir='ltr'><strong>quodvis</strong></span> 
     </span>
    </p>
   </div>
   <div class='ocr_carea' id='block_1_73' title="bbox 231 5204 1789 5283">
    <p class='ocr_par' dir='ltr' id='par_1_73' title="bbox 231 5204 1789 5276">
     <span class='ocr_line' id='line_1_73' title="bbox 231 5204 1789 5276; baseline -0.003 -13"><span class='ocrx_word' id='word_1_487' title='bbox 231 5213 373 5273; x_wconf 66' lang='grc' dir='ltr'><strong>εστι,</strong></span> <span class='ocrx_word' id='word_1_488' title='bbox 424 5208 517 5262; x_wconf 80' lang='grc' dir='ltr'><strong>καὶ</strong></span> <span class='ocrx_word' id='word_1_489' title='bbox 573 5204 1109 5274; x_wconf 82' lang='grc' dir='ltr'><strong>καταδικασθήσεται</strong></span> <span class='ocrx_word' id='word_1_490' title='bbox 1169 5205 1244 5266; x_wconf 83' lang='grc' dir='ltr'><strong>ὡς</strong></span> <span class='ocrx_word' id='word_1_491' title='bbox 1296 5206 1474 5259; x_wconf 74' lang='grc' dir='ltr'><strong>λοιποὶ</strong></span> <span class='ocrx_word' id='word_1_492' title='bbox 1523 5206 1789 5276; x_wconf 81' lang='grc' dir='ltr'><strong>κληρικοί.</strong></span> 
     </span>
    </p>
   </div>
   <div class='ocr_carea' id='block_1_74' title="bbox 1890 5204 3448 5283">
    <p class='ocr_par' dir='ltr' id='par_1_74' title="bbox 1895 5211 3448 5283">
     <span class='ocr_line' id='line_1_74' title="bbox 1895 5211 3448 5283; baseline 0.005 -22"><span class='ocrx_word' id='word_1_493' title='bbox 1895 5221 2031 5276; x_wconf 82' lang='lat' dir='ltr'><strong>Opus</strong></span> <span class='ocrx_word' id='word_1_494' title='bbox 2091 5224 2368 5275; x_wconf 79' lang='lat' dir='ltr'><strong>exercere,</strong></span> <span class='ocrx_word' id='word_1_495' title='bbox 2430 5211 2732 5279; x_wconf 89' lang='lat' dir='ltr'><strong>cujusmodi</strong></span> <span class='ocrx_word' id='word_1_496' title='bbox 2789 5224 3042 5268; x_wconf 83' lang='lat' dir='ltr'><strong>exercent</strong></span> <span class='ocrx_word' id='word_1_497' title='bbox 3106 5217 3196 5283; x_wconf 87' lang='lat' dir='ltr'><strong>qui</strong></span> <span class='ocrx_word' id='word_1_498' title='bbox 3248 5218 3448 5271; x_wconf 62' lang='lat' dir='ltr'><strong>habent</strong></span> 
     </span>
    </p>
   </div>
   <div class='ocr_carea' id='block_1_75' title="bbox 232 5291 1790 5368">
    <p class='ocr_par' dir='ltr' id='par_1_75' title="bbox 232 5291 1790 5368">
     <span class='ocr_line' id='line_1_75' title="bbox 232 5291 1790 5368; baseline -0.006 -13"><span class='ocrx_word' id='word_1_499' title='bbox 232 5298 627 5368; x_wconf 77' lang='grc' dir='ltr'><strong>Κωλυθήσεται</strong></span> <span class='ocrx_word' id='word_1_500' title='bbox 654 5297 763 5367; x_wconf 79' lang='grc' dir='ltr'><strong>γὰρ</strong></span> <span class='ocrx_word' id='word_1_501' title='bbox 790 5298 1035 5364; x_wconf 78' lang='grc' dir='ltr'><strong>ἐνεργεῖν</strong></span> <span class='ocrx_word' id='word_1_502' title='bbox 1061 5295 1650 5364; x_wconf 78' lang='grc' dir='ltr'><strong>οίονδηποτοῦν-ἔργον,</strong></span> <span class='ocrx_word' id='word_1_503' title='bbox 1684 5291 1790 5347; x_wconf 75' lang='grc' dir='ltr'><strong>οἷον</strong></span> 
     </span>
    </p>
   </div>
   <div class='ocr_carea' id='block_1_76' title="bbox 1888 5291 3446 5368">
    <p class='ocr_par' dir='ltr' id='par_1_76' title="bbox 1898 5302 3446 5368">
     <span class='ocr_line' id='line_1_76' title="bbox 1898 5302 3446 5368; baseline 0.006 -17"><span class='ocrx_word' id='word_1_504' title='bbox 1898 5302 2641 5368; x_wconf 82' lang='lat' dir='ltr'><strong>tonsuras;quemadmodum</strong></span> <span class='ocrx_word' id='word_1_505' title='bbox 2672 5318 2776 5356; x_wconf 89' lang='lat' dir='ltr'><strong>non</strong></span> <span class='ocrx_word' id='word_1_506' title='bbox 2822 5307 3145 5360; x_wconf 86' lang='lat' dir='ltr'><strong>conscendet</strong></span> <span class='ocrx_word' id='word_1_507' title='bbox 3195 5308 3446 5368; x_wconf 73' lang='lat' dir='ltr'><strong>ltibtltlni,</strong></span> 
     </span>
    </p>
   </div>
   <div class='ocr_carea' id='block_1_77' title="bbox 236 5381 1794 5466">
    <p class='ocr_par' dir='ltr' id='par_1_77' title="bbox 236 5381 1791 5460">
     <span class='ocr_line' id='line_1_77' title="bbox 236 5381 1791 5460; baseline -0.005 -16"><span class='ocrx_word' id='word_1_508' title='bbox 236 5391 550 5460; x_wconf 71' lang='grc' dir='ltr'><strong>ινεργοῦσιν</strong></span> <span class='ocrx_word' id='word_1_509' title='bbox 582 5390 633 5442; x_wconf 80' lang='lat' dir='ltr'><strong>oi</strong></span> <span class='ocrx_word' id='word_1_510' title='bbox 671 5390 882 5457; x_wconf 72' lang='grc' dir='ltr'><strong>ἔχοντες</strong></span> <span class='ocrx_word' id='word_1_511' title='bbox 920 5387 1288 5455; x_wconf 73' lang='grc' dir='ltr'><strong>ἐπικουρίδας,</strong></span> <span class='ocrx_word' id='word_1_512' title='bbox 1319 5381 1428 5439; x_wconf 82' lang='grc' dir='ltr'><strong>οἷον</strong></span> <span class='ocrx_word' id='word_1_513' title='bbox 1456 5388 1553 5439; x_wconf 86' lang='grc' dir='ltr'><strong>οὐκ</strong></span> <span class='ocrx_word' id='word_1_514' title='bbox 1582 5386 1791 5457; x_wconf 77' lang='grc' dir='ltr'><strong>εἰσέλθῃ</strong></span> 
     </span>
    </p>
   </div>
   <div class='ocr_carea' id='block_1_78' title="bbox 1889 5381 3447 5466">
    <p class='ocr_par' dir='ltr' id='par_1_78' title="bbox 1896 5391 3447 5466">
     <span class='ocr_line' id='line_1_78' title="bbox 1896 5391 3447 5466; baseline 0.005 -24"><span class='ocrx_word' id='word_1_515' title='bbox 1896 5406 2000 5443; x_wconf 89' lang='lat' dir='ltr'><strong>non</strong></span> <span class='ocrx_word' id='word_1_516' title='bbox 2037 5391 2173 5459; x_wconf 79' lang='lat' dir='ltr'><strong>leget</strong></span> <span class='ocrx_word' id='word_1_517' title='bbox 2201 5392 2251 5443; x_wconf 93' lang='lat' dir='ltr'><strong>in</strong></span> <span class='ocrx_word' id='word_1_518' title='bbox 2288 5392 2532 5456; x_wconf 86' lang='lat' dir='ltr'><strong>amboue,</strong></span> <span class='ocrx_word' id='word_1_519' title='bbox 2570 5392 2635 5447; x_wconf 89' lang='lat' dir='ltr'><strong>ad</strong></span> <span class='ocrx_word' id='word_1_520' title='bbox 2667 5396 3055 5451; x_wconf 83' lang='lat' dir='ltr'><strong>sacerdotalem</strong></span> <span class='ocrx_word' id='word_1_521' title='bbox 3091 5400 3312 5466; x_wconf 81' lang='lat' dir='ltr'><strong>gradum</strong></span> <span class='ocrx_word' id='word_1_522' title='bbox 3346 5418 3447 5452; x_wconf 83' lang='lat' dir='ltr'><strong>ttutt</strong></span> 
     </span>
    </p>
   </div>
   <div class='ocr_carea' id='block_1_79' title="bbox 235 5449 1793 5551">
    <p class='ocr_par' dir='ltr' id='par_1_79' title="bbox 235 5449 1791 5551">
     <span class='ocr_line' id='line_1_79' title="bbox 235 5449 1791 5551; baseline -0.004 -15"><span class='ocrx_word' id='word_1_523' title='bbox 235 5449 515 5551; x_wconf 48' lang='grc' dir='ltr'><strong>εἰς’βῖῆμα,</strong></span> <span class='ocrx_word' id='word_1_524' title='bbox 540 5481 640 5533; x_wconf 86' lang='grc' dir='ltr'><strong>ούκ</strong></span> <span class='ocrx_word' id='word_1_525' title='bbox 670 5449 888 5547; x_wconf 55' lang='grc' dir='ltr'><strong>αναγνῴ</strong></span> <span class='ocrx_word' id='word_1_526' title='bbox 917 5478 1002 5530; x_wconf 77' lang='grc' dir='ltr'><strong>ἐπ’</strong></span> <span class='ocrx_word' id='word_1_527' title='bbox 1030 5449 1299 5546; x_wconf 70' lang='grc' dir='ltr'><strong>ἆμδωνος,</strong></span> <span class='ocrx_word' id='word_1_528' title='bbox 1336 5478 1397 5528; x_wconf 84' lang='grc' dir='ltr'><strong>οὐ</strong></span> <span class='ocrx_word' id='word_1_529' title='bbox 1422 5477 1683 5545; x_wconf 73' lang='grc' dir='ltr'><strong>προκόψει</strong></span> <span class='ocrx_word' id='word_1_530' title='bbox 1712 5449 1791 5539; x_wconf 63' lang='grc' dir='ltr'><strong>εἰς</strong></span> 
     </span>
    </p>
   </div>
   <div class='ocr_carea' id='block_1_80' title="bbox 1892 5449 3450 5551">
    <p class='ocr_par' dir='ltr' id='par_1_80' title="bbox 1894 5480 3450 5551">
     <span class='ocr_line' id='line_1_80' title="bbox 1894 5480 3450 5551; baseline 0.008 -22"><span class='ocrx_word' id='word_1_531' title='bbox 1894 5480 2313 5546; x_wconf 84' lang='lat' dir='ltr'><strong>promovebitur.</strong></span> <span class='ocrx_word' id='word_1_532' title='bbox 2367 5480 2529 5535; x_wconf 83' lang='lat' dir='ltr'><strong>Miror</strong></span> <span class='ocrx_word' id='word_1_533' title='bbox 2559 5492 2757 5546; x_wconf 88' lang='lat' dir='ltr'><strong>autem,</strong></span> <span class='ocrx_word' id='word_1_534' title='bbox 2790 5486 3057 5551; x_wconf 88' lang='lat' dir='ltr'><strong>quomodo</strong></span> <span class='ocrx_word' id='word_1_535' title='bbox 3089 5488 3326 5540; x_wconf 90' lang='lat' dir='ltr'><strong>nonnulli</strong></span> <span class='ocrx_word' id='word_1_536' title='bbox 3362 5492 3450 5541; x_wconf 86' lang='lat' dir='ltr'><strong>de-</strong></span> 
     </span>
    </p>
   </div>
   <div class='ocr_carea' id='block_1_81' title="bbox 237 5565 1795 5646">
    <p class='ocr_par' dir='ltr' id='par_1_81' title="bbox 237 5565 1786 5646">
     <span class='ocr_line' id='line_1_81' title="bbox 237 5565 1786 5646; baseline -0.006 -20"><span class='ocrx_word' id='word_1_537' title='bbox 237 5572 473 5646; x_wconf 75' lang='grc' dir='ltr'><strong>βαθμίδα</strong></span> <span class='ocrx_word' id='word_1_538' title='bbox 504 5569 803 5640; x_wconf 74' lang='grc' dir='ltr'><strong>ἱερατικὴν.</strong></span> <span class='ocrx_word' id='word_1_539' title='bbox 844 5568 1121 5637; x_wconf 76' lang='grc' dir='ltr'><strong>Θαυμάξω</strong></span> <span class='ocrx_word' id='word_1_540' title='bbox 1148 5568 1203 5620; x_wconf 78' lang='grc' dir='ltr'><strong>δὲ</strong></span> <span class='ocrx_word' id='word_1_541' title='bbox 1236 5568 1383 5627; x_wconf 81' lang='grc' dir='ltr'><strong>ὅπως</strong></span> <span class='ocrx_word' id='word_1_542' title='bbox 1412 5566 1555 5626; x_wconf 83' lang='grc' dir='ltr'><strong>τινὲς</strong></span> <span class='ocrx_word' id='word_1_543' title='bbox 1590 5565 1786 5617; x_wconf 85' lang='grc' dir='ltr'><strong>καθαι-</strong></span> 
     </span>
    </p>
   </div>
   <div class='ocr_carea' id='block_1_82' title="bbox 1892 5565 3450 5646">
    <p class='ocr_par' dir='ltr' id='par_1_82' title="bbox 1897 5568 3450 5644">
     <span class='ocr_line' id='line_1_82' title="bbox 1897 5568 3450 5644; baseline 0.005 -23"><span class='ocrx_word' id='word_1_544' title='bbox 1897 5568 2053 5637; x_wconf 90' lang='lat' dir='ltr'><strong>positi</strong></span> <span class='ocrx_word' id='word_1_545' title='bbox 2085 5570 2451 5624; x_wconf 83' lang='lat' dir='ltr'><strong>cbartularata</strong></span> <span class='ocrx_word' id='word_1_546' title='bbox 2487 5572 2847 5627; x_wconf 87' lang='lat' dir='ltr'><strong>ecclesiastica</strong></span> <span class='ocrx_word' id='word_1_547' title='bbox 2876 5586 3150 5639; x_wconf 83' lang='lat' dir='ltr'><strong>exercent,</strong></span> <span class='ocrx_word' id='word_1_548' title='bbox 3188 5594 3305 5644; x_wconf 69' lang='lat' dir='ltr'><strong>quze</strong></span> <span class='ocrx_word' id='word_1_549' title='bbox 3334 5581 3450 5643; x_wconf 75' lang='lat' dir='ltr'><strong>qui-</strong></span> 
     </span>
    </p>
   </div>
   <div class='ocr_carea' id='block_1_83' title="bbox 240 5656 1798 5736">
    <p class='ocr_par' dir='ltr' id='par_1_83' title="bbox 240 5656 1786 5736">
     <span class='ocr_line' id='line_1_83' title="bbox 240 5656 1786 5736; baseline -0.005 -18"><span class='ocrx_word' id='word_1_550' title='bbox 240 5663 486 5736; x_wconf 87' lang='grc' dir='ltr'><strong>ρεθέντες</strong></span> <span class='ocrx_word' id='word_1_551' title='bbox 538 5659 822 5730; x_wconf 67' lang='grc' dir='ltr'><strong>ἐνεργοῦσι</strong></span> <span class='ocrx_word' id='word_1_552' title='bbox 876 5658 1290 5729; x_wconf 79' lang='grc' dir='ltr'><strong>χαρτουλαράτα</strong></span> <span class='ocrx_word' id='word_1_553' title='bbox 1336 5656 1786 5726; x_wconf 75' lang='grc' dir='ltr'><strong>ἑκκλησιαστικὰ,</strong></span> 
     </span>
    </p>
   </div>
   <div class='ocr_carea' id='block_1_84' title="bbox 1894 5656 3452 5736">
    <p class='ocr_par' dir='ltr' id='par_1_84' title="bbox 1898 5659 3452 5734">
     <span class='ocr_line' id='line_1_84' title="bbox 1898 5659 3452 5734; baseline 0.005 -22"><span class='ocrx_word' id='word_1_554' title='bbox 1898 5661 2016 5712; x_wconf 88' lang='lat' dir='ltr'><strong>dem</strong></span> <span class='ocrx_word' id='word_1_555' title='bbox 2052 5659 2155 5712; x_wconf 86' lang='lat' dir='ltr'><strong>soli</strong></span> <span class='ocrx_word' id='word_1_556' title='bbox 2207 5663 2407 5714; x_wconf 87' lang='lat' dir='ltr'><strong>sacrati</strong></span> <span class='ocrx_word' id='word_1_557' title='bbox 2454 5672 2727 5718; x_wconf 78' lang='lat' dir='ltr'><strong>exercent.</strong></span> <span class='ocrx_word' id='word_1_558' title='bbox 2788 5662 3049 5719; x_wconf 87' lang='lat' dir='ltr'><strong>Similiter</strong></span> <span class='ocrx_word' id='word_1_559' title='bbox 3095 5669 3294 5731; x_wconf 86' lang='lat' dir='ltr'><strong>miror,</strong></span> <span class='ocrx_word' id='word_1_560' title='bbox 3329 5684 3452 5734; x_wconf 59' lang='lat' dir='ltr'><strong>quo.</strong></span> 
     </span>
    </p>
   </div>
   <div class='ocr_carea' id='block_1_85' title="bbox 238 5745 1796 5827">
    <p class='ocr_par' dir='ltr' id='par_1_85' title="bbox 238 5745 1790 5824">
     <span class='ocr_line' id='line_1_85' title="bbox 238 5745 1790 5824; baseline -0.006 -13"><span class='ocrx_word' id='word_1_561' title='bbox 238 5756 396 5811; x_wconf 65' lang='grc' dir='ltr'><strong>ἅτινα</strong></span> <span class='ocrx_word' id='word_1_562' title='bbox 422 5752 701 5824; x_wconf 73' lang='grc' dir='ltr'><strong>ἐνεργοῦσι</strong></span> <span class='ocrx_word' id='word_1_563' title='bbox 746 5752 894 5804; x_wconf 64' lang='grc' dir='ltr'><strong>μόνοι</strong></span> <span class='ocrx_word' id='word_1_564' title='bbox 953 5748 1260 5819; x_wconf 84' lang='grc' dir='ltr'><strong>ἱερωμένοι.</strong></span> <span class='ocrx_word' id='word_1_565' title='bbox 1330 5745 1606 5811; x_wconf 78' lang='grc' dir='ltr'><strong>Ὡσαύτως</strong></span> <span class='ocrx_word' id='word_1_566' title='bbox 1662 5748 1790 5803; x_wconf 81' lang='grc' dir='ltr'><strong>θαυ-</strong></span> 
     </span>
    </p>
   </div>
   <div class='ocr_carea' id='block_1_86' title="bbox 1894 5745 3452 5827">
    <p class='ocr_par' dir='ltr' id='par_1_86' title="bbox 1902 5750 3452 5827">
     <span class='ocr_line' id='line_1_86' title="bbox 1902 5750 3452 5827; baseline 0.008 -26"><span class='ocrx_word' id='word_1_567' title='bbox 1902 5750 2057 5806; x_wconf 87' lang='lat' dir='ltr'><strong>modo</strong></span> <span class='ocrx_word' id='word_1_568' title='bbox 2110 5750 2199 5819; x_wconf 89' lang='lat' dir='ltr'><strong>qui</strong></span> <span class='ocrx_word' id='word_1_569' title='bbox 2254 5751 2395 5807; x_wconf 80' lang='lat' dir='ltr'><strong>solas</strong></span> <span class='ocrx_word' id='word_1_570' title='bbox 2453 5755 2651 5809; x_wconf 86' lang='lat' dir='ltr'><strong>habent</strong></span> <span class='ocrx_word' id='word_1_571' title='bbox 2718 5767 3004 5823; x_wconf 81' lang='lat' dir='ltr'><strong>tonsuras,</strong></span> <span class='ocrx_word' id='word_1_572' title='bbox 3063 5769 3113 5811; x_wconf 83' lang='lat' dir='ltr'><strong>et</strong></span> <span class='ocrx_word' id='word_1_573' title='bbox 3169 5774 3452 5827; x_wconf 57' lang='lat' dir='ltr'><strong>pezcantcs</strong></span> 
     </span>
    </p>
   </div>
  </div>
