3946 6342
108 325 233 394 741

1108 325 1191 384 ΙΝ
1220 323 1461 384 EPIST.
1482 325 1541 382 S.
1571 323 1858 383 BASlLll
1895 324 2331 387 CANONICAM
2385 330 2504 391 [ΙΙ.

3282 323 3390 399 742

106 442 230 492 καὶ
257 438 615 511 ἁμελησάσης
643 437 736 492 τοῦ
778 439 1057 507 κυήματος
1081 451 1094 466 ·
1129 436 1224 489 νῦν
1261 437 1318 488 δὲ
1377 436 1701 505 πλατύτεροι

1823 449 1997 488 mlem
2031 438 2198 492 fusius
2230 441 2471 491 decoruit
2504 439 2571 492 de
2618 441 2897 507 speciebus
2947 440 3301 509 negligentiae,
3332 453 3385 495 et

114 528 487 592 διατάττεται
512 532 580 583 τὰ
610 530 727 596 είδη
757 530 856 598 τῆς
873 528 1162 598 ἀμελείας.
1202 530 1291 580 καί
1351 545 1482 596 φησι
1522 531 1622 598 ὅτι,
1671 531 1716 577 εἰ

118 622 238 689 μὲν
268 624 332 674 ὲκ
375 621 632 692 πορνείας
681 594 726 691 ἦ-
750 594 995 691 μοιχείας
1044 618 1383 673 συλλαϐοῦσα
1415 594 1646 687 -κρύφα,
1686 619 1714 685 ἢ

118 713 391 781 κυήσασα
429 712 522 764 καὶ
545 712 856 781 φοϐουμένη
892 713 983 764 τὸν
1011 711 1252 778 ἔλεγχον,
1295 709 1593 762 ἐσπούδασε
1623 708 1712 760 διὰ

115 805 228 857 τοῦ
256 804 577 873 φονευθῆναι
614 805 675 856 τὸ
724 804 980 873 γεννηθὲν
1011 804 1354 872 συγκαλύψαι
1399 801 1496 870 τὴν
1539 802 1711 873 ἁμαρ-

115 896 278 959 τίαν,
299 897 439 966 ﬂata!
461 895 763 966 θηριωδῶς,
780 895 947 966 ἦγουν
970 895 1422 964 ἀπανθρωπίνως,
1447 894 1716 964 ἐχρήσατο

112 988 208 1056 τῷ
236 987 508 1058 τεχθέντι,
532 987 778 1040 τουτέστι
823 988 964 1041 κατὰ
1007 986 1179 1054 θῆρας
1204 986 1589 1047 κατεσθίοντας
1619 986 1715 1046 τὰς

115 1080 488 1152 ἀνθρωπίνας
518 1082 747 1148 σάρκας.
800 1082 894 1134 καὶ
958 1081 1033 1148 μὴ
1096 1080 1452 1150 φειδομένους
1507 1080 1710 1138 αὐτῶν,

113 1173 232 1224 οὐκ
255 1173 460 1242 ἠλέησε
482 1164 662 1234 τοῦτο,
700 1172 905 1238 ὀφείλει
936 1171 1117 1224 δοῦναι
1160 1170 1356 1238 λόγους
1389 1173 1621 1239 φονέως.
1652 1173 1710 1224 Εἰ

115 1261 182 1314 δὲ
213 1261 378 1332 ἧθελε
406 1263 506 1329 μὲν
533 1265 843 1331 περισῶσαι
879 1264 942 1314 τὺ
977 1262 1196 1332 βρέφος,
1231 1264 1330 1315 οὐκ
1367 1263 1599 1333 ἐδυνήθη
1656 1264 1712 1316 δὲ

116 1354 220 1407 διὰ
253 1355 495 1424 ἐρημίαν
528 1356 621 1406 καὶ
648 1356 883 1424 ἀπορίαν
918 1356 1027 1408 τῶν
1048 1357 1384 1422 ἀναγκαίων,
1415 1355 1711 1408 κάντεῦθεν

119 1445 349 1516 ἐφθάρη
386 1445 565 1510 τοῦτο,
597 1447 930 1517 συγγνώμης
974 1447 1358 1516 ἀξιωθήσεται.
1445 1447 1599 1500 Ἐπεὶ
1653 1448 1707 1500 δὲ

116 1536 189 1588 ἐν
214 1536 294 1606 τῷ
323 1537 406 1604 λγ¹
446 1537 632 1590 κανόνι
662 1538 888 1607 εἴπομεν
913 1539 984 1600 ὡς
1024 1540 1055 1606 ή
1085 1541 1392 1607 γεννήσασα
1427 1538 1548 1591 καθ’
1573 1539 1707 1602 ὁδὸν,

117 1627 227 1678 καὶ
261 1625 502 1695 ἀμελῶς.
535 1628 566 1699 ἢ
598 1630 692 1681 καὶ
714 1627 945 1698 δολερῶς
971 1630 1060 1680 ἐπὶ
1085 1627 1162 1697 τῷ
1193 1629 1506 1698 γεννηθέντι
1534 1629 1708 1681 διατε-

117 1717 307 1784 Θεϊσα,
331 1718 407 1782 ὡς
425 1721 731 1788 φονεύσασα
753 1721 1036 1790 κρίνεται,1
1056 1721 1116 1773 ού
1149 1722 1308 1789 μόνον
1324 1721 1419 1774 ἐὰν
1443 1720 1705 1792 διεφθάρη

112 1813 187 1865 τὺ
215 1813 445 1879 κυηθὲν,
481 1815 618 1867 ἀλλὰ
641 1818 734 1867 καὶ
798 1815 893 1866 ἐὰν
933 1815 1022 1880 ὑφ’
1072 1815 1259 1884 ἑτέρου
1318 1811 1665 1884 ὲζωογονήθη
1689 1833 1700 1845 ·

114 1903 366 1972 λέγομεν
388 1906 550 1959 πάλιν
595 1907 675 1958 ὅτι
704 1907 800 1960 καὶ
831 1907 890 1971 ἐξ
925 1902 997 1958 ὢν
1036 1907 1132 1975 μὲν
1163 1907 1343 1959 ἐκεῖσε
1386 1907 1705 1976 ἐγράψαμεν

116 1997 468 2066 παρίσταται
495 1996 675 2058 τοῦτο,
722 2001 821 2067 οὐχ
853 1993 1016 2068 ἦττον
1047 1998 1104 2050 δὲ
1152 1999 1245 2051 καὶ
1275 1999 1382 2050 ἀπὸ
1412 1998 1504 2050 τοῦ
1563 2015 1706 2066 παρ-

113 2092 282 2150 όντος
311 2090 537 2151 κανόνος
593 2089 972 2157 ἀναφαίνεται.
1025 2089 1193 2142 Ἔνθα
1237 2089 1335 2157 μὲν
1385 2090 1495 2160 γὰρ
1538 2107 1705 2143 κατα-

118 2184 395 2252 φρόνησιν
425 2182 458 2251 ἢ
487 2181 639 2235 δόλον
665 2183 874 2250 είσάγει
905 2185 931 2236 ό
969 2182 1124 2249 ἅγιος
1166 2183 1264 2251 τῆς
1309 2184 1586 2248 γυναικὸς,
1640 2183 1700 2236 ού

115 2272 454 2343 προστίθησι
471 2271 765 2344 διαφθορὰν
789 2275 881 2327 τοῦ
899 2274 1264 2343 γεννηθέντος,
1282 2273 1418 2326 ἀλλά
1432 2292 1597 2343 φησιν
1623 2275 1700 2338 ὡς

121 2367 226 2417 ἐπὶ
262 2367 408 2434 φόνῳ
433 2365 715 2436 κρίνεσθαι
747 2366 848 2434 τὴν
897 2367 1130 2436 μητέρα.
1163 2367 1435 2429 τουτέστι,
1494 2366 1598 2420 κᾶν
1627 2368 1700 2436 μὴ

117 2456 365 2526 φονευθῇ
396 2456 457 2509 τδ
490 2457 716 2525 κυηθὲν,
761 2456 1194 2520 κατακρίνεσθαι
1227 2456 1435 2527 ταύτην
1485 2458 1571 2510 διὰ
1603 2457 1700 2526 τὴν

120 2547 308 2617 κακὴν
342 2547 619 2600 διάθεσινο
653 2547 1006 2616 φονευθέντος
1037 2547 1146 2618 γὰρ
1194 2546 1287 2600 τοῦ
1325 2548 1539 2601 παιδίου
1560 2548 1700 2601 κατὰ

116 2634 330 2704 δόλονῆ
363 2635 637 2705 ῥᾳθυμίαν
665 2636 902 2704 ἐκείνης,
937 2635 1165 2704 ἀμάχως
1205 2633 1437 2701 ὤφειλεν
1487 2636 1562 2696 ὡς
1607 2653 1702 2703 φο-

117 2727 351 2796 νεύτρια
401 2725 881 2789 καταδικάξεσθαι.
918 2725 1089 2778 Ὅταν
1137 2724 1193 2776 δὲ
1249 2723 1375 2777 οὔτε
1440 2727 1700 2792 ἀμέλειαν

117 2816 250 2872 οὔτε
278 2818 428 2870 δόλον
464 2817 731 2887 προϐῆναι
761 2819 861 2886 τῆς
919 2816 1151 2886 μητέρος
1189 2819 1344 2886 φησὶ,
1406 2817 1700 2870 κάντεῦθεν

114 2910 326 2977 ταύτην
354 2909 843 2976 συγγινώσκεσθαι,
866 2911 958 2962 καὶ
981 2908 1304 2976 προστίθησι
1330 2908 1697 2977 διαφθαρῆναι

116 3000 479 3071 τδ-γεννηθὲν
527 3001 637 3053 ἀπὸ
677 3001 937 3070 ἐρημίας,
991 3001 1022 3070 ἢ
1081 2999 1324 3068 ἀπορίας
1369 2998 1478 3050 τῶν
1527 3003 1692 3060 ἀναγ-

1825 529 1974 589 dicit,
2008 532 2149 595 quod
2201 531 2242 582 si
2284 547 2404 599 qum
2460 545 2523 583 ex
2592 530 2952 597 fornicatione
3012 533 3252 600 quidem,
3307 538 3385 590 vel

1821 619 2083 673 adulterio
2110 620 2246 673 clam
2278 623 2359 675 vel
2400 625 2667 689 concepit,
2701 623 2780 675 vel
2816 625 3040 687 peperit,
3086 636 3140 678 et
3184 625 3386 678 timens

1823 725 1887 762 ne
1912 713 2350 774 cnnviurerctur,
2390 717 2576 766 statuit
2629 729 2724 781 per
2756 716 2863 767 nati
2917 714 3060 769 fetus
3109 717 3381 770 interitum

1820 800 1996 853 celare
2019 814 2317 867 peccatum,
2355 804 2433 857 vel
2466 805 2627 857 etiam
2660 806 2911 866 belluine,
2940 821 3034 859 seu
3093 807 3383 861 inhumane

1817 894 1869 946 in
1914 893 2082 948 fetum
2113 909 2171 948 se
2191 897 2380 962 gessit,
2412 896 2514 950 hoc
2538 908 2624 951 est
2650 900 2818 949 inStar
2846 896 3079 949 ferarum
3107 913 3225 965 quae.
3263 914 3381 951 car-

1819 1001 1912 1038 nes
1950 987 2215 1041 humanas
2247 988 2534 1050 devorant,
2584 1000 2634 1041 et
2684 989 2762 1040 vis
2819 1005 2918 1040 non
2977 997 3219 1054 parcunt,
3266 988 3381 1052 ejus

1818 1092 1921 1130 non
1959 1078 2182 1132 miserta
2215 1089 2315 1141 est,
2354 1081 2512 1132 debet
2544 1080 2721 1132 instar
2749 1080 3027 1132 homicida:
3057 1080 3249 1146 puniri.
3284 1078 3376 1130 Sin

1816 1179 1992 1220 autem
2025 1169 2238 1222 volebat
2282 1171 2496 1235 quidem
2557 1170 2816 1223 infantem
2877 1184 3115 1231 servare,
3150 1171 3240 1224 sed
3274 1186 3373 1221 non

1815 1262 1987 1327 potuit
2025 1272 2241 1330 propter
2276 1262 2617 1316 solitudinem
2647 1272 2700 1316 et
2728 1278 2906 1314 rerum
2950 1263 3370 1314 necessariarum

1817 1353 2073 1420 inopiam,
2105 1363 2160 1405 et
2197 1368 2263 1406 eo
2289 1353 2488 1408 factum
2521 1366 2603 1407 est
2631 1365 2684 1404 ut
2736 1352 2999 1412 interiret,
3061 1352 3218 1418 digna
3277 1353 3377 1403 erit

1813 1447 1898 1498 cui
1939 1447 2267 1514 ignoscatur.
2327 1445 2432 1500 Sed
2470 1447 2593 1512 quia
2624 1446 2675 1498 in
2711 1460 2826 1498 can.
2853 1443 2923 1497 33
2952 1442 3202 1505 diximus,
3233 1446 3374 1510 quad

1812 1552 1932 1604 qua:
1970 1541 2020 1588 in
2050 1538 2134 1590 via
2174 1539 2402 1606 peperit,
2439 1547 2491 1592 et
2537 1539 2886 1607 negligenter,
2917 1536 2997 1589 vel
3032 1537 3192 1590 etiam
3225 1535 3369 1586 fran-

1813 1629 2059 1682 dulenter
2093 1628 2145 1682 in
2178 1629 2227 1683 id
2253 1631 2396 1698 quod
2451 1639 2634 1683 natum
2679 1640 2782 1692 est,
2833 1628 3020 1682 affecta
3049 1637 3151 1687 est,
3189 1638 3244 1678 nt
3278 1627 3370 1678 ho-

1814 1719 2006 1773 miclda
2029 1719 2321 1784 iudicatur,
2356 1736 2460 1773 non
2493 1720 2664 1772 solum
2700 1720 2744 1773 si
2788 1719 3153 1785 interiitquod
3186 1728 3366 1768 uatum

1813 1821 1916 1874 est,
1965 1812 2058 1866 sed
2114 1813 2274 1866 etiam
2317 1812 2358 1864 si
2420 1811 2486 1862 ab
2523 1811 2627 1862 alio
2671 1810 2955 1863 educatum
3009 1812 3097 1861 sit.
3163 1807 3372 1859 nlll'slts

1809 1917 2023 1972 quoque
2057 1905 2306 1966 dieiums,
2345 1905 2484 1969 quml
2519 1905 2682 1956 etiam
2709 1919 2771 1955 ex
2825 1903 2888 1952 iis
2938 1915 3055 1968 qua:
3096 1900 3200 1952 illic
3235 1899 3365 1949 scri-

1808 1995 2012 2062 psimus
2043 1994 2144 2048 hoc
2174 1995 2432 2063 probatur
2466 2012 2477 2044 :
2526 2009 2627 2046 non
2654 1995 2827 2044 minus
2854 2002 3032 2045 autent
3060 2001 3112 2044 et
3143 2004 3202 2042 ex
3237 2001 3368 2055 prm-

1807 2088 1942 2142 senti
1974 2101 2182 2139 canone
2226 2097 2466 2150 apparet.
2523 2084 2630 2137 Illic
2673 2085 2813 2138 enim
2865 2092 3084 2135 sanctus
3135 2080 3372 2132 mulieris

1813 2187 2202 2246 contemptum,
2230 2177 2314 2229 vel
2343 2175 2583 2228 fraudem
2609 2175 2813 2227 inducit
2849 2191 2858 2224 :
2895 2187 2996 2225 non
3021 2171 3167 2224 addit
3189 2179 3366 2221 autem

1811 2272 1949 2328 fetus
2001 2271 2296 2324 interitum.
2360 2268 2464 2322 Sed
2518 2267 2650 2320 dicit
2695 2275 2948 2332 tanquam
3021 2264 3090 2315 ob
3147 2261 3370 2314 homici-

1806 2365 1953 2418 dium
1983 2373 2208 2416 matrem
2255 2359 2630 2422 condemnari,
2664 2359 2765 2412 hoc
2799 2368 2881 2411 est
2929 2357 3088 2410 etiam
3143 2354 3186 2407 si
3229 2352 3369 2406 fetus

1807 2467 1911 2506 non
1941 2450 2102 2504 fuerit
2131 2449 2474 2508 interfectus.
2521 2447 2870 2502 condemnari
2918 2454 3096 2497 autem
3151 2451 3368 2508 propter

1806 2544 2001 2596 malam
2058 2542 2421 2595 affectionem.
2479 2540 2689 2594 Infante
2729 2537 2869 2591 enim
2935 2536 3072 2588 illius
3117 2533 3236 2586 dolo
3286 2531 3364 2583 vel

1803 2631 2049 2688 socordia
2075 2630 2372 2692 interfecto,
2406 2631 2631 2684 debebat
2657 2631 2771 2682 sine
2801 2625 3160 2689 controversia
3193 2635 3246 2672 ut
3272 2621 3366 2674 bo—

1803 2724 2000 2777 micida
2033 2723 2228 2790 puniri.
2263 2721 2489 2787 Quando
2524 2729 2700 2773 autem
2728 2733 2826 2771 nec
2858 2732 2951 2785 per
2982 2711 3362 2782 negligentiam

1805 2831 1903 2869 nec
1937 2829 2031 2883 per
2062 2813 2240 2867 dolum
2282 2812 2472 2865 matris
2507 2813 2557 2865 id
2589 2809 2848 2872 evenerit,
2879 2808 3006 2863 dicit
3042 2807 3113 2858 illi
3149 2818 3362 2873 quoque

1805 2907 2007 2973 ignosci
2040 2915 2316 2974 oportere,
2355 2915 2407 2957 et
2442 2903 2628 2970 adjicit
2659 2903 2822 2954 fetum
2862 2899 3081 2952 interire
3112 2912 3140 2949 a
3177 2897 3366 2949 Solitu-

1803 2996 1946 3060 dine,
1975 3002 2029 3048 et
2073 3010 2100 3046 a
2146 3009 2325 3048 rerum
2381 2993 2806 3046 necessariarum
2859 2987 3059 3057 inopia.
3119 2985 3174 3039 Si
3220 2986 3361 3038 enim

117 3097 320 3149 καίων.
351 3095 417 3147 Εἴ
440 3094 550 3164 γὰρ
587 3094 707 3163 ἔζη,
740 3093 835 3146 καὶ
875 3091 995 3144 οὐδὲ
1059 3091 1286 3160 ἀμέλεια
1344 3091 1548 3161 προέϐη
1603 3091 1698 3158 τῆς

1810 3087 2068 3149 vixisset,
2104 3099 2205 3138 nec
2252 3085 2443 3136 matris
2475 3082 2794 3150 negligentia
2827 3078 3184 3148 processisset
3235 3089 3364 3144 quo-

121 3185 390 3256 μητέρος,
427 3186 544 3247 πῶς
568 3185 634 3238 ἄν
679 3201 765 3246 τις
793 3185 923 3254 εἴπῃ
983 3183 1189 3252 ταύτην
1236 3182 1593 3247 εὐθύνεσθαις
1627 3181 1702 3236 Τὸ

119 3278 181 3331 δὲ
219 3277 499 3346 θηριωδῶς
531 3275 843 3342 διατεθῆναι
876 3274 974 3342 τὴν
1012 3274 1250 3343 μητέρα,
1280 3273 1509 3326 ὲκλαϐοῦ
1560 3273 1699 3325 κατὰ

119 3371 226 3436 τὴν
254 3368 537 3434 παροῦσαν
572 3364 894 3435 ἑρμηνείαν,
926 3362 1026 3418 καὶ
1062 3362 1158 3432 μὴ,
1197 3361 1273 3425 ὥς
1332 3381 1474 3426 τινες
1527 3359 1698 3428 εἷπον,

120 3460 268 3512 κατὰ
296 3460 393 3528 τὴν
421 3458 798 3528 μητροκομίαν
819 3456 931 3508 τῶν
966 3455 1192 3526 θηρίων.
1217 3456 1282 3508 Οί
1316 3455 1424 3524 γὰρ
1466 3454 1689 3515 πλείους

116 3553 230 3603 τῶν
257 3551 465 3622 θηρίων
483 3551 610 3612 τοὺς
652 3549 932 3617 σκύμνους
980 3545 1159 3599 αὐτῶν
1195 3546 1474 3615 ἐπιμελῶς
1517 3545 1701 3616 περιέ-

119 3659 311 3708 πουσι,
340 3643 435 3695 καὶ
465 3643 750 3710 τρέφουσι,
795 3640 889 3692 καὶ
942 3638 1122 3691 αὐτῶν
1186 3636 1696 3706 προκινδυνεύουσι,

119 3735 221 3786 καὶ
248 3734 307 3786 οῦ
343 3732 448 3802 χρὴ
473 3731 682 3794 τούτοις
713 3729 1211 3800 παραλληλίζεσθαι
1231 3733 1329 3791 τὰς
1359 3729 1581 3796 δολερᾶς
1604 3731 1701 3782 καὶ

121 3825 410 3894 ῥᾳθύμους
439 3824 702 3894 μητέρας.
742 3822 949 3875 Αὐτίκα
989 3823 1022 3892 ή
1054 3822 1241 3873 λέαινα
1292 3819 1549 3873 τοσοῦτον
1599 3820 1700 3889 κή-

117 3917 276 3968 δεται
305 3915 414 3966 τῶν
440 3913 695 3983 σκύμνων
724 3913 916 3981 αὐτῆς,
945 3912 1041 3976 ὡς,
1085 3909 1179 3962 τοῦ
1212 3909 1422 3978 φωλεοῦ
1482 3909 1700 3973 ἐξιοῦσα

119 4011 190 4059 τὰ
227 4008 350 4076 ἴχνη
386 4007 493 4059 τῶν
520 4006 698 4057 ποδῶν
741 4007 910 4072 αὐτῆς
957 4005 1045 4057 διὰ
1070 4002 1165 4055 τοῦ
1223 4003 1444 4071 οὐραίου
1506 4003 1700 4071 συγχέ-

118 4116 285 4160 ουσα,
316 4099 374 4148 οὑ
407 4099 730 4164 παραχωρεί
768 4095 1177 4162 ἐξιχνιασθῆναι
1239 4093 1330 4145 τὸν
1371 4093 1576 4160 φωλεὸν
1607 4093 1698 4144 αὑ-

120 4191 225 4258 τῆς
259 4190 361 4240 ὑπὸ
390 4185 678 4256 θηρευτοῦ,
721 4187 814 4238 καὶ
844 4186 1206 4253 ἀναιρεθῆναι
1237 4183 1304 4236 τὰ
1336 4184 1556 4251 ἔγγονα.

198 4280 444 4334 ΖΩΝΑΡ.
487 4280 620 4346 Περὶ
651 4280 748 4346 τῆς
785 4280 841 4330 ὲν
869 4270 972 4346 ὁδῷ
1024 4278 1292 4346 τέκούσης
1343 4279 1436 4329 καὶ
1496 4275 1701 4344 ἀμελη-

126 4373 302 4439 σάσης
335 4369 425 4421 τοῦ
449 4367 746 4437 κυηθέντος
775 4369 868 4421 καὶ
905 4370 964 4420 ἂν
984 4365 1063 4434 λγ¹
1126 4371 1312 4420 κανόνι
1367 4365 1648 4428 διετάξατο
1671 4367 1698 4415 ὀ

121 4466 304 4530 ἅγιος.
349 4459 458 4514 Νῦν
487 4462 544 4514 δὲ
576 4463 912 4531 σαφέστερον
955 4460 1306 4513 διατάττεται
1341 4458 1564 4528 φάσκων
1593 4458 1694 4516 ὅτι,

120 4557 175 4606 ει
208 4553 311 4621 μὲν
338 4535 629 4622 δυναμένη
669 4551 988 4620 ’περισῶσαι
1021 4551 1082 4602 τὸ
1109 4549 1390 4620 γεννηθὲν,
1425 4549 1698 4618 ἠμέλησεν

124 4642 297 4699 αὑτοῦ
329 4644 417 4697 διὰ
453 4643 797 4711 συγκαλύψαι
827 4645 926 4713 τὴν
972 4643 1268 4712 ἁμαρτίαν,
1339 4642 1403 4693 bc
1441 4639 1698 4710 πορνείας

123 4738 284 4796 ἴσως.
314 4733 348 4802 ἢ
390 4735 636 4802 μοιχείας
670 4733 1032 4794 συλλαϐοῦσα,
1083 4728 1117 4802 ἦ
1165 4733 1260 4784 καὶ
1312 4729 1698 4798 ἀπανθρώπως

123 4827 593 4895 καταφρονήσασα
625 4825 718 4877 τοῦ
742 4824 1026 4895 τεχθέντος
1078 4825 1172 4876 καὶ
1198 4822 1476 4892 θηριωδῶς
1496 4837 1512 4852 ο
1537 4820 1700 4889 ἐχρή-

126 4936 262 4972 σατο
287 4917 344 4970 δὲ
364 4920 429 4986 τῇ
458 4917 602 4981 λέξει
633 4917 756 4969 ἀντὶ
783 4915 875 4967 τοῦ
903 4914 1069 4982 ὠμῶς
1090 4915 1183 4966 καὶ
1218 4913 1462 4982 ἀπηνῶς.
1493 4913 1566 4965 Οὐ
1590 4913 1698 4978 γὰρ

124 5013 272 5065 οὕτω
309 5012 378 5063 τὰ
415 5010 577 5078 θηρία
609 5003 881 5071 ποιοῦσιν,
915 5007 1051 5058 ἀλλὰ
1084 5005 1336 5057 τίκτοντα
1388 5004 1517 5071 περὶ
1569 5003 1696 5062 τοὺς

127 5103 409 5171 σκύμνους
482 5101 756 5170 ἐπιμελῶς
817 5099 1177 5151 διατίθενται·
1220 5097 1313 5148 καὶ
1377 5096 1696 5165 περιέπουσι

126 5198 222 5247 καὶ
253 5194 516 5263 τρέφουσι
548 5194 614 5244 τὰ
643 5192 861 5260 ἔγγονα,
895 5191 989 5242 καὶ
1014 5187 1217 5241 τούτων
1248 5185 1698 5256 προκινδυνεύου-

128 5298 250 5335 σινο
291 5284 340 5335 εί
367 5285 464 5353 μὲν
494 5279 588 5335 οῦν
637 5281 798 5345 οὕτω,
844 5280 997 5348 φησὶ,
1048 5276 1422 5347 κατεφρόνησε
1471 5273 1565 5326 τοῦ
1607 5291 1698 5326 τε-

129 5374 378 5443 χθέντος,
407 5374 480 5437 ὼς
526 5375 834 5442 φονεύσασα
877 5368 1308 5441 κατακρινέσθω.
1341 5367 1401 5418 El
1439 5365 1494 5418 δὲ
1541 5365 1695 5434 ἤθελε

129 5468 236 5537 μὲν
257 5468 561 5545 περισῶσαι
586 5468 647 5520 τὸ
685 5467 908 5536 βρέφος,
939 5465 1039 5517 οὐκ
1084 5461 1320 5532 ἠδυνήθη
1372 5459 1435 5512 δὲ-
1464 5457 1528 5511 δι’
1572 5461 1699 5526 ἐρη-

130 5558 264 5626 μίαν
322 5559 417 5608 καὶ
472 5559 704 5626 απορίαν
758 5556 872 5609 τῶν
916 5557 1250 5622 ἀναγκαίων,
1307 5552 1464 5622 nata
1510 5551 1693 5619 φόϐον,

128 5649 262 5710 tate;
297 5648 799 5717 συγγνωσθήσεται.

1809 3178 1965 3230 modo
2001 3179 2122 3245 quis
2152 3192 2268 3230 eam
2323 3175 2712 3229 criminandam
2757 3185 2878 3226 esse
2930 3167 3182 3221 diceret?
3232 3165 3361 3219 Illud

1804 3277 2006 3332 autem,
2064 3280 2290 3322 matrem
2346 3267 2579 3320 helluine
2630 3264 2799 3324 allici,
2836 3264 3018 3329 accipe
3066 3261 3360 3314 secundum

1803 3369 2120 3422 praesentem
2167 3357 2690 3426 interpretationem.
2737 3365 2790 3408 et
2845 3367 2946 3405 non
3007 3361 3064 3402 ut
3114 3351 3362 3402 dicebant

1802 3450 1992 3516 aliqui,
2026 3450 2319 3504 secundum
2368 3449 2599 3501 ferarum
2632 3456 2930 3499 maternam
2964 3441 3359 3497 educationem.

1803 3541 2088 3595 Permulta:
2117 3544 2258 3594 enim
2294 3541 2419 3594 ferae
2454 3539 2624 3608 pullos
2675 3552 2800 3590 Suos
2829 3535 3115 3603 diligenter
3171 3541 3364 3584 curant

1803 3642 1856 3688 et
1886 3635 2138 3693 educant,
2167 3642 2222 3686 et
2253 3649 2350 3701 pro
2381 3633 2459 3685 eis
2493 3629 2734 3700 pericula
2778 3628 3033 3688 subeunt,
3086 3639 3182 3678 nec
3236 3632 3364 3674 sunt

1800 3724 1882 3778 eis
1927 3723 2264 3778 conferendae
2320 3723 2518 3776 dolosa:
2568 3731 2623 3775 et
2674 3719 2927 3774 socordes
2976 3725 3196 3769 matres.
3242 3710 3361 3767 1am

1802 3813 1944 3867 enim
1979 3814 2144 3867 leaena
2179 3823 2377 3866 tantam
2404 3828 2627 3867 suorum
2652 3811 2954 3864 catulorum
2989 3823 3174 3863 curam
3199 3808 3360 3875 gerit.

1803 3916 1860 3958 ut
1886 3917 2045 3960 antro
2072 3906 2451 3973 egrediens.et
2481 3907 2671 3973 pedum
2705 3916 2922 3957 suorum
2949 3899 3167 3965 vestigia
3191 3899 3361 3950 cauda

1799 3997 2158 4057 confundens,
2190 4013 2295 4049 non
2329 3997 2470 4048 sinat
2514 4007 2726 4046 antrum
2760 4007 2914 4046 suum
2971 3990 3282 4055 investigari
3331 4005 3364 4038 ιι

1801 4099 2078 4148 venatore,
2113 4098 2165 4142 et
2197 4087 2334 4139 fetus
2364 4102 2488 4140 suns
2520 4085 2775 4138 interimi.

1872 4263 2124 4320 ZONAR.
2162 4263 2235 4317 De
2265 4262 2514 4324 muliere,
2543 4274 2659 4328 qum
2687 4259 2739 4309 in
2779 4258 2859 4308 via
2901 4255 3127 4324 peperit,
3167 4253 3360 4307 fetum-

1803 4375 1908 4429 que
1934 4357 2186 4425 neglexit,
2221 4355 2493 4409 tricesimo
2543 4351 2700 4404 tertio
2747 4362 2961 4418 quoque
3019 4361 3222 4400 canone
3267 4349 3364 4397 de-

1803 4462 2007 4507 cretum
2036 4459 2253 4504 sanctus
2279 4448 2360 4500 vir
2393 4442 2767 4514 promulgavit.
2800 4441 2953 4494 Nunc
2977 4454 3104 4494 vero
3127 4437 3364 4504 apertius

1800 4545 2006 4609 deﬂuit,
2047 4543 2251 4604 dicens,
2281 4541 2545 4606 siquidem
2589 4553 2708 4588 eum
2750 4542 2953 4602 posset,
2989 4532 3038 4584 id
3073 4531 3212 4597 quod
3249 4531 3363 4584 edi-

1803 4649 1911 4689 tmn
1944 4645 2055 4690 erat
2086 4647 2326 4692 servare.
2362 4629 2488 4682 illud
2531 4626 2784 4696 reglexit,
2820 4634 2877 4677 ut
2908 4632 3186 4690 peccatum
3220 4622 3362 4675 rela.

1801 4733 1900 4786 ret,
1937 4722 2098 4794 (forte
2146 4733 2378 4788 namque
2418 4732 2482 4769 ex
2535 4714 2908 4776 fornicatione,
2956 4711 3040 4764 vel
3102 4711 3374 4763 adulterio

1799 4792 2142 4882 conceperat)
2173 4812 2253 4864 vel
2282 4792 2440 4864 etiam
2472 4816 2682 4876 partum
2704 4804 3065 4857 inhumaniter
3110 4813 3162 4856 et
3192 4801 3367 4854 ferino

1802 4921 1950 4962 more
1978 4903 2329 4971 contempsit;
2379 4915 2506 4954 usus
2535 4909 2618 4953 est
2661 4912 2823 4966 porro
2855 4897 2954 4949 hac
2987 4891 3234 4953 formula,
3265 4890 3369 4960 [fc-

1801 5001 1919 5054 rino
1941 4994 2112 5067 more]
2134 5005 2191 5048 ut
2211 4994 2584 5048 crudelitatem
2616 4989 2987 5054 saevitiamque
3011 4983 3362 5050 signiﬁcaret.

1800 5091 1906 5148 Nec
1937 5091 2078 5144 enim
2109 5087 2346 5142 ferarum
2374 5085 2472 5139 iste
2507 5097 2624 5137 mos
2645 5092 2750 5145 est,
2783 5081 2874 5134 sed
2907 5079 2994 5132 ubi
3040 5082 3366 5145 pepererunt

1799 5183 2143 5238 sedulitatem
2192 5181 2243 5232 in
2298 5177 2496 5231 catulis
2549 5175 2661 5227 suis
2730 5170 3032 5226 nutriendis
3086 5165 3358 5225 adhibent,

1798 5274 2088 5342 foventque
2114 5282 2169 5326 et
2186 5271 2337 5325 alunt
2360 5268 2528 5330 fetus,
2549 5281 2611 5342 ac
2631 5279 2726 5333 pro
2750 5265 2813 5316 ἱὶδ
2833 5259 3068 5331 pericula
3090 5256 3314 5311 subeunt
3345 5270 3356 5313 ξ

1798 5368 2062 5437 siquidem
2100 5364 2283 5434 igitur,
2317 5362 2392 5414 ait
2450 5360 2548 5413 hac
2579 5339 2791 5410 ratione
2832 5361 3045 5421 partum
3086 5360 3237 5400 suum
3265 5358 3362 5396 ne-

1798 5460 1987 5527 glexit,
2021 5466 2274 5525 tanquam
2305 5451 2580 5507 homicidii
2609 5463 2696 5503 rea
2726 5447 3028 5499 damnetur.
3059 5439 3151 5492 Sin
3183 5444 3362 5490 autem

1800 5551 1967 5605 voluit
1998 5549 2085 5602 illa
2131 5547 2345 5616 quidem
2403 5557 2621 5596 servare
2674 5538 2954 5596 infantem,
3001 5537 3362 5585 verumtamen

1801 5641 1938 5695 haud
1963 5637 2154 5708 potuit,
2194 5636 2336 5704 quod
2371 5635 2422 5686 in
2453 5631 2682 5685 desertis
2726 5627 2856 5680 locis
2899 5622 3259 5691 deprehensa.
3303 5633 3366 5670 ac

1803 5734 1964 5788 rebus
1992 5728 2310 5785 necessariis
2340 5727 2594 5781 desdtuta
2628 5730 2792 5784 esset,
2821 5727 2910 5772 aut
2936 5717 3001 5772 ob
3038 5726 3240 5769 metum
3270 5710 3367 5764 ati-

1808 5836 1988 5891 quem,
2021 5821 2160 5877 forte
2187 5823 2402 5888 impune
2433 5817 2586 5870 feret.
