3946 6342
618 305 730 370 ⁸143

1867 309 2144 370 TIIEOD.
2180 309 2574 368 DALSAMON

3752 333 3852 392 ’ἶέι

688 415 842 486 ιιι
872 413 1098 470 ARIST.
1129 412 1258 481 Quzc
1285 425 1500 484 propter
1523 417 1861 471 solitudinem
1889 432 1978 472 aut
2005 435 2161 472 rcruu

2376 419 2601 474 ΑΡΙΣΤ.
2647 422 2712 478 Ἦ
2737 415 3069 497 ’ἀμελήσασα
3103 431 3194 484 τοῦ
3233 434 3511 503 κυήματος
3533 437 3599 489 δι’
3640 441 3858 512 ἐρημίῃ

614 506 1045 562 necessariarum
1094 507 1327 575 inopiam
1405 506 1570 559 fctum
1638 509 1869 575 neglexit
1938 509 2184 564 criminis

609 614 805 668 expers
825 607 928 652 est.

1201 689 1285 745 CA
1296 690 1427 745 NON
1466 690 1594 745 LIII.

616 783 784 837 \‘idua
816 783 1004 838 ancilla
1039 786 1174 838 forte
1208 799 1312 836 non
1348 783 1574 837 multmu
1607 785 1756 850 lapsa
1781 794 1885 849 est,
1937 800 2054 854 qum
2082 786 2182 840 sub

687 887 870 942 raptus
903 877 1268 942 simulatione,
1299 879 1590 931 secundum
1628 877 2036 932 matrimonium
2080 879 2180 934 eli-

681 970 777 1036 git.
799 967 1154 1033 Quamobrem
1179 985 1297 1023 eam
1322 970 1388 1023 de
1410 969 1502 1023 illo
1524 985 1777 1024 accusare
1799 986 1900 1024 non
1929 982 2177 1039 oportet:

682 1075 855 1128 neque
906 1061 1052 1114 enim
1107 1060 1376 1115 simulatio
1431 1061 1724 1130 judicatur,
1780 1063 1872 1114 sed
1905 1061 2176 1115 voluntas.

683 1151 902 1204 Clarum
954 1161 1036 1206 est
1068 1161 1247 1205 autem
1297 1156 1437 1220 quod
1484 1152 1627 1205 illam
1667 1163 1849 1206 manet
1895 1167 2050 1220 poena
2098 1152 2180 1206 di-

676 1243 882 1307 gantite.

679 1331 871 1384 BALS.
907 1332 1134 1397 Ancilla,
1168 1333 1338 1396 inquit
1386 1341 1623 1396 sanctus,
1678 1333 1834 1384 vidua
1881 1344 1935 1386 et
1969 1341 2154 1387 volens

606 1424 818 1491 quidem
857 1425 1150 1476 secundum
1203 1425 1600 1476 matrimonium
1648 1423 1988 1485 contrahere,
2037 1423 2176 1478 forte

608 1525 786 1567 autem
835 1530 900 1566 ne
936 1515 1033 1567 hoc
1088 1514 1249 1567 faciat
1299 1514 1592 1576 retardata,
1641 1524 1918 1582 propterea
1966 1515 2108 1582 quod
2143 1531 2171 1567 a

606 1607 720 1659 suis
750 1607 874 1658 ﬁliis
897 1607 977 1659 vel
1006 1622 1032 1658 a
1056 1607 1244 1674 primis
1269 1605 1502 1674 conjugii
1528 1610 1772 1674 cognatis
1803 1608 2170 1673 damnaretur,

603 1706 659 1747 et
693 1704 974 1763 propterea
1033 1711 1091 1748 se
1136 1705 1342 1763 raptam
1389 1697 1554 1748 fuisse
1606 1711 1714 1764 prae
1758 1711 1815 1749 se
1866 1697 2043 1750 ferens
2078 1712 2173 1766 per

2290 509 2320 579 ἢ
2353 511 2590 583 ἀπορίαν
2619 515 2726 569 τῶν
2757 518 3078 589 ἐπιτηδείων
3110 524 3426 589 ἀνεύθυνος.

2871 697 3108 750 ΚΛΝΩΝ
3150 700 3274 754 NI".

2299 778 2360 834 'H
2393 783 2537 852 χήρα
2565 783 2725 856 δούλη
2756 789 2896 855 τάχα
2926 789 2984 839 οὐ
3018 790 3162 857 μέγα
3192 791 3450 846 ἔπταισεν
3480 793 3710 864 ἑλομένη
3736 797 3854 848 δεύ-

2353 888 2510 942 τερον
2561 875 2741 943 γάμον
2791 878 2848 927 ἐν
2898 879 3137 946 σχήματι
3184 881 3461 951 ἁρπαγῆς.
3492 885 3658 938 Ὥστε
3703 887 3851 939 οὐδὲν

2353 962 2546 1016 τούτου
2582 966 2768 1018 ἓνεκεν
2807 969 3158 1032 ὲγκαλεῖσθαι
3196 974 3324 1041 χρή.
3364 975 3438 1026 Οὐ
3480 978 3586 1044 γὰρ
3620 975 3690 1030 τὰ
3725 978 3854 1044 σχή-

2357 1073 2504 1125 ματα
2534 1059 2798 1126 κρίνεται,
2831 1060 2944 1112 ἀλλ’
2969 1065 3001 1130 ὴ
3037 1065 3374 1132 προαίρεσις.
3405 1068 3571 1135 Δῆλον
3598 1068 3656 1122 δὲ
3683 1070 3768 1122 ὅτι
3799 1070 3851 1120 :6

2355 1148 2453 1214 τῆς
2485 1148 2744 1217 διγαμίας
2779 1151 2931 1220 μένει
2963 1154 3100 1224 αὐτῇ
3134 1155 3431 1225 ἐπιτίμιον.

2354 1325 2639 1380 ΒΑΛΣ.Ἥ
2666 1328 2849 1399 δούλη,
2881 1332 3043 1398 φησῖν
3069 1334 3096 1385 6
3127 1333 3298 1399 ἆγιος,
3333 1335 3366 1404 ἠ
3396 1335 3730 1405 χηρεύσασα,
3767 1346 3851 1388 καὶ

2280 1415 2508 1470 θέλουσα
2541 1419 2640 1487 μὲν
2667 1421 3173 1490 δευτερογαμῆσαι,
3206 1425 3337 1488 ἴσως
3367 1427 3421 1479 δὲ
3456 1429 3849 1497 συστελλομένη

2277 1508 2434 1560 τοῦτο
2465 1509 2685 1576 ποιῆσαι
2713 1512 2799 1564 διὰ
2823 1513 2920 1582 τὴν
2947 1514 3050 1566 ἀπὸ
3076 1517 3181 1567 τῶν
3209 1517 3424 1569 οἰκείων
3454 1518 3673 1576 παίδων.
3703 1520 3735 1588 ἢ
3767 1524 3852 1571 καὶ

2277 1599 2384 1651 τῶν
2416 1602 2477 1653 ὲκ
2509 1602 2602 1654 τοῦ
2639 1605 2854 1671 πρώτου
2893 1607 3226 1658 συνοικεσίου
3263 1610 3541 1676 συγγενῶν
3574 1612 3851 1676 κατάγνω·

2280 1709 2382 1753 σιν,
2420 1693 2512 1746 καὶ
2549 1696 2990 1766 σχηματιζομένη
3032 1699 3121 1750 διὰ
3154 1699 3313 1752 τοῦτο
3355 1701 3667 1769 ἁρπαγῆναι
3706 1704 3848 1768 παρὰ

608 1788 842 1838 futurum
892 1787 1194 1854 conjugem.
1244 1787 1487 1839 accusari
1533 1803 1640 1840 non
1681 1795 1875 1853 potest,
1909 1788 2033 1856 quia
2065 1804 2163 1841 non

2277 1784 2368 1836 τοῦ
2405 1785 2802 1853 μελλοσυζύγου
2822 1829 2836 1853 ,
2865 1789 3247 1853 ἀκαταιτίατός
3273 1793 3390 1844 ἐστι
3413 1807 3428 1822 ·
3454 1793 3586 1845 διότι
3607 1794 3705 1845 οὐκ
3729 1795 3849 1859 άλτεο

603 1888 689 1932 est
725 1892 879 1930 verus
930 1888 1137 1945 raptus,
1166 1878 1258 1930 sed
1306 1879 1510 1932 velatus
1557 1880 1656 1932 sub
1712 1881 1931 1932 secundi
1983 1882 2174 1934 matri-

604 1970 774 2022 monii
835 1981 1114 2038 praetextu.
1177 1970 1414 2038 Equum
1473 1981 1557 2023 est
1609 1984 1789 2024 autem
1846 1975 2169 2028 neminema

604 2066 860 2126 praetextu
897 2075 986 2114 seu
1013 2060 1357 2114 simulatione
1382 2061 1646 2123 daumari,
1672 2066 1763 2116 sed
1788 2077 1852 2116 ex
1885 2064 2170 2117 affectione

603 2164 658 2204 et
683 2151 974 2209 voluntate.
1007 2153 1184 2216 Quare
1220 2153 1261 2205 si
1291 2167 1396 2204 non
1449 2155 1669 2206 suberat
1715 2156 1937 2208 secundi
1985 2157 2172 2209 matri-

606 2241 768 2294 monii
805 2248 959 2304 ratio,
1004 2245 1098 2295 sed
1134 2253 1355 2310 propter
1385 2243 1794 2298 fornicmionem
1850 2262 1909 2299 se
1963 2258 2166 2314 raptam

602 2347 724 2386 e~se
753 2333 1043 2394 Simulavit,
1080 2343 1136 2384 ut
1183 2351 1299 2401 qua!
1348 2335 1608 2386 fornicata
1643 2334 1712 2387 sit
1757 2338 2032 2401 puniatur.
2073 2336 2165 2388 Vi-

605 2429 764 2474 duam
806 2433 982 2475 autem
1017 2440 1080 2476 ne
1105 2425 1302 2476 dixerit
1326 2440 1446 2478 esse
1482 2437 1534 2476 et
1562 2427 1836 2487 ancillam,
1871 2427 1962 2479 sed
2004 2425 2168 2480 fuisse

602 2513 820 2579 quidem
857 2514 1143 2581 aliquando
1178 2516 1448 2578 ancillam,
1501 2532 1643 2569 nunc
1695 2526 1872 2569 autem
1916 2517 2164 2570 liberam.

603 2604 716 2669 Ipsa
748 2604 889 2654 enim
942 2613 1119 2669 potest
1157 2605 1385 2668 primum
1434 2614 1484 2658 et
1519 2605 1810 2657 secundum
1842 2607 2168 2660 contrahere

605 2693 1026 2755 matrimonium,
1086 2695 1307 2746 sednou
1369 2697 1582 2757 ancilla,
1637 2713 1753 2758 qua!
1813 2716 1840 2748 a
1899 2697 2013 2766 lege
2062 2714 2165 2752 non

604 2784 967 2850 cognmcitur,
1001 2792 1050 2835 et
1102 2798 1129 2834 a
1170 2784 1424 2849 legitimis
1466 2789 1855 2838 contractibus.
1904 2788 2165 2852 Quoniam

602 2883 780 2925 autem
816 2873 1074 2938 nonnulli,
1109 2889 1311 2926 ratione
1335 2876 1396 2923 ad
1433 2877 1677 2926 ancillam
1718 2879 1981 2939 traducto,
2017 2880 2165 2932 dixe-

604 2972 726 3013 runt
755 2963 894 3029 quod
922 2973 1041 3027 post
1076 2964 1383 3015 simulatum
1419 2976 1624 3030 raptum
1650 2966 1902 3020 dominus
1931 2970 2166 3022 secundo

603 3054 944 3104 matrimonio
976 3054 1180 3115 annuit,
1215 3063 1265 3103 et
1317 3055 1396 3105 sic
1442 3071 1653 3122 quoque
1703 3057 1930 3110 fortasse
1979 3058 2163 3111 existi-

2276 1875 2371 1942 θὴς
2406 1875 2626 1942 γέγονεν
2662 1877 2903 1948 ἁρπαγὴ,
2939 1881 3075 1933 ἀλλὰ
3113 1884 3561 1953 ἐσχηματισμένη
3599 1884 3686 1936 διὰ
3725 1887 3846 1954 πρό-

2275 1981 2436 2032 φασιν
2470 1966 2928 2036 δευτερογαμίας.
2963 1969 3182 2023 Δίκαιον
3218 1973 3274 2023 δέ
3315 1974 3429 2024 ἔστι
3475 1973 3548 2041 μὴ
3593 1975 3847 2040 κατακρί-

2274 2054 2464 2107 νεσθαι
2488 2072 2610 2109 τινα
2635 2057 2742 2108 ἀπὸ
2771 2060 3051 2128 σχήματος
3078 2062 3169 2112 καὶ
3199 2062 3558 2130 ὑποκρίσεως,
3586 2063 3722 2115 ἀλλὰ
3749 2065 3846 2113 ἀπο

2271 2147 2563 2210 διαθέσεως
2599 2149 2690 2200 καὶ
2725 2151 3119 2219 προαιρέσεως.
3146 2153 3310 2204 Ὥστε
3345 2154 3393 2205 εί
3429 2154 3504 2224 μὴ
3540 2156 3792 2206 ὑπέκειτο
3824 2157 3847 2202 6

2269 2236 2426 2303 λόγος
2459 2243 2557 2308 τῆς
2593 2240 3023 2313 δευτερογαμίας
3045 2286 3059 2308 ,
3096 2246 3231 2298 ἀλλὰ
3260 2247 3347 2299 διὰ
3384 2251 3637 2317 πορνείαν
3669 2249 3845 2318 cipita-

2270 2327 2433 2394 γῆναι
2470 2331 2906 2398 έσχηματὲσατο,
2940 2336 3013 2396 ὡς
3049 2337 3396 2402 πορνεύσασα
3445 2338 3512 2391 ἂν
3561 2340 3842 2405 ἐκολάσθη.

2270 2420 2380 2488 Τὴν
2410 2422 2586 2489 χήραν
2619 2422 2673 2472 δὲ
2706 2424 2780 2493 μὴ
2812 2426 2968 2494 εἴπῃς
3000 2424 3141 2478 εἶναι
3171 2430 3264 2479 καὶ
3295 2430 3490 2497 δούλην
3523 2471 3538 2491 ,
3568 2431 3705 2483 ἀλλὰ
3735 2433 3846 2483 δού-

2271 2510 2368 2577 λην
2399 2512 2498 2578 μὲν
2527 2508 2667 2563 εἷναί
2701 2531 2830 2566 ποτε
2851 2555 2865 2580 ,
2899 2515 3096 2583 ἀρτίως
3133 2519 3190 2570 δὲ
3223 2518 3533 2588 ἐλευθέραν.
3563 2521 3712 2590 Αὕτη
3746 2522 3843 2587 γὰρ

2269 2603 2492 2657 δύναται
2521 2607 2734 2675 πρῶτον
2757 2624 2815 2658 τε
2843 2609 2934 2659 καὶ
2957 2609 3211 2678 δεύτερον
3234 2612 3616 2665 συναλλάττειν
3639 2615 3810 2682 γάμον
3827 2630 3839 2642 °

2269 2697 2328 2746 ού
2375 2697 2479 2766 μὴν
2517 2699 2548 2766 ἡ
2589 2699 2748 2763 δούλη
2788 2701 2821 2770 ὴ
2857 2702 3277 2768 ἁνεπιγνὼστως
3311 2704 3386 2771 τῷ
3427 2707 3577 2774 νόμῳ
3617 2709 3708 2758 καὶ
3741 2710 3842 2767 τοτς

2269 2788 2525 2858 νομίμοις
2554 2791 3020 2861 συναλλάγμασιν.
3053 2793 3211 2848 Ἐπεὶ
3235 2796 3290 2847 δέ
3332 2813 3474 2859 τινες
3501 2799 3839 2869 ὲκλαεόμενοι

2268 2880 2357 2931 τὸν
2398 2883 2595 2934 κανόνα
2637 2886 2718 2947 εἰς
2755 2885 2950 2952 δούλην
2985 2882 3140 2938 εἷπον
3173 2889 3254 2939 ὄτι
3300 2889 3438 2956 μετὰ
3476 2892 3577 2957 τὴν
3611 2893 3841 2960 ἐσχημα-

2267 2972 2526 3036 τισμένην
2558 2976 2809 3043 ἁρπαγὴν
2839 2977 3096 3028 ἐπένευσε
3125 2979 3202 3046 τῷ
3239 2980 3474 3048 δευτέρῳ
3509 2983 3672 3050 γάμῳ
3707 2985 3734 3034 6
3766 2982 3839 3033 6:-

2269 3064 2468 3132 σπότης
2489 3105 2501 3123 ,
2530 3068 2623 3117 καὶ
2650 3066 2790 3118 οὕτω
2817 3067 2952 3136 τάχα
2981 3069 3234 3136 ἐνόμισαν
3256 3070 3353 3138 τὴν
3377 3074 3637 3139 πορνείαν
3657 3075 3838 3141 διαφυ-

603 3153 814 3196 inarunt
835 3144 1239 3197 fornicationem
1269 3145 1521 3214 ciTugcre,
1552 3159 1798 3214 tanquam
1825 3150 2162 3202 matrimonio

2275 3152 2407 3214 γεῖν,
2439 3151 2512 3212 ὡς
2543 3133 3001 3220 κυρωθέντος-τοῦ
3035 3133 3212 3224 γάμου
3242 3133 3331 3210 διά
3360 3133 3462 3226 τῆς
3493 3133 3837 3224 συναινέσεως

602 3247 699 3298 per
747 3233 947 3285 domini
1000 3250 1318 3286 (ouscusum
1374 3235 1711 3300 conﬁrmato,
1750 3239 1967 3291 audiant
2019 3241 2161 3307 quod

600 3323 853 3388 quoniam
892 3322 1121 3387 primum
1168 3327 1564 3378 matrimonium
1604 3326 1799 3380 factum
1832 3341 1913 3382 est
1962 3331 2167 3384 ancilla:

599 3427 720 3466 cum
749 3415 938 3473 libero,
973 3427 1098 3467 tum:
1127 3428 1301 3465 autem
1353 3420 1658 3470 necessario
1686 3437 1899 3487 quoque
1933 3436 2166 3475 causen-

600 3521 688 3556 sus
713 3506 916 3556 domini
952 3519 1272 3558 «eusecutus
1305 3520 1406 3567 est,
1442 3522 1517 3560 εει
1563 3526 2043 3576 supervacaneum,
2078 3517 2161 3567 vel

601 3595 775 3661 potius
807 3610 910 3647 non
940 3595 1355 3659 admittentium,
1390 3609 1442 3649 ul
1478 3611 1806 3665 supponatur
1853 3617 1968 3653 eam
2006 3605 2166 3658 inisse

600 3687 849 3737 ancillam
892 3697 1128 3748 tempore
1176 3689 1406 3741 simulati
1438 3701 1640 3752 raptus.
1690 3692 1729 3742 A
1793 3694 1965 3758 prium
2019 3697 2162 3748 enim

600 3779 960 3838 matrimonio,
989 3779 1123 3842 qttml
1153 3779 1352 3830 domini
1381 3796 1640 3832 COIISt'JISU
1693 3783 1888 3835 factum
1924 3795 2001 3835 est
2022 3825 2036 3847 ,
2064 3801 2161 3836 au-

598 3865 718 3918 t-illa
779 3867 937 3917 tacite
997 3867 1158 3918 libera
1214 3879 1314 3928 est,
1379 3885 1474 3921 nec
1534 3872 1764 3938 amplius
1819 3888 1948 3940 Opus
1982 3875 2164 3926 habuit

597 3973 859 4010 consensu
895 3958 1006 4022 ejus
1058 3960 1144 4026 qui
1200 3959 1298 4012 I'uit
1346 3960 1632 4028 aliquando
1674 3963 1941 4026 dominus,
1975 3966 2038 4018 ad
2072 3981 2160 4020 se-

598 4047 829 4098 cundum
868 4049 1288 4101 matrimonium.
1324 4049 1737 4118 Interrogaverit
1785 4066 1961 4107 autem
2009 4056 2164 4124 quis‘

602 4136 763 4200 piant,
814 4153 931 4189 cum
967 4139 1106 4202 leges
1131 4148 1180 4189 et
1217 4155 1467 4200 rationes,
1525 4144 1971 4207 quemadmodum
2022 4159 2160 4209 saepe

599 4228 799 4279 dictum
830 4237 933 4291 est,
971 4244 1072 4280 non
1107 4230 1417 4295 permittant
1451 4241 1507 4282 ut
1539 4244 1778 4295 raptores
1815 4235 1980 4300 raptis
2033 4237 2160 4302 legi-

598 4327 725 4377 time
754 4325 1146 4392 coniungantur
1172 4365 1185 4383 .
1218 4325 1424 4378 etiamsi
1454 4339 1728 4392 raptarum
1765 4330 2035 4382 voluntate
2067 4332 2158 4383 iiat

598 4425 799 4480 raptus,
829 4416 1094 4480 quomodo
1126 4415 1253 4466 dicit
1285 4431 1514 4482 praesens
1548 4433 1715 4469 canon
1743 4433 1772 4470 a
1807 4431 1957 4487 raptu
1991 4421 2156 4474 simu-

596 4507 704 4557 lato
737 4519 838 4557 n0n
871 4505 1112 4572 impediri
1147 4506 1437 4558 secundum
1471 4509 1892 4564 matrimonium.
1917 4510 2025 4564 Sol.
2061 4511 2158 4566 Hic

597 4605 780 4661 raptus
816 4611 842 4645 a
877 4596 990 4646 viro
1018 4595 1192 4648 factus
1244 4614 1346 4648 non
1400 4607 1503 4660 est,
1557 4614 1651 4652 nec
1699 4600 1800 4651 ulla
1837 4603 2000 4668 actio,
2043 4619 2160 4672 quae

595 4697 802 4750 raptqu
837 4690 1149 4750 constituat,
1180 4688 1273 4738 sed
1318 4687 1507 4741 mulier
1538 4703 1653 4755 qua;
1682 4690 1891 4743 volebat
1921 4695 2155 4747 secundo

596 4777 814 4836 nubere,
885 4792 940 4828 sc
989 4788 1190 4843 raptam
1225 4777 1388 4831 fuisse
1420 4781 1688 4832 simulavit
1717 4794 1931 4850 propter
1969 4799 2157 4839 causas

594 4866 764 4918 dictas
796 4867 1062 4933 superius.
1105 4867 1157 4918 Si
1197 4869 1336 4919 enim
1377 4881 1560 4936 raptus
1592 4874 1811 4924 omnino
1848 4874 2021 4930 factus
2050 4887 2154 4942 est,

595 4969 692 5006 nec
727 4955 1128 5006 matrimonium
1155 4957 1368 5022 quidem
1401 4961 1542 5010 inter
1575 4977 1666 5013 eos
1707 4962 2024 5030 interuedet,
2061 4967 2152 5018 sed

596 5057 887 5112 raptorum,
941 5055 992 5098 ct
1047 5044 1432 5100 fornicatcrum
1483 5052 1653 5116 poenis
1708 5056 1928 5108 omnino
1983 5058 2151 5125 subji-

591 5135 786 5186 t'icntu.

660 5223 909 5276 ZUNAR.
939 5227 1167 5289 Ancilla,
1191 5241 1308 5278 cum
1336 5228 1490 5281 vidua
1528 5243 1685 5298 esset,
1711 5250 1739 5286 a
1765 5238 1992 5303 quodam
2021 5237 2156 5291 forte

593 5315 804 5369 fortuna
840 5328 986 5385 rapta
1036 5316 1156 5370 fuit.
1193 5317 1264 5371 Ea
1309 5335 1431 5374 vero
1465 5337 1522 5376 sc.
1569 5337 1759 5392 Sponte
1797 5331 1991 5394 raptori
2038 5343 2147 5382 tra-

587 5407 742 5471 didit,
773 5418 828 5460 et
859 5424 976 5460 cum
1013 5422 1078 5462 eo
1110 5409 1344 5478 legitime
1393 5413 1741 5469 matrimonio
1773 5428 1853 5471 est
1883 5421 2148 5487 copulata.

587 5498 830 5551 Allirmat
863 5500 1022 5567 igitur
1058 5499 1143 5552 liic
1173 5517 1395 5569 magnus
1430 5503 1608 5571 Pater,
1642 5509 1905 5574 ejusmodi
1963 5511 2146 5564 mulie-

590 5601 699 5638 rem
736 5591 997 5644 secundas
1023 5593 1245 5660 elegisse
1278 5597 1510 5662 nuptias,
1559 5613 1651 5666 per
1701 5607 1879 5666 raptus
1923 5601 2148 5653 simula-

588 5676 809 5742 tionem,
845 5679 982 5732 huuc
1009 5695 1169 5747 porro
1203 5695 1412 5752 raptum
1449 5688 1594 5755 nupti
1619 5703 1752 5740 =rum
1789 5704 1946 5742 eausa
1987 5691 2152 5743 simu-

2268 3239 2356 3290 τοῦ
2386 3241 2643 3294 δεσπότου
2665 3260 2677 3272 ⁸
2707 3245 3096 3299 ἀκουσάτωσαν
3121 3249 3224 3312 ὅτι,
3252 3252 3372 3304 ἐπεὶ
3397 3253 3628 3321 πρώτως
3657 3256 3835 3320 γέγονε

2271 3330 2444 3396 γάμος
2467 3331 2562 3398 τῆς
2593 3331 2783 3395 δούλης
2816 3335 2949 3400 μετὰ
2979 3336 3283 3408 ἐλευθέρου,
3315 3342 3371 3408 ἐξ
3401 3344 3651 3412 ἀνάγκης
3676 3344 3728 3396 δὲ
3752 3361 3835 3412 τη-

2267 3419 2490 3470 νικαῦτα
2519 3422 2614 3472 καὶ
2641 3423 2944 3487 συναίνεσις
2969 3427 3062 3478 τοῦ
3088 3427 3347 3482 δεσπότου
3374 3433 3829 3503 παρηκιλούθησε,

2267 3513 2542 3578 περιττὸν,
2577 3513 2776 3580 μᾶλλον
2800 3515 2855 3566 δὲ
2883 3518 3193 3573 ἀνένδεκτόν
3221 3523 3337 3574 ἐστι
3367 3523 3426 3575 τὺ
3451 3524 3831 3596 θεματισθῆνοι

2267 3602 2407 3652 κατὰ
2435 3604 2523 3654 τὸν
2558 3604 2746 3669 καιρὸν
2776 3606 2872 3672 τῆς
2903 3609 3384 3682 ὲσχηματισμένης
3415 3617 3676 3686 ἁρπαγῆς
3705 3616 3830 3669 εἶναι

2264 3691 2431 3758 αὐτὴν
2477 3692 2688 3762 δούλην.
2726 3696 2856 3747 Ἀπὸ
2905 3697 3012 3769 γὰρ
3059 3700 3152 3752 τοῦ
3201 3705 3418 3770 πρώτου
3469 3707 3652 3775 γάμου
3704 3715 3830 3762 κατὰ

2268 3786 2571 3836 συναίνεσιν
2598 3786 2687 3837 τοῦ
2719 3788 2978 3841 δεσπότου
3011 3794 3301 3862 γενομένου
3331 3797 3682 3870 ἠλευθερώθη
3715 3819 3826 3853 σιωσ

2266 3875 2456 3944 πηρῶς
2485 3877 2515 3942 ἡ
2543 3876 2723 3946 δούλη,
2757 3880 2852 3931 καὶ
2877 3881 2976 3934 οὐκ
3003 3883 3178 3935 ἐδέετο
3209 3887 3567 3952 συναινέσεως
3589 3893 3685 3945 τοῦ
3715 3910 3828 3945 ποτε

2265 3963 2524 4014 δεσπότου
2575 3968 2666 4016 ἐπὶ
2719 3969 3137 4041 δευτερογαμίᾳ.
3184 3974 3487 4046 Ἐρωτήσει
3534 3980 3588 4031 δέ
3639 3999 3721 4043 τις
3765 3984 3829 4042 ὡς

2263 4055 2368 4107 τῶν
2401 4059 2582 4122 νόμων
2613 4060 2702 4110 καὶ
2733 4059 2837 4110 τῶν
2869 4065 3135 4126 κανόνων,
3171 4066 3348 4127 καθὼς
3384 4069 3657 4139 διαιέόρως
3689 4074 3828 4141 εἴρη-

2263 4165 2370 4209 ται,
2405 4151 2475 4217 μὴ
2505 4153 2982 4220 παραχωρούντων
3008 4159 3134 4218 τοὺς
3161 4157 3415 4227 ἅρπαγας
3442 4164 3692 4233 νομίμως
3720 4183 3830 4218 συν-

2264 4237 2532 4290 άπτεσθαι
2569 4246 2686 4303 ταῖς
2727 4245 3123 4311 ἁρπαγείσαις,
3160 4251 3262 4302 κᾶν
3297 4253 3439 4304 κατὰ
3482 4253 3703 4322 θέλησιν
3734 4257 3829 4306 τῶν

2266 4326 2616 4394 ἁρπχ-ίεισῶν
2653 4336 2681 4398 ἡ
2721 4335 2945 4404 ἁρπαγὴ
2981 4339 3190 4404 γέγονε,
3228 4341 3343 4402 πῶς
3377 4347 3402 4394 6
3439 4345 3628 4412 παρὼν
3665 4347 3827 4399 κανών

2265 4435 2427 4486 φησιν
2465 4423 2570 4472 ἀπὸ
2606 4425 2699 4489 τῆς
2738 4426 3220 4496 ἐσχηματισμένης
3257 4430 3515 4498 ἁρπαγῆς
3552 4436 3628 4503 μὴ
3669 4439 3827 4503 ἐμπο-

2263 4510 2503 4572 δίζεσθ;ι
2550 4515 2644 4583 τὴν
2689 4516 3155 4586 δευτερογαμίαν;
3203 4522 3416 4587 Λύσις.
3465 4524 3734 4579 Ἐνταῦθα
3775 4529 3825 4578 οὐ

2263 4605 2481 4670 γέγονεν
2521 4609 2742 4678 ἁρπαγὴ
2789 4612 2937 4679 παρὰ
2969 4613 3062 4664 τοῦ
3103 4613 3312 4682 ἀνδρὸς,
3353 4615 3474 4667 οὐδέ
3512 4636 3597 4680 τις
3643 4623 3826 4688 πρίξς

2261 4693 2357 4761 τὴν
2404 4695 2657 4766 ἁρπαγὴν
2704 4703 3096 4766 συγκροτοῦσα,
3145 4703 3280 4755 ἀλλὰ
3328 4706 3359 4773 ἡ
3407 4708 3564 4778 γυνὴ,
3610 4711 3824 4763 θέλουσα

2261 4787 2360 4850 τὴν
2388 4784 2837 4855 δευτερογαμίαν,
2873 4792 3276 4860 ὲσχηματίσατο
3306 4796 3405 4866 τὴν
3435 4799 3697 4868 ἁρπαγὴν
3747 4802 3823 4852 διὰ

2261 4875 2359 4934 τὰς
2403 4873 2619 4933 ἄνωθεν,
2646 4876 2900 4943 ῥηθείσας
2945 4879 3142 4944 αἰτίας.
3184 4883 3244 4934 Et
3290 4885 3398 4952 γὰρ
3438 4886 3574 4949 ὅλως
3616 4894 3826 4956 γέγονεν

2263 4961 2480 5026 ἁρπαγὴ
2511 4960 2629 5013 οὔτε
2661 4965 2839 5032 γάμος
2870 4967 2936 5018 ἂν
2968 4970 3193 5040 συνέστη
3241 4973 3405 5041 μέσον
3455 4975 3634 5026 αὐτῶν
3655 4990 3670 5005 ⁸
3703 4978 3824 5028 ἀλλὰ

2261 5053 2352 5100 καὶ
2380 5053 2487 5111 τοῖς
2521 5055 2647 5118 περὶ
2673 5056 2780 5107 τῶν
2810 5057 3167 5126 ἁρπαζόντων
3196 5063 3286 5114 καὶ
3319 5065 3692 5132 πορνευόντιινν
3719 5069 3782 5118 ἐπ
3804 5095 3824 5103 -

2257 5142 2454 5206 τιμίοις
2484 5143 2547 5194 ἂν
2579 5144 2866 5202 ὑπέπεσον.

2326 5232 2562 5286 ΖΩΝΛΡ.
2597 5237 2765 5306 Δούλη
2797 5241 3106 5309 χηρεύσασα
3136 5244 3358 5314 ἡρπάγη
3386 5245 3549 5313 δῆθεν
3579 5249 3729 5318 πα,ῖά
3755 5267 3822 5302 τι·

2259 5338 2342 5379 νος
2368 5339 2375 5348 ·
2407 5325 2437 5391 ἡ
2466 5326 2519 5376 δὲ
2547 5327 2748 5380 ἑκοῦσα
2774 5331 2971 5399 ἑαυτὴν
3000 5334 3238 5385 ἐπέδωκε
3263 5336 3340 5404 τῷ
3367 5337 3709 5404 ἁρπάσαντι,
3739 5342 3818 5390 καὶ

2258 5413 2573 5482 συνῴκησεν
2607 5418 2754 5487 αύτῴ
2790 5423 3051 5490 νομίμως.
3089 5425 3254 5491 Λέγει
3288 5421 3380 5478 οὖν
3410 5429 3438 5479 6
3475 5431 3646 5498 μέγας
3678 5425 3817 5491 οὗτος

2258 5505 2445 5575 Πατὴρ
2480 5508 2560 5558 ὅτι
2596 5508 2844 5578 δεύτερον
2878 5513 3047 5564 εἵλετο
3072 5515 3248 5580 γάμον
3280 5518 3311 5585 ή
3342 5519 3588 5590 τοιαύτη,
3617 5539 3817 5592 σχημα-

2256 5598 2519 5664 τισαμένη
2552 5599 2648 5667 τὴν
2679 5601 2933 5669 ἁρπαγὴν
2955 5619 2968 5632 ο
3002 5606 3091 5654 καὶ
3121 5607 3218 5674 τὴν
3251 5608 3504 5678 ἁρπαγὴν
3531 5612 3588 5662 δὲ
3622 5612 3708 5664 διά
3737 5611 3815 5660 τὸν

2256 5687 2431 5755 γάμον
2454 5691 2480 5738 ε
2494 5693 2886 5758 σχηματίσατο.
2922 5693 3192 5762 Κρίνομεν
3218 5697 3271 5748 δὲ
3301 5697 3358 5749 ού
3384 5699 3482 5769 τὴν
3509 5702 3812 5769 ὑπόκρισιν,
