3946 6342
170 390 278 451 745

1102 374 1186 435 ΙΝ
1226 370 1464 433 EPIST.
1510 368 1567 428 S.
1619 362 1899 426 BASILII
1938 361 2372 422 CANON.CA~.\I
2417 357 2533 418 III.

3312 352 3416 412 746

171 495 311 550 ἀλλὰ
333 495 431 566 τὴν
458 495 796 566 προαίρεσιν.
825 487 898 541 Οὐ
927 483 1035 556 γάρ
1063 484 1149 536 ἵνα
1178 481 1360 542 ἁπλῶς
1388 476 1586 548 μίξεως
1604 475 1750 566 ἀπο-

1885 487 2011 526 ιεεε.
2071 469 2372 524 lndicamus
2427 485 2589 534 vero,
2654 487 2756 523 non
2821 465 3267 530 simulationem,
3321 466 3414 518 scd

173 586 352 656 λαύσῃ
382 565 640 655 πορνικῆς
671 582 746 650 τῷ
774 578 928 648 ἀνδρὶ
960 574 1251 646 συνῆλθεν,
1282 571 1396 624 ἀλλ’
1421 567 1515 620 ἐπὶ
1547 565 1708 656 γάμῳ
1729 605 1744 627 ,

176 680 276 728 κα)⁸
309 655 494 728 λοιπὸν
522 676 580 727 οὐ
616 673 720 743 χρὴ
753 667 1100 738 ἐγκαλεῖσθαι
1133 665 1300 733 αὐτὴν
1329 660 1402 723 ὡς
1438 655 1746 726 πορνεύσα-

177 785 300 821 σαν.
340 768 411 819 Τὸ
445 765 502 819 δὲ
533 766 628 834 τῆς
663 761 923 830 διγαμίας
961 758 1234 826 ἐπιτίμιον
1269 753 1366 805 οὐκ
1401 748 1743 818 ἐκφεύξεται.

191 857 347 908 Ἐπεὶ
384 856 440 908 δέ
481 856 578 922 τὴν
619 851 877 919 τοιαύτην
919 848 1111 918 δούλην
1151 845 1433 913 ὠνόμασεν
1473 841 1501 892 6
1544 833 1746 900 κανὼν,

177 947 463 1015 νομιστέον
495 947 574 997 ὅτι
609 942 637 994 6
670 942 935 1011 δεσπότης
975 939 1146 1008 αὐτῆς
1189 936 1326 1006 μετά
1357 933 1454 1002 τὴν
1489 927 1749 999 ἁρπαγὴν

175 1036 277 1103 τὴν
307 1033 784 1102 ἐσχηματισμένην
815 1030 1076 1084 ἐπένευσε
1107 1027 1185 1095 τῷ
1218 1025 1399 1092 γάμῳ.
1432 1021 1493 1073 Εἰ
1528 1020 1636 1088 γὰρ
1673 1016 1748 1085 μὴ

175 1126 360 1182 τοῦτο,
390 1124 616 1193 πορνεία
642 1125 761 1174 ἐστὶ
788 1121 849 1174 τὸ
878 1120 1164 1190 γενόμενον
1191 1115 1330 1169 κατά
1356 1114 1445 1166 τὸν
1475 1117 1527 1181 μ’
1551 1107 1752 1163 κανόνα

175 1214 271 1266 τοῦ
304 1213 459 1280 ἁγίου
489 1212 676 1266 τούτου
711 1212 939 1282 Πατρός.

251 1470 476 1526 ΔΡΙΣΤ.
516 1471 590 1524 Οὐ
633 1469 778 1541 μέγα
813 1472 1056 1537 πταῖσμα
1090 1471 1156 1537 τῇ
1211 1469 1356 1537 γήρᾳ
1388 1465 1582 1534 δούλῃ,
1620 1464 1754 1532 πρὸς

176 1561 434 1630 δεύτερον
464 1562 640 1630 γάμον
677 1559 1034 1630 ἀρπαζομένῃ
1055 1574 1067 1589 ·
1103 1559 1166 1611 τὸ
1197 1558 1252 1609 δέ
1283 1558 1379 1625 τῆς
1413 1554 1670 1623 διγαμίας
1703 1552 1761 1604 τὸ

180 1653 460 1722 ἐπιτίμιον
489 1653 620 1719 ἕξει.

270 1743 490 1813 Ἐπειδὴ
519 1745 574 1796 αἰ
601 1743 786 1796 δοῦλαι
818 1743 947 1796 ἀνευ
979 1741 1206 1808 γνώμης
1229 1738 1338 1790 τῶν
1365 1735 1640 1789 δεσποτῶν
1668 1735 1762 1786 αὑ-

1849 563 2202 618 voluntariam
2252 561 2593 614 electionem.
2648 562 2765 616 Non
2829 561 2971 615 enim
3031 573 3091 613 ea
3146 557 3210 611 de
3251 571 3413 611 causa

1851 653 2192 707 solummodo
2227 659 2282 705 ut
2313 651 2605 706 fornicario
2636 652 2929 707 concubitu
2966 650 3255 713 frueretur,
3295 662 3413 701 cum

1850 743 1966 797 viro
1993 744 2266 808 convenit,
2311 743 2400 797 sed
2435 750 2491 796 ut
2519 741 2819 796 celebraret
2843 743 3075 810 nuptias,
3108 756 3169 794 ac
3197 739 3419 808 proinde

1852 831 1996 884 illam
2027 831 2187 884 veluti
2222 831 2568 885 fornicariam
2620 832 2860 884 accusari
2917 832 3137 883 minime
3186 835 3412 896 oportet.

1853 921 2109 993 Digamiaa
2159 938 2289 978 vero
2340 923 2564 978 multam
2614 937 2951 991 nequaquam
2997 920 3231 988 elTug'et.
3276 919 3420 983 ρηο-

1854 1015 1995 1069 niam
2025 1029 2151 1069 vero
2200 1014 2446 1069 ancillam
2490 1016 2629 1068 hanc
2684 1028 2854 1067 canon
2887 1013 3193 1082 appellavit,
3233 1009 3426 1064 existi-

1855 1118 2004 1159 mare
2040 1105 2296 1160 debemus
2340 1105 2506 1174 ipsius
2537 1105 2814 1158 dominum
2853 1112 2972 1172 post
3024 1112 3232 1171 raptum
3277 1099 3425 1152 illum

1856 1196 2190 1259 simulatum,
2225 1197 2422 1265 nuptiis
2457 1195 2732 1250 annuisse.
2758 1193 2892 1248 Nam
2923 1194 2966 1247 si
2997 1193 3047 1246 id
3074 1207 3178 1246 non
3215 1190 3426 1250 fecerit,

1859 1290 1962 1344 erit
1991 1304 2053 1343 ea
2093 1286 2342 1342 videlicet
2375 1287 2683 1351 fornicatio,
2725 1297 2778 1340 ut
2823 1285 3236 1355 quadragesimo
3269 1281 3430 1350 hujus

1861 1377 2036 1431 sancti
2070 1376 2244 1431 Patris
2274 1389 2479 1429 canone
2513 1376 2794 1430 sancitum
2830 1384 2933 1429 est.

1937 1467 2093 1535 112
2131 1464 2355 1519 ARIST.
2392 1464 2635 1533 Magnum
2668 1466 2870 1518 crimen
2901 1464 3107 1518 ancille
3150 1463 3319 1516 tilum
3366 1461 3431 1512 ad

1862 1558 2124 1610 secundas
2147 1555 2358 1623 nuptias
2390 1567 2554 1625 rapta:
2581 1571 2682 1610 non
2717 1556 2996 1610 inferatur.
3031 1553 3280 1622 Bigamia:
3308 1566 3435 1604 vero

1863 1659 2076 1712 poenam
2111 1644 2298 1697 solvet.

1938 1737 2386 1803 Quandoquidem
2438 1735 2642 1787 ancillze
2675 1734 2792 1788 sine
2825 1732 3162 1787 dominorum
3208 1746 3432 1786 suorum

179 1834 295 1887 τῶν
326 1834 709 1886 συναλλάσσειν
737 1834 912 1902 γάμον
940 1832 999 1884 οὺ
1030 1831 1280 1883 δύνανται
1300 1867 1315 1892 ,
1347 1830 1486 1880 κατά
1515 1827 1671 1878 τοῦτο
1697 1828 1756 1877 οὔ

1890 1829 2125 1880 enteutia
2191 1827 2404 1893 nuptias
2461 1823 2785 1879 contrahere
2871 1832 3179 1891 nequeunt,
3235 1822 3436 1878 idcirco

177 1925 332 1977 δοκεῖ
373 1925 516 1993 μέγα
559 1927 784 1976 πταῖσαι
826 1925 858 1992 ἠ
899 1922 1044 1992 χήρα
1084 1920 1242 1988 δούλη
1288 1917 1762 1988 σχηματισαμένη,

185 2015 296 2067 ὑπό
328 2032 470 2076 τινος
510 2015 860 2083 ἁρπαγεῖσα,
897 2014 987 2065 τὸν
1025 2012 1160 2082 πρὸς
1199 2012 1367 2079 αὐτὴν
1403 2009 1634 2078 ἑλομένη
1671 2010 1767 2074 γά-

187 2120 314 2174 μον.
346 2103 544 2156 Λοιπὸν
576 2102 695 2154 οὑδὲ
730 2103 796 2156 τά
831 2102 960 2172 περί
993 2102 1090 2169 τῆς
1125 2102 1380 2170 ἁρπαγῆς
1413 2098 1519 2151 τῶν
1553 2098 1768 2151 ἐλευθέ-

186 2206 302 2260 ρων
342 2190 620 2257 γυναικῶν
659 2189 745 2242 ἐπ’
771 2192 943 2260 αὐτῆς
987 2189 1171 2260 χώραν
1209 2190 1388 2254 ἕξουσι
1416 2205 1429 2218 ·
1470 2187 1622 2252 διότι,
1665 2187 1769 2239 κᾶν

186 2280 597 2350 ἐσχηματίσατο
628 2279 947 2349 ἁρπαγῆναι
971 2317 985 2342 ,
1018 2279 1153 2332 ἀλλὰ
1184 2280 1324 2332 κατὰ
1359 2277 1574 2346 θέλησιν
1602 2278 1770 2345 αὐτῆς

187 2369 526 2440 ἠκολούθησε
543 2386 555 2400 ο
583 2373 677 2423 καί⁵
699 2371 748 2424 οἰ
775 2371 997 2434 κανόνες
1022 2370 1084 2422 οὐ
1109 2370 1177 2422 τὰ
1205 2371 1481 2437 σχήματα,
1511 2368 1645 2420 ἀλλά
1670 2369 1769 2436 τὴν

189 2463 516 2531 προαίρεσιν
551 2462 847 2531 κρίνουσιν.
874 2461 1066 2514 Ἔσται
1100 2459 1194 2512 οῦν
1226 2461 1253 2512 6
1297 2459 1432 2529 πρὸς
1469 2459 1639 2528 αὐτὴν
1672 2459 1771 2524 γά-

197 2569 323 2620 μος,
354 2553 447 2604 ἐὰν
473 2551 567 2604 καὶ
598 2553 626 2603 6
654 2551 922 2620 δεσπότης
951 2550 1120 2618 αὐτῆς
1152 2553 1397 2618 συναινῇ,
1427 2548 1643 2619 βέϐαιος
1667 2566 1679 2579 ο
1713 2549 1772 2601 τὸ

199 2645 260 2697 δὲ
288 2644 394 2696 τῶν
420 2641 663 2712 διγάμων
693 2642 968 2711 ἐπιτίμιον
998 2638 1387 2708 ἐπιγνώσεται.

781 2731 1018 2787 ΚΑΝΩΝ
1055 2728 1180 2788 ΝΔ’.

196 2827 312 2890 Τὰς
340 2828 448 2881 τῶν
478 2825 747 2881 ἀκουσίων
779 2825 954 2894 φόνων
988 2823 1107 2896 (12)
1136 2823 1397 2893 διαφορὰς
1434 2824 1539 2895 πρὸ
1570 2825 1774 2895 χρόνων

273 2915 422 2981 οἶδα,
455 2919 765 2981 ἐπιστείλας
796 2921 863 2987 τῇ
899 2916 1182 2985 θεοσεϐείᾳ
1216 2931 1310 2969 σου
1331 2957 1346 2980 ,
1383 2917 1521 2969 κατά
1550 2918 1610 2970 τὸ
1640 2921 1777 2990 ἡμῖν

275 3009 530 3071 δυνατὸν,
561 3010 658 3061 καί
688 3007 849 3061 πλέον
879 3006 1106 3061 ἐκείνων
1131 3005 1287 3059 οὐδὲν
1319 2999 1493 3060 εἰπεῖν
1521 3007 1772 3077 δύναμαι.

275 3100 387 3166 Τῆς
409 3098 466 3151 δέ
491 3098 588 3167 σῆς
613 3098 878 3162 συνέσεώς
905 3098 1020 3151 ἐστι
1047 3097 1184 3151 κατά
1202 3096 1263 3150 τὸ
1289 3097 1484 3166 ἰδίωμα
1504 3098 1602 3168 τῆς
1626 3115 1781 3169 περι-

280 3190 519 3250 στάσεως
549 3189 839 3241 ἐπιτείνειν
867 3187 932 3240 τά
962 3186 1231 3254 ἐπιτίμια,
1263 3185 1296 3255 ἢ
1328 3185 1421 3238 καὶ
1452 3185 1684 3255 ὑφεῖναι.

277 3280 476 3332 ΒΑΛΣ.
511 3281 618 3332 Καὶ
650 3279 814 3331 πάλιν
843 3277 1100 3348 ἠρωτήθη
1133 3277 1162 3328 6
1195 3276 1352 3343 ἀγιος
1384 3275 1499 3338 πῶς
1531 3275 1779 3344 ὀφείλου-

209 3389 296 3425 σιν
333 3370 687 3438 ἐπιτιμᾶσθαι
727 3372 777 3421 οἰ
820 3368 1112 3430 ἀκουσίους
1155 3367 1350 3435 φόνους
1393 3367 1778 3436 ἐργασάμενοι.

208 3461 321 3514 Καὶ
351 3459 722 3528 ἀπελογήσατο
747 3458 828 3510 ὅτι
860 3457 1024 3510 [Ιλέον
1053 3449 1126 3508 ὧν
1155 3452 1305 3507 εἶπεν
1335 3456 1390 3506 ἐν
1419 3455 1496 3525 τῷ
1525 3453 1570 3524 η’
1598 3457 1782 3510 κανόνι

211 3553 341 3621 περὶ
375 3549 646 3604 ἀκουσίων
679 3549 885 3616 φόνων,
922 3548 1097 3597 είπείν
1130 3547 1190 3598 οὐ
1224 3545 1476 3614 δύναμαι.
1519 3546 1778 3599 Ἐνέδωκε

209 3643 266 3693 δὲ
308 3640 385 3708 τῷ
426 3639 792 3708 οἰκονομοῦντι
833 3637 923 3689 τὸν
964 3637 1362 3705 ἀμαρτήσαντα
1399 3636 1490 3688 τίιν
1529 3637 1782 3691 ἀκούσιον

211 3734 394 3798 φόνον,
430 3730 464 3798 ἢ
503 3729 688 3794 αῦξειν
727 3728 786 3780 τὸ
827 3728 1122 3796 ἐπιτίμιον,
1166 3727 1198 3797 ἢ
1247 3725 1498 3779 ἐλαττοῦν
1542 3729 1682 3781 κατὰ
1721 3728 1782 3782 τὸ

216 3823 412 3890 ἰδίωμα
435 3823 532 3889 τῆς
563 3819 952 3888 περιστάσεως,
982 3818 1152 3887 ἧγουν
1176 3817 1316 3872 κατά
1344 3819 1433 3871 τὸν
1460 3820 1661 3886 τρόπον
1687 3823 1782 3875 καὶ

212 3911 314 3981 τὴν
353 3912 528 3963 αἰτίαν
567 3911 659 3963 τοῦ
706 3911 890 3978 φόνου,
931 3910 1026 3963 καὶ
1070 3909 1210 3962 κατὰ
1249 3910 1350 3978 τὴν
1389 3910 1649 3978 ποιότητα
1687 3911 1780 3964 τοῦ

215 3998 576 4063 φονεύσαντος
628 3996 919 4068 προσώπου
972 4001 1067 4051 καὶ
1119 3999 1220 4069 τὴν
1268 3998 1529 4053 διάθεσιν.
1559 4000 1681 4054 Ὀτι
1723 4003 1785 4060 δὲ

215 4087 592 4153 πολυτρόπως,
628 4088 796 4156 ἡγουν
833 4089 960 4140 ποτέ
999 4087 1097 4156 μὲν
1139 4086 1366 4156 βαρέως,
1402 4089 1531 4141 ποτὲ
1568 4090 1624 4142 δὲ
1658 4091 1786 4144 ἐλα-

216 4176 375 4244 φρῶς
413 4175 724 4238 κολάζονται
759 4177 808 4229 οἱ
845 4177 1092 4229 ἀκούσιοι
1129 4176 1312 4244 φόνοι,
1346 4177 1504 4244 δῆλόν
1537 4180 1650 4230 ἐστι
1691 4179 1787 4232 καὶ

216 4266 330 4318 απὸ
374 4268 479 4318 τῶν
523 4268 788 4336 ὁσημέραι
839 4266 1279 4333 περιπιπτόντων
1321 4269 1785 4339 παραπτωμάτων

219 4360 300 4418 εἰς
330 4359 396 4410 τὰ
426 4357 600 4426 βρέφη
629 4359 696 4409 τὰ
723 4359 781 4408 ἐν
810 4358 927 4418 ταῖς
957 4357 1223 4422 ἀγκάλαις
1254 4357 1509 4420 πολλάκις
1540 4360 1646 4430 τῶν
1678 4378 1785 4430 μη-

1867 1917 2023 1969 vidua
2057 1930 2212 1969 serva
2261 1930 2366 1968 non
2420 1916 2646 1968 multum
2701 1915 2846 1983 lapsa
2884 1915 3118 1979 videtur,
3176 1916 3440 1970 simulans

1867 2017 1926 2057 se
1955 2003 2023 2056 ab
2053 2003 2234 2071 aliquo
2265 2005 2400 2071 rapi,
2440 2003 2786 2056 matrimonio
2817 2003 2864 2058 ei
2897 2003 3150 2074 conjungi
3193 2005 3437 2074 cupiens.

1867 2092 2038 2147 Porro
2085 2108 2181 2149 nec
2239 2108 2360 2162 qua:
2412 2095 2477 2146 ad
2536 2093 2824 2148 liberarum
2876 2095 3161 2147 mulierum
3229 2104 3437 2163 raptum

1871 2187 2159 2256 pertinent,
2204 2186 2254 2239 in
2287 2199 2348 2239 ea
2385 2186 2562 2255 locpm
2597 2185 2890 2249 habebunt,
2930 2187 3054 2254 quia
3102 2186 3349 2253 quamvis
3377 2202 3440 2239 se

1873 2279 1986 2348 rapi
2018 2279 2270 2343 simulat,
2305 2288 2483 2332 tamen
2535 2293 2628 2332 sua
2676 2277 2951 2332 voluntate
3002 2286 3186 2332 secuta
3230 2292 3333 2334 e31.
3371 2276 3437 2330 Et

1873 2384 2107 2424 canones
2141 2384 2244 2424 non
2270 2370 2516 2438 judicant
2537 2368 2927 2434 simulationes,
2963 2369 3054 2422 sed
3085 2367 3434 2424 voluntatem.

1874 2459 1989 2512 Erit
2025 2460 2202 2527 itaque
2235 2458 2639 2513 matrimonium
2670 2473 2794 2512 cum
2819 2473 2884 2512 ea
2920 2459 3135 2522 initum,
3176 2459 3220 2512 si
3268 2458 3445 2512 domi-

1874 2564 1974 2604 nus
2006 2550 2124 2619 ejus
2153 2550 2499 2614 assentimur,
2550 2551 2785 2616 ﬁrmum,
2822 2551 2914 2605 sed
2959 2550 3294 2620 digamorum
3324 2561 3444 2618 poe-

1876 2654 1999 2691 nam
2040 2637 2206 2693 dabit.

2461 2728 2685 2785 CANON
2728 2727 2865 2785 LIV.

1876 2820 1949 2875 De
1977 2819 2358 2876 involuntariis
2384 2821 2620 2877 caedibus
2663 2822 2778 2878 scio
2815 2835 2899 2875 me
2932 2829 3056 2875 ante
3086 2826 3188 2875 hoc
3223 2828 3435 2888 tempus

1948 2920 2053 2968 tute
2094 2914 2376 2982 scripsisse
2424 2912 2700 2968 sanctitati
2748 2926 2846 2981 pro
2882 2911 3088 2966 viribus
3133 2911 3355 2975 nostris,
3391 2919 3446 2964 et

1943 3004 2080 3060 nihil
2126 3005 2270 3060 ultra
2330 3005 2420 3060 illa
2473 3019 2689 3075 possunt
2722 3005 2948 3060 dicere:
2980 3013 3063 3060 est
3117 3011 3296 3060 autem
3341 3014 3448 3058 tute

1945 3095 2243 3166 prudentiae
2293 3111 2390 3164 pro
2419 3097 2842 3154 circumstantia:
2883 3096 3214 3167 proprietate
3256 3110 3447 3164 prunas

1949 3188 2228 3243 intendere
2252 3188 2334 3244 vel
2369 3189 2665 3245 remittere.

1949 3277 2147 3333 BALS.
2200 3277 2433 3335 Sanctus
2492 3295 2683 3335 rursus
2728 3281 2891 3334 etiam
2941 3279 3303 3352 interrogatus
3344 3294 3448 3347 est,

1881 3371 2152 3439 quomodo
2181 3371 2376 3426 debent
2407 3372 2584 3440 puniri
2614 3371 2706 3439 qui
2741 3371 2914 3425 caedes
2947 3372 3303 3427 involuntarie
3329 3390 3452 3445 per-

1883 3470 2117 3530 petrant,
2149 3469 2202 3514 et
2240 3461 2558 3529 respondit:
2589 3458 2717 3512 Plus
2771 3474 2931 3528 qnam
2988 3461 3097 3516 dixi
3154 3463 3208 3517 in
3263 3475 3450 3519 octavo

1883 3564 2112 3612 canone,
2145 3563 2248 3603 non
2277 3564 2491 3618 possum
2521 3550 2587 3604 de
2620 3549 2993 3606 involuntariis
3047 3554 3332 3610 homicidis
3363 3557 3448 3611 di-

1883 3654 2024 3694 cere.
2045 3639 2321 3694 Concessit
2338 3646 2517 3693 autem
2535 3641 2581 3694 ei
2604 3639 2761 3709 cujus
2785 3655 2978 3695 munus
2991 3651 3072 3696 cst
3087 3643 3158 3696 de
3181 3659 3245 3698 eo
3263 3647 3354 3715 qui
3379 3646 3454 3700 in-

1883 3729 2242 3783 Voluntarium
2269 3728 2618 3784 homicidium
2642 3731 2931 3792 commisit.
2953 3731 3211 3800 judicare,
3235 3749 3448 3805 poenam

1884 3820 1968 3875 vel
2015 3835 2230 3893 augere,
2286 3821 2368 3876 vel
2427 3821 2671 3876 minuere
2719 3824 3014 3878 secundum
3067 3826 3446 3894 proprietatem

1884 3910 2332 3972 circumstantiae.
2381 3924 2477 3965 seu
2533 3913 2830 3966 secundum
2887 3914 3102 3966 modum
3139 3924 3192 3969 ει
3233 3931 3451 3970 causam

1887 3999 2070 4061 caedis.
2105 4008 2158 4055 et
2184 4001 2485 4056 secundum
2515 4001 2835 4072 qualitatem
2865 4017 3109 4071 persona:
3133 4020 3248 4072 qua
3282 4009 3454 4062 inter-

1886 4090 2013 4146 fecit
2040 4091 2264 4161 ejusque
2289 4091 2650 4149 affectionem.
2683 4091 2833 4159 Quod
2863 4103 3046 4147 autem
3073 4095 3218 4150 varie
3247 4097 3454 4152 scilicet

1887 4182 2179 4250 aliquando
2211 4183 2426 4251 quidem
2486 4183 2721 4252 graviter
2748 4222 2763 4250 ,
2799 4183 3088 4253 aliquando
3136 4185 3324 4240 leviter
3351 4203 3454 4256 pu-

1887 4273 2110 4325 niuntur
2142 4272 2319 4327 caedes
2348 4273 2743 4338 involuntariae,
2774 4273 2978 4331 clarum
3027 4285 3105 4330 est
3134 4291 3196 4330 ex
3237 4277 3302 4331 iis
3331 4293 3450 4347 qme

1888 4362 2127 4432 quotidie
2172 4363 2424 4418 accidunt
2451 4364 2595 4418 circa
2649 4364 2901 4428 infantes,
2939 4381 3058 4432 qua:
3114 4368 3164 4418 in
3218 4376 3452 4422 matrum

217 4451 394 4518 τὲρων
423 4448 849 4518 ἀποθνήσκοντα.
881 4449 938 4500 Εἰ
973 4436 1069 4517 μὲν
1100 4450 1207 4517 γὰρ
1239 4450 1343 4501 ἀπὸ
1378 4451 1545 4519 μέθης
1576 4450 1773 4520 βαρέως

1891 4453 2031 4507 ulnis
2076 4467 2218 4522 saepe
2260 4454 2580 4507 moriuntur.
2611 4452 2666 4507 Si
2703 4455 2846 4508 enim
2877 4469 2939 4509 ex
2978 4456 3242 4511 ebrietate
3276 4468 3450 4512 mater

220 4537 516 4590 ὑπνώσασα
551 4540 583 4607 ὴ
623 4540 824 4607 μήτηρ,
858 4540 950 4590 καὶ
982 4539 1042 4590 τὸ
1079 4537 1279 4606 βρέφος
1313 4539 1654 4610 ἀτημέλητον
1687 4559 1785 4594 κα-

219 4628 544 4697 ταλείψασα,
573 4629 738 4681 ἔδωκε
764 4629 863 4699 τὴν
892 4629 1067 4682 αἰτίαν
1096 4628 1185 4681 τοῦ
1215 4629 1394 4696 φόνου,
1426 4630 1638 4700 πικρῶς
1669 4634 1788 4684 ἐπι-

1893 4545 2039 4612 gravi
2077 4559 2266 4599 somno
2295 4544 2512 4607 aﬂecta,
2547 4546 2736 4602 relicto
2781 4547 3026 4602 incurato
3069 4549 3279 4604 infante
3307 4551 3450 4604 dedit

1894 4649 2114 4690 causam
2149 4637 2330 4702 credis,
2360 4637 2554 4692 acerbe
2583 4639 2854 4707 punietur.
2886 4635 2982 4694 Sin
3016 4651 3192 4694 autem
3217 4657 3280 4695 ex
3320 4641 3455 4694 mala

1445 4787 1636 4849 Guill.
1684 4791 2012 4873 Beveregii
2049 4802 2232 4857 notas.

303 4915 415 4986 (ιε)
478 4915 613 4986 rec,
648 4915 766 4986 τιῖιν
790 4914 1110 4986 κάκομσίων
1158 4913 1380 4986 φόνων.
1408 4983 1415 4986 _
1447 4912 1784 4971 Scltoliastes

228 4983 641 5050 Ila'rntenopuli.
687 4984 810 5035 Ἑπὶ
861 4984 950 5052 τοῦ
1005 4983 1574 5052 πατριάρχουᾉΛουκᾶ
1627 5001 1786 5052 στρα-

230 5055 404 5124 τιώτῃ
437 5056 564 5117 τινἰ,
607 5055 765 5118 φόνον
818 5050 1078 5124 ἑκούσιονΔ
1104 5050 1448 5124 πεποιηκότι,
1475 5050 1776 5124 ἐπίσκοπος

231 5141 314 5184 τις
345 5120 438 5173 ἐπὶ
471 5123 672 5190 μετρίῳ
701 5124 837 5172 πάνυ
868 5120 1046 5188 καιρῷ
1065 5121 1355 5189 ἐγγραφὼς
1379 5123 1479 5188 τὴν
1506 5122 1777 5173 ἀθύνωσιν

235 5193 354 5260 (sic)
380 5191 598 5242 δέδωκε.
635 5191 742 5243 Καὶ
775 5190 1169 5260 ἐγκαλούμενος
1205 5193 1357 5260 ποιρά
1381 5193 1444 5258 τῇ
1478 5190 1678 5258 συνόδῳ
1695 5193 1784 5242 τὸν

240 5258 438 5312 κανονα
485 5260 819 5324 προέτεινεν,
861 5259 917 5319 ὃς
968 5261 1084 5327 τοῖς
1135 5258 1448 5319 ἐπισκόποις
1499 5261 1785 5327 ἐπιτρέπει

236 5333 334 5394 τὴν
366 5328 609 5390 ἐξουσίαν
646 5328 678 5396 ἢ
717 5330 920 5379 ἀνεῖναι
950 5325 982 5396 ἢ
1023 5329 1284 5378 ἐπιτεῖναι
1316 5329 1426 5388 τοῖς
1452 5325 1774 5393 μετανοοῦσι

238 5400 307 5449 τὰ
368 5397 632 5463 ἐπιτίμια.
684 5397 822 5447 Ἀλλ’
867 5396 1128 5465 ἤκουσεν,
1165 5397 1245 5447 ὃτι
1287 5398 1398 5457 τοίς
1441 5398 1786 5465 ἀρχιερεῦσιν

175 5483 178 5487 ’
241 5465 396 5532 ἐδόθη
417 5465 510 5532 μέν
548 5465 727 5534 τοῦτο,
769 5465 830 5516 οὑ
875 5463 978 5534 μὴν
1018 5463 1353 5533 ἀνεξετάστῳ
1386 5463 1491 5517 και
1515 5463 1788 5534 υπερὸαλο

240 5536 406 5605 λοόσῃ
434 5533 665 5605 χρῆσθαι
697 5533 1136 5605 συγκαταδὰσεις
1176 5535 1298 5585 ὅθεν
1350 5535 1440 5584 τὸν
1475 5536 1574 5603 μὲν
1623 5533 1785 5605 στρα-

243 5602 445 5668 τιώτην
491 5604 522 5658 ἡ
571 5603 784 5662 σύνοδος
829 5605 939 5662 τοῖς
968 5604 1030 5654 ἐκ
1058 5602 1164 5653 τῶν
1205 5605 1445 5653 κανόνων
1479 5602 1783 5670 ἐπιτιμίοις

245 5672 606 5732 καθυπέδαλε,
631 5675 720 5722 τὴν
748 5673 803 5722 δέ
835 5671 1094 5739 ἀρχιερέα
1140 5671 1292 5741 δίκας
1321 5673 1568 5741 ἀπῄτησε
1604 5681 1699 5741 τὴν
1728 5678 1782 5725 ἐν

245 5742 526 5812 τρισμήνῳ
564 5741 738 5810 καιρῷ
796 5742 892 5808 τῆς
955 5740 1294 5808 λειτουργίας
1335 5740 1782 5810 uiolant/{Sub

590 5838 854 5893 I'ATROL.
904 5837 1016 5894 (in.
1061 5836 1155 5896 CX
1175 5832 1441 5894 XXVIII.

1887 4917 2030 4971 Luca
2054 4920 2363 4987 patriarcha
2393 4919 2548 4973 militi
2575 4921 2813 4985 cuidam,
2846 4923 2934 4989 qui
2977 4919 3167 4974 cmdem
3214 4927 3457 4974 uolunta.

1887 4990 2023 5040 riam
2049 4993 2403 5046 commiserat.
2424 4991 2694 5056 episcOpus
2720 4993 2935 5058 quidam
2956 4991 3096 5042 intra
3117 4993 3455 5058 perexiguum

1889 5068 2092 5118 tempus
2132 5059 2515 5110 absolutionem
2575 5075 2665 5124 per
2708 5065 3026 5125 scripturum
3087 5071 3456 5123 concesserat;

1885 5138 1933 5178 et
1966 5143 2084 5197 cum
2116 5137 2457 5180 accusaretur
2477 5129 2617 5195 apud
2645 5130 2924 5196 synodum,
2945 5143 3194 5180 cntionem
3229 5144 3454 5197 praeten-

1887 5196 2042 5248 debat
2080 5199 2169 5264 (μή
2207 5198 2565 5264 penitentiam
2608 5201 2882 5265 agentibus
2923 5214 3102 5264 partas
3153 5203 3229 5250 vel
3273 5200 3456 5251 remit-

1889 5267 2028 5318 tendi
2085 5269 2159 5317 vel
2220 5267 2448 5332 augendi
2497 5277 2803 5333 potestatem
2851 5268 3245 5333 datepisccpis.
3279 5268 3383 5321 Sed
3407 5269 3457 5321 ei

1898 5350 2202 5398 responsum
2251 5337 2374 5400 fuit,
2422 5350 2722 5390 concessum
2754 5339 2806 5388 id
2844 5338 3052 5403 quidem
3099 5336 3454 5404 pontiﬁcibus,

1897 5421 1997 5457 non
2026 5414 2198 5456 tamen
2239 5414 2295 5456 ut
2326 5407 2460 5456 citra
2492 5408 2907 5467 explorationem
2950 5417 2997 5459 et
3036 5407 3200 5458 nimia
3235 5409 3455 5458 commi-

1896 5475 2157 5526 seratione
2203 5487 2494 5526 uterentur.
2517 5475 2696 5538 Quare
2731 5476 2948 5528 militem
2977 5479 3207 5544 synodus
3239 5477 3457 5527 canoni-

1894 5547 1967 5596 cis
1999 5545 2159 5609 paruis
2186 5544 2428 5611 subjecit,
2452 5555 2500 5596 et
2532 5545 2830 5612 pontiﬁcem
2868 5543 3069 5614 quoque
3096 5546 3354 5607 multauit,
3387 5543 3455 5596 ad

1895 5623 1996 5665 tres
2034 5628 2230 5664 menses
2269 5630 2300 5664 a
2334 5614 2622 5684 ministerio
2648 5618 2904 5669 abstinere
2930 5616 3166 5684 jussum.
3195 5617 3449 5668 llarmen.

1893 5686 2021 5748 epit.
2061 5697 2184 5736 can.
2225 5692 2360 5736 Sect.
2391 5683 2442 5746 5,
2480 5684 2564 5741 tit.
2595 5684 2646 5738 ὅ.

3026 5837 3100 5898 24
