3946 6342
540 368 559 384 γ.

540 368 559 384 μ

490 362 589 422 Ἶρι

1767 364 2040 424 ΤΗΕΟΙ).
2077 363 2160 422 ΒΑ
2172 366 2472 427 LSAMON

3653 375 3777 439 752

560 473 785 526 AitiS'l‘.
817 472 912 535 Qui
966 485 1019 524 se
1070 470 1372 522 latronibus
1412 470 1666 523 adversos
1689 470 1971 537 objiciunt,
2015 471 2052 524 si

2236 474 2459 529 ΑΡΙΣΤ.
2499 475 2559 528 Ol
2593 474 2710 536 τοῖς
2742 474 2964 545 λῃσταῖς
3022 475 3452 545 ἀντεπεξιόντες,
3486 481 3602 547 ἔξω
3656 485 3776 553 μὲν

495 569 602 619 sint
655 567 867 634 quidem
931 561 1462 624 extraEcrlt-siam,
1515 564 1636 614 boni
1686 563 2052 616 ronununione

2191 582 2318 628 ιντες
2341 567 2439 638 τῆς
2466 567 2776 635 κοινωνίας,
2803 567 3085 638 εἴργονται
3107 569 3200 624 τοῦ
3227 572 3456 640 ἀγαθοῦ·
3483 577 3776 647 κληρικοὶ

488 669 755 717 arcentur,
817 655 996 707 clerici
1031 669 1157 706 vero
1187 653 1349 722 gradu
1401 654 1760 720 deponuntur.

562 748 786 809 Quando
817 744 1032 811 quidem
1076 742 1225 810 juxta
1266 741 1600 794 Dominicam
1647 756 1833 795 vocem
1878 741 2059 796 Omnis

483 843 568 904 qui
608 837 840 905 gladium
875 837 1068 902 accepit
1104 835 1279 903 gladio
1341 835 1524 900 perin
1550 849 1566 885 :
1590 834 1754 911 etqni
1785 848 1846 890 se
1893 835 2059 887 latro-

486 931 644 981 nibus
680 928 939 979 adversos
967 925 1250 992 objiciunt,
1300 938 1501 990 eosque
1550 924 1830 987 occidunt,
1867 937 2055 992 pmnas

483 1021 653 1072 luent.
699 1018 754 1070 Si
803 1017 921 1071 laici
949 1017 1164 1084 quidem
1216 1015 1346 1080 sint,
1399 1014 1697 1067 divinorum
1743 1028 2053 1069 sacramen-

486 1124 661 1164 torum
695 1109 986 1180 participes
1010 1121 1114 1160 non
1150 1115 1336 1164 eruat,
1366 1105 1409 1160 si
1449 1105 1631 1159 clerici
1662 1115 1859 1171 autem,
1891 1107 2054 1174 depo-

486 1211 703 1256 nentur.

1045 1286 1272 1344 CANON
1328 1287 1464 1343 LVI.

481 1383 580 1449 Qui
621 1397 713 1437 sua
744 1392 934 1452 sponte
963 1381 1252 1443 interfecit,
1296 1391 1348 1435 et
1374 1390 1556 1449 postea
1598 1381 1918 1450 ptenitentia
1951 1381 2052 1435 dn-

549 1485 668 1528 ctns
693 1482 799 1537 est,
829 1473 1015 1543 viginti
1069 1473 1225 1526 annis
1265 1481 1610 1525 sacramento
1662 1487 1767 1526 non
1809 1487 2052 1526 comunt-

548 1564 768 1618 nicabit.
805 1562 1000 1632 Viginti
1047 1572 1226 1617 autem
1267 1562 1393 1615 anni
1440 1564 1518 1616 sic
1567 1564 1618 1616 in
1672 1578 1739 1617 eo
1777 1563 2053 1632 dispensa-

550 1658 768 1709 bnntur.
809 1654 972 1707 Debet
1007 1663 1240 1722 quatuor
1281 1654 1440 1708 annis
1471 1654 1664 1708 deflere
1701 1664 1854 1709 stans
1899 1663 2050 1708 extra

547 1746 690 1801 fores
739 1745 983 1806 oratorii,
1019 1755 1070 1799 et
1107 1743 1290 1798 fideles
1333 1745 1697 1813 ingredientes
1745 1761 1945 1815 rogans
1989 1754 2047 1798 nt

552 1854 651 1906 pro
679 1853 742 1892 eo
771 1847 1080 1905 precentur,
1107 1851 1260 1890 suam
1313 1836 1648 1904 iniquitatem
1677 1837 2051 1906 pronuntians.

550 1928 676 1982 Post
700 1938 894 1997 quater
928 1938 1103 1981 autem
1130 1941 1300 1980 annos
1349 1926 1489 1980 inter
1522 1925 1793 1981 auditores
1826 1927 2054 1994 recipie-

549 2030 653 2086 tur,
680 2030 733 2074 et
765 2022 1003 2089 quinque
1044 2020 1200 2072 annis
1224 2035 1345 2073 cum
1385 2019 1515 2086 ipsis
1552 2019 1861 2088 egredietur
1897 2035 1910 2071 :
1968 2033 2052 2073 se-

547 2121 691 2180 ptem
745 2122 921 2166 autern
967 2112 1124 2164 annis
1149 2111 1470 2179 cumiisqui
1533 2111 1584 2164 in
1646 2111 2048 2176 substratione,

543 2213 699 2258 orant
725 2241 740 2264 ,
796 2203 1124 2271 egredietur.
1157 2204 1214 2254 In
1249 2213 1450 2269 quator
1488 2203 1642 2256 annis
1674 2202 1844 2255 solum
1865 2203 2048 2268 stabit,

545 2310 668 2348 cum
700 2293 997 2357 fidelibus,
1038 2292 1129 2347 sed
1162 2308 1264 2347 non
1296 2296 1398 2347 erit
1422 2293 1709 2347 oblationis
1758 2296 2047 2363 particeps.

549 2388 618 2440 iis
649 2397 822 2440 autem
852 2385 1096 2456 expletis,
1125 2386 1229 2439 erit
1267 2396 1729 2440 sacramentorum
1753 2386 2048 2455 particeps.

1055 2475 1279 2532 CANON
1320 2475 1473 2531 LVII.

482 2568 582 2634 Qui
608 2581 712 2621 non
743 2567 1363 2634 volnntarieinterfeeit,
1403 2569 1647 2624 undecim
1673 2571 1831 2625 annis
1865 2584 2052 2625 sacra-

549 2663 742 2715 mentis
785 2675 888 2715 non
933 2661 1371 2716 communicabit.
1410 2661 1672 2716 Undecim
1707 2671 1888 2716 autem
1921 2662 2048 2716 anni

549 2756 629 2808 sic
691 2754 746 2806 in
794 2768 858 2807 eo
906 2752 1383 2822 dispensabuntur.
1444 2753 1587 2810 Duos
1627 2756 1844 2824 quidem
1877 2769 2049 2808 annos

539 2840 792 2906 deﬂebit,
833 2852 943 2896 tres
968 2849 1148 2894 autem
1179 2855 1349 2895 annos
1384 2842 1524 2897 inter
1561 2842 1840 2897 auditores
1867 2856 2050 2911 perse-

557 2932 783 2996 verabit,
835 2931 889 2984 in
943 2941 1177 2999 quatuor
1206 2931 1533 2994 substratus,
1579 2941 1633 2986 et
1676 2946 1822 2987 anno
1874 2931 2046 2987 solum

551 3024 826 3086 consistet,
851 3029 904 3076 et
933 3021 1184 3091 deinceps
1215 3021 1282 3074 ad
1306 3035 1460 3076 sacra
1495 3021 1829 3078 admittetur.

555 3202 749 3258 BALS.
788 3200 1089 3256 Praesentcs
1145 3201 1251 3257 duo
1287 3216 1521 3258 canones
1558 3202 1876 3258 describunt
1924 3217 2059 3273 quo-

490 3294 650 3350 nzodo
677 3293 871 3346 debent
904 3292 1082 3360 puniri
1133 3294 1222 3358 qui
1270 3293 1603 3348 voluntarias
1647 3303 1703 3347 et
1745 3293 2055 3349 involunta-

484 3390 593 3443 rias
635 3385 812 3441 cades
872 3382 1069 3438 fecere.
1110 3379 1399 3436 Pmnarum
1436 3392 1612 3436 autem
1656 3384 1818 3437 etiam
1869 3381 2059 3436 modos

484 3480 766 3533 deﬁniunt.

556 3569 806 3623 ZONAR.
854 3567 936 3622 Ad
965 3581 1137 3622 annos
1177 3565 1402 3636 viginti,
1463 3580 1584 3620 eum
1615 3565 1705 3636 qui
1754 3563 2059 3620 voluntarie

485 3660 779 3724 interfecit,
815 3669 992 3727 atque
1029 3661 1097 3713 ad
1145 3658 1523 3728 pmnitentiam
1589 3673 1650 3712 se
1699 3657 1934 3723 confert,
1973 3655 2060 3712 bic

485 3762 708 3808 sanctus
749 3752 828 3805 vir
875 3748 1150 3819 segregari
1180 3747 1373 3816 jubet;
1422 3749 1489 3801 ad
1527 3747 1710 3804 decem
1766 3763 1889 3802 vero
1937 3762 2059 3802 eum

486 3848 575 3916 qui
628 3859 733 3899 non
779 3854 968 3910 sponte
1008 3839 1224 3894 occidit.
1289 3840 1423 3892 Tum
1465 3839 1763 3909 deinceps,
1803 3839 2056 3907 utrisque

491 3949 590 4003 pro
637 3931 861 4002 singulis
911 3929 1093 3984 multae
1140 3927 1272 3981 locis
1301 3965 1316 3992 ,
1378 3929 1652 3995 proprium
1704 3938 1915 3996 tempus
1958 3927 2050 3981 de-

485 4027 600 4094 sign
609 4039 634 4074 a
645 4033 683 4074 t.

556 4112 783 4168 ARIST.
841 4109 975 4165 Can.
1008 4108 1096 4162 56.
1141 4105 1506 4162 'Voluntarins
1556 4106 1826 4161 homicida
1869 4105 2058 4176 viginti

487 4220 657 4258 annos
693 4203 1066 4256 substernatur
1092 4241 1108 4266 ,
1155 4200 1548 4254 involuntarius
1571 4200 1795 4264 decem;
1841 4199 2055 4254 adulter

486 4300 788 4366 quindecim
830 4316 844 4349 :
892 4297 1186 4351 fornicator
1223 4305 1428 4364 septem
1465 4315 1476 4350 :
1516 4295 1749 4365 virgines
1773 4306 1898 4366 post
1919 4309 2053 4364 pro-

489 4391 774 4444 fessionem
803 4390 986 4456 lapsae,
1016 4401 1184 4440 annos
1217 4386 1541 4454 quindecim.

557 4563 658 4628 Qui
691 4560 983 4614 voluntarie
1022 4558 1324 4626 quempiam
1355 4557 1579 4621 occidit,
1611 4567 1664 4611 et
1696 4567 1886 4626 postea
1935 4572 2050 4628 pae-

489 4655 770 4708 nitentiam
824 4651 951 4719 egit,
989 4648 1176 4716 viginti
1216 4662 1390 4701 annos
1429 4663 1458 4700 a
1489 4648 1922 4705 sanctificatione
1957 4665 2050 4705 ex-

488 4749 1004 4804 eommunicabitur.
1057 4745 1126 4798 At
1175 4744 1362 4813 viginti
1401 4745 1530 4797 anni
1575 4744 1654 4799 sic
1711 4745 1762 4798 in
1809 4762 1931 4800 eum
1973 4746 2052 4800 di-

488 4851 837 4908 izpeosaiitur.
896 4837 1139 4902 Quatuor
1192 4835 1350 4889 annis
1399 4843 1548 4888 extra
1601 4837 1730 4890 mdis
1797 4837 2050 4891 oratoria:

499 4935 643 4986 loras
681 4942 866 4992 stans,
930 4939 983 4982 et
1034 4927 1215 4980 ﬁdeles
1255 4925 1615 4993 ingredientes
1661 4939 1824 4979 orans
1866 4940 2051 4993 preces

499 5039 594 5091 pro
628 5023 743 5092 ipso
772 5020 1027 5081 fundere,
1082 5026 1362 5084 peceatum
1401 5030 1558 5068 suum
1589 5015 1768 5082 palam
1816 5014 2053 5070 efferens

491 5115 686 5168 uellere
743 5111 917 5164 debet.
943 5097 1160 5162 ~Postea
1209 5117 1386 5160 antem
1419 5115 1647 5174 quatuor
1687 5121 1857 5160 annos
1898 5107 2054 5176 115

494 5205 560 5257 ad
599 5204 878 5256 audientes
913 5198 1224 5268 recipietur,
1252 5206 1305 5252 et
1338 5199 1577 5265 quinque
1623 5198 1780 5249 annis
1829 5213 1949 5250 eum
1985 5201 2049 5253 iis

490 5287 814 5365 egredietur.
840 5293 1052 5361 Septem
1078 5290 1229 5344 antris
1256 5303 1374 5342 cum
1412 5287 1476 5340 iis
1500 5286 1587 5354 qui
1616 5287 1666 5339 in
1695 5289 2054 5345 submissione

2162 657 2219 709 δὲ
2252 656 2345 708 τοῦ
2381 656 2590 726 βαθμοῦ
2625 655 3046 728 καθαιροῦνται.

2242 745 2484 814 Ἐπειδὴ,
2532 747 2678 799 κατά
2735 747 2834 818 τὴν
2909 751 3196 823 Κυριακὴν
3268 754 3469 824 φωνὴν,
3517 756 3660 823 Πᾶς
3733 761 3774 812 δ

2159 836 2363 889 λαϐὼν
2377 837 2685 907 μάχαιραν
2735 840 2805 893 ἐν
2827 843 3097 911 μαχαίρᾳ
3127 845 3509 900 ἀποθανεῖται
3529 865 3541 877 ·
3580 850 3694 903 καὶ
3712 851 3771 903 οί

2159 929 2275 989 τοῖς
2309 929 2539 997 λῃσταῖς
2569 932 3012 1000 ἀντεπεξιόντες,
3033 936 3128 990 καὶ
3155 936 3379 1001 τούτους
3393 939 3768 1008 φονεύοντες,

2161 1019 2267 1072 ὑπὸ
2297 1021 2623 1092 ἐπιτίμησιν
2655 1023 2896 1080 ἑσονται’
2930 1028 3027 1082 καί⁸
3051 1028 3234 1082 λαῖκοὶ
3291 1032 3390 1099 μὲν
3418 1032 3601 1102 ὄντες,
3641 1033 3772 1087 τῶν

2159 1111 2320 1164 θείων
2355 1113 2716 1184 ἀγιασμάτων
2743 1117 2802 1170 οὐ
2833 1117 3124 1188 μεθέξουσι
3150 1135 3162 1149 ο
3201 1119 3455 1191 κληρικοὶ
3483 1122 3538 1175 δὲ
3561 1124 3768 1191 ὄντας,

2158 1204 2673 1277 καθαιρεθήσονται.

2737 1300 2977 1355 κΑΝοΝ
3010 1302 3153 1370 Nq'.

2167 1387 2227 1440 '0
2260 1388 2527 1453 ἑκουσίως
2582 1391 2876 1460 φονεύσας,
2927 1397 3023 1448 καὶ
3063 1396 3206 1464 μετὰ
3238 1399 3398 1453 τοῦτο
3435 1405 3776 1474 μεταμελη-

2226 1479 2360 1544 θεὶς,
2398 1481 2605 1535 εἴκοσιν
2657 1484 2752 1555 ἑτη
2809 1485 3172 1559 ἀκοινώνητος
3236 1491 3387 1545 ἔσται
3421 1493 3515 1546 τοῦ
3577 1496 3774 1562 ἁγιά-

2229 1589 2458 1640 σματος.
2490 1574 2571 1628 Τά
2604 1575 2660 1628 δὲ
2687 1577 2892 1630 εἴκοσιν
2931 1577 3025 1649 ἔτη
3045 1580 3218 1644 οὕτως
3255 1583 3770 1654 οἰκονομηθήσεται

2217 1663 2308 1716 ἐπ’
2344 1665 2516 1736 αὐτῷ.
2579 1667 2668 1719 Ἐν
2691 1666 2740 1719 δ’
2771 1667 2948 1722 ἔτεσιν
2980 1673 3335 1740 προσκλαίειν
3365 1675 3587 1742 ὀφείλει,
3643 1677 3769 1742 ἔξω

2232 1759 2332 1828 τῆς
2360 1758 2534 1832 θύρας
2580 1761 2754 1827 ἑστὼς
2815 1763 2910 1816 τοῦ
2953 1765 3248 1838 εὐκτηρίου
3291 1767 3466 1834 οἴκου,
3516 1771 3769 1825 καὶτῶν

2240 1849 2524 1905 εἰσιόντων
2600 1856 2812 1909 πιστῶν
2879 1856 3138 1927 δεόμενος
3172 1858 3341 1930 εὐχὴν
3407 1862 3549 1934 ὑπὲρ
3574 1863 3764 1917 αὐτοῦ

2213 1943 2867 2018 ποιεῖσθαι,ἑξαγορεύων
2893 1949 2992 2020 τὴν
3026 1951 3163 2004 ἰδίαν
3182 1955 3558 2026 παρανομίαν.
3579 1957 3760 2010 Μετὰ

2237 2036 2293 2088 δὲ
2329 2036 2370 2088 δ’
2396 2035 2492 2105 ἑτη
2547 2039 2628 2101 εἰς
2652 2041 2780 2104 τοὺς
2807 2043 3199 2114 ἀκροωμένους
3225 2046 3571 2118 δεχθήσεται,
3605 2049 3671 2101 ἑν
3706 2057 3754 2103 ε’

2228 2126 2411 2180 ἔτεσιν
2438 2129 2560 2199 μετ’
2584 2131 2766 2188 αὐτῶν
2805 2134 3179 2199 ἐξελεύσεται.
3215 2138 3304 2191 Ἑν
3333 2139 3375 2191 δ’
3408 2144 3761 2210 συστήσεται

2232 2219 2395 2288 μόνον
2426 2224 2542 2284 τοίς
2579 2226 2819 2289 πιστοῖς,
2878 2231 3199 2297 προσφορᾶς
3228 2230 3287 2284 δὲ
3332 2233 3392 2284 οὐ
3431 2234 3762 2303 μεταλήψε-

2221 2324 2336 2361 ται.
2367 2308 2778 2381 Πληρωθέντων
2820 2315 2879 2368 δὲ
2912 2316 3121 2371 τούτων
3147 2317 3366 2388 μεθέξει
3398 2322 3508 2374 τῶν
3579 2324 3761 2390 ἁγια-

2219 2401 2461 2470 σμάτων.

2715 2501 2960 2556 ΚΑΝΩΝ
3008 2503 3137 2558 ΝΖ⁶.

2166 2584 2227 2636 Ὀ
2261 2587 2537 2652 ἀκουσίως
2571 2592 2838 2657 φονεύσας
2876 2595 2988 2664 (15)
3028 2597 3087 2649 ἑν
3142 2597 3276 2651 δέκα
3305 2599 3485 2655 ἑτεσιν
3516 2602 3764 2655 ἀκοινώ-

2233 2695 2394 2749 νητος
2440 2680 2594 2734 ἐσται
2627 2682 2737 2734 τῶν
2780 2684 3170 2755 ἀγιασμάτων.
3231 2691 3762 2763 Οίκονομηθήσεται

2227 2771 2282 2823 δὲ
2315 2773 2405 2824 ἐπ’
2467 2774 2617 2844 αὐτῷ
2657 2776 2724 2829 τά
2763 2776 2895 2830 δέκα
2945 2777 3041 2848 ετη
3110 2780 3277 2835 οὕτω.
3335 2786 3441 2836 Δύο
3494 2785 3593 2854 μὲν
3645 2787 3760 2856 ἔτη

2231 2861 2633 2930 προσκλαύσει,
2685 2865 2812 2935 τρία
2854 2867 2910 2920 δὲ
2949 2869 3046 2938 ἔτη
3087 2871 3145 2922 ἑν
3208 2873 3590 2944 ἀκροωμένοις
3623 2875 3757 2931 δια-

2226 2953 2459 3018 τελέσει,
2498 2958 2556 3008 ἑν
2606 2956 2647 3008 δ’
2697 2957 3041 3024 ὑποπίπτων,
3091 2963 3186 3014 καὶ
3226 2965 3285 3016 ἑν
3341 2965 3578 3037 ἐνιαυτῷ
3606 2984 3755 3021 στα-

2223 3044 2451 3115 θήσεται
2483 3047 2664 3116 μόνον,
2713 3050 2808 3102 καὶ
2857 3051 2924 3104 τὰ
2972 3049 3101 3122 ἑξῆς
3151 3055 3230 3116 εἰς
3275 3056 3345 3109 τὰ
3374 3055 3509 3125 ἅγια
3547 3057 3758 3130 δεχθή-

2237 3153 2416 3191 σεται.

2237 3228 2439 3284 ΒΛΔΣ.
2474 3231 2538 3284 Ol
2587 3232 2864 3302 παρόντες
2917 3235 3012 3289 δύο
3077 3240 3307 3304 κανόνες
3371 3241 3760 3298 ὑποτυποῦσιν

2158 3317 2310 3380 ὅπως
2355 3318 2672 3385 ὀφείλουσιν
2722 3323 3086 3393 ἐπιτιμᾶσθαι
3138 3329 3188 3380 οἰ
3224 3329 3552 3399 ποιήσαντες
3584 3333 3760 3385 ἑκου-

2168 3404 2319 3468 σίους
2351 3408 2549 3474 φόνους
2579 3409 2680 3461 καὶ
2715 3410 3034 3477 ἀκουσίους.
3084 3415 3358 3486 ’θρίζουσι
3388 3414 3445 3471 δί
3488 3423 3583 3474 καὶ
3618 3423 3761 3488 τοὺς

2158 3495 2394 3566 τρόπους
2433 3496 2545 3551 τῶν
2575 3499 2891 3571 ἑπιτιμίων.

2223 3589 2468 3646 ΖΩΝΑΡ.
2521 3592 2609 3646 Ἐν
2635 3595 2845 3650 εἰκοσιν
2891 3597 3165 3662 ἐνιαυτοῖς
3200 3600 3294 3656 τδν
3344 3602 3612 3668 ἑκουσίως
3648 3621 3754 3674 φο-

2161 3680 2452 3746 νεύσαντα,
2480 3684 2574 3736 καὶ
2597 3687 2680 3748 εἰς
2715 3688 3016 3756 μετάνοιαν
3043 3690 3268 3745 ἐλθόντα
3308 3694 3560 3765 ἀφορίζει
3589 3689 3755 3760 οὗτος

2161 3775 2189 3825 ὁ
2219 3774 2398 3841 ἅγιος·
2433 3776 2493 3828 ἑν
2535 3776 2669 3829 δέκα
2704 3777 2762 3830 δὲ
2799 3778 2893 3832 τὸν
2966 3781 3247 3846 ἀκουσίως
3301 3785 3584 3840 ἀνελόντα.
3636 3791 3756 3844 Καὶ

2163 3862 2289 3933 ἑξῆς
2316 3864 2404 3915 ἐπ’
2430 3865 2768 3936 ἀμφοτέροις
2801 3868 3020 3939 ἑκάστῳ
3055 3872 3205 3941 τόπῳ
3243 3873 3531 3942 ἐπιτιμίου
3568 3877 3752 3950 ὁρίζει

2163 3957 2353 4025 καιρὸν
2391 3956 2706 4011 ἰδιαίτατον.

2225 4128 2450 4184 ΔΡΙΣΤ.
2489 4146 2614 4186 καν.
2644 4137 2752 4195 νς¹.
2798 4133 2860 4188 '0
2880 4133 3126 4197 ἑκούσιος
3175 4139 3442 4208 φονευτὴς
3521 4140 3744 4193 εἰκοσα-

2164 4219 2318 4273 ετίαν
2370 4220 2746 4275 ὑποπιπτέτωο
2777 4225 2805 4277 ὀ
2834 4223 3091 4288 ἀκούσιος
3138 4226 3449 4282 δεκαετίαν·
3495 4232 3524 4282 ὀ
3557 4233 3751 4301 μοιχὸς

2162 4311 2745 4368 πεντεκαιδεκαετίαν·
2784 4314 2814 4366 ὀ
2846 4315 3381 4385 πόρνοςὲπταετίαν
3405 4336 3418 4350 ·
3454 4321 3512 4372 αἰ
3562 4337 3745 4390 παρα·

2162 4405 2463 4458 πίπτουσαι
2503 4406 2647 4476 μετά
2682 4404 2783 4477 τὴν
2815 4406 3115 4477 ὁμολογίαν
3152 4411 3416 4482 παρθένοι
3452 4428 3747 4465 πεντεκαιο

2087 4481 2131 4536 Ῐ)
2160 4493 2472 4550 δεκαετίαν.

2234 4585 2293 4638 '0
2328 4584 2594 4647 ἑκουσίως
2624 4585 2917 4655 φονεύσας,
2976 4587 3118 4657 μετὰ
3139 4588 3197 4642 δὲ
3222 4589 3384 4643 τοῦτο
3416 4592 3734 4661 μεταμελη-

2155 4675 2291 4740 θεὶς,
2336 4675 2544 4729 εἴκοσιν
2573 4676 2753 4732 ἔτεσιν
2779 4678 3150 4748 ἀκοινώνητός
3177 4682 3294 4733 ἑστι
3344 4681 3438 4734 τοῦ
3464 4683 3751 4754 ἀγιάσμα-

2154 4785 2268 4830 τος.
2298 4768 2378 4820 Τὰ
2406 4768 2464 4820 δὲ
2509 4769 2715 4820 εἴκοσιν
2769 4769 2866 4838 ἔτη
2897 4770 3068 4833 οὕτως
3102 4771 3606 4842 οἰκονομηθήσεται
3655 4775 3746 4826 ἐπ’

2156 4857 2327 4927 αὐτῷ.
2360 4858 2446 4910 Ἐν
2463 4859 2752 4928 τέσσαρσιν
2780 4860 2956 4914 ἔτεσιν
2978 4861 3185 4931 ὀφείλει
3220 4864 3603 4932 προσκλαίειν,
3631 4866 3743 4931 ἔξω

2128 4953 2254 5018 ςτῆς
2313 4948 2484 5017 θύρας
2554 4948 2730 5012 ἑστὼς
2797 4950 2890 5002 τοῦ
2935 4951 3228 5022 εὐκτηρίου
3275 4953 3450 5018 οἴκου,
3501 4954 3751 5007 καὶτῶν

2159 5041 2436 5092 εἰσιόντων
2469 5040 2684 5093 πιστῶν
2703 5040 2961 5110 δεόμενος
2991 5042 3157 5112 εὐχὴν
3187 5043 3330 5112 ὑπὲρ
3359 5044 3530 5096 αὐτοῦ
3563 5048 3772 5118 ποιεῐο,

2164 5131 2311 5193 σθαι,
2346 5131 2695 5199 ἐξαγορεύων
2720 5131 2816 5198 τὴν
2868 5131 3006 5184 ἰδίαν
3062 5135 3439 5203 παρανομίανο
3485 5135 3626 5203 μετά
3687 5137 3746 5190 δὲ

2164 5223 2340 5276 ταῦτα
2371 5222 2437 5274 τὰ
2461 5223 2705 5290 τέσσαρα
2735 5222 2832 5290 ἑτη
2865 5223 2943 5285 εἰς
2968 5222 3096 5285 τοὺς
3126 5225 3513 5294 ἀκροωμένους
3543 5225 3750 5294 δεχοήο

2167 5326 2343 5373 σεται,
2386 5308 2481 5363 καὶ
2512 5310 2568 5362 ἑν
2607 5309 2767 5362 πέντε
2806 5307 2954 5362 ἔτεσι
2991 5310 3112 5379 μετ’
3141 5311 3325 5365 αὐτῶν
3358 5311 3705 5376 ἐξελεύσεται
3730 5330 3745 5344 ·

1721 5450 1908 5513 Guill.
1943 5455 2270 5536 Beveregii
2307 5463 2491 5518 notas.

564 5576 673 5648 (l3)
695 5577 760 5629 '0
789 5574 1086 5648 ἀκουσίως
1117 5573 1438 5648 gos-edam.
1462 5570 1801 5648 _Scboliastes_
1827 5574 2053 5631 Harme-

493 5642 698 5717 nopnl'i,
731 5647 866 5706 Τοὺς
922 5646 1100 5717 φονεῖς
1145 5646 1172 5694 ὁ
1208 5642 1541 5717 Νηστευτής,
1572 5647 1695 5717 τοὺς
1748 5645 1846 5717 μεῖν
1895 5648 2052 5698 tam”,

495 5711 665 5779 σίόυς,
707 5717 797 5768 ἑπὶ
830 5714 1152 5779 πενταετίαν
1191 5711 1543 5772 καταδικάζει
1567 5728 1578 5741 ο
1614 5714 1738 5772 τοὺς
1791 5713 1847 5763 δὲ
1888 5718 2048 5766 ἀκου-

493 5778 642 5849 σίους
664 5787 758 5838 ἐπὶ
789 5783 1053 5854 τριετὶαν.
1083 5778 1392 5835 ΙΙοηιξείιίίιε
1424 5779 2046 5848 Jt‘jit‘iﬂlm',l‘O/unltti'in

2163 5585 2370 5646 quidem
2431 5583 2484 5634 in
2539 5583 3016 5652 quinquagennium
3067 5585 3378 5637 condemnat
3430 5599 3447 5638 :
3502 5598 3606 5635 non
3651 5599 3750 5637 το·

2162 5654 2423 5774 ιωὲιατίοε
2499 5666 2674 5706 autent
2747 5653 2815 5706 ad
2890 5655 3193 5708 triennium.
3249 5652 3432 5707 llarm.
3496 5669 3586 5722 ep.
3649 5667 3748 5709 an.

2162 5736 2205 5774 s.
2272 5763 2286 5774 .
2328 5730 2369 5774 t.
2401 5722 2452 5774 5.

2161 5736 2205 5775 s.
2231 5736 2286 5788 ο,
2328 5736 2369 5775 ι.
2401 5736 2452 5775 ο.
