3946 6342
552 352 660 416 767

1773 356 2054 420 TllEtlD.
2094 355 2488 417 BALSMION

3698 350 3802 414 τες

557 470 811 525 minister
843 469 1020 525 factus
1063 470 1153 535 sit,
1199 485 1294 524 suo
1322 472 1488 540 gradu
1521 472 1858 534 exturbatur,
1907 474 2127 538 cognito

2249 471 2422 532 ιύτου,
2464 472 2891 537 διαγνωσθέντος
2919 473 3009 523 tut?
3052 466 3475 538 ἁμαρτήματα.
3504 468 3802 522 Καὶττιῦτα

555 562 800 616 crimine.
849 563 912 615 Et
956 564 1068 616 hazc
1111 564 1327 632 quidem
1374 564 1476 617 hoc
1517 566 1689 618 modo.
1727 563 1881 619 Scias
1922 577 2121 626 autem,

556 653 733 720 quod,
789 669 912 722 qum
964 655 1065 709 hoc
1105 669 1314 708 canone
1355 656 1722 718 c0ntinentur,
1778 657 1828 708 in
1886 654 2125 725 synodali

547 742 757 809 judicio
783 743 931 797 varie
967 743 1265 810 disceptata
1301 753 1448 808 sunt,
1499 756 1552 799 et
1593 744 1852 798 dixerunt
1883 742 2124 797 nonnulli

557 835 673 887 haec
716 834 887 887 locum
945 834 1237 900 habuisse,
1287 837 1503 904 quando
1539 835 1808 904 sponsalia
1857 849 2127 888 consensu

556 926 1018 980 contrahebantur
1089 935 1142 979 et
1211 926 1657 980 dissolvehantur.
1716 925 1869 979 Nunc
1927 935 2126 988 autem,

558 1019 775 1087 quando
808 1034 911 1071 non
946 1019 1102 1070 aliter
1141 1019 1540 1072 contrahuntur
1578 1034 1674 1072 nec
1708 1020 1990 1071 solvuntur
2026 1017 2128 1070 nisi

555 1108 626 1163 iis
677 1110 853 1163 modis
896 1118 949 1162 et
1006 1113 1231 1176 causis;
1293 1111 1490 1177 quibus
1558 1107 1853 1178 perlectum
1919 1121 2131 1174 quoque

559 1201 965 1255 matrimonium
1011 1203 1357 1256 contrahitur
1399 1213 1454 1256 et
1486 1202 1739 1264 solvitur,
1794 1202 1909 1254 haec
1945 1199 2130 1252 omnia

555 1294 929 1349 exoleverunt.
979 1291 1134 1348 Unde
1179 1310 1279 1348 nec
1325 1294 1656 1360 permittitur
1699 1293 1858 1346 alicui
1919 1305 2128 1351 eorum.

556 1385 647 1452 qui
682 1395 806 1438 sunt
837 1400 903 1438 ex
949 1386 1206 1440 tribunali
1260 1396 1434 1438 morte
1479 1386 1561 1438 vel
1617 1386 1792 1453 aliqua
1828 1385 1930 1438 alia
1966 1399 2131 1438 causa

557 1487 686 1529 ante
733 1477 951 1542 nuptias
1000 1492 1028 1530 a
1081 1493 1177 1531 suo
1217 1493 1414 1544 sponsa
1464 1489 1740 1549 separato.
1778 1478 1869 1530 alii
1919 1476 2130 1530 mulieri

560 1568 841 1636 conjungi,
874 1577 926 1620 et
957 1568 1003 1622 is
1031 1569 1120 1636 qui
1151 1570 1252 1624 hoc
1285 1570 1498 1633 fecerit,
1543 1581 1599 1622 ut
1622 1569 1872 1636 bigamus
1905 1568 2132 1636 deponi-

560 1669 647 1712 tur
684 1677 697 1713 :
757 1657 1008 1712 similiter
1041 1670 1096 1713 et
1134 1660 1304 1711 lector
1347 1657 1436 1724 qui
1493 1657 1544 1709 in
1596 1659 1703 1710 tale
1749 1656 1878 1726 quid
1921 1656 2130 1717 incidit.

557 1754 623 1802 ad
653 1749 816 1802 alium
848 1752 1074 1819 gradum
1110 1765 1216 1802 non
1256 1760 1625 1820 promovetur.
1667 1748 1927 1803 Volebant
1955 1759 2130 1803 autem

555 1851 678 1892 eum
715 1850 955 1905 quoque,
991 1838 1084 1905 qui
1133 1839 1294 1892 hodie
1322 1856 1444 1893 cum
1490 1856 1585 1893 sua
1634 1854 1832 1905 sponsa
1867 1855 1978 1894 rem
2032 1839 2131 1893 ha-

559 1926 697 1992 buit,
754 1927 805 1981 id
855 1931 1076 1996 hnpune
1129 1929 1342 1995 fecisse,
1405 1935 1544 1997 quod
1588 1946 1691 1983 non
1737 1940 1957 1998 possunt
1997 1932 2132 1985 solvi

563 2019 856 2083 sponsalia.
911 2019 1042 2073 Cum
1093 2031 1270 2074 autem
1328 2030 1590 2088 augustus
1649 2021 1735 2074 illc
1780 2033 1832 2074 et
1906 2037 2135 2090 magnus

563 2110 890 2172 drungarius
937 2111 1190 2165 dominus
1247 2112 1570 2180 Stephanus]
1630 2113 1938 2167 Comnenns
1991 2120 2138 2167 esset

563 2199 913 2253 matrimonio
954 2201 1264 2268 jungendus
1313 2204 1544 2256 dominae
1599 2202 1890 2257 Eudoehiae
1921 2203 2137 2270 augusti

563 2289 709 2341 illius
737 2298 785 2342 et
824 2289 1002 2353 magni
1037 2290 1320 2343 domestici
1371 2290 1832 2345 dominiJoaunis
1877 2291 1999 2344 lilia:
2030 2330 2044 2350 ,
2084 2298 2139 2343 et

567 2380 972 2446 prohiberetur,
1026 2396 1090 2434 eo
1130 2383 1271 2449 quod
1345 2399 1502 2437 soror
1543 2388 1660 2452 ejus
1703 2384 1924 2437 domina
1977 2385 2136 2437 Irene

559 2471 826 2540 desponsa
859 2482 1004 2526 esset
1047 2474 1119 2525 illi
1155 2475 1399 2541 Angusto
1425 2477 1568 2528 dom.
1609 2476 1797 2528 Alexio
1839 2477 1890 2528 in
1946 2476 2135 2543 primis

561 2562 787 2630 Augusti
838 2563 983 2616 dom.
1040 2561 1268 2618 Joannis
1315 2565 1499 2633 inclyti
1551 2563 1838 2632 lmp.lilio,
1879 2566 1971 2633 qui
2021 2574 2141 2619 erat

558 2654 769 2722 primus
811 2655 1072 2721 patruelis
1105 2657 1280 2724 magni
1311 2657 1610 2724 ldrungarii
1649 2667 1704 2711 et
1740 2656 1853 2710 lieri
1909 2672 2013 2710 non
2048 2672 2141 2725 po-

563 2753 738 2811 terat,
795 2756 853 2797 ιιι
909 2746 1017 2799 duo
1062 2748 1222 2813 primi
1268 2748 1541 2813 patrueles
1591 2748 1802 2801 duabus
1856 2748 2139 2802 sororibus

562 2837 1024 2906 coniungerentur
1077 2839 1230 2906 121
1282 2839 1536 2908 synodice
1580 2839 1837 2905 agitatum
1885 2848 1967 2892 est
2004 2848 2142 2893 tem-

563 2943 693 2997 pore
723 2929 1052 2983 sanctissimi
1097 2931 1417 2997 patriarcha:
1448 2930 1654 2984 domini
1713 2928 1918 2983 Nicolai
1954 2927 2140 2982 Maza-

563 3017 726 3084 lonis,
773 3033 838 3070 an
867 3034 930 3072 ex
965 3033 1028 3073 eo
1060 3021 1384 3088 impediatur
1423 3021 1560 3088 magi
1621 3019 1895 3086 drungarii
1925 3028 2146 3073 contra-

2233 563 2333 630 μὲν
2389 562 2586 623 οὕτως-
2632 564 2826 616 Ὶστέον
2873 565 2927 616 δὲ
2983 566 3065 616 ὅτι
3103 565 3168 616 τὰ
3218 564 3347 634 περὶ
3391 561 3490 615 τοῦ
3560 561 3802 614 τοιούτου

2230 654 2454 714 κανόνος
2530 654 2799 722 διαφόρως
2881 655 3225 724 ἐλαλήθησαν
3291 659 3372 717 εἰς
3421 665 3482 706 το
3519 653 3800 706 συνοδσκὶν

2229 745 2602 815 δικαστήριον,
2643 749 2734 798 καὶ
2759 743 2913 799 εἶπόν
2944 764 3090 808 τινες
3116 747 3190 808 ώς
3223 746 3392 798 ταῦτα
3421 746 3616 816 χώραν
3640 741 3808 810 εἶχεν,

2231 839 2384 907 ὅτεή
2429 840 2698 907 μνηστεία
2755 841 3060 893 συναινέσει
3120 840 3409 893 συνίστατο
3458 840 3552 892 καὶ
3599 839 3812 892 ἐλύετο.

2229 929 2466 996 Ἀρτίως
2501 929 2556 983 δὲ
2599 930 2686 982 ὅτε
2731 931 2904 992 ἄλλως
2950 933 3010 983 οὐ
3066 931 3383 985 συνίσταται
3450 932 3576 984 οὐδὲ
3615 930 3816 982 λύεται

2234 1025 2282 1075 εί
2319 1022 2393 1090 μὴ
2425 1021 2565 1074 κατὰ
2594 1024 2721 1083 τοὺς
2759 1023 2993 1090 τρόπους
3028 1026 3120 1074 καὶ
3175 1023 3273 1086 τὰς
3332 1025 3509 1082 αἰτίας
3566 1021 3688 1072 καθ’
3744 1019 3820 1078 ἇς

2233 1113 2326 1166 καὶ
2356 1115 2384 1165 ό
2413 1113 2618 1176 τέλειος
2651 1114 2828 1180 γάμος
2862 1113 3180 1166 συνίσταται
3229 1114 3324 1166 καὶ
3370 1112 3580 1172 λύεται,
3636 1110 3823 1163 ταῦτα

2236 1203 2415 1256 πάντα
2447 1203 2838 1271 ἀπρακτοῦσιν.
2867 1203 3028 1256 Ὅθεν
3083 1203 3205 1254 οὑδὲ
3262 1184 3478 1266 ἐφεῖταί
3531 1219 3643 1252 τινι
3703 1203 3824 1251 τιτν

2236 1294 2330 1346 τοῦ
2365 1294 2610 1363 βήματος
2642 1293 2857 1360 θανάτῳ
2963 1294 3100 1362 άλλῃ
3149 1293 3298 1364 αἰτίᾳ
3332 1297 3394 1344 ἐκ
3455 1295 3548 1359 τῆς
3599 1291 3822 1350 οίκείας

2239 1383 2614 1452 διαζευχθέντι
2666 1382 2908 1451 μνηστῆς
2953 1382 3058 1450 πρὸ
3085 1381 3178 1433 τοῦ
3235 1383 3413 1449 γάμου
3453 1381 3617 1446 ἑτέρᾳ⁵
3646 1375 3826 1428 συνά-

2239 1475 2477 1528 πτεσθαι
2500 1474 2742 1542 γυναικὶ,
2767 1475 2974 1527 καὶτὸν
3009 1472 3169 1525 τοῦτο
3197 1473 3496 1538 ποιήσαντα
3524 1469 3598 1528 ὡς
3628 1467 3826 1518 δευτε-

2247 1582 2379 1635 ρογα
2393 1566 2640 1632 μήσαντα
2677 1563 3062 1631 καθαιρεῖσθαι
3105 1578 3120 1593 ·
3151 1562 3410 1622 ὡσαύτως
3443 1561 3533 1612 καὶ
3567 1559 3672 1610 τὸν
3719 1561 3828 1625 ἐμ·

2239 1655 2479 1709 πεσόντα
2543 1656 2625 1716 είς
2679 1654 2924 1707 τοιοῦτόν
2980 1670 3034 1705 τι
3095 1641 3446 1720 ἀναγνώστην
3489 1655 3558 1719 μὴ
3598 1667 3818 1717 προκο-

2246 1764 2405 1800 πτειν
2425 1748 2504 1810 είς
2534 1747 2722 1815 ἕτερον
2751 1746 2976 1815 βαθμόν.
3011 1745 3240 1797 Ἥθελον
3272 1744 3328 1796 δὲ
3356 1745 3449 1796 καὶ
3470 1745 3554 1795 τὸν
3575 1743 3828 1811 μιγέετι

2246 1838 2488 1906 σήμερον
2533 1836 2671 1904 μετά
2705 1835 2804 1902 τῆς
2865 1834 3078 1896 οἰκείας
3113 1834 3357 1902 μνηστῆς
3421 1832 3830 1900 ἀνεπιτίμητον

2241 1926 2422 1994 πάντη
2485 1923 2880 1992 συντηρεῖσθαι
2915 1923 3003 1975 διὰ
3038 1923 3098 1974 τὸ
3145 1921 3335 1975 ἄλυτον
3363 1922 3458 1988 τῆς
3491 1920 3827 1987 μνηστείας.

2237 2016 2344 2068 Τοῦ
2374 2015 2432 2067 δὲ
2469 2012 2737 2066 σεϐαστοῦ
2770 2011 2981 2064 ἐκείνου
3034 2013 3127 2062 καὶ
3173 2010 3411 2078 μεγάλου
3445 2007 3828 2076 δρουγγαρὲου

2239 2104 2432 2175 κυρίου
2465 2104 2742 2170 Στεφάνου
2800 2101 2895 2152 τοῦ
2945 2099 3236 2168 Κομνηνοῦ
3286 2098 3565 2168 μέλλοντος
3625 2098 3833 2160 συζευ-

2241 2195 2448 2264 χθῆναι
2471 2196 2536 2262 τῇ
2568 2192 2735 2261 κυρίᾳ
2766 2190 2995 2260 Εὑδοκία
3025 2193 3091 2260 τῇ
3132 2190 3361 2260 θυγατρὶ
3398 2188 3492 2240 τοῦ
3547 2185 3830 2238 σεϐαστοῦ

2240 2283 2456 2335 ἐκείνου
2503 2283 2597 2334 καὶ
2633 2280 2874 2349 μεγάλου
2915 2279 3239 2349 δομεστίκου
3300 2280 3490 2349 κυρίου
3545 2278 3833 2339 Ἰωάννου,

2242 2375 2334 2426 καὶ
2388 2371 2740 2439 κωλυομένου
2787 2370 2874 2424 διά
2933 2370 2994 2422 τὸ
3051 2371 3152 2441 τὴν
3213 2368 3548 2435 αὖταδέλφην
3605 2368 3833 2434 ταύτης

2242 2462 2441 2533 κυρίαν
2473 2464 2711 2533 Εἰρήνην
2748 2461 3155 2539 μνηστευθῆναι
3184 2459 3261 2527 τῷ
3324 2456 3569 2525 σεϐαστῷ
3619 2456 3833 2522 ἐκείνῳ

2242 2558 2416 2626 κυρίῳ
2455 2555 2683 2624 Ἀλεξίῳ
2729 2555 2806 2623 τῷ
2852 2553 2951 2622 υίῷ
2981 2553 3074 2605 τοῦ
3112 2548 3566 2619 πρωτοσεὸάστου
3601 2547 3832 2598 ἐκείνου

2245 2647 2434 2715 κυρίου
2482 2647 2733 2699 Ἰωάννου
2758 2643 2854 2697 τοῦ
2893 2643 3142 2710 ἀοιδίμου
3189 2637 3726 2707 σεϐαστοκράτορος,
3755 2635 3836 2702 τῷ

2243 2737 2356 2791 ὄντι
2379 2736 2582 2805 πρώτῳ
2613 2734 2889 2802 ὲξαδέλφῳ
2926 2731 3023 2784 τοῦ
3045 2729 3282 2800 μεγάλου
3317 2727 3712 2798 δρουγγαρίου,
3739 2730 3837 2778 καὶ

2247 2826 2510 2879 ἀδύνατον
2543 2820 2684 2876 εἶναι
2724 2823 2816 2876 δύο
2847 2820 3099 2893 πρώτους
3125 2821 3453 2889 ὲξαδέλφους
3484 2819 3634 2871 δυσὶν
3671 2817 3835 2872 ἀδελ-

2252 2917 2381 2987 φαῖς
2439 2915 2834 2978 συνάπτεσθαι,
2899 2912 3136 2982 ἐλαλήθη
3210 2910 3505 2970 συνοδικῶς
3565 2909 3658 2959 ἐπὶ
3721 2907 3837 2960 τῶν

2249 3007 2355 3075 ήμε
2367 3005 2475 3075 ρῶν
2511 3004 2605 3058 τοῦ
2638 3003 2941 3073 άγιωτάτου
2962 3002 3306 3072 πατριάρχου
3327 3000 3518 3070 κυρίου
3548 2999 3833 3052 Νικολάου

566 3116 732 3162 ctus:
785 3119 1045 3161 statutum
1097 3121 1180 3163 est
1218 3112 1396 3164 autem
1442 3127 1548 3163 non
1599 3111 1869 3178 impediri,
1903 3125 1968 3164 eo
1994 3108 2138 3179 quod

2260 3099 2354 3151 τοῦ
2381 3097 2773 3160 Μουσάλωνος,
2815 3096 2864 3148 εί
2892 3097 2955 3148 ὲκ
3003 3093 3197 3148 τούτου
3241 3092 3596 3159 ὲμποδίζεται
3636 3091 3707 3142 τὸ
3738 3091 3836 3143 τοῦ

567 3201 838 3262 sponsalia
884 3201 1109 3267 perfecti
1167 3203 1495 3255 matrimonii
1539 3202 1713 3255 locum
1755 3217 1859 3262 non
1903 3209 2139 3256 teneant.

565 3288 736 3343 Porro
793 3293 1173 3345 sanctissimus
1244 3309 1458 3361 quoque
1513 3294 1824 3362 patriarcha
1884 3293 2139 3346 dominus

568 3378 904 3434 Theodosius
965 3383 1237 3435 concessit
1299 3383 1786 3450 Mesopotamitano
1847 3385 1993 3438 dom.
2052 3384 2145 3437 Mi-

570 3470 768 3530 chaeli,
805 3473 889 3523 cui
935 3472 1103 3524 Maria
1141 3475 1386 3540 quaedam
1444 3475 1713 3543 desponsa
1757 3473 1895 3528 forte
1937 3473 2139 3539 fuerat,

569 3569 652 3623 ct,
723 3563 864 3627 quod
937 3574 997 3612 ea
1067 3571 1190 3614 ante
1247 3563 1650 3615 matrimonium
1705 3574 1930 3615 mortem
1987 3563 2142 3617 obie-

571 3658 647 3703 rat
679 3688 692 3714 ,
748 3649 904 3701 aliam
953 3660 1227 3717 acceperat
1261 3691 1274 3714 ,
1321 3659 1378 3705 ut
1419 3652 1504 3704 alii
1542 3652 1657 3705 sine
1689 3653 1998 3720 prmjudicio
2028 3661 2146 3719 post

573 3750 800 3793 mortem
840 3740 956 3806 ejus
1006 3743 1460 3814 conjungeretur,
1524 3745 1758 3797 maxime
1799 3761 1919 3797 cum
1979 3755 2032 3798 et
2086 3744 2148 3797 li-

569 3830 727 3885 beros
796 3833 1062 3893 haberet.
1130 3843 1184 3886 et
1290 3834 1520 3903 trigenta
1592 3850 1763 3888 annos
1803 3835 2145 3898 excessisset,

573 3920 758 3995 dicens
799 3922 903 3976 hoc
954 3939 1058 3978 n0n
1087 3925 1326 3992 reputari
1377 3926 1703 3993 trigamiam,
1761 3935 1943 3993 utpote
2006 3925 2148 3994 quod

575 4015 850 4080 sponsalia
887 4030 983 4083 pro
1011 4018 1249 4084 perfecto
1283 4017 1633 4070 matrimonio
1679 4033 1782 4070 non
1820 4017 2147 4071 sullicereut.

574 4102 701 4157 Haec
752 4115 928 4159 autem
960 4108 1160 4161 idcirco
1200 4118 1403 4162 statuta
1436 4118 1584 4171 sunt,
1640 4110 1782 4177 quod
1816 4124 1920 4161 non
1945 4109 2148 4161 dictum

572 4203 660 4249 est
730 4193 1044 4248 aﬂinitatem
1096 4199 1262 4252 etiam
1326 4199 1472 4251 inter
1522 4207 1702 4265 partes
1762 4197 2151 4264 desponsantes

574 4285 764 4339 fuisse.
829 4284 884 4338 Si
939 4287 1083 4339 enim
1150 4286 1380 4340 aﬂinitas
1435 4287 1647 4350 fuisset,
1712 4285 1818 4338 tale
1871 4285 2150 4353 quippiam

575 4391 852 4443 nunquam
913 4377 1263 4429 constitutum
1311 4386 1478 4436 esset,
1526 4392 1592 4428 ne
1635 4376 1953 4429 manifestus
2004 4375 2150 4427 ince-

2252 3189 2492 3260 μεγάλου
2525 3187 2897 3258 δρουγγαρὶου
2968 3185 3350 3252 συνάλλαγμα.-
3388 3184 3479 3235 καὶ
3524 3183 3835 3249 διεγνώσθη

2251 3282 2327 3350 μὴ
2353 3277 2767 3348 ἐμποδίζεσθαι,
2787 3277 2874 3328 διὰ
2892 3277 2952 3328 τὸ
2973 3276 3069 3344 τὴν
3104 3274 3406 3343 μνηστείαν
3438 3270 3602 3324 τόπον
3620 3272 3835 3323 τελείου

2249 3375 2431 3441 γάμου
2469 3372 2543 3441 μὴ
2597 3370 2840 3439 ἐπέχειν.
2874 3367 2983 3421 Καὶ
3007 3368 3035 3419 ὁ
3061 3365 3370 3434 άγιώτατος
3404 3363 3458 3415 δὲ
3478 3361 3835 3432 πατριάρχης

2250 3469 2444 3536 κύριος
2511 3463 2794 3523 Θεοδόσιος
2859 3459 3171 3536 ἐξεχώρησε
3233 3458 3310 3524 τῷ
3366 3455 3835 3522 Μεσοποταμίτου

2252 3556 2444 3625 κυρίου
2481 3552 2703 3622 Μιχαὴλ
2738 3535 3215 3620 μνηστεύσαμένῳ
3239 3546 3457 3616 Μαρίαν
3496 3543 3617 3596 τινά
3644 3545 3833 3614 τυχὸν,

2251 3646 2345 3700 καὶ
2406 3645 2496 3697 διὰ
2539 3644 2600 3695 τὸ
2654 3641 2977 3709 τελευτῆσαι
3044 3639 3247 3704 ταύτην
3295 3637 3402 3704 πρό
3459 3634 3555 3687 τοῦ
3623 3636 3831 3701 γάμου,

2252 3741 2449 3808 ἑτέραν
2478 3738 2721 3800 λαϐόντι,
2756 3734 3284 3804 άπροκριματίστως
3327 3731 3468 3798 μετά
3488 3729 3580 3780 τὸν
3622 3729 3835 3793 ταὺττις

2253 3833 2486 3885 θάνατον
2540 3830 2706 3899 ἑτέρᾳ
2738 3827 3105 3896 συναφθῆναι,
3137 3824 3319 3893 ἔχοντι
3347 3822 3442 3874 καὶ
3494 3818 3670 3872 ταῦτα
3704 3822 3835 3871 παῖ-

2252 3925 2369 3986 δας,
2394 3922 2489 3974 καὶ
2511 3922 2603 3972 τὸν
2633 3918 2961 3989 τριακοστὸν
2984 3915 3396 3986 ὑπεραναϐάντι
3420 3914 3635 3982 χρόνον,
3662 3912 3836 3963 εἰπὼν

2256 4018 2330 4087 μὴ
2359 4015 2676 4083 λογίζεσθαι
2711 4015 2869 4067 τοῦτο
2906 4013 3228 4083 τριγαμίαν,
3264 4011 3336 4068 ώς
3364 4009 3464 4074 τῆς
3534 4007 3835 4075 μνηστείας

2258 4109 2332 4176 μὴ
2371 4106 2648 4175 ἀρκούσης
2684 4107 2807 4156 ἀντὶ
2833 4104 3040 4156 τελείου
3083 4103 3287 4169 γάμου.
3346 4098 3532 4151 Ταῦτα
3576 4097 3634 4150 δὲ
3693 4096 3836 4150 οὕτω

2261 4198 2567 4267 διεγνώσθη
2599 4197 2686 4248 διὰ
2736 4196 2796 4248 τὸ
2849 4195 2922 4262 μὴ
2953 4195 3254 4261 λαληθῆναι
3286 4192 3380 4243 καὶ
3416 4189 3674 4256 γενέσθαι
3710 4206 3835 4240 συν-

2255 4289 2453 4357 άφειαν
2526 4287 2691 4354 μέσον
2755 4285 2862 4337 τῶν
2925 4285 3275 4352 μνηστήρων.
3341 4281 3406 4332 Et
3477 4279 3585 4346 γὰρ
3645 4277 3836 4343 γέγονε

2267 4380 2552 4444 συνάφεια,
2588 4377 2688 4430 οὐκ
2728 4378 2792 4428 ἂν
2847 4373 3144 4442 διεγνώσθη
3215 4370 3454 4424 τοιοῦτόν
3503 4387 3577 4432 τι,
3619 4368 3707 4419 ἶνα
3768 4369 3836 4436 μὴ

577 4479 715 4530 stus,
767 4478 820 4521 et
881 4467 1216 4535 illegitimum
1277 4468 1677 4520 matrimonium
1722 4468 2141 4532 permitteretur.

2266 4467 2550 4537 προφανὴς
2587 4464 2883 4534 αἱμομιξία
2916 4465 3009 4516 καὶ
3033 4462 3291 4530 άθέμιτος
3319 4460 3498 4526 γάμος
3527 4457 3833 4526 ὲγχωρηθῇ.

581 4559 884 4624 Quinetiam
939 4560 1027 4610 tali
1072 4558 1329 4611 allinitate
1362 4572 1464 4609 non
1513 4557 1940 4619 interveniente,
1978 4573 2155 4624 quan-

579 4651 867 4718 doquidem
924 4666 953 4703 a
994 4667 1119 4704 can.
1165 4650 1235 4706 98
1277 4649 1466 4717 synodi
1502 4647 1553 4699 in
1590 4645 1798 4711 Trullo,
1845 4657 1900 4700 et
1950 4663 2069 4714 cap.
2124 4647 2159 4698 2

581 4741 669 4794 tit.
705 4740 793 4803 58,
828 4741 920 4793 lib.
949 4756 1013 4792 ιχ
1044 4751 1096 4793 et
1145 4743 1311 4794 them.
1335 4743 1388 4804 5,
1421 4755 1538 4807 cap.
1580 4741 1665 4801 12,
1696 4740 1778 4792 tit.
1802 4739 1890 4801 37,
1921 4738 2159 4804 ejusdem

583 4835 679 4888 lib.
728 4848 817 4897 ιτ,
865 4833 997 4887 satis
1033 4841 1250 4886 constat
1280 4847 1424 4893 eum.
1460 4833 1548 4898 qui
1589 4831 1740 4884 alteri
1771 4833 2150 4898 desponsatam

583 4929 819 4989 duxerit,
849 4925 1011 4988 aduLt.
1037 4925 1100 4977 rii
1133 4923 1358 4976 crimine
1403 4924 1596 4983 teneri,
1641 4925 1856 4989 quando
1892 4933 1947 4974 et
1994 4937 2157 4990 Spon-

584 5019 719 5074 salia
765 5027 892 5071 tunc
922 5030 1093 5082 pmntn
1117 5014 1382 5068 solutione
1402 5014 1851 5078 dissolvebantur,
1885 5025 1937 5066 et
1970 5029 2074 5067 non
2108 5021 2163 5064 ut

587 5113 746 5166 hodie
778 5109 1122 5162 matrimonio
1158 5107 1570 5175 :equivalebant,
1605 5107 1723 5158 dico
1752 5121 1870 5173 que
1924 5107 1993 5156 ita
2031 5120 2158 5172 pcr-

587 5203 876 5256 mittuntur
913 5214 1017 5252 non
1064 5212 1181 5251 esse
1228 5204 1378 5250 extra
1424 5196 1749 5266 periculmn,
1785 5195 2156 5260 adstipulante

585 5292 752 5344 etiam
787 5289 1071 5359 prtesentis
1099 5292 1320 5341 canonis
1351 5283 1699 5341 auctoritate.

2259 4563 2438 4613 ’Ὀπου
2483 4573 2541 4624 γε
2607 4561 2702 4610 καὶ
2757 4557 3053 4620 συναφείας
3093 4553 3167 4620 μὴ
3217 4551 3527 4618 γεγονυίας,
3572 4549 3697 4600 ἐπεὶ
3731 4547 3833 4600 ἀπὸ

2263 4651 2358 4702 τοῦ
2390 4648 2790 4717 ὲννενηκοστοῦ
2811 4647 2998 4711 ὀγδόου
3031 4643 3368 4708 κανόνοςτῆς
3395 4643 3454 4690 ὲν
3476 4640 3553 4707 τῷ
3586 4637 3836 4706 Τριούλλῳ

2267 4741 2510 4798 συνόδου,
2545 4740 2638 4789 καὶ
2671 4737 2777 4789 ἀπὸ
2811 4735 2904 4787 τοῦ
2937 4734 3195 4801 δευτέρου
3235 4732 3540 4797 κεφαλαίου
3580 4731 3676 4780 τοῦ
3708 4746 3830 4780 πεν-

2265 4831 2535 4901 τηκοστοῦ
2602 4828 2789 4894 ὀγδόου
2848 4827 3026 4879 τίτλου
3075 4823 3168 4877 τοῦ
3246 4821 3545 4892 ἑξηκοστοῦ
3609 4819 3833 4888 βιϐλίου,

2269 4925 2360 4978 καὶ
2395 4920 2622 4975 ἀπὸτοῦ
2656 4919 2840 4988 τρίτου
2886 4919 3123 4984 θέματος
3166 4914 3260 4978 τοῦ
3308 4911 3622 4965 δωδεκάτου
3678 4927 3836 4975 κεφα-

2267 5017 2423 5068 λαίου
2452 5009 2785 5080 τριακοστοῦ
2813 5007 3051 5074 ἑϐδόμου
3085 5004 3262 5057 τίτλου
3296 5001 3392 5054 τοῦ
3445 4999 3615 5054 αὑτοῦ
3643 5001 3833 5068 ἑξηκο-

2271 5107 2397 5159 στοῦ
2440 5103 2672 5173 βιϐλίου,
2704 5101 3044 5169 παρίσταται
3097 5096 3156 5147 τὸ
3201 5095 3328 5164 περὶ
3363 5093 3613 5162 μοιχείας
3648 5091 3833 5158 ἐγκλή-

2275 5218 2403 5269 ματι
2436 5195 2806 5248 καθίστασθαι
2857 5194 3038 5259 ἔνοχον
3091 5188 3184 5240 τον
3216 5187 3317 5255 τὴν
3356 5185 3528 5252 ἑτέρῳ
3573 5200 3832 5252 μνηστευ-

2269 5289 2515 5356 σαμένην
2539 5287 2821 5351 γήμαντα,
2857 5281 2944 5331 ὅτε
2981 5278 3076 5331 καὶ
3111 5279 3140 5344 ή
3170 5275 3439 5343 μνηστεία
3472 5275 3614 5341 μετὰ
3649 5270 3834 5328 δόσεως

591 5383 893 5453 προστίμου
915 5380 1119 5443 ἐλύετο,
1156 5382 1245 5431 καὶ
1277 5381 1375 5432 οὐκ
1405 5377 1470 5450 ἦν
1506 5379 1820 5447 ίσοδύναμος
1850 5380 1925 5448 τῷ
1953 5382 2115 5449 γάμῳ
2155 5384 2227 5445 ὡς
2262 5384 2518 5449 σήμερον,
2539 5377 2681 5443 λέγω
2707 5373 2779 5443 μὴ
2817 5368 2954 5423 εἶναι
2991 5366 3250 5420 ἀκίνδυνα
3290 5367 3358 5418 τὰ
3385 5364 3559 5426 οὕτως
3592 5366 3828 5431 ὲγχωρη-

587 5477 749 5530 θέντα
779 5474 1182 5544 συνεργουμένῃ
1239 5475 1330 5526 καὶ
1393 5477 1456 5544 τῇ
1504 5474 1595 5526 τοῦ
1678 5477 1942 5540 παρὸντος

671 5661 919 5716 ZONAR.
952 5663 1006 5717 Si
1033 5679 1155 5715 cum
1186 5681 1279 5716 sua
1313 5679 1503 5731 sponsa
1538 5664 1706 5716 lector
1760 5679 1868 5714 rem
1920 5664 2170 5717 habnt-rit

611 5764 737 5807 ante
769 5756 1190 5824 matrimonium,
1230 5758 1390 5812 ctiam
1425 5758 1633 5812 volente
1679 5756 1764 5808 illa
1827 5757 1897 5823 (id
1929 5759 2068 5809 enim
2103 5756 2174 5808 si-

2027 5479 2248 5539 καιόνος
2275 5476 2524 5541 δυνάμει.

2353 5656 2588 5712 ΖΩΝΛΡ.
2653 5653 2778 5706 Ἐὰν
2843 5652 2906 5717 τῇ
2979 5647 3157 5713 οἰκείᾳ
3215 5646 3426 5713 μνηστῇ
3493 5639 3832 5704 anywhere;

2285 5751 2449 5820 μιχθῇ
2489 5748 2590 5816 πρλι
2619 5744 2709 5796 τοῦ
2743 5747 2937 5811 γάμου,
2976 5739 3229 5800 κάκείνης
3259 5734 3516 5799 θελούσης
3544 5733 3723 5798 (τοῦτο
3744 5745 3831 5793 τδρ
