  <div class='ocr_page' id='page_1' title='image "/cluster/home/n/w/nwhite01/storage/ocr_20150623/138/pst.000005714544/426.png"; bbox 0 0 3946 6342; ppageno 0'>
   <div class='ocr_carea' id='block_1_1' title="bbox 139 363 280 425">
    <p class='ocr_par' dir='ltr' id='par_1_1' title="bbox 139 363 280 425">
     <span class='ocr_line' id='line_1_1' title="bbox 139 363 280 425; baseline 0.021 -3"><span class='ocrx_word' id='word_1_1' title='bbox 139 363 280 425; x_wconf 78' lang='lat'><strong>769</strong></span> 
     </span>
    </p>
   </div>
   <div class='ocr_carea' id='block_1_2' title="bbox 1129 364 2540 427">
    <p class='ocr_par' dir='ltr' id='par_1_2' title="bbox 1129 364 2540 427">
     <span class='ocr_line' id='line_1_2' title="bbox 1129 364 2540 427; baseline 0 -3"><span class='ocrx_word' id='word_1_2' title='bbox 1129 367 1209 427; x_wconf 84' lang='grc' dir='ltr'>ΙΝ</span> <span class='ocrx_word' id='word_1_3' title='bbox 1251 366 1488 427; x_wconf 79' lang='lat' dir='ltr'><strong>El’lST.</strong></span> <span class='ocrx_word' id='word_1_4' title='bbox 1539 369 1597 427; x_wconf 65' lang='grc' dir='ltr'>ὃ.</span> <span class='ocrx_word' id='word_1_5' title='bbox 1640 366 1919 425; x_wconf 77' lang='lat' dir='ltr'><strong>BASILII</strong></span> <span class='ocrx_word' id='word_1_6' title='bbox 1958 364 2388 425; x_wconf 62' lang='lat' dir='ltr'><strong>CANONICAN‘I</strong></span> <span class='ocrx_word' id='word_1_7' title='bbox 2426 365 2540 424; x_wconf 83' lang='lat' dir='ltr'><strong>Ill.</strong></span> 
     </span>
    </p>
   </div>
   <div class='ocr_carea' id='block_1_3' title="bbox 3318 374 3421 438">
    <p class='ocr_par' dir='ltr' id='par_1_3' title="bbox 3318 374 3421 438">
     <span class='ocr_line' id='line_1_3' title="bbox 3318 374 3421 438; baseline 0.019 -2"><span class='ocrx_word' id='word_1_8' title='bbox 3318 374 3421 438; x_wconf 75' lang='lat'><strong>770</strong></span> 
     </span>
    </p>
   </div>
   <div class='ocr_carea' id='block_1_4' title="bbox 143 467 1738 552">
    <p class='ocr_par' dir='ltr' id='par_1_4' title="bbox 143 467 1738 545">
     <span class='ocr_line' id='line_1_4' title="bbox 143 467 1738 545; baseline -0.001 -20"><span class='ocrx_word' id='word_1_9' title='bbox 143 472 336 543; x_wconf 78' lang='grc' dir='ltr'>δηλοῖ</span> <span class='ocrx_word' id='word_1_10' title='bbox 364 473 448 542; x_wconf 78' lang='grc' dir='ltr'>τὸ,</span> <span class='ocrx_word' id='word_1_11' title='bbox 470 473 839 541; x_wconf 77' lang='grc' dir='ltr'>συναλλάξει),</span> <span class='ocrx_word' id='word_1_12' title='bbox 865 474 1111 528; x_wconf 72' lang='grc' dir='ltr'>ινιαυτὸν</span> <span class='ocrx_word' id='word_1_13' title='bbox 1138 474 1479 545; x_wconf 76' lang='grc' dir='ltr'><strong>ἀφορίζεται,</strong></span> <span class='ocrx_word' id='word_1_14' title='bbox 1519 467 1636 525; x_wconf 76' lang='grc' dir='ltr'>εἶτα</span> <span class='ocrx_word' id='word_1_15' title='bbox 1665 474 1738 526; x_wconf 80' lang='grc' dir='ltr'><strong>δέ·</strong></span> 
     </span>
    </p>
   </div>
   <div class='ocr_carea' id='block_1_5' title="bbox 1855 467 3428 552">
    <p class='ocr_par' dir='ltr' id='par_1_5' title="bbox 1855 471 3428 552">
     <span class='ocr_line' id='line_1_5' title="bbox 1855 471 3428 552; baseline 0.011 -31"><span class='ocrx_word' id='word_1_16' title='bbox 1855 471 2070 540; x_wconf 73' lang='lat' dir='ltr'><strong>gnilicat</strong></span> <span class='ocrx_word' id='word_1_17' title='bbox 2099 472 2316 526; x_wconf 81' lang='lat' dir='ltr'><strong>verbum</strong></span> <span class='ocrx_word' id='word_1_18' title='bbox 2353 471 2486 524; x_wconf 82' lang='lat' dir='ltr'><strong>illud</strong></span> <span class='ocrx_word' id='word_1_19' title='bbox 2521 471 2857 542; x_wconf 77' lang='grc' dir='ltr'>συναλλάξει)</span> <span class='ocrx_word' id='word_1_20' title='bbox 2907 491 3014 530; x_wconf 89' lang='lat' dir='ltr'><strong>uno</strong></span> <span class='ocrx_word' id='word_1_21' title='bbox 3059 493 3200 533; x_wconf 86' lang='lat' dir='ltr'><strong>anno</strong></span> <span class='ocrx_word' id='word_1_22' title='bbox 3244 495 3428 552; x_wconf 74' lang='lat' dir='ltr'><strong>segre-</strong></span> 
     </span>
    </p>
   </div>
   <div class='ocr_carea' id='block_1_6' title="bbox 140 565 1749 636">
    <p class='ocr_par' dir='ltr' id='par_1_6' title="bbox 140 565 1749 636">
     <span class='ocr_line' id='line_1_6' title="bbox 140 565 1749 636; baseline 0.001 -20"><span class='ocrx_word' id='word_1_23' title='bbox 140 581 336 632; x_wconf 75' lang='grc' dir='ltr'>χεται</span> <span class='ocrx_word' id='word_1_24' title='bbox 431 566 504 635; x_wconf 78' lang='grc' dir='ltr'><strong>μή</strong></span> <span class='ocrx_word' id='word_1_25' title='bbox 556 565 1029 636; x_wconf 74' lang='grc' dir='ltr'>προσιόαζόμενος</span> <span class='ocrx_word' id='word_1_26' title='bbox 1100 569 1178 628; x_wconf 88' lang='grc' dir='ltr'><strong>είς</strong></span> <span class='ocrx_word' id='word_1_27' title='bbox 1233 565 1456 636; x_wconf 80' lang='grc' dir='ltr'>μείζονα</span> <span class='ocrx_word' id='word_1_28' title='bbox 1521 565 1749 635; x_wconf 88' lang='grc' dir='ltr'>βαθμόν.</span> 
     </span>
    </p>
   </div>
   <div class='ocr_carea' id='block_1_7' title="bbox 163 653 1754 727">
    <p class='ocr_par' dir='ltr' id='par_1_7' title="bbox 163 653 1754 727">
     <span class='ocr_line' id='line_1_7' title="bbox 163 653 1754 727; baseline 0.001 -22"><span class='ocrx_word' id='word_1_29' title='bbox 163 654 318 706; x_wconf 83' lang='grc' dir='ltr'><strong>Ἐὰν</strong></span> <span class='ocrx_word' id='word_1_30' title='bbox 346 655 402 708; x_wconf 80' lang='grc' dir='ltr'><strong>δὲ</strong></span> <span class='ocrx_word' id='word_1_31' title='bbox 446 657 570 709; x_wconf 83' lang='grc' dir='ltr'>ἀνευ</span> <span class='ocrx_word' id='word_1_32' title='bbox 583 656 878 727; x_wconf 80' lang='grc' dir='ltr'><strong>μνηστείας</strong></span> <span class='ocrx_word' id='word_1_33' title='bbox 925 656 1154 726; x_wconf 80' lang='grc' dir='ltr'><strong>συνέλθῃ</strong></span> <span class='ocrx_word' id='word_1_34' title='bbox 1172 655 1415 723; x_wconf 73' lang='grc' dir='ltr'>γυναικὶ,</span> <span class='ocrx_word' id='word_1_35' title='bbox 1439 655 1544 708; x_wconf 77' lang='grc' dir='ltr'>κᾶν</span> <span class='ocrx_word' id='word_1_36' title='bbox 1561 653 1754 721; x_wconf 82' lang='grc' dir='ltr'><strong>λόγους</strong></span> 
     </span>
    </p>
   </div>
   <div class='ocr_carea' id='block_1_8' title="bbox 143 746 1753 817">
    <p class='ocr_par' dir='ltr' id='par_1_8' title="bbox 143 746 1753 817">
     <span class='ocr_line' id='line_1_8' title="bbox 143 746 1753 817; baseline 0.001 -21"><span class='ocrx_word' id='word_1_37' title='bbox 143 746 311 808; x_wconf 71' lang='grc' dir='ltr'>ῐσως</span> <span class='ocrx_word' id='word_1_38' title='bbox 351 749 586 801; x_wconf 73' lang='grc' dir='ltr'>ἐποιεῖτο</span> <span class='ocrx_word' id='word_1_39' title='bbox 625 749 744 817; x_wconf 85' lang='grc' dir='ltr'>μετ’</span> <span class='ocrx_word' id='word_1_40' title='bbox 785 748 981 816; x_wconf 74' lang='grc' dir='ltr'>αὐτῆς,</span> <span class='ocrx_word' id='word_1_41' title='bbox 1027 748 1168 801; x_wconf 85' lang='grc' dir='ltr'>ὥστε</span> <span class='ocrx_word' id='word_1_42' title='bbox 1211 749 1398 800; x_wconf 77' lang='grc' dir='ltr'>λαϐεῖν</span> <span class='ocrx_word' id='word_1_43' title='bbox 1442 747 1614 814; x_wconf 84' lang='grc' dir='ltr'>αὐτὴν</span> <span class='ocrx_word' id='word_1_44' title='bbox 1673 750 1753 810; x_wconf 86' lang='grc' dir='ltr'><strong>εἰς</strong></span> 
     </span>
    </p>
   </div>
   <div class='ocr_carea' id='block_1_9' title="bbox 140 837 1750 907">
    <p class='ocr_par' dir='ltr' id='par_1_9' title="bbox 140 837 1750 907">
     <span class='ocr_line' id='line_1_9' title="bbox 140 837 1750 907; baseline 0.003 -22"><span class='ocrx_word' id='word_1_45' title='bbox 140 838 434 900; x_wconf 81' lang='grc' dir='ltr'>γυναῖκα,</span> <span class='ocrx_word' id='word_1_46' title='bbox 467 837 569 890; x_wconf 75' lang='grc' dir='ltr'>κᾶν</span> <span class='ocrx_word' id='word_1_47' title='bbox 598 837 873 906; x_wconf 77' lang='grc' dir='ltr'>συνεζύγη</span> <span class='ocrx_word' id='word_1_48' title='bbox 905 837 1043 907; x_wconf 79' lang='grc' dir='ltr'>αὐτῇ</span> <span class='ocrx_word' id='word_1_49' title='bbox 1075 838 1215 907; x_wconf 72' lang='grc' dir='ltr'>μετὰ</span> <span class='ocrx_word' id='word_1_50' title='bbox 1251 838 1452 899; x_wconf 82' lang='grc' dir='ltr'>ταῦτα,</span> <span class='ocrx_word' id='word_1_51' title='bbox 1489 837 1750 890; x_wconf 65' lang='grc' dir='ltr'>ικπίπτει</span> 
     </span>
    </p>
   </div>
   <div class='ocr_carea' id='block_1_10' title="bbox 147 925 1754 999">
    <p class='ocr_par' dir='ltr' id='par_1_10' title="bbox 147 925 1754 999">
     <span class='ocr_line' id='line_1_10' title="bbox 147 925 1754 999; baseline 0.004 -25"><span class='ocrx_word' id='word_1_52' title='bbox 147 925 276 993; x_wconf 75' lang='grc' dir='ltr'><strong>τῆς</strong></span> <span class='ocrx_word' id='word_1_53' title='bbox 305 926 634 995; x_wconf 82' lang='grc' dir='ltr'>ὑπηρεσίας.</span> <span class='ocrx_word' id='word_1_54' title='bbox 696 928 770 980; x_wconf 84' lang='grc' dir='ltr'>Τὸ</span> <span class='ocrx_word' id='word_1_55' title='bbox 802 929 934 981; x_wconf 79' lang='grc' dir='ltr'>αὐτὸ</span> <span class='ocrx_word' id='word_1_56' title='bbox 957 929 1014 982; x_wconf 81' lang='grc' dir='ltr'>δέ</span> <span class='ocrx_word' id='word_1_57' title='bbox 1061 945 1195 997; x_wconf 83' lang='grc' dir='ltr'>φησι</span> <span class='ocrx_word' id='word_1_58' title='bbox 1257 931 1352 981; x_wconf 79' lang='grc' dir='ltr'>καὶ</span> <span class='ocrx_word' id='word_1_59' title='bbox 1384 929 1514 999; x_wconf 75' lang='grc' dir='ltr'>περὶ</span> <span class='ocrx_word' id='word_1_60' title='bbox 1544 929 1754 998; x_wconf 77' lang='grc' dir='ltr'>ὑπηρέ-</span> 
     </span>
    </p>
   </div>
   <div class='ocr_carea' id='block_1_11' title="bbox 144 1017 1753 1089">
    <p class='ocr_par' dir='ltr' id='par_1_11' title="bbox 144 1017 1753 1089">
     <span class='ocr_line' id='line_1_11' title="bbox 144 1017 1753 1089; baseline 0.002 -22"><span class='ocrx_word' id='word_1_61' title='bbox 144 1031 293 1080; x_wconf 77' lang='grc' dir='ltr'>του,</span> <span class='ocrx_word' id='word_1_62' title='bbox 355 1017 524 1085; x_wconf 73' lang='grc' dir='ltr'>ἤγουν</span> <span class='ocrx_word' id='word_1_63' title='bbox 579 1017 963 1074; x_wconf 82' lang='grc' dir='ltr'>ὑποδιακόνου.</span> <span class='ocrx_word' id='word_1_64' title='bbox 1018 1020 1162 1089; x_wconf 87' lang='grc' dir='ltr'>Πρὸς</span> <span class='ocrx_word' id='word_1_65' title='bbox 1213 1019 1271 1071; x_wconf 76' lang='grc' dir='ltr'><strong>δὲ</strong></span> <span class='ocrx_word' id='word_1_66' title='bbox 1316 1019 1377 1071; x_wconf 86' lang='grc' dir='ltr'>τὸ</span> <span class='ocrx_word' id='word_1_67' title='bbox 1444 1019 1502 1072; x_wconf 79' lang='grc' dir='ltr'>ἐν</span> <span class='ocrx_word' id='word_1_68' title='bbox 1546 1019 1753 1088; x_wconf 82' lang='grc' dir='ltr'>φάκτον</span> 
     </span>
    </p>
   </div>
   <div class='ocr_carea' id='block_1_12' title="bbox 139 1105 1754 1179">
    <p class='ocr_par' dir='ltr' id='par_1_12' title="bbox 139 1105 1754 1179">
     <span class='ocr_line' id='line_1_12' title="bbox 139 1105 1754 1179; baseline 0.001 -21"><span class='ocrx_word' id='word_1_69' title='bbox 139 1105 463 1160; x_wconf 73' lang='grc' dir='ltr'><strong>ἀποδοτέον</strong></span> <span class='ocrx_word' id='word_1_70' title='bbox 488 1108 550 1160; x_wconf 86' lang='grc' dir='ltr'>τὸ</span> <span class='ocrx_word' id='word_1_71' title='bbox 583 1108 714 1178; x_wconf 75' lang='grc' dir='ltr'>περὶ</span> <span class='ocrx_word' id='word_1_72' title='bbox 751 1107 845 1160; x_wconf 84' lang='grc' dir='ltr'>τοῦ</span> <span class='ocrx_word' id='word_1_73' title='bbox 874 1108 1254 1174; x_wconf 82' lang='grc' dir='ltr'>ὐποδιακόνου,</span> <span class='ocrx_word' id='word_1_74' title='bbox 1307 1111 1479 1179; x_wconf 75' lang='grc' dir='ltr'>ήγουν</span> <span class='ocrx_word' id='word_1_75' title='bbox 1509 1111 1570 1162; x_wconf 80' lang='grc' dir='ltr'>τὸ</span> <span class='ocrx_word' id='word_1_76' title='bbox 1597 1108 1754 1162; x_wconf 77' lang='grc' dir='ltr'>ἐκπί-</span> 
     </span>
    </p>
   </div>
   <div class='ocr_carea' id='block_1_13' title="bbox 139 1196 1751 1270">
    <p class='ocr_par' dir='ltr' id='par_1_13' title="bbox 139 1196 1751 1270">
     <span class='ocr_line' id='line_1_13' title="bbox 139 1196 1751 1270; baseline 0.004 -23"><span class='ocrx_word' id='word_1_77' title='bbox 139 1211 332 1248; x_wconf 80' lang='grc' dir='ltr'>πτειν</span> <span class='ocrx_word' id='word_1_78' title='bbox 357 1196 518 1248; x_wconf 77' lang='grc' dir='ltr'>αὑτὸν</span> <span class='ocrx_word' id='word_1_79' title='bbox 541 1196 641 1265; x_wconf 80' lang='grc' dir='ltr'>τῆς</span> <span class='ocrx_word' id='word_1_80' title='bbox 664 1197 966 1267; x_wconf 81' lang='grc' dir='ltr'><strong>ὑπηρεσίας</strong></span> <span class='ocrx_word' id='word_1_81' title='bbox 996 1199 1509 1269; x_wconf 77' lang='grc' dir='ltr'>κλεψιγαμήσαντα.</span> <span class='ocrx_word' id='word_1_82' title='bbox 1538 1202 1613 1254; x_wconf 84' lang='grc' dir='ltr'><strong>Οὐ</strong></span> <span class='ocrx_word' id='word_1_83' title='bbox 1641 1201 1751 1270; x_wconf 80' lang='grc' dir='ltr'><strong>γὰρ</strong></span> 
     </span>
    </p>
   </div>
   <div class='ocr_carea' id='block_1_14' title="bbox 141 1287 1750 1364">
    <p class='ocr_par' dir='ltr' id='par_1_14' title="bbox 141 1287 1750 1364">
     <span class='ocr_line' id='line_1_14' title="bbox 141 1287 1750 1364; baseline 0.004 -25"><span class='ocrx_word' id='word_1_84' title='bbox 141 1290 385 1356; x_wconf 70' lang='grc' dir='ltr'>ἐφεῖται</span> <span class='ocrx_word' id='word_1_85' title='bbox 408 1287 752 1360; x_wconf 76' lang='grc' dir='ltr'>ὑποδιακὸνῳ</span> <span class='ocrx_word' id='word_1_86' title='bbox 780 1291 917 1359; x_wconf 90' lang='grc' dir='ltr'><strong>μετά</strong></span> <span class='ocrx_word' id='word_1_87' title='bbox 942 1291 1042 1361; x_wconf 77' lang='grc' dir='ltr'>τὴν</span> <span class='ocrx_word' id='word_1_88' title='bbox 1081 1291 1434 1364; x_wconf 72' lang='grc' dir='ltr'><strong>χειροθεσίαν</strong></span> <span class='ocrx_word' id='word_1_89' title='bbox 1481 1295 1750 1360; x_wconf 79' lang='grc' dir='ltr'>γυναῖκας</span> 
     </span>
    </p>
   </div>
   <div class='ocr_carea' id='block_1_15' title="bbox 149 1377 1750 1452">
    <p class='ocr_par' dir='ltr' id='par_1_15' title="bbox 149 1377 1750 1452">
     <span class='ocr_line' id='line_1_15' title="bbox 149 1377 1750 1452; baseline 0.002 -23"><span class='ocrx_word' id='word_1_90' title='bbox 149 1377 589 1448; x_wconf 82' lang='grc' dir='ltr'>μνηστεύεσθαι</span> <span class='ocrx_word' id='word_1_91' title='bbox 617 1380 713 1432; x_wconf 76' lang='grc' dir='ltr'>καὶ</span> <span class='ocrx_word' id='word_1_92' title='bbox 743 1380 924 1449; x_wconf 87' lang='grc' dir='ltr'>γάμον</span> <span class='ocrx_word' id='word_1_93' title='bbox 959 1382 1378 1437; x_wconf 81' lang='grc' dir='ltr'><strong>συναλλάσσειν.</strong></span> <span class='ocrx_word' id='word_1_94' title='bbox 1413 1384 1551 1452; x_wconf 81' lang='grc' dir='ltr'>Φησὶ</span> <span class='ocrx_word' id='word_1_95' title='bbox 1578 1383 1687 1451; x_wconf 77' lang='grc' dir='ltr'>γὰρ</span> <span class='ocrx_word' id='word_1_96' title='bbox 1723 1382 1750 1432; x_wconf 85' lang='grc' dir='ltr'><strong>ό</strong></span> 
     </span>
    </p>
   </div>
   <div class='ocr_carea' id='block_1_16' title="bbox 151 1466 1751 1534">
    <p class='ocr_par' dir='ltr' id='par_1_16' title="bbox 151 1466 1751 1534">
     <span class='ocr_line' id='line_1_16' title="bbox 151 1466 1751 1534; baseline 0.003 -16"><span class='ocrx_word' id='word_1_97' title='bbox 151 1466 286 1518; x_wconf 80' lang='grc' dir='ltr'><strong>τῶν</strong></span> <span class='ocrx_word' id='word_1_98' title='bbox 320 1466 492 1532; x_wconf 83' lang='grc' dir='ltr'>ἁγίων</span> <span class='ocrx_word' id='word_1_99' title='bbox 551 1467 872 1521; x_wconf 74' lang='grc' dir='ltr'>ἀποστόλων</span> <span class='ocrx_word' id='word_1_100' title='bbox 905 1469 1086 1522; x_wconf 89' lang='grc' dir='ltr'>κανὼν</span> <span class='ocrx_word' id='word_1_101' title='bbox 1128 1476 1224 1534; x_wconf 81' lang='grc' dir='ltr'>κς¹</span> <span class='ocrx_word' id='word_1_102' title='bbox 1273 1471 1449 1525; x_wconf 82' lang='grc' dir='ltr'>ταῦτα</span> <span class='ocrx_word' id='word_1_103' title='bbox 1470 1486 1484 1502; x_wconf 85' lang='grc'><strong>·</strong></span> <span class='ocrx_word' id='word_1_104' title='bbox 1515 1471 1636 1523; x_wconf 84' lang='grc' dir='ltr'><strong>Τῶν</strong></span> <span class='ocrx_word' id='word_1_105' title='bbox 1669 1472 1751 1534; x_wconf 83' lang='grc' dir='ltr'><strong>είς</strong></span> 
     </span>
    </p>
   </div>
   <div class='ocr_carea' id='block_1_17' title="bbox 143 1557 1751 1632">
    <p class='ocr_par' dir='ltr' id='par_1_17' title="bbox 143 1557 1751 1632">
     <span class='ocr_line' id='line_1_17' title="bbox 143 1557 1751 1632; baseline 0.004 -24"><span class='ocrx_word' id='word_1_106' title='bbox 143 1557 375 1627; x_wconf 81' lang='grc' dir='ltr'>κλῆρον</span> <span class='ocrx_word' id='word_1_107' title='bbox 406 1557 785 1622; x_wconf 83' lang='grc' dir='ltr'>προελθόντων</span> <span class='ocrx_word' id='word_1_108' title='bbox 815 1561 1050 1630; x_wconf 81' lang='grc' dir='ltr'>ἀγάμων</span> <span class='ocrx_word' id='word_1_109' title='bbox 1075 1561 1374 1632; x_wconf 79' lang='grc' dir='ltr'>κελεύομεν</span> <span class='ocrx_word' id='word_1_110' title='bbox 1389 1561 1751 1632; x_wconf 80' lang='grc' dir='ltr'>βουλομένους</span> 
     </span>
    </p>
   </div>
   <div class='ocr_carea' id='block_1_18' title="bbox 141 1649 1749 1724">
    <p class='ocr_par' dir='ltr' id='par_1_18' title="bbox 141 1649 1749 1724">
     <span class='ocr_line' id='line_1_18' title="bbox 141 1649 1749 1724; baseline 0.004 -24"><span class='ocrx_word' id='word_1_111' title='bbox 141 1651 370 1719; x_wconf 82' lang='grc' dir='ltr'>γαμεῖν</span> <span class='ocrx_word' id='word_1_112' title='bbox 399 1649 764 1718; x_wconf 85' lang='grc' dir='ltr'>ἀναγνώστας</span> <span class='ocrx_word' id='word_1_113' title='bbox 789 1653 885 1706; x_wconf 70' lang='grc' dir='ltr'>καὶ</span> <span class='ocrx_word' id='word_1_114' title='bbox 934 1653 1148 1723; x_wconf 83' lang='grc' dir='ltr'>ψάλτας</span> <span class='ocrx_word' id='word_1_115' title='bbox 1199 1655 1387 1724; x_wconf 88' lang='grc' dir='ltr'>μόνον.</span> <span class='ocrx_word' id='word_1_116' title='bbox 1440 1657 1504 1708; x_wconf 77' lang='lat' dir='ltr'><strong>El</strong></span> <span class='ocrx_word' id='word_1_117' title='bbox 1559 1655 1617 1708; x_wconf 84' lang='grc' dir='ltr'>δέ</span> <span class='ocrx_word' id='word_1_118' title='bbox 1663 1672 1749 1718; x_wconf 89' lang='grc' dir='ltr'><strong>τις</strong></span> 
     </span>
    </p>
   </div>
   <div class='ocr_carea' id='block_1_19' title="bbox 145 1744 1748 1820">
    <p class='ocr_par' dir='ltr' id='par_1_19' title="bbox 145 1744 1748 1820">
     <span class='ocr_line' id='line_1_19' title="bbox 145 1744 1748 1820; baseline 0.003 -24"><span class='ocrx_word' id='word_1_119' title='bbox 145 1744 599 1816; x_wconf 74' lang='grc' dir='ltr'>κλεψιγαμήσας</span> <span class='ocrx_word' id='word_1_120' title='bbox 627 1748 772 1815; x_wconf 88' lang='grc' dir='ltr'><strong>μετά</strong></span> <span class='ocrx_word' id='word_1_121' title='bbox 808 1747 978 1801; x_wconf 82' lang='grc' dir='ltr'>ταῦτα</span> <span class='ocrx_word' id='word_1_122' title='bbox 1004 1749 1292 1820; x_wconf 80' lang='grc' dir='ltr'><strong>ὑπηρέτης</strong></span> <span class='ocrx_word' id='word_1_123' title='bbox 1334 1752 1582 1820; x_wconf 76' lang='grc' dir='ltr'>γέγονεν,</span> <span class='ocrx_word' id='word_1_124' title='bbox 1611 1749 1748 1813; x_wconf 74' lang='grc' dir='ltr'><strong>ἔξω·</strong></span> 
     </span>
    </p>
   </div>
   <div class='ocr_carea' id='block_1_20' title="bbox 1857 563 3425 639">
    <p class='ocr_par' dir='ltr' id='par_1_20' title="bbox 1857 563 3425 639">
     <span class='ocr_line' id='line_1_20' title="bbox 1857 563 3425 639; baseline 0.008 -26"><span class='ocrx_word' id='word_1_125' title='bbox 1857 572 2015 632; x_wconf 78' lang='lat' dir='ltr'><strong>gatus</strong></span> <span class='ocrx_word' id='word_1_126' title='bbox 2043 577 2163 616; x_wconf 81' lang='lat' dir='ltr'><strong>mox</strong></span> <span class='ocrx_word' id='word_1_127' title='bbox 2200 563 2526 626; x_wconf 80' lang='lat' dir='ltr'><strong>admittitur,</strong></span> <span class='ocrx_word' id='word_1_128' title='bbox 2561 564 2627 618; x_wconf 91' lang='lat' dir='ltr'><strong>ad</strong></span> <span class='ocrx_word' id='word_1_129' title='bbox 2666 566 2920 634; x_wconf 83' lang='lat' dir='ltr'><strong>majorem</strong></span> <span class='ocrx_word' id='word_1_130' title='bbox 2959 570 3181 636; x_wconf 73' lang='lat' dir='ltr'><strong>gradum</strong></span> <span class='ocrx_word' id='word_1_131' title='bbox 3222 587 3425 639; x_wconf 86' lang='lat' dir='ltr'><strong>nequa-</strong></span> 
     </span>
    </p>
   </div>
   <div class='ocr_carea' id='block_1_21' title="bbox 1854 653 3425 729">
    <p class='ocr_par' dir='ltr' id='par_1_21' title="bbox 1854 653 3425 729">
     <span class='ocr_line' id='line_1_21' title="bbox 1854 653 3425 729; baseline 0.007 -23"><span class='ocrx_word' id='word_1_132' title='bbox 1854 669 2016 722; x_wconf 91' lang='lat' dir='ltr'><strong>quam</strong></span> <span class='ocrx_word' id='word_1_133' title='bbox 2045 657 2461 723; x_wconf 87' lang='lat' dir='ltr'><strong>promovendus.</strong></span> <span class='ocrx_word' id='word_1_134' title='bbox 2495 653 2644 720; x_wconf 86' lang='lat' dir='ltr'><strong>Quod</strong></span> <span class='ocrx_word' id='word_1_135' title='bbox 2683 657 2726 710; x_wconf 86' lang='lat' dir='ltr'><strong>si</strong></span> <span class='ocrx_word' id='word_1_136' title='bbox 2771 656 2974 723; x_wconf 79' lang='lat' dir='ltr'><strong>absque</strong></span> <span class='ocrx_word' id='word_1_137' title='bbox 3008 661 3425 729; x_wconf 82' lang='lat' dir='ltr'><strong>desponsatione</strong></span> 
     </span>
    </p>
   </div>
   <div class='ocr_carea' id='block_1_22' title="bbox 1855 731 3421 814">
    <p class='ocr_par' dir='ltr' id='par_1_22' title="bbox 1855 731 3421 814">
     <span class='ocr_line' id='line_1_22' title="bbox 1855 731 3421 814; baseline 0.005 -17"><span class='ocrx_word' id='word_1_138' title='bbox 1855 759 1977 797; x_wconf 91' lang='lat' dir='ltr'><strong>eum</strong></span> <span class='ocrx_word' id='word_1_139' title='bbox 2010 745 2238 798; x_wconf 86' lang='lat' dir='ltr'><strong>muliere</strong></span> <span class='ocrx_word' id='word_1_140' title='bbox 2267 731 2674 814; x_wconf 76' lang='lat' dir='ltr'><strong>congrediatur,</strong></span> <span class='ocrx_word' id='word_1_141' title='bbox 2710 755 2764 800; x_wconf 88' lang='lat' dir='ltr'><strong>et</strong></span> <span class='ocrx_word' id='word_1_142' title='bbox 2805 747 2850 801; x_wconf 90' lang='lat' dir='ltr'><strong>si</strong></span> <span class='ocrx_word' id='word_1_143' title='bbox 2890 748 3026 802; x_wconf 78' lang='lat' dir='ltr'><strong>forte</strong></span> <span class='ocrx_word' id='word_1_144' title='bbox 3062 751 3129 803; x_wconf 88' lang='lat' dir='ltr'><strong>de</strong></span> <span class='ocrx_word' id='word_1_145' title='bbox 3179 753 3265 804; x_wconf 85' lang='lat' dir='ltr'><strong>illa</strong></span> <span class='ocrx_word' id='word_1_146' title='bbox 3318 753 3421 806; x_wconf 87' lang='lat' dir='ltr'><strong>sibi</strong></span> 
     </span>
    </p>
   </div>
   <div class='ocr_carea' id='block_1_23' title="bbox 1854 835 3426 904">
    <p class='ocr_par' dir='ltr' id='par_1_23' title="bbox 1854 835 3426 904">
     <span class='ocr_line' id='line_1_23' title="bbox 1854 835 3426 904; baseline 0.004 -14"><span class='ocrx_word' id='word_1_147' title='bbox 1854 849 2024 890; x_wconf 82' lang='lat' dir='ltr'><strong>uxore</strong></span> <span class='ocrx_word' id='word_1_148' title='bbox 2047 835 2384 904; x_wconf 71' lang='lat' dir='ltr'><strong>adiungenda</strong></span> <span class='ocrx_word' id='word_1_149' title='bbox 2421 851 2540 889; x_wconf 90' lang='lat' dir='ltr'><strong>cum</strong></span> <span class='ocrx_word' id='word_1_150' title='bbox 2575 852 2637 889; x_wconf 90' lang='lat' dir='ltr'><strong>ea</strong></span> <span class='ocrx_word' id='word_1_151' title='bbox 2682 839 2840 892; x_wconf 69' lang='lat' dir='ltr'><strong>verba</strong></span> <span class='ocrx_word' id='word_1_152' title='bbox 2888 839 3098 903; x_wconf 78' lang='lat' dir='ltr'><strong>iecerit,</strong></span> <span class='ocrx_word' id='word_1_153' title='bbox 3135 843 3342 895; x_wconf 73' lang='lat' dir='ltr'><strong>etiamsi</strong></span> <span class='ocrx_word' id='word_1_154' title='bbox 3369 855 3426 898; x_wconf 88' lang='lat' dir='ltr'><strong>et</strong></span> 
     </span>
    </p>
   </div>
   <div class='ocr_carea' id='block_1_24' title="bbox 1853 927 3422 994">
    <p class='ocr_par' dir='ltr' id='par_1_24' title="bbox 1853 927 3422 994">
     <span class='ocr_line' id='line_1_24' title="bbox 1853 927 3422 994; baseline 0.004 -16"><span class='ocrx_word' id='word_1_155' title='bbox 1853 935 2042 994; x_wconf 78' lang='lat' dir='ltr'><strong>posrea</strong></span> <span class='ocrx_word' id='word_1_156' title='bbox 2095 940 2214 978; x_wconf 89' lang='lat' dir='ltr'><strong>eam</strong></span> <span class='ocrx_word' id='word_1_157' title='bbox 2256 927 2494 990; x_wconf 77' lang='lat' dir='ltr'><strong>duxerit,</strong></span> <span class='ocrx_word' id='word_1_158' title='bbox 2554 942 2584 980; x_wconf 86' lang='lat' dir='ltr'><strong>a</strong></span> <span class='ocrx_word' id='word_1_159' title='bbox 2633 927 2940 982; x_wconf 76' lang='lat' dir='ltr'><strong>ministerio</strong></span> <span class='ocrx_word' id='word_1_160' title='bbox 2992 930 3212 985; x_wconf 76' lang='lat' dir='ltr'><strong>excidit.</strong></span> <span class='ocrx_word' id='word_1_161' title='bbox 3277 933 3422 986; x_wconf 85' lang='lat' dir='ltr'><strong>idem</strong></span> 
     </span>
    </p>
   </div>
   <div class='ocr_carea' id='block_1_25' title="bbox 1854 1016 3422 1089">
    <p class='ocr_par' dir='ltr' id='par_1_25' title="bbox 1854 1016 3422 1089">
     <span class='ocr_line' id='line_1_25' title="bbox 1854 1016 3422 1089; baseline 0.005 -21"><span class='ocrx_word' id='word_1_162' title='bbox 1854 1029 1984 1069; x_wconf 82' lang='lat' dir='ltr'><strong>vero</strong></span> <span class='ocrx_word' id='word_1_163' title='bbox 2011 1016 2086 1068; x_wconf 83' lang='lat' dir='ltr'><strong>ait</strong></span> <span class='ocrx_word' id='word_1_164' title='bbox 2117 1016 2282 1068; x_wconf 84' lang='lat' dir='ltr'><strong>etiam</strong></span> <span class='ocrx_word' id='word_1_165' title='bbox 2313 1016 2380 1069; x_wconf 88' lang='lat' dir='ltr'><strong>de</strong></span> <span class='ocrx_word' id='word_1_166' title='bbox 2413 1016 2666 1071; x_wconf 83' lang='lat' dir='ltr'><strong>ministro</strong></span> <span class='ocrx_word' id='word_1_167' title='bbox 2694 1034 2889 1087; x_wconf 90' lang='lat' dir='ltr'><strong>nempe</strong></span> <span class='ocrx_word' id='word_1_168' title='bbox 2913 1019 3312 1089; x_wconf 86' lang='lat' dir='ltr'><strong>hypodiacono.</strong></span> <span class='ocrx_word' id='word_1_169' title='bbox 3343 1025 3422 1076; x_wconf 81' lang='lat' dir='ltr'><strong>Ad</strong></span> 
     </span>
    </p>
   </div>
   <div class='ocr_carea' id='block_1_26' title="bbox 1855 1105 3423 1179">
    <p class='ocr_par' dir='ltr' id='par_1_26' title="bbox 1855 1105 3423 1179">
     <span class='ocr_line' id='line_1_26' title="bbox 1855 1105 3423 1179; baseline 0.004 -20"><span class='ocrx_word' id='word_1_170' title='bbox 1855 1121 2022 1160; x_wconf 91' lang='lat' dir='ltr'><strong>unum</strong></span> <span class='ocrx_word' id='word_1_171' title='bbox 2075 1119 2240 1174; x_wconf 92' lang='lat' dir='ltr'><strong>porro</strong></span> <span class='ocrx_word' id='word_1_172' title='bbox 2301 1105 2502 1159; x_wconf 75' lang='lat' dir='ltr'><strong>factum</strong></span> <span class='ocrx_word' id='word_1_173' title='bbox 2559 1107 2907 1162; x_wconf 79' lang='lat' dir='ltr'><strong>referendum</strong></span> <span class='ocrx_word' id='word_1_174' title='bbox 2954 1119 3055 1175; x_wconf 87' lang='lat' dir='ltr'><strong>est,</strong></span> <span class='ocrx_word' id='word_1_175' title='bbox 3106 1113 3158 1165; x_wconf 91' lang='lat' dir='ltr'><strong>id</strong></span> <span class='ocrx_word' id='word_1_176' title='bbox 3186 1117 3324 1179; x_wconf 87' lang='lat' dir='ltr'><strong>quod</strong></span> <span class='ocrx_word' id='word_1_177' title='bbox 3358 1116 3423 1166; x_wconf 84' lang='lat' dir='ltr'><strong>de</strong></span> 
     </span>
    </p>
   </div>
   <div class='ocr_carea' id='block_1_27' title="bbox 1856 1196 3424 1265">
    <p class='ocr_par' dir='ltr' id='par_1_27' title="bbox 1856 1196 3424 1265">
     <span class='ocr_line' id='line_1_27' title="bbox 1856 1196 3424 1265; baseline 0.006 -16"><span class='ocrx_word' id='word_1_178' title='bbox 1856 1196 2230 1265; x_wconf 85' lang='lat' dir='ltr'><strong>lrypodiacono</strong></span> <span class='ocrx_word' id='word_1_179' title='bbox 2257 1197 2456 1250; x_wconf 89' lang='lat' dir='ltr'><strong>dicitur</strong></span> <span class='ocrx_word' id='word_1_180' title='bbox 2482 1214 2496 1249; x_wconf 87' lang='lat'><em>:</em></span> <span class='ocrx_word' id='word_1_181' title='bbox 2529 1198 2807 1264; x_wconf 90' lang='lat' dir='ltr'><strong>nimirum,</strong></span> <span class='ocrx_word' id='word_1_182' title='bbox 2837 1209 2895 1254; x_wconf 93' lang='lat' dir='ltr'><strong>ut</strong></span> <span class='ocrx_word' id='word_1_183' title='bbox 2939 1215 2968 1253; x_wconf 86' lang='lat' dir='ltr'><strong>a</strong></span> <span class='ocrx_word' id='word_1_184' title='bbox 3001 1202 3299 1256; x_wconf 78' lang='lat' dir='ltr'><strong>ministerio</strong></span> <span class='ocrx_word' id='word_1_185' title='bbox 3330 1217 3424 1258; x_wconf 76' lang='lat' dir='ltr'><strong>ax-</strong></span> 
     </span>
    </p>
   </div>
   <div class='ocr_carea' id='block_1_28' title="bbox 1853 1289 3421 1352">
    <p class='ocr_par' dir='ltr' id='par_1_28' title="bbox 1853 1289 3421 1352">
     <span class='ocr_line' id='line_1_28' title="bbox 1853 1289 3421 1352; baseline 0.004 -10"><span class='ocrx_word' id='word_1_186' title='bbox 1853 1289 2022 1352; x_wconf 89' lang='lat' dir='ltr'><strong>cidat,</strong></span> <span class='ocrx_word' id='word_1_187' title='bbox 2065 1289 2112 1342; x_wconf 86' lang='lat' dir='ltr'><strong>si</strong></span> <span class='ocrx_word' id='word_1_188' title='bbox 2147 1289 2547 1343; x_wconf 74' lang='lat' dir='ltr'><strong>matrimonium</strong></span> <span class='ocrx_word' id='word_1_189' title='bbox 2604 1290 2788 1344; x_wconf 78' lang='lat' dir='ltr'><strong>furtim</strong></span> <span class='ocrx_word' id='word_1_190' title='bbox 2822 1293 3058 1349; x_wconf 89' lang='lat' dir='ltr'><strong>iniverit.</strong></span> <span class='ocrx_word' id='word_1_191' title='bbox 3120 1293 3226 1348; x_wconf 87' lang='lat' dir='ltr'><strong>Nec</strong></span> <span class='ocrx_word' id='word_1_192' title='bbox 3278 1297 3421 1349; x_wconf 89' lang='lat' dir='ltr'><strong>enim</strong></span> 
     </span>
    </p>
   </div>
   <div class='ocr_carea' id='block_1_29' title="bbox 1855 1378 3425 1453">
    <p class='ocr_par' dir='ltr' id='par_1_29' title="bbox 1855 1378 3425 1453">
     <span class='ocr_line' id='line_1_29' title="bbox 1855 1378 3425 1453; baseline 0.004 -21"><span class='ocrx_word' id='word_1_193' title='bbox 1855 1378 2225 1448; x_wconf 85' lang='lat' dir='ltr'><strong>hypodiacono</strong></span> <span class='ocrx_word' id='word_1_194' title='bbox 2277 1381 2628 1448; x_wconf 88' lang='lat' dir='ltr'><strong>permittitur,</strong></span> <span class='ocrx_word' id='word_1_195' title='bbox 2695 1394 2814 1450; x_wconf 91' lang='lat' dir='ltr'><strong>post</strong></span> <span class='ocrx_word' id='word_1_196' title='bbox 2862 1384 3260 1453; x_wconf 85' lang='lat' dir='ltr'><strong>impositionem</strong></span> <span class='ocrx_word' id='word_1_197' title='bbox 3310 1402 3425 1439; x_wconf 89' lang='lat' dir='ltr'><strong>ma-</strong></span> 
     </span>
    </p>
   </div>
   <div class='ocr_carea' id='block_1_30' title="bbox 1853 1468 3422 1544">
    <p class='ocr_par' dir='ltr' id='par_1_30' title="bbox 1853 1468 3422 1544">
     <span class='ocr_line' id='line_1_30' title="bbox 1853 1468 3422 1544; baseline 0.005 -24"><span class='ocrx_word' id='word_1_198' title='bbox 1853 1482 2018 1520; x_wconf 92' lang='lat' dir='ltr'><strong>nuum</strong></span> <span class='ocrx_word' id='word_1_199' title='bbox 2054 1468 2332 1523; x_wconf 87' lang='lat' dir='ltr'><strong>mulierem</strong></span> <span class='ocrx_word' id='word_1_200' title='bbox 2385 1485 2640 1538; x_wconf 80' lang='lat' dir='ltr'><strong>sponsam</strong></span> <span class='ocrx_word' id='word_1_201' title='bbox 2696 1486 3000 1536; x_wconf 79' lang='lat' dir='ltr'><strong>assumere,</strong></span> <span class='ocrx_word' id='word_1_202' title='bbox 3054 1489 3286 1544; x_wconf 90' lang='lat' dir='ltr'><strong>cumque</strong></span> <span class='ocrx_word' id='word_1_203' title='bbox 3333 1476 3422 1530; x_wconf 88' lang='lat' dir='ltr'><strong>illa</strong></span> 
     </span>
    </p>
   </div>
   <div class='ocr_carea' id='block_1_31' title="bbox 1854 1555 3420 1632">
    <p class='ocr_par' dir='ltr' id='par_1_31' title="bbox 1854 1555 3420 1632">
     <span class='ocr_line' id='line_1_31' title="bbox 1854 1555 3420 1632; baseline 0.004 -21"><span class='ocrx_word' id='word_1_204' title='bbox 1854 1559 2146 1612; x_wconf 88' lang='lat' dir='ltr'><strong>conciliare</strong></span> <span class='ocrx_word' id='word_1_205' title='bbox 2179 1560 2413 1628; x_wconf 77' lang='lat' dir='ltr'><strong>nuptias.</strong></span> <span class='ocrx_word' id='word_1_206' title='bbox 2451 1559 2574 1615; x_wconf 72' lang='lat' dir='ltr'><strong>llaac</strong></span> <span class='ocrx_word' id='word_1_207' title='bbox 2622 1577 2856 1632; x_wconf 88' lang='lat' dir='ltr'><strong>namque</strong></span> <span class='ocrx_word' id='word_1_208' title='bbox 2888 1555 3052 1619; x_wconf 75' lang='lat' dir='ltr'><strong>habet</strong></span> <span class='ocrx_word' id='word_1_209' title='bbox 3108 1579 3420 1620; x_wconf 88' lang='lat' dir='ltr'><strong>sanctorum</strong></span> 
     </span>
    </p>
   </div>
   <div class='ocr_carea' id='block_1_32' title="bbox 1849 1648 3419 1726">
    <p class='ocr_par' dir='ltr' id='par_1_32' title="bbox 1849 1648 3419 1726">
     <span class='ocr_line' id='line_1_32' title="bbox 1849 1648 3419 1726; baseline 0.006 -26"><span class='ocrx_word' id='word_1_210' title='bbox 1849 1648 2224 1717; x_wconf 78' lang='lat' dir='ltr'><strong>apostolorum</strong></span> <span class='ocrx_word' id='word_1_211' title='bbox 2255 1665 2426 1704; x_wconf 88' lang='lat' dir='ltr'><strong>canon</strong></span> <span class='ocrx_word' id='word_1_212' title='bbox 2461 1652 2752 1708; x_wconf 82' lang='lat' dir='ltr'><strong>vicesimus</strong></span> <span class='ocrx_word' id='word_1_213' title='bbox 2787 1664 2974 1709; x_wconf 80' lang='lat' dir='ltr'><strong>sextus</strong></span> <span class='ocrx_word' id='word_1_214' title='bbox 3006 1674 3020 1710; x_wconf 90' lang='lat'><strong>:</strong></span> <span class='ocrx_word' id='word_1_215' title='bbox 3057 1657 3133 1710; x_wconf 81' lang='lat' dir='ltr'><strong>Ex</strong></span> <span class='ocrx_word' id='word_1_216' title='bbox 3189 1659 3272 1721; x_wconf 88' lang='lat' dir='ltr'><strong>iis,</strong></span> <span class='ocrx_word' id='word_1_217' title='bbox 3327 1661 3419 1726; x_wconf 92' lang='lat' dir='ltr'><strong>qui</strong></span> 
     </span>
    </p>
   </div>
   <div class='ocr_carea' id='block_1_33' title="bbox 1853 1738 3417 1817">
    <p class='ocr_par' dir='ltr' id='par_1_33' title="bbox 1853 1738 3417 1817">
     <span class='ocr_line' id='line_1_33' title="bbox 1853 1738 3417 1817; baseline 0.006 -26"><span class='ocrx_word' id='word_1_218' title='bbox 1853 1753 1957 1791; x_wconf 88' lang='lat' dir='ltr'><strong>non</strong></span> <span class='ocrx_word' id='word_1_219' title='bbox 1986 1738 2144 1792; x_wconf 89' lang='lat' dir='ltr'><strong>ducta</strong></span> <span class='ocrx_word' id='word_1_220' title='bbox 2170 1755 2336 1794; x_wconf 73' lang='lat' dir='ltr'><strong>uxore</strong></span> <span class='ocrx_word' id='word_1_221' title='bbox 2370 1741 2436 1795; x_wconf 93' lang='lat' dir='ltr'><strong>ad</strong></span> <span class='ocrx_word' id='word_1_222' title='bbox 2465 1741 2666 1794; x_wconf 90' lang='lat' dir='ltr'><strong>clerum</strong></span> <span class='ocrx_word' id='word_1_223' title='bbox 2701 1747 2932 1813; x_wconf 89' lang='lat' dir='ltr'><strong>promoti</strong></span> <span class='ocrx_word' id='word_1_224' title='bbox 2967 1757 3114 1811; x_wconf 88' lang='lat' dir='ltr'><strong>sunt,</strong></span> <span class='ocrx_word' id='word_1_225' title='bbox 3144 1749 3417 1817; x_wconf 78' lang='lat' dir='ltr'><strong>jubemus.</strong></span> 
     </span>
    </p>
   </div>
   <div class='ocr_carea' id='block_1_34' title="bbox 147 1810 1738 1912">
    <p class='ocr_par' dir='ltr' id='par_1_34' title="bbox 147 1810 1738 1912">
     <span class='ocr_line' id='line_1_34' title="bbox 147 1810 1738 1912; baseline 0.004 -26"><span class='ocrx_word' id='word_1_226' title='bbox 147 1810 398 1904; x_wconf 76' lang='grc' dir='ltr'>θήσεται</span> <span class='ocrx_word' id='word_1_227' title='bbox 419 1810 520 1889; x_wconf 37' lang='grc' dir='ltr'>’τοῦ</span> <span class='ocrx_word' id='word_1_228' title='bbox 551 1810 769 1906; x_wconf 76' lang='grc' dir='ltr'>βαθμοῦ</span> <span class='ocrx_word' id='word_1_229' title='bbox 785 1836 975 1905; x_wconf 78' lang='grc' dir='ltr'>αὑτοῦ,</span> <span class='ocrx_word' id='word_1_230' title='bbox 1001 1810 1431 1907; x_wconf 15' lang='grc' dir='ltr'>διαγνωσθήέντος</span> <span class='ocrx_word' id='word_1_231' title='bbox 1450 1839 1544 1893; x_wconf 84' lang='grc' dir='ltr'>τοῦ</span> <span class='ocrx_word' id='word_1_232' title='bbox 1566 1810 1738 1912; x_wconf 73' lang='grc' dir='ltr'>ἀμαρε</span> 
     </span>
    </p>
   </div>
   <div class='ocr_carea' id='block_1_35' title="bbox 1855 1810 3424 1912">
    <p class='ocr_par' dir='ltr' id='par_1_35' title="bbox 1855 1830 3424 1896">
     <span class='ocr_line' id='line_1_35' title="bbox 1855 1830 3424 1896; baseline 0.005 -14"><span class='ocrx_word' id='word_1_233' title='bbox 1855 1830 1894 1883; x_wconf 78' lang='lat' dir='ltr'><strong>si</strong></span> <span class='ocrx_word' id='word_1_234' title='bbox 1931 1831 2120 1896; x_wconf 87' lang='lat' dir='ltr'><strong>velint,</strong></span> <span class='ocrx_word' id='word_1_235' title='bbox 2175 1847 2400 1886; x_wconf 79' lang='lat' dir='ltr'><strong>uxorem</strong></span> <span class='ocrx_word' id='word_1_236' title='bbox 2447 1831 2648 1888; x_wconf 89' lang='lat' dir='ltr'><strong>ducere</strong></span> <span class='ocrx_word' id='word_1_237' title='bbox 2685 1835 2911 1891; x_wconf 88' lang='lat' dir='ltr'><strong>lectores</strong></span> <span class='ocrx_word' id='word_1_238' title='bbox 2944 1846 2996 1890; x_wconf 89' lang='lat' dir='ltr'><strong>et</strong></span> <span class='ocrx_word' id='word_1_239' title='bbox 3051 1852 3302 1892; x_wconf 89' lang='lat' dir='ltr'><strong>cantores</strong></span> <span class='ocrx_word' id='word_1_240' title='bbox 3334 1855 3424 1893; x_wconf 87' lang='lat' dir='ltr'><strong>so-</strong></span> 
     </span>
    </p>
   </div>
   <div class='ocr_carea' id='block_1_36' title="bbox 140 1928 435 1998">
    <p class='ocr_par' dir='ltr' id='par_1_36' title="bbox 140 1928 435 1998">
     <span class='ocr_line' id='line_1_36' title="bbox 140 1928 435 1998; baseline 0.01 -18"><span class='ocrx_word' id='word_1_241' title='bbox 140 1928 230 1998; x_wconf 79' lang='grc' dir='ltr'><strong>τή</strong></span> <span class='ocrx_word' id='word_1_242' title='bbox 240 1944 435 1998; x_wconf 88' lang='grc' dir='ltr'>ματος.</span> 
     </span>
    </p>
   </div>
   <div class='ocr_carea' id='block_1_37' title="bbox 229 2191 1743 2268">
    <p class='ocr_par' dir='ltr' id='par_1_37' title="bbox 229 2191 1743 2268">
     <span class='ocr_line' id='line_1_37' title="bbox 229 2191 1743 2268; baseline 0.003 -22"><span class='ocrx_word' id='word_1_243' title='bbox 229 2192 454 2246; x_wconf 78' lang='grc' dir='ltr'><strong>ΑΡΙΣΤ.</strong></span> <span class='ocrx_word' id='word_1_244' title='bbox 498 2191 558 2246; x_wconf 81' lang='lat'><strong>&#39;0</strong></span> <span class='ocrx_word' id='word_1_245' title='bbox 586 2193 693 2264; x_wconf 81' lang='grc' dir='ltr'><strong>πρὸ</strong></span> <span class='ocrx_word' id='word_1_246' title='bbox 756 2194 936 2264; x_wconf 82' lang='grc' dir='ltr'>γάμου</span> <span class='ocrx_word' id='word_1_247' title='bbox 964 2195 1351 2251; x_wconf 85' lang='grc' dir='ltr'>συναλλάσσων</span> <span class='ocrx_word' id='word_1_248' title='bbox 1382 2197 1743 2268; x_wconf 84' lang='grc' dir='ltr'>ἀναγνώστης</span> 
     </span>
    </p>
   </div>
   <div class='ocr_carea' id='block_1_38' title="bbox 152 2287 1742 2360">
    <p class='ocr_par' dir='ltr' id='par_1_38' title="bbox 152 2287 1742 2360">
     <span class='ocr_line' id='line_1_38' title="bbox 152 2287 1742 2360; baseline 0.004 -24"><span class='ocrx_word' id='word_1_249' title='bbox 152 2288 388 2356; x_wconf 78' lang='grc' dir='ltr'>μνηστῇ</span> <span class='ocrx_word' id='word_1_250' title='bbox 427 2288 540 2355; x_wconf 80' lang='grc' dir='ltr'>μετ’</span> <span class='ocrx_word' id='word_1_251' title='bbox 573 2288 820 2340; x_wconf 71' lang='grc' dir='ltr'>ἐνιαυτὸν</span> <span class='ocrx_word' id='word_1_252' title='bbox 851 2287 1066 2357; x_wconf 76' lang='grc' dir='ltr'>δεχθεὶς</span> <span class='ocrx_word' id='word_1_253' title='bbox 1117 2292 1325 2360; x_wconf 84' lang='grc' dir='ltr'>μενέτω</span> <span class='ocrx_word' id='word_1_254' title='bbox 1386 2292 1742 2360; x_wconf 86' lang='grc' dir='ltr'>ἀναγνώστης</span> 
     </span>
    </p>
   </div>
   <div class='ocr_carea' id='block_1_39' title="bbox 143 2376 1742 2447">
    <p class='ocr_par' dir='ltr' id='par_1_39' title="bbox 143 2376 1742 2447">
     <span class='ocr_line' id='line_1_39' title="bbox 143 2376 1742 2447; baseline 0.004 -20"><span class='ocrx_word' id='word_1_255' title='bbox 143 2376 483 2444; x_wconf 81' lang='grc' dir='ltr'>ἀπρόκοπος</span> <span class='ocrx_word' id='word_1_256' title='bbox 516 2395 530 2408; x_wconf 91' lang='grc'><strong>·</strong></span> <span class='ocrx_word' id='word_1_257' title='bbox 555 2376 896 2447; x_wconf 76' lang='grc' dir='ltr'>κλεψίγαμος</span> <span class='ocrx_word' id='word_1_258' title='bbox 928 2380 1368 2447; x_wconf 78' lang='grc' dir='ltr'>δὲ,ἁπωθείσθω.</span> <span class='ocrx_word' id='word_1_259' title='bbox 1394 2383 1467 2433; x_wconf 85' lang='grc' dir='ltr'>Τὸ</span> <span class='ocrx_word' id='word_1_260' title='bbox 1485 2382 1616 2435; x_wconf 73' lang='grc' dir='ltr'>αὐτὸ</span> <span class='ocrx_word' id='word_1_261' title='bbox 1647 2383 1742 2434; x_wconf 75' lang='grc' dir='ltr'>καὶ</span> 
     </span>
    </p>
   </div>
   <div class='ocr_carea' id='block_1_40' title="bbox 145 2467 470 2536">
    <p class='ocr_par' dir='ltr' id='par_1_40' title="bbox 145 2467 470 2536">
     <span class='ocr_line' id='line_1_40' title="bbox 145 2467 470 2536; baseline 0.006 -18"><span class='ocrx_word' id='word_1_262' title='bbox 145 2467 470 2536; x_wconf 78' lang='grc' dir='ltr'>ὑπηρέτης.</span> 
     </span>
    </p>
   </div>
   <div class='ocr_carea' id='block_1_41' title="bbox 247 2557 1742 2636">
    <p class='ocr_par' dir='ltr' id='par_1_41' title="bbox 247 2557 1742 2636">
     <span class='ocr_line' id='line_1_41' title="bbox 247 2557 1742 2636; baseline 0.005 -25"><span class='ocrx_word' id='word_1_263' title='bbox 247 2557 635 2627; x_wconf 80' lang='grc' dir='ltr'>Ἀναγνώστης</span> <span class='ocrx_word' id='word_1_264' title='bbox 701 2560 934 2626; x_wconf 82' lang='grc' dir='ltr'>γυναῖκα</span> <span class='ocrx_word' id='word_1_265' title='bbox 969 2562 1458 2632; x_wconf 82' lang='grc' dir='ltr'>μνηστευσάμενος</span> <span class='ocrx_word' id='word_1_266' title='bbox 1489 2567 1582 2617; x_wconf 66' lang='grc' dir='ltr'>καὶ</span> <span class='ocrx_word' id='word_1_267' title='bbox 1633 2566 1742 2636; x_wconf 79' lang='grc' dir='ltr'>πρὸ</span> 
     </span>
    </p>
   </div>
   <div class='ocr_carea' id='block_1_42' title="bbox 143 2647 1742 2722">
    <p class='ocr_par' dir='ltr' id='par_1_42' title="bbox 143 2647 1742 2722">
     <span class='ocr_line' id='line_1_42' title="bbox 143 2647 1742 2722; baseline 0.006 -22"><span class='ocrx_word' id='word_1_268' title='bbox 143 2647 254 2700; x_wconf 77' lang='grc' dir='ltr'><strong>τοῦ</strong></span> <span class='ocrx_word' id='word_1_269' title='bbox 283 2648 466 2718; x_wconf 86' lang='grc' dir='ltr'>γάμου</span> <span class='ocrx_word' id='word_1_270' title='bbox 502 2647 620 2717; x_wconf 86' lang='grc' dir='ltr'>μετ’</span> <span class='ocrx_word' id='word_1_271' title='bbox 677 2649 851 2718; x_wconf 80' lang='grc' dir='ltr'>αὐτῆς</span> <span class='ocrx_word' id='word_1_272' title='bbox 903 2651 1291 2722; x_wconf 76' lang='grc' dir='ltr'>συμφθαρεὶς.,</span> <span class='ocrx_word' id='word_1_273' title='bbox 1346 2655 1442 2706; x_wconf 68' lang='grc' dir='ltr'><strong>ἐπὶ</strong></span> <span class='ocrx_word' id='word_1_274' title='bbox 1494 2658 1742 2708; x_wconf 71' lang='grc' dir='ltr'>ἐνιαυτὸν</span> 
     </span>
    </p>
   </div>
   <div class='ocr_carea' id='block_1_43' title="bbox 145 2739 1737 2812">
    <p class='ocr_par' dir='ltr' id='par_1_43' title="bbox 145 2739 1737 2812">
     <span class='ocr_line' id='line_1_43' title="bbox 145 2739 1737 2812; baseline 0.006 -21"><span class='ocrx_word' id='word_1_275' title='bbox 145 2741 422 2810; x_wconf 80' lang='grc' dir='ltr'>ἀργήσει,</span> <span class='ocrx_word' id='word_1_276' title='bbox 451 2741 544 2793; x_wconf 74' lang='grc' dir='ltr'>καὶ</span> <span class='ocrx_word' id='word_1_277' title='bbox 581 2739 726 2792; x_wconf 81' lang='grc' dir='ltr'>οὕτω</span> <span class='ocrx_word' id='word_1_278' title='bbox 760 2740 1087 2809; x_wconf 80' lang='grc' dir='ltr'>δεχθήσεται</span> <span class='ocrx_word' id='word_1_279' title='bbox 1110 2745 1192 2806; x_wconf 85' lang='grc' dir='ltr'><strong>είς</strong></span> <span class='ocrx_word' id='word_1_280' title='bbox 1223 2744 1282 2795; x_wconf 75' lang='grc' dir='ltr'><strong>τὸ</strong></span> <span class='ocrx_word' id='word_1_281' title='bbox 1312 2744 1737 2812; x_wconf 81' lang='grc' dir='ltr'>ἀναγινώσκειν,</span> 
     </span>
    </p>
   </div>
   <div class='ocr_carea' id='block_1_44' title="bbox 151 2831 1742 2905">
    <p class='ocr_par' dir='ltr' id='par_1_44' title="bbox 151 2831 1742 2905">
     <span class='ocr_line' id='line_1_44' title="bbox 151 2831 1742 2905; baseline 0.003 -21"><span class='ocrx_word' id='word_1_282' title='bbox 151 2835 245 2894; x_wconf 85' lang='grc' dir='ltr'>εἰς</span> <span class='ocrx_word' id='word_1_283' title='bbox 277 2833 504 2900; x_wconf 75' lang='grc' dir='ltr'>μείζονα</span> <span class='ocrx_word' id='word_1_284' title='bbox 530 2831 820 2905; x_wconf 81' lang='grc' dir='ltr'>προκοπὴν</span> <span class='ocrx_word' id='word_1_285' title='bbox 851 2833 926 2902; x_wconf 83' lang='grc' dir='ltr'>μὴ</span> <span class='ocrx_word' id='word_1_286' title='bbox 959 2834 1458 2904; x_wconf 77' lang='grc' dir='ltr'>προδιδαζόμενος,</span> <span class='ocrx_word' id='word_1_287' title='bbox 1479 2836 1596 2890; x_wconf 87' lang='grc' dir='ltr'>ἀλλ’</span> <span class='ocrx_word' id='word_1_288' title='bbox 1649 2839 1742 2889; x_wconf 80' lang='grc' dir='ltr'><strong>ἐπὶ</strong></span> 
     </span>
    </p>
   </div>
   <div class='ocr_carea' id='block_1_45' title="bbox 147 2922 1742 2998">
    <p class='ocr_par' dir='ltr' id='par_1_45' title="bbox 147 2922 1742 2998">
     <span class='ocr_line' id='line_1_45' title="bbox 147 2922 1742 2998; baseline 0.004 -22"><span class='ocrx_word' id='word_1_289' title='bbox 147 2922 254 2977; x_wconf 75' lang='grc' dir='ltr'>τοῦ</span> <span class='ocrx_word' id='word_1_290' title='bbox 315 2923 483 2976; x_wconf 85' lang='grc' dir='ltr'>αὑτοῦ</span> <span class='ocrx_word' id='word_1_291' title='bbox 540 2925 718 2994; x_wconf 89' lang='grc' dir='ltr'>μένων</span> <span class='ocrx_word' id='word_1_292' title='bbox 788 2924 1022 2994; x_wconf 77' lang='grc' dir='ltr'>βαθμοῦ.</span> <span class='ocrx_word' id='word_1_293' title='bbox 1095 2925 1152 2978; x_wconf 87' lang='lat' dir='ltr'><strong>&#39;U</strong></span> <span class='ocrx_word' id='word_1_294' title='bbox 1211 2927 1268 2978; x_wconf 80' lang='grc' dir='ltr'><strong>δὲ</strong></span> <span class='ocrx_word' id='word_1_295' title='bbox 1347 2928 1442 2979; x_wconf 76' lang='grc' dir='ltr'>καὶ</span> <span class='ocrx_word' id='word_1_296' title='bbox 1498 2929 1602 2998; x_wconf 83' lang='grc' dir='ltr'><strong>πρὸ</strong></span> <span class='ocrx_word' id='word_1_297' title='bbox 1642 2929 1742 2997; x_wconf 81' lang='grc' dir='ltr'><strong>τῆς</strong></span> 
     </span>
    </p>
   </div>
   <div class='ocr_carea' id='block_1_46' title="bbox 156 3015 1740 3088">
    <p class='ocr_par' dir='ltr' id='par_1_46' title="bbox 156 3015 1740 3088">
     <span class='ocr_line' id='line_1_46' title="bbox 156 3015 1740 3088; baseline 0.004 -23"><span class='ocrx_word' id='word_1_298' title='bbox 156 3015 472 3085; x_wconf 83' lang='grc' dir='ltr'>μνηστείας</span> <span class='ocrx_word' id='word_1_299' title='bbox 527 3015 959 3084; x_wconf 77' lang='grc' dir='ltr'>κλεψιγαμήσας</span> <span class='ocrx_word' id='word_1_300' title='bbox 1013 3015 1192 3069; x_wconf 89' lang='grc' dir='ltr'>τέλεον</span> <span class='ocrx_word' id='word_1_301' title='bbox 1239 3015 1338 3070; x_wconf 84' lang='grc' dir='ltr'><strong>τοῦ</strong></span> <span class='ocrx_word' id='word_1_302' title='bbox 1398 3017 1611 3088; x_wconf 85' lang='grc' dir='ltr'>βαθμοῦ</span> <span class='ocrx_word' id='word_1_303' title='bbox 1643 3021 1740 3072; x_wconf 84' lang='grc' dir='ltr'><strong>αὺ-</strong></span> 
     </span>
    </p>
   </div>
   <div class='ocr_carea' id='block_1_47' title="bbox 146 3100 1735 3177">
    <p class='ocr_par' dir='ltr' id='par_1_47' title="bbox 146 3100 1735 3177">
     <span class='ocr_line' id='line_1_47' title="bbox 146 3100 1735 3177; baseline 0.003 -19"><span class='ocrx_word' id='word_1_304' title='bbox 146 3108 253 3159; x_wconf 83' lang='grc' dir='ltr'>τοῦ</span> <span class='ocrx_word' id='word_1_305' title='bbox 295 3100 827 3176; x_wconf 84' lang='grc' dir='ltr'>μετακινηθήσεταὶ.</span> <span class='ocrx_word' id='word_1_306' title='bbox 857 3108 932 3159; x_wconf 81' lang='grc' dir='ltr'><strong>Τὸ</strong></span> <span class='ocrx_word' id='word_1_307' title='bbox 960 3107 1094 3160; x_wconf 80' lang='grc' dir='ltr'>αὐτὸ</span> <span class='ocrx_word' id='word_1_308' title='bbox 1124 3108 1180 3160; x_wconf 76' lang='grc' dir='ltr'><strong>δὲ</strong></span> <span class='ocrx_word' id='word_1_309' title='bbox 1205 3108 1489 3177; x_wconf 70' lang='grc' dir='ltr'>ἐπιτίμιον</span> <span class='ocrx_word' id='word_1_310' title='bbox 1516 3111 1610 3165; x_wconf 79' lang='grc' dir='ltr'>καὶ</span> <span class='ocrx_word' id='word_1_311' title='bbox 1656 3111 1735 3172; x_wconf 86' lang='grc' dir='ltr'><strong>είς</strong></span> 
     </span>
    </p>
   </div>
   <div class='ocr_carea' id='block_1_48' title="bbox 149 3197 1738 3273">
    <p class='ocr_par' dir='ltr' id='par_1_48' title="bbox 149 3197 1738 3273">
     <span class='ocr_line' id='line_1_48' title="bbox 149 3197 1738 3273; baseline 0.003 -24"><span class='ocrx_word' id='word_1_312' title='bbox 149 3197 294 3258; x_wconf 82' lang='grc' dir='ltr'>τοὺς</span> <span class='ocrx_word' id='word_1_313' title='bbox 329 3198 779 3267; x_wconf 82' lang='grc' dir='ltr'>ἀχειροτονήτους</span> <span class='ocrx_word' id='word_1_314' title='bbox 805 3198 1086 3269; x_wconf 80' lang='grc' dir='ltr'>ὑπηρέτας</span> <span class='ocrx_word' id='word_1_315' title='bbox 1111 3199 1211 3269; x_wconf 82' lang='grc' dir='ltr'>τῆς</span> <span class='ocrx_word' id='word_1_316' title='bbox 1251 3199 1578 3270; x_wconf 85' lang='grc' dir='ltr'>Ἐκκλησίας</span> <span class='ocrx_word' id='word_1_317' title='bbox 1601 3217 1738 3273; x_wconf 89' lang='grc' dir='ltr'>κρα-</span> 
     </span>
    </p>
   </div>
   <div class='ocr_carea' id='block_1_49' title="bbox 147 3288 345 3358">
    <p class='ocr_par' dir='ltr' id='par_1_49' title="bbox 147 3288 345 3358">
     <span class='ocr_line' id='line_1_49' title="bbox 147 3288 345 3358; baseline 0.01 -18"><span class='ocrx_word' id='word_1_318' title='bbox 147 3288 345 3358; x_wconf 81' lang='grc' dir='ltr'>τήσει.</span> 
     </span>
    </p>
   </div>
   <div class='ocr_carea' id='block_1_50' title="bbox 758 3381 1133 3435">
    <p class='ocr_par' dir='ltr' id='par_1_50' title="bbox 758 3381 1133 3435">
     <span class='ocr_line' id='line_1_50' title="bbox 758 3381 1133 3435; baseline 0.005 -2"><span class='ocrx_word' id='word_1_319' title='bbox 758 3381 1002 3434; x_wconf 82' lang='grc' dir='ltr'><strong>ΚΔΝΩΝ</strong></span> <span class='ocrx_word' id='word_1_320' title='bbox 1055 3382 1133 3435; x_wconf 92' lang='lat'><strong>0&#39;.</strong></span> 
     </span>
    </p>
   </div>
   <div class='ocr_carea' id='block_1_51' title="bbox 148 3470 1738 3544">
    <p class='ocr_par' dir='ltr' id='par_1_51' title="bbox 148 3470 1738 3544">
     <span class='ocr_line' id='line_1_51' title="bbox 148 3470 1738 3544; baseline 0.003 -23"><span class='ocrx_word' id='word_1_321' title='bbox 148 3470 424 3532; x_wconf 85' lang='grc' dir='ltr'>Διάκονος</span> <span class='ocrx_word' id='word_1_322' title='bbox 488 3472 545 3522; x_wconf 69' lang='grc' dir='ltr'>ιν</span> <span class='ocrx_word' id='word_1_323' title='bbox 589 3471 798 3540; x_wconf 76' lang='grc' dir='ltr'>χείλεσι</span> <span class='ocrx_word' id='word_1_324' title='bbox 861 3472 1133 3539; x_wconf 78' lang='grc' dir='ltr'>μιανθεὶς,</span> <span class='ocrx_word' id='word_1_325' title='bbox 1184 3474 1280 3525; x_wconf 68' lang='grc' dir='ltr'>καὶ</span> <span class='ocrx_word' id='word_1_326' title='bbox 1341 3489 1503 3544; x_wconf 84' lang='grc' dir='ltr'>μεχρι</span> <span class='ocrx_word' id='word_1_327' title='bbox 1547 3473 1738 3526; x_wconf 81' lang='grc' dir='ltr'>τούτου</span> 
     </span>
    </p>
   </div>
   <div class='ocr_carea' id='block_1_52' title="bbox 226 3563 1738 3633">
    <p class='ocr_par' dir='ltr' id='par_1_52' title="bbox 226 3563 1738 3633">
     <span class='ocr_line' id='line_1_52' title="bbox 226 3563 1738 3633; baseline 0.004 -22"><span class='ocrx_word' id='word_1_328' title='bbox 226 3563 615 3631; x_wconf 76' lang='grc' dir='ltr'>ἡμαρτηκέναι</span> <span class='ocrx_word' id='word_1_329' title='bbox 661 3563 1026 3633; x_wconf 82' lang='grc' dir='ltr'>ὁμολογήσας,</span> <span class='ocrx_word' id='word_1_330' title='bbox 1079 3564 1181 3631; x_wconf 85' lang='grc' dir='ltr'>τῆς</span> <span class='ocrx_word' id='word_1_331' title='bbox 1230 3565 1578 3633; x_wconf 86' lang='grc' dir='ltr'>λειτουργίας</span> <span class='ocrx_word' id='word_1_332' title='bbox 1620 3568 1738 3617; x_wconf 78' lang='grc' dir='ltr'><strong>ἑπι-</strong></span> 
     </span>
    </p>
   </div>
   <div class='ocr_carea' id='block_1_53' title="bbox 225 3651 1736 3724">
    <p class='ocr_par' dir='ltr' id='par_1_53' title="bbox 225 3651 1736 3724">
     <span class='ocr_line' id='line_1_53' title="bbox 225 3651 1736 3724; baseline 0.003 -22"><span class='ocrx_word' id='word_1_333' title='bbox 225 3652 603 3721; x_wconf 72' lang='grc' dir='ltr'>σχεθήσεται,⁶</span> <span class='ocrx_word' id='word_1_334' title='bbox 635 3651 730 3704; x_wconf 83' lang='grc' dir='ltr'>τοῦ</span> <span class='ocrx_word' id='word_1_335' title='bbox 772 3653 826 3705; x_wconf 82' lang='grc' dir='ltr'><strong>δὲ</strong></span> <span class='ocrx_word' id='word_1_336' title='bbox 858 3695 874 3717; x_wconf 76' lang='grc'><strong>,</strong></span> <span class='ocrx_word' id='word_1_337' title='bbox 898 3655 1150 3724; x_wconf 81' lang='grc' dir='ltr'>μετέχειν</span> <span class='ocrx_word' id='word_1_338' title='bbox 1209 3653 1318 3708; x_wconf 83' lang='grc' dir='ltr'><strong>τῶν</strong></span> <span class='ocrx_word' id='word_1_339' title='bbox 1377 3656 1736 3724; x_wconf 81' lang='grc' dir='ltr'>ἀγιασμάτων</span> 
     </span>
    </p>
   </div>
   <div class='ocr_carea' id='block_1_54' title="bbox 231 3743 1734 3815">
    <p class='ocr_par' dir='ltr' id='par_1_54' title="bbox 231 3743 1734 3815">
     <span class='ocr_line' id='line_1_54' title="bbox 231 3743 1734 3815; baseline 0.002 -21"><span class='ocrx_word' id='word_1_340' title='bbox 231 3743 378 3813; x_wconf 89' lang='grc' dir='ltr'><strong>μετά</strong></span> <span class='ocrx_word' id='word_1_341' title='bbox 409 3743 518 3795; x_wconf 79' lang='grc' dir='ltr'><strong>τῶν</strong></span> <span class='ocrx_word' id='word_1_342' title='bbox 551 3743 822 3797; x_wconf 79' lang='grc' dir='ltr'>διακόνων</span> <span class='ocrx_word' id='word_1_343' title='bbox 856 3745 1251 3815; x_wconf 77' lang='grc' dir='ltr'>ἀξιωθήσεται.</span> <span class='ocrx_word' id='word_1_344' title='bbox 1296 3748 1370 3800; x_wconf 84' lang='grc' dir='ltr'><strong>Τὸ</strong></span> <span class='ocrx_word' id='word_1_345' title='bbox 1397 3748 1528 3801; x_wconf 78' lang='grc' dir='ltr'>αὐτὸ</span> <span class='ocrx_word' id='word_1_346' title='bbox 1557 3747 1613 3800; x_wconf 78' lang='grc' dir='ltr'><strong>δὲ</strong></span> <span class='ocrx_word' id='word_1_347' title='bbox 1639 3748 1734 3800; x_wconf 78' lang='grc' dir='ltr'>καὶ</span> 
     </span>
    </p>
   </div>
   <div class='ocr_carea' id='block_1_55' title="bbox 232 3833 1733 3909">
    <p class='ocr_par' dir='ltr' id='par_1_55' title="bbox 232 3833 1733 3909">
     <span class='ocr_line' id='line_1_55' title="bbox 232 3833 1733 3909; baseline 0.003 -22"><span class='ocrx_word' id='word_1_348' title='bbox 232 3833 648 3909; x_wconf 43' lang='grc' dir='ltr'>πρεσὸὑτεροςη</span> <span class='ocrx_word' id='word_1_349' title='bbox 702 3838 763 3890; x_wconf 79' lang='lat' dir='ltr'><strong>El</strong></span> <span class='ocrx_word' id='word_1_350' title='bbox 823 3837 878 3888; x_wconf 76' lang='grc' dir='ltr'>δέ</span> <span class='ocrx_word' id='word_1_351' title='bbox 954 3855 1005 3889; x_wconf 88' lang='grc' dir='ltr'><strong>τι</strong></span> <span class='ocrx_word' id='word_1_352' title='bbox 1060 3839 1248 3892; x_wconf 79' lang='grc' dir='ltr'>πλεῖον</span> <span class='ocrx_word' id='word_1_353' title='bbox 1306 3841 1592 3909; x_wconf 84' lang='grc' dir='ltr'>φωραθείη</span> <span class='ocrx_word' id='word_1_354' title='bbox 1649 3858 1733 3902; x_wconf 89' lang='grc' dir='ltr'><strong>τις</strong></span> 
     </span>
    </p>
   </div>
   <div class='ocr_carea' id='block_1_56' title="bbox 221 3904 1733 4002">
    <p class='ocr_par' dir='ltr' id='par_1_56' title="bbox 221 3904 1733 4002">
     <span class='ocr_line' id='line_1_56' title="bbox 221 3904 1733 4002; baseline 0.006 -27"><span class='ocrx_word' id='word_1_355' title='bbox 221 3904 586 3996; x_wconf 70' lang='grc' dir='ltr'>ήμαρτηκῶς,</span> <span class='ocrx_word' id='word_1_356' title='bbox 627 3904 702 3980; x_wconf 62' lang='grc' dir='ltr'>’έν</span> <span class='ocrx_word' id='word_1_357' title='bbox 751 3928 848 3998; x_wconf 81' lang='grc' dir='ltr'><strong>οἴῳ</strong></span> <span class='ocrx_word' id='word_1_358' title='bbox 901 3928 966 3982; x_wconf 86' lang='grc' dir='ltr'><strong>ἃν</strong></span> <span class='ocrx_word' id='word_1_359' title='bbox 1113 3904 1345 4000; x_wconf 30' lang='grc' dir='ltr'>-βαθμῴν,</span> <span class='ocrx_word' id='word_1_360' title='bbox 1394 3904 1733 4002; x_wconf 78' lang='grc' dir='ltr'>καθαιρεθή-</span> 
     </span>
    </p>
   </div>
   <div class='ocr_carea' id='block_1_57' title="bbox 219 4033 400 4072">
    <p class='ocr_par' dir='ltr' id='par_1_57' title="bbox 219 4033 400 4072">
     <span class='ocr_line' id='line_1_57' title="bbox 219 4033 400 4072; baseline -0.006 -4"><span class='ocrx_word' id='word_1_361' title='bbox 219 4033 400 4072; x_wconf 80' lang='grc' dir='ltr'>σεται.</span> 
     </span>
    </p>
   </div>
   <div class='ocr_carea' id='block_1_58' title="bbox 228 4107 1722 4184">
    <p class='ocr_par' dir='ltr' id='par_1_58' title="bbox 228 4107 1722 4184">
     <span class='ocr_line' id='line_1_58' title="bbox 228 4107 1722 4184; baseline 0.006 -24"><span class='ocrx_word' id='word_1_362' title='bbox 228 4107 429 4160; x_wconf 78' lang='grc' dir='ltr'>ΒΑΛΣ.</span> <span class='ocrx_word' id='word_1_363' title='bbox 477 4107 585 4161; x_wconf 81' lang='grc' dir='ltr'><strong>Τὸν</strong></span> <span class='ocrx_word' id='word_1_364' title='bbox 646 4111 705 4162; x_wconf 65' lang='grc' dir='ltr'>ἐν</span> <span class='ocrx_word' id='word_1_365' title='bbox 759 4109 967 4179; x_wconf 88' lang='grc' dir='ltr'>χείλεσι</span> <span class='ocrx_word' id='word_1_366' title='bbox 1025 4111 1326 4179; x_wconf 83' lang='grc' dir='ltr'>μιανθέντα</span> <span class='ocrx_word' id='word_1_367' title='bbox 1359 4113 1626 4181; x_wconf 84' lang='grc' dir='ltr'>διάκονον,</span> <span class='ocrx_word' id='word_1_368' title='bbox 1689 4116 1722 4184; x_wconf 83' lang='grc' dir='ltr'>ἢ</span> 
     </span>
    </p>
   </div>
   <div class='ocr_carea' id='block_1_59' title="bbox 154 4197 1737 4274">
    <p class='ocr_par' dir='ltr' id='par_1_59' title="bbox 154 4197 1737 4274">
     <span class='ocr_line' id='line_1_59' title="bbox 154 4197 1737 4274; baseline 0.006 -24"><span class='ocrx_word' id='word_1_369' title='bbox 154 4197 336 4266; x_wconf 78' lang='grc' dir='ltr'>ιερέα,</span> <span class='ocrx_word' id='word_1_370' title='bbox 405 4200 502 4251; x_wconf 80' lang='grc' dir='ltr'>καὶ</span> <span class='ocrx_word' id='word_1_371' title='bbox 559 4199 1111 4270; x_wconf 70' lang='grc' dir='ltr'>ἐξομολογησάμενον</span> <span class='ocrx_word' id='word_1_372' title='bbox 1151 4205 1212 4255; x_wconf 87' lang='grc' dir='ltr'>τὸ</span> <span class='ocrx_word' id='word_1_373' title='bbox 1263 4207 1588 4274; x_wconf 69' lang='grc' dir='ltr'>ἁμάρτημα,</span> <span class='ocrx_word' id='word_1_374' title='bbox 1655 4209 1737 4259; x_wconf 79' lang='grc' dir='ltr'>διο</span> 
     </span>
    </p>
   </div>
   <div class='ocr_carea' id='block_1_60' title="bbox 147 4287 1733 4365">
    <p class='ocr_par' dir='ltr' id='par_1_60' title="bbox 147 4287 1733 4365">
     <span class='ocr_line' id='line_1_60' title="bbox 147 4287 1733 4365; baseline 0.009 -31"><span class='ocrx_word' id='word_1_375' title='bbox 147 4287 398 4355; x_wconf 76' lang='grc' dir='ltr'>ορίζεται</span> <span class='ocrx_word' id='word_1_376' title='bbox 455 4289 482 4339; x_wconf 86' lang='grc' dir='ltr'><strong>ὁ</strong></span> <span class='ocrx_word' id='word_1_377' title='bbox 533 4288 686 4352; x_wconf 75' lang='grc' dir='ltr'>ἅγιος</span> <span class='ocrx_word' id='word_1_378' title='bbox 765 4288 1073 4340; x_wconf 82' lang='grc' dir='ltr'>κωλύεσθαι</span> <span class='ocrx_word' id='word_1_379' title='bbox 1130 4292 1230 4358; x_wconf 78' lang='grc' dir='ltr'>τῆς</span> <span class='ocrx_word' id='word_1_380' title='bbox 1277 4294 1610 4362; x_wconf 86' lang='grc' dir='ltr'>ίερουργίας,</span> <span class='ocrx_word' id='word_1_381' title='bbox 1658 4294 1733 4365; x_wconf 81' lang='grc' dir='ltr'>μὴ</span> 
     </span>
    </p>
   </div>
   <div class='ocr_carea' id='block_1_61' title="bbox 155 4376 1724 4452">
    <p class='ocr_par' dir='ltr' id='par_1_61' title="bbox 155 4376 1724 4452">
     <span class='ocr_line' id='line_1_61' title="bbox 155 4376 1724 4452; baseline 0.005 -24"><span class='ocrx_word' id='word_1_382' title='bbox 155 4379 346 4444; x_wconf 88' lang='grc' dir='ltr'>μέντοι</span> <span class='ocrx_word' id='word_1_383' title='bbox 368 4393 435 4442; x_wconf 88' lang='grc' dir='ltr'><strong>γε</strong></span> <span class='ocrx_word' id='word_1_384' title='bbox 461 4376 517 4428; x_wconf 70' lang='grc' dir='ltr'>δὲ</span> <span class='ocrx_word' id='word_1_385' title='bbox 552 4378 648 4428; x_wconf 78' lang='grc' dir='ltr'><strong>καὶ</strong></span> <span class='ocrx_word' id='word_1_386' title='bbox 680 4377 779 4444; x_wconf 79' lang='grc' dir='ltr'>τῆς</span> <span class='ocrx_word' id='word_1_387' title='bbox 815 4377 926 4429; x_wconf 80' lang='grc' dir='ltr'>τῶν</span> <span class='ocrx_word' id='word_1_388' title='bbox 967 4380 1331 4448; x_wconf 76' lang='grc' dir='ltr'>ἀγιασμάτων</span> <span class='ocrx_word' id='word_1_389' title='bbox 1365 4385 1724 4452; x_wconf 70' lang='grc' dir='ltr'>μεταλήψεως</span> 
     </span>
    </p>
   </div>
   <div class='ocr_carea' id='block_1_62' title="bbox 1844 1920 3416 1993">
    <p class='ocr_par' dir='ltr' id='par_1_62' title="bbox 1844 1920 3416 1993">
     <span class='ocr_line' id='line_1_62' title="bbox 1844 1920 3416 1993; baseline 0.006 -20"><span class='ocrx_word' id='word_1_390' title='bbox 1844 1921 1947 1974; x_wconf 89' lang='lat' dir='ltr'><strong>los.</strong></span> <span class='ocrx_word' id='word_1_391' title='bbox 1972 1920 2030 1975; x_wconf 87' lang='lat' dir='ltr'><strong>Si</strong></span> <span class='ocrx_word' id='word_1_392' title='bbox 2063 1922 2183 1990; x_wconf 85' lang='lat' dir='ltr'><strong>quis</strong></span> <span class='ocrx_word' id='word_1_393' title='bbox 2211 1932 2388 1976; x_wconf 80' lang='lat' dir='ltr'><strong>autem</strong></span> <span class='ocrx_word' id='word_1_394' title='bbox 2426 1934 2612 1993; x_wconf 81' lang='lat' dir='ltr'><strong>postea</strong></span> <span class='ocrx_word' id='word_1_395' title='bbox 2644 1927 2886 1982; x_wconf 84' lang='lat' dir='ltr'><strong>minister</strong></span> <span class='ocrx_word' id='word_1_396' title='bbox 2912 1926 3098 1982; x_wconf 79' lang='lat' dir='ltr'><strong>furtim</strong></span> <span class='ocrx_word' id='word_1_397' title='bbox 3138 1931 3416 1983; x_wconf 82' lang='lat' dir='ltr'><strong>matrimo-</strong></span> 
     </span>
    </p>
   </div>
   <div class='ocr_carea' id='block_1_63' title="bbox 1846 2015 3420 2090">
    <p class='ocr_par' dir='ltr' id='par_1_63' title="bbox 1846 2015 3420 2090">
     <span class='ocr_line' id='line_1_63' title="bbox 1846 2015 3420 2090; baseline 0.006 -23"><span class='ocrx_word' id='word_1_398' title='bbox 1846 2015 1991 2067; x_wconf 90' lang='lat' dir='ltr'><strong>nium</strong></span> <span class='ocrx_word' id='word_1_399' title='bbox 2043 2015 2244 2080; x_wconf 86' lang='lat' dir='ltr'><strong>inierit,</strong></span> <span class='ocrx_word' id='word_1_400' title='bbox 2282 2017 2370 2070; x_wconf 91' lang='lat' dir='ltr'><strong>ubi</strong></span> <span class='ocrx_word' id='word_1_401' title='bbox 2415 2018 2620 2071; x_wconf 87' lang='lat' dir='ltr'><strong>crimen</strong></span> <span class='ocrx_word' id='word_1_402' title='bbox 2675 2020 2912 2090; x_wconf 80' lang='lat' dir='ltr'><strong>agnitum</strong></span> <span class='ocrx_word' id='word_1_403' title='bbox 2974 2020 3156 2086; x_wconf 81' lang='lat' dir='ltr'><strong>fuerit.</strong></span> <span class='ocrx_word' id='word_1_404' title='bbox 3204 2027 3268 2076; x_wconf 88' lang='lat' dir='ltr'><strong>de</strong></span> <span class='ocrx_word' id='word_1_405' title='bbox 3323 2039 3420 2078; x_wconf 78' lang='lat' dir='ltr'><strong>suo</strong></span> 
     </span>
    </p>
   </div>
   <div class='ocr_carea' id='block_1_64' title="bbox 1844 2106 2340 2175">
    <p class='ocr_par' dir='ltr' id='par_1_64' title="bbox 1844 2106 2340 2175">
     <span class='ocr_line' id='line_1_64' title="bbox 1844 2106 2340 2175; baseline 0.004 -19"><span class='ocrx_word' id='word_1_406' title='bbox 1844 2106 2010 2174; x_wconf 81' lang='lat' dir='ltr'><strong>gradu</strong></span> <span class='ocrx_word' id='word_1_407' title='bbox 2041 2107 2340 2175; x_wconf 81' lang='lat' dir='ltr'><strong>dejicietur.</strong></span> 
     </span>
    </p>
   </div>
   <div class='ocr_carea' id='block_1_65' title="bbox 1919 2194 3414 2274">
    <p class='ocr_par' dir='ltr' id='par_1_65' title="bbox 1919 2194 3414 2274">
     <span class='ocr_line' id='line_1_65' title="bbox 1919 2194 3414 2274; baseline 0.009 -27"><span class='ocrx_word' id='word_1_408' title='bbox 1919 2194 2146 2250; x_wconf 80' lang='lat' dir='ltr'><strong>ARIS&#39;I‘.</strong></span> <span class='ocrx_word' id='word_1_409' title='bbox 2175 2196 2367 2250; x_wconf 88' lang='lat' dir='ltr'><strong>Lector</strong></span> <span class='ocrx_word' id='word_1_410' title='bbox 2397 2198 2487 2267; x_wconf 91' lang='lat' dir='ltr'><strong>qui</strong></span> <span class='ocrx_word' id='word_1_411' title='bbox 2520 2210 2644 2254; x_wconf 88' lang='lat' dir='ltr'><strong>ante</strong></span> <span class='ocrx_word' id='word_1_412' title='bbox 2668 2201 2886 2270; x_wconf 84' lang='lat' dir='ltr'><strong>nuptias</strong></span> <span class='ocrx_word' id='word_1_413' title='bbox 2917 2218 3029 2256; x_wconf 90' lang='lat' dir='ltr'><strong>rem</strong></span> <span class='ocrx_word' id='word_1_414' title='bbox 3059 2219 3180 2258; x_wconf 88' lang='lat' dir='ltr'><strong>cum</strong></span> <span class='ocrx_word' id='word_1_415' title='bbox 3215 2219 3414 2274; x_wconf 86' lang='lat' dir='ltr'><strong>sponsa</strong></span> 
     </span>
    </p>
   </div>
   <div class='ocr_carea' id='block_1_66' title="bbox 1846 2285 3416 2360">
    <p class='ocr_par' dir='ltr' id='par_1_66' title="bbox 1846 2285 3416 2360">
     <span class='ocr_line' id='line_1_66' title="bbox 1846 2285 3416 2360; baseline 0.008 -22"><span class='ocrx_word' id='word_1_416' title='bbox 1846 2285 2053 2350; x_wconf 88' lang='lat' dir='ltr'><strong>habuit,</strong></span> <span class='ocrx_word' id='word_1_417' title='bbox 2090 2299 2208 2355; x_wconf 90' lang='lat' dir='ltr'><strong>post</strong></span> <span class='ocrx_word' id='word_1_418' title='bbox 2250 2302 2449 2341; x_wconf 85' lang='lat' dir='ltr'><strong>armqu</strong></span> <span class='ocrx_word' id='word_1_419' title='bbox 2497 2303 2768 2360; x_wconf 83' lang='lat' dir='ltr'><strong>receptus,</strong></span> <span class='ocrx_word' id='word_1_420' title='bbox 2808 2305 3020 2347; x_wconf 84' lang='lat' dir='ltr'><strong>maneat</strong></span> <span class='ocrx_word' id='word_1_421' title='bbox 3062 2295 3228 2349; x_wconf 80' lang='lat' dir='ltr'><strong>lector</strong></span> <span class='ocrx_word' id='word_1_422' title='bbox 3275 2298 3416 2350; x_wconf 78' lang='lat' dir='ltr'><strong>ulte-</strong></span> 
     </span>
    </p>
   </div>
   <div class='ocr_carea' id='block_1_67' title="bbox 1845 2381 3420 2452">
    <p class='ocr_par' dir='ltr' id='par_1_67' title="bbox 1845 2381 3420 2452">
     <span class='ocr_line' id='line_1_67' title="bbox 1845 2381 3420 2452; baseline 0.007 -21"><span class='ocrx_word' id='word_1_423' title='bbox 1845 2381 1956 2432; x_wconf 91' lang='lat' dir='ltr'><strong>rius</strong></span> <span class='ocrx_word' id='word_1_424' title='bbox 2000 2394 2101 2431; x_wconf 91' lang='lat' dir='ltr'><strong>non</strong></span> <span class='ocrx_word' id='word_1_425' title='bbox 2157 2382 2599 2448; x_wconf 89' lang='lat' dir='ltr'><strong>promovendus;</strong></span> <span class='ocrx_word' id='word_1_426' title='bbox 2655 2387 2745 2452; x_wconf 89' lang='lat' dir='ltr'><strong>qui</strong></span> <span class='ocrx_word' id='word_1_427' title='bbox 2815 2386 3069 2438; x_wconf 75' lang='lat' dir='ltr'><strong>furtivum</strong></span> <span class='ocrx_word' id='word_1_428' title='bbox 3129 2403 3256 2441; x_wconf 85' lang='lat' dir='ltr'><strong>vero</strong></span> <span class='ocrx_word' id='word_1_429' title='bbox 3299 2388 3420 2442; x_wconf 73' lang='lat' dir='ltr'><strong>iniit</strong></span> 
     </span>
    </p>
   </div>
   <div class='ocr_carea' id='block_1_68' title="bbox 1847 2469 3176 2541">
    <p class='ocr_par' dir='ltr' id='par_1_68' title="bbox 1847 2469 3176 2541">
     <span class='ocr_line' id='line_1_68' title="bbox 1847 2469 3176 2541; baseline 0.005 -19"><span class='ocrx_word' id='word_1_430' title='bbox 1847 2469 2273 2534; x_wconf 87' lang='lat' dir='ltr'><strong>matrimonium,</strong></span> <span class='ocrx_word' id='word_1_431' title='bbox 2304 2473 2626 2541; x_wconf 82' lang='lat' dir='ltr'><strong>expellatur.</strong></span> <span class='ocrx_word' id='word_1_432' title='bbox 2654 2477 2796 2528; x_wconf 83' lang='lat' dir='ltr'><strong>Idem</strong></span> <span class='ocrx_word' id='word_1_433' title='bbox 2825 2484 2878 2529; x_wconf 90' lang='lat' dir='ltr'><strong>et</strong></span> <span class='ocrx_word' id='word_1_434' title='bbox 2907 2477 3176 2531; x_wconf 84' lang='lat' dir='ltr'><strong>minister.</strong></span> 
     </span>
    </p>
   </div>
   <div class='ocr_carea' id='block_1_69' title="bbox 1914 2557 3414 2631">
    <p class='ocr_par' dir='ltr' id='par_1_69' title="bbox 1914 2557 3414 2631">
     <span class='ocr_line' id='line_1_69' title="bbox 1914 2557 3414 2631; baseline 0.007 -19"><span class='ocrx_word' id='word_1_435' title='bbox 1914 2557 2107 2613; x_wconf 91' lang='lat' dir='ltr'><strong>Lector</strong></span> <span class='ocrx_word' id='word_1_436' title='bbox 2164 2559 2419 2614; x_wconf 80' lang='lat' dir='ltr'><strong>feminam</strong></span> <span class='ocrx_word' id='word_1_437' title='bbox 2473 2563 2806 2631; x_wconf 89' lang='lat' dir='ltr'><strong>desponsans</strong></span> <span class='ocrx_word' id='word_1_438' title='bbox 2850 2575 2904 2618; x_wconf 87' lang='lat' dir='ltr'><strong>et</strong></span> <span class='ocrx_word' id='word_1_439' title='bbox 2946 2581 3070 2621; x_wconf 83' lang='lat' dir='ltr'><strong>ante</strong></span> <span class='ocrx_word' id='word_1_440' title='bbox 3134 2570 3414 2622; x_wconf 82' lang='lat' dir='ltr'><strong>matrimo-</strong></span> 
     </span>
    </p>
   </div>
   <div class='ocr_carea' id='block_1_70' title="bbox 1845 2650 3415 2723">
    <p class='ocr_par' dir='ltr' id='par_1_70' title="bbox 1845 2650 3415 2723">
     <span class='ocr_line' id='line_1_70' title="bbox 1845 2650 3415 2723; baseline 0.007 -19"><span class='ocrx_word' id='word_1_441' title='bbox 1845 2650 1991 2704; x_wconf 88' lang='lat' dir='ltr'><strong>nium</strong></span> <span class='ocrx_word' id='word_1_442' title='bbox 2019 2665 2140 2704; x_wconf 90' lang='lat' dir='ltr'><strong>cum</strong></span> <span class='ocrx_word' id='word_1_443' title='bbox 2173 2665 2234 2705; x_wconf 88' lang='lat' dir='ltr'><strong>ea</strong></span> <span class='ocrx_word' id='word_1_444' title='bbox 2268 2662 2583 2720; x_wconf 89' lang='lat' dir='ltr'><strong>corruptus,</strong></span> <span class='ocrx_word' id='word_1_445' title='bbox 2615 2668 2813 2708; x_wconf 90' lang='lat' dir='ltr'><strong>annum</strong></span> <span class='ocrx_word' id='word_1_446' title='bbox 2845 2659 3052 2711; x_wconf 91' lang='lat' dir='ltr'><strong>otiosus</strong></span> <span class='ocrx_word' id='word_1_447' title='bbox 3089 2661 3212 2723; x_wconf 85' lang='lat' dir='ltr'><strong>erit,</strong></span> <span class='ocrx_word' id='word_1_448' title='bbox 3254 2672 3304 2714; x_wconf 88' lang='lat' dir='ltr'><strong>et</strong></span> <span class='ocrx_word' id='word_1_449' title='bbox 3336 2663 3415 2716; x_wconf 89' lang='lat' dir='ltr'><strong>sic</strong></span> 
     </span>
    </p>
   </div>
   <div class='ocr_carea' id='block_1_71' title="bbox 1843 2741 3410 2817">
    <p class='ocr_par' dir='ltr' id='par_1_71' title="bbox 1843 2741 3410 2817">
     <span class='ocr_line' id='line_1_71' title="bbox 1843 2741 3410 2817; baseline 0.006 -24"><span class='ocrx_word' id='word_1_450' title='bbox 1843 2741 1909 2794; x_wconf 92' lang='lat' dir='ltr'><strong>ad</strong></span> <span class='ocrx_word' id='word_1_451' title='bbox 1937 2741 2223 2811; x_wconf 78' lang='lat' dir='ltr'><strong>legendum</strong></span> <span class='ocrx_word' id='word_1_452' title='bbox 2253 2743 2563 2812; x_wconf 89' lang='lat' dir='ltr'><strong>recipietur,</strong></span> <span class='ocrx_word' id='word_1_453' title='bbox 2609 2747 2672 2796; x_wconf 87' lang='lat' dir='ltr'><strong>ad</strong></span> <span class='ocrx_word' id='word_1_454' title='bbox 2720 2745 2975 2812; x_wconf 82' lang='lat' dir='ltr'><strong>majorem</strong></span> <span class='ocrx_word' id='word_1_455' title='bbox 3019 2751 3410 2817; x_wconf 80' lang='lat' dir='ltr'><strong>prommioaem</strong></span> 
     </span>
    </p>
   </div>
   <div class='ocr_carea' id='block_1_72' title="bbox 1845 2833 3412 2906">
    <p class='ocr_par' dir='ltr' id='par_1_72' title="bbox 1845 2833 3412 2906">
     <span class='ocr_line' id='line_1_72' title="bbox 1845 2833 3412 2906; baseline 0.006 -21"><span class='ocrx_word' id='word_1_456' title='bbox 1845 2848 1951 2886; x_wconf 87' lang='lat' dir='ltr'><strong>non</strong></span> <span class='ocrx_word' id='word_1_457' title='bbox 2020 2833 2338 2900; x_wconf 88' lang='lat' dir='ltr'><strong>procedens,</strong></span> <span class='ocrx_word' id='word_1_458' title='bbox 2394 2834 2486 2886; x_wconf 87' lang='lat' dir='ltr'><strong>sed</strong></span> <span class='ocrx_word' id='word_1_459' title='bbox 2519 2835 2571 2887; x_wconf 92' lang='lat' dir='ltr'><strong>in</strong></span> <span class='ocrx_word' id='word_1_460' title='bbox 2625 2835 2812 2889; x_wconf 85' lang='lat' dir='ltr'><strong>eodem</strong></span> <span class='ocrx_word' id='word_1_461' title='bbox 2869 2838 3164 2904; x_wconf 80' lang='lat' dir='ltr'><strong>persistens</strong></span> <span class='ocrx_word' id='word_1_462' title='bbox 3219 2839 3412 2906; x_wconf 76' lang='lat' dir='ltr'><strong>gradu.</strong></span> 
     </span>
    </p>
   </div>
   <div class='ocr_carea' id='block_1_73' title="bbox 1845 2919 3412 2993">
    <p class='ocr_par' dir='ltr' id='par_1_73' title="bbox 1845 2919 3412 2993">
     <span class='ocr_line' id='line_1_73' title="bbox 1845 2919 3412 2993; baseline 0.004 -20"><span class='ocrx_word' id='word_1_463' title='bbox 1845 2919 1946 2986; x_wconf 87' lang='lat' dir='ltr'><strong>Qui</strong></span> <span class='ocrx_word' id='word_1_464' title='bbox 1988 2931 2168 2975; x_wconf 88' lang='lat' dir='ltr'><strong>autem</strong></span> <span class='ocrx_word' id='word_1_465' title='bbox 2199 2931 2252 2974; x_wconf 89' lang='lat' dir='ltr'><strong>et</strong></span> <span class='ocrx_word' id='word_1_466' title='bbox 2281 2929 2407 2974; x_wconf 88' lang='lat' dir='ltr'><strong>ante</strong></span> <span class='ocrx_word' id='word_1_467' title='bbox 2441 2919 2915 2989; x_wconf 76' lang='lat' dir='ltr'><strong>desponsationem</strong></span> <span class='ocrx_word' id='word_1_468' title='bbox 2966 2925 3151 2978; x_wconf 75' lang='lat' dir='ltr'><strong>furtim</strong></span> <span class='ocrx_word' id='word_1_469' title='bbox 3202 2928 3412 2993; x_wconf 82' lang='lat' dir='ltr'><strong>coierit,</strong></span> 
     </span>
    </p>
   </div>
   <div class='ocr_carea' id='block_1_74' title="bbox 1843 3011 3412 3088">
    <p class='ocr_par' dir='ltr' id='par_1_74' title="bbox 1843 3011 3412 3088">
     <span class='ocr_line' id='line_1_74' title="bbox 1843 3011 3412 3088; baseline 0.005 -24"><span class='ocrx_word' id='word_1_470' title='bbox 1843 3013 2011 3081; x_wconf 79' lang='lat' dir='ltr'><strong>gradu</strong></span> <span class='ocrx_word' id='word_1_471' title='bbox 2049 3026 2147 3065; x_wconf 90' lang='lat' dir='ltr'><strong>suo</strong></span> <span class='ocrx_word' id='word_1_472' title='bbox 2184 3011 2423 3080; x_wconf 81' lang='lat' dir='ltr'><strong>perfecte</strong></span> <span class='ocrx_word' id='word_1_473' title='bbox 2473 3023 2737 3069; x_wconf 89' lang='lat' dir='ltr'><strong>movetur.</strong></span> <span class='ocrx_word' id='word_1_474' title='bbox 2798 3015 2940 3069; x_wconf 88' lang='lat' dir='ltr'><strong>Idem</strong></span> <span class='ocrx_word' id='word_1_475' title='bbox 2987 3027 3164 3070; x_wconf 86' lang='lat' dir='ltr'><strong>autem</strong></span> <span class='ocrx_word' id='word_1_476' title='bbox 3212 3021 3412 3088; x_wconf 82' lang='lat' dir='ltr'><strong>suppli-</strong></span> 
     </span>
    </p>
   </div>
   <div class='ocr_carea' id='block_1_75' title="bbox 1845 3100 3413 3174">
    <p class='ocr_par' dir='ltr' id='par_1_75' title="bbox 1845 3100 3413 3174">
     <span class='ocr_line' id='line_1_75' title="bbox 1845 3100 3413 3174; baseline 0.004 -18"><span class='ocrx_word' id='word_1_477' title='bbox 1845 3103 1990 3156; x_wconf 92' lang='lat' dir='ltr'><strong>cium</strong></span> <span class='ocrx_word' id='word_1_478' title='bbox 2025 3110 2080 3155; x_wconf 89' lang='lat' dir='ltr'><strong>et</strong></span> <span class='ocrx_word' id='word_1_479' title='bbox 2111 3102 2162 3155; x_wconf 93' lang='lat' dir='ltr'><strong>in</strong></span> <span class='ocrx_word' id='word_1_480' title='bbox 2191 3115 2284 3156; x_wconf 87' lang='lat' dir='ltr'><strong>eos</strong></span> <span class='ocrx_word' id='word_1_481' title='bbox 2308 3100 2568 3157; x_wconf 68' lang='lat' dir='ltr'><strong>Ecclesiae</strong></span> <span class='ocrx_word' id='word_1_482' title='bbox 2618 3105 2896 3159; x_wconf 86' lang='lat' dir='ltr'><strong>ministros</strong></span> <span class='ocrx_word' id='word_1_483' title='bbox 2943 3106 3032 3174; x_wconf 91' lang='lat' dir='ltr'><strong>qui</strong></span> <span class='ocrx_word' id='word_1_484' title='bbox 3079 3106 3277 3162; x_wconf 90' lang='lat' dir='ltr'><strong>nullam</strong></span> <span class='ocrx_word' id='word_1_485' title='bbox 3316 3109 3413 3164; x_wconf 86' lang='lat' dir='ltr'><strong>ha-</strong></span> 
     </span>
    </p>
   </div>
   <div class='ocr_carea' id='block_1_76' title="bbox 1846 3193 3125 3262">
    <p class='ocr_par' dir='ltr' id='par_1_76' title="bbox 1846 3193 3125 3262">
     <span class='ocr_line' id='line_1_76' title="bbox 1846 3193 3125 3262; baseline 0.005 -16"><span class='ocrx_word' id='word_1_486' title='bbox 1846 3193 2078 3246; x_wconf 85' lang='lat' dir='ltr'><strong>buerunt</strong></span> <span class='ocrx_word' id='word_1_487' title='bbox 2111 3207 2365 3246; x_wconf 88' lang='lat' dir='ltr'><strong>manuum</strong></span> <span class='ocrx_word' id='word_1_488' title='bbox 2395 3193 2798 3262; x_wconf 87' lang='lat' dir='ltr'><strong>impositionern</strong></span> <span class='ocrx_word' id='word_1_489' title='bbox 2836 3197 3125 3253; x_wconf 86' lang='lat' dir='ltr'><strong>obtinebit.</strong></span> 
     </span>
    </p>
   </div>
   <div class='ocr_carea' id='block_1_77' title="bbox 2301 3366 2937 3436">
    <p class='ocr_par' dir='ltr' id='par_1_77' title="bbox 2301 3366 2937 3436">
     <span class='ocr_line' id='line_1_77' title="bbox 2301 3366 2937 3436; baseline 0.003 -15"><span class='ocrx_word' id='word_1_490' title='bbox 2301 3367 2459 3436; x_wconf 73' lang='lat'><strong>122</strong></span> <span class='ocrx_word' id='word_1_491' title='bbox 2497 3366 2726 3422; x_wconf 72' lang='lat' dir='ltr'><strong>CANON</strong></span> <span class='ocrx_word' id='word_1_492' title='bbox 2775 3368 2937 3424; x_wconf 82' lang='lat' dir='ltr'><strong>Lxx.</strong></span> 
     </span>
    </p>
   </div>
   <div class='ocr_carea' id='block_1_78' title="bbox 1839 3460 3411 3532">
    <p class='ocr_par' dir='ltr' id='par_1_78' title="bbox 1839 3460 3411 3532">
     <span class='ocr_line' id='line_1_78' title="bbox 1839 3460 3411 3532; baseline 0.003 -20"><span class='ocrx_word' id='word_1_493' title='bbox 1839 3460 2127 3523; x_wconf 84' lang='lat' dir='ltr'><strong>Diaconus,</strong></span> <span class='ocrx_word' id='word_1_494' title='bbox 2152 3460 2240 3529; x_wconf 91' lang='lat' dir='ltr'><strong>qui</strong></span> <span class='ocrx_word' id='word_1_495' title='bbox 2275 3461 2510 3528; x_wconf 87' lang='lat' dir='ltr'><strong>pollutus</strong></span> <span class='ocrx_word' id='word_1_496' title='bbox 2534 3463 2688 3514; x_wconf 91' lang='lat' dir='ltr'><strong>estin</strong></span> <span class='ocrx_word' id='word_1_497' title='bbox 2722 3461 2912 3522; x_wconf 86' lang='lat' dir='ltr'><strong>labris.</strong></span> <span class='ocrx_word' id='word_1_498' title='bbox 2955 3471 3012 3515; x_wconf 88' lang='lat' dir='ltr'><strong>et</strong></span> <span class='ocrx_word' id='word_1_499' title='bbox 3049 3477 3105 3516; x_wconf 90' lang='lat' dir='ltr'><strong>se</strong></span> <span class='ocrx_word' id='word_1_500' title='bbox 3136 3477 3199 3516; x_wconf 93' lang='lat' dir='ltr'><strong>eo</strong></span> <span class='ocrx_word' id='word_1_501' title='bbox 3245 3477 3411 3532; x_wconf 86' lang='lat' dir='ltr'><strong>usque</strong></span> 
     </span>
    </p>
   </div>
   <div class='ocr_carea' id='block_1_79' title="bbox 1908 3551 3411 3622">
    <p class='ocr_par' dir='ltr' id='par_1_79' title="bbox 1908 3551 3411 3622">
     <span class='ocr_line' id='line_1_79' title="bbox 1908 3551 3411 3622; baseline 0.001 -18"><span class='ocrx_word' id='word_1_502' title='bbox 1908 3566 2164 3620; x_wconf 85' lang='lat' dir='ltr'><strong>peccasse</strong></span> <span class='ocrx_word' id='word_1_503' title='bbox 2209 3551 2490 3603; x_wconf 79' lang='lat' dir='ltr'><strong>confessus</strong></span> <span class='ocrx_word' id='word_1_504' title='bbox 2547 3563 2650 3614; x_wconf 87' lang='lat' dir='ltr'><strong>est,</strong></span> <span class='ocrx_word' id='word_1_505' title='bbox 2683 3567 2712 3604; x_wconf 88' lang='lat' dir='ltr'><strong>a</strong></span> <span class='ocrx_word' id='word_1_506' title='bbox 2752 3553 3057 3606; x_wconf 83' lang='lat' dir='ltr'><strong>ministerio</strong></span> <span class='ocrx_word' id='word_1_507' title='bbox 3100 3555 3411 3622; x_wconf 73' lang='lat' dir='ltr'><strong>prohibebi-</strong></span> 
     </span>
    </p>
   </div>
   <div class='ocr_carea' id='block_1_80' title="bbox 1911 3642 3410 3700">
    <p class='ocr_par' dir='ltr' id='par_1_80' title="bbox 1911 3642 3410 3700">
     <span class='ocr_line' id='line_1_80' title="bbox 1911 3642 3410 3700; baseline 0.005 -8"><span class='ocrx_word' id='word_1_508' title='bbox 1911 3653 2000 3695; x_wconf 91' lang='lat' dir='ltr'><strong>tur</strong></span> <span class='ocrx_word' id='word_1_509' title='bbox 2035 3660 2048 3695; x_wconf 89' lang='lat'><strong>:</strong></span> <span class='ocrx_word' id='word_1_510' title='bbox 2085 3652 2142 3694; x_wconf 94' lang='lat' dir='ltr'><strong>ut</strong></span> <span class='ocrx_word' id='word_1_511' title='bbox 2166 3651 2344 3697; x_wconf 84' lang='lat' dir='ltr'><strong>autem</strong></span> <span class='ocrx_word' id='word_1_512' title='bbox 2376 3642 2447 3694; x_wconf 90' lang='lat' dir='ltr'><strong>sit</strong></span> <span class='ocrx_word' id='word_1_513' title='bbox 2477 3652 2936 3695; x_wconf 85' lang='lat' dir='ltr'><strong>sacramentorum</strong></span> <span class='ocrx_word' id='word_1_514' title='bbox 2991 3659 3111 3697; x_wconf 85' lang='lat' dir='ltr'><strong>cum</strong></span> <span class='ocrx_word' id='word_1_515' title='bbox 3166 3648 3410 3700; x_wconf 83' lang='lat' dir='ltr'><strong>diaconis</strong></span> 
     </span>
    </p>
   </div>
   <div class='ocr_carea' id='block_1_81' title="bbox 1907 3731 3414 3807">
    <p class='ocr_par' dir='ltr' id='par_1_81' title="bbox 1907 3731 3414 3807">
     <span class='ocr_line' id='line_1_81' title="bbox 1907 3731 3414 3807; baseline 0.003 -21"><span class='ocrx_word' id='word_1_516' title='bbox 1907 3732 2178 3800; x_wconf 83' lang='lat' dir='ltr'><strong>particeps</strong></span> <span class='ocrx_word' id='word_1_517' title='bbox 2199 3733 2388 3800; x_wconf 79' lang='lat' dir='ltr'><strong>dignus</strong></span> <span class='ocrx_word' id='word_1_518' title='bbox 2413 3731 2715 3786; x_wconf 72' lang='lat' dir='ltr'><strong>habebitur.</strong></span> <span class='ocrx_word' id='word_1_519' title='bbox 2731 3731 2784 3786; x_wconf 87' lang='lat' dir='ltr'><strong>ld</strong></span> <span class='ocrx_word' id='word_1_520' title='bbox 2814 3736 2980 3802; x_wconf 87' lang='lat' dir='ltr'><strong>ipsum</strong></span> <span class='ocrx_word' id='word_1_521' title='bbox 3000 3745 3174 3788; x_wconf 88' lang='lat' dir='ltr'><strong>autem</strong></span> <span class='ocrx_word' id='word_1_522' title='bbox 3194 3739 3414 3807; x_wconf 62' lang='lat' dir='ltr'><strong>prcsby-</strong></span> 
     </span>
    </p>
   </div>
   <div class='ocr_carea' id='block_1_82' title="bbox 1909 3822 3404 3896">
    <p class='ocr_par' dir='ltr' id='par_1_82' title="bbox 1909 3822 3404 3896">
     <span class='ocr_line' id='line_1_82' title="bbox 1909 3822 3404 3896; baseline 0.005 -21"><span class='ocrx_word' id='word_1_523' title='bbox 1909 3832 1994 3877; x_wconf 91' lang='lat' dir='ltr'><strong>ter</strong></span> <span class='ocrx_word' id='word_1_524' title='bbox 2024 3837 2259 3891; x_wconf 86' lang='lat' dir='ltr'><strong>quoque.</strong></span> <span class='ocrx_word' id='word_1_525' title='bbox 2293 3822 2348 3875; x_wconf 88' lang='lat' dir='ltr'><strong>Si</strong></span> <span class='ocrx_word' id='word_1_526' title='bbox 2379 3823 2506 3891; x_wconf 87' lang='lat' dir='ltr'><strong>quid</strong></span> <span class='ocrx_word' id='word_1_527' title='bbox 2551 3836 2730 3878; x_wconf 88' lang='lat' dir='ltr'><strong>autem</strong></span> <span class='ocrx_word' id='word_1_528' title='bbox 2763 3824 2992 3892; x_wconf 83' lang='lat' dir='ltr'><strong>amplius</strong></span> <span class='ocrx_word' id='word_1_529' title='bbox 3034 3841 3253 3894; x_wconf 86' lang='lat' dir='ltr'><strong>pecassc</strong></span> <span class='ocrx_word' id='word_1_530' title='bbox 3283 3831 3404 3896; x_wconf 86' lang='lat' dir='ltr'><strong>quis</strong></span> 
     </span>
    </p>
   </div>
   <div class='ocr_carea' id='block_1_83' title="bbox 1907 3909 3407 3985">
    <p class='ocr_par' dir='ltr' id='par_1_83' title="bbox 1907 3909 3407 3985">
     <span class='ocr_line' id='line_1_83' title="bbox 1907 3909 3407 3985; baseline 0.003 -18"><span class='ocrx_word' id='word_1_531' title='bbox 1907 3913 2278 3981; x_wconf 88' lang='lat' dir='ltr'><strong>deprehensus</strong></span> <span class='ocrx_word' id='word_1_532' title='bbox 2323 3913 2508 3977; x_wconf 80' lang='lat' dir='ltr'><strong>fuerit,</strong></span> <span class='ocrx_word' id='word_1_533' title='bbox 2543 3913 2598 3966; x_wconf 89' lang='lat' dir='ltr'><strong>in</strong></span> <span class='ocrx_word' id='word_1_534' title='bbox 2629 3909 2950 3983; x_wconf 65' lang='lat' dir='ltr'><strong>ducumque</strong></span> <span class='ocrx_word' id='word_1_535' title='bbox 2980 3916 3050 3967; x_wconf 91' lang='lat' dir='ltr'><strong>sit</strong></span> <span class='ocrx_word' id='word_1_536' title='bbox 3082 3919 3272 3985; x_wconf 69' lang='lat' dir='ltr'><strong>gradu,</strong></span> <span class='ocrx_word' id='word_1_537' title='bbox 3310 3919 3407 3972; x_wconf 87' lang='lat' dir='ltr'><strong>de-</strong></span> 
     </span>
    </p>
   </div>
   <div class='ocr_carea' id='block_1_84' title="bbox 1909 4012 2166 4074">
    <p class='ocr_par' dir='ltr' id='par_1_84' title="bbox 1909 4012 2166 4074">
     <span class='ocr_line' id='line_1_84' title="bbox 1909 4012 2166 4074; baseline -0.004 -17"><span class='ocrx_word' id='word_1_538' title='bbox 1909 4012 2166 4074; x_wconf 90' lang='lat' dir='ltr'><strong>ponetur.</strong></span> 
     </span>
    </p>
   </div>
   <div class='ocr_carea' id='block_1_85' title="bbox 1908 4114 3409 4186">
    <p class='ocr_par' dir='ltr' id='par_1_85' title="bbox 1908 4114 3409 4186">
     <span class='ocr_line' id='line_1_85' title="bbox 1908 4114 3409 4186; baseline 0.003 -16"><span class='ocrx_word' id='word_1_539' title='bbox 1908 4117 2102 4171; x_wconf 79' lang='lat' dir='ltr'><strong>BALS.</strong></span> <span class='ocrx_word' id='word_1_540' title='bbox 2135 4116 2426 4168; x_wconf 75' lang='lat' dir='ltr'><strong>Diaconurn</strong></span> <span class='ocrx_word' id='word_1_541' title='bbox 2481 4114 2564 4169; x_wconf 85' lang='lat' dir='ltr'><strong>vel</strong></span> <span class='ocrx_word' id='word_1_542' title='bbox 2607 4117 2965 4184; x_wconf 83' lang='lat' dir='ltr'><strong>sacerdotem,</strong></span> <span class='ocrx_word' id='word_1_543' title='bbox 3013 4120 3101 4186; x_wconf 89' lang='lat' dir='ltr'><strong>qtri</strong></span> <span class='ocrx_word' id='word_1_544' title='bbox 3155 4121 3205 4173; x_wconf 85' lang='lat' dir='ltr'><strong>in</strong></span> <span class='ocrx_word' id='word_1_545' title='bbox 3247 4121 3409 4177; x_wconf 82' lang='lat' dir='ltr'><strong>labris</strong></span> 
     </span>
    </p>
   </div>
   <div class='ocr_carea' id='block_1_86' title="bbox 1839 4211 3406 4281">
    <p class='ocr_par' dir='ltr' id='par_1_86' title="bbox 1839 4211 3406 4281">
     <span class='ocr_line' id='line_1_86' title="bbox 1839 4211 3406 4281; baseline 0.004 -16"><span class='ocrx_word' id='word_1_546' title='bbox 1839 4213 2073 4281; x_wconf 87' lang='lat' dir='ltr'><strong>pollutus</strong></span> <span class='ocrx_word' id='word_1_547' title='bbox 2106 4223 2384 4279; x_wconf 61' lang='lat' dir='ltr'><strong>peccatum</strong></span> <span class='ocrx_word' id='word_1_548' title='bbox 2431 4211 2712 4266; x_wconf 77' lang='lat' dir='ltr'><strong>confessus</strong></span> <span class='ocrx_word' id='word_1_549' title='bbox 2742 4220 2844 4276; x_wconf 85' lang='lat' dir='ltr'><strong>est,</strong></span> <span class='ocrx_word' id='word_1_550' title='bbox 2900 4215 3140 4268; x_wconf 81' lang='lat' dir='ltr'><strong>decernit</strong></span> <span class='ocrx_word' id='word_1_551' title='bbox 3185 4227 3406 4272; x_wconf 82' lang='lat' dir='ltr'><strong>sanctus</strong></span> 
     </span>
    </p>
   </div>
   <div class='ocr_carea' id='block_1_87' title="bbox 1837 4303 3408 4369">
    <p class='ocr_par' dir='ltr' id='par_1_87' title="bbox 1837 4303 3408 4369">
     <span class='ocr_line' id='line_1_87' title="bbox 1837 4303 3408 4369; baseline 0.003 -11"><span class='ocrx_word' id='word_1_552' title='bbox 1837 4319 1956 4358; x_wconf 88' lang='lat' dir='ltr'><strong>esse</strong></span> <span class='ocrx_word' id='word_1_553' title='bbox 1982 4318 2010 4356; x_wconf 86' lang='lat' dir='ltr'><strong>a</strong></span> <span class='ocrx_word' id='word_1_554' title='bbox 2048 4319 2204 4356; x_wconf 87' lang='lat' dir='ltr'><strong>sacro</strong></span> <span class='ocrx_word' id='word_1_555' title='bbox 2245 4303 2551 4355; x_wconf 80' lang='lat' dir='ltr'><strong>ministerio</strong></span> <span class='ocrx_word' id='word_1_556' title='bbox 2593 4308 2906 4369; x_wconf 79' lang='lat' dir='ltr'><strong>arcendum,</strong></span> <span class='ocrx_word' id='word_1_557' title='bbox 2943 4321 3044 4358; x_wconf 88' lang='lat' dir='ltr'><strong>non</strong></span> <span class='ocrx_word' id='word_1_558' title='bbox 3080 4315 3258 4358; x_wconf 74' lang='grc' dir='ltr'>ιςιιυυιι</span> <span class='ocrx_word' id='word_1_559' title='bbox 3288 4324 3408 4362; x_wconf 86' lang='lat' dir='ltr'><strong>esse</strong></span> 
     </span>
    </p>
   </div>
   <div class='ocr_carea' id='block_1_88' title="bbox 1839 4395 3404 4464">
    <p class='ocr_par' dir='ltr' id='par_1_88' title="bbox 1839 4395 3404 4464">
     <span class='ocr_line' id='line_1_88' title="bbox 1839 4395 3404 4464; baseline 0.001 -15"><span class='ocrx_word' id='word_1_560' title='bbox 1839 4411 1866 4448; x_wconf 86' lang='lat' dir='ltr'><strong>a</strong></span> <span class='ocrx_word' id='word_1_561' title='bbox 1900 4404 2362 4449; x_wconf 83' lang='lat' dir='ltr'><strong>sacramentorum</strong></span> <span class='ocrx_word' id='word_1_562' title='bbox 2391 4407 2604 4461; x_wconf 89' lang='lat' dir='ltr'><strong>quoque</strong></span> <span class='ocrx_word' id='word_1_563' title='bbox 2653 4395 3060 4461; x_wconf 83' lang='lat' dir='ltr'><strong>participatione</strong></span> <span class='ocrx_word' id='word_1_564' title='bbox 3113 4400 3404 4464; x_wconf 85' lang='lat' dir='ltr'><strong>prohiben-</strong></span> 
     </span>
    </p>
   </div>
   <div class='ocr_carea' id='block_1_89' title="bbox 150 4471 1738 4555">
    <p class='ocr_par' dir='ltr' id='par_1_89' title="bbox 150 4471 1727 4545">
     <span class='ocr_line' id='line_1_89' title="bbox 150 4471 1727 4545; baseline 0.003 -22"><span class='ocrx_word' id='word_1_565' title='bbox 150 4471 545 4540; x_wconf 83' lang='grc' dir='ltr'>ἀπείργεσθαι,</span> <span class='ocrx_word' id='word_1_566' title='bbox 574 4471 710 4523; x_wconf 82' lang='grc' dir='ltr'><strong>ἀλλά</strong></span> <span class='ocrx_word' id='word_1_567' title='bbox 737 4472 1191 4542; x_wconf 77' lang='grc' dir='ltr'>μεταλαμϐάνειν</span> <span class='ocrx_word' id='word_1_568' title='bbox 1246 4477 1399 4538; x_wconf 84' lang='grc' dir='ltr'>ἐντὸς</span> <span class='ocrx_word' id='word_1_569' title='bbox 1425 4477 1520 4529; x_wconf 80' lang='grc' dir='ltr'>τοῦ</span> <span class='ocrx_word' id='word_1_570' title='bbox 1569 4477 1727 4545; x_wconf 84' lang='grc' dir='ltr'>ἁγίου</span> 
     </span>
    </p>
   </div>
   <div class='ocr_carea' id='block_1_90' title="bbox 1855 4471 3402 4555">
    <p class='ocr_par' dir='ltr' id='par_1_90' title="bbox 1855 4485 3402 4555">
     <span class='ocr_line' id='line_1_90' title="bbox 1855 4485 3402 4555; baseline 0.001 -17"><span class='ocrx_word' id='word_1_571' title='bbox 1855 4487 1988 4547; x_wconf 86' lang='lat' dir='ltr'><strong>lnm,</strong></span> <span class='ocrx_word' id='word_1_572' title='bbox 2034 4486 2128 4539; x_wconf 89' lang='lat' dir='ltr'><strong>sed</strong></span> <span class='ocrx_word' id='word_1_573' title='bbox 2163 4485 2303 4536; x_wconf 79' lang='lat' dir='ltr'><strong>intra</strong></span> <span class='ocrx_word' id='word_1_574' title='bbox 2343 4499 2557 4536; x_wconf 83' lang='lat' dir='ltr'><strong>sacrum</strong></span> <span class='ocrx_word' id='word_1_575' title='bbox 2619 4485 2850 4537; x_wconf 81' lang='lat' dir='ltr'><strong>tribunal</strong></span> <span class='ocrx_word' id='word_1_576' title='bbox 2897 4502 3014 4538; x_wconf 86' lang='lat' dir='ltr'><strong>cum</strong></span> <span class='ocrx_word' id='word_1_577' title='bbox 3071 4491 3246 4555; x_wconf 74' lang='lat' dir='ltr'><strong>gradu</strong></span> <span class='ocrx_word' id='word_1_578' title='bbox 3305 4491 3402 4542; x_wconf 88' lang='lat' dir='ltr'><strong>sibi</strong></span> 
     </span>
    </p>
   </div>
   <div class='ocr_carea' id='block_1_91' title="bbox 154 4561 1731 4638">
    <p class='ocr_par' dir='ltr' id='par_1_91' title="bbox 154 4561 1731 4638">
     <span class='ocr_line' id='line_1_91' title="bbox 154 4561 1731 4638; baseline -0.003 -23"><span class='ocrx_word' id='word_1_579' title='bbox 154 4561 409 4630; x_wconf 78' lang='grc' dir='ltr'>βήματος</span> <span class='ocrx_word' id='word_1_580' title='bbox 444 4561 586 4631; x_wconf 80' lang='grc' dir='ltr'><strong>μετά</strong></span> <span class='ocrx_word' id='word_1_581' title='bbox 623 4562 734 4614; x_wconf 86' lang='grc' dir='ltr'>τῶν</span> <span class='ocrx_word' id='word_1_582' title='bbox 769 4564 1090 4633; x_wconf 77' lang='grc' dir='ltr'>ίσοσάθμων</span> <span class='ocrx_word' id='word_1_583' title='bbox 1123 4566 1292 4620; x_wconf 81' lang='grc' dir='ltr'>αὑτοῦ</span> <span class='ocrx_word' id='word_1_584' title='bbox 1322 4569 1518 4637; x_wconf 86' lang='grc' dir='ltr'>ίερέων</span> <span class='ocrx_word' id='word_1_585' title='bbox 1548 4569 1580 4638; x_wconf 81' lang='grc' dir='ltr'>ἢ</span> <span class='ocrx_word' id='word_1_586' title='bbox 1616 4570 1731 4622; x_wconf 80' lang='grc' dir='ltr'><strong>δια-</strong></span> 
     </span>
    </p>
   </div>
   <div class='ocr_carea' id='block_1_92' title="bbox 150 4652 1730 4728">
    <p class='ocr_par' dir='ltr' id='par_1_92' title="bbox 150 4652 1730 4728">
     <span class='ocr_line' id='line_1_92' title="bbox 150 4652 1730 4728; baseline 0.006 -26"><span class='ocrx_word' id='word_1_587' title='bbox 150 4652 350 4705; x_wconf 81' lang='grc' dir='ltr'>κόνων.</span> <span class='ocrx_word' id='word_1_588' title='bbox 384 4653 488 4704; x_wconf 80' lang='grc' dir='ltr'><strong>Τὸν</strong></span> <span class='ocrx_word' id='word_1_589' title='bbox 519 4653 575 4705; x_wconf 85' lang='grc' dir='ltr'><strong>δὲ</strong></span> <span class='ocrx_word' id='word_1_590' title='bbox 621 4653 697 4722; x_wconf 82' lang='grc' dir='ltr'>μὴ</span> <span class='ocrx_word' id='word_1_591' title='bbox 755 4654 917 4723; x_wconf 85' lang='grc' dir='ltr'>μέχρι</span> <span class='ocrx_word' id='word_1_592' title='bbox 957 4656 1145 4709; x_wconf 85' lang='grc' dir='ltr'>τούτου</span> <span class='ocrx_word' id='word_1_593' title='bbox 1180 4659 1568 4728; x_wconf 79' lang='grc' dir='ltr'>ἡμαρτηκότα,</span> <span class='ocrx_word' id='word_1_594' title='bbox 1594 4662 1730 4713; x_wconf 82' lang='grc' dir='ltr'>ἀλλὰ</span> 
     </span>
    </p>
   </div>
   <div class='ocr_carea' id='block_1_93' title="bbox 151 4743 1723 4818">
    <p class='ocr_par' dir='ltr' id='par_1_93' title="bbox 151 4743 1723 4818">
     <span class='ocr_line' id='line_1_93' title="bbox 151 4743 1723 4818; baseline 0.006 -25"><span class='ocrx_word' id='word_1_595' title='bbox 151 4743 248 4794; x_wconf 66' lang='grc' dir='ltr'><strong>καὶ¹</strong></span> <span class='ocrx_word' id='word_1_596' title='bbox 295 4743 376 4805; x_wconf 84' lang='grc' dir='ltr'><strong>εἰς</strong></span> <span class='ocrx_word' id='word_1_597' title='bbox 407 4743 568 4795; x_wconf 86' lang='grc' dir='ltr'>πλέον</span> <span class='ocrx_word' id='word_1_598' title='bbox 608 4743 1064 4814; x_wconf 77' lang='grc' dir='ltr'>ἐξολισοήσαντα,</span> <span class='ocrx_word' id='word_1_599' title='bbox 1132 4746 1274 4799; x_wconf 83' lang='grc' dir='ltr'>θέλει</span> <span class='ocrx_word' id='word_1_600' title='bbox 1325 4750 1723 4818; x_wconf 78' lang='grc' dir='ltr'>καθαιρεῖσθαι.</span> 
     </span>
    </p>
   </div>
   <div class='ocr_carea' id='block_1_94' title="bbox 153 4831 1732 4909">
    <p class='ocr_par' dir='ltr' id='par_1_94' title="bbox 153 4831 1732 4909">
     <span class='ocr_line' id='line_1_94' title="bbox 153 4831 1732 4909; baseline 0.006 -25"><span class='ocrx_word' id='word_1_601' title='bbox 153 4831 339 4909; x_wconf 56' lang='grc' dir='ltr'>Ταιξτα</span> <span class='ocrx_word' id='word_1_602' title='bbox 393 4833 487 4885; x_wconf 79' lang='grc' dir='ltr'>τοῦ</span> <span class='ocrx_word' id='word_1_603' title='bbox 518 4836 742 4898; x_wconf 86' lang='grc' dir='ltr'>κανόνος</span> <span class='ocrx_word' id='word_1_604' title='bbox 781 4837 1180 4907; x_wconf 75' lang='grc' dir='ltr'>διοριζομένου,</span> <span class='ocrx_word' id='word_1_605' title='bbox 1217 4841 1478 4909; x_wconf 75' lang='grc' dir='ltr'>ἠρωτήθη</span> <span class='ocrx_word' id='word_1_606' title='bbox 1538 4841 1732 4894; x_wconf 88' lang='grc' dir='ltr'>πολλά-</span> 
     </span>
    </p>
   </div>
   <div class='ocr_carea' id='block_1_95' title="bbox 150 4902 1724 5002">
    <p class='ocr_par' dir='ltr' id='par_1_95' title="bbox 150 4902 1724 5002">
     <span class='ocr_line' id='line_1_95' title="bbox 150 4902 1724 5002; baseline 0.006 -28"><span class='ocrx_word' id='word_1_607' title='bbox 150 4902 269 4988; x_wconf 67' lang='grc' dir='ltr'>κις,’</span> <span class='ocrx_word' id='word_1_608' title='bbox 292 4925 356 4975; x_wconf 79' lang='grc' dir='ltr'>Τί</span> <span class='ocrx_word' id='word_1_609' title='bbox 381 4926 497 4977; x_wconf 74' lang='grc' dir='ltr'>ἐστι</span> <span class='ocrx_word' id='word_1_610' title='bbox 526 4928 586 4978; x_wconf 84' lang='grc' dir='ltr'>τὸ</span> <span class='ocrx_word' id='word_1_611' title='bbox 612 4930 668 4980; x_wconf 73' lang='grc' dir='ltr'>ὲν</span> <span class='ocrx_word' id='word_1_612' title='bbox 697 4902 904 4997; x_wconf 79' lang='grc' dir='ltr'>χείλεσι</span> <span class='ocrx_word' id='word_1_613' title='bbox 945 4902 1363 5000; x_wconf 43' lang='grc' dir='ltr'>μιανθῆναιητὸν</span> <span class='ocrx_word' id='word_1_614' title='bbox 1384 4902 1683 5002; x_wconf 44' lang='grc' dir='ltr'>ίερ-ωμένον</span> <span class='ocrx_word' id='word_1_615' title='bbox 1710 4952 1724 4998; x_wconf 89' lang='lat'><strong>;</strong></span> 
     </span>
    </p>
   </div>
   <div class='ocr_carea' id='block_1_96' title="bbox 153 5010 1725 5093">
    <p class='ocr_par' dir='ltr' id='par_1_96' title="bbox 153 5010 1725 5093">
     <span class='ocr_line' id='line_1_96' title="bbox 153 5010 1725 5093; baseline 0.006 -27"><span class='ocrx_word' id='word_1_616' title='bbox 153 5015 260 5067; x_wconf 79' lang='grc' dir='ltr'>Καί</span> <span class='ocrx_word' id='word_1_617' title='bbox 293 5031 441 5076; x_wconf 82' lang='grc' dir='ltr'>τινες</span> <span class='ocrx_word' id='word_1_618' title='bbox 471 5010 629 5070; x_wconf 76' lang='grc' dir='ltr'>εἷπον</span> <span class='ocrx_word' id='word_1_619' title='bbox 652 5013 792 5071; x_wconf 76' lang='grc' dir='ltr'>εἶναι</span> <span class='ocrx_word' id='word_1_620' title='bbox 821 5020 880 5072; x_wconf 86' lang='grc' dir='ltr'>τὸ</span> <span class='ocrx_word' id='word_1_621' title='bbox 912 5022 1074 5091; x_wconf 82' lang='grc' dir='ltr'>μέχρι</span> <span class='ocrx_word' id='word_1_622' title='bbox 1104 5024 1415 5093; x_wconf 83' lang='grc' dir='ltr'>φιλήματος</span> <span class='ocrx_word' id='word_1_623' title='bbox 1440 5025 1725 5092; x_wconf 85' lang='grc' dir='ltr'>ὲμπαθοῦς</span> 
     </span>
    </p>
   </div>
   <div class='ocr_carea' id='block_1_97' title="bbox 152 5106 1731 5184">
    <p class='ocr_par' dir='ltr' id='par_1_97' title="bbox 152 5106 1731 5184">
     <span class='ocr_line' id='line_1_97' title="bbox 152 5106 1731 5184; baseline 0.009 -30"><span class='ocrx_word' id='word_1_624' title='bbox 152 5107 246 5158; x_wconf 78' lang='grc' dir='ltr'>καὶ</span> <span class='ocrx_word' id='word_1_625' title='bbox 277 5106 545 5174; x_wconf 70' lang='grc' dir='ltr'>ἐρωτικοῦ</span> <span class='ocrx_word' id='word_1_626' title='bbox 592 5109 731 5177; x_wconf 83' lang='grc' dir='ltr'>πρὸς</span> <span class='ocrx_word' id='word_1_627' title='bbox 761 5115 998 5177; x_wconf 89' lang='grc' dir='ltr'>γυναῖκα</span> <span class='ocrx_word' id='word_1_628' title='bbox 1031 5115 1320 5182; x_wconf 87' lang='grc' dir='ltr'>γινομένου</span> <span class='ocrx_word' id='word_1_629' title='bbox 1339 5116 1731 5184; x_wconf 63' lang='grc' dir='ltr'>ἡμαρτηκέναι</span> 
     </span>
    </p>
   </div>
   <div class='ocr_carea' id='block_1_98' title="bbox 154 5194 1730 5277">
    <p class='ocr_par' dir='ltr' id='par_1_98' title="bbox 154 5194 1730 5277">
     <span class='ocr_line' id='line_1_98' title="bbox 154 5194 1730 5277; baseline 0.011 -37"><span class='ocrx_word' id='word_1_630' title='bbox 154 5195 293 5254; x_wconf 79' lang='grc' dir='ltr'>τινὰ,</span> <span class='ocrx_word' id='word_1_631' title='bbox 327 5194 469 5245; x_wconf 85' lang='grc' dir='ltr'>κατὰ</span> <span class='ocrx_word' id='word_1_632' title='bbox 511 5195 570 5246; x_wconf 75' lang='grc' dir='ltr'>τὸ</span> <span class='ocrx_word' id='word_1_633' title='bbox 596 5197 959 5264; x_wconf 80' lang='grc' dir='ltr'>εὐαγγελικὸν</span> <span class='ocrx_word' id='word_1_634' title='bbox 993 5205 1158 5270; x_wconf 77' lang='grc' dir='ltr'>ῥητὸν</span> <span class='ocrx_word' id='word_1_635' title='bbox 1205 5204 1265 5255; x_wconf 87' lang='grc' dir='ltr'>τὸ</span> <span class='ocrx_word' id='word_1_636' title='bbox 1289 5204 1486 5277; x_wconf 66' lang='grc' dir='ltr'>λέγονς</span> <span class='ocrx_word' id='word_1_637' title='bbox 1533 5208 1603 5258; x_wconf 88' lang='lat'><strong>&#39;0</strong></span> <span class='ocrx_word' id='word_1_638' title='bbox 1627 5206 1730 5273; x_wconf 83' lang='grc' dir='ltr'><strong>ἐμ-</strong></span> 
     </span>
    </p>
   </div>
   <div class='ocr_carea' id='block_1_99' title="bbox 155 5282 1727 5365">
    <p class='ocr_par' dir='ltr' id='par_1_99' title="bbox 155 5282 1727 5365">
     <span class='ocr_line' id='line_1_99' title="bbox 155 5282 1727 5365; baseline 0.013 -32"><span class='ocrx_word' id='word_1_639' title='bbox 155 5282 190 5333; x_wconf 83' lang='grc'><em>6</em></span> <span class='ocrx_word' id='word_1_640' title='bbox 208 5282 383 5349; x_wconf 63' lang='grc' dir='ltr'>ιέψας</span> <span class='ocrx_word' id='word_1_641' title='bbox 437 5287 672 5353; x_wconf 79' lang='grc' dir='ltr'>γυναικί</span> <span class='ocrx_word' id='word_1_642' title='bbox 711 5291 878 5357; x_wconf 79' lang='grc' dir='ltr'>’πρὸς</span> <span class='ocrx_word' id='word_1_643' title='bbox 940 5293 1004 5345; x_wconf 85' lang='grc' dir='ltr'>τὸ</span> <span class='ocrx_word' id='word_1_644' title='bbox 1072 5293 1438 5364; x_wconf 77' lang='grc' dir='ltr'>ἐπιθυμῆσαι</span> <span class='ocrx_word' id='word_1_645' title='bbox 1508 5297 1727 5365; x_wconf 83' lang='grc' dir='ltr'>αὐτῆς,</span> 
     </span>
    </p>
   </div>
   <div class='ocr_carea' id='block_1_100' title="bbox 157 5372 1730 5456">
    <p class='ocr_par' dir='ltr' id='par_1_100' title="bbox 157 5372 1730 5456">
     <span class='ocr_line' id='line_1_100' title="bbox 157 5372 1730 5456; baseline 0.013 -33"><span class='ocrx_word' id='word_1_646' title='bbox 157 5372 269 5440; x_wconf 78' lang='grc' dir='ltr'><strong>ἤδη</strong></span> <span class='ocrx_word' id='word_1_647' title='bbox 294 5378 658 5444; x_wconf 68' lang='grc' dir='ltr'>ἐμοίχευσεν</span> <span class='ocrx_word' id='word_1_648' title='bbox 676 5383 894 5444; x_wconf 66' lang='grc' dir='ltr'>αὐτὴν.</span> <span class='ocrx_word' id='word_1_649' title='bbox 929 5384 1112 5437; x_wconf 81' lang='grc' dir='ltr'>’Λλλοι</span> <span class='ocrx_word' id='word_1_650' title='bbox 1166 5383 1322 5439; x_wconf 84' lang='grc' dir='ltr'>εἷπον</span> <span class='ocrx_word' id='word_1_651' title='bbox 1352 5386 1426 5449; x_wconf 86' lang='grc' dir='ltr'>ὦς</span> <span class='ocrx_word' id='word_1_652' title='bbox 1460 5405 1602 5451; x_wconf 90' lang='grc' dir='ltr'>τινες</span> <span class='ocrx_word' id='word_1_653' title='bbox 1650 5387 1730 5456; x_wconf 80' lang='grc' dir='ltr'>τῷ</span> 
     </span>
    </p>
   </div>
   <div class='ocr_carea' id='block_1_101' title="bbox 165 5465 1722 5547">
    <p class='ocr_par' dir='ltr' id='par_1_101' title="bbox 165 5465 1722 5547">
     <span class='ocr_line' id='line_1_101' title="bbox 165 5465 1722 5547; baseline 0.012 -33"><span class='ocrx_word' id='word_1_654' title='bbox 165 5465 461 5536; x_wconf 66' lang='grc' dir='ltr'>ἀφροδισζῳ</span> <span class='ocrx_word' id='word_1_655' title='bbox 533 5471 671 5540; x_wconf 83' lang='grc' dir='ltr'>πυρὶ</span> <span class='ocrx_word' id='word_1_656' title='bbox 722 5472 961 5537; x_wconf 68' lang='grc' dir='ltr'>διακαῶς</span> <span class='ocrx_word' id='word_1_657' title='bbox 1014 5478 1344 5547; x_wconf 84' lang='grc' dir='ltr'>ἐκκαόμενοι</span> <span class='ocrx_word' id='word_1_658' title='bbox 1421 5479 1495 5542; x_wconf 84' lang='grc' dir='ltr'>ὡς</span> <span class='ocrx_word' id='word_1_659' title='bbox 1543 5481 1722 5533; x_wconf 79' lang='grc' dir='ltr'>κύλικι</span> 
     </span>
    </p>
   </div>
   <div class='ocr_carea' id='block_1_102' title="bbox 161 5555 1708 5640">
    <p class='ocr_par' dir='ltr' id='par_1_102' title="bbox 161 5555 1708 5640">
     <span class='ocr_line' id='line_1_102' title="bbox 161 5555 1708 5640; baseline 0.014 -36"><span class='ocrx_word' id='word_1_660' title='bbox 161 5555 395 5622; x_wconf 79' lang='grc' dir='ltr'>χρῶνται</span> <span class='ocrx_word' id='word_1_661' title='bbox 427 5558 505 5628; x_wconf 82' lang='grc' dir='ltr'><strong>τῷ</strong></span> <span class='ocrx_word' id='word_1_662' title='bbox 535 5564 833 5631; x_wconf 78' lang='grc' dir='ltr'>γυναικείῳ</span> <span class='ocrx_word' id='word_1_663' title='bbox 867 5567 1070 5636; x_wconf 70' lang='grc' dir='ltr'>αζδοῖῳ,</span> <span class='ocrx_word' id='word_1_664' title='bbox 1105 5570 1199 5622; x_wconf 80' lang='grc' dir='ltr'>καὶ</span> <span class='ocrx_word' id='word_1_665' title='bbox 1230 5569 1298 5622; x_wconf 80' lang='grc' dir='ltr'><strong>δι’</strong></span> <span class='ocrx_word' id='word_1_666' title='bbox 1335 5572 1497 5624; x_wconf 77' lang='grc' dir='ltr'>αὑτοῦ</span> <span class='ocrx_word' id='word_1_667' title='bbox 1531 5572 1594 5640; x_wconf 80' lang='grc' dir='ltr'><strong>(ὣ</strong></span> <span class='ocrx_word' id='word_1_668' title='bbox 1616 5574 1708 5626; x_wconf 67' lang='grc' dir='ltr'>τοῦ</span> 
     </span>
    </p>
   </div>
   <div class='ocr_carea' id='block_1_103' title="bbox 253 5735 686 5804">
    <p class='ocr_par' dir='ltr' id='par_1_103' title="bbox 253 5735 686 5804">
     <span class='ocr_line' id='line_1_103' title="bbox 253 5735 686 5804; baseline 0.016 -16"><span class='ocrx_word' id='word_1_669' title='bbox 253 5736 268 5767; x_wconf 83' lang='grc'>⁸</span> <span class='ocrx_word' id='word_1_670' title='bbox 307 5735 498 5792; x_wconf 69' lang='grc' dir='ltr'>Μαιιὶι.</span> <span class='ocrx_word' id='word_1_671' title='bbox 527 5756 582 5804; x_wconf 73' lang='grc' dir='ltr'><strong>ν,</strong></span> <span class='ocrx_word' id='word_1_672' title='bbox 600 5742 686 5794; x_wconf 68' lang='lat'><strong>28.</strong></span> 
     </span>
    </p>
   </div>
   <div class='ocr_carea' id='block_1_104' title="bbox 1836 4574 3403 4645">
    <p class='ocr_par' dir='ltr' id='par_1_104' title="bbox 1836 4574 3403 4645">
     <span class='ocr_line' id='line_1_104' title="bbox 1836 4574 3403 4645; baseline 0.001 -14"><span class='ocrx_word' id='word_1_673' title='bbox 1836 4577 2134 4645; x_wconf 71' lang='lat' dir='ltr'><strong>aequalibus</strong></span> <span class='ocrx_word' id='word_1_674' title='bbox 2168 4575 2546 4628; x_wconf 79' lang='lat' dir='ltr'><strong>sacerdoribus</strong></span> <span class='ocrx_word' id='word_1_675' title='bbox 2573 4574 2653 4626; x_wconf 79' lang='lat' dir='ltr'><strong>Vel</strong></span> <span class='ocrx_word' id='word_1_676' title='bbox 2696 4577 2959 4629; x_wconf 82' lang='lat' dir='ltr'><strong>diaconus</strong></span> <span class='ocrx_word' id='word_1_677' title='bbox 2991 4580 3403 4633; x_wconf 72' lang='lat' dir='ltr'><strong>communietre</strong></span> 
     </span>
    </p>
   </div>
   <div class='ocr_carea' id='block_1_105' title="bbox 1837 4664 3407 4734">
    <p class='ocr_par' dir='ltr' id='par_1_105' title="bbox 1837 4664 3407 4734">
     <span class='ocr_line' id='line_1_105' title="bbox 1837 4664 3407 4734; baseline -0.001 -14"><span class='ocrx_word' id='word_1_678' title='bbox 1837 4669 1884 4720; x_wconf 90' lang='lat' dir='ltr'><strong>ei</strong></span> <span class='ocrx_word' id='word_1_679' title='bbox 1917 4665 2354 4734; x_wconf 87' lang='lat' dir='ltr'><strong>permittemlum.</strong></span> <span class='ocrx_word' id='word_1_680' title='bbox 2390 4664 2520 4716; x_wconf 86' lang='lat' dir='ltr'><strong>Eum</strong></span> <span class='ocrx_word' id='word_1_681' title='bbox 2546 4675 2745 4727; x_wconf 88' lang='lat' dir='ltr'><strong>autem,</strong></span> <span class='ocrx_word' id='word_1_682' title='bbox 2770 4666 2858 4733; x_wconf 87' lang='lat' dir='ltr'><strong>qui</strong></span> <span class='ocrx_word' id='word_1_683' title='bbox 2887 4681 2988 4718; x_wconf 89' lang='lat' dir='ltr'><strong>non</strong></span> <span class='ocrx_word' id='word_1_684' title='bbox 3019 4681 3083 4720; x_wconf 88' lang='lat' dir='ltr'><strong>eo</strong></span> <span class='ocrx_word' id='word_1_685' title='bbox 3116 4683 3283 4733; x_wconf 76' lang='lat' dir='ltr'><strong>usque</strong></span> <span class='ocrx_word' id='word_1_686' title='bbox 3317 4686 3407 4721; x_wconf 79' lang='lat' dir='ltr'><strong>sn-</strong></span> 
     </span>
    </p>
   </div>
   <div class='ocr_carea' id='block_1_106' title="bbox 1839 4756 3410 4826">
    <p class='ocr_par' dir='ltr' id='par_1_106' title="bbox 1839 4756 3410 4826">
     <span class='ocr_line' id='line_1_106' title="bbox 1839 4756 3410 4826; baseline 0.003 -19"><span class='ocrx_word' id='word_1_687' title='bbox 1839 4756 1950 4809; x_wconf 92' lang='lat' dir='ltr'><strong>lum</strong></span> <span class='ocrx_word' id='word_1_688' title='bbox 1981 4756 2243 4822; x_wconf 83' lang='lat' dir='ltr'><strong>peccavit,</strong></span> <span class='ocrx_word' id='word_1_689' title='bbox 2298 4758 2390 4808; x_wconf 84' lang='lat' dir='ltr'><strong>sed</strong></span> <span class='ocrx_word' id='word_1_690' title='bbox 2435 4756 2665 4824; x_wconf 84' lang='lat' dir='ltr'><strong>amplius</strong></span> <span class='ocrx_word' id='word_1_691' title='bbox 2694 4759 2857 4810; x_wconf 88' lang='lat' dir='ltr'><strong>etiam</strong></span> <span class='ocrx_word' id='word_1_692' title='bbox 2907 4759 3090 4826; x_wconf 86' lang='lat' dir='ltr'><strong>lapsus</strong></span> <span class='ocrx_word' id='word_1_693' title='bbox 3135 4770 3236 4824; x_wconf 73' lang='lat' dir='ltr'><strong>est,</strong></span> <span class='ocrx_word' id='word_1_694' title='bbox 3299 4763 3410 4812; x_wconf 86' lang='lat' dir='ltr'><strong>vult</strong></span> 
     </span>
    </p>
   </div>
   <div class='ocr_carea' id='block_1_107' title="bbox 1837 4845 3408 4916">
    <p class='ocr_par' dir='ltr' id='par_1_107' title="bbox 1837 4845 3408 4916">
     <span class='ocr_line' id='line_1_107' title="bbox 1837 4845 3408 4916; baseline 0.003 -16"><span class='ocrx_word' id='word_1_695' title='bbox 1837 4862 1956 4900; x_wconf 87' lang='lat' dir='ltr'><strong>esse</strong></span> <span class='ocrx_word' id='word_1_696' title='bbox 2006 4848 2398 4914; x_wconf 73' lang='lat' dir='ltr'><strong>tlepouemlum.</strong></span> <span class='ocrx_word' id='word_1_697' title='bbox 2433 4845 2556 4900; x_wconf 81' lang='lat' dir='ltr'><strong>llaec</strong></span> <span class='ocrx_word' id='word_1_698' title='bbox 2610 4861 2731 4899; x_wconf 88' lang='lat' dir='ltr'><strong>cum</strong></span> <span class='ocrx_word' id='word_1_699' title='bbox 2790 4862 2913 4899; x_wconf 88' lang='lat' dir='ltr'><strong>can.</strong></span> <span class='ocrx_word' id='word_1_700' title='bbox 2969 4851 3213 4913; x_wconf 74' lang='lat' dir='ltr'><strong>deﬁrniat,</strong></span> <span class='ocrx_word' id='word_1_701' title='bbox 3266 4866 3408 4916; x_wconf 70' lang='grc' dir='ltr'>εει-νο</span> 
     </span>
    </p>
   </div>
   <div class='ocr_carea' id='block_1_108' title="bbox 1838 4937 3403 5008">
    <p class='ocr_par' dir='ltr' id='par_1_108' title="bbox 1838 4937 3403 5008">
     <span class='ocr_line' id='line_1_108' title="bbox 1838 4937 3403 5008; baseline 0.001 -17"><span class='ocrx_word' id='word_1_702' title='bbox 1838 4939 2231 5008; x_wconf 78' lang='lat' dir='ltr'><strong>interrogatum</strong></span> <span class='ocrx_word' id='word_1_703' title='bbox 2265 4947 2367 5001; x_wconf 86' lang='lat' dir='ltr'><strong>est,</strong></span> <span class='ocrx_word' id='word_1_704' title='bbox 2412 4937 2549 5002; x_wconf 84' lang='lat' dir='ltr'><strong>Quid</strong></span> <span class='ocrx_word' id='word_1_705' title='bbox 2582 4939 2652 4990; x_wconf 88' lang='lat' dir='ltr'><strong>sit</strong></span> <span class='ocrx_word' id='word_1_706' title='bbox 2700 4948 2973 4991; x_wconf 88' lang='lat' dir='ltr'><strong>sacratum</strong></span> <span class='ocrx_word' id='word_1_707' title='bbox 3030 4941 3300 4993; x_wconf 81' lang='lat' dir='ltr'><strong>hominem</strong></span> <span class='ocrx_word' id='word_1_708' title='bbox 3353 4945 3403 4994; x_wconf 89' lang='lat' dir='ltr'><strong>in</strong></span> 
     </span>
    </p>
   </div>
   <div class='ocr_carea' id='block_1_109' title="bbox 1834 5028 3404 5100">
    <p class='ocr_par' dir='ltr' id='par_1_109' title="bbox 1834 5028 3404 5100">
     <span class='ocr_line' id='line_1_109' title="bbox 1834 5028 3404 5100; baseline 0.003 -19"><span class='ocrx_word' id='word_1_709' title='bbox 1834 5029 2001 5082; x_wconf 87' lang='lat' dir='ltr'><strong>labris</strong></span> <span class='ocrx_word' id='word_1_710' title='bbox 2029 5029 2240 5097; x_wconf 87' lang='lat' dir='ltr'><strong>pollui?</strong></span> <span class='ocrx_word' id='word_1_711' title='bbox 2281 5039 2333 5082; x_wconf 91' lang='lat' dir='ltr'><strong>et</strong></span> <span class='ocrx_word' id='word_1_712' title='bbox 2365 5029 2615 5082; x_wconf 84' lang='lat' dir='ltr'><strong>dicebant</strong></span> <span class='ocrx_word' id='word_1_713' title='bbox 2661 5028 2828 5096; x_wconf 88' lang='lat' dir='ltr'><strong>aliqui</strong></span> <span class='ocrx_word' id='word_1_714' title='bbox 2866 5043 2984 5082; x_wconf 88' lang='lat' dir='ltr'><strong>esse</strong></span> <span class='ocrx_word' id='word_1_715' title='bbox 3017 5030 3246 5098; x_wconf 79' lang='lat' dir='ltr'><strong>aliquem</strong></span> <span class='ocrx_word' id='word_1_716' title='bbox 3276 5048 3404 5100; x_wconf 70' lang='grc' dir='ltr'>ρυρ-</span> 
     </span>
    </p>
   </div>
   <div class='ocr_carea' id='block_1_110' title="bbox 1834 5123 3406 5179">
    <p class='ocr_par' dir='ltr' id='par_1_110' title="bbox 1834 5123 3406 5179">
     <span class='ocr_line' id='line_1_110' title="bbox 1834 5123 3406 5179; baseline -0.003 0"><span class='ocrx_word' id='word_1_717' title='bbox 1834 5137 1990 5179; x_wconf 87' lang='lat' dir='ltr'><strong>easse</strong></span> <span class='ocrx_word' id='word_1_718' title='bbox 2007 5139 2125 5175; x_wconf 90' lang='lat' dir='ltr'><strong>cum</strong></span> <span class='ocrx_word' id='word_1_719' title='bbox 2163 5123 2388 5176; x_wconf 86' lang='lat' dir='ltr'><strong>muliere</strong></span> <span class='ocrx_word' id='word_1_720' title='bbox 2416 5125 2480 5174; x_wconf 87' lang='lat' dir='ltr'><strong>ad</strong></span> <span class='ocrx_word' id='word_1_721' title='bbox 2526 5123 2780 5176; x_wconf 71' lang='lat' dir='ltr'><strong>iasdvum</strong></span> <span class='ocrx_word' id='word_1_722' title='bbox 2814 5133 2868 5177; x_wconf 90' lang='lat' dir='ltr'><strong>et</strong></span> <span class='ocrx_word' id='word_1_723' title='bbox 2899 5128 3220 5179; x_wconf 87' lang='lat' dir='ltr'><strong>amatorium</strong></span> <span class='ocrx_word' id='word_1_724' title='bbox 3248 5141 3406 5179; x_wconf 72' lang='lat' dir='ltr'><strong>Oseu-</strong></span> 
     </span>
    </p>
   </div>
   <div class='ocr_carea' id='block_1_111' title="bbox 1835 5213 3403 5282">
    <p class='ocr_par' dir='ltr' id='par_1_111' title="bbox 1835 5213 3403 5282">
     <span class='ocr_line' id='line_1_111' title="bbox 1835 5213 3403 5282; baseline 0 -14"><span class='ocrx_word' id='word_1_725' title='bbox 1835 5216 1968 5278; x_wconf 89' lang='lat' dir='ltr'><strong>lum,</strong></span> <span class='ocrx_word' id='word_1_726' title='bbox 1999 5217 2292 5268; x_wconf 75' lang='lat' dir='ltr'><strong>secumlum</strong></span> <span class='ocrx_word' id='word_1_727' title='bbox 2321 5213 2688 5282; x_wconf 61' lang='lat' dir='ltr'><strong>evangr-licum</strong></span> <span class='ocrx_word' id='word_1_728' title='bbox 2726 5215 2945 5276; x_wconf 78' lang='lat' dir='ltr'><strong>dierum,</strong></span> <span class='ocrx_word' id='word_1_729' title='bbox 2986 5221 3125 5282; x_wconf 90' lang='lat' dir='ltr'><strong>quod</strong></span> <span class='ocrx_word' id='word_1_730' title='bbox 3154 5229 3254 5274; x_wconf 86' lang='lat' dir='ltr'><strong>est.</strong></span> <span class='ocrx_word' id='word_1_731' title='bbox 3301 5219 3403 5280; x_wconf 76' lang='lat' dir='ltr'><strong>Qui</strong></span> 
     </span>
    </p>
   </div>
   <div class='ocr_carea' id='block_1_112' title="bbox 1833 5306 3401 5372">
    <p class='ocr_par' dir='ltr' id='par_1_112' title="bbox 1833 5306 3401 5372">
     <span class='ocr_line' id='line_1_112' title="bbox 1833 5306 3401 5372; baseline 0.001 -13"><span class='ocrx_word' id='word_1_732' title='bbox 1833 5307 2036 5372; x_wconf 72' lang='lat' dir='ltr'><strong>aspexit</strong></span> <span class='ocrx_word' id='word_1_733' title='bbox 2059 5307 2322 5358; x_wconf 75' lang='lat' dir='ltr'><strong>mulierem</strong></span> <span class='ocrx_word' id='word_1_734' title='bbox 2351 5307 2420 5356; x_wconf 84' lang='lat' dir='ltr'><strong>ad</strong></span> <span class='ocrx_word' id='word_1_735' title='bbox 2453 5306 2920 5372; x_wconf 71' lang='lat' dir='ltr'><strong>concupiscendum</strong></span> <span class='ocrx_word' id='word_1_736' title='bbox 2948 5324 3060 5360; x_wconf 88' lang='lat' dir='ltr'><strong>eam</strong></span> <span class='ocrx_word' id='word_1_737' title='bbox 3092 5311 3401 5372; x_wconf 73' lang='lat' dir='ltr'><strong>,mwc/ranu</strong></span> 
     </span>
    </p>
   </div>
   <div class='ocr_carea' id='block_1_113' title="bbox 1833 5397 3403 5466">
    <p class='ocr_par' dir='ltr' id='par_1_113' title="bbox 1833 5397 3403 5466">
     <span class='ocr_line' id='line_1_113' title="bbox 1833 5397 3403 5466; baseline 0.001 -16"><span class='ocrx_word' id='word_1_738' title='bbox 1833 5412 1904 5451; x_wconf 79' lang='lat' dir='ltr'><strong>est</strong></span> <span class='ocrx_word' id='word_1_739' title='bbox 1936 5414 2049 5449; x_wconf 85' lang='lat' dir='ltr'><strong>cum</strong></span> <span class='ocrx_word' id='word_1_740' title='bbox 2104 5413 2162 5449; x_wconf 68' lang='lat' dir='ltr'><strong>ea</strong></span> <span class='ocrx_word' id='word_1_741' title='bbox 2196 5397 2234 5453; x_wconf 84' lang='grc'>¹.</span> <span class='ocrx_word' id='word_1_742' title='bbox 2281 5397 2374 5447; x_wconf 77' lang='lat' dir='ltr'><strong>Alii</strong></span> <span class='ocrx_word' id='word_1_743' title='bbox 2411 5397 2678 5460; x_wconf 78' lang='lat' dir='ltr'><strong>dicebant,</strong></span> <span class='ocrx_word' id='word_1_744' title='bbox 2713 5399 2853 5466; x_wconf 77' lang='lat' dir='ltr'><strong>quod</strong></span> <span class='ocrx_word' id='word_1_745' title='bbox 2905 5400 3120 5465; x_wconf 85' lang='lat' dir='ltr'><strong>quidam</strong></span> <span class='ocrx_word' id='word_1_746' title='bbox 3185 5399 3403 5452; x_wconf 79' lang='lat' dir='ltr'><strong>Veneris</strong></span> 
     </span>
    </p>
   </div>
   <div class='ocr_carea' id='block_1_114' title="bbox 1833 5487 3400 5559">
    <p class='ocr_par' dir='ltr' id='par_1_114' title="bbox 1833 5487 3400 5559">
     <span class='ocr_line' id='line_1_114' title="bbox 1833 5487 3400 5559; baseline -0.001 -17"><span class='ocrx_word' id='word_1_747' title='bbox 1833 5491 1956 5559; x_wconf 72' lang='lat' dir='ltr'><strong>igne</strong></span> <span class='ocrx_word' id='word_1_748' title='bbox 1987 5491 2242 5542; x_wconf 84' lang='lat' dir='ltr'><strong>ardenter</strong></span> <span class='ocrx_word' id='word_1_749' title='bbox 2297 5487 2632 5550; x_wconf 77' lang='lat' dir='ltr'><strong>inﬂammati,</strong></span> <span class='ocrx_word' id='word_1_750' title='bbox 2691 5488 2936 5541; x_wconf 79' lang='lat' dir='ltr'><strong>muliebri</strong></span> <span class='ocrx_word' id='word_1_751' title='bbox 2993 5490 3240 5554; x_wconf 78' lang='lat' dir='ltr'><strong>pudendo</strong></span> <span class='ocrx_word' id='word_1_752' title='bbox 3282 5499 3400 5541; x_wconf 83' lang='lat' dir='ltr'><strong>tarr-</strong></span> 
     </span>
    </p>
   </div>
   <div class='ocr_carea' id='block_1_115' title="bbox 1830 5578 3396 5650">
    <p class='ocr_par' dir='ltr' id='par_1_115' title="bbox 1830 5578 3396 5650">
     <span class='ocr_line' id='line_1_115' title="bbox 1830 5578 3396 5650; baseline -0.001 -17"><span class='ocrx_word' id='word_1_753' title='bbox 1830 5595 1990 5650; x_wconf 71' lang='lat' dir='ltr'><strong>quam</strong></span> <span class='ocrx_word' id='word_1_754' title='bbox 2021 5580 2210 5649; x_wconf 88' lang='lat' dir='ltr'><strong>poculo</strong></span> <span class='ocrx_word' id='word_1_755' title='bbox 2253 5589 2497 5644; x_wconf 88' lang='lat' dir='ltr'><strong>utuntur,</strong></span> <span class='ocrx_word' id='word_1_756' title='bbox 2536 5589 2587 5631; x_wconf 92' lang='lat' dir='ltr'><strong>et</strong></span> <span class='ocrx_word' id='word_1_757' title='bbox 2625 5593 2719 5646; x_wconf 80' lang='lat' dir='ltr'><strong>per</strong></span> <span class='ocrx_word' id='word_1_758' title='bbox 2776 5578 2947 5646; x_wconf 71' lang='lat' dir='ltr'><strong>ipsum</strong></span> <span class='ocrx_word' id='word_1_759' title='bbox 2978 5579 3042 5648; x_wconf 80' lang='grc' dir='ltr'>(ο</span> <span class='ocrx_word' id='word_1_760' title='bbox 3082 5579 3396 5634; x_wconf 73' lang='lat' dir='ltr'><strong>cxsecraudi</strong></span> 
     </span>
    </p>
   </div>
  </div>
