3946 6342
131 358 257 420 ΤΠ

1052 359 1130 420 1N
1163 360 1401 421 EPIST.
1439 360 1499 418 S.
1543 357 1834 418 BASILII
1891 355 2337 418 CANONICAM
2378 357 2491 418 lli.

3315 357 3415 418 ’1⁵18

226 465 481 522 ΖΩΝΑΡ.
530 469 796 521 Μαντεῖαι
834 467 930 538 μὲν
970 469 1131 520 πάλαι
1173 465 1314 539 ἦσαν
1360 467 1416 519 αἱ
1469 463 1733 535 περὶτῶν

1915 461 2163 518 ΖΟΝΑΒ.
2204 463 2466 517 Vaticinia
2507 463 2634 517 olim
2687 471 2866 526 erant,
2925 478 3044 532 qua:
3105 463 3255 518 falsis
3316 467 3420 520 diis

121 557 524 628 ψευδωνύμων
567 558 704 613 Θεῶν
759 561 1046 630 γινόμεναι
1095 560 1454 630 προρρήσεις,
1519 559 1550 629 ἦ
1602 557 1737 625 πρὶς

118 650 455 719 ἐρωτήσεις
492 652 814 721 ἀποκρίσεις
839 668 853 682 ⁶
894 655 942 704 εἰ
979 653 1035 705 δὲ
1090 652 1185 706 καὶ
1214 652 1280 704 τὰ
1305 651 1616 721 χρηστήρια
1647 651 1738 700 ἐκ·

119 739 439 794 λελοίπασι
489 744 626 811 μετὰ
651 747 751 812 τὴν
779 744 1054 812 σάρκωσιν
1078 741 1173 796 τοῦ
1211 743 1442 813 Κυρίου,
1475 741 1612 795 ἀλλὰ
1644 739 1739 792 καὶ

121 833 250 887 νῦν
275 835 516 902 γίνονται
573 839 724 908 παρά
753 857 913 892 τινων
964 839 1031 891 δι’
1063 839 1290 908 ἐπῳδῶν
1325 840 1419 892 καὶ
1455 837 1738 905 ἐνεργείας

123 926 478 998 δαιμονικῆς
525 931 881 1001 προρρήσεις,
937 933 986 984 εἰ
1044 933 1136 984 καὶ
1166 932 1386 999 ψευδεῖς
1424 933 1480 983 αἱ
1515 929 1735 990 πλείους

126 1017 503 1088 ἐλέγχονται·
538 1014 648 1073 οἷαί
685 1022 791 1072 εἰσι
844 1021 937 1073 καὶ
980 1021 1034 1072 αἱ
1066 1020 1219 1089 παρα
1267 1018 1545 1086 γυναικῶν
1575 1033 1738 1070 τιιων

125 1111 464 1178 γινόμεναι,
521 1111 580 1164 αἳ
609 1112 806 1183 κριθὰς
838 1115 896 1166 ἐν
932 1115 1088 1183 χερσὶ
1119 1111 1356 1164 τιθεῖσαι
1406 1111 1473 1165 δι’
1505 1109 1736 1163 ἐκείνων

130 1203 483 1272 ττρολέγου-σί
526 1222 680 1258 τινα·
717 1206 876 1260 ἄλλαι
909 1207 990 1270 δὲ,
1056 1206 1251 1272 σποδιᾷ
1304 1204 1730 1266 ἐπικύπτουσαι,

132 1295 536 1364 ⁸τ’τρομηνύουσί
570 1313 689 1349 τινα
723 1297 1006 1364 μέλλοντα.
1039 1296 1595 1366 Συναριθμείσοωσαν
1617 1294 1740 1347 τού-

123 1400 265 1447 ⁴τοις
293 1388 454 1439 καὶοί
505 1389 568 1440 ἐκ
607 1388 715 1442 τῶν
746 1389 997 1460 ἀστέρων
1050 1388 1741 1458 προγινώσκεινολέγοντες

125 1477 220 1528 τὰ
249 1478 506 1546 ἐσόμενα,
564 1482 655 1532 καὶ
686 1484 736 1534 οἱ
784 1481 997 1542 τούτοις
1050 1482 1345 1550 χρώμενοι,
1381 1480 1476 1541 οὓς
1533 1481 1740 1542 πάντας

125 1565 230 1637 ’τῷ
247 1568 511 1638 ἐπιτιμίῳ
542 1569 651 1622 τῶν
675 1573 884 1639 φονέων
913 1571 1254 1640 καθυπάγει.

161 1747 415 1803 ’ΔΡΙΣΤ.
459 1749 517 1804 ’0
546 1751 808 1821 μάντεσιν
837 1754 868 1823 ἦ
920 1753 1182 1814 τοιούτοις
1214 1752 1358 1805 τισὶν
1387 1752 1583 1804 ἐαυτὸν
1617 1751 1738 1812 δοὺς

322 1848 412 1895 τὸν
445 1845 635 1913 χρόνον
673 1845 781 1897 τῶν
807 1847 1015 1912 φονέων
1043 1842 1558 1913 οίκονομηθήσεται.

233 1933 292 1986 ’0
328 1934 425 2003 μὲν
461 1938 652 1988 ἑαυτὸν
683 1938 900 1998 ἐπιδοὺς
923 1938 1204 2005 μάντεσιν,
1230 1935 1262 2004 ἢ
1297 1935 1504 2002 γόησιν,
1533 1933 1564 2001 ἢ
1595 1947 1736 2000 φαρ-

130 2027 381 2094 μακοῖςο,
420 2029 510 2078 ἐπὶ
541 2027 618 2097 τῷ
650 2030 845 2098 μαθεῖν
879 2029 978 2096 τὴν
1013 2025 1375 2095 κακοτεχνίαν
1425 2023 1630 2086 αὐτῶν,
1660 2022 1734 2082 ὡς

124 2116 168 2167 ὁ
195 2117 466 2181 ἑκουσίως
495 2118 738 2186 φονεύων
789 2118 1254 2190 ἐπιτιμηθήσεται
1275 2133 1290 2146 ’
1325 2117 1352 2168 ὁ
1373 2117 1430 2169 δὲ
1459 2113 1736 2167 πιστεύων

133 2210 436 2278 μάντεσιν,
479 2211 718 2277 είσάγων
749 2212 950 2273 αὐτοὺς
983 2215 1063 2271 εἰς
1096 2211 1190 2262 τὸν
1214 2203 1364 2261 οἷκον
1417 2207 1614 2259 ἐαυτοῦ
1642 2208 1736 2259 ἐπὶ

128 2299 437 2367 ἀνευρέσει
474 2299 563 2351 καὶ
591 2299 859 2368 καθάρσει
893 2299 1283 2369 φαρμακειῶνς
1319 2297 1350 2367 ἦ
1389 2294 1733 2362 ἀποκαλύψει

127 2390 316 2444 ειινῶν
360 2394 709 2463 ἀπορρήτων,
742 2392 992 2458 ἑξαετίαν
1035 2391 1398 2460 ἐπιτιμᾶταιο
1438 2389 1513 2451 ὡς
1548 2389 1575 2440 ὁ
1608 2389 1735 2459 ἐξη-

133 2484 344 2545 κοστὺς
372 2484 586 2553 πρῶτος
617 2483 798 2538 κανὼν
826 2488 926 2554 τῆς
957 2487 1014 2536 ἐν
1039 2483 1115 2553 τῷ
1137 2483 1392 2554 Τρούλλῳ
1415 2482 1578 2551 ἕκτης
1608 2479 1736 2534 συν·

131 2575 274 2628 ὁδου
308 2575 688 2644 διαλαμϐάνει,
727 2579 824 2629 καὶ
845 2579 874 2628 ὁ
902 2575 1265 2645 ὀγδοηκοστὸς
1286 2575 1478 2642 τρίτος
1502 2573 1603 2640 τῆς
1635 2571 1739 2626 άνὰ

134 2669 342 2736 χεῖρας
362 2667 567 2739 ταύτης
593 2669 784 2738 τρίτης
833 2666 1130 2736 ἐπιστολῆς
1171 2665 1264 2720 τοῦ
1297 2664 1538 2736 μεγάλου
1571 2665 1735 2720 Βασι-

134 2759 324 2814 λείου.

742 2856 982 2910 KANQN
1031 2856 1150 2911 υιν.

156 2941 228 2994 Ὅ
265 2943 355 2996 τὸν
385 2946 618 3014 Χριστὸν
653 2948 1057 3017 ἀρνησάμενος,
1111 2948 1206 3001 καὶ
1243 2949 1500 3020 παραϐάς
1546 2951 1606 3002 τὸ
1639 2949 1736 3019 τῆς

227 3036 499 3106 σωτηρίας
563 3039 888 3110 μυστήριον,
958 3042 1016 3093 ἐν
1057 3041 1218 3094 παντὶ
1272 3039 1351 3109 τῷ
1402 3041 1581 3111 χρόνῳ
1635 3042 1736 3110 τῆς

222 3126 372 3197 ζωῆς
409 3129 573 3182 αὑτοῦ
621 3131 979 3202 προσκλαίειν
1008 3132 1234 3199 ὀφείλει,
1266 3132 1360 3184 καὶ
1393 3131 1732 3200 ἐξομολογεῖ-

227 3220 354 3273 σθαι
380 3223 670 3291 χρεωστεί,
701 3223 758 3276 ἐν
788 3221 865 3292 τῷ
912 3223 1090 3292 καιρῷ
1123 3218 1165 3289 ᾧ
1199 3223 1444 3276 ἐκϐαίνει
1480 3223 1576 3276 τοῦ
1620 3226 1739 3292 βίου

221 3313 586 3381 ἀγιασμάτων
638 3313 960 3384 ἀξιούμενος
1015 3315 1196 3367 πίστει
1263 3315 1359 3383 τῆς
1417 3315 1569 3384 παρὰ
1603 3315 1738 3369 Θεοῦ

225 3406 669 3475 φιλανθρωπίας.

224 3498 420 3554 ΒΑΛΣ.
461 3497 521 3552 '0
554 3497 654 3568 μὲν
686 3497 868 3551 κανὼν
897 3499 1074 3568 σαφής
1115 3501 1254 3551 ἐστι.
1283 3498 1589 3569 Διορίξεται
1629 3498 1737 3568 γὰρ

132 3593 279 3653 τοὺς
304 3589 720 3659 ἀρνησαμένους
753 3591 847 3641 τὸν
895 3590 1098 3659 Κύριον
1146 3592 1306 3660 ἡμῶν
1353 3591 1559 3660 Ἰησοῦν
1597 3591 1735 3660 Χρι-

139 3685 304 3749 στὸν,
347 3684 441 3737 καὶ
480 3684 558 3753 μὴ
584 3682 914 3752 δεξαμένους
951 3684 1011 3736 τὸ
1051 3684 1358 3753 μυστήριον
1411 3685 1508 3752 τῆς
1540 3685 1736 3754 ἐνσάρ-

138 3794 251 3830 κου
285 3777 597 3846 οἰκονομίας
631 3775 820 3840 αὑτοῦ,
871 3777 1230 3844 προσκλαίειν
1263 3777 1359 3828 καὶ
1394 3777 1740 3846 ἐξομολογεῖ-

138 3870 274 3921 σοαι
313 3867 440 3938 παρ’
477 3867 597 3920 ὅλον
639 3868 730 3920 τὸν
768 3868 866 3937 τῆς
903 3867 1051 3937 ζωῆς
1085 3869 1267 3922 αὐτῶν
1308 3869 1535 3937 χρόνον,
1595 3873 1736 3923 κατὰ

140 3959 322 4025 μόνας
350 3958 405 4010 δέ
441 3959 537 4021 τὰς
595 3958 915 4020 τελευταίας
979 3957 1256 4020 ἀναπνοὰς
1311 3959 1598 4024 ἀξιοῦσθαι
1629 3964 1726 4029 τῆς

135 4049 256 4103 τῶν
284 4048 641 4118 άγιασμάτων
695 4049 1084 4118 μεταλήψεωςο
1138 4049 1240 4119 τῆς
1273 4049 1328 4102 δὲ
1376 4052 1434 4103 ἐν
1486 4051 1734 4122 Ἀγκύρᾳ

138 4139 372 4192 συνόδου
402 4142 497 4192 καὶ
528 4140 621 4192 τοῦ
644 4140 801 4204 ἁγίου
832 4141 1234 4211 ίερομάρτυρος
1270 4143 1482 4213 Πέτρον
1529 4145 1733 4214 μηδένα

137 4231 398 4285 τοιοῦτον
429 4232 948 4284 καθυποϐαλλόντιιν
1001 4235 1214 4302 ἐσχάτῳ
1270 4235 1536 4304 ἐπιτιμίῳ
1579 4237 1733 4288 ἀκοι-

138 4325 442 4394 νωνησίας,
493 4327 587 4379 καὶ
626 4321 736 4378 οἷον
785 4327 1225 4395 ἐναντιουμένων
1251 4327 1328 4397 τῷ
1363 4330 1590 4398 παρόντι
1628 4347 1732 4384 κα-

138 4417 282 4482 νόνι,
319 4419 436 4469 εἰπὲ
471 4419 551 4470 ὅτι
592 4417 831 4488 ἀνάλογα
859 4419 1045 4472 ἔθεντο
1079 4420 1128 4471 oi
1181 4420 1428 4490 Πατέρες
1459 4423 1529 4474 τὰ
1559 4424 1733 4477 ἐπιτί-

1843 555 2138 610 edebantur
2197 556 2599 625 praedictiones,
2659 557 2737 610 vel
2794 571 2911 624 qua:
2967 558 3033 610 ad
3091 558 3417 625 qua-stiones

1847 662 2103 716 responsa
2150 648 2436 702 dabantur.
2487 649 2678 715 Porro,
2730 651 2980 718 quamvis
3033 651 3248 704 or.-.cula
3299 663 3419 720 post

1844 748 2174 808 assumptum
2223 757 2252 794 a
2303 741 2533 796 Domino
2587 757 2804 796 carnem
2864 742 3182 806 deleret-int,
3242 757 3420 798 tamen

1844 829 1928 884 his
1977 846 2191 901 quoque
2243 835 2593 901 temporibus,
2632 849 2727 902 per
2772 833 3163 889 incantationes
3199 847 3251 890 et
3305 837 3418 892 dte-

1845 936 2064 975 tnonum
2111 924 2432 988 ministeria,
2467 923 2720 977 vaticinia
2753 925 2993 993 qumdam
3032 927 3420 995 proferuntur;

1844 1015 2054 1068 etiamsi
2118 1015 2382 1068 mendacii
2447 1014 2706 1083 pleraque
2746 1017 3136 1070 convincantur
3186 1034 3200 1071 :
3243 1021 3420 1087 qualia

1844 1112 1970 1156 sunt
2018 1117 2139 1172 qua:
2189 1117 2218 1156 a
2257 1105 2528 1157 nonnullis
2580 1106 2899 1160 mulieribus
2937 1107 3092 1171 iiunt,
3140 1125 3258 1176 qua:
3294 1112 3423 1163 Itur-

1845 1193 2004 1247 deum
2056 1201 2110 1246 in
2155 1195 2403 1247 manibus
2452 1196 2732 1257 habentes,
2770 1199 3014 1258 qua-dam
3053 1213 3147 1264 per
3186 1200 3307 1250 illud
3341 1200 3424 1252 di-

1845 1285 2065 1351 vinant;
2098 1288 2216 1339 alia:
2253 1301 2380 1341 vero
2419 1289 2588 1340 cineri
2633 1290 3032 1352 incumbentes,
3070 1288 3248 1342 futura
3281 1307 3426 1358 qna:-

1844 1377 1965 1432 dam
2016 1379 2340 1447 prmdicunt.
2397 1380 2780 1449 Adjungantur
2811 1381 2957 1435 hisce
3010 1392 3290 1450 pt'aalet‘ea,
3333 1385 3422 1452 qui

1845 1483 1904 1523 se
1957 1484 2022 1523 ex
2060 1471 2222 1524 astris
2273 1481 2493 1525 ventura
2544 1487 2705 1527 nosse
2737 1474 3080 1543 proﬁtentur,
3114 1483 3167 1528 et
3198 1476 3286 1544 qui
3333 1491 3426 1528 eos

1844 1563 2171 1628 consulunt;
2207 1579 2342 1633 quos
2376 1564 2591 1631 quidem
2637 1579 2849 1631 omnes,
2882 1566 3269 1620 homicidarum
3306 1582 3425 1634 pa:-

1845 1655 1930 1706 nis
1969 1653 2276 1708 multandos
2303 1671 2423 1708 esse
2463 1656 2727 1709 decernit.

1849 1744 2006 1814 125
2030 1744 2258 1800 ABIST.
2308 1747 2408 1811 Qui
2458 1748 2692 1809 vatibus,
2729 1749 2808 1801 vel
2854 1748 3120 1816 ejusmodi
3169 1749 3291 1804 aliis
3338 1765 3398 1804 se

1917 1838 2097 1899 tradit,
2125 1837 2520 1891 homicidarum
2551 1847 2759 1906 tempus
2789 1840 2836 1893 ei
2868 1842 3248 1931 ςοιιειὶιιιοιιιι.

1917 1930 2018 1994 Qui
2075 1945 2134 1984 se
2179 1931 2412 1994 vatibus,
2451 1940 2543 1983 aut
2593 1932 3099 1999 prmstigiatoribus,
3140 1930 3234 1986 aut
3272 1931 3426 1986 vene-

1849 2020 1964 2074 [icis
2006 2019 2191 2085 tradit,
2239 2031 2299 2074 ut
2351 2019 2522 2074 malas
2560 2021 2783 2074 istorum
2827 2033 2972 2076 artes
3007 2023 3211 2087 discat,
3241 2032 3299 2077 nt
3337 2039 3426 2076 vo-

1847 2109 2081 2164 luntarie
2125 2112 2400 2175 occidens,
2442 2113 2716 2180 punietur.
2761 2112 2865 2166 Sed
2912 2120 3001 2181 qui
3041 2118 3235 2170 talibus
3267 2116 3425 2170 ﬁdem

1847 2199 2028 2263 habet,
2078 2215 2280 2270 eosque
2311 2202 2364 2255 in
2415 2203 2635 2257 domum
2678 2219 2831 2258 suam
2876 2207 3185 2272 introdut-it,
3218 2210 3283 2260 ad
3324 2223 3426 2262 ve-

1847 2293 2166 2348 neﬁciorum
2215 2297 2586 2351 inventionem
2633 2310 2726 2351 aut
2778 2299 3172 2369 purgationem,
3221 2312 3425 2356 autsc-

1847 2395 2120 2437 cretorum
2191 2386 2553 2453 quorumdam
2628 2391 3033 2457 revelationem,
3106 2394 3425 2447 sexennium

1848 2475 2118 2540 punietur.
2177 2477 2248 2533 Ut
2305 2489 2473 2532 sexta:
2531 2481 2584 2534 in
2639 2479 2827 2537 Trullo
2884 2485 3070 2555 synodi
3128 2501 3300 2542 canon
3360 2486 3423 2542 οι

1847 2565 2110 2631 decernit,
2160 2583 2392 2622 necnon
2441 2570 2510 2625 83
2567 2575 2737 2628 tertia:
2785 2574 2944 2643 hujus
3001 2579 3177 2649 magni
3235 2579 3418 2634 Basilii

1845 2658 2090 2728 epistolae
2121 2675 2239 2730 qua:
2266 2663 2366 2718 sub
2401 2678 2564 2718 tnanu
2592 2672 2693 2719 est.

2371 2849 2602 2907 CANON
2662 2853 2896 2911 LXXIII.

1847 2938 1946 3003 Qui
1997 2939 2274 2995 Christum
2318 2945 2555 3013 negavit,
2587 2957 2642 3000 et
2671 2948 2861 3003 salutis
2894 2953 3206 3020 mysterium
3240 2963 3424 3013 trans-

1918 3045 2143 3096 gressus
2185 3041 2290 3095 est,
2335 3049 2457 3086 eum
2489 3046 2602 3090 toto
2640 3039 2762 3092 vitae
2805 3053 2919 3094 suae
2949 3051 3191 3110 tempore
3216 3054 3428 3118 oportet

1921 3120 2143 3189 deﬂere,
2175 3135 2228 3179 et
2258 3127 2504 3180 conlitcri
2546 3131 2816 3195 convenit,
2860 3134 2912 3184 in
2962 3140 3204 3204 tempore
3237 3150 3343 3204 quo
3396 3155 3425 3192 e

1917 3216 2027 3270 vita
2067 3216 2305 3283 excedit,
2352 3232 2696 3276 sacramento
2738 3222 2960 3292 dignum
3005 3225 3268 3293 habitum,
3298 3243 3426 3298 pro-

1918 3315 2041 3374 pter
2071 3307 2231 3363 ﬂdem
2271 3309 2466 3363 divime
2498 3311 2820 3368 clementiae.

1915 3508 2112 3563 BALS.
2169 3510 2365 3564 Canon
2401 3511 2620 3581 quidem
2651 3514 2832 3569 clarus
2863 3524 2948 3570 est
2978 3534 2993 3571 :
3042 3519 3234 3574 statuit
3278 3522 3421 3575 enim

1844 3607 1901 3650 ut
1931 3599 2022 3668 qui
2053 3597 2332 3652 Christum
2367 3600 2656 3656 Dominum
2703 3612 2948 3658 nostrmn
2983 3620 3340 3677 negaverunt,
3371 3622 3426 3666 et

1841 3691 1958 3759 ejus
2018 3706 2136 3758 qua:
2179 3691 2230 3745 in
2266 3707 2429 3746 carne
2480 3693 2580 3747 fuit
2607 3701 2924 3750 (Economia:
2964 3702 3280 3768 mysterium
3315 3719 3419 3757 non

1841 3792 2224 3850 susceperunt,
2279 3783 2513 3838 deﬂeant
2544 3793 2597 3839 et
2632 3787 2998 3842 ccttiiteautur
3026 3800 3138 3845 toto
3183 3802 3424 3864 tempore

1841 3873 1967 3924 vita:
1995 3888 2124 3935 suar,
2162 3875 2212 3925 in
2243 3873 2354 3927 sola
2386 3885 2564 3928 autem
2597 3887 2840 3930 extrema
2886 3881 3246 3946 respiratione
3276 3886 3421 3952 digni

1842 3963 2150 4018 habeantur
2178 3977 2641 4021 sacramentorum
2674 3972 3106 4040 participatione.
3147 3974 3280 4030 Cum
3321 3994 3420 4031 au-

1841 4063 1946 4107 tem
1997 4058 2281 4125 Ancyrana
2343 4059 2602 4128 synodus,
2661 4071 2715 4114 et
2775 4076 3159 4120 sacrosancms
3214 4079 3419 4138 martyr

1843 4147 2042 4201 Petrus
2093 4159 2341 4203 extremo
2389 4151 2975 4209 cxconununicationis
3023 4159 3290 4226 supplicio
3328 4176 3392 4214 ne

1848 4239 2048 4291 minem
2086 4239 2398 4305 Subjiciant,
2431 4252 2486 4294 ct
2516 4247 2771 4311 praesenti
2806 4247 2998 4300 cationi
3035 4250 3197 4302 veluti
3227 4251 3419 4304 adver-

1841 4341 2055 4394 sentur,
2116 4333 2202 4385 dic
2257 4331 2400 4400 quod
2449 4331 2644 4388 Patres
2697 4343 3007 4393 statuerunt
3065 4353 3254 4409 pmnas
3305 4343 3417 4396 suis

1838 4421 2173 4492 temporibus
2221 4423 2625 4479 convenientes.
2662 4426 2761 4493 Qui
2796 4431 2938 4483 enim
2968 4443 3127 4485 erant
3157 4435 3415 4501 tempori-

144 4525 252 4576 μια
289 4508 422 4577 πρὸς
471 4511 597 4571 τοὺς
640 4509 802 4572 ἰδίους
828 4511 1077 4579 καιρούς.
1112 4510 1175 4561 Οί
1205 4511 1306 4579 μὲν
1349 4512 1457 4581 γὰρ
1496 4507 1637 4582 ἦσαν
1669 4517 1726 4568 ἐν

1849 4527 1937 4567 )US
2001 4514 2407 4570 Veltementium
2462 4520 2922 4586 persecutionum,
2974 4524 3197 4592 quando
3248 4529 3412 4580 etiam

143 4602 364 4670 καιροῖς
393 4601 637 4672 σφοδρῶν
667 4601 945 4670 διωγμῶν,
981 4602 1070 4654 ὅτε
1117 4603 1211 4655 καὶ
1257 4605 1289 4674 ἡ
1331 4604 1513 4666 πίστις
1558 4607 1728 4678 ἀστή-

143 4706 334 4759 ρικτος
363 4685 452 4759 ἦν,
487 4694 579 4743 καὶ
623 4693 712 4745 δια
741 4693 898 4745 τοῦτο
925 4695 1042 4756 τοῖς
1075 4697 1496 4764 παραπίπτουσι
1530 4713 1723 4766 μετρι-

139 4779 353 4850 ώτερον
406 4784 829 4852 προσεφέροντο,
893 4783 1426 4850 συγκαταϐαίνοντες
1491 4785 1582 4839 διὰ
1627 4785 1726 4857 τὴν

143 4872 400 4941 ἀνάγκην
454 4873 562 4925 τῶν
596 4873 878 4927 διωκτῶνο
911 4877 938 4927 ὁ
982 4875 1039 4928 δὲ
1098 4876 1275 4946 μέγας
1323 4876 1629 4944 Βασίλειος,
1667 4881 1724 4932 ἐν

144 4963 332 5032 καιρῷ
379 4965 662 5035 τυγχάνων
705 4967 794 5020 ὅτε
848 4967 882 5036 ἡ
917 4967 1098 5030 πίστις
1140 4968 1455 5036 ἐπλατύνθη
1505 4970 1600 5021 καὶ
1637 4969 1728 5039 βε-

144 5055 412 5125 ϐαιοτέρα
436 5058 675 5124 ἐγένετο,
703 5057 1064 5129 σφοδρότερον
1092 5061 1462 5130 προσεφέρετο
1489 5065 1599 5124 τοῖς
1629 5062 1728 5130 ἀρα

143 5150 436 5218 νουμένοις
467 5149 566 5218 τὴν
595 5149 800 5206 πίστιν.
861 5149 933 5204 Ἦ
988 5150 1109 5202 εἰπὲ
1153 5151 1237 5203 ὅτι
1266 5152 1316 5204 οἱ
1350 5152 1450 5222 μὲν
1486 5153 1726 5222 Πατέρες

144 5237 464 5303 διετάξαντο
495 5240 622 5308 περὶ
656 5240 764 5295 τῶν
797 5241 941 5295 κατὰ
964 5239 1086 5312 βίαν
1112 5246 1443 5311 τυραννικὴν
1483 5246 1726 5316 ἀρνησα-

150 5333 338 5400 μένων
365 5333 455 5388 τὸν
485 5334 743 5404 Χριστὺν,
806 5335 901 5386 καὶ
942 5334 1032 5386 διὰ.
1093 5333 1251 5386 τοῦτο
1300 5334 1624 5404 κουφίζουσι
1661 5339 1726 5389 τα

147 5428 438 5496 ἐπιτίμια·
482 5432 510 5484 ὁ
557 5429 612 5482 δέ
647 5427 836 5499 παρὼν
860 5427 1039 5482 κανὼν
1077 5427 1420 5483 διατάττεται
1464 5431 1590 5500 περὶ
1619 5430 1727 5483 τῶν

147 5519 420 5582 ἑκουσίως
452 5519 545 5572 καὶ
577 5521 746 5590 χωρὶς
773 5520 1020 5590 ἀνάγκης
1040 5520 1184 5584 τινὸς
1214 5521 1607 5591 ἀρνησαμένων
1637 5523 1728 5576 τὸν

149 5609 410 5682 Χριστὸν,
443 5614 536 5664 καί⁸
557 5611 646 5664 διὰ
682 5612 838 5667 τοῦτο
881 5612 1106 5681 βαρεῖαν
1137 5613 1359 5665 κόλασιν
1401 5613 1598 5682 ἐπάγει
1629 5614 1723 5667 αύ-

150 5706 287 5765 τοῐς.
321 5703 390 5755 Τὸ
425 5704 480 5756 δὲ
514 5704 865 5774 προσκλαίειν
897 5706 1121 5769 τούτους
1159 5710 1251 5760 καὶ
1285 5707 1725 5777 ἐξομολογεῖσθαι

151 5794 218 5846 δι’
247 5794 374 5860 ὅλης
393 5794 494 5865 τῆς
535 5797 740 5859 οἰκείας
769 5797 909 5865 ζωῆς
935 5795 1154 5863 λέγουσί
1176 5815 1318 5862 τινες
1352 5799 1427 5869 μὴ
1451 5801 1726 5872 ἐκλαμῦά-

537 5887 809 5953 Puncta
849 5894 967 5956 (in.
1014 5891 1393 5955 CXXXVIII.

1833 4604 1968 4661 iides
2009 4620 2116 4660 non
2161 4618 2281 4662 erat
2322 4605 2481 4662 valde
2515 4609 2745 4678 stabilis,
2783 4620 2838 4666 et
2880 4626 3168 4684 prapterea
3215 4617 3267 4672 itt
3322 4633 3414 4687 eos

1834 4695 1930 4764 qui
1983 4695 2328 4763 labebantur,
2375 4713 2432 4753 se
2483 4701 2670 4755 mitius
2713 4703 2993 4771 gerebant,
3047 4721 3152 4762 una
3184 4709 3412 4764 condes-

1838 4787 2134 4842 cendentes
2167 4800 2388 4858 propter
2422 4804 2826 4861 persecutorem
2868 4799 3274 4855 necessitatem.
3305 4801 3414 4856 Ma—

1834 4893 1971 4947 gnus
1998 4889 2174 4935 autem
2225 4880 2456 4938 Basilius
2504 4885 2595 4952 qui
2625 4895 2743 4940 erat
2772 4901 2838 4941 eo
2867 4895 3110 4957 tempore
3139 4908 3247 4962 quo
3277 4892 3410 4948 fides

1835 4967 2057 5021 dilatata
2114 4970 2430 5042 ﬁrmiorque
2466 4970 2608 5028 facta
2651 4986 2755 5042 est,
2796 4976 2899 5032 fuit
2939 4981 3313 5038 vehementior
3355 4985 3407 5039 in

1834 5070 1928 5111 eos
1966 5058 2060 5128 qui
2099 5059 2256 5114 iidem
2312 5064 2601 5133 negabant.
2633 5066 2730 5121 Vel
2761 5068 2850 5122 dic
2893 5071 3037 5139 quod
3068 5070 3257 5128 Patres
3287 5076 3408 5143 qui-

1837 5152 1957 5205 dem
2017 5152 2087 5206 de
2141 5152 2209 5210 iis
2261 5165 2573 5212 statuerunt
2622 5159 2715 5229 qui
2765 5174 2861 5228 per
2909 5161 3018 5217 vim
3074 5167 3408 5236 tyrannieam

1833 5243 2109 5301 Christum
2161 5259 2450 5320 negarunt,
2484 5261 2539 5307 et
2583 5253 2704 5309 ideo
2735 5270 2926 5324 paruas
2973 5258 3234 5327 mitigant.
3265 5262 3408 5317 Prat-

1833 5353 1963 5393 sens
2012 5352 2192 5395 antem
2240 5358 2413 5399 canon
2462 5345 2528 5400 de
2568 5347 2636 5403 iis
2667 5348 2911 5404 decernit
2936 5351 3028 5421 qui
3055 5366 3154 5406 sua
3195 5363 3404 5422 sponte,

1831 5441 1885 5483 et
1916 5431 2032 5486 sine
2070 5433 2248 5503 aliqua
2295 5437 2619 5493 necessitate
2661 5438 2940 5497 Christum
2967 5457 3317 5511 negaverunt,
3354 5455 3406 5498 et

1837 5535 2126 5597 propterea
2173 5544 2391 5598 gravem
2434 5531 2543 5588 iiiis
2591 5547 2804 5602 poenam
2836 5533 3047 5590 inﬂixit.
3079 5535 3200 5591 Illos
3225 5546 3402 5591 autem

1834 5617 2049 5684 deﬂere,
2093 5628 2150 5673 et
2187 5635 2281 5688 per
2333 5631 2500 5676 totam
2543 5624 2706 5678 vitam
2754 5627 3022 5692 conliter-i,
3060 5628 3244 5682 dicunt
3267 5641 3406 5681 non-

1836 5709 1971 5762 nuiii
2001 5726 2105 5764 non
2137 5711 2308 5782 accipi
2339 5713 2403 5766 ad
2436 5712 2536 5767 ltoc
2565 5727 2621 5768 ut
2661 5727 2931 5784 ponantur
2961 5717 3013 5771 in
3058 5718 3174 5772 loco
3198 5715 3397 5774 deﬂen-

1833 5801 1966 5856 tium
1989 5817 2002 5855 ι
2028 5801 2138 5858 Hoc
2160 5803 2327 5871 enim,
2354 5803 2618 5874 inquiunt,
2646 5817 2720 5861 est
2755 5823 2781 5860 a
2806 5810 2978 5863 sancti
3009 5808 3398 5873 misericordia,

2984 5898 3055 5958 25
