3946 6342
190 365 300 426 781

1110 358 1192 419 ΙΝ
1232 359 1472 419 EPIST.
1504 358 1564 418 S.
1603 358 1888 420 BASILII
1932 359 2373 421 CANONICAM
2411 359 2524 422 Ῑῐῐ.

3318 351 3424 414 782

192 475 314 529 ὁὼν
338 474 552 542 δεσμεῖν
587 471 678 525 καὶ
708 470 877 534 λύειν,
905 469 999 522 ἐὰν
1025 469 1110 540 ἴδῃ
1140 471 1230 522 τδν
1263 469 1350 523 διά
1371 487 1425 522 τι
1465 469 1765 539 ἁμάρτημα

1871 473 2030 540 cepit,
2080 471 2122 523 si
2153 471 2348 524 viderit
2375 484 2497 524 eum
2529 467 2619 536 qui
2651 473 2868 536 propter
2909 462 3121 532 aliquod
3153 472 3425 532 peccatum

194 565 595 634 ἐπιτιμηθέντα
656 562 770 630 μετ’
803 560 1154 630 εὐχαριστίας
1201 561 1310 612 τῶν
1346 561 1636 628 ἐπιτιμίων
1669 561 1766 628 τὴν

194 656 496 727 Θεραπείαν
527 655 838 722 δεξάμενον,
899 655 994 706 καὶ
1033 653 1177 721 μετὰ
1228 654 1565 722 θερμοτέρας
1600 670 1767 706 σπου-

193 743 295 812 δῆς
326 743 420 809 τὴν
470 741 753 809 μετάνοιαν
783 740 1226 809 ἐπιδεικνύμενον
1250 780 1267 806 ,
1298 743 1594 795 ἐλαττώσει
1640 745 1766 805 τοὺς

191 833 424 901 χρόνους
451 831 556 883 τῶν
587 832 900 899 ἐπιτιμίων,
938 834 1014 899 μὴ
1048 830 1377 899 πτοούμενος
1402 839 1764 900 καταγνωσιν,

196 923 272 984 ὼς
307 925 461 991 δῆοεν
483 923 833 992 παραϐαίνων
860 928 958 989 τὴν
990 925 1115 989 περὶ
1138 923 1244 975 τῶν
1272 927 1480 992 χρόνων
1510 925 1618 975 τῶν
1647 927 1769 977 ἐπιο

193 1015 399 1082 τιμίων
438 1014 728 1082 κανονικὴν
766 1014 1076 1080 ἀκρίϐειαν.
1114 1015 1370 1067 Διδάσκει
1403 1015 1511 1084 γὰρ
1548 1018 1699 1084 ἡμᾶς
1735 1016 1767 1084 ἠ

194 1102 392 1170 Γραφῇ
423 1104 506 1155 ὅτι
539 1106 620 1165 εἰς
657 1104 783 1164 τοὺς
833 1102 972 1171 μετὰ
1019 1103 1262 1172 μείζονος
1315 1106 1480 1156 πόνου
1515 1105 1768 1172 ἐξομολο-

190 1194 496 1260 γουμένους
559 1195 772 1261 ταχέως
823 1194 856 1262 ἡ
923 1193 1306 1261 φιλανθρωπία
1354 1195 1768 1262 καταλαμϐάνει

189 1281 294 1334 τοῦ
322 1283 474 1333 Θεοῦ.
514 1283 620 1333 Καὶ
646 1284 674 1332 ό
704 1283 806 1350 μὲν
857 1282 1037 1333 κανὼν
1094 1283 1151 1331 ἐν
1178 1281 1410 1343 τούτοις.
1451 1284 1521 1334 Σὺ
1556 1284 1610 1334 δὲ
1641 1284 1770 1336 ἀνά-

191 1373 368 1438 γνωθι
402 1374 462 1424 τὸ
513 1372 588 1425 λϐ¹
630 1391 752 1440 κερ.
783 1373 876 1427 τοῦ
909 1372 953 1424 0'
987 1373 1168 1426 τίτλου
1199 1372 1290 1425 τοῦ
1344 1375 1611 1442 παρόντος
1647 1391 1770 1426 συν-

189 1467 498 1533 τάγματος,
554 1467 649 1518 καὶ
697 1467 822 1527 τοὺς
875 1467 932 1516 ἐν
961 1465 1108 1534 αὖτῷ
1143 1465 1634 1536 καταστρωθέντας
1684 1468 1770 1519 νό-

198 1573 358 1624 μους,
386 1561 479 1608 καὶ
515 1557 692 1628 μάθῃς
729 1558 811 1609 ὅτι
840 1556 1074 1625 διαφορὰ
1105 1558 1219 1608 ἐστι
1261 1557 1369 1608 τῶν
1397 1557 1769 1624 ἀποφαινομέ-

192 1665 310 1699 νων
359 1648 626 1699 δικαστῶν
681 1649 929 1709 κολάσεις
981 1648 1301 1716 σωματικὰς
1349 1649 1490 1701 κατᾶ
1545 1649 1611 1700 τὰ
1661 1648 1770 1701 τῶν

191 1739 502 1808 γεγονότων
558 1739 874 1791 ὑπευθύνων
927 1740 1266 1807 ἐγκλήματα,
1298 1741 1392 1793 καὶ
1425 1741 1531 1792 τῶν
1564 1741 1770 1809 ὁριζόμ-

189 1848 311 1883 των
341 1832 653 1884 ἐπισκόπων
701 1831 950 1898 ἐπιτίμια
1006 1831 1437 1899 ἐκκλησιαστικά
1483 1834 1624 1886 κατὰ
1661 1834 1767 1885 τῶν

191 1921 710 1990 ἐξομολογουμένων
761 1924 1135 1991 ἁμαρτήματα
1180 1923 1406 1993 ψυχικά.
1441 1926 1502 1976 Οί
1539 1925 1636 1992 μὲν
1661 1926 1768 1994 γὰρ

189 2017 300 2076 τὰς
331 2016 640 2084 ὀδοισοείσας
675 2017 781 2066 ἀπὸ
816 2014 908 2068 τοῦ
967 2019 1132 2083 νόμου
1166 2016 1358 2078 ποινὰς
1411 2015 1533 2068 οὔτε
1587 2016 1769 2080 αὔξειν

189 2106 324 2160 οὔτε
358 2108 544 2176 μειοῦν
592 2108 846 2160 δύνανται
879 2107 1045 2174 χωρὶς
1083 2107 1367 2175 βασιλικῆς
1425 2108 1726 2170 κελεύσεως
1752 2124 1765 2138 '

190 2201 246 2252 οἱ
279 2199 335 2249 δέ
364 2201 429 2249 τὰ
461 2201 655 2267 φορτία
683 2199 792 2249 τῶν
816 2198 1101 2267 ἡμετέρων
1123 2199 1408 2270 ἁμαρτιῶν
1433 2201 1765 2268 ἀναδεχόμε-

189 2305 305 2351 vat,
337 2287 407 2347 Lb;
439 2290 534 2339 καὶ
582 2287 775 2354 λόγους
812 2287 952 2356 ὑπὲρ
986 2287 1139 2355 ἡμῶν
1179 2287 1258 2352 τῷ
1309 2287 1427 2356 Θεῴ
1483 2289 1768 2356 μέλλοντες

188 2380 411 2438 δώσειν,
441 2381 580 2432 κατά
606 2380 668 2431 τὸ
685 2380 876 2432 δοκοῦν
897 2381 1080 2442 αὐτοῖς
1102 2382 1192 2432 καὶ
1216 2381 1438 2444 αὔξουσι
1468 2381 1561 2432 καὶ
1594 2380 1770 2448 μειοῦ·

193 2489 252 2523 σι
289 2472 355 2521 τὰ
385 2472 654 2538 ἐπιτίμια,
703 2471 789 2523 δια
826 2487 906 2522 τοι
961 2470 1120 2523 τοῦτο
1167 2474 1260 2524 καὶ
1297 2472 1549 2537 ἐξουσίαν
1582 2473 1767 2542 ἔχουσι

197 2563 282 2631 μὴ
332 2563 523 2629 μόνους
564 2565 690 2622 τοὺς
719 2565 941 2630 χρόνους
989 2566 1096 2615 τῶν
1146 2566 1442 2630 ἐπιτιμίων
1487 2566 1764 2630 ἐλαττοῦν,

195 2651 339 2701 αλλὰ
397 2651 490 2702 καὶ
524 2650 592 2700 τὰ
661 2651 910 2717 ἐπιτίμια
947 2653 1318 2718 μεταμείϐειν.
1358 2652 1474 2703 Κᾶν
1517 2654 1769 2720 γὰρ’ὲπὶ

191 2739 446 2806 τριετίαν
485 2739 647 2807 τυχὸν
685 2740 879 2808 ὁρισθῄ
926 2740 1017 2791 τὸν
1057 2741 1418 2824 ημαρτηκότα
1465 2742 1583 2793 τόδε
1614 2743 1768 2812 τιμὴ

195 2835 622 2902 κρεωφαγῆσαι,
648 2831 783 2900 μηδὲ
805 2831 1064 2896 συστῆναι
1087 2835 1198 2891 τοῖς
1236 2833 1472 2894 πιστοῖς,
1505 2832 1767 2894 ὡσαύτως

199 2924 342 2993 μηδὲ
404 2923 726 2990 μεταὶασείν
779 2922 889 2972 τῶν
925 2921 1084 2974 θείων
1125 2923 1488 2990 ἁγιασμάτων
1515 2939 1529 2954 ο
1592 2923 1707 2975 ἀλλ’
1742 2927 1768 2977 ό

194 3017 304 3084 τὴν
340 3014 726 3084 ἐξομολόγησιν
768 3014 1062 3081 δεξάμενος
1089 3017 1224 3083 πρὸς
1253 3017 1352 3082 τὴν
1383 3018 1645 3084 ποιότητα
1673 3019 1767 3068 τοῦ

1871 575 2027 628 pugna
2080 557 2301 613 atl‘ecms
2337 568 2441 622 est,
2490 570 2613 609 cum
2651 555 2945 624 gratiarum
2993 552 3204 603 actione
3243 562 3429 617 ρατηε-

1871 668 1987 705 rum
2024 653 2282 706 medelam
2314 648 2635 718 suscepisse,
2672 657 2725 702 et
2773 646 3076 699 ardentiore
3111 644 3285 697 studio
3315 655 3429 710 pae—

1870 743 2148 796 nitentiam
2185 742 2489 805 ostendere,
2524 749 2731 807 tempus
2775 752 2942 804 parua:
2988 736 3270 792 diminuet.
3323 747 3427 786 non

1873 835 2071 887 timens
2113 834 2615 888 condemnationem
2648 838 2902 895 tanquam
2935 829 3023 894 qui
3057 830 3240 893 utique
3269 840 3431 878 eano—

1872 927 2047 978 nicam
2079 927 2332 994 temporis
2360 938 2637 992 ptenarum
2667 921 3028 973 deﬁnitionem
3073 917 3436 982 transgredie-

1874 1025 1978 1069 tur.
2013 1015 2176 1070 Docet
2200 1020 2343 1069 enim
2373 1030 2470 1067 nos
2499 1013 2795 1078 Scriptura,
2825 1012 2962 1077 quod
2993 1011 3081 1079 qui
3106 1010 3216 1078 jam
3245 1007 3432 1074 majori

1870 1107 2058 1161 labore
2102 1105 2444 1169 conﬁtentur,
2493 1118 2586 1157 eos
2637 1102 2725 1154 Dei
2778 1101 3148 1154 misericordia
3204 1099 3432 1151 celerius

1872 1199 2241 1268 apprehendit.
2293 1197 2356 1250 Et
2411 1197 2462 1248 in
2520 1197 2601 1248 his
2649 1194 2861 1264 quidem
2900 1208 3094 1246 canon.
3142 1192 3218 1243 Tu
3251 1201 3428 1244 autem

1872 1293 1987 1358 lege
2016 1305 2133 1358 rap.
2177 1290 2244 1343 59
2300 1289 2381 1340 tit.
2416 1288 2469 1349 9,
2519 1286 2798 1354 prmscntis
2826 1284 3021 1352 operis,
3069 1294 3120 1335 ct
3150 1285 3288 1347 leges
3315 1298 3431 1349 qua.

1872 1384 1924 1435 in
1956 1395 2016 1434 ea
2049 1382 2162 1433 sine
2207 1389 2350 1442 sunt,
2382 1388 2434 1430 et
2467 1393 2531 1430 ex
2565 1378 2644 1430 his
2674 1377 2814 1430 scies
2840 1377 2979 1442 quod
3021 1385 3102 1427 est
3132 1374 3429 1427 differentia

1873 1473 2013 1525 inter
2033 1471 2259 1539 iudices,
2289 1471 2377 1537 qui
2411 1469 2757 1538 pronuntiant
2789 1469 3095 1535 corporales
3123 1469 3432 1534 punitiones

1872 1564 2127 1615 adversus
2156 1577 2248 1614 eos
2275 1563 2362 1630 qtti
2387 1571 2511 1615 sunt
2540 1562 2855 1614 criminibus
2883 1561 3180 1622 obnoxii,et
3221 1560 3422 1626 cpiscov

1873 1668 1968 1721 pos
1992 1653 2078 1720 qui
2105 1653 2398 1706 decernunt
2423 1666 2611 1722 pronas
2638 1651 3032 1705 ecclesiasticas
3061 1652 3317 1703 adversus
3342 1664 3434 1703 eos

1873 1747 1962 1813 qui
2000 1749 2192 1798 animm
2241 1757 2460 1813 peccata
2509 1743 2850 1797 confitentur.
2886 1742 2960 1794 Illi
3010 1742 3150 1794 enim
3185 1755 3374 1809 paruas
3401 1756 3430 1795 a

1873 1840 1988 1907 lege
2019 1840 2341 1893 constitutas
2381 1853 2477 1890 nec
2527 1846 2748 1907 possunt
2793 1850 3006 1904 augere,
3054 1849 3152 1888 nec
3194 1837 3432 1887 minuere

1872 1932 1992 1984 sine
2023 1931 2175 1997 jussu
2223 1930 2583 1997 imperatoris.
2633 1928 2692 1982 lli
2725 1943 2849 1983 vero
2892 1939 3195 1981 nostrorum
3239 1942 3431 1994 pecca-

1873 2028 2049 2072 torum
2097 2034 2258 2074 onera
2304 2019 2676 2086 suscipientes,
2723 2029 2971 2085 tauquam
3012 2020 3117 2071 Deo
3151 2034 3243 2085 pro
3279 2018 3433 2072 nobis

1871 2112 2111 2164 rationes
2160 2109 2445 2168 reddituri.
2491 2118 2544 2162 et
2573 2125 2668 2177 pro
2729 2124 2825 2161 suo
2856 2110 3114 2163 arbitratu
3155 2124 3341 2176 plenas
3380 2119 3432 2162 et

1873 2211 2091 2270 augent.
2126 2211 2179 2253 et
2211 2201 2480 2267 minuunt,
2513 2211 2567 2254 et
2599 2201 2720 2255 ideo
2758 2200 2808 2253 in
2840 2217 3023 2254 eorum
3056 2212 3138 2254 est
3170 2211 3432 2268 pou-state

1871 2307 1979 2346 non
2009 2292 2180 2346 solum
2221 2305 2498 2358 pmnarnm
2531 2302 2767 2356 tempora
2815 2291 3111 2351 minuendi,
3146 2291 3238 2344 sed
3268 2291 3429 2344 etiam

1871 2396 2058 2450 paruas
2101 2381 2486 2436 commutandi.
2533 2381 2643 2432 Etsi
2696 2382 2838 2433 enim
2871 2381 3017 2432 verbi
3075 2380 3246 2448 gratia
3301 2396 3430 2434 con-

1871 2476 2114 2527 Sliltllttttl
2167 2481 2270 2536 est,
2321 2481 2374 2524 ιιι
2414 2471 2505 2540 qui
2555 2472 2653 2525 hoc
2699 2471 2778 2524 vel
2814 2470 2938 2524 illud
2972 2482 3246 2538 peccatum
3283 2487 3433 2524 com-

1873 2566 2017 2618 misit
2050 2581 2266 2618 Carnem
2300 2583 2404 2620 non
2435 2566 2700 2624 comedat,
2736 2577 2837 2616 nec
2873 2578 2992 2616 cum
3026 2563 3276 2616 ﬁdelibus
3305 2579 3434 2617 con-

1868 2656 2047 2718 sistat,
2087 2657 2336 2708 similiter
2367 2671 2468 2708 nec
2511 2655 2580 2706 sit
2625 2655 2924 2706 divinorum
2970 2664 3429 2708 sacramentorum

1875 2761 1970 2812 per
2007 2747 2297 2799 triennium
2335 2748 2596 2812 particeps
2631 2762 2644 2798 :
2687 2745 2776 2813 qui
2829 2755 3002 2798 tamen
3036 2748 3428 2801 confessiOnem

1876 2836 2108 2902 suscepit
2136 2851 2232 2902 pro
2257 2850 2502 2903 persona:
2527 2835 2612 2887 cui
2645 2849 2798 2902 pinna
2828 2835 3124 2902 imponitur
3149 2837 3427 2903 qualitate,

1870 2936 1921 2979 et
1950 2927 2066 2995 ejus
2095 2925 2447 2980 confessionis
2473 2926 2831 2986 vehementia.
2866 2938 2917 2980 et
2959 2929 3287 2994 pmnitentize
3319 2936 3432 2982 stn-

1874 3019 1980 3079 dio.
2047 3019 2143 3070 has
2194 3017 2407 3083 quidem
2471 3031 2657 3083 punias
2715 3017 3102 3082 moderabitur,
3155 3018 3270 3069 illas
3307 3033 3433 3070 vero

194 3107 607 3174 ἐπιτιμωμένου
651 3105 964 3175 προσώπου,
1006 3105 1101 3157 καὶ
1145 3111 1245 3174 τὴν
1303 3105 1610 3177 Θερμότητα
1672 3109 1765 3177 τῆς

1876 3107 2271 3175 inultiplicabit.
2304 3107 2480 3171 Quare
2512 3124 2613 3158 non
2640 3117 2725 3160 est
2756 3108 3092 3173 accipiendus
3125 3107 3209 3160 hic
3239 3124 3430 3171 canon,

196 3197 642 3263 ἐξομολογήσεως
697 3197 882 3261 αὐτοῦ,
917 3199 1011 3249 καὶ
1043 3196 1142 3263 τὴν
1181 3198 1417 3267 σπουδὴν
1468 3201 1564 3268 τῆς
1595 3217 1768 3268 μετα-

191 3288 384 3347 νοίας.
420 3289 544 3338 τάδε
591 3289 688 3357 μὲν
716 3289 826 3340 τῶν
856 3288 1150 3355 ἐπιτιμίων
1185 3290 1486 3358 μετριάσει,
1521 3293 1680 3362 ἔτερα
1714 3293 1768 3345 δὲ

192 3379 696 3432 πολλαπλασιάσει.
760 3380 923 3433 Ὥστε
979 3381 1054 3450 μὴ
1087 3380 1381 3448 ἐκληπτέον
1413 3382 1504 3435 τὸν
1545 3383 1766 3444 κανόνα.

194 3469 382 3532 καθώς
409 3488 550 3533 τινες
574 3469 749 3530 εἷπον.
777 3474 856 3533 εἰς
901 3472 1068 3541 μόνην
1094 3473 1389 3524 ἐλάττωσιν
1428 3473 1521 3523 τοῦ
1574 3473 1763 3542 χρόνου

194 3562 310 3612 τῶν
340 3564 651 3622 ἐπιτιμίων.
687 3563 822 3614 ἀλλὰ
853 3564 946 3614 καὶ
970 3565 1049 3622 εἰς
1101 3563 1246 3614 ἅπαν
1273 3556 1409 3622 εἶδος
1447 3563 1762 3631 ἐπιτιμίων.

191 3650 354 3711 Two;
383 3649 435 3702 δὲ
478 3651 809 3720 στρατιώτου
855 3651 1243 3721 περιπεσόντος
1286 3650 1539 3703 ἑκουσίου
1599 3654 1760 3719 φόνου

192 3738 551 3807 ἐγκλήματι,
603 3743 755 3809 παρᾶ
814 3741 1114 3810 ἀρχιερέως
1164 3741 1309 3802 τινος
1363 3743 1502 3808 μετὰ
1543 3742 1763 3812 μέτριον

194 3831 344 3882 πάνυ
378 3831 566 3898 καιρὸν
589 3832 881 3901 ἐγγράφως
909 3831 1278 3894 αοωωοέντος,
1326 3831 1354 3883 ό
1379 3835 1641 3903 κραταιὸς
1672 3835 1763 3886 καὶ

187 3921 353 3988 ἅγιος
375 3923 526 3990 ἡμῶν
558 3921 817 3991 βασιλεὺς
840 3923 1182 3993 δυσχεράνας
1225 3925 1316 3975 ἐπὶ
1351 3923 1426 3994 τῷ
1468 3927 1766 3996 γενομένῳ,

188 4015 488 4084 διωρίσατο
514 4015 606 4065 ἐπὶ
655 4014 766 4066 τῶν
805 4013 1028 4084 ἡμερῶν
1057 4013 1149 4067 τοῦ
1192 4015 1498 4082 ἁγιωτάτου
1557 4018 1765 4068 ἐκείνου

188 4107 537 4174 πατριάρχου
562 4106 752 4174 κυρίου
772 4107 956 4157 Λουκᾶ
988 4107 1331 4175 σκοπηοῆναι
1366 4107 1684 4169 συνοδικῶς,
1719 4109 1766 4159 εί

189 4193 380 4254 καλῶς
408 4193 484 4261 τῷ
528 4192 834 4262 στρατιώτῃ
874 4191 1306 4262 ἐπειριλοτιμήθη
1361 4195 1396 4260 ἡ
1446 4193 1556 4245 τῶν
1588 4195 1769 4246 ἐπιτι-

194 4283 340 4353 μίων
368 4283 637 4346 ὰθώωσις,
674 4282 1240 4350 κατεσπουδασμένως
1267 4283 1411 4336 οὓτω
1434 4287 1526 4336 καὶ
1550 4278 1662 4337 οἷον
1688 4287 1766 4337 εί⁹

192 4379 322 4426 πεῖν
351 4374 412 4425 οὐ
439 4372 764 4441 συμπαθῶς,
818 4372 956 4424 ἀλλὰ
988 4372 1338 4442 προσπαθώς.
1365 4372 1470 4425 Τοῦ
1497 4375 1551 4426 δέ
1582 4378 1766 4445 ἀρχιεο

1875 3209 1932 3250 ιιι
1968 3198 2206 3250 nonnulli
2253 3198 2521 3259 dicebant,
2581 3200 2644 3250 ad
2677 3196 2841 3251 solam
2873 3197 3125 3264 temporis
3154 3211 3429 3265 pmnartmt

1871 3288 2300 3348 diminutionem.
2321 3288 2412 3341 sed
2437 3296 2501 3338 ad
2523 3302 2678 3340 onme
2702 3301 2871 3354 pusnze
2891 3301 3080 3357 genus.
3107 3288 3238 3341 Cum
3258 3303 3430 3342 autem

1871 3378 2088 3446 quidam
2129 3377 2282 3430 miles
2327 3379 2377 3430 in
2415 3376 2728 3430 voluntaria:
2760 3378 2921 3431 cmdis
2950 3380 3156 3431 crimen
3196 3381 3427 3437 incidis-

1871 3476 1974 3531 set,
2010 3477 2063 3522 et
2117 3483 2146 3521 a
2199 3470 2428 3537 quodam
2481 3469 2738 3533 antistite,
2793 3478 2914 3538 post
2960 3469 3113 3522 valde
3163 3473 3428 3535 modicum

1874 3568 2104 3625 tempus,
2162 3561 2300 3613 datis
2330 3562 2570 3628 scriptis,
2617 3550 2891 3613 absolutus
2934 3570 3094 3624 esset,
3144 3575 3332 3630 potens
3378 3575 3434 3617 et

1873 3659 2092 3702 sanctus
2143 3640 2325 3702 noster
2368 3650 2679 3716 imperator,
2711 3660 2772 3704 et
2817 3653 3084 3714 dominus,
3133 3654 3181 3705 id
3231 3653 3428 3708 factum

1871 3752 2017 3808 aegre
2065 3739 2262 3802 ferens,
2294 3743 2482 3792 statuit
2512 3750 2747 3806 tempore
2788 3742 3110 3794 Sanctissimi
3149 3744 3290 3798 illitis
3336 3760 3429 3813 pa-

1874 3831 2124 3882 tt‘iarclt'c
2147 3831 2344 3882 domini
2391 3829 2570 3896 Ltlczl‘,
2596 3843 2654 3883 ut
2678 3833 3010 3901 synoslaliter
3061 3837 3430 3890 considerare—

1875 3925 1981 3980 tur,
2010 3917 2166 3988 127
2193 3936 2257 3969 :m
2287 3930 2431 3972 recte
2470 3921 2541 3972 illi
2573 3921 2726 3974 militi
2752 3937 3003 3977 concessa
3029 3936 3169 3977 esset
3194 3941 3221 3982 ο
3257 3929 3429 3994 pinnis

1874 4010 2164 4069 absolutio.
2217 4019 2361 4062 tanto
2412 4009 2465 4063 in
2513 4025 2637 4064 eum
2687 4013 2864 4066 studio
2898 4024 2950 4066 et
3003 4031 3097 4081 per
3137 4020 3426 4086 quamdam

1874 4117 1978 4154 non
2017 4101 2470 4164 misericordiam,
2511 4103 2604 4157 sed
2647 4105 2825 4172 potius
2867 4106 3030 4160 animi
3064 4107 3426 4164 affectionem.

1871 4192 2006 4245 Cum
2041 4203 2218 4245 autem
2257 4193 2480 4247 antistes
2509 4205 2826 4260 praesentem
2855 4212 3119 4250 canonent
3166 4215 3426 4267 propone-

1870 4292 1973 4344 ret,
2009 4292 2060 4333 et
2087 4281 2221 4334 alios
2266 4283 2606 4335 moderantes
2643 4284 2825 4351 utique
2873 4300 2990 4338 eam
3025 4302 3141 4355 qua:
3172 4289 3246 4343 ilii
3295 4294 3427 4360 obji-

1870 4369 2108 4422 ciehatnr
2139 4370 2358 4423 nimiam
2389 4384 2560 4439 pinna:
2592 4372 2881 4436 levitatem,
2944 4386 3127 4430 sancta
3162 4381 3425 4447 synodus.

189 4468 338 4537 ρέως
362 4465 451 4517 τὸν
483 4451 722 4535 παρόντα
752 4464 950 4517 κανόνα
969 4463 1403 4534 προῦαλλομένου
1436 4467 1529 4518 καὶ
1550 4467 1765 4536 ἐτέρους

1873 4474 2105 4514 canones
2136 4461 2396 4514 limitibus
2429 4463 2903 4530 circnmscribcns,
2956 4472 3250 4521 secundum
3292 4473 3426 4524 divi-

194 4555 631 4626 μετεωρίζοντας
658 4555 798 4622 τάχα
841 4554 938 4624 τὴν
977 4554 1468 4625 ὲπιφορτιζομένην
1497 4557 1646 4626 αὐτῷ
1669 4557 1764 4626 βα-

195 4650 356 4715 ρεῖαν
413 4645 749 4715 κουςότητα,
795 4645 827 4714 ἠ
876 4644 1007 4711 ἁγία
1050 4643 1308 4706 σύνοδος,
1357 4646 1483 4707 τοὺς
1534 4647 1766 4708 κανόνας

190 4735 613 4805 ὀρθοτομήσασα
639 4733 783 4785 κατὰ
810 4732 908 4802 τὴν
941 4732 1167 4784 ἐνοῦσαν
1190 4732 1378 4794 αὐτοῖς
1408 4735 1471 4785 ἐκ
1503 4735 1597 4787 τοῦ
1626 4751 1764 4786 παν-

189 4825 356 4894 αγίου
417 4826 728 4893 Πνεύματος
784 4823 1064 4892 Θειοτάτην
1132 4823 1449 4894 ἐλλαμψιν,
1510 4825 1603 4875 τὸν
1662 4827 1761 4894 μὲν

194 4915 543 4986 στρατιώτην
575 4915 670 4968 καὶ
717 4911 872 4976 αὖθις
905 4914 1296 4976 ἁλυκτοπέδαις
1331 4915 1621 4979 ἐπιτιμίων
1662 4893 1762 4968 καζ

191 5007 424 5060 νυνικῶν
464 5005 842 5058 καθυπέὃαλε·
875 5005 966 5056 τὸν
993 5003 1049 5056 δὲ
1090 5006 1351 5075 ἀρχιερέα
1393 5010 1598 5075 μετέ-ίῳ
1637 5007 1766 5073 ἀφοο

195 5096 382 5166 ρισμῷ
416 5095 866 5166 ἀλειτουργησίας
907 5095 1366 5162 ἐστενοχιὺρησεν,
1432 5095 1659 5148 εἰποῦσα
1689 5094 1764 5156 ὡς

193 5191 309 5249 τοῖς
340 5188 658 5257 ἀρχιερεῦσι
721 5188 818 5255 μὲν
841 5187 1049 5251 ἐφεῖται
1088 5183 1272 5246 αὔξειν
1315 5186 1410 5236 καὶ
1480 5186 1668 5253 μειοῦν
1697 5185 1764 5237 τὰ

196 5283 460 5332 κανονικὰ
492 5280 779 5347 ἐπιτίμιαο
839 5275 1181 5346 ἁραχνιαίοις
1231 5276 1286 5327 δὲ
1323 5275 1499 5342 μίτοις
1545 5277 1762 5344 δεσμεῖν

196 5370 268 5422 τὰ
302 5368 580 5428 καλωῖίοις
640 5363 906 5433 ὲντρίτοις
952 5364 1415 5432 καταδεσμεῖσθαι
1481 5364 1764 5430 ὀφείλοντα

195 5460 301 5511 οὐκ
336 5458 570 5525 ἐνεδόθη.
612 5455 844 5523 Λέγεται
891 5452 948 5504 δὲ
977 5455 1059 5505 ὅτι
1085 5456 1180 5506 καὶ
1203 5453 1292 5508 διὰ
1331 5454 1430 5522 τὴν
1459 5454 1554 5505 τοῦ
1585 5453 1763 5506 τνιούο

197 5567 293 5603 του
325 5549 654 5618 στρατιώτου
716 5547 968 5598 ὑπόθεσιν
1035 5544 1248 5606 ἐξέθετο
1285 5547 1314 5598 ό
1363 5545 1624 5614 κραταιὸς
1671 5547 1762 5596 καὶ

199 5626 354 5703 ἅγιος
380 5634 534 5704 ἡμῶν
563 5635 814 5703 βασιλεὺς
846 5638 943 5706 τὴν
974 5638 1098 5706 περὶ
1129 5635 1237 5687 τῶν
1270 5634 1532 5685 ἑκουσίων
1558 5632 1764 5698 φονέων

198 5726 414 5797 Νεαρὰν
437 5745 450 5757 ·
481 5731 546 5797 ῆν
584 5731 676 5779 καὶ
705 5729 978 5795 ἀνάγνωθι
1006 5727 1229 5780 δπισῦεν
1254 5726 1757 5794 καταστρωοεῖσαν,

203 5818 297 5870 ναὶ
329 5819 802 5888 ὀ.αλαμ6.;ὶνονσαν
850 5819 987 5888 μετὰ
1031 5820 1135 5872 τῶν
1166 5819 1341 5872 ἄλλων
1391 5821 1484 5871 καὶ
1538 5815 1745 5871 ταῦτα’

1872 4551 2147 4602 nissimam
2177 4549 2605 4617 inspirationem,
2636 4567 2753 4620 qua:
2777 4567 2844 4607 ex
2874 4567 3064 4610 sancto
3095 4558 3199 4611 illis
3223 4557 3424 4628 Spiritu

1869 4635 2070 4702 inerat,
2138 4638 2362 4691 militent
2422 4638 2639 4706 quidem
2696 4643 3079 4697 canonicarum
3144 4660 3422 4712 positarum

1869 4741 2059 4780 rursus
2092 4728 2440 4793 compedibus
2478 4728 2747 4796 subjecit:
2779 4731 3074 4785 antistitem
3121 4745 3298 4787 autem
3355 4739 3420 4788 ad

1867 4816 2199 4883 aliquantum
2231 4817 2494 4886 temporis
2520 4820 2587 4872 ab
2611 4818 2784 4873 oﬂicio
2809 4823 3163 4890 suspensione
3192 4827 3422 4891 punivit.

1865 4909 2048 4960 dicens
2077 4907 2217 4975 quod
2248 4909 2582 4962 antistitibus
2624 4909 2838 4978 quidem
2884 4913 3010 4966 licet
3044 4929 3230 4980 pinnas
3259 4930 3423 4972 cano-

1867 4994 2018 5048 nicas
2072 5010 2288 5063 augere,
2347 5008 2402 5050 et
2454 4997 2758 5052 diminuere
2828 5016 3188 5059 :aranearunt
3243 5017 3421 5066 autem

1868 5085 1970 5140 ﬁlis
2014 5087 2182 5156 ligare
2252 5102 2370 5155 qua:
2404 5090 2600 5141 debent
2641 5093 2809 5144 tribus
2850 5095 3165 5169 rudentibus
3192 5096 3421 5167 alligari,

1863 5191 1971 5228 non
2001 5191 2310 5230 concessum
2353 5187 2456 5231 est.
2486 5179 2690 5232 Dieitur
2714 5193 2913 5244 autem,
2938 5187 3077 5250 quod
3105 5187 3265 5240 etiam
3293 5204 3422 5257 pro-

1864 5263 1982 5336 pter
2027 5268 2172 5322 illius
2207 5268 2394 5323 militis
2429 5284 2644 5323 causam
2683 5274 2844 5325 edidit
2892 5285 3082 5342 potens
3121 5288 3175 5330 at
3204 5293 3423 5335 sanctus

1867 5369 2048 5413 noster
2076 5363 2366 5429 imperator
2392 5362 2457 5416 de
2482 5365 2798 5419 voluntariis
2817 5366 3116 5422 boinicidiis
3138 5373 3421 5438 novellam,

1863 5466 2022 5519 quam
2071 5454 2232 5506 etiam
2266 5451 2382 5522 lege
2413 5465 2555 5508 retro
2603 5454 2783 5519 sitam,
2812 5468 2865 5511 et
2913 5457 3026 5513 ba'c
3054 5477 3268 5529 quoque
3301 5445 3420 5519 cum

1862 5546 1981 5599 aliis
2035 5555 2351 5600 tractantem
2380 5568 2393 5602 :
2421 5546 2496 5602 De
2521 5549 2582 5602 iis
2617 5562 2793 5604 autem
2844 5568 2961 5621 qua
3010 5557 3211 5611 abillis
3261 5560 3409 5625 linat,

1863 5646 2143 5706 postquam
2177 5639 2241 5689 ad
2292 5640 2684 5692 sanctissimam
2729 5641 2818 5695 Dei
2848 5659 3093 5713 magnam
3123 5637 3418 5703 Eéclesiatn

1862 5726 2219 5796 confugerint,
2263 5729 2559 5796 imperialis
2597 5745 2712 5784 mea
2750 5735 3004 5800 majestas
3035 5752 3139 5793 non
3167 5740 3266 5795 scit
3295 5754 3418 5806 pero

1866 5817 2028 5882 fectc,
2067 5818 2217 5872 audit
2251 5828 2425 5872 tamen
2457 5834 2575 5888 quae
2605 5837 2708 5874 nun
2741 5826 2879 5878 iiuna
2907 5837 3047 5878 sunt.
