3946 6342
192 423 323 490 785

1129 425 1213 488 IN
1257 420 1499 486 EPIST.
1533 423 1590 487 S.
1636 420 1922 482 BASILII
1960 422 2391 486 CANONICAM
2425 423 2540 489 llI.

3352 426 3462 490 786

197 539 325 594 xiv
377 538 453 609 μὴ
518 538 577 603 ἐξ
635 538 959 607 ἀμφοτέρων
1015 539 1123 593 τῶν
1192 540 1395 607 γονέων
1449 537 1789 603 συνάπτηται

1921 536 2105 593 τιῑιιηιειῑ
2137 552 2241 590 non
2267 551 2330 591 ex
2362 536 2624 591 ambobus
2653 536 2699 591 ei
2723 538 3036 607 parentibus
3066 537 3348 610 conjuncta
3368 542 3462 599 sit.

202 628 385 695 αὐτῇ,
420 627 557 679 ἀλλά
579 627 636 693 ἐξ
668 627 786 690 ἑνὸς
821 628 965 697 (ἣτις
1019 627 1241 694 λέγεται
1293 625 1389 679 καὶ
1441 620 1789 693 ἕτεροθαλὴς)

206 718 492 781 καὶὸπως
520 720 837 787 ἐπιτιμᾶται
881 718 910 771 ό
958 719 1211 789 μιανθεὶς
1249 716 1387 788 μετά
1425 715 1528 784 τῆς
1572 713 1791 783 νύμφης

205 806 409 860 αὑτοῦ.
453 808 564 861 Καὶ
588 809 720 875 φασὶ
755 807 1332 875 τούτουςμὲξωθεῖσθαι
1394 808 1493 875 μὲν
1531 805 1641 858 ἀπὸ
1690 804 1793 873 τῆς

214 898 523 966 ἔκκλησίας
573 900 765 969 μέχρις
818 900 885 953 ἂν
921 900 1019 968 τῆς
1056 899 1336 969 ἁμαρτίας
1392 898 1742 967 ἀπόσχωνται
1773 910 1790 926 ⁶

222 990 374 1059 μετά
431 990 485 1043 δὲ
535 992 597 1044 ea»
643 992 950 1056 ἀποστῆναι
1005 991 1406 1057 οἰκονομεῖσθαι
1457 992 1535 1051 είς
1592 990 1717 1049 τοὺς
1751 988 1792 1042 δ’

212 1085 421 1136 τόπους
441 1084 550 1134 τῶν
574 1084 889 1152 ἐπιτιμίων,
940 1085 1035 1136 καὶ
1095 1082 1273 1145 οὕτως
1328 1082 1617 1147 ἀξιοῦσθαι
1689 1082 1789 1151 τῆς

219 1176 385 1242 ἁγίας
444 1176 822 1245 μεταλήψεως.
882 1178 947 1230 ΟΞ
986 1177 1042 1228 δὲ
1112 1176 1155 1229 δ’
1188 1179 1346 1230 τόποι
1397 1176 1652 1229 ἀνύονται
1699 1174 1787 1228 διὰ

214 1270 431 1338 κρόκων
459 1270 688 1324 δώδεκα.
739 1270 1042 1336 Ἀνεὶγνωθι
1082 1271 1178 1323 καὶ
1218 1269 1278 1322 τὸ
1342 1268 1594 1337 δεύτερον
1658 1285 1786 1336 κεφ.

215 1362 315 1416 τοῦ
349 1361 418 1431 ιγ’
439 1364 623 1416 τίτλου
648 1364 743 1416 τοῦ
764 1364 1035 1432 παρόντος
1076 1364 1459 1431 συντάγματος
1479 1379 1493 1395 ο
1544 1363 1639 1415 καὶ
1688 1380 1788 1432 ση-

216 1455 451 1524 μείωται
478 1455 561 1507 ὄτι
608 1456 721 1515 τοῖς
763 1454 1160 1523 ἀφισταμένοις
1192 1456 1317 1523 οὐχὶ
1372 1457 1487 1516 τοῖς
1536 1453 1619 1506 ἔτι
1678 1455 1781 1523 ἰμ-

221 1546 447 1616 μένουσι
480 1547 548 1615 τῇ
632 1545 881 1615 ἁμαρτίᾳ
928 1545 1158 1599 δίδονται
1214 1547 1281 1599 τά
1321 1546 1591 1614 ἐπιτίμια.
1654 1544 1790 1599 Teti-

217 1651 339 1698 τοις
399 1635 508 1704 γὰρ
564 1635 910 1706 ἀκοινώνητα
963 1635 1247 1699 παντελῶς
1294 1638 1401 1690 εισι
1438 1636 1505 1690 τὰ
1553 1636 1663 1691 τῶν
1702 1654 1791 1690 πιο

218 1724 386 1779 στῶν.
1201 1733 1206 1739 ”

294 1820 544 1875 ΖΩΝΑΡ.
591 1820 652 1875 '0
685 1821 892 1893 ἀδελφῇ
933 1822 1280 1893 συμφθαρεὶς
1317 1824 1537 1891 ἑαυτοῦ,
1574 1825 1678 1880 κᾶν
1712 1826 1788 1896 μὴ

1896 629 1988 684 sed
2019 644 2084 684 ex
2120 644 2226 682 uno
2262 630 2402 699 (quae
2431 629 2593 684 etiam
2624 630 2945 699 ἑτεροταλὴς
2974 631 3217 703 dicitur),
3243 641 3298 689 et.
3328 648 3462 702 quo-

1897 722 2054 777 modo
2085 723 2305 789 punitur
2334 723 2421 790 qui
2454 739 2573 778 cum
2610 739 2704 777 sua
2740 740 2878 777 nuru
2913 724 3188 792 polluitur,
3234 734 3289 779 et
3334 724 3465 782 dicit

1894 828 1988 868 eos
2025 812 2242 882 quidem
2275 813 2473 869 debere
2526 815 2735 870 extrudi
2780 816 2846 870 ab
2911 817 3151 871 Ecclesia
3209 818 3379 872 donec
3432 833 3461 872 ιι

1895 914 2119 977 peccato
2145 907 2505 962 abstinuerint
2538 926 2551 962 :
2585 919 2867 976 postquam
2917 917 3095 963 autem
3124 908 3461 977 destiterint,

1895 998 2149 1054 distribui
2192 999 2243 1053 in
2277 1010 2511 1067 quatuor
2540 1000 2678 1063 loca,
2710 1016 2895 1055 eorum
2932 1003 3023 1070 qui
3064 1010 3230 1071 agunt
3285 1000 3464 1069 paeni-

1898 1093 2122 1145 tentiam
2161 1107 2177 1146 :
2218 1099 2272 1145 et
2302 1093 2379 1146 sic
2411 1103 2597 1145 sancta
2625 1094 3003 1147 communione
3037 1092 3227 1160 dignos
3250 1091 3462 1166 haberi.

1895 1183 2135 1249 Quatuor
2173 1194 2353 1239 autem
2395 1186 2511 1240 loca
2560 1183 2843 1239 duodecim
2876 1189 3030 1241 anuis
3084 1186 3461 1256 perficiuntur.

1901 1276 2047 1344 Lege
2079 1286 2130 1332 et
2166 1287 2327 1347 caput
2353 1279 2388 1332 2
2420 1281 2501 1333 tit.
2556 1282 2641 1348 l3,
2676 1283 2957 1350 pmsentis
3011 1280 3210 1348 operis,
3252 1287 3305 1333 et
3340 1286 3466 1331 nota

1894 1369 2037 1435 quod
2060 1370 2126 1424 iis
2152 1371 2243 1440 qui
2279 1371 2564 1435 desistunt,
2601 1388 2705 1425 non
2737 1373 2802 1426 iis
2840 1372 2931 1440 qui
3000 1378 3353 1438 perseverant
3408 1368 3465 1422 lu

1894 1470 2141 1528 peccato,
2164 1462 2375 1516 dantur
2429 1479 2620 1533 pmnze.
2658 1462 2751 1519 His
2779 1464 2925 1519 enim
2960 1462 3096 1519 nihil
3119 1460 3262 1531 quod
3294 1461 3363 1515 sit
3404 1460 3467 1513 ti-

1893 1550 2111 1617 delium,
2145 1553 2359 1622 penitus
2394 1558 2849 1611 communicatur.

1969 1822 2217 1879 ZONAR.
2259 1822 2361 1889 Qui
2394 1838 2513 1876 cum
2549 1833 2738 1877 sorore
2763 1832 3048 1891 corruptus
3071 1830 3175 1888 est,
3216 1823 3466 1893 quamvis

221 1909 280 1975 ἐξ
311 1910 643 1983 ἀμφοτέρων
670 1913 778 1967 τῶν
802 1915 1011 1981 γονέων
1040 1918 1073 1985 ἡ
1120 1916 1433 1995 Δἀδελφότης
1464 1919 1633 1981 ἐστὶν,
1674 1917 1789 1970 ἀλλ’

1921 1933 2005 1973 ton
2031 1934 2098 1972 ex
2130 1928 2360 1987 utroque
2399 1926 2640 1985 parente,
2688 1915 2782 1971 sed
2817 1932 2882 1971 ex
2942 1916 3203 1971 alterutro
3256 1925 3464 1969 tantum

221 1999 281 2065 ἐξ
319 2002 457 2065 ἐνδς,
500 2006 673 2074 πάντη
705 2006 986 2071 ἐξωθεῖται
1024 2009 1124 2076 τῆς
1153 2008 1507 2077 Ἐκκλησίας,
1549 2010 1655 2074 ἕως
1697 2012 1794 2074 τῆς

224 2095 485 2165 τοιαύτης
534 2098 816 2168 ἁμαρτίας
881 2102 1214 2171 ἀπόσχηται.
1292 2102 1691 2173 Ἀποσχόμενος
1739 2103 1794 2156 δὲ

220 2188 593 2255 οἰκονομεῖται
615 2190 690 2252 ὡς
738 2193 766 2243 ό
795 2191 977 2245 κανὼν
1006 2194 1377 2258 διατάττεται,
1413 2195 1790 2266 προσκλαίων,

219 2278 587 2347 ἀκροώμενος,
666 2282 1016 2346 ὑποπίπτων.
1087 2285 1380 2349 συνεστῶς’
1468 2287 1562 2339 καὶ
1623 2284 1795 2348 οὕτως

221 2369 466 2435 ἀξιοῦται
502 2373 604 2443 τῆς
633 2373 729 2427 τού
755 2374 962 2443 ἀγαθοῦ
996 2377 1298 2438 κοινωνίας.

302 2639 520 2696 ΔΡΙΣΤ.
542 2660 667 2697 καν.
694 2650 787 2697 σε’.
826 2643 885 2698 Ὀ
916 2644 1119 2716 ἀδελφῇ
1160 2646 1433 2716 πατρόθεν
1463 2646 1494 2715 ἦ
1521 2644 1796 2715 μητρόθεν

227 2736 593 2805 συμμιανθεὶς
633 2736 706 2805 μὴ
760 2738 949 2791 είσίτω
1010 2742 1092 2802 είς
1141 2732 1647 2809 οἷκονπροσευχῆς
1693 2739 1797 2801 ἕως

226 2830 477 2895 ἀποστῇ·
552 2824 653 2880 εἶτ’
726 2829 1029 2898 ἀνανήψας,
1084 2830 1329 2897 τριετίαν
1396 2823 1793 2898 προσκ).αιέτω,

227 2917 471 2987 τριετίαν
536 2918 851 2987 ἀκροάσθω.
918 2920 1169 2988 τριετίαν
1242 2919 1620 2981 ὑποπιπτέτω,
1704 2919 1799 2970 καὶ

227 3008 306 3075 τῷ
357 3007 567 3077 δεκάτῳ
631 3008 889 3078 δεχέσθω
941 3011 1110 3079 γωρῖς
1154 2993 1503 3077 ’προσφορᾶῇ
1566 3011 1658 3061 καὶ
1707 3009 1799 3062 δύο

226 3100 320 3168 ἔτη
379 3101 589 3162 συστὰς
636 3102 718 3164 εἰς
758 3101 945 3172 εὐχὴν,
978 3102 1170 3155 λοιπὸν
1227 3101 1502 3162 ἀξιούσθω
1544 3101 1645 3170 τῆς
1694 3120 1799 3157 κοιο

226 3209 332 3244 νων
357 3208 440 3255 ας.

281 3280 489 3345 Οὗτοςό
520 3284 702 3339 κανὼν
720 3285 1147 3359 συνηρμηνεύθη
1170 3286 1244 3357 τῷ
1273 3286 1553 3357 ἑξηκοστῷ
1582 3286 1795 3358 ἑϐδόμῳ
1822 3263 1864 3320 C

226 3377 433 3431 κανόνι.

293 3468 513 3522 ΑΡΙΣΤ.
549 3466 800 3533 καν.ος’.
830 3469 912 3521 Τά
942 3469 1080 3523 αὺτά
1120 3469 1214 3523 καὶ
1245 3470 1375 3541 περὶ
1403 3470 1515 3524 τῶν
1538 3469 1638 3536 τὰς
1657 3470 1796 3542 νύμ-

223 3576 337 3632 φας
360 3560 768 3630 λαμϐανόντων.
803 3561 1011 3629 Σαφής.

788 3654 1024 3707 ΚᾹΝΩΝ
1040 3653 1159 3709 ΟΖ’.

239 3744 305 3799 '0
346 3744 528 3813 μέντοι
556 3744 987 3812 καταλιμπάνων
1016 3743 1117 3809 τὴν
1140 3746 1390 3814 νομίμως
1426 3751 1796 3817 συνσφθείσαν

306 3834 455 3900 αὐτῷ
499 3836 758 3900 γυναῖκα,
795 3833 888 3885 καὶ
933 3832 1127 3900 ἑτέραν
1180 3833 1449 3902 ἀγόμενος
1508 3839 1646 3891 κατά
1698 3839 1797 3910 τὴν

299 3927 393 3981 τοῦ
422 3927 628 3995 Κυρίου
667 3926 946 3991 ἀπόφασιν
996 3924 1073 3993 τῷ
1100 3923 1201 3990 τῆς
1231 3928 1475 3995 μοιχείας
1506 3929 1794 3984 ὑπόκειται

288 4022 540 4091 κρίματι.
596 4016 991 4069 Κεκανόνισται
1062 4016 1117 4068 δὲ
1168 4018 1317 4083 παρά
1367 4018 1474 4069 τῶν
1526 4021 1797 4088 Πατέρων

307 4115 462 4184 ἡμῶν
496 4114 621 4174 τοὺς
671 4110 947 4171 τοιούτους
981 4111 1229 4179 ἐνιαυτρν
1264 4112 1642 4179 προσκλαίειν,
1686 4115 1795 4167 διε·

296 4210 419 4261 τίαν
455 4203 857 4271 ὲ-ακοοᾶσθαι,
905 4204 1150 4270 τριετίαν
1175 4204 1537 4267 ὑποπίπτειν,
1565 4207 1643 4276 τῷ
1701 4207 1795 4261 ἑὸ-

294 4297 446 4367 δόμῳ
503 4298 861 4349 συνίστασθαι
916 4299 1027 4359 τοῖς
1078 4300 1311 4361 πιστοῖς,
1366 4298 1461 4348 καὶ
1505 4295 1647 4349 οὕτω
1696 4297 1796 4364 τῆς

295 4391 617 4459 προσφορᾶς
678 4385 1097 4452 καταᾷιοῦσθαι,
1159 4392 1256 4442 ἐὰν
1327 4389 1463 4457 μετά
1545 4388 1796 4459 δακρύων

303 4482 537 4552 μετανοή
547 4497 734 4533 σωσιν.

800 4572 1043 4624 ΚΛΝΩΝ
1099 4570 1227 4624 Oll'.

237 4667 305 4720 '0
337 4664 499 4724 αὐτος
530 4662 800 4735 κρατείτω
827 4662 996 4723 τύπος
1031 4664 1121 4714 καὶ
1153 4663 1246 4715 ἐπὶ
1277 4665 1386 4715 τῶν
1412 4663 1504 4716 δύο
1558 4664 1795 4731 ἀδελφὰς

290 4757 684 4824 λαμὸανὸντων
707 4756 787 4817 εἱς
824 4754 1184 4818 συνοικέσιον,
1220 4755 1270 4806 εἰ
1295 4755 1388 4807 καὶ
1414 4754 1558 4807 κατὰ
1610 4754 1798 4826 διαφό-

312 4865 437 4920 ρους
460 4848 707 4918 χρόνους.

796 4937 1032 4991 ΚΛΝΩΝ
1059 4936 1178 4990 09'.

228 5034 295 5085 Ol
321 5030 374 5082 δὲ
392 5032 513 5092 ταῖς
541 5030 840 5097 μητρυιαῖς
863 5028 1073 5080 ἑαυτῶν
1105 5028 1364 5097 ἐπιμαινὸ
1379 5046 1529 5095 μενοι
1558 5028 1800 5098 τῷαύτῷ

300 5123 623 5174 ὑπόκεινται
656 5121 841 5173 κανόνι
869 5115 912 5187 ᾧ
951 5122 1046 5172 καὶ
1079 5123 1127 5171 oi
1159 5125 1280 5182 ταῖς
1308 5120 1518 5173 ἑαυτῶν
1544 5122 1798 5191 ἀδελφαῖς

300 5214 741 5278 ὲπιμαινόμενοι.

306 5308 504 5363 ΒΑΛΣ.
540 5309 645 5358 Τὶν
706 5310 786 5369 εἰς
851 5308 1148 5376 ἐτεροθαὶῆ
1217 5309 1451 5381 ἀδελφὴν
1501 5309 1533 5377 ἦ
1582 5309 1800 5379 νύμφην

230 5400 445 5453 οἰκείαν
506 5398 804 5468 μιανῧέντα
875 5400 968 5450 ἐπί
1018 5398 1381 5451 δωδεκαετὶαν
1445 5402 1799 5470 ἐπιτιμᾶσθαι

228 5489 526 5555 διωρίσχτο
550 5490 575 5540 ὁ
600 5488 753 5553 Ξιγιος
788 5489 843 5539 ἐν
875 5488 951 5554 τῷ
976 5485 1047 5540 οε¹
1082 5490 1171 5540 καὶ
1203 5488 1287 5553 ος¹
1322 5492 1535 5543 κανόνι.
1570 5491 1801 5559 Ἀρτίως

231 5582 317 5645 δὲ,
351 5579 516 5649 ἤγουν
548 5581 605 5629 ἐν
672 5580 749 5647 τῷ
776 5579 872 5644 οζ’,
903 5583 960 5630 ἐν
982 5579 1057 5646 τῷ
1087 5598 1149 5649 οη
1192 5581 1284 5632 καὶ
1310 5585 1366 5633 ὲν
1408 5580 1483 5649 τῷ
1507 5579 1582 5633 00'
1613 5583 1800 5634 κανόνι

232 5670 676 5737 παρκεὶεύεται
720 5672 844 5735 τοὺς
903 5674 1414 5740 καταλιμπάνοντας
1460 5675 1554 5735 τὰς
1588 5674 1800 5726 ἑαυτῶν

234 5757 525 5826 συμϐἱους,
562 5762 657 5811 καί
680 5760 874 5826 ἐτέρας
906 5763 1044 5830 πρὸς
1073 5761 1254 5831 γάμον
1299 5763 1623 5830 ἀγομένους,
1658 5763 1797 5816 ἀλλὰ

238 5850 354 5919 μὴν
382 5850 476 5903 καὶ
499 5850 627 5914 τοὺς
659 5850 1042 5921 λαμϐάνοντας
1066 5855 1144 5917 εἰς
1179 5853 1511 5923 συνοικειτιον
1540 5851 1633 5905 δύο
1649 5850 1800 5905 ἀδελ-

1896 2011 2205 2067 l'rateruitas
2238 2011 2330 2074 sit,
2354 2025 2415 2064 er
2449 2008 2684 2064 Ecclesia
2720 2024 2939 2078 prorsus
2959 2009 3264 2079 expellitur,
3294 2009 3468 2064 donec

1897 2104 1965 2159 ab
1998 2104 2263 2169 ejusmodi
2305 2113 2529 2171 peccato
2568 2102 2818 2159 absistat.
2877 2102 3167 2171 Postquam
3199 2116 3327 2155 vero
3372 2100 3469 2153 ab-

1896 2196 2168 2258 stinuerit,
2202 2211 2265 2248 ex
2304 2192 2620 2263 praescripta
2655 2194 2708 2247 in
2752 2192 2856 2247 hoc
2890 2208 3095 2247 canone
3130 2190 3299 2244 forma
3331 2189 3467 2243 mulo

1900 2296 2066 2350 tatur,
2098 2288 2168 2339 ita
2195 2295 2252 2339 ut
2286 2286 2423 2338 inter
2446 2284 2637 2338 ﬂentes
2664 2283 2843 2352 degat,
2877 2292 2987 2336 tum
3042 2283 3185 2335 inter
3243 2281 3470 2335 audien-

1896 2386 2001 2439 tes,
2038 2377 2160 2430 inde
2200 2376 2252 2429 in
2285 2375 2670 2439 substratione,
2710 2389 2832 2427 mox
2858 2388 2979 2427 cum
3014 2372 3262 2427 ﬁdelibus
3289 2372 3468 2425 eonsi-
3545 2440 3550 2445 μ

1898 2475 2008 2523 stat
2055 2475 2269 2534 :atque
2318 2466 2387 2521 ita
2445 2466 2664 2521 demum
2722 2467 2788 2520 ad
2844 2463 2971 2520 boni
3032 2462 3466 2520 communionem

1896 2559 2236 2613 admittatur.

1965 2648 2193 2704 ARIST.
2226 2648 2361 2704 Can.
2396 2649 2484 2703 75.
2523 2647 2778 2714 Quicum
2827 2662 3016 2703 sorore
3067 2662 3133 2703 ex
3186 2658 3337 2716 patre
3383 2646 3468 2702 vel

1898 2753 2071 2799 matre
2101 2742 2506 2811 coinquinatnr,
2539 2742 2754 2795 domum
2788 2741 3050 2795 orationis
3079 2754 3147 2796 ne
3195 2740 3466 2810 ingredia-

1899 2847 2004 2895 tur.
2031 2837 2201 2890 donec
2225 2834 2473 2889 desistat.
2512 2831 2701 2888 Postea
2730 2849 2851 2887 cum
2880 2834 3194 2901 resipuerit,
3229 2833 3465 2888 triennio

1900 2927 2113 2993 deﬂeat,
2176 2927 2410 2980 triennio
2454 2925 2661 2990 audiat,
2694 2925 2930 2979 triennio
2979 2926 3380 2989 subSIernatur,
3411 2932 3469 2983 et

1899 3035 2040 3073 anno
2072 3018 2281 3072 decimo
2317 3017 2611 3083 recipiatur
2640 3017 2757 3071 sine
2788 3014 3086 3081 oblatione,
3147 3027 3202 3070 et
3250 3017 3467 3073 biennio

1899 3112 1965 3165 ad
2005 3109 2308 3165 orationem
2336 3124 2459 3163 eum
2490 3107 2821 3173 consisterit,
2866 3108 3245 3163 communione
3275 3109 3467 3179 dignus

1900 3202 2187 3256 habeatur.

1971 3294 2067 3347 llic
2095 3308 2270 3348 canon
2294 3307 2402 3347 una
2433 3308 2554 3348 eum
2598 3294 2933 3362 sexagesimo
2987 3293 3216 3363 septimo
3259 3307 3467 3349 canone

1899 3384 2286 3453 interpretatus
2317 3392 2422 3439 est.

1967 3474 2195 3531 ARIST.
2227 3475 2361 3530 Can.
2398 3475 2484 3529 76.
2514 3474 2714 3529 Eadem
2743 3485 2797 3529 et
2827 3475 2895 3529 de
2922 3475 2988 3531 iis
3019 3475 3109 3546 qui
3146 3490 3314 3531 nurus
3341 3490 3465 3531 suas

1899 3569 2188 3638 accipiunt,
2224 3570 2604 3624 decernuntur.
2633 3566 2971 3631 Perspicuae.

2419 3657 2647 3714 CANON
2681 3658 2936 3713 LXXVII.

1900 3753 2000 3820 Qui
2036 3752 2314 3807 mulierem
2343 3753 2557 3821 quidem
2598 3751 2700 3805 sibi
2744 3750 2981 3820 legitime
3022 3752 3325 3819 copulatam
3380 3753 3466 3807 dl-

1970 3842 2155 3904 mittit,
2196 3852 2247 3894 et
2279 3841 2435 3893 aliam
2465 3840 2632 3903 duc-it,
2667 3841 2960 3894 secimdum
3002 3822 3212 3894 Domini
3250 3850 3467 3895 senten-

1977 3931 2130 3993 tium,
2161 3931 2408 3985 adulterii
2438 3930 2642 3999 judicio
2688 3930 2972 3997 subjicitur
3009 3948 3022 3984 :
3058 3941 3112 3985 et
3143 3945 3172 3983 a
3216 3929 3468 3985 Patrilms

1972 4022 2172 4075 nostris
2216 4024 2478 4076 cauenice
2533 4030 2795 4075 statutum
2842 4032 2925 4075 est
2953 4062 2967 4086 ,
3016 4032 3076 4075 ut
3125 4021 3163 4075 ii
3209 4037 3349 4075 anno
3372 4021 3468 4076 de-

1969 4112 2174 4177 ﬂeant,
2233 4111 2450 4164 biennio
2505 4112 2762 4173 audiant,
2825 4112 3060 4166 triennio
3115 4115 3466 4167 substcruan-

1968 4214 2058 4260 tur
2094 4223 2107 4259 :
2145 4206 2374 4273 septimo
2431 4219 2549 4258 cum
2608 4204 2852 4258 ﬁdelibus
2906 4206 3202 4259 consistant
3237 4219 3252 4258 :
3299 4214 3352 4258 et
3393 4205 3465 4259 ita

1970 4297 2243 4352 oblatione
2269 4297 2411 4366 digni
2463 4296 2787 4363 habeantur,
2824 4297 2866 4352 si
2901 4312 3022 4352 eum
3075 4297 3326 4368 lacrytllis
3352 4312 3465 4367 pm,-

1921 4452 1929 4460 _
1970 4389 2253 4445 nitentiam
2291 4389 2520 4459 egerint.

2408 4561 2637 4619 CANON
2673 4563 2957 4619 LXXVIII.

1903 4656 2101 4711 Eadem
2147 4665 2323 4709 autem
2355 4654 2527 4708 forma
2568 4656 2903 4719 observetur,
2938 4663 2991 4707 et
3024 4670 3074 4707 -u
3129 4655 3191 4709 iis
3224 4655 3313 4721 qui
3337 4656 3465 4710 duas

1970 4766 2189 4805 sorores
2247 4751 2298 4803 in
2336 4750 2679 4805 matrimonio
2726 4750 3040 4816 accipiunt.
3084 4749 3185 4804 etsi
3243 4750 3467 4805 diversis

1970 4843 2320 4911 temporibus.

2425 4932 2656 4989 CANON
2712 4931 2948 4987 LXXIX.

1904 5024 1941 5079 Ii
1965 5036 2141 5080 autem
2166 5026 2254 5096 qui
2290 5026 2341 5079 in
2373 5040 2499 5078 suas
2520 5040 2780 5078 novercas
2804 5022 3100 5087 insaniunt,
3137 5034 3259 5077 sunt
3291 5022 3465 5078 eidem

1974 5119 2165 5172 eanoni
2206 5118 2446 5183 obnoxii,
2483 5118 2567 5172 cui
2597 5128 2649 5173 et
2687 5117 2721 5170 ii
2761 5118 2849 5187 qui
2886 5117 2938 5171 in
2968 5131 3093 5170 suas
3137 5131 3353 5171 sorores
3384 5116 3468 5170 iu-

1972 5212 2211 5263 saniunt.

1984 5298 2178 5354 BALS.
2216 5300 2344 5353 Eum
2375 5298 2464 5369 qui
2494 5298 2545 5352 in
2578 5313 2730 5353 suam
2758 5313 2822 5351 ex
2845 5296 3017 5352 altero
3046 5298 3465 5368 germine‘soro-

1906 5407 2017 5446 rem
2052 5394 2131 5445 vel
2165 5406 2315 5445 suam
2350 5408 2540 5445 nurum
2582 5391 2812 5460 pollutus
2853 5400 2957 5453 est,
2991 5390 3271 5443 duodecim
3310 5391 3467 5445 annis

1906 5483 2234 5552 punieudmn
2296 5485 2483 5538 statuit
2542 5493 2761 5537 satu-tus
2816 5483 2866 5534 iu
2913 5497 3104 5542 canon.
3162 5481 3230 5536 75
3271 5492 3327 5536 et
3376 5481 3463 5536 76.

1906 5575 2060 5630 Nunc
2085 5588 2264 5628 autem
2295 5575 2500 5629 scilicet.
2526 5574 2577 5626 in
2604 5589 2725 5628 can.
2766 5572 2851 5634 77,
2885 5571 2954 5626 78
2994 5582 3047 5625 et
3071 5572 3137 5626 79
3181 5573 3352 5641 jubet,
3408 5582 3465 5627 ut

1905 5670 1993 5737 qui
2024 5684 2151 5721 suas
2186 5676 2469 5722 consortes
2498 5667 2795 5729 dimittunt,
2849 5674 2900 5718 et
2964 5665 3095 5718 alias
3152 5667 3356 5720 dueunt
3408 5665 3461 5719 iu

1904 5760 2330 5824 matrimonium,
2353 5760 2480 5830 quin
2500 5758 2660 5814 etiam
2690 5758 2724 5811 ii
2745 5758 2833 5827 qui
2861 5757 2995 5813 duas
3015 5772 3229 5812 sorores
3265 5758 3316 5812 in
3348 5773 3463 5812 ma-

1909 5852 2223 5907 trimonium
2255 5850 2547 5923 accipiunt,
2588 5849 2793 5907 scilicet
2817 5858 2935 5919 post
2960 5850 3117 5905 unius
3136 5860 3382 5914 mortem,
3410 5858 3463 5903 ct
