3946 6342
143 399 290 463 809
1102 401 1175 458 l.\'
1225 399 1460 461 El’lST.
1507 405 1565 459 S.
1612 397 1894 459 B.\-SlLII
1929 399 2030 457 AD
2073 397 2492 461 DIODORUM.
3295 405 3396 469 810

246 509 448 561 ΒΑΛΣ.
479 509 538 560 Οί
582 508 952 577 Ἐγκρατίεαι,
1001 511 1073 571 th;
1107 511 1243 580 τάχι
1317 513 1590 580 μετιόντες
1653 513 1700 575 ἐγ

1915 529 2108 584 BALS.
2149 532 2457 598 Eucratitae,
2495 535 2580 601 qui
2611 534 2994 589 continentiam
3040 535 3173 591 forte
3212 553 3397 603 perse-

143 600 456 665 κράτειαν,
491 597 868 650 ἐδδελύσσοντο
911 601 971 652 τὸ
1024 604 1420 670 σαρκοφαγεῖν,
1458 603 1549 653 καὶ
1577 603 1700 654 ἀκοι

1846 620 2163 689 quebantur,
2234 625 2377 676 vesci
2434 625 2686 677 carnibus
2737 625 3118 687 abhorrebant,
3188 635 3395 680 etcum

137 706 327 752 οντες
361 689 432 759 μὴ
467 689 644 750 καλῶς
677 691 869 753 ποιεῖν,
902 692 1203 760 ἀντεπῆγον
1230 696 1338 756 τοῖς
1395 693 1697 762 ὀρθοδόξοις

1846 708 1919 762 eis
1963 708 2234 763 diceretur
2261 711 2312 764 id
2351 726 2456 764 non
2507 724 2650 766 recte
2686 729 2712 764 a
2764 730 2821 766 διε
2878 714 3014 776 ﬁeri,
3059 718 3400 783 opponebam

144 777 301 827 Ἐτι
327 779 421 828 καὶ
458 777 616 845 ὑμεῖς
678 779 797 832 ἐνια
849 777 956 832 τῶν
1017 777 1321 849 βρωμάτων
1362 779 1700 850 βδελύττεσθε

1846 800 2197 857 orthodoxis:
2240 803 2344 856 Vos
2374 817 2585 872 quoque
2630 804 2914 858 nonnullos
2954 806 3102 861 cibos
3134 805 3392 860 abhorre-

133 868 244 920 διδ
284 871 381 921 καὶ
410 869 682 938 ἀπέχεσθε
712 869 912 924 αὐτῶν.
960 870 1100 940 Πρὸς
1156 870 1312 924 τοῦτο
1361 867 1452 924 οὖν
1508 873 1535 922 ὁ
1581 870 1700 936 ἆγιο

1846 891 1930 954 lis,
1965 900 2018 946 et
2046 892 2165 947 ideo
2191 893 2257 946 ab
2287 894 2366 947 eis
2393 867 2700 948 abstinetis.
2728 895 2806 949 Ad
2837 895 2937 950 hoc
2979 897 3106 949 dicit
3135 905 3391 951 sanctus:

131 957 318 1026 λέγει
350 960 431 1011 ὅτι
460 960 518 1011 οὐ
552 961 862 1030 θαυμαστὸν
892 960 946 1012 εῐ
988 977 1152 1013 τινων
1210 961 1584 1034 ἀπεχόμεθαῆ
1615 963 1700 1032 βδε

1846 981 1953 1036 Νοη
1999 993 2083 1038 est
2128 985 2320 1038 mirum
2376 985 2417 1038 si
2489 987 2553 1040 ab
2601 985 2868 1053 aliquibus
2906 987 3258 1052 abstinemus,
3311 986 3396 1042 vel

131 1049 214 1098 λυ
232 1049 480 1117 σσόμεοα
513 1049 650 1104 αὑτά
679 1065 693 1080 ο
742 1050 825 1102 ὅτι
872 1048 967 1101 καὶ
1012 1050 1080 1101 τὰ
1139 1051 1525 1121 περιττώματα
1577 1051 1700 1121 quo

1846 1073 2020 1127 eadem
2057 1075 2465 1140 abominamur;
2525 1090 2644 1128 nam
2708 1086 2759 1128 et
2813 1086 2994 1130 nostra
3052 1087 3396 1132 excrementa

136 1139 594 1209 βδελυττόμεθα,
631 1143 806 1193 καίτοι
838 1143 901 1192 ἐκ
936 1142 1036 1207 τῆς
1067 1142 1254 1205 οὐσίας
1301 1142 1429 1196 ὅντα
1465 1144 1564 1212 τῆς
1595 1146 1699 1212 ὴμε

1846 1165 2210 1227 abhorrcmus,
2245 1168 2345 1218 etsi
2374 1167 2483 1220 sint
2530 1181 2595 1219 ex
2656 1177 2856 1221 nostrae
2904 1167 3087 1222 carnis
3144 1168 3396 1223 substan-

127 1231 331 1300 τέρας
366 1233 583 1302 σαρκός.
629 1231 1028 1301 [Ιεριττώματα
1061 1233 1118 1284 δέ
1172 1229 1280 1285 είσι
1332 1237 1400 1286 τὰ
1455 1235 1608 1304 οὖρα,
1666 1255 1700 1287 τ.

1846 1255 1942 1308 ιίοι
1976 1265 2101 1308 sunt
2130 1266 2304 1310 autem
2332 1267 2704 1321 excrementa,
2761 1259 2953 1322 urinae,
2977 1269 3239 1324 stercora,
3292 1262 3393 1313 hu-

131 1321 436 1386 σκύϐαλα,
475 1323 523 1375 οἱ
557 1324 744 1392 χυμοὶ,
778 1324 843 1375 τά
879 1324 966 1375 διά
1017 1324 1283 1392 στόματος
1324 1326 1415 1377 καὶ
1446 1326 1607 1392 ῥινῶν
1643 1344 1700 1377 κε

1846 1359 2011 1397 nores
2065 1347 2152 1413 qui
2199 1361 2292 1414 per
2331 1361 2390 1400 os
2443 1357 2496 1400 et
2559 1362 2718 1401 nares
2775 1349 3118 1413 emittuntur,
3150 1357 3203 1404 et
3241 1365 3388 1418 qum-

125 1411 397 1480 νούμενα
420 1411 583 1481 ὑγρὰ,
616 1415 708 1465 καὶ
735 1414 830 1465 ὅσα
855 1414 1099 1466 τοιαῦτα.
1144 1415 1230 1474 Ὣς
1255 1411 1347 1466 οἷν
1398 1416 1580 1465 ἐκεῖνα
1635 1417 1697 1465 ἐκ

1846 1445 2046 1501 :unqne
2101 1435 2388 1501 ejusmodi.
2433 1436 2893 1501 Quemadmodum
2938 1453 3068 1508 ergo
3120 1439 3206 1492 illa
3240 1454 3396 1493 aver-

124 1501 490 1570 τρεπὸμεθα,
525 1501 668 1554 οὕτω
701 1503 792 1554 καί
829 1520 949 1554 τινα
984 1503 1089 1554 τῶν
1124 1502 1428 1571 βρωμάτων
1453 1504 1531 1553 03’
1563 1520 1730 1570 προσο

130 1592 378 1660 ιέμεθα.
417 1593 597 1645 Πάντα
641 1593 741 1663 μὲν
780 1596 887 1664 γὰρ
943 1595 1150 1662 λάχανα
1208 1595 1399 1662 χόρτου
1470 1595 1539 1644 τὰ
1589 1593 1726 1661 κρέα

123 1683 285 1749 ἡμῖν
318 1683 643 1751 λογίζονται,
689 1685 828 1736 κατά
872 1685 932 1736 τὸ
994 1685 1264 1754 φάγεσοαι
1318 1686 1498 1737 πάντα
1537 1686 1729 1747 ώςὶά-

1833 1535 2031 1585 sanmr,
2072 1524 2142 1574 ita
2187 1525 2334 1578 cibos
2366 1541 2580 1594 quoque
2633 1527 2842 1596 aliquos
2867 1543 2972 1581 non
3032 1529 3394 1585 admittimus.

1831 1610 2020 1666 Omnia
2056 1614 2197 1667 enim
2261 1616 2404 1671 olera
2472 1633 2724 1673 carncsa
2789 1619 2942 1674 nobis
2991 1620 3392 1685 existimantur,

1828 1703 1969 1770 quod
2015 1706 2196 1758 omnia
2251 1709 2597 1762 comedamus
2654 1721 2710 1763 ut
2779 1711 2946 1764 olera.
3014 1712 3392 1767 Discernentcs

121 1789 294 1839 χανα
329 1775 524 1842 χόρτου
559 1791 572 1805 ⁸
600 1775 980 1845 διακρίνοντες
1039 1777 1095 1828 δὲ
1147 1777 1241 1830 καὶ
1301 1777 1642 1853 χωρίζοντες.
1668 1794 1700 1829 τι

1846 1803 2030 1859 ιιιιοιιι,
2065 1806 2455 1865 etseparantes
2491 1801 2541 1852 id
2583 1802 2720 1868 quod
2755 1812 2839 1855 est
2883 1803 3126 1869 noxium,
3162 1819 3226 1858 eo
3250 1807 3392 1873 quod

121 1864 422 1933 βλαϐερὸν
455 1864 713 1934 χρώμεθα
751 1865 825 1935 τῷ
870 1867 943 1935 μὴ
976 1867 1286 1936 βλάπτοντι,
1324 1868 1419 1919 καὶ
1449 1866 1634 1939 ὥσπερ
1666 1868 1700 1919 ἐι

1847 1899 1933 1938 ton
1978 1887 2114 1939 Iretlit
2164 1890 2365 1942 utimur
2396 1909 2410 1955 ;
2446 1901 2501 1946 et
2549 1895 2999 1960 quemadmodum
3057 1898 3109 1950 in
3155 1897 3392 1953 oleribus

117 1960 262 2017 τοῖς
296 1957 550 2026 λαχάνοις
580 1958 812 2028 λάχανόν
848 1960 964 2011 ἐστι
995 1960 1088 2011 καὶ
1142 1959 1204 2011 τὸ
1262 1959 1507 2021 κώνειον,
1544 1963 1636 2012 καὶ
1691 1979 1700 2011 t

1846 1987 1907 2029 est
1946 1978 2146 2040 cicuta,
2191 1989 2244 2034 et
2279 1983 2657 2052 Ityoscyatnus,
2695 1995 2896 2050 tamen,
2931 1990 3056 2056 quia
3110 1999 3236 2044 sunt
3289 2006 3388 2044 uo-

123 2048 486 2117 ὑοσκύαμος,
516 2051 651 2102 ἀλλὰ
671 2051 910 2120 βλαϐερὰ
932 2051 1064 2103 ὄντα
1088 2052 1358 2121 φεύγομεν
1381 2053 1520 2106 αὑτά
1541 2069 1552 2082 ·
1579 2053 1700 2105 οὕτω

1846 2065 1933 2129 .ia,
1982 2084 2042 2120 ea
2077 2068 2348 2139 fugimus:
2386 2075 2456 2126 ita
2490 2085 2542 2126 ct
2577 2077 2626 2126 in
2670 2077 2947 2142 carnibus,
2981 2093 3108 2134 caro
3153 2090 3236 2134 cst
3265 2096 3392 2134 caro

119 2138 236 2188 καὶ
275 2139 332 2190 ἐν
365 2140 472 2200 τοῖς
507 2141 706 2210 κρέασι
736 2143 906 2210 κρέας
928 2142 1043 2193 ἐστὶ
1067 2140 1160 2192 καὶ
1188 2140 1245 2192 τὸ
1275 2142 1504 2205 γύπειον
1539 2143 1633 2193 καὶ
1665 2160 1700 2193 τι

1846 2158 2117 2225 'ulturina,
2149 2172 2202 2218 et
2230 2178 2354 2217 caro
2388 2168 2570 2220 canis:
2608 2169 2701 2221 sed
2761 2179 2942 2224 tamen
2990 2186 3148 2226 nemo
3201 2183 3390 2242 gusta-

119 2229 233 2280 τοῦ
256 2230 438 2292 κυνό;’
459 2231 688 2286 ἀλλὀὐκ
705 2234 766 2286 ἄν
782 2249 863 2294 τις
883 2232 1134 2299 γεύσαιτο
1156 2231 1338 2296 κυνὸς,
1360 2234 1404 2284 εί
1421 2231 1496 2303 μὴ
1516 2232 1700 2302 σφύδρι

1846 2252 1978 2314 'erit,
2009 2251 2110 2305 nisi
2145 2254 2296 2309 valde
2331 2258 2552 2310 esuriat.
2580 2259 2678 2323 Qui
2712 2268 2894 2316 autem
2928 2275 3022 2330 per
3055 2262 3160 2316 vim
3208 2273 3390 2333 gusta-

117 2324 424 2394 Αιμώττει.
463 2326 521 2377 ’0
569 2324 626 2376 δὲ
660 2324 999 2393 γευσάμενος
1031 2324 1092 2374 ἐκ
1121 2322 1243 2391 βίας
1289 2323 1386 2375 οὐκ
1421 2325 1692 2397 ὴνόμησεν

1846 2341 1922 2404 νίι.
1974 2358 2084 2397 non
2111 2347 2219 2414 egit
2254 2345 2453 2414 inique.

121 2441 283 2494 ΤΟΥ
311 2442 544 2495 ΑΥΤΟΥ
590 2441 770 2495 ΠΡΟΣ
817 2437 1150 2495 ΔΙΟΔΩΡΟΝ
1196 2440 1594 2497 ΕΠῘΣΚΟῙΙΟΝ
1948 2458 2106 2512 ΠΕΡΙ
2157 2461 2294 2513 ΤοΥ
2332 2462 2461 2515 ΔΥΟ
2504 2464 2812 2518 ΑΔΕΛΦΑΣ
2864 2468 3241 2523 ΑΓΟΜΕΝΟΥ
3282 2468 3387 2524 ΕΙΣ

331 2601 491 2672 139
528 2603 884 2663 EIUSDEM
916 2600 1979 2703 Αιξηξζξρίριρίξιρυξιητεχῐξξῌιῖξιιιι
2027 2626 2488 2700 EPISCOPUM,
2535 2631 2632 2691 DE
2676 2631 2778 2691 EO
2815 2631 2953 2703 QUI
2995 2635 3199 2696 DUAS

1017 2680 1383 2741 souonns
1427 2683 1509 2742 1N
1563 2680 2475 2768 ΜΑΤιιιΜοΝιῡῖιῖὗῦὶιῖἱῖ.

203 2779 410 2836 ΙΙΛΛΣ.
453 2782 562 2852 Τῆς
594 2781 883 2849 ἐπιστολῆς
910 2779 1117 2850 ταύτης
1152 2781 1402 2852 ἐμνήσθη
1458 2785 1485 2835 ὁ
1557 2786 1709 2854 ἆγιος

1891 2798 2084 2857 BALS.
2123 2802 2288 2872 llujus
2319 2807 2559 2874 epistolae
2589 2811 2831 2864 meminit
2861 2822 3080 2868 sanctus
3106 2813 3155 2866 in
3188 2815 3258 2870 25
3289 2831 3384 2871 suo

122 2872 188 2924 ἐν
214 2871 300 2942 τῷ
326 2869 413 2937 κγ’
445 2870 632 2924 κανόνι
669 2870 861 2925 αὐτοῦ.
903 2871 1209 2942 Ἀπεστάλη
1249 2871 1305 2925 δέ
1349 2875 1484 2940 πρὸς
1519 2877 1700 2931 Asida)-

1849 2904 2043 2947 anone.
2093 2892 2250 2949 Missa
2301 2905 2384 2952 est
2429 2908 2607 2954 autem
2642 2903 2707 2955 ad
2747 2901 3031 2958 Diodorum
3063 2905 3382 2960 Tarsensem

129 2981 233 3032 ρον
279 2961 495 3034 Ταρσοῦ
519 2964 845 3030 ἐπίσκοπον,
880 2963 959 3028 ὃς,
1020 2965 1322 3034 ἐρωτηθεὶς
1379 2969 1516 3035 πρός
1562 2986 1708 3033 τινος

123 3055 176 3103 εἰ
214 3049 439 3103 δύναιτο
466 3051 563 3121 τῆς
587 3051 848 3118 γυναικὸς
875 3050 1041 3104 αὑτοῦ
1073 3050 1339 3121 θανούσης
1368 3054 1467 3122 τὴν
1495 3055 1709 3126 ἐκείνης

1815 2980 2146 3049 episcopum,
2183 2985 2274 3053 qui
2325 3000 2354 3038 a
2402 2991 2634 3056 quodam
2682 2990 3064 3062 interrogatus,
3097 3009 3162 3049 an
3213 3012 3385 3052 uxore

1815 3083 1912 3124 sua
1942 3081 2149 3127 mortua
2185 3091 2422 3130 sororem
2458 3078 2595 3134 illius
2628 3080 2680 3134 in
2735 3081 3139 3138 matrimonium
3185 3086 3382 3143 ducere

127 3141 382 3212 ἀδελφὴν
402 3141 708 3209 ἀγαγέσθαι
737 3141 877 3212 πρὸς
913 3142 1110 3210 γάμον,
1163 3142 1489 3214 ἀπεκρίνετο
1513 3147 1686 3218 ἐγγρά

1851 3173 2032 3227 esset;
2066 3165 2116 3218 in
2159 3166 2374 3236 scriptis
2426 3172 2731 3238 respondit,
2781 3187 2902 3228 eum
2935 3189 3041 3228 non
3082 3176 3379 3245 prohiberi.

124 3249 255 3300 φως
293 3235 368 3302 μὴ
390 3231 714 3285 κωλύεσθαι.
733 3230 841 3284 Τοῦ
866 3231 922 3285 δέ
959 3232 1197 3302 μεγάλου
1254 3233 1536 3288 Βασιλείου
1564 3239 1708 3291 ἀπα-

125 3322 468 3392 γορεύοντος
518 3325 611 3375 τὸν
639 3321 879 3375 τοιοῦτον
900 3323 1098 3390 γάμον,
1125 3324 1158 3390 ἠ
1183 3322 1273 3374 τοῦ
1302 3325 1564 3394 Διοδώρου
1616 3327 1705 3396 Ey-

124 3431 348 3484 γραφος
378 3414 672 3485 ἀπόκρισις
697 3412 1026 3482 ἐνεφανίσθη
1062 3413 1234 3482 αὐτῷ,
1270 3413 1362 3467 τὸν
1417 3417 1708 3486 εἰρημένον

124 3505 514 3573 ἐπιτρέπουσα
547 3504 748 3572 γάμον.
793 3500 960 3554 Ὅθεν
985 3501 1307 3553 ἀπέστειλεν
1333 3503 1479 3570 αὐτῷ
1512 3505 1704 3558 ταῦτα.

139 3595 404 3664 Ἀφικετο
440 3595 578 3665 πρὸς
640 3594 788 3663 ἡμᾶς
863 3594 1172 3663 γράμματα
1234 3594 1333 3662 τὴν
1385 3594 1706 3665 ὑπογραφὴν

204 3689 404 3757 ἔχοντα
436 3685 749 3755 Διοδώρουο
806 3684 873 3737 τὰ
923 3683 982 3736 δὲ
1050 3683 1249 3752 ἐφεξῆς
1319 3682 1478 3735 ἄλλου
1561 3685 1705 3748 τινὸς

201 3780 484 3850 πρέποντα
517 3773 660 3830 εἶναι
700 3775 733 3845 ἢ
769 3775 1055 3846 Διοδώρου.
1091 3776 1248 3826 Δοκεῖ
1294 3791 1384 3844 μοι
1441 3775 1547 3843 γάρ
1623 3792 1705 3837 τις

199 3870 316 3923 τῶν
345 3867 606 3938 τεχνικῶν
672 3865 732 3919 τὸ
776 3865 870 3919 σοῦ
918 3865 1211 3934 πρόσωπον
1263 3864 1480 3930 ὑποδὺς,
1529 3864 1702 3927 οὕτως

197 3959 398 4015 ἐαυτὸν
429 3957 751 4024 ἀξιόπιστον
776 3957 1036 4028 ἐθελῆσαι
1068 3957 1293 4026 ποιῆσαι
1325 3959 1438 4019 τοῖς
1465 3958 1697 4028 άκροου-

207 4054 399 4123 μένοις
433 4067 447 4082 ο
475 4051 531 4113 ὃς
565 4067 627 4118 γε
651 4048 946 4121 ἐρωτηθεὶς
972 4049 1076 4100 ὑπό
1124 4066 1305 4113 τινων,
1366 4050 1416 4101 εξ
1477 4048 1701 4119 θεμιτὸν

196 4144 370 4198 αὐτὸν
398 4143 535 4212 πρὸς
567 4143 745 4212 γάμον
776 4141 876 4210 τῆς
900 4141 1234 4210 τελευτήσης
1260 4139 1406 4208 αὐτῷ
1440 4140 1695 4208 γυναικὸς

197 4235 304 4304 τὴν
332 4234 566 4303 ἀδελφὴν
591 4231 920 4300 ἀγαγέσθαι,
951 4229 1052 4283 οὐκ
1081 4228 1267 4300 ἔφριξε
1295 4229 1396 4299 τὴν
1409 4229 1690 4299 ἐρώτησινο

196 4326 340 4380 ἀλλά
371 4327 463 4377 καὶ
496 4325 687 4394 πράως
716 4323 912 4391 ἤνεγκε
947 4321 1045 4393 τὴν
1070 4322 1257 4391 ἀκοὴν,
1302 4323 1397 4374 καὶ
1450 4321 1510 4375 τὸ
1534 4321 1693 4374 ἀσελ-

199 4418 299 4486 γές
332 4416 659 4486 ἐπιθύμημα
688 4414 828 4468 πάνυ
859 4414 1119 4482 γενναίως
1173 4413 1321 4482 αὺτῷ
1356 4413 1450 4466 καὶ
1494 4414 1692 4481 ἀγωνι-

198 4509 409 4571 στικῶς
453 4507 924 4576 συγκατέπραξεν.
953 4507 1016 4558 ιιι
1045 4507 1145 4576 μὲν
1180 4505 1271 4559 οὖν
1295 4506 1483 4576 παρῆν
1512 4523 1600 4576 μοι
1630 4509 1692 4562 τὸ
1723 4509 1768 4564 D

191 4600 454 4670 γράμμα,
502 4598 634 4648 αὐτὸ
687 4597 752 4650 ἂν
781 4597 1094 4658 ἀπέστειλα,
1134 4597 1226 4647 καὶ
1251 4594 1480 4667 ἐξῆρχες
1511 4598 1693 4668 σαυτῷ

194 4704 256 4741 τε
311 4688 516 4756 ἀμῦναι
551 4690 647 4740 καὶ
691 4689 758 4757 τῇ
790 4686 1038 4758 ἀληθείᾳ.
1061 4685 1212 4739 Ἐπεὶ
1247 4685 1305 4741 δὲ
1329 4693 1357 4743 ὀ
1382 4690 1559 4754 δείξας
1586 4691 1693 4745 πά-

195 4783 283 4834 λιν
306 4779 578 4848 ἀφείλετο,
625 4780 718 4830 καὶ
743 4777 934 4849 ὥσπερ
959 4797 1010 4831 τι
1063 4781 1324 4850 τρόπαιον
1385 4782 1506 4835 καθ’
1537 4782 1693 4851 ἡμῶν

199 4874 522 4944 περιέφερε,
561 4871 955 4924 κεκωλυκότων
985 4873 1045 4926 τὸ
1090 4875 1148 4939 ἐξ
1179 4875 1372 4944 ἀρχῆς,
1414 4875 1690 4943 ἔγγραφον

192 4969 376 5033 λέγειν
407 4965 542 5035 ἔχων
568 4968 666 5033 τὴν
699 4964 973 5031 ἐξουσίαν,
1037 4967 1336 5019 ἀπέστειλα
1403 4967 1497 5019 νῦν
1583 4984 1686 5032 σοι,

193 5058 339 5112 ὣστε
362 5058 522 5127 διπλῇ
546 5059 612 5126 τῇ
644 5058 788 5126 χειρὶ
821 5059 963 5126 ἡμᾶς
1019 5057 1191 5110 ἐλθεῖν
1251 5059 1344 5109 ἐπὶ
1402 5058 1492 5110 τὸν
1537 5058 1689 5111 νόθον

193 5148 405 5201 ἐκεῖνον
420 5146 601 5212 λδγον,
615 5147 708 5198 καί
726 5146 996 5215 μηδεμίαν
1014 5147 1160 5216 αὐτῷ
1182 5148 1334 5217 ἰσχὺν
1350 5146 1684 5200 καταλιπεῖν·

191 5241 284 5291 ινα
311 5239 390 5309 μὴ
412 5238 511 5308 ἔχῃ
543 5237 798 5306 βλάπτειν
831 5240 1028 5309 ῥᾳδίως
1070 5239 1194 5301 τοὺς
1235 5241 1681 5308 ἐντυγχάνοντας.

189 5331 391 5385 ΒΔΛΣ.
427 5329 749 5398 Ἀνατρέψαι
789 5329 856 5380 τὰ
892 5330 1042 5398 παρά
1073 5330 1164 5382 τοῦ
1186 5330 1447 5398 Διοδώρου
1475 5330 1684 5399 μέλλων

1812 3250 1944 3303 Cum
1969 3260 2146 3306 autem
2179 3270 2404 3325 magnus
2423 3257 2649 3312 Basilius
2679 3261 2944 3330 ejusmodi
2977 3266 3380 3321 matrimonium

1810 3341 2141 3410 prohiberet,
2179 3348 2394 3414 scriptis
2434 3351 2683 3406 mandata
2717 3353 2931 3408 Diodori
2985 3359 3270 3425 responsio
3300 3357 3379 3412 illi

1811 3441 2022 3488 ostensa
2062 3444 2165 3501 est,
2195 3451 2313 3506 quae
2354 3441 2664 3507 praedictum
2713 3445 3117 3502 matrimonium
3150 3449 3376 3517 permit-

1811 3522 1980 3578 tebat.
2019 3524 2167 3580 Unde
2198 3527 2269 3580 illi
2304 3528 2414 3582 haec
2443 3531 2610 3585 misit.

1811 3614 2083 3669 Venerunt
2117 3619 2179 3670 ad
2210 3633 2307 3673 nos
2338 3620 2539 3676 littera:
2595 3623 2806 3680 Diodori
2845 3627 3243 3698 inscriptionem
3269 3631 3368 3684 ha-

1875 3704 2066 3759 bentes
2101 3721 2116 3758 :
2152 3722 2272 3776 quae
2304 3719 2482 3764 autem
2518 3712 2771 3783 deinceps
2800 3727 3116 3786 sequuntur,
3149 3732 3208 3771 ea
3239 3718 3373 3776 aliul

1875 3797 2052 3864 potius
2085 3813 2243 3866 quam
2272 3799 2488 3858 Diodori
2517 3819 2638 3860 esse
2664 3808 2931 3862 convenit.
2971 3809 3194 3865 Videtur
3223 3812 3370 3866 enim

1876 3885 2026 3940 vafer
2056 3887 2322 3960 quiSpiam
2357 3900 2497 3948 tuam
2529 3909 2817 3964 personam
2845 3899 3097 3965 subiisse,
3119 3910 3179 3956 ut
3209 3916 3265 3955 se
3289 3904 3370 3959 sic

1876 3977 2209 4037 auditoribus
2251 3981 2354 4038 (ide
2387 3986 2604 4055 dignum
2635 3987 2900 4055 eﬂlceret;
2947 3991 3037 4060 qui
3083 3993 3148 4047 ab
3175 3993 3369 4064 aliquid

1874 4069 1975 4122 bus
2011 4069 2393 4142 interrogatus,
2418 4091 2483 4128 an
2513 4077 2591 4131 fas
2615 4081 2682 4132 sit
2713 4080 3007 4136 demortuae
3036 4082 3154 4153 ejus
3185 4087 3369 4141 uxoris

1870 4172 2110 4216 sororem
2144 4164 2196 4216 in
2227 4167 2628 4222 matrimonium
2655 4171 2868 4240 ducere,
2890 4174 3363 4244 interrogationem

1873 4261 1976 4301 non
2009 4250 2289 4306 abhorruit
2322 4268 2334 4304 :
2374 4255 2468 4309 sed
2501 4256 2830 4314 auditionem
2873 4275 3026 4331 aequo
3068 4265 3247 4322 animo
3282 4277 3366 4321 tu-

1869 4337 1951 4401 lit,
1975 4347 2028 4393 et
2059 4341 2124 4395 ad
2161 4339 2389 4397 salacem
2423 4347 2540 4415 ejus
2567 4348 2912 4416 cupiditatem
2945 4351 3096 4408 valde
3122 4354 3193 4408 illi
3227 4363 3367 4409 stre.

1869 4447 1973 4487 nue
1997 4441 2297 4504 magnaque
2328 4441 2672 4495 contentione
2707 4442 2959 4497 auxilium
2994 4444 3133 4498 tulit.
3163 4445 3217 4498 Si
3245 4445 3363 4516 ipse

1869 4522 2047 4590 itaque
2074 4522 2276 4579 litteras
2308 4525 2580 4592 haberem,
2603 4542 2694 4582 eas
2725 4529 2793 4582 ad
2821 4539 2871 4584 te
2900 4533 3188 4599 misissem,
3222 4535 3364 4603 ipse-

1869 4629 1975 4682 que
2015 4617 2079 4668 ad
2116 4623 2166 4669 te
2195 4624 2249 4669 et
2290 4616 2568 4670 veritatem
2616 4618 3002 4676 defendendam
3038 4625 3362 4683 sull‘eeisses.

1868 4705 2001 4772 Quia
2033 4716 2211 4759 autem
2241 4707 2285 4760 is
2311 4709 2398 4775 qui
2429 4709 2668 4764 o'steudit
2694 4726 2880 4768 rursus
2908 4713 3149 4784 abstulit,
3183 4725 3236 4771 et
3265 4721 3360 4773 ad-

1865 4807 2055 4846 versus
2094 4808 2210 4856 nos,
2243 4794 2332 4860 qui
2383 4793 2449 4846 ab
2490 4794 2641 4850 initio
2693 4798 3159 4869 prohibueramus,
3201 4804 3359 4857 veluti

1865 4885 2158 4953 trophaaum
2189 4885 2534 4952 circumtulit,
2568 4888 2793 4945 dicendo
2817 4904 2873 4946 se
2898 4893 3116 4961 scriptis
3142 4894 3361 4948 manda-

1867 4987 1972 5029 tam
2022 4977 2221 5029 ltubt‘l‘e
2272 4986 2586 5044 potestatem
2628 4993 2641 5032 :
2690 4996 2829 5035 nunc
2862 4981 2928 5035 ad
2960 4992 3010 5036 te
3045 4985 3267 5054 scripti,
3301 4997 3360 5041 ut

1864 5079 2021 5120 lltallu
2049 5068 2244 5136 duplici
2275 5069 2341 5121 ad
2382 5069 2524 5123 illam
2555 5071 2909 5126 adulteriuam
2935 5074 3231 5132 orationem
3260 5092 3352 5134 ve-

1863 5159 2093 5221 niamus,
2127 5165 2179 5209 et
2215 5157 2386 5211 nullas
2417 5161 2462 5214 ei
2491 5160 2628 5215 vires
2664 5161 3058 5233 relinquamus;
3093 5180 3160 5222 ne
3186 5168 3358 5237 possit

1860 5261 1951 5299 eos
1988 5247 2141 5298 facile
2175 5248 2387 5313 lmdere,
2427 5250 2478 5303 in
2517 5266 2653 5319 quos
2683 5252 2893 5309 incidit.

1857 5335 2050 5392 BALS.
2087 5336 2215 5403 Quae
2257 5355 2285 5392 a
2320 5339 2552 5396 Diodoro
2583 5345 2784 5412 scripta
2818 5355 2946 5401 sunt
2979 5349 3351 5405 confutaturus

124 5424 148 5473 ὸ
175 5421 352 5486 ἀγιος,
381 5421 641 5491 τεχνικῶς
673 5420 885 5489 μέτεισι
920 5423 1018 5489 τὴν
1043 5422 1377 5492 ἀνατροπὴν,
1428 5425 1518 5475 καὶ
1548 5439 1683 5492 προ-

126 5512 358 5580 καθιστᾷ
387 5513 476 5563 τὸν
497 5513 695 5564 οἰκεῖον
723 5511 902 5578 λόγον,
940 5512 1024 5563 ἵνα
1080 5513 1152 5581 μὴ
1210 5513 1340 5580 δοκῇ
1399 5513 1682 5581 ἐντρέπειν

126 5605 303 5666 αὑτὸν,
320 5603 414 5655 καὶ
430 5600 601 5663 οὕτως
616 5603 804 5655 ἐνστατ
817 5604 974 5655 ικώτε
986 5620 1075 5672 ρον
1097 5604 1256 5656 αὐτὸν
1275 5605 1678 5673 ἀπεργάσηται,

127 5696 211 5746 καί
235 5711 400 5762 φησιν
419 5695 499 5745 ὅτι
517 5694 587 5745 Τὸ
606 5694 843 5762 γράμμα
862 5698 936 5756 εἰς
957 5693 1124 5762 ὄνομα
1150 5695 1249 5762 μὲν
1268 5696 1357 5747 σὺν
1376 5698 1678 5764 ἐπεγέγρα-

1846 5718 1893 5755 m
1927 5701 2140 5763 cﬂiciat,
2159 5710 2213 5756 ct
2237 5702 2374 5758 dicet
2402 5704 2647 5762 :Litterte
2667 5710 2881 5779 quidem
2905 5713 3003 5767 sub
3028 5723 3114 5766 tuo
3131 5716 3347 5769 nomine

130 5803 240 5838 πτο’
272 5785 415 5837 δοκεῖ
446 5783 501 5835 δέ
536 5801 626 5853 μοι
652 5787 732 5837 ὅτι
764 5785 918 5845 ἄλλος
946 5786 1051 5836 τῶν
1082 5788 1147 5835 τὰ
1174 5784 1394 5837 τοιαῦτα
1427 5789 1678 5855 τεχνάζε-

1846 5798 1992 5862 ripta:
2024 5794 2233 5852 fuerant
2265 5809 2279 5850 :
2310 5798 2438 5855 mihi
2470 5808 2648 5856 autem
2682 5803 2890 5858 videtur
2915 5804 3106 5870 aliquis
3137 5817 3342 5872 eorum,

408 5877 674 5933 νηιιυι..
704 5879 814 5932 tim.
864 5879 964 5934 CK
981 5880 1025 5934 Χ
1042 5877 1253 5934 ΧῊΗ.
2956 5893 3031 5956 26

1784 5439 2024 5494 sanctus,
2087 5430 2502 5487 confutationem
2566 5435 2856 5492 artiﬁciose
2909 5441 3236 5511 aggreditur,
3292 5451 3346 5497 et

1783 5521 1900 5590 ejus
1939 5521 2136 5574 dictqu
2181 5522 2251 5574 ita
2288 5526 2569 5592 proponit,
2609 5537 2666 5580 ut
2714 5544 2846 5583 non'
2877 5532 3118 5587 videatur
3174 5535 3348 5602 ipsum

1783 5611 1984 5682 pudore
2019 5611 2347 5679 sutl‘uudere,
2366 5625 2418 5668 et
2448 5616 2519 5668 ita
2542 5631 2662 5671 eum
2690 5621 2756 5674 ad
2787 5619 3137 5677 insistendum
3170 5626 3347 5679 acrio-
