3946 6342
598 374 694 445 811

1843 359 2120 423 ΤΗΕΟΙ).
2157 359 2247 420 BA
2258 357 2554 422 LSAMON

3744 353 3851 419 812

595 489 687 562 qui
721 485 787 543 ad
824 485 936 541 lucc
985 477 1342 539 machinanda
1369 486 1422 535 et
1451 476 1802 548 excogitanda
1851 476 1958 545 apti
1995 485 2161 538 sunt,

2271 472 2393 528 σθαι
2415 473 2509 526 καὶ
2568 469 2914 542 μηχανᾶσθαι
2944 469 3297 538 ἐπιτηδείων,
3322 468 3495 523 θέλων
3526 467 3850 534 ἀξιόπιστον

599 581 780 636 volens
811 575 1037 638 eilicere,
1074 581 1132 628 ut
1161 574 1302 641 quod
1336 586 1365 625 a
1392 585 1452 625 se
1477 569 1777 624 disceretur
1809 564 1910 620 [ide
1941 565 2162 635 dignum

594 681 764 737 esset,
779 666 972 724 litteris
991 676 1136 720 tuum
1158 677 1351 718 nomen
1367 661 1768 729 subscripsisse.
1799 657 1900 724 Qui
1931 657 2165 713 interro-

599 771 775 832 gatus,
802 775 868 812 an
899 757 978 811 fas
1005 764 1170 820 esset,
1199 769 1290 810 seu
1323 751 1618 822 legitimum
1653 759 1745 804 aut
1772 747 1976 829 justum
2009 762 2166 803 soro-

601 865 712 905 rem
741 848 923 903 uxoris
967 862 1077 902 sua:
1114 852 1339 899 mortua:
1385 841 1440 896 in
1494 840 1898 895 matrimonium
1933 838 2166 901 ducere;

601 940 672 1005 ei,
709 941 797 1009 qui
844 935 1189 1004 interrogavit
1213 973 1228 999 ,
1258 932 1312 985 in
1348 931 1510 1000 impia
1545 929 1964 998 interrogatione
2016 928 2169 981 auxi-

599 1030 728 1083 lium
761 1029 902 1091 tulit,
936 1027 986 1080 id
1018 1034 1120 1089 est,
1159 1023 1629 1093 intemperantiam
1661 1031 1713 1075 et
1744 1021 2019 1076 libidinem
2055 1035 2169 1090 per-

599 1117 858 1171 mittendo
881 1155 896 1182 ,
933 1117 1045 1184 ipse
1075 1128 1286 1183 quoque
1317 1113 1529 1166 videtur
1563 1111 1730 1166 fuisse
1781 1111 2008 1166 actionis
2046 1125 2167 1180 par-

599 1211 788 1277 ticeps.
828 1205 884 1262 Si
914 1208 1113 1276 itaque,
1147 1205 1339 1275 inquit,
1370 1204 1574 1259 litteras
1603 1203 1908 1260 habuissem
1934 1244 1949 1269 ,
1979 1219 2071 1260 eas
2101 1205 2167 1259 ad

600 1309 652 1356 te
700 1301 987 1364 misissem,
1024 1312 1182 1369 teque
1230 1309 1284 1353 et
1330 1298 1608 1352 veritatem
1659 1296 2019 1364 defendisses,
2067 1311 2160 1352 seu

601 1395 697 1446 tibi
734 1393 990 1447 auxilium
1045 1393 1282 1456 tulisses,
1315 1401 1372 1444 ιιι
1418 1389 1553 1445 falso
1597 1399 1910 1454 accusatus,
1962 1389 2166 1442 nefaria

601 1486 778 1540 dicere
807 1495 859 1540 et
888 1485 1146 1546 scribere,
1175 1485 1315 1554 quod
1352 1494 1403 1537 te
1433 1493 1486 1538 et
1531 1483 1814 1537 veritatem
1848 1481 2038 1552 tangit.
2071 1482 2174 1537 Vc-

600 1579 810 1632 rilnlcttl
847 1576 1105 1646 quidem,
1135 1591 1256 1632 cum
1288 1575 1478 1630 falsum
1527 1573 1600 1628 illi
1643 1573 1920 1642 praelatum
1957 1573 2118 1629 fuerit
2153 1593 2166 1630 :

602 1679 653 1722 te
687 1677 888 1733 autem,
925 1677 981 1721 nt
1025 1668 1114 1738 qui
1150 1681 1236 1731 ea,
1285 1682 1404 1737 qua:
1459 1681 1562 1721 non
1613 1667 1787 1733 decet,
1835 1667 2168 1736 permiseris.

599 1762 732 1828 Quia
759 1773 935 1816 autem
968 1761 1034 1826 is,
1067 1761 1155 1832 qui
1183 1761 1438 1824 ostendit,
1474 1774 1665 1814 rursus
1693 1759 1934 1824 abstulit,
1963 1769 2016 1813 et
2050 1768 2169 1813 tas-

2267 567 2490 637 ποιῆσαι
2509 565 2615 636 ῖτδν
2658 567 2857 618 οἰκεῖον
2898 565 3077 634 λόγον,
3113 563 3392 633 ἐπέγραψε
3432 562 3510 630 τῷ
3553 562 3848 632 γράμματι

2265 660 2327 712 τὸ
2356 659 2446 712 σὺν
2467 656 2659 726 ὄνομα.
2691 659 2900 722 Ὅστις,
2935 656 3234 728 ἐρωτηθεὶς
3279 657 3329 708 εί
3355 655 3604 724 θέμιτον,
3628 655 3770 724 ἦγον
3802 656 3850 704 εἰ

2269 750 2500 820 νόμιμον
2534 752 2564 820 ἢ
2593 751 2803 803 δίκαιόν
2835 750 2953 803 ἐστι
2981 751 3080 819 τὴν
3105 749 3342 819 ἀδελφὴν
3380 749 3479 816 τῆς
3509 747 3852 814 τελευτησάο

2271 859 2373 914 σης
2410 843 2547 906 ίδῐας
2569 845 2832 910 γυναικὸς
2872 844 3181 912 ἀγαγέσθαι
3227 844 3366 910 πρὸς
3407 842 3606 911 γάμον.
3639 843 3704 894 τὸ
3726 843 3855 893 dse-

2270 933 2368 996 σές
2410 933 2675 1004 ἐρώτημα
2698 933 2775 1003 τῷ
2811 935 3152 1004 ἐρωτήσαντι
3207 933 3687 1003 συγκατέπραξεν,
3730 934 3854 984 ἀντὶ

2267 1026 2387 1093 τοῦ,
2423 1027 2513 1080 διὰ
2549 1028 2610 1080 τὸ
2652 1026 2948 1097 ἐπιτρέψαι
2981 1026 3080 1097 τὴν
3134 1026 3450 1092 ἀσέλγειαν,
3484 1027 3740 1085 κάκεῖνος
3768 1024 3855 1074 δε.

2272 1122 2360 1173 κεῖ
2397 1119 2729 1188 κοινωνῆσαι
2761 1120 2856 1188 τῆς
2887 1118 3162 1188 πράξεως.
3206 1117 3269 1171 El
3359 1117 3458 1186 μὲν
3527 1113 3620 1170 οἷν
3682 1113 3852 1186 εἶχον,

2271 1211 2428 1280 φησὶ,
2459 1208 2519 1261 τὸ
2549 1210 2808 1280 γράμμα,
2843 1208 3072 1278 ἔπεμψα
3096 1209 3161 1262 ἀν
3195 1227 3278 1261 σοι
3310 1209 3465 1274 αὐτὸ,
3503 1211 3588 1261 καἶ
3632 1211 3854 1278 ἤμυνας

2272 1299 2339 1354 ἂν
2374 1299 2551 1369 ἐαυτῷ
2583 1301 2679 1353 καὶ
2716 1303 2782 1370 τῇ
2809 1300 3061 1372 ἀληθείᾳ,
3096 1300 3216 1370 ἦτοι
3266 1299 3574 1368 ἐδοήοησας
3636 1301 3732 1363 ἂν,
3780 1299 3855 1360 ὡς

2272 1392 2486 1461 ψευδῶς
2504 1393 2643 1462 τάχα
2663 1393 3069 1462 κατηγορηθεὶς
3111 1395 3289 1446 εἰπεῖν
3330 1393 3426 1445 καὶ
3478 1392 3694 1461 γράψαι
3728 1393 3856 1444 eos:

2279 1502 2432 1552 μιτα,
2474 1487 2610 1555 ὅπερ
2644 1486 2734 1537 καὶ
2759 1484 2851 1537 σοῦ
2889 1484 3228 1538 καθάπτεται
3260 1487 3354 1536 καὶ
3402 1485 3500 1552 τῆς
3544 1485 3812 1553 ἀληθείας
3841 1500 3852 1512 ·

2275 1576 2374 1645 τῆς
2407 1576 2508 1646 μὲν
2537 1576 2820 1646 ἀληθείας,
2849 1575 2925 1639 ὡς
2945 1575 3040 1628 τοῦ
3067 1576 3298 1643 ψεύδους
3331 1576 3549 1646 ἐκείνης
3580 1594 3858 1649 προτιμηο

2278 1666 2488 1730 θέντος,
2521 1666 2616 1719 σοῦ
2647 1669 2730 1733 δέ,
2783 1669 2857 1729 ὡς
2918 1667 3318 1737 ὲπιτρέξαντος
3403 1667 3439 1721 ὃ.
3505 1669 3581 1739 μὴ
3661 1671 3853 1739 ἐχρῆν.

2287 1758 2510 1829 Ἐπειδὴ
2536 1759 2595 1812 δὲ
2627 1759 2852 1823 ὀδείξας
2877 1761 3035 1812 πάλιν
3063 1762 3341 1828 ἀφείλετο,
3389 1762 3485 1814 καὶ
3537 1763 3733 1831 ὥσπερ

599 1870 760 1922 quam
797 1855 1009 1924 aliquod
1043 1853 1339 1923 trOphaeum
1370 1853 1628 1907 adversus
1673 1868 1774 1908 nos
1817 1851 2164 1907 circumtulit.

2274 1852 2539 1922 τρόπαιον
2577 1850 2698 1905 καθ’
2730 1851 2887 1921 ἡμῶν
2912 1853 3231 1921 περιέφερε.
3283 1853 3558 1922 Τρόπαιον
3612 1855 3672 1908 δέ
3741 1861 3855 1908 ἐστι

600 1943 694 1998 Est
730 1951 904 1998 autem
929 1944 1223 2010 trophaum
1261 1945 1476 2014 signum
1507 1945 1742 2013 aliquod,
1769 1945 1909 2014 quod
1941 1945 1992 1999 in
2023 1946 2164 2000 bello

600 2033 836 2088 vincenti
865 2031 1046 2098 datur,
1083 2044 1139 2088 ut
1170 2050 1233 2088 es
1268 2050 1331 2089 eo
1373 2037 1443 2090 sit
1474 2036 1817 2090 manifestum
1840 2076 1855 2102 ,
1891 2053 2009 2107 quae
2044 2053 2170 2108 pars

603 2124 912 2178 adversario
943 2124 1150 2179 vicerit.
1185 2125 1336 2180 Unde
1365 2143 1394 2179 a
1429 2127 1596 2180 versis
1627 2129 1896 2193 hostibus,
1922 2131 2051 2185 dum
2076 2132 2171 2185 ad-

603 2219 858 2272 versariis
892 2227 1038 2288 terga
1065 2216 1197 2272 dant
1240 2232 1332 2272 seu
1381 2227 1619 2284 vertunt,
1662 2221 1957 2291 tropbcum
1992 2225 2168 2278 nomi-

603 2319 785 2361 natum
812 2319 894 2362 est
924 2307 975 2379 (a
1009 2307 1172 2364 verbo
1198 2307 1387 2370 Greco
1413 2311 1620 2380 τρέπω,
1649 2313 1790 2380 quod
1821 2323 1974 2369 verto
2001 2316 2170 2384 signi-

602 2399 772 2468 ticat.)
804 2398 938 2466 Quia
987 2413 1119 2469 ergo
1161 2417 1265 2456 non
1316 2402 1486 2456 habeo
1535 2402 1767 2470 litteras,
1803 2419 1948 2460 nunc
1998 2407 2064 2459 ad
2115 2417 2167 2461 te

605 2491 818 2560 scripsi,
851 2501 909 2546 ut
937 2493 1333 2560 adgrediamur,
1367 2505 1426 2548 ut
1455 2494 1652 2564 duplici
1677 2510 1859 2560 manu,
1897 2507 1984 2552 tua
2019 2499 2170 2553 scili-

601 2591 684 2637 cet
708 2591 761 2636 et
785 2597 923 2647 mea,
943 2581 1336 2638 contendamus
1357 2582 1616 2640 adversus
1638 2585 1998 2641 adulterinam
2021 2589 2165 2642 illam

605 2672 903 2730 oratione‘ru
931 2673 1162 2730 alienam
1193 2683 1249 2731 et
1273 2675 1581 2744 conﬁctam,
1613 2687 1667 2731 et
1695 2677 1838 2734 vires
1867 2679 1914 2734 ei
1943 2696 2045 2734 non
2088 2698 2168 2734 rc-

603 2763 942 2833 linquamus;
976 2773 1035 2820 ut
1084 2780 1190 2820 non
1239 2766 1398 2823 facile
1439 2783 1530 2824 eos
1565 2770 1742 2839 lmdat,
1772 2771 1862 2842 qui
1912 2773 1964 2826 in
2021 2773 2164 2827 illam

607 2857 842 2914 incidunt
860 2870 910 2913 et
935 2861 1132 2930 legunt.

994 2997 1149 3070 ιω
1176 2997 1402 3053 canon
1451 2997 1782 3057 Lxxan.

805 3091 1043 3145 Primum
1094 3093 1313 3160 itaque,
1363 3092 1506 3162 quod
1581 3093 1634 3146 in
1685 3094 1952 3161 ejusmodi
2010 3093 2170 3148 rebus

2277 1944 2506 2014 σημεῖόν
2525 1961 2579 1997 τι
2616 1943 2696 2014 τῷ
2735 1947 3024 2015 νικήσαντι
3054 1947 3113 1998 ἐν
3160 1945 3382 2015 πολέμῳ
3423 1945 3728 2015 διδόμενον,
3793 1951 3855 1999 :~.‘

2276 2040 2362 2108 εἴη
2387 2039 2522 2110 δήλη
2553 2040 2820 2093 ἐκτούτου
2847 2043 2880 2110 ἡ
2900 2039 3145 2109 τρέψασα
3167 2043 3331 2110 μοῖρα
3361 2045 3490 2106 τοὺς
3513 2045 3812 2112 πολεμίους
3840 2063 3853 2078 ·

2276 2132 2401 2185 ὅθεν
2422 2133 2711 2202 ὼνόμασαι
2739 2134 3026 2203 τρόπαιον,
3056 2138 3120 2186 ἐκ
3159 2136 3252 2189 τοῦ
3310 2139 3520 2208 τροπὴν
3552 2140 3659 2192 τῶν
3701 2147 3856 2193 πολε-

2280 2224 2421 2298 μίων
2437 2225 2722 2292 γενέσθαι,
2752 2226 3074 2295 τρεψάντων
3097 2227 3168 2280 τὰ
3218 2228 3363 2284 νῶτα
3409 2233 3523 2290 τοῖς
3563 2235 3852 2297 ἐναντίοις.

2290 2313 2446 2367 Ἐπεὶ
2475 2312 2571 2367 οὖν
2593 2317 2830 2387 γράμμα
2847 2317 2946 2370 οὐκ
2971 2317 3101 2388 ιχω,
3143 2319 3440 2375 ἐπέστειλα
3466 2322 3563 2376 νῦν
3617 2340 3732 2385 σοι.
3769 2328 3853 2382 ἵνα

2277 2408 2622 2478 ἐπέλθωμεν,
2657 2411 2744 2462 ἵνα
2773 2409 3282 2482 ἀπαγωνισῶμεθα
3341 2415 3508 2486 διπλῇ
3573 2420 3639 2488 τῇ
3681 2425 3850 2488 χειρὶ,

2277 2503 2346 2571 τῇ
2372 2503 2481 2572 ἐμῇ
2507 2501 2713 2572 δηλαδὴ
2768 2503 2863 2555 καὶ
2895 2506 2960 2574 τῇ
2995 2507 3087 2575 σῇ,
3152 2505 3295 2558 κατά
3322 2505 3418 2559 τοῦ
3449 2509 3604 2563 νόθου
3635 2514 3850 2566 ἐκείνου

2277 2594 2438 2661 λόγον
2474 2593 2566 2646 τοῦ
2596 2595 2747 2661 ξένου
2779 2596 2874 2649 καὶ
2911 2596 3007 2651 τοῦ
3040 2597 3450 2686 πεπλασμένου,
3503 2605 3599 2657 καὶ
3628 2604 3706 2675 μὴ
3756 2609 3848 2662 ἐά-

2280 2704 2464 2758 σωμεν
2497 2688 2649 2757 αὐτῷ
2680 2688 2929 2757 δύναμιν,
2968 2692 3056 2744 ἵνα
3081 2692 3154 2761 μὴ
3179 2693 3416 2756 εὐκόλως
3470 2697 3685 2771 βλάπτῃ
3724 2707 3851 2767 soi»;

2278 2777 2706 2846 ἐντυγχάνοντας
2735 2778 2882 2849 αὺτῷ
2911 2780 3006 2832 καὶ
3047 2782 3538 2848 ἀναγινώσκοντας.

2861 3006 3098 3062 ΚΑΝΩΝ
3131 3009 3263 3060 ΠῐΡ.

2427 3093 2648 3164 Πρῶτον
2691 3095 2787 3164 μὲν
2821 3089 2932 3159 οὖν,
2969 3095 2996 3147 ὃ
3034 3095 3285 3165 μέγιστον
3311 3094 3403 3147 ἐπὶ
3431 3095 3538 3146 τῶν
3571 3094 3833 3147 τοιούτων

626 3181 918 3236 maximum
967 3188 1088 3244 est,
1133 3195 1338 3234 morem
1393 3190 1638 3235 nostrum
1692 3183 1930 3250 objicerc
1977 3197 2166 3250 possu-

2271 3184 2404 3245 ἐστι,
2427 3184 2487 3234 τὸ
2513 3184 2637 3252 παρ’
2662 3186 2792 3254 ἡμῖν
2825 3184 2962 3245 ἐθος,
2992 3185 3018 3236 ὃ
3063 3184 3254 3252 ἔχομεν
3303 3183 3639 3254 προϐάλλειν,
3667 3186 3836 3254 νόμον

624 3287 779 3334 mus,
835 3280 893 3326 ut
927 3271 1034 3324 vim
1082 3271 1214 3339 legis
1261 3270 1546 3324 habentem
1574 3308 1588 3333 ,
1631 3285 1694 3323 eo
1740 3269 1881 3338 quod
1948 3271 2103 3324 nobis
2142 3285 2168 3322 a

623 3364 752 3416 viris
790 3362 992 3416 sanctis
1031 3360 1240 3415 traditae
1282 3362 1390 3414 sint
1425 3363 1641 3430 regulm.
1695 3359 1808 3415 Mos
1847 3368 2024 3415 autem
2083 3362 2171 3414 ille

622 3461 704 3508 est
761 3452 1053 3521 ejusmodi,
1097 3459 1152 3504 ut
1211 3453 1253 3505 si
1316 3452 1438 3520 quis
1494 3452 1822 3520 impnritatis
1881 3452 2015 3505 vitio
2068 3453 2169 3504 ali-

622 3542 836 3613 quando
888 3543 1060 3598 victus
1092 3542 1142 3594 in
1191 3542 1429 3595 illicitam
1487 3542 1715 3595 duarum
1743 3556 1991 3595 sororum
2040 3555 2171 3596 con-

621 3633 947 3700 iunctionem
979 3631 1252 3698 inciderit,
1315 3648 1490 3700 neque
1541 3633 1594 3684 id
1625 3633 2026 3686 matrimonium
2062 3632 2172 3685 exi-

623 3725 869 3778 stimetur
902 3762 915 3787 ,
960 3737 1133 3792 neque
1183 3723 1403 3776 omnino
1454 3723 1508 3776 in
1550 3722 1805 3776 Ecclesiae
1849 3733 2044 3786 coetum
2077 3723 2169 3775 ad—

623 3811 907 3864 mittantur
935 3852 949 3874 ,
1006 3811 1320 3879 priusquam
1369 3823 1398 3861 a
1435 3825 1496 3863 se
1541 3809 1770 3864 invicem
1825 3811 2166 3863 diritnantur.

624 3900 803 3964 Quare
833 3899 1046 3955 etiamsi
1097 3900 1234 3953 nihil
1278 3899 1421 3953 aliud
1461 3899 1566 3952 dici
1599 3908 1816 3968 posset,
1865 3901 1998 3955 satis
2030 3908 2171 3954 esset

624 3991 743 4060 ipsa
817 3991 1151 4046 consuetudo
1208 3990 1273 4044 ad
1313 3991 1438 4044 boni
1490 3990 1817 4045 custodiam.
1873 3989 1978 4044 Sed
2046 3991 2170 4059 quia

624 4082 716 4153 qui
745 4081 884 4134 hanc
922 4080 1142 4150 scripsit
1179 4081 1483 4150 epistolam,
1517 4080 1819 4133 adulterino
1856 4089 2170 4149 argumento

625 4171 822 4225 malum
894 4179 1096 4223 tantum
1139 4180 1364 4225 conatus
1419 4179 1500 4224 est
1561 4171 1614 4224 in
1668 4185 1844 4224 mores
1892 4171 2167 4224 hominum

627 4262 899 4324 inducere,
964 4277 1180 4317 necesse
1230 4269 1349 4322 est,
1409 4271 1467 4314 ut
1532 4275 1630 4314 nec
1698 4261 2168 4314 ratiocinationum

627 4349 923 4406 subsidium
958 4352 1289 4414 omittamus,
1331 4364 1636 4418 quanquam
1669 4389 1682 4414 ,
1714 4350 1768 4403 in
1825 4350 1987 4404 rebus
2020 4351 2169 4404 valde

627 4441 952 4509 conspicuis,
992 4440 1455 4508 argumentatione
1489 4439 1661 4508 potior
1687 4447 1769 4492 est
1813 4440 2162 4508 uniuscujus-

626 4551 728 4604 que
753 4534 1029 4603 praenotio.

808 4624 1080 4691 Scriptum
1126 4629 1226 4681 est,
1289 4620 1483 4688 inquit,
1536 4621 1588 4673 in
1619 4619 1898 4674 Levitico:
1938 4619 2164 4675 Uxorem
2194 4623 2232 4676 D

625 4729 774 4781 super
813 4728 990 4764 sorore
1049 4711 1159 4777 ejus
1207 4725 1312 4762 non
1361 4711 1577 4778 accipies
1624 4709 1865 4763 aemulam
1897 4751 1910 4773 ,
1957 4712 2024 4763 ad
2080 4730 2163 4766 re-

625 4803 892 4857 uelandam
953 4799 1322 4868 turpitudinem
1379 4799 1488 4868 ejus
1563 4814 1715 4867 super
1771 4816 1884 4852 eam
1917 4841 1930 4864 ,
1999 4802 2165 4856 adhuc

628 4895 816 4946 vivente
865 4909 922 4944 ca
976 4890 1013 4941 '.
1075 4889 1202 4944 lude
1245 4890 1409 4959 igitur
1478 4888 1821 4943 manifestum
1866 4905 1984 4945 esse
2037 4891 2166 4944 dicit

629 4990 852 5037 mortuae
885 4995 1125 5036 sororem
1167 4981 1404 5048 accipere
1454 4980 1635 5034 licere.
1685 4980 1762 5033 Ad
1795 4980 1895 5033 hoc
1934 4981 2162 5050 primum

627 5073 842 5141 quidem
892 5071 1088 5134 dicam,
1130 5084 1464 5139 quaecunque
1516 5069 1600 5122 lex
1634 5067 1787 5131 dicit,
1851 5069 1915 5122 iis
1965 5072 2063 5139 qui
2111 5072 2164 5123 in

628 5165 738 5232 lege
774 5169 898 5215 sunt
946 5161 1123 5214 dicere
1156 5177 1169 5224 ;
1213 5160 1412 5228 alioqui
1463 5159 1540 5214 sic
1575 5167 1627 5212 et
1675 5159 2076 5214 circumeisioni
2114 5169 2165 5214 et

627 5250 860 5305 Sabbato
893 5257 945 5305 et
1002 5249 1338 5304 abstinentia:
1374 5249 1614 5302 ciborum
1648 5246 2011 5315 subjiciemur.
2063 5248 2167 5302 Ne-

627 5357 726 5411 que
757 5342 897 5395 enim
945 5339 989 5393 si
1028 5340 1157 5408 quid
1215 5339 1553 5394 inveniamus
1606 5339 1910 5408 appositum
1965 5343 2165 5395 nostris

628 5430 1004 5498 voluptatibus,
1053 5429 1184 5498 jugo
1229 5429 1501 5483 servitutis
1536 5428 1667 5497 legis
1698 5443 1795 5482 nos
1849 5429 1950 5496 ipsi
1999 5431 2166 5496 subji-

627 5521 830 5572 ciemus
857 5533 868 5568 :
899 5520 942 5570 si
989 5518 1116 5587 quid
1167 5524 1348 5571 autem
1388 5517 1560 5571 visum
1595 5517 1756 5571 fuerit
1795 5533 1954 5587 grave
1989 5519 2042 5572 in
2094 5521 2165 5572 le-

626 5610 851 5678 galibus,
889 5613 1016 5660 tunc
1043 5607 1111 5661 ad
1142 5607 1443 5662 libertatem
1466 5646 1481 5672 ,
1708 5623 1828 5676 qua:
1859 5609 1914 5661 in
1945 5607 2163 5662 Christo

624 5707 725 5761 est,
756 5697 1148 5767 confugiemus.
1191 5693 1510 5766 Interrogati
1560 5710 1746 5750 sumus
1789 5710 1852 5747 an
1907 5696 2163 5762 scriptum

623 5791 710 5853 sit,
765 5797 820 5842 ut
872 5788 1172 5858 accipiatur
1223 5801 1360 5840 uxor
1408 5793 1528 5856 post
1572 5785 1742 5854 ipsius
1777 5800 2036 5841 sororem.
2077 5783 2164 5838 Di-

725 5903 738 5932 ι
773 5897 944 5955 Levii.
983 5909 1136 5956 xvur,
1178 5889 1258 5946 l8.

2270 3271 2490 3342 δύναμιν
2519 3273 2660 3342 ἕχον,
2694 3274 2780 3325 διὰ
2816 3275 2877 3326 τὸ
2901 3275 2987 3341 ὑφ’
3021 3275 3189 3341 άγξων
3216 3273 3423 3342 ἀνδρῶν
3457 3275 3578 3334 τοὺς
3600 3274 3837 3342 θεσμοὺς

2272 3363 2398 3430 ἡμῖν
2465 3363 2847 3432 παραδοθῆναι.
2905 3363 3071 3415 Τοῦτο
3114 3364 3168 3415 δὲ
3219 3362 3456 3414 τοιοῦτόν
3515 3365 3691 3415 ἐστιν·
3743 3367 3836 3417 ἐάν

2270 3469 2369 3515 τις,
2402 3452 2560 3506 πάθει
2595 3454 2929 3524 ἀκαθαρσίας
2959 3455 3085 3506 ποτέ
3117 3453 3424 3524 κρατηθεὶς,
3457 3455 3661 3523 ἐκπέσῃ
3694 3456 3836 3524 πρὶς

2268 3541 2408 3594 δυεῖν
2436 3542 2676 3609 ἀδελφῶν
2699 3541 2931 3613 ἄθεσμον
2955 3543 3262 3605 κοινωνίαν,
3301 3545 3439 3612 μήτε
3484 3546 3659 3612 γάμον
3685 3547 3838 3615 ἡγεῖ-

2273 3629 2392 3682 σθαι
2417 3629 2602 3682 τοῦτον
2634 3671 2648 3695 ,
2770 3629 2896 3700 μηθ’
2917 3630 3050 3692 ὅλως
3089 3633 3165 3693 είς
3209 3629 3531 3699 Ἐκκλησίας
3563 3629 3837 3699 πλήρωμα

2271 3718 2666 3788 παραδέχεσθαι
2717 3721 2996 3790 πρότερον,
3032 3721 3063 3789 ἢ
3101 3719 3345 3772 διαλῦσαι
3383 3721 3578 3783 αὐτοὺς
3613 3723 3703 3773 ἀπ’
3738 3723 3835 3775 ἀλ-

2269 3807 2461 3877 λήλων.
2495 3810 2657 3861 Ὥστε
2681 3812 2728 3861 εί
2753 3811 2845 3862 καὶ
2882 3809 3044 3879 μηδὲν
3079 3810 3260 3879 ἕτερον
3290 3810 3460 3861 εἰπεῖν
3492 3807 3580 3880 ἦν,
3611 3812 3832 3880 ἐξήρκει

2269 3900 2327 3950 τὸ
2357 3899 2474 3962 ἔθος
2518 3900 2649 3970 πρὸς
2682 3901 2777 3970 τὴν
2817 3901 2906 3952 τοῦ
2939 3900 3100 3951 καλοῦ
3234 3900 3498 3970 φυλακήν.
3537 3902 3750 3970 Ἐπειδὴ
3779 3903 3832 3952 δὲ

2270 3989 2298 4039 ὁ
2358 3988 2455 4056 τὴν
2506 3990 2789 4058 ἐπιστολὴν
2853 3989 3086 4058 γράψας,
3149 3991 3528 4058 ἐπιχειρήματι
3595 3990 3831 4057 κιῦδὴὶῳ

2271 4081 2434 4133 κακὸν
2464 4081 2709 4134 τοσοῦτον
2743 4082 3003 4150 ἐπειράθη
3027 4081 3103 4149 τῷ
3135 4081 3230 4150 βίῳ
3262 4083 3580 4148 ἐπαγαγεῖν,
3610 4081 3823 4146 ἀνάγκη

2273 4172 2403 4240 μηδὲ
2431 4175 2576 4241 ἡμᾶς
2608 4171 2705 4241 τῆς
2743 4173 2804 4226 ἐκ
2835 4172 2939 4224 τῶν
2981 4172 3248 4241 λογισμῶν
3279 4171 3528 4240 βοηθείας
3560 4171 3823 4238 ὑφέσθαι·

2269 4259 2439 4311 καίτοι
2470 4277 2532 4326 γε
2564 4261 2654 4312 ἐττί
2701 4261 2808 4312 τῶν
2855 4260 3056 4328 σφόδρα
3083 4261 3323 4327 ἐναργῶν
3355 4259 3554 4328 μείζων
3587 4261 3708 4311 ἐστὶ
3735 4260 3822 4311 τοῦ

2269 4347 2420 4415 λόγου
2452 4352 2481 4417 ὴ
2516 4351 2640 4420 παρ’
2681 4351 2906 4402 ἑκάστου
3049 4350 3334 4421 πρόληᾲις.

2412 4618 2740 4688 Γέγραπται,
2798 4619 2978 4689 φησιν,
3023 4621 3078 4672 ἐν
3117 4620 3194 4690 τῷ
3239 4621 3524 4691 Λευῖτικῷ’
3551 4623 3816 4676 Γυναῖκα

2263 4707 2352 4760 ἐπ’
2410 4707 2641 4776 ἀδελφῇ
2683 4709 2870 4776 αὐτῆς
2912 4711 2981 4761 οὐ
3007 4709 3178 4776 λήψῃ
3218 4710 3534 4777 ἀντίζηλον
3559 4752 3571 4775 ,
3599 4713 3816 4768 ἀκοκα-

2264 4799 2450 4865 neum
2465 4796 2574 4862 τὴν
2588 4798 3018 4865 ἀσχιυιοσύνην
3031 4798 3218 4864 αὐτῆς
3233 4798 3322 4850 ἐπ’
3338 4803 3446 4852 αὐτ
3457 4799 3508 4866 ᾖ,
3528 4801 3608 4852 ἔτι
3628 4800 3816 4868 ﬁlia-nr;

2265 4885 2466 4952 αὐτῆς.
2500 4887 2662 4955 Δῆλον
2689 4887 2752 4956 δὴ
2785 4884 2874 4941 οὖν
2893 4889 2954 4940 ἐκ
2976 4877 3162 4940 τούτου
3195 4882 3333 4941 εἶναί
3364 4907 3543 4958 φησιν,
3575 4895 3656 4942 ὅτι
3693 4909 3816 4958 συγ-

2267 4977 2517 5044 χωρεῖται
2559 4975 2852 5044 λαμϐάνειν
2905 4977 3319 5046 τελευτησάσης.
3376 4979 3516 5047 Πρὸς
3557 4979 3616 5047 δὴ
3660 4981 3816 5032 τοῦτο

2269 5065 2476 5132 πρῶτον
2515 5065 2609 5134 μὲν
2649 5068 2821 5118 ἐκεῖνο
2881 5066 3020 5136 ἐρῶ⁹
3073 5069 3176 5129 ὃτι,
3229 5069 3326 5119 ὅσα
3375 5069 3402 5118 ὁ
3437 5068 3594 5136 νόμος
3640 5069 3812 5138 λέγει,

2265 5155 2374 5215 τοῖς
2392 5156 2446 5205 ἐν
2464 5154 2538 5222 τῷ
2564 5155 2709 5224 νόμῳ
2736 5155 2886 5208 λαλεί
2918 5168 2935 5184 ⁶
3039 5157 3157 5208 ἐπεὶ
3178 5157 3316 5209 οὕτω
3338 5173 3399 5223 γε
3414 5158 3507 5208 καὶ
3522 5164 3812 5227 περιτομῇ,

2267 5245 2356 5294 καὶ
2405 5244 2678 5314 Σαϐϐάτῳ,
2731 5245 2821 5297 καὶ
2855 5248 3028 5316 ἀποχῇ
3075 5246 3371 5316 βρωμάτων
3399 5247 3810 5316 ὑποκεισόμεθα.

2267 5336 2339 5387 Οὐ
2364 5336 2468 5404 γὰρ
2491 5335 2572 5405 δὴ,
2601 5335 2692 5388 ἐὰν
2727 5336 2822 5406 μέν
2846 5354 2895 5388 τι
2929 5336 3171 5406 εὕρωμεν
3206 5337 3491 5407 συντρέχον
3514 5337 3671 5406 ημῶν
3697 5342 3812 5401 ταῖς

2264 5424 2496 5493 ἡδοναῖς,
2556 5424 2632 5494 τῷ
2665 5425 2810 5493 ζυγῷ
2840 5426 2936 5493 τῆς
2976 5425 3212 5488 δουλείας
3246 5425 3338 5476 τοῦ
3389 5426 3551 5494 νόμου
3584 5426 3812 5488 ἑαυτοὺς

2267 5513 2630 5584 ὑποθήσομενο
2687 5516 2780 5567 ἐάν
2822 5515 2878 5566 δέ
2931 5532 2981 5566 τι
3031 5517 3169 5584 φανῇ
3215 5515 3351 5584 βαρὺ
3393 5514 3501 5568 τῶν
3542 5515 3808 5583 νομίμων,

2265 5606 2381 5656 τότε
2440 5607 2572 5674 πρὸς
2623 5605 2719 5675 τὴν
2763 5607 2819 5657 ἐν
2879 5603 3095 5675 Χριστῷ
3137 5605 3443 5673 ἐλευθερίαν
3481 5606 3812 5674 ἀποδραμοᾲ

2271 5693 2427 5763 μεθα.
2501 5695 2882 5764 Ἡρωτήθημεν
3062 5698 3108 5747 εί
3163 5695 3467 5763 γέγραπται
3518 5693 3810 5764 λαμϐάνειν

2267 5789 2495 5854 γυναῖκα
2551 5789 2632 5838 ἐπ’
2682 5788 2898 5857 ἀδελφῇ.
2934 5788 3192 5858 Εῐπομεν,
3232 5787 3365 5857 ὅπερ
3414 5785 3641 5855 ἀσφαλὲς
3680 5789 3807 5857 ἡμῖν
