3946 6342
253 364 362 430 813

1130 370 1213 436 ΙΝ
1253 376 1493 438 ΕΡΙὸΤ.
1531 377 1571 436 S
1638 378 1920 438 BASlLll
1963 378 2062 437 AD
2099 372 2528 442 DIODORUM.

3341 369 3447 442 814

251 487 351 539 καὶ
373 487 586 557 ἀληθὲς,
615 488 692 543 ὅτι
725 489 783 541 ού
807 490 1128 561 γέγραπται.
1156 495 1230 547 Τὸ
1254 496 1296 547 δ’
1319 498 1381 548 ὲκ
1411 499 1507 565 τῆς
1551 495 1642 548 τοῦ
1670 497 1778 548 ἀκο·

1900 495 2098 555 cimus,
2131 495 2274 563 quod
2311 505 2482 549 tutum
2517 495 2667 548 nobis
2702 504 2784 549 est
2815 502 2868 547 et
2909 508 3116 559 verum,
3165 494 3266 548 hoc
3311 499 3446 548 scri-

252 573 442 628 λούθου
488 578 767 648 ἐπιφορᾶς,
816 579 874 631 τὸ
913 582 1183 651 σιωπηθὲν
1226 584 1623 650 συλλογίζεσθαι
1651 602 1796 654 νομο-

250 665 531 729 θετοῦντός
557 668 721 733 ἐστιν,
744 669 803 720 οὐ
824 671 891 722 τὰ
911 671 1002 722 τοῦ
1028 673 1187 742 νόμου
1212 673 1455 741 λέγοντος
1479 691 1490 704 ”
1520 676 1639 727 ἐπεὶ
1659 675 1797 727 οὕτω

252 768 316 820 γε
375 755 582 820 ἐξέσται
633 757 1054 830 τῷ,βουλομένῳ
1109 764 1510 834 κατατολμῆσαι
1561 765 1652 817 καὶ
1718 764 1796 818 ἔτι

251 841 432 912 ζώσης
451 845 548 913 τῆς
574 848 822 912 γυναικὸς
851 848 1140 917 λαμϐάνειν
1172 852 1268 920 τὴν
1303 853 1550 922 ἀδελφήν.
1586 854 1657 906 Τὸ
1691 853 1798 924 γὰρ

249 932 386 984 αὐτὸ
421 934 573 986 τοῦτο
627 937 858 1005 σόφισμα
919 939 1011 990 καὶ
1053 941 1138 992 ἐπ’
1175 942 1380 994 ἐκείνου
1431 945 1676 1013 ἁρμόζει.
1705 944 1798 996 Γέ-

248 1025 647 1094 γραπταιργάρ,
686 1028 863 1095 φησὶν,
904 1031 983 1081 Οὐ
1034 1028 1199 1097 λήψῃ
1243 1031 1576 1097 ἁντίζηλον,
1603 1029 1676 1094 ὡς
1700 1034 1798 1102 τήν

247 1124 315 1177 γε
341 1110 445 1174 ἔξω
496 1114 588 1164 τοῦ
622 1115 779 1182 ζήλου
817 1117 995 1170 λαϐεῖν
1024 1120 1122 1171 οὐκ
1167 1119 1452 1175 ἐκώλυσεν.
1499 1123 1554 1174 '0
1583 1123 1646 1192 δὴ
1677 1140 1798 1176 συν-

246 1202 465 1271 ηγορῶν
521 1204 596 1272 τῷ
654 1206 810 1258 πάθει
864 1208 1196 1276 ἀζηλότυπον
1245 1206 1381 1262 εἶναι
1430 1211 1704 1282 διοριεῖται
1739 1214 1799 1266 τὸ

241 1287 379 1370 ἦθος
430 1293 535 1344 τῶν
582 1295 841 1363 ἀδελφῶν.
898 1292 1263 1369 Ἀνηρημένης
1317 1296 1408 1353 οὖν
1449 1302 1548 1370 τῆς
1599 1303 1798 1365 αίτίας,

241 1366 312 1432 δι’
348 1383 412 1451 ἢν
439 1385 779 1454 ἀπηγόρευσε
813 1387 908 1456 τὴν
943 1389 1260 1459 ἀμφοτέρων
1303 1391 1629 1461 συνοίκησιν,
1661 1392 1712 1444 τί
1739 1392 1799 1444 τὸ

244 1470 452 1522 κωλύον
487 1472 634 1525 ἔσται
775 1475 1067 1545 λαμϐάνειν
1116 1477 1213 1540 τὰς
1257 1475 1515 1547 ἀδελφάςς
1557 1479 1694 1533 Ἀλλ’
1737 1480 1797 1532 οὐ

237 1561 548 1629 γέγραπται
595 1563 782 1628 ταῦτα,
815 1568 1075 1635 φήσομεν.
1135 1567 1268 1619 Ἀλλ’
1316 1568 1433 1620 οὐδὲ
1462 1568 1642 1621 ἐκεῖνα
1667 1568 1798 1638 ὥρι-

246 1651 389 1701 σται.
443 1651 503 1702 Ἢ
537 1651 590 1703 δὲ
647 1652 820 1705 ἔννοια
877 1655 970 1708 τοῦ
1014 1654 1302 1708 ἀκολούθου
1338 1656 1536 1726 ὁμοίως
1561 1656 1798 1726 ἀμφοτέ-

245 1752 372 1807 ραις
499 1739 595 1808 τὴν
621 1740 802 1793 ἄδειαν
823 1743 1051 1798 δίδωσιν.
1077 1743 1218 1796 Ἔδει
1251 1743 1326 1807 δὲ,
1361 1744 1454 1796 καὶ
1637 1742 1796 1813 μικὸν

1897 591 2046 650 ptum
2083 599 2190 637 non
2220 601 2362 639 esse.
2411 584 2565 650 Quod
2615 593 2791 638 autem
2844 586 3056 638 silentio
3113 585 3437 653 praetermis-

1897 685 2015 725 sum
2053 680 2156 735 est,
2207 672 2258 725 id
2293 674 2811 742 per-consecutionis
2839 675 3130 728 illationem
3171 673 3444 742 colligere,

1897 761 2221 828 legislatoris
2248 771 2351 824 est,
2386 779 2491 817 non
2516 766 2679 833 legem
2713 765 3010 828 recitantis;
3049 763 3313 830 siquidem
3346 763 3446 816 hoc

1897 856 2054 919 pacto
2084 844 2268 905 licebit
2315 852 2513 905 volenti
2557 852 2764 905 facinus
2803 851 3040 920 aggredi,
3075 853 3235 904 etiam
3270 852 3445 905 adhuc

1896 941 2126 993 viventis
2179 942 2364 994 uxoris
2432 941 2677 1011 accipere
2731 957 2994 996 sororem.
3076 942 3207 995 Nam
3271 944 3446 1011 ipsum

1899 1027 2026 1082 .llud
2067 1030 2341 1098 sophisma
2376 1030 2539 1083 etiam
2588 1031 2652 1084 ad
2686 1043 2804 1086 eam
2846 1047 2957 1086 rem
2995 1034 3298 1101 appositum
3335 1041 3438 1086 est.

1899 1118 2171 1188 Scriptum
2216 1128 2299 1173 est
2333 1159 2346 1182 ,
2412 1120 2586 1190 inquit
2622 1161 2636 1182 ,
2704 1120 2827 1174 Non
2872 1123 3091 1190 accipies
3153 1124 3396 1176 wnmlam
3425 1137 3444 1175 :

1899 1209 2123 1275 proinde
2170 1207 2342 1276 accipi
2389 1223 2504 1262 eam
2551 1219 2702 1263 extra
2746 1211 3143 1266 aemulationem
3174 1227 3280 1265 non
3317 1226 3445 1279 pro-

1897 1295 2090 1348 hibuit.
2140 1294 2240 1359 Qui
2282 1303 2458 1351 autem
2514 1297 2719 1351 libidini
2763 1299 3211 1368 patrocinabitur,
3277 1316 3446 1356 aemu-

1898 1382 2119 1438 lationis
2153 1393 2425 1453 expertem
2467 1401 2587 1441 esse
2635 1388 2920 1440 albrmabit
2973 1387 3211 1443 indolem
3282 1405 3440 1445 soro-

1895 1487 2036 1527 rum.
2088 1472 2264 1538 Quare
2306 1475 2516 1528 sublata
2567 1492 2768 1540 causa,
2817 1478 2885 1532 ob
2944 1494 3105 1548 quam
3163 1480 3447 1534 ambarum

1897 1563 2226 1616 connubium
2285 1565 2604 1633 prohibuit,
2663 1569 2790 1637 quid
2845 1570 3100 1638 impediet
3156 1572 3446 1638 quominus

1897 1665 2114 1707 sorores
2164 1655 2542 1722 accipiantur?
2605 1656 2708 1711 Sed
2739 1659 2850 1713 hrec
2879 1660 3082 1727 scripta
3116 1676 3220 1714 non
3269 1675 3396 1717 sunt
3428 1705 3443 1728 ,

1897 1740 2124 1796 aiemus.
2197 1742 2299 1796 Sed
2354 1760 2526 1812 neque
2582 1745 2670 1799 illa
2728 1755 2928 1802 statuta
2983 1759 3128 1803 sunt.
3165 1749 3446 1806 Consecu-

239 1826 338 1880 ἐπὶ
393 1827 458 1878 τὰ
509 1829 735 1882 κατόπιν
793 1831 890 1899 τῆς
945 1831 1260 1901 νομοθεσίας
1312 1832 1759 1902 ἑπαναδραμόντα

1895 1828 2058 1884 tionis
2088 1837 2267 1883 autem
2327 1831 2678 1902 intelligentia
2709 1837 2910 1904 pariter
2967 1838 3231 1894 ambabus
3281 1839 3448 1896 licen-

239 1916 586 1985 ἀπηλλάχθαι
636 1921 990 1989 πραγμάτων.
1057 1919 1236 1973 Ἔοικε
1291 1921 1398 1991 γὰρ
1437 1922 1495 1973 ού
1525 1923 1630 1974 πᾶν
1656 1918 1792 1984 εἶδος

231 2003 650 2074 ἁμαρτημάτων
715 2009 1130 2078 περιλαμϐάνειν
1202 2010 1230 2060 ὁ
1303 2010 1624 2079 νομοθέτης’
1679 2010 1791 2063 ἀλλ’

238 2091 391 2154 ἰδίως
423 2094 779 2164 ἀπαγορεύειν
809 2096 874 2148 τὰ
925 2097 1031 2149 τῶν
1075 2097 1405 2164 Αἰγυπτίων,
1436 2099 1556 2152 ὅθεν
1584 2099 1792 2169 ἀπῆρεν

234 2183 271 2232 ’ό
318 2181 552 2252 Ἰσραὴλ,
584 2185 776 2236 καὶτὰ
821 2184 927 2238 τῶν
964 2185 1300 2251 Χαναναίων,
1335 2185 1467 2255 πρὸς
1520 2184 1612 2248 οὓς
1663 2186 1792 2254 μεθ-

235 2271 475 2326 ίσταται.
509 2276 657 2343 Ἔχει
711 2276 816 2344 γὰρ
848 2277 1016 2339 οὕτως
1045 2279 1076 2346 ἡ
1102 2276 1243 2340 λέξις
1267 2293 1282 2308 ·
1312 2277 1470 2332 Κατὰ
1500 2276 1571 2329 τὰ
1597 2277 1792 2342 extm-

233 2359 499 2428 δεύμιιτα
545 2363 648 2429 τῆς
675 2366 995 2434 Αίγύπτιον,
1055 2367 1123 2419 ἐν
1168 2365 1208 2434 ᾖ
1269 2364 1660 2433 παρῳκήσατε
1697 2365 1789 2418 ἐπ’

232 2449 540 2515 αὑτῆς,οὐ
586 2452 892 2517 ποιήσετε·
942 2454 1038 2507 καὶ
1082 2455 1228 2508 κατὰ
1267 2454 1339 2508 τὰ
1363 2453 1790 2522 ἐπιτηδεύματα

236 2537 352 2606 γῆς
401 2541 656 2604 Χαναὰν,
690 2545 780 2607 εἰς
823 2541 900 2609 ῆν
940 2543 1054 2610 ἐγὼ
1091 2542 1308 2606 είσάξω
1352 2542 1506 2610 ὑμᾶς
1544 2543 1684 2607 ἐκεῖ,
1717 2544 1787 2595 οὐ

233 2628 535 2690 ποιήσετε,
595 2631 688 2682 καί
722 2632 790 2683 ἐν
833 2631 955 2695 τοῖς
1007 2633 1276 2700 νομίμοις
1476 2631 1669 2685 αὐτῶν
1716 2633 1787 2684 οὐ

234 2717 624 2781 πορεύσεσθε.
663 2718 822 2768 Ὥστε
880 2717 1037 2770 τοῦτο
1092 2720 1235 2782 εἰκός
1277 2736 1380 2771 που
1562 2719 1622 2771 τδ
1652 2715 1788 2782 εἶδος

230 2806 334 2874 τῆς
390 2807 656 2876 ἁμαρτίας
711 2808 783 2876 μὴ
841 2809 1281 2877 ἐμπολιτεύεσθαι
1337 2810 1454 2863 τότε
1492 2811 1637 2879 παρὰ
1677 2813 1787 2872 τοῖς

229 2895 442 2947 ἔθνεσι’
475 2897 551 2948 διὸ
587 2898 719 2966 μηδὲ
772 2899 869 2967 τῆς
922 2902 1005 2950 ἐπ’
1041 2900 1184 2968 αὑτῷ
1233 2898 1471 2968 φυλακῆς
1515 2900 1787 2969 προσδεη-

225 2982 390 3052 θῆναι
435 2984 523 3036 τὸν
568 2987 876 3056 νομοθέτην,
908 2988 1019 3040 ἀλλ’
1056 2988 1385 3057 ἀρκεσθῆναι
1414 2989 1489 3057 τῷ
1523 2989 1784 3057 ἀδιδάκτῳ

226 3070 342 3122 εθει
394 3076 524 3142 πρὸς
582 3075 678 3143 τὴν
723 3075 814 3126 τοῦ
855 3076 1053 3145 μύσους
1096 3076 1365 3146 διαὸολήν.
1426 3078 1549 3140 Πῶς
1588 3073 1781 3142 οὗν,τὸ

227 3162 418 3228 μεῖζον
479 3165 878 3233 ἀπαγορεύσας,
911 3165 969 3217 τὸ
1024 3165 1236 3218 ἔλαττον
1285 3165 1613 3233 ὲσιώπησενς
1660 3167 1776 3219 ’Ότι

225 3249 405 3302 ἐδόκει
435 3252 660 3315 πολλοὺς
691 3255 798 3307 τῶν
831 3255 1191 3325 φιλοσάρκων,
1226 3257 1359 3325 πρὸς
1390 3257 1449 3307 τὸ
1476 3257 1554 3309 ἔτι
1581 3256 1777 3320 ζώσαις

221 3339 481 3407 ἀδελφαῖς
542 3347 841 3405 συνοικεῖν,
911 3346 970 3396 τὸ
1024 3346 1322 3414 ὑπόδειγμα
1385 3346 1636 3415 βλάπτειν
1684 3347 1775 3400 τοῦ

227 3431 584 3499 πατριάρχου.
629 3433 802 3501 Ἦμᾶς
853 3433 906 3485 δὲ
956 3434 1008 3485 τί
1050 3437 1152 3506 χρὴ
1192 3439 1395 3501 ποιεῖν;
1433 3437 1510 3489 Τὰ
1537 3454 1776 3508 γεγραμ-

226 3519 370 3586 μένα
413 3520 665 3593 λέγειν,ἢ
706 3524 771 3576 τὰ
823 3525 1156 3594 σιωπηθέντα
1215 3527 1772 3597 προσεξεργάζεσθαι;

225 3609 434 3660 Αὐτίκα
457 3611 515 3662 τὸ
551 3613 622 3681 μὴ
667 3613 773 3665 δεῖν
823 3616 921 3684 pta
968 3616 1156 3686 ἑταίρᾳ
1207 3617 1501 3687 κεχρῆσθαι
1568 3620 1776 3690 πατέρα

226 3698 322 3749 καὶ
387 3701 496 3751 υἱὸν
548 3704 604 3754 ἐν
635 3702 734 3764 μὲν
760 3707 870 3766 τοῖς
893 3704 1074 3774 νόμοις
1101 3705 1308 3768 τούτοις
1351 3707 1410 3758 οὐ
1449 3707 1769 3785 γέγραπται,

228 3787 382 3856 παρὰ
407 3789 461 3840 δὲ
486 3789 560 3857 τῷ
592 3792 849 3861 Προφήτη
885 3795 1144 3864 μεγίστης
1177 3797 1504 3866 κατηγορίας
1531 3799 1768 3866 ἠξίωται.

234 3877 369 3938 Υἱὸς
395 3878 520 3945 γὰρ,
571 3881 720 3948 φησι,
767 3881 862 3933 καὶ
899 3882 1090 3948 πατὴρ
1115 3882 1261 3950 πρὸς
1293 3884 1405 3951 τὴν
1431 3887 1622 3952 αὐτὴν
1648 3901 1773 3940 παις

225 3965 449 4030 δίσκην
473 3970 939 4037 εἰσεπορεύοντο.
960 3972 1104 4026 Πόσα
1123 3974 1176 4026 δὲ
1197 3976 1308 4044 είδη
1338 3975 1468 4029 ἀλλα
1505 3977 1612 4029 τῶν
1639 3977 1772 4030 ἀκα-

222 4053 439 4124 θάρτων
505 4059 688 4111 παθῶν
737 4061 796 4112 τὸ
851 4063 946 4131 μὲν
978 4063 1080 4116 τῶν
1109 4065 1371 4134 δαιμόνων
1412 4067 1769 4120 διδασκαλεῖον

227 4144 464 4213 ἐξεῦρεν,
497 4149 527 4216 η
569 4148 649 4218 δὲγ
679 4150 796 4203 θεία
833 4152 1018 4223 Γραφὴ
1076 4153 1440 4224 ἀπεσιώπησε,
1479 4157 1539 4209 τὸ
1579 4158 1769 4226 σεμνὸν

225 4234 422 4302 ἑαυτῆς
443 4241 558 4299 ταῖς
592 4239 696 4290 τῶν
726 4242 960 4310 αἰσχρῶν
987 4243 1296 4312 ὀνομασίαις
1322 4247 1769 4315 καταρρυπαίνειν

221 4325 324 4391 οὐχ
362 4326 671 4396 αἱρουμένη,
721 4328 852 4382 ἀλλά
883 4335 1111 4397 γενικοῖς
1150 4333 1368 4402 ὀνόμασι
1400 4335 1496 4398 τὰς
1523 4338 1764 4408 ἀκαθαρ-

227 4411 348 4471 cia;
398 4412 657 4466 διέϐαλενῑ
705 4416 787 4477 Ὠς
818 4417 909 4468 καὶ
950 4419 976 4469 ὁ
1021 4419 1307 4483 ἀπόστολος
1350 4423 1557 4485 Παῦλός
1595 4443 1759 4495 φησι·’

223 4500 474 4564 Πορνεία
493 4502 557 4552 δὲ
584 4503 676 4554 καὶ
707 4506 1036 4572 ἀκαθαρσία
1048 4508 1212 4563 πᾶσα
1234 4511 1384 4578 μηδὲ
1400 4513 1761 4581 ὀνομαζέσθω

223 4585 294 4634 ἐν
327 4586 482 4652 ὑμῖν,
507 4589 692 4654 καθὼς
725 4591 923 4657 πρέπει
966 4593 1151 4661 ἁγίοις
1171 4611 1184 4626 ο
1218 4596 1293 4666 τῷ
1315 4599 1408 4666 τῆς
1434 4600 1761 4670 ἀκαθαρσίας

222 4671 439 4740 ὀνόματι
497 4678 591 4739 τάς
642 4695 696 4729 τε
725 4681 1096 4749 τῶνάῤῥένων
1129 4686 1509 4755 ἀρρητοποιίας
1537 4691 1628 4741 καὶ
1664 4690 1761 4753 τὰς

219 4765 328 4816 τῶν
349 4764 567 4832 θηλειῶν
590 4767 1182 4837 περιλαμϐάνων.Ὤστε
1208 4775 1264 4826 οὐ
1297 4777 1504 4840 πάντως
1527 4779 1559 4848 ἡ
1585 4783 1758 4851 σιωπὴ

219 4853 400 4908 ἄδειαν
430 4858 577 4926 φέρει
612 4861 719 4920 τοῖς
758 4861 1070 4929 φιληδόνοις.

368 5022 507 5089 Ἐγὼ
528 5024 582 5076 δὲ
597 5022 714 5078 οὐδὲ
743 5024 1104 5096 σεσιωπῆσθαι
1129 5029 1188 5082 τὺ
1227 5031 1388 5100 μέρος
1419 5034 1569 5087 τοῦτό
1596 5054 1755 5108 φημι,

218 5113 352 5165 ἀλλὰ
386 5114 474 5166 καὶ
523 5115 659 5167 πάνυ
691 5116 928 5185 σφοδρῶς
961 5119 1382 5188 ἀηγορευκέναι
1418 5124 1508 5177 τὸν
1535 5130 1756 5196 νομοθέ-

218 5217 328 5270 την.
359 5201 428 5253 Τὸ
456 5201 579 5270 γὰρ,
631 5205 748 5255 Οὐκ
798 5207 1110 5273 εισελεύσῃ
1153 5208 1300 5275 πρὸς
1322 5212 1512 5266 πάντα
1543 5215 1756 5271 οἰκεῖον

216 5292 436 5354 σαρκός
463 5303 599 5354 σου,
645 5293 1026 5361 ἀποκαλύψαι
1072 5298 1508 5370 ἀσχημοσύνην
1540 5306 1735 5361 αὐτῶν

216 5378 624 5446 ἐμπεριεκτικόν
655 5383 767 5434 ἐστι
795 5385 885 5434 καὶ
907 5384 1090 5436 τούτου
1119 5387 1207 5439 τοῦ
1239 5390 1404 5454 εἴδους
1432 5393 1531 5462 τῆς
1560 5397 1752 5451 οἰκειό-

216 5481 371 5533 τητος
421 5468 482 5517 Τί
507 5471 614 5538 γὰρ
635 5471 698 5522 ἂν
745 5471 947 5537 γένοιτο
979 5474 1296 5545 οἰκειότερον
1322 5481 1474 5549 ἀνδρὶ
1499 5484 1594 5551 τῆς
1625 5487 1749 5538 ἐαυ-

214 5552 302 5602 τοῦ
330 5555 602 5619 γυναικὸς,
633 5557 828 5624 μᾶλλον
864 5559 917 5610 δὲ
941 5559 1035 5626 τῆς
1066 5563 1254 5616 ἑαυτοῦ
1288 5570 1511 5636 σαρκὸςς
1546 5573 1618 5622 Οὐ
1645 5575 1750 5643 γὰρ

1894 1919 2021 1971 tiam
2087 1921 2296 1974 tribuit.
2349 1914 2547 1974 Verum
2609 1927 2892 1992 oportebat
2940 1930 3214 1998 paulisper
3276 1931 3342 1984 ad
3382 1947 3447 1986 ea

1893 2023 2012 2076 qua:
2075 2008 2244 2080 legem
2307 2013 2616 2079 przccedunt
2678 2019 3052 2082 recurrendo,
3135 2019 3444 2076 difﬁcultate

1892 2097 2128 2151 liberari.
2187 2098 2408 2153 Videtur
2437 2105 2578 2154 enim
2615 2118 2722 2157 non
2770 2120 2930 2161 omne
2957 2121 3301 2177 peccatorum
3350 2126 3442 2180 ge-

1891 2201 1994 2239 nus
2065 2189 2523 2257 comprehendere
2582 2192 2858 2262 legislator
2899 2213 2913 2248 :
2950 2199 3046 2252 sed
3102 2203 3443 2269 peculiariter

1889 2273 2263 2346 .Egyptiorum
2324 2282 2463 2336 unde
2527 2280 2690 2338 lsrael
2742 2288 2967 2351 exierat,
3023 2299 3078 2344 et
3107 2291 3441 2348 Chananteo-

1890 2377 2008 2415 rum
2040 2365 2103 2418 ad
2148 2381 2286 2434 quos
2336 2370 2796 2440 transferebatur,
2867 2393 3046 2433 mores
3092 2381 3437 2439 interdicere.

1891 2452 1981 2508 Sic
2014 2455 2156 2510 enim
2204 2459 2366 2512 habet
2407 2460 2471 2512 ad
2531 2464 2755 2516 verbum
2795 2483 2808 2518 :
2869 2467 3164 2522 Secundum
3194 2473 3441 2527 instituta

1889 2555 2039 2598 terra:
2090 2545 2347 2615 Aigypti,
2393 2551 2443 2602 in
2499 2569 2601 2620 qua
2649 2554 2926 2610 habitastis
2977 2560 3030 2610 in
3059 2577 3120 2612 ea
3156 2601 3169 2623 ,
3204 2579 3304 2614 non
3354 2564 3441 2632 [a-

1887 2637 2032 2688 cietis
2079 2651 2097 2689 :
2151 2647 2202 2690 ct
2255 2640 2533 2694 secundum
2580 2644 2821 2699 instituta
2857 2657 3008 2701 term
3040 2649 3325 2716 Chanaan,
3381 2655 3438 2705 in

1885 2739 2040 2792 quam
2071 2741 2162 2792 ego
2200 2726 2441 2780 inducant
2479 2747 2563 2783 ros
2613 2731 2738 2784 illuc
2766 2773 2778 2796 ,
2838 2751 2938 2787 non
2988 2736 3193 2804 facietis
3222 2777 3235 2800 ,
3279 2755 3441 2808 neque

1884 2815 1936 2865 in
1983 2815 2224 2884 legitimis
2287 2834 2465 2871 eorum
2529 2821 2865 2877 ambulabitis
2917 2822 2955 2878 ¹.
2997 2825 3300 2882 Verisimile
3351 2835 3436 2884 est

1886 2900 1985 2953 hoc
2017 2905 2222 2970 peccati
2260 2921 2431 2974 genus
2469 2915 2597 2961 tunc
2626 2910 2766 2964 inter
2793 2922 2980 2981 gentes
3015 2930 3121 2968 non
3171 2916 3431 2984 viguisse.

1884 2991 2219 3062 Quapropter
2254 3010 2388 3062 opus
2426 3011 2531 3050 non
2592 2999 2690 3050 fuit
2721 3001 3036 3068 legislatori,
3082 3012 3138 3058 ut
3173 3006 3303 3057 illud
3343 3021 3434 3060 ca-

1882 3081 2113 3136 vendum
2140 3095 2354 3138 curaret
2390 3103 2401 3137 :
2432 3089 2523 3141 sed
2560 3090 2691 3144 satis
2721 3091 2768 3144 ei
2814 3092 2913 3146 fuit
2943 3109 3057 3148 mos
3096 3110 3205 3148 non
3233 3096 3429 3152 doctus

1880 3167 1945 3219 ad
1997 3170 2218 3226 sceleris
2275 3174 2764 3240 reprehensionem.
2819 3180 3098 3244 Quomodo
3129 3184 3291 3252 igitur
3316 3201 3431 3238 ma-

1873 3256 1992 3323 jore
2044 3261 2247 3322 vetito,
2289 3263 2466 3314 minus
2521 3268 2915 3331 przetcrmisit?
2952 3270 3086 3335 Quia
3143 3275 3430 3329 videbatur

1877 3350 2059 3404 multis
2107 3353 2256 3404 carni
2319 3353 2740 3422 indulgentibus,
2775 3367 2975 3413 utcum
3001 3365 3286 3420 sororibus
3333 3366 3428 3419 ad-

1881 3436 1982 3491 huc
2043 3440 2348 3496 viventibus
2411 3445 2755 3512 habitarent,
2810 3451 3029 3504 noxium
3080 3468 3200 3508 esse
3246 3471 3427 3510 exem-

1875 3524 2018 3592 plum
2058 3530 2394 3606 patriarchae.
2429 3531 2537 3584 Nos
2568 3543 2744 3589 autem
2796 3540 2922 3606 quid
2960 3540 3134 3597 facere
3170 3550 3426 3613 oportet?

1876 3613 2003 3676 Quae
2043 3617 2242 3685 scripta
2275 3626 2400 3672 sunt
2435 3620 2633 3685 dicere,
2686 3641 2752 3677 an
2787 3632 3150 3695 praetermissa
3201 3650 3425 3689 accura-

1875 3703 1980 3758 tius
2037 3707 2322 3760 scrutari?
2366 3708 2661 3775 Protinus,
2709 3731 2815 3771 non
2867 3728 3112 3787 Oportere
3175 3724 3251 3777 uti
3317 3742 3422 3781 una

1874 3794 2061 3861 pellice
2093 3803 2295 3863 patrem
2328 3807 2381 3852 et
2427 3802 2626 3865 lilium,
2679 3805 2731 3856 in
2786 3807 2870 3860 his
2921 3810 3127 3878 legibus
3160 3813 3420 3878 scripturn

1871 3898 1978 3936 non
2014 3895 2138 3948 est,
2194 3888 2286 3941 sed
2350 3891 2488 3958 apud
2533 3891 2852 3964 Prophetam
2907 3901 3116 3954 crimini
3184 3907 3420 3961 maxime

1870 3972 2046 4027 datur.
2093 3974 2264 4032 Filius
2308 3981 2474 4045 enim,
2519 3983 2725 4053 inquit,
2774 3996 2822 4040 et
2875 4000 3023 4056 pater
3072 3993 3140 4044 ad
3183 3998 3417 4050 eamdem

1869 4063 2095 4130 puellam
2127 4068 2546 4136 ingrediebantur
2603 4076 2641 4128 ².
2697 4078 2837 4141 Quot
2880 4091 3054 4135 autem
3102 4085 3205 4138 alia
3260 4089 3413 4157 cupi-

1869 4149 2092 4204 ditatum
2168 4154 2500 4224 impurarum
2579 4177 2772 4232 genera
2837 4167 3138 4224 dmmonum
3197 4163 3413 4243 quidem

1869 4239 2114 4295 doctrina
2150 4247 2492 4317 excogitavit,
2528 4253 2697 4305 tacuit
2730 4271 2858 4309 vero
2886 4258 3065 4312 divina
3106 4239 3409 4332 Scriptura,

1870 4331 2203 4388 honestatem
2251 4351 2401 4391 suam
2453 4355 2632 4395 rerum
2685 4347 2915 4415 turpium
2959 4331 3409 4419 appellationibus

1794 4457 1838 4510 Β
1868 4421 2071 4477 foedare
2108 4424 2298 4480 nolens
2319 4465 2334 4489 ,
2367 4427 2459 4482 sed
2487 4434 2781 4498 generatim
2809 4436 3144 4504 impuritates
3197 4446 3407 4513 vitupe-

1865 4513 2005 4566 ravit
2031 4515 2042 4565 l
2098 4512 2188 4567 Sic
2219 4525 2277 4568 ut
2307 4525 2360 4570 et
2387 4516 2675 4588 Apostolus
2712 4522 2910 4582 Paulus
2947 4530 3021 4582 ait
3052 4551 3062 4583 :
3105 4512 3407 4590 Fornicatio

1865 4611 2034 4656 autem
2086 4613 2134 4657 et
2174 4609 2341 4662 omnis
2384 4611 2711 4666 immunditia
2765 4633 2824 4669 ne
2874 4622 3164 4675 nominetur
3201 4628 3404 4694 quidem

1865 4693 1916 4743 in
1952 4695 2111 4756 vobis,
2155 4697 2289 4747 sicut
2340 4697 2478 4750 decet
2539 4705 2788 4755 sanctos'
2848 4725 2860 4758 :
2903 4693 3254 4768 immunditiis
3301 4732 3402 4770 no-

1864 4781 2006 4834 mine
2042 4791 2150 4835 tum
2184 4785 2417 4838 virorum
2445 4797 2556 4841 tum
2583 4791 2867 4847 mulierum
2897 4798 3130 4854 obscena
3160 4803 3400 4859 facinora

1862 4871 2343 4937 comprehenderis.
2374 4875 2548 4939 Quare
2571 4893 2679 4933 non
2705 4885 2926 4940 omnino
2953 4889 3399 4948 silentiumlicen-

1859 4955 1987 5008 tiam
2011 4956 2102 5010 dat
2128 4960 2466 5032 voluptariis.

1890 5044 2040 5134 14],
2057 5046 2541 5122 Egoautemueque
2572 5058 2789 5112 tacitam
2821 5061 2964 5116 illam
2989 5075 3193 5134 partem
3230 5071 3395 5128 fuisse

1846 5133 1970 5188 dico
2006 5153 2020 5190 :
2068 5135 2176 5191 imo
2222 5137 2382 5192 etiam
2423 5156 2453 5194 a
2488 5143 2794 5215 legislatore
2835 5133 3178 5212 vehementer
3212 5163 3394 5215 admo-

1843 5223 1968 5278 dum
1996 5224 2162 5280 fuisse
2186 5228 2534 5296 prohibitam.
2578 5233 2713 5291 illud
2741 5240 2905 5307 enim,
2935 5240 3057 5296 Non
3091 5247 3391 5315 ingredieris

1842 5314 1911 5367 ad
1974 5333 2172 5369 omnem
2239 5322 2412 5374 carnis
2479 5331 2581 5378 tute
2655 5329 2866 5397 afﬁnem
2931 5335 2998 5386 ad
3063 5338 3388 5393 revelandam

1839 5421 2016 5460 eorum
2051 5411 2421 5477 turpitudinem
2457 5414 2497 5478 ⁸,
2568 5417 2709 5474 hanc
2744 5423 2904 5477 etiam
2959 5428 3231 5484 afﬁnitatis
3267 5449 3387 5500 spe-

1839 5496 1972 5549 ciem
2023 5500 2421 5568 complectitur.
2473 5504 2680 5562 Etenim
2721 5513 2848 5580 quid
3068 5518 3181 5569 viro
3231 5496 3385 5576 aliine

212 5643 287 5693 ξτι
321 5644 422 5694 είσὶ
447 5643 554 5706 δύο,
597 5645 728 5697 ἀλλὰ
764 5646 897 5717 σὰρξ
947 5650 1060 5716 μία.
1093 5652 1244 5703 Ὥστε
1269 5656 1354 5706 διὰ
1375 5658 1471 5725 τῆς
1500 5664 1748 5725 γυναικὸς
1836 5643 1933 5725 ipsi

269 5797 283 5826 ¹
312 5792 490 5852 Levit.
527 5804 756 5870 κνιιι,3.
838 5808 856 5837 ²
901 5805 1062 5864 Amos
1095 5827 1151 5879 ιι,
1196 5813 1244 5864 7.
1324 5815 1342 5846 ⁸
1372 5815 1571 5885 Ephes.
1607 5836 1657 5887 v,
1696 5824 1750 5879 5.

1852 5814 1871 5845 ⁸
1902 5813 2074 5879 Levit.
2095 5840 2250 5895 xvut,
2290 5830 2342 5884 6.
