3946 6342
559 338 664 402 815

1794 332 2066 395 THEOD.
2110 329 2508 395 BALSAMON

3665 317 3780 379 816

567 485 670 522 una
701 485 847 524 caro.
901 470 1086 540 Itaque
1125 484 1219 539 per
1247 482 1469 522 uxorem
1527 480 1682 521 soror
1740 463 1804 518 ad
1857 465 1957 516 viri
1997 464 2090 516 aﬂi.

2208 458 2239 525 ἡ
2262 454 2461 523 ἀδελφὴ
2488 450 2624 521 πρὸς
2645 450 2741 520 τὴν
2772 445 2863 502 τοῦ
2889 446 3074 516 ἀνδρὸς
3097 445 3398 515 οἰκειότητα
3429 446 3776 512 μεταϐαίνει.

563 561 782 614 nitatem
844 561 1066 614 transit.
1127 557 1588 624 Quemadmodum
1661 556 1804 610 enirn
1882 561 2106 606 matrem

564 651 748 704 uxoris
791 667 895 702 non
961 657 1219 715 assumet,
1272 664 1444 715 neque
1490 647 1651 713 ﬁliam
1704 643 1932 706 uxoris,
1984 657 2106 711 pro-

562 748 740 807 pterea
772 739 913 807 quod
953 755 1123 807 neque
1180 753 1332 793 suam
1393 737 1561 805 ipsius
1627 743 1883 795 matrem,
1933 747 2107 799 neque

561 843 712 881 suam
748 829 915 895 ipsius
953 827 1148 891 ﬁliam;
1202 828 1274 880 ita
1326 841 1423 879 nec
1477 827 1661 877 uxoris
1695 838 1961 883 sororem,
1989 835 2108 888 pro-

561 927 740 986 pterea
773 918 912 986 quod
955 933 1126 984 neque
1183 932 1332 971 suam
1364 916 1530 983 ipsius
1575 927 1830 966 sororem.
1887 911 1951 962 Et
1989 911 2106 962 vice

560 1021 734 1071 versa,
771 1022 943 1076 neque
989 1007 1143 1059 uxori
1178 1005 1358 1058 licebit
1397 1017 1516 1055 sese
1545 1001 1644 1053 viri
1700 999 1944 1051 amnibus
1976 1012 2104 1050 con-

555 1097 798 1166 jungere.
859 1096 993 1148 Sunt
1031 1097 1170 1148 enim
1217 1095 1466 1162 utrinque
1505 1090 1806 1143 communia
1835 1088 2101 1140 allinitatis

555 1189 696 1254 jura.
764 1185 873 1254 Ego
921 1200 1080 1253 porro
1127 1185 1344 1236 cuilibet
1411 1181 1475 1234 de
1549 1178 1752 1244 nuptiis
1799 1178 2102 1230 consulenti

560 1275 839 1338 testificor,
874 1275 1150 1343 prwtcrire
1195 1275 1417 1341 tiguram
1451 1271 1611 1338 hujus
1635 1267 1840 1329 mundi,
1890 1277 1942 1320 et
1969 1275 2106 1319 tem-

558 1380 659 1432 pus
681 1366 840 1418 breve
866 1379 1007 1425 esse,
1061 1362 1125 1415 Ut
1152 1364 1236 1430 qui
1271 1361 1456 1412 habent
1501 1375 1685 1410 uxores
1718 1366 1963 1424 tanquam
2003 1371 2102 1406 non

560 1456 796 1507 habentes
820 1455 921 1505 sint
976 1452 1014 1506 ‘.
1047 1453 1196 1516 Quod
1226 1453 1271 1503 si
1303 1451 1431 1503 mihi
1460 1462 1734 1516 perperam
1762 1448 1899 1514 legat
1936 1446 2098 1497 illud:

559 1542 785 1596 Crescite
808 1552 852 1595 et
888 1541 1307 1607 multiplicamini
1359 1538 1377 1566 ²
1419 1559 1430 1590 :
1470 1538 1617 1589 rideo
1657 1537 1826 1603 legum
1861 1543 2100 1602 tempora

560 1647 667 1686 non
698 1632 1114 1685 discernentem.
1146 1627 1539 1682 Fornicationis
1575 1625 1869 1678 remedium
1904 1626 2103 1692 nuptiae

559 1719 824 1780 secundae,
862 1732 969 1770 non
1008 1717 1224 1770 occasio
1279 1716 1525 1768 lasciviae.
1579 1711 1634 1764 Si
1685 1725 1742 1763 se
1789 1726 1896 1763 non
1929 1713 2103 1765 conti-

559 1815 706 1869 nent,
737 1807 959 1872 nubant,
984 1807 1156 1877 inquit
1203 1809 1244 1871 ³,
1279 1820 1384 1859 non
1417 1819 1542 1858 vero
1565 1812 1614 1857 et
1644 1801 1906 1856 nubentes
1931 1800 2101 1871 legem

557 1899 774 1953 violent.

713 1989 806 2042 lsti
837 1996 1034 2051 autem,
1072 2003 1299 2057 quorum
1334 1989 1546 2045 animus
1583 1992 1710 2047 vitio
1746 1989 2100 2062 turpitudinis

559 2080 738 2148 lippus
763 2087 864 2143 est,
904 2094 971 2132 ne
1003 2081 1067 2131 ad
1105 2088 1350 2132 naturam
1382 2081 1595 2149 quidem
1626 2085 1944 2152 respiciunt,
1983 2097 2102 2150 qua:

555 2170 666 2237 jam
713 2170 839 2224 olim
879 2169 1092 2237 generis
1141 2171 1357 2222 nomina
1398 2170 1675 2224 discrevit.
1710 2175 1786 2225 Ex
1816 2188 1922 2242 qua
1956 2170 2098 2225 enim

559 2259 878 2331 cognatione
908 2265 1064 2311 natos
1102 2259 1484 2326 appellabunt?
1517 2259 1831 2327 Fratresne,
1861 2278 1928 2315 an
1971 2277 2101 2315 con-

557 2345 807 2398 sobrinos
871 2346 1184 2398 vocabunt?
1240 2346 1503 2414 siquidem
1564 2363 1755 2402 nomen
1815 2357 2100 2418 utrumque

556 2435 637 2489 eis
687 2434 757 2487 ob
806 2434 1176 2488 confusionem
1237 2436 1503 2503 congruit.
1557 2436 1633 2490 Ne
1672 2437 1875 2505 facias,
1916 2454 1947 2492 o
1997 2440 2096 2492 ho-

557 2538 675 2588 mo,
731 2523 945 2576 amitam
1000 2538 1280 2577 novercam
1347 2524 1666 2590 infantium;
1723 2543 1822 2580 nec
1871 2543 1988 2596 qua:
2042 2529 2095 2581 in

555 2609 746 2663 matris
787 2609 907 2662 loco
951 2609 1130 2663 fovere
1167 2610 1343 2672 debet,
1374 2625 1491 2663 eam
1534 2613 1876 2667 aemulatione
1907 2614 2096 2682 impla-

557 2698 715 2750 cabili
771 2699 1085 2753 armaveris.
1121 2697 1252 2750 Nam
1306 2699 1478 2752 solum
1528 2714 1879 2754 novercarum
1928 2717 2095 2771 genus

557 2788 715 2840 etiam
747 2797 870 2855 post
901 2795 1130 2841 mortem
1161 2788 1341 2840 odium
1374 2803 1435 2840 ac
1466 2789 1799 2842 inimicitiam
1832 2791 2093 2844 extendit.

557 2877 692 2939 lmo,
727 2877 818 2929 alii
873 2877 1075 2930 inimici
1120 2878 1344 2931 mortuis
1377 2879 1823 2944 reconciliantur;
1857 2895 2096 2935 novercae

2219 547 2302 606 Ὠς
2331 544 2438 613 γὰρ
2474 542 2680 611 μητέρα
2705 539 2955 607 γυναικὸς
2990 537 3050 588 ού
3075 535 3320 604 λήψεται,
3347 535 3463 586 οὐδὲ
3493 534 3781 604 θυγατέρα

2206 637 2302 703 τῆς
2332 633 2606 700 γυναικὸς,
2655 630 2785 682 διότι
2819 629 2949 698 μηδὲ
2994 626 3091 696 τὴν
3128 624 3318 676 ἑαυτοῦ
3353 626 3582 694 μητέρα,
3637 625 3780 692 μηδὲ

2206 724 2300 791 τὴν
2330 720 2519 773 ἑαυτοῦ
2552 719 2820 787 θυγατέρα
2849 733 2862 746 ⁸
2890 715 3057 776 οὕτως
3090 713 3456 781 οὐδ’,άδελφὴν
3487 711 3776 778 γυναικὸς,

2206 812 2333 863 διότι
2358 811 2487 880 μηδὲ
2527 809 2756 877 ἀδελφὴν
2785 805 2992 859 ἑαυτοῦ.
3015 806 3121 857 Καὶ
3150 804 3208 854 τὸ
3238 803 3520 860 ἀνάπαλιν,
3549 802 3676 853 οὐδὲ
3701 805 3778 868 τῇ

2207 903 2423 968 γυναικὶ
2471 900 2680 962 ἐξέσται
2727 900 2836 958 τοῖς
2881 895 3097 954 οἰκείοις
3127 892 3218 944 τοῦ
3255 891 3442 960 ἀνδρὸς
3472 895 3776 943 συνοικεῖν.

2208 991 2372 1042 Κοινὰ
2420 990 2526 1059 γὰρ
2579 991 2660 1040 ἐπ’
2699 987 3020 1056 ἀμφοτέρων
3072 983 3170 1052 τῆς
3225 983 3539 1048 συγγενείας
3588 981 3665 1032 τὰ
3694 981 3780 1031 δί-

2207 1097 2352 1131 καια.
2403 1077 2541 1145 Ἐγὼ
2566 1079 2620 1129 δὲ
2678 1077 2836 1128 παντὶ
2870 1075 2946 1143 τῷ
2999 1073 3128 1142 περὶ
3179 1072 3353 1140 γάμου
3394 1071 3779 1139 βουλευομένῳ

2203 1169 2656 1238 διαμαρτύρομαι,
2709 1169 2788 1218 ὅτι
2837 1165 3070 1233 παράγει
3096 1163 3156 1215 τὸ
3213 1162 3397 1229 σχῆμα
3425 1161 3516 1212 τοῦ
3555 1162 3776 1230 κόσμου

2202 1259 2410 1320 τούτου,
2448 1258 2539 1309 καὶ
2583 1259 2610 1308 ὀ
2658 1256 2844 1325 καιρὸς
2874 1252 3294 1321 συνεσταλμένος
3320 1251 3484 1312 ἐστὶν,
3505 1252 3642 1303 Ἵνα
3672 1248 3778 1299 καὶ

2203 1351 2254 1400 οἱ
2287 1349 2525 1414 ἔχοντες
2545 1345 2826 1414 γυναῖκας
2863 1343 2939 1407 ὡς
2963 1343 3046 1410 μὴ
3082 1342 3323 1408 ἔχοντες
3342 1335 3511 1392 ὦσιν.
3560 1339 3694 1390 Ἐὰν
3717 1338 3778 1388 δέ

2205 1453 2291 1503 μοι
2351 1433 2803 1504 παραναγινώσκῃ
2853 1431 2932 1494 τὸ,
2982 1429 3324 1491 Αὐξάνεσϐε
3380 1429 3474 1480 καὶ
3534 1431 3776 1491 πληθύ-

2200 1529 2406 1577 νεσθε·
2436 1521 2712 1588 καταγελῶ
2738 1520 2830 1571 τοῦ
2865 1520 2971 1570 τῶν
2998 1517 3324 1587 νομοθεσιῶν
3365 1518 3491 1574 τοὺς
3533 1518 3778 1585 κα.ριοϋς

2203 1613 2276 1682 μὴ
2341 1613 2718 1682 διακρίνοντος,
2775 1608 3030 1678 Πορνείας
3075 1606 3392 1676 παραμυθία
3436 1610 3462 1658 ὁ
3511 1607 3776 1673 δεύτερος

2199 1703 2394 1772 γάμος,
2449 1703 2548 1755 οὐκ
2598 1702 2803 1768 ἑφόδιον
2831 1703 2909 1762 εἰς
2939 1700 3242 1766 ἀσέλγειαν.
3272 1701 3334 1752 Εἰ
3362 1699 3460 1750 οὐκ
3493 1699 3775 1766 ἐγκαρτε-

2201 1790 2466 1860 ρεύονται,
2521 1789 2947 1858 γαμησάτωσαν,
3000 1787 3203 1856 φησίνο
3264 1786 3382 1855 οὐχὶ
3425 1785 3482 1836 δὲ
3525 1785 3619 1837 καὶ⁵
3665 1801 3776 1851 γα-

2201 1881 2423 1950 μοῦντες
2449 1897 2656 1950 παρανο
2663 1897 2728 1950 με
2737 1881 2949 1932 ίτωσαν.

2351 1972 2411 2022 Ui
2439 1970 2494 2021 δὲ
2521 1971 2638 2022 οὐδὲ
2666 1969 2797 2039 πρὸς
2821 1971 2918 2038 τὴν
2942 1969 3097 2036 φύσιν
3127 1966 3543 2028 ἀποϐλέπουσιν,
3585 1966 3636 2017 οἱ
3666 1967 3774 2033 τὴν

2197 2059 2367 2127 ψυχὴν
2399 2057 2677 2126 λημῶντες
2725 2057 2802 2125 τῷ
2838 2057 2995 2108 πάθει
3019 2057 3117 2125 τῆς
3147 2055 3385 2123 ἀτιμίας,
3439 2054 3603 2106 πάλαι
3652 2057 3773 2106 δια-

2199 2149 2456 2216 κρίνασαν
2503 2145 2602 2207 τὰς
2649 2144 2742 2196 τοῦ
2794 2144 2982 2211 γένους
3036 2143 3421 2212 προσηγορίας.
3466 2143 3559 2193 Ἐκ
3599 2143 3773 2203 ποίας

2197 2235 2304 2303 γὰρ
2331 2233 2640 2301 συγγενείας
2666 2233 2792 2294 τοὺς
2815 2233 3168 2300 γεννηθέντας
3189 2231 3730 2301 προσαγορεύσουσιν
3754 2249 3770 2295 ;

2211 2325 2490 2391 ’Δδελφοὺς
2520 2323 2710 2384 αὐτοὺς
2747 2322 2986 2391 ἀλλήλων
3017 2323 3049 2391 ἢ
3078 2322 3328 2390 ἀνεψιοὺς
3357 2321 3728 2391 προσεροῦσιν
3753 2338 3769 2384 ;

2202 2416 2482 2485 ἀμφότερα
2513 2413 2620 2482 γὰρ
2664 2413 2842 2474 αὐτοῖς
2882 2414 3250 2482 προσαρμόσει
3287 2414 3372 2465 διὰ
3415 2414 3510 2482 τὴν
3552 2413 3770 2482 σύγχυ-

2200 2522 2297 2558 σιν.
2336 2505 2424 2573 Μὴ
2472 2505 2717 2572 ποιήσῃς,
2757 2495 2800 2553 ὦ
2841 2502 3109 2572 ἄνθρωπε,
3153 2504 3250 2571 τὴν
3284 2502 3433 2554 Θείαν
3487 2504 3769 2570 μητρυιὰν

2197 2594 2302 2647 τῶν
2344 2594 2576 2664 νηπίων·
2628 2593 2758 2662 μηδὲ
2810 2593 2906 2662 τὴν
2955 2594 3011 2643 ὲν
3061 2592 3261 2661 μητρὸς
3324 2592 3471 2654 τάξει
3531 2591 3767 2643 θάλπειν

2194 2683 2523 2750 ὀφείλουσαν,
2560 2681 2758 2751 ταύτην
2791 2681 3083 2749 ὲφοπλίσῃς
3119 2682 3234 2742 ταῖς
3279 2680 3612 2748 ἀμειλίκτοις
3655 2680 3764 2750 ξη-

2195 2772 2486 2833 λοτυπίαις.
2523 2772 2694 2825 Μόνον
2730 2770 2836 2840 γὰρ
2879 2770 2939 2822 τδ
2978 2771 3130 2837 γένος
3318 2769 3427 2824 τῶν
3475 2769 3765 2839 μητρυιῶν

2196 2862 2286 2912 καὶ
2318 2861 2451 2928 μετά
2485 2859 2708 2913 θάνατον
2751 2859 2959 2911 ἐλαύνει
3002 2859 3098 2929 τὴν
3125 2859 3323 2929 ἔχθραν
3345 2876 3359 2888 ο
3392 2860 3592 2929 μᾶλλον
3617 2860 3674 2912 δὲ
3711 2862 3764 2911 οι

557 2967 737 3021 odisse
780 2975 900 3036 post
943 2975 1167 3019 mortem
1216 2966 1498 3033 incipiunt.
1552 2964 1771 3019 Summa
1825 2968 2090 3024 dictorum

2198 2950 2292 3017 μὲν
2327 2948 2498 3012 ἄλλως
2547 2950 2786 3019 πολέμιοι
2831 2952 2942 3011 τοῖς
2991 2949 3269 3018 τεθνηκόσι
3314 2950 3660 3003 σπένδονται·
3702 2953 3762 3002 αἰ

555 3070 668 3108 ιιαῖο
697 3064 778 3109 est
815 3076 826 3110 :
867 3055 922 3108 Si
971 3057 1093 3128 quis
1144 3056 1376 3124 legitime
1422 3055 1638 3123 nuptias
1671 3060 1904 3124 appetit,
1951 3066 2090 3112 totus

2194 3040 2245 3091 δὲ
2287 3040 2544 3109 μητρυιαὶ
2572 3037 2662 3089 τοῦ
2702 3037 2886 3106 μίσους
2921 3037 3054 3106 μετά
3097 3036 3184 3088 τὸν
3213 3036 3439 3090 θάνατον
3473 3038 3758 3106 ἄρχονται.

2196 3129 2491 3159 νρσριῖηηηι
2516 3129 2568 3159 ,τι
2595 3128 2698 3159 ριτιιι
2732 3128 3032 3159 alnus-lum“
3075 3128 3130 3159 νε
3169 3127 3265 3159 ..ἓν
3295 3128 3441 3159 οιΑ-οιΑ
3463 3145 3546 3159 ρ.»
3578 3129 3758 3159 Agat-2

555 3143 704 3198 orbis
744 3150 1012 3196 terrarum
1061 3151 1249 3212 patet:
1293 3144 1376 3196 sin
1423 3144 1642 3198 libidine
1679 3146 1991 3214 impellitur,
2025 3149 2090 3202 ob

2194 3129 2491 3196 Κεφάλαιον
2515 3129 2570 3180 δὲ
2595 3128 2698 3180 τῶν
2730 3128 3053 3197 εἰρημένων,
3074 3128 3133 3180 Εἰ
3168 3127 3265 3197 μὲν
3295 3128 3442 3197 νόμῳ
3463 3145 3546 3190 τις
3578 3129 3761 3199 ὁρμᾶ-

553 3230 606 3284 id
637 3232 805 3299 magis
831 3232 990 3286 etiam
1021 3231 1359 3293 excludatur,
1396 3230 1460 3283 L’t
1496 3232 1662 3285 discat
1694 3250 1781 3286 vas
1807 3251 1956 3288 suum
1981 3254 2095 3303 pos-

552 3320 719 3373 sidere
748 3321 800 3372 in
843 3321 1255 3387 sanctiﬁcatione
1287 3331 1333 3373 et
1369 3322 1560 3374 honore
1581 3359 1596 3382 ,
1623 3339 1721 3374 non
1762 3325 1814 3375 in
1853 3327 2092 3392 passione

551 3410 796 3463 desiderii
827 3410 847 3441 ⁸
878 3449 891 3461 .
922 3409 1002 3464 Me
1029 3413 1178 3478 plura
1220 3411 1400 3465 dicere
1431 3421 1710 3480 parantem
1742 3415 1934 3470 modus
1978 3418 2086 3484 epi-

552 3501 705 3554 stolae
733 3499 969 3555 cohibet.
1008 3500 1208 3555 Precor
1241 3509 1440 3564 autem,
1477 3509 1533 3554 ut
1562 3503 1644 3555 vel
1676 3512 1860 3557 nostra
1905 3505 2090 3559 admo-

550 3590 684 3642 nitio
717 3590 905 3644 vitium
953 3599 1209 3660 superet,
1263 3590 1344 3644 vel
1374 3605 1479 3645 non
1528 3603 1708 3661 serpat
1763 3595 1815 3646 in
1849 3605 2086 3649 nostram

549 3680 820 3746 regionem
861 3680 964 3733 hoc
1003 3679 1307 3748 piaculum;
1345 3679 1436 3734 sed
1470 3680 1523 3734 in
1553 3681 1750 3750 quibus
1793 3681 2085 3737 admissum

549 3775 630 3823 est
655 3766 808 3832 locis,
842 3770 894 3823 in
923 3768 1009 3825 his
1043 3777 1370 3839 permaneat.

607 4224 799 4280 BALS.
867 4225 1038 4296 Magni
1100 4225 1273 4282 Patris
1336 4231 1400 4284 ad
1459 4231 1744 4286 Diodorum
1808 4233 2069 4300 epistola,

531 4315 736 4369 etiamsi
764 4315 910 4368 omni
946 4316 1205 4383 sapientia
1235 4326 1285 4370 et
1312 4333 1436 4371 vera
1465 4319 1762 4386 eloquentia
1797 4323 1949 4389 plena
1979 4324 2071 4383 sit,

2191 3236 2276 3271 ται
2306 3218 2436 3288 πρὸς
2479 3218 2565 3270 τὸν
2603 3217 2796 3286 γάμον,
2823 3218 3062 3286 ἧνοικται
3105 3220 3250 3270 πᾶσα
3277 3219 3310 3287 ἡ
3341 3217 3633 3286 οἰκουμένη
3653 3235 3667 3248 ·
3707 3220 3761 3270 εἰ

2190 3308 2243 3359 δὲ
2283 3307 2530 3377 ἐμπαθὴς
2571 3307 2714 3376 αὑτῷ
2757 3309 2788 3377 ή
2849 3307 3070 3376 σπουδὴ,
3115 3307 3200 3359 διὰ
3243 3305 3403 3358 τοῦτο
3448 3308 3539 3359 καὶ
3588 3307 3760 3360 πλέοι

2190 3394 2614 3463 ἀποκλεισθήτω,
2645 3396 2765 3447 Ἵνα
2796 3394 2953 3462 μάθῃ
2994 3395 3059 3447 τὸ
3101 3394 3313 3447 ἑαυτοῦ
3346 3396 3570 3459 σκεῦος
3608 3394 3759 3449 κτᾶ-

2188 3488 2326 3537 σθαι
2373 3485 2440 3535 ἐν
2483 3481 2750 3550 ἁγιασμῷ
2797 3483 2892 3534 καὶ
2941 3482 3096 3550 τιμῇ,
3119 3483 3202 3550 μὴ
3238 3483 3308 3536 ἐν
3341 3485 3511 3537 πάθει
3541 3484 3758 3538 ἐπιθυο

2185 3574 2341 3641 μίας.
2375 3573 2597 3624 Πλείονά
2629 3585 2693 3640 με
2726 3572 2902 3637 λέγειν
2931 3572 3250 3641 ὡρμημένον
3296 3574 3357 3624 τὸ
3407 3576 3601 3644 μέτρον
3650 3575 3757 3626 ἑπ-

2189 3662 2298 3729 ἐχει
2463 3660 2559 3728 τῆς
2587 3659 2885 3728 ἐπιστολῆς.
2925 3660 3161 3729 Εὗχομαι
3192 3662 3246 3712 δὲ
3275 3661 3308 3729 ἢ
3345 3662 3441 3729 τὴν
3485 3661 3753 3730 παραίνε-

2193 3767 2274 3802 σιν
2308 3750 2457 3818 ἡμῶν
2501 3748 2841 3819 ἰσχυροτέραν
2880 3749 2972 3802 τοῦ
3013 3751 3214 3811 πάθους
3251 3750 3664 3820 ἀποδειχθῆναι,
3711 3753 3748 3822 ἢ

2195 3839 2267 3906 μὴ
2301 3838 2627 3906 ἐπιδημῆσαι
2656 3841 2717 3907 τῇ
2753 3838 2987 3908 ἡμετέρᾳ
3155 3838 3213 3889 τὸ
3248 3837 3378 3905 ἄγος
3407 3837 3591 3891 τοῦτο·
3621 3837 3746 3892 ἀλλ’

2191 3928 2246 3980 ιν
2271 3921 2348 3989 οἷς
2375 3927 2439 3979 ἂν
2473 3927 2733 3996 ἐτολμήθη
2761 3928 2938 3990 τόποις
2971 3928 3335 3997 ὲναπομεῖναι.

2245 4234 2442 4288 ΒΑΛΣ.
2487 4232 2549 4286 Ἦ
2584 4231 2718 4302 πρὸς
2749 4231 3012 4301 Διόδωρον
3068 4229 3326 4300 ἐπιστολὴ
3361 4227 3456 4283 τοῦ
3491 4230 3744 4298 μεγάλου

2182 4323 2424 4393 Πατέρος
2452 4323 2555 4376 κᾶν
2575 4324 2753 4393 πάσης
2783 4324 2976 4391 σοφίας
3003 4322 3101 4375 καὶ
3145 4320 3384 4390 ἀληθοῦς
3444 4322 3743 4389 ῥητορείας

532 4415 579 4456 et
628 4403 854 4470 Spiritus
903 4406 1071 4458 sancti
1111 4419 1292 4459 vocem
1323 4407 1469 4473 edit;
1499 4383 1672 4461 tamen
1710 4383 1812 4461 non
1859 4418 1941 4461 cst
1973 4409 2073 4462 hoc

2194 4383 2531 4484 τεπλησμένη
2558 4383 2821 4477 Each-atat
2852 4383 3248 4483 rhv—xtwﬁpav-
3291 4413 3387 4466 τοῦ
3445 4383 3738 4479 ’παναγίου

533 4507 762 4559 tempore
783 4496 1084 4560 querenda.
1117 4494 1362 4547 Decernit
1395 4496 1533 4548 enim
1569 4512 1634 4550 ne
1665 4497 1713 4549 in
1745 4497 2069 4551 matrimonii

532 4584 838 4636 societatem
890 4582 1007 4636 dua:
1063 4598 1275 4636 sorores
1315 4600 1342 4634 a
1393 4586 1637 4653 quapiam
1703 4587 2067 4654 accipiantur,

531 4675 667 4741 quod
710 4671 798 4726 Dei
832 4675 998 4742 gratia
1030 4673 1184 4726 ho-Jie
1219 4688 1286 4724 ne
1317 4673 1366 4724 in
1399 4685 1624 4726 mentem
1659 4676 1868 4741 quidem
1896 4675 2038 4728 homi
2065 4706 2073 4715 -

531 4766 612 4817 nis
641 4763 930 4818 Christiani
961 4763 1102 4816 venit
1128 4800 1143 4823 ,
1172 4771 1224 4815 et
1257 4771 1534 4829 propterea
1565 4776 1661 4816 nec
1692 4763 1950 4831 ampliore
1986 4764 2068 4816 in-

531 4853 905 4921 terpretatione
936 4866 1068 4920 opus
1115 4850 1317 4904 habuit.
1353 4850 1496 4905 Habe
1527 4861 1702 4905 autem
1750 4852 1890 4905 hanc
1931 4852 2068 4905 divi-

533 4960 650 4995 nam
683 4943 956 5011 epistolam
987 4941 1195 4995 assidue
1237 4941 1285 4992 in
1327 4942 1604 4994 memoria.
1637 4941 1748 4995 Etsi
1783 4942 1922 4994 enim
1973 4941 2022 4994 id
2050 4981 2064 5000 ,

532 5034 671 5104 quod
699 5034 752 5086 in
788 5048 847 5087 ea
874 5030 1145 5086 deﬁnitum
1178 5037 1279 5093 est,
1308 5046 1410 5083 non
1439 5039 1722 5096 tractatur;
1751 5045 1866 5098 qua:
1893 5040 2069 5084 tamen

533 5127 580 5176 in
620 5140 677 5178 ea
736 5121 1273 5191 comprehenduntur,
1325 5121 1737 5185 epichereinata,
1792 5121 2072 5184 enthyme—

531 5223 691 5276 mata,
728 5224 780 5267 et
813 5211 1292 5281 epentbymemata,
1323 5208 1402 5259 vel
1437 5209 1611 5275 potius
1641 5223 1966 5276 quaecunque
2004 5225 2069 5263 ex

533 5303 706 5358 Veteri
741 5300 1130 5371 (Testamento)
1163 5307 1214 5352 et
1251 5313 1311 5350 ex
1342 5313 1532 5366 magno
1560 5297 1799 5364 apostolo
1835 5297 1994 5350 Paulo
2018 5308 2069 5352 et

531 5394 821 5463 composita
851 5400 904 5447 et
931 5390 1175 5462 opposita
1204 5386 1421 5440 {tierunt
1441 5427 1453 5450 ,
1493 5389 1545 5438 in
1586 5387 1699 5439 aliis
1727 5387 1901 5440 causis
1932 5388 2067 5440 mul-

623 5673 638 5705 ⁸
671 5676 688 5730 l
719 5675 843 5730 Cor.
876 5689 971 5735 vn,
1006 5670 1092 5724 29.
1176 5660 1194 5688 ²
1231 5669 1364 5724 Gen.
1395 5664 1556 5730 1,28;
1599 5681 1672 5731 ix,
1715 5670 1763 5721 i.

2172 4596 2341 4663 τητέα
2398 4597 2455 4646 ὲν
2477 4596 2596 4656 ταῖς
2619 4597 2925 4664 παρούσαις
2977 4597 3230 4666 ἡμέραις.

2176 4502 2491 4570 Πνεύματος
2547 4501 3057 4572 ὑποφθεγγίζηται,
3112 4503 3226 4554 ἀλλ’
3288 4505 3387 4555 οὐκ
3443 4500 3552 4553 ἐστι
3634 4503 3740 4570 ζη-

3302 4595 3566 4665 Ὀροθετεῖ
3623 4597 3696 4660 γά
3707 4613 3738 4663 ρ

2176 4682 2374 4749 μηδένα
2424 4681 2721 4750 λαμϐάνειν
2782 4684 2920 4752 πρὸς
2989 4683 3272 4736 κοινωνίαν
3334 4683 3508 4750 γάμου
3566 4682 3736 4735 ἀδελ-

2174 4771 2276 4839 φὰς
2303 4770 2412 4836 δύο,
2465 4772 2599 4840 ὅπερ
2631 4772 2763 4824 Θεοῦ
2818 4775 2997 4842 χάριτι
3062 4775 3295 4843 σήμερον
3362 4773 3475 4825 οὐδὲ
3523 4772 3602 4832 εἰς
3641 4776 3732 4824 ιν-

2175 4860 2408 4927 Ούμησιν
2478 4861 2613 4923 ὅλως
2673 4861 2890 4930 ἔρχεται
2937 4861 3221 4930 ἀνθρώπου
3259 4862 3607 4930 Χριστιανοῦ,
3636 4865 3732 4915 καὶ

2173 4945 2256 4997 διὰ
2287 4946 2444 4998 τοῦτο
2467 4948 2587 4998 οὐδὲ
2626 4949 2870 5010 πλείονος
2911 4949 3202 5016 ἑρμηνείας
3263 4951 3470 5018 ἐδεήθη.
3504 4948 3644 5016 Ἔχε
3681 4950 3737 5002 δὲ

2172 5033 2374 5104 ταύτην
2404 5034 2500 5102 τὴν
2532 5035 2682 5087 θείαν
2706 5035 2999 5104 ἐπιστολὴν
3029 5036 3293 5105 διηνεκῶς
3348 5037 3438 5088 ἐπὶ
3481 5039 3730 5105 μνήμης.

2175 5123 2291 5175 Κάν
2319 5124 2427 5192 γὰρ
2455 5124 2514 5176 τὸ
2553 5125 2867 5198 δροθέτημα
2907 5125 3111 5196 ταύτης
3175 5129 3235 5178 οὐ
3311 5128 3732 5195 τρακταῖζεται,

2173 5211 2306 5262 ἀλλὰ
2335 5212 2402 5263 τὰ
2429 5214 2485 5264 ἐν
2514 5212 2684 5282 ταύτῃ
2724 5213 3109 5282 περιεχόμενα,
3176 5213 3608 5282 ἐπιχειρήματα,
3645 5218 3732 5266 ἐν-

2174 5299 2468 5369 θυμήματά
2501 5319 2558 5353 τε
2593 5303 2684 5355 καὶ
2743 5304 3174 5371 ὲπενθυμήματα
3233 5303 3324 5354 καὶ
3373 5303 3574 5372 μᾶλλον
3634 5306 3735 5356 ὅσα

2173 5391 2278 5442 ἀπό
2303 5408 2359 5442 τε
2393 5392 2492 5459 τῆς
2533 5393 2773 5454 Παλαιᾶς
2800 5395 2894 5446 καὶ
2962 5394 3054 5446 τοῦ
3113 5392 3350 5462 μεγάλου
3428 5394 3733 5447 ἀποστόλου

1843 5663 1860 5691 ³
1894 5667 1908 5718 ι
1941 5669 2063 5722 Cor.
2095 5685 2192 5734 vn,
2230 5669 2280 5723 9.
2356 5668 2373 5697 ⁸
2418 5672 2435 5726 l
2474 5670 2661 5730 Thess.
2703 5688 2779 5740 tv,
2805 5676 2857 5730 4.
