3946 6342
237 370 354 436 817

1178 387 1265 453 IN
1294 389 1536 457 EPIST.
1572 397 1634 459 S.
1671 398 1962 463 BASILII
2004 404 2110 466 AD
2147 407 2578 479 DIODORUH.

3381 428 3487 493 818

242 486 462 544 Παύλου
503 491 868 565 συνετέθησάν
894 512 955 552 τε
984 498 1080 553 καὶ
1153 502 1507 580 ἀνετέθησαν,
1561 511 1799 581 μεγάλως

1932 526 2041 573 tum
2077 520 2383 580 conferunt.
2412 524 2548 583 Nota
2580 538 2756 585 autem
2780 544 2844 586 ex
2872 547 2956 598 ea,
2975 534 3116 602 quod
3143 534 3492 598 ecclesiastici

244 583 596 638 συντελοῦσιν
624 587 718 641 επὶ
764 589 983 662 ετίραις
1016 592 1331 654 ὑποθέσεσι.
1384 601 1702 673 Σημείωσαι
1749 606 1816 679 δὴ

234 673 354 728 ἀπὸ
406 675 612 748 ταύτης
631 679 714 733 ὅτι
743 681 836 734 καὶ
878 683 948 737 τὰ
977 681 1202 756 ἄγραφα
1233 689 1666 760 ἑκκλησιαστικά
1696 673 1817 767 ἔθη,

240 763 326 828 ὡς
355 765 404 819 ei
427 765 700 840 ἔγγραφοι
730 773 977 840 κανόνες,
1005 774 1069 829 τὺ
1099 776 1577 852 ἀπαρεγχείρητον
1608 763 1815 857 ἔχουσι·

235 855 337 910 καὶ
378 856 460 912 ὃτι
499 860 618 924 ταῖς
652 861 974 927 Μωσαϊκαῖς
1005 865 1350 936 νομοθεσίαις
1385 855 1672 944 προσέχειν
1719 878 1799 932 ob:

1931 895 2050 952 qua:
2077 896 2202 943 sunt
2237 890 2504 962 imprimis
2535 900 2838 956 necessaria
2877 909 2932 956 et

237 950 562 1021 ὀφείλομεν.
579 953 692 1007 Καὶ
707 954 871 1027 ἱτερα
897 958 954 1012 δι
976 959 1145 1015 πολλά
1173 967 1631 1037 παρασημείωσαι
1654 973 1719 1026 ὲκ
1746 972 1948 1048 ταύτης

324 1042 569 1096 ΖΩΝΑΡ.
608 1046 1080 1120 Προκαταστήσας
1108 1051 1184 1123 (α)
1225 1055 1489 1127 τὸνλόγον
1547 1062 1576 1114 ὁ
1633 1061 1814 1132 ἅγιος,

238 1130 342 1185 καὶ
373 1130 445 1195 ὥς
474 1134 532 1186 ὲν
554 1132 706 1208 ἄλλῳ
763 1140 1041 1213 προσώπῳ
1090 1145 1297 1216 τρίψας
1345 1149 1438 1204 τδν
1504 1130 1815 1224 γράψαντα,

235 1222 340 1276 νῦν
378 1226 473 1277 καὶ
500 1227 636 1297 πρὸς
666 1230 979 1302 ἀνατροπὴν
1004 1234 1097 1288 τοῦ
1129 1238 1456 1312 γράμματος
1483 1222 1682 1314 χωρεῖ·
1714 1222 1812 1300 καὶ

241 1313 466 1384 πρῶτον
493 1316 598 1386 μὲν
641 1318 705 1372 τδ
725 1319 846 1385 ἔθος
874 1324 1239 1394 προϐάλλεται
1295 1332 1392 1385 καὶ
1439 1313 1607 1404 νόμου
1641 1335 1814 1391 δύνα-

246 1419 347 1474 μιν
382 1404 531 1473 ἔχειν
561 1409 751 1480 φησὶν,
782 1412 862 1477 ὡς
883 1414 996 1468 τῶν
1020 1416 1244 1489 θεσμῶν
1269 1421 1391 1493 ἦτοι
1446 1426 1560 1480 τῶν
1601 1443 1816 1500 νενομι-

246 1497 490 1566 apem,
522 1499 632 1555 τῶν
666 1501 1007 1575 δεδογμένων
1031 1508 1137 1564 ὑπὸ
1160 1512 1333 1581 ἁγίων
1367 1516 1600 1588 ἀνδρῶν,
1640 1497 1817 1591 παρα-

236 1585 568 1656 δεδομένων.
622 1593 737 1648 Καὶ
770 1595 799 1648 ὀ
822 1597 1105 1664 πολιτικὸς
1133 1601 1192 1657 δὲ
1218 1603 1385 1674 νόμος
1410 1585 1482 1661 τὸ⁷
1531 1585 1818 1682 κρατῆσαν

245 1676 374 1742 ἔθος
403 1680 570 1751 νόμου
606 1682 840 1756 δύναμιν
870 1686 1016 1759 ἔχειν
1061 1691 1439 1754 διακελεύεται
1466 1716 1480 1732 ο
1569 1676 1675 1757 κᾶν
1696 1676 1708 1682 ⁷
1738 1704 1815 1776 μὴ

238 1768 353 1823 ὑπὸ
385 1772 555 1840 ἁγίων
577 1775 790 1847 ἀνδρῶν
844 1780 913 1836 τὰ
979 1788 1346 1857 νενομισμένα
1404 1791 1520 1855 τοῖς
1569 1768 1814 1861 πολίταις

1925 610 2088 666 etiam
2119 628 2226 668 non
2261 615 2446 686 scripti
2481 633 2680 687 mores,
2719 622 2861 678 sicut
2890 625 3071 696 scripti
3103 641 3371 695 canones,
3408 646 3496 686 re-

1929 698 2092 757 futari
2126 720 2230 760 non
2261 716 2483 777 possunt
2507 727 2521 776 ;
2542 719 2596 766 et
2621 715 2763 784 quod
2790 715 2932 785 leges
2961 719 3209 775 mosaicaa
3241 735 3347 776 non
3371 732 3496 779 sunt

1930 793 2287 851 attendendar.
2321 797 2458 854 Nota
2490 802 2651 857 etiam
2685 803 2850 859 multa
2874 804 2976 861 alia
3003 823 3067 862 ex
3102 810 3203 865 hac
3246 811 3491 880 epistola,

2959 904 3188 961 maxime
3217 907 3388 961 utilia.

1986 982 2082 1050 τῆς
2111 982 2422 1056 ἐπιστολῆς,
2440 990 2844 1060 ἀναγκαιότατά
2865 1012 2923 1049 τε
2945 995 3038 1049 καὶ
3066 999 3480 1069 χρησιμώτατα.

1990 1071 2241 1130 ZONAR.
2273 1077 2408 1133 Cum
2442 1090 2666 1140 sanctus
2690 1099 2991 1141 sermonem
3024 1100 3397 1158 praeparasset,
3431 1102 3485 1147 et

1915 1159 2162 1228 epistola:
2213 1168 2535 1238 scriptorem
2588 1181 2843 1244 tanquam
2889 1177 2941 1230 in
2989 1177 3148 1232 aliam
3197 1194 3483 1248 personam

1917 1253 2190 1322 vertisset,
2219 1273 2366 1315 nunc
2388 1269 2442 1316 et
2465 1262 2532 1317 ad
2558 1264 2744 1335 scripti
2761 1266 3184 1323 confutationem
3214 1272 3480 1338 procedit.

1921 1337 1987 1429 ει
2036 1343 2214 1411 primo
2257 1349 2474 1416 quidem
2518 1355 2957 1413 consuetudinem
3003 1337 3225 1424 objicit,
3255 1373 3483 1429 eamque

1916 1423 2049 1496 legis
2080 1429 2186 1485 vim
2215 1432 2415 1492 habere
2441 1441 2656 1508 asserit,
2682 1443 2932 1512 quoniam
2959 1423 3099 1501 ritus
3124 1446 3236 1502 sive
3255 1423 3476 1513 statu-ta,

1915 1531 1945 1570 a
1979 1521 2180 1578 sanctis
2203 1523 2458 1584 Patribus
2492 1531 2710 1588 decreta
2733 1573 2749 1601 ,
2781 1534 2973 1590 tradita
3002 1543 3146 1591 sunt.
3168 1537 3306 1603 Quin
3343 1539 3478 1593 civi-

1913 1609 1982 1667 lis
2041 1617 2203 1672 etiam
2263 1618 2350 1676 lex
2405 1625 2781 1693 pravalentem
2848 1630 3292 1684 consuetudinem
3345 1631 3478 1701 legis

1912 1702 2059 1761 vires
2083 1706 2282 1765 habere
2304 1710 2461 1780 jubet
2491 1731 2506 1769 :
2542 1714 2668 1771 licet
2698 1732 2822 1789 qum
2841 1717 3052 1775 civibus
3085 1719 3324 1774 instituta
3352 1733 3478 1778 sunt

1914 1809 2019 1852 non
2049 1811 2080 1852 a
2109 1800 2313 1857 sanctis
2339 1801 2471 1859 viris
2501 1805 2714 1860 decreta
2745 1806 2960 1865 fuerint.-
3003 1808 3148 1866 Dicit
3176 1812 3318 1866 enim
3345 1811 3482 1866 liber

238 1861 744 1938 ἑδαγματίσθησαν.
778 1870 919 1942 Φησὶ
939 1873 1050 1946 7&9
1100 1852 1307 1971 βιϐλίον
1346 1878 1392 1951 β’
1428 1852 1538 1938 τῶν
1585 1852 1799 1942 Βασιλιξ

1915 1901 1976 1952 n,
2005 1889 2088 1943 tit.
3036 1852 3232 1971 scrip;
3263 1901 3344 1958 lex
3373 1916 3479 1957 non

233 1951 376 2017 κῶν,
400 1953 564 2026 τίτλῳ
592 1963 664 2026 α’,
685 1975 815 2030 κεφ.
849 1961 952 2033 λβ⁹,
979 1966 1109 2038 περὶ
1132 1960 1208 2022 ὧν
1231 1970 1505 2043 ιγγραφος
1539 1975 1601 2028 οὐ
1635 1978 1812 2033 κεῖται

236 2040 411 2111 νόμος
443 2049 896 2117 παραφυλάττειν
925 2055 1010 2110 δεῖ
1031 2058 1090 2112 τὸ
1122 2058 1246 2125 ιθος
1312 2040 1429 2117 καί
1461 2066 1564 2138 τὴν
1645 2071 1811 2142 συνή-

233 2131 414 2200 θειαν,
443 2139 536 2191 καὶ
578 2139 650 2195 τὰ
677 2138 823 2215 ἑξῆς.
875 2147 987 2202 Καὶ
1039 2145 1194 2216 αὖθις
1216 2169 1230 2187 ο
1277 2154 1488 2212 Παλαιὰ
1519 2131 1531 2138 Ι
1551 2131 1809 2233 συνήθεια

227 2226 356 2278 ἀντὶ
381 2227 546 2298 νόμου
569 2233 915 2298 ιρυλάττεται.
943 2240 1051 2294 Καὶ
1085 2243 1247 2300 πάλιν
1264 2240 1287 2278 ”
1321 2247 1386 2303 Ἦ
1421 2255 1610 2321 μακρά
1648 2226 1813 2325 συνή-

230 2314 357 2373 θεια
410 2318 532 2376 ἀντὶ
557 2322 722 2393 νόμου
773 2330 986 2397 κρατεῖ,
1025 2333 1083 2385 ὲν
1118 2328 1200 2398 οἷς
1240 2337 1340 2390 οὐκ
1397 2314 1554 2394 ἔστιν.
1603 2314 1808 2414 ἐγγρα-

229 2424 354 2474 φος.
436 2412 598 2477 Ἒθος
657 2415 716 2469 δὲ
764 2417 914 2486 λέγει
965 2423 993 2474 ὁ
1029 2423 1186 2491 ἅγιος
1225 2420 1382 2491 οὗτος
1408 2430 1470 2482 τὸ
1501 2432 1560 2484 ἐν
1577 2437 1641 2504 τῇ
1684 2412 1810 2490 Ἕκ.

233 2498 439 2571 κλησίᾳ
459 2502 878 2576 ἐνεργούμενον.
928 2510 1055 2566 Ἐὰν
1112 2517 1222 2586 γάρ
1255 2534 1339 2582 τις
1361 2519 1517 2576 δυσὶν
1548 2498 1808 2595 ἀδελφαῖς

231 2586 498 2657 ἀθίσμως
529 2594 724 2667 μιχθῇ,
751 2599 938 2668 φησὶν,
1001 2601 1061 2655 οὐ
1124 2605 1391 2677 πρότερον
1441 2586 1806 2685 παραδέχεται

230 2679 318 2740 εἰς
368 2679 892 2760 Ἐκκλησίαν,είμὴ
921 2693 1246 2762 χωρισθεῖεν
1295 2698 1393 2751 ἀπ’
1448 2679 1701 2772 ἀλλήλων
1754 2707 1805 2760 ei

229 2764 381 2820 οὕτω
404 2770 738 2840 μιανθέντες,
762 2774 839 2839 ὡς
869 2779 1003 2849 μηδὲ
1027 2780 1210 2850 γάμου
1270 2785 1364 2837 τοῦ
1421 2764 1666 2844 τοιούτου
1703 2792 1807 2864 μύ·

232 2873 367 2922 σους
397 2858 773 2930 λογιζομένου.
805 2869 926 2922 Κᾶν
956 2865 1050 2924 οῦν
1073 2873 1202 2926 ἀλλο
1234 2893 1286 2929 τι
1315 2877 1415 2933 οὐκ
1448 2879 1669 2953 εἴχομεν
1703 2858 1805 2940 ἐί-

233 2950 384 3011 πεῖν,
403 2951 560 3006 τοῦτο
581 2953 643 3007 τὸ
671 2953 790 3019 ῐθος
806 2957 969 3028 ἦρκει
1002 2961 1083 3024 είς
1103 2963 1421 3039 ἀποτροπὴν
1465 2950 1581 3024 τοῦ
1598 2975 1795 3031 κακοῦ.

244 3038 401 3092 Ἐπεὶ
427 3040 506 3108 es,
535 3046 724 3112 φησιν,
761 3048 790 3100 ὁ
820 3053 1198 3121 συνηγορήσας
1221 3056 1311 3109 διὰ
1369 3038 1470 3130 τῆς
1513 3062 1803 3138 ἐπιπολῆς

1914 1988 2112 2046 exstat,
2151 1982 2207 2037 in
2255 1983 2340 2040 bis
2379 2000 2584 2044 morem
2618 1997 2673 2045 et
2718 1994 3160 2049 consuetudinem
3202 1995 3480 2051 custodire

1912 2078 2145 2138 oportet,
2163 2081 2218 2128 et
2237 2087 2356 2143 qua
2380 2085 2698 2146 sequuntur.
2737 2079 2893 2153 142
2937 2082 3001 2138 Ει
3031 2099 3245 2141 rursum
3279 2101 3294 2142 :
3323 2086 3480 2142 Anti-

1913 2171 2019 2229 qua
2041 2170 2373 2221 consuetudo
2400 2177 2499 2236 pro
2521 2166 2638 2239 lege
2665 2171 2980 2229 custoditur.
3004 2171 3137 2228 Item
3163 2192 3176 2229 :
3209 2173 3475 2232 Diuturna

1910 2253 2248 2312 consuetudo
2275 2270 2373 2326 pro
2400 2258 2519 2329 lege
2550 2258 2799 2329 obtinet,
2839 2263 2894 2318 in
2929 2263 3124 2334 quibus
3162 2264 3246 2321 lex
3277 2267 3478 2337 scripta

1911 2342 2112 2400 deficit.
2145 2345 2246 2403 Hic
2271 2354 2450 2406 autem
2477 2360 2693 2410 sanctus
2720 2355 2884 2411 Pater
2910 2355 3346 2414 consuetudinem
3376 2373 3476 2413 vo-

1907 2439 2018 2497 cat,
2047 2435 2190 2503 quod
2225 2436 2278 2491 in
2310 2437 2548 2498 Ecclesia
2587 2442 2727 2500 valet
2756 2461 2772 2500 :
2801 2444 2859 2502 Si
2909 2446 3028 2514 quis
3057 2447 3201 2502 enim
3243 2447 3472 2514 duabus.

1908 2518 2083 2591 inquit
2116 2561 2132 2588 ,
2186 2527 2466 2585 sororibus
2532 2531 2809 2603 illegitime
2871 2537 3308 2606 commisceatur,
3370 2556 3475 2597 non

1907 2610 2060 2680 prius
2084 2612 2136 2666 in
2169 2612 2465 2674 Ecclesiam
2510 2622 2808 2693 recipitur,
2858 2627 2964 2683 nisi
3011 2631 3100 2699 qui
3155 2631 3260 2687 hoc
3316 2632 3478 2688 modo

1909 2703 2363 2777 contaminantur,
2408 2725 2439 2765 a
2489 2727 2548 2770 se
2603 2714 2836 2775 invicem
2888 2731 3246 2792 separentur,
3293 2733 3477 2794 utpote

1906 2795 2047 2864 quod
2087 2812 2259 2870 neque
2298 2805 2703 2863 matrimonium
2730 2817 2940 2867 tantum
2967 2813 3143 2870 scelus
3172 2825 3473 2886 reputetur.

1905 2887 2161 2954 Quamvis
2201 2892 2379 2962 itaque
2408 2896 2542 2953 nihil
2568 2898 2712 2957 aliud
2745 2903 2922 2960 dicere
2967 2904 3314 2971 haberemus,
3362 2909 3474 2966 hate

1905 2982 2240 3038 consuetudo
2261 2985 2402 3042 malo
2434 2988 2521 3046 isti
2555 2994 2846 3050 evertenda
2875 2996 3091 3052 sulﬁcit.
3122 2998 3475 3070 Quandoqui-

1902 3067 2024 3123 dem
2055 3081 2235 3128 autem
2267 3077 2358 3143 qui
2401 3077 2500 3134 hoc
2549 3083 2770 3150 malum,
2831 3085 3022 3156 inquit,
3068 3101 3163 3157 per
3192 3067 3472 3159 epistolam

229 3130 501 3201 τῷκαίῷ,
531 3134 612 3204 τῷ
656 3136 872 3207 παλαιῷ
909 3141 1188 3211 ἐχρήσατο
1210 3146 1381 3216 νόμῳ,
1437 3150 1517 3221 τῷ
1564 3130 1798 3226 λέγοντί,

238 3222 503 3252 Paul-7....
537 3225 626 3252 l...‘
669 3227 904 3252 A§-q_-_‘!
944 3234 1086 3252 ηοω-ι
1213 3238 1225 3252 ι
1279 3241 1298 3252 .
1326 3239 1340 3252 ι
1372 3242 1385 3252 .
1504 3243 1517 3252 .
1611 3245 1660 3252 ---
1714 3251 1720 3252 ,

2283 3130 2297 3143 .
2549 3130 2770 3150 ---ω-ω,
2927 3130 3022 3152 -..,
3069 3130 3154 3157 ι.-.
3193 3130 3472 3159 erum..."

1907 3161 2168 3229 defendit,
2198 3169 2366 3223 veteri
2396 3167 2510 3240 lege
2537 3174 2710 3230 utitur
2750 3130 2963 3235 dicerite
2986 3197 3000 3233 :
3027 3178 3302 3237 Hulierem
3332 3185 3473 3238 zelo-

228 3222 505 3277 Γυναῐκα
532 3225 626 3278 ἐπ’
663 3227 904 3299 ἀδελφῇ
933 3234 1123 3300 αὐτῆς
1163 3238 1235 3292 οὐ
1261 3239 1435 3310 λήψῃ
1485 3222 1799 3315 ἀντίξηλοκ

228 3314 621 3342 ,ιηηημληη
1006 3341 1009 3342 ,
1173 3329 1186 3342 .
1250 3329 1278 3341 -
1370 3331 1391 3342 -
1488 3333 1538 3342 -ι

1907 3263 2082 3323 typam
2113 3275 2269 3326 super
2290 3279 2520 3319 sororem
2543 3263 2656 3335 ejus
2683 3282 2786 3322 non
2812 3270 3031 3342 accipies
3049 3276 3118 3328 ad
3143 3276 3474 3330 "uelandam

224 3314 622 3387 ἀποκαλύψαι
649 3319 1094 3394 ἀσχημοσύνην
1120 3329 1335 3399 αὐτῆς,
1361 3331 1449 3386 ἔτι
1479 3314 1802 3406 ζώσηςίαὺ·

224 3402 342 3470 τῆς
374 3418 388 3433 ⁸
435 3407 737 3462 κάντεῦθεν
778 3413 1106 3483 συνήγαγεν,
1142 3418 1225 3472 ὅτι
1254 3402 1796 3502 συγχωρεῖταιλαμο

223 3495 414 3548 ϐάνειν
445 3497 858 3572 τελευτησάσης
885 3505 986 3576 τὴν
1018 3507 1258 3581 ἀδελφὴν
1289 3514 1463 3585 αὐτῆς
1487 3534 1502 3548 θ
1583 3495 1798 3591 πρῶτον

225 3588 330 3654 μὲν
361 3589 388 3640 6
427 3589 581 3658 ἅγιος
605 3593 783 3662 λέγει,
810 3598 891 3650 ὅτι
919 3597 1018 3651 ὅσα
1049 3599 1263 3670 ὀνόμος
1343 3605 1514 3675 λέγει,
1593 3588 1705 3676 τοῖς
1741 3617 1798 3668 ἐν

218 3676 301 3746 τῷ
328 3679 476 3750 νόμῳ
502 3681 672 3738 λαλεῖ.
705 3685 768 3738 Εἰ
810 3686 918 3758 7&9
962 3688 1037 3760 μὴ
1067 3690 1223 3746 τοῦτο
1251 3694 1346 3746 καὶ
1379 3702 1794 3774 περιτμηθησό-

231 3767 397 3837 μεθα,
442 3772 534 3826 καὶ
573 3776 640 3828 τὰ
713 3776 969 3833 Σάϐϐατα
1029 3780 1359 3853 φυλάξομεν.
1417 3767 1513 3843 καὶ
1546 3767 1794 3865 ⁷β’ριιιίμοὶρ

225 3879 340 3915 των
377 3865 649 3937 διαφόρων
688 3870 1034 3942 ἀφεξόμεθα·
1072 3877 1130 3928 οὐ
1156 3877 1265 3946 7&9
1287 3879 1396 3934 τῶν
1444 3887 1796 3953 περιποιοῦν-

221 3970 336 4007 των
360 3955 491 4025 ἡμῖν
531 3959 723 4027 ἡδονάς
765 3962 1102 4033 άνθεξόμεθα
1152 3967 1216 4020 ὲκ
1240 3969 1334 4022 τοῦ
1387 3973 1648 4028 παλαιοῦ·
1689 3977 1797 4031 τῶν

217 4042 280 4093 δὲ
319 4042 456 4113 βαρύ
487 4064 540 4098 τι
567 4049 798 4117 ἑχόντων
818 4053 1146 4125 ἀφεξόμεθα,
1183 4059 1279 4111 καὶ
1306 4063 1372 4131 τῇ
1412 4063 1501 4118 διὰ
1526 4065 1620 4118 τοῦ
1664 4068 1798 4136 Χρι-

221 4134 352 4185 στοῦ
384 4137 515 4206 ἡμῖν
548 4137 762 4211 δοθείσῃ
817 4141 1102 4216 ἐλευθερίᾳ
1122 4147 1243 4202 τότε
1273 4134 1791 4227 προσδραμούμεθα.

231 4222 295 4276 '0
320 4228 429 4294 γάρ
479 4229 573 4280 τοῦ
615 4229 852 4299 Χριστοῦ
893 4236 1056 4303 νόμος
1089 4222 1460 4309 ἠλευθέρωσεν
1493 4222 1643 4312 ἡμᾶς
1688 4248 1798 4303 τῶν

216 4317 435 4386 βαρέων
465 4318 558 4371 τοῦ
589 4320 779 4388 νόμου,
833 4323 940 4377 τῶν
967 4325 1063 4395 τῆς
1095 4331 1397 4401 περιτομῆς
1431 4333 1656 4409 δηλαδὴ»
1703 4343 1796 4397 καὶ

208 4406 316 4475 τῆς
355 4409 462 4463 τῶν
485 4411 883 4483 κεκωλυμένων
935 4415 1240 4492 βρωμάτιον
1285 4425 1516 4498 ἀποχῆς,
1565 4406 1657 4483 τοῦ
1705 4433 1795 4486 τὸν

211 4496 484 4566 γονοῤῥυῆ
530 4499 840 4568 ἀκάθαρτον
894 4503 1197 4574 κρίνεσθαι,
1239 4512 1335 4563 καὶ
1384 4496 1476 4567 τὸν
1513 4517 1790 4589 ἁψάμενον
1816 4520 1869 4580 D

210 4585 433 4656 νεκροῦ,
491 4592 585 4641 καὶ
636 4589 727 4642 τὸν
774 4591 1145 4664 λεπρωθέντα,
1194 4600 1289 4653 καὶ
1335 4604 1512 4660 ἀλλων
1559 4585 1791 4669 πολλῶν.

222 4679 569 4751 Ἦρωτήθην,
605 4683 790 4752 φησὶν,
811 4687 858 4738 εί
891 4687 1200 4758 γέγραπται
1234 4693 1533 4766 λαμϐάνειν
1559 4705 1793 4769 γυναῖκα

211 4771 302 4822 ἐπ’
335 4771 558 4843 ἀδελφῇ,
581 4776 747 4846 ἤγουν
777 4778 824 4829 εί
857 4778 957 4849 τῆς
986 4784 1247 4850 γυναικὸς
1270 4790 1469 4854 αὐτοὺς
1504 4790 1600 4863 τὴν
1634 4795 1784 4851 ἀδελ-

212 4865 323 4934 ιρὴν
375 4865 548 4930 ἔξεστι
610 4871 909 4941 λαμϐάνειν
962 4878 1109 4932 τινί·
1147 4885 1242 4936 καὶ
1281 4881 1434 4938 εἷπον
1464 4887 1546 4940 ὅτι
1603 4891 1664 4943 ού
1696 4893 1787 4960 γέ-

210 4971 477 5024 γραπται.
507 4962 685 5031 Ὅπερ
725 4964 819 5016 καὶ
867 4965 1067 5038 ἀληθές
1097 4972 1267 5037 ἐστιν,
1313 4975 1449 5030 ἀλλὰ
1492 4978 1588 5031 καὶ
1613 4981 1790 5049 ἀσφα-

211 5047 323 5110 λές.
365 5049 437 5101 Τὸ
471 5051 529 5104 δὲ
562 5053 967 5124 συλλογίζεσθαι
996 5062 1057 5114 τὸ
1098 5065 1393 5134 σιωπηθὲν,
1443 5069 1609 5138 ἤγουν
1664 5047 1786 5125 ἐπεὶ

210 5138 240 5190 ὁ
268 5137 435 5207 νόμος
460 5135 636 5210 εἶπεν,
671 5145 775 5211 ὅτι,
813 5151 895 5202 Οὐ
921 5151 1095 5220 λήψῃ
1130 5155 1390 5223 γυναῖκα
1418 5135 1512 5210 ἐπ’
1544 5160 1780 5231 ἀδελφῇ

211 5225 403 5295 αὐτῆς
434 5230 773 5302 ἀντιζηλον,
800 5239 898 5292 καὶ
932 5243 1021 5294 ἔτι
1051 5241 1244 5310 ζώσης
1280 5247 1493 5317 αὐτῆς.
1548 5225 1778 5306 ἀκόλου;

212 5317 307 5371 θόν
334 5320 501 5388 ἐστιν,
534 5323 616 5376 ὅτι
652 5329 788 5395 μετά
815 5331 1042 5388 θάνατον
1077 5335 1136 5387 οὐ
1163 5339 1432 5394 κωλύεται
1483 5343 1584 5413 τὴν
1620 5347 1775 5398 ἀδελ-

213 5409 320 5480 φὴν
353 5413 448 5481 τῆς
476 5419 736 5483 γυναικδς
766 5420 1090 5493 λαμϐάνειν,
1122 5428 1196 5492 ὡς
1232 5433 1430 5499 μηκέτι
1492 5409 1592 5502 τῆς
1621 5435 1779 5506 ζηλο-

214 5502 413 5566 τυπίας
453 5506 721 5577 ἐσομένης
751 5527 766 5542 ⁸
795 5513 952 5568 τοῦτο
975 5555 990 5576 ,
1021 5522 1176 5588 φησι,
1209 5522 1268 5574 τὸ
1321 5523 1548 5578 τοιαῦτα
1595 5502 1773 5595 λέγειν

214 5593 529 5661 νομοθετεῖν
557 5599 675 5653 ἔστι
706 5606 798 5655 καὶ
833 5607 1065 5671 οἰκείους
1089 5613 1433 5681 συνεισάγειν
1467 5617 1685 5686 νόμους,
1715 5623 1771 5673 οὐ

215 5681 282 5735 τά
316 5685 408 5738 τοῦ
440 5691 606 5758 νόμου
662 5692 842 5760 λέγειν
876 5713 890 5728 ·
927 5700 974 5750 εί
1008 5700 1115 5770 γὰρ
1145 5702 1329 5772 δῶμεν
1377 5681 1774 5774 μετά-θάνατον

321 5784 335 5811 ¹
379 5781 555 5840 Levit.
595 5805 752 5853 xvstt,
801 5795 882 5848 18.

1903 3348 2281 3415 turpitudinem
2315 3355 2449 3424 ejus,
2481 3360 2599 3427 ipsa
2647 3361 2820 3415 adhuc
2859 3365 3049 3420 vivente
3071 3367 3087 3398 ⁸
3118 3382 3132 3432 ;
3182 3375 3236 3420 ει
3278 3369 3474 3423 exinde

1901 3438 2125 3508 colligit,
2157 3446 2297 3510 quod
2320 3447 2436 3517 ejus
2467 3449 2761 3506 demortua:
2793 3467 3035 3512 sororem
3070 3459 3316 3527 accipere
3342 3473 3470 3513 con-

1901 3526 2132 3585 ceditur.
2171 3532 2354 3588 Primo
2384 3537 2596 3604 quidem
2649 3550 2870 3598 sanctus
2907 3546 3004 3610 ait,
3045 3526 3470 3618 quodquaacun-

1901 3631 2006 3685 que
2038 3620 2121 3674 lex
2156 3623 2308 3688 dicit,
2345 3627 2408 3682 iis
2439 3643 2557 3698 qua:
2591 3641 2720 3689 sunt
2753 3634 2804 3689 in
2851 3634 2967 3707 lege
3016 3638 3180 3702 dicit:
3230 3641 3466 3710 alioquin

1900 3711 2040 3766 enim
2079 3724 2130 3768 et
2160 3717 2638 3788 ci-rcumcidemur,
2677 3736 2733 3781 et
2760 3726 2996 3786 Sabbata
3031 3733 3463 3802 observabimus,

1901 3812 1953 3858 et
1995 3820 2021 3856 a
2057 3807 2219 3863 variis
2244 3809 2379 3867 cibis
2420 3815 2832 3877 abstinebimus.
2875 3821 3059 3894 Neque
3099 3826 3242 3880 enim
3271 3841 3339 3882 ex
3370 3843 3467 3883 ve-

1902 3895 1999 3949 teri
2048 3913 2146 3953 nns
2190 3900 2306 3972 lege
2354 3908 2756 3967 continebimus
2789 3913 2855 3968 ab
2907 3915 2973 3970 iis
3007 3931 3126 3986 qua:
3167 3920 3471 3988 voluptates

1901 3987 2057 4046 nobis
2082 3994 2384 4051 conferunt.
2413 3996 2494 4052 Ab
2525 3999 2589 4054 iis
2609 4009 2815 4070 autem,
2847 4019 2964 4074 qua:
2990 4022 3153 4078 grave
3185 3987 3382 4080 aliquid
3413 4014 3466 4067 in

1901 4094 1959 4135 se
1983 4083 2283 4152 continent,
2313 4086 2730 4159 abstinebimus;
2764 4104 2818 4149 et
2859 4096 2925 4150 ad
2958 4097 3260 4156 libertatem
3314 4106 3468 4160 nobis

1901 4188 1997 4241 per
2035 4174 2311 4234 Christum
2358 4194 2671 4240 concessam
2715 4195 2840 4243 tunc
2869 4190 3263 4260 confugiemus.
3307 4194 3469 4252 Nam-

1900 4280 2006 4332 que
2035 4265 2116 4319 lex
2152 4267 2349 4325 Christi
2379 4272 2447 4328 ab
2478 4275 2565 4341 iis,
2601 4292 2720 4345 qua:
2749 4278 2800 4333 in
2831 4278 2946 4349 lege
2974 4284 3155 4351 gravia
3187 4295 3334 4350 sunt,
3367 4303 3467 4342 nos

1898 4356 2177 4424 liberavit;
2210 4376 2236 4413 a
2273 4363 2690 4423 circumcisione
2725 4371 2949 4436 scilicet,
2979 4372 3046 4427 ab
3072 4375 3394 4431 abstinentia
3429 4395 3460 4434 a

1899 4447 2183 4514 prohibitis
2209 4452 2368 4519 cibis,
2401 4457 2465 4510 ab
2494 4472 2560 4513 eo
2590 4459 3202 4532 immundojudicando,
3234 4470 3326 4538 qui
3368 4469 3465 4523 lin-

2260 4561 2286 4600 s
2317 4559 2508 4615 passus
2540 4560 2656 4612 est,
2683 4545 2775 4620 qiti
2811 4563 3078 4609 mortuum
3114 4558 3325 4628 tetigit,
3369 4563 3461 4630 qui

1894 4627 2037 4696 lepra
2077 4631 2305 4690 iniectus
2333 4649 2417 4691 est
2445 4679 2460 4703 ,
2491 4649 2545 4694 et
2577 4641 2698 4698 aliis
2728 4660 2890 4714 quam
2917 4646 3191 4715 plurimis.
3224 4627 3459 4725 Interro-

1893 4731 2047 4787 gatus
2073 4736 2213 4788 sum,
2244 4725 2436 4797 inquit,
2471 4745 2536 4785 an
2575 4733 2835 4803 scriptum
2862 4736 2934 4792 sit
2972 4739 3217 4808 accipere
3238 4758 3456 4799 uxorem

1892 4810 1958 4862 ad
2006 4825 2285 4882 sororem;
2321 4818 2572 4875 nimirum
2623 4838 2688 4876 an
2741 4825 2900 4880 liceat
2935 4829 3166 4899 cuipiam
3216 4847 3457 4889 sororem

1892 4900 2076 4954 uxoris
2107 4917 2218 4958 suae
2249 4906 2476 4974 ducere;
2505 4920 2559 4962 et
2587 4912 2694 4966 dixi
2724 4929 2826 4968 non
2861 4916 3119 4986 scripturn
3150 4934 3288 4989 esse;
3316 4927 3458 4993 quod

1895 5006 2083 5048 verum
2118 5004 2221 5060 est,
2259 5007 2420 5067 atque
2448 5002 2611 5057 etiam
2645 5013 2838 5061 tutum.
2871 5007 2946 5062 Ex
2977 5025 3041 5065 eo
3071 5023 3249 5067 autem
3272 5056 3284 5079 ,
3313 5016 3457 5084 quod

1895 5097 1999 5136 non
2035 5085 2238 5140 dictum
2269 5098 2373 5154 est,
2404 5091 2692 5149 illationem
2737 5097 2935 5164 facere,
2980 5117 3170 5171 nempe
3200 5105 3454 5173 quoniam

1891 5171 1970 5228 lex
2005 5176 2165 5241 dicit,
2193 5181 2336 5249 quod
2373 5180 2495 5238 Non
2541 5189 2762 5256 accipies
2797 5207 3010 5247 uxorem
3043 5171 3339 5266 zelolypam
3385 5201 3454 5253 ad

1884 5280 2116 5321 sororem
2143 5272 2328 5338 ipsius,
2362 5275 2473 5340 ipsa
2501 5280 2656 5333 etiam
2679 5281 2848 5337 adhuc
2877 5286 3094 5354 vivente,
3118 5305 3453 5361 consequens

1885 5366 1967 5409 est
1998 5361 2138 5425 quod
2171 5374 2290 5431 post
2334 5376 2559 5423 mortem
2602 5386 2844 5430 sororem
2880 5378 3066 5434 uxoris
3098 5382 3294 5438 ducere
3342 5398 3451 5439 non

1886 5448 2220 5513 prohibetur,
2259 5464 2316 5509 nt
2365 5458 2630 5529 zelotypia
2666 5466 2896 5534 amplius
2949 5484 3053 5525 non
3101 5470 3303 5541 futura,
3345 5476 3448 5531 hoc

1887 5537 2080 5605 inquit,
2115 5543 2259 5607 talia,
2290 5547 2494 5604 scilicet
2523 5551 2702 5609 dicere
2731 5566 2811 5612 est
2843 5558 3010 5628 legem
3045 5562 3208 5629 ferre,
3235 5576 3289 5619 et
3319 5581 3446 5635 pro-

1886 5629 2032 5695 prius
2060 5629 2204 5699 leges
2232 5635 2594 5706 introducere,
2627 5659 2731 5700 non
2758 5662 2818 5704 ea
2847 5664 2966 5720 qum
2996 5663 3120 5707 sunt
3163 5654 3294 5725 legis
3325 5675 3446 5727 pro-

1889 5719 2049 5774 l'crre.
2090 5722 2155 5777 Si.
2179 5725 2372 5784 demus
2389 5733 2566 5798 enim,
2583 5745 2704 5804 post
2738 5719 2963 5800 mortem
2990 5747 3178 5803 uxoris
3206 5765 3442 5810 smnrcxn

281 5877 349 5942 ζα)
376 5878 507 5932 Hanc
531 5884 989 5949 interpretationem
1011 5892 1148 5945 dedit
1178 5893 1477 5961 Devercgius
1507 5901 1556 5950 in
1583 5902 1711 5954 notis
1738 5917 1799 5955 ex
1828 5909 1994 5962 codice
2017 5912 2424 5971 AmerbaChiano.
2451 5918 2588 5973 Enn.
