3946 6342
551 366 655 429 819
1787 368 2064 428 ΤΗΕΟΙ).
2105 366 2109 425 Ϊ

2208 366 2502 429 LSAMON
3659 361 3766 425 820

550 475 712 542 ipsius
741 475 789 526 cl
829 474 1077 543 accipere
1107 473 1288 539 licere,
1326 474 1415 542 qui
1452 485 1677 530 mortuae
1722 478 1947 531 maritus
1976 476 2098 542 fuit,

2210 477 2302 546 τῆς
2327 475 2590 544 γυναικὸς
2619 473 2719 545 τὴν
2741 472 2976 544 ἀδελφὴν
2999 473 3167 542 αὖτῆς
3211 472 3509 543 λαμϐάνειν
3539 472 3640 527 τδν
3669 478 3768 542 τῆς

542 567 792 630 quoniam
827 565 1102 635 zel0typiae
1132 565 1310 634 passio
1352 566 1524 622 locum
1564 567 1791 638 amplius
1838 582 1943 621 non
1993 568 2089 621 htt-

2212 569 2612 639 τελευτησάσης
2648 566 2838 638 ἄνδρα,
2868 567 2957 622 διὰ
2981 567 3043 621 τὸ
3090 566 3286 636 μηκέτι
3346 567 3406 619 τδ
3436 566 3538 634 τῆς
3600 565 3770 636 ζηλοο

542 658 702 718 heat,
736 670 852 709 eam
903 655 1128 725 accipiet
1162 657 1321 710 etiam
1365 658 1476 727 ipsa
1511 657 1737 721 vivente,
1795 659 1838 712 si
1878 673 2091 712 sorores

2215 660 2400 723 τυπίας
2445 660 2615 725 πάθος
2655 663 2836 732 χώραν
2886 660 3056 729 ἔχειν,
3113 658 3346 727 λήψεται
3401 657 3614 725 ταύτην
3674 659 3773 709 καὶ

545 747 820 816 zelotypite
870 749 1166 816 passionem
1199 763 1324 818 erga
1380 763 1436 803 se
1483 749 1708 803 invicem
1743 763 1847 803 non
1888 749 2089 802 habue-

2215 749 2379 816 ζώσης
2411 748 2649 819 ἐκείνης,
2677 750 2726 802 εἰ
2754 748 3096 818 ἀζηλότυπον
3132 747 3273 817 πρὸς
3301 745 3538 816 ἀλλήλας
3597 747 3773 808 πάθες

545 841 671 890 rint.
706 839 806 892 Sed
831 838 970 892 dicet
1003 839 1194 908 aliquis
1229 839 1329 893 hoc
1355 856 1458 895 non
1488 841 1742 909 scriptum
1778 853 1896 895 esse
1938 856 1950 891 :
2001 854 2092 891 vc-

2212 840 2365 907 ἶχοιεν
2397 842 2451 891 at
2478 839 2725 906 ἀδελφαί.
2769 839 2912 890 Ἀλλ’
2949 839 3069 908 ipsi
3097 854 3180 900 τις
3239 838 3321 890 ὅτι
3355 837 3512 890 τοῦτο
3573 839 3641 890 οὗ
3671 838 3770 904 γέ-

543 945 660 980 rnni
703 944 800 984 nec
827 930 953 983 illud
979 931 1236 998 scriptum
1263 941 1364 996 est,
1392 940 1450 985 ut
1479 941 1600 1001 post
1627 941 1854 984 mortem
1887 931 2092 984 scilicet

2209 946 2437 997 γραπται
2465 946 2476 959 ·
2506 929 2621 982 ἀλλ’
2643 930 2762 983 οὐδὲ
2785 930 2958 982 ἐκεῖνο
2982 929 3308 997 γέγραπται,
3344 927 3401 979 τὺ
3427 929 3564 995 μετὰ
3589 927 3767 979 θανα-

544 1019 785 1074 tnulieris
819 1021 1042 1074 maritus
1077 1021 1190 1090 ejus
1232 1030 1456 1085 mortua:
1486 1036 1726 1077 sororem
1776 1022 1826 1076 in
1869 1034 2088 1077 usorem

2209 1036 2282 1070 τον
2311 1016 2512 1086 δηλαδὴ
2531 1018 2628 1087 τῆς
2653 1015 2908 1085 γυναικὸς
2930 1015 3020 1069 τὸν
3047 1016 3262 1085 ἐκείνης
3292 1013 3454 1082 ἄνδρα
3485 1011 3584 1080 τὴν
3605 1011 3767 1066 ἁδελ-

544 1113 779 1163 duceret.
818 1111 1017 1166 Deinde
1053 1111 1220 1178 addit,
1251 1113 1393 1181 quod
1422 1115 1463 1167 si
1496 1127 1558 1167 ea
1589 1128 1707 1181 qua:
1737 1122 1898 1178 retro,
1932 1111 2091 1184 paulo

2207 1111 2299 1178 ρὴν
2322 1109 2417 1174 τῆς
2451 1109 2847 1177 τελευτησάσης
2881 1109 2962 1170 εἰς
2994 1108 3230 1173 γυναῖκα
3275 1103 3589 1173 λαμϐάνειν.
3626 1097 3765 1154 Εἶτα

541 1200 746 1254 ει-ἱίὶοθι
775 1210 918 1266 ante,
952 1203 1001 1255 in
1027 1202 1144 1271 lege
1172 1203 1309 1256 dicta
1338 1211 1484 1268 sunt,
1519 1202 1967 1265 consideraveris,
2008 1199 2090 1254 ul-

2203 1201 2413 1268 ὲπάγει,
2432 1204 2512 1257 ὓτι
2545 1203 2592 1254 εί
2618 1200 2687 1252 τὰ
2713 1199 2940 1254 κατόπιν
2964 1198 3060 1267 τῆς
3083 1195 3404 1265 νομοθεσίας
3433 1193 3761 1261 σκοπήσεις,

541 1291 721 1343 tcriori
751 1291 988 1346 molestia
1023 1292 1279 1346 liberatus
1324 1293 1451 1349 eris.
1495 1291 1613 1348 Non
1659 1307 1869 1348 omnem
1905 1292 2086 1357 enim,

2207 1291 2262 1345 τὰ
2291 1292 2513 1344 ὖπισθεν
2539 1290 2760 1361 δηλαδὴ,
2814 1288 3206 1356 ἁπαλλαγήσῃ,
3235 1284 3595 1356 πραγμάτων.
3690 1283 3765 1335 Οὐ

541 1380 750 1445 inquit,
776 1390 1113 1447 peccatorum
1149 1382 1380 1450 speciem
1411 1381 1682 1452 legislator
1723 1381 1791 1436 ibi
1844 1395 2089 1448 compre-

2211 1384 2304 1450 γὰρ
2338 1383 2443 1434 πᾶν
2474 1374 2613 1441 εἶδος
2643 1381 2669 1431 ὁ
2697 1377 2993 1447 νομοθέτης
3023 1374 3282 1438 ἐνταῦθα,
3334 1373 3488 1442 φησὶ,
3529 1372 3769 1441 περιλα-

541 1470 771 1525 heudere
797 1473 895 1526 sibi
927 1473 1204 1541 proposuit
1239 1489 1252 1526 :
1279 1473 1372 1528 sed
1423 1483 1634 1542 peccata
1668 1473 2044 1544 Egyptiorum
2074 1514 2088 1539 ,

2206 1472 2310 1523 δεῖν
2344 1469 2757 1540 ἁμαρτημάτων
2787 1466 3047 1536 προέθετο
3069 1480 3085 1495 °
3110 1465 3247 1517 ἀλλὰ
3275 1464 3345 1516 τὰ
3396 1464 3505 1514 τῶν
3575 1464 3728 1529 Αἰγυ
3746 1490 3764 1501 ο

541 1562 678 1615 inter
719 1575 850 1630 quos
877 1562 1222 1618 Hebraeorum
1264 1564 1490 1634 populus
1531 1573 1782 1633 tanquam
1825 1565 2090 1633 peregrini

2205 1564 2384 1620 πτίων,
2415 1557 2496 1623 οἷς
2548 1557 2793 1628 παρῲκει
2844 1558 3036 1626 πρώην
3069 1557 3096 1608 ὀ
3139 1555 3408 1625 Ἐϐραίων
3454 1554 3604 1617 λαὸς,
3664 1558 3763 1606 καὶ

550 1664 704 1707 antea
737 1653 1068 1719 habitarunt;
1106 1663 1159 1708 et
1187 1655 1644 1720 Chananaeorum,
1673 1655 1738 1708 ad
1768 1670 1900 1722 quos
1932 1663 2081 1708 tran-

2209 1653 2261 1705 τὰ
2297 1651 2401 1703 τῶν
2430 1650 2771 1710 Χαναναίων,
2804 1648 2938 1718 πρὸς
2957 1645 3052 1709 οὓς
3079 1645 3398 1715 μετετίθετο
3452 1646 3547 1698 καὶ
3577 1645 3767 1716 μετῴ-

543 1744 743 1798 sierunt
776 1753 826 1799 et
859 1745 1338 1815 transmigrarunt;
1371 1745 1510 1815 quod
1555 1745 1845 1800 verisimile
1871 1754 1987 1808 est;
2040 1753 2092 1796 et

2209 1760 2376 1804 κεστο,
2401 1743 2494 1793 καὶ
2520 1741 2664 1802 εἰκός
2693 1743 2830 1794 ἐστι.
2867 1740 2977 1794 Καὶ
3007 1740 3089 1792 ὅτι
3136 1737 3292 1791 τοῦτο
3360 1737 3420 1793 τὸ
3467 1730 3604 1797 εἶδος
3669 1732 3767 1786 τοῦ

543 1835 680 1900 quod
727 1833 882 1887 istam
933 1843 1269 1902 peccatorum
1319 1837 1593 1903 speciem,
1651 1850 1754 1903 qua
1807 1835 1926 1904 quis
1976 1842 2092 1904 post

2207 1836 2608 1910 ἂμαρτήματος,
2644 1832 2703 1885 τὸ
2737 1833 2874 1900 μετὰ
2901 1833 3128 1884 θάνατον
3171 1829 3270 1896 τῆς
3313 1825 3571 1896 γυναικὸς
3591 1822 3765 1876 αὐτοῦ

543 1932 762 1976 mortem
815 1923 994 1976 uxoris
1051 1937 1158 1977 sua:
1215 1937 1454 1979 sororem
1512 1924 1630 1994 ejus
1678 1925 1822 1978 ducit
1875 1924 2091 1997 [Moses]

2209 1943 2312 1977 τινα
2351 1925 2651 1993 λαμϐάνειν
2678 1923 2776 1991 τὴν
2836 1922 3072 1992 ἀδελφὴν
3154 1919 3390 1989 ἐκείνης,
3451 1916 3536 1970 διὰ
3598 1916 3767 1968 τοῦτο

543 2019 819 2075 propterea
874 2011 1165 2078 prohibuit,
1217 2012 1358 2079 quod
1405 2013 1508 2067 viri
1555 2012 1813 2068 luxuriosi
1862 2013 2093 2082 patriar-

2205 2015 2491 2072 ἐκώλυσεν,
2516 2012 2596 2064 ότι
2626 2012 2706 2071 εἰς
2734 2011 3044 2078 ὑπόδειγμα
3067 2004 3212 2077 εἶχον
3263 2010 3312 2060 οἱ
3344 2007 3634 2061 ἀκόλαστοι
3667 2005 3763 2059 τδν

543 2101 694 2151 cham
729 2099 984 2154 Iacobum
1025 2117 1121 2168 pro
1157 2102 1398 2171 exemplo
1447 2104 1751 2168 habebant,
1789 2105 1878 2172 qui
1907 2106 2090 2160 eodem

2205 2105 2535 2172 πατριάρχην
2573 2101 2767 2154 Ἰακὼὸ
2799 2103 3194 2168 συνοικήσαντα
3215 2099 3356 2153 κατὰ
3378 2098 3575 2151 ταύτὸν
3603 2097 3763 2151 δυσὶν

543 2200 782 2258 tempore
813 2191 1021 2246 duabus
1046 2193 1343 2256 sororibus,
1387 2195 1527 2249 heia:
1562 2206 1609 2248 ct
1661 2197 1898 2260 Racheli,
1931 2198 2093 2251 coha-

2203 2194 2469 2260 ἀδελφαῖς,
2502 2195 2567 2262 τῇ
2590 2209 2644 2243 τε
2678 2190 2812 2262 Λεία
2837 2193 2926 2244 καὶ
2957 2195 3020 2258 τῇ
3081 2192 3298 2259 Ῥαχήλ.
3334 2191 3513 2242 Πολλὰ
3567 2190 3622 2241 δὲ
3665 2188 3761 2239 λέ-

544 2281 748 2333 hitavit.
784 2280 941 2334 Multa
991 2292 1168 2336 autem
1203 2284 1349 2347 dicit,
1383 2299 1411 2336 a
1449 2284 1564 2353 lege
1598 2287 1814 2356 quidem
1869 2289 2087 2342 silentio

2199 2301 2277 2350 γει
2307 2283 2382 2352 τῷ
2409 2285 2555 2352 νόμῳ
2588 2283 2684 2349 μὲν
2741 2282 3099 2351 σιωπηθῆναι,
3123 2280 3461 2334 κεκωλῦσθαι
3486 2281 3543 2331 δὲ
3572 2281 3726 2346 ὅμως
3747 2297 3757 2308 ·

544 2373 921 2435 praetermissa,
953 2383 998 2426 ct
1055 2383 1230 2426 tamen
1282 2375 1542 2443 prohibita
1576 2390 1694 2430 esse
1736 2393 1749 2430 :
1781 2378 1938 2444 quale
1967 2387 2046 2432 est
2073 2418 2087 2443 ,

2203 2371 2302 2424 οἷόν
2332 2374 2445 2424 ἐστι
2476 2372 2533 2424 τὸ
2567 2373 2638 2442 μὴ
2666 2373 2766 2442 μιᾷ
2801 2371 3048 2441 παλλακῇ
3077 2371 3374 2441 κεχρῆσθαι
3423 2368 3634 2438 πατέρα
3669 2369 3761 2421 καὶ

545 2467 746 2526 patrem
773 2466 823 2510 et
853 2458 1016 2513 lilium
1053 2462 1234 2515 eadem
1293 2461 1480 2531 pellice
1511 2478 1612 2518 non
1648 2464 1742 2517 uti.
1775 2463 1940 2532 Hujus
1972 2464 2088 2532 qui-

2202 2465 2327 2516 οἶόν.
2355 2461 2555 2514 Τούτου
2587 2463 2684 2530 μὲν
2721 2463 2749 2514 ό
2777 2463 2938 2532 νόμος
2967 2463 3066 2516 οὐκ
3127 2461 3528 2531 ἐμνημόνευσεν
3566 2476 3581 2491 ο
3619 2463 3644 2511 ό
3705 2461 3760 2512 δὲ

543 2548 660 2600 dem
690 2546 773 2601 lex
802 2561 903 2600 non
937 2547 1216 2601 meminit:
1247 2551 1507 2617 propheta
1533 2565 1662 2604 vero
1698 2559 1950 2616 tanquam
1983 2551 2093 2604 ille-

2200 2556 2475 2623 προφήτης
2520 2553 2593 2615 ὡς
2626 2552 2866 2621 ἀθέσμου
2919 2553 3017 2619 τῆς
3063 2553 3315 2620 πράξεως
3351 2551 3758 2620 κατηγόρησεν,

543 2639 780 2706 gitimam
814 2639 1074 2691 actionem
1109 2641 1401 2701 accusavit,
1435 2640 1640 2703 dicens,
1681 2641 1826 2707 ﬁlius
1855 2653 1901 2695 et
1941 2651 2092 2708 pater

2204 2645 2358 2697 ιίπών
2390 2659 2402 2674 ·
2450 2644 2503 2695 ⁸0
2559 2641 2688 2707 υίὸς
2755 2642 2851 2694 καί
2888 2645 2920 2695 ὀ
2966 2641 3161 2708 πατὴρ
3210 2641 3359 2706 πρὸς
3405 2641 3518 2705 τὴν
3564 2641 3762 2706 αὐτὴν

544 2729 609 2778 ad
664 2731 892 2780 eamdem
945 2727 1170 2795 puellam
1218 2728 1643 2798 ingrediebantur
1713 2767 1726 2780 .
1760 2729 1822 2782 Et
1875 2730 2088 2795 quidem

2199 2733 2516 2798 παιδίσκην
2553 2733 3028 2798 εἰσεπορεύοντο.
3062 2731 3169 2785 Καὶ
3224 2733 3270 2783 οἱ
3339 2729 3435 2798 μὲν
3484 2729 3757 2797 δαίμονες,

545 2815 841 2883 Daemones,
886 2819 1076 2897 inquit,
1115 2820 1278 2873 multa
1334 2819 1725 2874 immundarum
1778 2821 2084 2890 passionum

2195 2825 2346 2892 φησί,
2389 2822 2557 2874 πολλὰ
2593 2821 2712 2889 εἴδη
2740 2820 2847 2872 τῶν
2883 2819 3204 2888 ἀκαθάρτων
3234 2818 3423 2870 παθῶν
3455 2816 3708 2880 ἐδίδαξαν
3741 2833 3753 2846 ·

545 2921 738 2975 genera
771 2908 1102 2962 docuerunt:
1136 2911 1310 2964 divina
1344 2921 1518 2966 autem
1549 2911 1826 2982 Scriptura
1876 2915 1988 2970 haec
2019 2915 2090 2969 si-

2200 2914 2309 2982 ἡδὲ
2338 2911 2455 2966 θεία
2487 2911 2679 2980 Γραςρὴ
2734 2911 2904 2963 ταῦτα
2952 2910 3366 2980 παρεσιώπησε,
3409 2909 3502 2961 καὶ
3553 2909 3758 2977 γενικῷ

546 2995 714 3054 lentio
745 2996 1100 3064 praetermisit,
1132 3006 1184 3051 et
1214 3000 1312 3052 sub
1343 3000 1577 3066 generali
1611 3000 1961 3056 immunditiei
1995 3016 2089 3054 no-

2203 3003 2410 3071 Ενόματι
2433 3003 2528 3068 τῆς
2569 3001 2907 3070 ἀκαθαρσίας
2941 3001 3203 3066 διέλαϐεν,
3236 3001 3321 3053 ἴνα
3379 3000 3451 3068 μὴ
3488 3002 3521 3071 ἡ
3567 3001 3761 3068 σεμνό-

544 3084 688 3139 mine
726 3085 1145 3151 comprehendit,
1176 3101 1242 3139 ne
1270 3089 1624 3148 sanctimonia
1651 3091 1817 3160 ipsius
1846 3093 2076 3158 turpium

2197 3108 2284 3160 της
2321 3091 2488 3160 αὐτῆς
2545 3093 2667 3153 ταῖς
2733 3091 2841 3142 τῶν
2876 3091 3117 3160 αἰσχρῶν
3177 3091 3492 3159 ὀνομασίαις
3547 3093 3755 3160 καταῤ-

546 3175 989 3246 appellationibus
1017 3178 1496 3235 contaminaretur.
1533 3179 1594 3234 Et
1623 3183 1932 3250 Apostolus,
1963 3183 2086 3237 0m-

2190 3181 2513 3250 ρυπαίνοιτο.
2542 3179 2650 3234 Καὶ
2683 3179 2710 3232 ό
2731 3181 3066 3242 Ἀπόστολος.
3099 3183 3349 3248 Πορνεία
3382 3181 3449 3233 δὲ
3473 3182 3571 3234 καί
3602 3183 3748 3235 ἀκα-

545 3267 648 3331 nis,
684 3265 890 3334 inquit,
929 3267 1204 3335 fornicatio
1239 3279 1289 3322 et
1332 3270 1682 3324 immundities
1732 3273 1867 3324 inter
1900 3289 1982 3326 res
2026 3291 2087 3327 ne

2194 3275 2403 3342 θαρσιά
2435 3273 2600 3328 πᾶσα
2629 3272 2782 3342 μηδὲ
2813 3273 3209 3341 ὀνομαζέσθω,
3242 3275 3426 3344 φησὶν,
3473 3272 3543 3324 ἐν
3589 3272 3752 3340 ὑμῖν,

545 3358 836 3409 nominetur
871 3358 907 3423 ³,
941 3360 1037 3412 sub
1087 3359 1437 3416 immunditiei
1496 3362 1708 3416 nomine
1739 3378 1950 3417 omnem
1993 3364 2087 3418 ob-

2199 3363 2264 3431 τῷ
2297 3364 2393 3432 τῆς
2456 3363 2742 3424 ἀκολασίας
2814 3363 3032 3431 ὀνόματι
3098 3364 3279 3415 πᾶσαν
3354 3362 3757 3432 ἀρῤητοποιίαν

544 3449 862 3503 sceuitatetn
919 3451 1410 3518 comprcltendens;
1443 3453 1577 3507 adeo
1604 3463 1660 3507 ut
1692 3454 1834 3508 nulla
1872 3469 2087 3523 prorsus

2197 3470 2256 3505 πε
2268 3452 2520 3522 ριλαὸών.
2549 3454 2710 3506 Ὥστε
2737 3452 2797 3505 οὐ
2829 3455 3042 3514 παντως
3074 3452 3224 3504 ἄδεια
3249 3452 3454 3506 δέδοται
3518 3456 3629 3517 τοῖς
3661 3470 3755 3520 (pt-

544 3538 842 3592 libidiuosis
871 3549 1085 3608 propter
1115 3539 1384 3595 silentium
1417 3543 1640 3612 turpiter
1659 3544 1847 3612 agendi
1872 3545 2086 3598 licentia

2198 3544 2424 3613 ληδόνοις
2462 3543 2548 3595 διὰ
2576 3543 2674 3611 τῆς
2707 3544 2918 3612 σιωπῆς
2990 3544 3394 3614 αἰσχρουργεῖν.
3451 3544 3584 3597 Εἶτα
3663 3545 3756 3595 καὶ

547 3629 723 3690 detur.
764 3629 962 3683 Deinde
987 3638 1038 3682 et
1073 3631 1277 3686 fortiori
1319 3643 1532 3687 sanctus
1563 3645 1872 3703 argumento
1899 3637 2084 3700 utitur,

2200 3632 2490 3701 βιαιότερον
2521 3633 2787 3702 ἐπιχειρεῖ
2815 3634 2842 3685 ὁ
2868 3632 3043 3698 ἅγιος,
3080 3632 3254 3699 λέγων
3284 3633 3365 3684 ὅτι
3413 3632 3536 3684 οὐδὲ
3563 3633 3758 3684 σεσιὼ·

545 3715 749 3778 dicens,
784 3731 952 3786 neque
987 3720 1120 3774 hanc
1144 3731 1343 3789 partem
1377 3723 1488 3776 sive
1521 3725 1751 3792 Speciem
1787 3727 1940 3794 hujus
1968 3743 2089 3796 pec-

2199 3739 2358 3791 πηται
2416 3724 2492 3791 τῷ
2543 3725 2691 3792 νόμῳ
2743 3723 2804 3774 τὸ
2842 3722 3002 3793 μέρος
3061 3722 3238 3788 τοῦτο,
3286 3724 3453 3791 ἤγουν
3505 3724 3565 3775 τδ
3617 3718 3757 3786 εἶδος

546 3806 650 3858 rati
677 3807 889 3861 silentio
925 3822 951 3860 a
978 3809 1090 3876 lege
1120 3811 1532 3879 praetermissam
1565 3826 1704 3868 esse.
1736 3813 2087 3885 Quandoqui-

2197 3813 2375 3865 τούτου
2430 3811 2520 3864 τοῦ
2574 3813 2964 3882 ἁμαρτήματος
2998 3828 3011 3843 °
3073 3813 3197 3865 ἐπεὶ
3262 3811 3368 3879 γὰρ
3446 3813 3755 3879 γέγραπται

547 3899 665 3950 dem
701 3899 838 3950 enim
886 3898 936 3950 in
971 3913 1031 3954 ea
1071 3899 1325 3966 scriptum
1363 3910 1481 3967 est,
1521 3899 1642 3954 Non
1679 3903 1981 3971 t'ngredieris
2021 3907 2088 3956 ad

2201 3904 2247 3955 iv
2304 3901 2471 3968 αὐτῷ,
2527 3902 2647 3953 οὐκ
2714 3903 3034 3969 εἰσελεύσῃ
3100 3901 3248 3970 πρὸς
3303 3900 3499 3954 πάντα
3533 3901 3759 3954 οἰκεῖον

545 3989 770 4056 quemuis
805 3992 1240 4059 consanguineum
1290 3993 1463 4045 carnis
1506 4002 1608 4045 tua:
1658 3993 1724 4045 ad
1760 3995 2089 4047 reuelandam

2201 3995 2415 4060 σαρκός
2507 4005 2622 4043 σου
2695 3990 3083 4059 ἀποκαλύψαι
3153 3991 3597 4059 ἀσχημοσύνην
3653 3994 3759 4046 αὐ-

547 4078 658 4142 cjus
704 4079 1150 4146 turpitudinem’,
1194 4081 1294 4135 ltoc
1342 4082 1501 4135 etiam
1544 4098 1711 4151 genus
1758 4085 2088 4153 prohibetur.

2195 4082 2321 4148 τοῦ,
2369 4082 2464 4134 καὶ
2518 4083 2672 4136 τοῦτο
2694 4084 2752 4134 τὸ
2805 4077 2943 4143 εἶδος
2989 4081 3382 4151 ἀπηγόρευται.
3449 4083 3513 4134 Εἰ
3584 4084 3686 4152 γὰρ
3720 4086 3753 4153 ἡ

549 4168 607 4220 Si
643 4169 781 4222 enim
817 4170 1004 4224 mulier
1033 4180 1084 4224 et
1112 4172 1193 4224 vir
1227 4187 1328 4224 una
1368 4172 1470 4226 sint
1498 4188 1643 4239 caro,
1672 4175 1822 4242 juxta
1848 4175 2089 4244 Scriptu-

2197 4172 2326 4242 γυνὴ
2357 4172 2450 4226 καὶ
2499 4175 2526 4226 ὁ
2556 4173 2693 4242 ἀνὴρ
2717 4172 2851 4242 σάρξ
2882 4172 2987 4224 εἰσι
3034 4172 3154 4241 μία,
3186 4172 3326 4225 κατὰ
3370 4173 3468 4242 τὴν
3507 4173 3755 4243 Γραφὴν,

549 4274 686 4322 rum,
719 4261 854 4315 inter
882 4263 1048 4315 virum
1077 4271 1127 4315 et
1159 4262 1340 4316 uxoris
1370 4264 1535 4333 ipsius
1574 4280 1808 4321 sororem
1842 4281 2088 4337 magnam

2198 4263 2407 4325 πάντως
2438 4262 2677 4334 μεγάλην
2725 4262 2790 4317 ἄν
2823 4277 2906 4325 τις
2961 4262 3231 4314 οἰκείωσιν
3288 4257 3427 4314 εἶναι
3481 4263 3756 4330 λογίσαιτο

547 4348 765 4402 mnuino
810 4351 1325 4419 consanguinitatem
1356 4368 1476 4408 csse
1505 4355 1764 4421 quispiam
1797 4356 2088 4411 existimet.

2195 4354 2326 4423 πρὸς
2357 4357 2445 4406 τὸν
2475 4354 2641 4423 ἄνδρα
2661 4356 2725 4423 τῇ
2755 4356 2851 4423 τῆς
2884 4353 3140 4419 γυναικὸς
3166 4352 3333 4405 αὐτοῦ
3367 4352 3597 4422 ἀδελφῇ.
3637 4353 3747 4406 Καὶ

549 4433 613 4486 lit
643 4435 1090 4500 quemadmodum
1143 4452 1298 4492 nemo
1336 4453 1560 4496 matrem
1598 4443 1779 4496 uxoris
1813 4459 1920 4498 sua:
1948 4484 1961 4507 ,
2005 4445 2089 4497 vel

2199 4444 2384 4513 ὥσπερ
2413 4443 2621 4512 μητέρα
2650 4461 2733 4506 τις
2765 4443 2968 4504 οἰκείας
3021 4442 3296 4509 γυναικὸς,
3373 4444 3646 4513 θυγατέρα
3696 4444 3753 4508 ἐξ

549 4520 712 4573 filiam
740 4537 803 4575 ex
831 4523 932 4577 alio
963 4523 1009 4576 ei
1042 4522 1156 4577 viro
1186 4527 1438 4592 genitam,
1470 4541 1683 4596 propter
1713 4533 2089 4599 consanguinio

2197 4537 2382 4607 ἑτέρου
2408 4537 2597 4605 ἀνδρὸς
2624 4536 2902 4605 τεχθείσαν
2931 4536 3089 4604 αὐτῇ,
3123 4536 3184 4588 οὐ
3224 4536 3480 4604 λήψεται,
3539 4535 3631 4587 διὰ
3654 4534 3751 4604 τὴν

549 4620 714 4664 tatem
739 4614 995 4681 accipiet;
1021 4629 1191 4682 neque
1218 4616 1376 4669 etiam
1403 4627 1626 4693 matrem
1661 4633 1810 4673 suam
1838 4622 2086 4676 liliamve:

2197 4627 2484 4690 οἰκείωσιν,
2517 4627 2634 4679 οὐδὶ
2665 4627 2760 4695 μέν
2789 4644 2867 4678 τοι
2897 4626 2996 4696 τὴν
3018 4627 3223 4680 οἰκείαν
3256 4628 3502 4696 μητέραν
3528 4626 3561 4695 ἢ
3593 4626 3755 4696 θυγα-

549 4704 630 4757 sic
679 4718 848 4772 neque
881 4705 1061 4758 uxoris
1108 4706 1275 4758 sorori
1325 4706 1714 4775 conjungetnr;
1745 4711 1938 4779 quippe
1990 4727 2088 4767 nec

2197 4717 2328 4786 τέρα
2346 4717 2514 4778 οὕτως
2531 4717 2647 4768 οὐδὲ
2671 4717 2769 4784 τῆς
2786 4717 3058 4783 γυναικός·
3078 4716 3196 4768 οὐδὲ
3213 4716 3350 4787 γυνὴ
3367 4717 3474 4787 γὰρ
3501 4717 3579 4787 τῷ
3601 4717 3755 4771 ἁδελ-

549 4794 718 4846 sorori
751 4808 877 4846 sure.
922 4793 1063 4847 Idem
1097 4803 1269 4846 autem
1308 4795 1476 4864 inquit
1504 4805 1557 4849 et
1591 4800 1656 4850 de
1693 4799 1916 4854 muliere
1945 4816 1960 4852 :
1997 4816 2088 4855 ne—

2198 4807 2282 4877 φῷ
2339 4807 2432 4859 τοῦ
2466 4805 2652 4874 ἀνδρὸς
2683 4805 2850 4873 αὐτῆς
2883 4804 3130 4868 θανόντος
3164 4807 3587 4877 συναφθήσεται,
3635 4807 3751 4860 οὐδὲ

549 4898 652 4950 que
688 4885 826 4938 enim
870 4885 1059 4940 mulier
1086 4886 1260 4939 mariti
1294 4887 1373 4940 sui
1414 4886 1646 4941 defuncti
1684 4889 1837 4943 fratri
1865 4893 2088 4959 conjun-

2195 4898 2306 4960 τοῖς
2343 4896 2523 4958 ἄλλοις
2552 4895 2744 4962 ἐκείνῳ
2769 4895 2986 4958 οἰκείοις
3034 4896 3511 4964 κατὰσυγγένειαν.
3533 4893 3663 4951 Εἶτα
3690 4899 3753 4951 τὰ

550 4987 737 5043 gctur;
784 4991 956 5043 neque
1003 4977 1120 5031 aliis
1158 4977 1204 5030 ei
1256 4993 1350 5046 per
1403 4980 1768 5048 cognationem
1824 4983 2088 5037 allinibus.

2193 4989 2519 5042 ἀποστολαὶ
2554 4989 2750 5056 ἐπάγει
2780 4991 3041 5058 ῥήματα⁶
3109 4990 3202 5042 καὶ
3264 4991 3400 5059 πρός
3455 5008 3607 5056 τινας
3668 4994 3747 5053 τὺ,

552 5064 739 5119 Postea
771 5066 1071 5133 Apostolica
1099 5071 1347 5135 producit
1374 5070 1557 5133 verba,
1581 5082 1630 5124 et
1658 5070 1721 5124 ad
1755 5072 1978 5140 aliquos,
2005 5074 2094 5141 qui

2194 5079 2540 5143 Λὺξάνεσθε
2561 5079 2656 5132 καί
2683 5081 3065 5144 πληθύνεσθε
3122 5081 3591 5152 προϐαλλομένους
3617 5083 3752 5152 φησὶ

550 5155 929 5222 iliud,Crescite
951 5167 997 5210 et
1022 5158 1440 5226 multiplicamini
1462 5163 1501 5226 ⁸,
1526 5163 1802 5229 objiciunt,
1822 5164 1968 5228 dicit,
1990 5163 2090 5217 Eos

2193 5170 2494 5236 καταγελῶ,
2525 5170 2632 5222 τῶν
2664 5172 2736 5240 μὴ
2757 5171 3140 5240 διακρινόντων
3170 5173 3298 5233 τους
3347 5175 3573 5242 καιροὺς
3638 5174 3746 5225 τῶν

550 5248 782 5311 derideo,
823 5247 912 5313 qui
944 5248 1328 5316 legislatiunum
1362 5259 1598 5317 tempora
1631 5267 1732 5305 non
1764 5255 2092 5308 discernunt.

2198 5259 2550 5328 νομοθεσιῶν,
2582 5259 2735 5311 τοῦτο
2761 5260 2952 5325 λέγων,
3008 5260 3173 5313 ὅτιτδ
3229 5260 3576 5322 Αὐξάγεσθε
3654 5259 3751 5313 καί

549 5335 662 5394 lloc
682 5336 880 5397 dicens,
904 5339 1153 5404 quoniam
1176 5338 1320 5404 illttd,
1341 5340 1566 5393 Crescite
1579 5352 1625 5394 et
1651 5342 2089 5410 multiplicamini,

2201 5353 2580 5418 πληθύνεσθε
2611 5351 2744 5420 πρὸς
2772 5353 2897 5413 τοὺς
2953 5353 3408 5418 πρωτοπλάστους
3464 5353 3684 5425 εἴρηκεν
3724 5354 3751 5405 ό

547 5426 688 5479 licus
716 5427 781 5478 ad
817 5426 1058 5480 homines
1095 5427 1269 5495 primo
1302 5437 1509 5485 creatos
1540 5436 1905 5500 pronuntiavit
1964 5452 2082 5498 cum

2201 5443 2353 5505 Θεὸς,
2407 5444 2494 5495 ὅτε
2555 5440 2706 5494 οὔπω
2761 5442 2962 5513 πλῆθος
3013 5443 3337 5512 ἀνθρώπων,
3394 5446 3487 5497 καὶ
3533 5445 3752 5514 ἀνάγκη

550 5516 781 5568 nandum
815 5516 1095 5570 multitudo
1123 5518 1392 5573 hominum
1427 5530 1607 5585 esset,
1639 5531 1692 5576 et
1725 5537 1946 5580 necesse
1972 5541 2088 5579 om-

2199 5533 2412 5592 πάντως
2444 5535 2565 5594 τοὺς
2588 5531 2679 5584 τοῦ
2727 5532 2896 5603 ’Λδᾶιμ
2921 5534 3114 5596 παῖδας
3168 5534 3413 5600 ἀλλήλοις
3475 5534 3746 5606 συνάπτε-

549 5606 679 5691 pino
705 5615 867 5672 esset,
899 5615 955 5659 ut
980 5607 1164 5661 Adami
1197 5607 1347 5662 liberi
1374 5610 1485 5665 sibi“
1507 5611 1731 5667 invit‘em
1773 5615 2088 5683 copularen-

2198 5626 2341 5675 σθαι.
2368 5620 2520 5675 Κατὰ
2550 5621 2736 5675 τοῦτον
2764 5618 2856 5676 οὖν
2880 5623 2970 5676 τὸν
2994 5622 3150 5690 λόγον
3203 5623 3294 5676 καὶ
3361 5621 3455 5676 νῦν
3501 5620 3752 5694 ἅλ’)ηλοις

623 5728 635 5780 ξ
669 5725 867 5796 Ephes.
909 5746 960 5797 γ,
996 5726 1047 5781 ’5.
1125 5730 1145 5761 ¹
1170 5727 1341 5787 chit.
1373 5749 1523 5798 xvnt,
1570 5733 1654 5788 18.
1729 5733 1748 5765 ⁸
1778 5732 1909 5789 Gen.
1953 5749 1987 5798 t,
2019 5733 2109 5790 ‘28.
