3946 6342
119 360 259 425 821

769 364 850 424 ΙΝ
889 365 1126 426 EPIST.
1175 365 1232 426 S.
1272 362 1557 425 BASILII
1590 362 1690 420 AD
1727 359 2185 425 GREGORIUM
2220 363 2798 427 PRESBYTERUM.

3299 362 3404 424 822

116 481 619 552 συναφθήσονται
653 481 872 548 ἁδελφοὶ
909 498 922 511 '
947 481 1040 533 ml.
1071 483 1164 534 ἐπὶ
1187 483 1420 548 τούτοις,
1452 484 1638 554 φησιν,
1667 485 1726 538 ὅτ

1853 488 1958 534 tur.
1987 479 2147 536 Juxta
2179 480 2333 536 istam
2362 482 2542 551 itaque
2574 480 2840 536 rationem
2881 481 3072 536 fratres
3106 481 3401 536 etiamnum

113 579 150 628 ὁ
206 576 495 642 δεύτερος
525 571 696 642 γάμος
724 574 978 642 πορνείας
1009 575 1333 644 παραμυθία
1381 579 1519 641 ἐστὶ,
1579 596 1740 634 τουτ-

117 668 349 727 έστιν,
373 666 457 716 ἵνα
489 665 562 733 μὴ
595 667 669 726 εἰς
703 666 956 734 πορνείαν
988 665 1347 722 ἐκκυλίωνται
1369 669 1417 721 oi
1445 669 1741 738 ἅνθρωποι.

122 757 249 806 Διὶ
284 754 461 806 τοῦτο
487 759 832 824 συνεχωρήθη
868 759 900 826 ἠ
930 759 1178 828 διγαμία,
1216 759 1330 812 ἀλλ’
1357 759 1452 827 οὐχ
1488 760 1574 812 ἴνα
1611 760 1744 826 πρό-

125 863 342 910 φασις
383 849 596 914 γίνηται
634 850 942 914 ἀσελγείας.
969 852 1076 904 Καὶ
1100 851 1190 903 τὸν
1219 852 1392 920 μέγαν
1424 842 1654 916 Παῦλον,
1684 852 1742 914 ὃς

124 939 245 986 ττι-ι
282 937 546 1006 δεύτερ-,ν
577 944 848 1009 συγχωρεῖ
879 945 1076 1010 γάμον,
1110 943 1349 1012 παράγει
1388 943 1632 1010 λέγοντα,
1671 943 1741 998 El

124 1032 272 1080 οὐκ
318 1031 784 1097 ἐγκρατεύονται
803 1033 1274 1100 γαμησάτωσαν,
1294 1036 1387 1086 καὶ
1418 1035 1480 1086 ού
1539 1035 1741 1103 προσέ-

133 1118 316 1181 Oete,
357 1123 642 1188 φησίν,ὅτι
673 1124 981 1191 γαμοῦντες
1016 1125 1524 1194 παρανομείτωσαν.
1606 1123 1740 1180 Εἶτα

133 1214 256 1262 καὶ
296 1212 540 1264 ἄλλωθεν
569 1215 968 1276 κατασκευάζει
1002 1215 1098 1284 τὴν
1149 1217 1378 1270 ἀτοπίαν
1433 1217 1534 1286 τῆς
1595 1220 1738 1288 πρά-

135 1298 336 1362 ξεως,
359 1300 553 1366 λέγων,
595 1302 651 1356 Ὀ
677 1302 774 1370 τὴν
804 1304 901 1372 τῆς
917 1303 1255 1374 ἀπελθούσης
1281 1308 1540 1374 γυναικὸς
1572 1309 1734 1362 αὑτοῦ

135 1387 361 1440 λαϐὼν
391 1390 650 1459 ἀδελφὴν,
682 1394 775 1444 καὶ
838 1396 1367 1466 παιδοποιησάμενος
1421 1398 1480 1463 ἐξ
1513 1398 1738 1468 ἀμφοῖν,

139 1477 344 1530 ’ποίαν
425 1483 535 1541 τοῖς
589 1483 794 1546 τέκνοις
847 1488 1218 1554 προσηγορίαν
1282 1489 1735 1558 περιποιήσεται;

137 1570 260 1621 καὶ
326 1571 444 1632 πῶς
466 1571 724 1641 ἀλλήλους
752 1577 801 1626 οἱ
823 1576 1007 1639 παῖδες
1027 1576 1349 1632 καλέσουσιν
1375 1597 1389 1646 ;
1431 1581 1738 1650 Ἀδελφοὺς,

138 1660 234 1721 ὡς
267 1661 335 1726 ἐξ
368 1663 484 1726 ἐνὸς
512 1666 895 1734 προσελθόντες
925 1669 1152 1737 πατρὸς,
1187 1671 1218 1739 ἢ
1283 1673 1541 1743 ἀνεψιοὺς
1571 1677 1740 1745 ἤγουν

139 1751 522 1820 ἐξαδέλφους,
552 1755 626 1817 ὡς
649 1757 711 1808 ἐκ
734 1757 826 1808 δύο
847 1759 1130 1828 γενόμενοι
1205 1764 1483 1834 ὀδελφῶνς
1528 1769 1736 1824 Πολλαο

137 1843 258 1908 χοῦ
295 1845 358 1895 δὲ
389 1843 648 1913 εὕρηνται
699 1849 848 1916 παρὰ
879 1852 991 1912 τοῖς
1012 1852 1264 1918 παλαιοῖς
1296 1855 1375 1926 τῷ
1425 1858 1536 1911 τῶν
1606 1860 1732 1916 ἀνε-

139 1935 309 2001 ψιῶν
340 1938 658 2006 καλούμενοι
685 1941 908 2007 ὀνόματι
955 1946 1004 1995 οἱ
1057 1946 1355 2016 ἐξάδελφοι·
1397 1949 1730 2021 ’Δμφότεραι

144 2027 300 2095 γὰρ,
331 2030 485 2096 φησὶ,
524 2032 582 2081 αἱ
612 2031 852 2099 κλήσεις,
885 2035 917 2102 ἡ
950 2034 1058 2086 τῶν
1084 2036 1325 2104 άδέλφων
1357 2038 1598 2109 δηλονότι
1638 2043 1732 2095 καὶ

141 2119 272 2170 τῶν
317 2119 575 2188 ἀνεψιῶν,
605 2123 786 2186 αὐτοῖς
811 2128 1254 2196 προσαρμόζουσι
1280 2129 1367 2182 διὰ
1396 2131 1495 2199 τὴν
1530 2131 1732 2202 σύγχυ-

148 2223 248 2259 σιν
273 2207 379 2275 τῆς
409 2212 744 2277 συγγενείας.
788 2215 894 2265 Καὶ
917 2214 995 2266 ἔτι
1042 2217 1434 2284 ἐπαγωνίζεται
1464 2222 1627 2291 λόγῳ,
1651 2224 1737 2277 λέ-

148 2314 305 2361 γων,
344 2300 487 2350 ὃτι“ό
514 2299 694 2353 λαϐὼν
739 2304 836 2372 τὴν
870 2305 1101 2376 ἀδελφὴν
1143 2308 1245 2376 τῆς
1294 2311 1561 2379 προτέρας
1591 2330 1732 2382 συμ-

153 2385 307 2450 6Ξου,
345 2387 443 2456 τὴν
474 2389 623 2442 θείαν
659 2391 765 2444 τῶν
791 2393 980 2446 ἑαυτοῦ
1014 2396 1236 2463 τέκνων,
1266 2398 1374 2451 τῶν
1416 2400 1478 2452 ἐκ
1516 2403 1729 2470 πρώτου

156 2479 380 2546 γάμου,
413 2481 729 2550 καθίστησιν
758 2485 935 2538 αὐτῶν
973 2487 1264 2555 μητρυιὰν,
1297 2489 1390 2543 καὶ
1413 2491 1732 2558 ὀφείλουσαν

159 2570 429 2637 στέργειν
453 2571 648 2634 αὐτοὺς
670 2573 744 2635 ὡς
769 2575 1182 2643 ἁδελφόπαιδας·
1215 2580 1336 2633 κατ’
1370 2582 1548 2634 αὐτῶν
1580 2584 1732 2636 ὁπλίο

157 2659 248 2721 ζει
276 2662 446 2730 αὐτὴν
469 2662 898 2729 ζηλοτυποῦσαν.
930 2669 1139 2738 Ὠσπερ
1163 2672 1271 2738 γὰρ
1300 2674 1526 2739 φυσικόν
1548 2692 1601 2726 τι
1624 2675 1729 2728 πά-

159 2749 260 2809 εος
287 2751 408 2810 ταῖς
441 2755 724 2820 μητρυιαῖς
747 2755 882 2824 πρὸς
908 2757 1032 2818 τοὺς
1061 2758 1120 2823 ἐξ
1153 2759 1310 2813 ἄλλου
1337 2763 1519 2830 γάμου
1537 2765 1731 2828 παῖδας

154 2837 277 2889 τῶν
308 2841 523 2894 οἰκείων
544 2843 753 2913 ἀνδρῶν
782 2847 812 2914 ἡ
847 2845 1141 2915 ζηλοτυπία
1176 2850 1462 2919 ἐμφύεται,
1484 2855 1576 2905 καὶ
1621 2858 1731 2917 τοῖς

166 2929 272 2996 μὲν
301 2931 537 3000 ἐχθροῖς,
570 2933 835 2989 θανόντων
860 2938 967 2990 τῶν
991 2940 1248 2994 ἐναντίων
1268 2942 1470 3006 αὐτοῖς,
1495 2945 1555 2997 τὸ
1578 2949 1731 3014 μῖσος

161 3020 502 3088 ἀμϐλύνεται
525 3041 539 3055 ο
567 3029 620 3079 αἱ
646 3027 701 3080 δὲ
723 3029 986 3098 μητρυιαὶ
1011 3031 1105 3101 τῆς
1130 3031 1330 3102 ἔχθρας
1351 3036 1485 3105 πρδς
1514 3038 1612 3099 τὰς
1635 3039 1730 3091 ἀν-

1844 575 1942 630 sibi
1961 576 2187 631 invicem
2205 577 2624 647 conjungentur?
2647 575 2800 647 153
2817 574 3035 640 Adhaec,
3049 575 3143 636 ait.
3159 565 3295 644 quod
3314 590 3401 630 se-

1842 667 2075 720 cundum
2121 667 2518 721 matrimonium
2557 666 2932 721 fornicationis
2964 665 3256 719 remedium
3281 674 3395 731 est;

1843 759 1946 814 hoc
1975 768 2077 823 est,
2107 775 2175 813 ne
2201 760 2446 815 homines
2473 760 2538 814 ad
2569 758 2976 814 fornicationem
3003 758 3392 823 evolverentur;

1844 857 2124 918 propterea
2168 865 2420 904 concessa
2450 858 2530 905 est
2569 851 2821 920 digamia,
2872 848 2966 904 sed
3003 864 3107 903 non
3138 857 3194 902 ut
3221 848 3399 903 libidi-

1843 941 1927 993 nis
1958 941 2232 995 excusatio
2278 950 2442 996 esset.
2475 941 2540 995 Et
2587 955 2840 1011 magnum
2883 940 3147 1005 Paulum,
3177 939 3264 1008 qui
3315 953 3400 993 se-

1843 1033 2073 1086 cundum
2115 1032 2510 1086 matrimonium
2560 1033 2845 1098 concedit,
2896 1032 3046 1096 citat,
3087 1031 3395 1091 dicentem,

1844 1122 1902 1177 Si
1960 1139 2012 1177 se
2062 1140 2162 1177 non
2201 1126 2516 1191 contineant,
2555 1125 2947 1177 matrimonium
2993 1121 3342 1175 contrahant‘
3379 1138 3393 1171 :

1841 1222 1895 1268 et
1927 1229 2034 1269 non
2084 1215 2298 1284 adjecit,
2328 1216 2477 1278 dicit,
2513 1216 2654 1283 quod
2688 1229 2886 1269 uxores
2921 1215 3178 1266 ducentes
3210 1221 3394 1264 contra

1839 1305 2011 1375 legem
2069 1306 2287 1361 faciunt.
2321 1308 2515 1362 Postea
2564 1306 2781 1361 aliunde
2814 1305 2975 1360 etiam
3025 1303 3254 1359 actionis
3303 1302 3395 1355 ab-

1839 1397 2151 1451 surditatem
2178 1398 2430 1463 ostendit,
2457 1398 2658 1464 dicens,
2693 1399 2786 1468 qui
2824 1405 3043 1450 mortuae
3075 1394 3253 1447 uxoris
3283 1408 3390 1445 suae

1840 1502 2077 1543 sororem
2111 1489 2277 1554 ducit,
2307 1497 2359 1545 et
2391 1489 2527 1545 filios
2553 1502 2617 1543 ex
2669 1488 2924 1544 ambabus
2966 1486 3153 1556 gignit,
3183 1483 3390 1551 qualem

1839 1577 2022 1633 liberis
2056 1579 2462 1648 appellationem
2511 1579 2787 1646 imponet?
2814 1587 2869 1632 et
2900 1578 3163 1646 quomodo
3209 1589 3267 1629 se
3312 1577 3393 1626 in-

1840 1669 2014 1724 vicem
2055 1671 2205 1739 pueri
2253 1669 2569 1724 vocabunt?
2618 1669 2833 1724 Fratres
2855 1708 2870 1733 ,
2902 1676 2958 1720 ut
2986 1667 3072 1735 qui
3108 1679 3214 1720 uno
3245 1674 3394 1734 patre

1841 1761 2084 1829 prognati
2115 1769 2269 1826 sunt;
2305 1776 2370 1814 an
2401 1761 2652 1828 ἀνεψιοὺς
2680 1760 2792 1813 sive
2819 1758 3193 1820 consobrinos,
3229 1766 3286 1808 nt
3321 1771 3382 1809 cx

1764 1824 1807 1879 Β
1835 1854 2043 1908 duabus
2067 1853 2341 1908 sororibus
2364 1835 2557 1906 natos?
2585 1849 2852 1904 Mttltoties
2877 1858 3054 1902 autem
3081 1846 3388 1902 consobrini

1834 1948 1972 2015 apud
2020 1956 2227 2000 veteres
2277 1944 2485 2014 ἀνεψιοὶ
2538 1943 2665 1998 dicti
2721 1942 3091 1996 inveniuntur.
3145 1937 3384 2006 Utraque

1833 2036 1974 2090 enim
2007 2035 2309 2103 appellatio,
2342 2033 2550 2103 inquit,
2579 2032 2805 2087 fratrum
2853 2030 3054 2086 scilicet
3097 2039 3152 2083 et
3200 2041 3388 2082 conso-

1832 2127 2133 2192 brinorum,
2156 2127 2221 2181 iis
2241 2134 2460 2195 propter
2490 2125 2824 2194 cognationis
2849 2121 3216 2178 confusionem
3251 2119 3383 2171 atla-

1835 2226 2071 2285 ptantur.
2110 2216 2300 2270 Adhuc
2325 2216 2485 2270 etiam
2520 2214 2730 2268 ratione
2761 2219 2966 2277 certat,
2999 2209 3199 2273 dicens,
3246 2205 3385 2275 quod

1833 2309 1920 2377 qui
1955 2307 2152 2377 prioris
2185 2305 2426 2375 conjugis
2462 2319 2697 2359 sororem
2734 2305 2900 2360 ducit.
2933 2315 3150 2358 suorum
3182 2313 3243 2352 ex
3277 2300 3384 2365 pri-

1835 2413 1921 2453 mo
1967 2399 2310 2453 matrimonio
2362 2398 2648 2451 liberorum
2698 2402 3042 2448 materteram
3103 2403 3388 2444 novercam

1833 2506 2017 2545 eorum
2047 2489 2198 2555 facit,
2226 2497 2280 2543 et
2326 2489 2610 2557 obligatam
2642 2501 2736 2542 eos
2772 2495 3025 2552 tauquam
3061 2489 3280 2550 nepotes
3311 2479 3389 2533 di-

1833 2584 2028 2650 ligere;
2074 2596 2300 2649 eamque
2339 2590 2523 2635 contra
2572 2579 2691 2633 illos
2743 2574 3006 2643 zelotypia
3053 2572 3384 2626 laborantem

1835 2681 2040 2735 armat;
2073 2670 2316 2724 novercis
2347 2669 2489 2723 enim
2520 2669 2569 2721 in
2608 2666 2899 2736 coniugum
2930 2675 3146 2717 suorum
3177 2675 3241 2713 ex
3282 2659 3385 2712 alio

1834 2762 2174 2816 matrimonio
2225 2761 2423 2815 liberos
2480 2759 2742 2828 zelotypia
2800 2765 3055 2823 tanquam
3117 2749 3384 2806 naturalis

1834 2850 2008 2918 passio
2041 2849 2417 2918 ingeneratur;
2447 2855 2498 2902 et
2523 2845 2753 2900 inimicis
2779 2843 3022 2912 quidem,
3049 2856 3169 2896 eum
3198 2840 3387 2893 adver-

1833 2939 1960 2994 sarii
1997 2941 2235 3009 ipsorum
2279 2938 2470 2992 mortui
2503 2944 2647 3000 sunt,
2679 2935 2856 2990 odium
2885 2932 3243 2988 obtunditur:
3280 2944 3376 2983 no-

1834 3045 2013 3084 vercae
2055 3040 2231 3083 autem
2284 3027 2619 3082 inimicitiam
2666 3033 2850 3079 contra
2902 3021 3119 3077 aemulas
3147 3021 3382 3088 ipsarum

161 3113 424 3183 τιζήλους
450 3118 640 3182 αὑταῖς
665 3121 803 3187 μετὰ
825 3121 916 3175 τὸν
948 3124 1167 3178 ἐκείνων
1206 3125 1430 3179 θάνατον
1453 3129 1721 3199 ἄρχονται.

1833 3130 1950 3190 post
1975 3135 2156 3174 earum
2188 3129 2415 3174 mortem
2465 3116 2746 3184 incipiunt.
2782 3113 2999 3168 Summa
3033 3121 3208 3167 autem
3238 3151 3254 3176 ,
3298 3111 3383 3162 in-

168 3206 488 3273 Κεφάλαιον
512 3209 588 3275 δὲ,
631 3213 782 3281 φησὶ,
817 3214 924 3264 τῶν
967 3216 1274 3284 είρημένων
1309 3219 1610 3282 τουτέστιν,
1640 3221 1725 3273 ἵνα

170 3294 458 3362 συντόμως
499 3297 638 3351 εῐπω
665 3299 726 3350 τὸ
757 3301 865 3352 πᾶν
895 3317 908 3331 ·
968 3303 1014 3354 εἰ
1063 3304 1161 3370 μὲν
1192 3305 1219 3356 ὁ
1253 3305 1727 3377 δευτερογαμῆσαι

169 3381 352 3448 ζητῶν
385 3387 619 3455 νόμιμον
650 3388 790 3442 θέλει
849 3392 1174 3459 συναλλάξαι
1236 3396 1432 3464 γάμον,
1482 3400 1725 3469 ῆνοικται

171 3471 324 3541 αύτῷ
365 3477 570 3542 πᾶσαή
603 3479 912 3551 οἰκουμένη,
971 3483 1059 3534 καὶ
1113 3485 1210 3536 οὐκ
1263 3485 1526 3554 ἐπιλείψει
1578 3490 1725 3558 αὐτῷ

173 3561 394 3636 γυνὴ,ᾔ
425 3568 796 3637 συμϐιώσεται
831 3575 970 3627 κατὰ
1016 3577 1212 3645 νόμους
1235 3593 1250 3609 ’
1282 3580 1330 3630 εἰ
1353 3578 1409 3630 δὲ
1435 3578 1521 3631 διὰ
1556 3580 1725 3643 πάθος

173 3653 323 3722 ζητεῖ
348 3659 409 3727 τῇ
439 3657 494 3709 δὲ
523 3659 798 3729 ἱρωτικῶς
815 3662 944 3725 ἴσως
964 3663 1325 3734 διακείμενος,
1347 3669 1439 3720 καὶ
1467 3668 1554 3721 διὰ
1569 3669 1726 3723 τοῦτο

177 3746 414 3799 σπεύδων
443 3752 736 3821 συζυγῆναι
771 3753 928 3822 αὐτῇ,
979 3754 1066 3807 διὰ
1097 3755 1251 3808 τοῦτο
1312 3757 1508 3826 μᾶλλον
1594 3761 1726 3812 ἀπο-

177 3837 500 3908 κλεισθήτω,
524 3841 609 3894 ἵνα
648 3845 794 3917 μάθῃ
817 3846 877 3898 τὸ
914 3847 1109 3900 ἐαυτοῦ
1136 3849 1348 3913 σκεῦος,
1383 3853 1476 3903 καὶ
1508 3851 1575 3904 τὰ
1599 3851 1726 3921 ἑξῆς

177 3930 268 3982 τοῦ
314 3932 640 3987 Ἀποστόλου
673 3937 918 4005 ῥήματα.
990 3937 1337 4008 Ἐϐουλόμην,
1413 3941 1566 4008 φησὶ,
1634 3944 1726 3995 καὶ

180 4022 393 4076 πλείονα
422 4026 651 4094 γράψαι,
685 4026 798 4080 ἀλλ’
851 4029 1037 4098 ἐπέχει
1102 4046 1166 4100 με
1218 4032 1382 4100 ἧγουν
1432 4033 1724 4085 ἀνακόπτει

176 4115 236 4166 τὸ
275 4118 468 4184 μέτρον
517 4119 614 4186 τῆς
651 4120 944 4189 ἐπιστολῆς
979 4137 994 4152 ο
1063 4123 1124 4174 οὑ
1173 4124 1281 4191 γὰρ
1338 4124 1724 4193 μακρηγορίαν

178 4206 314 4275 ἔχειν
340 4209 418 4261 δεῖ
467 4209 565 4269 τὰς
608 4211 914 4274 ἐπιστολάς.
950 4210 1190 4280 Εῦχομαι
1219 4213 1296 4275 δὲ,
1338 4216 1371 4281 ἢ
1395 4214 1493 4282 τὴν
1527 4215 1724 4284 παραίο

183 4313 322 4349 νεσιν
358 4300 712 4370 ἰσχυροτέραν
747 4302 838 4354 τοῦ
866 4302 1078 4364 πάθους
1111 4303 1384 4370 γενέσθαι,
1454 4305 1578 4358 ἀντὶ
1626 4303 1722 4357 τοῦ

184 4390 387 4458 ἰσχύσαι
411 4391 683 4456 τοσοῦτον,
715 4392 852 4446 ὥστε
881 4392 1036 4445 λῦσαι
1077 4395 1137 4446 τὺ
1166 4393 1338 4449 πάθος
1371 4410 1384 4423 ·
1436 4395 1469 4464 ἢ
1529 4396 1602 4463 μὴ
1647 4397 1726 4457 είς

1831 3213 1965 3280 quit,
1995 3224 2199 3275 eorum,
2229 3224 2346 3277 quae
2380 3209 2518 3262 dicta
2563 3213 2729 3271 sunt,
2759 3205 2872 3259 haec
2901 3213 3004 3269 est,
3039 3211 3096 3256 ut
3143 3202 3377 3256 breviter

1831 3304 2081 3358 nimirum
2115 3309 2282 3354 totum
2311 3300 2507 3360 dicam,
2533 3297 2577 3350 si
2606 3297 2672 3359 is,
2701 3296 2791 3362 qui
2824 3293 3087 3348 secundas
3118 3292 3253 3345 inire
3279 3307 3380 3344 nu-

1829 3394 1964 3460 ptius
1997 3390 2208 3459 quaerit,
2233 3387 2523 3457 legitimum
2565 3384 2882 3438 contrahere
2930 3381 3055 3436 velit
3102 3381 3380 3435 matrimo-

1829 3485 1995 3548 nium,
2022 3490 2164 3537 totus
2193 3489 2459 3535 terrarum
2486 3476 2634 3532 orbis
2663 3476 2710 3531 ei
2745 3483 2922 3544 patet;
2957 3487 3053 3527 nec
3083 3473 3130 3526 ei
3162 3472 3380 3526 deficiet

1828 3575 2037 3639 mulier,
2063 3585 2291 3640 quacum
2333 3570 2494 3622 vitam
2537 3565 2772 3635 legitime
2831 3563 3125 3631 transigat;
3162 3561 3243 3614 sin
3283 3575 3375 3612 au-

1828 3673 1960 3729 tem,
2004 3677 2188 3718 amore
2231 3661 2454 3716 forsitan
2493 3661 2765 3720 incensus,
2808 3664 3028 3724 propter
3074 3655 3374 3721 passionem

1828 3755 1966 3808 hanc
1997 3767 2158 3805 unam
2196 3750 2293 3803 sibi
2329 3748 2540 3816 quaerit,
2573 3760 2636 3799 ac
2668 3743 2895 3813 proinde
2918 3741 2966 3795 ei
2994 3739 3240 3809 conjungi
3266 3748 3375 3793 stu-

1826 3845 1948 3909 det,
1989 3852 2205 3910 propter
2226 3854 2341 3894 eam
2375 3850 2592 3892 causam
2623 3835 2802 3904 potius
2831 3833 3167 3895 excludatur,
3201 3842 3256 3883 ut
3292 3833 3374 3882 di-

1826 3944 1943 3990 scat
1980 3947 2074 3987 vas
2111 3945 2288 3995 suum,
2326 3938 2382 3984 et
2425 3942 2542 3996 quae
2572 3934 2869 3995 sequuntur
2913 3921 3147 3991 Apostoli
3193 3922 3374 3974 verba.

1826 4027 1891 4081 Et
1939 4024 2112 4094 plura,
2147 4021 2339 4089 inquit,
2366 4019 2603 4074 scribere
2631 4015 2796 4080 volui,
2821 4015 2914 4070 sed
2956 4013 3191 4082 epistolae
3225 4027 3378 4065 men-

1827 4131 1952 4174 sura
1986 4129 2071 4170 me
2101 4113 2326 4176 inhibet,
2361 4110 2475 4165 sive
2503 4107 2725 4176 impedit
2754 4122 2769 4162 ι
2798 4104 3050 4174 epistolas
3080 4104 3222 4158 enim
3259 4117 3380 4156 vcr-

1825 4211 2018 4265 borum
2047 4204 2410 4277 prolixitatem
2440 4200 2640 4255 habere
2670 4213 2774 4252 non
2799 4205 3030 4266 oportet.
3055 4195 3252 4250 Precor
3278 4211 3376 4248 uu-

1828 4312 1952 4365 tem,
1996 4299 2079 4352 vel
2105 4298 2256 4372 lianc
2287 4293 2711 4349 exhortationem
2745 4287 2990 4358 passione
3028 4285 3378 4356 potentiorem

1829 4393 1966 4457 tieri,
1996 4391 2099 4445 hoc
2126 4397 2230 4454 est,
2271 4395 2475 4442 tantum
2500 4383 2700 4447 valere,
2733 4390 2791 4435 ut
2820 4379 3127 4452 passionem
3167 4376 3377 4438 solvat;

182 4457 274 4551 την
312 4485 579 4551 ἡμετέραν
621 4483 801 4553 χώραν
851 4487 908 4537 τὸ
961 4487 1092 4552 ἄγος
1149 4487 1304 4540 τοῦτο
1337 4457 1608 4556 ἐπιδησαι,
1650 4487 1722 4556 μὴ

1833 4485 1914 4537 vel
1947 4482 2118 4537 scelus
2169 4479 2308 4535 istud
2356 4477 2409 4530 in
2455 4486 2693 4530 nostram
2729 4473 3002 4552 regionem
3038 4484 3139 4523 non
3172 4469 3377 4528 venire,

185 4576 515 4640 προχωρῆσαι
549 4575 608 4626 τὸ
646 4575 857 4643 μίασμα
879 4576 1032 4628 τοῦτο
1064 4578 1140 4635 εἰς
1168 4577 1262 4647 τὴν
1289 4577 1441 4647 ἡμῶν
1469 4577 1680 4649 ἐνορίαν
1705 4592 1721 4609 ⁸

189 4663 294 4720 ἀλλ’
327 4666 453 4715 ὅπου
483 4664 772 4733 ἐτολμήθη,
805 4668 920 4717 ἐκεῖ
948 4669 1324 4733 ἐναπομεῖναι.

1833 4575 1987 4628 istam
2021 4572 2228 4626 scilicet
2275 4569 2329 4622 in
2375 4573 2558 4621 nostra
2608 4563 2881 4618 territoria
2927 4576 3031 4615 non
3083 4557 3374 4628 procedere

1835 4663 2263 4726 innmmditiem;
2298 4660 2389 4715 sed
2418 4659 2508 4714 ubi
2536 4666 2710 4723 empta
2737 4663 2840 4721 est,
2871 4654 2945 4708 ibi
2975 4661 3306 4719 permaneat.

190 4771 547 4825 ΤΟΥΑΥΤυΥ
565 4774 738 4826 ΠΡΟΣ
757 4775 1135 4828 ΓΡΗΙὊΗΟΝ
1152 4775 1659 4837 ΠΡΕΣΒΥΤΕΡΟΝ,
1675 4776 1844 4828 ΩΣῘΕ
1862 4770 2273 4827 ΧΩΡΙΣΪῊΝΑΙ
2290 4766 2521 4822 ΔΥΤΟΝ
2540 4764 2675 4817 ΤΟΥ
2692 4760 3043 4817 ΣΥΝΟῙΚΟΥ
3057 4757 3379 4811 ΓΥΝΑῘΟΥ.

188 4864 529 4927 EJUSDEM
565 4867 671 4925 AD
713 4861 1187 4928 GREGOKIUM
1232 4861 2494 5018 PRESSEX[iiRslgh‘EgAg‘EPARETUR
2545 4861 2593 4917 A
2637 4851 3147 4918 MULIERCULA
3219 4851 3376 4912 CUM

725 5023 960 5093 sane}:
999 5023 1120 5076 [ιον.

282 5123 542 5193 Ἐνέτυχόν
573 5136 662 5173 σου
698 5120 806 5175 τοῖς
833 5114 1118 5182 γράμμασι
1153 5108 1284 5178 μετὰ
1321 5107 1494 5176 πάσης
1530 5123 1727 5176 μακρο-

215 5218 408 5287 θυμίας.
455 5213 544 5265 καὶ
579 5206 853 5276 ἐθαύμασα
889 5202 1023 5263 πῶς,
1063 5198 1349 5266 δυνάμενος
1391 5198 1518 5265 ἡμῖν
1554 5195 1732 5247 συντό-

223 5283 319 5379 psi;
347 5305 434 5357 καὶ
464 5298 694 5357 εὐκόλως
723 5288 1154 5359 ἀπολογήσασθαι
1205 5285 1292 5338 διὰ
1339 5285 1442 5336 τῶν
1486 5283 1737 5352 πραγμά-

221 5373 330 5459 των,
362 5395 466 5452 τοῖς
504 5389 599 5458 μὲν
639 5380 1116 5451 κατηγορουμένοις
1147 5375 1417 5444 ἐπιμένειν
1451 5373 1736 5441 καταδὲχῃ,

225 5487 379 5552 λόγοις
412 5483 466 5534 δὲ
502 5479 724 5549 μακροῖς
756 5471 1075 5541 Θεραπεύειν
1105 5468 1393 5535 ἐπιχειρεῖς
1428 5464 1494 5515 τὰ
1531 5464 1738 5515 ἀνίατα.

231 5551 345 5627 Ούτε
373 5569 571 5640 πρῶτοι
612 5562 731 5617 οὒτε
780 5561 948 5629 μόνοι,
994 5555 1316 5624 Παρηγόριε,
1361 5551 1743 5620 ἐνομοθετήσα-

2314 5013 2542 5070 CANON
2577 5007 2865 5068 LXXXIX.

1902 5107 2026 5175 Legi
2064 5116 2180 5160 tuas
2212 5104 2418 5157 litteras
2464 5114 2587 5153 cum
2628 5095 2774 5151 omni
2819 5090 3109 5162 patientia;
3141 5102 3366 5156 sumque

1832 5195 2160 5254 admiratus,
2200 5207 2295 5247 cur
2332 5204 2453 5244 cum
2507 5187 2687 5256 possis
2724 5183 2863 5252 apud
2911 5196 3010 5235 nos
3060 5178 3292 5232 breviter
3317 5186 3369 5230 et

1835 5284 1990 5336 facile
2044 5282 2197 5335 factis
2231 5280 2337 5333 tuis
2387 5290 2603 5330 causam
2641 5287 2831 5342 agerc,
2885 5270 2938 5322 in
2990 5268 3150 5321 rebus
3186 5277 3369 5333 repre-

1835 5373 2018 5427 hensis
2046 5371 2330 5440 persistere
2349 5369 2501 5430 velis,
2529 5380 2589 5417 ac
2614 5363 2790 5430 longis
2821 5357 3158 5414 sermonibus
3182 5367 3371 5408 curare

1839 5469 2010 5515 tentes
2043 5459 2380 5514 insanabilia.
2436 5446 2545 5506 Nec
2582 5451 2771 5521 primi,
2811 5461 2910 5501 nec
2939 5446 3066 5507 soli,
3102 5443 3371 5509 Paregori,

1841 5553 2188 5613 sancivimus,
2223 5557 2280 5604 ut
2316 5564 2380 5602 ne
2404 5561 2507 5600 una
2541 5560 2661 5598 cum
2697 5543 2828 5596 viris
2859 5539 3160 5593 habitarent
3188 5533 3376 5585 mulie-

343 5624 596 5726 γυναῖκας
622 5624 840 5715 ἀνδράσι
881 5649 953 5719 μὴ
984 5648 1265 5714 συνοικεῖν.
1314 5640 1446 5694 Ἀλλ’
1480 5637 1732 5708 ἁνάγνωθ

1845 5657 1950 5697 res.
2003 5640 2107 5696 Sed
2141 5640 2254 5709 lege
2289 5653 2548 5694 canoncm
2583 5650 2612 5689 a
2647 5633 2846 5688 sanctis
2883 5629 3082 5685 nostris
3133 5624 3376 5679 Pati-ibus

321 5770 332 5801 '
365 5765 526 5825 lCor.
556 5781 646 5828 vn.
685 5761 738 5818 9.
