3946 6342
621 317 724 380 823

1838 337 2113 398 TIlEOD.
2159 338 2386 398 BALSA
2399 335 2556 398 MON

3745 334 3848 397 82‘.

620 441 828 494 editum
859 442 911 495 in
944 445 1148 512 synodo
1181 444 1430 508 Nicaena.
1467 451 1555 518 qui
1605 453 1888 509 manifeste
1941 459 2138 512 sanciri

2273 461 2363 512 τὸν
2395 460 2735 529 ἐξενεχθέντα
2790 460 2984 514 κανόνα
3031 463 3178 532 παρὰ
3216 464 3321 516 τῶν
3368 466 3536 532 ἀγὶων
3572 469 3848 539 Πατέρων

623 542 910 587 extraneas
939 534 1192 590 mulieres
1219 552 1328 590 non
1354 553 1494 592 esse.
1532 538 1652 594 Vita
1685 551 1863 598 autem
1895 548 2084 602 caelebs
2115 550 2171 603 in

621 639 684 676 eo
708 625 1042 679 honestatem
1086 626 1245 681 habet
1267 668 1280 692 ,
1311 637 1427 682 uta
1462 633 1710 687 convictu
1737 636 1980 690 mulieris
2016 652 2169 706 sepa-

621 720 788 765 retur.
838 712 1014 777 Quare
1064 715 1108 767 si
1143 715 1267 783 quis
1296 716 1459 770 verbo
1490 719 1796 786 professus,
1844 725 2018 792 reipsa
2051 738 2169 792 qua:

618 800 1028 868 conjugatorum
1062 809 1188 855 sunt
1234 802 1391 866 facit,
1423 806 1596 873 palam
1628 815 1710 862 est
1736 822 1856 862 eum
1885 812 2165 881 virginita-

618 890 686 942 t's
717 890 929 956 quidem
980 890 1320 947 honestatem
1365 895 1420 947 in
1473 898 1691 952 nomine
1740 903 2021 968 persequi,
2073 904 2163 956 sed

617 994 954 1047 nequaquam
979 980 1046 1034 ab
1077 982 1331 1038 indecora
1367 985 1645 1054 voluptate
1677 988 1968 1044 abstinere.
1993 990 2166 1044 Tanto

615 1081 742 1134 ergo
783 1068 953 1136 magis
999 1071 1280 1138 oportebat
1303 1078 1355 1126 te
1390 1075 1738 1141 postulationi
1781 1087 1979 1132 nostra:
2010 1079 2165 1133 facile

615 1153 825 1218 cedere,
857 1164 1058 1223 quanto
1090 1165 1143 1211 te
1178 1158 1256 1212 ais
1283 1174 1404 1214 esse
1445 1161 1748 1218 liberiorem
1777 1166 1843 1220 ab
1867 1167 2014 1220 omni
2041 1181 2162 1223 cor-

617 1255 784 1309 porea
811 1242 1052 1299 libidine.
1086 1244 1269 1316 Neque
1300 1249 1444 1303 enim
1473 1250 1648 1304 virum
1697 1254 2033 1324 septuaginta
2066 1271 2164 1310 an-

613 1347 718 1389 nos
734 1346 914 1390 natum
930 1341 1184 1397 existimo
1201 1344 1488 1403 libidinose
1509 1349 1751 1407 habitare
1768 1369 1887 1407 cum
1907 1357 2132 1412 muliere
2151 1378 2162 1411 :

616 1438 716 1477 nec
736 1427 876 1492 quod
896 1436 1052 1500 turpe
1071 1433 1288 1506 aliquod
1310 1436 1521 1496 facinus
1540 1440 1729 1496 fuisset
1745 1444 2060 1511 admissum,
2087 1447 2166 1501 id-

615 1513 762 1568 circo
790 1518 1045 1572 constitui
1062 1537 1181 1591 qua:
1207 1528 1495 1595 constitui;
1531 1530 1624 1585 sed
1645 1531 1785 1600 quod
1817 1533 1884 1586 ab
1909 1533 2164 1602 Apostolo

613 1603 901 1662 didicimus
939 1607 1318 1669 oﬂendiculum
1349 1617 1502 1672 fratri
1535 1636 1643 1675 non
1675 1637 1874 1691 ponere
1903 1623 1969 1676 ad
2002 1639 2161 1678 scan-

2272 551 2428 620 ὴμῶν
2454 548 2560 601 τῶν
2593 552 2650 602 ἐν
2693 551 2757 618 τῇ
2802 551 2998 622 συνόδῳ
3037 552 3287 615 Νικαίας,
3320 555 3377 617 ὃς
3417 557 3676 626 φανερῶς
3747 559 3849 610 ἁπ-

2272 641 2536 710 ηγόρευσε
2587 642 2962 705 συνεισακτούς
3147 643 3220 712 μὴ
3248 641 3402 698 εἶναι.
3595 647 3852 714 Ἀγαμεα

2271 732 2327 784 δὲ
2359 734 2416 784 ἐν
2444 730 2614 800 τούτῳ
2639 731 2752 800 ἔχει
2786 731 2844 784 «rs
2878 733 3089 802 σεμνὰν,
3138 736 3195 786 ἐν
3235 735 3311 803 τῷ
3352 736 3690 805 κεχωρίσθαι
3751 739 3850 805 τῆς

2275 821 2412 890 μετά
2435 822 2688 888 γυναικὸς
2858 821 3144 889 διαγωγῆς.
3188 823 3276 885 Ὠς
3303 823 3396 874 ἐὰν
3421 824 3845 893 ἐπαγγελλόμε-

2271 911 2358 974 νός
2386 927 2467 973 τις
2491 910 2566 980 τῷ
2589 909 2829 979 ὀνόματι,
2866 911 3010 980 ἔργῳ
3046 911 3114 963 τὰ
3139 910 3246 963 τῶν
3268 911 3480 978 γυναιξὶ
3512 915 3844 965 συνοικούν-

2269 1019 2376 1056 των
2401 1003 2547 1071 ποιῇ,
2577 1000 2733 1069 δῆλός
2775 1002 2890 1053 ἐστι
2931 1001 2992 1052 τὸ
3023 1003 3118 1070 μὲν
3147 1003 3243 1070 τῆς
3290 1002 3580 1070 παρθενίας
3630 1002 3842 1072 σεμνὸν

2271 1093 2328 1144 ἐν
2350 1095 2415 1162 τῇ
2448 1091 2782 1162 προσηγορίᾳ
2810 1090 3037 1152 διώκων,
3065 1091 3157 1143 τοῦ
3187 1092 3242 1144 δὲ
3276 1093 3394 1144 καθ’
3419 1093 3613 1163 ἡδονὴν
3647 1095 3842 1164 ἀπρε-

2273 1180 2407 1241 ποῦς
2457 1180 2530 1250 μὴ
2571 1179 2952 1248 ἀφιστάμενος.
3001 1180 3249 1249 Τοσούτῳ
3285 1177 3375 1232 οὖν
3423 1182 3620 1251 μᾶλλον
3662 1184 3840 1251 ἐχρῆν

2273 1285 2332 1320 σε
2362 1269 2595 1331 εὐκόλως
2637 1264 2773 1334 εἶξαι
2822 1269 2976 1339 ἡμῶν
3014 1272 3079 1339 τῇ
3123 1269 3358 1333 ἀξιώσει,
3388 1271 3602 1340 ὅσῳπερ
3651 1271 3842 1338 left;

2267 1360 2546 1430 ἐλεύθερος
2565 1357 2700 1414 εἶναι
2732 1363 2930 1427 παντὸς
2958 1368 3266 1436 σωματικοῦ
3297 1369 3521 1431 πάθους.
3554 1369 3712 1421 Οὔτε
3739 1374 3844 1441 γὰρ

2262 1449 2352 1501 τὸν
2412 1451 2870 1524 ἑϐδομηκονταετῆ
2936 1459 3192 1524 γεγονότα
3257 1460 3512 1529 πείθομαι
3561 1461 3841 1529 ἐμπαθῶς

2265 1545 2527 1594 συνοικεῖν
2553 1544 2787 1610 γυναικὶ,
2818 1544 2939 1598 οὔτε
2986 1547 3061 1610 ὡς
3105 1549 3455 1620 ἐπιγενομένη
3505 1550 3608 1602 τινὶ

2263 1629 2454 1698 πράξει
2509 1631 2787 1700 ὡρίσαμεν
2825 1632 2861 1686 ἃ
2897 1633 3205 1703 ώρίσαμεν·
3257 1637 3367 1690 ἀλλ’
3415 1639 3602 1706 ἐπειδὴ
3662 1639 3838 1690 ἐδιδα-

611 1693 793 1746 dalum
827 1697 864 1749 ¹.
923 1695 1137 1757 Scimus
1170 1714 1347 1759 autem
1403 1709 1545 1776 quod
1603 1725 1633 1762 a
1692 1713 1967 1767 nonnullis
2018 1723 2138 1767 recti

2260 1693 2465 1788 χθημεν
2499 1693 2646 1792 παρά
2669 1693 2760 1775 τοῦ
2809 1693 3124 1778 Ἀποστόλόυ
3151 1727 3223 1796 μὴ
3247 1727 3451 1781 τιθέναι
3485 1693 3836 1797 πρόσκομμα

608 1783 848 1850 geritur,
906 1788 1026 1843 aliis
1085 1795 1426 1850 occasionem
1481 1813 1599 1854 esse
1646 1801 1923 1869 peccandi.
1987 1802 2138 1867 Quart

2259 1779 2591 1882 τῷηάδελιρᾷι
2636 1816 2715 1876 είς
2762 1814 3074 1869 σκάνδαλον.

610 1873 953 1941 praecipimus
1000 1886 1308 1936 sanctorum
1357 1885 1579 1940 Patrum
1610 1889 1885 1944 decretum
1930 1907 2160 1960 sequen-

609 1969 710 2022 tes,
745 1970 801 2014 ut
829 1978 857 2016 a
882 1967 1197 2022 muliercula
1226 1977 1516 2041 separeris.
1551 1976 1690 2042 Quid
1726 1979 1887 2048 igitur
1915 1981 2159 2051 chorepi-

607 2063 828 2119 scopum
859 2056 1096 2121 incusas,
1128 2067 1181 2114 et
1210 2064 1411 2117 veteris
1439 2065 1734 2122 inimicitiae
1761 2068 1896 2125 facis
1927 2073 2156 2126 mentio-

605 2143 767 2195 nem?
802 2143 938 2208 Quid
971 2147 1037 2202 de
1069 2151 1225 2205 nobis
1269 2156 1512 2222 quereris
1559 2160 1701 2226 quod
1736 2159 1921 2215 faciles
1953 2164 2156 2216 calum-

605 2231 712 2283 niis
746 2247 903 2288 aures
944 2239 1277 2304 prtebeamus
1309 2281 1324 2306 ,
1358 2258 1421 2298 ac
1455 2260 1565 2299 non
1594 2249 1776 2315 potius
1807 2251 1873 2304 de
1911 2259 1963 2305 te
2001 2253 2114 2320 ipse
2136 2292 2150 2316 ,

602 2321 694 2387 qui
721 2322 914 2376 adduci
949 2341 1058 2380 non
1108 2337 1282 2397 potes,
1315 2340 1372 2384 ut
1411 2349 1440 2386 a
1477 2336 1718 2392 mulieris
1763 2342 2153 2396 consuetudine

601 2411 862 2465 recedas?
897 2413 1041 2483 Ejice
1075 2417 1238 2486 igitur
1268 2419 1413 2474 illam
1642 2440 1707 2480 ex
1757 2428 1862 2482 tuis
1905 2427 2109 2484 aadibus
2133 2469 2148 2492 ,

597 2508 652 2552 et
683 2501 735 2555 in
772 2507 1100 2562 monasterio
1121 2510 1409 2564 constitue.
1448 2509 1529 2565 Sit
1559 2512 1648 2567 illa
1677 2529 1799 2570 cum
1825 2517 2145 2586 virginibus,

594 2601 648 2644 et
677 2595 814 2660 apud
864 2603 915 2648 te
945 2599 1182 2652 serviant
1213 2600 1345 2666 viri,
1381 2609 1441 2655 ut
1471 2618 1538 2656 ne
1569 2603 1661 2658 Dei
1702 2620 1896 2663 nomen
1933 2620 2149 2678 propter

593 2696 690 2735 vos
720 2682 1139 2752 blasphemetur.
1182 2688 1305 2745 Haec
1332 2691 1501 2746 donec
1527 2691 1740 2759 feceris,
1776 2696 2145 2762 innumerabi-

592 2771 662 2823 lia
689 2789 805 2841 quae
838 2791 930 2844 per
957 2780 1210 2848 epistolas
1241 2782 1434 2838 scribis
1468 2783 1601 2837 nihil
1633 2793 1686 2840 te
1723 2786 2014 2854 iuvabunt;
2048 2792 2140 2848 sed

592 2865 839 2919 morieris
877 2869 1106 2933 otiosus,
1147 2885 1210 2924 ac
1245 2873 1438 2929 reddes
1474 2873 1703 2929 Domino
1743 2877 2005 2932 rationem
2045 2880 2138 2933 otii

589 2953 686 3003 tui.
745 2952 897 3016 Quod
957 2960 1001 3012 si
1064 2975 1231 3016 ausus
1286 2962 1453 3018 fueris
1508 2966 1642 3019 citra
1709 2969 2135 3023 emendationem

588 3043 946 3099 sacerdotium
991 3049 1086 3102 tibi
1130 3051 1446 3115 vindicare,
1501 3055 1782 3110 anathema
1833 3057 1940 3110 eris
1994 3059 2138 3110 omni

3259 1819 3491 1887 Οἴδαμεν
3539 1819 3618 1880 δὲ,
3658 1820 3750 1872 ὅτι
3778 1821 3836 1870 τὸ

2259 1901 2409 1968 παρά
2459 1918 2618 1956 τινων
2669 1903 2836 1971 ὑγιῶς
2882 1907 3156 1975 γινόμενον
3199 1907 3375 1971 ἄλλοις
3417 1909 3639 1978 ἀφορμὴ
3694 1911 3835 1978 nr)»;

2257 1990 2530 2059 ἁμαρτίαν
2556 1993 2805 2064 ὑπάρχει.
3017 1998 3216 2050 Τούτου
3255 1999 3438 2050 ἕνεκεν
3483 2000 3830 2069 προσετάξα-

2258 2096 2376 2148 μεν,
2416 2083 2666 2151 ἑπόμενοι
2694 2088 2758 2155 τῇ
2800 2086 3023 2156 διαταγῇ
3051 2087 3156 2140 τῶν
3195 2088 3362 2154 ἀγίων
3395 2089 3681 2157 Πατέρων,
3723 2107 3829 2157 χω-

2257 2171 2502 2240 ρισθῆναι
2531 2190 2590 2225 σε
2618 2174 2709 2236 τοῦ
2734 2177 2973 2241 γυναίου.
3010 2177 3074 2228 Τί
3103 2173 3192 2228 οῦν
3213 2177 3459 2244 ἐγκαλεῖς
3476 2177 3551 2244 τῷ
3575 2195 3828 2246 χωρεπι-

2255 2262 2459 2332 σκόπῳ,
2509 2264 2600 2316 καὶ
2632 2263 2864 2328 παλαιᾶς
2894 2265 3090 2337 ἔχθρας
3123 2267 3430 2336 piper-qaut;
3464 2267 3528 2317 Τί
3571 2267 3628 2319 δὲ
3673 2269 3825 2334 ἡμὴ

2253 2352 2587 2422 καταμέμφῃ
2639 2353 2712 2415 ὡς
2759 2355 3009 2416 εὐκόλους
3047 2355 3214 2410 ἀκοὰς
3247 2354 3464 2423 ἔχοντας
3507 2357 3590 2417 εἰς
3624 2355 3693 2406 τὸ
3725 2356 3823 2416 τὰς

2248 2438 2495 2504 διαϐολὰς
2533 2443 2882 2511 προσίεσθαις
2942 2444 3054 2497 ἀλλ’
3101 2445 3220 2513 οὐχί
3255 2444 3460 2514 σεαυτῷ
3504 2443 3583 2513 μὴ
3629 2446 3818 2513 ἀνεχο-

2251 2527 2396 2598 μένῳ
2573 2531 2870 2599 ἀποστῆναι
2916 2532 3011 2601 τῆς
3058 2533 3194 2602 πρὸς
3251 2533 3346 2601 τὴν
3390 2535 3623 2599 γυναῖκα
3692 2549 3822 2584 συν-

2245 2612 2466 2680 ηθείας;
2506 2615 2766 2667 Ἐκϐαλλε
2800 2618 2973 2671 τοίνυν
3006 2619 3173 2689 αὐτὴν
3214 2620 3320 2671 ἀπὸ
3360 2619 3453 2671 τοῦ
3503 2620 3654 2672 οἷκον
3696 2637 3816 2682 σου,

2248 2704 2338 2754 καὶ
2371 2704 2708 2772 κατάστησον
2750 2707 2916 2777 αὐτὴν
2948 2708 3003 2758 ἐν
3054 2709 3417 2778 μοναστηρίῳ.
3629 2711 3819 2762 Ἔστω

2247 2793 2426 2861 ἐκείνη
2472 2794 2607 2862 μετά
2653 2795 2956 2866 παρθένων,
2999 2798 3090 2849 καὶ
3136 2800 3200 2852 σύ
3256 2799 3525 2869 ὐπηρετοῦ
3584 2801 3675 2852 ὐπ’
3725 2801 3814 2850 ἀν-

2244 2881 2416 2950 δρῶν,
2468 2885 2552 2936 ἵνα
2587 2885 2659 2954 μὴ
2692 2887 2750 2938 τὸ
2795 2887 2962 2955 δνομα
2989 2887 3081 2940 τοῦ
3114 2888 3249 2940 Θεοῦ
3290 2890 3354 2941 δι’
3386 2891 3527 2958 ὑμᾶς
3568 2890 3812 2957 βλασφη-

2246 2974 2428 3040 μῆται.
2469 2975 2611 3038 Ἕως
2644 2976 2688 3027 δ’
2735 2977 2799 3028 ἂν
2827 2978 2995 3030 ταῦτα
3035 2983 3211 3048 ποιῇς,
3243 2982 3297 3032 αἱ
3348 2980 3624 3048 μυριάδες,
3663 2981 3810 3046 ἅπερ

2244 3062 2575 3130 συγγράφεις
2750 3065 2835 3117 διὰ
2884 3067 2989 3118 τῶν
3038 3069 3350 3130 ἐπιστολῶν,
3395 3071 3543 3121 οὐδὲν
3593 3070 3810 3138 ὡφελὴ-

586 3131 818 3198 populo;
851 3141 902 3187 et
947 3137 1038 3204 qui
1079 3145 1130 3192 te
1169 3143 1502 3210 receperint,
1547 3142 1998 3198 excommunicati
2045 3158 2138 3210 per

2246 3149 2394 3198 σουσί
2424 3165 2480 3199 σε
2503 3166 2515 3178 °
2565 3151 2699 3217 ἀλλά
2730 3154 3064 3225 τελευτήσεις
3108 3157 3313 3225 ἀργῶν,
3359 3158 3451 3209 καὶ
3501 3157 3696 3220 δώσεις
3730 3157 3809 3225 τῷ

583 3233 797 3273 omnem
829 3221 1122 3281 Ecclesiam
1145 3242 1322 3284 erunt.

2243 3237 2430 3305 Κυρίῳ
2455 3238 2612 3306 λόγον
2641 3243 2737 3310 τῆς
2765 3245 2985 3296 σεαυτοῦ
3015 3247 3228 3315 ἀργίας.
3277 3247 3399 3300 Ἐὰν
3425 3249 3480 3300 δὲ
3503 3249 3803 3319 τολμήσῃς,

585 3307 659 3378 μὴ
699 3310 1122 3384 διορθωσάμενος
1156 3322 1398 3385 σεαυτὸν,
1432 3325 1749 3394 ἀντέχεσθαι
1815 3327 1910 3394 τῆς
1942 3326 2254 3397 ἱερωσύνης,
2323 3331 2567 3401 ἀνάθεμα
2598 3307 2705 3405 ἔσῃ.
2728 3339 2885 3388 παντὶ
2914 3307 3141 3410 τῷ
3190 3307 3301 3395 *καὶ
3329 3344 3376 3395 oi
3410 3307 3684 3411 δεχόμενοί
3723 3307 3806 3393 ,σε

582 3406 904 3476 ἑκκήρυκτοι
940 3415 1076 3466 κατά
1113 3420 1288 3471 πᾶσαν
1333 3420 1654 3490 Ἐκκλησίαν
1681 3423 2015 3490 γενήσονται.

639 3533 834 3588 BALS.
909 3534 1203 3605 Gregorius
1255 3537 1474 3606 quidam
1550 3534 1831 3605 presbyter
1907 3533 2138 3587 habebat

571 3626 860 3696 quamdam
889 3626 1260 3682 mulierculam
1291 3630 1339 3682 ei
1369 3629 1749 3684 inservientem
1789 3645 1801 3680 :
1840 3624 1980 3694 quod
2007 3640 2129 3678 cum

565 3729 786 3774 sanctus
818 3718 1193 3780 intellexisset.
1222 3721 1410 3801 petivit
1451 3737 1477 3773 ιι
1519 3719 1850 3789 presbytero.
1902 3725 1961 3768 ut
2013 3731 2130 3769 mu-

561 3808 747 3864 lierem
781 3811 937 3864 domo
969 3825 1064 3865 sua
1104 3811 1415 3880 expelleret.
1449 3813 1499 3865 Is
1523 3826 1649 3871 vero
1680 3811 1744 3862 ad
1791 3809 1936 3861 illum
1966 3809 2031 3860 de
2061 3822 2127 3860 ea

560 3917 618 3954 re
645 3901 880 3970 seipsum
908 3901 1201 3956 defendens
1232 3901 1478 3971 scripsit;
1522 3915 1749 3972 magnus
1779 3912 1992 3967 quoque
2021 3896 2124 3950 Ba-

550 3992 708 4045 silius
739 3993 976 4047 vicissim
1008 3993 1076 4047 ad
1123 3995 1496 4064 presbyterum
1548 3991 1846 4060 rescripsit.
1895 3989 1990 4043 Est
2029 4003 2126 4042 au-

553 4093 662 4137 tem
693 4084 988 4138 verisimile
1016 4086 1386 4155 presbyterum
1414 4086 1466 4138 iu
1501 4100 1594 4140 sua
1624 4083 1849 4152 epistola
1881 4089 2124 4136 sanctum

556 4190 797 4246 rogasse,
831 4185 886 4230 ut
913 4176 1123 4232 litteras
1157 4191 1279 4231 cum
1333 4176 1737 4245 longanimitate
1781 4174 1983 4242 legeret
2015 4186 2027 4223 :
2059 4170 2124 4223 ad

551 4286 712 4338 quem
765 4270 1046 4340 rescripsit
1091 4268 1277 4324 Pater.
1335 4271 1467 4324 Cum
1525 4270 1670 4324 omni
1715 4267 2124 4338 longanimitate

2319 3533 2512 3584 ΒΛΛΣ.
2553 3533 2848 3602 Γρηγόριός
2875 3551 2954 3597 τις
2991 3534 3358 3603 πρεσϐύτερος
3393 3533 3618 3600 γύναιον
3665 3533 3815 3603 εἶχεν

2244 3623 2550 3692 ὑπηρετοῦν
2617 3623 2764 3692 αὐτῷ
2803 3622 2876 3674 ’ὃ
2911 3622 3098 3690 μαθὼν
3157 3625 3183 3674 ὁ
3245 3623 3399 3688 ἆγιος
3458 3624 3658 3692 ἀπῄῦει
3721 3626 3809 3677 τὸν

2241 3712 2612 3783 πρεσϐύτερον
2638 3713 2886 3765 ἐκσεῖσαι
2920 3713 3018 3782 τῆς
3053 3713 3334 3776 κατοικίας
3367 3713 3530 3765 αὐτοῦ
3589 3714 3649 3764 τὸ
3712 3714 3808 3774 γύ-

2238 3824 2404 3858 ναιον.
2441 3806 2498 3858 ’0
2535 3806 2589 3858 δὲ
2621 3805 2826 3874 ἔγραψε
2863 3807 2990 3874 περὶ
3023 3807 3211 3860 τούτου
3262 3805 3398 3874 πρδς
3440 3805 3603 3857 αὐτὸν
3665 3808 3805 3858 ἀπο-

2236 3899 2584 3968 λογούμενος,
2617 3901 2710 3952 καὶ
2745 3902 2772 3951 δ
2803 3899 2973 3966 μέγας
3010 3899 3291 3960 Βασίλειος
3319 3898 3630 3967 ἀντέγραψε
3669 3898 3804 3967 πρὶς

2231 3992 2323 4044 τὸν
2350 3992 2742 4061 πρεσϐύτερον.
2781 3990 2968 4044 Ἐοικε
3002 3992 3056 4042 δὲ
3083 3991 3172 4043 τὸν
3231 3990 3606 4060 πρεσϐύτερον
3644 3993 3700 4042 ἐν
3736 3994 3800 4057 τῇ

2230 4081 2486 4152 ὲπιστολῆ
2512 4082 2677 4136 αὐτοῦ
2712 4084 2942 4149 ἀξιῶσαι
2973 4086 3061 4138 τὸν
3083 4085 3238 4151 ἆγιον
3265 4085 3640 4154 μακροθύμως
3671 4088 3800 4138 ἁνα-

2233 4173 2437 4241 γνῶναι
2470 4175 2537 4228 τὰ
2571 4176 2875 4246 γράμματα
2908 4193 2919 4204 ·
2952 4175 3088 4240 πρὸς
3119 4176 3181 4228 ὃν
3238 4174 3578 4244 ἀντέγραψεν
3610 4179 3637 4228 ό
3690 4177 3798 4228 Παη

2229 4262 2352 4335 τηρ,
2374 4267 2454 4320 ὅτι
2473 4267 2626 4320 Μετά
2656 4268 2833 4338 πάσης
2869 4268 3254 4337 μακροθυμίας
3283 4268 3533 4337 ἐνέτυχόν
3566 4285 3662 4320 σου
3690 4269 3798 4327 τοῖς

551 4374 671 4416 tuas
712 4363 917 4417 litteras
945 4362 1073 4433 legi,
1108 4371 1161 4417 et
1194 4363 1423 4417 miratus
1454 4377 1570 4416 sum
1604 4361 1766 4429 quod,
1815 4376 1936 4414 cum
1983 4374 2108 4428 pos-

2246 4359 2548 4428 γράμμασι,
2583 4360 2677 4411 καὶ
2730 4359 3018 4429 ἐθαύμασα
3053 4361 3160 4426 ὅτι,
3189 4360 3489 4429 δυνάμενος
3519 4362 3797 4428 συντόμως

547 4469 634 4508 ses
665 4469 758 4524 per
783 4471 867 4509 res
897 4456 1134 4509 breviter
1163 4455 1509 4524 respondere,
1551 4453 1755 4508 scilicet
1795 4467 1890 4521 per
1921 4451 2116 4505 mulie-

548 4546 620 4597 tis
656 4546 1113 4608 amandationem;
1148 4545 1202 4600 in
1232 4545 1316 4610 iis,
1353 4558 1578 4614 quorum
1627 4544 1922 4607 accusaris,
1955 4544 2116 4595 rebus

547 4638 756 4691 scilicet
799 4637 931 4703 ipsis
979 4645 1199 4704 propter
1238 4651 1369 4705 quas
1403 4636 1675 4691 accusatio
1708 4634 1948 4690 instituta
1992 4645 2072 4688 est
2098 4675 2112 4700 ,

546 4741 902 4790 permaneas;
938 4725 1121 4778 verbis
1151 4734 1328 4778 autem
1354 4735 1404 4778 te
1423 4723 1688 4779 defendis.
1716 4725 1914 4778 Deinde
1946 4725 2073 4778 dicit
2100 4742 2111 4776 :

549 4818 658 4872 Nos
691 4831 787 4871 nec
819 4815 975 4883 primi
1012 4829 1110 4869 nec
1140 4815 1238 4869 soli
1272 4814 1582 4880 statuimus,
1616 4829 1680 4868 ne
1709 4814 1961 4868 mulieres
1991 4829 2110 4867 cum

551 4912 705 4969 viris.
739 4910 949 4963 scilicet
978 4908 1228 4973 sacratis,
1259 4908 1664 4972 cohabitarent;
1701 4907 1792 4960 sed
1842 4907 1954 4974 lege
1988 4920 2111 4959 cau.

549 5021 669 5073 syu.
701 5002 952 5062 Nicaeum.
991 5007 1079 5069 qui
1126 5000 1396 5068 prohibuit
1443 5015 1508 5054 ne
1549 5000 1658 5055 sint
1707 4998 2109 5053 introductitize.

550 5095 655 5148 Eas
684 5104 858 5148 autem
896 5093 1291 5154 introductitias
1325 5091 1558 5160 appellat
1588 5092 1773 5144 tertius
1814 5090 1970 5145 dictae
2020 5105 2110 5159 sy-

548 5184 676 5236 nodi
710 5197 902 5246 canon,
934 5195 1052 5248 quae
1084 5179 1498 5234 introducantur
1529 5181 1578 5232 in
1606 5182 1747 5233 aedes
1779 5189 2108 5234 sacratorum

550 5274 853 5332 hominum.
880 5273 968 5341 qui
1002 5286 1197 5326 uxores
1225 5285 1328 5325 non
1362 5272 1648 5332 duxerunt,
1683 5278 1737 5324 et
1765 5285 1882 5323 cum
1913 5272 1992 5324 eis
2024 5285 2112 5324 co-

552 5364 812 5420 habitant.
846 5361 944 5426 Qui
989 5372 1163 5417 autem
1212 5361 1509 5415 caelibatum
1543 5360 1768 5429 professi
1803 5369 1966 5422 sunt,
2001 5362 2113 5412 lau-

553 5455 708 5517 dem,
746 5453 938 5521 inquit,
970 5454 1081 5507 site
1113 5453 1180 5507 ob
1216 5451 1622 5515 continentiam,
1662 5449 1884 5518 gloriam
1949 5451 2112 5504 habe-

553 5543 707 5608 bunt,
762 5543 803 5596 si
854 5558 879 5594 a
938 5543 1248 5598 mulieribus
1295 5550 1630 5613 separentur.
1678 5539 1734 5595 Si
1770 5541 1885 5608 quis
1937 5548 2112 5592 autem

553 5636 919 5710 virginitatem
945 5635 1282 5704 profiteatur,
1314 5652 1434 5692 eum
1472 5633 1785 5689 mulieribus
1811 5647 1932 5688 vero
1953 5631 2113 5686 coha-

660 5750 860 5804 ιΙὶοιιι.
903 5768 1003 5804 λιν.
1048 5753 1124 5804 17:.

2227 4449 2671 4518 ἀπολογήσασθαι
2720 4450 2808 4503 διά
2839 4451 3206 4522 πραγμάτων,
3233 4452 3400 4522 ἤγουν
3428 4452 3514 4504 διὰ
3540 4451 3633 4504 τοῦ
3664 4453 3794 4503 ἀπο-

2226 4539 2546 4608 πέμψασθαι
2571 4541 2670 4612 τὴν
2717 4543 2972 4607 γυναῖκα,
2996 4545 3106 4605 τοῖς
3155 4543 3252 4610 μὲν
3276 4545 3788 4613 κατηγορουμένοις,

2222 4633 2338 4702 ἤτοι
2363 4634 2472 4693 τοῖς
2496 4633 2818 4701 πράγμασιν
2849 4633 3052 4696 αὐτοῖς’,
3080 4635 3145 4686 δι’
3177 4635 3212 4688 ὃ.
3246 4637 3279 4703 ἡ
3312 4634 3635 4703 κατηγορία,
3671 4636 3791 4686 ἐπι-

2225 4725 2530 4791 μ.ἑνεις’διὰ
2556 4723 2610 4776 δὲ
2642 4723 2784 4793 λόγῳ
2829 4724 3124 4790 ἀπολογίας
3162 4728 3352 4786 ποιεῖς.
3383 4721 3517 4777 Εἶτά
3541 4742 3676 4793 φησι
3710 4726 3786 4776 δτι

2221 4814 2356 4866 Οὔτε
2390 4816 2593 4882 πρῶτοι
2623 4815 2744 4869 οὐτε
2772 4816 2921 4885 μόνοι
2945 4818 3102 4886 ἡμεῖς
3123 4816 3402 4884 ὡρίσαμεν
3428 4815 3501 4884 μὴ
3527 4816 3786 4868 συνοικεῖν

2218 4906 2494 4974 ἀνδράσιν,
2551 4908 2865 4976 ίερωμένοις
2911 4908 3127 4976 δηλαδὴ,
3165 4910 3427 4974 γυναῖκας
3451 4923 3466 4939 ·
3505 4907 3620 4959 ἀλλ’
3663 4907 3783 4958 ἀνάο

2220 5000 2382 5064 γνωθι
2409 5001 2496 5050 τὸν
2531 5001 2726 5051 κανόνα
2757 5000 2854 5066 τῆς
2885 5002 2941 5050 ἐν
2970 4998 3172 5067 Nunt;
3205 4999 3440 5058 συνόδου,
3485 4999 3543 5060 δς
3570 4997 3782 5063 ἀπηγόο

2225 5107 2381 5158 ρευσε
2416 5091 2796 5151 συνεισάκτους
2835 5089 2908 5159 μὴ
2935 5085 3096 5142 εἶναι.
3134 5089 3525 5150 Συνεισάκτους
3555 5088 3610 5140 δὲ
3639 5088 3779 5153 λέγει

2218 5182 2245 5232 ὁ
2269 5180 2464 5242 κανὼν,
2490 5180 2545 5237 ὃς
2571 5179 2748 5249 τρίτος
2765 5182 2878 5233 ἐστὶ
2898 5179 2998 5249 τῆς
3017 5181 3314 5250 εἰρημένης
3331 5179 3570 5241 συνόδου,
3590 5179 3690 5238 τὰς
3708 5180 3779 5236 εἰς

2217 5273 2497 5332 κατοικίας
2538 5272 2850 5340 ἱερωμένων
2905 5272 3122 5337 ἀζύγων
3169 5268 3631 5336 συνεισαγομένας
3691 5269 3778 5320 καὶ

2218 5361 2574 5424 κατοικούσας
2608 5365 2701 5415 σὺν
2733 5364 2937 5425 αὐτοῖς.
2971 5365 3034 5416 Ol
3057 5363 3110 5414 δὲ
3139 5361 3593 5428 ἐπαγγειλάμενοι
3643 5361 3775 5424 ἁγα-

2220 5454 2347 5522 μίαν
2371 5453 2573 5522 ἔχουσι,
2617 5455 2749 5524 φησὶ
2776 5453 2836 5505 τδ
2877 5453 3089 5522 σεμνὸν,
3121 5453 3290 5520 ἤγουν
3330 5450 3388 5502 τὸ
3435 5450 3528 5502 ἐπὶ
3569 5467 3774 5517 σωφρο-

2221 5545 2352 5613 σύνῃ
2376 5545 2612 5613 ἔντιμον,
2639 5546 2696 5596 ἐν
2730 5543 2804 5612 τῷ
2830 5541 3156 5612 κεχωρῐσθαι
3185 5541 3292 5594 ἀπὸ
3314 5541 3610 5609 γυναικῶν,
3655 5539 3774 5592 Ἐάν

2219 5635 2273 5687 δέ
2298 5653 2379 5697 τις
2403 5635 2767 5707 ἑπαγγέληται
2799 5634 3139 5703 παρθενείαν,
3182 5633 3403 5705 συνοικῇ
3427 5629 3482 5685 δὲ
3506 5629 3770 5700 γυναιξὶν,
