3946 6342
231 361 347 422 825

234 471 412 541 ενομα
462 475 618 544 μόνον
653 479 787 550 ἔχει,
836 485 895 535 οὗ
927 485 1035 554 μὴν
1098 489 1190 539 καὶ
1249 489 1380 542 αὐτὸ
1435 491 1493 542 τὴ

247 564 407 618 Ἐπεὶ
435 561 547 632 οὖν,
576 571 730 641 φησὶ,
765 572 944 641 λέγεις
981 575 1266 649 ἐλεύθερος
1292 576 1430 632 εἶναι
1475 582 1676 646 παντὸς
1706 561 1813 638 σωο

236 658 475 723 ματικοῦ
504 661 732 728 πάθους,
767 665 872 718 ἔδει
912 685 972 720 σε
1006 668 1094 723 διά
1120 671 1282 724 τοῦτο
1319 671 1522 742 μᾶλλον
1583 675 1813 728 ἀκολού-

232 746 352 810 θως
383 749 722 820 ὑποταγῆναι
757 756 821 824 τῇ
853 754 1076 819 ἀξιώσει
1107 759 1283 828 ήμῶν,
1340 763 1434 814 καὶ
1481 763 1814 834 ἀποπέμψαι

235 839 368 891 σθαι
393 840 454 892 τὸ
480 840 722 904 γύναιον.
766 845 878 899 Οὐκ
913 843 1036 901 εἷπε
1071 853 1137 920 τῇ
1167 851 1410 904 κελεύσει
1458 853 1490 923 ἢ
1538 858 1605 925 τῇ
1645 873 1813 926 προσ-

232 929 413 996 τάξει,
447 932 582 985 ἀλλὰ
603 937 667 1004 τῇ
693 935 914 1002 ἀξιώσει
952 940 1041 993 διὰ
1071 942 1562 1013 μετριοφροσύνην.
1595 947 1669 999 Οὐ
1703 949 1811 1015 γὰρ

231 1021 309 1084 ὡς
339 1024 600 1090 ἐμπαθῶς
627 1043 742 1093 σου,
762 1032 932 1098 φησὶ,
960 1035 1174 1102 ἔχοντος
1199 1034 1334 1104 πρὸς
1356 1036 1416 1088 τὸ
1449 1037 1692 1102 γύναιον,
1717 1040 1810 1090 καὶ

225 1113 321 1166 διὰ
350 1117 547 1184 πρᾶξιν
577 1119 778 1173 ἄτοπον
813 1122 1095 1194 ὡρίσαμεν
1123 1127 1381 1179 ἐκϐαλεῖν
1404 1129 1556 1181 αὐτό.
1594 1130 1668 1182 Οὐ
1696 1130 1808 1199 γὰρ

222 1208 324 1258 τὸν
356 1209 728 1280 ἑὸδομήκοντα
759 1214 999 1286 ζήσαντα
1015 1221 1238 1286 χρόνους
1260 1221 1503 1274 πιστεύω
1537 1222 1806 1289 ἐμπαθῶς

225 1303 506 1354 συνοικεῖν
539 1307 792 1371 γυναικί·
827 1309 961 1362 ἀλλά
990 1311 1078 1363 διὰ
1107 1312 1167 1364 τὸ
1194 1315 1484 1384 εἰρημένον
1533 1315 1609 1384 τῷ
1648 1316 1807 1368 Ἀπο-

223 1389 424 1458 στόλῳ,
465 1393 527 1446 τὸ
573 1397 648 1465 μὴ
711 1399 918 1451 τιθέναι
989 1401 1324 1473 πρόσκομμα
1383 1405 1458 1473 τῷ
1505 1405 1720 1475 ἀδελφῷ
1771 1405 1802 1476 ἢ

221 1479 544 1540 σκάνδαλον,
585 1485 656 1537 Τὸ
690 1486 798 1555 γὰρ
859 1489 992 1559 παρ’
1042 1492 1219 1546 ἄλλων
1284 1495 1507 1558 ἀπαθῶς
1566 1496 1800 1566 ἢάγίως

215 1570 515 1639 γινόμενον
547 1574 727 1637 ἀλλοις
757 1578 1034 1647 πρόφασις
1096 1583 1251 1638 ἔσται
1308 1587 1444 1656 πρὸς
1503 1588 1799 1657 ἁμαρτίαν.

216 1658 298 1711 Σὺ
330 1662 430 1728 μὲν
457 1664 583 1734 γὰρ,
614 1667 801 1735 φησὶν,
841 1670 972 1734 ἴσως
996 1673 1223 1735 ἀπαθῶς
1283 1680 1556 1741 συνοικεῖς
1587 1678 1662 1746 τῷ
1711 1696 1802 1745 γυ-

212 1750 388 1820 ναίῳ·
424 1753 612 1823 ἔτερος
640 1757 717 1820 δὲ,
772 1760 1078 1833 ὑπόδειγμα
1114 1766 1297 1819 λαϐών
1345 1785 1428 1829 σε,
1486 1773 1798 1838 συνοικήσει

212 1839 432 1911 γυναίῳ
459 1843 559 1897 οὐκ
592 1845 840 1914 ἀπαθῶς,
871 1852 903 1919 ἢ
951 1855 1041 1907 καὶ
1073 1857 1217 1909 κατὰ
1252 1857 1346 1908 σοῦ
1403 1859 1556 1926 σχοίη
1587 1859 1794 1928 ὑπολή-
1831 1857 1870 1911 Β

208 1930 344 1998 ψεις
367 1935 464 1986 οὐκ
487 1935 723 2004 ἀγαθὰς,
757 1942 851 1993 καὶ
882 1942 1035 1997 ἔσται
1085 1947 1243 2000 τοῦτο
1291 1951 1370 2011 εἰς
1426 1949 1655 2018 ἀτιμίαν
1698 1953 1795 2019 τῆς

208 2022 526 2112 ῖεροσύνης.
557 2028 623 2080 Τί
649 2028 744 2084 οὖν
773 2034 1027 2100 ἐγκαλεῖς
1056 2037 1134 2108 τῷ
1166 2041 1573 2112 χωρεπισκόπῳ
1599 2060 1612 2107 ;
1649 2042 1796 2096 Ἐοι-

208 2129 313 2208 κεν
342 2110 434 2169 οὖν
462 2122 614 2188 παρά
634 2123 728 2174 τοῦ
761 2131 1184 2195 χωρεπισκόπου
1215 2135 1518 2203 μηνυθῆναι
1544 2153 1623 2206 τῳ
1655 2138 1795 2208 ἁγίῳ

202 2204 305 2257 cr
326 2207 453 2276 περὶ
486 2209 581 2263 τοῦ
615 2215 955 2270 ἐπεισάκτου
985 2221 1230 2286 γυναίου.
1267 2223 1332 2275 Τί
1356 2223 1412 2276 δὲ
1444 2204 1602 2277 αἰτίαν
1627 2204 1794 2296 ἡμᾶς,

200 2296 288 2358 ὡς
317 2300 557 2366 εὐκόλως
583 2307 682 2369 τὰς
711 2307 968 2372 διαϐολὰς
1023 2313 1512 2384 προσδεχομένους,
1539 2317 1634 2369 καὶ
1672 2317 1793 2387 οὐχὶ

207 2389 421 2457 μᾶλλον
451 2395 664 2461 ἑαυτὸν,
710 2399 784 2466 μὴ
823 2401 1154 2472 ἀνεχόμενον
1188 2407 1492 2474 ἀποστῆναι
1543 2407 1642 2478 τῆς
1696 2426 1792 2477 γυ·

203 2481 439 2547 ναικόῖς
480 2486 836 2559 Κατάστησον
875 2490 987 2556 οὖν,
1054 2496 1240 2561 φησὶν,
1300 2497 1470 2564 αὐτὴν
1533 2502 1588 2551 ὲν
1631 2504 1788 2571 μονῇ,

209 2572 282 2622 σὺ
315 2573 588 2645 ὑπηρετοῦ
624 2581 775 2648 παρὰ
807 2583 1017 2654 ἀνδρῶν
1059 2586 1202 2648 Ἕως
1234 2587 1301 2640 ἂν
1330 2589 1504 2642 ταῦτα
1537 2593 1791 2662 ποιήσῃς,

208 2664 251 2717 ἃ
282 2668 537 2736 γράσεις,
564 2672 737 2726 πολλὰ
765 2675 914 2740 ὄντα,
946 2677 1099 2731 οὐδὲν
1127 2680 1474 2751 ὠφελήσουσι
1518 2699 1598 2748 σε,
1657 2684 1794 2737 ἀλλά

209 2758 566 2830 τελευτήσεις
625 2765 834 2832 ἀργῶν,
884 2770 1006 2822 ἀντὶ
1034 2770 1126 2823 τοῦ
1159 2771 1264 2833 ἓως
1289 2773 1480 2835 τέλους
1516 2774 1616 2840 τῆς
1643 2774 1790 2843 ζωῆς

212 2866 314 2900 σου
349 2853 446 2906 οὒκ
475 2856 789 2923 ἐνεργήσεις
818 2858 894 2921 ὡς
928 2861 1127 2928 ἱερεὺς,
1149 2861 1534 2931 ἀφωρισμένος
1562 2863 1656 2929 ὢν,
1697 2866 1792 2918 καὶ

211 2941 414 3004 δώσεις
449 2943 607 3010 λόγον
635 2946 712 3015 τῷ
744 2948 934 3018 Κυρίῳ
963 2950 1060 3018 τῆς
1100 2952 1292 3004 ἑαυτοῦ
1336 2954 1582 3023 ἀργείας,
1620 2955 1696 3016 ὼς
1735 2955 1794 3020 ἐξ

207 3038 394 3099 αἰτίας
427 3057 518 3090 σου
546 3042 748 3112 ταύτης
780 3061 862 3098 σοι
887 3044 1356 3116 ἐπενηνεγμένης.
1418 3050 1542 3100 Ἐὰν
1604 3050 1663 3104 δὲ
1716 3051 1790 3121 μὴ

205 3130 651 3200 διορθωσάμενος
678 3135 960 3207 τολμήσῃς
1020 3137 1348 3208 ἱερουργεῖν,
1382 3141 1632 3212 ἀνάθεμα
1664 3143 1786 3214 ἔσῃ,

204 3223 306 3274 καὶ
335 3222 382 3273 οί
410 3223 687 3294 δεχόμενοί
715 3243 769 3278 σε
808 3228 1195 3298 ἱερουργοῦντα
1242 3232 1422 3302 πάσης
1463 3233 1790 3304 όμηγύρεως

205 3314 420 3368 πιστῶν
475 3319 1008 3389 ἰκκηρυχθήσονται.
1085 3322 1382 3391 ’Λνσὶγνωθι
1433 3326 1530 3377 καὶ
1588 3327 1686 3393 τῆς
1727 3327 1785 3378 ὲν

218 3407 526 3477 ’Λντιοχεία
550 3409 767 3462 συνόδου
794 3412 996 3464 κανόνα
1008 3409 1071 3474 δ’,
1103 3414 1195 3465 καὶ
1218 3413 1317 3483 τῆς
1337 3417 1395 3468 ὲν
1443 3415 1520 3484 τῷ
1535 3416 1788 3487 Τρούλλῳ

206 3499 420 3549 κανόνα
454 3505 516 3562 ε’,
557 3503 649 3553 καὶ
700 3503 797 3570 τῆς
845 3504 903 3554 ὲν
951 3503 1154 3572 Νικαία
1202 3505 1429 3575 πρώτης
1481 3509 1681 3560 κανόνα
1717 3506 1784 3574 γ’.

207 3590 325 3642 Καὶ
355 3589 522 3643 ταῦτα
549 3591 650 3658 μὲν
670 3591 867 3656 οὕτως.
918 3595 1069 3647 Ἐπεὶ
1101 3595 1156 3647 δέ
1192 3612 1355 3658 τινες,
1396 3597 1669 3666 χρώμενοι
1713 3599 1789 3669 τῷ

203 3681 380 3749 τρίτῳ
413 3685 598 3736 κανόνι
625 3687 722 3755 τῆς
761 3683 810 3739 α’
855 3688 1070 3740 συνόδου
1126 3687 1221 3741 καὶ
1276 3691 1388 3752 τοῖς
1431 3691 1642 3759 ῥήμασι
1689 3692 1788 3761 τῆς

205 3770 496 3840 παρούσης
519 3775 834 3845 ἐπιστολῆς,
868 3776 1080 3831 θέλουσι
1112 3777 1187 3849 μὴ
1216 3781 1482 3832 συνοικεῖν
1510 3781 1638 3837 τοὺς
1665 3782 1786 3835 ἐπι·

209 3864 450 3928 σκόπους
483 3865 580 3918 καὶ
628 3869 758 3931 τοὺς
794 3869 1092 3939 κληρικοὺς
1130 3874 1272 3941 μετὰ
1306 3872 1412 3925 τῶν
1449 3873 1788 3941 συγγενικῶν

205 3957 395 4007 αὐτῶν
471 3959 794 4012 ἀνυπόπτων
882 3961 1216 4030 προσώπων,
1273 3965 1508 4032 ἑχόντων
1590 3965 1790 4033 γύναια

206 4047 546 4115 ὑπουργικὰ,
596 4049 846 4118 λέγοντες
897 4053 1338 4123 περιγράφεσθαι
1376 4057 1505 4118 τοὺς
1534 4057 1786 4125 κανόνας,

207 4139 310 4191 ἐὰν
342 4139 502 4210 δὲτῷ
551 4141 777 4211 ὀνόματι
833 4144 929 4211 τῆς
981 4145 1291 4199 ἀνυπόπτου
1350 4148 1687 4217 προσγενοῦς
1739 4152 1788 4203 οἱ

211 4234 508 4302 ίερωμένοι
534 4237 659 4296 τοὺς
701 4237 929 4299 πιστοὺς
961 4238 1376 4302 σκανδαλίζουσι
1407 4240 1493 4293 διὰ
1525 4240 1627 4310 τῆς
1653 4243 1789 4311 μετὰ

207 4325 324 4376 τῶν
359 4324 564 4378 λοιπῶν
597 4327 834 4392 γυναίων
863 4328 1252 4398 συνοικήσεως,
1287 4330 1468 4397 φαιιὲν
1501 4333 1582 4384 ὅτι
1615 4334 1662 4384 οί
1690 4335 1790 4401 μὲν

209 4417 506 4471 ἑπίσκοποι
568 4418 676 4470 ἀπὸ
761 4420 858 4486 τῆς
923 4421 1354 4475 ’1ουστινιανείου
1405 4423 1649 4495 Νεαρᾶς,
1691 4427 1790 4495 τῆς

838 371 919 431 IN
967 372 1200 434 EPIST.
1243 373 1299 434 S.
1348 369 1626 436 BASILll
1662 379 1761 440 AD
1801 381 2265 450 GREGOI’ilUM
2298 392 2873 458 I’RESBYTERUH.

3379 405 3486 470 826

1556 495 1808 583 πρᾶγμα.
1844 502 1882 555 Α
1920 505 2069 570 bitet,
2093 508 2251 564 habet
2280 511 2452 564 Solum
2488 529 2704 577 nomen,
2731 529 2831 566 non
2863 525 3035 569 autem
3068 524 3118 567 ct
3151 531 3259 568 rem
3290 518 3478 583 ipsam.

1923 598 2102 670 143·
2132 601 2266 667 Quia
2295 615 2440 670 ergo,
2497 604 2689 672 inquit,
2736 606 2870 662 dicis
2910 616 2960 660 te
3013 622 3133 662 esse
3163 609 3387 662 liberum
3418 609 3485 660 ab

1918 692 2066 745 omni
2103 694 2506 761 perturbatione
2538 699 2827 764 curporali,
2864 714 2928 753 eo
2976 708 3027 753 te
3082 700 3252 770 magis
3299 708 3484 767 postn-

1919 782 2101 836 lationi
2133 793 2332 837 nostrae
2359 787 2682 841 submittere
2728 796 3126 858 consequenter
3179 790 3479 856 oportebat.

1915 877 2360 931 ctmulierculam
2399 879 2695 934 dimittere.
2744 880 2860 935 Non
2895 883 3029 936 dixit
3069 891 3270 947 autem,
3302 881 3479 946 jussui

1915 967 1996 1019 vel
2047 968 2320 1033 mandato,
2377 971 2470 1024 sed
2525 972 2893 1041 postulationi,
2956 974 3232 1028 modestia:
3293 988 3476 1025 causa.

1912 1057 2028 1111 Non
2078 1060 2244 1124 enim,
2283 1069 2538 1130 tanquam
2571 1064 2621 1115 in
2661 1062 3034 1119 mulierculam
3092 1063 3352 1116 amatorie
3399 1061 3480 1113 af-

1911 1150 2083 1205 fectus
2111 1152 2206 1217 sis,
2238 1152 2435 1221 inquit,
2468 1163 2521 1207 et
2553 1162 2772 1223 propter
2805 1164 3015 1220 turpem
3075 1155 3337 1208 actionem
3373 1153 3472 1206 de-

1910 1244 2183 1296 crevimus
2215 1258 2332 1297 eam
2360 1243 2716 1312 ejiciendum;
2774 1260 2870 1298 nec
2912 1244 3076 1298 credo
3127 1255 3480 1313 septuagena-

1911 1336 2049 1388 rium
2072 1336 2338 1388 amatorie
2365 1335 2618 1389 allectum
2650 1352 2774 1389 cum
2825 1334 3053 1389 muliere
3117 1336 3432 1389 cohabitare
3462 1354 3474 1386 :

1907 1424 1999 1477 sed
2028 1432 2249 1492 pr0pler
2285 1423 2357 1485 id,
2397 1424 2538 1490 quod
2568 1424 2634 1476 ab
2663 1425 2918 1492 Apostolo
2963 1423 3162 1477 dictum
3190 1432 3311 1489 est;
3373 1440 3476 1476 non

1907 1528 2034 1567 esse
2066 1512 2216 1566 fratri
2274 1513 2506 1566 dandum
2568 1512 2951 1568 olfeudiculum
3017 1513 3097 1568 vel
3139 1513 3475 1568 scandalum.

1905 1602 2056 1669 Quod
2091 1603 2235 1656 enim
2283 1603 2350 1658 ab
2386 1605 2505 1659 aliis
2558 1621 2690 1660 sane
2726 1606 2803 1668 lit,
2835 1615 2888 1659 et
2919 1606 3121 1674 absque
3163 1607 3269 1659 ulla
3312 1604 3476 1658 animi

1905 1698 2332 1764 perturbatione,
2365 1703 2468 1754 erit
2496 1700 2617 1754 aliis
2647 1699 2851 1768 peccati
2886 1701 3119 1754 occasio.
3177 1700 3254 1753 Tu
3309 1700 3474 1764 enim,

1907 1791 2099 1860 inquit,
2146 1791 2383 1846 fortasse
2414 1807 2534 1845 cum
2576 1791 2828 1853 muliere,
2879 1805 3216 1857 nequaquam
3268 1791 3318 1842 in
3356 1803 3473 1843 eam

1901 1881 2146 1944 allectus,
2213 1882 2492 1936 cohabitas
2537 1898 2550 1934 :
2590 1883 2728 1934 alius
2775 1895 2905 1934 vero
2964 1890 3114 1933 tuum
3170 1878 3472 1944 exempluin

1896 1983 2114 2029 secutus
2138 1989 2257 2028 cum
2286 1972 2513 2027 muliere
2543 1972 2897 2032 cohabitabit,
2932 1987 3036 2025 non
3071 1971 3187 2024 sine
3213 1971 3470 2022 amatoria

1899 2066 2062 2119 animi
2094 2067 2534 2133 perturbatione;
2567 2066 2647 2119 vel
2689 2081 2796 2118 non
2829 2065 3024 2117 bonam
3056 2065 3120 2117 de
3177 2073 3229 2116 te
3282 2061 3474 2114 existi-

1898 2155 2186 2209 mationem
2219 2154 2459 2220 habebit,
2491 2166 2544 2208 et
2576 2157 2680 2208 erit
2722 2155 2822 2208 hoc
2854 2154 2905 2207 in
2953 2151 3245 2207 sacerdotii
3309 2152 3472 2204 dedc-

1897 2260 2012 2298 cus.
2045 2245 2184 2310 Quid
2212 2260 2340 2313 ergo
2381 2247 2830 2314 cborepiscopum
2893 2244 3156 2299 accusas?
3195 2242 3285 2295 Est
3341 2255 3472 2309 ergo

1898 2337 2214 2401 verisimile,
2273 2337 2725 2407 chorcpiscopum
2802 2337 2868 2390 de
2932 2333 3297 2390 introductitia
3355 2348 3471 2384 mu.

1899 2429 2116 2480 licrcula
2145 2437 2336 2482 sancto
2384 2428 2673 2482 indicasse.
2730 2425 2868 2492 Quid
2907 2439 3037 2496 ergo
3087 2439 3184 2478 nos
3217 2435 3466 2483 accusas,

1899 2529 2151 2586 tanquam
2176 2519 2267 2588 qui
2316 2520 2614 2573 calumnias
2648 2518 2807 2572 facile
2838 2517 3212 2576 admittamus,
3249 2523 3302 2567 et
3361 2528 3466 2568 non

1897 2611 2078 2678 potius
2110 2610 2364 2676 teipsum,
2397 2609 2515 2678 qui,
2559 2617 2674 2662 uta
2734 2608 2958 2662 muliere
3023 2605 3314 2675 scpareris,
3363 2621 3466 2656 non

1893 2701 2153 2768 possisin
2187 2701 2425 2754 animum
2482 2700 2778 2754 inducere?
2814 2699 3003 2753 Statue
3054 2712 3208 2766 ergo,
3266 2696 3464 2764 inquit,

1893 2805 2012 2845 eam
2059 2791 2112 2843 in
2163 2789 2512 2854 monasterio,
2545 2800 2600 2844 et
2651 2790 2745 2843 tibi
2775 2789 2874 2842 viri
2919 2788 3246 2842 ministrent.
3280 2786 3466 2852 Quan-

1893 2880 1982 2933 diu
2020 2882 2132 2934 ba-c
2167 2881 2320 2945 facis,
2357 2881 2542 2942 multa,
2576 2895 2697 2949 qua:
2766 2880 2984 2944 scribis,
3047 2877 3180 2931 nihil
3228 2886 3279 2930 te
3309 2875 3468 2941 juva-

1895 2973 2066 3036 bnnt;
2103 2974 2194 3026 sed
2227 2976 2433 3026 otiosus
2469 2973 2738 3036 morieris,
2775 2971 2824 3025 id
2857 2980 2958 3036 est,
3001 2983 3171 3038 usque
3203 2969 3266 3021 ad
3305 2969 3463 3021 linem

1895 3065 2020 3116 vitae
2059 3080 2165 3116 nun
2202 3064 2513 3127 operaberis
2571 3075 2630 3118 ut
2681 3063 2958 3126 sacerdos,
3003 3076 3124 3116 cum
3160 3061 3234 3114 sis
3284 3073 3464 3127 segre-

1895 3165 2072 3223 gatus,
2123 3165 2174 3206 et
2203 3155 2420 3207 domino
2458 3153 2718 3207 rationem
2754 3153 2830 3207 tui
2863 3151 2958 3204 otii
2996 3150 3206 3212 reddes,
3275 3157 3464 3217 utpote

1896 3246 2042 3313 quod
2077 3245 2171 3298 tibi
2226 3261 2290 3300 ex
2355 3249 2452 3299 hac
2500 3255 2591 3298 tua
2653 3259 2816 3300 causa
2868 3244 3173 3313 iniunctum
3219 3241 3307 3295 sit.
3367 3239 3460 3293 Sin

1894 3348 2072 3390 autem
2118 3353 2220 3388 non
2251 3347 2530 3390 correctus
2567 3336 2874 3390 sacrillcare
2922 3350 3085 3390 ausus
3142 3333 3327 3396 fueris,
3357 3336 3463 3386 eris

1895 3431 2202 3492 anathema,
2235 3439 2287 3479 et
2337 3430 2426 3495 qui
2484 3440 2533 3481 te
2587 3429 2985 3483 sacrificantem
3033 3425 3357 3493 suscipiunt,
3394 3427 3462 3480 ab

1893 3520 2039 3574 Omni
2116 3517 2349 3570 lidcliutn
2418 3527 2561 3572 cmtu
2630 3519 3046 3572 abdicabuntur.
3102 3515 3240 3585 Lege
3293 3516 3458 3570 etiam

1893 3620 2010 3674 syn.
2047 3604 2298 3656 Antioi-h.
2342 3618 2462 3656 can.
2500 3605 2605 3657 let
2635 3620 2756 3672 syn.
2793 3605 2845 3657 in
2905 3604 3086 3657 Trnllo
3138 3619 3260 3658 can.
3319 3604 3352 3656 5
3403 3607 3460 3649 et

1894 3695 2123 3750 [Vit-zenae.
2153 3697 2338 3764 primae
2375 3711 2494 3748 can.
2531 3697 2583 3749 5.
2637 3696 2698 3748 Ει
2733 3697 2846 3750 haec
2901 3695 3117 3763 quidem
3149 3696 3230 3750 sic
3271 3710 3329 3748 se
3365 3695 3460 3747 ba-

1892 3787 2041 3841 bent.
2076 3785 2179 3840 Sed
2211 3787 2336 3855 quia
2367 3786 2610 3840 nonnulli
2659 3788 2876 3840 tertium
2906 3789 3093 3855 prima:
3143 3788 3326 3857 synodi
3359 3801 3456 3839 ca-

1891 3891 2087 3930 nonem
2120 3874 2425 3940 all’crcntes,
2459 3887 2512 3930 et
2541 3875 2701 3930 verba
2734 3876 2896 3945 hujus
2947 3876 3211 3945 epistolae,
3266 3876 3454 3929 volunt

1890 3969 2173 4038 episcopos
2201 3978 2252 4021 et
2281 3967 2532 4031 clericos,
2564 3981 2686 4022 cum
2740 3968 2854 4022 suis
2885 3968 3129 4035 cognatis
3153 3968 3400 4036 personi;
3429 3984 3459 4018 ιι

1892 4061 2196 4128 suspicione
2222 4059 2431 4124 alienis,
2464 4075 2581 4128 qua:
2608 4059 2810 4114 habent
2839 4059 3097 4115 mulieres
3126 4060 3227 4115 sibi
3273 4061 3458 4114 deser.

1890 4154 2118 4217 vientcs,
2175 4168 2280 4207 non
2338 4151 2694 4219 cohabitare,
2777 4153 3018 4208 dicentes
3087 4151 3455 4207 circumscribi

1892 4256 2150 4308 canones,
2181 4242 2224 4297 si
2253 4242 2353 4305 sub
2381 4244 2601 4296 nomine
2643 4251 2882 4311 cognata:
2916 4257 3022 4297 non
3060 4251 3344 4308 suspectae,
3394 4240 3454 4303 ii,

1892 4335 1984 4404 qui
2018 4341 2144 4389 sunt
2173 4333 2397 4396 sacrati,
2426 4332 2608 4388 lldeles
2639 4331 2913 4387 olfendant
2940 4349 3037 4403 per
3093 4330 3457 4387 cohabitatio-

1894 4442 2019 4482 nem
2062 4441 2182 4480 cum
2222 4426 2342 4480 aliis
2366 4426 2708 4488 mulieribus,
2741 4424 2990 4490 dicimus,
3018 4423 3159 4494 quod
3216 4422 3455 4491 episcopi

211 4511 349 4580 παρ’
387 4511 543 4580 ἡμῶν
571 4513 1065 4586 καταστρωθείσης
1098 4516 1177 4579 εἰς
1220 4516 1320 4584 τὴν
1371 4517 1671 4588 ἑρμηνείαν
1689 4519 1784 4571 τοῦ

1898 4519 2104 4588 quidem
2131 4531 2158 4569 a
2189 4515 2472 4571 Justiniani
2501 4516 2739 4578 Novella,
2775 4531 2892 4583 quas
2920 4530 2949 4569 a
2994 4515 3146 4568 nobis
3165 4513 3265 4567 sita
3296 4523 3377 4565 est
3402 4514 3455 4565 in

209 4601 262 4668 γ’
300 4601 523 4664 κανόνος
580 4602 679 4671 τῆς
722 4608 767 4656 α’
821 4604 1063 4670 συνόδου,
1148 4604 1446 4660 κωλύονται
1518 4611 1788 4661 συνοικεῖν

209 4694 483 4765 οίςιδήτινι
538 4694 797 4761 γυναικίο
831 4696 958 4757 τοὺς
993 4696 1050 4749 δὲ
1089 4696 1394 4765 κληρικοὺς
1446 4699 1639 4768 ήθιλον
1690 4700 1788 4769 μὲν

210 4790 310 4840 καὶ
340 4787 535 4848 αὐτοὺς
568 4787 921 4857 ἀγιοπρεπῶς
967 4789 1088 4858 ζῇν,
1143 4789 1239 4842 καὶ
1290 4791 1432 4844 πάνυ
1485 4792 1788 4861 ἀπέχεσθαι

209 4882 312 4944 τῆς
345 4879 482 4949 μετά
505 4881 779 4945 γυναικῶν
810 4879 1170 4948 οίωνδήτινων
1202 4882 1586 4951 συνοικήσεως.
1638 4883 1703 4936 El
1733 4882 1790 4935 δὲ

210 4971 374 5024 τοῦτο
395 4972 454 5023 οὐ
479 4971 757 5035 δύνανται,
785 4966 956 5033 οὗτοι,
983 4969 1059 5033 ὡς
1100 4973 1228 5040 ἐμοὶ
1258 4974 1431 5044 δοκεῖ,
1490 4973 1788 5037 ἀκινδύνως

216 5061 530 5115 συνοικοῦσι
569 5061 706 5130 μετά
751 5061 1010 5130 μητέρων
1042 5063 1138 5114 καὶ
1172 5063 1420 5133 ἀδελφῶν
1462 5065 1558 5116 καὶ
1588 5066 1789 5118 λοιπῶν

212 5155 543 5207 ἀνυπόπτων
572 5150 903 5222 προσώπων,
941 5151 1042 5205 κᾶν
1076 5153 1242 5222 ἔχωσι
1292 5153 1464 5206 ταῦτα
1522 5157 1790 5222 γυναῖκας

218 5247 356 5316 πρὸς
387 5246 692 5313 ὑπηρεσίαν
724 5246 1189 5314 χρησιμευούσας.
1235 5244 1294 5295 Ὀ
1311 5246 1419 5313 γὰρ
1443 5246 1615 5315 μέγας
1638 5241 1790 5308 οὗτος

217 5339 410 5408 Πατὴρ
436 5337 492 5389 τὸ
512 5337 937 5389 ἀσκανδάλιστον
988 5335 1096 5386 τῶν
1139 5335 1348 5388 πολλῶν
1404 5337 1790 5406 πραγματευόο

219 5448 404 5497 μενος,
436 5429 729 5498 διωρίσατο
763 5427 1172 5496 μετοικισθῆναι
1207 5427 1316 5481 ἀπὸ
1349 5428 1443 5480 τοῦ
1477 5429 1784 5498 Γρηγορίου

214 5522 277 5573 τὸ
300 5527 544 5586 γύναιον,
572 5518 673 5568 οὐκ
703 5517 969 5586 ὁροθετῶν
1001 5516 1061 5566 τὸ
1091 5515 1166 5584 μὴ
1215 5517 1486 5568 συνοικεῖν
1517 5517 1608 5568 τὸν
1640 5518 1789 5587 ἱερω-

220 5613 381 5680 μένον
431 5610 766 5672 ἀνυπόπτοις
835 5605 1168 5676 προσώποις,
1232 5607 1326 5659 ὲὰν
1395 5607 1514 5675 μεθ’
1579 5609 1789 5660 ἑαυτῶν

220 5705 389 5772 Εχωσι
424 5701 518 5755 καὶ
550 5701 717 5766 ἕτερα
768 5701 984 5767 γύναια.
1029 5700 1140 5752 Καὶ
1182 5701 1302 5750 ἐπεὶ
1344 5697 1438 5750 τοῦ
1488 5699 1787 5769 ἱερωμένου

221 5793 594 5852 συνοικοῦντος
623 5793 761 5852 μετὰ
795 5793 1103 5844 ἀνυπόπτου
1141 5789 1428 5852 προσώπου
1461 5795 1604 5849 ἅπαν
1632 5792 1777 5845 σκιάν.

1892 4608 2342 4677 interpretatione
2369 4608 2513 4661 tertii
2581 4608 2809 4662 canonis
2864 4607 3051 4674 prima:
3096 4606 3284 4672 synodi
3326 4619 3458 4671 ιιι-ο-

1891 4701 2284 4754 liihcnturcum
2311 4699 2501 4767 quavis
2561 4698 2787 4752 muliere
2828 4696 3164 4752 cohabitare.
3215 4695 3459 4749 Clericos

1891 4804 2068 4847 autem
2100 4785 2292 4844 velle'm
2341 4789 2556 4857 quidem
2598 4799 2651 4842 et
2691 4789 2839 4856 ipsos
2895 4795 3079 4842 sancte
3141 4787 3342 4846 vivere.
3404 4799 3460 4837 ει

1891 4883 2110 4937 omnino
2142 4882 2416 4936 abstinere
2448 4881 2512 4933 ab
2549 4879 2884 4934 habitatione
2906 4895 3026 4934 cum
3083 4877 3208 4930 ullis
3265 4876 3455 4929 mulie-

1895 4976 2061 5026 ribus.
2105 4971 2202 5026 Sin
2247 4981 2426 5026 autem
2462 4971 2562 5025 hoc
2603 4987 2708 5026 non
2747 4981 2991 5039 possunt,
3041 4979 3099 5024 ut
3158 4969 3285 5022 mihi
3337 4968 3460 5036 qui-

1891 5067 2009 5120 dem
2047 5065 2276 5122 videtur.
2311 5078 2429 5115 cum
2486 5063 2748 5116 matribus
2808 5070 2862 5115 et
2907 5063 3184 5116 sororibus
3230 5067 3286 5113 et
3337 5059 3459 5111 aliis

1893 5169 1995 5206 non
2032 5153 2304 5220 suspectis
2327 5151 2578 5220 personis
2630 5152 2832 5218 absque
2880 5149 3116 5218 periculo
3164 5146 3459 5202 versabun-

1891 5255 2012 5310 tur;
2043 5244 2254 5298 etiamsi
2279 5259 2356 5299 ea:
2386 5244 2618 5298 habeant
2671 5244 2923 5296 mulieres
2967 5241 3033 5295 ad
3095 5240 3454 5294 ministerium

1891 5335 2064 5387 utiles.
2113 5332 2213 5386 llic
2276 5332 2420 5385 enim
2485 5347 2711 5402 magnus
2776 5329 2935 5384 Pater
2990 5329 3094 5383 hoc
3150 5343 3336 5398 agens,
3400 5336 3457 5380 ut

1891 5425 2180 5480 multorum
2209 5421 2593 5476 olfendiculnm
2637 5423 2876 5485 tollatur,
2928 5419 3117 5474 statuit
3168 5419 3455 5473 muliercu-

1892 5519 1996 5571 lam
2025 5532 2051 5566 a
2083 5514 2344 5582 Gregorio
2382 5515 2697 5569 discedere:
2767 5527 2872 5565 non
2929 5511 3225 5564 decernens
3272 5523 3456 5562 sacra-

1893 5619 2002 5659 tum
2037 5607 2306 5659 hominem
2366 5619 2488 5657 cum
2539 5602 2762 5656 minimc
2816 5600 3078 5669 suspectis
3139 5598 3454 5652 mulieribus

1893 5716 1994 5752 non
2022 5697 2354 5757 cohabitare,
2390 5696 2433 5748 si
2470 5695 2602 5748 alias
2647 5709 2831 5748 secum
2872 5693 3106 5747 habeant
3157 5690 3452 5744 muliercu-

1894 5796 1988 5847 las.
2024 5795 2083 5845 ις·
2119 5792 2238 5851 quia
2272 5788 2551 5843 sacerdote
2583 5802 2700 5841 cum
2740 5802 2843 5840 non
2902 5793 3148 5848 suspecta
3207 5795 3445 5849 persona
