3946 6342
515 340 626 405 827

1770 344 2045 409 THEOD.
2081 344 2482 409 BALSAMON

3675 335 3786 399 89.8

517 449 794 508 habitante
815 467 977 509 omne
1020 453 1172 509 mala
1241 455 1570 527 suspicionis
1619 458 1934 512 scandalum
1977 457 2082 512 tol-

2207 457 2350 510 Ξαλον
2407 458 2776 526 περιαιρεῖται
2832 455 3184 525 καχύποπτον
3234 453 3314 522 (ού
3361 453 3472 521 γάρ
3518 452 3788 520 λέγουσιν

520 544 648 597 litur
675 544 799 612 (non
836 545 979 598 enim
1026 546 1208 600 dicunt
1252 547 1370 617 ejus
1425 564 1545 604 esse
1591 550 1793 604 alienas
1856 551 2081 604 mulier-

519 635 687 698 culas,
717 634 811 690 sed
843 647 1088 708 cognatae
1127 639 1290 706 ejus:
1338 654 1402 694 co
1462 650 1638 696 autem
1701 656 1824 696 cum
1867 641 2092 694 muliere

520 737 768 793 suspecta
819 737 1092 791 versante.
1155 731 1494 797 scandalum,
1545 732 1686 799 quod
1728 749 1794 786 ex
1846 733 2091 802 improha

519 816 827 882 suspicione
903 822 1167 889 emergit,
1235 823 1594 877 ministerium
1671 825 1919 892 assumit)
1977 826 2094 878 sine

522 909 906 974 impedimento
937 927 1056 966 cum
1095 914 1341 980 personis
1377 930 1482 968 non
1518 917 1790 984 suspectis
1829 917 2094 970 habitabit

520 1010 786 1064 sacratus,
820 1000 1030 1056 etiamsi
1088 1002 1186 1056 sub
1231 1018 1290 1057 se
1344 1003 1594 1058 mulieres
1637 1005 1905 1060 habeant:
1952 1010 2093 1076 quod

522 1088 565 1140 si
594 1104 696 1141 non
735 1090 841 1143 sint
870 1091 1005 1146 tales
1033 1107 1280 1161 personae
1307 1108 1428 1148 cnm
1459 1094 1671 1163 {quibus
1732 1097 1960 1159 habitat,
2017 1097 2094 1150 illi

524 1195 628 1230 non
659 1179 892 1248 imponis
953 1184 1055 1236 crit
1118 1184 1426 1252 hujusmodi
1488 1185 1840 1240 cohabitatio.
1880 1187 2094 1256 Alioqui

522 1271 687 1334 enim,
724 1271 766 1324 si
801 1272 958 1326 detur
987 1275 1329 1329 sacerdotem
1357 1292 1458 1330 non
1490 1277 1806 1332 cohabitare
1828 1279 1968 1332 eum'
1989 1280 2093 1332 ulla

524 1375 753 1427 persona
786 1377 892 1416 non
920 1375 1192 1433 suspecta,
1241 1381 1358 1435 qua:
1407 1367 1570 1421 habet
1628 1367 1760 1421 alias
1818 1369 2095 1436 mulieres,

525 1463 747 1521 cogetur
800 1453 962 1508 etiam
999 1457 1174 1524 quivis
1207 1467 1455 1512 sacratus
1489 1473 1588 1512 nec
1638 1458 1951 1514 cohabitare
1973 1474 2094 1514 cum

525 1552 698 1611 ptll‘t',
730 1558 824 1597 nec
858 1561 976 1598 cum
1009 1547 1242 1616 propriis
1278 1547 1429 1612 (iliis,
1483 1563 1583 1603 nec
1633 1547 1792 1603 alicui
1855 1551 1931 1606 rei
1982 1566 2097 1606 ser-

530 1633 665 1695 \‘ire,
722 1650 840 1698 qua:
900 1635 968 1689 ad
1021 1637 1219 1692 victum
1281 1639 1607 1708 pertineat:
1671 1640 1886 1710 plurimi
1952 1643 2095 1696 enim

525 1739 709 1778 eorum
743 1727 939 1781 habent
974 1729 1216 1794 ancillas,
1253 1745 1346 1785 seu
1380 1730 1599 1791 liberas.
1640 1747 1759 1802 qua:
1814 1733 1929 1787 suis
1999 1735 2099 1787 mi-

525 1818 794 1870 niSIrcnt:
858 1819 941 1871 vel
1003 1821 1247 1876 dicemus
1299 1836 1486 1877 omnes
1526 1838 1620 1878 cas
1679 1839 1941 1892 pet-sonas
1982 1842 2101 1882 esse

526 1920 812 1972 pauperes,
841 1919 896 1962 et
925 1909 1028 1963 cibi
1059 1910 1385 1967 sntlieientes
1417 1914 1480 1968 ad
1525 1929 1683 1969 onme
1715 1917 2096 1981 ministerium,

525 1999 664 2063 quod
718 2007 801 2051 est
859 1999 1184 2056 absurdum.
1249 2001 1422 2057 Porro
1490 2015 1545 2057 ut
1601 2005 1864 2060 sacerdoti
1909 2008 2102 2061 mulier

532 2090 755 2166 serriat,
790 2092 1004 2146 etiamsi
1037 2109 1156 2146 cum
1211 2109 1439 2162 persona
1491 2109 1596 2148 non
1634 2109 1884 2165 suspecta
1940 2101 2102 2152 coha-

533 2179 686 2244 bitet,
728 2180 926 2235 malum
965 2194 1068 2248 est,
1097 2193 1278 2239 etnec
1310 2202 1336 2239 a
1375 2189 1696 2251 canonibus,
1731 2205 1829 2243 nec
1883 2205 1910 2242 a
1965 2205 2102 2258 prte-

527 2271 921 2337 sentiepistola
968 2276 1380 2343 admittendum,
1443 2291 1498 2333 et
1556 2280 1674 2336 ideo
1741 2283 2098 2348 puniendum.

529 2360 669 2430 Lege
695 2364 854 2416 etiam
889 2379 1012 2419 can.
1036 2368 1068 2420 5
1099 2370 1287 2436 synodi
1317 2371 1368 2423 in
1401 2369 1612 2433 Trullo,
1663 2382 1716 2428 et
1751 2373 1832 2438 l2,
1896 2374 2102 2428 dixerit

531 2454 818 2521 quispiam,
870 2455 1025 2528 144
1051 2474 1172 2512 cum
1225 2461 1368 2514 enim
1433 2464 1656 2528 epistola
1709 2464 1971 2532 Gregorio
2011 2468 2102 2520 de-

528 2559 823 2615 cernat,ut
867 2552 1269 2606 cohabitantem
1320 2555 1422 2608 sibi
1477 2557 1760 2612 mulierem
1805 2558 1858 2611 in
1917 2573 2103 2614 mona-

529 2642 754 2695 sterium
791 2643 1054 2711 deducat,l
1099 2645 1216 2699 isne
1236 2660 1352 2699 eam
1381 2648 1604 2702 tondere
1621 2651 1851 2719 cogitur,
1877 2667 1942 2704 an
1973 2668 2099 2707 non.

530 2731 756 2788 Salutio.
789 2732 1038 2788 Nonnulli
1072 2750 1137 2791 ex
1167 2751 1288 2791 can.
1321 2739 1389 2792 48
1426 2755 1546 2808 syn.
1605 2741 1656 2794 in
1712 2741 1896 2794 Trullo
1953 2745 2101 2809 moti,

531 2825 716 2878 dicunt
747 2827 794 2878 ei
823 2827 1202 2884 necessitatem
1239 2830 1571 2892 incumbere,
1605 2842 1663 2883 ut
1693 2847 1811 2885 eam
1849 2849 1967 2902 qua:
2001 2835 2102 2888 sibi

532 2917 809 2970 eohabitat
873 2919 1114 2973 tondeat.
1162 2920 1276 2974 Non
1331 2921 1498 2987 enim,
1581 2922 1854 2991 inquiunt,
1917 2936 2104 2980 sancto

531 3014 792 3060 statutum
837 3018 942 3071 est,
988 3011 1037 3064 ei
1074 3025 1172 3078 pro
1238 3025 1458 3066 carcere
1515 3023 1569 3066 et
1609 3014 1874 3081 supplicio
1918 3031 2104 3069 mona-

2198 543 2339 600 εἶναι
2373 547 2564 600 τούτου
2599 547 2666 599 τὰ
2695 546 2948 616 ἀλλότρια
2966 545 3184 612 γύναια,
3221 544 3353 597 ἀλλὰ
3403 544 3504 611 τῆς
3533 558 3788 611 προσγεο

2197 639 2322 702 νοῦς
2360 639 2526 693 αὑτοῦ
2546 655 2561 670 ο
2599 639 2737 708 μετὰ
2759 638 2814 690 δὲ
2845 638 3085 690 ὑπόπτου
3138 635 3418 702 διάγοντος
3449 636 3787 702 γυναικείου

2202 733 2424 802 μέρους,
2479 731 2540 782 τὸ
2567 731 2674 782 ἀπὸ
2729 730 2827 797 τῆς
2879 728 3091 797 φαύλης
3154 727 3389 793 ὑποψίας
3450 727 3785 778 ἀνακύπτον

2201 824 2499 876 σκάνδαλον
2529 821 2940 892 προσλαμϐάνει
2991 821 3090 888 τὴν
3125 821 3408 886 ἐργασίαν)
3438 820 3786 886 ἁπαρεμπο-

2198 915 2394 976 δίστως
2424 915 2561 982 μετὰ
2596 913 2922 964 ἀνυπόπτων
2953 910 3263 981 προσώπων
3304 909 3497 971 οἰκίζει
3544 910 3573 959 ό
3621 913 3791 973 ieeur

2202 1005 2522 1074 μένος,,κᾶν
2554 1004 2750 1074 ἔχωσιν
2783 1003 2874 1070 ὑφ’
2913 1002 3077 1056 ἑαυτὰ
3101 1004 3365 1068 γυναῖκας
3389 1019 3401 1032 ·
3431 1001 3506 1068 μὴ
3533 1001 3715 1052 ὅντων
3742 1000 3790 1050 δὲ

2199 1096 2459 1149 τοιούτων
2492 1095 2800 1164 προσώπων
2844 1095 2960 1162 μεθ’
3025 1087 3100 1145 ἄν
3162 1095 3418 1153 συνοικεῖ,
3477 1093 3573 1143 οὒκ
3629 1092 3792 1143 ἔσται

2201 1187 2351 1255 αὐτῷ
2379 1185 2778 1255 άνεπιτίμητος
2811 1187 2843 1254 ὴ
2876 1184 3431 1252 συνοίκησις.”Αλ)ως
3465 1201 3541 1244 τε,
3571 1185 3626 1234 εξ
3660 1183 3791 1248 δοθῇ

2201 1278 2290 1330 τὸν
2327 1280 2624 1346 ἱερωμένον
2654 1277 2728 1346 μὴ
2758 1280 3024 1330 συνοικεῖν
3046 1278 3320 1345 οἱῳδήτινι
3355 1275 3636 1345 προσώπῳ
3673 1278 3796 1325 dw-

2205 1373 2395 1440 πόπτῳ
2455 1373 2631 1440 ἔχοντι
2681 1370 2844 1440 ἕτερα
2898 1369 3116 1437 γύναια,
3172 1368 3658 1434 ἀναγκασθήσεται
3703 1367 3798 1417 καὶ

2205 1465 2312 1526 πᾶς
2349 1463 2652 1533 ίερωμένος
2691 1462 2828 1530 μήτε
2862 1462 3029 1528 πατρὶ
3080 1462 3371 1522 συνοικεῖν,
3420 1459 3556 1527 μήτε
3595 1461 3795 1509 παισὶν

2206 1555 2380 1618 ίδίοις,
2413 1555 2548 1624 μήτε
2573 1553 2682 1606 τινὶ
2716 1552 3128 1619 ἐξυπηρετῆσαι
3175 1550 3416 1620 βιωτικῷ
3439 1567 3452 1581 σ
3485 1551 3531 1601 οἱ
3565 1549 3798 1609 πλέους

2206 1643 2314 1712 γὰρ
2341 1643 2550 1695 τούτων
2593 1642 2779 1712 ἔχουσι
2816 1641 3084 1704 δουλίδας,
3118 1641 3225 1692 εἴτε
3255 1642 3348 1692 καὶ
3373 1639 3675 1707 ἐλευθέρας
3718 1640 3797 1698 είς

2208 1733 2512 1804 ὑπουργίαν
2541 1733 2644 1785 τῶν
2671 1733 2760 1784 ὑπ’
2792 1733 3006 1794 αὒτούς.
3042 1733 3112 1783 Ἢ
3157 1731 3410 1798 εἴποιμεν
3435 1724 3573 1780 εἶναι
3608 1728 3797 1779 πάντα

2128 1801 2174 1859 Β
2203 1828 2270 1878 τά
2305 1805 2528 1880 τοιαῦτα
2571 1827 2840 1893 πρόσωπα
2884 1823 3152 1891 πτωχικά,
3206 1821 3303 1875 καὶ
3365 1821 3573 1879 ἑαυτοῖς
3623 1819 3797 1886 ὲξαρσ

2204 1921 2406 1972 κοῦντα
2439 1919 2574 1987 πρὸς
2609 1917 2868 1970 παντοίαν
2914 1916 3242 1984 ὑπηρεσίαν,
3281 1914 3420 1983 ὅπερ
3453 1912 3688 1964 ἄτοπον.
3726 1911 3800 1962 Ta

2205 2013 2388 2080 μέντοι
2418 2009 2762 2064 δουλεύεσθαι
2803 2009 3100 2078 ἱερωμένον
3165 2008 3318 2075 παρὰ
3361 2005 3644 2071 γυναικὸς,
3694 2005 3800 2056 κᾶν

2206 2105 2429 2170 συνοικῇ
2476 2101 2613 2169 μετᾶ
2667 2100 2980 2152 ἀνυπόπτου
3031 2097 3349 2165 προσώπου,
3415 2096 3533 2147 ἐστὶ
3593 2094 3797 2154 κακὸν,

2207 2195 2299 2246 καὶ
2331 2196 2442 2255 τοῖς
2469 2191 2713 2254 κανόσιν,
2748 2189 2884 2251 άλλᾲ
2920 2189 3017 2257 μὲν
3041 2189 3134 2240 καὶ
3161 2190 3226 2256 τῇ
3247 2187 3497 2256 παρούσῃ
3530 2185 3799 2254 ἐπιστολῇ

2203 2285 2541 2348 ἀνὲδεκτον,
2571 2285 2664 2335 καὶ
2687 2282 2778 2336 διὰ
2805 2283 2964 2334 τοῦτο
2994 2281 3269 2342 κολάσεως
3299 2280 3466 2344 ἄξιον.
3487 2278 3799 2344 ’Λνάγνωθι

2204 2377 2294 2426 καὶ
2322 2376 2413 2428 τὸν
2447 2373 2484 2426 ε’
2525 2375 2726 2427 κανόνα
2768 2376 2868 2442 τῆς
2903 2376 2958 2425 ἐν
2998 2372 3076 2440 τῷ
3111 2371 3366 2440 Τρούλλῳ
3417 2370 3665 2433 συνόδου,
3706 2370 3800 2422 καὶ

2203 2469 2292 2518 τὸν
2325 2465 2410 2536 ιβ’.
2451 2465 2670 2518 Τούτων
2706 2464 2848 2517 οὕτω
2878 2464 3364 2526 διευλυτωθέντων,
3402 2465 3660 2532 ἐρωτήσῃ
3690 2479 3798 2524 τις,

2203 2557 2277 2618 ὡς
2306 2557 2402 2626 τῆς
2434 2557 2723 2624 ἐπιστολῆς
2777 2557 3159 2625 διοριζομένης
3226 2556 3303 2624 τῷ
3363 2555 3654 2624 Γρηγορίῳ
3717 2555 3800 2616 είς

2210 2649 2576 2716 μοναστήριον
2611 2650 2919 2714 ἀπαγαγεῖν
2952 2649 3050 2717 τὴν
3105 2646 3464 2700 συνοικοῦσαν
3496 2646 3647 2715 αύτῷ
3691 2660 3796 2712 γυ-

2206 2742 2386 2802 ναῖκα,
2422 2739 2761 2807 ἠναγκάζετο
2794 2732 2951 2800 οὗτος
3014 2740 3308 2806 ἀποκεῖραι
3339 2737 3566 2807 ταύτην,
3607 2738 3638 2806 ἢ
3692 2736 3794 2802 ob;

2207 2831 2420 2894 Λύσις,
2447 2830 2624 2893 Τινὲς,
2648 2832 2754 2881 ἀπὸ
2777 2829 2868 2882 τοῦ
2891 2837 2982 2899 μη¹
2999 2831 3220 2891 κανόνος
3237 2832 3335 2899 τῆς
3359 2831 3416 2880 ἐν
3433 2828 3510 2897 τῷ
3536 2828 3796 2898 Τρούλλῳ

2208 2921 2426 2972 συνόδου
2461 2921 2790 2990 ὁρμώμενοι.
2819 2922 3071 2989 λέγουσιν
3099 2921 3412 2973 ἐπικεῖσθαι
3446 2920 3595 2990 αύτῷ
3621 2922 3798 2986 ἀνάγ-

2209 3029 2328 3078 κην,
2363 3011 2504 3063 ὥστε
2543 3013 2840 3083 ἀποκεῖραι
2907 3014 3007 3080 τὴν
3063 3014 3420 3065 συνοικοῦσαν
3471 3013 3668 3082 τούτῳ.
3721 3014 3794 3065 Οὐ

532 3096 753 3150 stcriutn
785 3098 1102 3154 decernere.
1163 3100 1295 3154 Mihi
1355 3113 1534 3156 autem
1585 3105 1797 3158 videtur
1852 3120 2099 3176 magnam

2210 3102 2315 3170 γὰρ
2347 3103 2600 3174 ὥρισται,
2630 3107 2784 3173 φασὶ,
2814 3105 2889 3174 τῷ
2931 3106 3070 3174 ἁγίῳ
3122 3107 3242 3157 ἀντὶ
3285 3106 3513 3173 εἱρκτῆς
3554 3105 3649 3157 καὶ
3705 3123 3797 3158 κο-

529 3201 651 3240 esse
683 3186 1041 3244 diderentiam
1071 3190 1279 3246 ancillae
1319 3201 1371 3246 et
1432 3194 1681 3265 conjugis
1733 3195 2010 3262 legitimae,
2053 3209 2106 3252 et

530 3286 816 3346 prepterea
863 3280 979 3336 illic
1013 3281 1231 3350 quidem
1268 3285 1553 3353 episcopus
1583 3296 1800 3342 coactus
1820 3298 2103 3342 estcuram

532 3384 722 3436 gerere
773 3371 966 3429 salutis
1014 3383 1067 3429 et
1115 3375 1364 3443 corporis
1409 3375 1605 3432 anima.-
1651 3393 1763 3433 sine
1823 3383 2102 3450 COIljllgiG:

533 3459 620 3513 hic
661 3471 836 3517 autem
863 3464 1117 3519 sacerdos
1152 3464 1324 3519 solum
1360 3466 1520 3520 habet
1551 3481 1776 3524 necesse
1796 3471 2104 3523 scandalum

533 3566 632 3616 per
660 3554 1058 3620 separationem
1109 3556 1316 3610 tollere.
1373 3557 1477 3611 Sed
1528 3574 1634 3614 non
1690 3560 1858 3628 ipsam
1916 3563 2108 3617 mulie-

531 3653 645 3694 rem
671 3642 790 3706 jure
825 3642 968 3707 cogi.
1008 3641 1136 3697 dicit
1168 3644 1461 3712 quispiam,
1489 3656 1547 3699 ut
1578 3648 1658 3702 vel
1691 3648 1858 3702 invita
1917 3659 2106 3705 tonsu-

535 3745 649 3783 ram
681 3731 960 3800 suscipiat.
992 3731 1056 3786 Et
1111 3733 1232 3788 ideo
1275 3734 1520 3803 intelligo
1577 3751 1696 3792 esse
1744 3743 2104 3794 necessariam

533 3823 702 3878 solum
729 3825 1152 3889 separationem,
1185 3841 1288 3880 non
1322 3827 1485 3882 etiam
1547 3837 1844 3884 tonsuram.
1880 3829 1976 3884 Sin
2009 3849 2103 3883 au-

537 3925 645 3966 tem
693 3929 753 3968 ea
787 3914 878 3970 ﬁat
908 3917 1151 3970 mulieris
1182 3918 1491 3985 voluntate;
1525 3920 1652 3990 dupl
1677 3931 1831 3976 catur
1881 3923 2103 4000 bonum,

534 4001 669 4055 ctlit
703 4002 912 4056 melius.
964 4004 1096 4070 Quia
1130 4014 1315 4060 autem
1361 4006 1610 4061 nonnulli
1660 4009 1934 4068 dixerunt,
1963 4011 2104 4076 quod

533 4107 599 4146 ex
653 4095 753 4148 hac
805 4095 1032 4161 epistola
1084 4097 1261 4152 omnis
1300 4098 1474 4152 sacris
1521 4098 1802 4154 ordinibus
1865 4101 2106 4155 initiatus

532 4198 659 4237 cum
723 4185 896 4239 aliena
966 4187 1192 4243 muliere
1249 4189 1572 4244 cohabitans
1628 4203 1941 4262 segregatus
2001 4205 2102 4258 est,

532 4278 701 4329 etiam
721 4285 844 4331 ante
893 4277 1393 4344 denuntiationem;
1449 4281 1570 4336 dico
1619 4283 1759 4348 quod
1820 4299 1918 4338 nec
1970 4301 2107 4354 pra-

539 4372 676 4420 senti
721 4367 936 4436 quidem
972 4379 1162 4424 sancto
1197 4371 1299 4424 hoc
1333 4371 1556 4440 placuit.
1600 4373 1737 4427 Ecce
1788 4375 1953 4440 enim,
1979 4391 2102 4430 cum

2208 3193 2414 3258 λάσεως
2469 3199 2810 3267 χρηματίσαι
2875 3198 2955 3268 τῷ
3011 3199 3222 3268 γυναίῳ
3292 3199 3355 3250 τὸ
3402 3200 3795 3268 μοναστὴριον.

2217 3285 2373 3355 Ἐμοὶ
2409 3287 2463 3340 δὲ
2492 3288 2640 3342 δοκεῖ
2663 3290 2928 3361 διαφοράν
2959 3286 3100 3343 εἶναι
3136 3289 3383 3359 μεγάλην
3435 3289 3799 3360 δουλευτρίας

2208 3379 2305 3430 καὶ
2339 3380 2574 3449 νομίμου
2611 3382 2865 3448 συμὸίου,
2899 3381 2991 3434 καὶ
3016 3381 3106 3434 διὰ
3130 3381 3291 3434 τοῦτο
3322 3383 3441 3433 ἐκεῖ
3481 3380 3582 3449 μὲν
3606 3381 3634 3432 ὁ
3660 3380 3798 3433 ἐπί-

2210 3484 2416 3530 σκοπος
2449 3470 2772 3542 ἠναγκάσθη
2825 3471 3110 3540 φροντίσαι
3161 3470 3264 3541 τῆς
3319 3471 3639 3540 σωματικῆς
3701 3471 3798 3523 καὶ

2203 3559 2442 3628 ψυχικῆς
2467 3562 2742 3632 σωτηρίας
2794 3562 2892 3630 τῆς
2934 3563 3168 3631 συμῦίου
3222 3561 3388 3614 αὑτοῦ
3416 3579 3429 3592 ο
3457 3561 3694 3614 ἐνταῦθα
3740 3560 3796 3613 δὲ

2207 3654 2232 3704 ό
2281 3652 2461 3720 ἱερεὺς
2524 3653 2653 3720 μίαν
2702 3653 2948 3723 ἀνάγκην
3003 3649 3138 3722 εἶχε,
3208 3653 3270 3706 τὸ
3319 3653 3682 3724 περιαιρῆσαι
3737 3653 3796 3705 τὸ

2210 3743 2506 3796 σκάνδαλον
2537 3743 2629 3796 διὰ
2653 3747 2751 3814 τῆς
2772 3744 3131 3806 διαστάσεως.
3179 3744 3319 3797 Ἀλλ’
3343 3743 3467 3797 ούδέ
3492 3744 3662 3814 αὐτὴν
3689 3743 3792 3815 τὴν

2209 3836 2445 3897 γυναῖκα
2499 3831 2619 3886 εἶπέ
2651 3853 2732 3897 τις
2765 3837 3003 3903 εὐλόγως
3039 3837 3454 3906 ἀναγκασθῆναι
3491 3836 3653 3906 χάριν
3696 3835 3792 3888 τοῦ

2209 3925 2423 3977 ἑλέσθαι
2457 3927 2554 3977 καλ⁸
2597 3926 2840 3981 ἄκουσαν
2878 3929 3208 3998 ἁπόκαρσιν.
3247 3929 3341 3980 Διὸ
3391 3929 3488 3980 καὶ
3516 3930 3796 3982 κατανοεῖς

2207 4018 2296 4069 ταί
2329 4036 2417 4086 μοι
2447 4020 2745 4087 ἀναγκαῖον
2802 4019 2940 4074 εἶναι
2995 4022 3164 4090 μόνην
3218 4023 3318 4086 τὴν
3373 4021 3681 4083 διάστασιν,
3730 4021 3790 4073 ού

2211 4111 2314 4181 μὴν
2356 4113 2447 4165 καὶ
2499 4113 2600 4182 τὴν
2658 4115 2991 4184 άπόκαρσιν.
3044 4115 3105 4166 Εἰ
3153 4115 3208 4166 δὲ
3258 4116 3356 4167 καὶ
3389 4113 3528 4182 αὐτὴ
3567 4114 3789 4182 γένηται

2208 4204 2346 4256 κατὰ
2385 4203 2603 4274 θέλησιν
2636 4205 2735 4274 τῆς
2759 4207 3040 4274 γυναικὸς,
3087 4205 3434 4268 διπλασιάζει
3487 4207 3548 4258 τὸ
3605 4205 3788 4264 καλὸν,

2206 4295 2536 4362 καὶγίνεται
2577 4297 2820 4351 κάλλιον.
2866 4297 3022 4350 Ἐπεὶ
3080 4298 3136 4349 δέ
3187 4315 3334 4361 τινες
3389 4294 3548 4350 εἷπον
3575 4297 3651 4357 ὡς
3683 4295 3791 4347 άπδ

2205 4385 2305 4452 τῆς
2332 4388 2612 4455 παρούσης
2684 4388 2976 4458 ἐπιστολῆς
3005 4390 3111 4450 πᾶς
3165 4389 3461 4457 ίερωμένος
3523 4385 3788 4438 συνοικῶν

537 4461 658 4526 ipse
685 4458 850 4513 sciret
874 4458 1192 4529 Gregorium
1218 4477 1339 4516 cum
1386 4463 1609 4518 muliere
1639 4465 1970 4529 cohabitare,
2006 4470 2100 4521 hoc

2210 4477 2430 4539 γυναικὶ
2469 4475 2730 4547 ἀλλοτρία
2763 4479 3148 4547 ἀφωρισμένος
3173 4479 3288 4530 ἐστὶ
3322 4479 3418 4529 καὶ
3450 4478 3550 4545 πρό
3576 4493 3790 4545 παραγ-

536 4553 587 4606 ei
617 4555 792 4608 edicto
824 4555 1181 4622 denuntiavit,
1217 4565 1275 4610 ut
1303 4572 1370 4612 ex
1387 4558 1592 4613 mdibus
1618 4559 1897 4613 mulierem
1923 4571 2102 4615 trans-

533 4642 737 4707 ferret,
768 4653 820 4697 et
861 4645 905 4698 si
939 4645 1156 4700 fecisset
1187 4646 1484 4715 Gregorius
1537 4658 1596 4700 ut
1646 4648 1692 4700 ei
1723 4649 2102 4703 denuntiatum

533 4733 738 4797 fuerat,
783 4733 833 4787 in
870 4738 1298 4805 segregationem
1329 4754 1433 4790 non
1469 4739 1762 4794 incidisset.
1788 4739 1968 4805 Quare
2009 4757 2104 4795 nec

537 4825 677 4876 alter
728 4826 1136 4894 segregabitur,
1194 4828 1295 4882 nisi
1356 4837 1479 4897 post
1533 4831 1995 4886 denuntiationem
2048 4834 2100 4889 in

531 4912 940 4968 eohabitatione
973 4930 1093 4968 eum
1126 4916 1303 4970 aliena
1350 4917 1572 4972 muliere
1622 4929 1954 4987 perseveret.

2202 4566 2411 4631 γελίας,
2438 4565 2581 4633 λέγω
2607 4569 2689 4620 ὅτι
2715 4567 2840 4620 ούδέ
2873 4567 2950 4638 τῷ
2986 4567 3216 4636 παρόντι
3248 4569 3392 4635 ἁγίῳ
3425 4568 3591 4636 ῆρεσε
3613 4565 3787 4622 τοῦτο.

2212 4657 2344 4710 Ἶδοῦ
2366 4658 2470 4727 γάρ
2493 4660 2587 4712 καὶ
2613 4660 2772 4722 αὐτὸς
2809 4661 2964 4722 εἰδὼς
3001 4660 3091 4713 τὸν
3113 4659 3416 4729 Γρηγόριον
3439 4657 3788 4711 συνοικοῦντα

2207 4749 2344 4814 μετὰ
2369 4749 2614 4816 γυναίου,
2658 4753 3158 4820 ἐπιφωνηματικῶς
3197 4752 3541 4821 παρήγγειλε
3583 4753 3780 4820 τούτῳ,

2203 4839 2268 4890 ἐκ
2295 4841 2390 4907 τῆς
2417 4842 2695 4903 συνοικίας
2771 4843 3112 4910 μεταστῆσαι
3173 4841 3233 4893 τὸ
3293 4843 3540 4910 γύναιον·
3590 4843 3704 4894 καὶ.
3739 4845 3785 4893 εί

2201 4929 2455 5000 ἐποίησεν
2494 4932 2520 4982 ό
2553 4931 2856 5001 Γρηγόριος
2900 4933 3038 4985 κατὰ
3069 4934 3170 5001 τὴν
3223 4933 3634 5002 παραγγελίαν,
3686 4931 3784 4982 οῦκ

528 5001 603 5057 ἂν
629 5005 863 5059 ὑπέπεσε
890 5006 966 5074 τῷ
998 5008 1310 5079 ἁφορισμῷ.
1339 5010 1505 5064 Ὥστε
1580 5013 1700 5065 οὐδὲ
1789 5013 1976 5084 ἔτερος
2032 5017 2479 5091 ἀφορισθήσεται,
2532 5025 2579 5076 εί
2627 5024 2703 5094 μὴ
2755 5025 2893 5094 μετὰ
2950 5001 3332 5094 παραγγελίαν
3389 5025 3639 5092 ἐπιμένει
3719 5024 3778 5088 τῇ

534 5094 678 5164 μετὰ
703 5095 800 5164 τῆς
832 5095 1120 5168 ἀλλοτρίας
1142 5101 1402 5166 γυναικὸς
1425 5103 1696 5172 συνοικίᾳ.

818 5209 956 5264 ΤΟΥ
990 5212 1223 5267 ΑΥΤΟΥ
1261 5217 1852 5284 ΧΩΡΕΠῙΣΚΟΠΟῙΣ,
1893 5223 2065 5276 ΩΣΤΕ
2104 5228 2203 5278 ΜΗ
2261 5227 2577 5280 ΓΙΝΕΣΘΑΙ
2617 5228 2824 5281 ΧΩΡΙΣ
2861 5227 3096 5283 ΑΥΤΟΥ
3136 5224 3507 5279 ΥΠΗΡΕΤΔΣ

1806 5293 1988 5346 ΠΑΡΛ
2029 5296 2070 5346 Τ
2075 5297 2207 5349 ΟΥΣ
2244 5297 2594 5351 ΚΑΝΟΝΔΣ.

621 5395 972 5458 EIUSDEM
1011 5399 1659 5479 CHOREPISCOPIS,
1699 5408 1802 5467 ΝΕ
1841 5410 2017 5470 SINE
2054 5408 2230 5471 IPSO
2268 5411 2512 5472 FIANT
2546 5410 2905 5472 MINISTRI
2939 5408 3276 5468 ΡΒᾸΞΤΕΒ
3321 5404 3701 5469 CANONES.

1127 5524 1356 5581 CANON
1408 5529 1516 5585 XC.

608 5611 999 5672 Pi-rniolestutn
1027 5617 1157 5671 mihi
1187 5628 1289 5683 est,
1331 5622 1472 5688 quod
1493 5621 1601 5688 jam
1625 5637 1858 5678 canones
1887 5625 2107 5678 Patrum

545 5705 864 5771 defecerint,
907 5722 972 5765 ac
1024 5709 1307 5779 disciplina
1359 5714 1536 5768 omnis
1599 5712 1858 5769 Ecclesiis
1920 5719 2106 5770 abacta

2828 5531 3070 5586 ΚΑΝΩΝ
3100 5528 3172 5597 ις.

2293 5626 2441 5678 Πάνυ
2481 5641 2548 5694 με
2578 5624 2758 5688 λυπεῖ,
2795 5624 2877 5675 ὃτι
2935 5623 3314 5676 ἐπιλελοίπασι
3347 5621 3560 5676 ’λοιπὸν
3594 5623 3643 5674 oi
3675 5619 3777 5672 τῶν

2221 5714 2478 5785 Πατέρων
2513 5716 2755 5780 κανόνες,
2801 5715 2895 5769 καὶ
2927 5716 3075 5770 πᾶσα
3101 5716 3356 5786 ἀκρίϐεια
3398 5715 3510 5768 τῶν
3551 5713 3776 5780 Ἐκκλη-
