  <div class='ocr_page' id='page_1' title='image "/cluster/home/n/w/nwhite01/storage/ocr_20150623/138/pst.000005714544/458.png"; bbox 0 0 3946 6342; ppageno 0'>
   <div class='ocr_carea' id='block_1_1' title="bbox 83 396 234 459">
    <p class='ocr_par' dir='ltr' id='par_1_1' title="bbox 83 396 234 459">
     <span class='ocr_line' id='line_1_1' title="bbox 83 396 234 459; baseline -0.013 0"><span class='ocrx_word' id='word_1_1' title='bbox 83 396 234 459; x_wconf 75' lang='grc'><strong>829</strong></span> 
     </span>
    </p>
   </div>
   <div class='ocr_carea' id='block_1_2' title="bbox 887 388 2504 465">
    <p class='ocr_par' dir='ltr' id='par_1_2' title="bbox 887 388 2504 465">
     <span class='ocr_line' id='line_1_2' title="bbox 887 388 2504 465; baseline 0.006 -14"><span class='ocrx_word' id='word_1_2' title='bbox 887 388 969 451; x_wconf 84' lang='grc' dir='ltr'>ΙΝ</span> <span class='ocrx_word' id='word_1_3' title='bbox 1015 390 1251 453; x_wconf 81' lang='lat' dir='ltr'><strong>EPIST.</strong></span> <span class='ocrx_word' id='word_1_4' title='bbox 1297 391 1355 451; x_wconf 90' lang='lat' dir='ltr'><strong>S.</strong></span> <span class='ocrx_word' id='word_1_5' title='bbox 1397 392 1679 455; x_wconf 68' lang='lat' dir='ltr'><strong>BASILII</strong></span> <span class='ocrx_word' id='word_1_6' title='bbox 1726 397 1824 465; x_wconf 84' lang='lat' dir='ltr'><strong>AD</strong></span> <span class='ocrx_word' id='word_1_7' title='bbox 1864 395 2504 461; x_wconf 81' lang='lat' dir='ltr'><strong>CHUBEPISCOPOS.</strong></span> 
     </span>
    </p>
   </div>
   <div class='ocr_carea' id='block_1_3' title="bbox 3213 396 3321 464">
    <p class='ocr_par' dir='ltr' id='par_1_3' title="bbox 3213 396 3321 464">
     <span class='ocr_line' id='line_1_3' title="bbox 3213 396 3321 464; baseline 0.019 -2"><span class='ocrx_word' id='word_1_8' title='bbox 3213 396 3321 464; x_wconf 82' lang='lat'><strong>830</strong></span> 
     </span>
    </p>
   </div>
   <div class='ocr_carea' id='block_1_4' title="bbox 80 510 1691 595">
    <p class='ocr_par' dir='ltr' id='par_1_4' title="bbox 80 510 1687 584">
     <span class='ocr_line' id='line_1_4' title="bbox 80 510 1687 584; baseline 0.003 -23"><span class='ocrx_word' id='word_1_9' title='bbox 80 513 255 564; x_wconf 74' lang='grc' dir='ltr'><strong>σιῶν</strong></span> <span class='ocrx_word' id='word_1_10' title='bbox 310 511 664 583; x_wconf 77' lang='grc' dir='ltr'><strong>ἀπελήλαται,</strong></span> <span class='ocrx_word' id='word_1_11' title='bbox 716 512 809 565; x_wconf 73' lang='grc' dir='ltr'><strong>καὶ</strong></span> <span class='ocrx_word' id='word_1_12' title='bbox 843 510 1112 582; x_wconf 70' lang='grc' dir='ltr'><strong>φοϐοῦμαι</strong></span> <span class='ocrx_word' id='word_1_13' title='bbox 1160 511 1235 583; x_wconf 81' lang='grc' dir='ltr'><strong>μὴ</strong></span> <span class='ocrx_word' id='word_1_14' title='bbox 1279 512 1418 566; x_wconf 83' lang='grc' dir='ltr'><strong>κατά</strong></span> <span class='ocrx_word' id='word_1_15' title='bbox 1471 512 1687 584; x_wconf 70' lang='grc' dir='ltr'><strong>μικρὸν,</strong></span> 
     </span>
    </p>
   </div>
   <div class='ocr_carea' id='block_1_5' title="bbox 1769 510 3318 595">
    <p class='ocr_par' dir='ltr' id='par_1_5' title="bbox 1770 521 3318 595">
     <span class='ocr_line' id='line_1_5' title="bbox 1770 521 3318 595; baseline -0.001 -16"><span class='ocrx_word' id='word_1_16' title='bbox 1770 523 1875 590; x_wconf 86' lang='lat' dir='ltr'><strong>sit;</strong></span> <span class='ocrx_word' id='word_1_17' title='bbox 1901 530 1954 578; x_wconf 88' lang='lat' dir='ltr'><strong>et</strong></span> <span class='ocrx_word' id='word_1_18' title='bbox 1982 523 2167 590; x_wconf 86' lang='lat' dir='ltr'><strong>timeo,</strong></span> <span class='ocrx_word' id='word_1_19' title='bbox 2190 540 2255 579; x_wconf 89' lang='lat' dir='ltr'><strong>ne</strong></span> <span class='ocrx_word' id='word_1_20' title='bbox 2285 524 2562 595; x_wconf 90' lang='lat' dir='ltr'><strong>paulatim,</strong></span> <span class='ocrx_word' id='word_1_21' title='bbox 2586 523 2685 577; x_wconf 90' lang='lat' dir='ltr'><strong>hac</strong></span> <span class='ocrx_word' id='word_1_22' title='bbox 2714 521 3069 579; x_wconf 78' lang='lat' dir='ltr'><strong>indin‘erentla</strong></span> <span class='ocrx_word' id='word_1_23' title='bbox 3098 538 3318 595; x_wconf 67' lang='lat' dir='ltr'><strong>progre-</strong></span> 
     </span>
    </p>
   </div>
   <div class='ocr_carea' id='block_1_6' title="bbox 78 601 1687 673">
    <p class='ocr_par' dir='ltr' id='par_1_6' title="bbox 78 601 1687 673">
     <span class='ocr_line' id='line_1_6' title="bbox 78 601 1687 673; baseline 0.002 -21"><span class='ocrx_word' id='word_1_24' title='bbox 78 603 215 669; x_wconf 79' lang='grc' dir='ltr'><strong>τῆς</strong></span> <span class='ocrx_word' id='word_1_25' title='bbox 262 602 583 672; x_wconf 66' lang='grc' dir='ltr'><strong>ἀδιαφορίας</strong></span> <span class='ocrx_word' id='word_1_26' title='bbox 621 601 820 670; x_wconf 80' lang='grc' dir='ltr'><strong>ταύτης</strong></span> <span class='ocrx_word' id='word_1_27' title='bbox 854 602 958 672; x_wconf 80' lang='grc' dir='ltr'><strong>ὀδῷ</strong></span> <span class='ocrx_word' id='word_1_28' title='bbox 992 603 1301 673; x_wconf 80' lang='grc' dir='ltr'><strong>προϊούσης,</strong></span> <span class='ocrx_word' id='word_1_29' title='bbox 1339 606 1419 667; x_wconf 88' lang='grc' dir='ltr'><strong>είς</strong></span> <span class='ocrx_word' id='word_1_30' title='bbox 1451 604 1687 673; x_wconf 82' lang='grc' dir='ltr'><strong>παντελῆ</strong></span> 
     </span>
    </p>
   </div>
   <div class='ocr_carea' id='block_1_7' title="bbox 86 690 1686 763">
    <p class='ocr_par' dir='ltr' id='par_1_7' title="bbox 86 690 1686 763">
     <span class='ocr_line' id='line_1_7' title="bbox 86 690 1686 763; baseline 0.004 -24"><span class='ocrx_word' id='word_1_31' title='bbox 86 690 397 757; x_wconf 73' lang='grc' dir='ltr'><strong>σύγχυσιν</strong></span> <span class='ocrx_word' id='word_1_32' title='bbox 427 690 550 761; x_wconf 76' lang='grc' dir='ltr'><strong>ἔλθῃ</strong></span> <span class='ocrx_word' id='word_1_33' title='bbox 585 690 651 742; x_wconf 70' lang='grc' dir='ltr'><strong>τὰ</strong></span> <span class='ocrx_word' id='word_1_34' title='bbox 683 692 780 759; x_wconf 80' lang='grc' dir='ltr'><strong>τῆς</strong></span> <span class='ocrx_word' id='word_1_35' title='bbox 834 692 1154 763; x_wconf 80' lang='grc' dir='ltr'><strong>Ἐκκλησίας</strong></span> <span class='ocrx_word' id='word_1_36' title='bbox 1182 694 1498 763; x_wconf 81' lang='grc' dir='ltr'><strong>πράγματα.</strong></span> <span class='ocrx_word' id='word_1_37' title='bbox 1550 692 1686 756; x_wconf 79' lang='grc' dir='ltr'><strong>τοὺς</strong></span> 
     </span>
    </p>
   </div>
   <div class='ocr_carea' id='block_1_8' title="bbox 84 778 1685 851">
    <p class='ocr_par' dir='ltr' id='par_1_8' title="bbox 84 778 1685 851">
     <span class='ocr_line' id='line_1_8' title="bbox 84 778 1685 851; baseline 0.006 -24"><span class='ocrx_word' id='word_1_38' title='bbox 84 778 535 848; x_wconf 71' lang='grc' dir='ltr'><strong>ὑπηρετοῦντας</strong></span> <span class='ocrx_word' id='word_1_39' title='bbox 564 782 627 851; x_wconf 74' lang='grc' dir='ltr'><strong>τῇ</strong></span> <span class='ocrx_word' id='word_1_40' title='bbox 676 780 964 851; x_wconf 76' lang='grc' dir='ltr'><strong>Ἐκκλησία</strong></span> <span class='ocrx_word' id='word_1_41' title='bbox 998 784 1028 851; x_wconf 87' lang='grc' dir='ltr'>ή</span> <span class='ocrx_word' id='word_1_42' title='bbox 1060 783 1224 835; x_wconf 90' lang='grc' dir='ltr'><strong>πάλαι</strong></span> <span class='ocrx_word' id='word_1_43' title='bbox 1264 786 1381 846; x_wconf 74' lang='grc' dir='ltr'><strong>ταῖς</strong></span> <span class='ocrx_word' id='word_1_44' title='bbox 1422 782 1512 836; x_wconf 82' lang='grc' dir='ltr'><strong>τοῦ</strong></span> <span class='ocrx_word' id='word_1_45' title='bbox 1551 782 1685 837; x_wconf 85' lang='grc' dir='ltr'><strong>Θεοῦ</strong></span> 
     </span>
    </p>
   </div>
   <div class='ocr_carea' id='block_1_9' title="bbox 102 866 1687 943">
    <p class='ocr_par' dir='ltr' id='par_1_9' title="bbox 102 866 1687 943">
     <span class='ocr_line' id='line_1_9' title="bbox 102 866 1687 943; baseline 0.006 -26"><span class='ocrx_word' id='word_1_46' title='bbox 102 866 489 935; x_wconf 80' lang='grc' dir='ltr'><strong>Ἐκκλησίαις</strong></span> <span class='ocrx_word' id='word_1_47' title='bbox 532 867 987 940; x_wconf 78' lang='grc' dir='ltr'><strong>ὲμπολιτευομένη</strong></span> <span class='ocrx_word' id='word_1_48' title='bbox 1020 871 1275 939; x_wconf 79' lang='grc' dir='ltr'><strong>συνήθεια</strong></span> <span class='ocrx_word' id='word_1_49' title='bbox 1329 872 1465 941; x_wconf 82' lang='grc' dir='ltr'><strong>μετά</strong></span> <span class='ocrx_word' id='word_1_50' title='bbox 1509 873 1687 943; x_wconf 81' lang='grc' dir='ltr'><strong>πάσης</strong></span> 
     </span>
    </p>
   </div>
   <div class='ocr_carea' id='block_1_10' title="bbox 86 955 1687 1030">
    <p class='ocr_par' dir='ltr' id='par_1_10' title="bbox 86 955 1687 1030">
     <span class='ocr_line' id='line_1_10' title="bbox 86 955 1687 1030; baseline 0.004 -21"><span class='ocrx_word' id='word_1_51' title='bbox 86 955 417 1027; x_wconf 78' lang='grc' dir='ltr'><strong>ἀκριϐείας</strong></span> <span class='ocrx_word' id='word_1_52' title='bbox 477 956 843 1026; x_wconf 80' lang='grc' dir='ltr'><strong>δοκιμάζουσα</strong></span> <span class='ocrx_word' id='word_1_53' title='bbox 910 960 1263 1030; x_wconf 83' lang='grc' dir='ltr'><strong>παρεδέχετο·</strong></span> <span class='ocrx_word' id='word_1_54' title='bbox 1336 962 1428 1015; x_wconf 75' lang='grc' dir='ltr'><strong>καὶ</strong></span> <span class='ocrx_word' id='word_1_55' title='bbox 1499 962 1687 1016; x_wconf 71' lang='grc' dir='ltr'><strong>ἐπολυ-</strong></span> 
     </span>
    </p>
   </div>
   <div class='ocr_carea' id='block_1_11' title="bbox 89 1048 1686 1121">
    <p class='ocr_par' dir='ltr' id='par_1_11' title="bbox 89 1048 1686 1121">
     <span class='ocr_line' id='line_1_11' title="bbox 89 1048 1686 1121; baseline 0.003 -23"><span class='ocrx_word' id='word_1_56' title='bbox 89 1049 498 1115; x_wconf 81' lang='grc' dir='ltr'><strong>πραγμονεῖτο</strong></span> <span class='ocrx_word' id='word_1_57' title='bbox 526 1048 673 1099; x_wconf 76' lang='grc' dir='ltr'><strong>πᾶσα</strong></span> <span class='ocrx_word' id='word_1_58' title='bbox 707 1048 884 1101; x_wconf 73' lang='grc' dir='ltr'><strong>αὐτῶν</strong></span> <span class='ocrx_word' id='word_1_59' title='bbox 928 1050 960 1119; x_wconf 87' lang='grc' dir='ltr'>ή</span> <span class='ocrx_word' id='word_1_60' title='bbox 991 1050 1318 1119; x_wconf 77' lang='grc' dir='ltr'><strong>ἀναστροφὴ,</strong></span> <span class='ocrx_word' id='word_1_61' title='bbox 1356 1053 1403 1104; x_wconf 83' lang='grc' dir='ltr'><strong>εί</strong></span> <span class='ocrx_word' id='word_1_62' title='bbox 1462 1052 1536 1121; x_wconf 73' lang='grc' dir='ltr'><strong>μὴ</strong></span> <span class='ocrx_word' id='word_1_63' title='bbox 1575 1053 1686 1106; x_wconf 82' lang='grc' dir='ltr'><strong>λοί-</strong></span> 
     </span>
    </p>
   </div>
   <div class='ocr_carea' id='block_1_12' title="bbox 90 1136 1687 1212">
    <p class='ocr_par' dir='ltr' id='par_1_12' title="bbox 90 1136 1687 1212">
     <span class='ocr_line' id='line_1_12' title="bbox 90 1136 1687 1212; baseline 0.006 -25"><span class='ocrx_word' id='word_1_64' title='bbox 90 1136 272 1206; x_wconf 72' lang='grc' dir='ltr'><strong>δοροι</strong></span> <span class='ocrx_word' id='word_1_65' title='bbox 327 1138 482 1199; x_wconf 79' lang='grc' dir='ltr'><strong>εἰσιν,</strong></span> <span class='ocrx_word' id='word_1_66' title='bbox 526 1137 573 1188; x_wconf 85' lang='grc' dir='ltr'><strong>εί</strong></span> <span class='ocrx_word' id='word_1_67' title='bbox 631 1139 705 1208; x_wconf 80' lang='grc' dir='ltr'><strong>μὴ</strong></span> <span class='ocrx_word' id='word_1_68' title='bbox 754 1138 993 1207; x_wconf 77' lang='grc' dir='ltr'><strong>μέθυσοι,</strong></span> <span class='ocrx_word' id='word_1_69' title='bbox 1038 1142 1083 1192; x_wconf 87' lang='grc' dir='ltr'><strong>εί</strong></span> <span class='ocrx_word' id='word_1_70' title='bbox 1120 1141 1191 1210; x_wconf 78' lang='grc' dir='ltr'><strong>μὴ</strong></span> <span class='ocrx_word' id='word_1_71' title='bbox 1232 1142 1506 1212; x_wconf 73' lang='grc' dir='ltr'><strong>πρόχειροι</strong></span> <span class='ocrx_word' id='word_1_72' title='bbox 1551 1143 1687 1211; x_wconf 73' lang='grc' dir='ltr'><strong>πρὸς</strong></span> 
     </span>
    </p>
   </div>
   <div class='ocr_carea' id='block_1_13' title="bbox 92 1223 1683 1300">
    <p class='ocr_par' dir='ltr' id='par_1_13' title="bbox 92 1223 1683 1300">
     <span class='ocr_line' id='line_1_13' title="bbox 92 1223 1683 1300; baseline 0.006 -26"><span class='ocrx_word' id='word_1_73' title='bbox 92 1225 218 1285; x_wconf 76' lang='grc' dir='ltr'><strong>τὰς</strong></span> <span class='ocrx_word' id='word_1_74' title='bbox 261 1223 465 1292; x_wconf 83' lang='grc' dir='ltr'><strong>μάχας,</strong></span> <span class='ocrx_word' id='word_1_75' title='bbox 499 1226 544 1275; x_wconf 87' lang='grc' dir='ltr'><strong>εί</strong></span> <span class='ocrx_word' id='word_1_76' title='bbox 582 1225 1011 1293; x_wconf 83' lang='grc' dir='ltr'><strong>παιδαγωγοῦσιν</strong></span> <span class='ocrx_word' id='word_1_77' title='bbox 1052 1224 1254 1279; x_wconf 73' lang='grc' dir='ltr'><strong>ἑαυτῶν</strong></span> <span class='ocrx_word' id='word_1_78' title='bbox 1296 1229 1392 1298; x_wconf 75' lang='grc' dir='ltr'><strong>τὴν</strong></span> <span class='ocrx_word' id='word_1_79' title='bbox 1441 1231 1683 1300; x_wconf 82' lang='grc' dir='ltr'><strong>νεότητα,</strong></span> 
     </span>
    </p>
   </div>
   <div class='ocr_carea' id='block_1_14' title="bbox 96 1312 1685 1391">
    <p class='ocr_par' dir='ltr' id='par_1_14' title="bbox 96 1312 1685 1391">
     <span class='ocr_line' id='line_1_14' title="bbox 96 1312 1685 1391; baseline 0.007 -28"><span class='ocrx_word' id='word_1_80' title='bbox 96 1312 267 1371; x_wconf 64' lang='grc' dir='ltr'><strong>ὥστε</strong></span> <span class='ocrx_word' id='word_1_81' title='bbox 324 1313 619 1382; x_wconf 75' lang='grc' dir='ltr'><strong>κατορθοῦν</strong></span> <span class='ocrx_word' id='word_1_82' title='bbox 647 1315 902 1369; x_wconf 86' lang='grc' dir='ltr'><strong>δύνασθαι</strong></span> <span class='ocrx_word' id='word_1_83' title='bbox 949 1318 1037 1368; x_wconf 77' lang='grc' dir='ltr'><strong>τὸν</strong></span> <span class='ocrx_word' id='word_1_84' title='bbox 1077 1316 1363 1387; x_wconf 88' lang='grc' dir='ltr'><strong>ἀγιασμδν,</strong></span> <span class='ocrx_word' id='word_1_85' title='bbox 1415 1314 1473 1372; x_wconf 83' lang='grc' dir='ltr'><strong>οῦ</strong></span> <span class='ocrx_word' id='word_1_86' title='bbox 1517 1322 1685 1391; x_wconf 75' lang='grc' dir='ltr'><strong>χωρὶς</strong></span> 
     </span>
    </p>
   </div>
   <div class='ocr_carea' id='block_1_15' title="bbox 95 1401 1684 1481">
    <p class='ocr_par' dir='ltr' id='par_1_15' title="bbox 95 1401 1684 1481">
     <span class='ocr_line' id='line_1_15' title="bbox 95 1401 1684 1481; baseline 0.008 -29"><span class='ocrx_word' id='word_1_87' title='bbox 95 1401 306 1463; x_wconf 67' lang='grc' dir='ltr'><strong>οὐδεὶς</strong></span> <span class='ocrx_word' id='word_1_88' title='bbox 341 1401 525 1469; x_wconf 72' lang='grc' dir='ltr'><strong>ὄψεται</strong></span> <span class='ocrx_word' id='word_1_89' title='bbox 556 1403 645 1456; x_wconf 78' lang='grc' dir='ltr'><strong>τὸν</strong></span> <span class='ocrx_word' id='word_1_90' title='bbox 681 1405 901 1475; x_wconf 86' lang='grc' dir='ltr'><strong>Κύριον.</strong></span> <span class='ocrx_word' id='word_1_91' title='bbox 946 1407 1052 1457; x_wconf 72' lang='grc' dir='ltr'><strong>Καὶ</strong></span> <span class='ocrx_word' id='word_1_92' title='bbox 1094 1407 1250 1459; x_wconf 86' lang='grc' dir='ltr'><strong>τοῦτο</strong></span> <span class='ocrx_word' id='word_1_93' title='bbox 1290 1407 1545 1476; x_wconf 75' lang='grc' dir='ltr'><strong>ἐξήταζον</strong></span> <span class='ocrx_word' id='word_1_94' title='bbox 1588 1412 1684 1481; x_wconf 78' lang='grc' dir='ltr'><strong>μὲν</strong></span> 
     </span>
    </p>
   </div>
   <div class='ocr_carea' id='block_1_16' title="bbox 98 1481 1686 1563">
    <p class='ocr_par' dir='ltr' id='par_1_16' title="bbox 98 1491 1686 1563">
     <span class='ocr_line' id='line_1_16' title="bbox 98 1491 1686 1563; baseline 0.008 -21"><span class='ocrx_word' id='word_1_95' title='bbox 98 1491 489 1562; x_wconf 72' lang='grc' dir='ltr'><strong>πρεσϐύτεροι</strong></span> <span class='ocrx_word' id='word_1_96' title='bbox 524 1493 619 1545; x_wconf 72' lang='grc' dir='ltr'><strong>καὶ</strong></span> <span class='ocrx_word' id='word_1_97' title='bbox 650 1494 879 1547; x_wconf 84' lang='grc' dir='ltr'><strong>διάκονοι</strong></span> <span class='ocrx_word' id='word_1_98' title='bbox 912 1497 1275 1560; x_wconf 77' lang='grc' dir='ltr'><strong>συνοικοῦντες</strong></span> <span class='ocrx_word' id='word_1_99' title='bbox 1330 1501 1531 1563; x_wconf 82' lang='grc' dir='ltr'><strong>αὐτοῖς,</strong></span> <span class='ocrx_word' id='word_1_100' title='bbox 1589 1502 1686 1554; x_wconf 74' lang='grc' dir='ltr'><strong>ὲπο</strong></span> 
     </span>
    </p>
   </div>
   <div class='ocr_carea' id='block_1_17' title="bbox 103 1582 1685 1660">
    <p class='ocr_par' dir='ltr' id='par_1_17' title="bbox 103 1582 1685 1660">
     <span class='ocr_line' id='line_1_17' title="bbox 103 1582 1685 1660; baseline 0.007 -26"><span class='ocrx_word' id='word_1_101' title='bbox 103 1582 397 1651; x_wconf 78' lang='grc' dir='ltr'><strong>ανέφερον</strong></span> <span class='ocrx_word' id='word_1_102' title='bbox 424 1582 477 1634; x_wconf 76' lang='grc' dir='ltr'><strong>δὲ</strong></span> <span class='ocrx_word' id='word_1_103' title='bbox 508 1586 619 1647; x_wconf 87' lang='grc' dir='ltr'><strong>τοῖς</strong></span> <span class='ocrx_word' id='word_1_104' title='bbox 664 1586 1107 1654; x_wconf 70' lang='grc' dir='ltr'><strong>χωρεπισκόποις,</strong></span> <span class='ocrx_word' id='word_1_105' title='bbox 1156 1587 1225 1649; x_wconf 82' lang='grc' dir='ltr'><strong>οἳ,</strong></span> <span class='ocrx_word' id='word_1_106' title='bbox 1274 1588 1371 1651; x_wconf 71' lang='grc' dir='ltr'><strong>τὰς</strong></span> <span class='ocrx_word' id='word_1_107' title='bbox 1400 1590 1546 1660; x_wconf 77' lang='grc' dir='ltr'><strong>παρὰ</strong></span> <span class='ocrx_word' id='word_1_108' title='bbox 1578 1590 1685 1644; x_wconf 91' lang='grc' dir='ltr'><strong>τῶν</strong></span> 
     </span>
    </p>
   </div>
   <div class='ocr_carea' id='block_1_18' title="bbox 102 1672 1687 1748">
    <p class='ocr_par' dir='ltr' id='par_1_18' title="bbox 102 1672 1687 1748">
     <span class='ocr_line' id='line_1_18' title="bbox 102 1672 1687 1748; baseline 0.008 -23"><span class='ocrx_word' id='word_1_109' title='bbox 102 1672 401 1742; x_wconf 75' lang='grc' dir='ltr'><strong>ἀληθινῶς</strong></span> <span class='ocrx_word' id='word_1_110' title='bbox 465 1676 876 1745; x_wconf 82' lang='grc' dir='ltr'><strong>μαρτυρούντων</strong></span> <span class='ocrx_word' id='word_1_111' title='bbox 938 1677 1214 1745; x_wconf 80' lang='grc' dir='ltr'><strong>δεξάμενοι</strong></span> <span class='ocrx_word' id='word_1_112' title='bbox 1284 1679 1530 1748; x_wconf 74' lang='grc' dir='ltr'><strong>ψήφους,</strong></span> <span class='ocrx_word' id='word_1_113' title='bbox 1594 1684 1687 1737; x_wconf 76' lang='grc' dir='ltr'><strong>καὶ</strong></span> 
     </span>
    </p>
   </div>
   <div class='ocr_carea' id='block_1_19' title="bbox 1767 615 3311 678">
    <p class='ocr_par' dir='ltr' id='par_1_19' title="bbox 1767 615 3311 678">
     <span class='ocr_line' id='line_1_19' title="bbox 1767 615 3311 678; baseline 0.001 -9"><span class='ocrx_word' id='word_1_114' title='bbox 1767 615 1981 678; x_wconf 89' lang='lat' dir='ltr'><strong>diente,</strong></span> <span class='ocrx_word' id='word_1_115' title='bbox 2016 631 2105 670; x_wconf 86' lang='lat' dir='ltr'><strong>res</strong></span> <span class='ocrx_word' id='word_1_116' title='bbox 2135 617 2513 670; x_wconf 71' lang='lat' dir='ltr'><strong>ecclesiastica:</strong></span> <span class='ocrx_word' id='word_1_117' title='bbox 2545 616 2598 668; x_wconf 93' lang='lat' dir='ltr'><strong>in</strong></span> <span class='ocrx_word' id='word_1_118' title='bbox 2636 630 2902 669; x_wconf 83' lang='lat' dir='ltr'><strong>summam</strong></span> <span class='ocrx_word' id='word_1_119' title='bbox 2940 615 3311 671; x_wconf 82' lang='lat' dir='ltr'><strong>confusionem</strong></span> 
     </span>
    </p>
   </div>
   <div class='ocr_carea' id='block_1_20' title="bbox 1763 703 3314 760">
    <p class='ocr_par' dir='ltr' id='par_1_20' title="bbox 1763 703 3314 760">
     <span class='ocr_line' id='line_1_20' title="bbox 1763 703 3314 760; baseline 0 -4"><span class='ocrx_word' id='word_1_120' title='bbox 1763 703 2103 760; x_wconf 72' lang='lat' dir='ltr'><strong>delabantur.</strong></span> <span class='ocrx_word' id='word_1_121' title='bbox 2147 704 2439 759; x_wconf 80' lang='lat' dir='ltr'><strong>Observata</strong></span> <span class='ocrx_word' id='word_1_122' title='bbox 2470 704 2596 759; x_wconf 89' lang='lat' dir='ltr'><strong>olim</strong></span> <span class='ocrx_word' id='word_1_123' title='bbox 2648 703 2702 757; x_wconf 90' lang='lat' dir='ltr'><strong>in</strong></span> <span class='ocrx_word' id='word_1_124' title='bbox 2760 703 2853 756; x_wconf 90' lang='lat' dir='ltr'><strong>Dei</strong></span> <span class='ocrx_word' id='word_1_125' title='bbox 2900 703 3153 760; x_wconf 84' lang='lat' dir='ltr'><strong>Ecclesiis</strong></span> <span class='ocrx_word' id='word_1_126' title='bbox 3182 719 3314 759; x_wconf 71' lang='lat' dir='ltr'><strong>con~</strong></span> 
     </span>
    </p>
   </div>
   <div class='ocr_carea' id='block_1_21' title="bbox 1767 793 3311 863">
    <p class='ocr_par' dir='ltr' id='par_1_21' title="bbox 1767 793 3311 863">
     <span class='ocr_line' id='line_1_21' title="bbox 1767 793 3311 863; baseline -0.001 -16"><span class='ocrx_word' id='word_1_127' title='bbox 1767 793 1996 847; x_wconf 86' lang='lat' dir='ltr'><strong>suetndo</strong></span> <span class='ocrx_word' id='word_1_128' title='bbox 2028 793 2281 849; x_wconf 79' lang='lat' dir='ltr'><strong>Ecclesiae</strong></span> <span class='ocrx_word' id='word_1_129' title='bbox 2311 794 2585 846; x_wconf 89' lang='lat' dir='ltr'><strong>ministros</strong></span> <span class='ocrx_word' id='word_1_130' title='bbox 2614 793 2760 847; x_wconf 89' lang='lat' dir='ltr'><strong>omni</strong></span> <span class='ocrx_word' id='word_1_131' title='bbox 2795 793 3069 863; x_wconf 76' lang='lat' dir='ltr'><strong>diligentia</strong></span> <span class='ocrx_word' id='word_1_132' title='bbox 3115 795 3311 863; x_wconf 58' lang='lat' dir='ltr'><strong>proba-</strong></span> 
     </span>
    </p>
   </div>
   <div class='ocr_carea' id='block_1_22' title="bbox 1768 882 3312 941">
    <p class='ocr_par' dir='ltr' id='par_1_22' title="bbox 1768 882 3312 941">
     <span class='ocr_line' id='line_1_22' title="bbox 1768 882 3312 941; baseline 0.001 -8"><span class='ocrx_word' id='word_1_133' title='bbox 1768 888 1853 935; x_wconf 89' lang='lat' dir='ltr'><strong>tos</strong></span> <span class='ocrx_word' id='word_1_134' title='bbox 1882 882 2228 941; x_wconf 78' lang='lat' dir='ltr'><strong>admittebat;</strong></span> <span class='ocrx_word' id='word_1_135' title='bbox 2262 896 2323 934; x_wconf 90' lang='lat' dir='ltr'><strong>ac</strong></span> <span class='ocrx_word' id='word_1_136' title='bbox 2367 882 2419 933; x_wconf 91' lang='lat' dir='ltr'><strong>in</strong></span> <span class='ocrx_word' id='word_1_137' title='bbox 2458 896 2669 934; x_wconf 83' lang='lat' dir='ltr'><strong>onmem</strong></span> <span class='ocrx_word' id='word_1_138' title='bbox 2699 896 2884 935; x_wconf 84' lang='lat' dir='ltr'><strong>eorum</strong></span> <span class='ocrx_word' id='word_1_139' title='bbox 2936 883 3096 935; x_wconf 73' lang='lat' dir='ltr'><strong>vitam</strong></span> <span class='ocrx_word' id='word_1_140' title='bbox 3129 884 3312 936; x_wconf 89' lang='lat' dir='ltr'><strong>sedulo</strong></span> 
     </span>
    </p>
   </div>
   <div class='ocr_carea' id='block_1_23' title="bbox 1766 965 3314 1041">
    <p class='ocr_par' dir='ltr' id='par_1_23' title="bbox 1766 965 3314 1041">
     <span class='ocr_line' id='line_1_23' title="bbox 1766 965 3314 1041; baseline 0.005 -22"><span class='ocrx_word' id='word_1_141' title='bbox 1766 965 2136 1035; x_wconf 80' lang='lat' dir='ltr'><strong>inquirebatur</strong></span> <span class='ocrx_word' id='word_1_142' title='bbox 2174 984 2187 1020; x_wconf 90' lang='lat'><strong>:</strong></span> <span class='ocrx_word' id='word_1_143' title='bbox 2223 982 2292 1020; x_wconf 90' lang='lat' dir='ltr'><strong>an</strong></span> <span class='ocrx_word' id='word_1_144' title='bbox 2338 982 2444 1021; x_wconf 89' lang='lat' dir='ltr'><strong>non</strong></span> <span class='ocrx_word' id='word_1_145' title='bbox 2492 976 2677 1021; x_wconf 80' lang='lat' dir='ltr'><strong>essent</strong></span> <span class='ocrx_word' id='word_1_146' title='bbox 2728 969 3016 1032; x_wconf 85' lang='lat' dir='ltr'><strong>maledici,</strong></span> <span class='ocrx_word' id='word_1_147' title='bbox 3071 986 3171 1041; x_wconf 90' lang='lat' dir='ltr'><strong>an_</strong></span> <span class='ocrx_word' id='word_1_148' title='bbox 3204 986 3314 1026; x_wconf 84' lang='lat' dir='ltr'><strong>non</strong></span> 
     </span>
    </p>
   </div>
   <div class='ocr_carea' id='block_1_24' title="bbox 1764 1052 3308 1127">
    <p class='ocr_par' dir='ltr' id='par_1_24' title="bbox 1764 1052 3308 1127">
     <span class='ocr_line' id='line_1_24' title="bbox 1764 1052 3308 1127; baseline 0.003 -20"><span class='ocrx_word' id='word_1_149' title='bbox 1764 1052 1988 1114; x_wconf 84' lang='lat' dir='ltr'><strong>ebriosi,</strong></span> <span class='ocrx_word' id='word_1_150' title='bbox 2018 1069 2086 1107; x_wconf 89' lang='lat' dir='ltr'><strong>an</strong></span> <span class='ocrx_word' id='word_1_151' title='bbox 2118 1070 2225 1108; x_wconf 91' lang='lat' dir='ltr'><strong>non</strong></span> <span class='ocrx_word' id='word_1_152' title='bbox 2261 1055 2491 1125; x_wconf 86' lang='lat' dir='ltr'><strong>prompti</strong></span> <span class='ocrx_word' id='word_1_153' title='bbox 2524 1056 2588 1109; x_wconf 91' lang='lat' dir='ltr'><strong>ad</strong></span> <span class='ocrx_word' id='word_1_154' title='bbox 2620 1072 2845 1125; x_wconf 75' lang='lat' dir='ltr'><strong>pugnas,</strong></span> <span class='ocrx_word' id='word_1_155' title='bbox 2875 1074 2940 1111; x_wconf 91' lang='lat' dir='ltr'><strong>an</strong></span> <span class='ocrx_word' id='word_1_156' title='bbox 2972 1058 3308 1127; x_wconf 84' lang='lat' dir='ltr'><strong>juventutem</strong></span> 
     </span>
    </p>
   </div>
   <div class='ocr_carea' id='block_1_25' title="bbox 1763 1142 3309 1216">
    <p class='ocr_par' dir='ltr' id='par_1_25' title="bbox 1763 1142 3309 1216">
     <span class='ocr_line' id='line_1_25' title="bbox 1763 1142 3309 1216; baseline 0.003 -20"><span class='ocrx_word' id='word_1_157' title='bbox 1763 1158 1915 1196; x_wconf 81' lang='lat' dir='ltr'><strong>suam</strong></span> <span class='ocrx_word' id='word_1_158' title='bbox 1950 1142 2256 1207; x_wconf 78' lang='lat' dir='ltr'><strong>frenarent,</strong></span> <span class='ocrx_word' id='word_1_159' title='bbox 2315 1146 2385 1197; x_wconf 89' lang='lat' dir='ltr'><strong>ita</strong></span> <span class='ocrx_word' id='word_1_160' title='bbox 2435 1153 2496 1198; x_wconf 90' lang='lat' dir='ltr'><strong>ut</strong></span> <span class='ocrx_word' id='word_1_161' title='bbox 2549 1148 2993 1209; x_wconf 83' lang='lat' dir='ltr'><strong>sanctimoniam,</strong></span> <span class='ocrx_word' id='word_1_162' title='bbox 3035 1150 3149 1202; x_wconf 86' lang='lat' dir='ltr'><strong>sine</strong></span> <span class='ocrx_word' id='word_1_163' title='bbox 3205 1164 3309 1216; x_wconf 88' lang='lat' dir='ltr'><strong>qua</strong></span> 
     </span>
    </p>
   </div>
   <div class='ocr_carea' id='block_1_26' title="bbox 1763 1228 3310 1305">
    <p class='ocr_par' dir='ltr' id='par_1_26' title="bbox 1763 1228 3310 1305">
     <span class='ocr_line' id='line_1_26' title="bbox 1763 1228 3310 1305; baseline 0.005 -24"><span class='ocrx_word' id='word_1_164' title='bbox 1763 1228 1931 1282; x_wconf 87' lang='lat' dir='ltr'><strong>Deum</strong></span> <span class='ocrx_word' id='word_1_165' title='bbox 1985 1245 2142 1283; x_wconf 85' lang='lat' dir='ltr'><strong>nemo</strong></span> <span class='ocrx_word' id='word_1_166' title='bbox 2188 1230 2392 1283; x_wconf 83' lang='lat' dir='ltr'><strong>videbit</strong></span> <span class='ocrx_word' id='word_1_167' title='bbox 2447 1236 2492 1296; x_wconf 81' lang='lat'><strong>&#39;,</strong></span> <span class='ocrx_word' id='word_1_168' title='bbox 2532 1247 2783 1305; x_wconf 80' lang='lat' dir='ltr'><strong>exercere</strong></span> <span class='ocrx_word' id='word_1_169' title='bbox 2837 1243 3077 1302; x_wconf 80' lang='lat' dir='ltr'><strong>possent.</strong></span> <span class='ocrx_word' id='word_1_170' title='bbox 3135 1241 3310 1302; x_wconf 80' lang='lat' dir='ltr'><strong>Atque</strong></span> 
     </span>
    </p>
   </div>
   <div class='ocr_carea' id='block_1_27' title="bbox 1762 1319 3306 1392">
    <p class='ocr_par' dir='ltr' id='par_1_27' title="bbox 1762 1319 3306 1392">
     <span class='ocr_line' id='line_1_27' title="bbox 1762 1319 3306 1392; baseline 0.003 -21"><span class='ocrx_word' id='word_1_171' title='bbox 1762 1320 1865 1372; x_wconf 88' lang='lat' dir='ltr'><strong>hoc</strong></span> <span class='ocrx_word' id='word_1_172' title='bbox 1918 1319 2294 1373; x_wconf 83' lang='lat' dir='ltr'><strong>examinabant</strong></span> <span class='ocrx_word' id='word_1_173' title='bbox 2336 1320 2552 1389; x_wconf 82' lang='lat' dir='ltr'><strong>quidem</strong></span> <span class='ocrx_word' id='word_1_174' title='bbox 2606 1323 2900 1392; x_wconf 81' lang='lat' dir='ltr'><strong>presbyteri</strong></span> <span class='ocrx_word' id='word_1_175' title='bbox 2956 1332 3007 1377; x_wconf 91' lang='lat' dir='ltr'><strong>et</strong></span> <span class='ocrx_word' id='word_1_176' title='bbox 3060 1323 3306 1384; x_wconf 74' lang='lat' dir='ltr'><strong>diaconi,</strong></span> 
     </span>
    </p>
   </div>
   <div class='ocr_carea' id='block_1_28' title="bbox 1760 1408 3306 1477">
    <p class='ocr_par' dir='ltr' id='par_1_28' title="bbox 1760 1408 3306 1477">
     <span class='ocr_line' id='line_1_28' title="bbox 1760 1408 3306 1477; baseline 0.005 -18"><span class='ocrx_word' id='word_1_177' title='bbox 1760 1408 1854 1477; x_wconf 90' lang='lat' dir='ltr'><strong>qui</strong></span> <span class='ocrx_word' id='word_1_178' title='bbox 1896 1422 2002 1461; x_wconf 85' lang='lat' dir='ltr'><strong>una</strong></span> <span class='ocrx_word' id='word_1_179' title='bbox 2045 1422 2169 1461; x_wconf 85' lang='lat' dir='ltr'><strong>cum</strong></span> <span class='ocrx_word' id='word_1_180' title='bbox 2218 1409 2351 1477; x_wconf 86' lang='lat' dir='ltr'><strong>ipsis</strong></span> <span class='ocrx_word' id='word_1_181' title='bbox 2400 1410 2709 1464; x_wconf 85' lang='lat' dir='ltr'><strong>habitabant</strong></span> <span class='ocrx_word' id='word_1_182' title='bbox 2741 1431 2752 1465; x_wconf 90' lang='lat'><strong>:</strong></span> <span class='ocrx_word' id='word_1_183' title='bbox 2789 1412 3092 1466; x_wconf 79' lang='lat' dir='ltr'><strong>referebant</strong></span> <span class='ocrx_word' id='word_1_184' title='bbox 3130 1422 3306 1466; x_wconf 82' lang='lat' dir='ltr'><strong>autem</strong></span> 
     </span>
    </p>
   </div>
   <div class='ocr_carea' id='block_1_29' title="bbox 1761 1496 3303 1570">
    <p class='ocr_par' dir='ltr' id='par_1_29' title="bbox 1761 1496 3303 1570">
     <span class='ocr_line' id='line_1_29' title="bbox 1761 1496 3303 1570; baseline 0.002 -20"><span class='ocrx_word' id='word_1_185' title='bbox 1761 1496 1829 1550; x_wconf 86' lang='lat' dir='ltr'><strong>ad</strong></span> <span class='ocrx_word' id='word_1_186' title='bbox 1858 1497 2293 1567; x_wconf 87' lang='lat' dir='ltr'><strong>chorepiscopos,</strong></span> <span class='ocrx_word' id='word_1_187' title='bbox 2332 1500 2423 1568; x_wconf 91' lang='lat' dir='ltr'><strong>qui</strong></span> <span class='ocrx_word' id='word_1_188' title='bbox 2455 1514 2576 1553; x_wconf 89' lang='lat' dir='ltr'><strong>cum</strong></span> <span class='ocrx_word' id='word_1_189' title='bbox 2608 1501 2863 1570; x_wconf 71' lang='lat' dir='ltr'><strong>suffragia</strong></span> <span class='ocrx_word' id='word_1_190' title='bbox 2896 1503 3108 1555; x_wconf 81' lang='lat' dir='ltr'><strong>testium</strong></span> <span class='ocrx_word' id='word_1_191' title='bbox 3148 1518 3303 1556; x_wconf 80' lang='lat' dir='ltr'><strong>vera-</strong></span> 
     </span>
    </p>
   </div>
   <div class='ocr_carea' id='block_1_30' title="bbox 1758 1586 3298 1655">
    <p class='ocr_par' dir='ltr' id='par_1_30' title="bbox 1758 1586 3298 1655">
     <span class='ocr_line' id='line_1_30' title="bbox 1758 1586 3298 1655; baseline 0.003 -18"><span class='ocrx_word' id='word_1_192' title='bbox 1758 1589 1901 1638; x_wconf 80' lang='lat' dir='ltr'><strong>cium</strong></span> <span class='ocrx_word' id='word_1_193' title='bbox 1935 1586 2298 1654; x_wconf 84' lang='lat' dir='ltr'><strong>accepissent,</strong></span> <span class='ocrx_word' id='word_1_194' title='bbox 2332 1601 2393 1639; x_wconf 92' lang='lat' dir='ltr'><strong>ac</strong></span> <span class='ocrx_word' id='word_1_195' title='bbox 2412 1588 2725 1655; x_wconf 87' lang='lat' dir='ltr'><strong>episc0pum</strong></span> <span class='ocrx_word' id='word_1_196' title='bbox 2762 1589 3189 1652; x_wconf 84' lang='lat' dir='ltr'><strong>admonuissent,</strong></span> <span class='ocrx_word' id='word_1_197' title='bbox 3220 1589 3298 1642; x_wconf 88' lang='lat' dir='ltr'><strong>sic</strong></span> 
     </span>
    </p>
   </div>
   <div class='ocr_carea' id='block_1_31' title="bbox 1760 1676 3305 1731">
    <p class='ocr_par' dir='ltr' id='par_1_31' title="bbox 1760 1676 3305 1731">
     <span class='ocr_line' id='line_1_31' title="bbox 1760 1676 3305 1731; baseline 0.002 -4"><span class='ocrx_word' id='word_1_198' title='bbox 1760 1681 2093 1727; x_wconf 86' lang='lat' dir='ltr'><strong>sacratorum</strong></span> <span class='ocrx_word' id='word_1_199' title='bbox 2127 1689 2353 1728; x_wconf 86' lang='lat' dir='ltr'><strong>numero</strong></span> <span class='ocrx_word' id='word_1_200' title='bbox 2406 1676 2708 1729; x_wconf 84' lang='lat' dir='ltr'><strong>ministrum</strong></span> <span class='ocrx_word' id='word_1_201' title='bbox 2754 1679 3113 1731; x_wconf 75' lang='lat' dir='ltr'><strong>ascrihebanl.</strong></span> <span class='ocrx_word' id='word_1_202' title='bbox 3150 1676 3305 1731; x_wconf 90' lang='lat' dir='ltr'><strong>Nunc</strong></span> 
     </span>
    </p>
   </div>
   <div class='ocr_carea' id='block_1_32' title="bbox 100 1762 1691 1840">
    <p class='ocr_par' dir='ltr' id='par_1_32' title="bbox 100 1762 1685 1840">
     <span class='ocr_line' id='line_1_32' title="bbox 100 1762 1685 1840; baseline 0.006 -26"><span class='ocrx_word' id='word_1_203' title='bbox 100 1762 543 1832; x_wconf 75' lang='grc' dir='ltr'><strong>ὑπομνήσαντες</strong></span> <span class='ocrx_word' id='word_1_204' title='bbox 566 1764 655 1817; x_wconf 84' lang='grc' dir='ltr'><strong>τὸν</strong></span> <span class='ocrx_word' id='word_1_205' title='bbox 689 1765 998 1828; x_wconf 76' lang='grc' dir='ltr'><strong>ἐπίσκοπον,</strong></span> <span class='ocrx_word' id='word_1_206' title='bbox 1019 1768 1189 1829; x_wconf 71' lang='grc' dir='ltr'><strong>οὕτως</strong></span> <span class='ocrx_word' id='word_1_207' title='bbox 1236 1769 1556 1840; x_wconf 82' lang='grc' dir='ltr'><strong>ὲνηρίθμουν</strong></span> <span class='ocrx_word' id='word_1_208' title='bbox 1596 1772 1685 1824; x_wconf 77' lang='grc' dir='ltr'><strong>τὸν</strong></span> 
     </span>
    </p>
   </div>
   <div class='ocr_carea' id='block_1_33' title="bbox 1769 1762 3306 1840">
    <p class='ocr_par' dir='ltr' id='par_1_33' title="bbox 1769 1765 3306 1834">
     <span class='ocr_line' id='line_1_33' title="bbox 1769 1765 3306 1834; baseline 0.001 -17"><span class='ocrx_word' id='word_1_209' title='bbox 1769 1772 1942 1818; x_wconf 87' lang='lat' dir='ltr'><strong>autem</strong></span> <span class='ocrx_word' id='word_1_210' title='bbox 1976 1765 2206 1833; x_wconf 89' lang='lat' dir='ltr'><strong>primum</strong></span> <span class='ocrx_word' id='word_1_211' title='bbox 2250 1765 2463 1834; x_wconf 81' lang='lat' dir='ltr'><strong>quidem</strong></span> <span class='ocrx_word' id='word_1_212' title='bbox 2514 1782 2613 1820; x_wconf 91' lang='lat' dir='ltr'><strong>nos</strong></span> <span class='ocrx_word' id='word_1_213' title='bbox 2637 1768 3003 1827; x_wconf 74' lang='lat' dir='ltr'><strong>excludentes,</strong></span> <span class='ocrx_word' id='word_1_214' title='bbox 3038 1782 3099 1820; x_wconf 87' lang='lat' dir='ltr'><strong>ac</strong></span> <span class='ocrx_word' id='word_1_215' title='bbox 3128 1782 3193 1820; x_wconf 84' lang='lat' dir='ltr'><strong>ne</strong></span> <span class='ocrx_word' id='word_1_216' title='bbox 3222 1783 3306 1819; x_wconf 85' lang='lat' dir='ltr'><strong>re-</strong></span> 
     </span>
    </p>
   </div>
   <div class='ocr_carea' id='block_1_34' title="bbox 107 1852 1683 1924">
    <p class='ocr_par' dir='ltr' id='par_1_34' title="bbox 107 1852 1683 1924">
     <span class='ocr_line' id='line_1_34' title="bbox 107 1852 1683 1924; baseline 0.006 -22"><span class='ocrx_word' id='word_1_217' title='bbox 107 1852 414 1922; x_wconf 75' lang='grc' dir='ltr'><strong>ὑπηρέτην</strong></span> <span class='ocrx_word' id='word_1_218' title='bbox 441 1852 517 1921; x_wconf 82' lang='grc' dir='ltr'><strong>τῷ</strong></span> <span class='ocrx_word' id='word_1_219' title='bbox 548 1853 786 1923; x_wconf 80' lang='grc' dir='ltr'><strong>τάγματι</strong></span> <span class='ocrx_word' id='word_1_220' title='bbox 818 1855 922 1906; x_wconf 87' lang='grc' dir='ltr'><strong>τῶν</strong></span> <span class='ocrx_word' id='word_1_221' title='bbox 960 1857 1268 1924; x_wconf 85' lang='grc' dir='ltr'><strong>ἱερατικῶν.</strong></span> <span class='ocrx_word' id='word_1_222' title='bbox 1475 1860 1587 1912; x_wconf 82' lang='grc' dir='ltr'><strong>Νῦν</strong></span> <span class='ocrx_word' id='word_1_223' title='bbox 1627 1860 1683 1912; x_wconf 79' lang='grc' dir='ltr'><strong>δὲ</strong></span> 
     </span>
    </p>
   </div>
   <div class='ocr_carea' id='block_1_35' title="bbox 105 1941 1685 2019">
    <p class='ocr_par' dir='ltr' id='par_1_35' title="bbox 105 1941 1685 2019">
     <span class='ocr_line' id='line_1_35' title="bbox 105 1941 1685 2019; baseline 0.006 -26"><span class='ocrx_word' id='word_1_224' title='bbox 105 1941 352 2009; x_wconf 78' lang='grc' dir='ltr'><strong>πρῶτον</strong></span> <span class='ocrx_word' id='word_1_225' title='bbox 402 1944 518 2013; x_wconf 75' lang='grc' dir='ltr'><strong>μὲν,</strong></span> <span class='ocrx_word' id='word_1_226' title='bbox 550 1946 691 2013; x_wconf 75' lang='grc' dir='ltr'><strong>ἡμᾶς</strong></span> <span class='ocrx_word' id='word_1_227' title='bbox 719 1947 1123 2016; x_wconf 82' lang='grc' dir='ltr'><strong>παρωσάμενοι,</strong></span> <span class='ocrx_word' id='word_1_228' title='bbox 1166 1949 1258 2000; x_wconf 72' lang='grc' dir='ltr'><strong>καὶ</strong></span> <span class='ocrx_word' id='word_1_229' title='bbox 1306 1950 1438 2019; x_wconf 82' lang='grc' dir='ltr'><strong>μηδὲ</strong></span> <span class='ocrx_word' id='word_1_230' title='bbox 1486 1952 1685 2003; x_wconf 66' lang='grc' dir='ltr'><strong>ἐπανας</strong></span> 
     </span>
    </p>
   </div>
   <div class='ocr_carea' id='block_1_36' title="bbox 109 2028 1683 2108">
    <p class='ocr_par' dir='ltr' id='par_1_36' title="bbox 109 2028 1683 2108">
     <span class='ocr_line' id='line_1_36' title="bbox 109 2028 1683 2108; baseline 0.006 -28"><span class='ocrx_word' id='word_1_231' title='bbox 109 2028 321 2097; x_wconf 72' lang='grc' dir='ltr'><strong>φέρειν</strong></span> <span class='ocrx_word' id='word_1_232' title='bbox 365 2032 492 2099; x_wconf 78' lang='grc' dir='ltr'><strong>ἡμῖν</strong></span> <span class='ocrx_word' id='word_1_233' title='bbox 540 2032 970 2102; x_wconf 79' lang='grc' dir='ltr'><strong>καταδεχόμενοι,</strong></span> <span class='ocrx_word' id='word_1_234' title='bbox 1021 2037 1099 2096; x_wconf 87' lang='grc' dir='ltr'><strong>είς</strong></span> <span class='ocrx_word' id='word_1_235' title='bbox 1143 2037 1367 2100; x_wconf 58' lang='grc' dir='ltr'><strong>ἑαυτοὺς</strong></span> <span class='ocrx_word' id='word_1_236' title='bbox 1417 2040 1513 2108; x_wconf 74' lang='grc' dir='ltr'><strong>τὴν</strong></span> <span class='ocrx_word' id='word_1_237' title='bbox 1556 2038 1683 2106; x_wconf 84' lang='grc' dir='ltr'><strong>ὃλην</strong></span> 
     </span>
    </p>
   </div>
   <div class='ocr_carea' id='block_1_37' title="bbox 108 2119 1683 2194">
    <p class='ocr_par' dir='ltr' id='par_1_37' title="bbox 108 2119 1683 2194">
     <span class='ocr_line' id='line_1_37' title="bbox 108 2119 1683 2194; baseline 0.008 -28"><span class='ocrx_word' id='word_1_238' title='bbox 108 2119 524 2186; x_wconf 82' lang='grc' dir='ltr'><strong>περιεστήσατε</strong></span> <span class='ocrx_word' id='word_1_239' title='bbox 560 2119 873 2172; x_wconf 79' lang='grc' dir='ltr'><strong>αὑθεντίαν·</strong></span> <span class='ocrx_word' id='word_1_240' title='bbox 904 2122 1109 2186; x_wconf 74' lang='grc' dir='ltr'><strong>ἔπειτα,</strong></span> <span class='ocrx_word' id='word_1_241' title='bbox 1142 2125 1683 2194; x_wconf 64' lang='grc' dir='ltr'><strong>καταρρᾳθυμοῦντες</strong></span> 
     </span>
    </p>
   </div>
   <div class='ocr_carea' id='block_1_38' title="bbox 107 2201 1683 2282">
    <p class='ocr_par' dir='ltr' id='par_1_38' title="bbox 107 2201 1683 2282">
     <span class='ocr_line' id='line_1_38' title="bbox 107 2201 1683 2282; baseline 0.008 -29"><span class='ocrx_word' id='word_1_242' title='bbox 107 2201 219 2253; x_wconf 77' lang='grc' dir='ltr'><strong>τοῦ</strong></span> <span class='ocrx_word' id='word_1_243' title='bbox 266 2204 608 2273; x_wconf 73' lang='grc' dir='ltr'><strong>πράγματος,</strong></span> <span class='ocrx_word' id='word_1_244' title='bbox 646 2210 1029 2277; x_wconf 77' lang='grc' dir='ltr'><strong>πρεσϐυτέροις</strong></span> <span class='ocrx_word' id='word_1_245' title='bbox 1055 2213 1146 2263; x_wconf 70' lang='grc' dir='ltr'><strong>καὶ</strong></span> <span class='ocrx_word' id='word_1_246' title='bbox 1174 2213 1434 2275; x_wconf 73' lang='grc' dir='ltr'><strong>διακόνοις</strong></span> <span class='ocrx_word' id='word_1_247' title='bbox 1464 2213 1683 2282; x_wconf 75' lang='grc' dir='ltr'><strong>ἐπετρέ-</strong></span> 
     </span>
    </p>
   </div>
   <div class='ocr_carea' id='block_1_39' title="bbox 108 2292 1682 2370">
    <p class='ocr_par' dir='ltr' id='par_1_39' title="bbox 108 2292 1682 2370">
     <span class='ocr_line' id='line_1_39' title="bbox 108 2292 1682 2370; baseline 0.008 -27"><span class='ocrx_word' id='word_1_248' title='bbox 108 2292 289 2359; x_wconf 76' lang='grc' dir='ltr'><strong>ψατε,</strong></span> <span class='ocrx_word' id='word_1_249' title='bbox 319 2292 410 2355; x_wconf 80' lang='grc' dir='ltr'><strong>οὓς</strong></span> <span class='ocrx_word' id='word_1_250' title='bbox 450 2294 515 2347; x_wconf 80' lang='grc' dir='ltr'><strong>ἂν</strong></span> <span class='ocrx_word' id='word_1_251' title='bbox 543 2296 792 2349; x_wconf 80' lang='grc' dir='ltr'><strong>ἐθέλωσιν</strong></span> <span class='ocrx_word' id='word_1_252' title='bbox 837 2299 941 2351; x_wconf 79' lang='grc' dir='ltr'><strong>ἀπὸ</strong></span> <span class='ocrx_word' id='word_1_253' title='bbox 993 2301 1337 2368; x_wconf 80' lang='grc' dir='ltr'><strong>ἀνεξετάστου</strong></span> <span class='ocrx_word' id='word_1_254' title='bbox 1381 2302 1515 2370; x_wconf 82' lang='grc' dir='ltr'><strong>βίου,</strong></span> <span class='ocrx_word' id='word_1_255' title='bbox 1546 2304 1682 2356; x_wconf 84' lang='grc' dir='ltr'><strong>κατὰ</strong></span> 
     </span>
    </p>
   </div>
   <div class='ocr_carea' id='block_1_40' title="bbox 113 2382 1681 2462">
    <p class='ocr_par' dir='ltr' id='par_1_40' title="bbox 113 2382 1681 2462">
     <span class='ocr_line' id='line_1_40' title="bbox 113 2382 1681 2462; baseline 0.009 -32"><span class='ocrx_word' id='word_1_256' title='bbox 113 2382 525 2447; x_wconf 82' lang='grc' dir='ltr'><strong>προσπάθειαν,</strong></span> <span class='ocrx_word' id='word_1_257' title='bbox 554 2384 587 2452; x_wconf 79' lang='grc' dir='ltr'>ἢ</span> <span class='ocrx_word' id='word_1_258' title='bbox 615 2385 709 2453; x_wconf 85' lang='grc' dir='ltr'><strong>τὴν</strong></span> <span class='ocrx_word' id='word_1_259' title='bbox 743 2387 849 2437; x_wconf 78' lang='grc' dir='ltr'><strong>ἀπὸ</strong></span> <span class='ocrx_word' id='word_1_260' title='bbox 884 2392 1215 2453; x_wconf 81' lang='grc' dir='ltr'><strong>συγγενείας,</strong></span> <span class='ocrx_word' id='word_1_261' title='bbox 1246 2390 1275 2458; x_wconf 82' lang='grc' dir='ltr'>ἢ</span> <span class='ocrx_word' id='word_1_262' title='bbox 1310 2391 1407 2459; x_wconf 85' lang='grc' dir='ltr'><strong>τὴν</strong></span> <span class='ocrx_word' id='word_1_263' title='bbox 1434 2392 1495 2453; x_wconf 82' lang='grc' dir='ltr'>ἐξ</span> <span class='ocrx_word' id='word_1_264' title='bbox 1520 2392 1681 2462; x_wconf 73' lang='grc' dir='ltr'><strong>ἄλλης</strong></span> 
     </span>
    </p>
   </div>
   <div class='ocr_carea' id='block_1_41' title="bbox 112 2468 1674 2547">
    <p class='ocr_par' dir='ltr' id='par_1_41' title="bbox 112 2468 1674 2547">
     <span class='ocr_line' id='line_1_41' title="bbox 112 2468 1674 2547; baseline 0.009 -28"><span class='ocrx_word' id='word_1_265' title='bbox 112 2468 273 2547; x_wconf 74' lang='grc' dir='ltr'><strong>τινὸς</strong></span> <span class='ocrx_word' id='word_1_266' title='bbox 301 2470 501 2547; x_wconf 71' lang='grc' dir='ltr'><strong>φιλίας,</strong></span> <span class='ocrx_word' id='word_1_267' title='bbox 524 2474 827 2547; x_wconf 55' lang='grc' dir='ltr'><strong>,ἐπεισάγειν</strong></span> <span class='ocrx_word' id='word_1_268' title='bbox 853 2478 916 2545; x_wconf 80' lang='grc' dir='ltr'><strong>τῇ</strong></span> <span class='ocrx_word' id='word_1_269' title='bbox 954 2476 1241 2547; x_wconf 78' lang='grc' dir='ltr'><strong>Ἐκκλησία</strong></span> <span class='ocrx_word' id='word_1_270' title='bbox 1266 2480 1388 2541; x_wconf 77' lang='grc' dir='ltr'><strong>τοὺς</strong></span> <span class='ocrx_word' id='word_1_271' title='bbox 1410 2480 1674 2545; x_wconf 80' lang='grc' dir='ltr'><strong>ἀναξίους.</strong></span> 
     </span>
    </p>
   </div>
   <div class='ocr_carea' id='block_1_42' title="bbox 117 2541 1674 2625">
    <p class='ocr_par' dir='ltr' id='par_1_42' title="bbox 117 2541 1674 2625">
     <span class='ocr_line' id='line_1_42' title="bbox 117 2541 1674 2625; baseline 0.008 -30"><span class='ocrx_word' id='word_1_272' title='bbox 117 2541 226 2595; x_wconf 80' lang='grc' dir='ltr'><strong>Διὸ</strong></span> <span class='ocrx_word' id='word_1_273' title='bbox 263 2541 443 2594; x_wconf 77' lang='grc' dir='ltr'><strong>πολλοὶ</strong></span> <span class='ocrx_word' id='word_1_274' title='bbox 481 2545 576 2612; x_wconf 79' lang='grc' dir='ltr'><strong>μὲν</strong></span> <span class='ocrx_word' id='word_1_275' title='bbox 605 2546 868 2615; x_wconf 79' lang='grc' dir='ltr'><strong>ὑπηρέται</strong></span> <span class='ocrx_word' id='word_1_276' title='bbox 893 2541 1259 2621; x_wconf 59' lang='grc' dir='ltr'><strong>ἀριθμοῦνται</strong></span> <span class='ocrx_word' id='word_1_277' title='bbox 1299 2558 1417 2607; x_wconf 78' lang='grc' dir='ltr'><strong>καθ’</strong></span> <span class='ocrx_word' id='word_1_278' title='bbox 1447 2541 1674 2625; x_wconf 81' lang='grc' dir='ltr'><strong>ἑκάστην</strong></span> 
     </span>
    </p>
   </div>
   <div class='ocr_carea' id='block_1_43' title="bbox 115 2625 1673 2713">
    <p class='ocr_par' dir='ltr' id='par_1_43' title="bbox 115 2625 1673 2713">
     <span class='ocr_line' id='line_1_43' title="bbox 115 2625 1673 2713; baseline 0.011 -33"><span class='ocrx_word' id='word_1_279' title='bbox 115 2625 347 2697; x_wconf 80' lang='grc' dir='ltr'><strong>κώμην,</strong></span> <span class='ocrx_word' id='word_1_280' title='bbox 377 2629 522 2695; x_wconf 77' lang='grc' dir='ltr'><strong>ἄξιος</strong></span> <span class='ocrx_word' id='word_1_281' title='bbox 558 2632 612 2685; x_wconf 77' lang='grc' dir='ltr'><strong>δὲ</strong></span> <span class='ocrx_word' id='word_1_282' title='bbox 647 2634 980 2705; x_wconf 86' lang='grc' dir='ltr'><strong>λειτουργίας</strong></span> <span class='ocrx_word' id='word_1_283' title='bbox 1012 2640 1103 2691; x_wconf 86' lang='grc' dir='ltr'><strong>τοῦ</strong></span> <span class='ocrx_word' id='word_1_284' title='bbox 1147 2640 1525 2713; x_wconf 77' lang='grc' dir='ltr'><strong>θυσιαστηρίου</strong></span> <span class='ocrx_word' id='word_1_285' title='bbox 1557 2645 1673 2697; x_wconf 74' lang='grc' dir='ltr'><strong>οὐδὲ</strong></span> 
     </span>
    </p>
   </div>
   <div class='ocr_carea' id='block_1_44' title="bbox 116 2713 1675 2804">
    <p class='ocr_par' dir='ltr' id='par_1_44' title="bbox 116 2713 1675 2804">
     <span class='ocr_line' id='line_1_44' title="bbox 116 2713 1675 2804; baseline 0.011 -34"><span class='ocrx_word' id='word_1_286' title='bbox 116 2713 212 2779; x_wconf 80' lang='grc' dir='ltr'><strong>εἷς</strong></span> <span class='ocrx_word' id='word_1_287' title='bbox 250 2756 268 2781; x_wconf 88' lang='grc'><strong>,</strong></span> <span class='ocrx_word' id='word_1_288' title='bbox 442 2720 517 2783; x_wconf 84' lang='grc' dir='ltr'><strong>ὡς</strong></span> <span class='ocrx_word' id='word_1_289' title='bbox 561 2721 714 2790; x_wconf 78' lang='grc' dir='ltr'><strong>ὑμεῖς</strong></span> <span class='ocrx_word' id='word_1_290' title='bbox 762 2726 911 2778; x_wconf 77' lang='grc' dir='ltr'><strong>αὐτοὶ</strong></span> <span class='ocrx_word' id='word_1_291' title='bbox 966 2733 1305 2801; x_wconf 84' lang='grc' dir='ltr'><strong>μαρτυρεῖτε,</strong></span> <span class='ocrx_word' id='word_1_292' title='bbox 1353 2734 1675 2804; x_wconf 83' lang='grc' dir='ltr'><strong>ἀποροῦντες</strong></span> 
     </span>
    </p>
   </div>
   <div class='ocr_carea' id='block_1_45' title="bbox 117 2806 1673 2894">
    <p class='ocr_par' dir='ltr' id='par_1_45' title="bbox 117 2806 1673 2894">
     <span class='ocr_line' id='line_1_45' title="bbox 117 2806 1673 2894; baseline 0.009 -33"><span class='ocrx_word' id='word_1_293' title='bbox 117 2806 342 2884; x_wconf 78' lang='grc' dir='ltr'><strong>ἀνδρῶν</strong></span> <span class='ocrx_word' id='word_1_294' title='bbox 358 2809 415 2861; x_wconf 78' lang='grc' dir='ltr'><strong>ἐν</strong></span> <span class='ocrx_word' id='word_1_295' title='bbox 438 2813 554 2873; x_wconf 85' lang='grc' dir='ltr'><strong>ταῖς</strong></span> <span class='ocrx_word' id='word_1_296' title='bbox 567 2812 943 2884; x_wconf 77' lang='grc' dir='ltr'><strong>ψηφοφορίαις.</strong></span> <span class='ocrx_word' id='word_1_297' title='bbox 973 2818 1118 2871; x_wconf 76' lang='grc' dir='ltr'><strong>Ἐπεὶ</strong></span> <span class='ocrx_word' id='word_1_298' title='bbox 1134 2816 1223 2873; x_wconf 76' lang='grc' dir='ltr'><strong>οὖν</strong></span> <span class='ocrx_word' id='word_1_299' title='bbox 1239 2822 1347 2890; x_wconf 81' lang='grc' dir='ltr'><strong>ὁρῶ</strong></span> <span class='ocrx_word' id='word_1_300' title='bbox 1360 2824 1420 2875; x_wconf 86' lang='grc' dir='ltr'><strong>τὸ</strong></span> <span class='ocrx_word' id='word_1_301' title='bbox 1447 2826 1673 2894; x_wconf 81' lang='grc' dir='ltr'><strong>πρᾶγμα</strong></span> 
     </span>
    </p>
   </div>
   <div class='ocr_carea' id='block_1_46' title="bbox 118 2895 1672 2977">
    <p class='ocr_par' dir='ltr' id='par_1_46' title="bbox 118 2895 1672 2977">
     <span class='ocr_line' id='line_1_46' title="bbox 118 2895 1672 2977; baseline 0.012 -31"><span class='ocrx_word' id='word_1_302' title='bbox 118 2895 315 2949; x_wconf 74' lang='grc' dir='ltr'><strong>λοιπὸν</strong></span> <span class='ocrx_word' id='word_1_303' title='bbox 374 2901 452 2961; x_wconf 80' lang='grc' dir='ltr'><strong>εἰς</strong></span> <span class='ocrx_word' id='word_1_304' title='bbox 507 2901 797 2969; x_wconf 85' lang='grc' dir='ltr'><strong>ἀνήκεστον</strong></span> <span class='ocrx_word' id='word_1_305' title='bbox 853 2906 1067 2974; x_wconf 84' lang='grc' dir='ltr'><strong>προϊὸν,</strong></span> <span class='ocrx_word' id='word_1_306' title='bbox 1128 2909 1358 2977; x_wconf 89' lang='grc' dir='ltr'><strong>μάλιστα</strong></span> <span class='ocrx_word' id='word_1_307' title='bbox 1404 2911 1517 2976; x_wconf 90' lang='grc' dir='ltr'><strong>νῦν,</strong></span> <span class='ocrx_word' id='word_1_308' title='bbox 1567 2913 1672 2965; x_wconf 87' lang='grc' dir='ltr'><strong>τῶν</strong></span> 
     </span>
    </p>
   </div>
   <div class='ocr_carea' id='block_1_47' title="bbox 119 2982 1670 3063">
    <p class='ocr_par' dir='ltr' id='par_1_47' title="bbox 119 2982 1670 3063">
     <span class='ocr_line' id='line_1_47' title="bbox 119 2982 1670 3063; baseline 0.012 -28"><span class='ocrx_word' id='word_1_309' title='bbox 119 2982 396 3039; x_wconf 74' lang='grc' dir='ltr'><strong>πλείστων</strong></span> <span class='ocrx_word' id='word_1_310' title='bbox 430 2988 576 3058; x_wconf 77' lang='grc' dir='ltr'><strong>φόϐῳ</strong></span> <span class='ocrx_word' id='word_1_311' title='bbox 607 2992 701 3060; x_wconf 86' lang='grc' dir='ltr'><strong>τῆς</strong></span> <span class='ocrx_word' id='word_1_312' title='bbox 736 2995 1113 3063; x_wconf 87' lang='grc' dir='ltr'><strong>στρατολογίας</strong></span> <span class='ocrx_word' id='word_1_313' title='bbox 1141 3000 1516 3053; x_wconf 85' lang='grc' dir='ltr'><strong>είσποιούντων</strong></span> <span class='ocrx_word' id='word_1_314' title='bbox 1544 3004 1670 3055; x_wconf 80' lang='grc' dir='ltr'><strong>ἐαυ-</strong></span> 
     </span>
    </p>
   </div>
   <div class='ocr_carea' id='block_1_48' title="bbox 1764 1853 3306 1924">
    <p class='ocr_par' dir='ltr' id='par_1_48' title="bbox 1764 1853 3306 1924">
     <span class='ocr_line' id='line_1_48' title="bbox 1764 1853 3306 1924; baseline 0.003 -18"><span class='ocrx_word' id='word_1_315' title='bbox 1764 1853 1905 1909; x_wconf 80' lang='lat' dir='ltr'><strong>ferre</strong></span> <span class='ocrx_word' id='word_1_316' title='bbox 1926 1854 2141 1922; x_wconf 85' lang='lat' dir='ltr'><strong>quidem</strong></span> <span class='ocrx_word' id='word_1_317' title='bbox 2170 1854 2235 1907; x_wconf 88' lang='lat' dir='ltr'><strong>ad</strong></span> <span class='ocrx_word' id='word_1_318' title='bbox 2265 1869 2363 1908; x_wconf 90' lang='lat' dir='ltr'><strong>nos</strong></span> <span class='ocrx_word' id='word_1_319' title='bbox 2386 1854 2604 1923; x_wconf 79' lang='lat' dir='ltr'><strong>dignati,</strong></span> <span class='ocrx_word' id='word_1_320' title='bbox 2634 1870 2845 1909; x_wconf 87' lang='lat' dir='ltr'><strong>onmem</strong></span> <span class='ocrx_word' id='word_1_321' title='bbox 2873 1857 2925 1908; x_wconf 88' lang='lat' dir='ltr'><strong>in</strong></span> <span class='ocrx_word' id='word_1_322' title='bbox 2954 1858 3306 1924; x_wconf 75' lang='lat' dir='ltr'><strong>vosmetipsos</strong></span> 
     </span>
    </p>
   </div>
   <div class='ocr_carea' id='block_1_49' title="bbox 1767 1942 3303 2014">
    <p class='ocr_par' dir='ltr' id='par_1_49' title="bbox 1767 1942 3303 2014">
     <span class='ocr_line' id='line_1_49' title="bbox 1767 1942 3303 2014; baseline 0.003 -19"><span class='ocrx_word' id='word_1_323' title='bbox 1767 1942 2140 1996; x_wconf 84' lang='lat' dir='ltr'><strong>auctoritatem</strong></span> <span class='ocrx_word' id='word_1_324' title='bbox 2165 1944 2516 1997; x_wconf 88' lang='lat' dir='ltr'><strong>transtulistis</strong></span> <span class='ocrx_word' id='word_1_325' title='bbox 2546 1962 2558 1996; x_wconf 91' lang='lat'><strong>:</strong></span> <span class='ocrx_word' id='word_1_326' title='bbox 2584 1944 2777 1998; x_wconf 77' lang='lat' dir='ltr'><strong>deinde</strong></span> <span class='ocrx_word' id='word_1_327' title='bbox 2813 1960 2919 1998; x_wconf 89' lang='lat' dir='ltr'><strong>rem</strong></span> <span class='ocrx_word' id='word_1_328' title='bbox 2955 1946 3303 2014; x_wconf 75' lang='lat' dir='ltr'><strong>negligentes,</strong></span> 
     </span>
    </p>
   </div>
   <div class='ocr_carea' id='block_1_50' title="bbox 1761 2030 3302 2101">
    <p class='ocr_par' dir='ltr' id='par_1_50' title="bbox 1761 2030 3302 2101">
     <span class='ocr_line' id='line_1_50' title="bbox 1761 2030 3302 2101; baseline 0.004 -19"><span class='ocrx_word' id='word_1_329' title='bbox 1761 2030 2086 2101; x_wconf 79' lang='lat' dir='ltr'><strong>presbyteris</strong></span> <span class='ocrx_word' id='word_1_330' title='bbox 2138 2042 2190 2085; x_wconf 89' lang='lat' dir='ltr'><strong>et</strong></span> <span class='ocrx_word' id='word_1_331' title='bbox 2221 2032 2463 2086; x_wconf 86' lang='lat' dir='ltr'><strong>diaconis</strong></span> <span class='ocrx_word' id='word_1_332' title='bbox 2493 2034 2831 2101; x_wconf 79' lang='lat' dir='ltr'><strong>permisistis,</strong></span> <span class='ocrx_word' id='word_1_333' title='bbox 2859 2042 2911 2086; x_wconf 90' lang='lat' dir='ltr'><strong>ut</strong></span> <span class='ocrx_word' id='word_1_334' title='bbox 2935 2050 3069 2101; x_wconf 85' lang='lat' dir='ltr'><strong>quos</strong></span> <span class='ocrx_word' id='word_1_335' title='bbox 3091 2035 3302 2094; x_wconf 77' lang='lat' dir='ltr'><strong>vellent,</strong></span> 
     </span>
    </p>
   </div>
   <div class='ocr_carea' id='block_1_51' title="bbox 1765 2119 3300 2185">
    <p class='ocr_par' dir='ltr' id='par_1_51' title="bbox 1765 2119 3300 2185">
     <span class='ocr_line' id='line_1_51' title="bbox 1765 2119 3300 2185; baseline 0.001 -14"><span class='ocrx_word' id='word_1_336' title='bbox 1765 2119 1871 2171; x_wconf 73' lang='lat' dir='ltr'><strong>vita</strong></span> <span class='ocrx_word' id='word_1_337' title='bbox 1912 2134 2019 2173; x_wconf 90' lang='lat' dir='ltr'><strong>non</strong></span> <span class='ocrx_word' id='word_1_338' title='bbox 2058 2121 2383 2185; x_wconf 80' lang='lat' dir='ltr'><strong>examinata,</strong></span> <span class='ocrx_word' id='word_1_339' title='bbox 2419 2120 2714 2173; x_wconf 78' lang='lat' dir='ltr'><strong>sectmdum</strong></span> <span class='ocrx_word' id='word_1_340' title='bbox 2756 2124 2916 2173; x_wconf 87' lang='lat' dir='ltr'><strong>animi</strong></span> <span class='ocrx_word' id='word_1_341' title='bbox 2946 2124 3300 2180; x_wconf 71' lang='lat' dir='ltr'><strong>atfeetiunem,</strong></span> 
     </span>
    </p>
   </div>
   <div class='ocr_carea' id='block_1_52' title="bbox 1762 2211 3302 2280">
    <p class='ocr_par' dir='ltr' id='par_1_52' title="bbox 1762 2211 3302 2280">
     <span class='ocr_line' id='line_1_52' title="bbox 1762 2211 3302 2280; baseline 0.001 -19"><span class='ocrx_word' id='word_1_342' title='bbox 1762 2218 1855 2261; x_wconf 89' lang='lat' dir='ltr'><strong>aut</strong></span> <span class='ocrx_word' id='word_1_343' title='bbox 1893 2225 1959 2262; x_wconf 81' lang='lat' dir='ltr'><strong>ex</strong></span> <span class='ocrx_word' id='word_1_344' title='bbox 2011 2211 2484 2277; x_wconf 80' lang='lat' dir='ltr'><strong>consanguinitate</strong></span> <span class='ocrx_word' id='word_1_345' title='bbox 2531 2220 2723 2275; x_wconf 87' lang='lat' dir='ltr'><strong>ortam,</strong></span> <span class='ocrx_word' id='word_1_346' title='bbox 2774 2221 2865 2265; x_wconf 89' lang='lat' dir='ltr'><strong>aut</strong></span> <span class='ocrx_word' id='word_1_347' title='bbox 2898 2227 2960 2264; x_wconf 77' lang='lat' dir='ltr'><strong>ex</strong></span> <span class='ocrx_word' id='word_1_348' title='bbox 2990 2214 3091 2265; x_wconf 83' lang='lat' dir='ltr'><strong>alia</strong></span> <span class='ocrx_word' id='word_1_349' title='bbox 3127 2213 3302 2280; x_wconf 85' lang='lat' dir='ltr'><strong>aliqua</strong></span> 
     </span>
    </p>
   </div>
   <div class='ocr_carea' id='block_1_53' title="bbox 1760 2298 3301 2369">
    <p class='ocr_par' dir='ltr' id='par_1_53' title="bbox 1760 2298 3301 2369">
     <span class='ocr_line' id='line_1_53' title="bbox 1760 2298 3301 2369; baseline 0.005 -19"><span class='ocrx_word' id='word_1_350' title='bbox 1760 2298 2030 2361; x_wconf 77' lang='lat' dir='ltr'><strong>amicitia,</strong></span> <span class='ocrx_word' id='word_1_351' title='bbox 2094 2301 2145 2351; x_wconf 93' lang='lat' dir='ltr'><strong>in</strong></span> <span class='ocrx_word' id='word_1_352' title='bbox 2216 2298 2510 2353; x_wconf 76' lang='lat' dir='ltr'><strong>Ecclesium</strong></span> <span class='ocrx_word' id='word_1_353' title='bbox 2573 2300 2818 2369; x_wconf 75' lang='lat' dir='ltr'><strong>indignos</strong></span> <span class='ocrx_word' id='word_1_354' title='bbox 2880 2300 3301 2357; x_wconf 80' lang='lat' dir='ltr'><strong>introducerent.</strong></span> 
     </span>
    </p>
   </div>
   <div class='ocr_carea' id='block_1_54' title="bbox 1761 2385 3301 2457">
    <p class='ocr_par' dir='ltr' id='par_1_54' title="bbox 1761 2385 3301 2457">
     <span class='ocr_line' id='line_1_54' title="bbox 1761 2385 3301 2457; baseline 0.004 -20"><span class='ocrx_word' id='word_1_355' title='bbox 1761 2385 2101 2454; x_wconf 84' lang='lat' dir='ltr'><strong>Quapropter</strong></span> <span class='ocrx_word' id='word_1_356' title='bbox 2149 2389 2300 2439; x_wconf 90' lang='lat' dir='ltr'><strong>multi</strong></span> <span class='ocrx_word' id='word_1_357' title='bbox 2347 2389 2560 2455; x_wconf 87' lang='lat' dir='ltr'><strong>quidem</strong></span> <span class='ocrx_word' id='word_1_358' title='bbox 2610 2390 2841 2441; x_wconf 89' lang='lat' dir='ltr'><strong>ministri</strong></span> <span class='ocrx_word' id='word_1_359' title='bbox 2894 2389 2944 2440; x_wconf 90' lang='lat' dir='ltr'><strong>in</strong></span> <span class='ocrx_word' id='word_1_360' title='bbox 2981 2403 3301 2457; x_wconf 83' lang='lat' dir='ltr'><strong>unoquoque</strong></span> 
     </span>
    </p>
   </div>
   <div class='ocr_carea' id='block_1_55' title="bbox 1759 2477 3295 2547">
    <p class='ocr_par' dir='ltr' id='par_1_55' title="bbox 1759 2477 3295 2547">
     <span class='ocr_line' id='line_1_55' title="bbox 1759 2477 3295 2547; baseline 0.001 -20"><span class='ocrx_word' id='word_1_361' title='bbox 1759 2490 1894 2544; x_wconf 78' lang='lat' dir='ltr'><strong>pago</strong></span> <span class='ocrx_word' id='word_1_362' title='bbox 1925 2485 2275 2528; x_wconf 88' lang='lat' dir='ltr'><strong>numerantur</strong></span> <span class='ocrx_word' id='word_1_363' title='bbox 2313 2496 2323 2530; x_wconf 92' lang='lat'><strong>:</strong></span> <span class='ocrx_word' id='word_1_364' title='bbox 2363 2477 2453 2531; x_wconf 89' lang='lat' dir='ltr'><strong>sed</strong></span> <span class='ocrx_word' id='word_1_365' title='bbox 2480 2478 2672 2547; x_wconf 82' lang='lat' dir='ltr'><strong>dignus</strong></span> <span class='ocrx_word' id='word_1_366' title='bbox 2705 2478 3003 2532; x_wconf 88' lang='lat' dir='ltr'><strong>ministerio</strong></span> <span class='ocrx_word' id='word_1_367' title='bbox 3053 2479 3295 2532; x_wconf 84' lang='lat' dir='ltr'><strong>altarium</strong></span> 
     </span>
    </p>
   </div>
   <div class='ocr_carea' id='block_1_56' title="bbox 1773 2564 3301 2637">
    <p class='ocr_par' dir='ltr' id='par_1_56' title="bbox 1773 2564 3301 2637">
     <span class='ocr_line' id='line_1_56' title="bbox 1773 2564 3301 2637; baseline 0.007 -27"><span class='ocrx_word' id='word_1_368' title='bbox 1773 2575 1840 2612; x_wconf 89' lang='lat' dir='ltr'><strong>ne</strong></span> <span class='ocrx_word' id='word_1_369' title='bbox 1872 2576 2010 2616; x_wconf 86' lang='lat' dir='ltr'><strong>unus</strong></span> <span class='ocrx_word' id='word_1_370' title='bbox 2055 2566 2293 2633; x_wconf 84' lang='lat' dir='ltr'><strong>quidem,</strong></span> <span class='ocrx_word' id='word_1_371' title='bbox 2333 2576 2389 2619; x_wconf 91' lang='lat' dir='ltr'><strong>ut</strong></span> <span class='ocrx_word' id='word_1_372' title='bbox 2438 2584 2531 2622; x_wconf 84' lang='lat' dir='ltr'><strong>vos</strong></span> <span class='ocrx_word' id='word_1_373' title='bbox 2564 2570 2664 2637; x_wconf 90' lang='lat' dir='ltr'><strong>ipsi</strong></span> <span class='ocrx_word' id='word_1_374' title='bbox 2710 2564 3098 2633; x_wconf 78' lang='lat' dir='ltr'><strong>testificainini,</strong></span> <span class='ocrx_word' id='word_1_375' title='bbox 3130 2569 3301 2621; x_wconf 90' lang='lat' dir='ltr'><strong>homi-</strong></span> 
     </span>
    </p>
   </div>
   <div class='ocr_carea' id='block_1_57' title="bbox 1776 2655 3309 2720">
    <p class='ocr_par' dir='ltr' id='par_1_57' title="bbox 1776 2655 3309 2720">
     <span class='ocr_line' id='line_1_57' title="bbox 1776 2655 3309 2720; baseline 0.001 -12"><span class='ocrx_word' id='word_1_376' title='bbox 1776 2664 1900 2703; x_wconf 87' lang='lat' dir='ltr'><strong>num</strong></span> <span class='ocrx_word' id='word_1_377' title='bbox 1949 2655 2171 2720; x_wconf 88' lang='lat' dir='ltr'><strong>penuria</strong></span> <span class='ocrx_word' id='word_1_378' title='bbox 2218 2657 2524 2713; x_wconf 88' lang='lat' dir='ltr'><strong>laborantes</strong></span> <span class='ocrx_word' id='word_1_379' title='bbox 2552 2658 2606 2711; x_wconf 91' lang='lat' dir='ltr'><strong>in</strong></span> <span class='ocrx_word' id='word_1_380' title='bbox 2640 2659 3013 2713; x_wconf 88' lang='lat' dir='ltr'><strong>electionibus.</strong></span> <span class='ocrx_word' id='word_1_381' title='bbox 3045 2655 3309 2719; x_wconf 76' lang='lat' dir='ltr'><strong>Quoniam</strong></span> 
     </span>
    </p>
   </div>
   <div class='ocr_carea' id='block_1_58' title="bbox 1776 2738 3305 2815">
    <p class='ocr_par' dir='ltr' id='par_1_58' title="bbox 1776 2738 3305 2815">
     <span class='ocr_line' id='line_1_58' title="bbox 1776 2738 3305 2815; baseline 0.007 -27"><span class='ocrx_word' id='word_1_382' title='bbox 1776 2738 1937 2807; x_wconf 79' lang='lat' dir='ltr'><strong>igitur</strong></span> <span class='ocrx_word' id='word_1_383' title='bbox 1964 2742 2114 2798; x_wconf 85' lang='lat' dir='ltr'><strong>video</strong></span> <span class='ocrx_word' id='word_1_384' title='bbox 2135 2759 2247 2798; x_wconf 90' lang='lat' dir='ltr'><strong>rem</strong></span> <span class='ocrx_word' id='word_1_385' title='bbox 2273 2746 2325 2798; x_wconf 90' lang='lat' dir='ltr'><strong>in</strong></span> <span class='ocrx_word' id='word_1_386' title='bbox 2358 2748 2554 2801; x_wconf 88' lang='lat' dir='ltr'><strong>malum</strong></span> <span class='ocrx_word' id='word_1_387' title='bbox 2576 2748 2686 2815; x_wconf 91' lang='lat' dir='ltr'><strong>jam</strong></span> <span class='ocrx_word' id='word_1_388' title='bbox 2715 2746 3013 2801; x_wconf 89' lang='lat' dir='ltr'><strong>insanabile</strong></span> <span class='ocrx_word' id='word_1_389' title='bbox 3038 2743 3305 2814; x_wconf 75' lang='lat' dir='ltr'><strong>progredi,</strong></span> 
     </span>
    </p>
   </div>
   <div class='ocr_carea' id='block_1_59' title="bbox 1774 2833 3309 2904">
    <p class='ocr_par' dir='ltr' id='par_1_59' title="bbox 1774 2833 3309 2904">
     <span class='ocr_line' id='line_1_59' title="bbox 1774 2833 3309 2904; baseline 0.005 -24"><span class='ocrx_word' id='word_1_390' title='bbox 1774 2844 1919 2882; x_wconf 88' lang='lat' dir='ltr'><strong>nunc</strong></span> <span class='ocrx_word' id='word_1_391' title='bbox 1940 2836 2252 2899; x_wconf 68' lang='lat' dir='ltr'><strong>praesertim,</strong></span> <span class='ocrx_word' id='word_1_392' title='bbox 2282 2850 2401 2889; x_wconf 91' lang='lat' dir='ltr'><strong>cum</strong></span> <span class='ocrx_word' id='word_1_393' title='bbox 2433 2837 2647 2904; x_wconf 89' lang='lat' dir='ltr'><strong>plurimi</strong></span> <span class='ocrx_word' id='word_1_394' title='bbox 2680 2836 2885 2890; x_wconf 71' lang='lat' dir='ltr'><strong>militia:</strong></span> <span class='ocrx_word' id='word_1_395' title='bbox 2909 2842 3075 2896; x_wconf 90' lang='lat' dir='ltr'><strong>metu,</strong></span> <span class='ocrx_word' id='word_1_396' title='bbox 3103 2833 3309 2900; x_wconf 90' lang='lat' dir='ltr'><strong>seipses</strong></span> 
     </span>
    </p>
   </div>
   <div class='ocr_carea' id='block_1_60' title="bbox 1774 2917 3306 2994">
    <p class='ocr_par' dir='ltr' id='par_1_60' title="bbox 1774 2917 3306 2994">
     <span class='ocr_line' id='line_1_60' title="bbox 1774 2917 3306 2994; baseline 0.002 -23"><span class='ocrx_word' id='word_1_397' title='bbox 1774 2917 1827 2971; x_wconf 88' lang='lat' dir='ltr'><strong>in</strong></span> <span class='ocrx_word' id='word_1_398' title='bbox 1877 2921 2231 2977; x_wconf 85' lang='lat' dir='ltr'><strong>ministerium</strong></span> <span class='ocrx_word' id='word_1_399' title='bbox 2285 2926 2604 2994; x_wconf 88' lang='lat' dir='ltr'><strong>conjiciant.</strong></span> <span class='ocrx_word' id='word_1_400' title='bbox 2650 2926 2957 2981; x_wconf 85' lang='lat' dir='ltr'><strong>necessario</strong></span> <span class='ocrx_word' id='word_1_401' title='bbox 3001 2922 3206 2977; x_wconf 88' lang='lat' dir='ltr'><strong>accessi</strong></span> <span class='ocrx_word' id='word_1_402' title='bbox 3239 2923 3306 2975; x_wconf 81' lang='lat' dir='ltr'><strong>ad</strong></span> 
     </span>
    </p>
   </div>
   <div class='ocr_carea' id='block_1_61' title="bbox 1772 3004 3309 3077">
    <p class='ocr_par' dir='ltr' id='par_1_61' title="bbox 1772 3004 3309 3077">
     <span class='ocr_line' id='line_1_61' title="bbox 1772 3004 3309 3077; baseline 0.001 -20"><span class='ocrx_word' id='word_1_403' title='bbox 1772 3004 1988 3059; x_wconf 80' lang='lat' dir='ltr'><strong>Palmm</strong></span> <span class='ocrx_word' id='word_1_404' title='bbox 2037 3023 2268 3065; x_wconf 89' lang='lat' dir='ltr'><strong>canones</strong></span> <span class='ocrx_word' id='word_1_405' title='bbox 2312 3012 2680 3077; x_wconf 81' lang='lat' dir='ltr'><strong>renovandos;</strong></span> <span class='ocrx_word' id='word_1_406' title='bbox 2718 3026 2780 3065; x_wconf 93' lang='lat' dir='ltr'><strong>ac</strong></span> <span class='ocrx_word' id='word_1_407' title='bbox 2817 3011 2967 3064; x_wconf 82' lang='lat' dir='ltr'><strong>vobis</strong></span> <span class='ocrx_word' id='word_1_408' title='bbox 3009 3010 3207 3069; x_wconf 90' lang='lat' dir='ltr'><strong>scribo,</strong></span> <span class='ocrx_word' id='word_1_409' title='bbox 3251 3014 3309 3059; x_wconf 91' lang='lat' dir='ltr'><strong>ut</strong></span> 
     </span>
    </p>
   </div>
   <div class='ocr_carea' id='block_1_62' title="bbox 118 3074 1691 3169">
    <p class='ocr_par' dir='ltr' id='par_1_62' title="bbox 118 3074 1673 3169">
     <span class='ocr_line' id='line_1_62' title="bbox 118 3074 1673 3169; baseline 0.012 -46"><span class='ocrx_word' id='word_1_410' title='bbox 118 3074 265 3169; x_wconf 66' lang='grc' dir='ltr'><strong>τυὺς</strong></span> <span class='ocrx_word' id='word_1_411' title='bbox 281 3075 345 3143; x_wconf 79' lang='grc' dir='ltr'><strong>τῇ</strong></span> <span class='ocrx_word' id='word_1_412' title='bbox 380 3074 663 3169; x_wconf 76' lang='grc' dir='ltr'><strong>ὑπηρεσίᾳ,</strong></span> <span class='ocrx_word' id='word_1_413' title='bbox 704 3080 1011 3149; x_wconf 82' lang='grc' dir='ltr'><strong>ἀναγκαίως</strong></span> <span class='ocrx_word' id='word_1_414' title='bbox 1046 3079 1206 3153; x_wconf 77' lang='grc' dir='ltr'><strong>ἦλθον</strong></span> <span class='ocrx_word' id='word_1_415' title='bbox 1246 3089 1324 3151; x_wconf 85' lang='grc' dir='ltr'><strong>είς</strong></span> <span class='ocrx_word' id='word_1_416' title='bbox 1352 3088 1415 3139; x_wconf 84' lang='grc' dir='ltr'><strong>τὸ</strong></span> <span class='ocrx_word' id='word_1_417' title='bbox 1443 3089 1673 3141; x_wconf 84' lang='grc' dir='ltr'><strong>ἀνανεώ-</strong></span> 
     </span>
    </p>
   </div>
   <div class='ocr_carea' id='block_1_63' title="bbox 1769 3074 3312 3169">
    <p class='ocr_par' dir='ltr' id='par_1_63' title="bbox 1772 3074 3312 3169">
     <span class='ocr_line' id='line_1_63' title="bbox 1772 3074 3312 3169; baseline 0 -22"><span class='ocrx_word' id='word_1_418' title='bbox 1772 3093 2003 3151; x_wconf 83' lang='lat' dir='ltr'><strong>mittatis</strong></span> <span class='ocrx_word' id='word_1_419' title='bbox 2058 3098 2187 3151; x_wconf 90' lang='lat' dir='ltr'><strong>mihi</strong></span> <span class='ocrx_word' id='word_1_420' title='bbox 2247 3100 2545 3169; x_wconf 76' lang='lat' dir='ltr'><strong>catalogum</strong></span> <span class='ocrx_word' id='word_1_421' title='bbox 2610 3074 2978 3153; x_wconf 83' lang='lat' dir='ltr'><strong>ministrorum</strong></span> <span class='ocrx_word' id='word_1_422' title='bbox 3045 3097 3312 3163; x_wconf 83' lang='lat' dir='ltr'><strong>cujusque</strong></span> 
     </span>
    </p>
   </div>
   <div class='ocr_carea' id='block_1_64' title="bbox 120 3159 1673 3238">
    <p class='ocr_par' dir='ltr' id='par_1_64' title="bbox 120 3159 1673 3238">
     <span class='ocr_line' id='line_1_64' title="bbox 120 3159 1673 3238; baseline 0.015 -29"><span class='ocrx_word' id='word_1_423' title='bbox 120 3159 328 3212; x_wconf 87' lang='grc' dir='ltr'><strong>σασθαι</strong></span> <span class='ocrx_word' id='word_1_424' title='bbox 354 3162 475 3223; x_wconf 78' lang='grc' dir='ltr'><strong>τοὺς</strong></span> <span class='ocrx_word' id='word_1_425' title='bbox 523 3166 628 3217; x_wconf 89' lang='grc' dir='ltr'><strong>τῶν</strong></span> <span class='ocrx_word' id='word_1_426' title='bbox 658 3168 914 3238; x_wconf 85' lang='grc' dir='ltr'><strong>Πατέρων</strong></span> <span class='ocrx_word' id='word_1_427' title='bbox 960 3173 1216 3237; x_wconf 74' lang='grc' dir='ltr'><strong>κανόναςσ</strong></span> <span class='ocrx_word' id='word_1_428' title='bbox 1251 3177 1343 3228; x_wconf 78' lang='grc' dir='ltr'><strong>καὶ</strong></span> <span class='ocrx_word' id='word_1_429' title='bbox 1382 3179 1673 3232; x_wconf 70' lang='grc' dir='ltr'><strong>ἐπιστέλλω</strong></span> 
     </span>
    </p>
   </div>
   <div class='ocr_carea' id='block_1_65' title="bbox 121 3248 1672 3338">
    <p class='ocr_par' dir='ltr' id='par_1_65' title="bbox 121 3248 1672 3338">
     <span class='ocr_line' id='line_1_65' title="bbox 121 3248 1672 3338; baseline 0.015 -40"><span class='ocrx_word' id='word_1_430' title='bbox 121 3248 259 3338; x_wconf 74' lang='grc' dir='ltr'><strong>ὑμῖν</strong></span> <span class='ocrx_word' id='word_1_431' title='bbox 279 3250 597 3338; x_wconf 76' lang='grc' dir='ltr'><strong>ἀποστεῖλαί</strong></span> <span class='ocrx_word' id='word_1_432' title='bbox 627 3271 715 3322; x_wconf 89' lang='grc' dir='ltr'><strong>μοι</strong></span> <span class='ocrx_word' id='word_1_433' title='bbox 744 3256 841 3327; x_wconf 73' lang='grc' dir='ltr'><strong>τὴν</strong></span> <span class='ocrx_word' id='word_1_434' title='bbox 868 3260 1186 3332; x_wconf 76' lang='grc' dir='ltr'><strong>ἀναγραφὴν</strong></span> <span class='ocrx_word' id='word_1_435' title='bbox 1214 3265 1447 3336; x_wconf 78' lang='grc' dir='ltr'><strong>ἑκάστης</strong></span> <span class='ocrx_word' id='word_1_436' title='bbox 1482 3266 1672 3338; x_wconf 81' lang='grc' dir='ltr'><strong>κώμης</strong></span> 
     </span>
    </p>
   </div>
   <div class='ocr_carea' id='block_1_66' title="bbox 118 3335 1667 3422">
    <p class='ocr_par' dir='ltr' id='par_1_66' title="bbox 118 3335 1667 3422">
     <span class='ocr_line' id='line_1_66' title="bbox 118 3335 1667 3422; baseline 0.016 -35"><span class='ocrx_word' id='word_1_437' title='bbox 118 3335 240 3388; x_wconf 84' lang='grc' dir='ltr'><strong>τῶν</strong></span> <span class='ocrx_word' id='word_1_438' title='bbox 265 3337 688 3409; x_wconf 83' lang='grc' dir='ltr'><strong>ὑπηρετούντων,</strong></span> <span class='ocrx_word' id='word_1_439' title='bbox 723 3347 815 3397; x_wconf 77' lang='grc' dir='ltr'><strong>καὶ</strong></span> <span class='ocrx_word' id='word_1_440' title='bbox 846 3348 949 3400; x_wconf 71' lang='grc' dir='ltr'><strong>ὑπὸ</strong></span> <span class='ocrx_word' id='word_1_441' title='bbox 974 3350 1115 3414; x_wconf 87' lang='grc' dir='ltr'><strong>τίνος</strong></span> <span class='ocrx_word' id='word_1_442' title='bbox 1143 3354 1388 3422; x_wconf 80' lang='grc' dir='ltr'><strong>είσῆκται</strong></span> <span class='ocrx_word' id='word_1_443' title='bbox 1406 3335 1667 3419; x_wconf 65' lang='grc' dir='ltr'><strong>ἕκαστος.</strong></span> 
     </span>
    </p>
   </div>
   <div class='ocr_carea' id='block_1_67' title="bbox 124 3427 1671 3518">
    <p class='ocr_par' dir='ltr' id='par_1_67' title="bbox 124 3427 1671 3518">
     <span class='ocr_line' id='line_1_67' title="bbox 124 3427 1671 3518; baseline 0.016 -43"><span class='ocrx_word' id='word_1_444' title='bbox 124 3427 226 3518; x_wconf 73' lang='grc' dir='ltr'><strong>καὶ</strong></span> <span class='ocrx_word' id='word_1_445' title='bbox 255 3427 312 3478; x_wconf 84' lang='grc' dir='ltr'><strong>ὲν</strong></span> <span class='ocrx_word' id='word_1_446' title='bbox 352 3429 487 3498; x_wconf 86' lang='grc' dir='ltr'><strong>ποίῳ</strong></span> <span class='ocrx_word' id='word_1_447' title='bbox 515 3431 611 3501; x_wconf 84' lang='grc' dir='ltr'><strong>βίῳ</strong></span> <span class='ocrx_word' id='word_1_448' title='bbox 658 3435 819 3489; x_wconf 71' lang='grc' dir='ltr'><strong>ἐστίν.</strong></span> <span class='ocrx_word' id='word_1_449' title='bbox 878 3439 1065 3508; x_wconf 84' lang='grc' dir='ltr'><strong>Ἔχετε</strong></span> <span class='ocrx_word' id='word_1_450' title='bbox 1107 3442 1161 3493; x_wconf 81' lang='grc' dir='ltr'><strong>δὲ</strong></span> <span class='ocrx_word' id='word_1_451' title='bbox 1207 3445 1299 3496; x_wconf 80' lang='grc' dir='ltr'><strong>καὶ</strong></span> <span class='ocrx_word' id='word_1_452' title='bbox 1345 3447 1497 3498; x_wconf 75' lang='grc' dir='ltr'><strong>αὐτοὶ</strong></span> <span class='ocrx_word' id='word_1_453' title='bbox 1543 3450 1671 3518; x_wconf 85' lang='grc' dir='ltr'><strong>παρ’</strong></span> 
     </span>
    </p>
   </div>
   <div class='ocr_carea' id='block_1_68' title="bbox 124 3515 1670 3608">
    <p class='ocr_par' dir='ltr' id='par_1_68' title="bbox 124 3515 1670 3608">
     <span class='ocr_line' id='line_1_68' title="bbox 124 3515 1670 3608; baseline 0.017 -43"><span class='ocrx_word' id='word_1_454' title='bbox 124 3515 343 3608; x_wconf 48' lang='lat' dir='ltr'><strong>emetat;</strong></span> <span class='ocrx_word' id='word_1_455' title='bbox 361 3518 455 3590; x_wconf 74' lang='grc' dir='ltr'><strong>τὴν</strong></span> <span class='ocrx_word' id='word_1_456' title='bbox 483 3521 817 3593; x_wconf 75' lang='grc' dir='ltr'><strong>ἀναγραφὴν,</strong></span> <span class='ocrx_word' id='word_1_457' title='bbox 851 3526 987 3581; x_wconf 81' lang='grc' dir='ltr'><strong>ὥστε</strong></span> <span class='ocrx_word' id='word_1_458' title='bbox 1012 3533 1389 3600; x_wconf 79' lang='grc' dir='ltr'><strong>συγκρίνεσθαι</strong></span> <span class='ocrx_word' id='word_1_459' title='bbox 1410 3540 1520 3599; x_wconf 82' lang='grc' dir='ltr'><strong>τοῖς</strong></span> <span class='ocrx_word' id='word_1_460' title='bbox 1543 3515 1670 3608; x_wconf 79' lang='grc' dir='ltr'><strong>παρ’</strong></span> 
     </span>
    </p>
   </div>
   <div class='ocr_carea' id='block_1_69' title="bbox 122 3602 1671 3694">
    <p class='ocr_par' dir='ltr' id='par_1_69' title="bbox 122 3602 1671 3694">
     <span class='ocr_line' id='line_1_69' title="bbox 122 3602 1671 3694; baseline 0.014 -37"><span class='ocrx_word' id='word_1_461' title='bbox 286 3605 657 3677; x_wconf 78' lang='grc' dir='ltr'><strong>ἀποκειμένοις</strong></span> <span class='ocrx_word' id='word_1_462' title='bbox 676 3614 957 3682; x_wconf 88' lang='grc' dir='ltr'><strong>γράμμασι</strong></span> <span class='ocrx_word' id='word_1_463' title='bbox 987 3616 1053 3669; x_wconf 83' lang='grc' dir='ltr'><strong>τὰ</strong></span> <span class='ocrx_word' id='word_1_464' title='bbox 1080 3618 1334 3689; x_wconf 83' lang='grc' dir='ltr'><strong>ὑμέτερα,</strong></span> <span class='ocrx_word' id='word_1_465' title='bbox 1362 3624 1457 3674; x_wconf 77' lang='grc' dir='ltr'><strong>καὶ</strong></span> <span class='ocrx_word' id='word_1_466' title='bbox 1484 3602 1671 3694; x_wconf 72' lang='grc' dir='ltr'><strong>μηδενὶ</strong></span> 
     </span>
    </p>
   </div>
   <div class='ocr_carea' id='block_1_70' title="bbox 126 3689 1671 3776">
    <p class='ocr_par' dir='ltr' id='par_1_70' title="bbox 126 3689 1671 3776">
     <span class='ocr_line' id='line_1_70' title="bbox 126 3689 1671 3776; baseline 0.016 -35"><span class='ocrx_word' id='word_1_467' title='bbox 126 3689 329 3753; x_wconf 70' lang='grc' dir='ltr'><strong>ἐξεῖναι</strong></span> <span class='ocrx_word' id='word_1_468' title='bbox 360 3695 566 3761; x_wconf 71' lang='grc' dir='ltr'><strong>ἑαυτὸν,</strong></span> <span class='ocrx_word' id='word_1_469' title='bbox 613 3699 699 3752; x_wconf 84' lang='grc' dir='ltr'><strong>ὅτε</strong></span> <span class='ocrx_word' id='word_1_470' title='bbox 739 3700 1001 3769; x_wconf 85' lang='grc' dir='ltr'><strong>βούλεται,</strong></span> <span class='ocrx_word' id='word_1_471' title='bbox 1050 3689 1671 3776; x_wconf 44' lang='grc' dir='ltr'><strong>παρεγγράφεινίόῦτω</strong></span> 
     </span>
    </p>
   </div>
   <div class='ocr_carea' id='block_1_71' title="bbox 130 3780 1670 3863">
    <p class='ocr_par' dir='ltr' id='par_1_71' title="bbox 130 3780 1670 3863">
     <span class='ocr_line' id='line_1_71' title="bbox 130 3780 1670 3863; baseline 0.016 -34"><span class='ocrx_word' id='word_1_472' title='bbox 130 3780 332 3849; x_wconf 82' lang='grc' dir='ltr'><strong>μέντοι,</strong></span> <span class='ocrx_word' id='word_1_473' title='bbox 369 3784 503 3850; x_wconf 81' lang='grc' dir='ltr'><strong>μετὰ</strong></span> <span class='ocrx_word' id='word_1_474' title='bbox 544 3786 641 3855; x_wconf 79' lang='grc' dir='ltr'><strong>τὴν</strong></span> <span class='ocrx_word' id='word_1_475' title='bbox 686 3788 907 3860; x_wconf 83' lang='grc' dir='ltr'><strong>πρώτην</strong></span> <span class='ocrx_word' id='word_1_476' title='bbox 953 3794 1269 3863; x_wconf 73' lang='grc' dir='ltr'><strong>ἐπινέμησιν</strong></span> <span class='ocrx_word' id='word_1_477' title='bbox 1314 3798 1368 3849; x_wconf 82' lang='grc' dir='ltr'><strong>εἴ</strong></span> <span class='ocrx_word' id='word_1_478' title='bbox 1397 3816 1537 3861; x_wconf 86' lang='grc' dir='ltr'><strong>τινες</strong></span> <span class='ocrx_word' id='word_1_479' title='bbox 1569 3801 1670 3853; x_wconf 76' lang='grc' dir='ltr'><strong>ὑπὸ</strong></span> 
     </span>
    </p>
   </div>
   <div class='ocr_carea' id='block_1_72' title="bbox 127 3868 1664 3958">
    <p class='ocr_par' dir='ltr' id='par_1_72' title="bbox 127 3868 1664 3958">
     <span class='ocr_line' id='line_1_72' title="bbox 127 3868 1664 3958; baseline 0.016 -41"><span class='ocrx_word' id='word_1_480' title='bbox 127 3868 507 3958; x_wconf 72' lang='grc' dir='ltr'><strong>πρεσϐυτέρων</strong></span> <span class='ocrx_word' id='word_1_481' title='bbox 537 3875 881 3945; x_wconf 80' lang='grc' dir='ltr'><strong>είσήχθησαν,</strong></span> <span class='ocrx_word' id='word_1_482' title='bbox 916 3880 1003 3931; x_wconf 76' lang='grc' dir='ltr'><strong>ἐπὶ</strong></span> <span class='ocrx_word' id='word_1_483' title='bbox 1034 3883 1158 3944; x_wconf 81' lang='grc' dir='ltr'><strong>τοὺς</strong></span> <span class='ocrx_word' id='word_1_484' title='bbox 1196 3883 1413 3949; x_wconf 78' lang='grc' dir='ltr'><strong>λαῖκοὺς</strong></span> <span class='ocrx_word' id='word_1_485' title='bbox 1439 3888 1664 3958; x_wconf 72' lang='grc' dir='ltr'><strong>ἀπορρι-</strong></span> 
     </span>
    </p>
   </div>
   <div class='ocr_carea' id='block_1_73' title="bbox 127 3955 1668 4045">
    <p class='ocr_par' dir='ltr' id='par_1_73' title="bbox 127 3955 1668 4045">
     <span class='ocr_line' id='line_1_73' title="bbox 127 3955 1668 4045; baseline 0.005 -32"><span class='ocrx_word' id='word_1_486' title='bbox 127 3955 320 4025; x_wconf 71' lang='grc' dir='ltr'><strong>φῶσιν.</strong></span> <span class='ocrx_word' id='word_1_487' title='bbox 361 3960 593 4014; x_wconf 79' lang='grc' dir='ltr'><strong>Ἀνωθεν</strong></span> <span class='ocrx_word' id='word_1_488' title='bbox 635 3964 689 4017; x_wconf 87' lang='grc' dir='ltr'><strong>δὲ</strong></span> <span class='ocrx_word' id='word_1_489' title='bbox 734 3965 954 4036; x_wconf 87' lang='grc' dir='ltr'><strong>γένηται</strong></span> <span class='ocrx_word' id='word_1_490' title='bbox 993 3970 1166 4023; x_wconf 83' lang='grc' dir='ltr'><strong>αὐτῶν</strong></span> <span class='ocrx_word' id='word_1_491' title='bbox 1209 3976 1333 4043; x_wconf 82' lang='grc' dir='ltr'><strong>παρ’</strong></span> <span class='ocrx_word' id='word_1_492' title='bbox 1396 3955 1558 4045; x_wconf 43' lang='grc' dir='ltr'><strong>ὑμῶν’</strong></span> <span class='ocrx_word' id='word_1_493' title='bbox 1582 3955 1668 4042; x_wconf 58' lang='grc' dir='ltr'><strong>ἐξ-</strong></span> 
     </span>
    </p>
   </div>
   <div class='ocr_carea' id='block_1_74' title="bbox 127 4045 1667 4136">
    <p class='ocr_par' dir='ltr' id='par_1_74' title="bbox 127 4045 1667 4136">
     <span class='ocr_line' id='line_1_74' title="bbox 127 4045 1667 4136; baseline 0.015 -40"><span class='ocrx_word' id='word_1_494' title='bbox 127 4045 341 4136; x_wconf 69' lang='grc' dir='ltr'><strong>έτασις·</strong></span> <span class='ocrx_word' id='word_1_495' title='bbox 373 4049 472 4102; x_wconf 84' lang='grc' dir='ltr'><strong>κᾶν</strong></span> <span class='ocrx_word' id='word_1_496' title='bbox 507 4053 602 4120; x_wconf 81' lang='grc' dir='ltr'><strong>μὲν</strong></span> <span class='ocrx_word' id='word_1_497' title='bbox 632 4054 768 4120; x_wconf 77' lang='grc' dir='ltr'><strong>ἀξιοι</strong></span> <span class='ocrx_word' id='word_1_498' title='bbox 801 4049 922 4120; x_wconf 77' lang='grc' dir='ltr'><strong>ὦσι,</strong></span> <span class='ocrx_word' id='word_1_499' title='bbox 948 4060 1012 4128; x_wconf 73' lang='grc' dir='ltr'><strong>τῇ</strong></span> <span class='ocrx_word' id='word_1_500' title='bbox 1043 4057 1278 4129; x_wconf 81' lang='grc' dir='ltr'><strong>ὑμετέρα</strong></span> <span class='ocrx_word' id='word_1_501' title='bbox 1305 4062 1465 4132; x_wconf 76' lang='grc' dir='ltr'><strong>ψήφῳ</strong></span> <span class='ocrx_word' id='word_1_502' title='bbox 1495 4082 1667 4136; x_wconf 84' lang='grc' dir='ltr'><strong>παρα-</strong></span> 
     </span>
    </p>
   </div>
   <div class='ocr_carea' id='block_1_75' title="bbox 125 4133 1663 4221">
    <p class='ocr_par' dir='ltr' id='par_1_75' title="bbox 125 4133 1663 4221">
     <span class='ocr_line' id='line_1_75' title="bbox 125 4133 1663 4221; baseline 0.013 -35"><span class='ocrx_word' id='word_1_503' title='bbox 125 4133 463 4203; x_wconf 65' lang='grc' dir='ltr'><strong>δεχθήκωσαν</strong></span> <span class='ocrx_word' id='word_1_504' title='bbox 545 4140 990 4211; x_wconf 80' lang='grc' dir='ltr'><strong>Ἐπικαθαρίσατε</strong></span> <span class='ocrx_word' id='word_1_505' title='bbox 1195 4149 1293 4217; x_wconf 78' lang='grc' dir='ltr'><strong>τὴν</strong></span> <span class='ocrx_word' id='word_1_506' title='bbox 1325 4133 1663 4221; x_wconf 77' lang='grc' dir='ltr'><strong>Ἐκκλησίαν,</strong></span> 
     </span>
    </p>
   </div>
   <div class='ocr_carea' id='block_1_76' title="bbox 126 4224 1670 4301">
    <p class='ocr_par' dir='ltr' id='par_1_76' title="bbox 126 4224 1670 4301">
     <span class='ocr_line' id='line_1_76' title="bbox 126 4224 1670 4301; baseline 0.011 -24"><span class='ocrx_word' id='word_1_507' title='bbox 126 4224 256 4286; x_wconf 78' lang='grc' dir='ltr'><strong>τοὺς</strong></span> <span class='ocrx_word' id='word_1_508' title='bbox 296 4226 540 4292; x_wconf 78' lang='grc' dir='ltr'><strong>ἀναξίους</strong></span> <span class='ocrx_word' id='word_1_509' title='bbox 583 4231 749 4301; x_wconf 78' lang='grc' dir='ltr'><strong>αὐτῆς</strong></span> <span class='ocrx_word' id='word_1_510' title='bbox 792 4233 1187 4300; x_wconf 82' lang='grc' dir='ltr'><strong>ἀπελάσαντες,</strong></span> <span class='ocrx_word' id='word_1_511' title='bbox 1217 4238 1432 4291; x_wconf 75' lang='grc' dir='ltr'><strong>καὶτοῦ</strong></span> <span class='ocrx_word' id='word_1_512' title='bbox 1488 4240 1670 4294; x_wconf 89' lang='grc' dir='ltr'><strong>λοιποῦ</strong></span> 
     </span>
    </p>
   </div>
   <div class='ocr_carea' id='block_1_77' title="bbox 126 4312 1668 4401">
    <p class='ocr_par' dir='ltr' id='par_1_77' title="bbox 126 4312 1668 4401">
     <span class='ocr_line' id='line_1_77' title="bbox 126 4312 1668 4401; baseline 0.002 -24"><span class='ocrx_word' id='word_1_513' title='bbox 126 4312 402 4377; x_wconf 66' lang='grc' dir='ltr'><strong>ὲξσετάζέτε</strong></span> <span class='ocrx_word' id='word_1_514' title='bbox 579 4319 673 4388; x_wconf 71' lang='grc' dir='ltr'><strong>μὲν</strong></span> <span class='ocrx_word' id='word_1_515' title='bbox 693 4321 815 4385; x_wconf 82' lang='grc' dir='ltr'><strong>τοὺς</strong></span> <span class='ocrx_word' id='word_1_516' title='bbox 841 4324 1019 4387; x_wconf 82' lang='grc' dir='ltr'><strong>ἀξίους</strong></span> <span class='ocrx_word' id='word_1_517' title='bbox 1044 4327 1135 4378; x_wconf 77' lang='grc' dir='ltr'><strong>καὶ</strong></span> <span class='ocrx_word' id='word_1_518' title='bbox 1163 4327 1526 4396; x_wconf 79' lang='grc' dir='ltr'><strong>παραδέχεσθε</strong></span> <span class='ocrx_word' id='word_1_519' title='bbox 1548 4347 1559 4360; x_wconf 87' lang='grc'><strong>·</strong></span> <span class='ocrx_word' id='word_1_520' title='bbox 1594 4332 1668 4401; x_wconf 81' lang='grc' dir='ltr'><strong>μὴ</strong></span> 
     </span>
    </p>
   </div>
   <div class='ocr_carea' id='block_1_78' title="bbox 1772 3183 3311 3258">
    <p class='ocr_par' dir='ltr' id='par_1_78' title="bbox 1772 3183 3311 3258">
     <span class='ocr_line' id='line_1_78' title="bbox 1772 3183 3311 3258; baseline -0.005 -16"><span class='ocrx_word' id='word_1_521' title='bbox 1772 3183 1915 3252; x_wconf 75' lang='lat' dir='ltr'><strong>pagi,</strong></span> <span class='ocrx_word' id='word_1_522' title='bbox 1943 3195 1995 3238; x_wconf 87' lang='lat' dir='ltr'><strong>et</strong></span> <span class='ocrx_word' id='word_1_523' title='bbox 2019 3200 2049 3239; x_wconf 89' lang='lat' dir='ltr'><strong>a</strong></span> <span class='ocrx_word' id='word_1_524' title='bbox 2077 3202 2184 3255; x_wconf 88' lang='lat' dir='ltr'><strong>quo</strong></span> <span class='ocrx_word' id='word_1_525' title='bbox 2206 3188 2435 3258; x_wconf 87' lang='lat' dir='ltr'><strong>quisque</strong></span> <span class='ocrx_word' id='word_1_526' title='bbox 2640 3188 2979 3241; x_wconf 83' lang='lat' dir='ltr'><strong>introductus</strong></span> <span class='ocrx_word' id='word_1_527' title='bbox 3002 3186 3092 3249; x_wconf 87' lang='lat' dir='ltr'><strong>sit,</strong></span> <span class='ocrx_word' id='word_1_528' title='bbox 3116 3193 3169 3238; x_wconf 90' lang='lat' dir='ltr'><strong>et</strong></span> <span class='ocrx_word' id='word_1_529' title='bbox 3190 3198 3311 3253; x_wconf 67' lang='lat' dir='ltr'><strong>qua:</strong></span> 
     </span>
    </p>
   </div>
   <div class='ocr_carea' id='block_1_79' title="bbox 1771 3270 3308 3344">
    <p class='ocr_par' dir='ltr' id='par_1_79' title="bbox 1771 3270 3308 3344">
     <span class='ocr_line' id='line_1_79' title="bbox 1771 3270 3308 3344; baseline -0.001 -19"><span class='ocrx_word' id='word_1_530' title='bbox 1771 3272 1892 3340; x_wconf 87' lang='lat' dir='ltr'><strong>ejus</strong></span> <span class='ocrx_word' id='word_1_531' title='bbox 1940 3273 2012 3328; x_wconf 86' lang='lat' dir='ltr'><strong>sit</strong></span> <span class='ocrx_word' id='word_1_532' title='bbox 2048 3274 2259 3329; x_wconf 74' lang='lat' dir='ltr'><strong>vivendi</strong></span> <span class='ocrx_word' id='word_1_533' title='bbox 2300 3277 2454 3330; x_wconf 86' lang='lat' dir='ltr'><strong>ratio.</strong></span> <span class='ocrx_word' id='word_1_534' title='bbox 2492 3274 2694 3331; x_wconf 84' lang='lat' dir='ltr'><strong>Habete</strong></span> <span class='ocrx_word' id='word_1_535' title='bbox 2742 3285 2917 3330; x_wconf 87' lang='lat' dir='ltr'><strong>autem</strong></span> <span class='ocrx_word' id='word_1_536' title='bbox 2950 3282 3003 3329; x_wconf 91' lang='lat' dir='ltr'><strong>et</strong></span> <span class='ocrx_word' id='word_1_537' title='bbox 3030 3272 3133 3344; x_wconf 88' lang='lat' dir='ltr'><strong>ipsi</strong></span> <span class='ocrx_word' id='word_1_538' title='bbox 3168 3270 3308 3341; x_wconf 84' lang='lat' dir='ltr'><strong>apud</strong></span> 
     </span>
    </p>
   </div>
   <div class='ocr_carea' id='block_1_80' title="bbox 1772 3360 3310 3435">
    <p class='ocr_par' dir='ltr' id='par_1_80' title="bbox 1772 3360 3310 3435">
     <span class='ocr_line' id='line_1_80' title="bbox 1772 3360 3310 3435; baseline -0.001 -20"><span class='ocrx_word' id='word_1_539' title='bbox 1772 3376 1867 3417; x_wconf 83' lang='lat' dir='ltr'><strong>vos</strong></span> <span class='ocrx_word' id='word_1_540' title='bbox 1891 3363 2211 3432; x_wconf 71' lang='lat' dir='ltr'><strong>catalogum,</strong></span> <span class='ocrx_word' id='word_1_541' title='bbox 2241 3375 2299 3418; x_wconf 90' lang='lat' dir='ltr'><strong>ut</strong></span> <span class='ocrx_word' id='word_1_542' title='bbox 2327 3380 2448 3419; x_wconf 91' lang='lat' dir='ltr'><strong>cum</strong></span> <span class='ocrx_word' id='word_1_543' title='bbox 2475 3365 2692 3435; x_wconf 89' lang='lat' dir='ltr'><strong>scriptis</strong></span> <span class='ocrx_word' id='word_1_544' title='bbox 2724 3366 2863 3434; x_wconf 87' lang='lat' dir='ltr'><strong>apud</strong></span> <span class='ocrx_word' id='word_1_545' title='bbox 2914 3379 3014 3419; x_wconf 90' lang='lat' dir='ltr'><strong>nos</strong></span> <span class='ocrx_word' id='word_1_546' title='bbox 3054 3360 3310 3430; x_wconf 83' lang='lat' dir='ltr'><strong>repositis</strong></span> 
     </span>
    </p>
   </div>
   <div class='ocr_carea' id='block_1_81' title="bbox 1770 3453 3307 3526">
    <p class='ocr_par' dir='ltr' id='par_1_81' title="bbox 1770 3453 3307 3526">
     <span class='ocr_line' id='line_1_81' title="bbox 1770 3453 3307 3526; baseline 0.001 -23"><span class='ocrx_word' id='word_1_547' title='bbox 1770 3460 1950 3505; x_wconf 81' lang='lat' dir='ltr'><strong>vestra</strong></span> <span class='ocrx_word' id='word_1_548' title='bbox 1998 3454 2364 3520; x_wconf 79' lang='lat' dir='ltr'><strong>conterantur,</strong></span> <span class='ocrx_word' id='word_1_549' title='bbox 2401 3470 2500 3511; x_wconf 92' lang='lat' dir='ltr'><strong>nec</strong></span> <span class='ocrx_word' id='word_1_550' title='bbox 2547 3457 2796 3526; x_wconf 83' lang='lat' dir='ltr'><strong>cuiquam</strong></span> <span class='ocrx_word' id='word_1_551' title='bbox 2834 3455 2993 3508; x_wconf 88' lang='lat' dir='ltr'><strong>liceat</strong></span> <span class='ocrx_word' id='word_1_552' title='bbox 3044 3453 3307 3521; x_wconf 88' lang='lat' dir='ltr'><strong>seipsum,</strong></span> 
     </span>
    </p>
   </div>
   <div class='ocr_carea' id='block_1_82' title="bbox 1772 3540 3308 3610">
    <p class='ocr_par' dir='ltr' id='par_1_82' title="bbox 1772 3540 3308 3610">
     <span class='ocr_line' id='line_1_82' title="bbox 1772 3540 3308 3610; baseline 0.003 -18"><span class='ocrx_word' id='word_1_553' title='bbox 1772 3554 1894 3593; x_wconf 89' lang='lat' dir='ltr'><strong>cum</strong></span> <span class='ocrx_word' id='word_1_554' title='bbox 1926 3542 2178 3607; x_wconf 74' lang='lat' dir='ltr'><strong>voluerit,</strong></span> <span class='ocrx_word' id='word_1_555' title='bbox 2211 3544 2525 3600; x_wconf 88' lang='lat' dir='ltr'><strong>inscribere.</strong></span> <span class='ocrx_word' id='word_1_556' title='bbox 2551 3542 2628 3597; x_wconf 82' lang='lat' dir='ltr'><strong>ita</strong></span> <span class='ocrx_word' id='word_1_557' title='bbox 2654 3560 2806 3608; x_wconf 88' lang='lat' dir='ltr'><strong>sane,</strong></span> <span class='ocrx_word' id='word_1_558' title='bbox 2848 3543 2893 3597; x_wconf 92' lang='lat' dir='ltr'><strong>si</strong></span> <span class='ocrx_word' id='word_1_559' title='bbox 2925 3542 3017 3610; x_wconf 89' lang='lat' dir='ltr'><strong>qui</strong></span> <span class='ocrx_word' id='word_1_560' title='bbox 3043 3550 3162 3609; x_wconf 92' lang='lat' dir='ltr'><strong>post</strong></span> <span class='ocrx_word' id='word_1_561' title='bbox 3196 3540 3308 3610; x_wconf 88' lang='lat' dir='ltr'><strong>pri-</strong></span> 
     </span>
    </p>
   </div>
   <div class='ocr_carea' id='block_1_83' title="bbox 1771 3629 3311 3701">
    <p class='ocr_par' dir='ltr' id='par_1_83' title="bbox 1771 3629 3311 3701">
     <span class='ocr_line' id='line_1_83' title="bbox 1771 3629 3311 3701; baseline 0.002 -22"><span class='ocrx_word' id='word_1_562' title='bbox 1771 3642 1913 3681; x_wconf 88' lang='lat' dir='ltr'><strong>mam</strong></span> <span class='ocrx_word' id='word_1_563' title='bbox 1947 3629 2291 3686; x_wconf 88' lang='lat' dir='ltr'><strong>indictionem</strong></span> <span class='ocrx_word' id='word_1_564' title='bbox 2322 3647 2352 3685; x_wconf 83' lang='lat' dir='ltr'><strong>a</strong></span> <span class='ocrx_word' id='word_1_565' title='bbox 2384 3634 2711 3701; x_wconf 81' lang='lat' dir='ltr'><strong>presbyteris</strong></span> <span class='ocrx_word' id='word_1_566' title='bbox 2750 3630 3039 3687; x_wconf 89' lang='lat' dir='ltr'><strong>introducti</strong></span> <span class='ocrx_word' id='word_1_567' title='bbox 3083 3629 3311 3693; x_wconf 78' lang='lat' dir='ltr'><strong>fuerint,</strong></span> 
     </span>
    </p>
   </div>
   <div class='ocr_carea' id='block_1_84' title="bbox 1769 3714 3308 3788">
    <p class='ocr_par' dir='ltr' id='par_1_84' title="bbox 1769 3714 3308 3788">
     <span class='ocr_line' id='line_1_84' title="bbox 1769 3714 3308 3788; baseline 0.004 -21"><span class='ocrx_word' id='word_1_568' title='bbox 1769 3714 1907 3768; x_wconf 89' lang='lat' dir='ltr'><strong>inter</strong></span> <span class='ocrx_word' id='word_1_569' title='bbox 1949 3717 2113 3772; x_wconf 86' lang='lat' dir='ltr'><strong>laicos</strong></span> <span class='ocrx_word' id='word_1_570' title='bbox 2150 3720 2483 3788; x_wconf 87' lang='lat' dir='ltr'><strong>rejiciantur.</strong></span> <span class='ocrx_word' id='word_1_571' title='bbox 2527 3720 2722 3774; x_wconf 88' lang='lat' dir='ltr'><strong>Eorum</strong></span> <span class='ocrx_word' id='word_1_572' title='bbox 2768 3729 2944 3776; x_wconf 88' lang='lat' dir='ltr'><strong>autem</strong></span> <span class='ocrx_word' id='word_1_573' title='bbox 2982 3734 3207 3776; x_wconf 79' lang='lat' dir='ltr'><strong>examen</strong></span> <span class='ocrx_word' id='word_1_574' title='bbox 3243 3720 3308 3773; x_wconf 76' lang='lat' dir='ltr'><strong>de</strong></span> 
     </span>
    </p>
   </div>
   <div class='ocr_carea' id='block_1_85' title="bbox 1773 3804 3309 3879">
    <p class='ocr_par' dir='ltr' id='par_1_85' title="bbox 1773 3804 3309 3879">
     <span class='ocr_line' id='line_1_85' title="bbox 1773 3804 3309 3879; baseline 0.008 -24"><span class='ocrx_word' id='word_1_575' title='bbox 1773 3804 1981 3873; x_wconf 81' lang='lat' dir='ltr'><strong>integro</strong></span> <span class='ocrx_word' id='word_1_576' title='bbox 2008 3808 2251 3875; x_wconf 86' lang='lat' dir='ltr'><strong>repetite,</strong></span> <span class='ocrx_word' id='word_1_577' title='bbox 2280 3817 2333 3862; x_wconf 89' lang='lat' dir='ltr'><strong>et</strong></span> <span class='ocrx_word' id='word_1_578' title='bbox 2362 3810 2407 3862; x_wconf 88' lang='lat' dir='ltr'><strong>si</strong></span> <span class='ocrx_word' id='word_1_579' title='bbox 2437 3810 2582 3879; x_wconf 78' lang='lat' dir='ltr'><strong>digni</strong></span> <span class='ocrx_word' id='word_1_580' title='bbox 2611 3811 2830 3874; x_wconf 83' lang='lat' dir='ltr'><strong>fuerint,</strong></span> <span class='ocrx_word' id='word_1_581' title='bbox 2854 3809 3108 3877; x_wconf 79' lang='lat' dir='ltr'><strong>suﬂ&#39;ragio</strong></span> <span class='ocrx_word' id='word_1_582' title='bbox 3130 3818 3309 3867; x_wconf 76' lang='lat' dir='ltr'><strong>vestro</strong></span> 
     </span>
    </p>
   </div>
   <div class='ocr_carea' id='block_1_86' title="bbox 1772 3894 3311 3968">
    <p class='ocr_par' dir='ltr' id='par_1_86' title="bbox 1772 3894 3311 3968">
     <span class='ocr_line' id='line_1_86' title="bbox 1772 3894 3311 3968; baseline 0.003 -21"><span class='ocrx_word' id='word_1_583' title='bbox 1772 3894 2156 3961; x_wconf 86' lang='lat' dir='ltr'><strong>suscipiantur.</strong></span> <span class='ocrx_word' id='word_1_584' title='bbox 2208 3896 2508 3968; x_wconf 78' lang='lat' dir='ltr'><strong>Expurgate</strong></span> <span class='ocrx_word' id='word_1_585' title='bbox 2556 3899 2885 3961; x_wconf 85' lang='lat' dir='ltr'><strong>Ecclesiam,</strong></span> <span class='ocrx_word' id='word_1_586' title='bbox 2940 3899 3186 3967; x_wconf 76' lang='lat' dir='ltr'><strong>indignos</strong></span> <span class='ocrx_word' id='word_1_587' title='bbox 3240 3912 3311 3952; x_wconf 78' lang='lat' dir='ltr'><strong>ex</strong></span> 
     </span>
    </p>
   </div>
   <div class='ocr_carea' id='block_1_87' title="bbox 1767 3983 3303 4056">
    <p class='ocr_par' dir='ltr' id='par_1_87' title="bbox 1767 3983 3303 4056">
     <span class='ocr_line' id='line_1_87' title="bbox 1767 3983 3303 4056; baseline 0.001 -21"><span class='ocrx_word' id='word_1_588' title='bbox 1767 3995 1829 4035; x_wconf 85' lang='lat' dir='ltr'><strong>ea</strong></span> <span class='ocrx_word' id='word_1_589' title='bbox 1850 3983 2149 4050; x_wconf 88' lang='lat' dir='ltr'><strong>ejicientes.</strong></span> <span class='ocrx_word' id='word_1_590' title='bbox 2171 3986 2343 4055; x_wconf 85' lang='lat' dir='ltr'><strong>Atque</strong></span> <span class='ocrx_word' id='word_1_591' title='bbox 2364 3987 2418 4039; x_wconf 90' lang='lat' dir='ltr'><strong>in</strong></span> <span class='ocrx_word' id='word_1_592' title='bbox 2449 3997 2719 4056; x_wconf 89' lang='lat' dir='ltr'><strong>posterum</strong></span> <span class='ocrx_word' id='word_1_593' title='bbox 2746 3989 3043 4042; x_wconf 77' lang='lat' dir='ltr'><strong>examinate</strong></span> <span class='ocrx_word' id='word_1_594' title='bbox 3070 3987 3303 4054; x_wconf 84' lang='lat' dir='ltr'><strong>quidem,</strong></span> 
     </span>
    </p>
   </div>
   <div class='ocr_carea' id='block_1_88' title="bbox 1768 4070 3306 4145">
    <p class='ocr_par' dir='ltr' id='par_1_88' title="bbox 1768 4070 3306 4145">
     <span class='ocr_line' id='line_1_88' title="bbox 1768 4070 3306 4145; baseline 0.003 -21"><span class='ocrx_word' id='word_1_595' title='bbox 1768 4070 1862 4138; x_wconf 85' lang='lat' dir='ltr'><strong>qui</strong></span> <span class='ocrx_word' id='word_1_596' title='bbox 1903 4071 2051 4142; x_wconf 81' lang='lat' dir='ltr'><strong>digni</strong></span> <span class='ocrx_word' id='word_1_597' title='bbox 2089 4076 2232 4141; x_wconf 88' lang='lat' dir='ltr'><strong>sint,</strong></span> <span class='ocrx_word' id='word_1_598' title='bbox 2270 4085 2322 4130; x_wconf 92' lang='lat' dir='ltr'><strong>et</strong></span> <span class='ocrx_word' id='word_1_599' title='bbox 2358 4092 2453 4130; x_wconf 90' lang='lat' dir='ltr'><strong>eos</strong></span> <span class='ocrx_word' id='word_1_600' title='bbox 2500 4077 2762 4131; x_wconf 84' lang='lat' dir='ltr'><strong>admittite</strong></span> <span class='ocrx_word' id='word_1_601' title='bbox 2803 4095 2816 4130; x_wconf 92' lang='lat'><strong>:</strong></span> <span class='ocrx_word' id='word_1_602' title='bbox 2857 4078 2950 4132; x_wconf 89' lang='lat' dir='ltr'><strong>sed</strong></span> <span class='ocrx_word' id='word_1_603' title='bbox 3001 4078 3149 4145; x_wconf 86' lang='lat' dir='ltr'><strong>prius</strong></span> <span class='ocrx_word' id='word_1_604' title='bbox 3200 4089 3306 4129; x_wconf 86' lang='lat' dir='ltr'><strong>non</strong></span> 
     </span>
    </p>
   </div>
   <div class='ocr_carea' id='block_1_89' title="bbox 1771 4160 3310 4232">
    <p class='ocr_par' dir='ltr' id='par_1_89' title="bbox 1771 4160 3310 4232">
     <span class='ocr_line' id='line_1_89' title="bbox 1771 4160 3310 4232; baseline 0.004 -22"><span class='ocrx_word' id='word_1_605' title='bbox 1771 4160 2049 4224; x_wconf 88' lang='lat' dir='ltr'><strong>ascribite,</strong></span> <span class='ocrx_word' id='word_1_606' title='bbox 2083 4178 2242 4231; x_wconf 86' lang='lat' dir='ltr'><strong>quam</strong></span> <span class='ocrx_word' id='word_1_607' title='bbox 2276 4163 2342 4216; x_wconf 92' lang='lat' dir='ltr'><strong>ad</strong></span> <span class='ocrx_word' id='word_1_608' title='bbox 2380 4178 2481 4219; x_wconf 89' lang='lat' dir='ltr'><strong>nos</strong></span> <span class='ocrx_word' id='word_1_609' title='bbox 2510 4166 2837 4232; x_wconf 88' lang='lat' dir='ltr'><strong>retuleritis;</strong></span> <span class='ocrx_word' id='word_1_610' title='bbox 2874 4174 2965 4219; x_wconf 90' lang='lat' dir='ltr'><strong>aut</strong></span> <span class='ocrx_word' id='word_1_611' title='bbox 2993 4166 3180 4219; x_wconf 89' lang='lat' dir='ltr'><strong>scitote</strong></span> <span class='ocrx_word' id='word_1_612' title='bbox 3209 4164 3310 4216; x_wconf 87' lang='lat' dir='ltr'><strong>lai-</strong></span> 
     </span>
    </p>
   </div>
   <div class='ocr_carea' id='block_1_90' title="bbox 1777 4249 3307 4324">
    <p class='ocr_par' dir='ltr' id='par_1_90' title="bbox 1777 4249 3307 4324">
     <span class='ocr_line' id='line_1_90' title="bbox 1777 4249 3307 4324; baseline 0.006 -24"><span class='ocrx_word' id='word_1_613' title='bbox 1777 4261 1898 4301; x_wconf 92' lang='lat' dir='ltr'><strong>cum</strong></span> <span class='ocrx_word' id='word_1_614' title='bbox 1927 4249 2166 4304; x_wconf 80' lang='lat' dir='ltr'><strong>futurum</strong></span> <span class='ocrx_word' id='word_1_615' title='bbox 2192 4266 2333 4314; x_wconf 89' lang='lat' dir='ltr'><strong>esse,</strong></span> <span class='ocrx_word' id='word_1_616' title='bbox 2364 4254 2454 4321; x_wconf 83' lang='lat' dir='ltr'><strong>qui</strong></span> <span class='ocrx_word' id='word_1_617' title='bbox 2484 4254 2599 4309; x_wconf 88' lang='lat' dir='ltr'><strong>sine</strong></span> <span class='ocrx_word' id='word_1_618' title='bbox 2629 4265 2817 4309; x_wconf 88' lang='lat' dir='ltr'><strong>nostro</strong></span> <span class='ocrx_word' id='word_1_619' title='bbox 2840 4255 3043 4324; x_wconf 89' lang='lat' dir='ltr'><strong>judicio</strong></span> <span class='ocrx_word' id='word_1_620' title='bbox 3066 4256 3118 4308; x_wconf 92' lang='lat' dir='ltr'><strong>in</strong></span> <span class='ocrx_word' id='word_1_621' title='bbox 3150 4254 3307 4309; x_wconf 86' lang='lat' dir='ltr'><strong>mini-</strong></span> 
     </span>
    </p>
   </div>
   <div class='ocr_carea' id='block_1_91' title="bbox 1774 4340 2495 4397">
    <p class='ocr_par' dir='ltr' id='par_1_91' title="bbox 1774 4340 2495 4397">
     <span class='ocr_line' id='line_1_91' title="bbox 1774 4340 2495 4397; baseline 0.008 -6"><span class='ocrx_word' id='word_1_622' title='bbox 1774 4340 1995 4392; x_wconf 86' lang='lat' dir='ltr'><strong>sterium</strong></span> <span class='ocrx_word' id='word_1_623' title='bbox 2022 4340 2182 4394; x_wconf 81' lang='lat' dir='ltr'><strong>fuerit</strong></span> <span class='ocrx_word' id='word_1_624' title='bbox 2208 4342 2495 4397; x_wconf 88' lang='lat' dir='ltr'><strong>admissus.</strong></span> 
     </span>
    </p>
   </div>
   <div class='ocr_carea' id='block_1_92' title="bbox 127 4404 3304 4507">
    <p class='ocr_par' dir='ltr' id='par_1_92' title="bbox 127 4404 3304 4507">
     <span class='ocr_line' id='line_1_92' title="bbox 127 4404 3304 4507; baseline 0.014 -52"><span class='ocrx_word' id='word_1_625' title='bbox 127 4404 403 4507; x_wconf 74' lang='grc' dir='ltr'><strong>ἀριθμεῖτε</strong></span> <span class='ocrx_word' id='word_1_626' title='bbox 436 4409 490 4462; x_wconf 77' lang='grc' dir='ltr'><strong>δὲ</strong></span> <span class='ocrx_word' id='word_1_627' title='bbox 520 4413 645 4507; x_wconf 62' lang='grc' dir='ltr'><strong>πρίν</strong></span> <span class='ocrx_word' id='word_1_628' title='bbox 688 4415 767 4507; x_wconf 84' lang='grc' dir='ltr'><strong>είς</strong></span> <span class='ocrx_word' id='word_1_629' title='bbox 803 4417 945 4485; x_wconf 77' lang='grc' dir='ltr'><strong>ἡμᾶς</strong></span> <span class='ocrx_word' id='word_1_630' title='bbox 991 4420 1397 4488; x_wconf 77' lang='grc' dir='ltr'><strong>ὲπανενεγκεῖνο</strong></span> <span class='ocrx_word' id='word_1_631' title='bbox 1433 4422 1465 4490; x_wconf 82' lang='grc' dir='ltr'>ἢ</span> <span class='ocrx_word' id='word_1_632' title='bbox 1511 4425 1817 4496; x_wconf 83' lang='grc' dir='ltr'><strong>γινώσκετε,</strong></span> <span class='ocrx_word' id='word_1_633' title='bbox 1851 4434 1932 4485; x_wconf 80' lang='grc' dir='ltr'><strong>ὅτι</strong></span> <span class='ocrx_word' id='word_1_634' title='bbox 1996 4433 2177 4496; x_wconf 82' lang='grc' dir='ltr'><strong>λαὶκὸς</strong></span> <span class='ocrx_word' id='word_1_635' title='bbox 2212 4434 2361 4488; x_wconf 76' lang='grc' dir='ltr'><strong>ἔσται</strong></span> <span class='ocrx_word' id='word_1_636' title='bbox 2422 4438 2450 4488; x_wconf 84' lang='grc' dir='ltr'><strong>ὁ</strong></span> <span class='ocrx_word' id='word_1_637' title='bbox 2510 4438 2635 4489; x_wconf 83' lang='grc' dir='ltr'><strong>ἄνευ</strong></span> <span class='ocrx_word' id='word_1_638' title='bbox 2664 4438 2933 4507; x_wconf 78' lang='grc' dir='ltr'><strong>ἡμετέρας</strong></span> <span class='ocrx_word' id='word_1_639' title='bbox 2960 4437 3178 4507; x_wconf 82' lang='grc' dir='ltr'><strong>γνώμης</strong></span> <span class='ocrx_word' id='word_1_640' title='bbox 3225 4435 3304 4499; x_wconf 76' lang='grc' dir='ltr'><strong>εἰς</strong></span> 
     </span>
    </p>
   </div>
   <div class='ocr_carea' id='block_1_93' title="bbox 131 4499 820 4575">
    <p class='ocr_par' dir='ltr' id='par_1_93' title="bbox 131 4499 820 4575">
     <span class='ocr_line' id='line_1_93' title="bbox 131 4499 820 4575; baseline 0.01 -22"><span class='ocrx_word' id='word_1_641' title='bbox 131 4499 421 4569; x_wconf 82' lang='grc' dir='ltr'><strong>ῦπηρεσίαν</strong></span> <span class='ocrx_word' id='word_1_642' title='bbox 450 4504 820 4575; x_wconf 82' lang='grc' dir='ltr'><strong>παραδεχθείς.</strong></span> 
     </span>
    </p>
   </div>
   <div class='ocr_carea' id='block_1_94' title="bbox 179 4598 1691 4694">
    <p class='ocr_par' dir='ltr' id='par_1_94' title="bbox 179 4598 1666 4682">
     <span class='ocr_line' id='line_1_94' title="bbox 179 4598 1666 4682; baseline 0.011 -32"><span class='ocrx_word' id='word_1_643' title='bbox 179 4599 369 4652; x_wconf 80' lang='grc' dir='ltr'>ΒΔΛΣ.</span> <span class='ocrx_word' id='word_1_644' title='bbox 399 4600 552 4664; x_wconf 86' lang='grc' dir='ltr'><strong>Τίνες</strong></span> <span class='ocrx_word' id='word_1_645' title='bbox 578 4598 717 4672; x_wconf 79' lang='grc' dir='ltr'><strong>ἦσαν</strong></span> <span class='ocrx_word' id='word_1_646' title='bbox 744 4604 792 4656; x_wconf 86' lang='grc' dir='ltr'><strong>οί</strong></span> <span class='ocrx_word' id='word_1_647' title='bbox 814 4606 1241 4676; x_wconf 82' lang='grc' dir='ltr'><strong>χωρεπίσκοποι,</strong></span> <span class='ocrx_word' id='word_1_648' title='bbox 1268 4610 1362 4663; x_wconf 77' lang='grc' dir='ltr'><strong>καὶ</strong></span> <span class='ocrx_word' id='word_1_649' title='bbox 1381 4608 1501 4663; x_wconf 89' lang='grc' dir='ltr'><strong>τίνα</strong></span> <span class='ocrx_word' id='word_1_650' title='bbox 1522 4610 1666 4682; x_wconf 81' lang='grc' dir='ltr'><strong>εἶχον</strong></span> 
     </span>
    </p>
   </div>
   <div class='ocr_carea' id='block_1_95' title="bbox 1769 4598 3337 4694">
    <p class='ocr_par' dir='ltr' id='par_1_95' title="bbox 1844 4615 3337 4694">
     <span class='ocr_line' id='line_1_95' title="bbox 1844 4615 3337 4694; baseline 0.011 -26"><span class='ocrx_word' id='word_1_651' title='bbox 1844 4615 2038 4669; x_wconf 78' lang='lat' dir='ltr'><strong>BALS.</strong></span> <span class='ocrx_word' id='word_1_652' title='bbox 2069 4616 2297 4683; x_wconf 85' lang='lat' dir='ltr'><strong>Quinam</strong></span> <span class='ocrx_word' id='word_1_653' title='bbox 2327 4627 2484 4673; x_wconf 86' lang='lat' dir='ltr'><strong>erant</strong></span> <span class='ocrx_word' id='word_1_654' title='bbox 2530 4618 2937 4690; x_wconf 82' lang='lat' dir='ltr'><strong>chorepiseopi,</strong></span> <span class='ocrx_word' id='word_1_655' title='bbox 2985 4633 3041 4677; x_wconf 87' lang='lat' dir='ltr'><strong>et</strong></span> <span class='ocrx_word' id='word_1_656' title='bbox 3087 4640 3337 4694; x_wconf 84' lang='lat' dir='ltr'><strong>quaenam</strong></span> 
     </span>
    </p>
   </div>
   <div class='ocr_carea' id='block_1_96' title="bbox 106 4690 1666 4765">
    <p class='ocr_par' dir='ltr' id='par_1_96' title="bbox 106 4690 1666 4765">
     <span class='ocr_line' id='line_1_96' title="bbox 106 4690 1666 4765; baseline 0.008 -23"><span class='ocrx_word' id='word_1_657' title='bbox 106 4692 308 4753; x_wconf 81' lang='grc' dir='ltr'><strong>δὲκαια,</strong></span> <span class='ocrx_word' id='word_1_658' title='bbox 346 4690 559 4761; x_wconf 76' lang='grc' dir='ltr'><strong>εἴρηται</strong></span> <span class='ocrx_word' id='word_1_659' title='bbox 590 4693 670 4756; x_wconf 82' lang='grc' dir='ltr'><strong>εἰς</strong></span> <span class='ocrx_word' id='word_1_660' title='bbox 702 4693 795 4746; x_wconf 82' lang='grc' dir='ltr'><strong>τὸν</strong></span> <span class='ocrx_word' id='word_1_661' title='bbox 827 4695 889 4745; x_wconf 84' lang='grc' dir='ltr'><strong>ιδ’</strong></span> <span class='ocrx_word' id='word_1_662' title='bbox 921 4696 1117 4748; x_wconf 80' lang='grc' dir='ltr'><strong>κανόνα</strong></span> <span class='ocrx_word' id='word_1_663' title='bbox 1147 4697 1243 4765; x_wconf 82' lang='grc' dir='ltr'><strong>τῆς</strong></span> <span class='ocrx_word' id='word_1_664' title='bbox 1278 4700 1334 4750; x_wconf 81' lang='grc' dir='ltr'><strong>ὲν</strong></span> <span class='ocrx_word' id='word_1_665' title='bbox 1365 4698 1666 4754; x_wconf 85' lang='grc' dir='ltr'><strong>Νεοκαισα-</strong></span> 
     </span>
    </p>
   </div>
   <div class='ocr_carea' id='block_1_97' title="bbox 116 4780 1666 4863">
    <p class='ocr_par' dir='ltr' id='par_1_97' title="bbox 116 4780 1666 4863">
     <span class='ocr_line' id='line_1_97' title="bbox 116 4780 1666 4863; baseline 0.009 -32"><span class='ocrx_word' id='word_1_666' title='bbox 116 4780 235 4851; x_wconf 75' lang='grc' dir='ltr'><strong>ρεία</strong></span> <span class='ocrx_word' id='word_1_667' title='bbox 256 4781 484 4841; x_wconf 76' lang='grc' dir='ltr'><strong>συνόδου,</strong></span> <span class='ocrx_word' id='word_1_668' title='bbox 499 4784 592 4835; x_wconf 70' lang='grc' dir='ltr'><strong>καὶ</strong></span> <span class='ocrx_word' id='word_1_669' title='bbox 616 4785 695 4846; x_wconf 86' lang='grc' dir='ltr'><strong>είς</strong></span> <span class='ocrx_word' id='word_1_670' title='bbox 718 4784 808 4838; x_wconf 67' lang='grc' dir='ltr'><strong>τὸν</strong></span> <span class='ocrx_word' id='word_1_671' title='bbox 835 4784 896 4838; x_wconf 79' lang='grc' dir='ltr'><strong>ιδ’</strong></span> <span class='ocrx_word' id='word_1_672' title='bbox 916 4787 1117 4839; x_wconf 79' lang='grc' dir='ltr'><strong>κανόνα</strong></span> <span class='ocrx_word' id='word_1_673' title='bbox 1138 4788 1238 4855; x_wconf 80' lang='grc' dir='ltr'><strong>τῆς</strong></span> <span class='ocrx_word' id='word_1_674' title='bbox 1256 4790 1312 4839; x_wconf 83' lang='grc' dir='ltr'><strong>ὲν</strong></span> <span class='ocrx_word' id='word_1_675' title='bbox 1330 4790 1630 4863; x_wconf 77' lang='grc' dir='ltr'><strong>Ἀντιοχείᾳ</strong></span> <span class='ocrx_word' id='word_1_676' title='bbox 1652 4809 1666 4822; x_wconf 88' lang='grc'><strong>·</strong></span> 
     </span>
    </p>
   </div>
   <div class='ocr_carea' id='block_1_98' title="bbox 113 4870 1670 4953">
    <p class='ocr_par' dir='ltr' id='par_1_98' title="bbox 113 4870 1670 4953">
     <span class='ocr_line' id='line_1_98' title="bbox 113 4870 1670 4953; baseline 0.009 -31"><span class='ocrx_word' id='word_1_677' title='bbox 113 4872 202 4923; x_wconf 74' lang='grc' dir='ltr'><strong>καὶ</strong></span> <span class='ocrx_word' id='word_1_678' title='bbox 241 4870 321 4923; x_wconf 75' lang='grc' dir='ltr'><strong>διὰ</strong></span> <span class='ocrx_word' id='word_1_679' title='bbox 346 4871 504 4926; x_wconf 86' lang='grc' dir='ltr'><strong>τοῦτο</strong></span> <span class='ocrx_word' id='word_1_680' title='bbox 535 4875 766 4929; x_wconf 80' lang='grc' dir='ltr'><strong>ἐνταῦθα</strong></span> <span class='ocrx_word' id='word_1_681' title='bbox 802 4877 1054 4946; x_wconf 79' lang='grc' dir='ltr'><strong>περιττὸν</strong></span> <span class='ocrx_word' id='word_1_682' title='bbox 1090 4878 1338 4951; x_wconf 61' lang='grc' dir='ltr'><strong>ἐλογίσθη</strong></span> <span class='ocrx_word' id='word_1_683' title='bbox 1385 4899 1474 4949; x_wconf 88' lang='grc' dir='ltr'><strong>μοι</strong></span> <span class='ocrx_word' id='word_1_684' title='bbox 1509 4882 1670 4953; x_wconf 84' lang='grc' dir='ltr'><strong>χάριν</strong></span> 
     </span>
    </p>
   </div>
   <div class='ocr_carea' id='block_1_99' title="bbox 108 4960 1666 5043">
    <p class='ocr_par' dir='ltr' id='par_1_99' title="bbox 108 4960 1666 5043">
     <span class='ocr_line' id='line_1_99' title="bbox 108 4960 1666 5043; baseline 0.008 -31"><span class='ocrx_word' id='word_1_685' title='bbox 108 4960 221 5012; x_wconf 82' lang='grc' dir='ltr'><strong>τῶν</strong></span> <span class='ocrx_word' id='word_1_686' title='bbox 258 4961 428 5014; x_wconf 74' lang='grc' dir='ltr'><strong>αὐτῶν</strong></span> <span class='ocrx_word' id='word_1_687' title='bbox 470 4964 843 5032; x_wconf 78' lang='grc' dir='ltr'><strong>παλιλλογείν·</strong></span> <span class='ocrx_word' id='word_1_688' title='bbox 884 4966 978 5019; x_wconf 73' lang='grc' dir='ltr'><strong>καὶ</strong></span> <span class='ocrx_word' id='word_1_689' title='bbox 1027 4966 1228 5037; x_wconf 74' lang='grc' dir='ltr'><strong>μᾶλλον</strong></span> <span class='ocrx_word' id='word_1_690' title='bbox 1261 4971 1343 5021; x_wconf 81' lang='grc' dir='ltr'><strong>ὅτι</strong></span> <span class='ocrx_word' id='word_1_691' title='bbox 1386 4971 1454 5023; x_wconf 87' lang='grc' dir='ltr'><strong>τά</strong></span> <span class='ocrx_word' id='word_1_692' title='bbox 1498 4974 1554 5022; x_wconf 73' lang='grc' dir='ltr'><strong>ἐν</strong></span> <span class='ocrx_word' id='word_1_693' title='bbox 1602 4976 1666 5043; x_wconf 82' lang='grc' dir='ltr'><strong>τῇ</strong></span> 
     </span>
    </p>
   </div>
   <div class='ocr_carea' id='block_1_100' title="bbox 113 5050 1667 5132">
    <p class='ocr_par' dir='ltr' id='par_1_100' title="bbox 113 5050 1667 5132">
     <span class='ocr_line' id='line_1_100' title="bbox 113 5050 1667 5132; baseline 0.008 -29"><span class='ocrx_word' id='word_1_694' title='bbox 113 5050 355 5126; x_wconf 77' lang='grc' dir='ltr'><strong>παρούσῃ</strong></span> <span class='ocrx_word' id='word_1_695' title='bbox 403 5054 658 5125; x_wconf 71' lang='grc' dir='ltr'><strong>ἐπιστολῇ</strong></span> <span class='ocrx_word' id='word_1_696' title='bbox 710 5060 1072 5127; x_wconf 81' lang='grc' dir='ltr'><strong>περιεχόμενα</strong></span> <span class='ocrx_word' id='word_1_697' title='bbox 1122 5060 1285 5129; x_wconf 83' lang='grc' dir='ltr'><strong>χάριν</strong></span> <span class='ocrx_word' id='word_1_698' title='bbox 1336 5063 1443 5114; x_wconf 82' lang='grc' dir='ltr'><strong>τῶν</strong></span> <span class='ocrx_word' id='word_1_699' title='bbox 1493 5082 1667 5132; x_wconf 74' lang='grc' dir='ltr'><strong>χοιρε-</strong></span> 
     </span>
    </p>
   </div>
   <div class='ocr_carea' id='block_1_101' title="bbox 111 5139 1669 5223">
    <p class='ocr_par' dir='ltr' id='par_1_101' title="bbox 111 5139 1669 5223">
     <span class='ocr_line' id='line_1_101' title="bbox 111 5139 1669 5223; baseline 0.008 -30"><span class='ocrx_word' id='word_1_700' title='bbox 111 5139 387 5194; x_wconf 74' lang='grc' dir='ltr'><strong>πιτκόπων</strong></span> <span class='ocrx_word' id='word_1_701' title='bbox 421 5144 720 5214; x_wconf 76' lang='grc' dir='ltr'><strong>ἐσχόλασαν</strong></span> <span class='ocrx_word' id='word_1_702' title='bbox 748 5148 1029 5212; x_wconf 82' lang='grc' dir='ltr'><strong>παντελῶς</strong></span> <span class='ocrx_word' id='word_1_703' title='bbox 1052 5190 1067 5212; x_wconf 91' lang='grc'><strong>,</strong></span> <span class='ocrx_word' id='word_1_704' title='bbox 1099 5151 1191 5202; x_wconf 80' lang='grc' dir='ltr'><strong>καὶ</strong></span> <span class='ocrx_word' id='word_1_705' title='bbox 1228 5152 1426 5214; x_wconf 86' lang='grc' dir='ltr'><strong>πάντες</strong></span> <span class='ocrx_word' id='word_1_706' title='bbox 1456 5155 1503 5205; x_wconf 89' lang='lat' dir='ltr'><strong>0i</strong></span> <span class='ocrx_word' id='word_1_707' title='bbox 1540 5154 1669 5223; x_wconf 83' lang='grc' dir='ltr'><strong>κλη-</strong></span> 
     </span>
    </p>
   </div>
   <div class='ocr_carea' id='block_1_102' title="bbox 117 5231 1666 5314">
    <p class='ocr_par' dir='ltr' id='par_1_102' title="bbox 117 5231 1666 5314">
     <span class='ocr_line' id='line_1_102' title="bbox 117 5231 1666 5314; baseline 0.01 -31"><span class='ocrx_word' id='word_1_708' title='bbox 117 5231 254 5302; x_wconf 79' lang='grc' dir='ltr'><strong>ρικοὶ</strong></span> <span class='ocrx_word' id='word_1_709' title='bbox 284 5234 428 5302; x_wconf 83' lang='grc' dir='ltr'><strong>παρά</strong></span> <span class='ocrx_word' id='word_1_710' title='bbox 456 5235 564 5289; x_wconf 88' lang='grc' dir='ltr'><strong>τῶν</strong></span> <span class='ocrx_word' id='word_1_711' title='bbox 589 5237 901 5292; x_wconf 66' lang='grc' dir='ltr'><strong>ἐπισκόπων</strong></span> <span class='ocrx_word' id='word_1_712' title='bbox 931 5241 1171 5308; x_wconf 85' lang='grc' dir='ltr'><strong>γίνονται</strong></span> <span class='ocrx_word' id='word_1_713' title='bbox 1208 5246 1347 5297; x_wconf 80' lang='grc' dir='ltr'><strong>κατὰ</strong></span> <span class='ocrx_word' id='word_1_714' title='bbox 1381 5245 1547 5314; x_wconf 84' lang='grc' dir='ltr'><strong>μόνην</strong></span> <span class='ocrx_word' id='word_1_715' title='bbox 1580 5248 1666 5298; x_wconf 82' lang='grc' dir='ltr'><strong>δο-</strong></span> 
     </span>
    </p>
   </div>
   <div class='ocr_carea' id='block_1_103' title="bbox 116 5324 595 5395">
    <p class='ocr_par' dir='ltr' id='par_1_103' title="bbox 116 5324 595 5395">
     <span class='ocr_line' id='line_1_103' title="bbox 116 5324 595 5395; baseline 0.015 -17"><span class='ocrx_word' id='word_1_716' title='bbox 116 5324 363 5395; x_wconf 72' lang='grc' dir='ltr'><strong>κιμασίαν</strong></span> <span class='ocrx_word' id='word_1_717' title='bbox 392 5326 595 5385; x_wconf 81' lang='grc' dir='ltr'><strong>αὐτῶν.</strong></span> 
     </span>
    </p>
   </div>
   <div class='ocr_carea' id='block_1_104' title="bbox 187 5421 1672 5497">
    <p class='ocr_par' dir='ltr' id='par_1_104' title="bbox 187 5421 1672 5497">
     <span class='ocr_line' id='line_1_104' title="bbox 187 5421 1672 5497; baseline 0.005 -22"><span class='ocrx_word' id='word_1_718' title='bbox 187 5421 417 5491; x_wconf 68' lang='grc' dir='ltr'><strong>ΖΩΝΑΡ,</strong></span> <span class='ocrx_word' id='word_1_719' title='bbox 452 5425 702 5479; x_wconf 66' lang='lat' dir='ltr'><strong>sinam</strong></span> <span class='ocrx_word' id='word_1_720' title='bbox 732 5428 808 5497; x_wconf 81' lang='grc' dir='ltr'><strong>(α)</strong></span> <span class='ocrx_word' id='word_1_721' title='bbox 840 5428 867 5481; x_wconf 80' lang='grc' dir='ltr'>ὁ</span> <span class='ocrx_word' id='word_1_722' title='bbox 896 5429 1065 5497; x_wconf 81' lang='grc' dir='ltr'><strong>μέγας</strong></span> <span class='ocrx_word' id='word_1_723' title='bbox 1089 5428 1364 5492; x_wconf 82' lang='grc' dir='ltr'><strong>Βασίλειος</strong></span> <span class='ocrx_word' id='word_1_724' title='bbox 1394 5432 1518 5492; x_wconf 67' lang='grc' dir='ltr'><strong>τοὺς</strong></span> <span class='ocrx_word' id='word_1_725' title='bbox 1545 5432 1672 5483; x_wconf 74' lang='grc' dir='ltr'><strong>ὑπο-</strong></span> 
     </span>
    </p>
   </div>
   <div class='ocr_carea' id='block_1_105' title="bbox 123 5516 1672 5589">
    <p class='ocr_par' dir='ltr' id='par_1_105' title="bbox 123 5516 1672 5589">
     <span class='ocr_line' id='line_1_105' title="bbox 123 5516 1672 5589; baseline 0.004 -20"><span class='ocrx_word' id='word_1_726' title='bbox 123 5517 389 5585; x_wconf 71' lang='grc' dir='ltr'><strong>κειμένους</strong></span> <span class='ocrx_word' id='word_1_727' title='bbox 433 5516 581 5588; x_wconf 80' lang='grc' dir='ltr'><strong>αύτῴ</strong></span> <span class='ocrx_word' id='word_1_728' title='bbox 630 5521 1100 5589; x_wconf 80' lang='grc' dir='ltr'><strong>χωρεπισκόπους,</strong></span> <span class='ocrx_word' id='word_1_729' title='bbox 1147 5521 1222 5585; x_wconf 75' lang='grc' dir='ltr'><strong>ὡς</strong></span> <span class='ocrx_word' id='word_1_730' title='bbox 1280 5521 1402 5575; x_wconf 83' lang='grc' dir='ltr'><strong>καθ’</strong></span> <span class='ocrx_word' id='word_1_731' title='bbox 1443 5523 1672 5587; x_wconf 78' lang='grc' dir='ltr'><strong>ἑαυτοὺς</strong></span> 
     </span>
    </p>
   </div>
   <div class='ocr_carea' id='block_1_106' title="bbox 193 5631 627 5700">
    <p class='ocr_par' dir='ltr' id='par_1_106' title="bbox 193 5631 627 5700">
     <span class='ocr_line' id='line_1_106' title="bbox 193 5631 627 5700; baseline 0.009 -13"><span class='ocrx_word' id='word_1_732' title='bbox 193 5633 208 5665; x_wconf 73' lang='grc'><strong>⁸</strong></span> <span class='ocrx_word' id='word_1_733' title='bbox 236 5631 388 5689; x_wconf 79' lang='lat' dir='ltr'><strong>Hebr.</strong></span> <span class='ocrx_word' id='word_1_734' title='bbox 422 5650 519 5700; x_wconf 82' lang='lat' dir='ltr'><strong>xu,</strong></span> <span class='ocrx_word' id='word_1_735' title='bbox 541 5636 627 5691; x_wconf 72' lang='lat' dir='ltr'><strong>l4.</strong></span> 
     </span>
    </p>
   </div>
   <div class='ocr_carea' id='block_1_107' title="bbox 1766 4708 3335 4789">
    <p class='ocr_par' dir='ltr' id='par_1_107' title="bbox 1766 4708 3335 4789">
     <span class='ocr_line' id='line_1_107' title="bbox 1766 4708 3335 4789; baseline 0.011 -31"><span class='ocrx_word' id='word_1_736' title='bbox 1766 4708 1891 4775; x_wconf 86' lang='lat' dir='ltr'><strong>jura</strong></span> <span class='ocrx_word' id='word_1_737' title='bbox 1920 4708 2184 4763; x_wconf 88' lang='lat' dir='ltr'><strong>habebant</strong></span> <span class='ocrx_word' id='word_1_738' title='bbox 2216 4750 2231 4773; x_wconf 92' lang='lat'><strong>,</strong></span> <span class='ocrx_word' id='word_1_739' title='bbox 2279 4710 2479 4763; x_wconf 86' lang='lat' dir='ltr'><strong>dictum</strong></span> <span class='ocrx_word' id='word_1_740' title='bbox 2522 4722 2606 4766; x_wconf 85' lang='lat' dir='ltr'><strong>est</strong></span> <span class='ocrx_word' id='word_1_741' title='bbox 2654 4714 2707 4766; x_wconf 90' lang='lat' dir='ltr'><strong>in</strong></span> <span class='ocrx_word' id='word_1_742' title='bbox 2760 4728 2968 4768; x_wconf 87' lang='lat' dir='ltr'><strong>canone</strong></span> <span class='ocrx_word' id='word_1_743' title='bbox 3027 4715 3092 4769; x_wconf 72' lang='grc' dir='ltr'><strong>ιι</strong></span> <span class='ocrx_word' id='word_1_744' title='bbox 3148 4720 3335 4789; x_wconf 81' lang='lat' dir='ltr'><strong>synodi</strong></span> 
     </span>
    </p>
   </div>
   <div class='ocr_carea' id='block_1_108' title="bbox 1770 4800 3338 4881">
    <p class='ocr_par' dir='ltr' id='par_1_108' title="bbox 1770 4800 3338 4881">
     <span class='ocr_line' id='line_1_108' title="bbox 1770 4800 3338 4881; baseline 0.01 -27"><span class='ocrx_word' id='word_1_745' title='bbox 1770 4800 2190 4858; x_wconf 68' lang='lat' dir='ltr'><strong>Neocaesarianai</strong></span> <span class='ocrx_word' id='word_1_746' title='bbox 2216 4814 2272 4859; x_wconf 91' lang='lat' dir='ltr'><strong>et</strong></span> <span class='ocrx_word' id='word_1_747' title='bbox 2310 4806 2365 4861; x_wconf 89' lang='lat' dir='ltr'><strong>in</strong></span> <span class='ocrx_word' id='word_1_748' title='bbox 2397 4821 2519 4860; x_wconf 84' lang='lat' dir='ltr'><strong>can.</strong></span> <span class='ocrx_word' id='word_1_749' title='bbox 2561 4808 2628 4863; x_wconf 71' lang='lat'><strong>10</strong></span> <span class='ocrx_word' id='word_1_750' title='bbox 2669 4809 2919 4864; x_wconf 83' lang='lat' dir='ltr'><strong>Antioch.</strong></span> <span class='ocrx_word' id='word_1_751' title='bbox 2952 4826 3070 4881; x_wconf 83' lang='lat' dir='ltr'><strong>syn.</strong></span> <span class='ocrx_word' id='word_1_752' title='bbox 3117 4824 3170 4867; x_wconf 86' lang='lat' dir='ltr'><strong>et</strong></span> <span class='ocrx_word' id='word_1_753' title='bbox 3216 4813 3338 4868; x_wconf 88' lang='lat' dir='ltr'><strong>ideo</strong></span> 
     </span>
    </p>
   </div>
   <div class='ocr_carea' id='block_1_109' title="bbox 1771 4892 3331 4972">
    <p class='ocr_par' dir='ltr' id='par_1_109' title="bbox 1771 4892 3331 4972">
     <span class='ocr_line' id='line_1_109' title="bbox 1771 4892 3331 4972; baseline 0.01 -27"><span class='ocrx_word' id='word_1_754' title='bbox 1771 4892 1859 4947; x_wconf 89' lang='lat' dir='ltr'><strong>hic</strong></span> <span class='ocrx_word' id='word_1_755' title='bbox 1887 4893 2015 4949; x_wconf 84' lang='lat' dir='ltr'><strong>mihi</strong></span> <span class='ocrx_word' id='word_1_756' title='bbox 2044 4909 2500 4964; x_wconf 79' lang='lat' dir='ltr'><strong>supervacaneum</strong></span> <span class='ocrx_word' id='word_1_757' title='bbox 2536 4898 2704 4954; x_wconf 79' lang='lat' dir='ltr'><strong>visum</strong></span> <span class='ocrx_word' id='word_1_758' title='bbox 2738 4911 2822 4954; x_wconf 88' lang='lat' dir='ltr'><strong>est</strong></span> <span class='ocrx_word' id='word_1_759' title='bbox 2850 4901 3035 4956; x_wconf 87' lang='lat' dir='ltr'><strong>eadem</strong></span> <span class='ocrx_word' id='word_1_760' title='bbox 3072 4916 3331 4972; x_wconf 86' lang='lat' dir='ltr'><strong>repetere;</strong></span> 
     </span>
    </p>
   </div>
   <div class='ocr_carea' id='block_1_110' title="bbox 1770 4985 3340 5059">
    <p class='ocr_par' dir='ltr' id='par_1_110' title="bbox 1770 4985 3340 5059">
     <span class='ocr_line' id='line_1_110' title="bbox 1770 4985 3340 5059; baseline 0.008 -22"><span class='ocrx_word' id='word_1_761' title='bbox 1770 4993 1825 5037; x_wconf 89' lang='lat' dir='ltr'><strong>ct</strong></span> <span class='ocrx_word' id='word_1_762' title='bbox 1852 4998 1916 5038; x_wconf 91' lang='lat' dir='ltr'><strong>eo</strong></span> <span class='ocrx_word' id='word_1_763' title='bbox 1954 4985 2146 5054; x_wconf 80' lang='lat' dir='ltr'><strong>magis,</strong></span> <span class='ocrx_word' id='word_1_764' title='bbox 2176 4988 2344 5054; x_wconf 89' lang='lat' dir='ltr'><strong>quod,</strong></span> <span class='ocrx_word' id='word_1_765' title='bbox 2376 5002 2493 5056; x_wconf 65' lang='lat' dir='ltr'><strong>qua:</strong></span> <span class='ocrx_word' id='word_1_766' title='bbox 2530 4988 2583 5042; x_wconf 88' lang='lat' dir='ltr'><strong>in</strong></span> <span class='ocrx_word' id='word_1_767' title='bbox 2611 4992 2859 5059; x_wconf 75' lang='lat' dir='ltr'><strong>praesenti</strong></span> <span class='ocrx_word' id='word_1_768' title='bbox 2904 4993 3129 5058; x_wconf 68' lang='lat' dir='ltr'><strong>epistola</strong></span> <span class='ocrx_word' id='word_1_769' title='bbox 3164 4999 3340 5050; x_wconf 80' lang='lat' dir='ltr'><strong>conti-</strong></span> 
     </span>
    </p>
   </div>
   <div class='ocr_carea' id='block_1_111' title="bbox 1766 5078 3337 5151">
    <p class='ocr_par' dir='ltr' id='par_1_111' title="bbox 1766 5078 3337 5151">
     <span class='ocr_line' id='line_1_111' title="bbox 1766 5078 3337 5151; baseline 0.009 -23"><span class='ocrx_word' id='word_1_770' title='bbox 1766 5084 1962 5131; x_wconf 89' lang='lat' dir='ltr'><strong>nentur</strong></span> <span class='ocrx_word' id='word_1_771' title='bbox 1990 5078 2056 5130; x_wconf 87' lang='lat' dir='ltr'><strong>de</strong></span> <span class='ocrx_word' id='word_1_772' title='bbox 2096 5078 2539 5149; x_wconf 86' lang='lat' dir='ltr'><strong>chorepiscopis,</strong></span> <span class='ocrx_word' id='word_1_773' title='bbox 2582 5082 2801 5137; x_wconf 89' lang='lat' dir='ltr'><strong>omnino</strong></span> <span class='ocrx_word' id='word_1_774' title='bbox 2848 5083 3194 5139; x_wconf 82' lang='lat' dir='ltr'><strong>exoleverunt</strong></span> <span class='ocrx_word' id='word_1_775' title='bbox 3219 5126 3234 5151; x_wconf 92' lang='lat'><strong>,</strong></span> <span class='ocrx_word' id='word_1_776' title='bbox 3281 5096 3337 5143; x_wconf 76' lang='lat' dir='ltr'><strong>et</strong></span> 
     </span>
    </p>
   </div>
   <div class='ocr_carea' id='block_1_112' title="bbox 1768 5168 3337 5249">
    <p class='ocr_par' dir='ltr' id='par_1_112' title="bbox 1768 5168 3337 5249">
     <span class='ocr_line' id='line_1_112' title="bbox 1768 5168 3337 5249; baseline 0.009 -30"><span class='ocrx_word' id='word_1_777' title='bbox 1768 5181 1956 5222; x_wconf 87' lang='lat' dir='ltr'><strong>omnes</strong></span> <span class='ocrx_word' id='word_1_778' title='bbox 1985 5168 2163 5224; x_wconf 88' lang='lat' dir='ltr'><strong>clerici</strong></span> <span class='ocrx_word' id='word_1_779' title='bbox 2206 5170 2342 5224; x_wconf 79' lang='lat' dir='ltr'><strong>nunt</strong></span> <span class='ocrx_word' id='word_1_780' title='bbox 2371 5171 2439 5226; x_wconf 92' lang='lat' dir='ltr'><strong>ab</strong></span> <span class='ocrx_word' id='word_1_781' title='bbox 2460 5171 2723 5242; x_wconf 84' lang='lat' dir='ltr'><strong>episcopis</strong></span> <span class='ocrx_word' id='word_1_782' title='bbox 2751 5173 2861 5229; x_wconf 85' lang='lat' dir='ltr'><strong>sola</strong></span> <span class='ocrx_word' id='word_1_783' title='bbox 2913 5175 3150 5245; x_wconf 86' lang='lat' dir='ltr'><strong>ipsorum</strong></span> <span class='ocrx_word' id='word_1_784' title='bbox 3212 5194 3337 5249; x_wconf 88' lang='lat' dir='ltr'><strong>pro-</strong></span> 
     </span>
    </p>
   </div>
   <div class='ocr_carea' id='block_1_113' title="bbox 1768 5256 2004 5313">
    <p class='ocr_par' dir='ltr' id='par_1_113' title="bbox 1768 5256 2004 5313">
     <span class='ocr_line' id='line_1_113' title="bbox 1768 5256 2004 5313; baseline 0.013 -3"><span class='ocrx_word' id='word_1_785' title='bbox 1768 5256 2004 5313; x_wconf 86' lang='lat' dir='ltr'><strong>batione.</strong></span> 
     </span>
    </p>
   </div>
   <div class='ocr_carea' id='block_1_114' title="bbox 1845 5436 3330 5520">
    <p class='ocr_par' dir='ltr' id='par_1_114' title="bbox 1845 5436 3330 5520">
     <span class='ocr_line' id='line_1_114' title="bbox 1845 5436 3330 5520; baseline 0.012 -30"><span class='ocrx_word' id='word_1_786' title='bbox 1845 5436 2096 5493; x_wconf 80' lang='lat' dir='ltr'><strong>ZONAR.</strong></span> <span class='ocrx_word' id='word_1_787' title='bbox 2151 5440 2374 5515; x_wconf 65' lang='lat' dir='ltr'><strong>magnus</strong></span> <span class='ocrx_word' id='word_1_788' title='bbox 2446 5444 2675 5502; x_wconf 85' lang='lat' dir='ltr'><strong>Basilius</strong></span> <span class='ocrx_word' id='word_1_789' title='bbox 2741 5450 3160 5520; x_wconf 80' lang='lat' dir='ltr'><strong>ehorepiscopos</strong></span> <span class='ocrx_word' id='word_1_790' title='bbox 3227 5450 3330 5508; x_wconf 81' lang='lat' dir='ltr'><strong>sibi</strong></span> 
     </span>
    </p>
   </div>
   <div class='ocr_carea' id='block_1_115' title="bbox 1773 5528 3334 5611">
    <p class='ocr_par' dir='ltr' id='par_1_115' title="bbox 1773 5528 3334 5611">
     <span class='ocr_line' id='line_1_115' title="bbox 1773 5528 3334 5611; baseline 0.008 -29"><span class='ocrx_word' id='word_1_791' title='bbox 1773 5528 2044 5598; x_wconf 80' lang='lat' dir='ltr'><strong>subjectos</strong></span> <span class='ocrx_word' id='word_1_792' title='bbox 2080 5532 2443 5600; x_wconf 83' lang='lat' dir='ltr'><strong>reprehendit,</strong></span> <span class='ocrx_word' id='word_1_793' title='bbox 2473 5539 2617 5607; x_wconf 89' lang='lat' dir='ltr'><strong>quod</strong></span> <span class='ocrx_word' id='word_1_794' title='bbox 2644 5554 2740 5610; x_wconf 87' lang='lat' dir='ltr'><strong>per</strong></span> <span class='ocrx_word' id='word_1_795' title='bbox 2777 5541 2985 5611; x_wconf 85' lang='lat' dir='ltr'><strong>seipsos</strong></span> <span class='ocrx_word' id='word_1_796' title='bbox 3033 5541 3334 5598; x_wconf 69' lang='lat' dir='ltr'><strong>toristitue-</strong></span> 
     </span>
    </p>
   </div>
   <div class='ocr_carea' id='block_1_116' title="bbox 186 5726 1871 5801">
    <p class='ocr_par' dir='ltr' id='par_1_116' title="bbox 186 5726 1871 5801">
     <span class='ocr_line' id='line_1_116' title="bbox 186 5726 1871 5801; baseline 0.006 -27"><span class='ocrx_word' id='word_1_797' title='bbox 186 5727 252 5789; x_wconf 77' lang='grc' dir='ltr'><strong>(ιι)</strong></span> <span class='ocrx_word' id='word_1_798' title='bbox 271 5727 402 5789; x_wconf 76' lang='grc' dir='ltr'><strong>Δριιά</strong></span> <span class='ocrx_word' id='word_1_799' title='bbox 421 5726 749 5794; x_wconf 76' lang='lat' dir='ltr'><strong>Beveregium</strong></span> <span class='ocrx_word' id='word_1_800' title='bbox 775 5732 821 5780; x_wconf 91' lang='lat' dir='ltr'><strong>in</strong></span> <span class='ocrx_word' id='word_1_801' title='bbox 848 5728 978 5801; x_wconf 82' lang='lat' dir='ltr'><strong>notis</strong></span> <span class='ocrx_word' id='word_1_802' title='bbox 1008 5742 1071 5781; x_wconf 82' lang='lat' dir='ltr'><strong>ex</strong></span> <span class='ocrx_word' id='word_1_803' title='bbox 1106 5730 1273 5781; x_wconf 88' lang='lat' dir='ltr'><strong>codice</strong></span> <span class='ocrx_word' id='word_1_804' title='bbox 1302 5729 1705 5784; x_wconf 72' lang='lat' dir='ltr'><strong>Amerbacbiano.</strong></span> <span class='ocrx_word' id='word_1_805' title='bbox 1737 5732 1871 5784; x_wconf 75' lang='lat' dir='ltr'><strong>Enr.</strong></span> 
     </span>
    </p>
   </div>
  </div>
