3946 6342
576 341 680 405 831

1841 342 2116 407 THEOD.
2149 344 2240 403 ΒΑ
2255 344 2554 404 LSAMON
3737 342 3814 404 FS!

585 433 690 486 rint
723 433 1094 499 ministros,et
1118 437 1560 492 consuetudinem
1595 437 1970 504 transiliertnt,
1993 453 2152 507 quam

2285 437 2635 498 εαθιστῶντας
2661 436 2961 507 ὑπηρέτας,
2992 435 3086 488 καὶ
3118 436 3218 504 τὴν
3245 433 3537 501 συνήθειαν
3568 431 3819 500 παραδεί-

588 525 897 583 obtinuisse
936 528 1096 593 dicit,
1121 539 1179 583 ut
1205 529 1278 584 illi
1315 545 1409 599 per
1444 531 1861 600 cliorepiscOpos
1919 529 2155 600 episcopi

585 621 854 675 sententia
885 620 1075 674 ﬂerent
1098 639 1112 675 :
1136 631 1191 678 et
1225 623 1276 676 in
1308 633 1579 690 posterum
1610 638 1843 678 canones
1867 622 2154 677 instaurari

577 711 748 778 jubet,
790 713 904 767 sive
935 723 1052 782 post
1112 715 1341 783 primam
1403 715 1748 786 ἐπινέμησιν.
1803 714 2161 785 Ἐπινέμησιν

585 809 761 852 autem
797 799 1142 857 indictionem
1193 812 1348 857 vocat
1381 820 1395 858 ι
1431 814 1480 858 et
1540 804 1690 873 ipsos
1717 804 1934 873 quidem
1969 804 2159 873 dignos

585 890 859 960 inquirere
890 902 944 947 et
977 897 1294 962 approbare,
1330 911 1431 948 non
1463 905 1640 950 autem
1688 912 1782 950 eos
1817 898 1866 950 in
1901 896 2046 949 clero
2071 910 2164 949 or-

592 982 802 1046 dinare,
832 984 936 1037 nisi
967 984 1030 1036 ad
1059 984 1230 1050 ipsum
1266 985 1411 1054 prius
1444 984 1680 1040 referam
1706 1025 1720 1046 .
1773 1001 1894 1054 quae
1942 986 2010 1040 ad
2069 999 2162 1040 eos

591 1080 854 1141 spectant.
891 1075 992 1128 Eos
1028 1083 1230 1139 autem,
1265 1077 1351 1145 qui
1391 1077 1469 1130 sic
1519 1093 1622 1130 non
1678 1078 2000 1131 ordinantur
2028 1117 2043 1142 ,
2095 1076 2160 1129 ad

587 1165 755 1220 laicos
777 1181 834 1221 se
869 1169 1216 1240 detrusurum
1244 1169 1621 1225 comminatur.
1649 1171 1837 1226 Utrum
1882 1172 2003 1227 talis
2060 1172 2162 1226 ita-

587 1266 692 1320 que
716 1262 843 1308 tunc
873 1257 1136 1324 temporis
1164 1259 1492 1310 consuetudo
1524 1258 1820 1322 obtinebat,
1898 1275 1980 1313 tne
2011 1262 2161 1315 latet.

591 1345 904 1413 llujusmodi
937 1359 1113 1400 autem
1151 1364 1321 1402 canon
1353 1350 1405 1402 in
1431 1351 1648 1417 synodis
1673 1365 1737 1404 eo
1766 1352 2164 1418 antiquioribus

597 1451 701 1490 non
734 1437 1043 1506 invenitur;
1083 1441 1176 1494 sed
1223 1444 1399 1510 potius
1439 1445 1676 1497 decimus
1741 1446 1924 1514 synodi
1975 1446 2166 1498 Antio-

593 1530 799 1596 clienaa,
839 1548 958 1598 qure
989 1544 1177 1588 sancto
1212 1536 1310 1588 hoc
1343 1534 1500 1588 Patre
1533 1535 1811 1601 antiquior
1849 1544 1928 1588 est
1954 1577 1968 1595 ,
1995 1551 2164 1589 canon

594 1620 993 1689 cliorepiscopis
1017 1634 1070 1677 et
1099 1625 1478 1681 subdiaconus.
1517 1626 1604 1693 qui
1641 1625 1869 1678 ministri
1895 1627 2055 1680 etiam
2088 1627 2170 1679 di-

599 1722 815 1778 cuntur,
846 1724 898 1768 et
933 1714 1161 1769 lectores
1196 1724 1248 1770 et
1284 1717 1583 1771 exoreistas
1620 1718 1951 1770 constituere
1981 1732 2171 1772 conre-

597 1806 707 1869 dit;
741 1806 984 1860 decernit
1018 1819 1194 1861 autem
1229 1825 1296 1863 ne
1335 1809 1631 1878 presbyteri
1662 1820 1716 1862 et
1743 1811 1950 1864 diaconi
1983 1826 2010 1863 a
2039 1812 2168 1865 ch0-

594 1895 1284 1965 repiseopisordinentur,
1331 1901 1432 1953 nisi
1476 1901 1710 1970 episcopi
1763 1903 2023 1955 sententia
2082 1904 2167 1956 cui

596 1985 978 2052 subjiciuntur.
1016 1988 1119 2042 Sed
1152 1990 1392 2045 decimus
1423 2001 1644 2059 quartus
1669 1993 1857 2062 synodi
1892 1991 2168 2046 Neocaesa-

599 2076 790 2131 riensis
837 2093 1006 2133 canon
1068 2082 1487 2151 chorepiscopos
1559 2092 1742 2154 typmn
1828 2086 2166 2154 septuaginta

600 2171 967 2240 apostolorum
991 2187 1179 2240 gerere
1220 2175 1370 2229 dicit.

2261 545 2473 598 νοντας,
2501 530 2567 600 ἠν
2591 529 2739 596 λέγει
2773 528 3068 597 κρατῆσαι,
3102 527 3243 580 ὥστε
3275 524 3470 596 γνώμῃ
3501 524 3600 578 τοῦ
3627 527 3824 579 ἐπισκό-

2262 638 2364 673 που
2394 620 2642 688 γίνεσθαι
2679 621 2830 688 παρὰ
2867 620 2974 672 τῶν
2999 619 3434 690 χωρεπισκόπων
3470 617 3711 683 αὐτοὺς,
3742 619 3820 670 καὶ

2262 713 2356 764 τοῦ
2389 711 2575 764 λοιποῦ
2609 712 2949 766 ἀνανεῶσθαι
2977 712 3103 772 τοὺς
3136 711 3369 773 κανόνας
3396 709 3648 772 ἀπαιτεῖ,
3677 709 3822 779 ἤγουν

2266 805 2404 872 μετά
2446 803 2543 872 τὴν
2588 803 2812 872 πρώτην
2842 803 3183 871 ἐπινέμησιν.
3241 801 3604 872 Ἑπινέμησιν
3649 799 3707 853 δέ
3745 799 3820 869 τὴν

2266 896 2498 947 ῐνδικτον
2579 894 2760 962 λέγει,
2817 895 2906 947 καὶ
2966 896 3160 956 αὐτοὺς
3219 895 3319 963 μὲν
3382 890 3670 957 ἐξετάζειν
3719 892 3822 945 τοὺς

2265 986 2470 1051 ἀξίους,
2497 987 2590 1037 καὶ
2621 986 3042 1057 παραδέχεσθαι,
3072 987 3147 1054 μὴ
3174 985 3534 1040 κατατάττειν
3555 985 3615 1038 δὲ
3644 983 3820 1047 aurei»;

2265 1078 2324 1130 ὲν
2353 1077 2431 1148 τῷ
2457 1078 2664 1147 κλήρῳ,
2701 1080 2747 1131 εί
2779 1077 2854 1148 μὴ
2883 1079 3205 1148 ἀναφέροιεν
3234 1079 3303 1130 τὰ
3336 1078 3459 1145 περὶ
3489 1075 3677 1130 αὐτῶν
3710 1074 3820 1144 πρὶς

2267 1171 2449 1224 αὐτόν.
2493 1170 2632 1233 Τοὺς
2663 1169 2718 1221 δὲ
2761 1169 2836 1239 μὴ
2882 1169 3027 1224 οὕτω
3056 1171 3463 1237 καταταγὲντας
3507 1168 3731 1222 ἀπειλεῖ
3763 1166 3823 1225 si;

2265 1263 2392 1326 τοὺς
2455 1262 2678 1324 λαῖκοὺς
2742 1261 3080 1325 ἐξωθεῖσθαι.
3141 1263 3198 1314 Et
3268 1262 3366 1326 μὲν
3424 1257 3519 1313 οὖν
3580 1259 3821 1327 συνήθεια

2269 1352 2491 1419 ἐκράτει
2515 1354 2637 1406 τότε
2663 1353 2908 1423 τοιαύτη,
2933 1354 3032 1407 οὐκ
3056 1352 3170 1406 οἴδα
3188 1369 3201 1382 ·
3227 1351 3408 1406 κανὼν
3433 1352 3488 1405 δὲ
3517 1351 3760 1412 τοιοῦτος
3780 1352 3823 1399 ἐν

2268 1448 2389 1506 ταῖς
2427 1445 2885 1514 προγενεστέραις
2915 1444 3129 1498 ἐκείνου
3166 1445 3403 1506 συνόδοις
3437 1443 3538 1512 οὐχ
3569 1441 3821 1511 εὓρηται·

2270 1539 2406 1591 ἀλλὰ.
2439 1540 2639 1607 μᾶλλον
2669 1541 2696 1592 ὁ
2729 1545 2794 1592 ια’
2826 1536 3003 1590 κανὼν
3032 1537 3133 1604 τῆς
3162 1538 3219 1588 ἐν
3262 1535 3564 1605 Ἀντιοχείᾳ
3599 1535 3824 1592 συνόδιυ,

2273 1631 2639 1697 παλαιοτέρας
2677 1629 2842 1697 οὔσης
2899 1628 2991 1682 τοῦ
3038 1628 3196 1695 ἁγίου
3247 1627 3461 1690 τούτου,
3500 1628 3693 1679 δίδωσι
3734 1623 3824 1682 τοῖς

2271 1722 2709 1792 χωρεπισκόποις
2733 1721 2826 1774 καὶ
2856 1719 3260 1783 ὑποδιακόνους,
3280 1718 3481 1778 οἵτινες
3511 1716 3609 1778 καὶ
3643 1718 3828 1781 ὑπηρε-

2273 1829 2364 1865 ται
2399 1810 2652 1877 λέγονται
2674 1849 2689 1873 ,
2731 1812 2823 1864 καὶ
2868 1807 3221 1876 ἀναγνώστας
3259 1807 3352 1860 καὶ
3383 1805 3716 1874 ἑφορκιστάς
3750 1821 3828 1855 ata-

2277 1901 2505 1973 Οιστᾷνο
2543 1903 2949 1972 πρεσϐυτέρους
2993 1902 3050 1954 δὲ
3095 1900 3192 1953 καὶ
3235 1899 3514 1960 διακόνους
3554 1896 3730 1967 ὁρίζει
3770 1894 3830 1962 μὴ

2276 1995 2600 2064 χειροτονεῖν
2632 1993 2758 2056 τοὺς
2788 1991 3261 2062 χωρεπισκόπους,
3315 1990 3365 2042 εἰ
3419 1991 3492 2060 μὴ
3517 1986 3715 2060 γνώμῃ
3754 1983 3827 2038 τοῦ

2276 2085 2576 2137 ἐπισκόπου
2620 2077 2664 2151 ᾧ
2711 2083 3045 2136 ὑπόκεινται.
3100 2084 3160 2136 Ὀ
3215 2082 3271 2136 δὲ
3336 2084 3396 2136 ιδ’
3454 2081 3551 2144 τῆς
3603 2083 3663 2134 ὲν
3712 2079 3828 2132 Neo-

2280 2176 2574 2246 καισαρεέᾳ
2621 2176 2838 2229 συνόδου
2881 2174 3064 2228 κανὼν
3111 2173 3284 2227 τύπον
3317 2175 3426 2227 τῶν
3466 2171 3505 2225 ο⁹
3537 2171 3827 2227 ἀποστόλων

2280 2270 2498 2338 ἐπέχειν
2541 2269 2995 2338 χωρεπισκόπους
3031 2267 3184 2337 φησι.

621 2464 3807 2495 Mm

1123 2869 1412 2955 ΠΡΟΣ
1477 2873 1766 2958 ΤΟΥΣ
1840 2861 2015 2959 ΥΦ’
2076 2871 2519 2958 ΕΑΥΤΟΝ
2590 2871 3320 2958 ΕΠΙΣΚΟΠΟΥΣ

1621 3055 1800 3109 Ὠστε
1821 3055 1906 3124 μὴ
1951 3056 2308 3124 χειροτονεῖν
2354 3057 2450 3110 ἐπὶ
2502 3056 2826 3124 χρήμασιν.

1915 3405 2056 3515 EJ
2081 3400 2538 3514 USDEM

1272 3651 1416 3737 AD
1497 3648 2132 3739 iCPlSCOPOS
2204 3651 2432 3737 SIBI
2513 3646 3174 3741 SUBJECTOS

1677 3849 1768 3911 Ne
1790 3857 2058 3925 propter
2093 3847 2390 3923 pecunias
2440 3847 2749 3908 ordinent.

1044 4100 1199 4171 145
1215 4105 1442 4162 ΟᾹΝΟΝ
1467 4103 1602 4160 XCI.

2881 4097 3117 4155 ΚΛΝΩΝ
3151 4097 3268 4166 ex.

693 4205 788 4261 Rei
839 4204 1135 4273 turpitudo,
1187 4203 1251 4254 de
1315 4215 1416 4269 qua
1465 4200 1662 4264 scribo,
1713 4197 1814 4252 hoc
1871 4197 1985 4267 ipso
2041 4196 2170 4264 quod

2355 4193 2428 4246 Τὸ
2483 4190 2580 4244 τοῦ
2655 4191 2978 4273 πράγματος
3055 4191 3280 4273 ἀοοπον,
3325 4189 3488 4273 Δ’περὶ⁸
3521 4185 3581 4273 οξ)
3641 4189 3822 4273 velis-oh

641 4295 692 4349 in
721 4293 1078 4359 suspicionem
1107 4286 1322 4339 omnino
1341 4283 1484 4336 venit
1513 4296 1575 4335 ac
1603 4293 1940 4342 sermonem,
1985 4278 2170 4331 dolore

639 4387 872 4437 animum
923 4394 1096 4433 meum
1128 4376 1408 4444 implevit:
1455 4374 1713 4425 hactenus
1760 4386 1889 4424 sane
1932 4370 2043 4423 visa
2091 4378 2172 4424 est

640 4474 767 4526 mihi
815 4468 1163 4524 incredibilis.
1217 4464 1367 4529 Quod
1416 4478 1544 4530 ergo
1593 4461 1657 4515 de
1705 4462 1790 4512 illa
1831 4461 2048 4523 scribo,
2081 4459 2171 4528 qui

642 4563 744 4617 sibi
787 4563 899 4630 ipse
940 4556 1191 4611 conscius
1231 4563 1343 4616 est,
1381 4551 1608 4618 accipiat
1653 4557 1710 4600 ut
1759 4547 2053 4610 medelam;
2083 4547 2173 4614 qui

644 4661 815 4704 autem
866 4664 971 4701 non
1023 4645 1310 4705 conscius,
1369 4648 1427 4692 ut
1485 4636 1979 4706 praemunitionem;
2016 4634 2176 4686 indif-

647 4745 821 4795 t'erens
851 4753 1012 4800 vero,
1063 4733 1200 4802 quod
1247 4730 1459 4799 quidem
1505 4728 1762 4795 deprecor
1815 4739 1880 4775 ne
1925 4723 1980 4775 in
2025 4723 2176 4777 vobis

647 4829 962 4897 reperiatur,
992 4835 1048 4877 ut
1078 4820 1504 4875 obtestationem.
1539 4813 1675 4878 Quid
1699 4821 1875 4865 autem
1907 4819 2008 4876 est,
2036 4810 2177 4878 quod

647 4914 804 4966 dico?
836 4912 1089 4964 Dicuntur
1119 4905 1356 4959 nonnulli
1396 4918 1458 4955 ex
1493 4901 1640 4954 vobis
1672 4901 1737 4952 ab
1791 4901 1855 4951 iis
1911 4899 1998 4967 qui
2031 4898 2176 4951 ordi-

650 5012 845 5053 nantur
866 5038 878 5061 ,
913 4997 1167 5067 pecunias
1199 4994 1438 5060 accipere
1466 5031 1478 5053 ,
1510 4991 1667 5056 idque
1715 4988 1926 5056 pietatis
1965 4987 2180 5040 nomine

651 5092 976 5146 inumbrarc.
1014 5085 1124 5139 lloc
1159 5091 1332 5136 autem
1369 5081 1518 5149 pejus
1565 5087 1664 5132 est.
1708 5078 1914 5132 Etenim
1969 5077 2016 5130 si
2059 5076 2181 5144 quis

651 5183 846 5236 malum
903 5179 1004 5233 sub
1057 5177 1232 5245 specie
1289 5173 1412 5226 boni
1469 5170 1712 5238 perlicit,
1771 5183 1925 5236 pmna
1981 5167 2182 5235 duplici

651 5278 843 5340 dignus
870 5277 979 5322 est:
1014 5265 1440 5336 quandoquidem
1465 5271 1517 5314 et
1547 5259 1688 5328 quod
1715 5274 1818 5312 non
1848 5265 2042 5310 bonum
2078 5268 2181 5317 est.

654 5361 800 5421 facit,
835 5367 886 5410 et
920 5357 1088 5406 utitur
1134 5355 1196 5407 ad
1240 5359 1512 5422 peceatum
1547 5347 1985 5400 connuittendum
2021 5349 2181 5405 bono.

655 5458 712 5500 ut
769 5451 838 5500 ita
891 5447 1093 5510 dicam,
1154 5443 1416 5509 adiutore.
1471 5438 1591 5490 llaec
1639 5437 1684 5490 si
1740 5438 1810 5488 ita
1863 5450 1920 5488 se
1969 5435 2184 5498 habent,

655 5540 906 5603 deinceps
960 5551 1063 5587 non
1122 5536 1286 5590 liam,
1339 5531 1430 5584 sed
1491 5527 1873 5581 emendentur:
1924 5525 2184 5592 siquidem

660 5643 876 5682 necesse
918 5635 999 5680 est
1035 5624 1211 5677 dicere
1261 5629 1536 5691 argentum
1584 5616 1898 5684 accipienti,
1951 5615 2088 5682 quod
2122 5617 2187 5667 ub

658 5718 916 5786 apostolis
955 5716 1152 5770 dictum
1185 5722 1261 5766 est
1294 5711 1338 5763 ei
1370 5749 1379 5772 ,
1426 5707 1514 5776 qui
1545 5707 1670 5760 dare
1701 5703 1904 5758 volebat
1932 5739 1944 5766 ,
1983 5710 2038 5756 ut
2071 5703 2184 5771 Spi-

2303 4279 2433 4332 διότι
2468 4275 2566 4345 μὲν
2740 4271 2873 4334 δλως
2897 4270 3220 4340 ὑπωπτεύθη
3255 4269 3350 4323 καὶ
3378 4269 3612 4340 ιλαλήΘη
3632 4307 3648 4332 ,
3676 4269 3825 4335 ὀδύνης

2305 4363 2587 4435 ἐπλήρωσὲ
2620 4380 2716 4433 μου
2751 4363 2849 4432 τὴν
2887 4362 3082 4430 ψυχήν·
3122 4361 3256 4421 τέως
3299 4359 3354 4411 δὲ
3392 4360 3562 4428 ἐφάνη
3610 4375 3696 4426 μοι
3732 4357 3826 4408 ἀιτι⁸

2306 4474 2447 4510 στον.
2483 4456 2556 4509 Τδ
2587 4451 2678 4508 οὖν
2719 4454 2845 4522 περὶ
2878 4451 3039 4505 αὑτοῦ
3069 4451 3302 4519 γράμμα
3328 4451 3356 4501 ὁ
3386 4451 3481 4518 μὲν
3515 4444 3827 4515 συνεγνωκὼς

2305 4546 2476 4615 ἑαυτῷ
2516 4545 2751 4608 δεξάσθω
2789 4544 2863 4604 ὡς
2903 4544 3058 4610 ἴαμα,
3108 4543 3132 4592 ό
3183 4540 3238 4592 δὲ
3285 4539 3358 4608 μὴ
3399 4537 3741 4606 συνεγνωκὼς
3771 4533 3825 4590 ὡς

2305 4635 2792 4706 προφυλακτήριονο
2820 4635 2847 4684 ὁ
2868 4632 2922 4683 δὲ
2955 4631 3260 4698 ἀδιάφορος,
3291 4629 3428 4696 ὅπερ
3449 4629 3744 4695 ἀπεύχομαι
3766 4623 3824 4685 ὲῗ

2306 4727 2429 4794 ὑμῖν
2486 4723 2791 4793 εὑρεθῆναι,
2835 4721 2911 4782 ὡς
2961 4717 3378 4788 διαμαρτυρίαν.
3434 4716 3497 4766 Τί
3552 4715 3608 4766 δέ
3652 4707 3825 4766 ἐστινό

2304 4815 2473 4882 λέγως
2509 4813 2645 4865 Φασί
2672 4829 2818 4874 τινας
3028 4807 3178 4877 ὑμῶν
3211 4807 3361 4877 παρά
3396 4804 3502 4856 τῶν
3535 4817 3826 4874 χειροτονου-

2308 4905 2478 4972 μένων
2523 4901 2814 4971 λαμόἁνειν
2860 4899 3130 4967 χρήματα·
3173 4894 3503 4957 ἐπισκιάζειν
3546 4893 3603 4944 δὲ
3639 4893 3822 4958 ὀνόματι

2305 4992 2595 5052 εὐσεϐείας.
2639 4989 2805 5040 Τοῦτο
2843 4988 2898 5039 δὲ
2940 4985 3113 5056 χεῖρόν
3151 4986 3314 5035 ἐστιν.
3356 4983 3481 5034 Ἐὰν
3523 4981 3632 5049 γάρ
3672 4996 3745 5038 τις
3782 4975 3823 5024 τὺ

2307 5083 2467 5134 κακὸν
2499 5082 2554 5132 ὲν
2579 5080 2918 5149 προσχήματι
2965 5075 3054 5128 τοῦ
3098 5073 3297 5141 ἀγαθοῦ
3337 5075 3483 5141 ποιῇ,
3522 5071 3822 5124 διπλασίονος

2303 5171 2565 5240 τιμωρίας
2598 5170 2739 5222 ἐστὶν
2779 5168 2944 5233 ἀξιος·
2987 5167 3118 5219 διότι
3155 5165 3283 5217 αὑτό
3317 5181 3376 5216 τε
3414 5164 3474 5216 τὸ
3512 5164 3613 5216 οὐκ
3660 5157 3822 5230 ἀγαθὸν

2304 5260 2605 5330 ἐργάζεται,
2647 5259 2739 5311 καὶ
2782 5259 3040 5326 κέχρηται
3087 5257 3164 5316 εἰς
3200 5253 3262 5309 τὸ
3301 5253 3516 5306 τελέσαι
3552 5254 3647 5323 τὴν
3680 5255 3820 5322 ἁμαρ·

2302 5352 2435 5408 τίαν,
2473 5349 2544 5411 ὡς
2576 5347 2638 5400 ἂν
2673 5347 2812 5398 εἴποι
2837 5362 2936 5408 τις,
2970 5345 3046 5414 τῷ
3068 5343 3216 5412 καλῷ
3377 5344 3640 5414 συνεργῷ.
3678 5340 3821 5396 Ταῦτα

2305 5437 2350 5484 εἰ
2382 5432 2548 5494 οὕτως
2577 5433 2708 5501 ἔχει,
2737 5431 2828 5483 τοῦ
2857 5430 3039 5482 λοιποῦ
3080 5432 3152 5500 μὴ
3186 5430 3438 5497 γινέσθω,
3473 5431 3608 5483 ἀλλὰ
3641 5428 3821 5500 διορθω-

2304 5523 2463 5591 οήτωο
2515 5523 2633 5573 ἐπεὶ
2672 5522 2878 5589 ἀνάγκη
2916 5521 3090 5586 λέγειν
3138 5519 3271 5590 πρὸς
3322 5520 3412 5572 τὸν
3458 5520 3737 5590 δεχόμενον
3777 5514 3818 5566 τὸ

2305 5612 2577 5680 ἀργύριον,
2617 5612 2749 5681 ὅπερ
2786 5610 2986 5680 ἐρρήθη
3035 5609 3180 5679 παρά
3221 5610 3328 5662 τῶν
3366 5611 3675 5664 ἀποστόλων
3719 5607 3818 5678 πρὸς

2304 5703 2391 5755 τὸν
2430 5700 2642 5754 Οέλοντα
2675 5700 2875 5765 δοῦναι,
2911 5701 2995 5752 ἵνα
3037 5699 3346 5764 Πνεύματος
3380 5699 3533 5768 ἁγίου
3568 5700 3815 5771 μετουσίαν
