3946 6342
67 359 234 426 833
1041 367 1119 427 ΙΝ
1162 369 1405 433 EPlST.
1447 373 1508 432 S.
1547 372 1625 432 BA

1774 373 1832 433 II
1865 374 1966 434 AD
1996 373 2419 437 EPISCOPOS.
3226 377 3328 442 834

75 492 431 565 ιῗ)νήσηται·
470 495 537 550 Τό
569 496 848 564 ἀργύριόν
881 510 995 549 σου
1023 497 1145 549 σὺν
1169 500 1265 552 σοι
1294 501 1386 566 ειη
1417 501 1501 565 εις
1525 498 1633 552 ἀπό

1791 499 1928 557 ritus
1973 499 2145 555 sancti
2180 498 2643 569 participationem
2685 506 2882 569 emeret
2921 515 2934 550 :
2975 495 3198 550 Pecunia
3233 509 3320 551 tua

77 562 320 633 ..ζειανᾷ
378 562 726 654 Κουφότεροςή
756 585 860 654 γὰρ
913 586 942 637 ὁ
989 583 1057 638 δι’
1083 587 1332 656 ἀπειριαν
1373 562 1635 657 ιῖδνή-σασθς

1789 607 1952 648 tecum
1989 594 2058 644 sit
2092 591 2145 643 in
2180 562 2532 656 perditi—onem
2587 585 2625 638 ‘.
2685 562 2816 638 Nam
2859 587 3028 640 levius
3063 587 3326 656 delinquit

81 667 352 740 Θέλωνῆ
381 671 408 721 ό
432 673 748 742 πιπράσκων
780 676 877 744 τὴν
918 674 1008 728 τοῦ
1041 677 1172 728 Θεοῦ
1211 677 1432 746 δωρεὰν.
1476 681 1639 748 Πρᾶσι

1791 684 1880 751 qui
1906 697 2013 751 prte
2049 680 2261 736 inscuia
2291 692 2470 732 emere
2501 676 2645 737 vult,
2674 691 2830 743 quam
2863 677 2953 744 qui
2998 676 3085 730 Dei
3127 680 3324 732 donum

79 757 241 828 γὰρ
283 761 510 826 ἐγένετοο
552 763 641 816 καὶ
675 763 705 812 ὃ
747 765 809 815 σὺ
844 765 1046 832 δωρεὰν
1079 765 1285 831 ἔλαϐες,
1330 767 1424 819 ἐὰν
1471 769 1637 837 πωλῇς

1791 770 1994 823 vendit.
2026 767 2275 821 Venditio
2301 768 2444 821 enim
2489 764 2629 818 facta
2664 775 2778 828 est;
2811 773 2864 817 et
2888 765 3029 832 quod
3070 774 3124 818 tu
3157 769 3323 835 gratis

82 847 330 900 ὡσανεὶ
490 853 830 919 πεπραμένος
861 853 937 921 τῷ
969 855 1195 923 Σατανᾷ,
1220 857 1558 927 ἀφαιρεθήσῃ
1584 875 1640 908 το

1791 854 2080 922 accepisti,
2113 853 2166 906 id
2195 854 2240 906 si
2274 851 2596 914 vendideris,
2627 852 3106 919 tauquamSatanee
3142 857 3292 907 vendi
3313 885 3325 894 -

80 937 478 1006 χαρίσματος.
525 941 833 1010 Καπηλείαν
882 943 986 1012 γὰρ
1022 945 1328 1010 ὲπεισάγεις
1355 949 1471 1007 τοῖς
1519 963 1638 998 πνει

1792 951 1879 996 tus
1923 942 2094 1009 gratia
2128 942 2423 1008 privabere.
2454 938 2587 991 Nam
2624 941 3005 1008 cauponariam
3032 941 3329 995 introtlucis

89 1029 410 1093 ματικοίς,
461 1030 552 1080 καὶ
611 1032 672 1099 τῇ
726 1028 1046 1102 Ἐκκλησία,
1094 1034 1218 1084 ἔνθα
1273 1036 1647 1104 πεπιστεύμεα

1794 1031 1848 1084 in
1876 1046 1964 1084 res
1996 1031 2325 1098 spirituales,
2358 1037 2411 1081 et
2450 1029 2503 1081 in
2545 1029 2715 1096 ipsam
2746 1029 3061 1093 Ecclesiam,
3091 1032 3179 1084 ubi
3211 1047 3327 1084 cor-

87 1112 289 1181 σῶμα
325 1115 412 1164 καὶ
455 1110 590 1183 αἷμα
629 1117 882 1185 Χριστοῦ.
921 1119 1100 1171 Ταῦτα
1145 1120 1284 1171 οὕτω
1332 1123 1572 1187 γίνεσθαι
1615 1141 1640 1174 ο

1794 1135 1894 1187 pus
1931 1126 1984 1170 et
2014 1119 2235 1186 sanguis
2267 1116 2468 1170 Christi
2498 1115 2807 1168 concredita
2839 1118 2993 1170 nobis
3030 1128 3174 1171 sunt.
3209 1119 3329 1172 Haec

81 1203 252 1272 χρή,
303 1204 366 1255 '0
391 1203 444 1254 δέ
477 1205 590 1255 ἐστι
622 1221 894 1273 τεχνασμα
915 1240 929 1266 ,
1083 1207 1244 1273 λέγω.
1277 1209 1570 1277 Νομίζουσι
1600 1229 1636 1278 μ

1795 1210 1863 1261 ita
1904 1208 2017 1262 fieri
2050 1224 2156 1262 non
2207 1213 2439 1275 oportet.
2481 1204 2649 1269 Quale
2697 1213 2874 1258 autem
2922 1208 2992 1259 sit
3023 1207 3328 1274 artificium,

88 1292 459 1361 ἁμαρτάνειν
501 1293 576 1361 τῷ
629 1293 700 1361 μή
747 1295 1174 1364 προλαμϐάνειν,
1215 1297 1348 1349 ἀλλὰ
1400 1299 1533 1366 μετὰ
1578 1301 1641 1369 τή

1795 1298 1989 1350 dicam.
2020 1297 2214 1348 Putant
2241 1311 2298 1348 se
2322 1295 2440 1347 ideo
2469 1309 2575 1346 non
2609 1308 2834 1362 peccare
2860 1333 2874 1357 ,
2903 1296 3043 1363 quod
3073 1311 3179 1349 non
3211 1307 3332 1349 ante

86 1383 455 1452 χειροτονίαν
484 1384 788 1453 λαμϐάνειν.
811 1385 1002 1437 Λαϐεἶν
1023 1385 1078 1437 δὲ
1099 1386 1240 1436 ἔστιν
1265 1387 1350 1437 ὅτε
1379 1387 1440 1453 δή
1469 1403 1592 1439 ποτε
1615 1405 1644 1440 τ

1795 1387 2094 1453 accipiant,
2147 1385 2238 1436 sed
2285 1394 2404 1450 post
2457 1385 2847 1436 ordinationem
2900 1387 3186 1455 accipiant.
3229 1388 3335 1439 Ac-

89 1469 330 1523 λαϐεῖν.
1795 1475 1973 1542 ciperc
2004 1480 2182 1525 autem
2236 1479 2317 1524 est
2351 1470 2782 1540 quandocunque
2817 1471 3080 1539 accipere.

279 1559 580 1628 Παρακαλῶ
610 1557 699 1613 οὗν
730 1562 928 1632 ταύτην
953 1564 1048 1631 τὴν
1079 1563 1331 1633 πρόσοδον
1351 1604 1364 1626 ,
1395 1565 1586 1634 μᾶλλον
1615 1567 1670 1618 δὲ

1952 1562 2098 1629 Rogo
2132 1561 2337 1629 itaque,
2386 1559 2614 1613 reditum
2641 1562 2812 1622 illum,
2843 1562 2948 1613 itno
2989 1563 3166 1629 potius
3194 1563 3331 1614 viam

86 1651 218 1719 τὴν
255 1653 608 1720 προσαγωγὴν
642 1653 734 1721 τήν
761 1654 851 1704 ἐπὶ
882 1653 1100 1718 γέενναν
1129 1655 1408 1706 ἀπόθεσθε·
1443 1657 1533 1706 καὶ
1570 1663 1641 1726 μή

1799 1647 1852 1700 ἰιι
1901 1649 2196 1714 gehennam
2255 1647 2538 1699 ducentem
2605 1646 2930 1713 relinquite,
2994 1662 3092 1700 nec
3146 1664 3334 1701 manus

86 1741 218 1802 τὰς
255 1743 438 1808 χεῖρας
476 1741 792 1809 μολύναντες
830 1741 1083 1803 τοιούτοις
1121 1743 1414 1812 λήμμασιν,
1447 1745 1644 1796 ἑαυτοὺε

1796 1734 2060 1802 ejusmodi
2097 1735 2409 1788 muneribus
2456 1737 2916 1797 contarninantes,
2954 1735 3201 1804 indignos
3242 1755 3335 1791 ros

87 1829 372 1893 ἀναξίους
395 1831 650 1897 ποιήσητε
677 1830 768 1880 τοῦ
790 1830 1049 1881 ἐπιτελεῖν
1075 1833 1212 1897 ἁγνὰ
1375 1833 1641 1900 μυστήρια

1797 1825 2058 1887 ellieiatis,
2093 1826 2181 1892 qui
2217 1825 2472 1894 mysteria
2517 1832 2702 1876 sancta
2739 1825 3037 1879 celebretis.
3073 1827 3335 1895 Ignoscite

89 1919 404 1984 Σύγγνωτε
442 1919 497 1969 δέ
536 1934 641 1986 μοι.
691 1919 907 1987 Πρῶτον
941 1920 1036 1986 μὲν
1074 1920 1146 1980 ὡς
1322 1917 1647 1986 ἀπιστήσας

1798 1925 1973 1967 autem
1997 1916 2147 1968 mihi.
2175 1914 2412 1967 Primum
2433 1915 2650 1982 quidem
2679 1922 2931 1982 tanquam
2959 1931 3064 1969 non
3089 1921 3333 1984 credens,

87 2003 241 2059 εἶτα
267 2008 340 2069 ὡς
358 2007 588 2068 πεισθεὶς
607 2007 829 2059 ἀπειλῶ.
866 2008 930 2059 Εἴ
953 2025 1030 2068 τις
1063 2008 1196 2076 μετὰ
1222 2008 1418 2076 ταύτην
1445 2025 1543 2076 μου
1566 2007 1645 2076 τὴς

1799 2005 1991 2058 deinde
2043 2015 2294 2074 tanquam
2340 2003 2496 2058 ﬁdem
2546 2005 2850 2068 adhibens,
2887 2007 3223 2060 interminor.
3281 2009 3335 2064 Si

91 2097 402 2164 ἐπιστολήν
454 2097 670 2165 πράξειε
721 2114 771 2148 τι
831 2097 1082 2159 τοιοῦτον,
1139 2098 1244 2148 τῶν
1299 2099 1394 2164 μὲν
1437 2096 1649 2148 ἐνταῦθα

1798 2095 1918 2161 quis
1944 2102 2063 2161 post
2092 2095 2229 2146 hanc
2270 2107 2442 2145 meam
2474 2094 2756 2161 epistolam
2788 2096 2890 2148 tale
2937 2097 3139 2164 aliquid
3168 2099 3339 2152 admi-

90 2182 513 2251 Θυσιαστηρίων
545 2184 882 2250 ἀναχωρήσει
925 2201 940 2215 ·
1079 2185 1298 2251 ζητήσει
1328 2183 1382 2234 δὲ
1413 2183 1540 2235 ἔνθα
1568 2184 1648 2246 τὴκ

1801 2185 1960 2246 serit,
1999 2183 2066 2234 ah
2098 2183 2181 2235 his
2215 2183 2428 2250 quidem
2462 2198 2581 2249 qua:
2614 2184 2700 2237 hic
2744 2193 2870 2237 sunt
2900 2185 3160 2240 altaribus
3192 2203 3338 2241 scce-

87 2268 208 2318 τοῦ
265 2268 397 2318 θεοῦ
456 2267 657 2336 δωρεὰν
716 2269 990 2338 ἀγοράζων
1045 2273 1376 2340 μεταπωλεῖν
1424 2274 1639 2326 δύναται

1801 2276 1918 2329 det:
1951 2287 2151 2341 quaeret
2202 2285 2375 2327 autem
2410 2273 2504 2326 ubi
2549 2272 2641 2326 Dei
2686 2276 2886 2326 donum
2932 2291 3115 2328 emens
3164 2275 3341 2326 denuo

110 2359 322 2427 Ἡμεῖς
365 2359 472 2428 γὰρ
517 2359 610 2412 καλ⁸
663 2360 715 2411 αἱ
767 2359 1081 2428 Ἐκκλησίαι
1127 2360 1218 2411 τοῦ
1261 2361 1390 2412 Θεοῦ
1417 2362 1663 2430 τοιαύτην

1799 2363 2085 2416 direudcre
2112 2371 2292 2430 queat.
2527 2364 2637 2418 Nos
2663 2365 2802 2416 enim
2837 2379 2900 2416 ac
2941 2363 3032 2417 Dei
3084 2363 3340 2416 Ecclesia:

99 2448 409 2516 συνήθειαν
445 2449 545 2501 οὐκ
580 2448 792 2518 ἔχομεν.
847 2450 940 2502 Ἐν
989 2450 1042 2500 δὲ
1075 2450 1324 2518 προσθεὶς
1371 2451 1657 2519 παύσομαι.

1799 2452 2238 2504 emsuetudiuem
2273 2452 2433 2504 talem
2468 2467 2574 2505 non
2607 2453 2886 2505 habemus.
2929 2453 3191 2506 Castorum
3237 2468 3341 2504 uno

100 2535 218 2586 Διὰ
254 2535 607 2606 φιλαργυρίαν
639 2537 843 2604 γίνεται
884 2537 1070 2589 ταῦτα.
1128 2537 1189 2590 'H
1230 2538 1285 2590 δὲ
1341 2540 1658 2609 φιλαργυρία

1800 2543 1980 2594 addito
2012 2542 2273 2596 desinam.
2306 2543 2528 2610 Propter
2559 2544 2833 2596 avaritiam
2870 2544 2969 2596 ista
3015 2545 3166 2595 ﬁunt.
3204 2543 3340 2595 Ava~

100 2626 215 2676 καὶ
250 2626 371 2695 ῥίζα
419 2628 628 2678 πάντων
666 2627 770 2678 τῶν
803 2629 984 2680 κακῶν
1033 2630 1165 2690 ἐστι,
1209 2630 1299 2680 καὶ
1347 2629 1658 2698 ὀνομάζεται

1800 2630 1922 2680 ritia
1971 2640 2147 2682 autem
2184 2638 2236 2683 et
2266 2629 2419 2683 radix
2460 2631 2721 2683 malorum
2754 2631 2991 2683 omnium
3019 2642 3099 2684 est
3123 2671 3135 2692 ,
3168 2641 3220 2683 et
3254 2647 3343 2682 ro-

100 2711 542 2780 εἰδωλολατρεία.
579 2713 668 2782 Μὴ
711 2709 801 2766 οὖν
831 2714 934 2783 πρὸ
965 2715 1058 2766 τοῦ
1097 2717 1328 2785 Χριστοῦ
1505 2719 1658 2786 τιμή-

1799 2728 1953 2771 catur
1986 2719 2306 2772 idololatria.
2437 2718 2614 2773 Nolite
2641 2720 2808 2788 igitur
2846 2720 3062 2773 Christo
3093 2721 3345 2787 praeferre

103 2819 254 2869 σήτε
303 2802 368 2853 τὰ
421 2803 611 2854 εἴδωλα
637 2802 724 2854 διὰ
768 2806 956 2873 μικρὸν
1006 2805 1295 2876 ἀργύριον·
1348 2808 1479 2876 μηδὲ
1507 2807 1661 2860 πάλιν

1800 2808 2090 2862 simulacra
2132 2807 2202 2860 ob
2238 2808 2506 2860 modicum
2543 2818 2857 2876 argentum;
2897 2825 2992 2862 nec
3027 2825 3216 2863 rursus
3251 2810 3346 2862 Ju-

101 2890 210 2940 τδν
261 2888 456 2940 Ἰούδαν
495 2889 822 2958 μιμήσησθε,
852 2892 1095 2961 λήμματι
1141 2895 1514 2964 παραδιδόντες
1545 2897 1659 2948 δεύ-

1799 2895 1919 2948 dam
1950 2896 2166 2956 imitari,
2203 2904 2440 2963 quaestus
2466 2910 2628 2948 causa
2667 2899 2857 2949 iterum
2893 2900 3166 2951 tradentes
3199 2915 3341 2958 eum,

100 2995 278 3046 τερον
309 2979 398 3030 τὸν
423 2978 562 3044 ἅπαξ
598 2981 736 3050 ὑπὲρ
779 2982 932 3051 ήμῶν
962 2984 1350 3054 σταυρωθέντα.
1399 2988 1545 3039 Ἐπεὶ
1571 2987 1658 3040 καὶ

1799 2983 1890 3051 qui
1943 2983 2105 3036 semel
2147 2998 2243 3050 pro
2289 2982 2444 3036 nobis
2497 2983 2787 3035 cruciﬁxus
2834 2993 2934 3036 est.
2992 2985 3242 3052 Aiit)qttitt
3296 2994 3349 3038 τι

102 3067 184 3120 τὰ
215 3068 386 3137 χωρία
433 3069 523 3119 καὶ
571 3069 626 3120 al
676 3072 850 3138 χεῖρες
882 3070 987 3124 τῶν
1027 3073 1148 3134 τοὺς
1185 3075 1423 3143 καρποὺς
1463 3075 1660 3129 τούτων

1801 3072 1914 3140 agri
1946 3080 1998 3124 et
2029 3084 2221 3123 manus
2251 3083 2436 3122 eorum
2461 3109 2475 3133 ,
2512 3070 2603 3138 qui
2637 3069 2732 3123 hos
2777 3069 2986 3123 fructus
3020 3073 3344 3139 percipiunt,

102 3155 422 3228 δεχομένων
461 3155 760 3226 Ἀκελδαμὰ
936 3142 1307 3230 κληθήσονται.

936 3142 1307 3230 κληθήσονται.
1710 3142 1753 3198 C
1798 3159 2084 3213 Aceldama
2112 3157 2470 3211 vocabuntur.

186 3265 382 3322 ΒΑΛΣ.
410 3263 533 3328 Πῶς
550 3263 864 3326 κολάζονται
884 3263 932 3315 oi
956 3263 1045 3315 ἐπὶ
1059 3264 1298 3332 χρήμασι
1320 3279 1401 3332 χει
1409 3263 1681 3332 ροτονοῦν-

1860 3267 2050 3321 BALS.
2105 3267 2377 3332 Quomodo
2433 3267 2723 3335 puniuntur
2770 3269 2861 3338 qui
2907 3273 3145 3338 pecuniis
3200 3275 3349 3327 ordi-

97 3377 206 3426 τις
241 3358 335 3414 καὶ
365 3353 852 3427 χειροτονούμενοι,
886 3351 1095 3424 ἐρρήθη
1124 3352 1455 3421 πλατύτερον
1479 3354 1556 3415 είς
1583 3353 1655 3419 τὴε

1788 3369 1917 3411 nant
1947 3370 1997 3412 et
2030 3361 2377 3422 ordinantur,
2406 3359 2459 3413 in
2495 3374 2615 3413 can.
2651 3360 2720 3415 29
2764 3370 3071 3415 sanctorum
3128 3379 3346 3432 aposto-

103 3452 416 3522 ἑρμηνείαν
449 3448 544 3501 τοῦ
590 3446 670 3499 κθ¹
708 3446 931 3507 κανόνος
971 3445 1079 3498 τῶν
1120 3444 1290 3512 ἁγίων
1326 3445 1642 3497 ἀποστόλων

1787 3451 1956 3503 lorum
1991 3451 2437 3519 interpretatione
2468 3449 2638 3505 fusius
2668 3450 2868 3506 dictum
2894 3463 2998 3517 est,
3029 3453 3080 3505 in
3117 3469 3236 3508 can.
3270 3459 3302 3508 ‘2
3329 3497 3344 3521 ,

104 3547 196 3606 είς
231 3543 323 3594 τὸν
362 3540 406 3611 β’
437 3537 639 3592 κανόνα
663 3536 762 3607 τῆς
785 3535 828 3590 δ’
859 3536 1100 3598 συνόδου,
1133 3537 1211 3598 είς
1250 3535 1340 3588 τὸν
1373 3535 1453 3604 κβ’
1485 3536 1662 3589 κανόνι

1788 3555 1900 3609 syu.
1934 3540 1987 3605 4,
2026 3541 2076 3593 in
2108 3539 2341 3602 cau.22,
2384 3556 2503 3610 syu.
2547 3541 2578 3593 6
2606 3551 2660 3594 et
2704 3541 2755 3594 in
2801 3543 2834 3595 3
2884 3552 2937 3597 et
2992 3544 3057 3596 l9
3109 3547 3346 3613 septima:

106 3637 218 3704 τῆς
251 3639 306 3695 ς’
334 3631 575 3692 συνόδου,
601 3629 694 3683 καὶ
722 3631 803 3692 είς
831 3628 922 3682 τὸν
949 3634 990 3679 ε’
1011 3627 1103 3680 καὶ
1127 3626 1192 3679 ιθ¹
1221 3627 1322 3695 τῆς
1356 3626 1402 3691 ζ’
1429 3628 1646 3680 συνόδου

1787 3647 1900 3702 syu.
1935 3642 1988 3686 et
2015 3633 2128 3702 lege
2157 3647 2252 3686 eos
2289 3647 2584 3701 eorumque
2641 3631 2802 3704 156
2848 3633 3345 3702 interpretationes.

107 3727 213 3779 καὶ
229 3722 497 3791 ἀνάγνωθι
523 3721 738 3782 τούτους
759 3722 850 3772 καὶ
873 3719 971 3783 τὰς
992 3719 1284 3790 ἑρμηνείας
1309 3719 1505 3773 αὐτῶν.
1531 3719 1665 3772 ’Ene'

1789 3724 2045 3789 Quoniam
2103 3733 2277 3778 autem
2313 3737 2549 3793 praesens
2600 3735 2813 3794 quoque
2857 3725 3121 3793 epistola,
3182 3739 3238 3779 ut
3293 3739 3347 3781 et

106 3817 169 3869 δὲ
202 3816 299 3868 καὶ
327 3819 360 3884 ή
390 3813 638 3884 παροῦσα
668 3810 923 3882 ἐπιστολὴ
947 3852 961 3877 ,
989 3811 1063 3873 ὡς
1096 3811 1193 3864 καὶ
1218 3813 1266 3863 oi
1299 3812 1522 3874 κανόνες
1544 3850 1560 3876 ,
1589 3829 1664 3864 κα·

1785 3829 2036 3875 canones.
2070 3815 2388 3883 depositioni
2421 3815 2662 3883 subiicit,
2697 3826 2800 3869 tarn
2832 3831 2924 3870 eos
2949 3819 3038 3884 qui
3069 3819 3343 3883 ordinant,

110 3907 362 3978 Θαιρέσει
386 3904 782 3959 καθυποϐάλλει
809 3903 933 3966 τοὺς
971 3901 1412 3972 χειροτονοῦντας
1439 3904 1535 3956 καὶ
1560 3905 1668 3965 τοὺς

1783 3922 1940 3974 quam
1972 3906 2062 3974 qui
2092 3909 2429 3969 ordinantur,
2461 3905 2722 3982 siveante
2741 3908 3131 3961 ordina:ionem
3179 3924 3341 3976 pecu-

111 3997 648 4071 χειροτονουμένους,
687 3994 786 4048 κᾶν
821 3993 926 4064 πρὸ
956 3995 1053 4063 τῆς
1084 3994 1418 4065 χειροτονίας
1449 3994 1669 4049 λάϐωσικ.

1785 3998 1900 4051 uias
1922 3997 2225 4064 acceperint
2252 3997 2331 4049 vel
2351 3995 2591 4049 dederint
2613 4012 2628 4059 ;
2653 3997 2764 4050 sive
2785 4009 2904 4065 post
2930 3998 3343 4053 ordinationem:

111 4097 148 4162 ἢ
179 4091 412 4147 δώσουσι
443 4090 724 4161 χρήματα,
757 4086 859 4139 κᾶν
891 4085 1029 4155 μετὰ
1059 4087 1156 4154 τὴν
1186 4088 1520 4155 χειροτονίαν
1547 4102 1564 4120 ο
1593 4087 1669 4137 σύ-

1785 4100 1834 4142 et
1861 4088 1975 4141 haec
2007 4098 2061 4141 et
2088 4087 2173 4139 lila
2200 4087 2484 4154 conjunge,
2506 4097 2558 4140 et
2592 4103 2685 4156 per
2713 4087 2948 4157 gladium
2983 4091 3226 4157 spiritus,
3253 4091 3343 4159 qui

118 4188 294 4256 ναψον
321 4183 494 4236 ταῦτα
521 4197 580 4233 τε
610 4182 860 4244 κάκεῖνα,
890 4180 984 4231 καὶ
1015 4178 1101 4232 διὰ
1133 4180 1232 4248 τῆς
1262 4183 1456 4249 νοητῆς
1487 4177 1676 4248 μαχαί·

1790 4178 2103 4247 iutelligitur
2130 4217 2145 4243 ,
2174 4177 2414 4230 avaritiae
2454 4177 2909 4246 perturbationem
2932 4218 2946 4241 ,
3003 4181 3177 4248 quoad
3233 4184 3348 4246 ejus

115 4298 224 4353 ρας
264 4277 357 4332 τοῦ
395 4274 707 4342 Πνεύματοις
740 4273 799 4324 τὸ
832 4273 929 4340 τῆς
967 4271 1327 4340 φιλαργυρίας
1369 4271 1535 4332 πάθος
1559 4313 1572 4334 ,
1609 4270 1673 4331 ὡς

1791 4270 1900 4324 Iieri
1928 4279 2120 4339 potest,
2152 4270 2405 4322 radicitus
2432 4269 2714 4322 exscinde.
2759 4270 2959 4322 Praedia
2991 4279 3191 4334 autem,
3229 4287 3349 4338 qua:

112 4329 668 4436 :;b;,dtioropqaov.
688 4329 783 4414 ’Τὰ
817 4329 1000 4428 μέντοι
1026 4329 1366 4428 ἐξωνοόμενα
1397 4329 1570 4427 χωρία
1596 4329 1670 4410 διό

1787 4329 2045 4428 ejusmodi
2072 4359 2315 4428 pecuniis
2341 4369 2594 4412 emuntur
2618 4396 2632 4421 ,
2664 4359 3071 4426 appellabuntur
3096 4399 3108 4420 ,
3138 4361 3309 4427 inquit
3330 4398 3345 4420 ,

112 4464 230 4517 τῶν
248 4459 502 4513 τοιούτων
530 4453 828 4524 χρημάτων
857 4449 1178 4517 ’Λκὲλδαμα,
1202 4449 1353 4517 φησι,
1387 4449 1670 4518 κληθήσον.

1787 4451 2096 4512 Akeldama,
2124 4451 2264 4518 quod
2297 4457 2379 4503 est
2408 4449 2723 4502 Hebraicum
2756 4489 2770 4512 ,
2809 4459 2862 4502 et
2910 4450 3096 4502 Cra-ce
3125 4467 3345 4516 t'xptcs-

113 4573 209 4608 ται
232 4555 369 4620 ὅπερ
413 4546 696 4617 Ἐϐραῖκόν
724 4549 861 4606 ἔστι,
894 4543 988 4596 καὶ
1019 4541 1511 4611 ὲξελληνιζόμενον,
1548 4541 1671 4610 τιμὴ

1786 4559 1928 4608 sum,
1959 4542 2186 4612 pretium
2217 4549 2270 4593 et
2323 4538 2578 4607 pra-dium
2614 4539 2894 4606 sanguinis
2929 4540 3343 4607 interpretatur;

116 4650 217 4700 aut
246 4643 438 4713 χωρίον
461 4640 689 4707 αἵματος
710 4635 1089 4706 ἑρμηνεύεται,
1115 4634 1328 4703 είρήται
1352 4635 1407 4686 ὲν
1423 4636 1490 4704 τῇ
1516 4633 1674 4702 βίϐλῳ

1788 4635 1978 4688 dictum
2014 4633 2066 4685 in
2091 4632 2228 4685 libro
2256 4634 2506 4683 Aetuum.
2538 4630 2650 4682 lloc
2681 4639 2762 4683 est
2788 4640 2982 4694 autem,
3019 4631 3157 4697 quod
3186 4632 3346 4695 dicit;

118 4737 235 4791 τῶν
268 4731 544 4801 Πράξεων.
579 4727 748 4780 Τοῦτο
780 4726 835 4777 δέ
867 4727 1012 4777 ἐστιν
1043 4724 1070 4775 ὃ
1099 4724 1270 4792 λέγει,
1303 4725 1408 4788 ὅτι,
1436 4724 1628 4792 ὥσπερ
1655 4724 1676 4774 ό

1789 4726 1925 4792 quod
1957 4724 2402 4790 quemadmodum
2435 4735 2581 4789 ager,
2613 4721 2702 4787 qui
2730 4731 2940 4787 emptus
2971 4732 3052 4774 est
3095 4721 3347 4789 pecunia,

119 4831 210 4883 διὰ
258 4825 367 4878 τῶν
421 4821 719 4892 ἀργυρίων,
770 4812 845 4872 ὧν
881 4816 1094 4886 ἐπράθη
1139 4815 1225 4868 διὰ
1275 4814 1370 4867 τοῦ
1432 4814 1600 4867 Ἰούδα
1654 4815 1677 4866 ό

1788 4829 1889 4884 qua
1926 4814 2172 4867 venditus
2194 4823 2277 4867 est
2303 4829 2331 4866 a
2364 4811 2501 4866 Juda
2532 4811 2816 4874 Dominus,
2848 4813 3076 4881 pretium
3126 4815 3346 4881 sangui-

124 4918 352 4987 Κύριος,
400 4907 724 4980 ἁγορασθεὶς
779 4908 944 4976 ἀγρδς
994 4907 1125 4974 τιμὴ
1173 4907 1400 4974 αἵματος
1455 4904 1676 4974 ἐκλήθη,

1789 4906 1872 4959 nis
1902 4913 1983 4959 est
2013 4903 2307 4973 appellatus
2342 4921 2356 4956 :
2393 4902 2466 4955 ita
2497 4908 2550 4955 et
2585 4902 2842 4968 pecunia},
2879 4917 2998 4970 quae
3042 4901 3114 4954 ab
3157 4903 3223 4954 iis
3257 4917 3347 4953 ae-

121 5010 270 5062 οὕτω
332 5004 424 5058 καὶ
484 5003 552 5054 τὰ
617 4997 1001 5066 λαμϐανόμενα
1066 4996 1304 5065 ἀργύρια
1366 4999 1514 5064 παρὰ
1573 4995 1679 5045 τῶν

1789 4997 2079 5065 cipiuutur,
2108 4995 2198 5061 qui
2232 4991 2444 5045 Domini
2484 4991 2699 5046 domum
2726 4991 2962 5046 vendunt
2992 5031 3006 5055 ,
3054 5002 3111 5044 et
3149 4993 3347 5046 αἱρεθε-

125 5099 449 5154 ττωλούντων
467 5093 564 5160 τήν
590 5089 798 5159 δωρεὰν
822 5088 912 5141 τοῦ
941 5088 1098 5149 Θεοῦ,
1129 5088 1221 5139 καὶ
1248 5088 1302 5139 αἱ
1330 5088 1557 5155 ἐνορίαι,
1588 5090 1682 5138 καὶ

1791 5101 1892 5151 ses,
1926 5097 1978 5141 et
2010 5085 2135 5150 vici,
2171 5084 2222 5136 in
2256 5083 2450 5152 quibus
2480 5082 2555 5136 illi
2590 5083 2678 5149 qui
2705 5083 2833 5135 dant
2855 5082 3190 5147 ordinantur,
3226 5099 3349 5150 pre-

126 5194 180 5245 αἱ
202 5188 385 5256 κῶμαι
404 5187 461 5237 ὲν
479 5179 565 5245 αῖς
589 5181 637 5236 oi
653 5179 883 5241 διδόντες
899 5178 1347 5248 χιιροτονοῦνται,
1367 5177 1500 5248 τιμὴ
1519 5177 1684 5244 αἷμα-

1395 5177 1684 5248 ἰμὴαῖμα-
1790 5179 1920 5232 tium
1954 5173 2228 5246 sanguinis
2258 5183 2418 5229 erunt
2449 5183 2501 5228 et
2530 5173 2953 5242 appellabuntur.

123 5299 213 5342 τος
253 5279 464 5330 ἔσονται
495 5275 588 5327 καὶ
621 5272 1007 5341 κληθήσονται.

195 5368 438 5423 ΖΩΝΔΡ.
483 5363 622 5434 Πρὸς
662 5364 785 5425 τοὺς
832 5362 1061 5425 οίκείους
1103 5362 1176 5430 (α)
1222 5360 1556 5423 ἐπισκόπους
1596 5359 1685 5426 ἔγ-

1863 5355 2113 5412 ZONAR.
2172 5357 2251 5410 Ad
2302 5355 2584 5425 episeOpos
2657 5367 2783 5410 suos
2847 5353 3070 5422 scripsit
3124 5365 3346 5406 sanctus

253 5601 373 5653 Act.
408 5613 521 5660 rm.
545 5597 638 5652 20.

188 5717 260 5778 ta)
288 5715 351 5763 lix
376 5713 540 5762 codice
565 5707 1044 5770 Lmerbachiano,.in
1077 5706 1204 5758 notis
1229 5707 1512 5771 Bereregli.
