3946 6342
181 360 312 439 831

1143 378 1224 443 ΙΝ
1255 369 1496 446 EPIST.
1528 384 1589 446 S.
1624 377 1908 447 BASILII
1944 387 2046 449 AD
2085 388 2517 456 EPISCOPOS.

3351 405 3458 470 838

180 482 513 553 Παρακαλῶ
539 485 654 553 οὖν,
680 486 946 543 ἀπόθεσθε
973 490 1175 563 ταύτην
1201 494 1302 564 τὴν
1331 496 1617 564 πρόσοδον,
1649 499 1773 568 μᾶλα

1889 510 1974 555 est
1994 505 2421 575 quandocunque
2435 506 2703 577 accipere.
2724 506 2980 574 Quamvis
3000 508 3143 565 enim
3168 513 3291 581 quis
3311 516 3462 583 prius

169 575 289 630 λον
322 578 379 633 δὲ
408 579 506 650 τὴν
536 583 904 654 προσαγωγὴν
937 584 1038 654 τὴν
1069 586 1162 638 ἐπὶ
1193 588 1421 655 γέενναν
1444 605 1462 622 ο
1497 593 1529 659 ἡ
1567 591 1678 660 γὰρ
1713 593 1777 645 ἐκ

170 667 456 739 τοιαύτης
505 671 681 737 αἰτίας
729 673 992 743 πρόσοδος
1030 679 1298 748 προσάγει
1329 683 1393 751 τῇ
1443 685 1635 754 γεέννῃ
1686 683 1777 737 τὸν

169 759 478 839 χρώμενον
497 764 654 835 αὐτῇ.
675 765 781 820 Καὶ
809 767 882 839 μὴ
904 768 1002 832 τὰς
1023 773 1209 842 χεῖρας
1228 773 1545 841 μολύνοντες
1563 775 1668 829 ἀπὸ
1683 775 1778 829 τοῦ

169 850 500 921 λαμϐάνειν
522 896 534 916 ,
564 855 672 908 ἀπὸ
719 859 904 928 πόρων
936 863 1195 915 τοιούτων
1229 865 1483 930 ἀναξίους
1513 869 1778 937 ποιήσητε

170 939 426 1004 ἑαυτοὺς
451 943 539 995 τοῦ
561 949 1116 1017 μεταχειρίζεσθαιτὰ
1136 953 1267 1022 am
1300 958 1591 1026 μυστήρια,
1611 961 1778 1031 ηγουν

166 1032 292 1085 τοῦ
345 1035 647 1105 ἱερουργεῖν
693 1041 786 1092 καὶ
832 1041 980 1094 θύειν
1025 1044 1087 1096 τὸ
1134 1046 1294 1116 σῶμα
1345 1050 1439 1101 καὶ
1492 1050 1629 1120 αίμα
1681 1052 1776 1105 τοῦ

165 1124 454 1192 Χριστοῦ.
492 1127 614 1178 Ὅτι
648 1127 704 1182 δὲ
741 1131 819 1192 είς
870 1132 1097 1202 ἀπειλὴν
1129 1138 1454 1208 περιέστησε
1490 1139 1584 1192 τὸν
1619 1141 1776 1207 λόγον

181 1216 221 1266 ὁ
261 1214 436 1281 ἅγιος,
476 1219 648 1271 εἰπὼν
699 1221 756 1272 ἐν
786 1222 925 1292 ἀρχῇ
954 1227 1050 1292 τῆς
1081 1229 1396 1298 ἐπιστολῆς,
1429 1232 1511 1283 ὅτι
1545 1231 1776 1285 ἄπιστον

168 1307 493 1378 ἡγησάμην
514 1310 573 1361 τὸ
589 1313 842 1380 πρᾶγμα,
875 1315 1208 1386 συγγνώμην
1225 1320 1386 1372 αίτεῖ.
1421 1320 1481 1372 Ἦ
1501 1321 1555 1374 δὲ
1579 1324 1774 1394 ἀπειλή

171 1399 318 1449 ἐστι
370 1401 426 1450 τὸ
478 1403 676 1470 μηκέτι
727 1405 960 1474 ἐαθῆναι
1011 1407 1101 1459 τὸν
1148 1410 1286 1479 μετὰ
1333 1411 1431 1481 τὴν
1485 1414 1776 1484 ἐπιστολὴν

170 1487 438 1542 τοιοῦτόν
477 1507 528 1542 τι
574 1494 872 1563 ποιήσαντα
908 1498 989 1559 είς
1029 1498 1416 1571 Θυσιαστήριον
1453 1507 1772 1576 ἐνεργῆσαι.

185 1576 580 1650 Ἀναχωρήσει
629 1586 761 1655 γὰρ,
810 1589 995 1655 φησὶν,
1038 1591 1064 1642 ὁ
1106 1591 1347 1655 τοιοῦτος
1394 1596 1503 1648 τῶν
1541 1598 1776 1652 ἐνταῦθα

170 1667 619 1741 ουσιαστηρίων,
652 1679 773 1729 ἀντὶ
799 1678 890 1730 τοῦ
915 1680 1296 1750 κωλυθήσεται
1322 1676 1421 1750 ᾧδε
1453 1687 1772 1755 ἱερατεύειν,

169 1755 287 1806 καὶ
310 1755 493 1810 λοιπὸν
515 1759 678 1830 ἄλλην
701 1765 885 1834 χώραν
917 1768 1155 1836 αἰτήσει.
1179 1773 1235 1823 ἐν
1331 1775 1649 1838 ἐξωνίσεται
1674 1777 1774 1846 τὴν

166 1845 406 1916 δωρεὰν
438 1851 531 1902 τοῦ
563 1852 696 1906 Θεοῦ
718 1894 732 1917 ,
765 1857 860 1907 καὶ⁵
894 1860 1279 1929 μεταπωλήσει
1314 1865 1503 1934 αὑτήν.
1541 1869 1648 1919 Καὶ
1684 1871 1775 1921 ἐπὶ
1807 1850 1851 1908 Β

166 1939 403 2004 τούτοις
433 1943 500 1994 τὰ
526 1945 861 1999 ἁποστολικὰ
887 1949 1082 2017 ἐπάγει
1109 1953 1251 2020 ρητά
1269 1970 1281 1983 ·
1323 1956 1510 2023 Ἡμεῖς
1539 1960 1645 2026 γὰρ
1677 1960 1776 2012 καὶ

168 2035 248 2085 αἱ
299 2033 650 2103 Ἐλικλησὶαι
677 2040 782 2094 τοῦ
811 2041 960 2094 Θεοῦ
992 2045 1277 2110 τοιαύτην
1298 2048 1631 2114 συνήθειαν
1665 2054 1775 2104 οὐκ

166 2124 431 2194 ἔχομεν.
473 2123 618 2190 Εἶτά
652 2148 840 2201 φησιν,
883 2135 966 2185 ὃτι
999 2134 1058 2186 τὸ
1103 2135 1303 2191 πωλεῖν
1341 2138 1439 2208 τὴν
1481 2141 1640 2210 χάριν
1678 2142 1774 2194 τοῦ

167 2213 535 2284 Πνεύματος,
588 2218 675 2274 διὰ
729 2222 1104 2294 φιλαργυρίαν
1161 2232 1413 2296 γίνεται,
1474 2232 1594 2301 ἥτις
1649 2235 1776 2301 ῥίζα

171 2305 418 2359 πάντων
450 2309 560 2362 τῶν
587 2312 776 2365 κακῶν
805 2317 959 2382 ἐστὶ,
993 2317 1090 2370 καὶ
1119 2319 1456 2387 ὀνομάζεται
1489 2324 1775 2378 είδωλολα-

171 2396 342 2468 τρία.
388 2399 481 2471 Μὴ
513 2401 606 2456 οὖν
639 2407 1027 2479 προτιμήσητε
1064 2410 1136 2464 τὰ
1166 2411 1363 2466 εἴδωλα
1408 2414 1504 2468 τοῦ
1536 2414 1787 2487 Χρητιῖι

171 2489 278 2543 διὰ
314 2492 513 2562 μικρὸν
541 2495 828 2567 ἀργύριον.
873 2499 1027 2554 Ἐπεὶ
1053 2501 1163 2574 γὰρ
1198 2505 1230 2574 η
1257 2504 1593 2579 φιλαργυρία
1625 2510 1778 2563 είδω-

167 2581 449 2654 λολατρία
505 2587 691 2653 ἐστὶν,
753 2591 780 2643 ὁ
837 2589 926 2644 διὰ
989 2593 1361 2665 φιλαργυρίαν
1423 2599 1620 2653 πωλῶν
1677 2603 1775 2672 τὴν

169 2677 400 2746 δωρεὰν
437 2676 530 2730 τοῦ
568 2677 701 2732 Θεοῦ
749 2685 1087 2753 προτιμᾶται
1125 2687 1193 2739 τὰ
1238 2689 1434 2742 εἴδωλα
1476 2693 1569 2744 τοῦ
1613 2693 1773 2757 Θεοῦ,

165 2766 289 2818 ’καὶ
343 2772 596 2838 μιμεῖται
633 2773 723 2824 τὸν
779 2775 999 2830 Ἰούδαν.
1058 2779 1145 2840 Ὠς
1191 2782 1296 2850 γὰρ
1344 2783 1552 2846 ἐκεῖνος
1591 2785 1676 2836 διὰ
1718 2787 1774 2837 τὸ

179 2860 459 2932 κερδῆσαι
495 2862 561 2916 τὰ
603 2865 840 2936 ἀργύρια
889 2869 1173 2939 παρέδωκε
1213 2873 1303 2925 τὸν
1336 2874 1588 2944 Χριστὸν,
1636 2876 1774 2929 οὕτω

177 2957 285 3006 καὶ
314 2951 456 3008 οὗτοι
485 2957 826 3024 προδιδόασιν
859 2959 1077 3024 ἑκόντες
1098 2962 1354 3034 δευτέραν
1383 2967 1461 3027 είς
1485 2969 1774 3036 προδοσίαν

171 3046 277 3096 τὸν
307 3047 560 3114 Χριστὸν,
592 3047 649 3112 ὃς
680 3049 828 3114 ἅπαξ
857 3051 998 3120 ὑπὲρ
1020 3053 1178 3122 ἡμῶν
1205 3055 1545 3124 ἐσταυρώθη.
1578 3059 1775 3110 Τοσοῦ-

1885 609 1991 648 non
2020 599 2311 665 acceperit,
2342 598 2426 654 vel
2456 598 2671 667 quando
2703 598 2936 666 ordinat,
2973 602 3070 657 sed
3114 605 3295 673 aliquo
3339 617 3462 675 post

1886 693 2148 753 tempore,
2177 696 2402 758 propter
2430 687 2650 742 ordines
2691 703 2722 742 a
2776 703 2836 743 se
2884 689 3130 754 collatos,
3187 690 3326 745 idem
3375 703 3460 748 est

1887 785 2192 844 peccatum.
2221 778 2500 832 Adhortor
2533 778 2717 848 igitur,
2755 788 2812 832 ut
2843 780 2985 834 hunc
3011 781 3290 849 deponatis
3320 784 3459 837 redi-

1881 875 2012 932 tum,
2041 868 2123 921 vel
2157 870 2335 936 potius
2365 868 2430 923 ad
2470 870 2772 938 gehennam
2803 872 3004 925 aditum
3033 889 3055 937 ;
3082 873 3287 927 reditus
3309 873 3454 926 enim

1881 956 1982 1011 hoc
2011 959 2170 1012 modo
2203 959 2501 1030 acquisitus
2548 975 2612 1014 eo
2644 969 2879 1013 utentem
2921 961 2986 1013 ad
3031 965 3329 1029 gehennam
3363 966 3460 1017 du-

1878 1049 1950 1103 cit
1997 1068 2012 1105 :
2054 1061 2213 1105 etne
2263 1067 2451 1106 manus
2499 1063 2706 1106 vestras
2762 1053 3074 1122 accipiendo
3117 1055 3457 1122 polluentes,

1885 1154 1980 1204 per
2010 1141 2316 1206 huiusmodi
2352 1152 2589 1210 quaestus
2639 1154 2846 1197 vosmet
2891 1145 3139 1212 indignos
3187 1146 3457 1214 reddatis,

1877 1230 1968 1298 qui
1998 1243 2182 1285 sancta
2217 1234 2468 1302 mysteria
2498 1237 2844 1290 contrectetis
2873 1252 2887 1301 ;
2920 1236 3173 1290 nimirum
3234 1240 3324 1306 qui
3370 1254 3460 1291 sa-

1875 1335 1966 1374 cra
2006 1325 2287 1376 celebretis
2321 1332 2374 1378 et
2418 1340 2611 1392 corpus
2638 1336 2691 1379 et
2729 1327 3045 1394 sanguinem
3077 1328 3274 1381 Christi
3319 1329 3455 1384 oﬂ'e-

1878 1412 2029 1466 ratis.
2064 1415 2327 1477 Quoniam
2365 1428 2542 1469 autem
2575 1417 2873 1469 orationem
2916 1428 3152 1472 sam-tus
3184 1420 3250 1471 ad
3287 1421 3457 1472 minas

1877 1517 2234 1568 converterat,
2273 1509 2424 1561 initio
2457 1507 2708 1576 Epistola:
2739 1510 2923 1562 dicens
2950 1547 2965 1571 ,
3002 1511 3140 1576 quod
3206 1527 3315 1563 rem
3372 1513 3453 1562 in-

1877 1594 2186 1648 credibilem
2246 1598 2591 1662 existimavi,
2649 1600 2857 1652 veniam
2918 1601 3070 1668 petit.
3097 1599 3459 1655 Comminatio

1877 1693 1979 1748 est,
2006 1686 2144 1749 quod
2167 1687 2257 1754 qui
2291 1698 2412 1756 post
2439 1691 2579 1741 hanc
2608 1690 2896 1755 Epistolam
2924 1691 3130 1755 aliquid
3156 1693 3458 1748 istiu~modi

1877 1781 2285 1843 perpetraveril,
2319 1780 2384 1832 ad
2413 1781 2580 1834 altare
2612 1780 2840 1849 amplius
2874 1781 3152 1835 celebrare
3185 1799 3287 1836 non
3321 1800 3448 1850 per-

1881 1874 2138 1922 mittetur.
2175 1869 2321 1926 Talis
2348 1873 2490 1924 enim
2529 1874 2594 1924 ah
2632 1873 2916 1936 altaribus,
2953 1874 3123 1943 inquit
3153 1913 3167 1933 .
3203 1891 3320 1942 qua:
3374 1879 3460 1930 hic

1881 1967 2026 2023 simt,
2063 1961 2308 2025 recedet;
2344 1963 2442 2014 hoc
2475 1969 2576 2024 est,
2608 1975 2763 2014 sacra
2803 1962 2903 2016 hoc
2933 1962 2984 2015 in
3029 1965 3146 2016 loco
3186 1965 3462 2019 erlehrure

1881 2044 2278 2115 prohibebitur,
2298 2059 2350 2104 et
2373 2051 2532 2102 aliam
2561 2052 2610 2102 in
2648 2061 2920 2118 posterum
2943 2055 3212 2122 regionem
3235 2070 3459 2122 qnmret,

1880 2138 1934 2192 in
1969 2153 2074 2208 qua
2104 2141 2304 2193 denunt
2334 2138 2427 2194 Dei
2456 2143 2704 2204 redimat,
2732 2138 2982 2210 idemque
3011 2145 3229 2198 vendat.
3263 2148 3461 2201 Anlha~c

1880 2229 2171 2297 apostolica
2203 2232 2448 2298 producit
2480 2232 2645 2286 verba
2675 2249 2690 2296 ;
2723 2231 2838 2286 Nos
2864 2235 2998 2287 enim
3021 2244 3069 2288 et
3096 2234 3344 2290 Ecclesiw
3371 2237 3463 2290 Dei

1879 2321 2035 2374 talem
2063 2337 2164 2374 non
2201 2323 2451 2377 habemus
2503 2325 2939 2379 consuetudinem
2970 2329 3012 2381 ³.
3073 2323 3266 2383 Postea
3311 2330 3461 2396 dicit,

1880 2412 2025 2482 quod
2072 2415 2310 2469 venditio
2377 2416 2564 2486 gratias
2614 2417 2847 2487 Spiritus
2901 2425 3125 2488 propter
3175 2421 3458 2475 avaritiam

1880 2502 2020 2558 facta
2037 2513 2137 2570 est,
2175 2521 2295 2574 qua
2326 2507 2475 2562 radix
2508 2516 2592 2563 est
2617 2509 2858 2562 omnium
2894 2510 3158 2564 malorum
3188 2550 3204 2576 ,
3235 2521 3290 2565 et
3353 2514 3466 2566 ido-

1880 2595 2085 2650 lolatria
2109 2597 2438 2652 nominatur.
2471 2597 2613 2652 ldola
2644 2601 2822 2670 itaque
2839 2601 3056 2655 Christo
3079 2611 3300 2672 propter
3325 2617 3456 2671 pau-

1879 2688 2044 2742 lulum
2076 2691 2324 2758 pecuniae
2385 2707 2450 2746 ne
2504 2691 2823 2761 praeferatis.
2852 2683 2988 2747 Cum
3039 2693 3182 2748 enim
3237 2696 3464 2750 avaritia

1879 2780 2181 2834 idololatria
2217 2782 2330 2845 sit,
2363 2783 2451 2851 qui
2502 2791 2724 2852 propter
2781 2786 3066 2838 avaritiam
3121 2787 3318 2840 domnn
3370 2786 3461 2840 Dei

1881 2873 2099 2940 vendit,
2161 2875 2300 2928 idola
2357 2875 2464 2929 Deo
2521 2876 2759 2943 praefert,
2824 2887 2877 2929 ct
2946 2877 3136 2930 Judam
3198 2879 3462 2935 imitatur.

1879 2964 2337 3030 Quemadmodum
2373 2965 2516 3020 enim
2550 2966 2636 3020 ille
2663 2964 2942 3019 Christum
2986 2968 3241 3036 prodidit,
3282 2979 3340 3023 ut
3370 2985 3466 3023 ar-

1884 3068 2100 3127 gentum
2135 3057 2437 3111 lucraretur
2472 3057 2589 3112 :sie
2623 3059 2673 3111 hi
2709 3061 2942 3112 secunda
2977 3060 3458 3128 proditiooeChri-

170 3149 278 3186 τον
309 3133 361 3185 δὲ
395 3141 548 3203 φησι,
583 3139 673 3190 τὸν
714 3138 916 3192 Ἰούδαν
954 3142 1246 3209 μιμοῦνται
1273 3145 1320 3196 οἱ
1351 3146 1449 3215 τὴν
1475 3147 1632 3216 χάριν
1660 3165 1772 3201 πω-

1888 3162 2030 3202 stum
2069 3159 2257 3218 sponte
2290 3151 2544 3219 produnt,
2569 3152 2656 3219 qui
2681 3151 2845 3204 semel
2873 3166 2969 3221 pro
3002 3153 3155 3206 nobis
3177 3156 3463 3208 cruciﬁxus

174 3224 406 3288 λοῦ-ντες
432 3228 522 3280 τοῦ
553 3231 889 3299 Πνεύματος,
915 3233 996 3285 ὅτι
1029 3235 1122 3286 καὶ
1148 3235 1214 3286 τὰ
1237 3236 1430 3305 χωρία,
1461 3239 1526 3290 τὰ
1549 3239 1632 3292 διὰ
1664 3241 1770 3293 τῶν

175 3317 470 3387 ἀργυρίων
494 3319 698 3373 τούτων
729 3321 1035 3391 ὼνούμενα,
1066 3325 1230 3393 ἤγουν
1260 3329 1315 3378 αἱ
1342 3329 1568 3398 ἐνορίκι,
1597 3333 1687 3383 καὶ
1717 3335 1772 3385 ai

175 3409 374 3476 κῶμαι
413 3411 466 3461 ἐν
502 3407 590 3473 αἷς
628 3415 1080 3483 ἐπικηρύττονται
1116 3419 1164 3468 οξ
1193 3417 1335 3471 οὕτω
1365 3424 1773 3492 χειροτονούμε-

177 3513 294 3561 νοι,
333 3501 426 3551 καὶ
457 3501 512 3552 ai
543 3504 743 3571 χεῖρες,
777 3506 832 3556 αί
865 3506 991 3566 τοὺς
1030 3509 1273 3575 καρποὺς
1306 3511 1526 3574 τούτους
1554 3513 1772 3582 δεχόμε-

177 3603 297 3652 ναι,
351 3585 657 3658 Ἀκελδαμὰ
695 3592 1059 3663 κληθήσονται
1082 3611 1095 3626 ⁸
1140 3598 1276 3666 ὅπερ
1309 3595 1595 3666 Ἑϐραῖκόν
1630 3603 1766 3667 ἐστι,

176 3678 661 3749 ὲξελληνιζόμενον
695 3683 749 3735 δὲ
780 3687 947 3754 τιμὴν
977 3690 1067 3739 καὶ
1106 3691 1302 3758 χωρίον
1334 3690 1566 3758 αἵματος
1596 3693 1770 3764 ἑρμη-

179 3769 426 3824 νεύεται.
488 3772 713 3844 Εἴρηται
766 3775 822 3828 δὲ
877 3779 935 3829 ἐν
991 3781 1056 3848 τῇ
1109 3781 1276 3849 βίϐλῳ
1332 3782 1438 3835 τῶν
1489 3783 1766 3853 Πράξεων.

181 3858 363 3913 Τοῦτο
392 3861 480 3914 οὖν
513 3866 658 3917 ἐστιν
689 3865 715 3916 ὃ
742 3866 887 3934 λέγει
913 3884 928 3898 ⁸
964 3870 1046 3920 ὅτι
1076 3869 1266 3940 ὥσπερ
1294 3874 1320 3924 ὁ
1346 3873 1432 3925 διὰ
1466 3876 1573 3926 τῶν
1602 3878 1771 3944 ἀργυ-

181 3952 350 4023 ρίων,
400 3956 465 4006 δι’
507 3952 580 4008 ὦν
624 3960 836 4030 ἐπράθη
894 3964 1044 4029 παρὰ
1086 3962 1180 4014 τοῦ
1241 3965 1409 4019 Ἰούδα
1465 3968 1492 4018 ὁ
1545 3969 1767 4039 Κύριος,

181 4047 520 4116 ἁγορισθεὶς
553 4051 720 4120 ἀγρὸς
765 4051 898 4123 τιμὴ
945 4054 1177 4124 αἵματος
1217 4057 1467 4128 ἐλογίσθη
1513 4062 1606 4112 καὶ
1639 4061 1772 4113 ὠνο-

186 4138 400 4208 μάσθη,
460 4141 600 4194 οὓτω
647 4145 740 4194 καὶ
788 4144 856 4195 τὰ
901 4145 1285 4216 λαμϐανόμενα
1331 4150 1571 4220 ἀργύρια
1622 4156 1772 4224 παρὰ

183 4230 300 4284 τῶν
337 4231 658 4288 πωλούντων
691 4234 788 4307 τὴν
809 4236 1016 4305 δωρεὰν
1044 4239 1136 4291 τοῦ
1162 4239 1318 4308 Θεοῦ,
1349 4242 1441 4294 καὶ
1463 4243 1520 4294 αἱ
1543 4245 1772 4313 ἐνορίαι,

183 4321 286 4374 καὶ
339 4325 395 4377 αἱ
443 4325 646 4393 κῶμαι,
700 4328 758 4380 ἐν
803 4324 890 4391 αἷς
943 4331 991 4381 οἱ
1040 4330 1268 4396 διδόντες
1315 4339 1768 4406 χειροτονοῦνται,

184 4415 328 4485 τιμὴ
359 4417 588 4486 αἵματος
623 4421 834 4476 ἔσονται
868 4426 962 4477 καὶ
995 4425 1374 4495 κληθήσονται.

268 4599 485 4654 'lilnt'.
525 4618 597 4670 xl,
634 4605 722 4658 16.

1882 3250 1982 3293 est.
2007 3239 2104 3304 Qui
2130 3240 2355 3309 gratiam
2377 3250 2557 3294 autem
2579 3242 2813 3307 Spiritus
2833 3244 3092 3302 vendunt,
3111 3257 3282 3310 usque
3306 3248 3460 3312 adeo,

1882 3327 2288 3398 inquit,Judam
2323 3330 2624 3393 imitantur,
2651 3339 2708 3382 ut
2745 3332 2946 3393 praedia
2985 3332 3074 3383 tali
3109 3344 3330 3402 argento
3352 3349 3464 3389 ein-

1882 3430 1994 3488 pta,
2027 3420 2141 3474 sive
2173 3418 2438 3489 regiones,
2475 3432 2527 3475 et
2559 3422 2685 3485 vici,
2724 3423 2774 3475 in
2810 3423 3005 3491 quibus
3035 3427 3460 3493 constituuntur,

1883 3512 1972 3580 qui
2011 3513 2188 3566 islhoc
2219 3514 2374 3568 modo
2426 3515 2644 3568 ordines
2696 3516 2798 3569 sibi
2847 3517 3076 3570 collatos
3135 3518 3372 3582 habent,
3412 3529 3467 3573 ct

1882 3619 2094 3668 manus,
2129 3621 2248 3674 qua:
2281 3608 2409 3660 istos
2452 3605 2656 3661 fructus
2685 3608 2996 3676 accipiunt,
3030 3608 3321 3663 Akeldama
3370 3627 3463 3664 vo-

1881 3698 2181 3763 cabuntur;
2219 3699 2361 3767 quod
2391 3696 2714 3752 liehraiCum
2747 3708 2850 3762 est,
2885 3699 3071 3753 Grzece
3105 3712 3284 3754 autem
3333 3699 3462 3753 Prc-

1878 3790 2011 3842 tium
2041 3799 2096 3841 et
2125 3805 2310 3858 agrum
2345 3791 2623 3858 sanguinis
2647 3790 2932 3858 signiﬁcat.
2963 3789 3245 3844 Refer-etur
3275 3803 3459 3845 autem

1878 3880 1931 3932 in
1959 3880 2096 3932 libro
2129 3881 2405 3935 Actorum.
2439 3880 2551 3934 Hoc
2587 3882 2750 3948 igitur
2797 3893 2880 3936 est
2906 3884 3048 3950 quod
3101 3884 3229 3938 dicit
3264 3902 3276 3937 :
3320 3884 3459 3952 quod

1874 3972 2016 4024 sicut
2045 3985 2193 4040 ager,
2224 3971 2312 4039 qui
2346 3972 2584 4026 nummis
2616 3975 2910 4041 argenteis,
2941 3989 3037 4040 pro
3068 3974 3265 4042 quibus
3330 3990 3458 4028 vcn-

1877 4063 2020 4116 ditus
2046 4072 2126 4115 est
2161 4061 2418 4116 Dominus
2440 4101 2454 4127 ,
2489 4072 2703 4132 emptus
2732 4072 2815 4118 est
2845 4101 2860 4126 ,
2895 4066 3128 4132 pretium
3180 4067 3461 4136 sanguinis

1878 4167 2153 4228 reputatus
2183 4167 2264 4211 est
2301 4167 2352 4213 et
2378 4159 2720 4226 nominatus;
2761 4161 2844 4215 sic
2871 4162 3033 4215 etiam
3068 4175 3351 4230 argentum
3390 4167 3458 4218 ab

1878 4252 1965 4314 iis,
1999 4251 2087 4320 qui
2114 4251 2310 4306 donum
2337 4249 2430 4305 Dei
2468 4253 2742 4318 vendunt,
2777 4263 3097 4322 acceptum,
3122 4265 3175 4309 et
3213 4256 3459 4325 regiones

1876 4352 1929 4399 et
1957 4344 2079 4406 vici,
2117 4344 2170 4397 in
2199 4343 2394 4413 quibus
2416 4344 2737 4398 ordinantur
2765 4345 2840 4399 illi
2869 4348 2959 4415 qui
3007 4347 3300 4414 dederunt,
3336 4362 3458 4418 pre-

1879 4438 2010 4488 tium
2043 4435 2321 4504 sanguinis
2352 4444 2512 4490 crunt
2542 4444 2595 4489 et
2624 4436 3058 4505 appellabuntur.
