3946 6342
260 473 500 542 τοιαύτη.
547 473 602 525 Ὀ
654 474 749 542 μὲν
785 463 902 544 γὰρ
955 475 1045 541 ἀφ’
1092 475 1282 526 ἑαυτοῦ
1324 475 1455 543 πρὸς
1494 474 1590 544 τὴν
1628 474 1811 539 ἐξαγό-
1838 479 1879 532 Α

261 582 443 634 ρευσιν
491 564 588 631 τῆς
635 565 902 634 ἁμαρτίας
945 567 1186 635 ὁρμήσας
1217 605 1230 626 ,
1262 564 1406 634 αὐτῷ
1439 567 1498 617 τὸ
1527 565 1810 627 καταδέξα-

262 656 386 705 σθαι
413 653 478 705 δι’
505 655 706 717 οἰκείας
747 656 920 724 ὁρμῆς
956 654 1202 721 γενέσθαι
1243 655 1344 705 τῶν
1393 655 1634 724 κρυφίων
1679 671 1807 705 κατ-

259 746 458 811 ἠγορος
482 760 494 773 ⁶
525 743 600 803 ὡς
638 743 733 812 ἤδη
779 745 876 812 τῆς
912 744 1200 813 θεραπείας
1230 742 1322 794 τοῦ
1356 742 1556 803 πάθους
1578 741 1810 808 ἀρξάμε-

261 849 348 892 νος
373 873 385 891 ,
430 834 520 883 καὶ
570 835 785 900 σημεῖον
823 836 918 902 τῆς
966 833 1098 902 πρὸς
1134 835 1194 884 τὸ
1241 836 1482 900 κρεῖττον
1515 832 1808 900 μεταϐολῆς

258 923 660 990 ἐπιδειξάμενος
693 961 706 984 ,
758 925 815 973 ὲν
871 922 1387 990 φιλανθρωποτέροις
1447 924 1648 988 γίνεται
1700 924 1808 982 τοῖς

260 1014 568 1079 ἐπιτιμίοις.
606 1012 660 1064 '0
686 1011 739 1064 δὲ
772 1012 1038 1080 φωραθεὶς
1071 1013 1160 1062 ἐπὶ
1193 1012 1266 1081 τῷ
1299 1011 1465 1079 κακῷ,
1494 1011 1523 1080 ἢ
1553 1011 1638 1063 διά
1669 1027 1806 1072 τινος

262 1101 493 1168 ὑποψίας
575 1102 606 1170 ἢ
647 1101 970 1170 κατηγορίας
1021 1103 1286 1162 ἀκουσίως
1330 1101 1714 1168 ἀπελεγχθεις,
1752 1101 1808 1151 ὲν

259 1190 622 1260 ἐπιτεταμένῃ
671 1190 873 1256 γίνεται
919 1193 979 1258 τῇ
1031 1193 1322 1259 ἐπιστροφῇ
1351 1208 1362 1220 ·
1391 1189 1526 1242 ὥστε
1582 1190 1806 1260 καθαρι-

262 1276 452 1330 τϋέντα
479 1279 544 1330 δι’
575 1279 854 1348 ἀκριδείας
884 1280 1062 1340 αὑτὸν,
1093 1277 1260 1340 οὕτως
1291 1280 1379 1329 ἐπὶ
1405 1280 1499 1348 τὴν
1530 1280 1632 1329 τῶν
1656 1280 1809 1344 ἁγία·

258 1369 480 1433 σμάτων
510 1369 785 1420 κοινωνίαν
817 1367 1230 1437 παραδεχθῆναι.
1263 1369 1412 1420 Ἔστι
1441 1371 1613 1420 τοίνυν
1645 1371 1671 1420 ό
1707 1387 1807 1420 κα-

258 1453 368 1506 νὼν
397 1455 626 1515 τοιοῦτος
654 1495 667 1516 ,
697 1456 833 1507 ὥστε
861 1458 980 1516 τοὺς
1011 1457 1068 1506 ὲν
1106 1457 1323 1523 πορνείᾳ
1350 1457 1720 1526 μολυνΘέντας,
1748 1460 1806 1508 ὲν

253 1545 406 1614 τρισὶ
437 1544 532 1612 μὲν
559 1545 697 1597 ἔτεσι
730 1544 950 1598 καθόλου
972 1544 1071 1612 τῆς
1093 1546 1251 1613 εὐχῆς
1294 1546 1623 1616 ἀποόλήτους
1651 1543 1806 1599 εἶναι·

254 1635 318 1684 ὲν
339 1637 477 1701 τρισὶ
505 1635 558 1686 δὲ
589 1637 682 1703 τῆς
713 1637 1019 1706 ἀκροάσεως
1061 1641 1304 1708 μετέχειν
1335 1638 1517 1707 μόνης,
1547 1641 1603 1689 ὲν
1633 1636 1806 1698 ἄλλοις

252 1722 313 1772 δὲ
341 1724 517 1790 τρισὶν
556 1723 695 1777 ἔτεσι
748 1727 880 1794 μετά
919 1728 1024 1780 τῶν
1065 1731 1121 1779 ὲν
1147 1732 1212 1798 τῇ
1263 1730 1557 1797 ἐπιστροφῇ
1611 1728 1805 1778 ὑποπι-

254 1811 495 1862 πτόντων
524 1812 931 1881 προσεύχεσθαι,
964 1815 1054 1866 καὶ
1085 1816 1200 1868 τότε
1236 1815 1477 1884 μετέχειν
1515 1814 1621 1866 τῶν
1648 1815 1803 1879 ἁγια-

259 1902 497 1966 σμάτων.
543 1902 666 1954 Ἐπὶ
696 1903 752 1955 δὲ
794 1906 900 1956 τῶν
936 1906 1336 1974 σπουδαιότερον
1368 1905 1713 1975 κεχρημένων
1738 1907 1802 1973 τῇ

252 1992 589 2061 ἐπιστροφῇ,
643 1997 733 2047 καὶ
783 1995 857 2063 τῷ
906 1996 1004 2064 βίῳ
1061 1996 1374 2048 δεικνύντων
1413 1998 1507 2064 τὴν
1564 1994 1698 2063 πρὸς
1746 1996 1806 2046 τὸ

252 2079 457 2144 ἀγαθὸν
502 2080 788 2140 ἐπάνοδον,
836 2081 1008 2145 ἔξεστι
1056 2080 1130 2149 τῷ
1160 2081 1519 2150 οἰκονομοῦντι
1564 2079 1695 2148 πρὸς
1745 2077 1804 2130 τδ

257 2170 530 2239 συμφέρον
549 2171 646 2240 τὴν
680 2170 1126 2237 ὲκκλησιαστικὴν
1161 2171 1464 2236 οἰκονομίαν
1487 2209 1499 2230 ,
1527 2172 1804 2236 συπεμεῖν

254 2258 348 2309 τὸν
381 2259 565 2326 χρόνον
604 2258 703 2326 τῆς
732 2259 1069 2326 ἀκροάσεως,
1100 2257 1190 2308 καὶ
1231 2259 1412 2324 τάχιον
1448 2258 1526 2318 είς
1556 2259 1805 2325 ἐπιστρο-

255 2345 363 2412 φὴν
391 2346 611 2410 ἀγαγεῖν
636 2383 649 2406 ,
700 2344 791 2394 καὶ
841 2345 996 2396 πάλιν
1044 2343 1134 2394 καὶ
1164 2342 1346 2394 τοῦτον
1393 2347 1671 2411 συντεμεῖν
1713 2344 1803 2394 τὸν

254 2434 444 2502 χρόνον
468 2472 483 2493 ,
521 2434 611 2485 καὶ
654 2435 833 2500 τάχιον
868 2433 1152 2485 ἀποδοῦναι
1182 2433 1277 2500 τὴν
1306 2436 1580 2486 κοινωνίαν
1607 2477 1620 2498 ,
1659 2436 1804 2498 ὅπως

255 2521 326 2574 ἂν
354 2525 416 2590 τῇ
450 2519 639 2573 ἑαυτοῦ
671 2521 954 2590 δοκιμασία
999 2525 1216 2590 ὲκκρίνῃ
1251 2523 1348 2591 τὴν
1393 2522 1483 2573 τοῦ
1513 2523 1804 2590 θεραπευο-

255 2609 419 2674 μένου
449 2609 1005 2677 κατάστασιν.Ὠσπερ
1025 2609 1129 2678 γάρ
1149 2610 1208 2660 τὸ
1238 2613 1345 2671 τοῖς
1369 2611 1565 2678 χοίροις
1593 2613 1802 2678 ῥίπτειν

253 2697 346 2748 τὸν
380 2697 713 2767 μαργαρίτην
741 2699 1069 2766 ἀπείρηται,
1103 2697 1240 2750 οὕτω
1262 2700 1322 2752 τὸ
1355 2703 1670 2770 ἀποστερεῖν
1711 2702 1800 2754 τοῦ

251 2785 437 2853 τιμίου
482 2785 814 2853 μαργαρίτου
847 2785 938 2836 τὸν
986 2785 1084 2854 ήδη
1124 2785 1402 2853 ἄνθρωπον
1445 2789 1530 2841 διὰ
1572 2791 1668 2857 τῆς
1703 2808 1802 2842 κα-

254 2872 548 2940 θαρότητός
577 2888 632 2922 τε
663 2872 755 2926 καὶ
807 2873 1067 2934 ἀπαθείας
1110 2876 1390 2943 γενόμενον
1417 2916 1429 2940 ,
1456 2878 1559 2929 τῶν
1590 2880 1802 2932 ἀτόπων

255 2961 422 3012 ἐστίν.
471 2961 534 3012 Ἡ
574 2961 629 3013 δὲ
661 2963 798 3014 κατὰ
849 2964 1087 3031 μοιχείαν
1117 2966 1230 3032 ἦτοι
1265 2965 1354 3016 καὶ
1386 2967 1451 3018 τὰ
1481 2967 1641 3020 λοιπὰ
1687 2969 1799 3038 είδη

252 3051 356 3118 τῆς
391 3050 725 3120 ἀκαθαρσίας
758 3053 1015 3121 γενομένη
1038 3054 1346 3122 παρανομία
1365 3094 1377 3112 .
1407 3057 1584 3118 καθὼς
1622 3059 1800 3128 προεί-
1830 3086 1870 3141 c

256 3157 441 3209 ρηται,
478 3140 616 3193 κατὰ
649 3141 819 3192 πάντα
854 3143 908 3192 ὲν
941 3141 1016 3210 τῷ
1045 3142 1191 3210 αὐτῷ
1219 3145 1440 3212 κρίματι
1472 3147 1802 3220 θεραπευθήο

254 3245 430 3290 σεται,
465 3231 521 3281 ὲν
551 3223 594 3294 ᾧ
619 3229 710 3281 καὶ
734 3229 792 3281 τὸ
822 3230 918 3298 τῆς
952 3231 1202 3298 πορνείας
1239 3233 1366 3298 ἄγος
1391 3251 1403 3264 ο
1445 3236 1518 3303 τῷ
1554 3237 1607 3288 δὲ
1629 3242 1803 3308 χρόνῳ

250 3317 680 3379 διπλασιάζεται.
717 3319 1231 3388 Παρατηρηθήσεται
1265 3321 1319 3371 δὲ
1351 3325 1441 3373 καὶ
1479 3326 1560 3374 ἐπ’
1590 3327 1733 3393 αὐτῷ
1769 3331 1800 3396 ἡ

249 3404 349 3456 τοῦ
373 3406 798 3475 θεραπευομένου
831 3405 1094 3470 διάθεσις,
1131 3406 1187 3457 ὃν
1224 3410 1418 3478 τρόπον
1446 3411 1537 3460 καὶ
1573 3413 1662 3462 ἐπὶ
1695 3415 1800 3465 τῶν

249 3491 334 3561 τῷ
367 3493 618 3564 μολυσμῷ
659 3495 757 3563 τῆς
800 3495 1047 3564 πορνείας
1097 3497 1544 3564 συνενεχθέντων,
1576 3500 1714 3553 ὥστε
1766 3506 1798 3574 ἢ

251 3583 447 3635 θᾶττον
480 3581 512 3654 ἢ
539 3584 853 3655 βραδύτερον
879 3586 1120 3645 γενέσθαι
1150 3589 1327 3648 αὐτοῖς
1360 3589 1456 3657 τὴν
1480 3590 1568 3642 τοῦ
1598 3592 1800 3659 ἀγαθοῦ

253 3675 561 3741 μετουσίαν.

278 3777 478 3833 ΒΔΛΣ.
525 3772 638 3828 Νῦν
680 3767 952 3839 περὶτῶν
990 3770 1048 3819 ὲν
1088 3767 1163 3833 τῷ
1207 3761 1589 3832 ἐπιθυμητικῷ
1636 3761 1789 3831 μέρει

223 3872 331 3934 τῆς
377 3864 553 3934 ψυχῆς
604 3862 890 3930 φυομένων
941 3854 1355 3926 ἁμαρτημάτων
1404 3852 1717 3918 διαλέγεται
1765 3853 1793 3904 ὁ

222 3954 454 4024 Πατὴρ.
487 3951 606 4003 ὅθεν
637 3951 802 4017 φησὶν
831 3941 970 3998 εἶναι
1003 3945 1100 4013 τὴν
1133 3943 1388 4012 πορνείαν
1421 3943 1512 3994 καὶ
1543 3939 1642 4010 τὴν
1675 3957 1789 4008 μοι-

220 4047 402 4118 χείαν,
433 4044 526 4095 καὶ
557 4043 774 4107 ὲπάγει,
805 4040 885 4091 ὅτι
915 4037 1024 4088 τῶν
1056 4035 1462 4104 ὰκριδεστέρων
1491 4033 1603 4084 τισὶ
1635 4033 1725 4083 καὶ
1758 4032 1791 4100 ἡ

205 4135 451 4206 -πορνεία
485 4131 698 4201 μοιχεία
731 4130 1008 4182 καλεῖται·
1043 4126 1173 4177 διότι
1205 4127 1237 4194 ἡ
1269 4125 1496 4218 νόμιμος
1531 4123 1673 4192 μίξις
1704 4123 1794 4218 av.
1823 4159 1874 4218 Β

218 4228 347 4299 δρὸς
388 4225 478 4278 καὶ
515 4221 771 4288 γυναικὸς
814 4219 914 4288 μέν
948 4221 1122 4280 ἐστιν,
1161 4218 1210 4267 εῐ
1239 4231 1291 4266 τι
1329 4214 1386 4266 δὲ
1423 4214 1608 4283 ἕτερον
1644 4212 1794 4280 παρά

217 4321 430 4388 ταύτην
463 4316 725 4384 γένηται,
764 4311 1082 4380 παράνομον
1116 4309 1174 4358 τ’-λ
1207 4305 1450 4359 τοιοῦτον
1473 4345 1487 4369 ,
1523 4305 1614 4358 καὶ
1648 4305 1795 4364 ὅστις

223 4409 302 4480 μὴ
329 4409 405 4476 τῷ
435 4407 546 4476 ίδίῳ
573 4405 856 4474 κέχρηται,
887 4399 1151 4466 ἀλλοτρίῳ
1178 4397 1397 4466 χρῆται.
1427 4396 1542 4448 Πᾶν
1566 4395 1621 4446 δὲ
1647 4394 1673 4445 δ
1699 4394 1796 4445 οὐκ

221 4499 360 4554 ἴδιόν
386 4497 501 4550 ὲστί
529 4513 656 4560 τινι,
689 4492 846 4546 τοῦτο
877 4490 1174 4559 ἀλλότριον,
1209 4487 1310 4540 κᾶν
1348 4488 1422 4556 μὴ
1452 4488 1549 4556 ἔχῃ
1579 4487 1670 4537 τὸν
1699 4502 1795 4536 κυ-

224 4587 496 4660 ριεύοντα.
524 4584 632 4636 Καὶ
654 4583 741 4635 διὰ
768 4580 925 4634 τοῦτο
951 4579 1020 4646 οὐ,
1040 4578 1227 4646 πόρρω
1254 4577 1399 4639 εδοξε
1425 4579 1524 4643 τῆς
1554 4574 1797 4645 μοιχείας

221 4682 320 4734 καὶ
368 4679 399 4746 ἡ
446 4677 692 4746 πορνεία.
733 4673 919 4726 Ταῦτά
958 4686 1122 4738 φησιν
1166 4670 1193 4719 ό
1241 4668 1392 4733 ἅγιος
1437 4665 1581 4719 οὕτω
1628 4683 1796 4718 κατα-

224 4768 591 4832 σκευάζεσθαι
626 4765 776 4835 παρά
810 4763 918 4814 τῶν
953 4763 1045 4812 καὶ
1078 4759 1174 4828 τὴν
1209 4757 1463 4828 πορνείαν
1498 4760 1574 4819 εἰς
1603 4756 1664 4808 τὸ
1697 4757 1796 4824 τῆς

225 4860 472 4928 μοιχείας
501 4857 882 4923 ἀναγαγόντων
905 4853 1206 4921 ἁμάρτημα
1228 4867 1242 4880 ο
1271 4852 1382 4910 τοῖς
1406 4848 1459 4900 δὲ
1483 4849 1796 4900 ἀσθενεστέ-

227 4969 344 5022 ροις
370 4951 474 5003 τῶν
502 4948 922 5020 ἁμαρτανόντων
948 4943 1198 5012 γενέσθαι
1224 4942 1345 4992 τινὰ
1375 4942 1524 5012 παρὰ
1551 4939 1657 4991 τῶν
1687 4942 1795 4992 llat-

222 5046 404 5112 τέρων
427 5041 572 5108 λέγει
601 5036 1040 5107 συμπεριφορὰν,
1066 5035 1230 5103 ἤγουν
1253 5033 1565 5101 οίκονομίας
1592 5047 1796 5096 συγκα-

222 5113 470 5190 τάόασιν.
516 5132 785 5200 Είληπται
831 5129 887 5180 δὲ
935 5130 966 5196 ὴ
1011 5126 1157 5192 λέξις
1199 5128 1262 5176 ὲκ
1306 5124 1412 5175 τῶν
1453 5122 1790 5192 Παροιμιῶν.

222 5230 362 5294 Φησὶ
392 5228 499 5295 γάρ
528 5225 554 5277 ό
588 5222 844 5290 Σαλομῶν
876 5223 932 5272 ὲν
962 5220 1150 5281 αὑταῖς
1176 5235 1188 5248 ⁸
1231 5217 1286 5270 '0
1315 5215 1400 5284 μὴ
1432 5230 1793 5283 συμπεριφε-

217 5319 473 5387 ιόμενος
498 5314 576 5380 τῷ
600 5313 817 5369 ἑαυτοῦ
848 5313 991 5377 οἴκῳ
1018 5308 1462 5378 κληρονομήσει
1490 5309 1751 5376 ἀνέμους
1775 5328 1788 5339 ·

225 5412 319 5462 xx‘.
347 5409 708 5476 διακριθῆναι,
743 5407 863 5458 ἀντὶ
890 5403 981 5456 τοῦ
1014 5403 1368 5472 διαιρεθῆναι,
1401 5401 1459 5454 τὸ
1491 5402 1791 5468 ἁμάρτημα

227 5501 324 5565 τῖς
354 5497 588 5564 ἀθέσμου
624 5498 816 5564 μίξεω;
840 5512 851 5524 ’
887 5496 978 5546 καὶ
1012 5493 1264 5560 πορνείαν
1301 5493 1396 5561 μὲν
1427 5489 1792 5557 ὀνομασθῆναι

1838 1785 1879 1838 Β

305 5677 320 5706 ⁸
347 5673 500 5729 [διον.
539 5690 611 5740 vi,
649 5674 739 5728 ‘29.

929 355 1001 413 IN
1045 355 1290 416 EPIST.
1343 359 1398 414 Β.
1445 353 1791 413 ιὶίὲΙέϐΟΙίΙ

1904 353 2192 413 iYSSL‘Nl
2233 355 2740 416 ADLETOIUM.

1914 473 2211 528 diiierentia
2247 478 2299 529 in
2325 477 2530 529 ratione
2555 476 2883 543 pmnituutia:
2910 477 2961 528 in
2990 478 3169 544 iisqui
3209 477 3260 529 in
3298 481 3450 532 volu-

1911 571 2052 631 ptate
2083 573 2395 630 peccarunt,
2435 565 2720 632 ejusmodi.
2760 564 2858 628 Qui
2892 568 3034 616 enim
3053 581 3114 618 ex
3143 582 3199 617 se
3237 567 3356 635 ipso
3383 569 3447 620 ad

1910 667 2004 702 sua
2031 651 2344 720 proferenda
2377 663 2592 720 peccata
2622 654 2885 721 impulsus
2927 661 3027 714 est,
3071 671 3134 706 cn
3165 656 3305 722 quod
3349 671 3447 709 sua

1909 751 2096 809 sponte
2128 743 2458 795 occultorum
2502 754 2778 797 accusator
2812 760 2930 798 esse
2959 746 3207 808 voluerit,
3263 756 3316 822 ut
3358 748 3449 815 qui

1906 833 2012 899 jam
2072 832 2341 885 al'icrtiniii
2415 834 2732 886 medicinam
2796 835 3049 887 adhibere
3098 836 3340 901 t‘a‘pttt'il,
3398 845 3451 886 et

1909 919 2116 986 signum
2173 919 2484 972 mutationis
2523 922 2574 971 in
2628 921 2679 972 id
2730 922 2870 988 quod
2895 930 2976 975 est
3024 922 3216 974 melius
3269 931 3452 975 osten-

1912 1009 2070 1072 derit,
2105 1009 2154 1060 in
2195 1010 2495 1062 mitioribus
2541 1011 2712 1076 pmnis
2753 1021 3014 1064 versatur.
3054 1010 3152 1074 Qui
3184 1022 3358 1064 autem
3395 1013 3453 1065 in-

1910 1101 2048 1150 malo
2083 1100 2444 1166 deprehensus
2489 1107 2589 1160 est,
2630 1101 2710 1152 vel
2745 1108 2958 1167 propter
3006 1101 3237 1167 aliquam
3273 1105 3452 1169 suspi-

1908 1187 2114 1240 cionem
2173 1189 2251 1239 vel
2296 1190 2689 1241 accusationem
2729 1190 2975 1256 ingratiis
3019 1192 3301 1243 convictus
3344 1204 3451 1255 est,

1909 1278 2120 1344 longius
2176 1279 2247 1330 illi
2291 1279 2660 1332 conversionis
2710 1291 2920 1347 tempus
2969 1280 3164 1346 datur;
3223 1291 3279 1332 ut
3338 1283 3453 1349 ipse

1908 1370 2141 1435 perferte
2169 1378 2443 1434 purgatus,
2495 1368 2571 1420 sic
2604 1369 2666 1420 ad
2715 1378 3174 1422 sacramentorum
3215 1384 3454 1422 commu-

1908 1458 2118 1511 nionem
2175 1460 2504 1511 adinillalur.
2556 1457 2648 1511 Est
2694 1474 2819 1526 ergo
2853 1459 3034 1512 Camn
3063 1462 3352 1529 ejusmodi,
3395 1476 3453 1519 ut

1907 1549 1995 1616 qui
2027 1549 2078 1601 in
2128 1548 2480 1602 fornicatione
2520 1551 2704 1616 polluti
2735 1560 2880 1609 sunt,
2931 1551 2985 1601 in
3029 1553 3201 1607 tribus
3235 1556 3456 1621 quidem

1908 1641 2063 1690 annis
2123 1641 2187 1691 ab
2223 1641 2462 1692 Oratione
2506 1640 2725 1693 omnino
2771 1641 3140 1707 exlrellantur;
3195 1643 3246 1694 in
3280 1646 3451 1699 tribus

1908 1737 2084 1783 autem
2117 1730 2224 1782 sint
2278 1731 2445 1782 solius
2485 1729 2776 1783 auditionis
2812 1734 3119 1799 participes.
3173 1731 3226 1784 in
3277 1735 3451 1788 tribus

1907 1827 2080 1870 autem
2121 1819 2258 1878 aliis,
2303 1833 2422 1869 cum
2476 1819 2542 1871 iis
2576 1821 2665 1886 qui
2722 1820 2773 1871 in
2820 1822 3173 1874 conversione
3212 1825 3452 1875 subster-

1907 1917 2130 1971 nuntur,
2188 1915 2494 1974 precentur,
2548 1919 2600 1960 ct
2650 1918 2777 1961 tunc
2825 1911 2932 1963 sint
2986 1923 3448 1966 sacramentorum

1907 1999 2216 2067 participes.
2252 2001 2304 2049 ln
2337 2000 2402 2052 iis
2426 2005 2600 2051 autem
2627 2001 2715 2066 qui
2739 2001 3062 2069 diligentiori
3097 2005 3453 2056 conversione

1908 2090 1990 2141 usi
2020 2088 2232 2150 fuerint,
2268 2099 2318 2141 et
2345 2092 2451 2140 vita
2471 2128 2483 2146 .
2510 2091 2572 2142 ad
2603 2090 2652 2141 ld
2676 2093 2817 2158 quod
2852 2093 3048 2144 bonum
3076 2103 3178 2155 est,
3217 2094 3448 2146 reditum

1904 2178 2257 2241 ostenderint,
2314 2180 2435 2232 licet
2472 2179 2519 2232 ei
2569 2180 2657 2247 qui
2712 2182 3008 2248 dispensat,
3065 2198 3158 2248 pro
3198 2183 3451 2236 ecclesia-

1904 2275 2051 2324 stica:
2080 2271 2392 2324 oeconomia:
2430 2273 2674 2335 utilitate,
2718 2282 2927 2339 tempus
2975 2274 3265 2328 auditinns
3318 2290 3453 2327 cun-

1904 2363 2133 2426 trahere,
2176 2369 2228 2413 et
2258 2362 2485 2414 celerius
2524 2361 2587 2413 ad
2623 2363 3028 2416 conversionem
3057 2365 3357 2418 deducere:
3397 2373 3451 2418 et

1903 2465 2094 2502 rursus
2122 2450 2221 2502 hoc
2247 2465 2460 2517 quoque
2493 2460 2703 2519 tempus
2733 2453 3070 2514 contrahere,
3123 2465 3176 2505 et
3218 2455 3449 2508 celerius

1903 2542 2335 2593 communionem
2381 2539 2619 2599 reddere.
2651 2551 2706 2594 ut
2729 2557 2823 2594 sua
2852 2543 3183 2608 probatione.
3217 2544 3336 2608 ejus
3361 2547 3448 2597 cui

1904 2631 2109 2685 medela
2151 2631 2454 2693 adhibetur,
2483 2631 2924 2683 constitutionem
2961 2631 3446 2698 dijudicet.Quem-

1904 2721 2190 2775 admodum
2221 2725 2361 2776 enim
2395 2723 2572 2789 porcis
2599 2722 2916 2789 margaritas
2948 2722 3212 2788 projicere
3243 2732 3324 2775 est
3353 2739 3447 2778 ve-

1903 2811 2083 2871 tilum,
2140 2811 2211 2862 ita
2260 2820 2310 2863 et
2353 2811 2582 2878 pretiosa
2627 2811 2911 2875 margarita
2946 2811 3155 2876 privare
3187 2826 3306 2863 eum
3356 2814 3446 2878 qui

1899 2899 2007 2966 jam
2038 2912 2134 2965 per
2159 2900 2531 2951 alienationem
2569 2913 2598 2947 a
2633 2899 2760 2949 vitio
2782 2905 2833 2950 et
2861 2899 3229 2964 purgationem
3288 2898 3449 2950 homo

1904 2985 1972 3038 sit
2007 2983 2201 3048 l‘aetus,
2234 2985 2524 3038 absurdum
2559 2992 2656 3037 est.
2692 2984 2819 3048 Qme
2857 2992 3035 3036 autem
3075 2984 3127 3036 in
3180 2985 3448 3037 adulterio

1904 3086 1956 3129 et
1991 3077 2042 3127 in
2089 3076 2306 3142 reliquis
2356 3074 2705 3127 immunditize
2744 3075 3028 3142 generibus
3069 3075 3125 3126 lit
3166 3075 3448 3136 iniquitas,

1903 3174 1959 3218 ut
1993 3166 2192 3217 dictum
2230 3173 2331 3226 est,
2358 3165 2542 3216 eodem
2588 3163 2795 3229 judicio
2830 3165 3080 3230 punietur
3109 3179 3216 3231 quo
3251 3176 3300 3218 et
3334 3163 3446 3216 iar-

1904 3255 2188 3307 nicationis
2222 3255 2417 3314 scelus,
2459 3252 2550 3306 sed
2592 3261 2830 3319 tempore
2881 3252 3261 3319 duplicabitur.
3292 3253 3348 3305 In
3381 3269 3446 3307 eo

1903 3354 2099 3400 autem.
2141 3343 2258 3408 ejus
2288 3341 2447 3392 etiam
2498 3342 2584 3393 cui
2636 3339 2838 3394 medela
2891 3341 3194 3402 adhibetur,
3235 3341 3445 3396 ali‘ectio

1906 3428 2353 3490 ronsiderabitur,
2380 3445 2485 3496 quo
2508 3431 2664 3482 modo
2691 3439 2745 3482 et
2780 3429 2832 3481 in
2869 3429 2934 3482 iis
2956 3431 3046 3498 qui
3075 3429 3447 3486 fornicationis

1906 3519 2309 3584 inquinamento
2345 3518 2615 3586 illaqueati
2662 3529 2808 3581 sunt,
2856 3528 2914 3571 ut
2941 3521 3016 3572 vel
3048 3520 3207 3574 citius
3235 3518 3316 3573 vel
3339 3527 3446 3574 tar-

1909 3608 2031 3664 dius
2048 3606 2128 3664 εἰς
2148 3611 2218 3662 sit
2240 3610 2363 3663 boni
2391 3609 2742 3677 participatio.

1979 3759 2141 3830 158
2172 3757 2366 3813 BALS.
2403 3758 2557 3813 Nunc
2585 3759 2649 3812 de
2681 3759 2934 3828 peccatis,
2965 3775 3084 3829 quae
3133 3760 3185 3813 in
3225 3766 3464 3831 concupi-

1901 3852 2075 3904 seibili
2101 3854 2292 3904 animae
2315 3851 2567 3905 facultate
2594 3860 2912 3914 nascuntur,
2944 3851 3159 3905 disserit
3192 3850 3376 3920 Pater,
3407 3868 3469 3906 ex

1898 3941 2094 4006 quibus
2145 3942 2275 3995 dicit
2327 3955 2447 3995 esse
2497 3941 2816 3993 adulterium
2865 3951 2916 3994 et
2945 3941 3378 4005 fornicationem,
3412 3956 3466 3996 et

1901 4032 2200 4101 Stlbjungil,
2237 4034 2379 4100 quod
2409 4033 2728 4101 quibusdam
2764 4031 3138 4085 subtilioribus
3185 4033 3470 4086 fornicatin

1901 4135 2112 4188 quoque
2147 4131 2370 4174 vocatur
2396 4121 2717 4174 adulterium
2749 4138 2761 4175 :
2795 4124 2920 4190 quia
2976 4123 3150 4174 niariti
3187 4134 3240 4176 et
3287 4127 3471 4179 uxoris

1901 4213 2365 4280 coituslegitimus
2393 4224 2514 4273 est;
2570 4211 2662 4264 sed
2694 4213 2736 4264 si
2770 4213 2896 4278 quid
2949 4212 3040 4266 ﬁat
3075 4213 3217 4266 aliud
3273 4229 3472 4283 praeter

1897 4302 2114 4364 eum,id
2159 4301 2525 4370 cstinjustum
2566 4311 2620 4356 et
2642 4301 2852 4370 legibus
2890 4304 3466 4375 contrarium,etqui-

1896 4404 2109 4455 ennqne
2137 4404 2243 4442 non
2272 4391 2440 4442 utitur
2483 4394 2722 4458 proprio,
2747 4391 2920 4443 utitur
2945 4391 3145 4445 alieno.
3177 4393 3470 4456 Quodcun-

1895 4499 2004 4551 que
2032 4496 2156 4537 vero
2184 4482 2354 4535 cuivis
2379 4498 2481 4534 non
2519 4492 2600 4535 est
2627 4483 2926 4551 pmprium.
2952 4482 3080 4536 illud
3102 4484 3336 4536 alienum
3363 4496 3467 4550 est,

1897 4574 2106 4627 etiamsi
2139 4573 2411 4626 dominum
2450 4587 2554 4626 non
2596 4575 2810 4627 haheat.
2850 4572 2915 4627 Et
2957 4584 3242 4643 propterea
3295 4574 3466 4629 forni-

1895 4667 2036 4718 catio
2074 4679 2175 4716 non
2213 4663 2367 4731 longe
2416 4664 2602 4716 abesse
2633 4665 2742 4716 visa
2775 4673 2857 4717 est
2899 4666 2965 4717 ab
3003 4667 3287 4718 adulterio.
3340 4665 3470 4720 Hzec

1895 4757 2022 4806 dicit
2058 4751 2274 4809 saucius
2321 4755 2390 4806 ita
2445 4755 2609 4808 astrui
2663 4755 2728 4806 ab
2775 4755 2860 4818 iis,
2915 4756 3002 4823 qui
3058 4755 3476 4810 fornicationem

1896 4847 1960 4898 ad
1990 4845 2231 4899 auulterii
2263 4857 2537 4912 pereatqu
2573 4845 2831 4898 reducunt
2859 4861 2873 4897 :
2931 4845 3338 4900 imbecilliorum
3376 4863 3472 4899 an-

1898 4948 1998 4990 lem
2053 4945 2394 5004 peccatorum
2453 4933 2621 4987 fuisse
2665 4935 2894 5003 aliquam
2951 4933 3200 4988 Patribns
3256 4953 3468 5004 συμπε-ο

1898 5026 2152 5112 ριφορὰν,
2208 5024 2320 5077 sive
2374 5024 2687 5078 oeconomia:
2735 5026 3251 5079 condescensionem
3307 5028 3460 5078 dicit.

1897 5115 2136 5169 Sumilur
2168 5123 2342 5168 autem
2397 5115 2560 5167 dictio
2590 5129 2651 5166 ex
2704 5112 3030 5168 Proverbiis.
3071 5115 3204 5168 Dicit
3237 5117 3378 5167 enim
3411 5117 3461 5168 in

1895 5211 1973 5264 eis
2022 5209 2296 5270 Salomon,
2355 5210 2382 5260 ό
2435 5207 2509 5276 μὴ
2555 5206 3092 5275 συμπεριφερόμενος
3145 5203 3221 5274 τῷ
3266 5206 3474 5258 ἑαυτοῦ·

1894 5303 2046 5371 οἴκῳ,
2083 5304 2180 5356 hoc
2207 5313 2309 5361 est,
2345 5300 2448 5364 Qui
2486 5304 2666 5351 domus
2695 5314 2806 5350 sua:
2831 5314 3011 5350 curam
3044 5313 3144 5350 non
3175 5299 3327 5365 gerit,
3359 5297 3472 5351 Ιιιεα

1897 5395 2132 5446 redimiri:
2168 5392 2405 5454 remos’;
2442 5399 2494 5444 et
2530 5398 2807 5458 peccatum
2845 5389 3101 5459 illegitimi
3134 5389 3305 5442 coitus
3345 5391 3463 5442 esse

1901 5487 2207 5537 distinctum
2260 5499 2352 5535 seu
2409 5481 2676 5544 divisum;
2714 5491 2761 5533 ct
2799 5480 3207 5533 luruicalionein
3241 5477 3459 5542 quidem
