3946 6342
147 402 265 468 873

896 406 973 470 lN
1007 407 1248 468 EPIST.
1283 407 1344 466 S.
1384 405 1764 467 GREGORH
1805 405 2127 471 NYSSENI
2156 413 2254 471 AD
2288 412 2654 473 LETOIUM.

3283 413 3386 472 874.

149 522 393 589 ὦρισται
416 539 428 553 ·
466 522 740 577 κάνταῦθα
775 523 829 576 δὲ
863 524 922 576 τὺ
958 526 1244 594 συειτεμείν
1277 521 1368 576 τὸν
1402 525 1589 593 χρόνον
1624 522 1718 574 τοῦ

1855 524 2114 581 lefinitum
2155 526 2208 580 in
2256 527 2642 592 fornicatione,
2675 528 2998 583 sexennium
3033 529 3086 583 in
3129 528 3391 583 adulterae

151 612 469 681 ἐπιτιμίου,
503 611 534 682 ἢ
566 613 821 681 αὐξῆσαι,
849 615 943 666 τοῦ
973 615 1384 686 οίκονομοῠντος
1413 618 1478 684 τῇ
1510 613 1721 680 διακρί-

156 717 247 752 σει
275 703 399 764 τοὺς
431 704 488 756 ἐν
520 704 775 772 μετανοίᾳ
802 702 1028 756 δίδωσιν.
1394 689 1403 695 ’

771 913 1010 967 ΚΑΝΩΝ
1040 913 1114 966 E'.

237 1018 494 1069 Δείπεται
520 1015 653 1084 πρὸς
676 1013 880 1075 τούτοις
900 1014 959 1066 τὸ
974 1012 1248 1084 θυμοειδὲς
1277 1013 1371 1082 τῆς
1388 1014 1563 1084 ψυχῆς
1589 1032 1720 1088 προ-

161 1107 341 1159 θεῖναι
375 1108 452 1164 είς
495 1105 754 1170 ἐξέτασιν,
799 1103 924 1155 ὅταν
949 1101 1360 1171 παρασφαλεῖσα
1387 1103 1482 1172 τῆς
1516 1103 1724 1173 ἀγαθῆς

157 1193 265 1246 τοῦ
310 1194 478 1263 θυμοῦ
518 1196 790 1264 χρήσεως,
824 1195 902 1253 είς
936 1190 1202 1259 ἁμαρτίαν
1231 1191 1454 1261 ἐκπέσῃ.
1513 1193 1724 1246 Πολλῶν

159 1296 226 1333 τε
259 1281 425 1334 ὄντων
457 1281 595 1334 κατά
610 1281 777 1350 θυμὸν
794 1282 871 1342 είς
895 1280 1161 1349 ἁμαρτίαν
1187 1279 1608 1348 ἐνεργουμένων,
1630 1286 1722 1335 καὶ

161 1373 389 1425 πάντων
415 1371 618 1437 κακῶν,
661 1371 822 1440 ἧρεσέ
851 1387 964 1432 πως
1005 1372 1116 1432 τοῖς
1160 1369 1431 1439 Ιιατράσιν
1462 1371 1631 1438 ἡμῶν,
1665 1375 1722 1425 ἐν

159 1465 284 1522 τοῖς
325 1462 501 1524 ἀλλοις
537 1461 610 1531 μὴ
659 1460 778 1514 λίαν
820 1458 1304 1530 ἀκριϐολογεῖσθαι,
1354 1459 1486 1528 μηδὲ
1529 1461 1724 1532 πολλῆς

160 1553 321 1617 ἀξιον
353 1553 595 1624 ἡγεῖσθαι
626 1552 875 1620 σπουδῆς,
909 1550 970 1603 τὸ
1006 1549 1324 1618 θεραπεύειν
1360 1549 1535 1604 πάντα
1564 1551 1631 1604 τὰ
1662 1555 1725 1606 ἐκ

163 1643 345 1712 θυμοῦ
371 1644 784 1712 παραπτώματα
803 1657 816 1670 ο
856 1641 948 1692 καί
974 1640 1056 1693 τοί
1086 1657 1153 1708 γε,
1172 1641 1266 1709 τῆς
1292 1641 1527 1710 Γραφῆς,
1551 1639 1612 1693 οὐ
1642 1645 1732 1712 μό.

161 1747 261 1784 νον
303 1730 624 1802 τὴν⁶ψυχὴν
661 1728 1102 1798 ἀπαγορευούσης
1152 1727 1361 1796 πληγήν
1390 1743 1402 1756 ·
1453 1727 1584 1782 ἀλλά
1635 1732 1728 1783 καὶ

162 1822 354 1873 πᾶσαν
384 1820 667 1889 λοιδορίαν,
712 1817 744 1888 ἢ
779 1818 1139 1887 βλασφημίαν,
1178 1816 1271 1868 καὶ
1299 1817 1351 1868 εί
1381 1833 1433 1868 τι
1461 1817 1586 1871 ἄλλο
1617 1837 1728 1874 τοι-

161 1910 328 1964 οῦτον
355 1913 382 1962 ὁ
417 1910 581 1978 θυμὸς
618 1907 1013 1977 ἀπεργάζεται·
1062 1907 1217 1976 μόνον
1243 1907 1298 1959 δὲ
1336 1909 1427 1960 τοῦ
1461 1909 1598 1962 κατά
1638 1911 1762 1964 τδν¹

167 2003 335 2072 φόνον
361 2002 524 2068 ἄγους
560 2001 658 2069 τὴν
687 1999 1076 2070 παραφυλακὴν
1119 1999 1456 2067 ἐποιήσαντο,
1502 2001 1588 2054 διὰ
1622 2000 1728 2053 τῶν

168 2090 480 2160 ἐπιτιμίων.
513 2089 769 2161 Διῄρηται
796 2085 850 2141 δὲ
879 2089 940 2140 τὸ
972 2088 1204 2141 τοιοῦτον
1230 2088 1392 2142 κακὸν
1417 2094 1481 2160 τῇ
1502 2091 1728 2162 διαφορᾷ

167 2181 268 2235 τοῦ
303 2181 547 2235 ἑκουσίου
588 2198 648 2233 τε
692 2181 786 2233 καὶ
825 2181 1100 2242 ἀκουσίου,
1133 2180 1189 2232 ἐν
1217 2176 1296 2242 οἷς
1345 2181 1584 2243 ἑκούσιος
1635 2182 1730 2249 μέν

170 2275 292 2326 ἐστι
321 2274 493 2340 φόνος.
531 2271 750 2342 Πρῶτον
774 2271 890 2341 μὲν,
931 2273 959 2324 ό
994 2271 1057 2323 ἐκ
1089 2270 1434 2340 παρασκευῆς
1466 2271 1729 2340 τετολμη-

175 2364 340 2432 μένος
365 2363 456 2415 τοῦ
480 2363 557 2426 είς
582 2362 711 2415 αὐτὸ
739 2362 890 2415 τοῦτο
917 2361 1391 2431 εὑτρεπισαμένου,
1419 2361 1563 2424 ὅπως
1582 2361 1646 2413 ἀν
1672 2361 1731 2414 τὸ

172 2456 308 2520 ἄγος
329 2455 642 2523 ἐργάσηται.
665 2455 889 2505 Ἔπειτα
905 2451 959 2505 δέ
984 2453 1229 2514 κάκεῖνος
1261 2453 1316 2503 ἐν
1338 2455 1446 2514 τοῖς
1469 2453 1731 2516 ἑκουσίοις

175 2543 457 2613 ἐνομίσθη,
479 2543 604 2594 ὅταν
622 2559 706 2604 τις
735 2543 792 2594 ἐν
810 2542 1089 2611 συμπλοκῇ
1126 2544 1215 2594 καὶ
1243 2543 1408 2612 μάχῃ,
1431 2543 1641 2594 τύπτων
1674 2561 1730 2593 τε

176 2634 274 2685 καὶ
301 2633 648 2701 τυπτόμενος,
663 2631 857 2700 ἐνέγκῃ
878 2631 1014 2682 κατά
1032 2646 1174 2692 τινος
1197 2632 1408 2699 καιρίου
1424 2632 1519 2700 τὴν
1535 2631 1621 2684 διὰ
1638 2633 1732 2700 τῆς

178 2719 361 2791 χειρὸς
390 2720 621 2790 πληγήν.
656 2720 715 2772 '0
734 2720 839 2790 γάρ
862 2719 1005 2783 ἅπαξ
1029 2719 1105 2788 τῷ
1125 2718 1278 2787 θυμῷ
1307 2721 1614 2790 κρατηθεὶς,
1643 2721 1733 2771 καὶ

180 2811 248 2878 τῇ
276 2811 418 2879 ὁρμῇ
460 2809 558 2877 τῆς
595 2810 758 2879 ὀργῆς
787 2809 1153 2880 χαριζόμενος,
1189 2808 1336 2860 οὐδὲν
1374 2807 1438 2860 ἂν
1469 2807 1616 2877 παρᾶ
1647 2809 1735 2858 τὸν

189 2895 373 2964 καιρὸν
403 2895 495 2948 τοῦ
519 2897 718 2960 πάθους
737 2897 845 2949 τῶν
869 2896 1130 2964 ἀνακόψαι
1161 2895 1220 2946 τὸ
1245 2894 1407 2947 κακὸν
1431 2893 1736 2962 δυναμένων

187 2984 280 3036 ἐπὶ
308 2983 430 3036 νοῦν
457 2982 628 3033 λάὖοι.
675 2980 831 3031 Ὥστε
863 2977 953 3031 καὶ
974 2981 1046 3029 τὰ
1061 2979 1122 3030 ἐκ
1147 2979 1416 3047 τῆς-συμπ
1446 2976 1578 3045 οκῆς
1610 2978 1736 3028 ἀπο‹

191 3069 430 3137 τέλεσμα
456 3066 549 3119 τοῦ
586 3067 764 3134 φόνου,
804 3068 882 3128 είς
907 3066 1064 3136 ἔργον
1099 3066 1482 3134 προαιρέσεως,
1522 3065 1613 3119 καὶ
1645 3066 1743 3118 οὐκ

194 3160 272 3220 είς
294 3157 590 3226 ἀποτυχίαν
615 3157 890 3223 ἀνάγεται.
919 3157 979 3207 Οἱ
1003 3155 1057 3206 δέ
1081 3155 1317 3207 ἀκούσιοι
1340 3154 1544 3225 φανερὰ
1565 3154 1743 3224 ἔχουσι

194 3245 262 3298 τά
289 3244 640 3314 γνωρίσματα
660 3260 673 3274 ο
713 3245 838 3296 ὅταν
884 3259 963 3303 τις
994 3241 1126 3311 πρὸς
1157 3241 1337 3310 ἕτερόν
1366 3258 1416 3292 τι
1445 3240 1540 3309 τὴν
1579 3256 1742 3292 σπουο

193 3334 294 3404 δὴν
337 3334 504 3403 ἔχων,
542 3332 602 3396 ἐξ
634 3331 926 3401 ἀποτυχίας
955 3347 1006 3382 τι
1053 3329 1158 3381 τῶν
1198 3329 1501 3399 ἀνηκέστων
1549 3328 1737 3398 δράσῃ.

207 3422 330 3473 Ἐπὶ
370 3420 568 3473 τούτων
614 3420 790 3472 τοίνυν
834 3421 862 3471 ὁ
909 3418 1004 3486 μὲν
1050 3418 1223 3485 φόνος,
1267 3418 1343 3478 είς
1392 3415 1740 3486 τριπλασίονα

197 3510 384 3579 χρόνον
421 3509 814 3578 παρατείνεται,
849 3510 958 3568 τοῖς
991 3505 1055 3558 δι’
1087 3507 1413 3574 ἐπιστροφῆς
1446 3505 1740 3573 θεραπευο-

202 3600 382 3668 μένοις
407 3599 464 3650 ea
493 3598 732 3650 ἑκούσιον
757 3597 906 3662 ἄγος.
951 3595 1238 3661 Τρισεννέα
1270 3595 1375 3661 γάρ
1404 3596 1534 3644 είσιν
1567 3594 1732 3643 ἐνιαυ-

198 3689 298 3752 τοὶ,
335 3687 452 3739 καθ’
480 3687 705 3739 ἕκαστον
751 3683 950 3753 βαθμὸν
979 3684 1074 3750 τῆς
1101 3683 1310 3742 ἐννάδος
1337 3680 1441 3732 τῶν
1473 3680 1604 3731 ἐτῶν
1633 3683 1744 3748 ὁρι-

201 3778 437 3846 σθείσης,
464 3775 600 3828 ὥστε
630 3777 685 3827 ἐν
718 3775 813 3842 μὲν
841 3773 916 3841 τῷ
945 3771 1189 3824 παντελεῖ
1207 3771 1507 3840 ἀφορισμῷ,
1526 3772 1741 3840 ἐνναετή

200 3867 388 3936 χρόνον
434 3863 767 3932 διαγενέσθαι
812 3861 1199 3930 ἀπειργόμενον
1240 3859 1336 3927 τῆς
1395 3858 1738 3928 Ἐκκλησίας’

201 3959 332 4011 ἀλλα
373 3957 430 4008 δὲ
477 3955 709 4009 τοσαῦτα
751 3953 844 4022 ἔτη
891 3955 947 4004 ἐν
978 3955 1042 4020 τῇ
1090 3950 1344 4019 ἀκροάσει
1395 3952 1739 4019 παραμεῖναι,

205 4048 370 4116 μόνης
389 4045 493 4097 τῶν
519 4043 845 4096 διδασκάλων
876 4042 967 4094 καὶ
1006 4042 1101 4110 τῆς
1132 4041 1238 4092 τῶν
1279 4039 1507 4109 Γραφῶν
1545 4037 1745 4108 ἀκροά-

204 4154 362 4200 σεως,
416 4135 508 4186 καὶ
540 4132 676 4203 μετὰ
709 4135 806 4200 τῆς
837 4129 928 4182 τοῦ
979 4130 1106 4182 λαοῦ
1138 4129 1436 4189 συστάσεως
1497 4127 1745 4194 ἀξιούμε-

204 4244 319 4288 νον,
372 4226 428 4276 ἐν
459 4224 512 4275 δὲ
554 4223 709 4293 τρίτῃ
754 4221 964 4284 ἐννὰδι,
1027 4217 1160 4288 μετά
1197 4217 1301 4270 τῶν
1343 4216 1748 4281 ὑποπιπτόντων

208 4317 262 4369 ἐν
319 4317 384 4383 τῇ
459 4316 750 4382 ἐπιστροφῇ
824 4307 1284 4380 προσευχόμενον,
1340 4306 1507 4369 οὕτως
1577 4306 1747 4359 ἐλθεῖν

209 4406 297 4458 ἐπὶ
354 4405 451 4474 τὴν
514 4399 794 4472 μετουσίαν
837 4400 926 4452 τοῦ
981 4401 1312 4468 ἀγιάσματος
1341 4415 1356 4429 ⁶
1417 4396 1612 4468 δηλαδὴ
1657 4397 1750 4450 καὶ

213 4494 300 4545 ἐπί
339 4491 431 4544 τοῦ
468 4487 722 4551 τοιούτου,
766 4488 796 4556 ἡ
836 4486 969 4555 αὐτὴ
1017 4486 1381 4554 προστήρησις
1414 4486 1559 4536 ἔσται
1602 4484 1749 4553 παρά

211 4583 299 4638 τοῦ
337 4583 732 4654 οίκονομοῦντος
774 4581 868 4648 τὴν
912 4579 1251 4646 Ἐκκλησίαν,
1293 4578 1385 4628 καὶ
1440 4576 1571 4644 πρὸς
1599 4574 1751 4640 λόγον

211 4673 303 4744 τῆς
334 4670 660 4741 ἐπιστροφῆς
715 4669 1138 4738 συντμηθήσεται
1168 4668 1312 4735 αὐτῷ
1338 4667 1428 4718 καὶ
1457 4669 1488 4734 ἡ
1513 4664 1604 4718 τοῦ
1639 4664 1752 4715 ἐπι-

213 4766 387 4835 τιμίου
427 4764 746 4832 παράτασις,
779 4759 916 4814 ὥστε
941 4762 1058 4812 ἀντὶ
1081 4760 1232 4811 ἐννέα
1258 4759 1412 4819 ἐτῶν,
1438 4759 1520 4824 ἐφ’
1547 4755 1754 4824 ἑκάστῳ

217 4856 405 4926 βαθμῷ
436 4853 574 4908 ὀκτὼ
610 4854 641 4922 ἢ
674 4853 810 4905 ἑπτὰ
843 4854 875 4921 ἢ
911 4851 987 4917 ἓξ,
1039 4850 1071 4919 ἢ
1108 4851 1196 4902 καὶ
1242 4849 1396 4901 πέντε
1446 4847 1576 4915 μόνα
1608 4846 1755 4912 γενέ-

219 4950 368 5000 σθαι’
405 4948 555 5016 είπερ
597 4945 658 4996 τὸ
686 4942 907 5013 μέγεθος
955 4941 1054 5009 τῆς
1097 4940 1422 5008 ἐπιστροφῆς
1463 4936 1631 5004 νικοίη
1667 4935 1756 4988 τὸν

217 5037 417 5104 χρόνον,
449 5034 540 5085 καὶ
560 5030 939 5100 ὑπερὸἁλλοιτο
965 5032 1029 5098 τῇ
1070 5028 1264 5096 σπουδῇ
1288 5027 1380 5095 τῆς
1422 5019 1756 5089 διορθώσεως

216 5124 334 5183 τοὺς
365 5122 419 5171 ἐν
458 5122 522 5188 τῇ
560 5119 739 5187 μακρᾷ
771 5115 1072 5187 προθεσμίᾳ
1100 5111 1460 5186 ρᾳθυμότερόν
1492 5127 1606 5173 πως
1635 5112 1758 5162 ἐαυ-

218 5216 338 5271 τοὺς
367 5209 469 5260 ἀπὸ
504 5207 601 5274 τῆς
644 5206 853 5274 κηλίδος
883 5204 1250 5272 καθαίροντας.
1309 5200 1379 5253 Τὸ
1406 5200 1460 5251 δὲ
1483 5198 1755 5262 ἀκούσιον,

222 5298 549 5366 συγγνωστὸν
579 5296 691 5366 μὲν,
724 5295 782 5347 οὐ
818 5295 919 5364 μὴν
952 5291 1226 5344 ἐπαινετὸν
1259 5290 1468 5358 ἐκρίθη.
1507 5286 1671 5341 Τοῦτο
1703 5288 1760 5340 δὲ

222 5387 394 5450 εἷπον,
446 5387 582 5439 ὥστε
629 5387 782 5455 δῆλον
813 5382 1092 5450 γενέσθαι,
1149 5382 1227 5434 ὅτι
1260 5381 1357 5432 κᾶν
1391 5379 1653 5439 ἀκουσίως
1678 5395 1756 5440 τις

222 5473 433 5540 γένηται
470 5473 525 5523 ἐν
562 5470 636 5539 τῷ
663 5469 755 5522 τοῦ
790 5469 944 5536 φόνου
993 5468 1275 5536 μιάσμασι,
1315 5466 1510 5534 ὠςνῆδη
1542 5466 1761 5534 βέϐηλον

227 5564 376 5614 αὑτὸν
399 5563 502 5614 ἀπὸ
531 5561 622 5612 τοῦ
651 5561 814 5628 ἄγους
847 5559 1145 5626 γενόμενον,
1169 5557 1465 5625 ἀπόϐλητον
1491 5555 1762 5626 ἱερατικῆς

229 5653 433 5719 χάριτος
470 5653 497 5703 ὁ
536 5650 708 5701 κανὼν
755 5649 1064 5715 ἀπεφήνατο
1092 5663 1102 5674 ·
1155 5645 1275 5706 ὅσος
1314 5645 1366 5696 δέ
1397 5647 1540 5697 ἐστιν
1579 5644 1669 5696 ἐπί
1695 5646 1761 5712 τῇ

221 5744 346 5808 «illi:
377 5741 588 5806 rte-ovat;
628 5738 718 5790 τοῦ
743 5736 1039 5820 καθαρσίου
1080 5737 1106 5786 ὁ
1141 5736 1344 5804 χρόνος,
1391 5734 1634 5796 τοσοῦτος
1673 5733 1762 5786 καὶ⁵

529 5835 773 5894 Parum.
839 5836 925 5895 Gn
1007 5837 1092 5895 {IX
1114 5835 1370 5901 \ZXVfll.

1768 1879 1809 1932 B

1840 631 1896 676 et
1931 619 2155 692 reliquis
2188 622 2474 676 definitum
2509 632 2615 676 est.
2652 621 2822 678 Porro
2861 622 2949 676 hic
2979 635 3190 690 quoque
3221 636 3393 691 paena:

1841 725 2052 780 tempus
2093 715 2434 778 contrahere,
2464 715 2544 767 vel
2578 728 2796 783 augere,
2841 714 2978 783 ejus,
3006 713 3096 782 qui
3126 712 3396 780 paeniten-

1841 806 1967 859 tiam
2017 816 2240 874 agentes
2271 807 2568 876 dispensat,
2597 805 2802 872 judicio
2831 806 3100 875 relinquit.

2449 921 2674 977 CANON
2716 923 2774 976 V.

1910 1011 2093 1068 Restat
2147 1015 2214 1068 ad
2257 1015 2370 1069 haec
2432 1025 2486 1068 ut
2547 1017 2869 1070 irascentem
2930 1018 3122 1069 animze
3183 1025 3386 1084 partem

1841 1106 2249 1160 examinandam
2288 1123 2674 1176 proponamus,
2710 1111 2926 1177 quando
2973 1111 3118 1178 lapsa
3171 1125 3199 1162 a
3256 1110 3395 1162 bono

1837 1198 1930 1249 ita:
2011 1212 2109 1252 usu
2197 1199 2251 1251 in
2339 1209 2617 1268 peccatum
2703 1199 2980 1255 ceciderit.
3075 1199 3209 1255 Cum
3299 1215 3397 1253 au-

1848 1295 1954 1340 tem
1995 1289 2165 1341 multa
2225 1288 2333 1338 sint
2383 1299 2502 1353 qua
2548 1299 2642 1352 per
2693 1287 2827 1337 iram
2890 1283 3023 1338 fiunt
3078 1291 3294 1351 peccata
3344 1293 3396 1336 et

1852 1378 2027 1434 omnis
2065 1376 2275 1445 generis
2311 1376 2472 1434 mala.
2517 1374 2718 1442 placuit
2750 1373 3001 1426 omnibus
3049 1373 3248 1426 nostris
3296 1372 3398 1424 Pa-

1852 1469 2026 1521 tribus
2099 1468 2150 1519 in
2213 1465 2332 1519 aliis
2404 1463 2620 1533 quidem
2673 1478 2778 1515 non
2843 1463 3065 1515 nimium
3130 1463 3396 1517 subtiliter

1852 1572 2030 1628 agere,
2067 1571 2166 1610 nec
2200 1555 2426 1608 nimium
2462 1556 2514 1608 in
2546 1570 2610 1608 eo
2659 1554 2822 1608 studii
2856 1567 3136 1622 opemque
3177 1567 3394 1622 ponere,

1862 1656 1921 1702 ut
1945 1647 2123 1702 omnia
2155 1661 2272 1714 quze
2298 1662 2362 1700 ex
2397 1645 2474 1698 ira
2506 1653 2857 1698 nascerentur
2885 1643 3077 1697 delicta
3109 1650 3395 1706 curarent;

1855 1737 2102 1808 quamvis
2139 1733 2417 1802 Scriptura
2471 1750 2578 1787 non
2625 1734 2796 1786 solum
2850 1732 3047 1785 vulnus
3095 1719 3396 1799 prohibeat,

1857 1828 1950 1882 sed
1979 1827 2140 1881 etiam
2166 1840 2325 1879 omne
2365 1824 2667 1877 convicium
2706 1823 2782 1874 vel
2818 1822 3183 1882 maledictum,
3243 1828 3295 1874 et
3352 1824 3399 1874 si

1854 1915 1981 1984 quid
2015 1913 2157 1967 aliud
2204 1912 2465 1980 ejusmodi
2499 1912 2571 1963 ita
2623 1911 2825 1976 etlicrt;
2863 1909 2955 1964 sed
3012 1909 3180 1963 solam
3237 1909 3400 1961 cadis

1855 2003 2160 2056 cautionem
2219 2002 2332 2056 suis
2388 2003 2566 2071 pinnis
2640 2000 3076 2053 introduxerunt.
3135 1997 3402 2051 Dividitur

1855 2100 2032 2146 autem
2066 2091 2167 2144 hoc
2196 2091 2428 2156 malum,
2457 2090 2753 2144 differentia
2786 2089 3101 2143 voluntaria:
3154 2099 3206 2142 et
3245 2089 3399 2141 invo-

1856 2185 2138 2238 luntariaz:
2196 2190 2250 2237 et
2303 2191 2388 2236 est
2441 2182 2615 2235 caedes
2649 2179 2864 2249 quidem
2901 2179 3229 2241 voluntaria,
3278 2191 3402 2244 quas

1856 2274 2224 2346 praemeditate
2282 2281 2534 2342 suscepta
2588 2280 2672 2324 est
2708 2271 2775 2325 ab
2833 2284 2897 2324 eo
2926 2270 3017 2338 qui
3080 2283 3138 2324 se
3171 2267 3237 2322 ad
3297 2267 3402 2321 hoc

1855 2372 2259 2434 comparaverat
2288 2372 2346 2416 ut
2407 2365 2509 2416 hoc
2538 2362 2750 2417 facinus
2786 2369 3139 2430 perpetraret.
3200 2360 3401 2414 Deinde

1855 2455 1985 2508 illud
2015 2469 2233 2523 quoque
2265 2453 2318 2506 in
2349 2453 2664 2506 voluntariis
2694 2451 3061 2506 existimatum
3090 2458 3194 2512 est,
3225 2464 3400 2518 quan-

1855 2545 2080 2613 d0‘quis
2121 2546 2177 2597 in
2235 2557 2525 2612 congressu
2588 2541 2880 2598 verberans
2944 2550 2998 2595 et
3056 2541 3396 2602 verberatus,

1856 2648 2016 2686 manu
2067 2632 2276 2701 plagam
2309 2630 2633 2684 mortiferam
2696 2630 2959 2684 intulerit.
2995 2629 3096 2694 Qui
3136 2628 3280 2684 enim
3319 2629 3400 2682 ira

1857 2721 2020 2775 semel
2049 2721 2225 2774 victus
2274 2727 2443 2780 est,et
2489 2719 2654 2772 animi
2702 2720 3020 2788 appetitioni
3067 2719 3230 2782 cedit,
3251 2717 3398 2772 nihil

1856 2824 2043 2864 eorum
2072 2825 2192 2877 qua:
2227 2809 2423 2861 malum
2470 2815 2688 2875 possent
2739 2817 3039 2878 amputare,
3073 2808 3121 2863 ei
3155 2810 3211 2862 in
3247 2823 3393 2861 men—

1857 2902 1964 2969 tem
1992 2895 2154 2949 venit.
2189 2896 2363 2960 Quare
2388 2906 2438 2949 et
2471 2895 2581 2949 illic
2611 2912 2823 2966 quoque
2858 2902 2946 2969 qui
3000 2916 3065 2954 ex
3117 2905 3391 2952 concerta-

1852 2967 2002 3021 tione
2036 2970 2308 3037 prol'ectus
2331 2978 2434 3034 est,
2476 2970 2641 3027 caedis
2664 2967 2910 3036 eventus,
2955 2976 3009 3028 in
3056 2977 3254 3029 factum
3301 2993 3390 3031 νο-

1856 3059 2171 3117 luntarium,
2202 3072 2306 3110 non
2363 3059 2415 3112 in
2449 3074 2635 3113 casum
2671 3063 2970 3118 confertur.
3021 3064 3395 3119 lnvoluntaria:

1856 3155 2033 3200 autem
2069 3147 2266 3200 habent
2305 3149 2587 3203 manifesta
2641 3151 2862 3215 indicia,
2894 3153 3112 3222 quando
3141 3155 3262 3222 quis
3293 3155 3392 3207 ali-

1780 3261 1822 3318 C
1856 3235 1941 3288 cui
1974 3236 2126 3290 alteri
2154 3238 2228 3290 rei
2257 3239 2492 3293 studium
2526 3242 2821 3309 applicans,
2853 3258 2982 3298 casu
3015 3245 3392 3313 gravissimum

1855 3325 2071 3392 aliquod
2097 3327 2293 3379 malum
2327 3331 2636 3397 patravcrit.
2668 3329 2723 3383 ln
2770 3332 2853 3386 his
2893 3347 3040 3402 ergo,
3067 3333 3240 3388 caedes
3273 3336 3395 3403 qui-

1854 3411 1975 3465 dem
2009 3414 2062 3466 in
2095 3415 2287 3483 triplex
2319 3423 2529 3486 tempus
2557 3421 2865 3473 extenditur
2913 3421 2980 3476 iis
3028 3422 3118 3490 qui
3151 3437 3244 3490 per
3272 3437 3395 3476 con-

1854 3502 2159 3556 versionem
2195 3507 2499 3559 voluntario
2535 3505 2763 3560 facinori
2809 3508 3107 3562 remedium
3142 3509 3389 3563 aﬂ'erunt.

1856 3588 1960 3642 Ter
1991 3606 2179 3645 novem
2210 3593 2370 3646 etiam
2404 3603 2529 3647 sunt
2585 3596 2735 3660 anni,
2799 3597 3092 3651 novenario
3129 3613 3392 3652 annorum

1857 3689 2079 3730 numero
2112 3679 2166 3732 in
2199 3693 2519 3750 unoquoque
2553 3683 2720 3751 gradu
2754 3685 3033 3753 prafinito,
3083 3696 3140 3739 ut
3183 3687 3233 3740 in
3271 3704 3392 3756 per-

1860 3763 1994 3818 fecta
2056 3767 2273 3834 quidem
2315 3775 2677 3840 segregatione
2718 3789 2908 3828 novem
2962 3791 3223 3830 annorum
3262 3787 3395 3831 tem-

1857 3869 1987 3922 pore
2019 3866 2258 3911 versetur
2293 3860 2360 3913 ab
2397 3860 2630 3916 Ecclesia
2659 3863 3004 3931 prohibitus;
3054 3867 3189 3922 alios
3216 3877 3391 3922 autem

1859 3952 1938 3998 tot
1968 3961 2138 4002 annos
2171 3949 2222 4002 in
2269 3950 2541 4005 auditione
2589 3963 2917 4020 permaneat,
2961 3957 3074 4009 sola
3112 3957 3390 4010 doctorum

1857 4044 1912 4089 et
1959 4036 2356 4106 Scripturarum
2407 4043 2677 4097 auditione
2716 4052 2766 4100 et
2801 4047 3210 4099 conversatione
3269 4063 3392 4099 cum

1859 4127 2054 4195 populo
2081 4128 2274 4196 dignus
2311 4130 2546 4195 habitus,
2572 4134 2624 4186 in
2661 4134 2821 4188 tertio
2875 4144 3051 4188 autem
3103 4137 3397 4190 novena‘rio

1857 4231 1980 4269 cum
2003 4218 2290 4273 substratis
2320 4221 2372 4273 in
2405 4224 2762 4277 conversione
2801 4238 2982 4287 orans,
3022 4234 3078 4277 ut
3120 4227 3394 4293 perveniat

1860 4307 1924 4360 ad
1956 4310 2389 4362 communionem
2421 4312 2742 4366 sacramenti
2767 4314 2972 4367 scilicet
2997 4325 3012 4378 ζ
3042 4323 3094 4368 et
3120 4315 3171 4368 in
3207 4316 3394 4376 eodem

1859 4398 2041 4450 eadem
2074 4398 2174 4452 erit
2212 4399 2513 4454 observatio
2551 4402 2618 4455 ab
2656 4417 2719 4456 eo
2747 4403 2837 4470 qui
2881 4403 3174 4458 Ecclesiam
3225 4407 3397 4460 admi-

1862 4485 2072 4548 nistrat,
2107 4495 2159 4540 cl
2189 4502 2283 4555 pro
2313 4489 2519 4542 ratione
2545 4490 2913 4545 conversionis
2940 4494 3014 4545 illi
3043 4509 3258 4562 quoque
3285 4509 3399 4563 pce-

1860 4589 1941 4627 ωε
1973 4577 2217 4629 extensio
2247 4578 2604 4642 rescindctur,
2638 4588 2695 4632 ut
2743 4595 2840 4649 pro
2893 4597 3080 4635 novem
3135 4584 3291 4637 annis
3344 4584 3396 4636 in

1862 4680 2183 4735 unoquoque
2204 4669 2387 4736 gradu,
2415 4671 2494 4724 vel
2519 4680 2661 4734 octo,
2689 4671 2771 4724 vel
2802 4680 3025 4739 septem,
3058 4673 3140 4727 vel
3163 4674 3400 4743 quinque

1863 4756 2035 4809 solum
2069 4757 2194 4808 anni
2221 4757 2369 4823 ﬁant,
2401 4761 2443 4812 si
2481 4762 2813 4828 pcenitentim
2841 4764 3152 4832 magnitudo
3189 4774 3399 4834 tempus

1863 4846 2063 4908 vincat,
2104 4858 2155 4900 et
2189 4857 2403 4916 superet
2449 4851 2806 4906 correctionis
2841 4854 3020 4907 studio
3080 4869 3173 4909 eos
3221 4853 3396 4921 quiin

1864 4937 2022 5005 longo
2049 4947 2287 5006 tempore
2328 4942 2626 5007 praestituto
2675 4952 2952 5012 susceptas
2984 4960 3012 4998 a
3051 4959 3108 4998 se
3162 4946 3399 4998 maculas

1864 5026 2100 5092 segniter
2125 5029 2328 5082 eluunt.
2363 5029 2782 5085 lnvoluntarium
2810 5046 2983 5086 autem
3005 5034 3159 5086 venia
3185 5033 3398 5102 quidem

1863 5113 2103 5182 dignum,
2134 5117 2223 5168 sed
2257 5133 2360 5169 non
2394 5118 2661 5173 laudabile
2683 5121 2987 5189 judicatum
3019 5134 3120 5175 est.
3156 5121 3268 5175 lloc
3311 5137 3400 5175 au-

1865 5211 1971 5254 tem
2002 5203 2134 5265 dixi,
2170 5213 2226 5256 ut
2256 5206 2323 5258 sit
2353 5217 2615 5275 apertum,
2645 5210 2786 5277 quod
2817 5211 2976 5264 etiam
3011 5211 3058 5263 si
3099 5213 3218 5277 quis
3252 5212 3400 5264 invo-

1865 5291 2098 5345 luntarie
2137 5293 2296 5348 fuerit
2330 5296 2381 5348 in
2413 5298 2616 5351 scelere
2648 5299 2920 5352 homicidii
2950 5317 2962 5352 :
2999 5314 3119 5352 eum
3149 5308 3397 5370 tanquam

1862 5381 1970 5448 jam
2007 5381 2312 5450 profanum,
2349 5386 2619 5453 piaculum
2661 5388 2950 5451 redditum,
3015 5403 3042 5440 a
3078 5391 3397 5454 sacerdotali

1865 5473 2033 5538 gratia
2084 5473 2405 5541 ejiciendum
2457 5479 2821 5544 pronuntiavit
2874 5493 3067 5531 canon.
3129 5479 3396 5544 Quantum

1866 5569 2042 5614 autem
2071 5571 2151 5615 cst
2172 5564 2492 5632 expiationis
2523 5573 2733 5636 tempus
2765 5569 2831 5620 ob
2877 5568 3175 5636 simplicem
3227 5569 3393 5621 forni~

1864 5651 2154 5716 tationem,
2187 5662 2394 5707 tantum
2425 5656 2582 5709 etiam
2618 5664 2764 5710 recte
2810 5657 3002 5712 habere
3035 5658 3396 5711 existimatum

1864 5749 1946 5795 est
1984 5740 2034 5794 in
2074 5743 2138 5796 iis
2166 5745 2254 5812 qui
2290 5745 2486 5799 caedem
2522 5747 2932 5800 involuntariam
2971 5747 3264 5806 fecissent;
3299 5748 3400 5799 sci-

2988 5837 3060 5898 ‘28
