3946 6342
39 434 160 494 88Ῑ

799 438 884 497 ΙΝ·
909 439 1151 500 EPIST.
1188 441 1248 500 S.
1282 439 1661 500 GREGORII
1699 441 2015 500 NYSSENI
2054 441 2153 500 AD
2191 439 2552 500 LETOIUM.

3175 429 3280 492 882

47 550 237 613 ὄντως
292 548 544 620 όρεκτοῦ,
589 552 706 621 ἦτοι
753 551 848 617 τῆς
913 551 1062 617 θείας
1122 551 1336 620 φύσεως
1381 553 1472 606 καὶ
1517 553 1655 610 τῶν

1763 555 1899 607 ultas
1925 555 1992 607 ab
2020 567 2082 606 eo
2107 552 2248 622 quod
2297 560 2380 605 est
2435 564 2558 604 vere
2615 548 2990 616 expetendum,
3027 561 3054 598 a
3101 546 3296 602 divina.

39 640 354 709 οὐρανίων,
386 642 496 693 τῶν
538 643 740 710 γηΐνων
789 644 882 695 καὶ
936 643 1165 713 ῥεόντων
1195 643 1468 711 ὀρέγεται.
1518 645 1626 695 Καὶ

41 732 120 784 τδ
153 731 390 798 θυμικὸν
419 732 478 785 δὲ
522 731 720 795 πολλὰς
750 732 1005 802 ἀφορμὰς
1039 734 1120 796 είς
1174 733 1235 786 τὺ
1292 733 1628 786 ἀνάπτεσθαι

43 823 207 890 πρὸς
231 821 567 890 φιλονεικίαν
604 823 891 892 λαμϐάνει.
925 825 1024 877 Διὰ
1067 824 1177 896 γὰρ
1208 825 1306 893 τὴν
1334 825 1441 878 τῶν
1493 843 1630 895 χρη-

51 911 259 978 μάτων
278 909 573 980 ἐπιθυμίαν
602 910 777 980 ἔριδές
803 928 861 963 τε
893 913 988 965 καὶ
1017 912 1209 981 ἔχθραι
1251 912 1348 966 καὶ
1381 913 1628 982 πόλεμοι,

47 999 163 1060 καὶ
192 997 338 1050 κατά
374 998 466 1050 τὶν
490 997 634 1050 θεῖον
677 997 1021 1063 Ἀπόστολον,
1061 999 1220 1059 Ῥίζα
1253 999 1492 1052 πάντων
1514 999 1633 1052 τῶν

45 1088 271 1144 κακῶν
317 1090 488 1145 ἐστιν
547 1093 585 1158 ἠ
637 1093 1018 1160 φιλαργυρία.
1091 1092 1252 1145 Ἀλλὰ
1300 1093 1398 1145 καὶ
1461 1091 1632 1156 οὕτως

48 1187 216 1254 ἕχον,
267 1182 422 1252 φησι,
480 1183 540 1236 τὸ
585 1182 823 1236 τοιοῦτον
882 1182 1075 1248 πάθος,
1131 1181 1463 1252 παρεωράθη
1525 1185 1634 1244 τοῖς

52 1274 352 1345 Πατράσιν
419 1273 855 1343 ἀνεπισκόπηνόν
919 1291 976 1327 τε
1057 1275 1152 1327 καὶ
1238 1273 1631 1344 ἀθεράπευτον.

53 1365 236 1416 Ὅθεν
263 1364 355 1416 καὶ
390 1362 678 1428 πλεονάζει
709 1364 848 1416 κατά
873 1365 973 1434 τὴν
1016 1364 1369 1434 Ἐκκλησίαν,
1426 1363 1634 1416 πολλῶν

51 1455 232 1508 τοῦτο
270 1453 600 1519 νοσούντων,
646 1454 743 1508 καὶ
797 1455 925 1519 τοὺς
981 1456 1489 1525 καταταττομένους
1554 1457 1635 1517 είς

55 1547 295 1615 κλῆρον,
324 1547 444 1616 ἦτοι
475 1545 1014 1616 χειροτονουμένους,
1061 1547 1233 1611 οὐδεὶς
1269 1548 1486 1618 ἐρευνᾷ,
1557 1548 1631 1615 μή

58 1652 202 1691 ποτε
273 1635 564 1705 μεμίανται
616 1639 685 1708 τῇ
732 1637 960 1708 τοιαύτῃ
999 1639 1430 1710 εἰδωλολατρείᾳ.
1501 1638 1632 1693 Ἀλλ’

57 1729 197 1779 ἐπεὶ
246 1726 404 1780 τοῦτο
435 1728 546 1791 τοῖς
575 1728 824 1798 Πατράσι
876 1729 1135 1798 παρείθη,
1167 1730 1288 1784 ἀντὶ
1317 1730 1410 1782 τοῦ
1467 1747 1636 1782 κατα-

60 1818 273 1887 λείφθη
299 1819 688 1889 ἁνεπιτίμητόν
718 1837 778 1874 τε
804 1821 899 1874 καὶ
927 1821 1246 1886 ἀκόλαστον,
1270 1822 1638 1891 θεραπευτέον

63 1911 209 1963 αὐτὸ
248 1910 336 1963 διὰ
389 1911 491 1980 τῆς
546 1911 811 1982 δημοσίας
869 1913 1236 1979 διδασκαλίας,
1284 1915 1360 1977 ὡς
1393 1915 1639 1977 δυνατὸν,

61 2005 247 2071 ἦγουν
299 2003 536 2073 δημοσίᾳ
591 2003 936 2067 διδάσκοντες
978 2007 1071 2059 τὸν
1126 2006 1251 2058 λαὸν
1290 2005 1643 2075 ποιησώμεθα

66 2092 277 2146 τούτου
319 2093 697 2162 καταδρομὴν,
729 2093 919 2163 ὥσπερ
973 2094 1097 2147 τινὰ
1132 2094 1280 2165 πάθη
1319 2092 1644 2164 πληθωρικὰ

67 2186 178 2247 τὰς
222 2185 615 2249 πλεονεκτικάς
669 2188 982 2258 ἀρρωστίας
1005 2187 1092 2242 διὰ
1117 2187 1210 2241 τοῦ
1258 2187 1419 2256 λόγου
1453 2187 1644 2240 καθαι-

68 2279 323 2345 ροῦντες.
360 2280 544 2332 Εἰπὼν
574 2280 630 2334 δι
661 2281 872 2349 ὁᾶγιος
929 2284 990 2335 τὸ
1018 2283 1114 2352 τῆς
1143 2282 1508 2353 φιλαργυρίας
1540 2283 1645 2336 mi-

69 2372 170 2431 θος
202 2369 301 2432 τὰς
332 2369 573 2439 ψυχικὰς
590 2362 854 2441 δυνάμεις
880 2372 1237 2443 διαφθείρειν,
1270 2375 1363 2427 καὶ
1392 2373 1650 2443 πολυειδῆ

73 2460 141 2524 ἐξ
172 2461 348 2532 αὐτῆς
376 2462 522 2532 πάθη
575 2463 827 2531 φύεσθαι,
864 2463 1233 2533 πληθωρικοϊς
1265 2463 1462 2518 πάθεσι
1480 2464 1653 2517 ταῦτα

75 2555 386 2619 ἀπείκασε,
449 2557 558 2609 τῶν
603 2557 702 2624 τῆς
762 2558 1012 2626 ίατρικῆς
1073 2557 1248 2625 λόγων
1303 2557 1654 2628 μετεσχηκὼς

70 2645 484 2714 ἀκριϐέστατα,
522 2648 597 2711 ὼς
638 2649 753 2701 ἐστι
794 2649 998 2717 γνῶναι
1040 2651 1104 2702 ὲκ
1163 2650 1269 2703 τιῐν
1304 2649 1465 2703 αὑτοῦ
1526 2665 1656 2717 συγ-

77 2735 458 2803 γραμμάτων.
541 2737 813 2807 Πληθώρα
876 2738 1200 2808 ὀνομάζεται
1259 2739 1372 2799 τοῖς
1431 2739 1653 2805 ἰατροῖς,

83 2828 224 2880 ὅταν
249 2828 299 2878 οἱ
330 2828 593 2898 τέσσαρες
622 2831 806 2897 χυμοὶ,
841 2827 902 2893 ἐξ
929 2825 1004 2882 ὧν
1025 2830 1093 2883 τὰ
1126 2829 1349 2898 σώματα
1375 2830 1659 2882 συνίσταν-

81 2937 204 2982 ται,
235 2919 514 2988 αὐξηθιῖισι
556 2922 647 2974 καὶ¹
690 2921 1070 2976 πλεονάσωσιν
1104 2922 1378 2989 ἀναλόγως
1403 2921 1478 2991 τῷ
1510 2921 1660 2990 ὄγκῳ

49 3009 327 3062 κὲκάστου
378 3010 486 3061 τῶν
526 3011 716 3079 χυμῶν
755 3012 1054 3081 γενομένῳ,
1091 3013 1230 3066 κατά
1286 3013 1481 3065 ταύτὸν
1521 3029 1660 3080 συμ-

83 3095 351 3149 δαίνοντα
417 3099 565 3167 πάθη
636 3099 958 3169 πληθωρικά
1015 3100 1304 3154 καλοῦνται
1356 3105 1659 3170 νοσήματα.

83 3188 263 3240 ’Ὥστε
312 3189 540 3252 εἰκότως
579 3190 860 3244 κάνταῦθα
890 3193 917 3244 ό
952 3191 1112 3259 σοφὸς
1142 3185 1294 3253 οὗτος
1356 3190 1546 3260 Πατὴρ
1594 3190 1662 3244 τὰ

81 3280 154 3331 ὲκ
206 3277 307 3346 τῆς
368 3279 680 3346 πλεονεξίας
736 3282 1082 3352 ἀναφυόμενα
1143 3281 1288 3352 πάθη
1340 3282 1663 3354 πληθωρικά

88 3364 286 3434 εἶπεν,
323 3371 396 3432 ὠς
423 3372 608 3435 πάσας
654 3371 754 3434 τὰς
781 3373 1018 3441 ψυχικὰς
1051 3374 1210 3443 ἡμῶν
1254 3374 1510 3442 δυνάμεις
1566 3391 1663 3425 πει

91 3462 493 3530 ριτρεπούσης,
571 3465 665 3515 καὶ
710 3464 1050 3534 αὐξανούσης
1099 3465 1302 3527 ταύτας
1356 3463 1664 3526 ἐπιϐλαὸῶς

84 3557 158 3622 τῇ
195 3554 363 3622 ψυγῇ.
423 3555 535 3618 Τάς
597 3555 697 3624 μὲν
731 3555 824 3609 οὖν
879 3554 1065 3619 ἄλλας,
1109 3557 1265 3626 φησὶ,
1324 3557 1510 3618 νόσους
1567 3557 1664 3624 τῆς

91 3646 415 3724 πλεονεξίας
446 3647 523 3716 τῷ
554 3649 654 3716 τῆς
681 3648 1030 3712 διδασκαλίας
1062 3650 1474 3720 θεραπεύσομεν
1500 3649 1662 3718 λόγῳ·

88 3737 198 3804 τὴν
220 3736 285 3787 δὲ·
310 3737 525 3806 κλοπὴν.
581 3739 676 3790 καὶ
724 3740 823 3808 τὴν
875 3741 1197 3809 ἱεροσυλίαν,
1235 3739 1370 3794 ἀλλὰ
1409 3739 1514 3810 μὴν
1575 3742 1668 3794 καὶ

87 3831 196 3897 τὴν
229 3829 644 3900 τυμϐωρυχίαν,
691 3833 994 3886 κανονικῶν
1023 3835 1316 3904 ἐπιτιμίων
1342 3835 1669 3896 ἁξιωθείσας

85 3926 257 3995 παρὰ
279 3926 386 3978 τῶν
424 3928 704 3996 Πατέρων,
737 3932 844 3990 τοῖς
879 3931 979 3998 ἤδη
1009 3931 1222 3999 ῥηθεῖσι
1256 3931 1661 4001 προσθήσομεν.

91 4021 317 4079 Καίτοι,
350 4027 505 4088 φησι,
534 4024 598 4090 τῇ
653 4021 771 4092 θεία
799 4022 986 4091 Γραφῇ
1023 4024 1114 4075 καὶ
1139 4024 1168 4075 ό
1203 4024 1545 4093 πλεονασμὸς
1571 4027 1665 4078 καὶ

87 4116 114 4161 ὁ
157 4112 342 4172 τόεος.
375 4112 466 4163 καὶ
499 4111 557 4163 τὸ
591 4113 653 4164 ἐκ
708 4112 1030 4175 δυναστείας
1095 4113 1240 4177 τινὸς
1297 4113 1365 4166 τὰ
1413 4115 1668 4186 ἀλλότρια

96 4200 452 4273 προσενιῖισλι
505 4207 572 4274 τῇ
640 4203 746 4272 ἰδία
787 4206 997 4272 κτήσει,
1045 4203 1154 4256 τῶν
1202 4207 1667 4276 ἀπηγορευμένων

92 4294 238 4346 ἐστί.
283 4294 627 4362 Πλεονασμδς
682 4295 778 4361 μὲν
809 4289 904 4347 οὖν
965 4297 1113 4347 ἐστιν
1165 4297 1239 4357 ὡς
1291 4298 1422 4349 ὅταν
1460 4315 1542 4359 τις
1594 4298 1666 4365 δῷ

91 4401 208 4434 τ-ινι
253 4384 402 4433 σῖτον
436 4383 468 4452 ἢ
497 4380 639 4434 οἶνον
671 4383 701 4450 ἢ
735 4384 913 4434 ἔλαιον
947 4383 979 4451 ἢ
1008 4383 1136 4434 ἄλλο
1162 4400 1233 4445 τι,
1274 4385 1367 4435 ἐπὶ
1392 4385 1466 4455 τῷ
1486 4384 1670 4436 λαεεῖν

89 4475 419 4542 ἑμοιογενὲς
457 4476 621 4528 πλέον
657 4475 752 4528 τοῦ
767 4476 1038 4540 δοθέντος·
1070 4472 1180 4527 οἷον
1212 4475 1377 4527 ἔδωκὲ
1418 4493 1497 4538 τις
1518 4477 1668 4528 οἴνου

1731 644 1937 699 scilicet
1977 653 2165 696 natura
2211 652 2263 696 et
2289 642 2617 705 omlestibus,
2658 641 2938 700 exeidcns.
2992 649 3199 693 terrena
3232 645 3285 691 et

1730 735 1947 789 ﬂuentia
1977 735 2198 802 appetit.
2235 733 2474 786 irascens
2506 744 2720 799 quoque
2751 729 2979 783 facultas
3005 729 3200 781 multas
3228 735 3295 778 ut

1732 828 1798 880 ad
1847 826 2250 880 contentionem
2314 823 2643 877 accendatur
2698 821 3012 874 occasiones
3070 817 3285 885 accipit.

1734 921 1958 989 Propter
1980 893 2331 987 pecuniarum
2367 915 2509 968 enim
2556 912 2903 981 cupiditatem
2948 911 3069 964 lites
3107 920 3162 965 et
3189 911 3291 964 ini-

1734 1011 1950 1064 micitite
1984 1019 2037 1062 et
2082 1009 2241 1068 bella,
2297 1017 2368 1067 et,
2411 1016 2470 1060 ut
2521 1006 2646 1060 dicit
2703 1005 2921 1059 divinus
2981 1002 3293 1071 Apostolus,

1738 1102 1913 1156 Radix
1941 1102 2173 1154 omnium
2206 1098 2464 1151 malorum
2494 1105 2570 1150 est
2599 1099 2828 1151 avaritia
2863 1098 2908 1148 ί.
2967 1095 3074 1150 Sed
3103 1109 3296 1163 quam-

1735 1196 1815 1248 vis
1858 1195 1928 1247 ita
1968 1208 2026 1247 se
2057 1193 2271 1251 habeat,
2327 1188 2522 1256 inquit,
2579 1189 2692 1241 ltzec
2734 1187 2973 1250 affectio,
3036 1197 3214 1241 tamen
3268 1201 3298 1238 a

1736 1285 1983 1340 Patribus
2026 1283 2210 1338 relicta
2256 1289 2339 1335 est
2394 1282 2818 1343 inconsiderata,
2879 1280 3132 1348 nullaque
3183 1279 3301 1347 ejus

1736 1400 1865 1441 cura
1894 1393 2138 1451 suscepta
2180 1390 2278 1436 est.
2308 1379 2459 1435 Unde
2483 1380 2646 1433 etiam
2679 1377 2913 1431 abundat
2940 1374 2992 1426 in
3027 1370 3301 1431 Ecclesia;

1738 1491 1862 1532 cum
1895 1476 2045 1529 multi
2073 1489 2134 1528 ea
2161 1474 2428 1531 laborent.
2455 1480 2508 1525 et
2542 1469 2610 1524 de
2653 1469 2733 1522 iis.
2766 1467 2857 1534 qui
2893 1465 2942 1516 in
2977 1463 3181 1517 clerum
3213 1473 3302 1511 re—

1740 1570 2003 1632 feruntur,
2042 1582 2134 1622 seu
2165 1566 2485 1619 ordinantur
2515 1577 2671 1616 nemo
2731 1550 2979 1628 inquirit,
3035 1550 3298 1620 numquid

1747 1660 1845 1714 hac
1879 1657 2173 1712 idololatria
2208 1656 2390 1725 polluti
2420 1664 2568 1709 sunt.
2623 1653 2727 1705 Sed
2761 1651 2884 1719 quia
2930 1648 3031 1706 hoc
3063 1662 3089 1699 a
3129 1646 3302 1700 Patri-

1739 1752 1838 1807 bus
1871 1750 2316 1819 prrctcrmissum,
2347 1746 2396 1799 id
2441 1757 2547 1807 ρει,
2605 1742 2929 1809 impunitum
2977 1748 3030 1792 et
3090 1736 3312 1793 minime

1744 1843 2057 1910 castigatum
2082 1840 2324 1892 relictum
2356 1848 2460 1899 est,
2489 1822 2788 1890 remedium
2833 1833 2880 1888 ei
2917 1831 3115 1886 aﬂ‘erre
3151 1845 3311 1898 opor—

1744 1943 1839 1997 tct,
1868 1941 2130 2003 quantum
2177 1930 2291 1984 fieri
2319 1937 2513 1999 potest,
2562 1943 2656 1994 per
2680 1925 2945 1994 publicam
2988 1922 3313 1983 doctrinam,

1746 2027 1846 2079 hoc
1895 2031 1999 2089 est,
2054 2021 2266 2093 publice
2326 2020 2578 2089 populum
2613 2020 2869 2072 docentes
2919 2028 2978 2068 ut
3015 2016 3068 2067 id
3128 2026 3315 2081 persev

1748 2129 2002 2182 quamur,
2057 2112 2301 2168 avaritize
2346 2111 2736 2180 aegritudines,
2797 2119 3050 2176 tanquam
3101 2104 3316 2160 morbos

1749 2207 1961 2274 aliquos
1998 2219 2064 2258 ex
2114 2203 2278 2257 nimia
2332 2201 2625 2270 repletione
2673 2207 2842 2264 ortos,
2888 2214 2982 2267 per
3019 2195 3314 2255 orationem

1752 2303 2070 2365 purgantes.
2106 2293 2236 2348 Cum
2291 2300 2470 2345 autem
2521 2290 2748 2343 dixisset
2793 2295 3037 2348 sanctus,
3075 2281 3319 2336 avaritia)

1753 2386 2088 2442 aﬂ‘ectionem
2119 2386 2311 2438 animae
2338 2381 2624 2436 facultates
2644 2390 3011 2443 corrumpere,
3041 2385 3098 2429 et
3137 2372 3321 2433 multi-

1757 2480 1927 2550 plices
1963 2491 2028 2532 ex
2059 2491 2122 2530 ea
2155 2474 2465 2529 atTectiones
2499 2471 2652 2536 oriri,
2688 2484 2806 2523 eam
2837 2465 3152 2536 plethoricis
3189 2461 3320 2516 atie-

1755 2569 2024 2624 ctionibus
2069 2564 2408 2626 assimilavit,
2448 2577 2566 2631 qua:
2599 2577 2626 2614 a
2661 2558 2886 2614 medicis
2919 2557 3168 2612 dicuntur
3189 2568 3320 2608 exao

1757 2661 1998 2716 ctissime
2019 2669 2225 2720 tenens,
2259 2664 2394 2708 utex
2421 2656 2536 2722 ejus
2559 2652 2776 2721 scriptis
2812 2650 2936 2704 licet
2964 2658 3316 2718 cognoscere.

1759 2753 2011 2808 Plethora
2055 2749 2195 2806 enim
2229 2749 2432 2818 (idest
2483 2745 2727 2814 repletio)
2766 2759 2792 2796 a
2829 2741 3050 2796 medicis
3103 2740 3321 2801 dicitur,

1763 2846 1975 2915 quando
1999 2852 2232 2911 quatuor
2281 2841 2562 2899 humores,
2596 2851 2658 2890 ex
2688 2835 2882 2904 quibus
2913 2840 3166 2889 constant
3200 2845 3326 2884 cor-

1765 2951 1922 3008 pora,
1961 2934 2103 2988 aucti
2145 2942 2199 2986 et
2230 2929 2592 2984 redundantes
2629 2925 2804 2980 effecti
2852 2933 2977 2977 sunt
3004 2937 3102 2992 pro
3133 2921 3323 2974 unius-

1765 3027 2025 3095 cujusque
2064 3021 2307 3076 humoris
2347 3019 2710 3088 proportione,
2747 3024 2799 3068 et
2847 3014 3162 3069 aﬂ‘ectiones
3209 3025 3328 3079 qua:

1770 3119 1900 3172 fiunt
1929 3132 1992 3169 ex
2024 3111 2355 3182 plenitudine
2386 3112 2665 3164 humorum
2693 3106 2850 3162 simul
2885 3114 3190 3161 coactorum
3217 3103 3329 3171 ple-

1691 3231 1735 3291 η
1769 3206 1961 3262 thorici
1993 3203 2162 3258 morbi
2195 3202 2470 3256 dicuntur.
2506 3199 2691 3252 Merito
2721 3211 2849 3267 ergo
2873 3196 2960 3250 hic
2989 3195 3200 3263 sapiens
3229 3191 3326 3245 Pa-

1771 3310 1849 3354 ter
1873 3297 2206 3360 affectiones,
2246 3307 2367 3361 qua:
2396 3305 2462 3346 ex
2500 3288 2724 3342 avaritia
2758 3286 3031 3349 oriuntur,
3063 3280 3326 3350 pletltori-

1768 3405 1862 3446 cas
1916 3386 2234 3448 nominavit,
2277 3393 2334 3436 ιιι
2383 3397 2499 3452 quae
2554 3392 2740 3433 omnes
2799 3376 2996 3428 animat
3050 3371 3342 3425 facultates.

1769 3481 2066 3542 subvertat,
2102 3488 2302 3544 easque
2354 3480 2547 3540 augeat
2600 3469 2652 3521 in
2690 3467 3072 3522 detrimentum
3115 3461 3328 3517 animae.

1773 3571 1918 3626 Alios
1944 3583 2092 3640 ergo,
2135 3567 2328 3636 inquit,
2383 3562 2622 3617 avaritia:
2669 3559 2884 3614 morbos
2923 3555 3179 3611 doctrinae
3216 3568 3335 3608 ser»-

1771 3677 1929 3718 mone
1989 3660 2298 3716 curabimus
2342 3674 2355 3710 :
2392 3655 2590 3708 furtum
2627 3660 2803 3704 autem
2865 3659 2918 3704 et
2972 3646 3332 3714 sacrilegium,

1771 3765 1929 3822 atque
1946 3753 2105 3808 etiam
2129 3749 2496 3818 sepulcrorum
2521 3744 2890 3804 effossionem,
2915 3755 3031 3808 qua:
3060 3735 3337 3791 canonicis

1772 3845 1946 3913 pcenis
1981 3843 2140 3910 digna
2177 3840 2288 3894 visa
2320 3847 2464 3902 sunt,
2511 3837 2578 3890 iis
2603 3850 2721 3903 quae
2757 3832 3006 3886 Patribus
3043 3830 3153 3897 jam
3188 3829 3330 3880 dicta

1772 3946 1896 3992 sunt
1922 3935 2256 4002 adjiciemus.
2289 3931 2447 3998 Atqui
2480 3929 2532 3982 in
2565 3928 2769 3988 divina,
2795 3926 2993 3992 inquit,
3029 3922 3333 3989 Scriptura,

1773 4039 1825 4084 et
1865 4029 2017 4082 fenus
2044 4038 2100 4080 et
2147 4040 2331 4085 usura.
2364 4031 2418 4077 et
2450 4037 2545 4090 per
2576 4020 2869 4088 potentiam
2901 4015 3129 4082 alicujus
3161 4013 3334 4066 aliena

1775 4135 1885 4172 sua:
1923 4117 2074 4170 unire
2106 4112 2450 4182 possessioni,
2488 4108 2753 4177 prohibita
2784 4118 2927 4161 Sttnl.
2988 4105 3166 4158 Fenus
3209 4117 3337 4169 ergo

1772 4221 1871 4270 est,
1906 4217 1966 4269 ut
1999 4206 2208 4274 quando
2237 4202 2358 4272 quis
2403 4203 2493 4252 dat
2525 4199 2682 4251 alicui
2727 4197 3076 4259 frtnnentum,
3126 4193 3205 4246 vel
3250 4193 3334 4242 vi-

1775 4316 1924 4361 num,
1957 4298 2037 4350 vel
2067 4299 2266 4359 oleum,
2297 4292 2377 4347 vel
2404 4291 2609 4359 aliquid
2651 4289 2820 4351 aliud,
2857 4298 2913 4341 ut
2950 4288 2997 4340 in
3023 4287 3209 4341 eodem
3244 4299 3338 4350 ge-

1775 4405 1900 4444 nere
1931 4388 2048 4456 plus
2078 4399 2235 4454 quam
2272 4383 2478 4437 dederit
2509 4379 2743 4448 accipiat
2773 4398 2786 4433 :
2832 4390 2887 4430 ut
2914 4379 2957 4431 si
2982 4377 3101 4446 quis
3131 4374 3337 4427 dederit

1773 4486 1882 4538 ι·ἱιιί
1915 4484 2298 4554 quinquaginta
2341 4489 2619 4540 metretas,
2655 4486 2711 4529 ut
2759 4470 3126 4541 septuaginta,
3162 4464 3240 4517 vel
3276 4479 3340 4515 eo

98 4565 390 4636 μετρητὰς
419 4570 755 4636 πεντήκοντα
808 4569 900 4619 ἐπὶ
936 4565 1043 4635 τῷκ
1071 4566 1258 4618 λαϐεῖν
1299 4566 1655 4636 ἐϐδομήκοντα

1777 4581 1980 4649 plures,
2019 4575 2268 4644 accipiat.
2306 4572 2476 4626 Usura
2515 4578 2693 4622 autctn
2741 4566 2938 4618 dicitur
2985 4561 3038 4613 in
3086 4557 3316 4611 nummis

96 4660 127 4727 ἦ
175 4661 272 4710 καὶ
323 4658 594 4721 πλείονας.
623 4661 791 4719 Τόκος
845 4660 902 4711 δὲ
933 4660 1151 4724 λέγεται
1182 4657 1273 4709 ἐπὶ
1303 4660 1671 4727 νομισμάτων,

107 4753 214 4803 Ἐκ
275 4749 598 4812 δυναστείας
650 4751 704 4804 δέ
763 4768 908 4814 τινος
956 4747 1130 4812 εἶπεν,
1174 4752 1278 4813 ὅτι,
1348 4751 1454 4802 κᾶν
1489 4749 1586 4819 μὴ,
1619 4753 1674 4816 ἐξ

95 4842 320 4903 οἰκείας
353 4841 672 4905 δυναστείας
725 4860 808 4906 τις
844 4844 1233 4913 σφετερίσηται
1269 4844 1337 4896 τὰ
1396 4843 1673 4911 ἀλλότρια,

99 4936 173 4988 δι’
203 4933 394 5001 ἐτέρου
423 4933 479 4985 δὲ
515 4934 778 4985 δυνάστου
811 4935 956 4997 τινὸς
993 4937 1195 5004 ποιήσῃ
1229 4935 1406 4997 τοῦτο,
1427 4938 1676 4997 κάκεῖνος

95 5027 179 5095 τῷ
223 5024 375 5093 αὐτῷ
409 5025 690 5078 ὑπόκειται
725 5027 973 5094 κρίματι.
1029 5028 1189 5093 Λέγει
1223 5029 1329 5096 γὰρ
1379 5031 1406 5079 ὁ
1455 5045 1668 5096 προφη-

95 5119 258 5177 me;
289 5118 445 5183 λόγος
477 5134 492 5149 ⁸
547 5119 687 5170 Οὐαί
723 5122 775 5170 oI
815 5118 1232 5184 συνάπτοντες
1273 5120 1470 5172 οὶκίαν
1523 5119 1672 5186 πρὸς

97 5211 332 5271 οὶκίαν,
379 5208 475 5262 καὶ
507 5209 605 5275 dy;
623 5208 692 5261 ὸν
721 5209 870 5275 πρὸς
899 5210 1104 5276 ἀγρὸν,
1136 5211 1236 5264 ἵνα
1264 5229 1317 5264 τι
1364 5210 1471 5264 τοῦ
1518 5214 1677 5276 πλη-

97 5305 250 5355 σίον
273 5300 634 5368 ἀφέλωνται.
681 5299 844 5353 Ἀλλὰ
880 5301 979 5353 κάν
1007 5300 1074 5352 τά
1126 5302 1331 5370 Γραφῇ,
1353 5302 1534 5372 φησὶν,
1574 5305 1678 5356 ἀπ-

98 5393 410 5462 ηγόρῑυται
461 5389 656 5455 ταῦτα,
698 5392 854 5460 ἡμεῖς
900 5391 1082 5453 αὐτοῖς
1131 5393 1389 5445 κανονικά
1431 5392 1529 5444 οὐκ
1580 5389 1677 5443 ἒπ-

103 5486 318 5547 ἀξομεν
375 5485 757 5550 ὲπιτίμια,ὅτι
806 5484 873 5535 τὰ
929 5483 1050 5536 καθ’
1112 5485 1257 5552 ἡμᾶς
1309 5485 1388 5548 εἰς
1436 5483 1679 5549 ἐξουσίαν

107 5576 355 5631 κανόνων
381 5577 481 5628 οὒκ
509 5575 818 5640 ἀξιόπιστα,
850 5576 930 5626 ὃτι
987 5575 1090 5628 οὐκ
1126 5574 1425 5639 ἀξιόπιστοι
1494 5575 1668 5642 κρινό-

114 5670 258 5740 μεθα
293 5669 372 5730 εἰς
393 5672 683 5738 κανονικὴν
710 5668 980 5734 ἐξουσίαν,
1001 5670 1123 5722 ἀντὶ
1152 5671 1246 5722 τοῦ
1278 5669 1401 5723 κατ’
1432 5668 1677 5732 ἐξουσίαν

185 5786 196 5813 ¹
236 5781 250 5834 Ι
286 5779 427 5834 Tim.
465 5797 530 5840 τι,
569 5781 653 5834 10.
731 5780 748 5807 ¹
783 5780 883 5834 Isti.
919 5799 968 5845 ν,
1001 5781 1051 5832 8.

1776 4673 1878 4727 Per
1906 4671 2199 4740 potentiam
2232 4679 2409 4722 autem
2441 4663 2664 4730 alicujus
2715 4661 2870 4720 dixit,
2904 4655 3045 4724 quod
3076 4655 3240 4707 etiam
3293 4649 3339 4702 si

1777 4779 1880 4816 non
1930 4763 2198 4829 pmpriam
2229 4758 2523 4826 potentiam
2567 4754 2746 4807 aliena
2793 4751 2914 4818 quis
2974 4741 3336 4810 usurpaverit,

1778 4871 1871 4922 per
1905 4855 2136 4918 aliquem
2185 4862 2363 4903 autem
2392 4849 2552 4898 alium
2590 4851 2859 4912 potentem
2899 4841 3000 4891 hoc
3042 4831 3249 4894 fecerit,
3289 4839 3342 4882 et

1779 4943 1822 4996 is
1851 4943 2036 4995 eodem
2065 4937 2268 5004 judicio
2301 4935 2588 4988 tenebitur.
2640 4931 2774 4984 Dicit
2814 4929 2959 4979 enim
2997 4938 3176 4978 sermo
3213 4936 3340 4989 pro-

1781 5033 2023 5101 pheticus
2085 5046 2100 5084 :
2154 5027 2235 5080 Va:
2284 5023 2714 5094 conjungentibus
2773 5025 2983 5073 domum
3033 5013 3210 5066 domui
3250 5019 3339 5074 ,ει

1771 5140 1952 5192 agrum
1991 5137 2140 5190 agro,
2175 5130 2229 5172 ut
2259 5137 2290 5171 α
2325 5119 2488 5172 vicino
2515 5115 2714 5182 aliquid
2754 5111 3053 5178 auferaut'.
3091 5107 3191 5160 Sed
3224 5115 3275 5158 et
3298 5107 3339 5156 si

1777 5215 1909 5278 Ιιςιερ,
1946 5213 2143 5280 inquit,
2178 5230 2204 5262 ει
2238 5211 2514 5277 Scriptura
2553 5217 2678 5261 sunt
2728 5203 3012 5274 prohibita,
3049 5201 3128 5252 eis
3164 5208 3340 5249 tamen

1783 5306 2068 5358 canonieas
2095 5319 2284 5372 poenas
2340 5319 2445 5356 non
2489 5302 2845 5369 imponemus,
2906 5295 3028 5362 quia
3072 5301 3251 5344 nostra
3280 5287 3347 5337 ad

1787 5411 2055 5451 canonum
2087 5395 2479 5462 assequeudam
2525 5402 2845 5459 potestatem
2888 5388 2989 5438 fide
3024 5383 3183 5451 digna
3237 5397 3342 5434 non

1785 5494 1914 5538 sunt
1952 5500 2016 5541 eo
2048 5485 2190 5551 quod
2230 5487 2293 5535 ad
2341 5483 2652 5536 canonicam
2691 5487 3005 5547 potestatem
3064 5475 3164 5526 fulc
3197 5471 3347 5538 digni

1787 5592 1892 5629 non
1920 5577 2241 5646 judicamur,
2276 5576 2375 5628 huc
2407 5584 2510 5638 est,
2540 5573 2603 5625 ad
2640 5570 2927 5626 canonicas
2979 5579 3162 5620 nostra
3189 5573 3343 5632 pote—

1787 5679 1925 5723 state
1957 5679 2006 5722 et
2038 5683 2226 5736 pcenas
2254 5666 2320 5721 iis
2349 5667 2438 5736 qui
2482 5675 2721 5734 peccant.
2758 5662 2831 5718 De
2880 5662 3021 5714 furto
3055 5669 3230 5711 autem
3267 5655 3341 5708 lo.-
