3914 6332
170 374 280 434 885

883 372 963 430 ΙΝ
1003 367 1242 431 EI’iST.
1288 370 1347 427 S.
1385 363 1774 427 CREGORiI
1816 361 2136 423 NYSSEM
2177 364 2277 423 AD
2311 360 2657 422 LETOILTM

3294 364 3401 426 886

166 482 325 543 οὗτος
381 482 730 551 ἀνέγκλητος,
784 480 1129 546 συγγνωστὶς
1182 472 1371 532 δὀῦν.
1428 474 1622 536 Δίθους
1678 474 1734 527 δὲ

1858 488 1977 539 ius;
2010 475 2117 527 erit
2152 483 2329 526 tamen
2368 473 2521 525 tenia
2559 472 2770 539 dignus.
2805 471 3033 543 Lapides
3064 481 3263 538 autem,
3306 476 3399 542 cui

168 579 299 641 τοὺς
324 578 397 645 τῷ
428 580 493 629 τά
507 595 577 643 ρῳ
615 574 883 645 προεεόλη
893 574 1108 641 μένους,
1152 571 1273 641 οὐχὶ
1302 570 1429 630 τοὺς
1452 567 1601 619 αὐτὰ
1668 567 1735 619 τὰ

170 670 498 738 τεθαμμὲνα
531 663 757 735 σώματά
794 663 1192 725 καλύπτοντας.
1223 664 1284 716 Ei
1319 660 1429 730 γὰρ
1461 658 1739 719 τοιούτους

171 759 357 822 λίθους
418 758 684 827 ἀφέληταί
741 771 844 817 τις,
904 755 1090 807 δίδωσι
1138 756 1353 816 πάντως
1399 750 1627 821 ὁρᾶσθαι
1677 749 1737 799 τὸ

171 853 555 919 κεκρυμμένον
593 848 776 917 σῶμα,
805 848 899 899 καὶ
926 845 1243 914 δημοσιεύει
1296 843 1392 912 τῆς
1424 840 1639 909 φύσεως
1669 839 1738 892 τά

176 944 480 1009 μυστήρια,
528 941 623 991 καὶ
650 937 833 990 οὐκέτι
861 937 1209 1013 συγγνωστός
1270 938 1438 997 ἐστιν,
1493 932 1607 985 ἀλλ’
1658 932 1738 993 είς

167 1035 235 1087 το
262 1034 445 1101 ἕτερον
476 1029 619 1090 εἶδος
645 1032 744 1100 τῆς
800 1029 1195 1101 τυμεωρυχίας
1233 1027 1534 1096 ἐμπίπτειν
1565 1024 1734 1088 δοκεῖ,

166 1127 197 1177 ὃ
231 1142 284 1176 τι
317 1125 421 1193 πέρ
459 1125 573 1175 ἐστι
605 1123 664 1174 τὸ
696 1122 821 1181 τοὺς
847 1121 1052 1189 τάφους
1089 1119 1327 1187 ἀνοίγειν
1367 1121 1459 1170 καὶ
1496 1117 1595 1187 τὴν
1626 1115 1721 1169 κό-

171 1232 258 1265 νιν
289 1217 352 1266 ἐκ
391 1215 487 1281 τῆς
551 1212 855 1281 φθαρείσης
904 1213 1106 1281 σαρκὸς
1146 1208 1479 1281 ἀνορύττειν,
1515 1209 1607 1260 καὶ
1636 1220 1734 1273 μισ

167 1310 417 1358 τακινεὶν
442 1306 509 1357 τὰ
546 1305 681 1357 ὀστᾶ
713 1302 823 1356 τῶν
855 1305 1148 1371 κειμένων,
1180 1301 1386 1370 κόσμον
1414 1300 1536 1352 τινά
1552 1297 1736 1350 λαϐεῖν

165 1396 383 1448 ἐκεῖθεν
416 1394 685 1464 ζητοῦντα
726 1394 1142 1462 συντεθειμένον
1189 1394 1302 1451 τοῖς
1356 1388 1735 1459 τελευτήσασι.

165 1487 345 1539 Τοῦτο
367 1486 546 1542 τοίνυν
594 1485 652 1538 τὸ
691 1482 831 1547 εἶδος
864 1486 963 1553 τῆς
996 1479 1388 1550 τυμϐωρυχίας
1438 1479 1638 1547 ὁμοίως
1668 1481 1734 1549 τῇ

155 1579 298 1647 ψιλῇ
342 1579 568 1649 πορνείᾳ⁸
592 1574 1061 1638 καταδικάζεσῗαι
1090 1574 1265 1641 λεγει.
1294 1571 1474 1641 Ψιλὴν
1513 1571 1570 1622 δὲ
1598 1586 1733 1641 πορε-

155 1674 315 1724 νείαν
342 1671 439 1741 τὴν
462 1674 540 1733 εἱς
573 1670 864 1737 ἐλευθέραν
894 1666 1089 1735 ἀνδρος
1122 1666 1360 1732 γυναῖκα
1406 1661 1555 1733 μίξιν
1590 1661 1730 1714 ὠνο-

162 1777 337 1829 μασε.
365 1759 656 1813 Κάνταῦθα
670 1760 722 1810 δὲ
739 1757 818 1828 τῷ
839 1753 1214 1824 οἰκονομοῦντι
1240 1755 1332 1808 τὸν
1367 1752 1734 1821 μετανοοῦντα

156 1850 354 1903 δίδωσι
378 1851 437 1903 τὸ
473 1851 760 1918 συντεμεϊν
789 1846 916 1910 ἴσως
952 1846 1044 1898 τὸν
1069 1844 1163 1898 τοῦ
1190 1847 1467 1912 ἐπιτιμίου
1517 1841 1732 1910 καιρὸν,

156 1944 215 1993 εἱ
255 1943 355 2013 ὁρᾷ
399 1940 604 2010 θερμὴν
633 1938 798 1993 αὑτοῦ
850 1940 947 2004 τὴν
998 1937 1311 2007 μετάνοιαν.
1362 1933 1528 1988 ’Δλλά
1561 1932 1735 1986 ταῦτα

162 2033 275 2101 μέν
297 2049 426 2101 φησι
451 2035 578 2100 περὶ
603 2030 981 2101 τυμϐωρύχων
1006 2032 1033 2083 ὀ
1057 2027 1234 2095 ἅγιος.
1278 2027 1336 2081 '0
1352 2026 1422 2079 ’δέ
1453 2024 1735 2085 πολιτικὸς

161 2123 329 2190 νόμος
359 2126 415 2173 ἐν
440 2120 630 2191 βιϐλίῳ
656 2118 697 2187 ξ’
720 2119 902 2173 τίτλον
926 2124 1011 2187 κγ’
1042 2118 1213 2173 ταῦτα
1243 2118 1587 2170 διατάττεται
1612 2131 1625 2145 ο
1665 2111 1733 2168 Οἱ

156 2215 275 2268 ἀπὸ
306 2214 409 2266 τῶν
438 2214 625 2282 τάφων
653 2213 787 2275 ὕλας
816 2212 1181 2283 ἀφαιροῦντες
1210 2207 1632 2264 ὑποκείσθωσαν
1654 2205 1731 2275 τῷ

161 2303 268 2372 τῆς
328 2304 633 2372 ἱεροσυλίας
695 2303 1004 2373 ἐγκλήματι
1040 2321 1054 2335 ·
1111 2303 1206 2356 καὶ
1260 2301 1446 2355 πάλιν·
1509 2300 1582 2353 Τὸ
1637 2300 1735 2367 τῆς

159 2415 190 2448 τ
214 2395 560 2467 ιμεωρυχίας
602 2397 858 2466 ἔγκλημα
886 2398 1117 2467 ἀτιμίαν
1147 2399 1401 2467 ἐπιφέρει
1433 2410 1447 2425 °
1513 2396 1604 2448 καὶ
1634 2390 1732 2448 αὖ·

161 2494 256 2553 θις
281 2509 292 2520 ·
348 2494 475 2545 Ἐάν
499 2508 584 2552 τις
612 2492 720 2543 ἀπὸ
752 2490 846 2542 τοῦ
875 2491 1049 2560 τάφου
1074 2491 1345 2559 ἀφέληται
1379 2491 1411 2560 ἢ
1460 2489 1647 2549 λίθους
1701 2487 1735 2565 ἢ

163 2584 360 2641 κίονας
406 2582 439 2651 ἦ
477 2582 829 2653 μάρμαρα,ἢ
879 2584 1049 2652 ἀλλην
1102 2583 1426 2651 οἱανδήποτε
1461 2579 1615 2650 ὕλην,
1670 2574 1736 2633 εί·

164 2677 622 2747 κοσινομίσματα
639 2678 863 2749 χρυσίου
893 2676 969 2745 τῷ
992 2675 1241 2744 δημοσίῳ
1266 2674 1617 2728 καταῦἀλὲει·
1642 2675 1735 2725 καὶ

165 2772 241 2822 τὰ
267 2768 411 2836 ἑξῆς.

789 2862 1026 2915 ΚΑΝΩΝ
1057 2863 1137 2917 il'.

262 2955 323 3005 'Il
352 2954 405 3005 δὲ
435 2955 718 3022 ἱεροσυλία,
750 2956 898 3025 παρὰ
927 2958 1021 3026 μὲν
1052 2960 1117 3028 τῇ
1152 2958 1349 3029 ἀρχαίᾳ⁵
1371 2959 1577 3029 Γραφῇ,
1605 2955 1722 3012 οὐδὲ
1766 2955 1811 3018 C

174 3041 437 3111 ἐνομίσθη
505 3042 603 3111 τῆς
666 3044 888 3112 φονικῆς
956 3046 1325 3114 κατακρίσεως
1384 3047 1722 3115 ἀνεκτοτέρα.

188 3131 421 3199 Ὁμοίως
451 3134 557 3203 γὰρ
584 3135 611 3185 ὅ
652 3151 709 3185 τε
736 3136 825 3187 ἐπὶ
856 3136 998 3204 φόνῳ
1042 3134 1223 3198 ἀλοὺς,
1269 3136 1360 3188 καὶ
1385 3136 1415 3187 ο
1446 3136 1511 3187 τὰ
1541 3137 1726 3189 ἀνατε-

174 3222 340 3274 θέντα
362 3222 436 3291 τῷ
463 3222 576 3292 Θεῷ
604 3224 945 3291 ὑφελόμενος,
993 3224 1087 3292 τὴν
1115 3224 1201 3277 διὰ
1239 3224 1343 3276 τῶν
1367 3223 1524 3276 λίθων
1554 3241 1722 3292 τιμω-

174 3316 306 3382 ρίαν
337 3314 586 3382 ὑπέσχον.
631 3314 753 3368 Ἐπὶ
775 3313 829 3365 δε
852 3314 948 3381 τῆς
978 3314 1422 3383 ἐκκλησιαστικῆς
1449 3312 1730 3383 συνηθείας

171 3405 282 3455 οὐκ
300 3400 415 3456 οἶδα
446 3404 558 3464 πῶς
586 3403 980 3469 ωγκατάόασὶς
1000 3420 1083 3465 τις
1104 3404 1439 3469 ἐγένετο,καὶ
1468 3420 1528 3453 συ
1538 3418 1727 3471 μπερι-

176 3493 347 3561 φορά,
386 3492 522 3545 ὥστε
554 3493 898 3563 ἀνεκτότερον
923 3492 1237 3561 νομισθῆναι
1260 3491 1317 3544 τὸ
1348 3492 1446 3561 τῆς
1480 3491 1730 3560 τοιαύτης

177 3583 341 3635 νόσου
380 3583 669 3651 καθάρσιον
691 3598 703 3611 ’
754 3583 809 3633 ἐν
847 3580 1081 3633 ἐλάττονι
1114 3579 1220 3650 γὰρ
1247 3580 1421 3649 χρόνῳ
1460 3580 1608 3649 παρά
1632 3580 1729 3646 τὴν

179 3668 450 3736 μοιχείαν,
483 3670 591 3729 τοῖς
620 3667 873 3729 τοιούτοις
894 3667 953 3717 τὸ
983 3666 1250 3736 ἐπιτίμιον
1275 3667 1547 3731 διετάξατο
1574 3666 1746 3735 nemo

179 3755 439 3824 Πατέρων
459 3756 765 3824 παράδοσις.
791 3754 1067 3824 Πανταχοῦ
1090 3755 1181 3807 καὶ
1197 3756 1253 3806 ἐν
1276 3754 1559 3823 πλημμελή
1569 3768 1732 3823 ματος

175 3844 315 3897 εῖδει
332 3843 485 3895 τοῦτο
498 3844 731 3913 καθορᾷν
755 3846 1012 3914 προσήκει
1032 3843 1138 3913 πρὸ
1154 3844 1387 3903 πάντων,
1400 3843 1484 3895 οἵα
1507 3843 1621 3894 ἐστὶ
1637 3840 1729 3892 τοῦ

176 3933 614 4002 θεραπευομένου
657 3933 908 3995 διάθεσις,
937 3932 1010 4002 μὴ
1048 3934 1136 3985 τὸν
1159 3934 1342 4001 χρόνον
1376 3932 1580 3985 οἴεσθαι
1600 3930 1732 3999 πρὸς

175 4024 476 4093 θεραπείαν
503 4018 685 4091 ἀρκεῖν
705 4038 716 4049 ⁸
743 4024 821 4084 τὶς
848 4022 953 4091 γάρ
975 4021 1038 4074 ἂν
1063 4025 1125 4074 ἐκ
1144 4021 1234 4073 τοῦ
1263 4022 1452 4091 χρόνου
1472 4023 1611 4082 ἴασις
1637 4019 1731 4086 γέ-

174 4128 356 4177 νοιτο;
404 4111 535 4163 ἀλλά
552 4112 648 4178 τὴν
682 4112 989 4180 προαίρεσιν
1005 4110 1095 4162 τοῦ
1116 4110 1303 4162 ἐαυτὸν
1318 4110 1385 4161 δι’
1404 4107 1731 4177 ἐπιστροφῆς

180 4201 536 4269 ἱατρεύοντος.
578 4200 758 4253 Ταῦτά
784 4217 882 4263 σοι,
927 4194 969 4251 ὅ)
1004 4198 1250 4267 ἄνθρωπε
1281 4197 1370 4250 τοῦ
1401 4197 1555 4259 Θεοῦ,
1594 4196 1735 4250 κατά

177 4293 384 4363 πολλὴν
422 4290 649 4357 σπουδὴν
674 4293 736 4342 ἐκ
765 4289 868 4341 τῶν
898 4290 1195 4358 προχείρων
1228 4288 1530 4350 συνθέντες,
1562 4286 1650 4340 διὰ
1671 4285 1733 4339 τὺ

174 4384 293 4434 δεῖν
324 4384 431 4441 τοῖς
462 4381 566 4433 τῶν
615 4379 849 4445 ἀδελφῶν
879 4379 1209 4447 ἐπιτάγμασι
1260 4378 1558 4437 πείθεσθαι,
1595 4376 1733 4428 κατά

179 4468 415 4537 σπουδὴν
435 4469 839 4536 ἀπεστείλαμεν.
873 4468 942 4519 Σὺ
966 4466 1022 4518 δὲ
1039 4467 1136 4529 τὰς
1162 4467 1403 4535 συνήθεις
1420 4466 1557 4535 ὑπὲρ
1579 4463 1733 4534 ἡμῶν

174 4556 348 4625 εὐχάς
367 4555 440 4624 τῷ
460 4556 574 4624 Θεῷ
597 4557 882 4626 προσάγων
903 4555 975 4623 μὴ
996 4553 1287 4625 διαλείπῃς.
1307 4555 1607 4623 Χρεωστεὶς
1627 4551 1733 4623 γὰρ

173 4648 254 4708 ὡς
286 4644 571 4712 εὐγνώμων
595 4645 726 4705 υἱος,
758 4643 833 4714 τῷ
871 4643 1009 4697 κατὰ
1026 4642 1156 4697 Θεόν
1188 4660 1245 4696 σε
1271 4643 1612 4711 γεννήσαντι,
1635 4640 1733 4710 τὴν

174 4735 269 4789 διὰ
314 4733 420 4786 τῶν
465 4733 771 4803 προσευχῶν
806 4733 1158 4803 γηροκομίαν,
1204 4733 1343 4787 κατά
1389 4731 1486 4801 τὴν
1519 4727 1731 4799 ἐντολὴν

173 4827 281 4893 τὴν
309 4822 624 4875 κελεύουσαν
666 4825 826 4893 τιμᾷν
862 4826 987 4884 τοὺς
1011 4823 1200 4891 γονέας
1230 4864 1245 4886 ,
1296 4823 1394 4875 ἵνα
1418 4816 1486 4875 εὖ
1516 4835 1612 4873 σοι
1641 4822 1729 4887 τέ-

175 4928 377 4981 νηται,
413 4913 505 4966 καὶ
530 4912 644 4980 ἔσῃ
672 4915 1097 4981 μακροχρόνιος
1120 4912 1216 4965 ἐπὶ
1247 4910 1354 4979 τῆς
1389 4908 1521 4977 γῆς.
1568 4908 1736 4977 Δῆλον

175 5006 235 5057 δὲ
280 5004 359 5056 ὃτι
384 5002 457 5064 ὡς
496 5002 753 5071 σύμϐολον
781 5003 1066 5070 ἱερατικὸν,
1103 5001 1224 5071 δέξῃ
1261 5000 1321 5054 τὸ
1347 5001 1595 5069 γράμμα,
1639 4998 1730 5049 καὶ

174 5093 286 5146 οὐκ
326 5091 605 5159 ἀτιμάσεις
640 5090 700 5141 τὸ
734 5091 918 5153 ξένιον.
949 5090 1047 5144 κάν
1083 5107 1134 5142 τι
1168 5090 1481 5161 μικρότερον
1510 5085 1604 5156 τῆς
1636 5086 1731 5154 σὴς

180 5182 429 5255 μεγαλοφ
437 5183 547 5247 οἵας
580 5182 685 5249 ετη.

264 5367 459 5421 ΒΑΛΣ.
497 5365 679 5420 Εἰπὼν
740 5366 869 5436 περὶ
928 5365 1139 5433 κλοπῆς
1184 5374 1279 5417 καὶ
1331 5361 1743 5434 τυμϐωρυχίας,

181 5463 291 5517 νῦν
317 5459 413 5512 καὶ
442 5458 568 5527 περὶ
597 5457 905 5526 ἱεροσυλίας
936 5456 1200 5522 διδάσκει,
1246 5455 1340 5509 καί
1392 5471 1557 5523 φησιν
1589 5454 1671 5507 ὅτι
1710 5454 1743 5522 ὴ

186 5554 297 5622 μὲν
332 5549 542 5603 Παλαιὰ
570 5548 760 5617 Γραφὴ
788 5548 984 5615 ἐπίσης
1034 5530 1325 5622 caveam
1377 5545 1470 5597 καὶ
1497 5544 1589 5596 τδν
1624 5543 1749 5596 κλέ-

179 5618 367 5714 {pawn
414 5640 481 5692 τὰ
534 5638 611 5708 τῷ
641 5636 762 5708 8εῷ
814 5618 1206 5705 ἀνατεθειμένα
1263 5634 1510 5699 ἐκόλασε,
1576 5633 1744 5697 λίθοις

266 5778 283 5816 1
314 5773 478 5834 Exod.
509 5791 599 5839 xx,
647 5776 746 5841 l2;
791 5773 945 5827 Deut.
995 5776 1045 5839 ν,
1088 5771 1183 5839 l6;
1220 5770 1409 5826 Matth.
1447 5784 1543 5834 xv,
1576 5769 1629 5828 4.

1838 575 1965 621 ante
1994 566 2298 634 sepulcrum
2327 563 2550 633 proiecti
2603 574 2748 630 sunt,
2800 580 2906 620 non
2938 580 3031 622 eos
3062 569 3151 636 qui
3192 569 3399 637 sepulta

1837 673 2063 727 corpora
2090 666 2399 728 contegunt.
2439 655 2494 709 Si
2533 657 2657 727 quis
2684 658 2826 712 enim
2853 674 2948 715 eos
2978 660 3175 729 lapides
3209 662 3397 715 altatu-

1840 749 1983 815 Ierit,
2019 764 2219 819 corpus
2259 757 2563 802 contectum
2606 750 2828 806 omnino
2860 752 3142 810 videndum
3176 753 3396 821 pra-bet,

1838 854 1891 896 et
1923 853 2131 896 natura:
2167 842 2420 912 mysteria
2448 841 2705 909 publicat,
2755 852 2806 898 et
2867 859 2973 899 non
3030 855 3112 899 est
3168 846 3401 913 amplius

1837 933 1993 984 venia
2028 916 2261 999 dignus;
2294 934 2385 983 sed
2419 932 2469 983 in
2501 933 2723 985 alteram
2754 934 2986 1001 speciem
3030 934 3397 1003 sepulcrorum

1837 1017 2137 1073 eﬂosslonis
2166 1019 2402 1075 incidere
2437 1022 2664 1086 videtur,
2711 1038 2828 1090 qua:
2871 1035 2954 1077 est
2988 1027 3234 1092 sepulcra
3280 1038 3404 1090 ape.-

1837 1111 1967 1173 rirc,
2004 1120 2057 1162 et
2086 1126 2151 1164 ex
2196 1123 2451 1179 corrupta
2496 1127 2664 1167 carne
2718 1113 2987 1181 pulverem
3046 1114 3299 1178 etiotlere,
3348 1121 3402 1168 et

1838 1213 2021 1254 eorum
2056 1201 2146 1270 qui
2181 1200 2289 1255 illic
2324 1202 2505 1269 jaceat
2540 1215 2660 1255 ossa
2701 1216 2937 1265 movere,
2971 1202 3116 1257 illinc
3148 1212 3401 1261 ornatum

1838 1288 2073 1359 aliquem
2103 1304 2211 1357 quo
2233 1291 2427 1344 mortui
2452 1291 2634 1345 amicti
2674 1300 2797 1345 sunt
2819 1291 3065 1360 accipere
3095 1304 3402 1349 conantem.

1839 1380 1950 1433 lloc
1974 1382 2153 1448 itaque
2184 1382 2553 1449 sepulcrorum
2605 1380 2910 1437 eﬂossionis
2964 1396 3157 1447 genus,
3214 1382 3401 1436 eodem

1833 1472 2036 1540 judicio
2069 1487 2174 1541 quo
2199 1472 2427 1541 simplex
2460 1472 2767 1538 fornicatio,
2788 1474 3252 1528 condemnandum
3281 1488 3407 1529 esse

1839 1565 1987 1617 dicit.
2025 1563 2335 1633 Simplieem
2362 1573 2540 1617 autem
2566 1562 3000 1629 fornicationem,
3033 1579 3153 1617 cum
3184 1563 3409 1617 muliere

1840 1671 1867 1708 a
1899 1655 2014 1708 viro
2042 1656 2214 1709 soluta
2244 1656 2441 1709 coitum
2485 1655 2803 1708 nominavit.
2850 1653 2952 1709 Hic
2982 1670 3196 1724 quoque
3224 1654 3407 1723 pinni-

1839 1750 2000 1805 tentis
2033 1761 2316 1803 meonomo
2346 1747 2437 1799 dat
2487 1745 2795 1799 facultatem
2829 1759 2998 1814 pasam
3027 1755 3235 1812 tempus
3270 1759 3406 1798 cou-

1840 1838 2111 1905 trahendi,
2139 1841 2184 1893 si
2227 1837 2343 1905 ejus
2374 1836 2512 1891 forte
2546 1838 2911 1891 vehementem
2937 1836 3106 1888 videat
3136 1838 3318 1904 pmuitc
3339 1852 3404 1889 n-

1835 1934 1983 1987 tiam.
2018 1934 2280 1988 Ceterum
2316 1932 2428 1985 haec
2456 1930 2670 1997 quidem
2707 1930 2836 1983 dicit
2870 1940 3088 1985 sanctus
3122 1932 3187 1984 de
3214 1932 3403 2000 sepul-

1834 2038 2046 2080 crorum
2071 2023 2440 2078 elfossorihus.
2497 2019 2603 2075 Lex
2645 2032 2824 2074 autem
2864 2022 3035 2077 civilis
3086 2022 3139 2075 in
3182 2023 3273 2076 lib.
3312 2039 3401 2086 Ls,

1836 2118 1920 2171 tit.
1960 2115 2052 2178 ἥδ,
2088 2116 2200 2168 lucc
2226 2111 2546 2168 constituit:
2581 2110 2680 2176 Qui
2725 2112 2978 2166 materias
3028 2127 3093 2165 ex
3141 2113 3402 2180 sepulcris

1838 2209 2087 2263 auferunt
2123 2204 2391 2270 sacrilegii
2418 2202 2634 2259 crimini
2662 2204 2772 2257 sint
2802 2203 3039 2258 obnoxii.
3074 2203 3137 2256 Et
3174 2218 3357 2256 rursus
3384 2218 3400 2255 :

1839 2298 2218 2368 Sepulcrurum
2244 2295 2547 2350 omissionis
2569 2293 2771 2347 crimen
2803 2292 2959 2346 aiiert
3001 2292 3292 2346 infamiam.
3340 2293 3404 2347 Et

1837 2392 2070 2446 iterum:
2102 2388 2157 2443 Si
2193 2389 2314 2458 quis
2345 2403 2407 2441 ex
2444 2384 2693 2453 sepulcro
2739 2384 3035 2444 abstulerit,
3067 2386 3147 2438 Vel
3179 2385 3402 2452 lapides,

1844 2486 1923 2536 wl
1974 2484 2272 2542 columnas,
2329 2480 2411 2533 vel
2474 2493 2765 2540 marmora,
2818 2477 2897 2530 vel
2954 2477 3189 2545 aliquam
3248 2478 3402 2529 aliam

1845 2574 2145 2638 materiam,
2177 2572 2389 2641 publico
2416 2570 2601 2641 viginti
2624 2581 2815 2621 aut-eos
2845 2567 3004 2622 solvit
3032 2582 3047 2632 ;
3090 2580 3144 2621 et
3177 2582 3296 2637 qua:
3323 2586 3402 2622 se.

1843 2680 2100 2736 (llllllllur.

2322 2842 2479 2913 16:2.
2514 2839 2740 2896 (ΣΛΝΟΝ
2781 2842 2916 2897 Vill.

1936 2961 2291 3030 Satrilegium
2351 2975 2555 3017 autem.
2622 2958 2672 3011 iu
2729 2957 2947 3025 antiqua
3000 2957 3213 3025 quidem
3256 2956 3406 3011 Scai-

1844 3064 2022 3123 ptura,
2083 3066 2151 3106 ne
2211 3050 2375 3105 caedis
2442 3050 2661 3118 quidem
2726 3047 3177 3105 condemnatione
3228 3050 3404 3105 visum

1858 3149 1941 3197 est
1974 3140 2327 3194 tolerabilius.
2363 3138 2624 3192 Similiter
2650 3135 2814 3201 enim,
2838 3143 2892 3189 et
2913 3136 3005 3205 qui
3032 3134 3195 3191 cedis
3215 3134 3403 3191 convi-

1860 3238 1981 3285 ctus
2021 3239 2155 3290 erat,
2192 3236 2246 3282 et
2273 3228 2361 3296 qui
2391 3243 2474 3279 res
2516 3225 2624 3281 Deo
2661 3226 2935 3280 dedicatas
2977 3225 3292 3286 abstulerat,
3323 3225 3404 3276 la-

1861 3318 2147 3388 pidationis
2176 3317 2497 3385 supplicium
2538 3316 2771 3370 subibat.
2808 3314 2864 3367 In
2902 3313 3270 3368 ecclesiastica
3304 3329 3396 3365 au-

1864 3418 1967 3463 tem
2001 3405 2416 3469 consuetudine,
2458 3405 2524 3459 de
2562 3419 2731 3473 poema
2782 3403 3044 3473 gravitate
3077 3402 3260 3456 nescio
3297 3418 3405 3472 quo

1864 3495 2021 3549 modo
2048 3494 2247 3562 aliquid
2276 3493 2596 3556 detractum,
2627 3502 2678 3547 ct
2715 3507 2779 3546 eo
2811 3491 3045 3545 leuitatis
3083 3490 3403 3545 descensum

1866 3590 1967 3645 est,
2001 3591 2057 3637 ut
2094 3583 2240 3638 illius
2270 3584 2438 3637 morbi
2475 3582 2875 3637 existimaretur
2912 3580 3245 3636 tolerabilius
3291 3581 3407 3649 pia-

1865 3676 2043 3729 culum
2072 3690 2089 3740 ;
2120 3675 2172 3726 in
2200 3673 2392 3726 minori
2420 3673 2561 3726 enim
2597 3680 2834 3739 tempore
2862 3686 3020 3740 quam
3050 3672 3404 3734 adulterium,

1866 3760 1902 3815 ii
1931 3776 1959 3813 a
1993 3762 2212 3814 Patrum
2242 3760 2529 3812 traditione
2554 3772 2766 3826 ptenam
2798 3765 3170 3827 susceperunt.
3200 3757 3410 3826 Ubique

1868 3857 2045 3904 autem
2084 3848 2186 3901 hoc
2224 3849 2276 3901 in
2314 3848 2557 3916 supplicii
2604 3863 2797 3917 genere
2847 3857 2969 3901 ante
3002 3847 3184 3901 omnia
3225 3846 3409 3900 viden-

1867 3939 1994 3992 dum
2045 3945 2148 4000 est,
2193 3938 2369 4007 qualis
2406 3939 2474 3992 sit
2516 3939 2633 4005 ejus
2680 3938 2768 3991 cui
2836 3937 3118 3992 adhibetur
3161 3935 3407 4001 ali'ectio;

1871 4036 1924 4082 et
1955 4044 2062 4081 non
2103 4028 2411 4083 existimare
2458 4036 2668 4095 tempus
2722 4027 2787 4080 ad
2848 4027 3108 4081 medelam
3171 4024 3412 4081 suiliccre

1869 4118 2148 4187 (quamam
2174 4117 2314 4171 enim
2348 4116 2509 4169 fuerit
2540 4132 2600 4169 ex
2634 4126 2875 4185 tempore
2917 4114 3284 4184 medicina?).
3317 4116 3411 4170 sed

1868 4205 2007 4273 ejus,
2035 4206 2124 4273 qui
2153 4206 2254 4259 sibi
2302 4220 2397 4274 per
2430 4206 2836 4260 conversionem
2866 4206 3128 4270 medetur,
3165 4207 3405 4259 animum

1786 4306 1827 4361 ι)
1868 4302 1922 4348 et
1949 4295 2268 4349 institutum.
2315 4293 2435 4348 llaec
2462 4295 2578 4360 tibi,
2620 4309 2652 4349 ο
2681 4296 2841 4349 homo
2892 4294 3009 4359 Dei,
3068 4310 3130 4349 ex
3179 4295 3245 4348 iis
3295 4310 3414 4364 qua:

1868 4393 2022 4440 erant
2055 4386 2119 4437 ad
2142 4399 2359 4437 manum
2396 4383 2637 4439 studiose
2659 4385 2977 4454 composita,
3001 4386 3143 4455 quod
3169 4392 3415 4455 oporteat

1872 4472 2099 4527 fratrum
2153 4472 2421 4526 mandatis
2471 4488 2682 4541 parere,
2737 4473 2980 4529 studiose
3029 4476 3297 4530 misimus.
3333 4473 3414 4532 Ttt

1870 4576 2000 4617 vero
2024 4571 2313 4616 consuetas
2346 4578 2441 4631 pro
2490 4563 2645 4616 nobis
2680 4579 2868 4631 preces
2930 4564 3037 4618 Deo
3101 4565 3294 4622 offerre
3350 4582 3417 4622 ne

1871 4650 2215 4705 intermittas.
2251 4648 2421 4704 Debes
2448 4652 2593 4704 enim
2623 4658 2681 4703 ιιι
2708 4660 2898 4720 gratus
2937 4651 3101 4718 filius,
3154 4655 3202 4708 ei
3232 4654 3322 4724 qui
3364 4663 3416 4709 te

1872 4740 2165 4794 secundum
2201 4739 2364 4795 Deum
2388 4741 2593 4810 genuit,
2627 4741 2680 4794 in
2712 4753 2988 4799 senectute
3018 4756 3109 4812 per
3148 4754 3268 4799 tuas
3293 4760 3417 4798 ora-

1871 4832 2046 4884 tiones
2074 4831 2408 4897 alimentum,
2449 4833 2833 4888 convenienter
2860 4844 3128 4905 prmeepto
3159 4837 3302 4906 quod
3329 4837 3415 4905 ju-

1872 4920 1959 4974 bet
1995 4921 2261 4985 ltonorare
2294 4929 2565 4990 parentes,
2593 4932 2649 4975 ut
2684 4925 2779 4978 tibi
2807 4925 2929 4979 bene
2962 4928 3051 4989 sit,
3083 4936 3131 4980 et
3169 4929 3244 4982 sis
3299 4929 3414 4982 lon-

1871 5026 2040 5078 gwrus
2068 5026 2220 5078 super
2260 5020 2450 5064 terram
2504 5010 2539 5066 ¹.
2588 5012 2804 5067 Clarum
2839 5025 2921 5071 est
2953 5024 3130 5070 autem
3170 5019 3312 5087 quod
3358 5030 3414 5076 ut

1874 5102 2171 5169 symbolum
2212 5103 2561 5163 sacerdotale,
2590 5104 2795 5160 litteras
2822 5107 3076 5177 accipies,
3112 5125 3415 5180 munusquu

1875 5192 2135 5260 liOSpitale
2169 5208 2276 5247 non
2308 5204 2641 5260 contemnes,
2671 5198 2883 5255 etiamsi
2912 5200 2984 5254 sit
3037 5202 3213 5257 minus
3249 5219 3411 5273 quam

1876 5296 1972 5347 pro
2003 5297 2209 5336 summa
2250 5284 2322 5336 tui
2355 5284 2555 5352 ingenii
2584 5285 2846 5341 bonitate.

1926 5362 2119 5417 BALS.
2175 5362 2467 5433 Postquam
2517 5366 2654 5421 dixit
2713 5366 2779 5422 de
2836 5365 2979 5422 furto
3031 5377 3084 5423 et
3135 5369 3414 5438 sapuit-ron

1854 5468 1970 5505 rum
2018 5453 2325 5521 eflossioue,
2357 5470 2498 5509 nunc
2527 5456 2682 5510 ducet
2715 5456 2783 5511 de
2815 5460 3135 5527 sacrilegio;
3174 5469 3228 5513 et
3255 5461 3406 5524 dicit,

1851 5544 1992 5611 quod
2030 5546 2259 5614 Antiqua
2288 5546 2501 5616 quidem
2535 5548 2809 5614 Scriptura
2843 5550 3182 5616 homicidam,
3209 5562 3260 5605 et
3284 5566 3405 5607 eum

1853 5633 1941 5700 qui
1984 5632 2092 5688 Deo
2127 5634 2304 5689 oblata
2360 5635 2594 5701 sustulit,
2630 5653 2692 5692 ex
2729 5654 2881 5710 aequo
2914 5640 3089 5710 punit,
3139 5640 3404 5712 lapidibus
