3914 6332
464 300 565 386 887

1704 302 1977 365 TUEOD.
2022 296 2419 359 BALSAMON

3570 284 3707 346 £88

465 447 560 489 eos
588 429 736 484 obrui
756 427 967 495 jubens.
999 421 1146 491 Quod
1177 420 1228 473 in
1259 418 1438 472 Aehaz
1474 415 1673 469 factum
1697 423 1796 473 est,
1833 411 1920 479 qui
1948 424 2012 463 ex

2142 405 2312 467 ιὺτοὺς
2360 400 2701 470 ἀναιρεῖσθαι
2758 396 3147 464 διατλξιμένη.
3206 396 3382 465 Ὅπερ
3443 396 3532 448 ἐπὶ
3588 394 3715 447 τθῦ

468 520 651 590 spoliis
680 516 957 575 lliericho,
998 527 1114 580 quae
1142 510 1319 564 omnia
1381 508 1487 561 Deo
1537 512 1688 559 erant
1744 500 2009 590 dedicata,

441 593 445 596 ’
477 588 665 664 aurum
698 616 982 673 vestesque
1009 612 1181 655 textas
1212 598 1501 653 abstulerat
1533 614 1545 648 :
1583 592 1840 662 lapidibus
1866 588 2008 644 enim

468 702 689 755 obrutus
711 696 928 749 omnino
962 698 1262 761 peremptus
1287 698 1388 741 est.
1419 686 1651 740 Ecclesia
1684 693 1858 736 autem
1906 694 2014 732 non

468 791 658 844 eodem
698 788 855 841 modo
878 782 1202 838 homicidam
1238 790 1288 832 et
1317 778 1631 845 sacrilegum
1670 775 1822 844 punit
1854 790 1867 824 :
1920 770 2014 822 sed

474 877 655 930 mitius
687 877 737 927 in
782 872 1095 939 sacrilegqu
1138 868 1321 922 all‘ecta
1356 875 1456 919 est.
1504 864 1694 918 Nescio
1726 860 2017 929 quomodo,

474 965 669 1034 inquit,
708 980 802 1033 pro
824 978 887 1016 eo
919 959 1056 1029 quod
1087 970 1191 1019 εει,
1236 957 1490 1010 rationein
1522 955 1725 1022 ignoro.
1771 951 1815 1001 Α
1844 947 2021 1000 Patri-

476 1059 593 1119 hus,
626 1056 787 1118 enim,
812 1052 1001 1120 inquit,
1036 1050 1287 1105 traditum
1316 1055 1417 1107 est,
1471 1054 1529 1098 ut
1567 1041 1754 1094 minori
1785 1050 2023 1106 tempore

472 1160 632 1215 quam
679 1143 941 1198 adulterio
994 1153 1150 1208 pmna
1203 1134 1480 1203 sacrilegio
1538 1134 1874 1186 decernatur.
1963 1128 2019 1179 In

474 1236 620 1289 omni
650 1244 823 1287 autem
854 1240 1071 1301 peccato
1100 1236 1308 1298 oportet
1338 1236 1459 1278 ante
1479 1224 1656 1276 omnia
1682 1221 2025 1276 considerare

478 1323 788 1393 pmnitentis
810 1329 864 1375 et
897 1320 1030 1387 ejus,
1066 1318 1149 1371 cui
1193 1314 1395 1369 medela
1426 1312 1740 1381 applicatur,
1788 1309 2025 1364 allectio-

491 1426 633 1473 nem,
672 1419 725 1463 et
755 1424 856 1461 non
902 1406 1079 1461 omnia
1119 1418 1289 1472 ptena‘.
1345 1404 1521 1471 spatio
1572 1400 1859 1459 ascﬂbere,
1915 1410 2027 1449 tan-

486 1501 643 1565 quam
685 1497 821 1565 quod
849 1497 914 1553 ad
943 1494 1309 1563 purgationem
1348 1490 1591 1545 sulliciat.
1624 1488 2027 1554 Quantumcun-

481 1600 584 1653 que
648 1584 789 1639 enim
845 1592 1051 1651 tempus
1106 1580 1456 1650 prmterierit,
1523 1579 1653 1632 nihil
1698 1578 1906 1646 juvabit
1961 1577 2028 1630 ad

482 1676 832 1729 curationem.
870 1674 973 1727 Sed
1005 1680 1215 1740 Oportet
1261 1670 1566 1738 paenitentis
1601 1669 1839 1721 animum
1864 1677 1917 1723 et
1946 1668 2032 1721 in-

2128 496 2305 563 ’Λχαζ
2335 495 2572 560 ἐγένετο,
2630 490 2961 559 ὑφελομένου
2995 493 3058 541 ὲκ
3102 491 3207 541 τῶν
3260 487 3363 554 τῆς
3424 486 3714 555 Ἱεριχοῦς

2124 587 2399 655 λαφύρων,
2424 585 2457 638 ἃ
2488 584 2666 635 πάντα
2696 583 2773 651 τῷ
2816 582 2932 649 Θεῷ
2963 582 3313 647 ἀνετέθησαν,
3368 579 3572 647 χρυσόν
3624 593 3717 628 τε

2128 679 2222 731 καὶ
2247 676 2493 744 ὕφασμα”
2524 674 2695 734 λίθοις
2750 676 2857 741 γὰρ
2884 671 3100 741 βληθεὶς
3165 671 3431 737 παγιγενεὶ
3485 670 3719 734 ἑξωλοο

2128 768 2352 838 θρεύθη.
2399 764 2459 818 'H
2491 766 2546 818 δὲ
2591 764 2887 832 Ἐκκλησία
2932 765 3036 832 οὐχ
3083 763 3283 831 ὁμοίως
3327 763 3557 830 ἐπιτιμᾷ
3611 761 3719 828 τῷ

2130 861 2279 927 φονεῖ
2310 858 2506 927 καὶτῷ
2537 857 2799 925 ἱεροσύλῳ
2818 871 2832 885 ·
2887 855 3024 908 ἀλλά
3068 854 3718 923 συγκαταϐατικώτερον

2132 949 2344 1017 διετέθη
2374 949 2509 1016 πρὸς
2540 950 2632 999 τὸν
2673 946 2965 1014 ἱερόσυλον.
3004 946 3117 999 Οὐκ
3152 940 3271 997 οἶδα
3300 944 3439 1005 πῶς,
3500 947 3710 1015 φησὶν,

2132 1041 2252 1093 ἀντὶ
2281 1037 2376 1091 τοῦ
2415 1040 2505 1091 τὸν
2556 1039 2713 1106 λόγον
2752 1038 2948 1105 ἀγνοῶ.
2982 1036 3352 1105 Παραδέῖοται
3378 1038 3510 1105 γᾶρ,
3537 1039 3712 1101 φησὶ,

2133 1130 2281 1199 παρᾶ
2321 1129 2428 1181 τῶν
2451 1130 2706 1199 Πατέρων
2733 1130 2913 1198 ἥττονι
2943 1129 3122 1198 χρόνῳ
3141 1127 3284 1197 παρά
3317 1129 3419 1196 τὴν
3449 1128 3719 1195 μοιχείαν

2137 1226 2196 1277 τὸ
2228 1226 2501 1295 ἐπιτίμιον
2552 1226 2616 1293 τῇ
2650 1223 2923 1294 ἱεροσυλίᾳ
2950 1222 3249 1291 ὁρίζεσθαι.
3289 1222 3379 1273 Ἐν
3428 1222 3582 1291 πάσῃ
3642 1222 3719 1273 δὲ

2138 1318 2387 1389 ἁμαρτίᾳ
2416 1318 2499 1370 δεῖ
2531 1317 2636 1387 πρὸ
2649 1318 2863 1369 πάντων
2888 1316 3111 1367 σκοπεῖν
3129 1314 3224 1383 τὴν
3245 1312 3338 1366 τοῦ
3360 1311 3714 1383 μετανοοῦνο

2136 1425 2225 1467 τος
2258 1408 2349 1459 καὶ
2384 1406 2832 1475 θεραπευομένου
2864 1404 3133 1466 διάθεσιν.
3176 1406 3269 1457 καὶ
3300 1406 3378 1474 μὴ
3406 1404 3485 1473 τῷ
3518 1405 3716 1477 χρόνῳ

2136 1500 2232 1552 τοῦ
2274 1500 2550 1566 ἐπιτιμίου
2592 1496 2904 1550 ἀνατιθέναι
2928 1498 2990 1549 τὸ
3023 1497 3152 1560 πᾶν,
3179 1496 3252 1556 ὡς
3285 1495 3549 1564 ἀρκοῦντι
3566 1497 3723 1565 πρὸς

2144 1589 2424 1656 κάθαρσιν.
2469 1588 2527 1639 '0
2567 1587 2675 1654 γὰρ
2712 1586 2900 1657 χρόνος
2944 1588 3067 1649 ὅσος
3116 1585 3181 1638 ἂν
3229 1586 3495 1655 παρέλθῃ,
3549 1586 3723 1638 οὐδὲν

2142 1682 2411 1750 ὠφελήσει
2458 1681 2593 1748 πρὶς
2654 1679 2818 1732 ἴασιν.
2881 1677 3043 1730 Ἀλλά
3100 1674 3197 1745 τὴν
3254 1677 3579 1746 προαίρεσιν
3628 1677 3724 1729 δεῖ

484 1768 726 1821 stilutum
772 1764 1131 1824 considerare,
1188 1761 1405 1829 ejusque
1456 1761 1508 1812 in
1558 1759 1867 1827 paenitentia
1922 1766 2034 1811 stu-

2142 1774 2364 1824 σκοττετν
2388 1773 2478 1822 τοῦ
2517 1768 2904 1837 μετανοοῦντος
2934 1768 3030 1821 καὶ
3059 1766 3158 1837 τὴν
3190 1767 3289 1818 ἐπὶ
3320 1770 3385 1838 τῇ
3438 1771 3717 1837 μετανοίᾳ

485 1858 631 1909 dium
662 1872 676 1917 ;
713 1864 769 1907 ut
796 1856 839 1907 si
880 1862 1094 1919 peccato
1123 1854 1332 1918 quidem
1387 1852 1795 1906 convenientem
1828 1857 1879 1902 et
1915 1862 2036 1901 cor-

487 1946 897 2013 respondentem
966 1945 1331 2011 pmuitentiam
1379 1942 1693 2005 ostenderit,
1755 1942 2041 1993 contrahat

487 2049 655 2103 urnae
678 2044 883 2101 tempus
918 2034 1037 2087 :sin
1063 2042 1238 2086 autent
1264 2035 1485 2089 remisse
1520 2043 1571 2085 et
1606 2031 1959 2101 negligentius
1981 2045 2039 2085 se

489 2129 730 2194 gesserit,
772 2142 942 2194 pinnae
970 2141 1182 2195 quoque
1216 2135 1425 2194 tempus
1479 2132 1689 2193 augeat.
1724 2125 1765 2176 Α
1820 2139 1903 2177 me
1948 2139 2037 2175 au-

492 2228 595 2271 tem
630 2217 919 2273 dubitatum
953 2226 1033 2269 est
1077 2216 1343 2282 quomodo
1389 2226 1608 2269 sanctus
1665 2215 1749 2267 hic
1803 2215 2040 2267 avaritia:

493 2308 677 2359 vitium
715 2308 841 2361 dicit
874 2322 900 2358 a
932 2305 1177 2360 Patribus
1228 2306 1343 2360 sine
1376 2306 1481 2360 ulla
1511 2321 1629 2359 esse
1672 2307 1875 2359 medela
1917 2306 2039 2357 reli-

491 2407 668 2462 ctum,
722 2412 841 2451 cum
875 2393 1161 2465 Gregorius
1215 2396 1644 2461 Thaumaturgus
1676 2398 1772 2450 hoc
1802 2399 1852 2449 in
1884 2398 2040 2451 tertio

494 2503 590 2543 suo
616 2502 821 2544 canone
851 2488 1028 2541 dicat:
1065 2485 1253 2540 Gravis
1280 2502 1365 2541 res
1407 2498 1487 2541 est
1519 2488 1765 2548 avaritia,
1796 2500 1892 2540 nec
1924 2500 2044 2553 pos-

493 2588 745 2631 suutuna
777 2578 998 2643 epistola
1042 2580 1256 2646 exponi,
1296 2593 1413 2647 qua:
1464 2592 1489 2629 a
1533 2578 1714 2630 divina
1770 2576 2043 2646 Scriptura

494 2668 639 2721 dicta
675 2679 820 2731 sunt,
893 2669 944 2720 in
997 2669 1189 2736 quibus
1233 2682 1336 2721 non
1381 2668 1551 2721 solum
1597 2668 1902 2722 latrocinari
1966 2670 2047 2722 [ιι-

497 2758 745 2826 giendum
790 2766 843 2810 et
878 2757 1201 2811 horrendum
1258 2763 1634 2821 annttntlatur;
1687 2761 1780 2813 sed
1827 2761 2046 2813 omnino

498 2862 719 2902 avarum
750 2862 867 2901 esse
896 2858 951 2902 et
980 2848 1151 2901 aliena
1185 2848 1486 2903 desiderare
1526 2860 1742 2918 propter
1780 2858 1932 2918 turpe
1968 2850 2047 2902 lu-

495 2951 644 2989 crum
671 2952 684 2987 :
717 2944 788 2998 et,
810 2936 1059 3003 Quisquis
1085 2948 1164 2989 est
1190 2935 1474 3003 ejusmodi,
1504 2954 1528 2988 a
1562 2937 1648 2991 Dei
1689 2939 1920 2993 Ecclesia
1954 2942 2049 2993 ah-

497 3027 727 3083 dieatur.
762 3026 1037 3099 Quomodo
1072 3043 1197 3096 ergo
1225 3029 1338 3081 sine
1394 3028 1596 3082 medela
1648 3031 1891 3084 relictum
1942 3040 2046 3097 est,

498 3120 694 3184 quoda
732 3117 822 3171 Dei
878 3116 1113 3172 Ecclesia
1179 3118 1478 3172 abdicatum
1533 3120 1710 3176 facere
1752 3122 2045 3191 judicatum

498 3208 624 3263 est?
661 3209 809 3274 Quod
863 3219 1037 3262 autem
1071 3210 1381 3263 observatus
1428 3211 1496 3265 sit
1543 3212 1627 3265 hic
1670 3227 1837 3266 canon
1869 3214 2049 3268 Thau--

503 3300 752 3366 maturgi,
801 3299 1003 3352 clarum
1060 3310 1141 3352 est
1198 3316 1261 3352 ex
1327 3300 1607 3370 Theophili
1660 3306 2049 3373 archiepiscopi

502 3390 845 3442 Alexandrini
877 3391 1099 3459 epistola
1164 3393 1227 3443 ad
1288 3392 1504 3445 Mariam
1567 3396 1897 3465 episcopum,
1960 3401 2046 3464 qui

503 3482 719 3548 scripsit
774 3496 864 3535 eos
922 3497 1027 3535 rem
1066 3482 1253 3537 fecisse
1296 3485 1602 3551 legitimam,
1635 3489 1780 3555 quia
1811 3502 2053 3541 comnm-

506 3573 662 3625 nione
692 3582 1076 3640 separaverunt
1123 3573 1394 3626 mulierem
1450 3574 1728 3632 facientem
1782 3579 2048 3646 injuriam,

508 3677 603 3716 nec
634 3661 893 3715 volentem
930 3663 995 3714 ab
1027 3662 1215 3729 injuria
1245 3663 1534 3719 abstinere.

2140 1863 2397 1929 σπουδὴν,
2454 1861 2616 1925 ὥστε,
2676 1863 2725 1912 εἰ
2792 1859 2891 1928 μὲν
2925 1861 3311 1927 προσήκουσαν
3336 1858 3413 1926 τῷ
3445 1860 3721 1929 ἁμαρτή-

2142 1970 2267 2021 ματι
2299 1954 2393 2004 καὶ
2421 1952 2685 2019 ἀνάλογον
2711 1950 3047 2002 ἐνδείκνυται
3081 1950 3182 2016 τὴν
3217 1950 3536 2016 μετάνοιαν,
3578 1966 3717 2000 (νυν⁴

2137 2043 2361 2112 τέμνειν
2392 2043 2485 2095 τὸν
2512 2042 2606 2095 τοῦ
2635 2042 2916 2110 ἐπιτιμίου
2954 2043 3147 2111 καιρόν
3169 2060 3184 2074 ο
3248 2044 3294 2093 εί
3327 2041 3381 2093 δὲ
3415 2044 3719 2109 ἀνειμένος

2137 2136 2403 2187 διάκειται
2449 2137 2543 2188 καὶ
2574 2135 2941 2203 ἀμελέστερον
2974 2133 3295 2198 διατίθεται,
3351 2133 3443 2186 καὶ
3474 2149 3721 2203 προστι-

2140 2225 2291 2278 θέναι
2338 2225 2427 2277 τὸν
2458 2226 2649 2293 καιρὸν
2674 2225 2769 2278 τοῦ
2818 2225 3118 2293 ἐπιτιμίου.
3168 2224 3469 2294 Ἱῐπόρηται
3493 2225 3555 2278 δέ
3590 2243 3718 2293 μοι,

2141 2314 2258 2378 πῶς
2278 2315 2306 2366 ὀ
2332 2315 2487 2384 ἅγιος
2514 2311 2671 2380 οὗτος
2702 2316 2762 2369 τὸ
2789 2316 2889 2382 τῆς
2912 2316 3230 2380 πλεονεξίας
3267 2317 3439 2378 πάθος
3495 2317 3723 2385 ἀθερά-

2141 2422 2340 2458 πευτον
2383 2407 2484 2474 ἔφη
2528 2409 2680 2477 παρά
2710 2408 2817 2459 τῶν
2847 2408 3102 2476 Πατέρων
3132 2407 3591 2477 καταλειφθῆναι,
3616 2412 3724 2461 καὶ

2141 2498 2314 2551 ταῦτα
2354 2499 2447 2551 τοῦ
2472 2499 2631 2567 ἀγίου
2664 2499 2969 2568 Γρηγορίου
3010 2499 3100 2552 τοῦ
3154 2499 3590 2569 Θαυματουρτοῦ
3647 2484 3725 2554 ἐν

2144 2587 2220 2656 τῷ
2247 2589 2414 2658 τρίτῳ
2438 2589 2545 2641 τῶν
2562 2588 2726 2641 αὑτοῦ
2751 2589 2990 2641 κανόνων
3021 2587 3195 2641 ταῦτα
3227 2591 3476 2657 λέγοντος
3494 2608 3507 2621 ·
3544 2592 3724 2661 Δεινὴ

2146 2681 2179 2750 ἡ
2207 2680 2508 2743 πλεονεξία,
2540 2681 2636 2733 καὶ
2670 2682 2769 2733 οὐκ
2796 2680 2912 2731 ἔστι
2960 2680 3026 2732 δι’
3060 2681 3349 2748 ἐπιστολῆς
3382 2682 3725 2749 περιθέσθαι

2147 2771 2212 2821 τά
2246 2769 2367 2822 θεῖα
2401 2769 2725 2839 Γράμματα,
2754 2771 2810 2821 ὲν
2855 2762 2936 2833 οἷς
2970 2769 3030 2821 οὐ
3082 2771 3143 2821 ea
3203 2771 3482 2841 λῃστεῦειν
3544 2772 3727 2841 μόνον

2148 2861 2377 2928 φευκτὸν
2431 2863 2523 2913 καὶ
2552 2862 2821 2929 φρικῶδες
2880 2861 3343 2929 καταγγέλλεται·
3387 2864 3519 2916 ἀλλά
3576 2866 3727 2915 καθ-

2158 2953 2281 3005 όλου
2311 2955 2369 3005 τὸ
2413 2955 2750 3006 πλεονεκτεῖν
2800 2956 2891 3005 καὶ
2933 2955 2992 3005 τὸ
3040 2954 3333 3022 ἀλλοτρίων
3366 2955 3726 3022 ἐφάπτεσθαι

2153 3044 2246 3095 ἐπὶ
2280 3044 2714 3112 αἰσχροκερδεία·
2753 3046 2869 3109 καὶ,
2904 3046 3016 3105 Πᾶς
3044 3046 3071 3095 ὁ
3104 3044 3344 3107 τοιοῦτος
3367 3046 3728 3114 ὲκκήρυκτος

2166 3134 2487 3200 Ἐκκλησίας
2511 3133 2664 3186 Θεοῦ.
2686 3134 2805 3196 Πῶς
2820 3130 2909 3187 οὖν
2941 3135 3304 3203 ἀθεράπευτον
3340 3137 3629 3205 περιὼφθη
3664 3140 3733 3192 τὸ

2154 3226 2491 3293 ἔκκήρυκτον
2554 3224 2880 3292 Ἐκκλησίας
2942 3223 3077 3276 Θεοῦ
3138 3229 3309 3277 ποιεῖν
3343 3228 3723 3295 κεκριμένως

2157 3315 2273 3367 ’Ὁτι
2325 3314 2381 3364 δὲ
2438 3314 2656 3383 ἐκράτει
2694 3316 2721 3364 ὁ
2780 3313 2957 3366 κανὼν
2987 3314 3137 3377 οὗτος
3165 3316 3256 3367 τοῦ
3278 3317 3725 3385 Θαυματουργοῦ

2152 3400 2305 3467 δῆλον
2363 3402 2467 3452 ἀπῦ
2515 3404 2612 3471 τῆς
2666 3403 2799 3471 πρὸς
2852 3405 3040 3471 Μηνᾶν
3096 3404 3387 3457 ἐπίσκοπον
3424 3408 3728 3476 ἐπιστολῆς

2158 3490 2417 3555 Θεοφίλου
2474 3492 2906 3559 ἁρχιεπισκόπου
2946 3494 3368 3561 ’Λλ.εξανδρείας,
3406 3500 3730 3564 γράψαντος

2168 3579 2395 3645 νόμιμον
2427 3582 2652 3647 πρᾶγμα
2689 3585 3045 3649 πεποιηκέναι
3073 3586 3193 3645 τοὺς
3226 3587 3558 3653 χωρίσαντας
3618 3594 3726 3655 τῆς

2163 3665 2429 3730 συνάξςως
2458 3670 2551 3737 τὴν
2587 3669 2870 3721 ἀδικοῦσαν
2899 3674 3147 3737 γυναῖκα,
3173 3677 3265 3727 καὶ
3297 3675 3369 3746 μὴ
3388 3677 3727 3749 βουλομένην

2164 3758 2477 3811 ἀναστεῖλαι
2538 3758 2636 3825 τὴν
2664 3758 2893 3813 ἀδικίαν.
