3914 6332
519 353 624 420 895

1758 364 2030 432 ΤΙΙΕΟΠ.
2079 371 2474 435 BALSA‘MON

3629 385 3745 448 896

519 475 864 547 baptizando,
886 482 939 537 in
961 481 1160 539 ﬂuxum
1200 494 1598 540 menstruorum
1621 488 1890 556 inciderit,
1909 510 2070 562 quatt-

2183 493 2440 559 μέλλοντα
2471 499 2848 568 βαπτισθῆναι,
2884 501 3106 572 γένηται
3137 505 3192 556 ἐν
3219 505 3366 575 ῥύσει
3411 507 3523 560 τῶν
3552 508 3728 578 ἐμμή-

527 566 596 620 do
620 568 775 623 debet
802 571 1101 639 baptizari?
1125 573 1201 626 Ad
1241 574 1385 642 quod
1431 576 1643 631 divinus
1675 580 1760 632 hic
1797 579 1954 633 Pater
1994 596 2081 636 re-

526 660 739 724 spondit
767 699 781 721 ,
813 663 954 729 quod
987 664 1202 731 quando
1241 675 1465 732 purgata
1507 665 1686 721 fuerit.
1724 669 1901 725 Donec
1933 673 2078 725 enim

517 749 804 814 praestituti
831 751 945 805 dies
976 753 1345 819 praeterierint,
1376 754 1585 823 impura
1609 772 1727 811 esse
1751 759 2082 826 judicabitur

523 847 575 889 ct
607 854 704 892 nec
730 841 1110 909 haptizabitur,
1145 858 1243 897 nec
1268 844 1466 900 divinis
1501 849 1771 917 mysteriis
1795 849 1955 920 digna
1986 851 2081 911 ha.

523 926 756 982 hebitur.

947 1013 1102 1082 167
1116 1021 1489 1091 Interrogatio.

595 1123 613 1154 ι
652 1105 841 1160 Mulier
863 1108 907 1162 si
943 1113 1224 1178 pepererit,
1252 1114 1478 1168 dcbctne
1499 1114 1744 1183 jejunare
1774 1116 2003 1184 Pascha,
2026 1128 2082 1176 et

520 1195 700 1248 vinum
737 1212 841 1248 non
864 1199 1077 1252 bibere:
1110 1215 1175 1254 an
1205 1218 1232 1255 a
1259 1205 1467 1272 jejunio
1487 1207 1783 1261 absolvitur
1807 1219 1860 1264 et
1892 1210 2077 1266 vinum

519 1284 698 1338 bibere
729 1287 1076 1354 permittitur,
1105 1305 1169 1343 eo
1201 1294 1343 1359 quod
1382 1295 1676 1362 pepererit?
1709 1315 1725 1346 ι

1143 1379 1442 1447 Responsio.

594 1480 612 1512 ι
648 1461 1018 1534 Excogitatum
1065 1478 1147 1522 est
1184 1471 1487 1539 jejunium,
1529 1483 1585 1526 ut
1627 1491 1825 1545 corpus
1874 1479 2078 1537 humiio

517 1553 790 1606 reddatur.
847 1555 902 1609 Si
936 1574 1066 1629 ergo
1100 1576 1296 1629 corpus
1332 1563 1382 1615 in
1417 1565 1719 1620 humilitate
1747 1578 1799 1622 ct
1832 1572 2075 1628 imbecil-

519 1643 663 1697 litate
696 1657 960 1712 versatur,
994 1652 1150 1704 debet
1179 1654 1280 1706 cibi
1311 1664 1363 1707 et
1385 1665 1565 1723 potus,
1594 1671 1853 1728 quantum
1885 1667 1997 1719 vult
2023 1677 2077 1724 ct

518 1738 718 1799 potest,
749 1751 867 1791 esse
899 1740 1187 1809 particeps.
1217 1760 1234 1792 ι

582 1822 738 1877 ΒΑιε.
772 1825 1134 1896 Interrogatus
1166 1841 1241 1884 est
1279 1843 1522 1898 sanctus,
1559 1853 1624 1890 an
1667 1840 1823 1896 debet
1857 1845 2072 1911 mulier,

511 1929 629 1978 qua:
663 1915 714 1965 in
747 1913 964 1971 Pascha:
989 1920 1396 1989 quadragesima
1429 1931 1648 1993 peperit,
1677 1932 1856 1987 bibere
1886 1935 2068 1990 vinum

511 2013 562 2055 it
595 2020 622 2056 τι
663 2004 870 2072 jejunio
919 2010 1142 2064 absolvi.
1193 2012 1257 2066 Et
1297 2019 1590 2083 respondit,
1625 2025 1766 2089 quod
1802 2027 2070 2094 jejunium

511 2095 575 2145 ad
607 2110 802 2162 corpus
828 2098 1223 2154 humiliandum
1250 2104 1522 2158 decretum
1558 2120 1660 2164 est.
1694 2110 1844 2177 Quod
1879 2117 1921 2169 si
1953 2132 2074 2171 cor-

509 2200 609 2267 pus
643 2186 981 2241 humiliatum
1013 2190 1172 2244 fuerit
1204 2205 1254 2247 et
1286 2197 1581 2263 inﬁrmum,
1621 2216 1724 2253 non
1755 2204 1970 2259 aliunde
1989 2206 2074 2276 je-

506 2274 639 2339 junii
675 2277 955 2345 disciplina
990 2281 1230 2351 indiget:
1267 2287 1358 2338 sed
1386 2289 1797 2345 conﬁrmatione
1819 2274 2001 2360 potius
2019 2305 2073 2352 et

509 2365 842 2418 recreaiione
867 2382 1002 2434 opus
1031 2371 1211 2426 habet.
1247 2373 1407 2428 Debet
1442 2393 1588 2448 ergo,
1622 2397 1741 2449 quae
1783 2388 1980 2453 peperit
2017 2388 2068 2441 in

510 2452 803 2517 l‘usehate,
855 2457 956 2511 hoc.
987 2471 1089 2521 est,
1130 2464 1178 2514 in
1207 2465 1412 2532 jejunio
1447 2471 1589 2537 quod
1635 2473 1688 2525 ﬁt
1722 2452 1938 2543 propter
1971 2477 2066 2530 Pa-

509 2544 656 2606 scha,
693 2546 765 2597 uti
791 2557 841 2599 ct
877 2549 1002 2600 vino
1035 2560 1087 2602 ct
1111 2554 1254 2604 cibo.

1107 2641 1478 2714 Interrogatio.

585 2740 601 2772 ι
631 2723 709 2777 An
733 2726 886 2780 debet
917 2729 1164 2793 clericus,
1208 2737 1560 2801 prresentibus
1589 2739 1800 2793 Arianis
1829 2742 1905 2795 vel
1946 2743 2069 2798 aliis

511 2810 793 2876 luereticis,
832 2833 1017 2884 orare;
1047 2831 1097 2873 ct
1142 2838 1207 2875 an
1238 2841 1360 2877 eum
1391 2827 1519 2879 nihil
1560 2829 1702 2884 Iredit
1731 2833 1947 2900 quando
1983 2834 2068 2890 ille

511 2899 637 2955 facit
664 2905 983 2971 orationem,
1018 2926 1111 2964 seu
1144 2915 1513 2969 oblationem?
1548 2937 1563 2967 ι

1138 3128 1435 3197 Responsio.

582 3228 600 3258 ι
634 3209 689 3262 ln
722 3211 904 3267 divina
944 3217 1217 3273 oblatione
1244 3221 1507 3277 diaconus
1531 3235 1653 3280 ante
1685 3228 2064 3285 salutationem
2094 3245 2134 3299 (ς

507 3299 703 3350 edicit:
738 3299 838 3364 Qui
875 3318 980 3355 non
1017 3311 1452 3375 communicatis,
1492 3314 1782 3368 ambulate.
1823 3316 1937 3370 Non
1971 3319 2067 3372 de-

510 3390 632 3439 bent
661 3403 787 3456 ergo
837 3391 1118 3459 interesse,
1161 3397 1259 3449 nisi
1307 3400 1660 3466 proﬁteantur
1704 3421 1761 3459 se
1803 3408 2066 3474 pmniten-

509 3481 649 3546 tiam,
671 3492 888 3534 acturos
917 3495 965 3536 et
1005 3483 1228 3540 haeresin
1268 3489 1550 3544 vitaturos.
1581 3510 1597 3542 ι

576 3569 733 3623 Βριιε.
769 3570 1123 3642 Interrogatio
1153 3577 1216 3631 de
1240 3579 1436 3633 clerico
1485 3580 1622 3635 facta
1649 3592 1731 3637 est
1764 3602 1780 3637 v:
1811 3599 1877 3637 an
1913 3585 2068 3639 debet

507 3661 860 3724 praisentibus
887 3662 1150 3718 hmt'eticis
1182 3682 1357 3730 orare,
1400 3678 1493 3722 aut
1525 3671 1864 3726 incruentum
1893 3676 2064 3728 sacri-

507 3749 685 3801 ﬁcium
749 3751 945 3805 olTerre
976 3769 988 3815 ;
1027 3762 1079 3806 et
1112 3756 1409 3822 respondit,
1441 3760 1585 3824 quod
1633 3762 1848 3827 quando
1879 3763 1941 3813 :ul
1977 3777 2063 3815 sa-

505 3853 651 3889 cram
703 3855 944 3894 mcnsam
993 3853 1179 3896 sancta
1217 3845 1489 3901 offerenda
1536 3859 1678 3909 sunt,
1714 3850 1908 3902 dicitur
1939 3867 2064 3918 pro-

508 3923 645 3978 fanis
673 3944 684 3978 :
717 3928 816 3991 Qui
857 3943 960 3981 non
989 3931 1418 3995 communicatis,
1460 3937 1754 3996 ambulate,
1791 3938 1924 4002 sive,
1958 3939 2062 3993 Ca-

507 4017 830 4080 techumeni,
857 4020 1015 4072 exite.
1040 4020 1095 4072 Si
1121 4036 1246 4088 ergo
1269 4023 1638 4077 catcehuineni
1671 4041 1776 4078 tt0n
1813 4029 2065 4082 sinuntur

506 4109 694 4163 adesse
722 4110 850 4164 dum
883 4112 941 4164 lit
979 4113 1326 4180 sacriﬁcium,
1358 4117 1631 4183 quomodo
1671 4121 1917 4173 sinuentur
1949 4123 2060 4175 ha:-

506 4200 698 4253 retici'!
723 4199 837 4254 Nisi
883 4217 961 4268 se,
991 4203 1182 4272 inquit,
1217 4207 1589 4273 pmnitentiam
1637 4219 1853 4266 acturos
1897 4205 2064 4266 conﬁl

507 4299 739 4352 teantur,
779 4301 830 4344 ct
859 4291 926 4344 ab
962 4292 1149 4346 haeresi
1196 4303 1530 4358 cessaturos;
1567 4307 1620 4349 et
1667 4309 1793 4352 tunc
1828 4315 2062 4368 quoque,

508 4386 567 4428 ut
606 4378 875 4441 existimo,
918 4381 1056 4434 intra
1094 4384 1350 4450 templum
1389 4400 1507 4438 esse
1538 4401 1642 4440 non
1679 4390 1941 4454 sinentur,
1969 4391 2063 4444 sed

509 4466 640 4519 foris
668 4483 789 4521 cum
835 4471 1264 4537 eatechumenis;
1297 4474 1439 4542 quod
1467 4477 1509 4530 si
1542 4493 1600 4530 se
1628 4477 1695 4530 ab
1721 4477 1907 4532 lucresi
1941 4479 2065 4532 abs-

2171 598 2275 631 νων
2297 599 2309 613 ·
2334 582 2460 633 πότε
2485 583 2564 635 δεῖ
2585 586 2754 655 αὐτὴν
2780 589 3142 659 φωτισθῆναις
3171 594 3276 644 Καὶ
3296 595 3569 664 ἀπεκρίθη
3596 597 3736 665 πρὸς

2169 667 2324 723 τοῦτο
2368 675 2395 723 6
2444 671 2584 736 θεῖος
2633 671 2783 739 οὗτος
2823 680 3031 748 Πατὴρ,
3061 682 3141 733 ὅτι
3169 682 3253 733 ὅτε
3285 684 3556 755 καθαρθῇ.
3587 688 3732 749 Ἕως

2171 762 2279 831 γάρ
2307 763 2363 814 at
2388 766 2765 835 νενομισμέναι
2800 768 3134 838 παρέλθωσιν
3157 772 3378 844 ἡμέραι,
3410 776 3468 826 ὲν
3487 777 3702 846 ἀκαθαρ
3723 810 3736 817 -

2173 851 2263 921 σία
2310 855 2552 923 κρίνεται
2599 852 2757 920 εἶναι,
2807 858 2898 908 καὶ
2948 858 3069 911 οὔτε
3121 851 3568 933 βαπτιέθήσεται,
3605 865 3732 919 οὔτε

2171 942 2278 996 τῶν
2311 944 2468 996 θείων
2504 947 2816 1016 μυστηρίων
2854 947 3229 1018 ἀξιωθήσεται.

2789 1037 3121 1105 Ἐρώτησις.

2243 1140 2263 1172 ι
2311 1123 2448 1193 Γυνὴ
2484 1125 2578 1178 ἐὰν
2607 1126 2861 1199 γεννήσῃ,
2890 1129 2949 1180 τὸ
2978 1129 3166 1198 Πάσχα
3205 1131 3407 1199 ὀφείλει
3438 1133 3734 1202 νηστεῦσαι

2168 1212 2261 1264 καὶ
2311 1213 2383 1284 μὴ
2432 1217 2572 1266 πιεῖν
2611 1211 2772 1279 οἶνον,
2815 1217 2846 1286 ἦ
2885 1217 3175 1271 ἀπολύεται
3202 1219 3300 1289 τῆς
3325 1222 3604 1291 νηστείας,
3634 1223 3733 1276 καὶ

2168 1301 2259 1353 τοῦ
2289 1301 2362 1372 μή
2395 1305 2534 1355 πιεῖν
2561 1298 2720 1370 οἶνον,
2743 1304 2831 1357 διὰ
2859 1306 2919 1358 τὸ
2940 1307 3227 1377 γεννῆσαι;
3265 1327 3284 1359 ι

2783 1398 3126 1465 Ἀπόκρισις.

2245 1498 2262 1530 ι
2304 1480 2365 1532 Ἠ
2421 1483 2645 1552 νηστεία
2693 1484 2955 1555 ἐπενοήθη
3010 1485 3098 1538 διὰ
3146 1487 3206 1538 τὸ
3257 1486 3411 1556 σῶμα
3464 1488 3734 1540 ταπεινῶη

2171 1587 2257 1622 σαι
2305 1569 2402 1639 (2).
2446 1565 2512 1624 Εἴ
2559 1568 2650 1625 οὖν
2701 1573 2761 1625 τὸ
2815 1575 2970 1645 σῶμα
3015 1577 3074 1627 ὲν
3118 1575 3440 1629 ταπεινώσει
3483 1577 3602 1630 ἐστὶ
3633 1578 3733 1631 καὶ

2168 1659 2450 1728 ἀσθενείᾳ,
2486 1661 2689 1728 ὀφείλει
2737 1663 3060 1719 καταλαϐεῖν
3096 1664 3194 1734 (3),
3259 1665 3436 1728 καθὼς
3485 1665 3731 1735 βούλεται

2167 1750 2261 1802 καὶ
2286 1749 2504 1802 δύναται
2535 1750 2820 1819 βαστάσαι,
2847 1755 3049 1824 τροφῆς
3084 1756 3176 1808 καὶ
3201 1756 3383 1809 ποτοί
3418 1776 3448 1807 λ

2237 1838 2430 1891 ΒΑΛΣ.
2483 1838 2788 1910 Ἦρωτήθη,
2832 1843 2879 1893 εἰ
2924 1844 3124 1910 ὀφείλει
3159 1846 3290 1916 γυνὴ
3324 1847 3556 1899 τεκοῦσα
3588 1846 3740 1909 κατὰ

2167 1927 2264 1996 τήν
2291 1928 2743 2001 Τεσσαρακοστὴν
2775 1931 2867 1986 τοῦ
2895 1933 3103 2003 Πάσχα,
3132 1938 3271 1987 πιεῖν
3305 1932 3465 1999 οἶνον,
3507 1939 3600 1989 κα¹ι
3625 1940 3734 2004 τῆς

2169 2018 2418 2086 νηστείας
2445 2019 2690 2088 λυθῆναι.
2721 2022 2830 2074 Καὶ
2861 2023 3155 2094 ἀπεκρίθη,
3197 2025 3277 2077 ὅτι
3317 2027 3350 2093 ἡ
3382 2027 3605 2095 νηστεία
3637 2025 3735 2083 διὰ

2165 2108 2488 2160 ταπείνωσιν
2523 2109 2613 2162 τοῦ
2643 2109 2888 2181 σώματος
2909 2112 3136 2183 ὡρίσθη.
3154 2114 3276 2167 Ἐὰν
3297 2116 3351 2167 δὲ
3379 2117 3440 2167 τὸ
3465 2117 3626 2184 σῶμα
3641 2133 3734 2169 τε-

2166 2198 2564 2264 ταπεινωμένον
2607 2200 2700 2251 καὶ
2747 2200 2966 2264 ἀσθενὲς
3001 2197 3055 2273 ᾖ,
3084 2202 3303 2256 ἄλλοθεν
3334 2206 3395 2256 οὐ
3426 2205 3597 2257 δεῖται
3630 2205 3732 2274 τῆς

2167 2284 2230 2334 ὲκ
2273 2283 2372 2352 τῆς
2413 2287 2663 2355 νηστείας
2693 2289 3082 2358 παιδαγωγίας,
3117 2292 3251 2346 ἀλλά
3286 2295 3484 2364 μᾶλλον
3527 2297 3728 2348 συστά-

2170 2388 2303 2434 σεως
2330 2374 2516 2444 χρῄζει
2550 2378 2642 2430 καὶ
2675 2384 3040 2450 ἀνακτήσεως.
3059 2383 3286 2449 Ὀφείλει
3315 2379 3406 2436 οὖν
3427 2386 3460 2453 ή
3496 2384 3728 2436 τεκοῦσα

2167 2462 2307 2514 κατὰ
2337 2464 2395 2515 τὸ
2429 2466 2633 2534 Πάσχα,
2671 2468 2834 2537 ήγουν
2869 2471 2925 2523 ἐν
2956 2474 3017 2541 τῇ
3054 2471 3141 2526 διὰ
3174 2473 3234 2524 τὺ
3252 2474 3442 2543 Πάσχα
3469 2475 3738 2546 γινομένη

2168 2554 2406 2623 νηστείᾳ,
2433 2555 2522 2608 καὶ
2557 2557 2683 2627 οῖνῳ
2714 2560 3013 2628 χρήσασθαι
3039 2561 3133 2612 καὶ
3167 2561 3438 2632 βρώματι.

2781 2649 3108 2717 Ἐρώτησις.

2243 2748 2261 2780 ι
2291 2731 2352 2782 Ei
2378 2731 2576 2800 ὀφείλει
2603 2735 2857 2806 κληρικός
2879 2738 3139 2808 εὔχεσθαι·
3166 2740 3442 2810 παρόντων
3478 2744 3529 2794 Ἀ
3541 2746 3728 2813 ρῤεια-

2167 2819 2364 2890 νῶνιῆ
2430 2823 2602 2881 ἄλλων
2647 2827 2933 2896 αίρετικῶν
2955 2843 2967 2856 ⁸
3004 2831 3049 2880 εξ
3091 2829 3241 2882 οὐδὲν
3276 2831 3436 2884 αὑτὸν
3477 2832 3727 2902 βλάπτει,

2166 2911 2292 2961 ὅταν
2340 2912 2500 2975 αὐτὸς
2554 2918 2677 2984 ποιῇ
2733 2918 2827 2987 τὴν
2877 2918 3071 2989 εὐχὴν,
3121 2921 3283 2990 ήγουν
3329 2921 3425 2992 τὴν
3489 2937 3728 2994 προσφο-

2170 3019 2286 3088 ράν.
2318 3039 2336 3071 ι

2780 3116 3127 3184 Ἀπόκρισις.

2242 3215 2259 3247 ι
2285 3199 2375 3250 Ἐν
2400 3201 2462 3269 τῇ
2493 3200 2612 3271 θείᾳ
2641 3203 2886 3274 ἀναφορᾷ
2935 3209 2962 3258 ὀ
3013 3207 3254 3270 διάκονος
3282 3213 3587 3278 προσφωνεῖ
3619 3213 3731 3283 πρὸ

2166 3287 2258 3338 τοῦ
2330 3289 2619 3359 ἀσπασμοῦ
2657 3309 2672 3323 ο
2730 3297 2792 3346 Ol
2849 3298 3236 3367 ἀκοινώνητοι,
3296 3305 3726 3371 περιπατήσατε.

2165 3379 2279 3429 οὐκ
2330 3379 2628 3446 ὀφείλουσιν
2673 3380 2765 3436 οὖν
2819 3391 3096 3457 παρεῖναι,
3135 3393 3181 3443 εί
3221 3391 3294 3462 μὴ
3350 3393 3416 3444 ἂν
3456 3394 3728 3462 ἐπαγγέλμ-

2164 3467 2358 3520 λωνται
2395 3476 2670 3537 μετανοεῖν
2695 3477 2788 3527 καὶ
2818 3478 3104 3545 ἐκφεύγειν
3129 3482 3225 3549 τὴν
3258 3483 3482 3552 αἵρεσιν.
3524 3507 3540 3534 ι

2239 3558 2429 3610 ΠΑΛΣ.
2485 3561 2545 3611 Ἦ
2572 3561 2835 3631 ἐρώτησις
2862 3567 2988 3634 περὶ
3013 3567 3288 3637 κληρικοῦ,
3323 3572 3370 3622 εί
3403 3571 3600 3638 ὀφείλει
3639 3573 3735 3625 εὖ·

2166 3649 2352 3716 χεσθαι
2385 3650 2666 3719 παρόντων
2710 3654 3017 3724 αἱρετικῶν,
3051 3658 3215 3725 ῆγουν
3257 3662 3583 3729 προσφέρειν
3627 3662 3731 3730 τὴν

2166 3737 2494 3805 ἀναίμακτον
2525 3739 2730 3794 θυσίαν.
2760 3745 2865 3795 Καὶ
2894 3746 3186 3814 ἀπεκρίθη,
3240 3751 3319 3801 ὅτι
3355 3752 3430 3819 (4)
3474 3753 3727 3820 μέλλουσι

2168 3830 2530 3896 προσάγεσθαι
2556 3835 2619 3900 τῇ
2651 3835 2768 3901 ίερᾷ
2800 3836 3044 3908 τραπέζῃ
3070 3839 3136 3889 τὰ
3159 3840 3344 3906 Ἅγια,
3373 3841 3585 3908 λέγεται
3613 3848 3728 3905 τοῖς

2165 3917 2424 3986 ἀμυήτοις
2445 3936 2457 3948 ·
2493 3921 2552 3971 Οί
2589 3921 2955 3992 ἀκοινώνητος,
2995 3931 3415 3996 περιπατήσατε,
3447 3932 3635 3999 ήγουν,
3665 3935 3730 3985 Oi

2166 4007 2573 4075 κατηχούμενοι,
2609 4012 2926 4078 προσέλθετε
2955 4016 3051 4082 (5).
3077 4018 3134 4067 Εἰ
3180 4014 3272 4069 οὖν
3311 4021 3357 4070 οἱ
3388 4022 3731 4088 κατηχούμε-

2165 4112 2241 4145 νοι
2273 4096 2370 4146 οὐκ
2405 4097 2595 4150 ἐῶνται
2632 4104 2881 4169 παρεῖναι
2905 4104 3229 4177 τελουμένης
3254 4110 3350 4178 τῆς
3377 4110 3583 4172 θυσίας,
3609 4113 3731 4175 πῶς

2166 4185 2428 4252 αἱρετικοὶ
2461 4187 2814 4257 ὲαθήσονται;
2848 4193 2906 4244 El
2937 4197 3114 4262 μήπου
3159 4199 3592 4265 ἑπαγγέλλωνται
3622 4201 3729 4268 (εἴ),

2168 4274 2319 4341 φησὶ,
2357 4282 2627 4343 μετανοεῖν
2670 4281 2761 4331 καὶ
2803 4283 3127 4349 ἀφίστασθαι
3163 4290 3258 4355 τῆς
3290 4290 3584 4359 αἰρέσεως’
3630 4295 3730 4345 καὶ

2167 4363 2282 4412 τότε
2313 4365 2388 4429 δὲ,
2433 4362 2602 4436 οἶμαι,
2635 4369 2732 4422 οὒκ
2767 4373 2914 4435 ἐντὸς
2943 4375 3034 4426 τοῦ
3069 4377 3195 4429 ναοῦ
3230 4381 3729 4449 παραχωρηθήσον-

2166 4466 2254 4503 ται
2297 4449 2454 4514 εἶναι,
2488 4456 2600 4508 ἀλλ’
2629 4458 2731 4523 ἔξω
2770 4462 2905 4528 μετὰ
2938 4463 3044 4515 τῶν
3085 4468 3527 4535 κατηχουμένων’
3566 4468 3640 4528 ὡς
3675 4471 3727 4519 εί

511 4567 748 4613 tenturos
795 4575 900 4613 non
949 4563 1318 4630 proﬁteantur,
1371 4582 1437 4620 ne
1487 4584 1610 4622 cum
1663 4570 2063 4625 catechumcnis

2183 4544 2243 4613 ti'j
2291 4545 2708 4613 ἐπαγγέλλονται
2761 4552 3083 4618 ἀφίστασθαι
3130 4556 3227 4622 τῆς
3279 4557 3557 4626 αἱρέσεως,
3605 4559 3728 4611 οὐδὲ

509 4647 724 4712 quidem
756 4652 1069 4717 consistent,
1100 4656 1192 4708 sed
1222 4658 1571 4722 expellentur.

1103 4822 1469 4894 Interrogatio.

583 4927 601 4960 ι
630 4909 683 4964 Si
699 4911 821 4979 quis
843 4913 1174 4982 sitregrotus,
1190 4926 1242 4971 et
1258 4933 1319 4971 ex
1345 4919 1508 4972 multa
1532 4920 1894 4976 imbecillitate
1912 4922 2062 4977 valde

511 5009 835 5066 attenuatus,
866 5012 918 5056 et
953 5005 1018 5058 ad
1051 5017 1294 5060 sanctum
1332 5009 1535 5063 Pascha
1564 5013 1802 5076 venerit;
1834 5013 2062 5068 debctno

509 5092 727 5143 omnino
765 5091 1031 5160 jejunare,
1070 5112 1134 5149 an
1171 5111 1288 5162 eum
1330 5099 1559 5152 absolvit
1595 5101 1838 5167 clericus,
1870 5113 1927 5156 ut
1970 5117 2060 5157 ac-

510 5177 675 5244 cipiat
718 5184 860 5248 quod
891 5194 1087 5251 potest,
1121 5187 1200 5240 vel
1225 5189 1384 5241 etiam
1423 5191 1598 5269 oleum
1630 5202 1683 5245 ct
1716 5194 1896 5247 vinum
1929 5209 2056 5262 pro-

513 5276 627 5326 pter
658 5269 878 5322 multam
906 5273 1023 5336 ejus
1055 5275 1469 5329 imbecillitatem
1489 5277 1548 5327 91

557 5508 658 5589 ..(Ξ)
698 5509 799 5561 Διὰ
844 5495 907 5562 τό
953 5507 1122 5576 σῶμα
1165 5509 1541 5565 ταπεινῶσαι.
1584 5509 1741 5584 Lege,
1775 5515 1858 5568 διὰ
1912 5516 1967 5569 τὸ
1999 5516 2054 5568 τὸ

515 5595 690 5646 σωμα,
722 5592 825 5632 etc.

584 5647 660 5713 (ὅ)
703 5647 1078 5700 Κατιιλιισεῗν.
1126 5645 1279 5711 Lege,
1319 5651 1652 5716 μεταλαϐεῖν.
1692 5653 1842 5706 Enn.

589 5719 662 5773 (ii
704 5717 838 5769 Ὅτι.
881 5716 1040 5780 Lege,
1078 5717 1155 5768 ὅτι
1194 5717 1296 5766 ὅτε.
1340 5718 1490 5774 Ιῐυιτ.

2165 4636 2274 4695 τοῖς
2319 4639 2739 4706 κατηχουμένοις
2779 4644 3147 4712 συστήσονται,
3191 4646 3303 4698 ἀλλ’
3336 4649 3728 4718 ἐκδιωχθήσον·

2166 4740 2276 4777 ται.

2785 4823 3110 4892 Ἐρώτησις.

2242 4919 2260 4952 ι
2284 4903 2406 4956 Ἐάν
2451 4923 2532 4970 τις
2646 4909 2885 4964 ἀσθενῶν
2913 4917 3004 4966 καὶ
3038 4918 3284 4982 ἐκτακεὶς
3318 4921 3456 4973 πάνυ
3487 4921 3596 4973 ἀπὺ
3627 4923 3728 4990 τῆς

2169 4992 2366 5064 πολλῆς
2427 4997 2726 5062 ἀσθενείας,
2761 5004 2852 5055 καλ⁵
2889 5005 3016 5075 ἔλθῃ
3062 5008 3122 5060 τὸ
3157 5009 3308 5076 ᾶγιον
3331 5012 3518 5081 Πάσχα
3539 5031 3551 5041 ’
3587 5015 3725 5065 παν-

2170 5099 2276 5143 τως
2321 5083 2522 5151 ὀφείλει
2551 5089 2868 5155 νηστεῦσαι,
2896 5093 2927 5162 ἢ
2963 5096 3179 5150 ἀπολύει
3224 5101 3381 5152 αὐτὸν
3412 5102 3440 5152 6
3464 5103 3726 5173 κληρικδς

2171 5161 2493 5241 λαμϐάνειν,
2535 5171 2595 5230 οὗ
2637 5179 2875 5244 δύναται,
2993 5187 3082 5240 καὶ
3112 5187 3285 5240 ἔλαιον
3314 5192 3406 5243 καὶ
3439 5161 3602 5256 οἶνον,
3637 5161 3726 5245 διά

2172 5267 2269 5332 τὴν
2295 5266 2491 5335 πολλὴν
2520 5269 2680 5321 αὐτοῦ
2703 5271 3013 5326 ἀσθένειαν⁸
3049 5295 3065 5326 ι

2231 5515 2314 5587 (5)7
2347 5515 2727 5587 Προσέλθετε.
2776 5515 3076 5586 chendum
3114 5519 3341 5582 videtur,
3391 5518 3714 5587 παρέλθετε,

2165 5587 2242 5637 vel
2275 5585 2533 5649 ὲξέλθετε,
2565 5595 2621 5636 ιιι
2658 5585 2924 5654 interpres
2957 5589 3128 5640 vertit.
3168 5587 3322 5640 EDIT.

2233 5654 2306 5726 (ti)
2358 5654 2876 5726 ξΙίίτιιῖτέλλ-ευντηι.
2951 5657 3126 5721 Forte,
3171 5657 3580 5726 ἐπαγγέλλονται
3657 5665 3713 5709 ut

2167 5724 2322 5792 paulo
2357 5722 2510 5775 infra.
2549 5722 2696 5776 EDIT.
