3914 6332
234 357 343 433 897

852 492 1213 559 Ἀπόκρισις.

1265 350 1345 421 ΙΝ
1388 353 1736 421 (ΖΛΝΟΝΕΞ
1765 354 2148 419 TIMOTHEI
2178 356 2395 419 ALEX.

3367 358 3472 424 898

2536 484 2837 557 Responsio.

320 609 341 642 ι
366 586 715 644 Ἀπιολόεσθαι
746 584 945 654 ὀφείλει
979 578 1409 653 μεταλαμϐάνειν
1441 574 1654 644 καὶτῆς
1682 590 1795 645 τρο-

1987 592 2005 625 ι
2034 572 2253 630 Absolvi
2283 574 2439 630 debet
2482 585 2739 646 :egrotus,
2771 587 2831 633 ut
2859 580 3039 634 cibum
3070 592 3121 635 et
3147 596 3330 651 petum
3368 600 3462 637 ea.

240 681 354 750 φῆς
390 682 484 735 καὶ
520 679 614 734 τοῦ
661 674 823 732 ποτοῦ
852 676 880 729 ὀ
906 672 1166 737 ἀσθενῶν,
1208 671 1344 742 πρὸς
1376 669 1405 723 ὀ
1435 668 1659 722 δύναται
1705 663 1802 735 βα·-

243 771 461 825 στάσαι.
490 770 564 823 Τὸ
585 767 692 839 γάρ
714 754 1145 838 μεταλαμϐάνειν
1171 762 1345 818 ἐλαίου
1366 760 1457 813 τὸν
1479 754 1625 820 άπαξ
1647 758 1803 808 ἑκτα-

242 859 432 923 κὲντα,
464 858 668 911 δίκαιόν
698 858 861 909 ἐστιν.
892 873 912 907 ι

324 949 513 1001 ΒΔΔΣ.
555 948 690 1019 Περὶ
717 944 995 1006 νοσοῦντος
1045 942 1138 995 καὶ
1178 938 1505 999 ἑκτακέντος
1558 932 1662 988 ὑπὸ
1707 931 1806 1001 τῆς

243 1038 403 1090 νόσου
438 1041 471 1107 ἡ
508 1036 803 1107 ἐρώτησις·
851 1035 899 1087 εί
944 1030 1146 1100 ὀφείλει
1191 1030 1248 1082 ὲν
1284 1031 1351 1099 τῇ
1387 1025 1475 1081 διὰ
1515 1025 1577 1077 τδ
1617 1022 1809 1090 Πάσχα

243 1129 469 1199 νηστεία
506 1129 722 1192 πάντως
749 1122 1058 1197 νηστεῦσαι,
1096 1121 1214 1175 ἀντὶ
1258 1118 1375 1183 τοῦ,
1401 1114 1806 1185 ἀπαραιτήτως»

241 1218 605 1289 ἀωμπαθῶς,
645 1217 680 1289 ἢ
717 1216 1004 1288 μετασχεῖν
1049 1215 1192 1266 οῐνου
1239 1210 1329 1264 καὶ
1374 1207 1554 1260 ἐλαίου
1599 1203 1685 1258 διὰ
1709 1200 1807 1272 τὴν

241 1309 550 1363 ἀσθένειαν.
568 1309 631 1361 Ἡ
655 1310 711 1361 δὲ
740 1308 1025 1378 ἀπόκρισις
1051 1303 1220 1370 λέγει,
1252 1301 1333 1354 ὅτι
1379 1298 1471 1351 τὸν
1512 1292 1808 1348 ὲκτακέντα

242 1400 313 1452 ὲκ
355 1399 530 1460 νόσου,
560 1398 765 1451 δίκαιον
796 1394 888 1449 καί⁸
924 1393 1068 1447 οἴνου
1103 1393 1195 1445 καὶ
1240 1387 1420 1442 ελαίου
1469 1379 1811 1455 μεταλαμϐά-

244 1507 384 1553 νειν,
429 1488 504 1553 ὡς
548 1489 769 1543 δύναται
810 1483 1113 1555 ὑπομεῖναι,
1146 1482 1332 1553 ὴγουν,
1382 1479 1415 1549 ἢ
1461 1476 1652 1536 διόλου,
1686 1472 1719 1542 ἢ
1749 1473 1808 1523 ὲν

242 1579 482 1649 ἡμέραις
508 1578 638 1639 τισὶ,
661 1575 800 1630 κατὰ
826 1574 921 1645 τὴν
951 1572 1129 1644 κρίσιν
1155 1569 1250 1624 τοῦ
1278 1562 1682 1635 οίκονομοῦντος
1710 1560 1806 1613 αὐ-

242 1667 361 1720 τόν.
408 1666 742 1737 Σημειωτέον
785 1660 878 1718 οὖν
917 1664 982 1715 ἐκ
1007 1660 1196 1714 τούτου
1228 1656 1322 1711 τοῦ
1370 1654 1587 1715 κανόνος
1622 1652 1714 1703 καὶ
1745 1650 1810 1701 ὲκ

242 1755 343 1810 τοῦ
373 1763 441 1827 η’,
473 1758 554 1808 ὄτι
581 1760 616 1826 ή
646 1754 868 1824 νηστεία
890 1752 988 1820 τῆς
1023 1744 1473 1819 Τεσσαρακοστῆς
1496 1740 1590 1794 τοῦ
1621 1739 1809 1807 Πάσχα

245 1845 553 1918 ξηροφαγία
582 1844 749 1909 ἐστὶν,
778 1841 911 1896 ἀλλά
939 1839 1033 1893 καὶ
1062 1838 1205 1891 οἴνου
1229 1835 1426 1904 άποχή.
1457 1831 1611 1893 Τινὲς
1636 1829 1691 1882 δὲ
1718 1828 1810 1881 καὶ

245 1936 310 1987 ὲν
349 1936 550 2005 ἀμφοῖν
574 1935 685 1996 τοῖς
718 1933 904 1985 κανόσι
927 1930 1159 1993 τούτο-ς,
1185 1926 1283 1997 τὴν
1309 1927 1365 1979 ὲν
1390 1924 1467 1994 τῷ
1498 1923 1686 1992 Πάσχα
1717 1936 1811 2005 νη-

247 2022 457 2085 στείαν,
491 2022 590 2090 τὴν
617 2020 723 2073 τῶν
755 2020 924 2087 άγίων
952 2018 1145 2071 Παθῶν
1172 2012 1442 2084 ἑϐδομάδα
1471 2011 1715 2079 λέγουσιν
1738 2025 1762 2061 ε

243 2128 356 2176 ναι,
383 2113 474 2165 καὶ
502 2113 561 2164 ού
593 2113 769 2165 πᾶσαν
789 2110 885 2181 τὴν
918 2106 1389 2179 Τεσσαρακοστήν.

868 2198 1209 2265 Ἐρώτησις.

324 2307 345 2340 ι
392 2289 488 2352 Εἰς
513 2288 574 2341 τὸ
604 2285 791 2353 ζεῦξαι
830 2288 1003 2357 γάμον
1033 2287 1127 2339 ὲάν
1156 2283 1359 2354 καλέσῃ
1402 2297 1486 2343 τις
1533 2275 1806 2348 κληρικὺν,

242 2380 456 2451 ἀκούσῃ
514 2379 570 2433 δὲ
633 2379 723 2433 τὸν
780 2379 958 2449 γάμον
1004 2378 1340 2449 παράνομον,
1387 2374 1419 2444 ἢ
1470 2372 1808 2439 θειογαμιαν»

245 2470 416 2540 ἧγουν
458 2469 688 2537 ἀδελφὴν
724 2468 1122 2539 τελευτησάσης
1165 2464 1419 2534 γυναικὸς
1460 2463 1556 2531 τὴν
1582 2459 1811 2530 μέλλου-

246 2576 350 2614 σαν
386 2557 728 2626 ζεύγνυσθαι,
760 2559 809 2610 εί
856 2556 1056 2626 ὀφείλει
1085 2554 1448 2623 ἀκολουθῆσαι
1473 2553 1501 2604 ὀ
1530 2548 1808 2621 κλτῖρικός,

244 2649 283 2719 ἢ
316 2648 628 2721 προσφορὰν
658 2649 909 2717 ποιῆσαις
952 2665 971 2699 ι

856 2737 1206 2805 Ἀπόκρισις.

325 2851 343 2882 ι
368 2829 549 2895 ’Δπαξ
570 2829 777 2882 εἴπατε·
794 2827 919 2881 Ἐὰν
958 2826 1166 2900 ἀκούσῃ
1185 2828 1213 2879 ὀ
1238 2824 1493 2897 κληρικός
1519 2822 1608 2876 τόν
1635 2821 1810 2891 γάμον

246 2921 579 2991 παράνομον.
621 2921 682 2973 El
712 2916 804 2972 οὖν
832 2921 861 2972 ὀ
906 2918 1082 2987 γάμος
1119 2917 1432 2987 παράνομός
1487 2916 1652 2975 ἐστιν,
1710 2912 1811 2963 ούκ

244 3011 452 3081 ὀφείλει
500 3011 530 3062 ὀ
580 3008 836 3082 κληρικός
889 3010 1163 3062 κοινωνεῖν
1222 3004 1515 3075 ἁμαρτίαις
1571 2998 1812 3068 ἀλλοτρί-

247 3116 361 3161 αις.
390 3117 410 3151 t

323 3186 501 3239 ΒΑΛΣ
577 3186 714 3269 Τοὺς
744 3182 1036 3256 κληρικοῦς
1068 3181 1176 3244 δεῖ,
1235 3178 1387 3249 φησὶ,
1448 3173 1810 3269 καλουμένους

1766 1975 1874 2061 LI}

1911 665 2048 736 piat,
2083 674 2343 735 quantum
2381 664 2518 721 ferre
2549 679 2742 737 potest.
2775 669 2909 723 Eum
2953 672 3120 735 enim,
3161 673 3252 741 qui
3296 672 3465 727 semel

1910 764 2217 813 attenuatus
2257 765 2360 821 est,
2396 771 2516 812 esse
2557 759 2661 813 olei
2717 760 3028 830 participem
3072 777 3284 831 aequum
3316 771 3459 817 est.)
3504 776 3520 792 ‘

1979 926 2138 985 Bas.
2183 928 2257 985 De
2286 945 2370 992 eo,
2392 930 2487 1000 qui
2530 942 2771 1000 aegrotat,
2805 944 2858 989 et
2892 936 3079 990 morbo
3107 944 3464 1005 consumptus

1909 1026 2013 1083 est,
2048 1019 2106 1071 lit
2140 1018 2519 1089 interrogatio;
2551 1021 2777 1077 debctne
2807 1025 2858 1077 in
2879 1024 3085 1093 jejunio
3117 1018 3335 1093 propter
3365 1024 3465 1078 Pa‘

1910 1107 2040 1161 scha
2074 1108 2295 1163 omnino
2336 1108 2603 1179 jejunare,
2651 1112 2754 1165 hoc
2797 1119 2899 1177 est,
2937 1114 3374 1167 inexcusabiliter
3412 1121 3466 1165 ιι

1908 1198 2112 1267 absque
2160 1199 2266 1253 ulla
2310 1202 2800 1268 commiseratione,
2840 1218 2906 1255 an
2962 1204 3143 1256 viuum
3194 1214 3247 1256 et
3286 1203 3462 1257 oleum

1907 1302 2122 1341 sumere
2142 1297 2355 1358 propter
2375 1289 2827 1344 imbecillitatem?
2857 1289 3156 1359 Responsio
3188 1302 3364 1345 autem
3391 1291 3466 1343 di-

1907 1376 2000 1442 cit,
2051 1381 2195 1447 quod
2239 1380 2305 1450 is,
2335 1381 2426 1448 qui
2480 1381 2669 1434 morbo
2715 1392 3067 1451 consumptus
3117 1391 3217 1443 est,
3273 1398 3464 1449 capere

1912 1467 2064 1522 debet
2086 1467 2267 1521 vinum
2297 1479 2350 1522 et
2393 1470 2590 1533 oleum,
2619 1481 2879 1539 quantum
2927 1471 3066 1525 ferre
3096 1482 3270 1539 potest
3297 1490 3310 1523 :
3339 1489 3461 1541 per-

1906 1568 2067 1627 petuo
2112 1560 2335 1621 scilicet,
2368 1560 2450 1613 vel
2500 1560 2551 1613 in
2602 1562 2869 1628 aliquibus
2910 1562 3120 1625 diebus,
3163 1565 3458 1617 secundum

1906 1648 2161 1716 iudicium
2205 1650 2324 1719 ejus
2361 1652 2452 1719 qui
2495 1651 2643 1705 illum
2684 1653 2979 1719 dispensat.
3012 1650 3146 1705 Nota
3180 1663 3357 1705 autem
3396 1666 3462 1705 et

1907 1738 2007 1790 hoc
2036 1753 2241 1793 canone
2287 1749 2341 1794 et
2388 1757 2507 1807 vm,
2538 1741 2678 1809 quod
2724 1741 2988 1810 jejunium
3026 1741 3464 1813 Quadragesimze

1906 1824 2123 1882 Pascha;
2155 1838 2239 1883 est
2279 1831 2556 1884 aridorum
2596 1847 2724 1884 esus
2780 1843 2832 1885 et
2865 1848 2895 1886 a
2950 1834 3075 1885 vino
3114 1832 3457 1885 abstinentia.

1906 1906 2155 1970 Nonnulli
2200 1928 2379 1972 autem
2412 1920 2616 1982 dicunt,
2668 1921 2717 1973 in
2764 1920 3009 1990 utrisque
3049 1922 3132 1974 bis
3165 1921 3462 1975 canonilius

1896 2006 2160 2076 jejunium
2186 2008 2239 2062 in
2273 2007 2557 2074 Paschate,
2586 2026 2705 2064 esse
2730 2023 2934 2064 sanctae
2956 2011 3230 2066 Passionis
3260 2010 3462 2065 hebdo-

1900 2100 2133 2164 madam,
2158 2108 2211 2154 et
2241 2114 2350 2154 non
2380 2115 2596 2154 omnem
2633 2100 3132 2171 Quadragesimatn.

2314 2184 2475 2253 168
2487 2189 2857 2262 Interrogatio.

1972 2299 1991 2332 ι
2026 2279 2081 2335 Si
2111 2282 2237 2351 quis
2260 2282 2518 2337 clericum
2549 2283 2845 2346 vocaverit,
2879 2293 2937 2337 ut
2964 2283 3313 2337 matrimonio
3336 2299 3459 2336 cou-

1894 2371 2105 2441 jungat,
2139 2372 2321 2427 audiat
2366 2383 2543 2428 autem
2580 2389 2702 2429 esse
2732 2375 2975 2428 illicitum
3028 2375 3457 2439 matrimonium,

1899 2472 2079 2531 utpote
2110 2464 2192 2517 vel
2235 2466 2412 2519 amitae
2456 2466 2791 2535 conjngium,
2822 2466 2902 2519 vel
2952 2466 3219 2519 defuncta:
3273 2466 3458 2518 uxoris

1896 2568 2017 2607 esse
2044 2569 2281 2609 sororem
2300 2573 2441 2622 eam,
2458 2575 2573 2624 qua:
2598 2568 2674 2612 est
2695 2558 3045 2611 “matrimonio
3059 2560 3456 2625 conjungenda,

1894 2644 2121 2699 debetne
2147 2647 2299 2715 sequi
2326 2646 2558 2702 clericus
2582 2650 2661 2702 vel
2696 2648 2871 2703 facere
2902 2651 3269 2705 oblationem?
3292 2671 3311 2702 ι

2525 2738 2824 2806 Rusponsio.

1968 2844 1987 2877 ι
2023 2823 2142 2883 Uno
2163 2828 2328 2884 verbo
2356 2829 2517 2885 dicite
2542 2849 2555 2884 :
2580 2829 2633 2884 Si
2657 2833 2921 2886 audiverit
2946 2832 3174 2886 clericus
3209 2832 3445 2887 illicitum
3510 2844 3517 2851 °

1904 2916 2323 2971 uatrimonium.
2361 2917 2416 2971 Si
2449 2934 2576 2986 ergo
2614 2930 2697 2973 est
2742 2921 2986 2973 illicitum
3021 2922 3448 2984 matrimonium,

1894 3018 2002 3058 non
2030 3004 2185 3058 debet
2211 3005 2440 3059 clericus
2475 3006 2664 3061 alienis
2692 3009 2926 3077 peccatis
2971 3011 3393 3065 communicare.
3426 3029 3444 3061 ι

1963 3180 2117 3237 llus.
2151 3181 2394 3252 Oportet,
2430 3183 2625 3253 inquit,
2658 3184 2903 3251 clericos,
2934 3185 3025 3255 qui
3076 3186 3139 3240 ad
3173 3188 3451 3239 matrimo-

244 3279 330 3341 εῑς
373 3276 592 3345 τελετὴν
639 3263 830 3346 γάμων
866 3312 880 3337 ,
935 3272 1076 3326 ὥστε
1114 3267 1368 3335 εὔξασθαι
1406 3267 1501 3320 καὶ
1552 3263 1804 3368 συζεῦξαι

1908 3271 1966 3324 ιίί
2010 3273 2327 3343 mysterium
2366 3273 2747 3328 celebrandum
2782 3284 3045 3329 vocantur
3081 3284 3143 3328 ut
3190 3287 3366 3339 orent,
3400 3287 3453 3329 et

241 3370 375 3432 τοὺς
402 3364 865 3437 νυμφευομένους,
906 3365 954 3417 εί
1000 3360 1290 3417 άκούσουσι
1328 3356 1640 3426 παράνομον
1672 3349 1804 3407 εἶναι

1908 3377 2121 3431 sponsos
2142 3365 2497 3435 conjungant,
2520 3367 2564 3420 si
2583 3366 2885 3421 audiveriut
2910 3383 3030 3421 esse
3063 3367 3308 3421 illicitum
3337 3383 3452 3419 ma-

241 3460 341 3513 τὸν
379 3460 574 3528 γᾷμον,
618 3456 692 3527 μὴ
730 3453 1085 3525 ἀπέρχεσθαι,
1147 3452 1280 3522 μήτε
1334 3446 1587 3516 εὔχεσθαι
1617 3483 1632 3509 ,
1673 3446 1804 3514 μήτε

1908 3453 2226 3519 rimonium,
2266 3470 2362 3509 nec
2386 3456 2556 3519 abire,
2582 3473 2682 3510 nec
2718 3474 2779 3511 or
2819 3473 2894 3522 re,
2922 3474 3020 3513 nec
3051 3458 3262 3522 oﬂerre,
3296 3467 3347 3510 et
3373 3458 3451 3510 sic

243 3548 602 3619 προσφέρειν,
660 3546 749 3599 καὶ
803 3543 942 3597 οὕτω
993 3539 1265 3595 κοινωνεῖν
1312 3534 1605 3608 ἁμαρτίαις
1656 3533 1809 3587 ἀλλο⁴

241 3639 450 3710 τρίαις.

867 3721 1206 3790 Ἐρώτησις.

329 3836 348 3870 t
370 3817 494 3870 Ἐὰν
517 3813 849 3887 ὀνειρασθεὶς
878 3815 905 3866 ὀ
934 3812 1116 3875 λαῖκδς
1157 3810 1408 3883 ἐρωτήσῃ
1440 3805 1721 3877 κληρικόν,
1759 3803 1807 3855 εί

240 3909 453 3980 ὀφείλει
480 3906 766 3979 ἐπιτρέψαι
804 3903 951 3974 αὐτῷ
984 3901 1331 3973 κοινωνῆσαι,
1368 3901 1402 3970 ἢ
1440 3898 1537 3965 οῦ;
1577 3918 1595 3950 ι

854 3993 1205 4062 Ἀπόκρισις.

322 4107 341 4141 t
368 4090 427 4142 El
463 4087 560 4159 μὲν
594 4085 870 4139 ὑπόκειται
903 4081 1163 4153 ἐπιθυμία
1197 4080 1474 4151 γυναικὸς,
1512 4079 1610 4132 οὐκ
1653 4075 1806 4145 ὀφεί-

240 4184 368 4236 λει’
406 4182 455 4234 εί
493 4179 550 4232 δὲ
598 4181 626 4231 ὀ
655 4176 897 4237 Σατανᾶς
934 4174 1182 4245 πειράζει
1226 4173 1408 4233 αὑτὸν,
1449 4172 1535 4224 ῖνα
1579 4169 1665 4223 διὰ
1707 4169 1807 4238 τῆς

242 4272 573 4342 προφάσεως
602 4268 807 4337 ταύτης
845 4264 1200 4337 ἀλλοτριιῖπαι
1228 4265 1329 4334 τῆς
1366 4262 1648 4324 κοινωνίας
1697 4260 1806 4313 τῶν

240 4363 408 4415 θείων
440 4358 768 4430 μυστηρίων,
800 4355 1001 4424 ὀφείλει
1034 4353 1377 4423 κοινωνῆσαι.
1414 4354 1565 4405 Ἐπεὶ
1584 4351 1643 4403 ού
1670 4350 1802 4404 tta-3-

244 4468 400 4506 σεται
429 4453 457 4503 ὀ
491 4448 761 4521 πειράζων
803 4447 921 4498 κατ’
956 4447 1160 4497 ἐκεῖνον
1191 4444 1281 4496 τὸν
1304 4443 1514 4513 καιρὸν,
1542 4442 1629 4495 ὅτε
1659 4440 1807 4508 ὀφεί-

240 4545 330 4603 λει
361 4539 648 4601 κοινωνεῖν,
674 4537 1045 4607 ἐπιτιθέμενος
1078 4534 1245 4605 αὐτῷ.
1274 4553 1292 4585 ι

1890 3540 2082 3598 alienis
2115 3546 2349 3614 peccatis
2376 3549 2801 3604 communicare.

2484 3723 2853 3796 Interrogatio.

1968 3828 1987 3863 ι
2028 3810 2084 3866 Si
2114 3812 2305 3881 laicus,
2340 3814 2432 3884 qui
2464 3817 2773 3880 somniavit,
2798 3818 3053 3871 clericum
3083 3818 3447 3887 interrogare-

1895 3901 1963 3958 rit
1988 3918 2055 3959 an
2083 3904 2241 3960 debet
2264 3906 2309 3960 ei
2340 3906 2648 3976 permittere
2681 3910 3100 3974 communicare,
3136 3925 3203 3962 an
3234 3909 3416 3963 non?»

2516 3997 2820 4066 Responsio.

1965 4111 1983 4143 ι
2027 4089 2082 4145 Si
2128 4090 2314 4145 subest
2363 4089 2580 4159 quidem
2632 4090 2873 4144 mulieris
2925 4090 3283 4151 desiderium,
3341 4104 3447 4144 non

1890 4181 2086 4236 debet:
2118 4184 2200 4237 sin
2233 4192 2409 4236 autem
2450 4189 2618 4235 tentat
2644 4196 2765 4234 eum
2802 4179 3052 4245 Satanas,
3080 4189 3135 4233 ut
3180 4197 3271 4249 per
3311 4182 3451 4236 hanc

1889 4274 2228 4329 occasionem
2256 4289 2285 4327 a
2319 4273 2622 4326 divinorum
2659 4273 3038 4342 mysteriorum
3070 4288 3225 4326 eumn
3252 4273 3451 4325 unione

1888 4366 2173 4428 alienetur,
2191 4364 2348 4418 debet
2378 4364 2803 4417 communicare.
2832 4361 3013 4429 Neque
3046 4364 3186 4417 enim
3218 4362 3450 4417 cessabit

1892 4463 2127 4509 tentatur
2167 4467 2231 4506 eo
2276 4463 2538 4521 tempore,
2568 4453 2787 4521 quando
2820 4454 2976 4511 debet
3018 4455 3445 4518 communicare,

1892 4544 2040 4599 illum
2077 4542 2345 4596 invadere.
2382 4560 2401 4593 ι

319 4632 509 4685 ΒΑΛΣ.
552 4630 685 4699 Περὶ
726 4627 833 4680 τῶν
888 4629 945 4679 ὲν
982 4624 1211 4697 ὀνείροις
1262 4622 1697 4693 φανταζομένων,
1725 4615 1804 4685 οἷς

1965 4628 2120 4684 Βλιε.
2159 4629 2230 4683 De
2254 4629 2340 4694 iis,
2374 4628 2571 4698 quibus
2600 4628 2711 4682 visa
2747 4644 2804 4683 se
2844 4630 2898 4683 in
2937 4632 3164 4686 somniis
3193 4631 3470 4696 offerunt,

239 4724 343 4777 καὶ
370 4721 679 4790 σπέρματος
710 4719 841 4780 ἴσως
872 4716 1077 4786 γίνεται
1119 4716 1308 4785 ὲκροὴ,
1339 4715 1503 4785 φησὶν
1538 4716 1566 4767 ὀ
1616 4715 1806 4783 Πατὴρ

238 4807 399 4873 οὗτος
419 4850 433 4874 ,
463 4812 544 4862 ὅτι
570 4810 618 4862 εί
647 4808 744 4879 μὲν
775 4806 879 4879 πρὸ
905 4807 1092 4861 τούτου
1114 4804 1444 4875 προσέϐαλλε
1483 4805 1558 4874 τῷ
1596 4805 1805 4875 ὀνειραο

241 4903 426 4955 σθένει
459 4899 749 4969 ἐπιθυμίας
794 4896 1051 4966 γυναικὸς
1097 4896 1373 4966 λογισμὸς,
1416 4896 1507 4949 καὶ
1537 4897 1804 4965 ἐνέμεινεν

238 4993 271 5044 ὀ
312 4989 435 5055 νοῦς
481 4989 572 5042 ἐπὶ
602 4991 666 5058 τῇ
701 4987 984 5057 ἐπιθυμία,
1020 4990 1113 5041 καὶ
1148 4986 1577 5057 ὲνεφιλοχὼρησε
1610 4986 1800 5063 ταύτῃ,

241 5080 537 5135 κάντεῦθεν
573 5082 605 5150 ἡ
634 5080 919 5147 φαντασία,
950 5077 1153 5147 ἐπῆλθε
1186 5079 1219 5148 ἡ
1252 5077 1405 5148 ῥύσις
1434 5078 1527 5130 τοῦ
1560 5079 1803 5149 σπέρμα-

240 5187 366 5233 τος·
400 5172 498 5223 οὐκ
540 5171 741 5238 ὀφείλει
795 5167 1133 5239 μεταλαϐεῖν.
1186 5170 1292 5220 Καὶ
1325 5168 1580 5232 εἰκότως·
1617 5171 1648 5237 ὴ
1695 5170 1801 5237 γὰρ

243 5260 642 5325 συγκατάθεσις
672 5259 894 5330 ὲμόλυνε
917 5260 1007 5312 τὸν
1035 5258 1292 5328 λογισμὸν
1337 5259 1430 5311 τοῦ
1464 5260 1800 5329 ὀνειρασθὲν-

241 5369 355 5414 τος.
394 5351 499 5402 Καὶ
530 5349 645 5412 πῶς
686 5348 822 5417 μετά
870 5347 1109 5400 τοιούτου
1143 5347 1399 5417 λογισμοῦ
1448 5348 1800 5417 προσελεύσε-

242 5458 332 5495 ται
356 5442 469 5502 τοῖς
507 5439 739 5506 Ἀγίοιςς
772 5439 833 5491 Εί
874 5438 926 5490 δὲ
964 5439 1113 5490 οὐδὲν
1152 5440 1386 5491 τοιοῦτον
1432 5441 1795 5509 προηγήσατο,

244 5530 338 5582 τοῦ
364 5513 629 5587 διαϐόλου,
663 5528 845 5598 φησὶν,
873 5528 988 5581 ἐστὶ
1015 5531 1199 5599 πεῖρα,
1228 5529 1314 5583 ἵνα
1336 5528 1506 5592 οὕτως
1536 5530 1799 5595 ἀποξενῶ-

244 5638 335 5672 ται
365 5620 525 5672 αὑτὸν
551 5619 650 5688 τῆς
692 5620 841 5682 θείας
884 5620 1163 5681 κοινωνίας
1188 5636 1201 5649 ·
1244 5619 1334 5671 καὶ
1384 5619 1463 5671 δεῖ
1497 5619 1655 5673 αύτόν
1688 5636 1797 5673 κοι-

246 5713 451 5766 νωνεῖν.
481 5712 543 5764 El
575 5712 683 5783 γὰρ
727 5712 811 5782 ἴδῃ
858 5711 885 5762 ὀ
933 5709 1170 5781 Πονηρὸς
1206 5709 1346 5764 οὕτω
1374 5710 1795 5783 κατορθούμενον

1891 4720 2089 4788 quibus
2134 4719 2293 4772 etiam
2339 4719 2396 4771 tit
2454 4716 2680 4772 fortasse
2720 4716 2893 4772 ﬂuxus
2928 4720 3172 4786 seminis,
3198 4720 3330 4775 dicit
3361 4721 3448 4774 hic

1892 4808 2080 4872 Pater,
2106 4810 2244 4878 quod
2276 4808 2319 4862 si
2355 4808 2598 4863 mulieris
2639 4810 2965 4863 desiderium
2996 4810 3051 4864 in
3086 4825 3151 4864 eo
3176 4812 3269 4879 qui
3302 4826 3449 4865 som-

1894 4899 2024 4961 niat,
2062 4898 2310 4967 cogitatio
2344 4907 2499 4950 antea
2525 4897 2850 4958 accenderit,
2882 4908 2934 4952 et
2974 4915 3128 4954 mens
3158 4901 3207 4953 iu
3235 4902 3449 4955 deside-

1891 4989 1972 5041 rio
2007 4989 2317 5057 perstiterit,
2344 4989 2503 5056 eique
2534 5002 2788 5041 assensus
2823 5000 2926 5053 est,
2947 5001 2999 5042 et
3028 5007 3092 5043 ex
3112 5006 3178 5043 eo
3207 4991 3283 5043 illi
3310 4992 3446 5045 visio

1890 5080 2070 5132 nltlata
2100 5087 2198 5140 est.
2225 5086 2278 5131 et
2312 5076 2475 5130 [lusio
2514 5076 2737 5130 seminis
2771 5086 2854 5130 est
2885 5089 3192 5143 consecuta,
3220 5081 3448 5136 non-de-

1892 5168 1979 5221 bet
2019 5165 2437 5220 communicare.
2477 5162 2549 5216 Et
2578 5164 2767 5218 merito
2801 5182 2813 5217 :
2845 5167 3091 5220 assensio
3118 5167 3261 5221 enim
3303 5168 3442 5236 ejus,

1889 5259 1980 5325 qui
1998 5258 2304 5314 somniavit.
2326 5271 2556 5309 mentem
2580 5258 2797 5323 polluit,
2821 5267 2872 5310 ct
2900 5257 3171 5325 quomodo
3192 5273 3312 5311 cum
3345 5259 3444 5312 hac

1889 5348 2210 5416 cogitatione
2248 5348 2314 5400 ad
2344 5347 2537 5400 Sancta
2568 5346 2818 5399 accedet?
2854 5346 2946 5400 Sin
2973 5356 3149 5399 autem
3182 5348 3312 5400 nihil
3341 5349 3445 5401 tale

1889 5439 2184 5508 praecessit,
2220 5444 2302 5491 est
2341 5436 2559 5499 diaboli,
2598 5434 2792 5504 inquit,
2827 5438 3084 5502 tentatio‘;
3115 5446 3170 5491 ut
3211 5438 3290 5491 sic
3319 5454 3441 5491 cum

1889 5531 2085 5583 alicnet
2109 5544 2139 5582 a
2170 5517 2347 5581 divina
2372 5528 2754 5582 communione
2786 5546 2798 5580 :
2831 5538 2881 5580 et
2906 5536 3118 5595 Oportet
3155 5543 3276 5581 eum
3301 5544 3443 5582 com-

1892 5621 2188 5675 municare.
2256 5618 2312 5674 Si
2365 5619 2506 5671 enim
2544 5618 2758 5673 sciverit
2798 5618 2969 5672 Malus
3023 5633 3080 5671 se
3137 5634 3232 5687 per
3296 5634 3439 5672 som-

1893 5711 2039 5763 nium
2072 5709 2300 5769 ellieere.
2332 5726 2396 5764 ne
2417 5711 2485 5764 sit
2512 5691 2831 5765 sacramenti
2862 5712 3159 5781 partict-ps:
3189 5727 3293 5765 non
3321 5726 3436 5766 (ξρε-
3537 5702 3542 5709 ’
