3914 6332
495 266 594 327 90'!

1753 262 2020 322 TIIEOD.
2069 259 2299 319 BALSA
2309 259 2464 319 ΜΘΝ

3604 253 3705 316 903

490 395 816 463 'lbeopbilus
855 395 1095 464 diligenti
1156 390 1547 444 examinatione
1601 391 1774 451 facta,
1823 389 1870 441 si
1918 401 2038 440 eum

2163 378 2230 437 ιῦν
2272 383 2299 434 ὁ
2334 380 2605 447 Θεόφιλος,
2639 379 2720 430 ὅτι
2752 377 3042 442 ἐξετάσεως
3088 374 3343 446 ἀκριϐοῦς
3383 387 3705 441 γενομένης,

491 503 743 559 peccasse
763 493 1094 554 compertum
1116 482 1297 543 fuerit,
1323 481 1466 533 clero
1490 479 1751 548 ejiciatur.
1770 477 1884 531 Non
1905 477 2045 530 enim

488 581 700 641 oportet
723 585 789 624 ex
835 569 992 637 172
1021 566 1266 620 susurris
1294 578 1390 618 seu
1420 562 1782 617 clandestinis
1838 577 2051 615 sermo-

493 665 670 726 nibus,
721 660 801 713 vel
855 656 1157 714 maledictis
1210 669 1303 708 seu
1361 654 1566 722 apertis
1611 652 1884 707 conviciis
1938 662 2052 703 orta

491 754 826 821 suspicione,
873 749 1224 804 condemnari
1275 747 1535 815 aliquem.
1588 744 1744 810 Quod
1786 744 1830 798 si
1894 755 2054 795 causa

491 856 796 902 exatninata
816 845 999 898 insons
1022 850 1334 906 compertus
1359 837 1539 901 fuerit,
1576 845 1789 890 maneat
1807 835 1860 890 in
1885 835 2053 888 clero.

1093 935 1318 992 CANON
1363 934 1448 988 Vl.

564 1056 638 1110 De
671 1057 734 1108 iis
760 1054 846 1124 qui
870 1053 1150 1106 ordinandi
1171 1063 1284 1106 sunt
1311 1054 1419 1105 Ita'c
1441 1053 1537 1105 erit
1567 1053 1736 1120 forma
1762 1067 1778 1102 :
1809 1049 1872 1101 Ut
1896 1048 2048 1117 quid-

491 1143 614 1214 quid
645 1153 719 1196 est
753 1142 1098 1195 sacerdotalis
1140 1141 1339 1193 ordinis
1379 1141 1667 1192 consentiat
1701 1147 1746 1190 et
1786 1138 1960 1205 eligat,
1999 1146 2048 1189 et

495 1247 616 1288 tunc
669 1235 949 1303 episcopus‘
991 1234 1276 1297 examinet,
1325 1232 1402 1284 cel
1447 1233 1492 1284 ei
1541 1230 1698 1283 etiam
1742 1229 2048 1281 assentiente

493 1327 813 1378 sacerdotali
862 1325 1041 1376 ordine
1074 1325 1126 1376 in
1172 1323 1341 1376 media
1395 1322 1612 1375 ecclesia
1651 1321 1872 1380 ordinet,
1909 1336 2045 1387 pra:-

491 1428 632 1467 sente
666 1417 872 1482 populo,
909 1425 955 1467 et
981 1418 1216 1482 episcopo
1248 1415 1562 1481 alloquente,
1601 1429 1667 1463 an
1696 1413 1852 1464 etiam
1885 1411 2046 1476 possit

487 1504 537 1555 ei
565 1506 782 1570 populus
824 1503 960 1570 ferre
993 1505 1362 1556 testimonium.
1401 1501 1680 1556 Ordinatio
1730 1511 1899 1553 autem
1944 1515 2045 1552 non

495 1594 588 1660 ﬁat
631 1591 948 1644 clanculum.
988 1588 1221 1642 Ecclesia
1269 1589 1404 1640 enim
1439 1603 1615 1654 pacem
1659 1586 1871 1638 habente
1906 1585 2046 1639 decet

2147 475 2239 528 ἐὰν
2287 473 2478 542 εὑρεθῇ
2512 471 2864 541 ἡμαρτηκικ,
2903 469 3220 537 ἐκϐληθήτω
3260 466 3350 519 τοῦ
3382 465 3613 534 κλήροιν⁸
3647 468 3706 518 οὐ

2144 564 2223 615 δεῖ
2248 563 2355 632 γὰρ
2387 564 2448 613 ἐκ
2481 561 2821 630 ψιθυρισμῶν
2845 561 2958 629 ἦτοι
2993 558 3316 618 καταλαλιᾶς
3354 556 3640 625 λαθραίας,
3673 556 3708 626 ἣ

2148 651 2474 718 κακολογιῶν
2500 651 2616 720 ἢτοι
2657 648 2931 718 λοιδοριῶν
2957 646 3202 716 φανερῶν
3239 645 3470 713 ὑποψίας
3493 645 3712 712 γινομέ-

2147 760 2242 812 νης
2276 740 2693 809 κατακρίνεσθαί
2719 758 2856 792 τινα.
2880 741 2943 792 Εἰ
2968 738 3022 790 δὲ
3048 740 3144 809 τῆς
3191 737 3492 799 ὑποθέσεως
3526 736 3718 799 ἕξετα-

2147 833 2377 902 ζομένης
2409 830 2694 893 ἀνεύθυνος
2718 829 2983 898 εὑρεθείη,
3015 829 3216 898 μενέτω
3248 829 3304 880 ὲν
3331 826 3406 896 τῷ
3427 827 3640 896 κλήρῳ.

2736 938 2973 992 ΚΑΝΩΝ
3022 935 3112 1002 ς’.

2214 1053 2349 1119 Περὶ
2405 1051 2524 1106 τῶν
2585 1054 2934 1120 μελλόντων
3003 1048 3468 1119 χειροτονεῖσθαι
3532 1042 3721 1114 οὗτος

2146 1143 2312 1195 ἔσται
2345 1144 2531 1208 τύπος
2557 1158 2569 1172 ο
2602 1143 2780 1195 Ὥστε
2809 1141 2930 1196 πᾶν
2960 1141 3024 1194 τὸ
3055 1139 3339 1207 ἱερατεῖον
3365 1137 3724 1205 συμφωνεῖν

2147 1234 2244 1285 καί
2288 1233 2597 1301 (ιΙρεῖσθαι,
2633 1234 2728 1286 καὶ
2780 1236 2911 1286 τότε
2953 1233 3057 1286 τὸν
3092 1231 3426 1285 ἐπίσκοπον
3472 1225 3727 1296 δοκιμά-

2147 1322 2282 1385 ζειν,
2318 1324 2354 1386 ἢ
2375 1325 2468 1376 καί
2499 1322 2933 1387 συναινοῦντος
2963 1321 3121 1386 αὐτῷ
3149 1320 3255 1374 τοῦ
3280 1320 3568 1386 ίερατείου
3605 1333 3727 1384 χεο-

2138 1411 2411 1478 ροτονεῖν
2464 1413 2531 1464 ἐν
2586 1413 2736 1482 μέσῃ
2789 1411 2863 1478 τῇ
2899 1411 3223 1477 ἐκκλησίᾳ,
3274 1409 3571 1476 παρόντος
3613 1406 3732 1459 τοῦ

2145 1503 2316 1565 λαοῦ,
2349 1503 2444 1556 καί
2478 1502 2979 1571 προσφωνοῦντος
3011 1500 3118 1553 τοῦ
3148 1500 3508 1557 ἐπισκόπου,
3540 1499 3592 1549 εί
3617 1497 3726 1548 «a1

2145 1595 2177 1644 ό
2211 1591 2359 1656 λαὸς
2400 1591 2645 1644 δύναται
2684 1588 2840 1654 αὑτῷ
2878 1587 3218 1656 μαρτυρεῖν.
3274 1585 3618 1652 Χειροτονία
3656 1582 3730 1634 δὲ

494 1682 831 1750 pra-sentibus
883 1681 1080 1732 sanctis
1131 1678 1483 1730 ordinationes
1536 1677 1648 1744 ﬁeri
1701 1677 1751 1727 in
1792 1676 2039 1728 ecclesiis.

2163 1683 2437 1748 ιαθραίως
2465 1680 2549 1748 μὴ
2582 1680 2852 1749 γινέσθω.
2892 1677 3004 1746 Τῆς
3029 1679 3137 1747 γὰρ
3177 1676 3538 1740 Ἐκκλησίας
3565 1672 3732 1737 £1.71}-

495 1773 559 1827 .ln
590 1775 788 1841 regione
824 1784 994 1823 autent
1038 1771 1082 1822 si
1120 1771 1207 1838 qui
1253 1771 1380 1832 sint,
1425 1770 1512 1836 qui
1546 1767 2040 1820 communicantium

2138 1787 2254 1837 νην
2267 1773 2526 1838 ἐχούσης
2542 1772 2748 1838 πρέπει
2766 1772 3073 1837 παρόντων
3086 1766 3203 1819 τῶν
3217 1765 3395 1833 ἁγίων
3412 1763 3519 1826 τὰς
3535 1778 3730 1828 χειρο-

489 1863 684 1913 animis
741 1859 1275 1920 communicaverint;
1337 1872 1437 1908 non
1495 1855 1648 1906 aliter
1714 1853 2042 1918 ordinentur,

2163 1861 2336 1924 ὀνίας
2367 1861 2466 1912 ἐπὶ
2514 1861 2641 1926 ταῖς
2671 1861 3020 1927 ἐκκλησίαις
3061 1857 3351 1926 τίνεσθαι.
3399 1853 3501 1905 Ἐν
3543 1850 3612 1902 δὲ
3650 1849 3731 1917 τῇ

491 1963 648 2005 quam
678 1947 768 2008 iis,
809 1948 896 2014 qui
934 1956 1054 1999 sunt
1082 1960 1194 1996 vere
1224 1943 1499 1996 orthodoxi
1521 1942 1714 2000 clerici.
1741 1942 2047 1993 examinan—

496 2038 654 2097 tibus,
691 2045 940 2102 prwsente
967 2050 1149 2085 rursus
1183 2035 1438 2100 episcopo,
1473 2043 1519 2084 et
1544 2041 1845 2098 pra’sentem
1878 2047 2045 2098 popu-

497 2143 604 2194 ptm
638 2127 944 2192 alloquente,
982 2139 1041 2175 ne
1071 2123 1355 2174 intercedat
1390 2122 1566 2190 aliqua
1596 2122 1978 2174 circumventio.

2138 1948 2358 2014 ἐνορίᾳ,
2380 1951 2437 2001 el
2460 1948 2576 2017 μὲν
2599 1946 3074 2014 κοινωνήσαντές
3102 1947 3223 1999 είσί
3247 1962 3404 2009 τινες
3435 1942 3569 2005 ταῖς
3606 1938 3735 1993 τῶν

2143 2037 2636 2105 κοινωνησάντων
2690 2037 2966 2104 γνώμαις.
3005 2035 3088 2103 μὴ
3126 2034 3326 2098 ἄλλως
3369 2029 3734 2100 χειροτονειο

2147 2130 2410 2192 σθωσαν,
2441 2128 2596 2179 ἀλλὰ
2632 2126 2747 2178 τῶν
2781 2123 3016 2191 ἀληθῶς
3055 2124 3384 2190 ὀρθοσόξων
3422 2116 3736 2187 κληρικῶν

496 2215 937 2284 δοκιμαζόντων,
967 2213 1257 2279 παρόντος
1283 2211 1464 2264 πάλιν
1519 2211 1619 2264 τοῦ
1645 2213 1975 2265 ἐπισκόπου
2011 2213 2103 2267 καὶ
2144 2219 2640 2287 προσφωνοῦντος
2683 2217 2926 2283 παρόντι
2959 2213 3036 2280 τῷ
3073 2213 3223 2279 λαῷ,
3251 2215 3351 2267 ἵνα
3408 2211 3494 2280 μὴ
3526 2209 3737 2278 μέσον

495 2306 810 2376 περιδρομή
840 2324 926 2370 τις⁸
958 2306 1192 2374 γένηται
1206 2343 1218 2356 .

568 2418 758 2472 BALS.
795 2418 867 2472 De
907 2419 972 2474 iis
1012 2419 1104 2488 qui
1142 2419 1198 2472 in
1258 2419 1403 2473 clero
1453 2420 1734 2475 ordinandi
1792 2429 1918 2476 sunt
1956 2419 2051 2474 dat

497 2519 707 2582 typum,
743 2518 796 2564 et
830 2509 960 2563 dicit
996 2510 1138 2579 quod
1169 2517 1381 2578 oportet
1417 2525 1536 2564 curn
1571 2512 1660 2579 qui
1693 2522 1776 2565 est
1805 2512 2053 2566 ordinan-

498 2604 600 2656 dus
633 2617 662 2656 a
706 2608 818 2654 toto
863 2600 1053 2654 ordine
1097 2600 1418 2654 sacerdotali
1460 2600 1607 2670 eligi,
1646 2601 1748 2655 hoc
1788 2610 1890 2666 est,
1920 2617 2054 2656 una-

500 2692 631 2745 nimi
662 2706 929 2745 consensu
963 2689 1246 2758 approbari
1283 2697 1334 2742 et
1362 2689 1637 2757 praeferri;
1669 2701 1722 2744 et
1750 2705 1872 2744 cum
1907 2692 2056 2760 ejus-

500 2781 644 2834 modi
676 2781 914 2835 delectus
949 2779 1015 2833 de
1057 2795 1121 2834 eo
1168 2779 1341 2833 factus
1384 2781 1561 2842 fuerit,
1603 2790 1730 2833 tunc
1774 2783 1948 2849 ipsum
1990 2780 2055 2834 ab

498 2872 752 2941 episcopo
803 2869 1120 2932 examinari,
1155 2877 1207 2922 et
1246 2869 1460 2936 quando
1514 2869 1589 2922 illi
1633 2883 1846 2938 quoque
1897 2869 2055 2920 homo

2226 2420 2419 2474 ΒΑΛΣ.
2455 2421 2586 2491 Περὶ
2605 2419 2710 2472 τῶν
2743 2418 3039 2488 μελλόντων
3062 2418 3479 2488 χειροτονεῖσθαι
3499 2423 3562 2473 ὲν
3590 2420 3735 2492 κλή-

2159 2529 2236 2582 ρῳ
2283 2512 2460 2564 δίδωσι
2505 2511 2692 2571 τύπον,
2749 2510 2841 2561 καί
2884 2527 3044 2579 φησιν
3077 2510 3157 2561 ὅτι
3212 2509 3289 2560 δεῖ
3339 2510 3430 2562 τὸν
3460 2511 3736 2580 μέλλοντα.

2156 2600 2569 2670 χειροτονεῖσθαι
2600 2600 2745 2668 παρὰ
2771 2601 2965 2660 παντὸς
2993 2599 3253 2668 ίερατείου
3283 2599 3572 2668 αίρεῖσθαι,
3601 2603 3738 2655 ἀντὶ

2157 2691 2249 2743 τοῦ
2281 2690 2663 2760 προκρίνεσθαι
2705 2687 3022 2758 συμφώνως,
3063 2688 3204 2740 οὓτω
3234 2689 3289 2741 δὲ
3336 2691 3732 2760 προκριθέντα,

2157 2779 2274 2831 τότε
2321 2780 2707 2849 δοκιμάζεσθαι
2755 2779 2913 2831 αὐτὸν
2959 2777 3106 2847 παρὰ
3135 2777 3227 2830 τοῦ
3275 2779 3594 2841 ἐπισκόπου,
3637 2781 3738 2834 καὶ

2159 2873 2245 2923 ὅτε
2271 2872 2505 2941 κάκείνῳ
2527 2871 2662 2934 δόξει
2687 2873 2715 2922 ὁ
2736 2871 2830 2924 ἄνθ
2841 2887 3015 2940 ρωπος
3041 2869 3338 2939 ἐπιτήδειος
3375 2871 3453 2932 είς
3478 2887 3560 2938 χει
3571 2888 3734 2939 ροτο-

502 2965 651 3018 visus
679 2963 838 3016 fuerit
873 2970 1030 3031 aptus
1067 2968 1125 3013 ut
1154 2959 1456 3023 ordinetur,
1485 2966 1614 3011 tunc
1661 2973 1783 3012 eum
1815 2956 2055 3010 ordinari

2163 2965 2296 3029 νίαν,
2329 2967 2448 3017 τότε
2502 2964 2919 3034 χειροτονεῖσθαι
2966 2963 3266 3016 συναινέσει
3298 2963 3389 3016 τοῦ
3431 2965 3735 3034 ίερατείου,

501 3066 771 3105 consensu
820 3048 1166 3105 sacerdolalis
1200 3048 1424 3108 ordinis,
1463 3055 1726 3116 prasente
1755 3046 1916 3100 etiam
1958 3060 2057 3114 po-

500 3138 650 3206 pulo.
678 3139 788 3191 Cur
823 3147 1000 3190 autem
1045 3138 1198 3199 dixit,
1239 3151 1359 3188 eum
1395 3135 1754 3189 ordinandum
1790 3149 2059 3187 consensu

504 3228 850 3282 sacerdotalis
877 3227 1120 3282 ordinis?
1143 3226 1273 3277 Nam
1308 3241 1428 3277 cum
1459 3240 1487 3276 a
1520 3224 1838 3278 sacerdotali
1871 3223 2060 3275 ordine

502 3320 704 3376 electus
738 3327 840 3380 est,
869 3317 933 3370 ad
957 3317 1350 3369 ordinationem
1382 3328 1683 3368 consensus
1713 3328 1819 3365 non
1851 3313 2062 3365 videtur

499 3423 622 3462 esse
657 3407 1018 3460 necessarius.
1055 3403 1158 3457 Sed
1185 3415 1267 3457 est
1292 3403 1583 3456 verisimile
1611 3417 1768 3471 posse
1799 3412 1921 3468 post
1955 3403 2063 3453 elc-

504 3498 735 3549 mioucm
763 3494 963 3562 aliquid
989 3493 1244 3561 temporis
1275 3494 1615 3558 praeteriisse.
1641 3502 1692 3546 et
1724 3507 1818 3546 eos
1850 3493 2062 3544 interim

505 3588 598 3653 qui
650 3586 1010 3637 ordinandum
1063 3582 1418 3650 praejudicant
1481 3582 1768 3636 rescivisse
1821 3580 2064 3648 aliquid,

506 3677 649 3745 quod
696 3677 814 3743 ejus
870 3674 1262 3727 ordinationem
1316 3673 1614 3739 prohibeat.
1644 3672 1705 3724 Et
1769 3672 1890 3726 ideo
1939 3672 2070 3722 uicit

507 3781 651 3832 ipsus
677 3765 1004 3823 consentire,
1026 3770 1077 3814 et
1115 3763 1239 3814 dum
1263 3764 1547 3814 ordinatur
1570 3764 1822 3831 populum
1855 3776 2068 3828 quoque

504 3859 573 3909 ab
601 3857 852 3923 episcopo
883 3853 1225 3921 interrogari.
1263 3868 1328 3904 an
1355 3852 1546 3920 dignus
1577 3852 1665 3911 sit.
1709 3851 1793 3903 cui
1826 3852 2068 3904 testimo-

509 3950 655 4000 nium
683 3947 852 3998 feram
885 3945 948 3996 ad
994 3944 1414 3996 ordinationem.
1444 3941 1731 3996 Dissuadet
1764 3949 1964 4001 autem,
2002 3957 2069 3993 ne

511 4038 638 4088 liam
671 4034 1043 4087 ordinationes
1084 4030 1456 4084 clandestinus.
1494 4030 1624 4083 Cum
1667 4030 1832 4091 enim,
1871 4030 2065 4097 inquit,

509 4141 610 4191 pax
640 4132 721 4176 est
751 4125 800 4174 in
848 4121 1108 4183 Ecclesia,
1154 4119 1362 4173 scilicet
1392 4134 1513 4171 cum
1552 4134 1694 4172 nunc
1741 4134 1846 4172 non
1876 4129 1955 4172 est
1991 4120 2069 4171 di-

511 4214 659 4265 visus
687 4211 913 4279 populus
933 4210 1275 4262 cessantibus
1294 4208 1608 4272 liaeresibus,
1629 4209 1719 4261 sed
1741 4217 1865 4261 sunt
1881 4223 2070 4262 onmes

2160 3054 2423 3124 παρόντος
2452 3057 2541 3106 καὶ
2569 3055 2662 3106 τοῦ
2692 3055 2839 3107 λαοῦ.
2869 3056 3020 3106 Διατί
3047 3055 3092 3106 δ’
3124 3050 3264 3117 εἷπε,
3291 3057 3612 3123 χειροτονεῖν
3643 3056 3739 3106 αὖε

2157 3143 2248 3195 τὸν
2275 3144 2576 3194 συναινέσει
2600 3142 2691 3194 τοῦ
2722 3143 3008 3210 ἱερατείου;
3027 3143 3179 3194 Ἐπεὶ
3192 3142 3304 3210 γὰρ
3332 3142 3538 3210 ἑξελέγη
3571 3143 3739 3212 παρὰ

2158 3231 2252 3282 τοῦ
2295 3231 2580 3298 ἱερατείου,
2615 3233 2646 3300 ἡ
2689 3232 2778 3281 ἐπὶ
2812 3230 3113 3299 χειροτονίᾳ
3141 3229 3436 3291 συναίνεσις
3473 3230 3627 3282 δοκεῖ
3662 3232 3738 3302 μὴ

2159 3317 2431 3383 ἀναγκαία
2481 3312 2635 3370 εἶναι.
2685 3315 2820 3367 Ἀλλ’
2855 3319 2998 3377 sint;
3047 3317 3233 3386 καιρόν
3279 3333 3396 3369 τινα
3439 3317 3574 3386 μετὰ
3637 3319 3738 3386 τὴν

2162 3405 2389 3475 ἐκλογὴν
2407 3406 2710 3474 παρελθεῖν,
2735 3407 2827 3457 καὶ
2845 3407 2901 3458 ὲν
2914 3405 2989 3474 τῷ
3009 3406 3159 3474 μέσῳ
3181 3405 3380 3472 γνῶναί
3395 3423 3444 3456 τι
3459 3408 3582 3467 τοὺς
3599 3425 3741 3478 προ-

2163 3494 2442 3560 κρίνοντας
2479 3495 2569 3545 τὸν
2604 3493 2861 3562 μέλλοντα
2885 3493 3328 3562 ,χειροτονηθῆναι
3363 3495 3559 3547 κωλύον

2163 3583 2259 3651 τὴν
2276 3583 2622 3652 χειροτονίαν.
2647 3583 2742 3634 Διὰ
2754 3584 2910 3634 τοῦτο
2935 3578 3025 3634 οὖν
3053 3588 3319 3637 συναινεῖν
3347 3585 3533 3646 αὐτοὺς
3550 3601 3739 3655 κεχει-

2168 3673 2524 3741 ροτονημένου
2557 3673 2717 3724 αὐτοῦ
2745 3682 2883 3734 εἷπε,
2917 3677 3008 3725 καὶ
3036 3674 3125 3725 τὸν
3159 3675 3448 3726 ἐπίσκοπον
3490 3677 3576 3727 καὶ
3612 3681 3737 3729 τζτε

2168 3765 2499 3830 προσφωνεῖν
2520 3763 2597 3830 τῷ
2614 3763 2745 3830 λαῷ,
2767 3763 3050 3832 ἐρωτῶντα
3075 3766 3120 3814 εί
3147 3765 3570 3833 μαρτυρεῖαὺτδν
3597 3769 3739 3838 πρὸς

2165 3850 2494 3917 χειροτονίαν
2524 3848 2691 3913 ἄξιον.
2731 3850 3003 3919 Λαθραίας
3037 3851 3090 3902 δὲ
3131 3853 3457 3920 χειροτονίας
3492 3853 3738 3919 γίνεσθαι

2167 3939 2481 4007 ἀποτρέπει.
2539 3941 2687 3992 Ἐπεὶ
2733 3942 2859 4008 γὰρ,
2893 3941 3073 4010 φησὶν,
3109 3943 3297 4011 εἰρήνη
3332 3943 3446 3993 ἐστὶ
3477 3945 3627 4012 παρὰ
3665 3949 3726 4014 τῇ

2181 4029 2492 4098 Ἐκκλησία,
2517 4031 2682 4098 ἤγουν
2707 4032 2826 4082 ἐπεὶ
2852 4030 2943 4082 νῦν
2970 4031 3027 4082 οὑ
3059 4031 3380 4100 μεμέρισται
3403 4035 3430 4084 ό
3453 4034 3572 4095 λαὸς
3599 4053 3738 4089 παυ-

2170 4119 2279 4180 θεὶς
2303 4118 2408 4170 τῶν
2428 4119 2705 4187 αἱρέσεων,
2734 4120 2864 4172 ἀλλὰ
2887 4121 3085 4180 πάντες
3118 4122 3211 4190 τῆς
3241 4122 3516 4192 ὀρθοδόξου
3544 4125 3739 4194 μοίρας

2173 4209 2302 4269 είσὶ,
2333 4209 2530 4270 πάντες
2563 4212 2687 4278 μιᾶς
2714 4209 2925 4261 ἔσονται
2951 4211 3190 4279 γνώμης,
3221 4213 3312 4263 καὶ
3341 4212 3420 4263 δεῖ
3469 4216 3739 4285 παρουσίᾳ

511 4299 822 4353 οτιΙιοιΙυχω
869 4300 1069 4367 partis;
1118 4313 1307 4350 omnes
1366 4298 1526 4350 unius
1566 4305 1725 4350 erunt
1766 4299 2057 4359 sententia}1

2172 4296 2280 4348 τῶν
2307 4297 2474 4363 ἁγίων
2503 4299 2616 4368 ἤτοι
2643 4298 2749 4349 τῶν
2780 4300 2984 4350 πιστῶν
3013 4301 3111 4363 τὰς
3133 4301 3464 4371 χειροτονίας
3493 4304 3738 4370 γίνεσθαι

513 4402 564 4444 et
593 4400 796 4459 Oportet
839 4391 890 4441 in
924 4388 1207 4458 prtesentia
1241 4395 1552 4441 sanctorum
1591 4403 1683 4440 seu
1714 4387 1946 4440 fidelium
1978 4402 2068 4441 or-

513 4480 820 4533 dinationes
851 4480 964 4530 licri
1010 4479 1064 4529 in
1102 4476 1353 4530 ecclesia.
1387 4476 1620 4529 Sanetos
1667 4485 1844 4530 autem
1889 4477 2068 4529 ﬁdeles

521 4570 825 4638 appellavit,
850 4582 910 4619 ex
939 4576 1125 4620 saneto
1154 4566 1254 4618 hoc
1280 4565 1448 4617 Paulo
1479 4580 1780 4618 assumens.
1807 4566 1893 4618 Ille
1925 4567 2067 4618 enim

519 4660 598 4712 sic
631 4656 812 4708 ﬁdeles
849 4655 902 4707 in
925 4656 1038 4708 suis
1073 4653 1328 4722 Epistolis
1359 4653 1609 4720 appellat.
1645 4652 1766 4706 Ilaec
1801 4653 1979 4720 itaque
2007 4655 2069 4704 dc

522 4748 609 4807 iis,
636 4746 727 4814 qui
763 4747 811 4796 in
854 4744 1080 4796 urbibus
1124 4743 1385 4804 habitant,
1437 4742 1646 4794 videtur
1683 4743 1878 4794 dicere.
1911 4741 1980 4794 De
2006 4742 2071 4792 iis

519 4844 722 4898 autem,
748 4835 838 4902 qui
864 4842 987 4887 sunt
1019 4834 1069 4885 in
1101 4832 1334 4901 regione,
1363 4848 1455 4884 seu
1482 4832 1533 4882 in
1560 4831 1689 4884 vicis
1745 4832 1894 4891 dicit,
1925 4832 2070 4898 quod

521 4927 772 4994 thniam
813 4924 966 4976 multi
997 4923 1158 4976 etiam
1203 4923 1352 4974 inviti
1397 4923 1867 4974 connnunicalmnt
1901 4923 2072 4974 lucre-

525 5017 677 5079 ticis;
708 5029 890 5066 eorum
933 5020 1108 5064 autem
1147 5011 1298 5062 inulti
1333 5009 1561 5062 fidelium
1602 5011 1796 5062 animis
1830 5024 2071 5062 commu-

525 5104 776 5156 nicabant
813 5103 923 5154 sive
971 5099 1358 5153 conveniebant
1406 5106 1458 5151 et
1511 5100 1942 5150 assentiebantur
1973 5118 1982 5150 :
2016 5099 2071 5152 Si

525 5193 646 5260 quis
667 5206 848 5244 eorum
875 5190 942 5243 sit
968 5187 1297 5241 ordinandus
1327 5189 1378 5240 in
1405 5189 1632 5247 elerum,
1661 5203 1782 5240 eum
1811 5204 1913 5239 non
1939 5190 2072 5242 alias

526 5276 901 5337 ordinandum,
935 5290 1092 5340 quam
1127 5290 1246 5327 eum
1297 5275 1678 5342 approbatione
1725 5276 2066 5340 clericorum,

528 5379 661 5432 quos
693 5371 902 5415 constat
934 5379 1054 5418 esse
1091 5364 1441 5427 orthodoxos,
1477 5372 1737 5430 praesente
1768 5365 1926 5416 etiam
1961 5368 2071 5432 υμῖ-

530 5469 713 5520 scapo.
744 5462 794 5505 ct
829 5454 1131 5521 alloquente
1168 5454 1443 5520 populum,
1484 5463 1538 5504 ut
1582 5453 1832 5519 superius
1866 5455 2067 5505 dictum

529 5553 630 5600 est.
667 5542 783 5596 ll.cc
814 5553 988 5597 autem
1021 5543 1149 5598 dicit
1179 5545 1313 5606 ﬁcri,
1344 5560 1406 5596 nc
1439 5545 1729 5596 intercedat
1757 5546 1935 5617 aliqua
1965 5548 2068 5600 circ

2173 4387 2261 4436 ἐπ’
2301 4387 2608 4456 ἐκκλησίας.
2648 4388 2858 4454 Ἀγίους
2890 4388 2944 4440 δὲ
2974 4391 3098 4451 τοὺς
3129 4391 3350 4451 πιστοὺς
3369 4390 3647 4452 ἐκάλεσεν,
3680 4395 3740 4444 ὲκ

2172 4475 2264 4526 τοῦ
2301 4476 2583 4526 Θεσπεσίου
2632 4476 2841 4527 Παύλου
2881 4478 3036 4528 τοῦτο
3078 4478 3398 4546 παραλύων
3420 4495 3433 4507 °
3464 4478 3602 4530 οὕτω
3631 4481 3737 4550 γὰρ

2174 4567 2422 4626 κάκεῖνος
2450 4567 2505 4617 ὲν
2529 4569 2645 4628 ταῖς
2681 4567 3012 4629 Ἐπιστολαῖς
3040 4568 3202 4619 αὐτοῦ
3227 4571 3351 4631 τοὺς
3382 4569 3608 4632 πιστοὺς
3628 4571 3738 4620 ὀνο-

2177 4657 2355 4725 μάζει.
2389 4659 2570 4709 Ταῦτα
2624 4660 2725 4728 μὲν
2771 4656 2862 4711 οὖν
2893 4662 3018 4730 περὶ
3067 4661 3173 4713 τῶν
3220 4663 3278 4713 ἐν
3311 4663 3530 4717 πόλεσιν
3576 4665 3736 4717 ὄντων

2174 4747 2316 4798 ἔοικε
2351 4748 2544 4814 λέγειν.
2578 4749 2708 4816 Περὶ
2736 4749 2789 4800 δὲ
2821 4749 2924 4800 τῶν
2964 4751 3019 4800 ὲν
3052 4753 3115 4818 τῇ
3158 4751 3354 4820 ὲνορίᾳ,
3396 4753 3513 4820 ἦτοι
3542 4755 3648 4805 τῶν
3683 4755 3739 4808 ἐν

2172 4838 2236 4904 τῇ
2271 4835 2439 4905 χώρᾳ,
2469 4837 2647 4904 φησιν,
2682 4837 2760 4887 ὅτι
2789 4837 2908 4888 ἐπεὶ
2937 4837 3120 4889 πολλοὶ
3151 4842 3258 4901 τοῖς
3282 4840 3574 4909 αίρετικοῖς
3603 4845 3736 4894 ὲκοι-

2175 4925 2374 4978 νώνουν
2406 4927 2497 4978 καὶ
2530 4927 2769 4990 ἄκοντες,
2801 4927 2905 4978 τῶν
2934 4927 3182 4981 τοιούτων
3211 4929 3265 4980 δὲ
3299 4930 3482 4983 πολλοὶ
3515 4932 3624 4984 τῶν
3653 4949 3736 4985 πι-

2176 5015 2314 5066 στῶν
2347 5015 2659 5068 ἐκοινώνουν
2683 5019 2798 5076 ταῖς
2828 5016 3091 5086 γνώμαις,
3120 5018 3284 5086 ἤγουν
3318 5023 3733 5087 συγκατέϐαινον

2175 5103 2266 5153 καὶ
2305 5103 2562 5172 συνῄνουν
2585 5121 2597 5132 ·
2629 5104 2691 5155 Εἰ
2738 5105 2799 5154 ὲκ
2833 5106 3034 5157 τούτων
3083 5105 3262 5172 μέλλει
3299 5124 3380 5169 τις
3425 5111 3735 5178 χειροτονεῖ-

2177 5192 2298 5243 σθαι
2328 5196 2402 5255 εἰς
2439 5193 2526 5245 τὸν
2563 5193 2776 5263 κλῆρον,
2817 5193 2889 5264 μὴ
2922 5194 3092 5257 ἄλλως
3127 5198 3562 5266 χειροτονεῖσθαι,
3591 5202 3636 5250 εί
3668 5197 3733 5266 μὴ

2179 5282 2316 5347 μετὰ
2336 5283 2653 5351 δοκιμασίας
2683 5283 2788 5335 τῶν
2819 5283 3258 5352 ὁμολογουμένως
3294 5285 3588 5355 ὀρθοδόξων
3616 5289 3739 5355 κληὲ

2181 5371 2360 5437 ρικῶν,
2391 5373 2650 5441 παρόντος
2677 5373 2767 5423 καὶ
2796 5371 2885 5423 τοῦ
2910 5373 3228 5433 ἐπισκόπου,
3259 5375 3348 5425 καὶ
3371 5375 3736 5443 προσφωνοῦψ

2176 5479 2263 5522 τος
2292 5461 2366 5529 τῷ
2399 5461 2530 5530 λαῷ,
2565 5461 2637 5523 ὡς
2668 5461 2869 5514 ἄνωθεν
2913 5463 3145 5532 εἴρηται.
3180 5461 3361 5516 Ταῦτα
3394 5466 3446 5517 δὲ
3477 5465 3624 5531 λέγει
3660 5465 3733 5525 τέ-

2174 5552 2375 5612 νεσθαι,
2415 5553 2497 5602 ἵνα
2535 5551 2606 5621 μὴ
2652 5551 2810 5621 μέσον
2845 5552 3068 5620 γένηταί
3103 5569 3183 5614 τις
3222 5555 3539 5618 περιδοοιιὲξ,
3578 5558 3732 5616 ἤγουν
