3914 6332
132 378 257 444 913

1209 383 1290 443 IN
1341 384 1680 444 CANONES
1708 386 2089 448 ἸῚΜΟῚῊΕΙ
2133 392 2349 454 ALEX.

3255 403 3370 472 914

139 501 290 556 κατ’
313 505 533 573 αὐτοὺς
566 509 734 563 damn
747 515 939 580 ὑψεως
961 557 973 578 ,
1014 517 1158 584 ὅπερ
1195 521 1229 572 ό
1268 523 1410 588 Θεὸς
1442 523 1698 591 ironsz

1816 523 1952 590 quod
1989 525 2042 577 in
2069 541 2166 579 usu
2195 537 2270 581 est
2309 527 2504 597 vimque
2532 529 2742 588 obtinet.
2787 531 2924 586 Nam
2964 549 3078 587 cum
3106 531 3173 589 iis
3200 536 3272 589 sis
3301 536 3356 590 iis

136 611 255 690 σοι
282 641 297 663 ,
345 601 518 656 τοῦτο
561 607 816 673 ποίησον
837 649 852 672 ,
884 616 1193 685 πανταχοῦ
1226 618 1372 684 πρὸς
1401 618 1465 670 τὸ
1501 616 1698 684 ἐπέχω

1817 614 1965 680 locis,
2000 632 2177 670 eorum
2205 629 2398 674 mentes
2429 621 2612 677 melius
2641 641 2794 678 nosse
2817 634 2979 690 potes.

138 685 580 789 ὁδηγούμενοὲ
620 697 748 751 Ἐπὶ
788 701 895 768 τὰρ
923 701 1039 756 τῶν
1066 708 1262 759 τόπων
1286 706 1590 774 τυγχάνων
1611 707 1715 771 τὰς

140 781 393 843 γνώμας
424 781 621 834 αὐτῶν
633 785 874 852 μᾶλλον
897 789 1114 844 ειδέναι
1147 793 1419 848 δύνασαι.

465 873 710 943 Μάξιμὸς
765 894 881 940 τις,
914 880 988 942 ὼς
1036 885 1332 959 παρανόμῳ
1380 886 1539 954 γάμῳ
1591 902 1714 938 συν“

140 955 348 1046 αξρθεὶς
372 965 602 1026 γυναικὶ,
628 966 908 1037 ἀφωρίσθη
938 974 1027 1023 καὶ
1050 955 1146 1042 τῆς
1173 975 1437 1038 συνάξεως
1458 977 1553 1045 τῆς
1578 975 1712 1046 μετά

134 1044 270 1138 τῶν
318 1051 521 1103 πιστῶν
570 1055 801 1123 εἴργετο.
844 1061 902 1112 '0
935 1062 990 1113 δὲ
1039 1063 1220 1130 ἔλεγεν
1246 1105 1261 1128 ,
1303 1066 1382 1118 ὅτι
1429 1066 1486 1119 ἑν
1523 1044 1712 1138 ἀγνοίᾳ

138 1133 374 1227 ἐποίησε
400 1140 460 1192 τὸ
498 1146 831 1216 παράνομον,
862 1152 953 1203 καὶ
985 1151 1200 1222 ἕτοιμός
1242 1158 1388 1208 ἐστιν
1414 1133 1709 1227 ἀποστῆναι

127 1225 238 1277 *τοῦ
271 1228 471 1297 γάμου,
510 1231 667 1286 τοῦτο
693 1236 784 1288 καὶ
814 1238 910 1306 τῆς
937 1241 1191 1306 γυναικὸς
1223 1241 1574 1312 βουλομένηςο
1610 1225 1710 1298 καὶ

136 1313 332 1384 ἐζήτει
390 1319 748 1391 ἀφιστάμενος
781 1326 1050 1396 δεχθῆναι.
1085 1330 1228 1400 Πρὸς
1264 1331 1430 1384 ταῦτα
1481 1328 1572 1385 οὗν
1606 1333 1708 1403 ἔφη

137 1406 167 1454 δ
196 1405 462 1475 Θεόφιλος
482 1452 496 1473 ,
518 1412 592 1473 ὡς
629 1413 692 1466 ἀν
723 1416 979 1482 ἐξετάσας
1003 1421 1280 1491 εὑρήσεις.
1297 1423 1376 1474 ὅτι
1404 1424 1467 1476 ἐκ
1493 1427 1710 1493 συμφώ-

137 1510 259 1558 νου,
292 1497 411 1551 ἀντὶ
436 1500 531 1553 τοῦ
567 1503 630 1556 ὲκ
666 1509 847 1576 κοινῆς
874 1509 1070 1577 βουλῆς
1091 1551 1105 1574 ,
1134 1511 1452 1579 ἀφίστανται
1479 1512 1567 1564 τοῦ
1611 1514 1708 1581 γά-

142 1599 251 1650 μου
283 1624 298 1645 ,
339 1587 434 1640 καὶ
480 1591 579 1642 οὐκ
633 1593 917 1660 ἀπατῶσι,
967 1598 1247 1650 δεκαετίαν
1297 1601 1706 1670 συνοικήσαντες

139 1672 401 1760 ἀλλήλοις
421 1719 437 1742 ,
468 1680 724 1753 δυσχερὲς
754 1685 881 1749 ἴσως
917 1686 982 1741 ἀν
1009 1689 1275 1756 λογίζοιτο
1306 1691 1485 1754 αὐτοῖς
1525 1693 1558 1760 ὴ
1588 1692 1704 1743 διὰ-

137 1759 326 1830 ζευξις
347 1807 361 1828 ,
390 1769 484 1821 καὶ
513 1773 719 1842 μήποτε
753 1776 1050 1832 ἀπατῶσιν.
1078 1779 1141 1830 El.
1173 1782 1424 1842 σκοπεῖς,
1463 1759 1581 1831 ἀντὶ
1610 1780 1704 1830 τοῦ

1881 869 2074 923 BALS.
2101 870 2360 928 Maximus
2393 876 2606 945 quidam
2633 917 2648 941 ,
2681 886 2740 931 ut
2794 878 2981 932 illicito
3012 881 3356 939 matrimonio

1812 958 2022 1013 mulieri
2054 963 2377 1028 coniunctus
2407 977 2713 1033 segregatus
2748 968 2941 1031 fuerat,
2984 979 3033 1022 et
3065 984 3092 1021 a
3123 985 3352 1039 congre-

1810 1049 2025 1116 gatione
2050 1063 2170 1103 cum
2205 1051 2451 1106 fidelibus
2475 1056 2876 1122 prohibebatur.
2910 1056 2958 1112 ιε
2991 1073 3115 1111 vero
3145 1060 3353 1114 dicebat

1811 1153 1868 1192 se
1894 1153 1988 1206 per
2021 1140 2378 1208 ignorantiam
2410 1143 2598 1198 fecisse
2624 1158 2811 1199 contra
2839 1148 3001 1216 leges,
3026 1158 3078 1203 et
3108 1162 3349 1220 paratum

1809 1242 1928 1282 esse
1961 1228 2029 1282 ab
2079 1229 2180 1284 hoc
2225 1237 2568 1288 matrimonio
2599 1237 2846 1290 recedere
2873 1276 2889 1299 ,
2939 1240 3160 1293 muliere
3190 1241 3350 1293 etiam

1809 1322 2020 1375 volente
2047 1341 2060 1382 :
2090 1331 2143 1377 et
2177 1327 2389 1394 petebat
2414 1367 2426 1388 ,
2455 1337 2510 1381 ut
2539 1330 2606 1380 ab
2634 1344 2695 1383 ea
2723 1330 3018 1384 abscedens
3046 1333 3354 1386 admittere-

1815 1419 1922 1464 tur.
1953 1411 2035 1465 A‘d
2068 1412 2181 1466 haec
2205 1429 2331 1484 ergo
2360 1415 2490 1469 dicit
2519 1415 2868 1486 TheOphilus,
2901 1421 3040 1488 quod
3078 1421 3122 1474 si
3172 1423 3350 1490 inqui-

1808 1514 1931 1554 rens
1956 1499 2228 1554 inveneris
2259 1517 2353 1557 eos
2375 1518 2436 1557 ex
2469 1519 2769 1571 consensu,
2804 1507 2903 1560 hoc
2935 1516 3048 1570 est,
3080 1510 3352 1564 communi

1805 1590 2066 1654 consilio,
2112 1607 2141 1644 a
2174 1594 2516 1647 matrimonio
2571 1596 2865 1658 absistere,
2919 1606 2976 1651 et
3004 1611 3109 1650 non
3147 1598 3349 1661 fallere,

1806 1693 1926 1733 cum
1957 1681 2143 1735 decem
2179 1683 2334 1736 annis
2367 1684 2526 1737 simul
2574 1685 2959 1750 cobabilarint,
2992 1686 3220 1740 dimcilis
3246 1673 3351 1740 ior-

1807 1784 1902 1822 san
1937 1770 2004 1823 iis
2052 1771 2347 1826 existimari
2383 1781 2562 1840 posset
2608 1789 2637 1827 a
2671 1789 2729 1828 se
2777 1776 3001 1830 invicem
3034 1776 3345 1844 disjunctio,

135 1856 186 1906 εί
224 1857 432 1924 κρίνεις
477 1863 612 1929 μετά
639 1864 748 1918 τῶν
777 1867 1194 1936 κατηχουμένων
1234 1870 1430 1930 αὐτοὺς
1459 1867 1698 1920 ἵστασθαι

1805 1867 1855 1910 et
1883 1873 1948 1912 nc
1979 1856 2186 1913 fallant.
2217 1859 2272 1913 Si
2306 1863 2630 1923 consideras.
2665 1864 2768 1918 hoc
2798 1872 2899 1928 est,
2934 1866 2979 1920 si
3014 1862 3226 1934 judicas
3255 1884 3349 1922 eos

132 1945 279 2008 τέως
300 1986 312 2004 .
354 1949 520 2016 ἤγουν
551 1952 685 2021 πρὸς
717 1955 776 2006 τὸ
803 1956 994 2025 παρὸν,
1019 1955 1191 2019 οὕτως
1226 1957 1387 2009 αὐτὸν
1417 1956 1701 2025 οἰκονομη-

133 2049 252 2086 σον,
304 2036 448 2089 Εῑ-δὲ
477 2043 644 2103 νοεῖς,
681 2046 842 2113 φησὶν
867 2084 881 2107 ,
913 2046 993 2098 ὅτι
1043 2046 1182 2098 κατά
1231 2047 1443 2115 ἀπάτην
1488 2046 1700 2113 λέγουσι

134 2122 334 2184 ταῦτα,
372 2130 462 2180 καὶ
489 2131 569 2182 ὅτι
603 2131 682 2184 ἔτι
732 2134 937 2188 δέονται
979 2137 1219 2205 στύψεως
1243 2176 1257 2199 ,
1297 2138 1414 2207 ἦτοι
1440 2136 1702 2203 αὐστηρο-

137 2214 316 2284 τὲρων
365 2219 681 2288 ἐπιτιμίων,
712 2226 935 2294 ποίησον
966 2227 1197 2297 δπεράν
1239 2228 1267 2279 ὁ
1302 2228 1431 2290 Θεὸς
1458 2226 1699 2295 ὑποδάλῐὶ

137 2317 247 2366 σοι,
282 2306 403 2356 ἀντὶ
428 2307 520 2359 τοῦ
551 2311 786 2382 ὲνηχήσῃ
812 2313 889 2383 τῷ
919 2315 1158 2385 λογισμῷ
1193 2333 1286 2369 σου
1311 2356 1326 2380 ,
1356 2319 1491 2386 ὅπερ
1519 2318 1546 2368 ό
1572 2316 1700 2379 Θεὸς

138 2391 436 2464 ἐπιθυμήσει
464 2413 542 2460 σε,
568 2402 836 2471 πανταχοῦ
867 2403 999 2473 πρὸς
1017 2404 1075 2456 τὸ
1106 2405 1296 2472 ἐπέχον
1323 2403 1698 2473 ὀδηγούμενος,

136 2480 261 2546 ἦτοι
293 2485 428 2554 πρὸς
452 2487 512 2540 τὸ
535 2491 863 2560 ἐπικρατοῦν
891 2494 923 2562 ἢ
959 2495 1018 2546 τὸ
1045 2496 1386 2560 κατεπεῖγον.

1807 1955 1956 2001 stare.
1983 1947 2180 2002 debere
2213 1965 2334 2004 cum
2367 1953 2766 2008 eatecbumenis
2787 1993 2801 2016 ,
2837 1971 2978 2010 nunc
3000 1996 3014 2019 ,
3066 1957 3114 2009 id
3168 1965 3249 2011 est
3294 1958 3346 2011 in

1805 2041 2087 2106 praesentia
2108 2079 2122 2102 ,
2156 2043 2237 2096 sic
2270 2057 2363 2096 eos
2411 2043 2683 2112 dispensa.
2715 2045 2865 2111 Quod
2900 2049 2945 2100 si
3001 2048 3346 2112 intellexeris,

1807 2127 2002 2192 inquit,
2031 2131 2172 2197 quod
2201 2147 2295 2200 per
2321 2134 2561 2188 fraudem
2595 2135 2705 2189 haec
2731 2137 2916 2190 dicunt
2945 2177 2959 2199 ,
2987 2148 3039 2191 et
3071 2139 3215 2206 quod
3256 2141 3350 2192 ad-

1805 2213 1909 2268 huc
1938 2218 2230 2272 acerbitate
2251 2221 2510 2290 indigent,
2535 2239 2629 2278 seu
2654 2225 3018 2282 acerbioribus
3041 2229 3233 2297 pcenis,
3263 2227 3348 2282 fac

1799 2305 1944 2373 quod
1976 2306 2114 2360 Deus
2145 2309 2241 2363 tibi
2275 2315 2603 2381 suggesserit
2624 2359 2636 2379 ,
2668 2315 2770 2370 hoc
2793 2327 2905 2380 est,
2936 2326 3038 2371 tua;
3070 2319 3230 2372 menti
3263 2319 3348 2373 in-

1800 2395 2082 2462 Spiraverit
2108 2436 2120 2457 ,
2160 2402 2300 2465 quod
2335 2402 2385 2453 in
2415 2406 2650 2458 animum
2684 2407 2965 2460 immiserit
3005 2407 3174 2470 Deus,
3210 2423 3349 2463 sem--

1798 2499 1895 2551 per
1926 2487 1976 2539 id
2001 2489 2144 2556 quod
2165 2498 2248 2543 est
2277 2491 2328 2544 in
2355 2507 2451 2545 usu
2472 2502 2524 2546 et
2544 2495 2682 2562 quod
2708 2497 2848 2549 vires
2869 2498 3072 2555 obtinet
3092 2513 3344 2569 sequens,

1800 2573 1853 2629 id
1887 2584 1990 2642 est,
2024 2580 2168 2646 quod
2207 2582 2377 2653 magis
2408 2593 2488 2638 est
2516 2593 2688 2639 ratum
2720 2601 2780 2640 ac
2814 2588 3067 2641 validum.

913 2762 1136 2848 TOY
1199 2757 1561 2848 ΑΥΤΟΥ
1621 2693 1939 2878 Mnus
1991 2758 2591 2878 ΕΠΙΣΚΟΠῼ.

1419 2954 1575 3025 175
1590 2960 1893 3018 EJUSDEM

1228 3087 1588 3175 ΜΕΝᾹέ
1659 3088 2275 3180 EPISCOPO.

213 3309 474 3375 Νόμιμον
512 3305 746 3374 πρᾶγμα
791 3305 1187 3370 πεποιήκασιν
1218 3309 1269 3359 oi
1313 3309 1695 3375 πρεσϐύτεροι

1870 3305 1993 3360 Rem
2026 3305 2224 3370 iustam
2268 3306 2492 3372 fecerant
2538 3305 2817 3374 presbyteri
2853 3308 2906 3359 in
2941 3306 3150 3359 Gemino
3187 3324 3342 3377 pago,

137 3397 211 3451 ἐν
234 3398 463 3464 Γεμίνφ
490 3395 562 3462 τῆ
592 3396 782 3464 κώμῃ,
817 3399 866 3448 εἱ
893 3398 1170 3464 ἀληθεύει
1198 3397 1236 3463 ἠ
1277 3399 1599 3464 κομίζουσα
1629 3397 1693 3451 τὸ

139 3484 374 3554 γράμμα
424 3484 783 3550 Είισταθοῦς.
821 3485 1039 3538 Φάσκει
1090 3487 1230 3554 γὰρ,
1282 3486 1367 3538 ὅτι
1406 3485 1696 3552 Κυράδιον

137 3573 471 3628 ἀδικοῦσαν
501 3573 594 3626 καί
641 3572 724 3641 μὴ
769 3573 1152 3640 ,βουλομένην
1197 3574 1540 3628 ἀναστεῖλαι
1583 3575 1697 3642 τὴν

138 3664 398 3727 ἀδικίαν,
428 3666 719 3732 ἐχώρισαν
748 3663 855 3731 τῆς
876 3665 1201 3729 συνάξεως.
1233 3666 1460 3732 Ἐπειδὴ
1489 3667 1696 3719 τοίνυν

139 3749 351 3821 εὗρον,
393 3754 472 3818 ὡς
501 3753 562 3806 τὸ
593 3753 809 3819 ἑαυτῆς
834 3754 1020 3807 κακὸν
1049 3757 1456 3824 θεραπεύουσα
1472 3758 1688 3820 ,βούλε-

140 3859 234 3898 ται
274 3844 681 3912 συναχθῆναι,
709 3846 969 3909 θέλησον
1013 3847 1459 3912 παρασκευάσαι
1504 3848 1694 3914 αὐτὴν

140 3934 467 3988 ἀποθέσθαι
523 3933 756 3999 πρῶτον
784 3933 896 3999 τὴν
927 3934 1181 4001 ἀδικίαν,
1220 3937 1314 3988 καὶ
1350 3937 1551 3989 πεῖσαι
1591 3954 1693 4005 με·

141 4023 432 4090 τανοῆσαι
456 4062 471 4085 ,
501 4025 576 4077 ἵν’
603 4024 787 4089 οὕτως
806 4063 819 4086 ,
850 4027 901 4077 εὶ
929 4025 1183 4092 συνίδῃς
1229 4027 1315 4078 ὅτι
1362 4028 1521 4094 νόμῳ
1547 4025 1690 4080 Θεοῦ

141 4114 527 4182 προσέρχεται
555 4113 663 4180 τῆς
683 4114 991 4180 συνάξεως
1017 4116 1352 4183 ὀρεγομένη,
1371 4116 1692 4185 minimc

142 4206 331 4271 αὐτὴν
350 4205 498 4272 μετὰ
522 4205 638 4259 τῶν
665 4204 828 4259 λαῶν
852 4203 1234 4270 συνάγεσθαι.

213 4294 402 4347 ΒΑΛΣ.
428 4293 664 4347 Γυναῖκά
692 4311 809 4346 τινα
835 4294 1099 4362 Κυράδιον
1129 4292 1420 4362 λεγομένην
1453 4296 1544 4346 καὶ
1577 4294 1692 4346 ἀδιε-

144 4385 340 4437 κοῦσαν
368 4387 415 4437 οἱ
446 4386 501 4437 ὲν
522 4385 732 4454 Γεμίνῳ
764 4385 1115 4456 πρεσϐύτεροι
1141 4384 1418 4456 ἀφώρισαν
1447 4386 1544 4454 τῆς
1567 4387 1691 4438 Ἐκ·-

143 4474 362 4542 κλησίας
381 4515 394 4537 ,
434 4475 506 4544 μὴ
535 4475 876 4543 ἀπεχομένην
908 4473 1004 4542 τῆς
1028 4473 1254 4535 ἀδικίας.
1289 4474 1351 4525 Ἦ
1389 4473 1464 4535 δὲ,
1493 4473 1577 4529 διὰ
1602 4474 1690 4525 τὸν

145 4564 457 4632 ἀφορισμδν,
492 4565 797 4632 ὑπισχνεῖτο
826 4564 1156 4632 θεραπεῦσαι
1181 4563 1277 4632 τὴν
1313 4563 1524 4616 ἀδικίαν
1551 4604 1564 4624 ,
1599 4563 1690 4616 καὶ

145 4651 297 4722 ἠθελε
328 4653 599 4743 δεχθῆναξ
623 4654 822 4727 Γράφει
844 4650 935 4706 οὖν
970 4656 998 4707 ὁ
1029 4653 1282 4720 Θεόφιλος
1304 4655 1435 4724 πρὸς
1464 4654 1551 4706 τὸν
1588 4653 1687 4720 τῆς
1720 4633 1760 4686 D

146 4741 320 4813 χώρας
353 4741 643 4796 ἐπίσκοπον
667 4783 680 4806 ,
711 4745 792 4796 tu
824 4743 1246 4810 Παρασκεύασον
1297 4744 1462 4813 αὐτὴν
1497 4743 1688 4796 ἀποθέ-

149 4831 266 4883 σθαι
294 4829 503 4902 πρῶτον
533 4831 629 4899 τὴν
659 4829 888 4893 ἀδικίαν,
918 4832 1080 4899 ἦγουν
1109 4830 1394 4884 ἀποδοῦναι
1430 4830 1465 4884 ἀ
1494 4831 1688 4893 ἀδίκως

149 4923 423 4989 ὶκτήσατο,
445 4923 535 4973 καὶ
567 4925 918 4990 μετανοῆσαι,
954 4923 1072 4973 ἀντὶ
1102 4922 1195 4975 τοῦ
1228 4924 1328 4983 ,ἐπὶ
1354 4925 1417 4992 τῇ
1447 4921 1689 4990 ἁμαρτίᾳ

148 5013 238 5082 τῆς
279 5011 489 5086 ἀδικίας
526 5013 983 5080 μεταμεληθῆναι,
1011 5012 1104 5064 καὶ
1135 5011 1385 5080 δεηθῆναι
1431 5011 1524 5063 τοῦ
1554 5010 1684 5063 Θεοῦ

150 5099 399 5168 ἀφεθῆναι
427 5099 562 5168 αὐτῇ
593 5101 651 5152 τδ
685 5101 1001 5170 ἁμάρτημα.
1034 5101 1140 5152 Καὶ
1183 5099 1350 5152 ταῦτα
1388 5099 1685 5169 ποιησάσης

152 5186 342 5255 αὐτῆς,
374 5189 421 5239 εἰ
461 5187 707 5258 συνίδῃς,
755 5189 1027 5251 τουτέστι,
1073 5188 1213 5256 γνῷς
1249 5189 1327 5241 ὅτι
1369 5188 1517 5257 νόμῳ
1557 5188 1688 5240 Θεοῦ

153 5277 522 5346 προσέρχεται,
565 5278 729 5347 ἤγουν
762 5279 1060 5347 συνειδήσει
1087 5278 1258 5347 ἀγαθῇ
1292 5279 1363 5347 μὴ
1393 5278 1686 5346 ἀνεχομένη

154 5365 464 5436 κεχωρίσθαι
497 5366 593 5436 τῆς
619 5365 726 5418 τῶν
772 5367 974 5418 πιστῶν
1007 5366 1305 5430 συνάξεως,
1331 5366 1414 5418 διὰ
1444 5366 1532 5418 τὸν
1557 5366 1687 5417 Θεὸν

155 5458 241 5508 καὶ
267 5455 337 5526 μὴ
365 5455 429 5508 δι’
465 5455 723 5526 αἰσχύνην
747 5455 1065 5524 ἀνθρώπων,
1099 5457 1217 5508 τότε
1239 5455 1524 5526 ἐπίτρεψον
1550 5455 1684 5523 αὐτῇ

156 5542 242 5613 τὴν
267 5544 399 5614 μετά
427 5544 533 5599 τῶν
563 5544 765 5599 πιστῶν
791 5542 932 5596 λαῶν
965 5542 1178 5608 σύναξιν
1221 5544 1311 5595 καὶ
1347 5545 1599 5595 σύστασιν
1629 5542 1686 5594 ὲν

157 5635 255 5696 τοῖς
290 5630 494 5702 ὕμνοις.

1796 3398 1843 3450 si
1873 3413 2043 3450 verum
2093 3396 2257 3459 dicit,
2289 3410 2401 3462 quae
2450 3394 2613 3461 defert
2650 3397 2846 3448 litteras
2888 3395 3171 3450 Eustathii.
3207 3397 3344 3452 Dicit

1793 3487 1953 3545 enim,
1994 3484 2130 3554 quod
2160 3481 2444 3551 Cyradium
2469 3483 2742 3551 facientem
2776 3485 3044 3553 injuriam,
3071 3503 3158 3539 nec
3191 3487 3252 3538 ab
3284 3503 3343 3539 ea

1794 3576 2038 3630 desistere
2067 3575 2335 3633 volentem,
2362 3589 2393 3627 α
2419 3576 2775 3628 communione
2797 3587 3181 3640 separaverunt.
3206 3577 3344 3640 Quia

1792 3683 1912 3734 ergo
1946 3666 2115 3718 inveni
2140 3704 2154 3726 ,
2197 3665 2331 3734 quod
2379 3681 2472 3717 suo
2508 3663 2647 3716 malo
2694 3680 2874 3716 curam
2931 3665 3179 3719 adhibens
3234 3668 3341 3719 vult

1793 3757 2173 3810 communicare
2199 3794 2212 3817 ,
2243 3755 2326 3823 fac
2357 3771 2418 3808 ea
2464 3756 2541 3807 ita
2567 3770 2621 3808 se
2665 3763 2961 3819 comparet,
3001 3763 3054 3806 ut
3091 3757 3339 3823 injuricm

1790 3847 2012 3913 primum
2044 3846 2300 3912 deponat,
2344 3853 2392 3897 et
2437 3846 2786 3912 pwnitentiam
2817 3861 2965 3912 agere
3012 3846 3062 3897 in
3109 3847 3340 3900 animum

1792 3935 2030 3999 inducat,
2060 3944 2112 3985 ut
2145 3937 2190 3987 si
2219 3935 2294 3988 sic
2322 3934 2656 3994 intellexeris,
2689 3933 2826 4002 quod
2856 3936 3069 3996 accedit,
3108 3953 3335 3990 conum;-

1792 4026 1994 4078 nionem
2021 4024 2344 4086 desiderans,
2368 4027 2636 4092 permittas
2667 4025 2714 4078 ei
2742 4033 2798 4077 ut
2822 4041 2935 4077 cum
2960 4028 3157 4089 popu!is
3189 4043 3330 4080 com-

1790 4116 2032 4168 municet.

1862 4285 2055 4339 BALS.
2092 4283 2364 4339 Mulierem
2394 4285 2680 4353 quamdam
2707 4323 2721 4348 ,
2764 4301 2880 4354 qua:
2909 4285 3195 4351 Cyradium
3243 4302 3336 4354 ap-

1792 4376 2087 4444 pellabatur
2107 4414 2120 4436 ,
2151 4383 2204 4427 et
2232 4373 2484 4440 injuriam
2519 4383 2643 4428 ante
2673 4374 2899 4429 iaciebat
2928 4414 2940 4435 ,
2972 4376 3062 4442 qui
3095 4383 3247 4428 erant
3283 4378 3336 4428 in

1791 4465 2015 4520 Gemino
2044 4464 2338 4534 presbyteri
2386 4463 2455 4518 ab
2486 4463 2722 4518 Ecclesia
2764 4473 3171 4532 separaverunt,
3211 4480 3346 4517 cum.

1791 4554 1859 4608 ab
1898 4553 2092 4621 injuria
2120 4568 2226 4606 non
2256 4555 2571 4608 abstineret.
2602 4552 2690 4606 llla
2719 4568 2849 4607 vero
2901 4561 3113 4621 prOpl.'r
3152 4570 3328 4624 segreo

1791 4643 2060 4712 gationem
2095 4642 2446 4712 pollicebatur
2483 4658 2542 4698 se
2571 4642 2781 4712 injuriae
2809 4643 3100 4697 remedium
3140 4643 3328 4696 allatu-

1792 4747 1904 4785 ram
1937 4770 1951 4795 ,
1981 4739 2033 4786 et
2065 4732 2130 4785 ad
2160 4732 2592 4786 communionem
2634 4730 2844 4786 admitti
2871 4733 3098 4784 volebat.
3134 4731 3332 4785 Scribit

1792 4837 1920 4892 ergo
1959 4821 2293 4892 Theophilus
2318 4823 2384 4877 ad
2412 4823 2721 4891 episcopum
2753 4823 3016 4891 regionis:
3047 4820 3151 4876 Fac
3189 4831 3245 4875 ut
3271 4837 3334 4876 ea

1792 4913 2022 4980 primum
2051 4915 2283 4982 deponat
2313 4912 2564 4980 iniuriam
2585 4951 2600 4973 ,
2633 4911 2732 4965 hoc
2754 4917 2835 4964 est
2854 4950 2867 4973 ,
2897 4911 3083 4963 reddat
3130 4926 3190 4964 ea
3216 4927 3334 4980 qua:

1791 5001 1990 5068 injuste
2023 5001 2338 5070 acquisivit,
2366 5009 2419 5055 et
2447 4999 2814 5069 pmnitentiam
2867 5006 3020 5066 agat,
3052 4999 3102 5051 id
3128 5007 3208 5052 est
3232 5041 3245 5064 ,
3274 5015 3340 5054 se

1792 5091 2044 5158 iniuriam
2075 5089 2270 5144 fecisse
2309 5104 2446 5159 aegre
2498 5089 2663 5150 ferat,
2695 5094 2748 5140 et
2778 5085 2942 5140 Deum
2974 5093 3090 5140 oret
3123 5095 3180 5140 ut
3230 5089 3330 5141 sibi

1792 5184 2010 5246 peccata
2039 5178 2432 5232 condonantur.
2459 5175 2524 5230 Et
2557 5192 2678 5230 cum
2710 5175 2823 5229 haec
2854 5174 3060 5238 fecerit,
3091 5177 3134 5229 si
3169 5177 3328 5230 intel-

1791 5267 2006 5329 texeris,
2038 5267 2139 5321 hoc
2170 5275 2251 5321 est
2275 5308 2288 5330 ,
2331 5267 2374 5319 si
2399 5265 2716 5333 cognoveris
2736 5303 2749 5329 ,
2784 5263 2926 5332 quod
2958 5265 3072 5332 lege
3115 5263 3205 5318 Dei
3242 5278 3330 5317 ac-

1790 5355 1964 5420 cedit,
2023 5371 2113 5410 seu
2161 5356 2299 5408 bona
2328 5353 2695 5418 conscientia,
2751 5367 2869 5422 qua:
2922 5367 3026 5405 non
3063 5351 3162 5404 fert
3197 5365 3254 5404 se
3299 5365 3330 5402 ει

1790 5444 2026 5498 fidelium
2049 5445 2422 5497 communione
2438 5458 2557 5499 esse
2575 5449 2893 5510 separatam,
2908 5448 3126 5508 prepter
3139 5437 3298 5492 Deum
3311 5475 3333 5502 ,

1788 5541 1842 5586 et
1874 5547 1980 5585 non
2009 5542 2224 5601 prepter
2251 5532 2524 5587 hominum
2552 5531 2805 5602 pudorem
2832 5571 2844 5594 ,
2869 5537 2998 5582 tunc
3023 5528 3073 5583 ei
3105 5529 3325 5597 permit-

1792 5632 1871 5676 tes
1895 5636 2017 5676 cum
2055 5621 2302 5678 ﬁdelibus
2328 5623 2536 5695 populis
2569 5621 2966 5678 communicare
3002 5629 3056 5675 et
3085 5619 3142 5674 in
3174 5618 3326 5689 bynu

1790 5710 1878 5766 nis
1897 5710 2211 5767 consistere.
