3914 6332
588 343 688 409 915

1855 364 2127 428 THEOD.
2153 368 2547 434 BALSAMON

3709 381 3812 443 9l§

665 480 3792 528 Ἠ

924 592 1393 717 ΒΕΑΤΙ
1491 598 2062 726 NOSTRI
2158 603 2725 734 PATRIS
2823 613 3464 738 CYRILLI

1660 769 2184 850 ancumptscom
2217 793 2709 852 ALEXANDRINL

1536 877 1919 972 EPléTOLA
1969 911 2377 976 amorum
2417 916 2499 976 1N
2543 916 2847 979 HYMNIS

1656 1115 1792 1170 τΟΥ
1826 1117 1918 1174 EN
1955 1118 2177 1174 ΔΓΙΟΙΣ
2209 1121 2474 1177 ΠΑΤΡΟΣ
2510 1126 2711 1183 ΗΜΩΝ

935 1233 1506 1323 ΚΥΡΙΛΛΟΥ
1580 1237 2506 1333 ΑΡΧΙΕΠΙΣΚΟΠΟΥ
2576 1245 3401 1349 ΑΛΕΞΑΝΔΡΕΙΑΣ

1478 1379 1821 1434 ΕΠΙΣΤΟΛΗ
1873 1382 2240 1438 ΚΔΝΟΝΙΚΗ
2281 1387 2372 1442 ΕΝ
2409 1388 2570 1444 ΤΟΙΣ.
2601 1393 2885 1452 ΥΜΝΟΙΣ.

637 1520 876 1592 Cyrinus
908 1521 977 1576 ad
1014 1522 1306 1582 Domuum.

640 1645 985 1718 Unaquteque
1032 1664 1119 1704 res
1149 1664 1356 1717 nostra,
1390 1659 1603 1725 quando
1637 1663 1828 1719 ordine
1866 1670 2189 1728 canonicoA

566 1746 713 1791 recta
740 1739 982 1806 procedit
1004 1781 1017 1802 ,
1055 1742 1262 1798 nullum
1293 1746 1512 1814 quidem
1557 1750 1610 1804 in
1645 1753 1803 1809 nobis
1836 1759 2126 1813 tumultum

569 1824 869 1894 ingenerat,
917 1838 972 1883 et
1003 1846 1030 1884 a
1070 1835 1456 1890 nonnullorum
1489 1841 1865 1897 maledicentia
1891 1845 2084 1902 liberat
2107 1890 2123 1913 ,

561 2276 984 2344 reprehensione
1020 2280 1278 2344 alienum.
1319 2286 1401 2339 vel
1440 2289 1621 2356 potius
1648 2307 1975 2366 magnopere
2010 2299 2128 2354 lau-

563 2364 822 2429 dandum,
851 2368 892 2420 si
927 2379 1070 2423 recte
1105 2383 1159 2426 et
1182 2373 1326 2441 juste
1355 2377 1665 2444 judicetur?

631 2455 695 2507 Et
716 2455 827 2510 lnec
842 2457 1062 2526 quidem
1088 2476 1232 2516 nunc
1256 2465 1434 2520 scribo
1454 2468 1518 2521 ad
1541 2470 1795 2538 pietatem
1818 2482 1984 2542 tuam,
2003 2493 2124 2549 qure

564 2538 616 2592 in
688 2543 878 2599 litteris
949 2548 1013 2601 ad
1184 2566 1269 2606 me
1301 2562 1356 2607 et
1388 2556 1853 2627 religiosissimum
1899 2538 2114 2625 fratrem

559 2639 799 2697 nostrum
823 2642 877 2687 et
897 2637 1274 2708 coepiscopum
1309 2643 1553 2699 Proclum
1580 2650 1778 2715 missis,
1808 2656 2121 2726 episcopum

557 2721 775 2787 quidem
824 2725 1108 2788 nominet,
1156 2730 1422 2800 imprimis
1481 2737 1630 2805 pium
1689 2756 1752 2795 ac
1807 2721 2121 2816 religiosum

557 2807 776 2863 Petrum
811 2830 823 2864 :
866 2829 989 2867 cum
1031 2816 1143 2885 ipse
1175 2819 1521 2890 lamentetur,
1572 2842 1736 2898 seque
1777 2832 1844 2886 ab
1878 2807 2120 2893 Evcclesia

557 2898 661 2952 sibi
694 2901 952 2956 attributa
982 2914 1176 2972 praeter
1223 2909 1488 2966 rationem
1529 2915 1761 2984 ejectum
1793 2935 1911 2976 esse
1954 2923 2116 2980 dicat.

2305 1532 2573 1608 Κύριλλος
2601 1542 2738 1609 πρὸς
2771 1545 2996 1618 Δόμνον.

2292 1673 2534 1727 Ἐκαστα
2571 1675 2679 1729 τῶν
2733 1677 2853 1732 καθ’
2900 1680 3043 1750 ἡμᾶς
3093 1684 3432 1753 πραγμάτων
3472 1685 3602 1738 ὅταν
3653 1687 3787 1741 εὐθὺ

2217 1760 2447 1832 φέρηται
2469 1764 2760 1835 κανονικῆς
2788 1767 3064 1836 εὐταξίας,
3123 1770 3314 1823 οὐδένα
3350 1772 3449 1840 μὲν
3477 1774 3613 1842 ἡμῖν
3647 1777 3796 1829 ἐντί-

2214 1867 2330 1904 κτει
2355 1853 2597 1922 θόρυϐον,
2633 1857 2958 1912 ἀπαλλάττει
2989 1859 3044 1912 δέ
3067 1861 3272 1930 καὶτῆς
3297 1865 3443 1934 παρά
3469 1883 3634 1918 τινων
3660 1867 3790 1921 δυσ-

2215 1943 2440 2011 φημίας,
2477 1945 2747 2012 μᾶλλονδὲ
2775 1948 2867 2000 καὶ
2895 1951 2990 2012 τὰς
3021 1951 3171 2018 παρὰ
3198 1952 3304 2004 τῶν
3343 1949 3403 2007 εὖ
3437 1957 3791 2024 φρονούντων

2213 2035 2488 2105 εὐφημίας
2511 2038 2642 2107 ἡμῖν
2677 2037 2942 2108 προξενεῖ.
2973 2040 3068 2103 Τίς
3093 2041 3202 2112 γάρ
3233 2043 3331 2096 οὐκ
3362 2044 3430 2096 ἂν
3457 2048 3786 2114 ἀποδέξαιτο

2211 2126 2387 2195 ψῆφον
2414 2128 2768 2199 ἀπροσκλινῆ,
2794 2132 2946 2200 εἴπερ
2976 2131 3041 2184 ἂν
3071 2132 3270 2199 γίνοιτο
3299 2136 3448 2205 παρά
3475 2154 3640 2191 τινων
3665 2157 3679 2202 ;
3712 2143 3785 2193 Ἦ

2109 2210 2124 2264 ἰ
2213 2217 2330 2280 πῶς
2356 2218 2416 2270 τὸ
2441 2219 2641 2289 κρίνειν
2662 2219 2834 2290 ὀρθῶς
2861 2223 2953 2273 καὶ
2982 2222 3220 2291 ἐννόμως
3250 2225 3347 2276 οὐκ
3371 2227 3778 2298 ἀνεπίπληκτφ.

2211 2307 2380 2373 ἔσται,
2416 2309 2614 2378 μᾶλλον
2642 2311 2696 2362 δὲ
2722 2313 2918 2375 παντὸς
2941 2313 3158 2367 ἐπαίνου
3192 2316 3417 2384 μεστόν;

2281 2483 2392 2536 Καὶ
2419 2483 2588 2537 ταῦτα
2624 2484 2817 2556 γράφω
2861 2486 2976 2538 νυνὶ¹
3016 2491 3079 2558 τῇ
3115 2490 3178 2558 σῇ
3215 2489 3521 2562 θεοσεϐείᾳ,
3569 2492 3627 2545 ἐν
3661 2497 3782 2558 τοῖς

2210 2574 2404 2644 ἑαυτῆς
2431 2575 2717 2646 γράμμασι
2746 2579 2854 2640 τοῖς
2891 2579 3125 2630 σταλεῖσι
3161 2579 3290 2649 πρὸς
3321 2582 3417 2650 ὲμέ
3457 2599 3514 2634 τε
3559 2586 3653 2636 καὶ
3685 2586 3777 2636 τον

2208 2665 2501 2718 ὁσιώτατον
2525 2667 2617 2720 καὶ
2643 2667 3052 2721 θεοσεϐέστατον
3078 2670 3301 2739 ἀδελφὸν
3330 2675 3361 2741 ἡ
3372 2673 3488 2742 μῶν
3518 2676 3616 2726 καὶ
3646 2692 3778 2728 συν-

2208 2757 2503 2809 επίσκοπον
2557 2758 2830 2827 Πρόκλον,
2891 2761 3184 2814 ἐπίσκοπον
3233 2763 3331 2830 μὲν
3394 2765 3778 2834 ὀνομαζούσης

2207 2842 2295 2896 τὸν
2325 2844 2712 2897 εὐλαϐέστατον
2736 2848 2826 2898 καὶ
2849 2845 3252 2914 θεοφιλέστατον
3277 2851 3479 2920 Πέτρον
3496 2869 3510 2880 °
3527 2854 3699 2907 αὐτοῦ
3718 2857 3776 2906 δὲ

2208 2933 2501 2998 κλαίοντος,
2547 2934 2639 2988 καὶ
2680 2935 2780 3003 τῆς
2822 2938 3212 3008 ἐκνεμηθείσης
3257 2941 3402 3010 αὐτῷ
3441 2943 3778 3013 Ἐκκλησίας

556 2985 686 3044 Erat
711 2999 890 3045 autem
932 3004 1355 3052 consentaneum
1385 3012 1443 3054 ut
1473 3006 1554 3058 vel
1584 3008 1874 3065 sacerdotii
1919 3029 2115 3070 nomen

557 3093 677 3104 ,ιι-..ι
700 3096 754 3104 ..Α
774 3081 994 3104 I.-I-‘_-.
1045 3085 1125 3104 ---1
1180 3086 1218 3104 -2
1244 3103 1267 3104 η
1293 3103 1303 3104 γ
1333 3103 1339 3104 ,
1477 3101 1486 3104 _
1527 3093 1559 3104 ‘-
1836 3101 1847 3104 _
1948 3102 1955 3104 _

2212 2985 2531 3094 παραλόγως
2558 2985 2874 3095 κεκινῆσθαι
2899 2985 3298 3094 λέΓγόντος..;ιίν
3327 2985 3702 3087 δῖάκόλουθιον
3740 2985 3772 3104 1:;

556 3093 678 3131 cum
700 3096 756 3134 re
774 3081 1017 3143 haberet,
1045 3085 1152 3148 vel,
1176 3086 1220 3139 si
1243 3103 1349 3140 non
1377 3101 1492 3145 erat
1510 3093 1704 3163 dignus
1726 3107 1785 3153 ut
1803 3101 1960 3156 altari
1985 3119 2121 3172 pra).-

555 3181 720 3236 esset,
741 3189 842 3227 nec
868 3175 980 3244 ipsa
1000 3176 1220 3244 quidem
1245 3179 1589 3252 episcopatus
1609 3190 1891 3245 vocatione
1923 3193 2116 3262 dignus

555 3262 871 3318 haberetur.
907 3265 1009 3320 Sed
1039 3268 1091 3321 id
1121 3267 1349 3325 fortasse
1381 3274 1524 3340 quod
1547 3275 1688 3338 dico,
1713 3278 2046 3340 durumesse
2063 3295 2118 3340 et

553 3353 838 3409 eharitatis
861 3372 1058 3426 expers
1095 3359 1389 3417 videbitur.
1424 3364 1530 3419 Res
1560 3375 1740 3422 autem
1775 3385 1962 3427 revera
2005 3390 2115 3430 non

555 3445 628 3497 ita
654 3460 709 3498 se
748 3447 926 3502 habet.
964 3449 1068 3504 Nos
1094 3452 1237 3505 enim
1276 3454 1422 3509 senis
1456 3457 1642 3526 utique
1680 3460 1924 3516 misereri
1956 3475 2114 3534 puta-

552 3550 696 3598 mus,
721 3537 764 3589 si
803 3539 977 3591 solum
1013 3540 1060 3592 ei
1096 3555 1292 3596 nomen
1334 3544 1715 3613 reliquerimus
1748 3565 1760 3612 ;
1807 3551 1899 3604 sed
1941 3555 2112 3608 multo

554 3627 747 3680 melius
770 3637 888 3681 erat
919 3630 1064 3686 aliud
1092 3647 1306 3701 quoque
1327 3636 1688 3692 considerare.
1718 3640 1856 3693 Dicit
1883 3643 2029 3697 enim
2055 3660 2112 3700 se

554 3730 705 3767 suam
727 3717 944 3784 quidem
978 3734 1136 3788 posse
1162 3737 1376 3777 causam
1407 3727 1654 3793 probare,
1691 3738 1744 3782 at
1786 3730 2116 3792 defensionis

555 3812 769 3873 tempus
793 3807 894 3860 sibi
922 3824 1030 3862 non
1065 3825 1184 3864 esse
1207 3811 1392 3865 datum
1420 3854 1433 3879 ,
1460 3830 1560 3869 nec
1591 3817 1922 3873 auditionem
1947 3837 2113 3878 cano-

553 3893 735 3947 nicam
777 3895 879 3948 sibi
927 3896 1092 3952 fuisse
1132 3914 1462 3955 concessam.
1498 3903 1592 3957 Sin
1633 3916 1814 3961 autem
1850 3908 1954 3964 tale
1980 3911 2114 3980 quid

552 3983 756 4039 factum
805 3995 969 4051 esset,
1004 3989 1119 4058 ipsa
1156 4000 1397 4046 actorum
1440 3996 1725 4063 productio
1771 4015 1897 4055 eum
1924 4003 2112 4057 conv-i-

552 4075 718 4130 cissct
751 4093 900 4131 reum
944 4080 1314 4148 impositorum
1349 4085 1449 4153 ipsi
1486 4086 1773 4142 criminum
1796 4132 1808 4154 ,
1839 4107 1939 4148 nec
1970 4102 2114 4148 esset

553 4166 702 4233 quod
751 4183 808 4220 se
858 4169 1055 4238 injuria
1105 4171 1360 4226 allectum
1421 4187 1779 4245 quereretur;
1831 4182 1912 4235 vel
1963 4191 2111 4238 certe

553 4253 859 4308 absolutum
887 4273 1010 4310 eum
1038 4259 1540 4324 declarans,rursus
1561 4268 1882 4324 concederet
1905 4279 2115 4341 utpra-

2204 3115 2266 3165 τὸ
2301 3115 2397 3181 τῆς
2429 3115 2724 3185 ἱερωσύνης
2765 3117 2938 3186 ὄνομα
2978 3120 3115 3189 μετὰ
3143 3120 3235 3172 τοῦ
3269 3123 3594 3192 πράγματος
3626 3127 3776 3194 ἔχει-,ι

2206 3203 2386 3265 αὐτὸν,
2407 3207 2570 3273 ἤγουν
2601 3207 2753 3275 είπερ
2772 3207 2849 3276 μὴ
2877 3203 2943 3277 ἦν
2973 3211 3118 3274 ᾅξιος
3143 3212 3235 3264 τοῦ
3261 3216 3588 3280 προεστάναι
3621 3217 3772 3267 θείου

2209 3291 2622 3362 θυσιαστηρίου,
2662 3296 2786 3364 μηδ’
2831 3297 2965 3366 αὐτῇ
3000 3301 3256 3366 τιμᾶσθαι
3303 3306 3366 3370 τῇ
3417 3305 3607 3369 κλήσει
3671 3305 3773 3371 τῆς

2207 3381 2527 3448 ἐπισκοπῆς.
2581 3381 2718 3433 Ἀλλ’
2771 3383 2899 3447 ίσως
2934 3385 3132 3449 δόξειεν
3177 3387 3242 3440 ἂν
3281 3392 3344 3458 τῇ
3383 3394 3444 3460 σῇ
3489 3391 3772 3460 θεοιριλείξι⁵

2209 3468 2436 3536 σκληρὸς
2480 3464 2618 3521 εἶναί
2646 3487 2727 3533 τις
2757 3472 2850 3523 καὶ
2893 3471 3249 3545 ἀφιλάλληλος
3287 3479 3313 3528 ὸ
3342 3480 3467 3546 παρ’
3501 3479 3645 3545 ἐμοῦ
3681 3480 3774 3531 20.6-

2206 3575 2317 3625 γος.
2357 3559 2510 3629 Ἔχει
2540 3559 2595 3611 δὲ
2634 3561 2731 3631 οὐχ
2763 3562 2932 3625 οὓτως
2973 3565 3112 3618 κατά
3157 3568 3218 3618 τὸ
3248 3568 3461 3636 ἀληθές.
3511 3569 3770 3638 Ἐλεῆσαι

2203 3647 2308 3716 γὰρ
2337 3647 2474 3717 τάχα
2505 3665 2604 3700 που
2633 3651 2925 3720 νομίζομεν
2957 3653 3046 3705 τὸν
3077 3655 3389 3725 πρεσϐύτην
3416 3659 3579 3728 μόνην
3613 3662 3768 3729 αὐτῷ

2201 3737 2298 3804 τὴν
2326 3736 2514 3803 κλῆσιν
2541 3738 2768 3806 ἀφέντες
2790 3754 2802 3768 ·
2843 3740 3035 3811 μακρῷ
3064 3742 3119 3794 δέ
3147 3739 3214 3812 ἦν
3256 3745 3475 3813 ἄμεινον
3505 3749 3766 3816 ἐννοῆσαι

2201 3825 2293 3875 κοιλ⁷
2322 3825 2381 3876 τὸ
2401 3825 2606 3894 ἓτερον.
2652 3827 2850 3880 Φὰσκει
2877 3829 2981 3898 γὰρ
3008 3831 3067 3882 οὐ
3089 3829 3350 3884 δύνασθαι
3381 3834 3473 3902 μὲν
3494 3838 3765 3905 συστῆναι

2200 3915 2264 3980 τῇ
2301 3913 2478 3984 οἰκείᾳ
2505 3914 2763 3984 ὑπολήψει
2789 3931 2802 3945 ·
2832 3917 2892 3969 οὐ
2922 3918 3102 3971 λαϐεῖν
3132 3921 3187 3972 δὲ
3211 3923 3400 3991 καιρὸν
3438 3925 3761 3991 ἀπολογίας,

2200 4003 2322 4056 οὐτε
2362 4005 2468 4075 μὴν
2507 4005 2768 4076 ἀκρόασιν
2815 4007 2961 4078 αὐτῷ
2998 4010 3327 4081 προτεθῆναι
3358 4016 3674 4084 κανονικήν.
3705 4019 3765 4070 Et

2201 4093 2244 4146 δ’
2277 4096 2516 4163 ἐγεγόνει
2565 4113 2616 4148 τι
2655 4095 2914 4160 τοιοῦτον,
2956 4099 3090 4169 αὐτὴ
3143 4101 3249 4156 τῶν
3281 4103 3692 4173 ὑπομνημάτων
3733 4110 3763 4177 ἡ

2204 4185 2456 4248 σύστασις
2477 4186 2752 4256 διήλεγξεν
2776 4186 2842 4238 ἂν
2857 4188 3015 4242 αὐιεν
3037 4191 3278 4260 ἥάλόντα
3298 4194 3406 4254 τοῖς
3420 4194 3761 4263 αἰτιάμασιν,

2203 4276 2439 4348 ῆένοχον
2463 4277 2917 4345 ἀποπεφασμένον
2947 4281 3040 4332 καὶ
3065 4282 3213 4334 οὐδὲν
3251 4283 3442 4352 ἔχοντα
3467 4283 3657 4337 λοιπὸν
3690 4287 3764 4338 εί-

553 4353 697 4398 essct
743 4345 996 4402 Ecclesia:
1034 4364 1155 4418 quae
1185 4351 1261 4405 illi
1303 4353 1544 4422 subjecta
1585 4358 1703 4412 fuit.
1753 4361 1890 4416 Cum
1931 4375 2110 4422 autem

2212 4345 2320 4421 πεῖν
2347 4345 2426 4432 ⁷ὥς
2471 4368 2818 4437 ἠδικημένον,
2863 4369 3030 4439 ήγουν
3073 4345 3353 4442 ἐλεύθερον
3392 4374 3720 4442 ἀποφήνασα
3746 4415 3759 4437 ,

553 4435 688 4488 nihil
725 4435 923 4490 factum
956 4439 1026 4493 sit
1059 4440 1326 4508 ejusmodi
1353 4481 1366 4504 ,
1397 4442 1463 4496 de
1495 4459 1552 4498 re
1587 4448 1807 4514 quidem
1846 4452 1952 4506 alta
1979 4469 2111 4511 voce

2212 4458 2357 4512 πάλιν
2390 4435 2557 4510 ἐδίδου
2695 4435 3021 4529 προεστάναι
3051 4461 3149 4528 τῆς
3187 4435 3618 4533 Ἐκκλησίας-,Ιῆ
3669 4435 3761 4518 καί

551 4525 820 4592 queritur,
838 4534 892 4579 et
911 4526 1305 4583 intolerabilem
1323 4530 1572 4600 injuriam
1594 4548 1650 4587 se
1664 4534 1798 4590 dicit
1815 4539 2111 4617 accepisse,

552 4635 606 4680 et
632 4625 812 4693 imque
835 4631 1064 4694 ejectum
1091 4639 1229 4685 esse,
1262 4622 1523 4690 adjiciens
1559 4641 1670 4679 rem
1707 4641 1922 4681 omnem
1957 4627 2110 4681 lanii-

553 4717 741 4771 liarem
763 4731 915 4770 suam
938 4713 1239 4783 ademptam
1263 4714 1366 4769 sibi
1399 4715 1581 4770 fuisse.

621 4998 732 5050 Tua
757 4999 934 5066 itaque
969 4995 1242 5061 sanctitas,
1277 4997 1627 5053 considerans
1650 5008 1705 5054 et
1734 5000 1877 5068 quod
1904 5000 2104 5056 divinis

549 5090 846 5143 canonibus
874 5089 1138 5141 sancitum
1166 5100 1266 5152 cst,
1295 5099 1348 5143 et
1384 5092 1525 5159 quod
1553 5092 1805 5146 Ecclesia:
1829 5094 2101 5154 convenit,

549 5182 722 5250 iisque
751 5179 842 5248 qui
884 5190 1010 5232 sunt
1061 5179 1112 5231 in
1155 5195 1306 5233 sacro
1347 5171 1651 5236 ministerio
1682 5182 1900 5247 initiati,
1926 5192 2098 5237 etno-

547 5281 778 5324 strarum
803 5277 1057 5338 prieterea
1090 5269 1389 5322 litterarum
1414 5271 1678 5324 rationem
1697 5271 1920 5334 ducens,
1947 5273 2100 5326 sistat

2203 4549 2302 4603 Imb
2324 4549 2476 4617 χεῖρα
2511 4547 2700 4614 γέγονε
2737 4549 2836 4620 τὴν
2877 4550 3059 4603 αὐτοῦ.
3094 4551 3318 4614 Οὐδενὸς
3343 4553 3400 4606 δὲ
3442 4557 3762 4624 πεπραγμέ-

2211 4647 2298 4682 νου
2330 4631 2589 4693 τοιούτου,
2624 4631 2868 4702 καταὸοᾷ
2897 4648 2989 4684 του
3033 4649 3351 4702 πραγματος
3373 4672 3388 4694 .
3419 4651 3511 4687 και
3549 4637 3764 4692 ἀδικίαν

2207 4719 2477 4788 ἀφόρητον
2503 4720 2795 4788 ὐτιοστῆναί
2824 4738 2978 4790 φησι,
2996 4723 3088 4775 καλ⁵
3108 4715 3360 4792 ἀθέσμῖως
3384 4725 3760 4795 ἐκϐεϐλῆσθαι,

2208 4810 2570 4877 προσεπάγων
2617 4811 2700 4863 ὅτι
2753 4813 2848 4864 καὶ
2875 4813 3096 4882 ἡρπάγη
3144 4813 3321 4865 πάντα
3370 4813 3437 4867 τὰ
3495 4817 3763 4885 προσόντα

2207 4899 2352 4968 αὐτῷ
2380 4902 2481 4969 χρή
2491 4917 2655 4969 ματα.

2290 4993 2352 5044 Ἠ
2376 4991 2440 5061 σὴ
2461 4991 2745 5061 τοιγαροῦν
2757 4993 2988 5062 ὁσιότης,
3007 4993 3256 5046 ἐννοοῦσα
3267 4994 3362 5046 καὶ
3382 4995 3440 5046 τὸ
3461 4998 3569 5056 τοῖς
3596 4996 3760 5058 θείοις

2208 5081 2394 5134 κανόσι
2422 5082 2626 5146 δοκοῦν,
2657 5084 2750 5135 καὶ
2776 5083 2837 5135 τὸ
2867 5084 3072 5152 πρέπον
3102 5085 3166 5152 τῇ
3212 5083 3501 5154 Ἐκκλησία
3535 5086 3621 5136 καὶ
3653 5088 3761 5145 τοῖς

2205 5175 2554 5242 τεταγμένοις
2585 5176 2663 5237 είς
2700 5175 2850 5245 ἱερὰν
2873 5175 3209 5244 λειτουργίαν
3236 5191 3249 5203 ⁶
3282 5175 3358 5226 ἔτι
3387 5193 3443 5226 τε
3477 5177 3606 5245 πρὸς
3636 5175 3760 5228 τού-

2202 5279 2334 5326 τοις,
2371 5265 2464 5314 καὶ
2503 5264 2571 5314 τὰ
2621 5267 2749 5333 παρ’
2804 5263 2959 5332 ἡμῶν
3005 5263 3381 5332 δυσωπηθεῖσα
3426 5265 3756 5332 γράμματα,

548 5360 695 5412 senis
727 5359 989 5427 lacrymas
1017 5374 1029 5420 ;
1061 5365 1116 5410 et
1157 5357 1199 5409 si
1242 5357 1370 5410 velit
1396 5359 1614 5426 quidem
1649 5375 1772 5412 cum
1803 5360 1870 5413 iis
1896 5361 2101 5430 judicio

2212 5352 2455 5421 στησάτω
2502 5350 2592 5402 τοῦ
2642 5353 2950 5421 πρεσϐύτου
3009 5352 3067 5403 τὸ
3118 5353 3367 5421 δάκρυον.
3416 5353 3522 5403 Καὶ
3561 5355 3610 5404 εί
3670 5355 3760 5423 μὲν

547 5446 870 5501 contendere
892 5446 980 5512 qui
1005 5445 1229 5498 erimina
1256 5446 1308 5498 in
1333 5461 1456 5498 eum
1489 5447 1792 5511 intendunt,
1819 5447 1962 5516 apud
1983 5463 2104 5502 san-

547 5540 786 5592 ttitatem
823 5547 964 5588 tuam
1018 5551 1114 5604 pro
1152 5551 1300 5589 more
1339 5536 1548 5606 litiget,
1582 5553 1688 5590 una
1718 5538 1925 5592 scilicet
1965 5539 2101 5591 assi-

547 5629 814 5681 stentibus
843 5627 932 5694 qui
968 5627 1062 5678 tibi
1098 5626 1328 5679 subsunt
1361 5628 1659 5696 episcopis,
1689 5629 1795 5682 nisi
1832 5628 1968 5682 forte
2000 5627 2098 5680 ali-

546 5730 682 5786 quos
714 5725 918 5769 γραμμαὶ
944 5725 996 5766 ut
1042 5725 1334 5781 suspectos.
1373 5715 1589 5768 Nullum
1631 5717 1774 5768 (nim
1808 5715 2100 5783 religiosis-

2204 5442 2376 5494 ἕλοιτο
2418 5443 2740 5495 δικάσασθαι
2800 5443 2932 5513 πρὸς
2968 5445 3086 5506 τοὺς
3127 5446 3428 5509 ἐπάγοντας
3463 5443 3617 5512 αὐτῷ
3669 5446 3757 5505 τὰς

2204 5534 2402 5598 αίτίας,
2427 5533 2728 5596 δικαζέσθω
2754 5535 2890 5586 κατά
2911 5534 2969 5585 τὸ
2987 5534 3170 5593 είωθδς
3191 5533 3283 5584 ἐπὶ
3306 5533 3402 5600 τῆς
3429 5533 3754 5594 θεοσεβείας

2206 5623 2598 5692 συμπαρόντων
2650 5623 2888 5691 δηλονότι
2933 5624 3038 5673 τὼν
3099 5624 3199 5673 ὐπδ
3233 5623 3328 5688 τὴν
3369 5623 3551 5686 ,αὐτῆς
3609 5627 3754 5690 χεῖρα

2205 5716 2630 5768 θεοτεϐεττέιτων
2671 5718 2979 5767 ἕττιτγῦττιιιν
3009 5730 3016 5737 ·
3051 5715 3201 5775 ἐκτθις
3238 5716 3280 5762 ri
3326 5715 3397 5780 εοὴ
3445 5711 3755 5782 ταρατττλίτό
