  <div class='ocr_page' id='page_1' title='image "/cluster/home/n/w/nwhite01/storage/ocr_20150623/138/pst.000005714544/506.png"; bbox 0 0 3914 6332; ppageno 0'>
   <div class='ocr_carea' id='block_1_1' title="bbox 201 391 310 464">
    <p class='ocr_par' dir='ltr' id='par_1_1' title="bbox 201 391 310 464">
     <span class='ocr_line' id='line_1_1' title="bbox 201 391 310 464; baseline -0.055 -1"><span class='ocrx_word' id='word_1_1' title='bbox 201 391 310 464; x_wconf 72' lang='lat'><strong>911</strong></span> 
     </span>
    </p>
   </div>
   <div class='ocr_carea' id='block_1_2' title="bbox 1179 399 2496 465">
    <p class='ocr_par' dir='ltr' id='par_1_2' title="bbox 1179 399 2496 465">
     <span class='ocr_line' id='line_1_2' title="bbox 1179 399 2496 465; baseline 0.007 -9"><span class='ocrx_word' id='word_1_2' title='bbox 1179 399 1254 460; x_wconf 83' lang='grc' dir='ltr'><strong>ΙΝ</strong></span> <span class='ocrx_word' id='word_1_3' title='bbox 1296 399 1536 460; x_wconf 83' lang='lat' dir='ltr'><strong>EPIST.</strong></span> <span class='ocrx_word' id='word_1_4' title='bbox 1574 401 1636 460; x_wconf 82' lang='lat' dir='ltr'><strong>S.</strong></span> <span class='ocrx_word' id='word_1_5' title='bbox 1677 399 1979 461; x_wconf 70' lang='lat' dir='ltr'><strong>CYl.tlLLl</strong></span> <span class='ocrx_word' id='word_1_6' title='bbox 2008 404 2105 462; x_wconf 71' lang='grc' dir='ltr'><strong>Μ)</strong></span> <span class='ocrx_word' id='word_1_7' title='bbox 2149 402 2496 465; x_wconf 66' lang='grc' dir='ltr'>υΟΜΧυΜ.</span> 
     </span>
    </p>
   </div>
   <div class='ocr_carea' id='block_1_3' title="bbox 3332 406 3436 468">
    <p class='ocr_par' dir='ltr' id='par_1_3' title="bbox 3332 406 3436 468">
     <span class='ocr_line' id='line_1_3' title="bbox 3332 406 3436 468; baseline -0.019 0"><span class='ocrx_word' id='word_1_8' title='bbox 3332 406 3436 468; x_wconf 82' lang='grc'><strong>918</strong></span> 
     </span>
    </p>
   </div>
   <div class='ocr_carea' id='block_1_4' title="bbox 202 517 1784 593">
    <p class='ocr_par' dir='ltr' id='par_1_4' title="bbox 202 517 1776 593">
     <span class='ocr_line' id='line_1_4' title="bbox 202 517 1776 593; baseline 0.006 -24"><span class='ocrx_word' id='word_1_9' title='bbox 202 533 360 580; x_wconf 82' lang='grc' dir='ltr'>τινας</span> <span class='ocrx_word' id='word_1_10' title='bbox 388 519 460 582; x_wconf 86' lang='grc' dir='ltr'>ὡς</span> <span class='ocrx_word' id='word_1_11' title='bbox 491 520 781 583; x_wconf 77' lang='grc' dir='ltr'>ύπόπτους.</span> <span class='ocrx_word' id='word_1_12' title='bbox 817 519 1017 574; x_wconf 77' lang='grc' dir='ltr'>Οὐδένα</span> <span class='ocrx_word' id='word_1_13' title='bbox 1046 519 1142 589; x_wconf 75' lang='grc' dir='ltr'>μὲν</span> <span class='ocrx_word' id='word_1_14' title='bbox 1166 517 1272 593; x_wconf 81' lang='grc' dir='ltr'>γὰρ</span> <span class='ocrx_word' id='word_1_15' title='bbox 1301 521 1406 574; x_wconf 83' lang='grc' dir='ltr'>τῶν</span> <span class='ocrx_word' id='word_1_16' title='bbox 1430 519 1776 578; x_wconf 77' lang='grc' dir='ltr'>θεοσεσεστά-</span> 
     </span>
    </p>
   </div>
   <div class='ocr_carea' id='block_1_5' title="bbox 1894 517 3444 593">
    <p class='ocr_par' dir='ltr' id='par_1_5' title="bbox 1894 521 3444 592">
     <span class='ocr_line' id='line_1_5' title="bbox 1894 521 3444 592; baseline 0.001 -16"><span class='ocrx_word' id='word_1_17' title='bbox 1894 523 2146 577; x_wconf 84' lang='lat' dir='ltr'><strong>simorum</strong></span> <span class='ocrx_word' id='word_1_18' title='bbox 2171 523 2546 592; x_wconf 86' lang='lat' dir='ltr'><strong>cpiscoporum</strong></span> <span class='ocrx_word' id='word_1_19' title='bbox 2566 521 2620 575; x_wconf 89' lang='lat' dir='ltr'><strong>in</strong></span> <span class='ocrx_word' id='word_1_20' title='bbox 2640 524 2857 580; x_wconf 75' lang='lat' dir='ltr'><strong>fratrem</strong></span> <span class='ocrx_word' id='word_1_21' title='bbox 2882 527 3099 581; x_wconf 85' lang='lat' dir='ltr'><strong>inimico</strong></span> <span class='ocrx_word' id='word_1_22' title='bbox 3121 540 3238 579; x_wconf 86' lang='lat' dir='ltr'><strong>esse</strong></span> <span class='ocrx_word' id='word_1_23' title='bbox 3264 534 3444 578; x_wconf 76' lang='lat' dir='ltr'><strong>animo</strong></span> 
     </span>
    </p>
   </div>
   <div class='ocr_carea' id='block_1_6' title="bbox 205 611 1769 684">
    <p class='ocr_par' dir='ltr' id='par_1_6' title="bbox 205 611 1769 684">
     <span class='ocr_line' id='line_1_6' title="bbox 205 611 1769 684; baseline 0.005 -23"><span class='ocrx_word' id='word_1_24' title='bbox 205 626 316 661; x_wconf 88' lang='grc' dir='ltr'><strong>των</strong></span> <span class='ocrx_word' id='word_1_25' title='bbox 363 611 673 664; x_wconf 87' lang='grc' dir='ltr'>ἐπισκόπων</span> <span class='ocrx_word' id='word_1_26' title='bbox 722 611 889 681; x_wconf 85' lang='grc' dir='ltr'>ἐχθρά</span> <span class='ocrx_word' id='word_1_27' title='bbox 918 615 1132 681; x_wconf 82' lang='grc' dir='ltr'>φρονεῖν</span> <span class='ocrx_word' id='word_1_28' title='bbox 1177 613 1387 683; x_wconf 78' lang='grc' dir='ltr'><strong>ἀδελφῷ</strong></span> <span class='ocrx_word' id='word_1_29' title='bbox 1427 614 1769 684; x_wconf 79' lang='grc' dir='ltr'><strong>πιστεύομεν.</strong></span> 
     </span>
    </p>
   </div>
   <div class='ocr_carea' id='block_1_7' title="bbox 206 699 1772 776">
    <p class='ocr_par' dir='ltr' id='par_1_7' title="bbox 206 699 1772 776">
     <span class='ocr_line' id='line_1_7' title="bbox 206 699 1772 776; baseline 0.003 -24"><span class='ocrx_word' id='word_1_30' title='bbox 206 699 329 753; x_wconf 82' lang='grc' dir='ltr'>Ἵνα</span> <span class='ocrx_word' id='word_1_31' title='bbox 371 700 426 754; x_wconf 81' lang='grc' dir='ltr'>δὲ</span> <span class='ocrx_word' id='word_1_32' title='bbox 473 702 546 773; x_wconf 83' lang='grc' dir='ltr'>μὴ</span> <span class='ocrx_word' id='word_1_33' title='bbox 586 703 852 771; x_wconf 86' lang='grc' dir='ltr'>πρόφασις</span> <span class='ocrx_word' id='word_1_34' title='bbox 891 702 1029 772; x_wconf 74' lang='grc' dir='ltr'>αὕτη</span> <span class='ocrx_word' id='word_1_35' title='bbox 1081 703 1336 772; x_wconf 84' lang='grc' dir='ltr'>γένηται,</span> <span class='ocrx_word' id='word_1_36' title='bbox 1367 702 1464 772; x_wconf 75' lang='grc' dir='ltr'>τὴν</span> <span class='ocrx_word' id='word_1_37' title='bbox 1509 705 1772 776; x_wconf 76' lang='grc' dir='ltr'><strong>ἐσομένην</strong></span> 
     </span>
    </p>
   </div>
   <div class='ocr_carea' id='block_1_8' title="bbox 203 790 1772 864">
    <p class='ocr_par' dir='ltr' id='par_1_8' title="bbox 203 790 1772 864">
     <span class='ocr_line' id='line_1_8' title="bbox 203 790 1772 864; baseline 0.004 -25"><span class='ocrx_word' id='word_1_38' title='bbox 203 790 295 840; x_wconf 78' lang='grc' dir='ltr'>ἐπ’</span> <span class='ocrx_word' id='word_1_39' title='bbox 343 791 488 860; x_wconf 80' lang='grc' dir='ltr'>αὐτῷ</span> <span class='ocrx_word' id='word_1_40' title='bbox 530 792 708 862; x_wconf 81' lang='grc' dir='ltr'>κρίσιν</span> <span class='ocrx_word' id='word_1_41' title='bbox 747 792 1124 861; x_wconf 74' lang='grc' dir='ltr'>παραλύουσα,</span> <span class='ocrx_word' id='word_1_42' title='bbox 1162 794 1294 863; x_wconf 85' lang='grc' dir='ltr'>πρὸς</span> <span class='ocrx_word' id='word_1_43' title='bbox 1333 793 1393 845; x_wconf 84' lang='grc' dir='ltr'><strong>τὸ</strong></span> <span class='ocrx_word' id='word_1_44' title='bbox 1437 792 1510 862; x_wconf 83' lang='grc' dir='ltr'>μὴ</span> <span class='ocrx_word' id='word_1_45' title='bbox 1541 795 1596 845; x_wconf 81' lang='grc' dir='ltr'><strong>ἐν</strong></span> <span class='ocrx_word' id='word_1_46' title='bbox 1646 793 1772 864; x_wconf 79' lang='grc' dir='ltr'>δίκῃ</span> 
     </span>
    </p>
   </div>
   <div class='ocr_carea' id='block_1_9' title="bbox 203 881 1770 949">
    <p class='ocr_par' dir='ltr' id='par_1_9' title="bbox 203 881 1770 949">
     <span class='ocr_line' id='line_1_9' title="bbox 203 881 1770 949; baseline 0.006 -19"><span class='ocrx_word' id='word_1_47' title='bbox 203 881 534 949; x_wconf 81' lang='grc' dir='ltr'><strong>πεποιῆσθαι</strong></span> <span class='ocrx_word' id='word_1_48' title='bbox 567 883 762 946; x_wconf 85' lang='grc' dir='ltr'>δοκεῖν,</span> <span class='ocrx_word' id='word_1_49' title='bbox 804 883 954 935; x_wconf 80' lang='grc' dir='ltr'>οὐδέν</span> <span class='ocrx_word' id='word_1_50' title='bbox 981 884 1097 936; x_wconf 86' lang='grc' dir='ltr'>ἐστι</span> <span class='ocrx_word' id='word_1_51' title='bbox 1123 884 1184 936; x_wconf 58' lang='lat' dir='ltr'><strong>es</strong></span> <span class='ocrx_word' id='word_1_52' title='bbox 1204 881 1406 935; x_wconf 76' lang='grc' dir='ltr'>λυποῦν</span> <span class='ocrx_word' id='word_1_53' title='bbox 1437 884 1652 938; x_wconf 77' lang='grc' dir='ltr'>ἀπεῖναι</span> <span class='ocrx_word' id='word_1_54' title='bbox 1681 885 1770 938; x_wconf 75' lang='grc' dir='ltr'>τοῦ</span> 
     </span>
    </p>
   </div>
   <div class='ocr_carea' id='block_1_10' title="bbox 201 972 1136 1043">
    <p class='ocr_par' dir='ltr' id='par_1_10' title="bbox 201 972 1136 1043">
     <span class='ocr_line' id='line_1_10' title="bbox 201 972 1136 1043; baseline 0.009 -22"><span class='ocrx_word' id='word_1_55' title='bbox 201 973 484 1042; x_wconf 73' lang='grc' dir='ltr'>συνεδρίου</span> <span class='ocrx_word' id='word_1_56' title='bbox 514 972 621 1026; x_wconf 83' lang='grc' dir='ltr'>τῶν</span> <span class='ocrx_word' id='word_1_57' title='bbox 651 974 707 1025; x_wconf 85' lang='grc' dir='ltr'><strong>ἐν</strong></span> <span class='ocrx_word' id='word_1_58' title='bbox 734 972 940 1043; x_wconf 77' lang='grc' dir='ltr'>ὑποψίᾳ</span> <span class='ocrx_word' id='word_1_59' title='bbox 964 973 1136 1037; x_wconf 83' lang='grc' dir='ltr'>τίνάς.</span> 
     </span>
    </p>
   </div>
   <div class='ocr_carea' id='block_1_11' title="bbox 277 1067 1772 1146">
    <p class='ocr_par' dir='ltr' id='par_1_11' title="bbox 277 1067 1772 1146">
     <span class='ocr_line' id='line_1_11' title="bbox 277 1067 1772 1146; baseline 0.007 -28"><span class='ocrx_word' id='word_1_60' title='bbox 277 1067 474 1122; x_wconf 75' lang='grc' dir='ltr'><strong>ΒΑΛΣ.</strong></span> <span class='ocrx_word' id='word_1_61' title='bbox 497 1068 569 1121; x_wconf 83' lang='grc' dir='ltr'><strong>Τδ</strong></span> <span class='ocrx_word' id='word_1_62' title='bbox 600 1072 887 1142; x_wconf 84' lang='grc' dir='ltr'>προοίμιον</span> <span class='ocrx_word' id='word_1_63' title='bbox 911 1075 1006 1143; x_wconf 87' lang='grc' dir='ltr'><strong>τῆς</strong></span> <span class='ocrx_word' id='word_1_64' title='bbox 1032 1076 1318 1146; x_wconf 76' lang='grc' dir='ltr'>ἐπιστολῆς</span> <span class='ocrx_word' id='word_1_65' title='bbox 1339 1078 1596 1146; x_wconf 82' lang='grc' dir='ltr'><strong>τοιαύτης</strong></span> <span class='ocrx_word' id='word_1_66' title='bbox 1627 1077 1772 1130; x_wconf 65' lang='grc' dir='ltr'>ἐστὶν</span> 
     </span>
    </p>
   </div>
   <div class='ocr_carea' id='block_1_12' title="bbox 202 1153 1772 1237">
    <p class='ocr_par' dir='ltr' id='par_1_12' title="bbox 202 1153 1772 1237">
     <span class='ocr_line' id='line_1_12' title="bbox 202 1153 1772 1237; baseline 0.016 -33"><span class='ocrx_word' id='word_1_67' title='bbox 202 1153 433 1218; x_wconf 86' lang='grc' dir='ltr'>ἐννοίας.</span> <span class='ocrx_word' id='word_1_68' title='bbox 450 1157 617 1226; x_wconf 72' lang='grc' dir='ltr'>Φησὶν</span> <span class='ocrx_word' id='word_1_69' title='bbox 638 1161 665 1212; x_wconf 87' lang='grc' dir='ltr'><strong>δ</strong></span> <span class='ocrx_word' id='word_1_70' title='bbox 681 1159 836 1229; x_wconf 73' lang='grc' dir='ltr'>ἅγιος</span> <span class='ocrx_word' id='word_1_71' title='bbox 854 1179 868 1192; x_wconf 76' lang='grc' dir='ltr'><strong>ο</strong></span> <span class='ocrx_word' id='word_1_72' title='bbox 891 1163 1010 1216; x_wconf 80' lang='grc' dir='ltr'>Ὀτι</span> <span class='ocrx_word' id='word_1_73' title='bbox 1041 1165 1109 1218; x_wconf 87' lang='grc' dir='ltr'><strong>τά</strong></span> <span class='ocrx_word' id='word_1_74' title='bbox 1135 1165 1256 1220; x_wconf 85' lang='grc' dir='ltr'>καθ’</span> <span class='ocrx_word' id='word_1_75' title='bbox 1289 1168 1433 1237; x_wconf 80' lang='grc' dir='ltr'>ημᾶς</span> <span class='ocrx_word' id='word_1_76' title='bbox 1455 1168 1772 1237; x_wconf 81' lang='grc' dir='ltr'>πράγματα.</span> 
     </span>
    </p>
   </div>
   <div class='ocr_carea' id='block_1_13' title="bbox 202 1243 1771 1328">
    <p class='ocr_par' dir='ltr' id='par_1_13' title="bbox 202 1243 1771 1328">
     <span class='ocr_line' id='line_1_13' title="bbox 202 1243 1771 1328; baseline 0.018 -34"><span class='ocrx_word' id='word_1_77' title='bbox 202 1243 275 1295; x_wconf 71' lang='grc' dir='ltr'>τὰ</span> <span class='ocrx_word' id='word_1_78' title='bbox 304 1245 735 1315; x_wconf 81' lang='grc' dir='ltr'>ἐκκλησιαστικᾶ</span> <span class='ocrx_word' id='word_1_79' title='bbox 764 1253 1025 1323; x_wconf 88' lang='grc' dir='ltr'>δηλονότι,</span> <span class='ocrx_word' id='word_1_80' title='bbox 1053 1255 1085 1324; x_wconf 81' lang='grc' dir='ltr'><strong>ἤ</strong></span> <span class='ocrx_word' id='word_1_81' title='bbox 1117 1256 1300 1322; x_wconf 86' lang='grc' dir='ltr'>ἀπλῶς</span> <span class='ocrx_word' id='word_1_82' title='bbox 1330 1258 1395 1312; x_wconf 79' lang='grc' dir='ltr'>τὰ</span> <span class='ocrx_word' id='word_1_83' title='bbox 1437 1257 1771 1328; x_wconf 78' lang='grc' dir='ltr'>ἀνθρώπινα.</span> 
     </span>
    </p>
   </div>
   <div class='ocr_carea' id='block_1_14' title="bbox 202 1332 1774 1415">
    <p class='ocr_par' dir='ltr' id='par_1_14' title="bbox 202 1332 1774 1415">
     <span class='ocr_line' id='line_1_14' title="bbox 202 1332 1774 1415; baseline 0.01 -31"><span class='ocrx_word' id='word_1_84' title='bbox 202 1332 337 1385; x_wconf 47' lang='grc' dir='ltr'>ὅταν</span> <span class='ocrx_word' id='word_1_85' title='bbox 362 1336 488 1389; x_wconf 66' lang='grc' dir='ltr'>καττ</span> <span class='ocrx_word' id='word_1_86' title='bbox 515 1339 780 1411; x_wconf 84' lang='grc' dir='ltr'><strong>εὐθύτητα</strong></span> <span class='ocrx_word' id='word_1_87' title='bbox 812 1344 1099 1415; x_wconf 80' lang='grc' dir='ltr'>κανονικὴν</span> <span class='ocrx_word' id='word_1_88' title='bbox 1123 1347 1498 1414; x_wconf 77' lang='grc' dir='ltr'>διεξάγωνται,</span> <span class='ocrx_word' id='word_1_89' title='bbox 1527 1348 1650 1402; x_wconf 75' lang='grc' dir='ltr'>οὔτε</span> <span class='ocrx_word' id='word_1_90' title='bbox 1681 1349 1774 1402; x_wconf 77' lang='grc' dir='ltr'>θότι</span> 
     </span>
    </p>
   </div>
   <div class='ocr_carea' id='block_1_15' title="bbox 202 1422 1770 1509">
    <p class='ocr_par' dir='ltr' id='par_1_15' title="bbox 202 1422 1770 1509">
     <span class='ocr_line' id='line_1_15' title="bbox 202 1422 1770 1509; baseline 0.012 -35"><span class='ocrx_word' id='word_1_91' title='bbox 202 1422 372 1494; x_wconf 78' lang='grc' dir='ltr'>ρυσον</span> <span class='ocrx_word' id='word_1_92' title='bbox 402 1428 532 1496; x_wconf 80' lang='grc' dir='ltr'>ἡμῖν</span> <span class='ocrx_word' id='word_1_93' title='bbox 562 1429 873 1498; x_wconf 77' lang='grc' dir='ltr'>ἐπάγουσιν,</span> <span class='ocrx_word' id='word_1_94' title='bbox 896 1432 1021 1486; x_wconf 77' lang='grc' dir='ltr'>οὔτε</span> <span class='ocrx_word' id='word_1_95' title='bbox 1051 1437 1363 1509; x_wconf 76' lang='grc' dir='ltr'>δυσφημίαν</span> <span class='ocrx_word' id='word_1_96' title='bbox 1391 1439 1539 1508; x_wconf 85' lang='grc' dir='ltr'><strong>παρά</strong></span> <span class='ocrx_word' id='word_1_97' title='bbox 1575 1458 1734 1494; x_wconf 87' lang='grc' dir='ltr'>τινων</span> <span class='ocrx_word' id='word_1_98' title='bbox 1758 1459 1770 1473; x_wconf 78' lang='grc' dir='ltr'><strong><em>ο</em></strong></span> 
     </span>
    </p>
   </div>
   <div class='ocr_carea' id='block_1_16' title="bbox 201 1520 1778 1604">
    <p class='ocr_par' dir='ltr' id='par_1_16' title="bbox 201 1520 1778 1604">
     <span class='ocr_line' id='line_1_16' title="bbox 201 1520 1778 1604; baseline 0.021 -31"><span class='ocrx_word' id='word_1_99' title='bbox 201 1520 346 1575; x_wconf 81' lang='grc' dir='ltr'><strong>ἀλλὰ</strong></span> <span class='ocrx_word' id='word_1_100' title='bbox 408 1527 608 1594; x_wconf 75' lang='grc' dir='ltr'>μᾶλλον</span> <span class='ocrx_word' id='word_1_101' title='bbox 695 1528 952 1593; x_wconf 89' lang='grc' dir='ltr'>ἐπαίνους</span> <span class='ocrx_word' id='word_1_102' title='bbox 1009 1533 1142 1601; x_wconf 81' lang='grc' dir='ltr'>ἡμῖν</span> <span class='ocrx_word' id='word_1_103' title='bbox 1213 1535 1483 1603; x_wconf 78' lang='grc' dir='ltr'>προξενεῖ.</span> <span class='ocrx_word' id='word_1_104' title='bbox 1551 1531 1616 1587; x_wconf 89' lang='grc' dir='ltr'><strong>Ἦ</strong></span> <span class='ocrx_word' id='word_1_105' title='bbox 1669 1535 1778 1604; x_wconf 75' lang='grc' dir='ltr'><strong>γὰρ</strong></span> 
     </span>
    </p>
   </div>
   <div class='ocr_carea' id='block_1_17' title="bbox 1887 612 3445 682">
    <p class='ocr_par' dir='ltr' id='par_1_17' title="bbox 1887 612 3445 682">
     <span class='ocr_line' id='line_1_17' title="bbox 1887 612 3445 682; baseline 0.003 -17"><span class='ocrx_word' id='word_1_106' title='bbox 1887 613 2183 668; x_wconf 89' lang='lat' dir='ltr'><strong>credimus.</strong></span> <span class='ocrx_word' id='word_1_107' title='bbox 2226 613 2304 667; x_wconf 91' lang='lat' dir='ltr'><strong>Ne</strong></span> <span class='ocrx_word' id='word_1_108' title='bbox 2344 620 2527 666; x_wconf 88' lang='lat' dir='ltr'><strong>autem</strong></span> <span class='ocrx_word' id='word_1_109' title='bbox 2557 612 2647 666; x_wconf 86' lang='lat' dir='ltr'><strong>hic</strong></span> <span class='ocrx_word' id='word_1_110' title='bbox 2676 623 2969 682; x_wconf 59' lang='lat' dir='ltr'><strong>praetextus</strong></span> <span class='ocrx_word' id='word_1_111' title='bbox 3005 618 3252 670; x_wconf 86' lang='lat' dir='ltr'><strong>futurum</strong></span> <span class='ocrx_word' id='word_1_112' title='bbox 3287 614 3354 669; x_wconf 88' lang='lat' dir='ltr'><strong>dc</strong></span> <span class='ocrx_word' id='word_1_113' title='bbox 3379 630 3445 669; x_wconf 78' lang='lat' dir='ltr'><strong>co</strong></span> 
     </span>
    </p>
   </div>
   <div class='ocr_carea' id='block_1_18' title="bbox 1881 703 3445 775">
    <p class='ocr_par' dir='ltr' id='par_1_18' title="bbox 1881 703 3445 775">
     <span class='ocr_line' id='line_1_18' title="bbox 1881 703 3445 775; baseline 0.001 -18"><span class='ocrx_word' id='word_1_114' title='bbox 1881 703 2146 773; x_wconf 82' lang='lat' dir='ltr'><strong>judicium</strong></span> <span class='ocrx_word' id='word_1_115' title='bbox 2181 703 2469 770; x_wconf 74' lang='lat' dir='ltr'><strong>dissolvat,</strong></span> <span class='ocrx_word' id='word_1_116' title='bbox 2498 716 2556 761; x_wconf 86' lang='grc' dir='ltr'><strong>ιιι</strong></span> <span class='ocrx_word' id='word_1_117' title='bbox 2585 722 2693 762; x_wconf 91' lang='lat' dir='ltr'><strong>non</strong></span> <span class='ocrx_word' id='word_1_118' title='bbox 2725 708 2847 775; x_wconf 83' lang='lat' dir='ltr'><strong>jure</strong></span> <span class='ocrx_word' id='word_1_119' title='bbox 2877 706 3079 762; x_wconf 82' lang='lat' dir='ltr'><strong>factum</strong></span> <span class='ocrx_word' id='word_1_120' title='bbox 3109 723 3226 761; x_wconf 88' lang='lat' dir='ltr'><strong>esse</strong></span> <span class='ocrx_word' id='word_1_121' title='bbox 3256 706 3445 760; x_wconf 80' lang='lat' dir='ltr'><strong>videa-</strong></span> 
     </span>
    </p>
   </div>
   <div class='ocr_carea' id='block_1_19' title="bbox 1887 797 3447 869">
    <p class='ocr_par' dir='ltr' id='par_1_19' title="bbox 1887 797 3447 869">
     <span class='ocr_line' id='line_1_19' title="bbox 1887 797 3447 869; baseline 0.004 -23"><span class='ocrx_word' id='word_1_122' title='bbox 1887 802 1993 858; x_wconf 91' lang='lat' dir='ltr'><strong>tur,</strong></span> <span class='ocrx_word' id='word_1_123' title='bbox 2021 809 2124 846; x_wconf 92' lang='lat' dir='ltr'><strong>non</strong></span> <span class='ocrx_word' id='word_1_124' title='bbox 2155 809 2312 863; x_wconf 79' lang='lat' dir='ltr'><strong>grave</strong></span> <span class='ocrx_word' id='word_1_125' title='bbox 2341 806 2424 850; x_wconf 89' lang='lat' dir='ltr'><strong>est</strong></span> <span class='ocrx_word' id='word_1_126' title='bbox 2450 810 2479 849; x_wconf 86' lang='lat' dir='ltr'><strong>a</strong></span> <span class='ocrx_word' id='word_1_127' title='bbox 2510 812 2765 852; x_wconf 89' lang='lat' dir='ltr'><strong>consessu</strong></span> <span class='ocrx_word' id='word_1_128' title='bbox 2790 797 2976 852; x_wconf 88' lang='lat' dir='ltr'><strong>abesse</strong></span> <span class='ocrx_word' id='word_1_129' title='bbox 2999 814 3187 854; x_wconf 88' lang='lat' dir='ltr'><strong>eorum</strong></span> <span class='ocrx_word' id='word_1_130' title='bbox 3239 800 3332 869; x_wconf 90' lang='lat' dir='ltr'><strong>qui</strong></span> <span class='ocrx_word' id='word_1_131' title='bbox 3357 815 3447 853; x_wconf 78' lang='lat' dir='ltr'><strong>su-</strong></span> 
     </span>
    </p>
   </div>
   <div class='ocr_carea' id='block_1_20' title="bbox 1882 885 2459 955">
    <p class='ocr_par' dir='ltr' id='par_1_20' title="bbox 1882 885 2459 955">
     <span class='ocr_line' id='line_1_20' title="bbox 1882 885 2459 955; baseline 0 -17"><span class='ocrx_word' id='word_1_132' title='bbox 1882 885 2051 953; x_wconf 86' lang='lat' dir='ltr'><strong>specti</strong></span> <span class='ocrx_word' id='word_1_133' title='bbox 2082 893 2207 938; x_wconf 90' lang='lat' dir='ltr'><strong>sunt</strong></span> <span class='ocrx_word' id='word_1_134' title='bbox 2229 886 2459 955; x_wconf 88' lang='lat' dir='ltr'><strong>aliquos.</strong></span> 
     </span>
    </p>
   </div>
   <div class='ocr_carea' id='block_1_21' title="bbox 1956 1077 3441 1149">
    <p class='ocr_par' dir='ltr' id='par_1_21' title="bbox 1956 1077 3441 1149">
     <span class='ocr_line' id='line_1_21' title="bbox 1956 1077 3441 1149; baseline -0.005 -17"><span class='ocrx_word' id='word_1_135' title='bbox 1956 1078 2150 1134; x_wconf 78' lang='lat' dir='ltr'><strong>BALS.</strong></span> <span class='ocrx_word' id='word_1_136' title='bbox 2194 1080 2518 1135; x_wconf 66' lang='lat' dir='ltr'><strong>Prooemium</strong></span> <span class='ocrx_word' id='word_1_137' title='bbox 2546 1079 2788 1149; x_wconf 69' lang='lat' dir='ltr'><strong>epistolae</strong></span> <span class='ocrx_word' id='word_1_138' title='bbox 2830 1079 2971 1133; x_wconf 91' lang='lat' dir='ltr'><strong>hunc</strong></span> <span class='ocrx_word' id='word_1_139' title='bbox 3010 1077 3170 1131; x_wconf 69' lang='lat' dir='ltr'><strong>habet</strong></span> <span class='ocrx_word' id='word_1_140' title='bbox 3203 1091 3441 1131; x_wconf 71' lang='lat' dir='ltr'><strong>sensum.</strong></span> 
     </span>
    </p>
   </div>
   <div class='ocr_carea' id='block_1_22' title="bbox 1884 1166 3448 1235">
    <p class='ocr_par' dir='ltr' id='par_1_22' title="bbox 1884 1166 3448 1235">
     <span class='ocr_line' id='line_1_22' title="bbox 1884 1166 3448 1235; baseline -0.001 -12"><span class='ocrx_word' id='word_1_141' title='bbox 1884 1170 2023 1225; x_wconf 77' lang='lat' dir='ltr'><strong>Dicit</strong></span> <span class='ocrx_word' id='word_1_142' title='bbox 2049 1183 2266 1226; x_wconf 88' lang='lat' dir='ltr'><strong>sanctus</strong></span> <span class='ocrx_word' id='word_1_143' title='bbox 2300 1190 2312 1226; x_wconf 90' lang='lat'>:</span> <span class='ocrx_word' id='word_1_144' title='bbox 2342 1173 2442 1226; x_wconf 74' lang='lat' dir='ltr'><strong>[tes</strong></span> <span class='ocrx_word' id='word_1_145' title='bbox 2479 1179 2696 1235; x_wconf 78' lang='lat' dir='ltr'><strong>nostrae,</strong></span> <span class='ocrx_word' id='word_1_146' title='bbox 2723 1170 2927 1224; x_wconf 83' lang='lat' dir='ltr'><strong>scilicet</strong></span> <span class='ocrx_word' id='word_1_147' title='bbox 2947 1168 3341 1230; x_wconf 69' lang='lat' dir='ltr'><strong>ecclesiasticze,</strong></span> <span class='ocrx_word' id='word_1_148' title='bbox 3366 1166 3448 1221; x_wconf 79' lang='lat' dir='ltr'><strong>vel</strong></span> 
     </span>
    </p>
   </div>
   <div class='ocr_carea' id='block_1_23' title="bbox 1880 1259 3454 1333">
    <p class='ocr_par' dir='ltr' id='par_1_23' title="bbox 1880 1259 3454 1333">
     <span class='ocr_line' id='line_1_23' title="bbox 1880 1259 3454 1333; baseline -0.001 -18"><span class='ocrx_word' id='word_1_149' title='bbox 1880 1262 2195 1331; x_wconf 67' lang='lat' dir='ltr'><strong>simpliciter</strong></span> <span class='ocrx_word' id='word_1_150' title='bbox 2245 1263 2508 1327; x_wconf 66' lang='lat' dir='ltr'><strong>humanm,</strong></span> <span class='ocrx_word' id='word_1_151' title='bbox 2545 1265 2761 1333; x_wconf 84' lang='lat' dir='ltr'><strong>quando</strong></span> <span class='ocrx_word' id='word_1_152' title='bbox 2820 1261 3078 1316; x_wconf 89' lang='lat' dir='ltr'><strong>canonica</strong></span> <span class='ocrx_word' id='word_1_153' title='bbox 3127 1259 3454 1314; x_wconf 87' lang='lat' dir='ltr'><strong>rectitudine</strong></span> 
     </span>
    </p>
   </div>
   <div class='ocr_carea' id='block_1_24' title="bbox 1882 1353 3452 1420">
    <p class='ocr_par' dir='ltr' id='par_1_24' title="bbox 1882 1353 3452 1420">
     <span class='ocr_line' id='line_1_24' title="bbox 1882 1353 3452 1420; baseline 0.003 -17"><span class='ocrx_word' id='word_1_154' title='bbox 1882 1353 2195 1420; x_wconf 87' lang='lat' dir='ltr'><strong>procedunt,</strong></span> <span class='ocrx_word' id='word_1_155' title='bbox 2249 1369 2343 1406; x_wconf 90' lang='lat' dir='ltr'><strong>nec</strong></span> <span class='ocrx_word' id='word_1_156' title='bbox 2397 1353 2550 1407; x_wconf 90' lang='lat' dir='ltr'><strong>nobis</strong></span> <span class='ocrx_word' id='word_1_157' title='bbox 2603 1354 2884 1407; x_wconf 82' lang='lat' dir='ltr'><strong>tumultum</strong></span> <span class='ocrx_word' id='word_1_158' title='bbox 2949 1353 3287 1420; x_wconf 76' lang='lat' dir='ltr'><strong>ingenerant,</strong></span> <span class='ocrx_word' id='word_1_159' title='bbox 3351 1367 3452 1407; x_wconf 76' lang='lat' dir='ltr'><strong>nec</strong></span> 
     </span>
    </p>
   </div>
   <div class='ocr_carea' id='block_1_25' title="bbox 1885 1441 3455 1511">
    <p class='ocr_par' dir='ltr' id='par_1_25' title="bbox 1885 1441 3455 1511">
     <span class='ocr_line' id='line_1_25' title="bbox 1885 1441 3455 1511; baseline 0.001 -17"><span class='ocrx_word' id='word_1_160' title='bbox 1885 1441 2184 1508; x_wconf 84' lang='lat' dir='ltr'><strong>aliquorum</strong></span> <span class='ocrx_word' id='word_1_161' title='bbox 2209 1443 2515 1505; x_wconf 85' lang='lat' dir='ltr'><strong>maledicta,</strong></span> <span class='ocrx_word' id='word_1_162' title='bbox 2547 1444 2637 1497; x_wconf 88' lang='lat' dir='ltr'><strong>sed</strong></span> <span class='ocrx_word' id='word_1_163' title='bbox 2665 1442 2851 1499; x_wconf 89' lang='lat' dir='ltr'><strong>laudes</strong></span> <span class='ocrx_word' id='word_1_164' title='bbox 2877 1443 3030 1498; x_wconf 83' lang='lat' dir='ltr'><strong>nobis</strong></span> <span class='ocrx_word' id='word_1_165' title='bbox 3064 1444 3242 1511; x_wconf 90' lang='lat' dir='ltr'><strong>potius</strong></span> <span class='ocrx_word' id='word_1_166' title='bbox 3272 1445 3455 1497; x_wconf 88' lang='lat' dir='ltr'><strong>conci-</strong></span> 
     </span>
    </p>
   </div>
   <div class='ocr_carea' id='block_1_26' title="bbox 1887 1530 3450 1602">
    <p class='ocr_par' dir='ltr' id='par_1_26' title="bbox 1887 1530 3450 1602">
     <span class='ocr_line' id='line_1_26' title="bbox 1887 1530 3450 1602; baseline 0.002 -19"><span class='ocrx_word' id='word_1_167' title='bbox 1887 1531 2040 1585; x_wconf 82' lang='lat' dir='ltr'><strong>liant.</strong></span> <span class='ocrx_word' id='word_1_168' title='bbox 2071 1530 2338 1587; x_wconf 71' lang='lat' dir='ltr'><strong>Iudicium</strong></span> <span class='ocrx_word' id='word_1_169' title='bbox 2373 1537 2537 1597; x_wconf 88' lang='lat' dir='ltr'><strong>enim,</strong></span> <span class='ocrx_word' id='word_1_170' title='bbox 2569 1533 2712 1602; x_wconf 86' lang='lat' dir='ltr'><strong>quod</strong></span> <span class='ocrx_word' id='word_1_171' title='bbox 2743 1548 2840 1588; x_wconf 92' lang='lat' dir='ltr'><strong>nec</strong></span> <span class='ocrx_word' id='word_1_172' title='bbox 2876 1534 2978 1588; x_wconf 89' lang='lat' dir='ltr'><strong>huc</strong></span> <span class='ocrx_word' id='word_1_173' title='bbox 3008 1548 3107 1589; x_wconf 87' lang='lat' dir='ltr'><strong>nec</strong></span> <span class='ocrx_word' id='word_1_174' title='bbox 3141 1533 3266 1588; x_wconf 92' lang='lat' dir='ltr'><strong>illuc</strong></span> <span class='ocrx_word' id='word_1_175' title='bbox 3288 1533 3450 1587; x_wconf 83' lang='lat' dir='ltr'><strong>incli-</strong></span> 
     </span>
    </p>
   </div>
   <div class='ocr_carea' id='block_1_27' title="bbox 203 1613 1784 1694">
    <p class='ocr_par' dir='ltr' id='par_1_27' title="bbox 203 1613 1780 1694">
     <span class='ocr_line' id='line_1_27' title="bbox 203 1613 1780 1694; baseline 0.01 -29"><span class='ocrx_word' id='word_1_176' title='bbox 203 1613 574 1687; x_wconf 80' lang='grc' dir='ltr'>ἀπροσκλινὴς</span> <span class='ocrx_word' id='word_1_177' title='bbox 603 1620 782 1689; x_wconf 88' lang='grc' dir='ltr'>κρίσις</span> <span class='ocrx_word' id='word_1_178' title='bbox 815 1621 846 1691; x_wconf 79' lang='grc' dir='ltr'>ἢ</span> <span class='ocrx_word' id='word_1_179' title='bbox 881 1624 1145 1694; x_wconf 73' lang='grc' dir='ltr'>ἀῤῥεπὴς,</span> <span class='ocrx_word' id='word_1_180' title='bbox 1183 1623 1214 1693; x_wconf 83' lang='grc' dir='ltr'>ἠ</span> <span class='ocrx_word' id='word_1_181' title='bbox 1272 1626 1563 1690; x_wconf 84' lang='grc' dir='ltr'>εύθυτάτη,</span> <span class='ocrx_word' id='word_1_182' title='bbox 1615 1627 1780 1680; x_wconf 82' lang='grc' dir='ltr'>πᾶσίν</span> 
     </span>
    </p>
   </div>
   <div class='ocr_carea' id='block_1_28' title="bbox 1894 1613 3452 1694">
    <p class='ocr_par' dir='ltr' id='par_1_28' title="bbox 1894 1622 3452 1693">
     <span class='ocr_line' id='line_1_28' title="bbox 1894 1622 3452 1693; baseline 0.002 -21"><span class='ocrx_word' id='word_1_183' title='bbox 1894 1632 1966 1674; x_wconf 84' lang='lat' dir='ltr'><strong>tat</strong></span> <span class='ocrx_word' id='word_1_184' title='bbox 1990 1637 2088 1676; x_wconf 85' lang='lat' dir='ltr'><strong>nec</strong></span> <span class='ocrx_word' id='word_1_185' title='bbox 2109 1625 2431 1693; x_wconf 83' lang='lat' dir='ltr'><strong>propendet,</strong></span> <span class='ocrx_word' id='word_1_186' title='bbox 2454 1623 2547 1677; x_wconf 90' lang='lat' dir='ltr'><strong>sed</strong></span> <span class='ocrx_word' id='word_1_187' title='bbox 2575 1631 2653 1676; x_wconf 87' lang='lat' dir='ltr'><strong>est</strong></span> <span class='ocrx_word' id='word_1_188' title='bbox 2676 1622 3066 1683; x_wconf 88' lang='lat' dir='ltr'><strong>rectissimum,</strong></span> <span class='ocrx_word' id='word_1_189' title='bbox 3089 1633 3172 1676; x_wconf 86' lang='lat' dir='ltr'><strong>est</strong></span> <span class='ocrx_word' id='word_1_190' title='bbox 3192 1623 3258 1675; x_wconf 84' lang='lat' dir='ltr'><strong>ab</strong></span> <span class='ocrx_word' id='word_1_191' title='bbox 3276 1622 3452 1677; x_wconf 91' lang='lat' dir='ltr'><strong>omni-</strong></span> 
     </span>
    </p>
   </div>
   <div class='ocr_carea' id='block_1_29' title="bbox 203 1703 1784 1786">
    <p class='ocr_par' dir='ltr' id='par_1_29' title="bbox 203 1703 1778 1786">
     <span class='ocr_line' id='line_1_29' title="bbox 203 1703 1778 1786; baseline 0.008 -30"><span class='ocrx_word' id='word_1_192' title='bbox 203 1703 354 1758; x_wconf 80' lang='grc' dir='ltr'>ἐστιν</span> <span class='ocrx_word' id='word_1_193' title='bbox 382 1707 678 1762; x_wconf 68' lang='grc' dir='ltr'>ἀποδεκτέα</span> <span class='ocrx_word' id='word_1_194' title='bbox 703 1728 717 1743; x_wconf 76' lang='grc' dir='ltr'><strong>ο</strong></span> <span class='ocrx_word' id='word_1_195' title='bbox 753 1714 846 1765; x_wconf 74' lang='grc' dir='ltr'><strong>καὶ</strong></span> <span class='ocrx_word' id='word_1_196' title='bbox 879 1715 938 1766; x_wconf 87' lang='grc' dir='ltr'><strong>ού</strong></span> <span class='ocrx_word' id='word_1_197' title='bbox 991 1715 1149 1783; x_wconf 86' lang='grc' dir='ltr'>μόνον</span> <span class='ocrx_word' id='word_1_198' title='bbox 1182 1715 1582 1786; x_wconf 86' lang='grc' dir='ltr'>ἀνεπίπληκτόν</span> <span class='ocrx_word' id='word_1_199' title='bbox 1607 1718 1778 1781; x_wconf 88' lang='grc' dir='ltr'>ἐστιν,</span> 
     </span>
    </p>
   </div>
   <div class='ocr_carea' id='block_1_30' title="bbox 1894 1703 3454 1786">
    <p class='ocr_par' dir='ltr' id='par_1_30' title="bbox 1894 1714 3454 1785">
     <span class='ocr_line' id='line_1_30' title="bbox 1894 1714 3454 1785; baseline 0.003 -20"><span class='ocrx_word' id='word_1_200' title='bbox 1894 1729 1977 1767; x_wconf 73' lang='grc' dir='ltr'><strong>ιυε</strong></span> <span class='ocrx_word' id='word_1_201' title='bbox 2000 1714 2429 1785; x_wconf 86' lang='lat' dir='ltr'><strong>suscipiendum;</strong></span> <span class='ocrx_word' id='word_1_202' title='bbox 2450 1725 2504 1770; x_wconf 91' lang='lat' dir='ltr'><strong>et</strong></span> <span class='ocrx_word' id='word_1_203' title='bbox 2525 1730 2634 1770; x_wconf 91' lang='lat' dir='ltr'><strong>non</strong></span> <span class='ocrx_word' id='word_1_204' title='bbox 2656 1716 2814 1785; x_wconf 79' lang='lat'><strong>176</strong></span> <span class='ocrx_word' id='word_1_205' title='bbox 2830 1716 3003 1770; x_wconf 87' lang='lat' dir='ltr'><strong>solum</strong></span> <span class='ocrx_word' id='word_1_206' title='bbox 3025 1730 3131 1770; x_wconf 91' lang='lat' dir='ltr'><strong>non</strong></span> <span class='ocrx_word' id='word_1_207' title='bbox 3153 1726 3235 1771; x_wconf 89' lang='lat' dir='ltr'><strong>est</strong></span> <span class='ocrx_word' id='word_1_208' title='bbox 3252 1731 3282 1770; x_wconf 86' lang='lat' dir='ltr'><strong>a</strong></span> <span class='ocrx_word' id='word_1_209' title='bbox 3316 1717 3454 1770; x_wconf 88' lang='lat' dir='ltr'><strong>vitu—</strong></span> 
     </span>
    </p>
   </div>
   <div class='ocr_carea' id='block_1_31' title="bbox 201 1795 1778 1880">
    <p class='ocr_par' dir='ltr' id='par_1_31' title="bbox 201 1795 1778 1880">
     <span class='ocr_line' id='line_1_31' title="bbox 201 1795 1778 1880; baseline 0.009 -31"><span class='ocrx_word' id='word_1_210' title='bbox 201 1795 376 1879; x_wconf 72' lang='grc' dir='ltr'>ἤγουν</span> <span class='ocrx_word' id='word_1_211' title='bbox 403 1800 806 1868; x_wconf 80' lang='grc' dir='ltr'>ἀκαταιτίατον,</span> <span class='ocrx_word' id='word_1_212' title='bbox 840 1806 939 1858; x_wconf 82' lang='grc' dir='ltr'>οὐκ</span> <span class='ocrx_word' id='word_1_213' title='bbox 972 1807 1318 1876; x_wconf 81' lang='grc' dir='ltr'>ἐπιπλήξεως</span> <span class='ocrx_word' id='word_1_214' title='bbox 1362 1807 1529 1874; x_wconf 78' lang='grc' dir='ltr'>ἄξιον,</span> <span class='ocrx_word' id='word_1_215' title='bbox 1566 1800 1626 1864; x_wconf 77' lang='grc' dir='ltr'>τὸ</span> <span class='ocrx_word' id='word_1_216' title='bbox 1658 1811 1778 1880; x_wconf 84' lang='grc' dir='ltr'>κρί-</span> 
     </span>
    </p>
   </div>
   <div class='ocr_carea' id='block_1_32' title="bbox 1885 1806 3456 1876">
    <p class='ocr_par' dir='ltr' id='par_1_32' title="bbox 1885 1806 3456 1876">
     <span class='ocr_line' id='line_1_32' title="bbox 1885 1806 3456 1876; baseline -0.002 -16"><span class='ocrx_word' id='word_1_217' title='bbox 1885 1807 2158 1872; x_wconf 84' lang='lat' dir='ltr'><strong>peratione</strong></span> <span class='ocrx_word' id='word_1_218' title='bbox 2192 1814 2246 1863; x_wconf 88' lang='lat' dir='ltr'><strong>et</strong></span> <span class='ocrx_word' id='word_1_219' title='bbox 2277 1808 2617 1862; x_wconf 86' lang='lat' dir='ltr'><strong>accusatione</strong></span> <span class='ocrx_word' id='word_1_220' title='bbox 2645 1809 2898 1869; x_wconf 83' lang='lat' dir='ltr'><strong>alienum,</strong></span> <span class='ocrx_word' id='word_1_221' title='bbox 2931 1806 3346 1876; x_wconf 83' lang='lat' dir='ltr'><strong>reprehensione</strong></span> <span class='ocrx_word' id='word_1_222' title='bbox 3373 1806 3456 1858; x_wconf 89' lang='lat' dir='ltr'><strong>in-</strong></span> 
     </span>
    </p>
   </div>
   <div class='ocr_carea' id='block_1_33' title="bbox 203 1891 1784 1971">
    <p class='ocr_par' dir='ltr' id='par_1_33' title="bbox 203 1891 1775 1971">
     <span class='ocr_line' id='line_1_33' title="bbox 203 1891 1775 1971; baseline 0.009 -31"><span class='ocrx_word' id='word_1_223' title='bbox 203 1905 321 1942; x_wconf 86' lang='grc' dir='ltr'>νειν</span> <span class='ocrx_word' id='word_1_224' title='bbox 345 1891 538 1960; x_wconf 86' lang='grc' dir='ltr'>ὀρθῶς,</span> <span class='ocrx_word' id='word_1_225' title='bbox 565 1894 696 1948; x_wconf 67' lang='grc' dir='ltr'>ἀλλὰ</span> <span class='ocrx_word' id='word_1_226' title='bbox 719 1897 815 1947; x_wconf 76' lang='grc' dir='ltr'><strong>καὶ</strong></span> <span class='ocrx_word' id='word_1_227' title='bbox 854 1898 1267 1966; x_wconf 85' lang='grc' dir='ltr'>ἐπαινούμενον.</span> <span class='ocrx_word' id='word_1_228' title='bbox 1304 1898 1460 1954; x_wconf 79' lang='grc' dir='ltr'>Ούτω</span> <span class='ocrx_word' id='word_1_229' title='bbox 1505 1901 1558 1953; x_wconf 80' lang='grc' dir='ltr'>δὲ</span> <span class='ocrx_word' id='word_1_230' title='bbox 1593 1919 1775 1971; x_wconf 71' lang='grc' dir='ltr'>προοι.</span> 
     </span>
    </p>
   </div>
   <div class='ocr_carea' id='block_1_34' title="bbox 1894 1891 3457 1971">
    <p class='ocr_par' dir='ltr' id='par_1_34' title="bbox 1899 1893 3457 1971">
     <span class='ocr_line' id='line_1_34' title="bbox 1899 1893 3457 1971; baseline 0.002 -25"><span class='ocrx_word' id='word_1_231' title='bbox 1899 1899 2122 1964; x_wconf 76' lang='lat' dir='ltr'><strong>lignum,</strong></span> <span class='ocrx_word' id='word_1_232' title='bbox 2156 1910 2301 1955; x_wconf 89' lang='lat' dir='ltr'><strong>recte</strong></span> <span class='ocrx_word' id='word_1_233' title='bbox 2323 1900 2602 1971; x_wconf 80' lang='lat' dir='ltr'><strong>judicare;</strong></span> <span class='ocrx_word' id='word_1_234' title='bbox 2633 1897 2725 1954; x_wconf 90' lang='lat' dir='ltr'><strong>sed</strong></span> <span class='ocrx_word' id='word_1_235' title='bbox 2764 1899 2926 1952; x_wconf 83' lang='lat' dir='ltr'><strong>etiam</strong></span> <span class='ocrx_word' id='word_1_236' title='bbox 2962 1896 3308 1951; x_wconf 75' lang='lat' dir='ltr'><strong>laudandum.</strong></span> <span class='ocrx_word' id='word_1_237' title='bbox 3345 1893 3457 1949; x_wconf 72' lang='lat' dir='ltr'><strong>line</strong></span> 
     </span>
    </p>
   </div>
   <div class='ocr_carea' id='block_1_35' title="bbox 208 1983 1762 2059">
    <p class='ocr_par' dir='ltr' id='par_1_35' title="bbox 208 1983 1762 2059">
     <span class='ocr_line' id='line_1_35' title="bbox 208 1983 1762 2059; baseline 0.01 -27"><span class='ocrx_word' id='word_1_238' title='bbox 208 1983 545 2049; x_wconf 85' lang='grc' dir='ltr'>μιασάμενος</span> <span class='ocrx_word' id='word_1_239' title='bbox 570 1986 731 2056; x_wconf 76' lang='grc' dir='ltr'>φησὶν</span> <span class='ocrx_word' id='word_1_240' title='bbox 759 1989 840 2041; x_wconf 82' lang='grc' dir='ltr'><strong>δτι</strong></span> <span class='ocrx_word' id='word_1_241' title='bbox 859 1988 1043 2043; x_wconf 76' lang='grc' dir='ltr'>Ταῦτα</span> <span class='ocrx_word' id='word_1_242' title='bbox 1073 1990 1288 2059; x_wconf 73' lang='grc' dir='ltr'>γράφω,</span> <span class='ocrx_word' id='word_1_243' title='bbox 1306 1992 1386 2045; x_wconf 84' lang='grc' dir='ltr'><strong>ὅτι</strong></span> <span class='ocrx_word' id='word_1_244' title='bbox 1419 1993 1481 2045; x_wconf 76' lang='grc' dir='ltr'><strong>σὺ</strong></span> <span class='ocrx_word' id='word_1_245' title='bbox 1517 1993 1762 2047; x_wconf 77' lang='grc' dir='ltr'>ἐπέστει-</span> 
     </span>
    </p>
   </div>
   <div class='ocr_carea' id='block_1_36' title="bbox 201 2072 1780 2153">
    <p class='ocr_par' dir='ltr' id='par_1_36' title="bbox 201 2072 1780 2153">
     <span class='ocr_line' id='line_1_36' title="bbox 201 2072 1780 2153; baseline 0.007 -28"><span class='ocrx_word' id='word_1_246' title='bbox 201 2072 306 2132; x_wconf 79' lang='grc' dir='ltr'><strong>λας</strong></span> <span class='ocrx_word' id='word_1_247' title='bbox 331 2076 461 2143; x_wconf 77' lang='grc' dir='ltr'>ἡμῖν</span> <span class='ocrx_word' id='word_1_248' title='bbox 487 2077 576 2129; x_wconf 81' lang='grc' dir='ltr'><strong>τὸν</strong></span> <span class='ocrx_word' id='word_1_249' title='bbox 613 2078 1008 2133; x_wconf 72' lang='grc' dir='ltr'>εὐλαϐέστατον</span> <span class='ocrx_word' id='word_1_250' title='bbox 1068 2084 1436 2153; x_wconf 77' lang='grc' dir='ltr'>πρεσϐύτερον</span> <span class='ocrx_word' id='word_1_251' title='bbox 1484 2085 1780 2138; x_wconf 83' lang='grc' dir='ltr'>ἐπίσκοπον</span> 
     </span>
    </p>
   </div>
   <div class='ocr_carea' id='block_1_37' title="bbox 203 2165 1783 2243">
    <p class='ocr_par' dir='ltr' id='par_1_37' title="bbox 203 2165 1783 2243">
     <span class='ocr_line' id='line_1_37' title="bbox 203 2165 1783 2243; baseline 0.009 -28"><span class='ocrx_word' id='word_1_252' title='bbox 203 2165 480 2234; x_wconf 66' lang='grc' dir='ltr'>ὀνομάσας</span> <span class='ocrx_word' id='word_1_253' title='bbox 502 2186 514 2199; x_wconf 89' lang='grc'><strong>·</strong></span> <span class='ocrx_word' id='word_1_254' title='bbox 545 2171 637 2223; x_wconf 74' lang='grc' dir='ltr'><strong>καὶ</strong></span> <span class='ocrx_word' id='word_1_255' title='bbox 667 2171 837 2226; x_wconf 82' lang='grc' dir='ltr'>ταῦτα</span> <span class='ocrx_word' id='word_1_256' title='bbox 885 2173 1052 2227; x_wconf 79' lang='grc' dir='ltr'><strong>αύτοῦ</strong></span> <span class='ocrx_word' id='word_1_257' title='bbox 1083 2175 1382 2241; x_wconf 80' lang='grc' dir='ltr'>κλαίοντος,</span> <span class='ocrx_word' id='word_1_258' title='bbox 1415 2178 1506 2230; x_wconf 72' lang='grc' dir='ltr'>καὶ</span> <span class='ocrx_word' id='word_1_259' title='bbox 1535 2176 1783 2243; x_wconf 80' lang='grc' dir='ltr'>λέγοντος</span> 
     </span>
    </p>
   </div>
   <div class='ocr_carea' id='block_1_38' title="bbox 205 2258 1780 2338">
    <p class='ocr_par' dir='ltr' id='par_1_38' title="bbox 205 2258 1780 2338">
     <span class='ocr_line' id='line_1_38' title="bbox 205 2258 1780 2338; baseline 0.008 -30"><span class='ocrx_word' id='word_1_260' title='bbox 205 2258 531 2326; x_wconf 72' lang='grc' dir='ltr'>κεκινῆσθαι</span> <span class='ocrx_word' id='word_1_261' title='bbox 571 2263 668 2330; x_wconf 87' lang='grc' dir='ltr'><strong>τῆς</strong></span> <span class='ocrx_word' id='word_1_262' title='bbox 699 2265 1030 2334; x_wconf 79' lang='grc' dir='ltr'>νεμηθείσης</span> <span class='ocrx_word' id='word_1_263' title='bbox 1082 2267 1228 2338; x_wconf 87' lang='grc' dir='ltr'>αύτῷ</span> <span class='ocrx_word' id='word_1_264' title='bbox 1262 2268 1578 2337; x_wconf 81' lang='grc' dir='ltr'>ἐκκλησίας,</span> <span class='ocrx_word' id='word_1_265' title='bbox 1612 2271 1780 2338; x_wconf 65' lang='grc' dir='ltr'><strong>1ίξγουν</strong></span> 
     </span>
    </p>
   </div>
   <div class='ocr_carea' id='block_1_39' title="bbox 206 2350 1783 2429">
    <p class='ocr_par' dir='ltr' id='par_1_39' title="bbox 206 2350 1783 2429">
     <span class='ocr_line' id='line_1_39' title="bbox 206 2350 1783 2429; baseline 0.008 -29"><span class='ocrx_word' id='word_1_266' title='bbox 206 2350 572 2419; x_wconf 79' lang='grc' dir='ltr'>ἐκδεδ).ῆσθαι</span> <span class='ocrx_word' id='word_1_267' title='bbox 601 2353 699 2423; x_wconf 81' lang='grc' dir='ltr'><strong>τῆς</strong></span> <span class='ocrx_word' id='word_1_268' title='bbox 736 2357 982 2425; x_wconf 81' lang='grc' dir='ltr'>δ,θείσης</span> <span class='ocrx_word' id='word_1_269' title='bbox 1010 2359 1157 2428; x_wconf 86' lang='grc' dir='ltr'>αύτῷ</span> <span class='ocrx_word' id='word_1_270' title='bbox 1204 2360 1527 2429; x_wconf 86' lang='grc' dir='ltr'>ἐπισκοπῆς.</span> <span class='ocrx_word' id='word_1_271' title='bbox 1564 2356 1670 2414; x_wconf 85' lang='grc' dir='ltr'>Ἦν</span> <span class='ocrx_word' id='word_1_272' title='bbox 1727 2361 1783 2413; x_wconf 76' lang='grc' dir='ltr'>δὲ</span> 
     </span>
    </p>
   </div>
   <div class='ocr_carea' id='block_1_40' title="bbox 205 2439 1782 2520">
    <p class='ocr_par' dir='ltr' id='par_1_40' title="bbox 205 2439 1782 2520">
     <span class='ocr_line' id='line_1_40' title="bbox 205 2439 1782 2520; baseline 0.009 -30"><span class='ocrx_word' id='word_1_273' title='bbox 205 2439 502 2493; x_wconf 81' lang='grc' dir='ltr'>ἀκόλουθον</span> <span class='ocrx_word' id='word_1_274' title='bbox 532 2443 563 2512; x_wconf 85' lang='grc' dir='ltr'>ἦ</span> <span class='ocrx_word' id='word_1_275' title='bbox 593 2448 684 2498; x_wconf 73' lang='grc' dir='ltr'><strong>καὶ</strong></span> <span class='ocrx_word' id='word_1_276' title='bbox 710 2446 769 2497; x_wconf 80' lang='grc' dir='ltr'><strong>τὸ</strong></span> <span class='ocrx_word' id='word_1_277' title='bbox 790 2447 960 2516; x_wconf 76' lang='grc' dir='ltr'>ὄνομα</span> <span class='ocrx_word' id='word_1_278' title='bbox 991 2449 1084 2502; x_wconf 72' lang='grc' dir='ltr'>τοῦ</span> <span class='ocrx_word' id='word_1_279' title='bbox 1114 2450 1414 2504; x_wconf 78' lang='grc' dir='ltr'>ἐπισκόπου</span> <span class='ocrx_word' id='word_1_280' title='bbox 1444 2450 1590 2520; x_wconf 79' lang='grc' dir='ltr'>ἔχειν</span> <span class='ocrx_word' id='word_1_281' title='bbox 1622 2451 1782 2504; x_wconf 75' lang='grc' dir='ltr'>αὐτὸν</span> 
     </span>
    </p>
   </div>
   <div class='ocr_carea' id='block_1_41' title="bbox 207 2527 1782 2614">
    <p class='ocr_par' dir='ltr' id='par_1_41' title="bbox 207 2527 1782 2614">
     <span class='ocr_line' id='line_1_41' title="bbox 207 2527 1782 2614; baseline 0.013 -37"><span class='ocrx_word' id='word_1_282' title='bbox 207 2527 309 2579; x_wconf 73' lang='grc' dir='ltr'>καὶ</span> <span class='ocrx_word' id='word_1_283' title='bbox 352 2531 410 2581; x_wconf 81' lang='grc' dir='ltr'>τὸ</span> <span class='ocrx_word' id='word_1_284' title='bbox 440 2534 692 2602; x_wconf 76' lang='grc' dir='ltr'>πρᾶγμα,</span> <span class='ocrx_word' id='word_1_285' title='bbox 726 2537 893 2605; x_wconf 77' lang='grc' dir='ltr'>ῆγουν</span> <span class='ocrx_word' id='word_1_286' title='bbox 920 2544 1018 2610; x_wconf 79' lang='grc' dir='ltr'><strong>την</strong></span> <span class='ocrx_word' id='word_1_287' title='bbox 1058 2542 1360 2612; x_wconf 81' lang='grc' dir='ltr'>ἐπισκοπὴν</span> <span class='ocrx_word' id='word_1_288' title='bbox 1391 2544 1484 2597; x_wconf 70' lang='grc' dir='ltr'><strong>καὶ</strong></span> <span class='ocrx_word' id='word_1_289' title='bbox 1509 2543 1608 2612; x_wconf 82' lang='grc' dir='ltr'>τὴν</span> <span class='ocrx_word' id='word_1_290' title='bbox 1634 2545 1782 2614; x_wconf 78' lang='grc' dir='ltr'>ἐνέρ-</span> 
     </span>
    </p>
   </div>
   <div class='ocr_carea' id='block_1_42' title="bbox 209 2622 1781 2702">
    <p class='ocr_par' dir='ltr' id='par_1_42' title="bbox 209 2622 1781 2702">
     <span class='ocr_line' id='line_1_42' title="bbox 209 2622 1781 2702; baseline 0.011 -33"><span class='ocrx_word' id='word_1_291' title='bbox 209 2634 370 2684; x_wconf 84' lang='grc' dir='ltr'>γειαν</span> <span class='ocrx_word' id='word_1_292' title='bbox 399 2622 490 2673; x_wconf 85' lang='grc' dir='ltr'>τοῦ</span> <span class='ocrx_word' id='word_1_293' title='bbox 527 2625 822 2680; x_wconf 68' lang='grc' dir='ltr'>ἐπισκίπου</span> <span class='ocrx_word' id='word_1_294' title='bbox 847 2644 859 2659; x_wconf 87' lang='grc'><strong>·</strong></span> <span class='ocrx_word' id='word_1_295' title='bbox 893 2629 924 2699; x_wconf 78' lang='grc' dir='ltr'>ἢ</span> <span class='ocrx_word' id='word_1_296' title='bbox 962 2631 1009 2683; x_wconf 86' lang='grc' dir='ltr'><strong>εί</strong></span> <span class='ocrx_word' id='word_1_297' title='bbox 1039 2631 1113 2702; x_wconf 83' lang='grc' dir='ltr'>μὴ</span> <span class='ocrx_word' id='word_1_298' title='bbox 1145 2628 1210 2701; x_wconf 79' lang='grc' dir='ltr'>ἦν</span> <span class='ocrx_word' id='word_1_299' title='bbox 1243 2633 1392 2696; x_wconf 78' lang='grc' dir='ltr'>ἄξιος</span> <span class='ocrx_word' id='word_1_300' title='bbox 1425 2634 1781 2702; x_wconf 75' lang='grc' dir='ltr'>προΐστασθαι</span> 
     </span>
    </p>
   </div>
   <div class='ocr_carea' id='block_1_43' title="bbox 213 2706 1783 2788">
    <p class='ocr_par' dir='ltr' id='par_1_43' title="bbox 213 2706 1783 2788">
     <span class='ocr_line' id='line_1_43' title="bbox 213 2706 1783 2788; baseline 0.01 -29"><span class='ocrx_word' id='word_1_301' title='bbox 213 2706 623 2782; x_wconf 70' lang='grc' dir='ltr'>θυσιαστηρίου,</span> <span class='ocrx_word' id='word_1_302' title='bbox 651 2716 787 2786; x_wconf 87' lang='grc' dir='ltr'>μηδὲ</span> <span class='ocrx_word' id='word_1_303' title='bbox 829 2718 1126 2772; x_wconf 81' lang='grc' dir='ltr'>ἐπίσκοπον</span> <span class='ocrx_word' id='word_1_304' title='bbox 1161 2721 1429 2788; x_wconf 84' lang='grc' dir='ltr'>λέγεσθαι.</span> <span class='ocrx_word' id='word_1_305' title='bbox 1489 2721 1627 2774; x_wconf 84' lang='grc' dir='ltr'>Ἀλλ’</span> <span class='ocrx_word' id='word_1_306' title='bbox 1653 2723 1783 2788; x_wconf 74' lang='grc' dir='ltr'>ἴσως</span> 
     </span>
    </p>
   </div>
   <div class='ocr_carea' id='block_1_44' title="bbox 211 2799 1784 2885">
    <p class='ocr_par' dir='ltr' id='par_1_44' title="bbox 211 2799 1784 2885">
     <span class='ocr_line' id='line_1_44' title="bbox 211 2799 1784 2885; baseline 0.01 -33"><span class='ocrx_word' id='word_1_307' title='bbox 211 2799 375 2855; x_wconf 79' lang='grc' dir='ltr'>τοῦτο</span> <span class='ocrx_word' id='word_1_308' title='bbox 413 2804 470 2856; x_wconf 78' lang='grc' dir='ltr'><strong>τδ</strong></span> <span class='ocrx_word' id='word_1_309' title='bbox 509 2805 796 2877; x_wconf 84' lang='grc' dir='ltr'>λεγόμενον</span> <span class='ocrx_word' id='word_1_310' title='bbox 855 2810 919 2864; x_wconf 80' lang='grc' dir='ltr'>ἄν</span> <span class='ocrx_word' id='word_1_311' title='bbox 962 2829 1044 2864; x_wconf 84' lang='grc' dir='ltr'><strong>σοι</strong></span> <span class='ocrx_word' id='word_1_312' title='bbox 1092 2813 1216 2884; x_wconf 79' lang='grc' dir='ltr'>δόξῃ</span> <span class='ocrx_word' id='word_1_313' title='bbox 1250 2813 1504 2885; x_wconf 78' lang='grc' dir='ltr'>σκληρὸν,</span> <span class='ocrx_word' id='word_1_314' title='bbox 1549 2814 1705 2883; x_wconf 77' lang='grc' dir='ltr'>κάγὼ</span> <span class='ocrx_word' id='word_1_315' title='bbox 1757 2817 1784 2868; x_wconf 84' lang='grc' dir='ltr'>ὁ</span> 
     </span>
    </p>
   </div>
   <div class='ocr_carea' id='block_1_45' title="bbox 210 2891 1783 2978">
    <p class='ocr_par' dir='ltr' id='par_1_45' title="bbox 210 2891 1783 2978">
     <span class='ocr_line' id='line_1_45' title="bbox 210 2891 1783 2978; baseline 0.011 -34"><span class='ocrx_word' id='word_1_316' title='bbox 210 2891 390 2962; x_wconf 71' lang='grc' dir='ltr'>λέγων</span> <span class='ocrx_word' id='word_1_317' title='bbox 415 2897 543 2950; x_wconf 78' lang='grc' dir='ltr'><strong>αύτό</strong></span> <span class='ocrx_word' id='word_1_318' title='bbox 570 2900 928 2976; x_wconf 71' lang='grc' dir='ltr'>ἁφιλάλληλος</span> <span class='ocrx_word' id='word_1_319' title='bbox 945 2923 956 2935; x_wconf 88' lang='grc'><strong>·</strong></span> <span class='ocrx_word' id='word_1_320' title='bbox 993 2905 1090 2957; x_wconf 78' lang='grc' dir='ltr'><strong>οὐκ</strong></span> <span class='ocrx_word' id='word_1_321' title='bbox 1120 2906 1233 2958; x_wconf 77' lang='grc' dir='ltr'>ἐστι</span> <span class='ocrx_word' id='word_1_322' title='bbox 1259 2907 1312 2959; x_wconf 83' lang='grc' dir='ltr'><strong>δέ</strong></span> <span class='ocrx_word' id='word_1_323' title='bbox 1338 2907 1514 2962; x_wconf 76' lang='grc' dir='ltr'>τοῦτο.</span> <span class='ocrx_word' id='word_1_324' title='bbox 1534 2907 1783 2978; x_wconf 79' lang='grc' dir='ltr'>Ἐλεῆσαι</span> 
     </span>
    </p>
   </div>
   <div class='ocr_carea' id='block_1_46' title="bbox 213 2984 1781 3068">
    <p class='ocr_par' dir='ltr' id='par_1_46' title="bbox 213 2984 1781 3068">
     <span class='ocr_line' id='line_1_46' title="bbox 213 2984 1781 3068; baseline 0.01 -32"><span class='ocrx_word' id='word_1_325' title='bbox 213 2984 362 3054; x_wconf 79' lang='grc' dir='ltr'>τάχα</span> <span class='ocrx_word' id='word_1_326' title='bbox 383 3005 484 3040; x_wconf 86' lang='grc' dir='ltr'><strong>που</strong></span> <span class='ocrx_word' id='word_1_327' title='bbox 518 2992 816 3062; x_wconf 78' lang='grc' dir='ltr'>νομίζομεν</span> <span class='ocrx_word' id='word_1_328' title='bbox 847 2996 938 3048; x_wconf 84' lang='grc' dir='ltr'><strong>τὸν</strong></span> <span class='ocrx_word' id='word_1_329' title='bbox 975 2997 1310 3068; x_wconf 76' lang='grc' dir='ltr'>πρεσϐύτην.</span> <span class='ocrx_word' id='word_1_330' title='bbox 1341 2999 1560 3066; x_wconf 80' lang='grc' dir='ltr'>Είσάγει</span> <span class='ocrx_word' id='word_1_331' title='bbox 1593 2999 1651 3053; x_wconf 85' lang='grc' dir='ltr'><strong>δέ</strong></span> <span class='ocrx_word' id='word_1_332' title='bbox 1693 3003 1781 3052; x_wconf 86' lang='grc' dir='ltr'>ἐν-</span> 
     </span>
    </p>
   </div>
   <div class='ocr_carea' id='block_1_47' title="bbox 211 3076 1778 3159">
    <p class='ocr_par' dir='ltr' id='par_1_47' title="bbox 211 3076 1778 3159">
     <span class='ocr_line' id='line_1_47' title="bbox 211 3076 1778 3159; baseline 0.01 -30"><span class='ocrx_word' id='word_1_333' title='bbox 211 3076 391 3131; x_wconf 71' lang='grc' dir='ltr'>ταῦθα</span> <span class='ocrx_word' id='word_1_334' title='bbox 410 3079 498 3134; x_wconf 78' lang='grc' dir='ltr'><strong>τὸν</strong></span> <span class='ocrx_word' id='word_1_335' title='bbox 523 3080 684 3150; x_wconf 85' lang='grc' dir='ltr'>λόγον</span> <span class='ocrx_word' id='word_1_336' title='bbox 706 3085 1100 3154; x_wconf 74' lang='grc' dir='ltr'>πληθυντικῶς,</span> <span class='ocrx_word' id='word_1_337' title='bbox 1121 3089 1309 3159; x_wconf 83' lang='grc' dir='ltr'>ὥσπερ</span> <span class='ocrx_word' id='word_1_338' title='bbox 1339 3090 1431 3142; x_wconf 75' lang='grc' dir='ltr'><strong>καὶ</strong></span> <span class='ocrx_word' id='word_1_339' title='bbox 1460 3089 1589 3157; x_wconf 77' lang='grc' dir='ltr'>περὶ</span> <span class='ocrx_word' id='word_1_340' title='bbox 1614 3091 1778 3144; x_wconf 78' lang='grc' dir='ltr'>αὐτοῦ</span> 
     </span>
    </p>
   </div>
   <div class='ocr_carea' id='block_1_48' title="bbox 212 3167 1778 3251">
    <p class='ocr_par' dir='ltr' id='par_1_48' title="bbox 212 3167 1778 3251">
     <span class='ocr_line' id='line_1_48' title="bbox 212 3167 1778 3251; baseline 0.012 -33"><span class='ocrx_word' id='word_1_341' title='bbox 212 3167 393 3234; x_wconf 76' lang='grc' dir='ltr'>λέγων</span> <span class='ocrx_word' id='word_1_342' title='bbox 420 3168 454 3224; x_wconf 71' lang='grc' dir='ltr'>ἃ</span> <span class='ocrx_word' id='word_1_343' title='bbox 490 3170 658 3239; x_wconf 78' lang='grc' dir='ltr'>λέγει,</span> <span class='ocrx_word' id='word_1_344' title='bbox 686 3175 770 3227; x_wconf 81' lang='grc' dir='ltr'><strong>ἵνα</strong></span> <span class='ocrx_word' id='word_1_345' title='bbox 800 3177 1265 3250; x_wconf 82' lang='grc' dir='ltr'>ἀνεπαχθέστερος</span> <span class='ocrx_word' id='word_1_346' title='bbox 1316 3179 1488 3244; x_wconf 79' lang='grc' dir='ltr'>οὕτως</span> <span class='ocrx_word' id='word_1_347' title='bbox 1519 3181 1600 3251; x_wconf 70' lang='grc' dir='ltr'>εἴη</span> <span class='ocrx_word' id='word_1_348' title='bbox 1635 3183 1659 3236; x_wconf 88' lang='grc' dir='ltr'><strong>δ</strong></span> <span class='ocrx_word' id='word_1_349' title='bbox 1690 3183 1778 3236; x_wconf 86' lang='grc' dir='ltr'>λό-</span> 
     </span>
    </p>
   </div>
   <div class='ocr_carea' id='block_1_49' title="bbox 1889 1987 3457 2060">
    <p class='ocr_par' dir='ltr' id='par_1_49' title="bbox 1889 1987 3457 2060">
     <span class='ocr_line' id='line_1_49' title="bbox 1889 1987 3457 2060; baseline -0.001 -19"><span class='ocrx_word' id='word_1_350' title='bbox 1889 2006 2015 2042; x_wconf 84' lang='lat' dir='ltr'><strong>usus</strong></span> <span class='ocrx_word' id='word_1_351' title='bbox 2045 1993 2307 2058; x_wconf 68' lang='lat' dir='ltr'><strong>prommio</strong></span> <span class='ocrx_word' id='word_1_352' title='bbox 2332 1993 2462 2048; x_wconf 87' lang='lat' dir='ltr'><strong>dicit</strong></span> <span class='ocrx_word' id='word_1_353' title='bbox 2487 2012 2500 2048; x_wconf 90' lang='lat'><strong>:</strong></span> <span class='ocrx_word' id='word_1_354' title='bbox 2525 1992 2649 2047; x_wconf 76' lang='lat' dir='ltr'><strong>llaec</strong></span> <span class='ocrx_word' id='word_1_355' title='bbox 2671 1991 2870 2054; x_wconf 84' lang='lat' dir='ltr'><strong>scribo.</strong></span> <span class='ocrx_word' id='word_1_356' title='bbox 2895 1991 3017 2060; x_wconf 85' lang='lat' dir='ltr'><strong>quia</strong></span> <span class='ocrx_word' id='word_1_357' title='bbox 3051 1999 3104 2044; x_wconf 90' lang='lat' dir='ltr'><strong>tu</strong></span> <span class='ocrx_word' id='word_1_358' title='bbox 3138 1989 3202 2043; x_wconf 87' lang='lat' dir='ltr'><strong>ad</strong></span> <span class='ocrx_word' id='word_1_359' title='bbox 3227 1997 3329 2043; x_wconf 76' lang='lat' dir='ltr'><strong>“nos</strong></span> <span class='ocrx_word' id='word_1_360' title='bbox 3359 1987 3457 2040; x_wconf 58' lang='lat' dir='ltr'><strong>mia</strong></span> 
     </span>
    </p>
   </div>
   <div class='ocr_carea' id='block_1_50' title="bbox 1884 2083 3458 2154">
    <p class='ocr_par' dir='ltr' id='par_1_50' title="bbox 1884 2083 3458 2154">
     <span class='ocr_line' id='line_1_50' title="bbox 1884 2083 3458 2154; baseline -0.001 -20"><span class='ocrx_word' id='word_1_361' title='bbox 1884 2083 2041 2145; x_wconf 73' lang='lat' dir='ltr'><strong>sisti,</strong></span> <span class='ocrx_word' id='word_1_362' title='bbox 2077 2084 2538 2153; x_wconf 71' lang='lat' dir='ltr'><strong>religiosissimum</strong></span> <span class='ocrx_word' id='word_1_363' title='bbox 2594 2085 2966 2154; x_wconf 84' lang='lat' dir='ltr'><strong>presbyterum</strong></span> <span class='ocrx_word' id='word_1_364' title='bbox 3013 2085 3321 2152; x_wconf 77' lang='lat' dir='ltr'><strong>episcopum</strong></span> <span class='ocrx_word' id='word_1_365' title='bbox 3359 2097 3458 2134; x_wconf 82' lang='lat' dir='ltr'><strong>no-</strong></span> 
     </span>
    </p>
   </div>
   <div class='ocr_carea' id='block_1_51' title="bbox 1886 2175 3458 2245">
    <p class='ocr_par' dir='ltr' id='par_1_51' title="bbox 1886 2175 3458 2245">
     <span class='ocr_line' id='line_1_51' title="bbox 1886 2175 3458 2245; baseline 0.001 -19"><span class='ocrx_word' id='word_1_366' title='bbox 1886 2176 2096 2230; x_wconf 81' lang='lat' dir='ltr'><strong>minans</strong></span> <span class='ocrx_word' id='word_1_367' title='bbox 2123 2192 2136 2229; x_wconf 90' lang='lat'><strong>:</strong></span> <span class='ocrx_word' id='word_1_368' title='bbox 2165 2191 2286 2230; x_wconf 91' lang='lat' dir='ltr'><strong>cum</strong></span> <span class='ocrx_word' id='word_1_369' title='bbox 2313 2178 2425 2245; x_wconf 90' lang='lat' dir='ltr'><strong>ipse</strong></span> <span class='ocrx_word' id='word_1_370' title='bbox 2445 2177 2659 2230; x_wconf 87' lang='lat' dir='ltr'><strong>interim</strong></span> <span class='ocrx_word' id='word_1_371' title='bbox 2703 2175 2913 2237; x_wconf 84' lang='lat' dir='ltr'><strong>delicat,</strong></span> <span class='ocrx_word' id='word_1_372' title='bbox 2941 2186 2995 2230; x_wconf 85' lang='lat' dir='ltr'><strong>et</strong></span> <span class='ocrx_word' id='word_1_373' title='bbox 3025 2175 3164 2229; x_wconf 83' lang='lat' dir='ltr'><strong>dicat</strong></span> <span class='ocrx_word' id='word_1_374' title='bbox 3192 2190 3248 2228; x_wconf 92' lang='lat' dir='ltr'><strong>se</strong></span> <span class='ocrx_word' id='word_1_375' title='bbox 3279 2189 3306 2225; x_wconf 89' lang='lat' dir='ltr'><strong>a</strong></span> <span class='ocrx_word' id='word_1_376' title='bbox 3338 2185 3458 2239; x_wconf 77' lang='lat' dir='ltr'><strong>pos-</strong></span> 
     </span>
    </p>
   </div>
   <div class='ocr_carea' id='block_1_52' title="bbox 1885 2265 3458 2337">
    <p class='ocr_par' dir='ltr' id='par_1_52' title="bbox 1885 2265 3458 2337">
     <span class='ocr_line' id='line_1_52' title="bbox 1885 2265 3458 2337; baseline -0.003 -16"><span class='ocrx_word' id='word_1_377' title='bbox 1885 2282 2028 2321; x_wconf 71' lang='lat' dir='ltr'><strong>sessa</strong></span> <span class='ocrx_word' id='word_1_378' title='bbox 2064 2267 2164 2321; x_wconf 85' lang='lat' dir='ltr'><strong>sibi</strong></span> <span class='ocrx_word' id='word_1_379' title='bbox 2194 2268 2416 2322; x_wconf 87' lang='lat' dir='ltr'><strong>ecclesia</strong></span> <span class='ocrx_word' id='word_1_380' title='bbox 2448 2268 2678 2337; x_wconf 88' lang='lat' dir='ltr'><strong>ejectum</strong></span> <span class='ocrx_word' id='word_1_381' title='bbox 2721 2281 2860 2329; x_wconf 85' lang='lat' dir='ltr'><strong>esse,</strong></span> <span class='ocrx_word' id='word_1_382' title='bbox 2886 2281 2979 2320; x_wconf 88' lang='lat' dir='ltr'><strong>seu</strong></span> <span class='ocrx_word' id='word_1_383' title='bbox 3017 2282 3042 2317; x_wconf 92' lang='lat' dir='ltr'><strong>a</strong></span> <span class='ocrx_word' id='word_1_384' title='bbox 3073 2265 3175 2319; x_wconf 87' lang='lat' dir='ltr'><strong>sibi</strong></span> <span class='ocrx_word' id='word_1_385' title='bbox 3198 2265 3320 2318; x_wconf 90' lang='lat' dir='ltr'><strong>dato</strong></span> <span class='ocrx_word' id='word_1_386' title='bbox 3342 2265 3458 2333; x_wconf 81' lang='lat' dir='ltr'><strong>epi-</strong></span> 
     </span>
    </p>
   </div>
   <div class='ocr_carea' id='block_1_53' title="bbox 1883 2361 3460 2429">
    <p class='ocr_par' dir='ltr' id='par_1_53' title="bbox 1883 2361 3460 2429">
     <span class='ocr_line' id='line_1_53' title="bbox 1883 2361 3460 2429; baseline -0.003 -15"><span class='ocrx_word' id='word_1_387' title='bbox 1883 2368 2105 2428; x_wconf 66' lang='lat' dir='ltr'><strong>scopatu</strong></span> <span class='ocrx_word' id='word_1_388' title='bbox 2153 2361 2458 2429; x_wconf 79' lang='lat' dir='ltr'><strong>expulsum.</strong></span> <span class='ocrx_word' id='word_1_389' title='bbox 2511 2361 2637 2414; x_wconf 83' lang='lat' dir='ltr'><strong>Erat</strong></span> <span class='ocrx_word' id='word_1_390' title='bbox 2671 2367 2848 2415; x_wconf 85' lang='lat' dir='ltr'><strong>autem</strong></span> <span class='ocrx_word' id='word_1_391' title='bbox 2905 2367 3347 2423; x_wconf 74' lang='lat' dir='ltr'><strong>consentaneum,</strong></span> <span class='ocrx_word' id='word_1_392' title='bbox 3401 2368 3460 2411; x_wconf 90' lang='lat' dir='ltr'><strong>ut</strong></span> 
     </span>
    </p>
   </div>
   <div class='ocr_carea' id='block_1_54' title="bbox 1885 2452 3458 2522">
    <p class='ocr_par' dir='ltr' id='par_1_54' title="bbox 1885 2452 3458 2522">
     <span class='ocr_line' id='line_1_54' title="bbox 1885 2452 3458 2522; baseline -0.004 -15"><span class='ocrx_word' id='word_1_393' title='bbox 1885 2452 1965 2508; x_wconf 75' lang='lat' dir='ltr'><strong>vel</strong></span> <span class='ocrx_word' id='word_1_394' title='bbox 1997 2468 2194 2507; x_wconf 89' lang='lat' dir='ltr'><strong>nomen</strong></span> <span class='ocrx_word' id='word_1_395' title='bbox 2229 2453 2452 2508; x_wconf 80' lang='lat' dir='ltr'><strong>haberet</strong></span> <span class='ocrx_word' id='word_1_396' title='bbox 2483 2454 2740 2522; x_wconf 83' lang='lat' dir='ltr'><strong>episcopi,</strong></span> <span class='ocrx_word' id='word_1_397' title='bbox 2777 2462 2829 2508; x_wconf 92' lang='lat' dir='ltr'><strong>et</strong></span> <span class='ocrx_word' id='word_1_398' title='bbox 2871 2468 3002 2514; x_wconf 88' lang='lat' dir='ltr'><strong>rem,</strong></span> <span class='ocrx_word' id='word_1_399' title='bbox 3035 2468 3128 2506; x_wconf 89' lang='lat' dir='ltr'><strong>seu</strong></span> <span class='ocrx_word' id='word_1_400' title='bbox 3179 2452 3458 2518; x_wconf 80' lang='lat' dir='ltr'><strong>episcopa-</strong></span> 
     </span>
    </p>
   </div>
   <div class='ocr_carea' id='block_1_55' title="bbox 1887 2540 3458 2613">
    <p class='ocr_par' dir='ltr' id='par_1_55' title="bbox 1887 2540 3458 2613">
     <span class='ocr_line' id='line_1_55' title="bbox 1887 2540 3458 2613; baseline -0.002 -17"><span class='ocrx_word' id='word_1_401' title='bbox 1887 2552 1997 2598; x_wconf 89' lang='lat' dir='ltr'><strong>tum</strong></span> <span class='ocrx_word' id='word_1_402' title='bbox 2029 2555 2082 2598; x_wconf 89' lang='lat' dir='ltr'><strong>et</strong></span> <span class='ocrx_word' id='word_1_403' title='bbox 2109 2544 2344 2613; x_wconf 85' lang='lat' dir='ltr'><strong>episcopi</strong></span> <span class='ocrx_word' id='word_1_404' title='bbox 2383 2561 2579 2599; x_wconf 89' lang='lat' dir='ltr'><strong>munus</strong></span> <span class='ocrx_word' id='word_1_405' title='bbox 2609 2563 2622 2598; x_wconf 89' lang='lat'><strong>:</strong></span> <span class='ocrx_word' id='word_1_406' title='bbox 2659 2545 2740 2598; x_wconf 88' lang='lat' dir='ltr'><strong>vel</strong></span> <span class='ocrx_word' id='word_1_407' title='bbox 2767 2545 2810 2599; x_wconf 90' lang='lat' dir='ltr'><strong>si</strong></span> <span class='ocrx_word' id='word_1_408' title='bbox 2843 2560 2946 2598; x_wconf 92' lang='lat' dir='ltr'><strong>non</strong></span> <span class='ocrx_word' id='word_1_409' title='bbox 2983 2552 3104 2598; x_wconf 87' lang='lat' dir='ltr'><strong>erat</strong></span> <span class='ocrx_word' id='word_1_410' title='bbox 3150 2543 3339 2608; x_wconf 85' lang='lat' dir='ltr'><strong>dignus</strong></span> <span class='ocrx_word' id='word_1_411' title='bbox 3365 2540 3458 2609; x_wconf 87' lang='lat' dir='ltr'><strong>qni</strong></span> 
     </span>
    </p>
   </div>
   <div class='ocr_carea' id='block_1_56' title="bbox 1885 2629 3461 2703">
    <p class='ocr_par' dir='ltr' id='par_1_56' title="bbox 1885 2629 3461 2703">
     <span class='ocr_line' id='line_1_56' title="bbox 1885 2629 3461 2703; baseline -0.001 -18"><span class='ocrx_word' id='word_1_412' title='bbox 1885 2633 2037 2687; x_wconf 86' lang='lat' dir='ltr'><strong>altari</strong></span> <span class='ocrx_word' id='word_1_413' title='bbox 2067 2640 2340 2701; x_wconf 67' lang='lat' dir='ltr'><strong>praeesset,</strong></span> <span class='ocrx_word' id='word_1_414' title='bbox 2363 2649 2461 2689; x_wconf 90' lang='lat' dir='ltr'><strong>nec</strong></span> <span class='ocrx_word' id='word_1_415' title='bbox 2481 2634 2766 2703; x_wconf 85' lang='lat' dir='ltr'><strong>episcOpus</strong></span> <span class='ocrx_word' id='word_1_416' title='bbox 2790 2635 3005 2702; x_wconf 86' lang='lat' dir='ltr'><strong>quidem</strong></span> <span class='ocrx_word' id='word_1_417' title='bbox 3031 2633 3321 2686; x_wconf 86' lang='lat' dir='ltr'><strong>diceretur.</strong></span> <span class='ocrx_word' id='word_1_418' title='bbox 3353 2629 3461 2684; x_wconf 87' lang='lat' dir='ltr'><strong>Sed</strong></span> 
     </span>
    </p>
   </div>
   <div class='ocr_carea' id='block_1_57' title="bbox 1885 2721 3465 2794">
    <p class='ocr_par' dir='ltr' id='par_1_57' title="bbox 1885 2721 3465 2794">
     <span class='ocr_line' id='line_1_57' title="bbox 1885 2721 3465 2794; baseline -0.002 -18"><span class='ocrx_word' id='word_1_419' title='bbox 1885 2723 2117 2778; x_wconf 65' lang='lat' dir='ltr'><strong>fortasst:</strong></span> <span class='ocrx_word' id='word_1_420' title='bbox 2139 2724 2212 2789; x_wconf 89' lang='lat' dir='ltr'><strong>id,</strong></span> <span class='ocrx_word' id='word_1_421' title='bbox 2233 2725 2376 2794; x_wconf 85' lang='lat' dir='ltr'><strong>quod</strong></span> <span class='ocrx_word' id='word_1_422' title='bbox 2409 2725 2607 2779; x_wconf 86' lang='lat' dir='ltr'><strong>dictum</strong></span> <span class='ocrx_word' id='word_1_423' title='bbox 2637 2731 2738 2791; x_wconf 89' lang='lat' dir='ltr'><strong>est,</strong></span> <span class='ocrx_word' id='word_1_424' title='bbox 2772 2724 2866 2778; x_wconf 85' lang='lat' dir='ltr'><strong>tibi</strong></span> <span class='ocrx_word' id='word_1_425' title='bbox 2899 2723 3143 2777; x_wconf 83' lang='lat' dir='ltr'><strong>videatur</strong></span> <span class='ocrx_word' id='word_1_426' title='bbox 3163 2721 3383 2787; x_wconf 84' lang='lat' dir='ltr'><strong>durum,</strong></span> <span class='ocrx_word' id='word_1_427' title='bbox 3409 2731 3465 2774; x_wconf 88' lang='lat' dir='ltr'><strong>et</strong></span> 
     </span>
    </p>
   </div>
   <div class='ocr_carea' id='block_1_58' title="bbox 1885 2811 3459 2886">
    <p class='ocr_par' dir='ltr' id='par_1_58' title="bbox 1885 2811 3459 2886">
     <span class='ocr_line' id='line_1_58' title="bbox 1885 2811 3459 2886; baseline -0.001 -19"><span class='ocrx_word' id='word_1_428' title='bbox 1885 2827 1982 2884; x_wconf 78' lang='lat' dir='ltr'><strong>ego</strong></span> <span class='ocrx_word' id='word_1_429' title='bbox 2013 2829 2245 2885; x_wconf 89' lang='lat' dir='ltr'><strong>quoque,</strong></span> <span class='ocrx_word' id='word_1_430' title='bbox 2276 2815 2364 2886; x_wconf 86' lang='lat' dir='ltr'><strong>qui</strong></span> <span class='ocrx_word' id='word_1_431' title='bbox 2392 2816 2441 2870; x_wconf 91' lang='lat' dir='ltr'><strong>id</strong></span> <span class='ocrx_word' id='word_1_432' title='bbox 2475 2816 2614 2881; x_wconf 89' lang='lat' dir='ltr'><strong>dico,</strong></span> <span class='ocrx_word' id='word_1_433' title='bbox 2649 2815 3071 2870; x_wconf 87' lang='lat' dir='ltr'><strong>immisericors:</strong></span> <span class='ocrx_word' id='word_1_434' title='bbox 3105 2814 3197 2868; x_wconf 83' lang='lat' dir='ltr'><strong>sed</strong></span> <span class='ocrx_word' id='word_1_435' title='bbox 3234 2828 3337 2866; x_wconf 92' lang='lat' dir='ltr'><strong>non</strong></span> <span class='ocrx_word' id='word_1_436' title='bbox 3387 2811 3459 2865; x_wconf 85' lang='lat' dir='ltr'><strong>ita</strong></span> 
     </span>
    </p>
   </div>
   <div class='ocr_carea' id='block_1_59' title="bbox 1883 2905 3460 2976">
    <p class='ocr_par' dir='ltr' id='par_1_59' title="bbox 1883 2905 3460 2976">
     <span class='ocr_line' id='line_1_59' title="bbox 1883 2905 3460 2976; baseline -0.001 -16"><span class='ocrx_word' id='word_1_437' title='bbox 1883 2915 1985 2960; x_wconf 88' lang='lat' dir='ltr'><strong>est.</strong></span> <span class='ocrx_word' id='word_1_438' title='bbox 2020 2905 2130 2961; x_wconf 88' lang='lat' dir='ltr'><strong>Nos</strong></span> <span class='ocrx_word' id='word_1_439' title='bbox 2153 2907 2297 2962; x_wconf 90' lang='lat' dir='ltr'><strong>enim</strong></span> <span class='ocrx_word' id='word_1_440' title='bbox 2341 2908 2486 2963; x_wconf 85' lang='lat' dir='ltr'><strong>senis</strong></span> <span class='ocrx_word' id='word_1_441' title='bbox 2527 2906 2714 2976; x_wconf 82' lang='lat' dir='ltr'><strong>utique</strong></span> <span class='ocrx_word' id='word_1_442' title='bbox 2766 2921 2868 2961; x_wconf 88' lang='lat' dir='ltr'><strong>nos</strong></span> <span class='ocrx_word' id='word_1_443' title='bbox 2896 2905 3137 2960; x_wconf 87' lang='lat' dir='ltr'><strong>misereri</strong></span> <span class='ocrx_word' id='word_1_444' title='bbox 3187 2912 3460 2970; x_wconf 82' lang='lat' dir='ltr'><strong>putamus.</strong></span> 
     </span>
    </p>
   </div>
   <div class='ocr_carea' id='block_1_60' title="bbox 1885 2994 3461 3068">
    <p class='ocr_par' dir='ltr' id='par_1_60' title="bbox 1885 2994 3461 3068">
     <span class='ocr_line' id='line_1_60' title="bbox 1885 2994 3461 3068; baseline -0.003 -18"><span class='ocrx_word' id='word_1_445' title='bbox 1885 2996 2194 3052; x_wconf 87' lang='lat' dir='ltr'><strong>OratiOnem</strong></span> <span class='ocrx_word' id='word_1_446' title='bbox 2221 3008 2400 3053; x_wconf 88' lang='lat' dir='ltr'><strong>autem</strong></span> <span class='ocrx_word' id='word_1_447' title='bbox 2430 2997 2708 3068; x_wconf 87' lang='lat' dir='ltr'><strong>pluraliter</strong></span> <span class='ocrx_word' id='word_1_448' title='bbox 2737 2995 3003 3061; x_wconf 89' lang='lat' dir='ltr'><strong>enuntiat,</strong></span> <span class='ocrx_word' id='word_1_449' title='bbox 3031 3004 3284 3062; x_wconf 83' lang='lat' dir='ltr'><strong>tanquam</strong></span> <span class='ocrx_word' id='word_1_450' title='bbox 3313 2994 3378 3046; x_wconf 89' lang='lat' dir='ltr'><strong>de</strong></span> <span class='ocrx_word' id='word_1_451' title='bbox 3401 3009 3461 3046; x_wconf 87' lang='lat' dir='ltr'><strong>se</strong></span> 
     </span>
    </p>
   </div>
   <div class='ocr_carea' id='block_1_61' title="bbox 1884 3085 3462 3159">
    <p class='ocr_par' dir='ltr' id='par_1_61' title="bbox 1884 3085 3462 3159">
     <span class='ocr_line' id='line_1_61' title="bbox 1884 3085 3462 3159; baseline -0.003 -19"><span class='ocrx_word' id='word_1_452' title='bbox 1884 3091 2000 3156; x_wconf 87' lang='lat' dir='ltr'><strong>ipso</strong></span> <span class='ocrx_word' id='word_1_453' title='bbox 2049 3099 2262 3158; x_wconf 90' lang='lat' dir='ltr'><strong>quoque</strong></span> <span class='ocrx_word' id='word_1_454' title='bbox 2305 3088 2490 3143; x_wconf 86' lang='lat' dir='ltr'><strong>dicens</strong></span> <span class='ocrx_word' id='word_1_455' title='bbox 2541 3103 2659 3157; x_wconf 66' lang='lat' dir='ltr'><strong>quae</strong></span> <span class='ocrx_word' id='word_1_456' title='bbox 2701 3087 2850 3153; x_wconf 89' lang='lat' dir='ltr'><strong>dicit,</strong></span> <span class='ocrx_word' id='word_1_457' title='bbox 2890 3097 2948 3140; x_wconf 91' lang='lat' dir='ltr'><strong>ut</strong></span> <span class='ocrx_word' id='word_1_458' title='bbox 2971 3086 3058 3159; x_wconf 44' lang='grc' dir='ltr'>,εἰσ</span> <span class='ocrx_word' id='word_1_459' title='bbox 3096 3085 3279 3138; x_wconf 85' lang='lat' dir='ltr'><strong>minus</strong></span> <span class='ocrx_word' id='word_1_460' title='bbox 3316 3095 3462 3138; x_wconf 84' lang='lat' dir='ltr'><strong>esset</strong></span> 
     </span>
    </p>
   </div>
   <div class='ocr_carea' id='block_1_62' title="bbox 1903 3173 3458 3245">
    <p class='ocr_par' dir='ltr' id='par_1_62' title="bbox 1903 3173 3458 3245">
     <span class='ocr_line' id='line_1_62' title="bbox 1903 3173 3458 3245; baseline -0.003 -17"><span class='ocrx_word' id='word_1_461' title='bbox 1903 3177 2123 3232; x_wconf 85' lang='lat' dir='ltr'><strong>molesta</strong></span> <span class='ocrx_word' id='word_1_462' title='bbox 2161 3177 2356 3238; x_wconf 85' lang='lat' dir='ltr'><strong>oratio,</strong></span> <span class='ocrx_word' id='word_1_463' title='bbox 2385 3186 2441 3231; x_wconf 90' lang='lat' dir='ltr'><strong>et</strong></span> <span class='ocrx_word' id='word_1_464' title='bbox 2472 3192 2573 3232; x_wconf 90' lang='lat' dir='ltr'><strong>non</strong></span> <span class='ocrx_word' id='word_1_465' title='bbox 2607 3176 2672 3230; x_wconf 89' lang='lat' dir='ltr'><strong>ad</strong></span> <span class='ocrx_word' id='word_1_466' title='bbox 2700 3176 2816 3245; x_wconf 89' lang='lat' dir='ltr'><strong>ejus</strong></span> <span class='ocrx_word' id='word_1_467' title='bbox 2849 3175 3019 3230; x_wconf 86' lang='lat' dir='ltr'><strong>solius</strong></span> <span class='ocrx_word' id='word_1_468' title='bbox 3049 3173 3458 3227; x_wconf 84' lang='lat' dir='ltr'><strong>insectationem</strong></span> 
     </span>
    </p>
   </div>
   <div class='ocr_carea' id='block_1_63' title="bbox 210 3252 1784 3344">
    <p class='ocr_par' dir='ltr' id='par_1_63' title="bbox 210 3262 1784 3344">
     <span class='ocr_line' id='line_1_63' title="bbox 210 3262 1784 3344; baseline 0.001 -21"><span class='ocrx_word' id='word_1_469' title='bbox 210 3276 333 3328; x_wconf 83' lang='grc' dir='ltr'>γος,</span> <span class='ocrx_word' id='word_1_470' title='bbox 363 3262 456 3316; x_wconf 77' lang='grc' dir='ltr'>καὶ</span> <span class='ocrx_word' id='word_1_471' title='bbox 493 3265 567 3336; x_wconf 69' lang='grc' dir='ltr'>μὴ</span> <span class='ocrx_word' id='word_1_472' title='bbox 593 3267 670 3328; x_wconf 87' lang='grc' dir='ltr'><strong>είς</strong></span> <span class='ocrx_word' id='word_1_473' title='bbox 701 3270 1049 3342; x_wconf 84' lang='grc' dir='ltr'>καταδρομὴν</span> <span class='ocrx_word' id='word_1_474' title='bbox 1083 3272 1247 3342; x_wconf 84' lang='grc' dir='ltr'>μόνου</span> <span class='ocrx_word' id='word_1_475' title='bbox 1282 3273 1494 3326; x_wconf 86' lang='grc' dir='ltr'>ἐκείνου</span> <span class='ocrx_word' id='word_1_476' title='bbox 1526 3275 1653 3344; x_wconf 85' lang='grc' dir='ltr'>δοκῇ</span> <span class='ocrx_word' id='word_1_477' title='bbox 1703 3275 1784 3341; x_wconf 89' lang='grc' dir='ltr'>γί-</span> 
     </span>
    </p>
   </div>
   <div class='ocr_carea' id='block_1_64' title="bbox 1894 3252 3464 3344">
    <p class='ocr_par' dir='ltr' id='par_1_64' title="bbox 1894 3262 3464 3334">
     <span class='ocr_line' id='line_1_64' title="bbox 1894 3262 3464 3334; baseline -0.003 -16"><span class='ocrx_word' id='word_1_478' title='bbox 1894 3267 2030 3320; x_wconf 85' lang='lat' dir='ltr'><strong>facta</strong></span> <span class='ocrx_word' id='word_1_479' title='bbox 2065 3281 2183 3322; x_wconf 88' lang='lat' dir='ltr'><strong>esse</strong></span> <span class='ocrx_word' id='word_1_480' title='bbox 2208 3267 2501 3322; x_wconf 82' lang='lat' dir='ltr'><strong>videretur.</strong></span> <span class='ocrx_word' id='word_1_481' title='bbox 2535 3267 2602 3320; x_wconf 90' lang='lat' dir='ltr'><strong>Et</strong></span> <span class='ocrx_word' id='word_1_482' title='bbox 2633 3266 2786 3320; x_wconf 91' lang='lat' dir='ltr'><strong>nobis</strong></span> <span class='ocrx_word' id='word_1_483' title='bbox 2813 3264 2982 3334; x_wconf 86' lang='lat' dir='ltr'><strong>ipsius</strong></span> <span class='ocrx_word' id='word_1_484' title='bbox 3007 3263 3167 3318; x_wconf 88' lang='lat' dir='ltr'><strong>veluti</strong></span> <span class='ocrx_word' id='word_1_485' title='bbox 3202 3262 3464 3316; x_wconf 83' lang='lat' dir='ltr'><strong>miseran-</strong></span> 
     </span>
    </p>
   </div>
   <div class='ocr_carea' id='block_1_65' title="bbox 213 3354 1786 3437">
    <p class='ocr_par' dir='ltr' id='par_1_65' title="bbox 213 3354 1786 3437">
     <span class='ocr_line' id='line_1_65' title="bbox 213 3354 1786 3437; baseline 0.011 -32"><span class='ocrx_word' id='word_1_486' title='bbox 213 3354 425 3409; x_wconf 84' lang='grc' dir='ltr'>νεσθαι.</span> <span class='ocrx_word' id='word_1_487' title='bbox 462 3359 569 3410; x_wconf 78' lang='grc' dir='ltr'><strong>Καὶ</strong></span> <span class='ocrx_word' id='word_1_488' title='bbox 589 3359 662 3423; x_wconf 83' lang='grc' dir='ltr'>ὡς</span> <span class='ocrx_word' id='word_1_489' title='bbox 695 3361 989 3416; x_wconf 82' lang='grc' dir='ltr'>ἐλεούντων</span> <span class='ocrx_word' id='word_1_490' title='bbox 1037 3365 1194 3435; x_wconf 79' lang='grc' dir='ltr'>ἡμῶν</span> <span class='ocrx_word' id='word_1_491' title='bbox 1225 3367 1405 3432; x_wconf 69' lang='grc' dir='ltr'>αὑτὸν,</span> <span class='ocrx_word' id='word_1_492' title='bbox 1447 3367 1600 3437; x_wconf 78' lang='grc' dir='ltr'>φησι,</span> <span class='ocrx_word' id='word_1_493' title='bbox 1653 3367 1786 3435; x_wconf 84' lang='grc' dir='ltr'>μόνη</span> 
     </span>
    </p>
   </div>
   <div class='ocr_carea' id='block_1_66' title="bbox 213 3445 1785 3526">
    <p class='ocr_par' dir='ltr' id='par_1_66' title="bbox 213 3445 1785 3526">
     <span class='ocr_line' id='line_1_66' title="bbox 213 3445 1785 3526; baseline 0.008 -29"><span class='ocrx_word' id='word_1_494' title='bbox 213 3445 368 3515; x_wconf 77' lang='grc' dir='ltr'>αὐτῷ</span> <span class='ocrx_word' id='word_1_495' title='bbox 399 3449 720 3522; x_wconf 81' lang='grc' dir='ltr'>κατελείφθη</span> <span class='ocrx_word' id='word_1_496' title='bbox 746 3453 776 3521; x_wconf 83' lang='grc' dir='ltr'>ή</span> <span class='ocrx_word' id='word_1_497' title='bbox 814 3453 1003 3522; x_wconf 83' lang='grc' dir='ltr'>κλῆσις</span> <span class='ocrx_word' id='word_1_498' title='bbox 1030 3456 1122 3508; x_wconf 69' lang='grc' dir='ltr'>τοῦ</span> <span class='ocrx_word' id='word_1_499' title='bbox 1165 3457 1488 3510; x_wconf 79' lang='grc' dir='ltr'>ἐπισκόπου.</span> <span class='ocrx_word' id='word_1_500' title='bbox 1520 3457 1705 3526; x_wconf 84' lang='grc' dir='ltr'>Πολλῷ</span> <span class='ocrx_word' id='word_1_501' title='bbox 1731 3459 1785 3509; x_wconf 80' lang='grc' dir='ltr'>δὲ</span> 
     </span>
    </p>
   </div>
   <div class='ocr_carea' id='block_1_67' title="bbox 213 3529 1787 3616">
    <p class='ocr_par' dir='ltr' id='par_1_67' title="bbox 213 3529 1787 3616">
     <span class='ocr_line' id='line_1_67' title="bbox 213 3529 1787 3616; baseline 0.009 -30"><span class='ocrx_word' id='word_1_502' title='bbox 213 3529 285 3602; x_wconf 72' lang='grc' dir='ltr'>ἦν</span> <span class='ocrx_word' id='word_1_503' title='bbox 307 3539 558 3604; x_wconf 86' lang='grc' dir='ltr'>κρεῖσσον</span> <span class='ocrx_word' id='word_1_504' title='bbox 589 3540 840 3610; x_wconf 77' lang='grc' dir='ltr'>ἐννοῆσαι</span> <span class='ocrx_word' id='word_1_505' title='bbox 869 3542 1039 3597; x_wconf 78' lang='grc' dir='ltr'>καὶτὸ</span> <span class='ocrx_word' id='word_1_506' title='bbox 1057 3545 1262 3616; x_wconf 76' lang='grc' dir='ltr'>ἕτερον.</span> <span class='ocrx_word' id='word_1_507' title='bbox 1286 3549 1441 3600; x_wconf 85' lang='grc' dir='ltr'>Ποῖον</span> <span class='ocrx_word' id='word_1_508' title='bbox 1477 3547 1634 3599; x_wconf 80' lang='grc' dir='ltr'>τοῦτο</span> <span class='ocrx_word' id='word_1_509' title='bbox 1666 3564 1679 3611; x_wconf 90' lang='grc'>;</span> <span class='ocrx_word' id='word_1_510' title='bbox 1713 3549 1787 3600; x_wconf 83' lang='grc' dir='ltr'>Ού</span> 
     </span>
    </p>
   </div>
   <div class='ocr_carea' id='block_1_68' title="bbox 213 3623 1790 3706">
    <p class='ocr_par' dir='ltr' id='par_1_68' title="bbox 213 3623 1790 3706">
     <span class='ocr_line' id='line_1_68' title="bbox 213 3623 1790 3706; baseline 0.01 -31"><span class='ocrx_word' id='word_1_511' title='bbox 213 3623 439 3694; x_wconf 86' lang='grc' dir='ltr'>δοθῆναι</span> <span class='ocrx_word' id='word_1_512' title='bbox 501 3629 648 3698; x_wconf 82' lang='grc' dir='ltr'>αὐτῷ</span> <span class='ocrx_word' id='word_1_513' title='bbox 721 3632 915 3701; x_wconf 68' lang='grc' dir='ltr'>καιρὸν</span> <span class='ocrx_word' id='word_1_514' title='bbox 979 3634 1293 3701; x_wconf 82' lang='grc' dir='ltr'>ἀπολογίας,</span> <span class='ocrx_word' id='word_1_515' title='bbox 1350 3637 1443 3687; x_wconf 75' lang='grc' dir='ltr'><strong>καὶ</strong></span> <span class='ocrx_word' id='word_1_516' title='bbox 1510 3637 1790 3706; x_wconf 75' lang='grc' dir='ltr'>ἀκρόασιν</span> 
     </span>
    </p>
   </div>
   <div class='ocr_carea' id='block_1_69' title="bbox 215 3717 1790 3795">
    <p class='ocr_par' dir='ltr' id='par_1_69' title="bbox 215 3717 1790 3795">
     <span class='ocr_line' id='line_1_69' title="bbox 215 3717 1790 3795; baseline 0.008 -29"><span class='ocrx_word' id='word_1_517' title='bbox 215 3717 587 3787; x_wconf 79' lang='grc' dir='ltr'>προστεθῆναι</span> <span class='ocrx_word' id='word_1_518' title='bbox 615 3722 927 3792; x_wconf 82' lang='grc' dir='ltr'>κανονικὴν,</span> <span class='ocrx_word' id='word_1_519' title='bbox 978 3722 1144 3792; x_wconf 80' lang='grc' dir='ltr'>ῆγουν</span> <span class='ocrx_word' id='word_1_520' title='bbox 1189 3725 1534 3795; x_wconf 85' lang='grc' dir='ltr'>δικαστήριον</span> <span class='ocrx_word' id='word_1_521' title='bbox 1582 3727 1790 3779; x_wconf 83' lang='grc' dir='ltr'>συνοδι-</span> 
     </span>
    </p>
   </div>
   <div class='ocr_carea' id='block_1_70' title="bbox 215 3807 1791 3887">
    <p class='ocr_par' dir='ltr' id='par_1_70' title="bbox 215 3807 1791 3887">
     <span class='ocr_line' id='line_1_70' title="bbox 215 3807 1791 3887; baseline 0.006 -28"><span class='ocrx_word' id='word_1_522' title='bbox 215 3807 336 3861; x_wconf 87' lang='grc' dir='ltr'>κόν.</span> <span class='ocrx_word' id='word_1_523' title='bbox 379 3810 542 3877; x_wconf 76' lang='grc' dir='ltr'>Λέγει</span> <span class='ocrx_word' id='word_1_524' title='bbox 566 3811 672 3880; x_wconf 73' lang='grc' dir='ltr'>γὰρ</span> <span class='ocrx_word' id='word_1_525' title='bbox 701 3812 956 3867; x_wconf 82' lang='grc' dir='ltr'>δύνασθαι</span> <span class='ocrx_word' id='word_1_526' title='bbox 994 3817 1255 3883; x_wconf 80' lang='grc' dir='ltr'>συστῆναι</span> <span class='ocrx_word' id='word_1_527' title='bbox 1282 3817 1347 3886; x_wconf 81' lang='grc' dir='ltr'>τῇ</span> <span class='ocrx_word' id='word_1_528' title='bbox 1388 3818 1563 3887; x_wconf 76' lang='grc' dir='ltr'>οἰκεία</span> <span class='ocrx_word' id='word_1_529' title='bbox 1591 3817 1791 3885; x_wconf 83' lang='grc' dir='ltr'>ὑπολή-</span> 
     </span>
    </p>
   </div>
   <div class='ocr_carea' id='block_1_71' title="bbox 213 3899 1791 3971">
    <p class='ocr_par' dir='ltr' id='par_1_71' title="bbox 213 3899 1791 3971">
     <span class='ocr_line' id='line_1_71' title="bbox 213 3899 1791 3971; baseline 0.004 -20"><span class='ocrx_word' id='word_1_530' title='bbox 213 3899 334 3969; x_wconf 73' lang='grc' dir='ltr'>ψει,</span> <span class='ocrx_word' id='word_1_531' title='bbox 370 3901 489 3954; x_wconf 74' lang='grc' dir='ltr'>ἀντὶ</span> <span class='ocrx_word' id='word_1_532' title='bbox 523 3900 615 3955; x_wconf 85' lang='grc' dir='ltr'>τοῦ</span> <span class='ocrx_word' id='word_1_533' title='bbox 647 3902 885 3956; x_wconf 81' lang='grc' dir='ltr'>ἀναίτιον</span> <span class='ocrx_word' id='word_1_534' title='bbox 908 3904 1097 3956; x_wconf 76' lang='grc' dir='ltr'>ἑαυτὸν</span> <span class='ocrx_word' id='word_1_535' title='bbox 1131 3904 1428 3968; x_wconf 82' lang='grc' dir='ltr'>ἀποδεῖξαι.</span> <span class='ocrx_word' id='word_1_536' title='bbox 1464 3906 1526 3957; x_wconf 87' lang='grc' dir='ltr'><strong>Εἰ</strong></span> <span class='ocrx_word' id='word_1_537' title='bbox 1583 3906 1637 3958; x_wconf 80' lang='grc' dir='ltr'><strong>δὲ</strong></span> <span class='ocrx_word' id='word_1_538' title='bbox 1667 3906 1791 3971; x_wconf 80' lang='grc' dir='ltr'>ἐγέ-</span> 
     </span>
    </p>
   </div>
   <div class='ocr_carea' id='block_1_72' title="bbox 213 3991 1790 4066">
    <p class='ocr_par' dir='ltr' id='par_1_72' title="bbox 213 3991 1790 4066">
     <span class='ocr_line' id='line_1_72' title="bbox 213 3991 1790 4066; baseline 0.003 -22"><span class='ocrx_word' id='word_1_539' title='bbox 213 4007 341 4044; x_wconf 87' lang='grc' dir='ltr'>νετο</span> <span class='ocrx_word' id='word_1_540' title='bbox 361 3991 703 4057; x_wconf 79' lang='grc' dir='ltr'>ταῦτα,αύτά</span> <span class='ocrx_word' id='word_1_541' title='bbox 722 3992 801 4046; x_wconf 38' lang='grc' dir='ltr'>τάν</span> <span class='ocrx_word' id='word_1_542' title='bbox 821 3995 1211 4065; x_wconf 82' lang='grc' dir='ltr'>ὑπομνήματα,</span> <span class='ocrx_word' id='word_1_543' title='bbox 1230 3997 1299 4049; x_wconf 79' lang='grc' dir='ltr'><strong>τὰ</strong></span> <span class='ocrx_word' id='word_1_544' title='bbox 1331 3997 1423 4049; x_wconf 74' lang='grc' dir='ltr'>ἐπὶ</span> <span class='ocrx_word' id='word_1_545' title='bbox 1454 4000 1519 4066; x_wconf 81' lang='grc' dir='ltr'>τῇ</span> <span class='ocrx_word' id='word_1_546' title='bbox 1546 3999 1790 4063; x_wconf 78' lang='grc' dir='ltr'>ἐξετάσει</span> 
     </span>
    </p>
   </div>
   <div class='ocr_carea' id='block_1_73' title="bbox 214 4083 1798 4157">
    <p class='ocr_par' dir='ltr' id='par_1_73' title="bbox 214 4083 1798 4157">
     <span class='ocr_line' id='line_1_73' title="bbox 214 4083 1798 4157; baseline 0.007 -25"><span class='ocrx_word' id='word_1_547' title='bbox 214 4083 511 4150; x_wconf 85' lang='grc' dir='ltr'>γενόμενα,</span> <span class='ocrx_word' id='word_1_548' title='bbox 536 4083 770 4153; x_wconf 73' lang='grc' dir='ltr'>ἤλεγξαν</span> <span class='ocrx_word' id='word_1_549' title='bbox 815 4085 883 4137; x_wconf 79' lang='grc' dir='ltr'>ἃν</span> <span class='ocrx_word' id='word_1_550' title='bbox 943 4085 1122 4152; x_wconf 80' lang='grc' dir='ltr'>αὐτὸν,</span> <span class='ocrx_word' id='word_1_551' title='bbox 1157 4086 1189 4155; x_wconf 84' lang='grc' dir='ltr'>ἢ</span> <span class='ocrx_word' id='word_1_552' title='bbox 1231 4087 1665 4157; x_wconf 85' lang='grc' dir='ltr'>κεκρατημένον,</span> <span class='ocrx_word' id='word_1_553' title='bbox 1701 4091 1798 4142; x_wconf 73' lang='grc' dir='ltr'>καὶ</span> 
     </span>
    </p>
   </div>
   <div class='ocr_carea' id='block_1_74' title="bbox 217 4173 1793 4250">
    <p class='ocr_par' dir='ltr' id='par_1_74' title="bbox 217 4173 1793 4250">
     <span class='ocr_line' id='line_1_74' title="bbox 217 4173 1793 4250; baseline 0.005 -23"><span class='ocrx_word' id='word_1_554' title='bbox 217 4173 410 4245; x_wconf 75' lang='grc' dir='ltr'>ἔνοχον</span> <span class='ocrx_word' id='word_1_555' title='bbox 435 4178 541 4238; x_wconf 85' lang='grc' dir='ltr'>τοῖς</span> <span class='ocrx_word' id='word_1_556' title='bbox 573 4177 886 4248; x_wconf 85' lang='grc' dir='ltr'>αίτιὰμασι,</span> <span class='ocrx_word' id='word_1_557' title='bbox 925 4179 1021 4233; x_wconf 75' lang='grc' dir='ltr'><strong>καὶ</strong></span> <span class='ocrx_word' id='word_1_558' title='bbox 1053 4179 1129 4249; x_wconf 80' lang='grc' dir='ltr'>μὴ</span> <span class='ocrx_word' id='word_1_559' title='bbox 1156 4179 1454 4250; x_wconf 82' lang='grc' dir='ltr'>δυνάμενον</span> <span class='ocrx_word' id='word_1_560' title='bbox 1509 4180 1691 4250; x_wconf 87' lang='grc' dir='ltr'>λέγειν</span> <span class='ocrx_word' id='word_1_561' title='bbox 1713 4183 1793 4235; x_wconf 80' lang='grc' dir='ltr'>ὅτι</span> 
     </span>
    </p>
   </div>
   <div class='ocr_carea' id='block_1_75' title="bbox 214 4268 1790 4339">
    <p class='ocr_par' dir='ltr' id='par_1_75' title="bbox 214 4268 1790 4339">
     <span class='ocr_line' id='line_1_75' title="bbox 214 4268 1790 4339; baseline 0.005 -20"><span class='ocrx_word' id='word_1_562' title='bbox 214 4268 496 4338; x_wconf 67' lang='grc' dir='ltr'>ἠδίκηται,</span> <span class='ocrx_word' id='word_1_563' title='bbox 543 4271 573 4339; x_wconf 83' lang='grc' dir='ltr'>ἢ</span> <span class='ocrx_word' id='word_1_564' title='bbox 617 4271 710 4324; x_wconf 73' lang='grc' dir='ltr'><strong>ἐὰν</strong></span> <span class='ocrx_word' id='word_1_565' title='bbox 765 4271 1055 4334; x_wconf 81' lang='grc' dir='ltr'>ἀνεύθυνος</span> <span class='ocrx_word' id='word_1_566' title='bbox 1121 4272 1315 4339; x_wconf 78' lang='grc' dir='ltr'>ἐφάνη,</span> <span class='ocrx_word' id='word_1_567' title='bbox 1364 4273 1530 4327; x_wconf 74' lang='grc' dir='ltr'>πάλιν</span> <span class='ocrx_word' id='word_1_568' title='bbox 1591 4276 1790 4328; x_wconf 81' lang='grc' dir='ltr'>ἐδίδοτο</span> 
     </span>
    </p>
   </div>
   <div class='ocr_carea' id='block_1_76' title="bbox 214 4360 1788 4433">
    <p class='ocr_par' dir='ltr' id='par_1_76' title="bbox 214 4360 1788 4433">
     <span class='ocr_line' id='line_1_76' title="bbox 214 4360 1788 4433; baseline 0.003 -18"><span class='ocrx_word' id='word_1_569' title='bbox 214 4360 370 4430; x_wconf 83' lang='grc' dir='ltr'>αὐτῷ</span> <span class='ocrx_word' id='word_1_570' title='bbox 400 4363 430 4431; x_wconf 78' lang='grc' dir='ltr'>ἡ</span> <span class='ocrx_word' id='word_1_571' title='bbox 461 4363 762 4430; x_wconf 80' lang='grc' dir='ltr'>προστασία</span> <span class='ocrx_word' id='word_1_572' title='bbox 782 4365 880 4432; x_wconf 84' lang='grc' dir='ltr'><strong>τῆς</strong></span> <span class='ocrx_word' id='word_1_573' title='bbox 918 4363 1262 4428; x_wconf 76' lang='grc' dir='ltr'>Ἑκκλησίας.</span> <span class='ocrx_word' id='word_1_574' title='bbox 1308 4365 1429 4417; x_wconf 78' lang='grc' dir='ltr'>Ὀτι</span> <span class='ocrx_word' id='word_1_575' title='bbox 1451 4365 1504 4418; x_wconf 84' lang='grc' dir='ltr'>δὲ</span> <span class='ocrx_word' id='word_1_576' title='bbox 1531 4366 1630 4418; x_wconf 78' lang='grc' dir='ltr'><strong>οὐκ</strong></span> <span class='ocrx_word' id='word_1_577' title='bbox 1665 4367 1788 4433; x_wconf 85' lang='grc' dir='ltr'>ἐγέ-</span> 
     </span>
    </p>
   </div>
   <div class='ocr_carea' id='block_1_77' title="bbox 213 4453 1796 4528">
    <p class='ocr_par' dir='ltr' id='par_1_77' title="bbox 213 4453 1796 4528">
     <span class='ocr_line' id='line_1_77' title="bbox 213 4453 1796 4528; baseline 0.004 -23"><span class='ocrx_word' id='word_1_578' title='bbox 213 4469 342 4505; x_wconf 77' lang='grc' dir='ltr'>νετο</span> <span class='ocrx_word' id='word_1_579' title='bbox 369 4453 608 4506; x_wconf 79' lang='grc' dir='ltr'>τοιοῦτόν</span> <span class='ocrx_word' id='word_1_580' title='bbox 635 4471 686 4505; x_wconf 91' lang='grc' dir='ltr'><strong>τι</strong></span> <span class='ocrx_word' id='word_1_581' title='bbox 711 4455 954 4526; x_wconf 76' lang='grc' dir='ltr'>καταὸοᾷ</span> <span class='ocrx_word' id='word_1_582' title='bbox 998 4455 1072 4518; x_wconf 87' lang='grc' dir='ltr'>ὠς</span> <span class='ocrx_word' id='word_1_583' title='bbox 1111 4455 1393 4526; x_wconf 69' lang='grc' dir='ltr'>ἀδικηθεὶς</span> <span class='ocrx_word' id='word_1_584' title='bbox 1436 4458 1529 4510; x_wconf 80' lang='grc' dir='ltr'><strong>καὶ</strong></span> <span class='ocrx_word' id='word_1_585' title='bbox 1555 4461 1796 4528; x_wconf 82' lang='grc' dir='ltr'>παρανό-</span> 
     </span>
    </p>
   </div>
   <div class='ocr_carea' id='block_1_78' title="bbox 1896 3354 3460 3426">
    <p class='ocr_par' dir='ltr' id='par_1_78' title="bbox 1896 3354 3460 3426">
     <span class='ocr_line' id='line_1_78' title="bbox 1896 3354 3460 3426; baseline -0.004 -15"><span class='ocrx_word' id='word_1_586' title='bbox 1896 3358 2061 3421; x_wconf 89' lang='lat' dir='ltr'><strong>tibus,</strong></span> <span class='ocrx_word' id='word_1_587' title='bbox 2088 3358 2276 3426; x_wconf 89' lang='lat' dir='ltr'><strong>inquit,</strong></span> <span class='ocrx_word' id='word_1_588' title='bbox 2310 3359 2422 3413; x_wconf 90' lang='lat' dir='ltr'><strong>sola</strong></span> <span class='ocrx_word' id='word_1_589' title='bbox 2452 3359 2549 3426; x_wconf 86' lang='lat' dir='ltr'><strong>ipsi</strong></span> <span class='ocrx_word' id='word_1_590' title='bbox 2576 3357 2809 3426; x_wconf 81' lang='lat' dir='ltr'><strong>episcopi</strong></span> <span class='ocrx_word' id='word_1_591' title='bbox 2841 3355 3126 3425; x_wconf 87' lang='lat' dir='ltr'><strong>appellatio</strong></span> <span class='ocrx_word' id='word_1_592' title='bbox 3150 3354 3332 3408; x_wconf 91' lang='lat' dir='ltr'><strong>relicta</strong></span> <span class='ocrx_word' id='word_1_593' title='bbox 3356 3363 3460 3406; x_wconf 90' lang='lat' dir='ltr'><strong>est.</strong></span> 
     </span>
    </p>
   </div>
   <div class='ocr_carea' id='block_1_79' title="bbox 1895 3443 3459 3516">
    <p class='ocr_par' dir='ltr' id='par_1_79' title="bbox 1895 3443 3459 3516">
     <span class='ocr_line' id='line_1_79' title="bbox 1895 3443 3459 3516; baseline -0.002 -18"><span class='ocrx_word' id='word_1_594' title='bbox 1895 3446 2058 3501; x_wconf 82' lang='lat' dir='ltr'><strong>Multo</strong></span> <span class='ocrx_word' id='word_1_595' title='bbox 2092 3455 2265 3500; x_wconf 90' lang='lat' dir='ltr'><strong>autem</strong></span> <span class='ocrx_word' id='word_1_596' title='bbox 2298 3455 2413 3500; x_wconf 87' lang='lat' dir='ltr'><strong>erat</strong></span> <span class='ocrx_word' id='word_1_597' title='bbox 2449 3447 2638 3500; x_wconf 89' lang='lat' dir='ltr'><strong>melius</strong></span> <span class='ocrx_word' id='word_1_598' title='bbox 2669 3447 2811 3500; x_wconf 86' lang='lat' dir='ltr'><strong>aliud</strong></span> <span class='ocrx_word' id='word_1_599' title='bbox 2842 3460 3056 3516; x_wconf 91' lang='lat' dir='ltr'><strong>quoque</strong></span> <span class='ocrx_word' id='word_1_600' title='bbox 3088 3443 3459 3499; x_wconf 84' lang='lat' dir='ltr'><strong>considerare.</strong></span> 
     </span>
    </p>
   </div>
   <div class='ocr_carea' id='block_1_80' title="bbox 1898 3529 3465 3604">
    <p class='ocr_par' dir='ltr' id='par_1_80' title="bbox 1898 3529 3465 3604">
     <span class='ocr_line' id='line_1_80' title="bbox 1898 3529 3465 3604; baseline -0.003 -14"><span class='ocrx_word' id='word_1_601' title='bbox 1898 3537 2066 3603; x_wconf 88' lang='lat' dir='ltr'><strong>Quale</strong></span> <span class='ocrx_word' id='word_1_602' title='bbox 2119 3538 2244 3591; x_wconf 88' lang='lat' dir='ltr'><strong>illud</strong></span> <span class='ocrx_word' id='word_1_603' title='bbox 2279 3539 2301 3590; x_wconf 89' lang='lat'><strong>?</strong></span> <span class='ocrx_word' id='word_1_604' title='bbox 2337 3539 2452 3591; x_wconf 88' lang='lat' dir='ltr'><strong>Non</strong></span> <span class='ocrx_word' id='word_1_605' title='bbox 2504 3539 2666 3592; x_wconf 87' lang='lat' dir='ltr'><strong>fuisse</strong></span> <span class='ocrx_word' id='word_1_606' title='bbox 2713 3539 2761 3593; x_wconf 93' lang='lat' dir='ltr'><strong>ei</strong></span> <span class='ocrx_word' id='word_1_607' title='bbox 2809 3538 2991 3590; x_wconf 88' lang='lat' dir='ltr'><strong>datum</strong></span> <span class='ocrx_word' id='word_1_608' title='bbox 3028 3545 3239 3604; x_wconf 83' lang='lat' dir='ltr'><strong>tempus</strong></span> <span class='ocrx_word' id='word_1_609' title='bbox 3277 3529 3465 3588; x_wconf 81' lang='lat' dir='ltr'><strong>dcfen—</strong></span> 
     </span>
    </p>
   </div>
   <div class='ocr_carea' id='block_1_81' title="bbox 1895 3628 3467 3700">
    <p class='ocr_par' dir='ltr' id='par_1_81' title="bbox 1895 3628 3467 3700">
     <span class='ocr_line' id='line_1_81' title="bbox 1895 3628 3467 3700; baseline -0.003 -17"><span class='ocrx_word' id='word_1_610' title='bbox 1895 3629 2080 3694; x_wconf 81' lang='lat' dir='ltr'><strong>sionis,</strong></span> <span class='ocrx_word' id='word_1_611' title='bbox 2114 3645 2212 3685; x_wconf 89' lang='lat' dir='ltr'><strong>nec</strong></span> <span class='ocrx_word' id='word_1_612' title='bbox 2245 3631 2408 3685; x_wconf 85' lang='lat' dir='ltr'><strong>fuisse</strong></span> <span class='ocrx_word' id='word_1_613' title='bbox 2454 3631 2780 3700; x_wconf 82' lang='lat' dir='ltr'><strong>propositam</strong></span> <span class='ocrx_word' id='word_1_614' title='bbox 2833 3628 3199 3683; x_wconf 80' lang='lat' dir='ltr'><strong>defensionem</strong></span> <span class='ocrx_word' id='word_1_615' title='bbox 3245 3628 3467 3682; x_wconf 87' lang='lat' dir='ltr'><strong>canoni-</strong></span> 
     </span>
    </p>
   </div>
   <div class='ocr_carea' id='block_1_82' title="bbox 1894 3717 3467 3788">
    <p class='ocr_par' dir='ltr' id='par_1_82' title="bbox 1894 3717 3467 3788">
     <span class='ocr_line' id='line_1_82' title="bbox 1894 3717 3467 3788; baseline -0.001 -18"><span class='ocrx_word' id='word_1_616' title='bbox 1894 3732 2034 3779; x_wconf 89' lang='lat' dir='ltr'><strong>cam,</strong></span> <span class='ocrx_word' id='word_1_617' title='bbox 2064 3733 2156 3771; x_wconf 89' lang='lat' dir='ltr'><strong>seu</strong></span> <span class='ocrx_word' id='word_1_618' title='bbox 2214 3719 2466 3788; x_wconf 82' lang='lat' dir='ltr'><strong>synodale</strong></span> <span class='ocrx_word' id='word_1_619' title='bbox 2504 3719 2782 3787; x_wconf 84' lang='lat' dir='ltr'><strong>judicium.</strong></span> <span class='ocrx_word' id='word_1_620' title='bbox 2841 3717 2980 3772; x_wconf 91' lang='lat' dir='ltr'><strong>Dicit</strong></span> <span class='ocrx_word' id='word_1_621' title='bbox 3022 3717 3161 3770; x_wconf 89' lang='lat' dir='ltr'><strong>enim</strong></span> <span class='ocrx_word' id='word_1_622' title='bbox 3206 3731 3264 3770; x_wconf 87' lang='lat' dir='ltr'><strong>se</strong></span> <span class='ocrx_word' id='word_1_623' title='bbox 3310 3730 3467 3785; x_wconf 81' lang='lat' dir='ltr'><strong>posse</strong></span> 
     </span>
    </p>
   </div>
   <div class='ocr_carea' id='block_1_83' title="bbox 1896 3809 3468 3876">
    <p class='ocr_par' dir='ltr' id='par_1_83' title="bbox 1896 3809 3468 3876">
     <span class='ocr_line' id='line_1_83' title="bbox 1896 3809 3468 3876; baseline -0.002 -16"><span class='ocrx_word' id='word_1_624' title='bbox 1896 3821 2109 3861; x_wconf 81' lang='lat' dir='ltr'><strong>causam</strong></span> <span class='ocrx_word' id='word_1_625' title='bbox 2143 3823 2291 3861; x_wconf 90' lang='lat' dir='ltr'><strong>suam</strong></span> <span class='ocrx_word' id='word_1_626' title='bbox 2338 3810 2584 3876; x_wconf 86' lang='lat' dir='ltr'><strong>probare,</strong></span> <span class='ocrx_word' id='word_1_627' title='bbox 2623 3809 2670 3862; x_wconf 90' lang='lat' dir='ltr'><strong>id</strong></span> <span class='ocrx_word' id='word_1_628' title='bbox 2710 3819 2790 3863; x_wconf 89' lang='lat' dir='ltr'><strong>est</strong></span> <span class='ocrx_word' id='word_1_629' title='bbox 2821 3823 2880 3863; x_wconf 92' lang='lat' dir='ltr'><strong>se</strong></span> <span class='ocrx_word' id='word_1_630' title='bbox 2921 3809 3258 3861; x_wconf 84' lang='lat' dir='ltr'><strong>innocentem</strong></span> <span class='ocrx_word' id='word_1_631' title='bbox 3288 3818 3468 3861; x_wconf 82' lang='lat' dir='ltr'><strong>osten-</strong></span> 
     </span>
    </p>
   </div>
   <div class='ocr_carea' id='block_1_84' title="bbox 1898 3891 3468 3967">
    <p class='ocr_par' dir='ltr' id='par_1_84' title="bbox 1898 3891 3468 3967">
     <span class='ocr_line' id='line_1_84' title="bbox 1898 3891 3468 3967; baseline -0.002 -16"><span class='ocrx_word' id='word_1_632' title='bbox 1898 3899 2042 3952; x_wconf 89' lang='lat' dir='ltr'><strong>dere.</strong></span> <span class='ocrx_word' id='word_1_633' title='bbox 2077 3898 2170 3953; x_wconf 91' lang='lat' dir='ltr'><strong>Sin</strong></span> <span class='ocrx_word' id='word_1_634' title='bbox 2202 3910 2378 3953; x_wconf 86' lang='lat' dir='ltr'><strong>autem</strong></span> <span class='ocrx_word' id='word_1_635' title='bbox 2400 3900 2514 3954; x_wconf 81' lang='lat' dir='ltr'><strong>haec</strong></span> <span class='ocrx_word' id='word_1_636' title='bbox 2545 3899 2684 3953; x_wconf 86' lang='lat' dir='ltr'><strong>facta</strong></span> <span class='ocrx_word' id='word_1_637' title='bbox 2709 3907 2914 3963; x_wconf 86' lang='lat' dir='ltr'><strong>essent,</strong></span> <span class='ocrx_word' id='word_1_638' title='bbox 2944 3897 3059 3967; x_wconf 79' lang='lat' dir='ltr'><strong>ipsa</strong></span> <span class='ocrx_word' id='word_1_639' title='bbox 3092 3908 3230 3962; x_wconf 81' lang='lat' dir='ltr'><strong>acta,</strong></span> <span class='ocrx_word' id='word_1_640' title='bbox 3264 3891 3468 3966; x_wconf 60' lang='lat' dir='ltr'><strong>quaein</strong></span> 
     </span>
    </p>
   </div>
   <div class='ocr_carea' id='block_1_85' title="bbox 1910 3988 3470 4061">
    <p class='ocr_par' dir='ltr' id='par_1_85' title="bbox 1910 3988 3470 4061">
     <span class='ocr_line' id='line_1_85' title="bbox 1910 3988 3470 4061; baseline -0.004 -15"><span class='ocrx_word' id='word_1_641' title='bbox 1910 3992 2307 4046; x_wconf 76' lang='lat' dir='ltr'><strong>examinatione</strong></span> <span class='ocrx_word' id='word_1_642' title='bbox 2339 3991 2479 4046; x_wconf 85' lang='lat' dir='ltr'><strong>facta</strong></span> <span class='ocrx_word' id='word_1_643' title='bbox 2516 4001 2663 4054; x_wconf 87' lang='lat' dir='ltr'><strong>sunt,</strong></span> <span class='ocrx_word' id='word_1_644' title='bbox 2697 3993 2870 4061; x_wconf 87' lang='lat' dir='ltr'><strong>ipsum</strong></span> <span class='ocrx_word' id='word_1_645' title='bbox 2895 3989 2979 4045; x_wconf 86' lang='lat' dir='ltr'><strong>vel</strong></span> <span class='ocrx_word' id='word_1_646' title='bbox 3008 4003 3126 4044; x_wconf 83' lang='lat' dir='ltr'><strong>esse</strong></span> <span class='ocrx_word' id='word_1_647' title='bbox 3159 3988 3389 4042; x_wconf 87' lang='lat' dir='ltr'><strong>evictum</strong></span> <span class='ocrx_word' id='word_1_648' title='bbox 3413 3997 3470 4040; x_wconf 82' lang='lat' dir='ltr'><strong>et</strong></span> 
     </span>
    </p>
   </div>
   <div class='ocr_carea' id='block_1_86' title="bbox 1899 4077 3464 4152">
    <p class='ocr_par' dir='ltr' id='par_1_86' title="bbox 1899 4077 3464 4152">
     <span class='ocr_line' id='line_1_86' title="bbox 1899 4077 3464 4152; baseline -0.003 -15"><span class='ocrx_word' id='word_1_649' title='bbox 1899 4085 2216 4139; x_wconf 90' lang='lat' dir='ltr'><strong>criminibus</strong></span> <span class='ocrx_word' id='word_1_650' title='bbox 2243 4085 2558 4150; x_wconf 79' lang='lat' dir='ltr'><strong>obnoxium,</strong></span> <span class='ocrx_word' id='word_1_651' title='bbox 2593 4099 2688 4139; x_wconf 88' lang='lat' dir='ltr'><strong>nec</strong></span> <span class='ocrx_word' id='word_1_652' title='bbox 2718 4099 2877 4152; x_wconf 80' lang='lat' dir='ltr'><strong>posse</strong></span> <span class='ocrx_word' id='word_1_653' title='bbox 2908 4097 2966 4138; x_wconf 87' lang='lat' dir='ltr'><strong>se</strong></span> <span class='ocrx_word' id='word_1_654' title='bbox 2992 4081 3185 4151; x_wconf 89' lang='lat' dir='ltr'><strong>injuria</strong></span> <span class='ocrx_word' id='word_1_655' title='bbox 3213 4077 3464 4133; x_wconf 79' lang='lat' dir='ltr'><strong>atTectum</strong></span> 
     </span>
    </p>
   </div>
   <div class='ocr_carea' id='block_1_87' title="bbox 1900 4173 3467 4244">
    <p class='ocr_par' dir='ltr' id='par_1_87' title="bbox 1900 4173 3467 4244">
     <span class='ocr_line' id='line_1_87' title="bbox 1900 4173 3467 4244; baseline -0.003 -14"><span class='ocrx_word' id='word_1_656' title='bbox 1900 4191 2019 4230; x_wconf 87' lang='lat' dir='ltr'><strong>esse</strong></span> <span class='ocrx_word' id='word_1_657' title='bbox 2048 4177 2231 4230; x_wconf 86' lang='lat' dir='ltr'><strong>dicere</strong></span> <span class='ocrx_word' id='word_1_658' title='bbox 2284 4177 2669 4244; x_wconf 87' lang='lat' dir='ltr'><strong>ostenderent;</strong></span> <span class='ocrx_word' id='word_1_659' title='bbox 2703 4176 2783 4230; x_wconf 85' lang='lat' dir='ltr'><strong>vel</strong></span> <span class='ocrx_word' id='word_1_660' title='bbox 2819 4177 2863 4230; x_wconf 89' lang='lat' dir='ltr'><strong>si</strong></span> <span class='ocrx_word' id='word_1_661' title='bbox 2897 4177 3154 4229; x_wconf 86' lang='lat' dir='ltr'><strong>innocens</strong></span> <span class='ocrx_word' id='word_1_662' title='bbox 3183 4173 3467 4242; x_wconf 63' lang='lat' dir='ltr'><strong>apparuiso</strong></span> 
     </span>
    </p>
   </div>
   <div class='ocr_carea' id='block_1_88' title="bbox 1903 4264 3469 4335">
    <p class='ocr_par' dir='ltr' id='par_1_88' title="bbox 1903 4264 3469 4335">
     <span class='ocr_line' id='line_1_88' title="bbox 1903 4264 3469 4335; baseline -0.004 -12"><span class='ocrx_word' id='word_1_663' title='bbox 1903 4277 2002 4330; x_wconf 88' lang='lat' dir='ltr'><strong>set,</strong></span> <span class='ocrx_word' id='word_1_664' title='bbox 2031 4268 2079 4322; x_wconf 90' lang='lat' dir='ltr'><strong>ei</strong></span> <span class='ocrx_word' id='word_1_665' title='bbox 2113 4283 2424 4324; x_wconf 89' lang='lat' dir='ltr'><strong>concessum</strong></span> <span class='ocrx_word' id='word_1_666' title='bbox 2455 4276 2616 4332; x_wconf 87' lang='lat' dir='ltr'><strong>esset,</strong></span> <span class='ocrx_word' id='word_1_667' title='bbox 2651 4279 2708 4322; x_wconf 91' lang='lat' dir='ltr'><strong>ut</strong></span> <span class='ocrx_word' id='word_1_668' title='bbox 2747 4281 2934 4322; x_wconf 89' lang='lat' dir='ltr'><strong>rursus</strong></span> <span class='ocrx_word' id='word_1_669' title='bbox 2981 4275 3234 4335; x_wconf 67' lang='lat' dir='ltr'><strong>praeesset</strong></span> <span class='ocrx_word' id='word_1_670' title='bbox 3279 4264 3469 4317; x_wconf 77' lang='lat' dir='ltr'><strong>Eccle-</strong></span> 
     </span>
    </p>
   </div>
   <div class='ocr_carea' id='block_1_89' title="bbox 1899 4355 3468 4425">
    <p class='ocr_par' dir='ltr' id='par_1_89' title="bbox 1899 4355 3468 4425">
     <span class='ocr_line' id='line_1_89' title="bbox 1899 4355 3468 4425; baseline -0.004 -13"><span class='ocrx_word' id='word_1_671' title='bbox 1899 4361 2012 4413; x_wconf 62' lang='lat' dir='ltr'><strong>siae.</strong></span> <span class='ocrx_word' id='word_1_672' title='bbox 2042 4358 2172 4425; x_wconf 87' lang='lat' dir='ltr'><strong>Quia</strong></span> <span class='ocrx_word' id='word_1_673' title='bbox 2224 4369 2407 4414; x_wconf 87' lang='lat' dir='ltr'><strong>autem</strong></span> <span class='ocrx_word' id='word_1_674' title='bbox 2445 4360 2576 4414; x_wconf 85' lang='lat' dir='ltr'><strong>nihil</strong></span> <span class='ocrx_word' id='word_1_675' title='bbox 2628 4360 2731 4414; x_wconf 89' lang='lat' dir='ltr'><strong>tale</strong></span> <span class='ocrx_word' id='word_1_676' title='bbox 2768 4358 2966 4414; x_wconf 87' lang='lat' dir='ltr'><strong>factum</strong></span> <span class='ocrx_word' id='word_1_677' title='bbox 3021 4366 3123 4423; x_wconf 88' lang='lat' dir='ltr'><strong>est,</strong></span> <span class='ocrx_word' id='word_1_678' title='bbox 3157 4371 3214 4410; x_wconf 92' lang='lat' dir='ltr'><strong>se</strong></span> <span class='ocrx_word' id='word_1_679' title='bbox 3269 4355 3468 4422; x_wconf 75' lang='lat' dir='ltr'><strong>injuria</strong></span> 
     </span>
    </p>
   </div>
   <div class='ocr_carea' id='block_1_90' title="bbox 1903 4448 3466 4521">
    <p class='ocr_par' dir='ltr' id='par_1_90' title="bbox 1903 4448 3466 4521">
     <span class='ocr_line' id='line_1_90' title="bbox 1903 4448 3466 4521; baseline -0.005 -16"><span class='ocrx_word' id='word_1_680' title='bbox 1903 4451 2150 4506; x_wconf 82' lang='lat' dir='ltr'><strong>affectum</strong></span> <span class='ocrx_word' id='word_1_681' title='bbox 2176 4467 2295 4507; x_wconf 87' lang='lat' dir='ltr'><strong>esse</strong></span> <span class='ocrx_word' id='word_1_682' title='bbox 2326 4452 2669 4517; x_wconf 80' lang='lat' dir='ltr'><strong>vociferatur,</strong></span> <span class='ocrx_word' id='word_1_683' title='bbox 2700 4462 2753 4506; x_wconf 91' lang='lat' dir='ltr'><strong>et</strong></span> <span class='ocrx_word' id='word_1_684' title='bbox 2800 4461 2995 4521; x_wconf 79' lang='lat' dir='ltr'><strong>praeter</strong></span> <span class='ocrx_word' id='word_1_685' title='bbox 3029 4451 3172 4518; x_wconf 81' lang='lat' dir='ltr'><strong>leges</strong></span> <span class='ocrx_word' id='word_1_686' title='bbox 3211 4448 3466 4516; x_wconf 85' lang='lat' dir='ltr'><strong>ejectum,</strong></span> 
     </span>
    </p>
   </div>
   <div class='ocr_carea' id='block_1_91' title="bbox 219 4540 1784 4627">
    <p class='ocr_par' dir='ltr' id='par_1_91' title="bbox 219 4545 1784 4620">
     <span class='ocr_line' id='line_1_91' title="bbox 219 4545 1784 4620; baseline 0.004 -24"><span class='ocrx_word' id='word_1_687' title='bbox 219 4562 338 4614; x_wconf 86' lang='grc' dir='ltr'><strong>μως</strong></span> <span class='ocrx_word' id='word_1_688' title='bbox 362 4545 666 4615; x_wconf 75' lang='grc' dir='ltr'>ἐκϐληθεὶς,</span> <span class='ocrx_word' id='word_1_689' title='bbox 688 4547 861 4615; x_wconf 86' lang='grc' dir='ltr'>λέγων</span> <span class='ocrx_word' id='word_1_690' title='bbox 891 4548 974 4600; x_wconf 85' lang='grc' dir='ltr'>ὅτι</span> <span class='ocrx_word' id='word_1_691' title='bbox 1021 4547 1115 4600; x_wconf 73' lang='grc' dir='ltr'>καὶ</span> <span class='ocrx_word' id='word_1_692' title='bbox 1145 4548 1474 4617; x_wconf 71' lang='grc' dir='ltr'>ἡρπάγησαν</span> <span class='ocrx_word' id='word_1_693' title='bbox 1527 4550 1626 4601; x_wconf 83' lang='grc' dir='ltr'>ὅσα</span> <span class='ocrx_word' id='word_1_694' title='bbox 1684 4549 1784 4620; x_wconf 84' lang='grc' dir='ltr'>εἶχε</span> 
     </span>
    </p>
   </div>
   <div class='ocr_carea' id='block_1_92' title="bbox 1894 4540 3467 4627">
    <p class='ocr_par' dir='ltr' id='par_1_92' title="bbox 1905 4540 3467 4612">
     <span class='ocr_line' id='line_1_92' title="bbox 1905 4540 3467 4612; baseline -0.002 -16"><span class='ocrx_word' id='word_1_695' title='bbox 1905 4543 2086 4598; x_wconf 89' lang='lat' dir='ltr'><strong>dicens</strong></span> <span class='ocrx_word' id='word_1_696' title='bbox 2115 4559 2462 4612; x_wconf 86' lang='lat' dir='ltr'><strong>quascunque</strong></span> <span class='ocrx_word' id='word_1_697' title='bbox 2497 4545 2660 4597; x_wconf 85' lang='lat' dir='ltr'><strong>etiam</strong></span> <span class='ocrx_word' id='word_1_698' title='bbox 2695 4544 2926 4597; x_wconf 87' lang='lat' dir='ltr'><strong>habebat</strong></span> <span class='ocrx_word' id='word_1_699' title='bbox 2955 4541 3212 4610; x_wconf 89' lang='lat' dir='ltr'><strong>pecunias</strong></span> <span class='ocrx_word' id='word_1_700' title='bbox 3236 4540 3467 4593; x_wconf 81' lang='lat' dir='ltr'><strong>ablatas.</strong></span> 
     </span>
    </p>
   </div>
   <div class='ocr_carea' id='block_1_93' title="bbox 214 4637 1795 4709">
    <p class='ocr_par' dir='ltr' id='par_1_93' title="bbox 214 4637 1795 4709">
     <span class='ocr_line' id='line_1_93' title="bbox 214 4637 1795 4709; baseline 0.003 -21"><span class='ocrx_word' id='word_1_701' title='bbox 214 4638 499 4708; x_wconf 79' lang='grc' dir='ltr'>χρήματα.</span> <span class='ocrx_word' id='word_1_702' title='bbox 529 4637 600 4690; x_wconf 76' lang='grc' dir='ltr'>Σὺ</span> <span class='ocrx_word' id='word_1_703' title='bbox 614 4638 813 4705; x_wconf 88' lang='grc' dir='ltr'>τοίνυν,</span> <span class='ocrx_word' id='word_1_704' title='bbox 841 4637 919 4709; x_wconf 82' lang='grc' dir='ltr'>τῷ</span> <span class='ocrx_word' id='word_1_705' title='bbox 945 4640 1132 4708; x_wconf 83' lang='grc' dir='ltr'>Δόμνῳ</span> <span class='ocrx_word' id='word_1_706' title='bbox 1161 4640 1359 4707; x_wconf 75' lang='grc' dir='ltr'>γράφει</span> <span class='ocrx_word' id='word_1_707' title='bbox 1388 4641 1414 4690; x_wconf 79' lang='grc' dir='ltr'>ὁ</span> <span class='ocrx_word' id='word_1_708' title='bbox 1433 4640 1584 4705; x_wconf 75' lang='grc' dir='ltr'>ἅγιος</span> <span class='ocrx_word' id='word_1_709' title='bbox 1607 4677 1621 4700; x_wconf 92' lang='grc'><strong>,</strong></span> <span class='ocrx_word' id='word_1_710' title='bbox 1643 4640 1795 4705; x_wconf 75' lang='grc' dir='ltr'>εἰδὼς</span> 
     </span>
    </p>
   </div>
   <div class='ocr_carea' id='block_1_94' title="bbox 215 4725 1794 4798">
    <p class='ocr_par' dir='ltr' id='par_1_94' title="bbox 215 4725 1794 4798">
     <span class='ocr_line' id='line_1_94' title="bbox 215 4725 1794 4798; baseline 0.001 -20"><span class='ocrx_word' id='word_1_711' title='bbox 215 4725 316 4778; x_wconf 76' lang='grc' dir='ltr'><strong>καὶ</strong></span> <span class='ocrx_word' id='word_1_712' title='bbox 345 4725 471 4786; x_wconf 75' lang='grc' dir='ltr'>τοὺς</span> <span class='ocrx_word' id='word_1_713' title='bbox 499 4726 674 4787; x_wconf 80' lang='grc' dir='ltr'>θείους</span> <span class='ocrx_word' id='word_1_714' title='bbox 701 4727 928 4789; x_wconf 86' lang='grc' dir='ltr'>κανόνας</span> <span class='ocrx_word' id='word_1_715' title='bbox 954 4726 1120 4780; x_wconf 81' lang='grc' dir='ltr'>καὶτὸ</span> <span class='ocrx_word' id='word_1_716' title='bbox 1150 4725 1360 4794; x_wconf 88' lang='grc' dir='ltr'>πρέπον</span> <span class='ocrx_word' id='word_1_717' title='bbox 1385 4730 1451 4795; x_wconf 83' lang='grc' dir='ltr'>τῇ</span> <span class='ocrx_word' id='word_1_718' title='bbox 1496 4727 1794 4798; x_wconf 71' lang='grc' dir='ltr'>Ἐκκλησία</span> 
     </span>
    </p>
   </div>
   <div class='ocr_carea' id='block_1_95' title="bbox 217 4816 1788 4887">
    <p class='ocr_par' dir='ltr' id='par_1_95' title="bbox 217 4816 1788 4887">
     <span class='ocr_line' id='line_1_95' title="bbox 217 4816 1788 4887; baseline 0.001 -18"><span class='ocrx_word' id='word_1_719' title='bbox 217 4816 330 4870; x_wconf 60' lang='grc' dir='ltr'><strong>καὶ</strong></span> <span class='ocrx_word' id='word_1_720' title='bbox 348 4818 463 4878; x_wconf 86' lang='grc' dir='ltr'>τοῖς</span> <span class='ocrx_word' id='word_1_721' title='bbox 489 4817 823 4886; x_wconf 83' lang='grc' dir='ltr'>λειτουργοῖς</span> <span class='ocrx_word' id='word_1_722' title='bbox 848 4816 942 4869; x_wconf 82' lang='grc' dir='ltr'>τοῦ</span> <span class='ocrx_word' id='word_1_723' title='bbox 965 4817 1122 4879; x_wconf 81' lang='grc' dir='ltr'>Θεοῦ,</span> <span class='ocrx_word' id='word_1_724' title='bbox 1157 4819 1326 4886; x_wconf 74' lang='grc' dir='ltr'>ἤγουν</span> <span class='ocrx_word' id='word_1_725' title='bbox 1373 4817 1434 4870; x_wconf 83' lang='grc' dir='ltr'>τὸ</span> <span class='ocrx_word' id='word_1_726' title='bbox 1463 4818 1788 4887; x_wconf 85' lang='grc' dir='ltr'>δικαιοπρα-</span> 
     </span>
    </p>
   </div>
   <div class='ocr_carea' id='block_1_96' title="bbox 219 4908 1789 4980">
    <p class='ocr_par' dir='ltr' id='par_1_96' title="bbox 219 4908 1789 4980">
     <span class='ocr_line' id='line_1_96' title="bbox 219 4908 1789 4980; baseline 0.001 -20"><span class='ocrx_word' id='word_1_727' title='bbox 219 4909 364 4977; x_wconf 84' lang='grc' dir='ltr'>γεῖν,</span> <span class='ocrx_word' id='word_1_728' title='bbox 402 4909 746 4978; x_wconf 79' lang='grc' dir='ltr'>δυσωπηθεὶς</span> <span class='ocrx_word' id='word_1_729' title='bbox 813 4910 869 4962; x_wconf 79' lang='grc' dir='ltr'>δὲ</span> <span class='ocrx_word' id='word_1_730' title='bbox 931 4911 1025 4962; x_wconf 72' lang='grc' dir='ltr'><strong>καὶ</strong></span> <span class='ocrx_word' id='word_1_731' title='bbox 1075 4909 1173 4978; x_wconf 83' lang='grc' dir='ltr'><strong>τὴν</strong></span> <span class='ocrx_word' id='word_1_732' title='bbox 1231 4908 1507 4978; x_wconf 84' lang='grc' dir='ltr'>ἡμετέραν</span> <span class='ocrx_word' id='word_1_733' title='bbox 1547 4910 1789 4980; x_wconf 80' lang='grc' dir='ltr'>γραφὴν.</span> 
     </span>
    </p>
   </div>
   <div class='ocr_carea' id='block_1_97' title="bbox 222 5001 1797 5072">
    <p class='ocr_par' dir='ltr' id='par_1_97' title="bbox 222 5001 1797 5072">
     <span class='ocr_line' id='line_1_97' title="bbox 222 5001 1797 5072; baseline 0 -18"><span class='ocrx_word' id='word_1_734' title='bbox 222 5003 423 5070; x_wconf 85' lang='grc' dir='ltr'>στῆσον</span> <span class='ocrx_word' id='word_1_735' title='bbox 455 5002 548 5055; x_wconf 84' lang='grc' dir='ltr'>τοῦ</span> <span class='ocrx_word' id='word_1_736' title='bbox 581 5001 893 5072; x_wconf 76' lang='grc' dir='ltr'>πρεσϐύτου</span> <span class='ocrx_word' id='word_1_737' title='bbox 929 5001 989 5054; x_wconf 84' lang='grc' dir='ltr'><strong>τδ</strong></span> <span class='ocrx_word' id='word_1_738' title='bbox 1017 5002 1273 5071; x_wconf 85' lang='grc' dir='ltr'>δάκρυον,</span> <span class='ocrx_word' id='word_1_739' title='bbox 1334 5002 1428 5054; x_wconf 74' lang='grc' dir='ltr'><strong>καὶ</strong></span> <span class='ocrx_word' id='word_1_740' title='bbox 1478 5002 1526 5054; x_wconf 85' lang='grc' dir='ltr'><strong>εί</strong></span> <span class='ocrx_word' id='word_1_741' title='bbox 1580 5001 1797 5071; x_wconf 88' lang='grc' dir='ltr'>θελήσει</span> 
     </span>
    </p>
   </div>
   <div class='ocr_carea' id='block_1_98' title="bbox 222 5091 1795 5162">
    <p class='ocr_par' dir='ltr' id='par_1_98' title="bbox 222 5091 1795 5162">
     <span class='ocr_line' id='line_1_98' title="bbox 222 5091 1795 5162; baseline 0 -16"><span class='ocrx_word' id='word_1_742' title='bbox 222 5093 651 5161; x_wconf 82' lang='grc' dir='ltr'>συνδικασθῆναι</span> <span class='ocrx_word' id='word_1_743' title='bbox 696 5096 807 5156; x_wconf 86' lang='grc' dir='ltr'>τοῖς</span> <span class='ocrx_word' id='word_1_744' title='bbox 856 5093 1183 5161; x_wconf 83' lang='grc' dir='ltr'>κατηγόροις</span> <span class='ocrx_word' id='word_1_745' title='bbox 1239 5091 1425 5154; x_wconf 79' lang='grc' dir='ltr'>αὑτοῦ,</span> <span class='ocrx_word' id='word_1_746' title='bbox 1483 5092 1795 5162; x_wconf 82' lang='grc' dir='ltr'>δικασθήτω</span> 
     </span>
    </p>
   </div>
   <div class='ocr_carea' id='block_1_99' title="bbox 222 5184 1798 5255">
    <p class='ocr_par' dir='ltr' id='par_1_99' title="bbox 222 5184 1798 5255">
     <span class='ocr_line' id='line_1_99' title="bbox 222 5184 1798 5255; baseline 0 -18"><span class='ocrx_word' id='word_1_747' title='bbox 222 5189 384 5255; x_wconf 76' lang='grc' dir='ltr'>τιαρὰ</span> <span class='ocrx_word' id='word_1_748' title='bbox 417 5203 496 5239; x_wconf 92' lang='grc' dir='ltr'><strong>σοι</strong></span> <span class='ocrx_word' id='word_1_749' title='bbox 531 5187 625 5238; x_wconf 79' lang='grc' dir='ltr'>καὶ</span> <span class='ocrx_word' id='word_1_750' title='bbox 668 5189 779 5247; x_wconf 85' lang='grc' dir='ltr'>τοῖς</span> <span class='ocrx_word' id='word_1_751' title='bbox 823 5184 927 5238; x_wconf 88' lang='grc' dir='ltr'>ύπὸ</span> <span class='ocrx_word' id='word_1_752' title='bbox 979 5201 1038 5236; x_wconf 88' lang='grc' dir='ltr'><strong>σε</strong></span> <span class='ocrx_word' id='word_1_753' title='bbox 1078 5184 1424 5246; x_wconf 84' lang='grc' dir='ltr'>ἐπισκόποις·</span> <span class='ocrx_word' id='word_1_754' title='bbox 1459 5185 1505 5236; x_wconf 84' lang='grc' dir='ltr'><strong>εί</strong></span> <span class='ocrx_word' id='word_1_755' title='bbox 1554 5184 1610 5236; x_wconf 73' lang='grc' dir='ltr'><strong>δέ</strong></span> <span class='ocrx_word' id='word_1_756' title='bbox 1644 5203 1798 5248; x_wconf 85' lang='grc' dir='ltr'>τινας</span> 
     </span>
    </p>
   </div>
   <div class='ocr_carea' id='block_1_100' title="bbox 223 5274 1796 5347">
    <p class='ocr_par' dir='ltr' id='par_1_100' title="bbox 223 5274 1796 5347">
     <span class='ocr_line' id='line_1_100' title="bbox 223 5274 1796 5347; baseline -0.002 -16"><span class='ocrx_word' id='word_1_757' title='bbox 223 5277 502 5339; x_wconf 80' lang='grc' dir='ltr'>ὑπόπτους</span> <span class='ocrx_word' id='word_1_758' title='bbox 530 5276 642 5347; x_wconf 75' lang='grc' dir='ltr'>ἔχει</span> <span class='ocrx_word' id='word_1_759' title='bbox 670 5277 777 5330; x_wconf 86' lang='grc' dir='ltr'><strong>τῶν</strong></span> <span class='ocrx_word' id='word_1_760' title='bbox 804 5276 1140 5340; x_wconf 86' lang='grc' dir='ltr'>ἐπισκόπων,</span> <span class='ocrx_word' id='word_1_761' title='bbox 1193 5274 1266 5337; x_wconf 85' lang='grc' dir='ltr'><strong>ὡς</strong></span> <span class='ocrx_word' id='word_1_762' title='bbox 1322 5275 1396 5345; x_wconf 82' lang='grc' dir='ltr'><strong>μὴ</strong></span> <span class='ocrx_word' id='word_1_763' title='bbox 1454 5274 1634 5336; x_wconf 84' lang='grc' dir='ltr'>καλῶς</span> <span class='ocrx_word' id='word_1_764' title='bbox 1688 5276 1796 5328; x_wconf 86' lang='grc' dir='ltr'>δια-</span> 
     </span>
    </p>
   </div>
   <div class='ocr_carea' id='block_1_101' title="bbox 224 5367 1798 5441">
    <p class='ocr_par' dir='ltr' id='par_1_101' title="bbox 224 5367 1798 5441">
     <span class='ocr_line' id='line_1_101' title="bbox 224 5367 1798 5441; baseline -0.004 -16"><span class='ocrx_word' id='word_1_765' title='bbox 224 5372 513 5440; x_wconf 83' lang='grc' dir='ltr'>κειμένους</span> <span class='ocrx_word' id='word_1_766' title='bbox 542 5371 679 5441; x_wconf 83' lang='grc' dir='ltr'>πρὸς</span> <span class='ocrx_word' id='word_1_767' title='bbox 707 5371 890 5436; x_wconf 78' lang='grc' dir='ltr'>αὑτὸν,</span> <span class='ocrx_word' id='word_1_768' title='bbox 922 5373 1015 5422; x_wconf 74' lang='grc' dir='ltr'><strong>καὶ</strong></span> <span class='ocrx_word' id='word_1_769' title='bbox 1047 5369 1396 5438; x_wconf 81' lang='grc' dir='ltr'>παραιτεῖται</span> <span class='ocrx_word' id='word_1_770' title='bbox 1426 5367 1621 5427; x_wconf 81' lang='grc' dir='ltr'>αὐτοὺς</span> <span class='ocrx_word' id='word_1_771' title='bbox 1651 5367 1798 5419; x_wconf 73' lang='grc' dir='ltr'>ἐκεῖ·</span> 
     </span>
    </p>
   </div>
   <div class='ocr_carea' id='block_1_102' title="bbox 224 5456 1797 5532">
    <p class='ocr_par' dir='ltr' id='par_1_102' title="bbox 224 5456 1797 5532">
     <span class='ocr_line' id='line_1_102' title="bbox 224 5456 1797 5532; baseline -0.006 -16"><span class='ocrx_word' id='word_1_772' title='bbox 224 5481 313 5518; x_wconf 87' lang='grc' dir='ltr'><strong>νοι</strong></span> <span class='ocrx_word' id='word_1_773' title='bbox 346 5464 421 5532; x_wconf 77' lang='grc' dir='ltr'>μὴ</span> <span class='ocrx_word' id='word_1_774' title='bbox 445 5463 795 5531; x_wconf 85' lang='grc' dir='ltr'>παρίστωσαν</span> <span class='ocrx_word' id='word_1_775' title='bbox 827 5463 908 5523; x_wconf 79' lang='grc' dir='ltr'>είς·</span> <span class='ocrx_word' id='word_1_776' title='bbox 950 5461 1013 5512; x_wconf 88' lang='grc' dir='ltr'><strong>τὸ</strong></span> <span class='ocrx_word' id='word_1_777' title='bbox 1065 5459 1436 5528; x_wconf 77' lang='grc' dir='ltr'>δικαστήριον.</span> <span class='ocrx_word' id='word_1_778' title='bbox 1468 5456 1660 5526; x_wconf 80' lang='grc' dir='ltr'>Ἡμεῖς</span> <span class='ocrx_word' id='word_1_779' title='bbox 1700 5458 1797 5526; x_wconf 81' lang='grc' dir='ltr'>μὲν</span> 
     </span>
    </p>
   </div>
   <div class='ocr_carea' id='block_1_103' title="bbox 225 5549 1797 5626">
    <p class='ocr_par' dir='ltr' id='par_1_103' title="bbox 225 5549 1797 5626">
     <span class='ocr_line' id='line_1_103' title="bbox 225 5549 1797 5626; baseline -0.004 -19"><span class='ocrx_word' id='word_1_780' title='bbox 225 5557 383 5626; x_wconf 83' lang='grc' dir='ltr'>γὰρ,</span> <span class='ocrx_word' id='word_1_781' title='bbox 415 5556 598 5625; x_wconf 82' lang='grc' dir='ltr'>φησὶν,</span> <span class='ocrx_word' id='word_1_782' title='bbox 630 5554 818 5607; x_wconf 69' lang='grc' dir='ltr'>ούδέινα</span> <span class='ocrx_word' id='word_1_783' title='bbox 868 5552 976 5605; x_wconf 88' lang='grc' dir='ltr'><strong>τῶν</strong></span> <span class='ocrx_word' id='word_1_784' title='bbox 1033 5551 1347 5603; x_wconf 83' lang='grc' dir='ltr'>ἐπισκόπων</span> <span class='ocrx_word' id='word_1_785' title='bbox 1398 5549 1600 5619; x_wconf 75' lang='grc' dir='ltr'>ἔχθραν</span> <span class='ocrx_word' id='word_1_786' title='bbox 1654 5549 1797 5619; x_wconf 81' lang='grc' dir='ltr'>ἔχειν</span> 
     </span>
    </p>
   </div>
   <div class='ocr_carea' id='block_1_104' title="bbox 227 5641 1797 5717">
    <p class='ocr_par' dir='ltr' id='par_1_104' title="bbox 227 5641 1797 5717">
     <span class='ocr_line' id='line_1_104' title="bbox 227 5641 1797 5717; baseline -0.007 -13"><span class='ocrx_word' id='word_1_787' title='bbox 227 5647 565 5717; x_wconf 85' lang='grc' dir='ltr'>πιστεύομεν</span> <span class='ocrx_word' id='word_1_788' title='bbox 589 5647 728 5701; x_wconf 85' lang='grc' dir='ltr'><strong>κατά</strong></span> <span class='ocrx_word' id='word_1_789' title='bbox 749 5645 998 5715; x_wconf 77' lang='grc' dir='ltr'>ἀδελφοῦ,</span> <span class='ocrx_word' id='word_1_790' title='bbox 1024 5644 1147 5697; x_wconf 88' lang='grc' dir='ltr'><strong>ούδέ</strong></span> <span class='ocrx_word' id='word_1_791' title='bbox 1181 5643 1268 5696; x_wconf 80' lang='grc' dir='ltr'>διὰ</span> <span class='ocrx_word' id='word_1_792' title='bbox 1306 5642 1462 5695; x_wconf 80' lang='grc' dir='ltr'>τοῦτο</span> <span class='ocrx_word' id='word_1_793' title='bbox 1518 5641 1797 5712; x_wconf 89' lang='grc' dir='ltr'>κωλύομεν</span> 
     </span>
    </p>
   </div>
   <div class='ocr_carea' id='block_1_105' title="bbox 229 5732 1797 5807">
    <p class='ocr_par' dir='ltr' id='par_1_105' title="bbox 229 5732 1797 5807">
     <span class='ocr_line' id='line_1_105' title="bbox 229 5732 1797 5807; baseline -0.009 -10"><span class='ocrx_word' id='word_1_794' title='bbox 229 5742 436 5804; x_wconf 77' lang='grc' dir='ltr'>αὐτοὺς</span> <span class='ocrx_word' id='word_1_795' title='bbox 467 5741 784 5794; x_wconf 79' lang='grc' dir='ltr'>συνδικάσαι</span> <span class='ocrx_word' id='word_1_796' title='bbox 830 5739 992 5807; x_wconf 79' lang='grc' dir='ltr'>ἡμῖν·</span> <span class='ocrx_word' id='word_1_797' title='bbox 1029 5737 1115 5788; x_wconf 86' lang='grc' dir='ltr'><strong>ἴνα</strong></span> <span class='ocrx_word' id='word_1_798' title='bbox 1165 5735 1220 5787; x_wconf 80' lang='grc' dir='ltr'>δὲ</span> <span class='ocrx_word' id='word_1_799' title='bbox 1256 5735 1328 5804; x_wconf 82' lang='grc' dir='ltr'>μὴ</span> <span class='ocrx_word' id='word_1_800' title='bbox 1377 5740 1536 5785; x_wconf 79' lang='grc' dir='ltr'>τοῦτο</span> <span class='ocrx_word' id='word_1_801' title='bbox 1573 5732 1797 5803; x_wconf 83' lang='grc' dir='ltr'>ἀφορμὴ</span> 
     </span>
    </p>
   </div>
   <div class='ocr_carea' id='block_1_106' title="bbox 1903 4631 3472 4703">
    <p class='ocr_par' dir='ltr' id='par_1_106' title="bbox 1903 4631 3472 4703">
     <span class='ocr_line' id='line_1_106' title="bbox 1903 4631 3472 4703; baseline -0.003 -16"><span class='ocrx_word' id='word_1_802' title='bbox 1903 4634 1985 4687; x_wconf 83' lang='lat' dir='ltr'><strong>Tu</strong></span> <span class='ocrx_word' id='word_1_803' title='bbox 2015 4648 2164 4703; x_wconf 82' lang='lat' dir='ltr'><strong>ergo,</strong></span> <span class='ocrx_word' id='word_1_804' title='bbox 2197 4634 2385 4688; x_wconf 89' lang='lat' dir='ltr'><strong>scribit</strong></span> <span class='ocrx_word' id='word_1_805' title='bbox 2424 4645 2645 4688; x_wconf 87' lang='lat' dir='ltr'><strong>sanctus</strong></span> <span class='ocrx_word' id='word_1_806' title='bbox 2689 4634 2754 4688; x_wconf 87' lang='lat' dir='ltr'><strong>ad</strong></span> <span class='ocrx_word' id='word_1_807' title='bbox 2804 4632 3091 4698; x_wconf 86' lang='lat' dir='ltr'><strong>Domuum,</strong></span> <span class='ocrx_word' id='word_1_808' title='bbox 3126 4632 3221 4701; x_wconf 87' lang='lat' dir='ltr'><strong>qui</strong></span> <span class='ocrx_word' id='word_1_809' title='bbox 3268 4631 3375 4684; x_wconf 86' lang='lat' dir='ltr'><strong>scis</strong></span> <span class='ocrx_word' id='word_1_810' title='bbox 3419 4638 3472 4683; x_wconf 90' lang='lat' dir='ltr'><strong>et</strong></span> 
     </span>
    </p>
   </div>
   <div class='ocr_carea' id='block_1_107' title="bbox 1904 4722 3468 4795">
    <p class='ocr_par' dir='ltr' id='par_1_107' title="bbox 1904 4722 3468 4795">
     <span class='ocr_line' id='line_1_107' title="bbox 1904 4722 3468 4795; baseline -0.004 -13"><span class='ocrx_word' id='word_1_811' title='bbox 1904 4727 2114 4782; x_wconf 85' lang='lat' dir='ltr'><strong>divinos</strong></span> <span class='ocrx_word' id='word_1_812' title='bbox 2165 4741 2426 4789; x_wconf 88' lang='lat' dir='ltr'><strong>canones,</strong></span> <span class='ocrx_word' id='word_1_813' title='bbox 2453 4735 2506 4781; x_wconf 91' lang='lat' dir='ltr'><strong>et</strong></span> <span class='ocrx_word' id='word_1_814' title='bbox 2541 4728 2681 4795; x_wconf 91' lang='lat' dir='ltr'><strong>quod</strong></span> <span class='ocrx_word' id='word_1_815' title='bbox 2717 4727 2969 4781; x_wconf 86' lang='lat' dir='ltr'><strong>convenit</strong></span> <span class='ocrx_word' id='word_1_816' title='bbox 3009 4725 3260 4782; x_wconf 63' lang='lat' dir='ltr'><strong>Ecclesiae</strong></span> <span class='ocrx_word' id='word_1_817' title='bbox 3291 4735 3354 4778; x_wconf 90' lang='lat' dir='ltr'><strong>et-</strong></span> <span class='ocrx_word' id='word_1_818' title='bbox 3377 4722 3468 4776; x_wconf 87' lang='lat' dir='ltr'><strong>Dei</strong></span> 
     </span>
    </p>
   </div>
   <div class='ocr_carea' id='block_1_108' title="bbox 1905 4816 3468 4887">
    <p class='ocr_par' dir='ltr' id='par_1_108' title="bbox 1905 4816 3468 4887">
     <span class='ocr_line' id='line_1_108' title="bbox 1905 4816 3468 4887; baseline -0.004 -15"><span class='ocrx_word' id='word_1_819' title='bbox 1905 4819 2188 4885; x_wconf 89' lang='lat' dir='ltr'><strong>ministris,</strong></span> <span class='ocrx_word' id='word_1_820' title='bbox 2222 4832 2412 4886; x_wconf 88' lang='lat' dir='ltr'><strong>nempe</strong></span> <span class='ocrx_word' id='word_1_821' title='bbox 2436 4818 2578 4886; x_wconf 86' lang='lat' dir='ltr'><strong>juste</strong></span> <span class='ocrx_word' id='word_1_822' title='bbox 2608 4833 2787 4887; x_wconf 79' lang='lat' dir='ltr'><strong>agere,</strong></span> <span class='ocrx_word' id='word_1_823' title='bbox 2819 4827 3130 4874; x_wconf 87' lang='lat' dir='ltr'><strong>nostrarum</strong></span> <span class='ocrx_word' id='word_1_824' title='bbox 3166 4816 3327 4871; x_wconf 77' lang='lat' dir='ltr'><strong>etiam</strong></span> <span class='ocrx_word' id='word_1_825' title='bbox 3382 4816 3468 4868; x_wconf 88' lang='lat' dir='ltr'><strong>Iit-</strong></span> 
     </span>
    </p>
   </div>
   <div class='ocr_carea' id='block_1_109' title="bbox 1903 4908 3468 4979">
    <p class='ocr_par' dir='ltr' id='par_1_109' title="bbox 1903 4908 3468 4979">
     <span class='ocr_line' id='line_1_109' title="bbox 1903 4908 3468 4979; baseline -0.004 -16"><span class='ocrx_word' id='word_1_826' title='bbox 1903 4918 2136 4965; x_wconf 86' lang='lat' dir='ltr'><strong>terarum</strong></span> <span class='ocrx_word' id='word_1_827' title='bbox 2172 4911 2434 4965; x_wconf 88' lang='lat' dir='ltr'><strong>rationem</strong></span> <span class='ocrx_word' id='word_1_828' title='bbox 2464 4912 2685 4974; x_wconf 87' lang='lat' dir='ltr'><strong>ducens,</strong></span> <span class='ocrx_word' id='word_1_829' title='bbox 2723 4910 2955 4979; x_wconf 89' lang='lat' dir='ltr'><strong>reprime</strong></span> <span class='ocrx_word' id='word_1_830' title='bbox 2982 4909 3130 4963; x_wconf 90' lang='lat' dir='ltr'><strong>senis</strong></span> <span class='ocrx_word' id='word_1_831' title='bbox 3170 4908 3468 4976; x_wconf 85' lang='lat' dir='ltr'><strong>laerymas,</strong></span> 
     </span>
    </p>
   </div>
   <div class='ocr_carea' id='block_1_110' title="bbox 1901 4999 3468 5069">
    <p class='ocr_par' dir='ltr' id='par_1_110' title="bbox 1901 4999 3468 5069">
     <span class='ocr_line' id='line_1_110' title="bbox 1901 4999 3468 5069; baseline -0.003 -13"><span class='ocrx_word' id='word_1_832' title='bbox 1901 5011 1954 5056; x_wconf 90' lang='lat' dir='ltr'><strong>et</strong></span> <span class='ocrx_word' id='word_1_833' title='bbox 1989 5002 2034 5056; x_wconf 93' lang='lat' dir='ltr'><strong>si</strong></span> <span class='ocrx_word' id='word_1_834' title='bbox 2071 5002 2196 5056; x_wconf 83' lang='lat' dir='ltr'><strong>velit</strong></span> <span class='ocrx_word' id='word_1_835' title='bbox 2237 5017 2359 5057; x_wconf 89' lang='lat' dir='ltr'><strong>cum</strong></span> <span class='ocrx_word' id='word_1_836' title='bbox 2396 5003 2507 5057; x_wconf 90' lang='lat' dir='ltr'><strong>suis</strong></span> <span class='ocrx_word' id='word_1_837' title='bbox 2549 5001 2954 5056; x_wconf 81' lang='lat' dir='ltr'><strong>accusatoribus</strong></span> <span class='ocrx_word' id='word_1_838' title='bbox 2995 4999 3198 5069; x_wconf 82' lang='lat' dir='ltr'><strong>judicio</strong></span> <span class='ocrx_word' id='word_1_839' title='bbox 3244 5006 3468 5052; x_wconf 79' lang='lat' dir='ltr'><strong>conten-</strong></span> 
     </span>
    </p>
   </div>
   <div class='ocr_carea' id='block_1_111' title="bbox 1899 5087 3464 5162">
    <p class='ocr_par' dir='ltr' id='par_1_111' title="bbox 1899 5087 3464 5162">
     <span class='ocr_line' id='line_1_111' title="bbox 1899 5087 3464 5162; baseline -0.003 -16"><span class='ocrx_word' id='word_1_840' title='bbox 1899 5095 2046 5158; x_wconf 87' lang='lat' dir='ltr'><strong>dere,</strong></span> <span class='ocrx_word' id='word_1_841' title='bbox 2089 5096 2226 5162; x_wconf 88' lang='lat' dir='ltr'><strong>apud</strong></span> <span class='ocrx_word' id='word_1_842' title='bbox 2261 5102 2309 5147; x_wconf 86' lang='lat' dir='ltr'><strong>te</strong></span> <span class='ocrx_word' id='word_1_843' title='bbox 2341 5103 2396 5147; x_wconf 86' lang='lat' dir='ltr'><strong>et</strong></span> <span class='ocrx_word' id='word_1_844' title='bbox 2424 5093 2514 5161; x_wconf 91' lang='lat' dir='ltr'><strong>qui</strong></span> <span class='ocrx_word' id='word_1_845' title='bbox 2544 5092 2634 5146; x_wconf 89' lang='lat' dir='ltr'><strong>tibi</strong></span> <span class='ocrx_word' id='word_1_846' title='bbox 2659 5095 2886 5146; x_wconf 87' lang='lat' dir='ltr'><strong>subsunt</strong></span> <span class='ocrx_word' id='word_1_847' title='bbox 2919 5091 3204 5160; x_wconf 87' lang='lat' dir='ltr'><strong>episcopos</strong></span> <span class='ocrx_word' id='word_1_848' title='bbox 3257 5087 3464 5157; x_wconf 83' lang='lat' dir='ltr'><strong>litiget:</strong></span> 
     </span>
    </p>
   </div>
   <div class='ocr_carea' id='block_1_112' title="bbox 1899 5179 3462 5252">
    <p class='ocr_par' dir='ltr' id='par_1_112' title="bbox 1899 5179 3462 5252">
     <span class='ocr_line' id='line_1_112' title="bbox 1899 5179 3462 5252; baseline -0.006 -13"><span class='ocrx_word' id='word_1_849' title='bbox 1899 5185 1983 5240; x_wconf 88' lang='lat' dir='ltr'><strong>sin</strong></span> <span class='ocrx_word' id='word_1_850' title='bbox 2018 5193 2198 5238; x_wconf 84' lang='lat' dir='ltr'><strong>autem</strong></span> <span class='ocrx_word' id='word_1_851' title='bbox 2234 5184 2606 5252; x_wconf 86' lang='lat' dir='ltr'><strong>episeOporum</strong></span> <span class='ocrx_word' id='word_1_852' title='bbox 2666 5184 2877 5251; x_wconf 88' lang='lat' dir='ltr'><strong>aliquos</strong></span> <span class='ocrx_word' id='word_1_853' title='bbox 2915 5190 3197 5250; x_wconf 83' lang='lat' dir='ltr'><strong>suspectos</strong></span> <span class='ocrx_word' id='word_1_854' title='bbox 3246 5179 3462 5244; x_wconf 82' lang='lat' dir='ltr'><strong>habeat,</strong></span> 
     </span>
    </p>
   </div>
   <div class='ocr_carea' id='block_1_113' title="bbox 1901 5269 3464 5344">
    <p class='ocr_par' dir='ltr' id='par_1_113' title="bbox 1901 5269 3464 5344">
     <span class='ocr_line' id='line_1_113' title="bbox 1901 5269 3464 5344; baseline -0.004 -15"><span class='ocrx_word' id='word_1_855' title='bbox 1901 5286 1956 5329; x_wconf 88' lang='lat' dir='ltr'><strong>ut</strong></span> <span class='ocrx_word' id='word_1_856' title='bbox 1991 5290 2095 5330; x_wconf 92' lang='lat' dir='ltr'><strong>non</strong></span> <span class='ocrx_word' id='word_1_857' title='bbox 2125 5276 2258 5330; x_wconf 91' lang='lat' dir='ltr'><strong>bene</strong></span> <span class='ocrx_word' id='word_1_858' title='bbox 2289 5275 2340 5329; x_wconf 91' lang='lat' dir='ltr'><strong>in</strong></span> <span class='ocrx_word' id='word_1_859' title='bbox 2391 5276 2562 5344; x_wconf 88' lang='lat' dir='ltr'><strong>ipsum</strong></span> <span class='ocrx_word' id='word_1_860' title='bbox 2590 5273 2833 5339; x_wconf 84' lang='lat' dir='ltr'><strong>affectos,</strong></span> <span class='ocrx_word' id='word_1_861' title='bbox 2866 5282 2932 5327; x_wconf 74' lang='lat' dir='ltr'><strong>et</strong></span> <span class='ocrx_word' id='word_1_862' title='bbox 2957 5287 3051 5327; x_wconf 89' lang='lat' dir='ltr'><strong>eos</strong></span> <span class='ocrx_word' id='word_1_863' title='bbox 3096 5277 3338 5331; x_wconf 87' lang='lat' dir='ltr'><strong>recuset.</strong></span> <span class='ocrx_word' id='word_1_864' title='bbox 3389 5269 3464 5323; x_wconf 88' lang='lat' dir='ltr'><strong>illi</strong></span> 
     </span>
    </p>
   </div>
   <div class='ocr_carea' id='block_1_114' title="bbox 1897 5361 3467 5438">
    <p class='ocr_par' dir='ltr' id='par_1_114' title="bbox 1897 5361 3467 5438">
     <span class='ocr_line' id='line_1_114' title="bbox 1897 5361 3467 5438; baseline -0.006 -16"><span class='ocrx_word' id='word_1_865' title='bbox 1897 5369 1950 5422; x_wconf 90' lang='lat' dir='ltr'><strong>in</strong></span> <span class='ocrx_word' id='word_1_866' title='bbox 1974 5368 2178 5438; x_wconf 90' lang='lat' dir='ltr'><strong>judicio</strong></span> <span class='ocrx_word' id='word_1_867' title='bbox 2200 5383 2303 5422; x_wconf 90' lang='lat' dir='ltr'><strong>non</strong></span> <span class='ocrx_word' id='word_1_868' title='bbox 2339 5368 2538 5421; x_wconf 85' lang='lat' dir='ltr'><strong>adsint.</strong></span> <span class='ocrx_word' id='word_1_869' title='bbox 2575 5364 2683 5420; x_wconf 88' lang='lat' dir='ltr'><strong>Nos</strong></span> <span class='ocrx_word' id='word_1_870' title='bbox 2713 5366 2878 5428; x_wconf 89' lang='lat' dir='ltr'><strong>enim,</strong></span> <span class='ocrx_word' id='word_1_871' title='bbox 2905 5363 3095 5432; x_wconf 91' lang='lat' dir='ltr'><strong>inquit,</strong></span> <span class='ocrx_word' id='word_1_872' title='bbox 3123 5361 3324 5421; x_wconf 87' lang='lat' dir='ltr'><strong>nullum</strong></span> <span class='ocrx_word' id='word_1_873' title='bbox 3352 5361 3467 5429; x_wconf 85' lang='lat' dir='ltr'><strong>epi-</strong></span> 
     </span>
    </p>
   </div>
   <div class='ocr_carea' id='block_1_115' title="bbox 1895 5448 3466 5525">
    <p class='ocr_par' dir='ltr' id='par_1_115' title="bbox 1895 5448 3466 5525">
     <span class='ocr_line' id='line_1_115' title="bbox 1895 5448 3466 5525; baseline -0.004 -16"><span class='ocrx_word' id='word_1_874' title='bbox 1895 5470 2111 5525; x_wconf 89' lang='lat' dir='ltr'><strong>scopum</strong></span> <span class='ocrx_word' id='word_1_875' title='bbox 2145 5454 2455 5510; x_wconf 88' lang='lat' dir='ltr'><strong>inimicitias</strong></span> <span class='ocrx_word' id='word_1_876' title='bbox 2502 5455 2701 5510; x_wconf 87' lang='lat' dir='ltr'><strong>habere</strong></span> <span class='ocrx_word' id='word_1_877' title='bbox 2735 5453 2991 5506; x_wconf 85' lang='lat' dir='ltr'><strong>adversus</strong></span> <span class='ocrx_word' id='word_1_878' title='bbox 3027 5449 3247 5504; x_wconf 79' lang='lat' dir='ltr'><strong>fratrem</strong></span> <span class='ocrx_word' id='word_1_879' title='bbox 3286 5448 3466 5503; x_wconf 88' lang='lat' dir='ltr'><strong>credi-</strong></span> 
     </span>
    </p>
   </div>
   <div class='ocr_carea' id='block_1_116' title="bbox 1896 5541 3466 5617">
    <p class='ocr_par' dir='ltr' id='par_1_116' title="bbox 1896 5541 3466 5617">
     <span class='ocr_line' id='line_1_116' title="bbox 1896 5541 3466 5617; baseline -0.006 -16"><span class='ocrx_word' id='word_1_880' title='bbox 1896 5564 2040 5609; x_wconf 85' lang='lat' dir='ltr'><strong>mus,</strong></span> <span class='ocrx_word' id='word_1_881' title='bbox 2085 5561 2182 5602; x_wconf 88' lang='lat' dir='ltr'><strong>nec</strong></span> <span class='ocrx_word' id='word_1_882' title='bbox 2212 5555 2492 5617; x_wconf 83' lang='lat' dir='ltr'><strong>propterea</strong></span> <span class='ocrx_word' id='word_1_883' title='bbox 2517 5555 2756 5600; x_wconf 80' lang='lat' dir='ltr'><strong>velamus</strong></span> <span class='ocrx_word' id='word_1_884' title='bbox 2795 5557 2864 5598; x_wconf 89' lang='lat' dir='ltr'><strong>ne</strong></span> <span class='ocrx_word' id='word_1_885' title='bbox 2904 5542 2978 5596; x_wconf 92' lang='lat' dir='ltr'><strong>illi</strong></span> <span class='ocrx_word' id='word_1_886' title='bbox 3028 5541 3305 5595; x_wconf 90' lang='lat' dir='ltr'><strong>nobiscum</strong></span> <span class='ocrx_word' id='word_1_887' title='bbox 3360 5554 3466 5593; x_wconf 84' lang='lat' dir='ltr'><strong>una</strong></span> 
     </span>
    </p>
   </div>
   <div class='ocr_carea' id='block_1_117' title="bbox 1897 5629 3475 5710">
    <p class='ocr_par' dir='ltr' id='par_1_117' title="bbox 1897 5629 3475 5710">
     <span class='ocr_line' id='line_1_117' title="bbox 1897 5629 3475 5710; baseline -0.008 -15"><span class='ocrx_word' id='word_1_888' title='bbox 1897 5639 2139 5710; x_wconf 86' lang='lat' dir='ltr'><strong>judicent</strong></span> <span class='ocrx_word' id='word_1_889' title='bbox 2175 5656 2187 5692; x_wconf 93' lang='lat'><strong>:</strong></span> <span class='ocrx_word' id='word_1_890' title='bbox 2221 5639 2312 5693; x_wconf 82' lang='lat' dir='ltr'><strong>sed</strong></span> <span class='ocrx_word' id='word_1_891' title='bbox 2357 5653 2423 5693; x_wconf 89' lang='lat' dir='ltr'><strong>ne</strong></span> <span class='ocrx_word' id='word_1_892' title='bbox 2456 5637 2558 5692; x_wconf 88' lang='lat' dir='ltr'><strong>hoc</strong></span> <span class='ocrx_word' id='word_1_893' title='bbox 2599 5638 2668 5691; x_wconf 84' lang='lat' dir='ltr'><strong>sit</strong></span> <span class='ocrx_word' id='word_1_894' title='bbox 2696 5635 2930 5696; x_wconf 85' lang='lat' dir='ltr'><strong>occasio,</strong></span> <span class='ocrx_word' id='word_1_895' title='bbox 2953 5632 3238 5704; x_wconf 80' lang='lat' dir='ltr'><strong>quominus</strong></span> <span class='ocrx_word' id='word_1_896' title='bbox 3270 5630 3384 5698; x_wconf 85' lang='lat' dir='ltr'><strong>ipse</strong></span> <span class='ocrx_word' id='word_1_897' title='bbox 3412 5629 3475 5683; x_wconf 71' lang='lat' dir='ltr'><strong>in</strong></span> 
     </span>
    </p>
   </div>
   <div class='ocr_carea' id='block_1_118' title="bbox 1898 5721 3478 5800">
    <p class='ocr_par' dir='ltr' id='par_1_118' title="bbox 1898 5721 3478 5800">
     <span class='ocr_line' id='line_1_118' title="bbox 1898 5721 3478 5800; baseline -0.003 -16"><span class='ocrx_word' id='word_1_898' title='bbox 1898 5731 2098 5800; x_wconf 86' lang='lat' dir='ltr'><strong>judicio</strong></span> <span class='ocrx_word' id='word_1_899' title='bbox 2127 5745 2359 5786; x_wconf 85' lang='lat' dir='ltr'><strong>causans</strong></span> <span class='ocrx_word' id='word_1_900' title='bbox 2393 5744 2495 5785; x_wconf 86' lang='lat' dir='ltr'><strong>non</strong></span> <span class='ocrx_word' id='word_1_901' title='bbox 2530 5739 2672 5800; x_wconf 77' lang='lat' dir='ltr'><strong>agat,</strong></span> <span class='ocrx_word' id='word_1_902' title='bbox 2723 5726 2795 5781; x_wconf 90' lang='lat' dir='ltr'><strong>illi</strong></span> <span class='ocrx_word' id='word_1_903' title='bbox 2825 5741 2854 5780; x_wconf 92' lang='lat' dir='ltr'><strong>a</strong></span> <span class='ocrx_word' id='word_1_904' title='bbox 2887 5738 3137 5781; x_wconf 88' lang='lat' dir='ltr'><strong>consessu</strong></span> <span class='ocrx_word' id='word_1_905' title='bbox 3190 5721 3478 5779; x_wconf 71' lang='lat' dir='ltr'><strong>recedant.</strong></span> 
     </span>
    </p>
   </div>
   <div class='ocr_carea' id='block_1_119' title="bbox 229 5823 2107 5909">
    <p class='ocr_par' dir='ltr' id='par_1_119' title="bbox 229 5823 2107 5909">
     <span class='ocr_line' id='line_1_119' title="bbox 229 5823 2107 5909; baseline -0.005 -22"><span class='ocrx_word' id='word_1_906' title='bbox 229 5836 456 5908; x_wconf 83' lang='grc' dir='ltr'>γένηται</span> <span class='ocrx_word' id='word_1_907' title='bbox 488 5835 580 5890; x_wconf 75' lang='grc' dir='ltr'>τοῦ</span> <span class='ocrx_word' id='word_1_908' title='bbox 614 5837 688 5909; x_wconf 72' lang='grc' dir='ltr'><strong>μὴ</strong></span> <span class='ocrx_word' id='word_1_909' title='bbox 722 5835 1040 5905; x_wconf 76' lang='grc' dir='ltr'>δικασθῆναι</span> <span class='ocrx_word' id='word_1_910' title='bbox 1073 5832 1186 5888; x_wconf 67' lang='grc' dir='ltr'>αὖτ’</span> <span class='ocrx_word' id='word_1_911' title='bbox 1204 5849 1250 5899; x_wconf 85' lang='grc' dir='ltr'><strong>ν,</strong></span> <span class='ocrx_word' id='word_1_912' title='bbox 1278 5827 1775 5900; x_wconf 27' lang='grc' dir='ltr'>ἐκεῖνοιγάπίτωσεν</span> <span class='ocrx_word' id='word_1_913' title='bbox 1818 5823 2107 5895; x_wconf 80' lang='grc' dir='ltr'>συνεδρίου.</span> 
     </span>
    </p>
   </div>
  </div>
