3914 6332
67 385 224 448 τρι
971 401 1051 460 IN
1096 399 1334 462 EPIST.
1375 401 1434 461 s;
1474 402 1781 465 CYRILLI
1821 409 1922 470 AD
1961 409 2172 470 EPISC
2237 410 2476 472 unm.
3245 411 3358 472 θει-

64 503 465 573 πράγμασιν,
495 500 568 560 ὧν
593 507 658 561 ἄν
681 525 764 572 τις
795 508 996 580 πολλὴν
1041 514 1328 581 ποιήσαιτο
1386 512 1666 584 καταϐοὴν,

1784 519 1884 573 hoc
1912 529 2014 582 est,
2041 535 2161 588 quae
2196 520 2374 587 digna:
2404 527 2531 573 sunt
2574 525 2638 574 de
2671 519 2866 590 quibus
2902 519 3256 581 exclametur.
3293 531 3350 576 ut

62 597 405 649 τούτέστιν
451 600 617 663 ἀξίων
670 600 1065 664 καταϐοᾶσθλαι,
1098 603 1172 664 ὡς
1232 604 1310 671 μὴ
1360 603 1666 672 τηραὺστωι

1789 626 1911 681 quae
1943 612 2362 666 ecclesiasticam
2395 613 2792 666 aceurationcm
2820 624 2872 667 et
2904 613 3344 681 consequentia.»

64 682 412 752 ἀκρίϐειαν
442 690 532 740 καὶ
566 682 879 742 ἀκολουθίαν
925 693 1388 763 ἑκκλησιαστικήν
1412 709 1426 723 ·
1453 694 1487 764 ἢ
1524 694 1584 747 τὸ
1608 687 1666 748 ὧι

1788 716 1892 753 non
1916 710 2168 754 servent:
2204 701 2285 754 vel
2314 701 2438 755 illud
2474 701 2588 755 :De
2615 702 2809 770 quibus
2852 701 3068 755 inultam
3112 701 3234 768 quis
3258 715 3344 752 cx-

63 776 328 846 πολλὴν
351 796 434 841 τις
469 781 729 851 ποήσαιτο
760 782 1052 852 καταϐοὴν,
1090 785 1214 852 περὶ
1246 782 1356 837 τῶν
1383 799 1666 854 παραιτου-

1788 789 2157 843 clatnationetn
2201 790 2423 855 fecerit;
2451 791 2516 844 de
2563 791 2626 845 iis
2671 791 2760 860 qui
2817 793 3126 846 renuntiant
3175 792 3341 859 potius

71 869 302 931 μένω-ι
326 871 523 938 μᾶλλον
549 872 799 943 εἰρῆσθαι
823 875 1166 947 νοηθήσεται.

1789 880 1893 934 dici
1925 879 2276 950 intelligetur.

102 1053 3306 1090 MM“

1381 1201 1608 1288 ΤΟΥ
1698 1204 2076 1292 ΑΥΤΟΥ

825 1366 978 1421 ΤΟΙΣ
1033 1367 1217 1421 ΚΑΤΑ
1249 1366 1512 1422 ΛῙΒῘἮΝ
1560 1368 1681 1423 ΚΑΙ
1717 1369 2166 1426 ΠΕΝΤΑΠΟΔΙΝ
2208 1371 2637 1428 ΕΠΙΣΚΟΠΟἲΣ.

1325 1641 1491 1716 1⁷⁸
1537 1652 2064 1741 EJUSDEM

748 1833 1134 1894 EPISCOPIS
1207 1835 1344 1908 QUI
1384 1833 1587 1906 SUNT
1659 1833 1744 1896 IN
1812 1835 2040 1896 LIBYA
2104 1838 2202 1897 ET
2267 1837 2712 1897 PENTAPOLI.

188 2022 409 2109 Παντὸς
437 2020 531 2074 τοῦ
562 2021 833 2090 χρησίμου
863 2021 956 2074 καὶ
986 2021 1284 2091 ἀναγκαίου
1316 2029 1454 2096 πρὸς
1484 2029 1666 2084 οἰκοδο

1841 2037 2144 2110 Cujuslibet
2174 2036 2271 2100 rei,
2318 2049 2437 2103 quae
2467 2031 2532 2086 ad
2567 2030 2890 2100 populorum
2919 2025 3331 2082 :ediiicationem

96 2114 188 2182 μὴ
198 2134 227 2164 ν
265 2114 375 2165 τῶν
425 2112 592 2178 λαῶν,
628 2111 910 2175 τελοῦντος
954 2114 1010 2166 δὲ
1039 2115 1133 2169 καὶ
1176 2117 1255 2179 είς
1282 2117 1545 2188 ὑπόληψιν
1577 2120 1666 2172 τῶι

1776 2131 1924 2184 utilis
1955 2138 2057 2193 est.
2088 2137 2142 2182 et
2162 2125 2486 2188 necessaria,
2517 2131 2572 2176 et
2596 2122 2662 2175 ad
2700 2130 3005 2175 sanctarum
3032 2118 3195 2170 etiam
3224 2117 3330 2169 Ec-

93 2207 294 2274 ἁγίιυν
342 2206 703 2275 Ἐκκλησιῶν,
735 2207 987 2275 φροντίδα
1019 2209 1286 2261 ποιεῖσθαι
1319 2212 1445 2281 χρή.
1480 2212 1666 2282 Γέγραι

1776 2218 2068 2272 clesiarum
2124 2215 2574 2271 existimationem
2621 2212 2864 2273 confert,
2914 2223 3042 2263 cura
3099 2207 3329 2274 gerenda

93 2315 248 2350 πται
272 2298 402 2366 γὰρ,
423 2299 504 2350 ὅτι
533 2315 550 2349 ι
579 2297 839 2360 Εὑλαϐεῖς
857 2300 1055 2351 ποιεῖτε
1075 2300 1198 2364 τοὺς
1220 2302 1366 2363 υίους
1399 2303 1632 2373 Ἰσραήλ.
1659 2324 1666 2356 l

1776 2305 2181 2373 est.‘Scriptum
2219 2311 2302 2356 est
2332 2304 2474 2355 enim
2507 2320 2518 2353 :
2560 2320 2577 2351 ι
2615 2302 2842 2353 Sanctos
2884 2297 3043 2350 facite
3089 2295 3227 2348 ﬁlios
3256 2294 3333 2346 ls-

90 2388 508 2456 Μοναστηρίων
535 2387 711 2438 τοίνυν
742 2387 978 2460 Πατέρες
1009 2391 1116 2442 τῶν
1150 2393 1288 2444 κατὰ
1316 2391 1411 2461 τὴν
1435 2392 1685 2460 Θηϐαίων

100 2473 407 2542 ἐπαρχίαν,
427 2475 616 2546 ἄνδρες
636 2477 880 2541 εὐλαϐεῖς
911 2480 1003 2530 καὶ
1029 2480 1132 2530 οὑκ
1154 2477 1503 2549 ἀθαύμαστον
1531 2479 1679 2548 ἔχον-

93 2579 204 2625 τες
227 2565 524 2629 πολιτείαν,
553 2566 795 2630 ἐλθόντες
824 2570 880 2620 ὲν
913 2567 1307 2639 Ἀλεξανδρείᾳ,
1339 2568 1677 2637 ἐρωτώμενοι

97 2652 247 2721 παρ’
277 2653 410 2722 ιμοῦ
441 2657 537 2724 τὴν
560 2656 892 2709 κατάστασιν
915 2657 1023 2710 τῶν
1049 2659 1241 2712 αὐτόσε
1282 2658 1675 2728 μοναστηρίων,

97 2744 416 2812 ἐδίδασκον,
450 2745 532 2798 δτι
567 2746 1003 2810 σκανδαλίζονται
1030 2747 1214 2800 πολλοὶ
1248 2746 1335 2799 διὰ
1360 2751 1457 2817 τὴν
1495 2748 1676 2799 τοιαύ-

94 2851 210 2905 την
241 2836 442 2890 αἰτίαν.

173 2925 399 2978 Νεωστὶ
425 2928 802 2997 γεγαμηκότες
836 2929 979 2990 τινὲς
1012 2929 1104 2981 καὶ
1129 2924 1238 2981 οἷον
1267 2928 1326 2992 ἐξ
1356 2928 1535 2981 αὑτῶν
1578 2947 1676 2982 κα-

97 3017 380 3079 ταϐάντες
423 3020 532 3070 τῶν
565 3022 888 3088 νυμφώνων,
943 3021 1348 3089 συναρπάζουσί
1380 3037 1532 3081 τινας
1565 3021 1673 3072 τῶν

97 3106 535 3175 θεοφιλεστάτων
571 3110 902 3169 ἐπισκόπων,
939 3111 1031 3161 καὶ
1059 3109 1269 3170 οὐδενὸς
1301 3109 1440 3176 τάχα
1471 3125 1569 3161 που
1606 3108 1674 3159 τὰ

99 3197 229 3248 κατ’
263 3197 460 3258 αὑτοὺς
508 3188 996 3263 καταγγέλλοντος,
1030 3193 1457 3269 χειροτονοῦνται
1489 3195 1675 3264 κληρι-

97 3287 217 3352 χοὶ,
254 3289 420 3356 ἤγουν
455 3269 830 3358 πρεσϐύτεροι.
872 3287 1088 3354 Ἕτεροι
1132 3286 1190 3338 δέ
1221 3301 1366 3347 τινες
1403 3285 1460 3352 ἐξ
1495 3285 1673 3339 αὑτῶν

98 3375 216 3428 τῶν
259 3377 636 3445 μοναστηρίων
688 3377 762 3438 ὡς
797 3375 1022 3428 ἄτακτοι
1055 3371 1470 3444 ἐκϐαλλόμενοι,
1510 3373 1671 3427 πάλιν
1699 3371 1739 3394 ’³

99 3465 468 3534 ὑποτρέχουσι
491 3467 587 3528 τὰς
610 3467 952 3534 χειροτονίας,
982 3466 1076 3517 καὶ
1097 3467 1374 3536 γενόμενοι
1400 3464 1668 3535 κληρικοὶ,

101 3555 446 3623 εἰσέρχονται
491 3556 584 3606 καὶ
627 3557 684 3606 ὲν
734 3554 914 3615 αὑτοῖς
965 3556 1079 3616 τοῖς
1130 3555 1510 3624 μοναστηξρίοις
1548 3555 1671 3608 ὅθεν

98 3644 480 3711 ὲκϐἐϐληνται,
508 3646 601 3696 καὶ
629 3644 906 3712 βούλονται
931 3640 1280 3713 προσφέρειν,
1309 3646 1401 3697 καὶ
1419 3645 1519 3698 ὅσα
1542 3645 1670 3715 κλη-

100 3736 278 3800 ριχοῖς
314 3734 431 3795 ἔοος
459 3733 727 3804 πληροῦν,
772 3734 862 3786 καὶ
888 3732 1058 3787 ταῦτα
1084 3734 1212 3804 δρᾷν
1235 3773 1249 3797 ,
1289 3735 1364 3798 ὡς
1393 3735 1486 3788 καί
1517 3753 1667 3800 τινας

99 3822 209 3872 τῶν
241 3824 455 3876 εἰδότων
485 3826 677 3887 αὑτοὺς
706 3825 1085 3896 παραιτεῖσθαι
1120 3828 1215 3878 καὶ
1249 3827 1348 3890 τὰς
1381 3827 1629 3891 συνάξεις
1651 3868 1666 3891 ,

101 3915 196 3964 καὶ
232 3914 306 3981 μὴ
337 3914 618 3981 ἀνέχεσθαι
644 3917 917 3967 κοινωνεῖν
943 3909 1396 3981 λειτουργούντων
1419 3916 1662 3968 ἐκείνων.

186 4005 404 4074 Ἐπειδὴ
425 4005 600 4057 τοίνυν
624 4008 755 4074 πρὸς
775 4007 1084 4077 οἰκοδομὴν,
1112 4007 1185 4069 ὡς
1206 4007 1359 4077 ἔφην,
1385 4007 1491 4057 τῶν
1521 4007 1665 4059 λαῶν

101 4096 279 4147 πάντα
309 4095 414 4166 χρὴ
439 4096 768 4164 πράττεσθαι
792 4097 918 4166 παρ’
941 4098 1115 4166 ἡμῶν,
1145 4097 1472 4166 ὲπιτηρείτω
1493 4097 1666 4150 ταῦτα

101 4187 131 4252 ἡ
163 4187 441 4239 Osos-{55:1
475 4187 625 4256 ὑμῶν
649 4203 660 4215 °
709 4188 802 4240 καὶ
837 4190 882 4239 εί
924 4188 1102 4256 μέλλει
1133 4205 1215 4249 τις
1246 4188 1663 4257 χειροτονεῖσθαι

101 4273 379 4344 κληρικὸς,
420 4276 868 4346 περιεργαζέσθω
895 4277 984 4328 τὸν
1019 4276 1132 4345 βίον
1161 4275 1346 4338 αὑτοῦ,
1381 4275 1472 4330 καὶ
1504 4276 1658 4328 πότε-

104 4365 193 4430 ρόν
223 4381 352 4416 ποτε
388 4368 629 4437 γαμετὴν
657 4367 768 4436 ἔχει
795 4367 827 4436 ἢ
853 4365 935 4431 οὒ,
977 4367 1067 4418 καὶ
1093 4366 1207 4428 πῶς
1246 4366 1340 4420 καὶ
1374 4366 1500 4418 πότε
1523 4367 1663 4432 ἡγὰ-

101 4469 248 4518 γετο,
287 4458 382 4508 καὶ
403 4461 451 4508 εἰ
483 4459 552 4526 μή
583 4459 664 4519 τίς
693 4461 806 4510 ἐστι
836 4459 943 4510 τῶν
975 4459 1413 4525 ἐκϐαλλομένων,
1458 4457 1490 4526 ἢ
1531 4458 1661 4526 παρ’

103 4547 286 4616 ἑτέρου
317 4547 731 4600 θεοσεϐεστάτου
759 4549 1079 4609 ἐπισκόπου,
1109 4548 1140 4617 ἢ
1174 4549 1236 4600 ὲκ
1274 4547 1660 4617 μοναστηρίου,

1777 2393 1884 2446 rae]
1916 2394 1952 2444 ‘.
1985 2410 2003 2442 ι
2043 2393 2231 2444 Patres
2270 2390 2448 2456 itaque
2477 2387 2928 2442 monasteriorum
2967 2399 3086 2452 qua:
3121 2393 3246 2436 sunt
3277 2382 3332 2435 in

1780 2479 2163 2533 Thebanorum
2202 2479 2480 2547 provincia
2503 2518 2517 2544 ,
2547 2477 2650 2531 viri
2677 2477 2751 2546 pii
2782 2492 2844 2530 ac
2873 2476 3064 2536 sancti.
3098 2490 3160 2529 ac
3198 2474 3332 2528 satis

1779 2568 2153 2622 admirabilem
2194 2570 2317 2622 vitae
2346 2569 2576 2622 formam
2614 2577 2670 2622 et
2699 2567 3091 2621 institutionem
3127 2564 3332 2617 baben-

1779 2668 1892 2722 tcs,
1925 2675 2048 2712 cum
2079 2660 2459 2713 Alexandriam
2488 2659 2784 2720 venissent,
2826 2674 2854 2710 a
2881 2672 2966 2710 me
3013 2653 3332 2723 interrogati

1777 2748 1843 2801 de
1868 2748 2319 2800 monasteriorum
2351 2763 2470 2815 quae
2500 2747 2612 2800 illic
2638 2755 2765 2798 sunt
2791 2743 3200 2806 constitutione,
3231 2741 3331 2794 do-

1776 2847 2006 2892 cuerunt
2032 2838 2228 2891 multos
2261 2837 2460 2892 offendi
2491 2843 2709 2906 propter
2737 2835 2876 2888 hanc
2917 2848 3154 2887 causam.

1846 2929 2076 2995 Quidam
2115 2929 2207 2998 qui
2245 2944 2441 2983 uxores
2477 2936 2725 2983 recenter
2754 2924 3048 2987 duxerunt,
3074 2931 3127 2978 et
3148 2938 3216 2977 ex
3247 2921 3331 2992 ip--

1774 3021 1849 3074 sis
1885 3021 2054 3073 veluti
2087 3020 2336 3073 thalamis
2366 3019 2591 3089 egressi,
2639 3019 2850 3087 aliquos
2874 3033 2941 3072 ex
2969 3015 3334 3070 sanctissimis

1773 3106 2041 3175 episcopis
2057 3108 2405 3175 arripiunt,et
2419 3107 2570 3159 nullo
2587 3106 2653 3160 de
2670 3107 2750 3160 eis
2765 3106 2949 3171 utique
2964 3102 3330 3168 renuntiante,

1774 3194 2103 3250 ordinantur
2133 3196 2315 3251 clerici
2347 3211 2441 3249 seu
2469 3192 2789 3266 presbyteri.
2828 3195 3007 3262 Aliqui
3037 3199 3217 3246 autem
3236 3191 3330 3245 alii

1749 3301 1838 3340 ex
1873 3285 2006 3355 ipsis
2059 3287 2438 3350 monasteriis,
2483 3295 2543 3339 ut
2576 3284 2884 3339 immodesti
2925 3283 3330 3350 insolentesque

1772 3376 1955 3446 ejecti,
1985 3391 2176 3430 rursus
2208 3377 2576 3430 ordinationes
2602 3385 2850 3444 captant;
2884 3382 2938 3428 ct
2965 3371 3090 3427 facti
3122 3368 3326 3434 clerici,

1771 3465 1828 3518 in
1861 3479 1923 3518 ea
1955 3467 2066 3534 ipsa
2092 3466 2419 3522 monasteria
2447 3463 2824 3532 ingrediuntur
2854 3478 2919 3515 ex
2945 3461 3146 3530 quibus
3170 3459 3329 3530 eiecti

1772 3561 1919 3617 sunt,
1957 3565 2011 3606 et
2037 3554 2574 3608 voluntoblationem
2617 3567 2773 3622 agere
2869 3559 2925 3604 et
2993 3565 3057 3604 ea
3146 3549 3330 3604 omnia

1773 3643 1950 3698 facere
1987 3659 2106 3712 quae
2135 3660 2252 3698 mos
2278 3654 2363 3698 est
2390 3643 2626 3707 clericis,
2655 3640 2903 3695 utetiam
2936 3639 3100 3708 aliqui
3130 3655 3322 3694 eorum

1771 3735 1864 3801 qui
1895 3735 2041 3802 ipsos
2070 3744 2290 3796 norunt,
2319 3749 2545 3805 synaxes
2569 3732 2831 3794 devitent,
2855 3741 2908 3784 et
2928 3730 3328 3785 communicare

1773 3830 1826 3880 in
1866 3827 2107 3881 animum
2135 3844 2243 3881 non
2271 3828 2532 3881 inducant
2554 3827 2663 3880 illis
2692 3823 3150 3878 ministrantibus.

1841 4005 2108 4071 Quoniam
2134 4019 2262 4073 ergo
2295 4001 2360 4055 ad
2391 3999 2824 4060 aediﬁcationem.
2851 4008 2911 4052 ut
2934 3999 3065 4062 dixi,
3096 3999 3338 4078 pepulo-p

1771 4113 1913 4159 runt,
1945 4093 2126 4148 omnia
2155 4109 2185 4146 a
2211 4093 2370 4146 nobis
2407 4090 2652 4145 facienda
2685 4099 2843 4153 sunt,
2875 4090 2989 4143 haec
3017 4100 3192 4143 vestra
3230 4089 3328 4143 ob-
3395 4105 3398 4107 λ

1771 4193 1951 4240 servet
1980 4185 2180 4254 pictas;
2213 4192 2270 4236 et
2293 4183 2336 4236 si
2363 4190 2446 4236 est
2471 4181 2691 4250 quidem
2718 4179 2881 4233 ordin
2896 4180 3325 4244 andusclericus,

1769 4277 1836 4330 de
1863 4276 1974 4330 vita
2001 4277 2121 4345 ejus
2150 4275 2408 4344 inquirat,
2433 4281 2488 4326 et
2516 4287 2584 4325 an
2609 4286 2828 4325 uxorem
2851 4271 3066 4333 habeat,
3098 4285 3165 4323 an
3195 4284 3326 4333 non,

1768 4381 1822 4424 et
1850 4383 2084 4437 quonam
2124 4366 2284 4420 modo
2313 4366 2485 4427 duxit,
2526 4373 2582 4418 et
2612 4363 2910 4426 abstinuit,
2945 4371 2999 4416 et
3032 4362 3077 4415 si
3107 4378 3213 4419 non
3244 4371 3329 4416 est

1769 4460 1966 4529 aliquis
1994 4475 2061 4512 ex
2094 4459 2158 4511 iis
2192 4457 2284 4525 qui
2312 4456 2468 4526 ejecti
2497 4462 2623 4508 sunt
2651 4473 2680 4509 a
2709 4454 3049 4508 sanctissimo
3072 4454 3331 4522 episcopo

1769 4549 1853 4603 vel
1876 4564 1942 4602 ex
1971 4547 2300 4602 monasterio
2326 4563 2339 4598 :
2367 4554 2495 4597 tunc
2520 4544 2563 4597 si
2595 4543 2899 4611 inculpatus
2925 4545 3177 4596 inventus
3206 4540 3324 4594 fue-

104 4637 191 4688 καὶ
241 4637 360 4689 τότε
407 4636 813 4706 χειροτονείτω,
855 4636 1170 4706 ἀδιάϐλητον
1202 4635 1510 4705 εὑρεθέντα.
1555 4636 1662 4705 Τη-

1776 4640 1860 4699 rit.
1886 4638 2118 4692 ordinet.
2161 4637 2237 4691 Ita
2271 4638 2416 4690 enim
2452 4645 2506 4690 et
2537 4644 2779 4690 nostram
2812 4635 3197 4689 conscientiam
3221 4649 3327 4702 pu-

110 4729 341 4796 ρήσομεν
369 4730 477 4797 γὰρ
506 4728 645 4780 οὕτω
674 4729 764 4782 καὶ
790 4729 848 4780 τὸ
883 4729 1089 4780 ἑαυτῶν
1131 4727 1364 4789 συνειδὸς
1398 4727 1658 4796 καθαρὸν,

107 4819 195 4868 καὶ
237 4817 557 4886 ἀδιάϐλητον
601 4819 699 4887 τὴν
733 4818 881 4887 ἱερὰν
924 4818 1018 4870 καὶ
1052 4817 1252 4886 σεπτὴν
1302 4816 1657 4884 λειτουργίαν.

117 4905 237 4960 Ἐὰν
283 4907 338 4959 δὲ
373 4907 647 4977 χωρισμὸν
684 4907 1016 4976 ὑπομείνωςί
1060 4923 1202 4970 τινες
1252 4905 1660 4975 ἑπιτιμηθέντες

107 4999 453 5069 πταισμάτων
481 5001 658 5062 ἕνεκα,
688 4997 805 5051 εἶτα
838 4998 1072 5068 μέλλωσι
1105 4998 1358 5067 τελευιᾷν
1396 4996 1661 5067 κατηχού-

113 5105 254 5155 μενοι
280 5091 446 5154 ὄντες,
481 5090 943 5159 βαπτιζέσοωσαν,
973 5091 1066 5142 καὶ
1099 5091 1172 5159 μὴ
1213 5088 1660 5157 ἀποδημείτωσαν

109 5180 210 5232 τῶν
237 5182 586 5250 ἀνθρωπίνων
627 5185 880 5253 ἁμέτοχοι
909 5184 1004 5251 τῆς
1051 5183 1291 5250 χάριτος,
1324 5182 1486 5249 ἤγουν
1509 5182 1655 5232 ἀκοι-

111 5273 345 5343 νώνητοι.
379 5276 534 5325 Δοκεῖ
562 5276 667 5342 γὰρ
695 5274 979 5345 προσέχειν
1006 5271 1102 5324 καὶ
1127 5270 1283 5323 τοῦτο
1299 5275 1408 5332 τοῖς
1433 5270 1667 5339 τῆςἘκ-

113 5365 329 5432 κλησίις
366 5365 604 5433 θεσμοῖς.
646 5364 983 5432 ιιροσείπατε
1032 5362 1125 5431 τὴν
1168 5363 1298 5430 παρ’
1339 5362 1464 5428 ὑμῖν
1511 5362 1662 5414 ἀδελ-

113 5459 308 5527 φότητα
330 5473 341 5485 ·
384 5458 524 5524 ὑμᾶς
553 5458 584 5525 ἡ
633 5457 728 5508 σὺν
760 5457 887 5524 ἡμῖν
939 5457 995 5505 ὲν
1027 5455 1216 5522 Κυρίῳ
1249 5453 1666 5521 προσαγορεύει.

178 5557 364 5610 ΒιΛΣ.
397 5556 467 5608 Τὸ
499 5553 849 5622 ἀκοινώνητοι
896 5548 1126 5603 ἐνταῦθα
1165 5550 1193 5601 ὁ
1228 5547 1378 5615 ᾶγιος
1411 5547 1469 5596 οὐ
1499 5545 1657 5609 μόνον

121 5652 232 5720 περὶ
260 5652 354 5716 τῆς
379 5649 539 5713 ἁγίας
575 5644 925 5715 μεταλήψεως
979 5643 1147 5706 λέγει,
1184 5639 1244 5690 οὑ
1279 5637 1388 5705 γὰρ
1425 5635 1658 5701 ἀξιωθή-

121 5757 290 5793 own:
318 5742 424 5792 τῶν
464 5739 620 5791 θείων
656 5737 967 5806 μυστηρίων
997 5733 1101 5803 πρὸ
1129 5729 1221 5785 τοῦ
1250 5730 1659 5799 βαπτίσματος·

195 5839 205 5866 ³
234 5842 392 5898 Josuc
427 5861 513 5910 ιιι,
551 5845 636 5904 15,

1769 4743 1881 4782 ram
1916 4728 2382 4786 conservabimus.
2423 4736 2479 4780 et
2517 4725 2850 4794 inculpatum
2894 4739 3106 4778 sacrum
3134 4740 3198 4777 ac
3233 4738 3326 4776 ve—

1768 4819 2008 4876 nerabile
2030 4820 2366 4889 mysterium.
2390 4819 2481 4871 Sin
2501 4827 2680 4872 autem
2710 4815 3133 4886 segregationem
3158 4812 3323 4880 aliqui

1767 4911 2127 4966 sustinuerint
2156 4921 2378 4979 propter
2405 4912 2588 4978 lapsus
2614 4910 2813 4978 puniti,
2841 4909 3036 4962 deinde
3075 4907 3181 4961 sint
3206 4922 3324 4960 mo-

1769 5001 1926 5055 rituri
1956 5001 2276 5055 exsistentes
2299 5000 2696 5064 catecltumcni,
2713 4999 3072 5068 baptizentur,
3092 5007 3146 5050 et
3173 5012 3238 5050 ne
3257 4997 3325 5049 ab

1768 5091 2024 5145 humanis
2058 5091 2328 5143 excedant
2375 5090 2566 5158 gratia:
2611 5105 2717 5142 non
2759 5088 3048 5157 participes
3073 5127 3086 5148 ,
3115 5085 3325 5140 scilicet

1764 5181 2145 5235 communione
2191 5187 2456 5233 carentes.
2508 5179 2729 5233 Videtur
2772 5179 2918 5231 enim
2958 5179 3059 5230 hoc
3106 5189 3326 5244 quoque

1764 5272 2016 5326 Ecclesia:
2044 5270 2425 5325 consuetudini
2465 5270 2760 5324 adhzerere.
2782 5268 3024 5323 Salutate
3053 5281 3171 5320 eam
3205 5281 3326 5335 qua:

1763 5373 1845 5416 cst
1874 5363 2016 5432 apud
2059 5378 2156 5416 vos
2187 5362 2582 5416 fraternitatem
2617 5378 2633 5426 ;
2659 5375 2778 5429 qua:
2800 5359 3080 5413 nobiscum
3107 5367 3189 5412 est
3232 5372 3326 5411 vos

1768 5452 1818 5504 in
1857 5453 2085 5504 Domino
2103 5434 2339 5504 ‘salutat.

1836 5539 2029 5593 BALS.
2059 5535 2444 5593 Communione
2478 5544 2662 5586 carere
2707 5535 2926 5582 sanctus
2971 5525 3057 5579 hic
3093 5541 3196 5580 non
3236 5540 3326 5579 so-

1764 5630 1873 5685 lum
1906 5629 2033 5683 dicit
2057 5628 2121 5681 de
2143 5635 2328 5679 sancta
2353 5621 2801 5692 participatione;
2830 5631 3002 5686 neque
3029 5619 3172 5670 enim
3201 5626 3324 5670 ante

1766 5723 2086 5794 baptismum
2117 5719 2308 5775 divinis
2332 5713 2600 5786 mysteriis
2628 5711 2773 5783 digni
2803 5709 3144 5765 habebuntur
3169 5725 3185 5764 :
3221 5710 3317 5763 sed
