3914 6332
136 384 256 452 9&5

926 389 1008 452 IN
1048 392 1109 454 S.
1148 389 1659 452 AMPHILOCHII
1699 390 1972 454 IAMBOS
1994 393 2093 452 AD
2130 391 2551 453 SELEUCUM.

3274 387 3380 454 926

219 509 412 564 ΒΛΛΣ.
455 509 570 562 Ἵνα
593 509 649 562 δὲ
699 507 773 579 μὴ
824 507 1133 579 ἀλλοτρίαις
1183 508 1274 561 τὸν
1344 508 1467 562 νοῦν
1530 507 1711 577 ἀπατᾷ

1885 507 2079 562 BALS.
2110 506 2187 563 Ne
2221 518 2401 563 autem
2440 506 2630 563 alienis
2677 506 2828 562 libris
2863 510 3096 562 mentem
3125 508 3374 561 seducas.

144 597 376 665 βίϐλοις.
417 598 594 651 Πολλὰ
621 598 728 669 γάρ
753 599 858 650 εἰσι
891 597 1104 667 ψευδῶς
1133 598 1514 667 γεγραμμένα,
1557 597 1711 667 δέχου

141 687 341 741 τοῦτον
379 688 514 755 ἐμοῦ
545 688 634 741 τὸν
671 688 1150 757 δεδοκιμασμένον,
1191 682 1236 742 ὦ
1273 687 1417 756 φίλε,
1459 687 1711 757 ἀριθμόν.

155 775 430 846 Ἱστορίας
501 780 598 848 μὲν
676 781 1022 849 περιέχουσαι
1090 778 1260 847 βίϐλοι
1319 777 1526 831 δώδεκα
1583 776 1711 840 tisi,

136 867 247 936 τῆς
275 869 514 932 Παλαιᾶς
546 869 788 939 δηλονότι
816 869 1170 939 Γραφῆς,καὶ
1199 870 1253 921 αι
1278 866 1446 937 βίϐλοι
1480 867 1586 920 τῶν
1612 867 1715 919 Βα-

141 955 390 1021 σιλειῶν,
437 958 485 1010 εί
516 958 775 1026 τέσσαρες
827 957 983 1022 εἰσὶν,
1019 955 1134 1011 ἀλλ’
1163 957 1244 1018 είς
1281 957 1372 1008 δύο
1419 955 1713 1025 παραλαμ-

139 1046 405 1101 6άνονται
452 1050 548 1100 καὶ
607 1047 1014 1117 ἀριθμοῦνται·
1059 1050 1155 1100 καὶ
1193 1048 1247 1100 αἱ
1281 1046 1488 1100 δώδεκα
1540 1046 1713 1116 βίϐλοι

135 1137 260 1188 τῶν
307 1136 778 1206 άπηριθμημὲνιον
825 1137 1143 1209 προφητῶν,
1187 1137 1306 1207 μία,
1351 1137 1506 1206 φησὶ,
1567 1137 1713 1204 λογί-

139 1227 357 1289 ζονται.
386 1228 660 1300 Τέσσαρες
679 1229 736 1282 δὲ
770 1231 946 1282 αῑτῶν
970 1228 1146 1283 ἀλλων
1167 1229 1481 1299 προφητῶν,
1507 1229 1710 1299 ἑκάστη

145 1320 258 1387 μία
296 1319 642 1390 λογιζομένη.
676 1322 784 1389 Τῆς
822 1323 921 1392 μέν
946 1339 1026 1374 τοι
1055 1323 1288 1393 άρχαίας
1320 1323 1438 1394 ἦτοι
1461 1326 1565 1391 τῆς
1599 1324 1712 1375 Πα-

137 1407 308 1472 ama;
343 1409 564 1480 Γραφῆς
592 1411 796 1482 ἔγραψε
826 1411 1037 1481 βίϐλους
1064 1412 1147 1481 »ιβ’
1172 1414 1283 1477 τοῖς
1312 1411 1422 1466 τῶν
1453 1411 1713 1482 Ἑϐραίων

137 1499 474 1569 γράμμασιν
511 1501 842 1566 ἀντιθέτους,
900 1502 1069 1572 ἧγουν
1133 1502 1403 1565 Ισοθέτους
1461 1503 1554 1556 καὶ
1595 1503 1714 1556 ίσα-

143 1589 400 1661 ρίθμους.
433 1593 783 1662 Δαμόάνεται
841 1595 947 1663 γὰρ
987 1595 1019 1662 ἠ
1046 1594 1184 1647 ἀντὶ
1222 1595 1478 1664 πρόθεσις
1509 1594 1601 1647 καὶ
1621 1594 1714 1646 ἐπὶ

138 1683 248 1734 τοῦ
273 1682 404 1738 ἴσου.
442 1684 651 1755 Ὠσπερ
671 1685 897 1755 λέγομεν
921 1686 1231 1754 ἀντίτεχνον
1274 1686 1363 1737 τὸν
1400 1686 1711 1755 ὁμότεχνον.

137 1773 398 1844 Στοιχεῖα
427 1776 482 1829 δὲ
511 1778 658 1847 παρὰ
682 1779 790 1839 τοῖς
822 1775 1088 1844 Ἑϐραίοις
1135 1775 1216 1846 κβ¹
1248 1776 1493 1844 λέγονται
1552 1771 1711 1828 εἶναι.

1815 598 1961 652 Multi
1997 599 2138 653 enim
2169 609 2295 654 sunt
2323 597 2459 654 falso
2480 599 2717 668 inscripti
2745 617 2759 666 ;
2788 613 2938 666 cape,
2960 613 2992 652 ο
3023 600 3215 663 amice,
3238 600 3381 652 hunc

1816 704 2096 743 numerum
2132 704 2162 742 a
2195 705 2281 744 me
2315 691 2594 753 selectum,
2629 697 2722 742 Seu
2765 691 3048 757 probatum
3080 698 3132 742 et
3181 690 3379 743 contir-

1815 788 2037 833 matum.
2071 779 2207 834 Sunt
2241 780 2519 834 duodecim
2555 780 2767 848 quidem
2797 780 2939 845 libri,
2964 781 3061 872 ﬁni
3122 783 3376 849 historias

1814 867 2113 931 continent,
2157 869 2388 937 antiquae
2428 867 2632 923 scilicet
2682 867 2994 938 Scripturue',
3026 881 3080 923 ct
3111 871 3231 924 libri
3273 870 3376 924 Re.

1814 972 1960 1027 gum.
1994 960 2203 1014 etiamsi
2236 961 2343 1014 sint
2373 970 2622 1028 quatuor,
2655 960 2706 1014 in
2738 961 2871 1015 duos
2899 971 3072 1015 tamen
3095 959 3378 1015 conferun-

1814 1055 1902 1101 tur
1934 1056 1987 1103 et
2015 1060 2415 1116 enumerantur,
2441 1061 2492 1105 et
2517 1052 2794 1106 duodecim
2827 1049 2946 1106 libri
2985 1053 3375 1121 prophetarum

1814 1139 1906 1209 qui
1927 1151 2338 1205 enumerantur,
2359 1157 2517 1207 unus,
2545 1142 2739 1209 inquit,
2767 1152 3103 1211 reputantur.
3133 1143 3373 1208 Quatuor

1815 1237 1993 1283 autem
2020 1229 2143 1284 libri
2173 1230 2401 1284 aliorum
2430 1232 2814 1299 prophetarum
2840 1231 3209 1298 unusquisque
3236 1246 3372 1285 unus

1813 1325 2110 1387 reputatur.
2162 1319 2326 1374 Porro
2353 1319 2556 1376 Veteris
2604 1324 2718 1376 sive
2775 1321 2991 1390 Antiqui
3043 1320 3376 1376 Testamenti

1812 1408 2028 1475 scripsit
2058 1407 2192 1462 duos
2223 1419 2276 1463 et
2309 1409 2492 1479 viginti
2547 1410 2732 1474 libros,
2765 1409 2853 1478 qui
2892 1409 3084 1464 litteris
3125 1408 3375 1478 Hebraeo-

1813 1511 1930 1551 rum
1957 1497 2304 1566 respondent,
2333 1500 2446 1552 sive
2467 1499 2843 1566 aquivalcntes
2867 1511 2921 1554 et
2941 1516 3163 1554 numero
3190 1516 3372 1568 aequa;

1811 1589 1893 1642 les
1920 1597 2062 1643 sunt.
2095 1589 2374 1657 Accipitur
2400 1590 2544 1644 enim
2574 1591 2881 1660 praepositio
2924 1591 3064 1654 άντῖ,
3092 1592 3249 1646 etiam
3279 1606 3373 1660 pro

1813 1679 2033 1749 Αῐᾳιιαίί
2053 1695 2072 1744 ;
2102 1682 2548 1749 quemadmodum
2577 1681 2804 1736 dicimus
2846 1682 3153 1751 ἀντίτεχνον
3182 1681 3374 1751 ὁμότε-

1813 1777 1961 1842 χνον.
1990 1773 2091 1826 hoc
2126 1780 2228 1835 est,
2259 1785 2379 1825 eum
2411 1772 2501 1840 qui
2532 1785 2612 1826 est
2638 1773 2877 1841 ejusdem
2910 1777 3059 1828 artis.
3094 1774 3368 1828 Elementa

152 1865 576 1937 ’Δπαριθμήσας
611 1868 710 1936 μέν
742 1885 826 1921 τοι
865 1869 956 1922 καὶ
987 1868 1054 1921 τὰ
1084 1868 1180 1937 τῆς
1213 1867 1351 1930 Νέας
1389 1867 1606 1938 Γραφῆς
1637 1864 1711 1934 βι⁴

1821 1873 1996 1917 autem
2024 1861 2160 1932 apud
2190 1862 2441 1916 Hebraeos
2461 1877 2580 1917 esse
2609 1865 2852 1917 dicuntur
2875 1864 3059 1933 viginti
3087 1866 3210 1918 duo.
3237 1863 3369 1918 Cum

141 1953 279 2007 σλία
309 1959 335 2008 ό
362 1955 538 2023 ἅγιος,
578 1959 903 2028 ιπήνεγκεν,
932 1960 1013 2012 ὅτι
1052 1960 1105 2012 ετ
1124 1977 1173 2013 τι
1195 1958 1396 2012 τούτων
1422 1959 1530 2012 τῶν
1560 1962 1705 2027 άπη-

145 2046 514 2186 ρὲἓμημὲνων
556 2049 659 2115 ἔξω
688 2053 940 2118 {armati
967 2053 1188 2123 γνήσιον
1227 2052 1515 2122 λογίζεται,
1571 2055 1707 2110 ἀλλὰ

245 2152 325 2186 ον.

138 2134 325 2193 νόθον.

1811 1963 1990 2008 autem
2019 1954 2139 2008 novi
2170 1942 2380 2021 quoque
2423 1951 2751 2008 Testamenti
2798 1953 2960 2006 libros
3003 1962 3369 2008 enumerasset

1819 2057 2059 2108 sanctus,
2114 2046 2388 2113 subiunxit
2419 2061 2432 2096 :
2465 2045 2616 2111 Quod
2666 2044 2712 2100 si
2739 2045 2859 2116 quis
2900 2055 3000 2109 esu,
3047 2052 3236 2112 preter
3281 2058 3373 2097 eos

1812 2138 1900 2205 qui
1928 2144 2051 2191 sunt
2073 2137 2396 2200 enumerati,
2439 2150 2543 2189 non
2579 2135 2916 2190 existimetur
2949 2150 3256 2205 germanus,
3279 2133 3371 2189 sed

1817 2225 2170 2282 adulterinus.

1055 2570 1283 2656 ΤΟΥ
1361 2568 1698 2658 ΑΙἾΟΥ
1761 2567 2478 2660 ΑΜΦΙΛΟΧΙΟΥ

1554 2757 1950 2812 ΕΠΙΣΚΟΠΟΥ

569 2917 670 2971 ΕΚ
708 2917 1072 2986 ΤΩΝ,ΠΡΟΣ
1107 2921 1496 2976 ΣΕΛΕΥΚΟΝ
1518 2919 1800 2977 ΙΑΜΒΩΝ
1835 2924 2020 2977 ΠΕΡΙ
2079 2925 2213 2976 ΤΗΣ
2241 2923 2470 2976 ΑΥΤΙΙΣ
2512 2915 2951 2972 ΥΠΟΘΕΣΕΩΣ.

1118 3201 1522 3291 SANCTI
1613 3195 2406 3290 AMPHILOCHII

1608 3375 1914 3432 EPISCUPI

663 3510 780 3570 EX
818 3510 1123 3573 IAMBIS
1164 3511 1277 3572 AD
1324 3509 1771 3572 SELEUCUM
1809 3509 1921 3569 DE
1970 3509 2273 3572 EODEM
2307 3509 2856 3572 ARGUMENTO.

217 3791 367 3862 Πλὴν
395 3790 511 3846 ἀλλ’
545 3791 716 3844 ἐκεῖνο
747 3789 1078 3861 προσμαθεῖν
1109 3787 1347 3860 μάλιστά
1383 3805 1464 3842 σοι

144 3884 434 3953 Προσῆκον
454 3899 467 3914 ·
496 3883 595 3954 οὐχ
632 3882 818 3936 ἅπασα
852 3881 1030 3953 βίϐλος
1066 3881 1330 3950 ἀσφαλὴς,

155 3973 222 4026 Ἥ
250 3975 451 4045 σεμνὸν
475 3974 646 4044 ὄνομα
675 3974 771 4043 τῆς
804 3974 1027 4044 Γραφῆς
1059 3973 1398 4044 κεκτημένη.

144 4064 303 4118 Εἰσὶν
334 4065 464 4136 γὰρ,
499 4065 635 4118 εἰσὶν
664 4065 775 4118 ἔσθ’
806 4065 892 4118 ὅτε
921 4063 1257 4134 ψευδώνυμοι

144 4157 333 4210 Βίϐλοι
361 4172 373 4185 ο
400 4155 546 4218 τινὲς
573 4155 670 4225 μὲν
701 4154 952 4225 ἔμμεσοι,
982 4154 1072 4206 καὶ
1103 4153 1363 4221 γείτονες,

154 4247 245 4312 Ὠς
279 4250 349 4303 ἄν
381 4265 462 4310 τις
497 4247 662 4310 εἴποι,
692 4246 803 4298 τῶν
833 4245 1090 4315 ἀληθείας
1112 4245 1288 4313 λόγων
1315 4261 1328 4276 ·

145 4340 209 4391 Δί
241 4341 285 4392 δ’
316 4338 386 4392 αὖ
419 4338 561 4391 νόθοι
596 4355 654 4390 τε
690 4341 783 4391 καὶ
812 4337 929 4391 λίαν
963 4337 1303 4403 ἐπισφαλεῖς,

161 4427 247 4491 Ὠς
275 4429 584 4498 παράσημα
609 4429 703 4480 καὶ
727 4426 858 4480 νόθα
889 4427 1222 4496 νομίσματα,

154 4520 221 4572 Ἀ
251 4519 519 4589 βασιλέως
549 4519 647 4589 μὲν
676 4519 774 4587 τὴν
808 4517 1122 4588 ἐπιγραφὴν
1154 4519 1329 4589 φέρει,

150 4608 393 4676 Κίὸδηλα
426 4607 472 4661 δ’
509 4609 645 4672 ἐστὶ,
676 4609 791 4669 ταῖς
831 4607 983 4669 ὕλαις
1011 4607 1330 4676 δολούμενα.

150 4701 372 4754 Τούτων
402 4701 562 4771 χάριν
594 4717 676 4753 σοι
714 4700 820 4754 τῶν
854 4700 1232 4753 θεοπνεύστων
1259 4699 1368 4769 ὲρῶ

150 4790 358 4846 Βίὸλων
391 4791 626 4859 ἑκάστην
646 4804 660 4819 ’
694 4789 770 4851 ὡς
805 4789 849 4842 δ’
882 4791 946 4844 ἂν
975 4790 1240 4859 εὐκρινῶς
1273 4788 1470 4862 μάθῃς,

152 4883 254 4944 Τὰς
285 4883 387 4951 τῆς
414 4882 654 4946 nmis;
684 4881 873 4951 πρῶτα
908 4881 1182 4951 Διαθήκης
1209 4883 1338 4949 ἐρῶ.

232 4975 292 5026 'll
328 4976 695 5043 Πεντάτευχος
725 4973 822 5043 τὴν
856 4973 1067 5038 Κτίσιν,
1096 4968 1198 5024 εἶτ’
1233 4971 1467 5037 Ἐξοδον,

156 5066 436 5118 Λῑυῖτικὶν
472 5067 528 5118 δὲ
558 5066 655 5133 τὴν
692 5067 859 5133 μέσην
895 5064 1006 5133 ἔχει
1040 5063 1237 5133 βίόλον,

157 5157 285 5210 Μεθ’
325 5160 393 5227 ἢν
433 5157 744 5226 Ἀριθμοὺς,
780 5153 897 5209 εἶτα
925 5155 1360 5224 Δευτερονόμιον.

156 5248 374 5312 Τούτοις
420 5249 624 5315 Ἰησουν
653 5248 954 5316 προστίθει,
995 5251 1091 5301 καὶ
1116 5249 1242 5310 τοὺς
1275 5251 1498 5318 Κριτάς.

159 5338 385 5393 Ἔπειτα
423 5342 522 5408 τὴν
563 5340 743 5405 Ῥοὺθ,
772 5339 1068 5392 Βασιλειῶν
1099 5356 1156 5392 τε
1187 5340 1456 5409 τέσσαρας

157 5429 397 5497 Βίσλους,
429 5431 920 5503 Παραλειπομένων
960 5431 1016 5484 δέ
1044 5447 1106 5492 γε
1133 5430 1400 5499 ξυνωρίδα
1423 5444 1437 5459 ·

160 5518 385 5592 Ἔσδρας
423 5526 509 5576 ἐπ’
538 5523 727 5586 αὑταῖς
755 5522 988 5592 πρῶτος,
1025 5517 1123 5574 εἷθ’
1158 5522 1184 5572 ό
1211 5521 1478 5591 δεύτερος,

171 5607 320 5681 Ἑξῆς
355 5616 613 5684 στιχηρὰς
652 5617 812 5668 πέντε
849 5632 933 5667 σοι
959 5613 1171 5684 βίϐλους
1207 5613 1316 5680 ἐρῶ
1347 5630 1359 5644 ·

160 5700 476 5773 Στεφθέντος
509 5710 690 5774 ἄθλοις
724 5708 980 5763 ποικίλων
1006 5709 1191 5762 παθῶν
1231 5705 1371 5774 Ἰὼϐ,

1725 3683 1791 3695 _

1738 3801 1782 3860 ε
1883 3793 1982 3848 Ast
2017 3792 2144 3847 illud
2175 3793 2337 3848 etiam
2371 3794 2620 3848 convenit
2651 3803 2702 3848 te
2729 3793 2938 3848 discere
2969 3811 2983 3847 :

1815 3879 1929 3936 Non
1957 3891 2106 3937 tutus
2133 3883 2312 3938 omnis
2344 3893 2428 3939 est
2460 3885 2613 3949 liber,
2641 3887 2779 3940 sacri
2814 3884 2958 3940 Libri

1814 3973 1870 4027 In
1898 3973 2070 4028 fronte
2096 3989 2289 4029 nomen
2317 3977 2565 4045 quisquis
2603 3987 2891 4046 angustum
2929 3979 3082 4048 gerit.

1817 4061 1956 4117 Sunt
1983 4078 2234 4133 namque,
2258 4064 2454 4119 falsum
2484 4069 2576 4136 qui
2613 4079 2803 4138 gerant
2833 4085 3049 4136 nomen,
3089 4072 3225 4129 libri.

1817 4151 1955 4207 Sunt
1983 4154 2170 4218 medii,
2200 4156 2266 4211 ab
2298 4156 2404 4211 illis
2435 4157 2610 4210 dissiti
2638 4159 2778 4211 haud
2806 4174 2933 4213 sane
2962 4162 3167 4229 procul,

1815 4243 1961 4308 Quos
1983 4259 2106 4300 esse
2129 4260 2285 4301 veros
2317 4246 2502 4301 nullus
2531 4255 2614 4301 est
2643 4249 2734 4316 qui
2767 4249 3025 4315 deneget,

1814 4336 1892 4389 Ac
1923 4350 2113 4391 rursus
2147 4336 2238 4390 alii
2275 4347 2405 4391 sunt
2432 4339 2582 4392 nothi
2618 4347 2778 4409 atque
2799 4342 2968 4406 noxii,

1816 4425 2161 4480 Adulterinos
2193 4442 2416 4482 cernere
2439 4435 2519 4483 est
2548 4443 2801 4485 nummos
2827 4433 2990 4498 velut,

1816 4514 2223 4586 lnscriptionem
2249 4521 2451 4589 regiam
2491 4522 2584 4591 qui
2615 4535 2740 4575 cum
2777 4534 2986 4591 gerant,

1816 4607 1976 4663 Nothi
2007 4618 2185 4664 tamen
2219 4621 2365 4675 sunt,
2397 4626 2522 4676 aere,
2551 4628 2656 4666 non
2691 4628 2824 4668 auro
2849 4617 2997 4672 editi.

1817 4699 1934 4768 Ipse
1961 4716 2089 4771 ergo
2116 4705 2258 4757 sacri
2284 4702 2499 4758 Codicis
2531 4706 2759 4774 pandam
2793 4707 2890 4762 tibi

1817 4792 2017 4848 Omnes
2043 4794 2288 4862 libellos;
2321 4813 2534 4866 quoque
2565 4814 2757 4855 noscas
2785 4801 3020 4869 planius,

1818 4887 2056 4940 Primum
2092 4886 2297 4941 Vetusti
2329 4886 2569 4944 Fmderis
2599 4889 2776 4944 dicam
2807 4893 2995 4950 libros.

1891 4977 1947 5030 In
1979 4978 2339 5033 Pentateucho
2372 4978 2621 5034 Genesim
2653 4982 2840 5047 habes,
2864 4994 2916 5038 et
2939 4983 3198 5054 Exodum,

1819 5068 2241 5138 Leviticumque,
2273 5070 2400 5124 sede
2424 5071 2515 5138 qui
2551 5072 2724 5127 media
2755 5082 2838 5127 est
2867 5076 3022 5140 situs,

1748 5174 1792 5228 ι)
1820 5154 2124 5225 Numeros;
2163 5161 2400 5215 secunda
2431 5159 2546 5214 Ler
2564 5159 2736 5213 locum
2770 5162 2997 5217 alterum
3041 5164 3262 5222 obtinet.

1823 5251 1983 5320 180
2007 5249 2100 5306 His
2132 5251 2504 5317 adde-Iesum;
2536 5266 2661 5305 mox
2691 5263 2994 5322 sequuntur
3025 5253 3262 5322 Iudices,

1818 5339 1963 5393 Ruth
1997 5341 2215 5406 deinde,
2253 5339 2460 5410 Regum
2502 5350 2734 5408 quatuor
2764 5343 2884 5396 libri
2920 5345 3077 5397 simul
3113 5363 3127 5401 :

1817 5431 2278 5500 Paralipomenwn
2323 5430 2495 5499 adiice
2524 5430 2608 5484 bis
2640 5432 2804 5486 libros
2842 5433 2977 5487 duos
3009 5451 3022 5486 :

1817 5526 1884 5578 At
1913 5526 2162 5596 geminus
2193 5525 2376 5580 Esdrae
2405 5525 2651 5593 sequitur
2685 5527 2780 5580 hos
2808 5527 2989 5581 statim
3021 5529 3175 5585 liber.

1821 5614 1954 5670 Tum
1989 5618 2230 5686 quinque
2258 5634 2416 5674 versu
2451 5620 2701 5674 conditos
2743 5619 2908 5674 libros
2941 5620 3126 5688 habes,

1819 5708 1922 5763 Job
1956 5710 2039 5764 cui
2070 5709 2332 5779 palaestrae
2359 5711 2604 5781 plurimae
2632 5710 2852 5781 cingunt
2879 5721 3063 5781 caput,
