3914 6332
592 350 716 414 ,ΞΤ
1840 340 2121 403 THEOD.
2158 339 2563 401 BABSAMON
3736 343 3811 403 928

589 462 659 517 Et
690 460 888 516 mentis
912 474 1068 530 agre
1100 458 1453 530 pharmacum
1482 456 1727 515 Psalmos
1748 469 1958 517 sacros,

1952 494 1958 516 ,
2197 457 2239 513 Α
2270 453 2518 524 Ψαλμῶν
2542 471 2600 507 τε.
2628 454 2831 523 βίϐλον,
2861 455 3096 525 ἐμμελὲς
3124 456 3305 525 ψυχῆς
3341 458 3498 519 ἄκος,

590 552 900 607 Salomonis
931 552 1094 607 etiam
1127 561 1240 607 tres
1275 551 1465 614 libros,
1494 548 1811 613 Parmmias,

2265 546 2429 616 Τρεῖς
2457 546 2502 599 δ’
2533 546 2600 600 αὖ
2628 548 2973 615 Σολομῶντος
3003 548 3099 606 τοῦ
3130 549 3317 617 σοφοῦ,
3352 547 3689 617 Παροιμξαε,

591 644 978 707 Ecclesiasten,
1006 644 1346 700 canticorum
1372 642 1617 699 Cantica.

2277 640 2730 711 Ἐκκλησιαστὴν,
2764 636 2954 711 ’ᾼσμα
2978 658 3037 695 τε
3064 642 3172 694 τῶν
3199 642 3478 712 ᾀσμάτων.

590 737 685 792 llis
724 746 803 791 ter
823 749 1116 806 quaternos
1141 738 1309 807 junge
1334 737 1444 805 jam
1470 747 1623 791 vates
1650 735 1833 800 simul,

2264 732 2817 805 Ταύταις“προφήτας
2854 736 3139 805 προστίθει
3170 735 3295 797 τοὺς
3321 734 3562 797 δώδεκα,

589 826 811 893 Oscam,
844 840 895 882 et
924 830 1111 894 Amos,
1140 840 1302 897 atque
1330 827 1609 882 Miclueam
1640 828 1881 896 insuper,

1870 869 1881 894 ,
2276 826 2437 895 Ὠσηὲ
2464 826 2704 895 πρῶτον,
2741 822 2842 881 εἶτ’
2880 831 2936 881 Ἀ
2948 826 3061 897 μὼς
3085 830 3180 881 τὸν
3203 827 3352 881 δεῦτε
3361 844 3412 896 ρ’

589 918 970 988 Quartumque
1005 920 1134 984 loel,
1168 919 1424 985 Abdiam,
1455 917 1671 985 Ionam,
1704 928 1887 989 typum

2266 916 2522 987 Μιχαίαν,
2566 918 2740 989 Ἰωὴλ,
2787 920 3024 983 Ἀὃδίαν,
3062 924 3155 975 καὶ
3180 924 3271 973 τὸν
3297 922 3466 974 τύπον

589 1011 813 1066 Rerersi
850 1013 917 1064 ad
951 1026 1114 1066 auras
1145 1015 1304 1067 tertio
1333 1028 1363 1066 a
1394 1013 1541 1067 letho
1568 1010 1679 1075 die,

2278 1011 2464 1065 Ἰωνᾶν
2493 1010 2662 1065 αὑτοῦ
2694 1010 2786 1065 τοῦ
2821 1013 3121 1083 τριημέρου
3150 1014 3378 1078 πάθους.

588 1105 828 1170 Nahum,
856 1106 1204 1176 Abacucque,
1232 1105 1323 1175 qui
1348 1104 1471 1157 loco
1499 1118 1643 1158 nono
1678 1102 1899 1164 insidet,

2266 1101 2463 1170 Ναοὺμ
2490 1100 2610 1170 μετ’
2638 1102 2857 1163 αὐτοὺς.
2900 1102 3232 1169 ἈεοακοὶιμΖ
3275 1099 3373 1157 εἶτ’
3402 1105 3636 1157 ἔννατον

592 1195 949 1266 Sophoniam,
980 1205 1034 1251 et
1064 1198 1344 1265 Aggasum,
1379 1193 1727 1257 Zachariam,
1765 1192 2039 1252 ultimum,

1870 1206 2039 1252 munt,
2266 1191 2548 1260 Σοφονίαν,
2600 1194 2850 1260 ’Δγγαῐόν
2895 1210 2955 1247 τε
2988 1194 3082 1247 καὶ
3116 1193 3410 1265 Ζαχαρίαν,

592 1286 803 1342 Nomen
833 1288 1027 1358 duplex
1066 1288 1155 1342 cui
1182 1296 1287 1350 est,
1319 1286 1565 1356 angelum
1601 1283 1944 1338 Malachiam.

1672 1283 1944 1337 ilacbiam.
2264 1283 2544 1353 Διώνυμὸν
2571 1302 2630 1339 τε
2658 1286 2889 1353 ἂγγελον
2911 1287 3218 1357 Μαλαχίαν.

588 1378 718 1433 I‘ost
744 1380 844 1434 hos
874 1381 1147 1449 pmphetae
1173 1380 1324 1433 disce
1353 1378 1447 1447 qui
1490 1378 1600 1432 sint
1634 1385 1873 1447 quatuor
1899 1392 1913 1427 :

2265 1376 2402 1432 Μεθ’
2432 1376 2525 1440 οὓς
2559 1379 2845 1447 προφήτας
2885 1378 3121 1447 μάνθανε
3148 1380 3274 1443 τοὺς
3298 1381 3602 1449 τέσσαρας,

588 1470 709 1525 Non
742 1472 987 1540 trepidus
1012 1486 1107 1527 ore
1140 1472 1349 1542 primus
1382 1479 1466 1525 est
1500 1469 1695 1534 Isaias,

2267 1468 2694 1537 Παρῤησιαστὴν
2723 1467 2815 1520 τὸν
2850 1469 3022 1538 μέγαν
3061 1469 3311 1535 Ἡσαΐαν,

590 1564 741 1616 Alter
768 1562 1038 1617 Jeremias
1078 1562 1395 1625 condolens,
1433 1572 1486 1616 et
1519 1560 1788 1631 mysticus

2278 1555 2548 1627 Ἰερεμίαν
2580 1575 2639 1610 τε
2666 1560 2953 1630 συμπαθῆ,
2981 1563 3077 1614 καὶ
3113 1562 3393 1629 μυστικὸν,

592 1651 844 1708 Ezechiel
876 1652 1022 1717 inde,
1051 1662 1105 1707 et
1129 1652 1319 1707 ultimo
1350 1651 1535 1706 Daniel
1562 1655 1701 1714 loco,

1625 1666 1701 1714 co,
2278 1651 2556 1721 Ἰεζεκιὴλ,
2593 1652 2821 1721 ἔσχατον
2857 1654 2912 1707 δὲ
2948 1656 3171 1723 Δανιὴλ,

593 1745 906 1816 Rebusque,
936 1746 1096 1800 dictis
1129 1755 1184 1800 et
1207 1745 1392 1811 simul,
1422 1745 1558 1799 miro
1588 1758 1775 1813 sagax.

2199 1790 2241 1845 Β
2272 1742 2377 1794 Τδν
2406 1743 2575 1796 αὑτὸν
2601 1744 2783 1813 ἔργοις
2810 1745 2905 1797 καὶ
2928 1745 3112 1812 λόγοις
3143 1746 3470 1812 σοφώτατον.

595 1839 734 1895 Sunt
762 1840 855 1909 qui
892 1839 1134 1893 libellum
1168 1838 1253 1893 his
1287 1838 1541 1907 capulent
1571 1844 1772 1891 sanctae
1805 1832 2071 1888 Estheris.

2015 1848 2071 1885 ις.
2199 1832 2241 1845 ’⁷
2272 1834 2495 1897 τούτοις
2523 1837 2987 1906 προσεγκρινουσι
3017 1838 3118 1907 τὴν
3165 1838 3363 1909 Ἐσθήρ
3388 1856 3561 1901 τινες.

663 1929 819 1986 Nunc
850 1932 961 2001 jam
995 1933 1251 1987 Recentis
1281 1930 1470 1985 audias
1505 1928 1658 1983 Pacti
1694 1929 1863 1981 libros
1892 1942 1906 1979 :

2341 1929 2553 1998 Καινῆς
2584 1931 2859 1999 Διαθήκης
2895 1929 3009 2001 ὥρα
3041 1948 3131 2000 μοι
3158 1932 3371 2002 βιωους
3400 1932 3605 2001 λέγειν.

595 2024 973 2092 Evangelistas
1006 2030 1240 2093 quatuor
1284 2026 1461 2077 solum
1492 2035 1645 2089 capo.

2272 2020 2678 2087 Εὑαγγιλιστὰς
2704 2022 2973 2091 τέσσαρας
2999 2022 3159 2091 δέχου
3196 2024 3406 2090 μόνους,

598 2115 884 2170 Mattheus
913 2131 1105 2170 omnes
1138 2120 1329 2179 anteit,
1362 2117 1584 2169 Marcus
1618 2112 1828 2177 statim,

2272 2110 2573 2177 Ματθαῖον,
2603 2108 2721 2165 εἶτα
2750 2114 2999 2183 Μάρκον,
3026 2110 3071 2183 ᾧ
3098 2117 3313 2169 Λουκᾶν
3348 2118 3529 2187 τρέτον

596 2210 886 2277 Lucasque
914 2210 1186 2276 sequitur,
1216 2217 1409 2275 quarta
1442 2207 1630 2261 loanni
1662 2206 1828 2260 datur

2277 2204 2561 2274 Προσθεὶς,
2597 2206 2821 2275 ἁρίθμει
2854 2208 2945 2260 τδν
2979 2202 3233 2279 Ἰωάννην
3268 2213 3443 2282 χρόνῳ

599 2296 800 2363 Sedes;
837 2307 890 2350 at
922 2298 1044 2352 aliis
1071 2307 1152 2352 est
1182 2299 1352 2367 prior,
1387 2297 1433 2352 si
1460 2296 1710 2365 dogmata

2272 2296 2565 2365 Τέταρτον,
2604 2297 2739 2349 ἀλλὰ
2772 2299 2989 2367 πρῶτον
3017 2298 3140 2367 ὕψει
3170 2302 3474 2369 δογμάτων.

599 2389 844 2459 Spectes.
879 2387 1115 2444 Vocatur
1145 2390 1268 2457 jure
1294 2405 1417 2444 nam
1453 2389 1679 2444 tonitrui

2275 2388 2543 2455 Βροντῆς
2570 2388 2680 2459 γὰρ
2704 2391 2839 2442 υιύν
2863 2388 3052 2443 τοῦτον
3078 2392 3307 2455 εἱκότως
3333 2392 3504 2457 καλῶ,

597 2479 787 2534 Proles
822 2498 833 2535 :
869 2480 963 2534 Dei
993 2496 1117 2533 navi.
1149 2481 1383 2535 maxime
1418 2482 1659 2536 insonuit
1691 2481 1885 2549 Λόγον.

1806 2497 1885 2532 ον.
2274 2481 2547 2547 Μέγιστον
2571 2483 2854 2549 ἡχήσαντα
2890 2481 2970 2552 τῷ
3004 2482 3139 2536 Θεοῦ
3173 2485 3349 2553 Λόγῳ.

596 2570 758 2626 Luca:
788 2587 1004 2641 quoque
1032 2573 1230 2627 librum
1251 2573 1464 2642 jungito
1496 2572 1581 2627 his
1612 2588 1829 2627 rursum
1857 2573 2108 2637 alterum,

1969 2588 2108 2637 rum,
2274 2573 2441 2641 Δέχου
2464 2572 2520 2624 δὲ
2557 2573 2738 2642 βὶσλον
2771 2577 2957 2627 Λουκᾶ
2988 2576 3079 2628 καὶ
3108 2576 3205 2646 τὴν
3239 2578 3515 2647 δευτερσν,

597 2664 986 2733 Apostolorum
1023 2664 1184 2719 Gesta
1216 2666 1308 2736 qui
1348 2667 1466 2721 l‘use
1490 2669 1658 2721 canit.

2274 2664 2384 2733 Τὴν
2423 2665 2529 2719 τῶν
2565 2665 2872 2718 καθολικῶν
2904 2668 3163 2737 Πράξεων
3199 2670 3524 2727 ἀποστόλων,

596 2757 894 2812 Electionis
928 2757 1068 2812 adde
1102 2773 1221 2825 vas,
1262 2758 1604 2828 Apostolum,

2273 2756 2347 2808 Τδ
2380 2756 2601 2822 σκεῦος
2631 2757 2757 2826 ἑξῆς
2790 2759 3071 2827 προστίθει
3104 2759 3213 2825 τῆς
3244 2759 3520 2829 ἐκλογῆς,

600 2846 703 2914 Qui
730 2863 903 2917 praeco
933 2849 1165 2903 celebris
1193 2851 1434 2918 gentium
1474 2866 1690 2920 semper
1724 2851 1845 2915 fuit,

2278 2846 2378 2899 Ῥὸν
2410 2846 2516 2899 τῶν
2551 2845 2719 2898 ἐθνῶν
2750 2847 2988 2915 κήρυκα,
3029 2848 3118 2900 τὸν
3147 2849 3440 2902 ἀπόστολον

600 2941 940 3010 Si-ripsitque
970 2942 1103 2996 scite
1134 2939 1370 2996 Litteras
1405 2946 1819 3011 quatuordccim

2276 2935 2505 3001 Παῦλον,
2539 2935 2717 3003 σοφῶς
2746 2937 3031 3007 γράψαντα
3063 2942 3183 3001 ταῖς
3222 2939 3558 3008 Ἐκκλησίαις

601 3033 684 3089 Ad
709 3030 1077 3097 Christianos,
1112 3033 1323 3087 civibus
1355 3030 1540 3088 Roma
1575 3034 1810 3099 unicam,

2288 3026 2607 3089 Ἐπιστολάς
2631 3027 2713 3090 δὶς
2741 3029 2903 3091 ἑπτὰ,
2948 3028 3231 3099 Ῥωμαίων
3267 3033 3415 3101 μίαν,

606 3124 841 3177 Bimaris
870 3122 1118 3177 Corinthi
1148 3124 1367 3192 scripsit
1400 3125 1463 3178 ad
1496 3125 1642 3179 cives
1669 3126 1827 3187 duas.

2200 3125 2241 3181 C
2272 3115 2353 3192 *ξι
2378 3121 2483 3191 χρὴ
2517 3122 2808 3177 συνάπτειν
2846 3122 2978 3191 πρὸς
3014 3124 3328 3193 Κορινθίους
3359 3124 3466 3185 δύο,

606 3211 811 3266 Calatis
848 3221 901 3265 et
934 3227 1098 3264 unam
1129 3212 1300 3277 misit,
1333 3228 1606 3282 unamque
1636 3216 1830 3269 incolis

2276 3212 2385 3280 Τὴν
2400 3211 2532 3279 πρὸς
2546 3212 2791 3276 Γαλάτας
2813 3215 3003 3277 τιμαὶ
3021 3214 3118 3284 τὴν
3146 3217 3280 3283 πρὸς
3305 3216 3605 3284 Ἐφεσίους,
3628 3211 3732 3283 μεθ’
3751 3211 3794 3277 ἦν

606 3302 830 3373 Ephesi,
861 3302 1120 3372 Philippis
1145 3312 1197 3356 et
1225 3303 1468 3358 Colossis
1500 3306 1736 3371 unicam,

2275 3303 2387 3371 Τὴν
2422 3304 2479 3354 ἐν
2512 3304 2818 3367 Φιλίπποις,
2854 3300 2971 3357 εἶτα
3003 3306 3099 3374 τὴν
3140 3308 3526 3378 γεγραμμένην

607 3398 1013 3452 Thessalonicae
1047 3396 1260 3451 civibus
1290 3398 1463 3463 binas,
1492 3399 1630 3454 duas

2278 3392 2670 3455 Κολοσσαεῦσι,
2702 3393 3154 3447 Θεσσαλονικεῦσι
3188 3397 3298 3460 δύο,

608 3489 915 3553 Timotheo,
947 3498 1001 3543 et
1032 3503 1193 3542 unam
1221 3504 1345 3543 cum
1382 3489 1502 3543 Tito
1540 3488 1866 3559 Philemoni,

1850 3534 1866 3559 ν
2278 3485 2379 3538 Δύο
2421 3486 2691 3556 Τιμοθέῳ,
2727 3488 2870 3557 Τίτῳ
2904 3486 2958 3539 δὶ
2994 3489 3087 3538 καὶ
3113 3489 3391 3557 Φιλήμονι,

615 3582 901 3650 Unamque
945 3579 1189 3635 Hebraeis
1216 3582 1470 3650 denique,
1521 3596 1684 3653 atque
1722 3587 1862 3637 hanc
1905 3588 2161 3640 ultimam

1974 3588 2174 3647 Limam.
2277 3574 2423 3627 Μίαν
2456 3576 2717 3644 ἑκατέρῳ,
2757 3577 2846 3628 καὶ
2881 3578 3013 3646 πρὸς
3064 3577 3346 3646 Ἐϐραίους
3378 3580 3520 3646 μίαν,

611 3672 841 3737 Quidam
876 3671 999 3725 licet
1049 3670 1158 3723 sint
1191 3672 1283 3740 qui
1316 3672 1534 3725 notham
1570 3674 1710 3727 hanc
1741 3688 1862 3730 esse
1905 3688 2153 3731 asseram

1940 3688 2173 3743 sserant,
2279 3668 2431 3730 Τινὲς
2458 3668 2513 3720 δέ
2544 3686 2675 3735 φασι
2702 3668 2799 3740 τὴν
2823 3670 2955 3739 πρὸς
3002 3669 3288 3740 Ἐὄραίους
3314 3670 3483 3731 νόθοι,

610 3762 813 3816 Errore
843 3763 989 3814 ducti
1019 3780 1032 3815 :
1060 3770 1169 3814 tota
1200 3777 1324 3815 nam
1355 3761 1581 3817 Paulum
1612 3767 1773 3834 sapit.

2278 3760 2390 3813 Οὐκ
2425 3759 2483 3812 εὖ
2512 3761 2793 3827 λέγοντεςο
2834 3763 3030 3831 γνησία
3061 3761 3170 3833 γὰρ
3201 3765 3236 3832 ἡ
3268 3766 3435 3833 χάρις.

611 3853 803 3909 Restat
836 3853 1132 3909 catholicas
1162 3853 1398 3910 Litteras
1428 3855 1605 3909 dicam
1636 3866 1692 3911 ut
1720 3858 1837 3912 tihi.

2279 3845 2424 3913 Εἶεν,
2458 3850 2508 3900 τι
2534 3848 2751 3917 λοιπόν;
2785 3850 3102 3904 Καθολικῶν
3144 3852 3467 3907 Ἐπιστολῶν

612 3942 724 3997 llas
757 3955 877 3997 esse
910 3950 1115 4011 septem
1150 3942 1404 3997 dictitant
1433 3945 1655 4014 quidam
1692 3965 1705 4001 :
1748 3958 1945 4019 negant

2281 3939 2437 4002 Τινὲς
2466 3939 2565 4009 μὲν
2594 3940 2735 3993 ἑπτά
2764 3958 2949 4009 φασιν,
2975 3943 3025 3994 οι
3070 3942 3128 3995 δι
3153 3945 3301 4013 τρεῖς
3332 3944 3495 4013 μόνας

613 4031 817 4085 Debere
844 4033 1065 4099 quidam
1098 4033 1302 4101 suscipi
1333 4035 1512 4102 plures
1539 4036 1710 4091 tribus

2280 4033 2491 4103 Χρῆναι
2517 4032 2789 4100 δέχεσθαι,
2828 4033 2928 4102 τὴν
2968 4032 3222 4088 Ἰακώϐου
3261 4037 3409 4106 μίαν,

614 4122 839 4177 Joannis
870 4137 1055 4186 unam,
1085 4120 1233 4177 Petri
1264 4133 1317 4179 et
1342 4122 1525 4180 Jacobi
1564 4129 1800 4184 unicam.

2282 4126 2426 4179 Μίαν
2452 4125 2509 4177 δὲ
2540 4125 2767 4195 Πέτρου,
2805 4126 2903 4197 τὴν
2933 4126 2983 4178 τ’
3030 4126 3275 4181 Ἰωάννου
3311 4131 3458 4200 μίαν.

613 4214 843 4268 Joannis
872 4216 961 4267 alii
989 4224 1098 4270 tres
1124 4216 1334 4281 volunt,
1360 4218 1516 4273 binas
1546 4220 1688 4274 Petri

2281 4218 2433 4280 Τινὲς
2464 4215 2517 4268 δὲ
2553 4217 2650 4278 τὰς
2688 4218 2861 4286 τρεῖς,
2903 4219 2994 4270 καὶ
3032 4220 3167 4287 πρὸς
3202 4221 3392 4283 αὐταῖς
3414 4222 3510 4283 τὰς

616 4306 823 4374 Recipi,
860 4316 913 4360 et
933 4304 1087 4361 Judre
1114 4308 1420 4376 septimam.
1456 4310 1691 4367 Rursum
1729 4313 1949 4377 librum,

1924 4340 1949 4377 l,
2283 4309 2491 4377 Πέτρου
2525 4308 2789 4377 δέχονται,
2817 4309 2914 4377 τὴν
2948 4309 3119 4362 Ἰούδα
3146 4310 3188 4362 δ’
3221 4313 3470 4381 ἑϐδόμην.

616 4400 829 4451 Arcana
860 4412 1036 4451 rerum
1072 4399 1270 4467 detegit
1299 4401 1389 4468 qui
1420 4401 1677 4469 plurima,

2214 4450 2257 4470 ﬂ
2286 4398 2395 4468 Τὴν
2422 4399 2465 4452 δ’
2518 4400 2883 4469 Ἀποκάλυψιν
2916 4400 3015 4470 τὴν
3060 4402 3310 4457 Ἰωάννου
3342 4406 3498 4458 πάλιν

2213 4450 2259 4506 D

620 4486 853 4554 Quidam
885 4488 1232 4542 inserendum
1264 4488 1449 4545 Codici
1477 4508 1635 4547 sacro
1660 4506 1913 4550 asserunt
1946 4514 1959 4550 :

1946 4514 1959 4550 :
2213 4486 2259 4506 ν
2294 4492 2444 4557 Τινὲς
2482 4496 2581 4564 μὲν
2619 4496 2984 4565 ἑγκρὶνουσιν,
3018 4498 3065 4550 οι
3100 4500 3314 4561 πλείους
3338 4500 3393 4552 δέ
3420 4517 3479 4569 γε

621 4578 856 4633 Notlium
885 4595 1005 4634 esse
1038 4581 1214 4651 major
1243 4598 1368 4651 pars
1398 4584 1473 4638 ait
1506 4601 1721 4640 rursum
1752 4589 1940 4644 altera.

1836 4604 1940 4644 era.
2291 4586 2463 4640 Νόθον
2489 4589 2755 4656 λέγουσιν,
2792 4585 2960 4654 Οὗτος
2989 4592 3382 4659 ἅψευόἑστατος

624 4668 809 4723 Canon
845 4670 931 4725 hic
961 4673 1158 4727 sacrati
1184 4683 1364 4730 certus
1383 4686 1467 4731 est
1498 4677 1817 4734 voluminis.

2292 4679 2485 4735 Κανὼν
2514 4681 2580 4736 ἂν
2603 4684 2687 4754 el'q
2723 4683 2829 4738 τῶν
2856 4683 3227 4740 θεοπνεύστων
3264 4687 3514 4757 Γραςῶν,
