3914 6332
582 355 690 420 931
1881 349 2140 413 THEOD

2252 349 2622 415 lALSAMON
3733 353 3834 416 93!

596 458 890 524 σύνδεσμον
925 455 1133 514 ἀδικίας
1174 452 1221 506 οί
1258 449 1509 516 τοιοῦτοι,
1566 449 1706 503 κατά
1743 449 1836 522 τὴν
1865 452 2142 521 ἀπόφασιν
2194 454 2288 507 τοῦ
2331 455 2487 522 ἀγίου
2539 455 2769 523 Πέτρου,
2805 453 3109 525 ὑπάρχουσι
3169 453 3568 524 συλληφθέντες
3608 455 3714 508 ῦς),
3743 459 3828 523 τῆς

592 547 806 599 ἑαυτῶν
837 543 1224 613 φιλαργυρίας.

664 637 818 691 Unde
845 645 894 688 et
927 643 1235 688 sanctorum
1266 642 1318 688 et
1356 632 1639 688 beatorum
1681 632 1900 687 Patrum
1951 645 2149 686 sanctae
2176 645 2220 698 Α

592 743 797 797 magnae
835 728 1025 796 synodi
1061 726 1410 781 tecumenicae
1444 724 1781 779 Chalcedone
1815 732 2149 792 congregata:

595 820 714 872 huic
743 816 845 884 legi
887 816 1177 868 Dotninicte
1198 815 1455 868 convenit
1481 829 1678 878 canon,
1702 813 1791 882 qui
1827 813 1907 867 sic
1936 827 1966 866 a
1989 813 2149 866 nobis

588 917 770 975 aperte
795 908 982 962 iisdem
1011 907 1189 960 verbis
1219 905 1399 959 editus
1419 915 1503 958 est
1536 920 1550 957 :

2312 639 2474 693 Ὀθεν
2503 641 2598 694 καὶ
2627 642 2735 694 τῶν
2765 641 2946 704 ὁσίων,
2987 638 3077 694 καὶ
3110 644 3394 713 μακαρίων
3420 647 3696 716 Πατέρων
3729 649 3824 699 τῶν

2247 722 2343 792 τῆς
2371 728 2531 795 ἁγίας
2558 729 2652 782 καὶ
2682 730 2924 801 μεγάλης
2955 733 3337 801 οίκουμενικῆς
3383 735 3480 804 τῆς
3511 738 3569 786 ἐν
3605 736 3826 803 Χαλκη-

2247 815 2355 869 δόνι
2387 819 2745 889 συναχθείσης
2765 862 2779 887 ,
2802 821 2884 890 τῷ
2912 823 3224 892 Δεσποτικῷ
3255 824 3422 893 τούτῳ
3466 825 3622 896 νόμῳ
3660 830 3824 896 cus;-

2246 908 2325 960 ϐει
2354 909 2382 962 ὁ
2425 911 2554 980 περὶ
2575 909 2766 963 τούτου
2801 913 2999 976 κανὼν,
3033 912 3093 973 ὃς
3121 916 3252 984 ἡμῖν
3282 916 3464 982 σαφῶς
3499 918 3716 970 οὑτωσὶ
3749 920 3825 969 λέ-

2250 997 2392 1062 ξεσιν
2421 1001 2609 1064 αὑταῖς
2649 1002 3051 1069 ἐκπεφώνηται·

2324 1106 2342 1140 ‹
2381 1090 2450 1142 Et
2474 1107 2554 1153 τις
2587 1092 2878 1156 ἐπίσκοπος
2911 1095 3003 1145 ἐπὶ
3026 1095 3273 1162 χρήμασι
3301 1097 3639 1164 χειροτονίαν
3673 1105 3824 1169 ποιή-

2251 1194 2427 1241 σαιτο,
2457 1181 2550 1232 καὶ⁵
2570 1182 2647 1243 εἰς
2672 1183 2872 1251 πράσιν
2906 1186 3208 1250 καταγάγοι
3237 1186 3336 1251 τὴν
3363 1183 3611 1254 ἄπρατον
3641 1189 3822 1258 χάριν,

2249 1268 2341 1321 καὶ
2371 1272 2746 1340 χειροτονῆσαι
2791 1273 2885 1324 ἐπὶ
2930 1274 3206 1343 χρήμασιν
3241 1275 3560 1340 ἐπίσκοπον,
3608 1277 3644 1347 ἦ
3687 1299 3825 1350 χωρ-

2246 1357 2564 1424 επίσκοπον,
2591 1361 2622 1430 ἢ
2651 1362 3039 1433 πρεσϐύτερον,
3073 1364 3106 1433 ἢ
3133 1364 3393 1427 διάκονον,
3424 1366 3456 1436 ἢ
3491 1367 3690 1438 ἕτερόν
3711 1387 3825 1422 τινα

2247 1448 2354 1501 τῶν
2381 1450 2437 1504 ἐν
2465 1450 2544 1519 τῷ
2574 1451 2759 1522 κλήρῳ
2790 1453 3335 1523 καταριθμουμένων,
3383 1456 3414 1525 ἢ
3461 1457 3823 1527 προϐάλλοιτο

667 1105 687 1140 ι
721 1089 778 1144 Si
803 1089 919 1156 quis
943 1089 1229 1158 episcOpus
1248 1089 1490 1158 pecuniis
1516 1088 1909 1143 ordinationem
1936 1086 2147 1153 iecerit,

588 1180 675 1233 vel
703 1197 808 1234 non
845 1182 1085 1234 venalem
1131 1181 1355 1250 gratiam
1394 1181 1458 1234 ad
1508 1181 1866 1234 venditionem
1915 1180 2153 1234 deduxe-

586 1269 676 1334 rit,
708 1280 756 1324 et
787 1273 1026 1339 pecuniis
1054 1271 1388 1325 ordinaverit
1415 1271 1753 1339 episcOpum,
1788 1268 1871 1323 vel
1899 1269 2150 1336 chorepi-

586 1374 833 1428 scopum,
859 1362 939 1414 vel
967 1362 1355 1430 presbyterum,
1377 1363 1458 1413 vel
1483 1359 1791 1425 diaconum,
1810 1359 1887 1412 vel
1912 1360 2148 1427 aliquem

584 1463 772 1503 eorum
818 1453 908 1518 qui
963 1453 1015 1504 in
1073 1453 1216 1504 clero
1248 1460 1726 1514 connumerantur,
1768 1451 1850 1503 vel
1901 1447 2146 1517 pecuniis

591 1538 848 1608 provehat
881 1548 1237 1594 teconomum,
1268 1531 1348 1584 vel
1383 1528 1740 1592 defensorem,
1774 1526 1856 1580 vel
1892 1541 2142 1594 parame-

594 1628 825 1691 narium,
855 1624 934 1678 vel
967 1623 1181 1678 omnino
1202 1621 1430 1689 aliquem
1454 1634 1520 1671 ex
1549 1619 1713 1680 clero,
1747 1625 1964 1684 propter
1987 1630 2143 1669 suum

597 1728 749 1784 turpe
786 1717 990 1768 lucrum
1038 1733 1050 1766 :
1095 1713 1185 1781 qui
1233 1713 1332 1764 hoc
1375 1723 1657 1776 aggressus
1703 1721 1824 1760 esse
1872 1708 2148 1761 convictus

595 1807 774 1871 fuerit,
809 1807 870 1857 de
904 1803 1119 1872 proprio
1144 1801 1306 1870 gradu
1336 1799 1515 1851 veniat
1545 1797 1597 1849 itt
1623 1797 1951 1863 periculum;
1979 1806 2032 1850 et
2056 1798 2146 1865 qui

2247 1539 2339 1589 ἐπὶ
2371 1540 2643 1608 χρήμασιν
2681 1542 2984 1609 οἰκονόμον,
3010 1542 3041 1612 ἢ
3065 1542 3297 1606 ἔκδικον,
3319 1545 3352 1615 ἢ
3378 1549 3821 1616 παραμονάριον,

2248 1628 2281 1698 ἢ
2317 1628 2490 1693 ἄλλως
2517 1631 2641 1684 τινὰ
2661 1631 2756 1684 τοῦ
2783 1633 3007 1703 κλήρου,
3039 1634 3106 1686 δι’
3127 1636 3574 1707 αἰσχροκέρδειαν
3592 1641 3821 1701 οἰκείαν,

2247 1721 2274 1771 ὁ
2296 1720 2472 1790 τούτῳ
2500 1721 2852 1792 ἐπιχειρήσας
2880 1723 3152 1793 ἐλεγχθεὶς
3175 1725 3534 1779 κινδυνευέτω
3567 1729 3710 1798 περὶ
3740 1732 3821 1778 τῆν

2247 1811 2445 1863 οίκεῖον
2473 1811 2706 1880 βαθμόνῖ
2741 1815 2833 1864 καὶ
2865 1815 2891 1864 ὁ
2915 1815 3408 1885 χειροτονούμενος,
3438 1818 3610 1887 μηδὲν
3636 1820 3703 1869 ἐκ
3731 1820 3820 1886 τῆς

595 1897 871 1952 ordinatur
899 1932 912 1954 ,
951 1893 1081 1944 nihil
1119 1906 1180 1942 ex
1215 1888 1584 1948 ordinatione,
1639 1886 1720 1937 vel
1775 1887 2141 1952 promotione.

2252 1901 2367 1949 κατ’
2393 1901 2661 1968 ἐμπορίαν
2685 1899 2997 1967 ὠφελείσθω
3031 1902 3364 1971 χειροτονίας
3385 1940 3400 1964 ,
3443 1886 3479 1971 νῆ
3523 1904 3818 1974 προϐολῆς·

603 2002 718 2054 qnze
758 1985 813 2037 iit
841 1985 1009 2035 instar
1039 1990 1372 2044 mercaturae,
1393 1979 1630 2046 juvetur,
1667 1976 1757 2029 sed
1787 1977 1854 2028 sit
1884 1976 2088 2030 alienus
2116 1993 2144 2030 a

594 2075 850 2144 dignitate
869 2111 883 2134 ,
924 2071 1004 2124 vel
1047 2070 1325 2122 curatione
1347 2107 1360 2131 ,
1387 2082 1544 2134 quam
1573 2066 1815 2135 peCUniis
1871 2077 2148 2121 assecutus

593 2175 692 2218 est.
722 2164 774 2216 Si
813 2163 932 2229 quis
983 2171 1158 2213 autem
1193 2159 1276 2211 his
1314 2157 1560 2224 turpibus
1604 2171 1665 2208 ac
1715 2154 1935 2208 nefariis
1986 2154 2149 2208 lueris

595 2262 870 2321 sequester
906 2251 1292 2302 intercessorve
1318 2248 1649 2314 apparuerit,
1679 2246 1724 2298 is
1759 2259 1969 2313 quoque
2001 2246 2044 2298 si
2080 2245 2149 2297 sit

596 2343 822 2396 clericus
847 2383 861 2409 ,
906 2329 934 2393 la
968 2341 1140 2410 primo
1168 2340 1332 2408 gradu
1365 2337 1576 2390 excidat
1611 2353 1625 2389 :
1659 2337 1701 2390 si
1736 2346 1915 2390 autem
1944 2336 2145 2399 laicus,

596 2435 677 2488 vel
712 2433 1025 2494 monachus,
1055 2426 1558 2482 anathematizetur.
1597 2444 1615 2475 ι

679 2532 836 2600 182
857 2529 1441 2584 ΒΑΙ,5.Ρυιοιιειϊίιιιε
1478 2538 1532 2583 et
1551 2527 1704 2582 valde
1734 2527 1822 2597 pia
1843 2537 1967 2582 sunt
1996 2528 2161 2596 hujus

597 2625 821 2677 canonis
845 2634 1156 2677 sanctorum
1180 2623 1399 2676 Patrum
1424 2629 1709 2689 prmcepta,
1729 2621 1821 2689 qui
1841 2634 2054 2673 onmem
2077 2620 2162 2673 in-

597 2713 872 2768 vasionent
892 2715 1210 2774 satanicam,
1236 2713 1677 2778 diabolicumque
1691 2721 1965 2772 conatum,
1985 2713 2076 2779 qui
2102 2713 2156 2767 in

594 2806 796 2859 denunt
812 2806 1098 2875 spirituale
1117 2806 1438 2869 intenditur,
1454 2804 1730 2874 repellitet
1748 2803 2134 2858 rescindit.Nul
2148 2833 2163 2844 -

595 2893 646 2947 lo
664 2895 810 2948 enim
827 2895 988 2948 modo
1005 2896 1117 2948 vult
1131 2893 1490 2949 ordinationis
1507 2893 1900 2961 promotionem
1920 2892 2164 2958 pecuniis

593 2990 683 3033 aut
717 2981 854 3046 ﬁeri,
887 2990 979 3034 aut
1041 2983 1264 3049 suscipi,
1291 2998 1389 3036 nec
1419 2984 1485 3036 ab
1513 2998 1578 3037 eo
1607 2986 1696 3052 qui
1734 2985 1876 3038 illam
1906 2995 2145 3052 exercet,

597 3079 693 3118 nec
725 3067 791 3120 ab
839 3082 903 3120 eo
939 3069 1026 3135 qui
1065 3070 1420 3123 ordinationis
1465 3071 1855 3136 promotionem
1896 3072 2092 3141 accipit
2129 3090 2143 3127 :

596 3155 688 3206 sed
724 3170 818 3208 nec
854 3165 974 3208 ante
1024 3168 1229 3224 tempus
1275 3158 1660 3220 ordinationis,
1711 3173 1808 3212 nec
1842 3169 1997 3226 post,
2032 3161 2145 3212 dari

2247 1990 2359 2044 ἀλλ’
2393 1989 2532 2043 ἔστω
2564 1992 2840 2061 ἀλλότριος
2866 1993 2964 2061 τῆς
2994 1992 3151 2056 ἀξίας
3173 2035 3186 2057 ,
3211 1992 3240 2061 ἢ
3270 1991 3361 2044 τοῦ
3391 1998 3815 2062 φροντίσματος,

2246 2077 2416 2151 οὗπερ
2445 2083 2534 2134 ἐπὶ
2559 2085 2834 2152 χρήμασιν
2859 2083 3065 2152 ἔτυχεν.
3097 2084 3156 2135 Εί
3188 2083 3243 2135 δέ
3280 2100 3364 2145 τις
3391 2086 3484 2135 καὶ
3518 2086 3820 2152 μεσιτεύιυν

2247 2176 2392 2242 φανῇ
2425 2176 2536 2234 τοῖς
2565 2176 2808 2244 αἰσχροῖς
2838 2175 3078 2238 τούτοις,
3104 2176 3197 2226 καὶ
3221 2173 3502 2241 ἀθεμίτοις
3533 2174 3816 2243 λήμματι,

2249 2263 2342 2312 καλ.
2370 2257 2520 2324 οὗτος
2544 2264 2592 2312 εἱ
2617 2264 2712 2331 μὲν
2740 2263 2999 2331 κληρικὺς
3023 2263 3130 2332 εἴη,
3157 2261 3249 2313 τοῦ
3275 2263 3475 2313 οἰκείου
3509 2263 3819 2314 ἐμπιπτέτω

2252 2347 2484 2418 βαθμοῦ’
2519 2351 2567 2402 εί
2587 2350 2645 2403 δὲ
2667 2350 2878 2413 λσῖκὸς,
2903 2351 2933 2420 ἢ
2963 2349 3230 2419 μονὰζων,
3259 2349 3769 2417 ἀναθεματιζέσοω.
3802 2367 3816 2395 ι

2335 2523 2530 2580 ΒΑΛΣ.
2557 2524 2835 2579 Κάλλιστα
2856 2528 2948 2580 καὶ
2977 2526 3097 2580 λίαν
3116 2528 3312 2596 εὐσεϐῆ
3360 2527 3455 2579 τοῦ
3475 2531 3704 2590 κανόνος
3729 2533 3819 2580 τῶκ

2254 2617 2423 2684 ἁγίων
2445 2618 2699 2686 Πατέρων
2715 2618 2946 2688 ὑπάρχει
2963 2621 3026 2674 τὰ
3045 2620 3503 2688 παραγγέλματα,
3529 2624 3716 2674 πᾶσαν
3735 2625 3817 2687 ἐς·

2253 2706 2371 2758 οδον
2413 2706 2729 2776 σατανικὴν.
2762 2709 2854 2759 καὶ
2885 2709 2992 2760 πᾶν
3032 2708 3336 2777 ἐγχείρημα
3365 2709 3649 2762 δαϐολικὺν
3690 2717 3818 2764 κατα

2255 2799 2352 2864 τῆς
2391 2797 2767 2864 πνευματικῆς
2790 2799 3088 2867 φερόμενον
3118 2799 3344 2869 δωρεᾶς,
3372 2803 3745 2871 ἀπωθούμενά
3771 2823 3816 2854 τε

2255 2889 2350 2938 καὶ
2374 2888 2768 2940 ἀνακύπτοντα.
2792 2889 2864 2941 Οὐ
2885 2887 3131 2956 βούλεται
3165 2893 3271 2961 γὰρ
3308 2892 3558 2958 οὐδαμῶς
3586 2895 3675 2948 διὰ
3699 2914 3816 2963 χρὴ·

2253 2986 2437 3054 μάτων
2488 2991 2727 3056 γίνεσθαι
2773 2995 2868 3062 τῆς
2910 2997 3247 3064 χειροτονίας
3288 2998 3386 3067 τὴν
3438 3000 3734 3069 προϐολὴν,
3786 3002 3811 3067 ἦ

2250 3075 2624 3146 ὑποδέχεσθαι,
2646 3080 2766 3132 οὔτε
2792 3083 2938 3152 παρὰ
2959 3083 3049 3135 τοῦ
3072 3084 3276 3153 ταύτην
3297 3088 3668 3154 ἐνεργοῦντος,
3702 3091 3812 3139 ait;

2251 3168 2399 3234 παρὰ
2438 3168 2531 3220 τοῦ
2573 3170 2668 3238 τῆς
2717 3175 3046 3240 χειροτονίας
3092 3174 3185 3244 τὴν
3245 3176 3512 3244 προϐολὴν
3556 3178 3804 3245 ὑποδειοο

601 3246 853 3310 pecunias
879 3247 1121 3299 concedit
1153 3265 1166 3300 :
1198 3249 1432 3300 omnium
1462 3249 1600 3300 enim
1630 3248 1680 3299 itt
1721 3249 1818 3300 hac
1845 3263 2058 3317 quoque
2091 3265 2141 3303 re

2252 3254 2436 3322 μένου,
2475 3258 2588 3308 ἀλλ’
2618 3261 2735 3311 οὐδὲ
2779 3261 2884 3331 πρὸ
2913 3263 3104 3333 καιροῦ
3142 3265 3238 3334 τῆς
3280 3267 3607 3336 χειροτονίας
3631 3307 3642 3328 ,
3695 3269 3808 3320 οὐδὲ

592 3346 709 3384 esse
738 3338 936 3397 sordes,
964 3351 1347 3403 munerumque
1389 3337 1776 3402 corruptionem
1812 3340 2138 3404 pronuntiat.

2251 3345 2383 3410 μετά
2413 3345 2500 3397 τὸν
2541 3350 2728 3419 καιρὸν
2753 3352 2852 3419 τῆς
2877 3355 3231 3421 χειροτονίας,
3259 3355 3376 3407 οὐδὲ
3406 3357 3545 3409 κατὰ
3571 3357 3656 3409 τὸν
3697 3375 3804 3409 και-

591 3421 684 3487 ρὸν
717 3423 986 3492 αὐτὸντῆς
1017 3427 1364 3493 χειροτονίας,
1396 3425 1531 3493 ὑπὲρ
1562 3426 1655 3493 τῆς
1686 3426 2018 3494 χειροτονίας
2045 3426 2548 3502 ὃίδοσθαιχρήματα
2582 3445 2870 3509 συγχωρεῖ·
2901 3443 3131 3494 καθόλου
3162 3445 3269 3515 γὰρ
3300 3445 3396 3516 τὴν
3420 3448 3511 3498 ἐπὶ
3533 3445 3613 3517 τῷ
3632 3448 3801 3518 πραγ-

594 3525 724 3578 ματι
749 3511 920 3580 τούτῳ
949 3513 1265 3580 δωροδοκίαν
1291 3513 1580 3578 ἀπέφηνεν.

663 3595 922 3658 Quoniam
956 3606 1129 3648 tamen
1167 3597 1232 3648 iis
1259 3597 1328 3647 ita
1359 3606 1536 3662 aperte
1568 3596 1848 3662 prohibitis
1872 3635 1888 3662 ,
1920 3597 2135 3666 quidam

591 3696 714 3736 sunt
745 3686 796 3737 in
820 3685 1123 3738 Galatarum
1147 3686 1380 3738 Ecclesia
1399 3686 1713 3755 deprehensi
1740 3697 1956 3756 propter
1987 3699 2136 3756 turpe

591 3771 796 3824 lucrum
835 3782 885 3825 et
915 3774 1192 3826 avaritiam
1227 3773 1339 3826 hrcc
1371 3774 1622 3827 salutaria
1657 3785 1711 3829 et
1741 3779 1973 3831 humana
2000 3795 2139 3845 prte-

591 3872 739 3928 cepta
776 3866 1038 3932 negligere
1067 3873 1116 3918 et
1150 3865 1440 3934 transgredi
1475 3879 1569 3918 :ea
1598 3869 1940 3936 quoquejpsa
1977 3872 2131 3924 nobis

590 3966 847 4005 renovare
880 3955 1046 4007 visum
1087 3965 1166 4008 est
1199 3971 1320 4008 cum
1352 3957 1452 4011 hac
1471 3968 1652 4011 sancta
1681 3961 1901 4026 synodo,
1937 3975 2053 4028 quae
2078 3961 2126 4011 in

589 4041 691 4096 hac
721 4053 972 4109 regnante
1002 4059 1134 4097 nova
1169 4044 1356 4108 Roma,
1400 4062 1537 4101 nunc
1571 4048 1680 4114 agit
1711 4065 1722 4099 :
1759 4059 1813 4101 ut
1845 4051 1961 4106 sine
1993 4052 2134 4102 omni

589 4132 799 4196 penitus
857 4131 1160 4185 inventione
1184 4169 1200 4193 ,
1236 4141 1290 4184 et
1338 4134 1480 4186 omni
1515 4143 1771 4201 praetextu
1793 4177 1806 4200 ,
1837 4138 2136 4206 eallidoque

588 4229 892 4273 commento
917 4259 930 4283 ,
962 4220 1179 4288 impiam
1215 4222 1352 4275 hanc
1382 4233 1432 4275 et
1485 4224 1752 4286 odiosam,
1783 4241 1898 4293 quae
1953 4230 2132 4281 nescio

588 4312 852 4376 quomodo
876 4310 925 4361 in
956 4311 1320 4363 sanctissimas
1343 4311 1607 4367 Ecclesias
1634 4315 1813 4377 subiit,
1852 4329 2138 4370 consuetu-

588 4401 761 4454 dinem
787 4402 1001 4454 omnino
1030 4402 1446 4468 exscindamus;
1474 4413 1530 4455 ut
1557 4419 1675 4457 eum
1703 4422 1831 4472 pura
1857 4417 1909 4460 et
1937 4412 2135 4476 absque

587 4492 687 4542 ulla
718 4492 1106 4558 cauponatione
1136 4506 1326 4544 eorum
1354 4495 1441 4560 qui
1486 4495 1819 4561 ordinantur,
1861 4500 2134 4551 renuntia-

2318 3607 2502 3677 Ὅμως
2538 3612 2726 3684 ἐπειδὴ
2750 3613 2866 3677 νῦν,
2899 3613 3073 3665 καίτοι
3114 3617 3396 3687 προδήλως
3421 3618 3631 3672 τούτων
3665 3621 3797 3674 οὕτω

2246 3699 2656 3769 κεκωλυμένων,
2683 3704 3042 3773 ἐφωράθησάν
3070 3723 3213 3768 τινες
3241 3709 3382 3759 κατὰ
3418 3709 3526 3762 τῶν
3547 3710 3796 3762 Γαλατῶν

2242 3787 2650 3858 ὀλιγωροῦντες,
2677 3793 2769 3846 καὶ
2794 3796 3219 3864 παραϐαίνοντες
3247 3798 3310 3848 δι’
3331 3799 3794 3870 αἰσχροκέρδειαν,

2243 3880 2334 3930 καὶ
2358 3881 2733 3954 φιλαργυρίαν·
2758 3887 2823 3937 τὰ
2845 3888 3084 3955 σωτήρια
3111 3889 3301 3951 ταῦτα,
3329 3890 3423 3941 καὶ
3445 3890 3796 3958 φιλάνθρωπα

2251 3972 2704 4039 παραγγέλματα,
2739 3971 2796 4025 εὖ
2824 3974 2962 4043 ἔχειν
2989 3977 3133 4040 ἔδοξε
3159 3978 3248 4029 καὶ
3282 3980 3410 4046 ἡμῖν
3441 3981 3614 4033 ταῦτα
3649 3985 3794 4033 πάλιν

2245 4058 2653 4113 ἀνανεώσασθαι
2678 4065 2813 4131 μετὰ
2836 4065 2928 4132 τῆς
2955 4065 3111 4131 ἀγίας
3151 4068 3387 4132 συνόδου,
3417 4073 3518 4138 τῆς
3539 4072 3794 4139 ἐνδημοῦ-

2244 4161 2340 4213 σης
2364 4151 2419 4200 ἐν
2446 4151 2617 4221 ταύτῃ
2639 4155 2703 4219 τῇ
2733 4153 3088 4225 βασιλευούσῃ
3134 4156 3228 4223 νέα
3267 4156 3448 4229 Ῥώμῃ
3475 4199 3488 4221 ,
3519 4161 3663 4212 ὥστε
3689 4165 3794 4228 δίχα

2245 4235 2423 4304 πάσης
2445 4239 2717 4302 ἐπινοίας,
2749 4243 2842 4294 καὶ
2869 4244 3044 4312 πάσης
3083 4247 3430 4314 προφάσεως,
3465 4251 3554 4301 καὶ
3606 4253 3794 4311 παντὸς

2245 4329 2532 4394 σοφιομοῦ,
2571 4330 2666 4398 τὴν
2694 4331 2953 4402 βδελυρὰν
2984 4335 3208 4404 ταύτην,
3244 4337 3336 4388 καὶ
3367 4339 3539 4407 ἀσεϐῆ
3567 4341 3674 4392 οὐκ
3708 4341 3793 4392 οίςΤ

2244 4415 2385 4478 ὃπως
2413 4418 2828 4474 ἐπεισελθοῦσαν
2853 4425 3137 4493 συνήθειαν
3165 4429 3280 4486 ταῖς
3314 4429 3650 4493 ἁγιωτάταις
3689 4434 3795 4482 Ἐκ-

2245 4505 2488 4572 κλησίαις
2523 4511 2798 4573 παντελῶς
2843 4514 3113 4580 ἐκτεμεῖν
3165 4517 3249 4566 ἱνα
3300 4518 3515 4586 ἀληθῶς
3576 4522 3792 4587 ἁκαπη·

589 4581 660 4632 tio
688 4582 752 4633 ab
778 4583 1100 4634 antistitibus
1126 4581 1256 4634 facta
1287 4585 1465 4646 fuerit,
1503 4587 1667 4651 gratia
1705 4585 1934 4653 Spiritus
1961 4591 2130 4643 sancti

2252 4593 2427 4646 λεύτου
2451 4633 2465 4657 ,
2511 4597 2605 4647 καὶ
2636 4599 2876 4668 καθαρᾶς
2908 4603 3058 4671 παρὰ
3098 4605 3205 4656 τῶν
3239 4581 3535 4677 ἀρχιερέων
3562 4611 3671 4680 τῆς
3716 4581 3795 4662 ἐπὶ

586 4685 814 4737 superne
864 4672 1058 4723 veniat.
1117 4671 1317 4735 Quibus
1359 4676 1542 4728 nescio
1591 4691 1656 4728 an
1707 4693 1800 4744 per
1847 4681 2124 4746 pecuniam

586 4761 970 4826 promotionem
1017 4760 1356 4825 facientibus,
1388 4773 1440 4816 et
1491 4780 1648 4820 manu
1701 4783 1804 4819 non
1838 4783 1965 4834 pure
2003 4785 2130 4836 ope-

588 4861 757 4912 mnte,
798 4852 861 4901 ad
906 4866 1025 4904 cum
1057 4853 1144 4919 qui
1181 4866 1529 4920 promovetur
1563 4857 1789 4920 accedit,
1832 4860 2124 4913 secundum

589 4954 767 4991 vocem
804 4940 1107 5009 Evangelii,
1164 4952 1217 4995 et
1263 4960 1366 4996 non
1421 4947 1595 5012 petitis
1636 4948 1924 5001 retrahitur
1958 4951 2127 5017 gratia

584 5029 747 5080 sancti
781 5028 1032 5097 Spiritus.

653 5207 801 5261 Scias
833 5225 976 5277 ergo,
1014 5225 1045 5264 ο
1077 5209 1156 5264 vir
1191 5211 1592 5277 religiosissime
1619 5223 1672 5264 et.
1701 5214 1841 5265 omni
1877 5229 1937 5267 ex
1966 5226 2120 5282 parte

583 5301 931 5363 Sanctissime,
964 5304 1102 5370 quod
1136 5309 1438 5370 quicunque
1471 5305 1626 5371 hujus
1656 5308 1929 5359 convictus
1961 5307 2115 5362 fueril

583 5390 874 5457 episcOpns,
901 5392 978 5446 vel
1004 5395 1433 5462 chorepiscopus,
1464 5396 1547 5447 vel
1580 5398 1767 5458 viator,
1789 5397 1868 5450 vcl
1903 5399 2122 5469 presby-

581 5489 680 5543 ter,
719 5481 795 5532 vel
834 5483 1111 5546 diaconus,
1141 5485 1218 5536 vel
1248 5485 1422 5552 quivis
1446 5487 1578 5540 alius
1610 5501 1673 5538 ex
1699 5501 1920 5548 canone,
1949 5489 2026 5541 vel
2055 5504 2118 5542 ex

582 5571 762 5629 iaieis,
810 5575 1075 5625 communi
1118 5576 1413 5628 antistitum
1475 5576 1707 5639 decreto,
1750 5580 2119 5646 connuuniqne

585 5661 836 5713 sententia
891 5665 1275 5718 condemnatus
1329 5675 1440 5726 est,
1477 5667 1614 5720 sicut
1659 5667 1724 5720 de
1759 5668 1856 5720 hoc
1908 5683 2118 5735 quoque

588 5758 892 5802 sattctozuin
924 5750 1136 5803 Patrum
1158 5756 1464 5816 praecedens
1485 5769 1651 5807 cannn
1679 5753 1926 5820 loquitur.
1952 5753 2114 5821 Op'nr-

2242 4681 2348 4732 τῶν
2370 4688 2849 4755 χειροτονουμένων
2877 4692 3228 4761 ἀναρρήσεως
3255 4698 3557 4767 γινομένης,
3597 4699 3790 4752 ἄνωθεν

2243 4769 2275 4838 ὴ
2303 4769 2393 4822 τοῦ
2418 4773 2729 4842 Πνεύματος
2760 4779 2914 4846 χάρις
2942 4783 3214 4851 ἐπιφοιτᾷ·
3247 4778 3320 4835 ὦν
3349 4785 3444 4837 νῦν
3474 4804 3534 4854 γε
3563 4789 3669 4840 οὐκ
3698 4787 3793 4841 οἷῖα

2242 4858 2325 4910 διὰ
2363 4863 2654 4929 χρημάτων
2681 4867 2778 4934 τὴν
2811 4869 3078 4938 προϐολὴν
3107 4874 3464 4940 ποιουμένων,
3499 4877 3584 4928 καὶ
3623 4882 3686 4929 οὐ
3716 4880 3792 4944 τῆς

2240 4950 2416 5018 χειρὸς
2450 4953 2704 5022 καθαρῶς
2743 4958 3070 5027 ἐνεργούσης
3090 5000 3102 5022 ,
3137 4962 3388 5032 ἐπιφοιτᾷ
3413 4965 3490 5034 τῷ
3520 4983 3789 5035 προχειρι-

2239 5035 2448 5106 ξομένῳ
2488 5043 2625 5092 κατὰ
2653 5041 2749 5109 τὴν
2784 5044 2962 5113 φωνὴν
2994 5045 3087 5096 τοῦ
3125 5048 3476 5118 κηρύγματος
3501 5091 3513 5115 ,
3547 5055 3643 5103 καὶ
3687 5056 3788 5123 οὐχὶ

2241 5128 2583 5181 συστέλλεται
2619 5132 2814 5199 μᾶλλον
2851 5136 2881 5202 ή
2929 5136 3020 5187 τοῦ
3065 5138 3217 5203 ἀγίου
3269 5141 3580 5210 Πνεύματος
3614 5147 3785 5212 χάρις.

2310 5218 2444 5269 Ἰσθι
2475 5220 2671 5285 τοίνυν,
2707 5223 2770 5273 τὰ
2809 5226 2981 5278 πάντα
3031 5226 3447 5295 θεοσεϐέστατε,
3490 5234 3669 5286 πάντα
3717 5237 3785 5286 τὸν

2235 5307 2506 5358 ὁντιναοῦν
2539 5309 2823 5380 ἀλίσκομεν
2854 5315 2942 5365 ἐπὶ
2995 5315 3071 5383 τῷ
3096 5319 3318 5387 τοιούτῳ
3342 5321 3446 5373 τινὶ
3478 5322 3782 5385 ἐπίσκοπον,

2237 5393 2268 5461 ἦ
2307 5397 2736 5463 χωρεπίσκοπεν,
2773 5400 2802 5467 ἢ
2838 5403 3208 5473 περιοδευτὴν,
3253 5405 3283 5474 ἢ
3338 5402 3729 5476 πρεσϐύτερον,
3760 5410 3782 5476 ἦ

2235 5482 2491 5546 διάκονον,
2524 5487 2555 5554 ἢ
2587 5486 2740 5539 ἄλλον
2761 5490 2879 5542 τινὰ
2906 5491 3100 5559 δήποτε
3130 5494 3220 5545 τοῦ
3257 5498 3496 5558 κανόνος,
3524 5497 3556 5566 ἦ
3583 5497 3779 5559 λαῑκὸν,

2236 5573 2391 5642 κοινῷ
2437 5576 2664 5646 δόγματι
2699 5579 2806 5633 τῶν
2841 5581 3139 5650 ἀρχιερέων
3176 5587 3644 5654 κατακεκρίσθαι,
3708 5590 3779 5639 καὶ

2232 5667 2380 5734 κοινῇ
2414 5667 2578 5736 ψήφῳ
2604 5709 2615 5729 ,
2656 5670 2835 5731 καθὼς
2882 5674 3001 5739 περὶ
3043 5674 3229 5726 τούτου
3279 5677 3371 5726 καὶ
3396 5679 3424 5728 ὁ
3470 5677 3575 5728 τῶν
3620 5679 3777 5741 ἁγίων

2237 5754 2491 5821 Πατέρων
2517 5757 2692 5812 κανὼν
2726 5759 2932 5822 φθάσας
2956 5760 3208 5814 διαλαλεϊ.
3245 5765 3331 5815 Δεῖ
3380 5763 3483 5819 γὰο
3530 5761 3672 5815 εἶναι
3708 5765 3777 5825 xi-
