3914 6332
568 387 672 477 939

1788 391 2061 450 THEUD.
2111 391 2589 454 BALSAMONIS

3749 407 3842 467 94?)

563 498 724 552 bitunt
771 506 847 551 est
887 512 907 551 .°
935 497 1004 550 ad
1028 498 1197 551 altare
1232 509 1405 552 autem
1445 504 1684 553 accedere
1722 515 1816 567 pro
1855 500 2128 552 accendent

2246 500 2350 553 τοῦ
2382 502 2776 571 ἀναγνώστου
2828 507 3160 576 ὑπηρεσίας
3235 515 3588 568 κεκώλυται
3631 516 3739 569 ’τὸ
3789 516 3840 568 δὲ

563 591 642 652 dis
668 591 827 645 cereis
861 588 942 644 uel
964 591 1218 655 candelis,
1271 595 1546 657 monac/ro,
1594 593 1682 661 qui
1740 591 1884 645 nullo
1931 602 2135 645 tenetur

563 683 797 745 crimine,
853 697 957 735 non
999 682 1247 736 existimo
1305 692 1542 751 oportere
1577 683 1865 752 prohiberi,
1919 696 2132 751 prop:er

562 774 890 828 monachalis
915 774 1125 829 [rabitur
1149 774 1496 829 honestatem.

631 954 1048 1013 INTERPRET.
1079 957 1213 1012 Cum
1255 967 1443 1015 sancta
1475 957 1720 1028 synodus
1771 966 1922 1012 recte
1965 966 2019 1011 et
2053 957 2134 1010 di-

561 1047 811 1103 vinorum
837 1063 1105 1103 canonum
1134 1050 1414 1105 traditioni
1442 1051 1830 1106 convenienter
1853 1051 1918 1104 ad
1955 1049 2130 1104 inter-

559 1141 894 1208 rogationem
929 1143 1289 1212 responderit,
1309 1144 1561 1198 dixerunt
1583 1143 1823 1212 quidam,
1856 1144 1995 1212 quod
2017 1157 2132 1197 mo-

560 1229 763 1284 nachos
806 1231 1020 1300 quidem
1075 1232 1166 1301 qui
1227 1233 1449 1288 lectoris
1486 1233 1859 1288 characterem
1886 1247 1987 1285 non
2037 1246 2130 1286 ac-

561 1323 911 1391 ceperint,'in
941 1325 1169 1379 ambone
1190 1341 1296 1379 non
1320 1325 1518 1398 legere,
1553 1325 1920 1380 indistinctum
1937 1331 2018 1379 est
2043 1343 2053 1377 :
2074 1333 2133 1378 ut

561 1418 739 1465 autem
769 1413 994 1480 quilibet
1029 1413 1211 1466 habitu
1248 1415 1568 1468 monachico
1621 1414 1841 1468 indutus
1875 1416 1940 1467 ad
1965 1414 2132 1468 altare

559 1503 803 1566 accedat,
833 1518 941 1558 non
965 1504 1277 1559 indis1incte
1299 1505 1613 1574 accipietur.
1634 1504 1740 1560 Sed
1767 1505 2018 1574 quoniam
2042 1520 2132 1558 ca-

560 1606 666 1647 non
690 1593 759 1648 l9
790 1610 910 1664 syn.
939 1596 992 1649 in
1041 1588 1228 1650 Trullo
1263 1597 1460 1652 statuit
1499 1597 1664 1652 laicos
1717 1613 1821 1650 non
1875 1612 2030 1666 posse
2064 1599 2129 1650 ad

558 1693 806 1740 sanctum
843 1686 1013 1742 altare
1056 1687 1356 1754 accedere;
1411 1689 1457 1743 si
1487 1689 1531 1743 is
1561 1689 1776 1758 quidem
1813 1691 1902 1758 qui
1942 1702 2128 1744 mona-

558 1778 702 1833 chali
734 1778 918 1832 habitu
951 1779 1202 1849 dignatus
1236 1790 1340 1845 est,
1373 1791 1649 1834 tonsuram
1677 1779 1840 1835 etiam
1868 1789 1951 1834 est
1977 1793 2130 1833 asse-

2239 594 2325 658 είς
2354 596 2791 665 θυσιαστήριον
2809 600 3064 654 εισιέναι
3092 603 3267 670 χάριν
3285 609 3590 674 ὑφάψεως
3631 612 3840 673 κηρίον

2236 684 2275 753 ἢ
2311 687 2622 756 κανδήλας
2691 691 2797 743 τὸν
2846 694 3062 761 μηδενὶ
3109 697 3445 767 ἐγκλήματι
3495 703 3839 769 γενόμενον

2235 779 2459 848 ἔνοχον
2506 784 2619 836 οὐκ
2649 785 2809 852 οἶμαι
2837 786 2971 839 δεῖν
3002 790 3349 858 κωλυθῆναι
3397 794 3494 847 διὰ
3555 794 3693 861 τὴν
3746 795 3838 847 τοῦ

2229 877 2574 944 μοναχικοῦ
2606 879 2922 945 σχήματος
2961 883 3324 948 σεμνότητα.

2316 967 2584 1023 ΕΡΜΗΝ.
2631 971 2826 1032 Καλῶς
2860 973 2951 1024 καὶ
2987 975 3128 1025 κατὰ
3155 974 3256 1044 τὴν
3289 974 3398 1026 τῶν
3431 976 3606 1029 θείων
3669 978 3831 1028 κανί-

2234 1078 2341 1114 νων
2373 1063 2672 1130 παράδοσιν
2700 1064 3149 1136 ἀποκριναμένης
3179 1067 3280 1134 τῆς
3350 1067 3513 1134 ἁγίας
3609 1069 3834 1120 συνόδου

2240 1155 2379 1223 πρὸς
2415 1153 2512 1224 τὴν
2540 1155 2829 1226 ἐρώτησιν,
2863 1153 3017 1209 εἶπόν
3051 1175 3193 1220 τινες
3233 1160 3306 1221 ὡς
3339 1162 3398 1211 τι
3441 1161 3546 1230 μὲν
3583 1164 3670 1231 μὴ
3710 1164 3834 1214 ἁνα-

2232 1244 2521 1314 γινὼσκειν
2578 1247 2665 1299 ἐπ’
2697 1247 2950 1317 ἄμϐωνος
2985 1250 3110 1312 τοὺς
3155 1250 3231 1320 μὴ
3275 1252 3538 1315 λαϐόντας
3575 1255 3831 1319 ἀναγνώ-

2232 1351 2360 1388 στου
2395 1337 2670 1406 σφραγῖδα
2698 1341 2966 1408 μοναχοῦς
2996 1341 3338 1394 άδιάστικτὸν
3368 1344 3486 1395 ἐστι
3510 1362 3523 1375 ·
3565 1344 3634 1396 τὸ
3663 1344 3721 1395 δὲ
3748 1347 3829 1394 ὲν-

2231 1422 2542 1499 χωρηθῆναι
2569 1430 2743 1483 πάντα
2776 1431 3245 1503 περιϐεϐλημένον
3299 1434 3484 1502 σχῆμα
3519 1436 3828 1504 μοναχικδν

2229 1520 2454 1572 εἰσιέναι
2488 1521 2565 1584 είς
2587 1521 2650 1573 τὸ
2681 1521 3068 1593 θυσιαστήριον
3135 1525 3256 1578 οὐδὲ
3305 1526 3690 1588 άδιαστίκτως
3729 1544 3828 1576 :2-

2233 1611 2670 1683 ραληιρθήσεται.
2722 1614 2864 1667 Ἀλλ’
2895 1617 3071 1669 insto
3101 1616 3177 1682 εον
3240 1618 3417 1671 κανὼν
3475 1620 3578 1686 τῆς
3646 1620 3708 1670 ἐν
3759 1619 3826 1680 τ·ῗι

2229 1703 2491 1774 Τρούλλῳ
2529 1705 2752 1757 συνόδου
2786 1705 3084 1774 διορίζεται
3117 1707 3318 1761 ἄϐατον
3350 1705 3491 1760 εἶναι
3523 1710 3649 1770 τοῖς
3718 1708 3826 1758 λεῖ-

2232 1801 2349 1860 κοῖς
2376 1796 2435 1849 τὸ
2492 1797 2650 1864 ἅγιον
2678 1797 3092 1870 θυσιαστήριον,
3127 1803 3174 1852 εί
3211 1803 3309 1870 μὲν
3340 1804 3366 1854 ὁ
3422 1801 3516 1852 τοῦ
3592 1819 3827 1871 μονκχι-

565 1878 738 1934 cutus,
797 1871 864 1924 ad
909 1881 1156 1923 sanctum
1210 1871 1381 1924 altare
1416 1876 1535 1926 sine
1583 1872 1690 1926 ullo
1743 1871 2128 1941 impedimento

2242 1889 2344 1942 κοῦ
2368 1891 2650 1961 σχήματος
2715 1893 3076 1956 καταξιωθεὶς
3126 1896 3224 1946 καὶ
3272 1895 3652 1961 άποκάρσεως
3713 1896 3801 1946 ἐτ’)

565 1961 815 2016 accedet:
852 1963 934 2016 sin
975 1973 1194 2031 propter
1233 1963 1609 2034 probationem
1656 1964 1812 2032 quta
1869 1979 2128 2029 canones,

560 2054 891 2109 'inonasticas
919 2055 1157 2110 induerit
1189 2066 1393 2121 vestes,
1424 2072 1560 2126 quas
1592 2059 1755 2111 etiam
1781 2058 1925 2111 inter
1961 2057 2130 2111 trien-

562 2147 702 2198 nium
723 2144 992 2214 deponere
1022 2147 1069 2200 ei
1094 2147 1419 2216 permissum
1450 2155 1556 2212 est,
1581 2149 1646 2201 ad
1673 2155 1924 2200 sanctum
1958 2147 2132 2200 altare

565 2251 656 2306 pro
689 2236 792 2290 ulla
821 2252 984 2292 causa
1029 2253 1135 2291 non
1171 2239 1527 2308 ingredietur,
1566 2248 1624 2293 ut
1672 2239 1762 2307 qui
1797 2237 2042 2292 nondum
2078 2238 2128 2290 in

565 2330 947 2385 monachorum
980 2332 1225 2385 ordinem
1284 2332 1486 2388 relatus
1518 2332 1609 2396 sit,
1638 2333 1730 2384 sed
1763 2331 1936 2384 adhuc
1962 2330 2131 2382 laicus

565 2430 661 2474 est.
695 2419 1019 2474 Mihiautem
1059 2423 1271 2475 videtur
1302 2439 1406 2477 non
1460 2438 1617 2492 posse
1668 2423 2000 2490 quempiam,
2037 2422 2129 2490 qui

563 2521 776 2564 sanctas
807 2522 983 2566 vestes
1021 2513 1128 2566 ullo
1153 2513 1312 2566 modo
1341 2513 1566 2566 indutus
1594 2521 1700 2580 est,
1738 2528 1832 2567 eas
1866 2512 2126 2581 abjicere,

564 2614 609 2655 at
649 2603 879 2658 ludibrio
907 2617 1003 2658 eas
1066 2605 1288 2658 habere.
1329 2602 1446 2658 Non
1499 2605 1640 2659 enim
1694 2604 1856 2660 debet
1884 2619 2006 2658 cum
2040 2618 2130 2658 ve-

563 2691 734 2746 stibus
768 2694 1083 2755 monasticis
1118 2696 1356 2763 probari,
1401 2695 1494 2753 sed
1517 2710 1642 2750 cum
1672 2696 1853 2750 habitu
1893 2696 2051 2759 laico,
2077 2704 2130 2747 et

563 2783 685 2837 ideo
725 2785 974 2839 omnibus
1031 2786 1124 2855 qui
1184 2801 1339 2840 sacra
1386 2796 1538 2842 veste
1595 2788 1766 2842 induti
1827 2798 1978 2852 sunt,
2027 2788 2130 2841 erit

564 2871 760 2941 absque
793 2873 902 2927 ullo
947 2876 1260 2944 praeiudicio
1290 2878 1471 2931 aditus
1501 2877 1571 2932 ad
1638 2889 1889 2933 sanctum
1935 2877 2125 2940 altare,

563 2973 620 3018 ut
690 2965 782 3033 qui
829 2966 881 3018 in
937 2966 1196 3020 laicornm
1260 2967 1441 3021 locum
1503 2971 1688 3024 venire
1741 2986 1847 3025 non
1896 2975 2126 3039 possint.

561 3057 698 3126 Lege
727 3056 888 3111 etiam
923 3073 1041 3127 quae
1091 3073 1118 3110 ιι
1159 3059 1312 3113 nobis
1353 3060 1554 3128 scripta
1599 3071 1727 3116 sunt
1796 3062 1849 3115 in
1890 3077 2012 3115 can.
2053 3062 2118 3115 l5

559 3162 676 3217 syri.
708 3147 757 3199 7.

1013 3325 1538 3389 lNTERROGKTIO
1599 3332 1664 3387 ll.

627 3421 834 3476 Annon
865 3434 1095 3491 oporteat
1132 3426 1183 3478 in
1230 3423 1462 3480 Sabbato
1518 3442 1650 3496 genu
1701 3429 1936 3498 ﬂectere,
1983 3432 2119 3486 sicut

560 3530 650 3568 nec
677 3517 729 3568 in
768 3515 1062 3582 Dominico,
1105 3518 1183 3572 vel
1222 3516 1571 3572 Pentecoste?

629 3604 841 3661 RESP.
896 3607 937 3660 Α
999 3624 1194 3662 canone
1256 3611 1462 3678 quidem
1512 3630 1615 3667 non
1661 3607 1974 3682 prohibitum
2028 3625 2127 3668 est.

561 3695 718 3750 Multi
742 3708 913 3749 autem
940 3699 1064 3766 quia
1087 3699 1349 3767 jejunium
1383 3703 1436 3756 in
1461 3701 1692 3759 Sabbato
1717 3721 1818 3759 non
1853 3713 2125 3776 sequatur,

561 3799 650 3838 nec
686 3800 816 3853 genu
847 3787 1081 3854 flectunt.

630 3875 1046 3935 lNTERPRET.
1091 3880 1405 3937 Veneranda
1426 3888 1714 3955 responsio
1763 3886 1960 3942 multas
2001 3888 2126 3942 bre-

558 3968 698 4023 viter
745 3974 1203 4030 contradiCIiones
1263 3977 1531 4032 dissolvit.
1589 3977 1735 4034 Dixit
1785 3959 1929 4034 enim
1987 3981 2127 4050 quod

559 4059 810 4128 quoniam
850 4077 879 4115 ιι
917 4064 1118 4118 sanctis
1153 4066 1403 4121 Putribus
1431 4078 1641 4123 nonest
1691 4085 1950 4138 expresse
1999 4085 2127 4141 pro~

559 4149 787 4204 liibitum
821 4152 873 4205 in
921 4153 1155 4209 Sabbato
1182 4171 1318 4226 genu
1351 4156 1568 4213 ﬂectere
1606 4159 1746 4214 sicut
1775 4169 1857 4216 est
1881 4161 2130 4230 jejunare

561 4243 907 4309 prohibitum,
962 4247 1051 4314 qui
1100 4260 1236 4316 genu
1292 4246 1456 4303 ﬂectit
1507 4267 1611 4305 non
1671 4253 2006 4322 reputabitur
2034 4253 2129 4308 ad-

559 4336 762 4387 versari
793 4336 1186 4392 ecclesiasticis
1212 4341 1612 4410 traditionibus,
1637 4353 1690 4399 et
1712 4346 1880 4400 multo
1899 4347 2067 4416 magis
2086 4346 2132 4402 si

558 4424 721 4495 216
755 4428 854 4482 hoc
885 4437 1103 4498 propter
1133 4435 1575 4490 exercitationem
1609 4435 1818 4506 fecerit.
1861 4437 2125 4502 Quoniam

560 4530 737 4571 au;e:n
795 4534 822 4572 a
867 4523 1068 4576 sanctis
1116 4522 1364 4581 Putribus
1406 4530 1628 4582 omnino
1665 4538 1790 4582 sunt
1830 4544 1994 4599 prope
2041 4525 2213 4586 ex-D

561 4621 766 4675 aequata
821 4609 1051 4666 Sabbata
1109 4611 1420 4679 Dominicis,
1470 4619 1632 4688 etqui
1670 4621 1724 4673 in
1775 4621 2125 4692 iisjejunenl,

559 4700 874 4767 puniuntur,
922 4718 1023 4757 nec
1083 4706 1128 4757 ei
1179 4707 1267 4774 qui
1311 4722 1446 4776 genu
1482 4724 1586 4762 non
1637 4710 1826 4777 ﬂectit,
1878 4713 2129 4782 prejudi-

558 4791 698 4842 cium
747 4790 1023 4848 aﬂ‘eretur.
1054 4794 1192 4848 Dicit
1235 4799 1378 4853 enim
1434 4802 1700 4869 quoddam
1744 4804 1879 4870 juris
1926 4819 2130 4872 praece-

555 4890 706 4949 ptum
754 4883 854 4937 hoc
911 4887 1105 4950 modo,
1156 4886 1273 4943 Non
1323 4906 1483 4947 omne
1531 4895 1672 4963 quod
1727 4910 1835 4951 non
1892 4897 2129 4964 prohibi-

559 4985 691 5036 tum,
723 4978 1042 5043 permissum
1078 4989 1179 5036 est.

1014 5070 1524 5133 INTERROGATIO
1580 5079 1673 5134 ΙΙΙ.

665 5163 747 5217 An
780 5175 1014 5243 Oporteat
1062 5168 1323 5236 jejunium
1339 5173 1398 5225 in
1458 5172 1692 5241 Augusto
1729 5177 2022 5244 peragere?

627 5256 828 5312 RESP.
863 5258 994 5312 Erat
1025 5264 1170 5328 prius
1214 5263 1265 5314 in
1296 5265 1392 5317 hoc
1437 5275 1664 5332 tempore
1692 5267 1981 5345 jejunium,
2019 5270 2126 5338 sed

563 5351 876 5404 translatum
897 5363 996 5415 est,
1045 5369 1105 5406 ne
1125 5369 1240 5406 cum
1278 5357 1571 5424 gentilium,
1600 5376 1716 5429 qua:
1763 5363 1858 5414 lmc
1891 5370 2118 5428 tempore

562 5440 772 5506 ﬁebant,
799 5441 1013 5511 jejuniis
1038 5445 1308 5500 incideret.
1345 5447 1448 5502 Sed
1504 5459 1677 5506 tamen
1733 5454 1906 5507 adhuc
1973 5455 2125 5508 multi

561 5534 792 5586 homines
828 5535 920 5587 hoc
941 5536 1206 5604 jejunium
1226 5538 1498 5606 jejunum.

633 5627 1052 5683 lNTERPRET.
1093 5632 1164 5686 De
1197 5634 1298 5689 hoc
1326 5636 1532 5705 jejunio
1575 5639 1866 5707 aliquando
1923 5643 2124 5710 quaesi-

576 5728 682 5770 tum
718 5730 801 5773 est
834 5735 1014 5775 eorum
1054 5726 1254 5788 pOtcnti
1286 5735 1339 5781 et
1372 5738 1557 5784 sancto
1591 5740 1777 5787 nostro
1809 5734 2026 5790 domino
2074 5746 2127 5790 et

566 5811 911 5878 imperatore,
977 5825 1240 5879 praesente
1282 5823 1624 5879 sanctissimo
1679 5826 1771 5881 illo
1817 5829 2124 5891 patriarcha

2234 1998 2353 2051 χεν,
2388 1983 2686 2047 ἀκωλύτως
2717 1985 3085 2039 εἰσελεύσεται
3117 1988 3197 2048 εἰς
3224 1988 3283 2040 τὸ
3310 1988 3465 2055 ἆγιον
3523 1989 3825 2055 θυσιαστή-

2238 2091 2354 2145 ριον
2385 2092 2396 2105 ·
2432 2077 2479 2128 εί
2511 2077 2568 2130 δὲ
2600 2077 2689 2130 διὰ
2731 2077 3064 2148 δοκιμασίαν
3118 2081 3260 2132 κατὰ
3292 2082 3418 2141 τοὺς
3477 2082 3730 2142 κανόνας
3762 2098 3823 2129 τι

2240 2168 2512 2236 μοναχικά
2577 2167 2890 2235 ἐνεδύσατο,
2981 2170 3017 2222 ἃ
3083 2169 3179 2221 καὶ
3254 2171 3618 2224 ἀποτίθεσθαι
3679 2174 3822 2230 ἐντί-ς

2237 2260 2485 2328 τριετίας
2519 2259 2860 2332 ὲξεχωρήθη,
2895 2262 2997 2315 ολύκ
3024 2262 3393 2316 είσελεύσεται
3425 2267 3511 2325 εἰς
3566 2264 3626 2315 τὸ
3662 2264 3815 2324 ἆγες-ι

2241 2348 2635 2420 θυσιαστήριον
2670 2354 2838 2422 χωρὶς
2865 2354 3190 2422 οἱασδήποτε
3217 2353 3652 2419 ὑποθέσεω;,ὡ;
3691 2355 3819 2422 μηδὲ

2234 2443 2377 2511 μετὰ
2401 2442 2510 2496 τῶν
2547 2444 2802 2514 μοναχῶν
2828 2447 3283 2516 συνταττόμενος,
3338 2446 3453 2498 ἀλλ’
3484 2448 3568 2498 ἔτι
3601 2446 3680 2498 ὢν
3716 2447 3820 2499 λαῖ-

2232 2533 2350 2594 κός.
2402 2533 2559 2601 Ἐμοὶ
2588 2535 2642 2588 δὲ
2673 2535 2823 2588 δοκεῖ
2845 2537 2929 2590 ὅτι
2965 2539 3025 2589 οὺ
3050 2538 3272 2590 δύναταί
3313 2556 3396 2602 τις
3445 2540 3518 2590 τὰ
3550 2557 3819 2608 μοναχικλ

2232 2629 2586 2699 ὁπωσδήποτε
2618 2633 3078 2702 περιϐαλλόμενος
3128 2635 3307 2704 ἄμξια
3361 2635 3520 2704 ῥίψαι
3579 2639 3678 2687 καὶ
3711 2637 3817 2687 Eta-

2235 2721 2429 2786 παῖξαι
2460 2723 2618 2776 αὑτά.
2649 2725 2723 2776 Ού
2753 2725 2862 2794 γὰρ
2889 2727 3026 2792 μετά
3055 2727 3367 2796 μοναχικῶν
3403 2728 3628 2795 άμφίων
3665 2730 3813 2795 ὀφεί-

2233 2813 2314 2865 λει
2349 2814 2772 2882 δοκιμάζεσθαι,
2807 2817 2942 2869 ἀλλὰ
2972 2819 3112 2886 μετὰ
3167 2820 3449 2888 σχήματος
3479 2819 3678 2872 λαῖκοῦ
3709 2839 3721 2849 ·
3742 2820 3812 2872 διδ

2233 2907 2488 2958 καὶπεῖπι
2520 2910 2635 2969 τοῖς
2657 2907 2717 2959 τὸ
2778 2910 2923 2978 ἱερὸν
2987 2911 3176 2978 σχῆμα
3222 2912 3628 2980 ἡμφιεσμένοις
3687 2915 3810 2964 ἁπο-

2238 2995 2603 3064 κριμάτιστος
2647 2997 2857 3066 ἐσταιή
2883 3001 2962 3060 εἰς
2994 3000 3050 3051 τὸ
3081 3001 3236 3067 ἅγιον
3271 3001 3669 3072 Θυσιαστήριον
3702 3006 3809 3054 εἰσ-

2235 3085 2463 3145 έλευσις.
2497 3086 2572 3148 ὡς
2608 3087 2744 3158 μηδὲ
2786 3089 3105 3158 δυναμένοις
3147 3092 3228 3152 el;
3262 3091 3430 3145 τόπον
3469 3093 3648 3145 ἐλθεῖν
3695 3093 3807 3144 λαῖ-

2161 3191 2201 3247 c
2239 3176 2355 3228 κοῦ.
2397 3177 2699 3245 Ἀνάγνωθι
2750 3182 2844 3234 καὶ
2883 3185 2952 3235 τά
3000 3183 3134 3253 παρ’
3199 3183 3358 3253 ἡμῶν
3410 3185 3691 3254 γραφέντα
3737 3187 3808 3244 εἰς

2236 3256 2326 3322 τὸν
2361 3269 2426 3321 ιϐ’
2473 3272 2678 3325 κανόνα
2704 3275 2805 3343 τῆς
2832 3274 2877 3337 ζ’
2915 3276 3161 3329 συνόδου.

2802 3364 3138 3419 ΕΡΩἸἩΣΙΣ
3171 3366 3248 3424 B'.

2301 3461 2368 3513 Ei
2397 3460 2513 3528 χρὴ
2541 3458 2653 3527 μὲν
2719 3459 2951 3513 κλίνειν
2981 3459 3049 3512 ἐν
3093 3461 3371 3527 Σαϐϐάτῳ
3404 3463 3579 3531 γόνυ,
3610 3460 3805 3526 ὥσπερ

2232 3551 2375 3607 οὐδὲ
2399 3549 2752 3618 ἐνΚυριακῇ
2784 3551 2819 3618 ἢ
2851 3552 2920 3604 ἐν
2941 3553 3334 3622 Πεντηκοστῇ
3353 3571 3372 3619 ;

2289 3641 2554 3697 ΑΠΟΚΡ.
2607 3643 2740 3696 Ἀπὸ
2780 3643 2886 3697 τοῦ
2914 3645 3174 3710 κανόνος
3189 3644 3306 3714 μὲν
3331 3647 3403 3698 οὐ
3431 3645 3762 3701 κεκώιιυται
3788 3660 3800 3673 ·

2229 3738 2284 3789 ol
2318 3735 2534 3788 πολλοὶ
2569 3733 2638 3789 δὲ
2671 3734 2851 3790 διὰτὸ
2869 3735 2952 3805 μὴ
2981 3736 3416 3792 ἐπακολουθεῖν
3443 3741 3514 3792 ἐν
3538 3737 3803 3799 Σαϐϐάτῳ

2229 3823 2523 3890 νηστείαν
2546 3822 2688 3876 οὐδὲ
2722 3825 2872 3890 γόνυ
2895 3826 3238 3880 κλίνουσιν.

2301 3914 2561 3969 ΕΡΜΗΝ.
2607 3913 2672 3967 Ἡ
2727 3917 3107 3988 προσκυνητέα
3154 3919 3450 3989 ἀπόκρισις
3503 3922 3572 3974 δι’
3623 3921 3796 3988 ὀλίγον

2230 4005 2431 4068 πολλὰς
2447 4006 2754 4073 ἀντιλογίας
2773 4007 2981 4062 ἔλυσεν.
3006 4005 3136 4062 Eine
3158 4010 3267 4081 γὰρ
3281 4011 3378 4076 ὡς,
3394 4014 3514 4065 ἐπεὶ
3543 4014 3685 4084 παρὰ
3703 4016 3800 4066 τῶν

2230 4097 2401 4164 ἁγίων
2441 4094 2702 4167 Πατέρων
2752 4100 2858 4153 οὐκ
2892 4101 3139 4171 ἐκωλύθη
3184 4104 3366 4172 ῥητῶς
3415 4106 3476 4158 τὸ
3514 4107 3645 4175 γόνυ
3671 4108 3800 4176 κάμ-

2232 4204 2387 4240 πτειν
2414 4192 2553 4241 κατὰ
2583 4191 2652 4242 τὰ
2681 4189 2959 4256 Σάϐϐατα,
3023 4191 3214 4263 ὥσπερ
3255 4194 3318 4246 τὸ
3370 4199 3660 4265 νηστεύειν
3720 4216 3799 4251 κε·

2231 4273 2496 4340 κώλυται,
2568 4278 2596 4328 ὀ
2648 4279 2778 4345 γόνυ
2828 4280 3102 4349 κάμπτων
3131 4282 3191 4334 ού
3241 4283 3635 4355 λογισθήσεται
3691 4291 3798 4349 ταῖς

2232 4367 2719 4436 ἐκκλησιαστικαῖς
2745 4360 3164 4443 ἐναντιούμενος
3181 4378 3541 4447 παραδόσεσι,
3562 4383 3653 4433 καὶ
3677 4381 3796 4451 μᾶλ-

2235 4459 2326 4511 λον
2361 4460 2519 4531 εἴπερ
2549 4463 2885 4531 τοῦτοκποιεῐ
2935 4465 3022 4517 διὰ
3060 4467 3320 4536 ἄσκησιν.
3353 4470 3475 4523 Ὀτι
3544 4472 3605 4524 δὲ
3663 4472 3798 4540 παρὰ

2238 4550 2346 4603 τῶν
2379 4553 2549 4619 ἁγίων
2583 4554 2846 4624 Πατέρων
2877 4554 3218 4624 ὲξισὼθησαν
3246 4557 3425 4610 διόλου
3484 4559 3672 4628 σχεδὸν
3691 4564 3796 4621 ταῖς

2240 4647 2550 4714 Κυριακαῖς
2603 4647 2670 4699 τά
2739 4642 3014 4712 Σάϐϐατα,
3093 4648 3190 4702 καὶ
3243 4651 3295 4701 oi
3354 4651 3705 4717 νηστεύοντες
3748 4657 3796 4705 ἐν

2229 4735 2441 4797 τούτοις
2476 4736 2823 4802 κολάζονται,
2854 4738 2974 4791 οὐδὲ
3005 4741 3032 4792 ὁ
3059 4740 3185 4806 γόνυ
3227 4741 3304 4810 μὴ
3345 4742 3622 4810 κάμπτων
3675 4762 3791 4813 προ-

2229 4825 2731 4897 κριματιοθήσεται
2754 4845 2768 4860 ο
2803 4830 2921 4898 ἐρεῖ
2942 4831 3055 4900 γὰρ
3083 4835 3308 4900 νομικόν
3335 4849 3391 4886 τι
3417 4835 3788 4905 παράγγελμα,

2229 4915 2369 4970 οὕτω
2387 4916 2683 4984 διεξιὸν,ού
2707 4922 2813 4972 πᾶν
2829 4922 2887 4973 τὸ
2907 4923 2981 4992 μὴ
3000 4923 3377 4994 κεκωλυμένον
3393 4925 3789 4997 ἐπιτέτριπται.

2784 5012 3121 5066 ΕΡΩἸἩΣΙΣ
3145 5016 3220 5068 Γ’.

2252 5103 2318 5155 El
2347 5100 2462 5171 χρὴ
2482 5101 2550 5154 ἐν
2610 5102 2689 5167 τῷ
2727 5106 3055 5175 Αὐγούστῳ
3093 5111 3384 5174 νηστείαν
3437 5113 3759 5174 ἐπιτελεῖν;

2309 5194 2574 5247 ΔΠΟΚΡ.
2617 5190 2728 5248 Ἦν
2758 5197 2794 5263 ἡ
2826 5202 3080 5265 νηστεία
3131 5205 3426 5270 πρότερον
3461 5205 3534 5256 ἐν
3566 5205 3646 5269 τῷ
3686 5221 3790 5257 και·

2241 5283 2331 5350 ρῷ
2381 5287 2588 5349 τούτῳ,
2639 5288 2922 5355 μετετέθη
2961 5290 3030 5343 δὲ
3063 5291 3158 5345 διὰ
3200 5293 3269 5346 τὸ
3292 5292 3379 5361 μὴ
3436 5299 3789 5361 περιπίπτειν

2228 5376 2356 5440 ταῖς
2405 5376 2554 5428 κατὰ
2604 5378 2714 5431 τὸν
2755 5382 2964 5447 καιρὸν
3001 5383 3218 5437 τοῦτον
3255 5386 3596 5454 γινομέναις
3658 5389 3788 5441 eam.

2228 5467 2361 5533 καῖς
2391 5471 2721 5536 νηστείαις.
2759 5473 2932 5540 Πλὴν
2959 5476 3057 5528 καὶ
3087 5476 3174 5530 ἐτι
3198 5479 3422 5532 πολλοὶ
3442 5479 3562 5533 τῶν
3585 5479 3784 5547 arom-

2227 5577 2356 5615 πων
2384 5565 2609 5631 ταύτην
2633 5565 2746 5633 τὴν
2773 5571 3068 5635 νηστείαν
3091 5573 3525 5639 νηστεύουσιν.

2297 5653 2556 5708 ΕΡΜΗΝ.
2609 5657 2683 5708 Τὸ
2714 5659 2843 5729 περὶ
2893 5661 2994 5730 τῆς
3033 5663 3290 5733 νηστείας
3335 5666 3541 5735 ταύτης
3566 5666 3782 5737 ἑζητήθη

2233 5745 2367 5797 ποτὲ
2397 5745 2628 5800 ἐνώπιον
2658 5747 2754 5800 τού
2793 5751 3062 5818 κραταιοῦ
3095 5755 3190 5807 καὶ
3223 5754 3381 5822 ἁγίου
3451 5756 3614 5826 ήμῶν
3646 5757 3783 5827 βασι-

2229 5836 2362 5897 λέως
2391 5839 2529 5905 κατὰ
2567 5840 2869 5902 παρουσίαν
2905 5843 2998 5897 τοῦ
3029 5844 3334 5907 ἁγιωτάτου
3392 5847 3600 5901 ἐκείνου
3681 5862 3776 5898 πα-
