3914 6332
103 375 245 437 945

1128 391 1904 456 ΙΝΤΕΒΡΠΕΤᾹΤΙΟΝΕΞ
1934 399 2348 466 CANONlC/E.

3267 415 3370 477 956

109 489 332 557 ρίσατο
364 508 377 522 ·
417 493 508 547 καὶ
543 493 618 558 ὡς
653 498 878 566 νομίζω,
909 496 1091 563 καλῶς
1123 518 1137 531 ·
1177 504 1297 557 οὐδὲ
1334 505 1442 573 γάρ
1476 505 1679 574 ὑψοῦτα

1809 523 1980 568 catur.
2025 514 2165 585 Lege
2201 519 2360 572 ctiam
2394 529 2704 576 sanctorum
2734 523 3098 592 apostolorum
3137 543 3262 583 can.
3301 532 3364 585 72

119 583 170 635 ὁ
211 579 372 649 οἶνος,
437 586 571 639 ἀλλά
620 588 780 657 μόνον
844 594 1159 659 ἁγιάζεται.
1238 595 1536 665 ’Δνάγνωθι
1597 600 1704 652 τῶν

104 673 309 739 ἁγίων
381 675 689 731 ἀποστόλων
749 682 947 735 κανόνα
1006 684 1082 753 οβ’
1139 687 1231 738 καὶ
1316 690 1412 757 τῆς
1458 689 1515 740 ὲν
1578 690 1701 757 Ἀγο

109 766 282 836 κόρᾳ
306 769 520 820 συνόδου
551 771 750 824 κανόνα
773 770 816 834 ζ’
850 776 942 826 καὶ
964 782 1034 839 η’.
1096 776 1404 846 Σημείωσαι
1452 778 1506 831 δὲ
1552 781 1617 832 si
1646 782 1703 831 ὲν

101 860 198 925 τῇ
232 861 480 929 παρούσῃ
513 863 800 930 ἀποκρίσει
832 866 1216 935 περιεχόμενα,
1262 872 1353 920 καὶ
1407 869 1698 939 θρήνησον,

104 949 250 1001 τὼε
285 956 699 1019 καταφρονεῐται
729 957 913 1023 σχεδὸν
942 959 1048 1010 ἀπὸ
1077 961 1292 1012 πάντων
1348 960 1458 1013 τῶν
1512 963 1701 1031 ἱερέων

103 1036 154 1101 ἡ
226 1036 436 1109 δαπάνη
492 1058 598 1093 των
661 1046 735 1116 μὴ
789 1046 1088 1116 ὑψωμένων
1160 1067 1486 1122 προσφορων
1517 1071 1531 1084 ο
1619 1055 1699 1107 ὅτι

100 1126 351 1211 πλείους
383 1130 491 1199 γὰρ
521 1133 616 1186 καὶ
650 1137 785 1202 μετά
816 1141 1063 1206 κρεάτων
1095 1142 1362 1196 ἐσθίουσιν
1387 1145 1573 1212 αὑτὰς,
1605 1145 1698 1200 καὶ

100 1215 479 1287 ἁλλοτρὸπως
509 1227 925 1281 κοινοποιοῦσιν.

721 1319 1055 1378 Epn'rnzts
1091 1328 1181 1392 ς’.

198 1404 270 1454 El
297 1404 677 1468 ὁπουδήποτε
702 1410 1027 1480 ἀποκαρεὶς
1076 1423 1342 1486 ιιοναχός
1401 1438 1492 1487 τις
1539 1424 1684 1485 β.ιά-

99 1513 336 1551 πτεται
358 1500 507 1553 κατά
536 1519 588 1553 τι
623 1507 863 1572 συμϐὰν
892 1511 1187 1578 ψυχικῶς,
1250 1515 1343 1568 καὶ
1393 1517 1691 1584 βουλόμε-

97 1605 232 1653 νος
254 1590 640 1659 ὑποχωρῆσαι
670 1594 942 1666 δεσμηθῇ
971 1604 1130 1667 παρὰ
1161 1604 1265 1657 τοῦ
1297 1609 1518 1661 οἰκείου
1553 1625 1694 1674 προ-

95 1681 402 1746 εστῶτος,
434 1686 488 1736 τί
511 1685 788 1753 ποιήσει;
821 1689 930 1758 τῆς
962 1693 1197 1762 βλάϐης
1223 1702 1689 1768 καταφρονήσει,

99 1776 156 1842 ἢ
191 1775 302 1827 τοῦ
337 1780 567 1847 δεσμοῦ
592 1796 611 1842 ;

185 1870 452 1923 ΑΠΟΚΡ.
517 1873 638 1941 Χρὴ
691 1879 901 1932 τοῦτον
959 1881 1160 1948 λέγειν
1228 1880 1305 1944 τῷ
1363 1884 1688 1950 προεστῶτι
1720 1863 1762 1916 Β

97 1956 196 2010 δι’
225 1959 257 2013 ὃ
278 1961 612 2023 ,ϐλάπτεται
644 1982 659 1999 ⁸
687 1971 781 2022 καὶ
808 1974 858 2025 εί
884 1972 1014 2025 ἔστι
1055 1974 1370 2041 προφανὴς
1406 1975 1688 2043 κίνδυνος

100 2051 187 2104 ἐκ
213 2053 445 2113 τούτου,
485 2060 818 2128 ὑποχωρεῖν
880 2063 1129 2130 ἐκεῖθεν,
1166 2067 1266 2120 καί
1307 2067 1390 2136 μὴ
1430 2068 1536 2122 τοῦ
1592 2068 1687 2122 δε-

98 2148 284 2212 σμοῦ
337 2152 687 2216 φροντίζειν.

189 2239 454 2293 EPMHN.
499 2242 556 2295 Ὀ
613 2246 798 2311 τρίτος
834 2249 1012 2301 κανὼν
1045 2251 1143 2318 τῆς
1172 2253 1230 2303 ὲν
1285 2248 1364 2312 τῷ
1417 2252 1528 2321 ναῷ
1578 2253 1686 2307 τῶν

115 2329 333 2395 ’Ᾱγίων
366 2333 708 2388 ’Λποστόλων
733 2341 1003 2404 συστάσης
1035 2343 1257 2410 πρώτης
1306 2345 1397 2397 καὶ
1441 2346 1536 2413 τῆς
1565 2348 1684 2399 δευ-

99 2419 279 2488 τέρας
299 2424 512 2476 συνόδου
532 2425 885 2496 ἀφορίζεσθαι
909 2431 1200 2499 διορίζεται
1224 2433 1314 2484 τὸν
1342 2435 1688 2504 καθηγούμεε⁵

104 2529 232 2573 νον,
281 2514 355 2582 μὴ
388 2515 762 2584 ἀναζητοῦντα
798 2522 936 2587 μετά
995 2525 1314 2588 ἐπιμελείας
1366 2527 1457 2579 τὸν
1496 2529 1684 2581 ἀποδι-

98 2604 419 2672 δράσκοντα
449 2611 678 2678 μοναχὸν
697 2611 859 2663 αὐτοῦ
883 2628 898 2644 ο
930 2614 1022 2665 καὶ
1052 2617 1079 2665 ὁ
1107 2617 1148 2667 δ’
1177 2616 1357 2668 κανὼν
1387 2620 1487 2686 τῆς
1515 2621 1684 2688 αὐτῆς

105 2696 342 2748 συνόδου
400 2699 647 2768 ἀφορίζει
684 2701 773 2752 τὸν
802 2705 968 2771 χωρὶς
1009 2705 1229 2772 εὐλόγου
1287 2708 1465 2770 αίτιας
1523 2727 1682 2775 μετα-

101 2783 384 2840 πίπτοντα
420 2790 672 2858 μοναχὸν,
711 2794 918 2845 καὶτὸν
943 2797 1230 2866 δεχόμενον
1281 2801 1468 2853 αὐτόν.
1519 2804 1681 2855 Ὅθεν

99 2881 206 2932 καὶ
234 2881 266 2944 ἡ
303 2881 429 2945 ἁγία
454 2882 672 2946 σύνοδος
699 2885 1072 2956 ἀπελογήσατο
1102 2892 1174 2960 μὴ
1207 2892 1678 2961 ἀπεριμερίμνως,

105 2969 210 3017 καὶ
241 2968 385 3020 κατὰ
419 2971 479 3020 τὸ
527 2973 684 3035 δόξαν
717 2975 1010 3028 σκάνδαλον
1041 2979 1119 3029 ἑνὶ
1154 2981 1367 3050 ἑκάστῳ
1419 2984 1526 3034 τῶν
1591 3003 1678 3052 μου

104 3058 324 3125 ναχῶν,
353 3060 659 3132 ὑποχωρεῖν
683 3065 738 3127 ἐξ
770 3061 836 3135 ἦς
866 3067 1115 3138 ἀπεκάρη
1156 3072 1341 3137 μονῆς,
1373 3073 1508 3125 ἀλλά
1549 3075 1676 3126 ἀνα-

100 3151 389 3203 διδάσκειν
412 3152 568 3204 toﬁ-no
625 3155 716 3205 τὸν
743 3154 1173 3224 καθηγούμενον,
1205 3160 1298 3210 καὶ
1322 3163 1369 3212 εί
1411 3162 1483 3230 μὴ
1523 3162 1677 3230 τύχοι

98 3242 470 3312 διορθώσεως,
528 3246 833 3316 ὑποχωρεῖν
867 3248 973 3300 ἀπὸ
1041 3253 1137 3315 τῆς
1194 3252 1382 3318 μονῆς,
1455 3255 1546 3306 καὶ
1606 3256 1679 3323 μὴ

103 3333 544 3399 ἐπιστρέφεσθαι
577 3335 668 3387 τοῦ
706 3337 1030 3405 ἡγεμονικοῦ
1064 3339 1285 3407 δεσμοῦ.
1327 3342 1678 3395 Ἑκλαΰοῦ“δὲ

100 3425 166 3473 τὸ
208 3423 283 3490 μὴ
322 3424 743 3493 ἐπιστρέφεσθαι
776 3429 938 3479 αὐτὶν
969 3429 1060 3479 τοῦ
1102 3430 1298 3497 δεσμοῦ
1370 3436 1449 3492 εἰς
1511 3433 1570 3484 τὸ
1606 3433 1679 3503 μὴ

103 3511 440 3564 ὑποπτεύειν
472 3514 714 3566 κίνδυνον
747 3519 808 3566 ἐκ
839 3516 936 3567 τοῦ
999 3517 1352 3586 ὑποχωρῆσαι
1418 3524 1522 3590 πρό
1585 3524 1679 3574 τοῦ

102 3604 459 3669 λυθῆναι-τὸν
491 3605 687 3672 δεσμόν
715 3621 727 3634 ⁶
772 3609 844 3676 μὴ
875 3608 1054 3673 μέντοι
1092 3627 1154 3676 γε
1216 3609 1308 3661 καὶ
1339 3614 1415 3672 είς
1481 3612 1539 3662 τὸ
1585 3629 1678 3678 γε-

102 3694 300 3746 νέσθαι
331 3697 629 3747 αὐτόλυπον
666 3711 680 3724 ·
710 3699 1183 3765 ἀναγκασθήσεται
1216 3705 1322 3769 γὰρ
1366 3703 1679 3769 προσελθεῖν

101 3786 184 3851 τῷ
207 3787 349 3837 κατά
379 3785 562 3855 χώραν
590 3789 896 3856 ὲπισκόπῳ,
936 3793 1028 3842 καὶ
1070 3792 1299 3859 λυθῆναι
1356 3793 1450 3845 τοῦ
1478 3794 1676 3863 δεσμοῦ

102 3879 137 3945 ἦ
176 3879 319 3930 κατὰ
345 3880 774 3946 παρουσίανκωῦ
827 3884 1194 3949 ἐπαγαγόντος
1250 3886 1432 3946 αὑτὸν,
1490 3888 1521 3956 ἢ
1583 3889 1678 3939 καὶ

101 3969 324 4019 ἐκείνου
358 3968 503 4038 δίχα,
559 3972 692 4039 μετά
723 3971 817 4042 τὴν
885 3973 1221 4044 μετάκλησιν
1251 3975 1325 4044 μὴ
1383 3978 1676 4046 παρουσιά-

101 4075 322 4120 σαντος.

762 4155 1091 4210 ΕΡΩΤΗΣΙΣ
1128 4162 1199 4212 Ζ’.

182 4239 542 4310 Ἠγιοὺμενος
573 4246 866 4298 τελευτῶν
909 4252 1232 4303 κατέλιπεν
1292 4253 1492 4320 ἕτερον
1542 4256 1673 4307 ἀνθ’

99 4330 347 4394 ἑαυτοῦ,
379 4333 692 4400 δεσμήσας
723 4340 910 4389 αὐτὸν
933 4341 1016 4406 μὴ
1054 4343 1466 4410 ὑποχωρῆσαι.
1513 4348 1674 4400 Ἀλλ’

98 4422 130 4470 d
168 4418 434 4484 τοιοῦτος
465 4424 796 4491 καταγνοὺς
870 4427 1086 4481 ἑαυτοῦ
1156 4433 1475 4486 ἀσθένειαν
1530 4439 1672 4490 ὑπε-

1807 609 2065 677 ctsynodi
2097 612 2388 680 Ancyranae
2447 626 2564 667 can.
2601 613 2629 664 7
2675 625 2727 667 et
2769 615 2822 672 8.
2879 615 3142 673 Observes
3182 633 3360 675 autem

1805 711 1924 765 quae
1968 700 2018 749 in
2061 701 2309 766 prmsenti
2370 704 2718 770 responsione
2769 707 3151 773 continentur;
3201 725 3254 765 et
3289 715 3366 767 la-

1806 791 2003 844 mentis
2035 807 2209 856 vaces,
2243 793 2384 860 quod
2446 794 2512 847 ab
2543 797 2792 851 omnibus
2835 803 3217 868 propemodum
3277 819 3364 858 sa-

1804 884 2117 937 cerd0tihus
2174 885 2434 952 neglectui
2491 887 2754 941 habeatur
2799 890 3150 947 exaltatarum
3197 897 3359 966 218

1802 975 2132 1028 oblationutn
2161 980 2498 1043 consumptio
2535 997 2548 1033 :
2583 979 2822 1049 plerique
2866 984 3010 1037 enim
3067 1001 3158 1039 eos
3193 991 3353 1041 etiam

1802 1080 1925 1119 cum
1962 1069 2218 1122 carnibus
2244 1069 2555 1140 comedunt,
2582 1082 2633 1125 et
2667 1073 2787 1128 aliis
2821 1077 2992 1131 modis
3043 1079 3352 1145 profanant.

2252 1357 2762 1415 INTERROGATIO
2816 1359 2900 1412 Vl.

1853 1445 1911 1499 Si
1930 1446 2066 1499 ullus
2083 1463 2384 1516 quorunque
2398 1450 2449 1500 in
2468 1451 2581 1502 loco
2599 1458 2780 1504 tonsus
2796 1450 3076 1503 monac/ms
3096 1451 3147 1504 in
3161 1452 3356 1520 aliqua,

1795 1540 1932 1603 φησι(
1956 1539 2068 1606 ejus
2100 1540 2334 1594 animam
2372 1544 2612 1610 oﬂ'endit,
2644 1545 2874 1609 (reditur,
2923 1556 2970 1600 et
3007 1547 3178 1600 volens
3223 1564 3360 1600 rece-

1793 1628 1933 1691 dere,
1969 1649 1998 1682 a
2038 1647 2130 1683 suo
2181 1635 2460 1700 prmposito
2530 1636 2725 1704 ligatus
2757 1637 2937 1704 fuerit,
2990 1638 3115 1707 quid
3162 1638 3360 1708 faciet?

1793 1721 2042 1773 damnum
2065 1733 2376 1790 contemnet,
2419 1743 2487 1778 an
2519 1727 2786 1781 vinculum
2811 1729 2836 1782 .’

1861 1897 2071 1955 RESP.
2133 1902 2343 1971 Oportet
2387 1920 2503 1958 eum
2562 1905 2734 1960 dicere
2778 1909 3055 1974 prwposito
3109 1925 3264 1976 quam
3295 1910 3357 1963 ob

1798 2007 1900 2043 rem
1933 1992 2182 2047 laeditur:
2207 2005 2254 2046 et
2283 1996 2330 2047 si
2373 2005 2539 2048 estea:
2564 2013 2622 2049 eo
2669 2000 3006 2067 manifestum
3048 1999 3355 2068 periculum,

1795 2084 2050 2149 recedere,
2085 2094 2132 2137 et
2159 2086 2419 2139 vinculum
2439 2103 2543 2141 non
2573 2105 2782 2143 curare.

1865 2263 2282 2320 INTERPRET.
2329 2265 2546 2322 Tertius
2585 2283 2757 2323 canon
2799 2270 2987 2338 primze
3011 2277 3061 2323 et
3103 2270 3356 2324 secundae

1793 2373 1910 2425 syn.
1955 2359 2007 2410 in
2042 2359 2238 2426 templo
2275 2358 2374 2412 SS.
2412 2360 2777 2425 apostolorum
2833 2361 3047 2426 ltabitre,
3081 2361 3351 2422 decernit,

1795 2460 1851 2502 ut
1873 2459 2188 2517 segregetur
2224 2451 2540 2504 monasterii
2571 2454 2909 2519 praepositus,
2937 2453 3027 2520 qui
3067 2453 3354 2519 diligenter

1795 2556 1898 2592 nou
1956 2541 2184 2610 requirit
2241 2542 2560 2595 monachum
2609 2557 2763 2596 suum
2825 2544 2914 2611 qui
2987 2543 3242 2613 aufugit:
3301 2552 3353 2597 et

1791 2639 2015 2695 quartus
2033 2645 2207 2684 canon
2236 2630 2474 2698 ejusdem
2506 2631 2694 2700 synodi
2733 2641 2985 2702 segregat
3029 2635 3351 2686 monachum

1790 2721 1879 2788 qui
1910 2722 2180 2787 stnejusta
2233 2737 2396 2776 causa
2448 2724 2671 2786 recedit,
2713 2733 2761 2777 el
2805 2740 2928 2777 eum
2959 2726 3047 2793 qui
3086 2725 3228 2778 illum
3273 2740 3358 2778 re-

1789 2813 1937 2880 cipit.
1975 2812 2123 2867 Uude
2158 2814 2316 2867 etiam
2347 2814 2402 2867 S.
2425 2829 2541 2882 syn.
2573 2813 2856 2883 respondit
2911 2831 3019 2869 non
3050 2816 3353 2869 inconside-

1791 2916 1904 2958 rate
1928 2916 1980 2957 et
2047 2921 2143 2972 pro
2211 2921 2272 2957 ea
2331 2922 2447 2974 qum.
2497 2907 2597 2960 sibi
2659 2911 2972 2975 apparuerit
3031 2909 3352 2969 offensione,

1790 2995 1950 3045 licere
1999 2995 2289 3060 unicuique
2317 2997 2578 3048 monacho
2636 3010 2699 3049 ex
2763 3011 2826 3049 eo
2884 3012 2990 3062 quo
3047 3007 3230 3051 tonsus
3271 3010 3353 3052 est

1791 3084 2121 3136 monasterio
2148 3083 2398 3136 recedere
2425 3100 2436 3135 :
2468 3085 2559 3137 sed
2595 3084 2693 3136 ltoc
2745 3085 3088 3152 praepositum
3136 3087 3348 3147 docere,

1787 3182 1839 3224 «ιι
1866 3172 1906 3222 si
1942 3187 2045 3223 non
2078 3173 2469 3226 correctionem
2501 3183 2777 3226 assecutus
2815 3175 2906 3236 sit,
2942 3189 2971 3227 a
3018 3176 3352 3230 monasterio

1786 3266 2060 3326 recedere,
2093 3275 2148 3317 et
2177 3263 2377 3316 viurnli
2443 3265 2525 3318 sui
2578 3267 2851 3333 praepositi
2909 3265 3111 3319 nullam
3166 3281 3349 3320 curam

1786 3353 2002 3407 habere.
2037 3354 2231 3422 Accipe
2281 3364 2458 3406 autem
2495 3354 2623 3406 illud
2671 3355 2867 3409 vinculi
2933 3357 3133 3414 nullam
3168 3373 3350 3413 curam

1787 3446 1984 3498 habere
2019 3444 2083 3496 ad
2118 3446 2239 3509 hoc,
2298 3455 2353 3495 ut
2388 3459 2494 3497 non
2528 3447 2835 3513 suspicetur
2868 3449 3084 3516 aliquod
3109 3449 3207 3502 sibi
3251 3452 3323 3503 im

1785 3535 1991 3587 mittere
2024 3535 2341 3601 periculum,
2374 3550 2438 3587 eo
2465 3537 2604 3602 quod
2634 3537 2919 3590 recesserit
2944 3549 3231 3606 antequam
3273 3540 3344 3592 sit

1784 3626 2015 3678 solutum
2045 3627 2312 3678 vinculum
2341 3645 2352 3679 :
2391 3642 2496 3679 non
2524 3631 2684 3682 etiam
2711 3629 2776 3682 ad
2813 3629 2936 3695 hoc,
2990 3641 3045 3682 ut
3075 3631 3187 3698 ipse
3237 3645 3330 3699 per

1784 3732 1842 3769 sc
1870 3715 2202 3769 absolvatur.
2229 3715 2461 3785 Cogetur
2485 3720 2626 3771 enim
2674 3720 2929 3774 accedere
2985 3723 3049 3775 ad
3101 3721 3201 3774 lori
3233 3722 3345 3786 epis

1783 3823 2024 3873 scopum,
2064 3818 2115 3859 et
2145 3809 2345 3861 οΙιεωινί
2373 3825 2400 3862 a
2437 3811 2672 3874 vinculo,
2706 3812 2785 3865 vel
2825 3828 2889 3867 eo
2933 3819 3198 3879 prasente
3250 3814 3340 3880 qui

1782 3901 2053 3965 imposuit.
2125 3902 2205 3952 vel
2241 3901 2403 3954 etiam
2438 3902 2556 3956 sine
2616 3903 2730 3968 illo,
2792 3915 3076 3974 postquam
3125 3915 3344 3959 vocatus

1785 4006 1891 4044 non
1929 3989 2182 4044 adfuerit.

2231 4160 2745 4217 INTERROGATIO
2779 4163 2884 4219 VII.

1851 4256 2080 4309 Moriens
2111 4257 2420 4323 pra'positus
2462 4256 2670 4324 reliquit
2696 4273 2788 4324 pro
2813 4274 2865 4309 se
2919 4257 3104 4320 alium,
3162 4257 3224 4307 ab
3281 4270 3336 4308 eo

1777 4349 1994 4418 ligatum
2023 4365 2082 4399 ne
2121 4349 2392 4402 recederet.
2418 4347 2471 4400 Is
2503 4357 2700 4411 autem,
2737 4363 2833 4398 sua
2863 4347 3222 4400 imbecillitate
3254 4362 3330 4398 co-

1776 4441 1945 4508 gnita,
1983 4439 2213 4491 recessit.
2255 4438 2395 4508 Quid
2457 4441 2632 4504 itaque
2672 4438 2973 4506 faciendum
3012 4448 3085 4489 est
3125 4440 3186 4490 de
3221 4438 3333 4490 vin-

96 4511 359 4581 χώρησε.
393 4514 450 4567 Τί
484 4517 631 4582 γοῦν
652 4519 766 4585 χρὴ
797 4521 1046 4587 ποιῆσαι
1089 4526 1219 4587 περὶ
1273 4527 1378 4579 τοῦ
1405 4529 1666 4596 δεσμοῦ;

187 4603 418 4628 ,ηηηη
511 4608 649 4628 ...κ
843 4612 935 4628 ..
1073 4617 1082 4628 .
1276 4617 1286 4628 .
1361 4619 1433 4628 -.
1570 4623 1593 4628 _

1792 4532 1890 4584 :ulo
1915 4530 1940 4580 7

171 4603 436 4659 ΛΠΟΚΡ.
511 4608 764 4676 Ἀλογος
824 4615 856 4663 ό
901 4612 1147 4682 δεσμὸς,
1194 4617 1291 4670 καὶ
1350 4619 1447 4673 διὰ
1492 4623 1668 4676 τοῦτο

97 4695 562 4762 ἀνίσχυροςοκαὶ
587 4703 618 4752 ό
652 4700 967 4769 δεσμηθεὶς
994 4705 1438 4772 ἀπολυθήσεται
1465 4712 1664 4780 ἀρχιε-

90 4785 197 4852 ρεῖ
252 4790 628 4856 προσελθὼν,
692 4793 790 4846 καί
859 4796 931 4848 τὰ
999 4800 1128 4851 καθ’
1207 4800 1424 4855 ἑαυτὸν
1474 4805 1664 4873 ἀπαγ-

97 4879 330 4947 γεΙλας.

169 4968 434 5022 ΕΡΜΗΝ.
503 4969 562 5022 '0
593 4971 674 5039 λβ¹
698 4973 877 5029 κανὼν
907 4977 1012 5032 τῶν
1093 4981 1266 5046 ἁγίων
1337 4986 1653 5041 ἀποστόλων

101 5061 240 5127 φησὶ
267 5061 356 5110 τον
382 5061 740 5130 ἀφορισθέντα
764 5067 893 5135 παρ’
928 5072 1226 5125 ἐπισκόπου
1278 5077 1351 5146 μὴ
1407 5077 1657 5146 δέχεσθαι

99 5147 233 5215 παρ’
271 5149 456 5217 ἐτέρου
493 5153 612 5206 ἀλλ’
647 5155 677 5223 ἦ
720 5161 868 5227 παρά
897 5159 990 5212 τοῦ
1065 5164 1424 5231 ἀφορίσαντος
1476 5171 1658 5236 αὑτὸν,

99 5244 147 5293 εξ
189 5241 262 5307 μὴ
291 5243 434 5293 κατά
480 5247 784 5316 συγκυρίαν
811 5250 1122 5319 τελευτήσει
1148 5257 1175 5306 ὁ
1225 5257 1494 5324 ἀφορίσας
1531 5263 1658 5316 τοῦ·

97 5348 213 5383 τον.
242 5331 398 5383 Κατά
440 5334 570 5400 γοῦν
610 5336 708 5403 τὴν
731 5339 919 5391 τούτου
959 5343 1249 5411 περίληψιν
1278 5347 1658 5416 ἀπελογήσατο

99 5423 132 5490 ἡ
168 5420 296 5483 ἀγία
333 5420 549 5486 σύνοδος
586 5425 675 5476 τὸν
703 5428 996 5495 ἀνεύλογον
1018 5432 1217 5502 δεσμὸν
1259 5438 1350 5488 τοῦ
1406 5441 1656 5510 τελευτή-

103 5526 298 5570 σαντος
357 5513 773 5582 καθηγουμένου
858 5517 1075 5571 λύεσθαι
1136 5525 1286 5592 παρά
1350 5528 1653 5596 ἀρχιερέως

100 5601 318 5661 παντως
369 5603 463 5653 τοῦ
514 5609 650 5657 κατὰ
685 5607 888 5677 χώραν.
918 5613 992 5663 Οὐ
1053 5615 1157 5683 γὰρ
1213 5617 1426 5687 ἐνεδόθη
1460 5622 1650 5691 ἑτέρας

104 5692 322 5759 ἑνορίας
362 5695 606 5763 ἀρχιερεῖ
633 5698 778 5750 λύειν
821 5702 1016 5769 δεσμὸν
1061 5706 1495 5777 καθηγουμένου,
1575 5715 1648 5785 μὴ

105 5784 469 5852 ὑποκειμένου
496 5788 659 5857 αὐτῷ.
693 5789 802 5842 Καὶ
833 5791 858 5842 ὁ
895 5794 992 5860 μὲν
1019 5796 1322 5868 παράλογος
1349 5803 1488 5870 ἀφορ
1515 5784 1648 5871 σμὸς

1841 4617 2044 4679 RESP.
2076 4622 2299 4676 Ratione
2333 4630 2471 4675 caret
2499 4621 2782 4687 vinculum,
2810 4629 2963 4688 atque
3006 4621 3120 4673 ideo
3151 4618 3337 4672 invali-

1769 4717 1891 4768 dum
1919 4724 2015 4777 est,
2075 4724 2125 4767 et
2151 4713 2395 4767 accedens
2427 4713 2493 4764 ad
2524 4714 2820 4780 episcopum
2874 4714 3068 4781 ligatus
3101 4710 3336 4766 absolve-

1767 4818 1873 4870 tur,
1906 4824 2023 4859 cum
2052 4823 2150 4859 sua
2184 4808 2230 4859 ei
2259 4808 2576 4874 exposuerit.

1837 4984 2601 5040 lNTERPRET.Tricesimus
2663 4988 2930 5040 secundus
2985 5001 3156 5041 canon
3207 4999 3330 5039 san-

1764 5087 1971 5134 ctorutn
2006 5078 2388 5146 apostolorum,
2413 5077 2544 5129 dicit
2580 5091 2702 5130 eum
2739 5078 2828 5144 qui
2860 5079 2927 5131 ab
2955 5079 3206 5146 episcopo
3242 5091 3330 5132 se-

1764 5180 2016 5241 gregatus
2040 5179 2121 5224 est
2142 5171 2209 5224 ab
2246 5170 2351 5223 alio
2383 5185 2486 5223 non
2518 5171 2738 5238 suscipi,
2772 5180 3126 5238 praeterquam
3165 5172 3232 5224 ab
3258 5184 3322 5223 eo

1763 5263 1851 5330 qui
1887 5264 2060 5330 ipsum
2108 5262 2434 5329 segregavit,
2471 5261 2573 5314 nisi
2629 5260 2766 5314 forte
2827 5273 3066 5315 mortuus
3110 5262 3178 5315 sit
3232 5261 3324 5330 qui

1759 5368 1882 5407 eum
1932 5354 2254 5421 segregavit.
2321 5353 2472 5405 Sicut
2527 5367 2654 5419 ergo
2701 5367 2764 5404 eo
2823 5352 3323 5421 c0nipreltenditur,

1767 5445 2041 5509 respondit
2072 5455 2252 5498 sancta
2302 5444 2541 5514 synodus
2600 5443 2853 5511 injustum
2902 5444 3175 5499 vinculum
3229 5445 3323 5498 de-

1759 5535 1925 5588 functi
1957 5537 2223 5603 praepositi
2253 5537 2389 5590 solvi
2421 5537 2641 5588 mnuiuo
2679 5538 2746 5591 al)
2779 5537 3027 5604 episcopo
3064 5536 3322 5606 regionis.

1757 5626 1940 5693 Neque
1972 5627 2112 5678 enim
2156 5629 2336 5679 datum
2397 5637 2478 5682 est
2510 5627 2732 5681 alterius
2796 5629 3030 5697 regionis
3087 5629 3316 5685 antistiti

1757 5717 1964 5771 solvere
1986 5716 2194 5770 vincula
2232 5717 2502 5786 praepositi
2534 5718 2637 5771 sibi
2698 5733 2804 5770 non
2841 5718 3064 5772 subditi.
3116 5719 3180 5770 Et
3237 5719 3316 5772 itt-

1758 5806 1906 5874 justa
1938 5807 2152 5875 quidem
2177 5809 2478 5878 segregatio
2503 5809 2584 5863 sic
2619 5808 2879 5864 solvetur.
2914 5809 2988 5863 De
3039 5823 3102 5864 eo
3133 5819 3308 5867 auten:
