3914 6332
151 361 271 424 953

979 359 1358 418 RESPONSA
1402 360 1502 418 AD
1549 360 2277 424 lNTEltROGATIONES
2316 365 2554 428 MARCI

3241 369 3345 437 954

149 474 542 546 οἶκουμενικοῦ
601 480 932 546 πατριάρχου
972 480 1156 547 κυρίου
1199 479 1487 548 Γεωργίου.
1517 473 1615 530 Ὧν
1647 478 1713 530 τὰ

1821 492 1992 534 annos
2022 490 2211 550 augeat
2244 482 2382 538 Deus
2413 487 2465 537 in
2493 485 2699 537 dierum
2727 482 3125 550 longitudinem.
3158 480 3341 536 Mense

151 573 258 636 ἐτη
291 569 508 632 αὑξανεί
546 573 573 622 6
612 570 739 631 Θεὸς
784 573 860 632 είς
899 572 1214 638 μακρότητα
1272 572 1511 638 ἡμερῶν.
1561 569 1708 638 Μηνὶ

149 661 511 729 Φεϐρουαρίῳ
567 661 936 727 ὲπινεμήσεως
967 667 1056 725 ιγ’,
1111 662 1203 712 καὶ
1253 661 1386 712 ἑτῶν
1428 662 1563 728 μετὰ
1611 660 1708 726 τὴν

154 749 442 816 σάρκωσιν
480 747 570 798 τοῦ
613 747 814 815 Κυρίου
849 748 942 798 καὶ
981 746 1113 797 Θεοῦ
1147 746 1241 797 καὶ
1271 745 1512 812 Σωτῆρος
1556 745 1708 813 ἡμῶν

151 838 342 908 Ἰησοῦ
363 837 619 906 Χριστοῦ,
657 834 811 901 ,αα-γ’.

248 931 595 994 Ἐρώτησις.
623 929 682 980 At
731 929 857 995 περὶ
891 928 957 977 τά
1000 926 1134 995 μέρη
1170 926 1269 993 τῆς
1315 925 1709 994 Ἀλεξανδρείας

158 1022 258 1074 καὶ
283 1021 393 1072 τῶν
429 1017 811 1086 Ἱεροσολύμων
841 1016 1341 1082 ἀναγινωσκόμεναι
1363 1014 1708 1083 λειτουργίαι,

157 1114 258 1165 καὶ
283 1110 572 1177 λεγόμεναι
617 1107 992 1177 συγγραφῆναι
1040 1105 1186 1172 ποιρὰ
1228 1104 1334 1156 τῶν
1368 1104 1534 1170 ἁγίων
1571 1106 1704 1155 ἁπο-

161 1203 394 1261 στόλων,
457 1198 710 1252 Ἰακώϐου
767 1195 860 1248 τοῦ
922 1195 1263 1260 ἁδελφοθέου,
1313 1196 1404 1246 καὶ
1461 1194 1706 1260 Μάρκου,

155 1294 352 1347 δεκται
377 1294 478 1344 είσι
503 1293 568 1361 τῇ
597 1291 726 1358 ἁγίᾳ.
751 1290 841 1341 καὶ
869 1288 1124 1356 καθολικῇ
1170 1287 1481 1355 Ἐκκλησία,
1513 1287 1545 1354 ἢ
1577 1283 1636 1336 οῦ
1660 1299 1674 1346 ;

231 1389 368 1438 'An.
424 1385 480 1436 '0
511 1382 685 1452 μέγας
729 1377 1022 1440 ἀπόστολος
1051 1377 1282 1440 Παῦλος,
1330 1379 1357 1428 6
1385 1377 1493 1429 τῶν
1546 1374 1712 1442 ἁγίων

174 1473 519 1543 Ἐκκλησιῶν
547 1470 639 1524 τοῦ
666 1469 798 1522 Θεοῦ
828 1471 1009 1537 ῥήτωρ
1033 1469 1125 1527 καὶ
1151 1467 1485 1531 διδάσκαλος,
1518 1469 1711 1534 Κοριν·

159 1566 301 1626 θίοις
329 1562 672 1625 ἐπιστέλλων,
708 1559 865 1627 φησίν
889 1573 902 1587 ·
943 1558 1204 1625 ’Λδελφοὶη
1242 1556 1540 1628 παρακαλοῖ)
1568 1557 1711 1626 ὑμᾶς

157 1656 252 1706 διὰ
286 1654 376 1704 τοῦ
410 1653 666 1718 ὀνόματος
696 1653 787 1704 τοῦ
819 1651 1016 1718 Κυρίου
1051 1649 1204 1718 ἡμῶν
1239 1649 1408 1716 Ἰησοῦ
1460 1646 1710 1715 Χριστοῦ,

165 1747 258 1799 ἵνα
290 1747 347 1797 τδ
384 1744 517 1796 αὐτὸ
548 1745 737 1810 λέγητε
775 1743 990 1802 πάντες,
1024 1741 1118 1792 καὶ
1150 1741 1221 1807 μὴ
1342 1742 1396 1788 ὲν
1444 1739 1569 1805 ὑμῖν
1598 1738 1712 1804 σχίο

167 1853 357 1904 σματα
388 1852 398 1862 °
433 1831 528 1902 ἦτε
555 1836 608 1886 δὲ
637 1833 1055 1901 κατηρτισμένοι
1107 1833 1165 1882 ὲν
1200 1830 1273 1901 τῷ
1310 1830 1456 1897 αὐτῷ
1481 1829 1581 1891 νοῒ,
1622 1832 1711 1881 καὶ⁵

161 1929 224 1977 ὲν
246 1931 311 1994 τῇ
343 1927 476 1991 αὐτῇ
503 1925 709 1995 γνώμῃ.
735 1922 914 1992 Φαμὲν
940 1922 1135 1983 τοίνυν,
1160 1921 1232 1982 ὼς
1264 1919 1384 1972 οὔτε
1415 1921 1520 1971 ἀπὸ
1562 1920 1712 1981 θείας

161 2018 416 2085 Γραφῆς.
449 2014 569 2066 οὕτε
605 2016 710 2065 ἀπὸ
745 2014 960 2073 κανόνος
998 2011 1395 2078 ἐκφωνηθέντος
1427 2010 1711 2070 συνοδικῶς

163 2103 609 2169 ἀνεδιδάχθημεν,
631 2101 1017 2168 ίεροτελεστίαν
1050 2098 1153 2149 ὑπδ
1187 2097 1280 2149 τοῦ
1308 2098 1458 2162 ἁγίου
1490 2098 1714 2148 ἀποστό-

170 2193 268 2244 λου
305 2194 526 2258 Μάρκου
561 2190 915 2258 παραδοθῆναι
939 2205 952 2218 ⁸
992 2187 1146 2256 μόνος
1187 2188 1238 2238 δὲ
1266 2189 1293 2238 6
1321 2183 1397 2254 λβ¹
1426 2183 1596 2236 κανὼν
1616 2187 1714 2252 τῆς

168 2286 230 2334 ἰν
263 2282 338 2348 τῷ
381 2279 634 2347 arguam}.
683 2279 772 2330 τοῦ
829 2278 1065 2346 μεγάλου
1122 2275 1382 2328 παλατίου
1444 2274 1713 2342 συστάσης

166 2373 330 2433 ἁγίας
366 2373 462 2421 καὶ
512 2370 892 2436 οίκουμενικῆς
951 2369 1187 2428 συνόδου,
1229 2365 1394 2434 φησὶν
1466 2366 1568 2417 ὑπὸ
1620 2366 1712 2418 τοῦ

168 2463 332 2529 ἁγίου
361 2461 612 2513 Ἰακώϐου
642 2462 734 2512 τοῦ
764 2459 1084 2528 ἁδελφοθέου
1114 2458 1377 2528 μυστικὴν
1410 2458 1711 2527 ἱερουργίαν

171 2549 513 2616 συντεθῆναι.
534 2547 591 2602 '0
620 2551 794 2618 μέντοι
819 2549 902 2601 πε⁹
927 2547 1102 2601 κανὼν
1123 2549 1230 2600 τῶν
1259 2548 1426 2615 ἁγίων
1462 2550 1555 2601 καὶ
1579 2566 1715 2601 παν-

174 2642 442 2706 ευφήμων
481 2639 808 2699 ἀποστόλων,
841 2639 936 2690 καὶ
983 2639 1011 2690 6
1039 2637 1115 2689 νθ¹
1145 2637 1323 2690 κανὼν
1366 2639 1460 2704 τῆς
1496 2640 1552 2691 ὲν
1578 2641 1715 2691 Λαο-

168 2729 348 2798 δικείᾳ
377 2728 611 2790 συνόδου,
637 2727 1105 2798 ἀπαριθμούμενοι
1152 2726 1219 2778 τὰ
1267 2727 1545 2793 ὀφείλοντα
1590 2729 1714 2796 παρ’

173 2816 312 2883 ἡμῖν
356 2814 730 2866 πολιτεύεσθαι
808 2813 984 2883 βιϐλία
1023 2815 1120 2880 τῆς
1168 2815 1409 2876 Παλαιᾶς
1445 2816 1717 2885 Διαθήκης

175 2903 273 2956 καὶ
334 2904 430 2970 τῆς
478 2904 705 2970 Καινῆς,
771 2903 861 2956 καὶ
925 2902 1064 2955 αὐτὰ
1115 2902 1178 2972 δὴ
1239 2903 1302 2955 τὰ
1367 2904 1716 2966 ἁποστολικά,

1811 564 2121 633 Februario,
2179 570 2488 624 indictionis
2546 573 2626 635 l3,
2683 573 2804 623 anni
2845 581 2962 638 pes;
3018 568 3343 622 incarnatio-

1811 672 1930 709 nem
1989 658 2222 722 Domini,
2272 668 2326 714 et
2383 660 2495 724 Dei,
2530 669 2584 713 et
2639 659 2940 713 Servatoris
2995 658 3164 713 nostri
3222 652 3345 714 Iesu

1810 747 2030 813 Christi,
2061 748 2214 802 1205.

1884 926 2046 978 Inter.
2075 927 2123 978 1.
2151 926 2277 991 Qua:
2305 926 2356 979 in
2388 928 2629 995 partibus
2654 927 2991 981 Alexandriae
3015 935 3066 980 et
3096 925 3347 982 Hieroso-

1811 1017 2069 1086 lymorum
2111 1017 2356 1084 leguntur
2385 1016 2632 1084 liturgite,
2667 1023 2719 1069 et
2752 1018 3068 1083 conscriptae
3097 1018 3352 1071 dicuntur

1812 1105 1979 1159 fuisse
2007 1119 2056 1160 .a
2095 1107 2299 1160 sanctis
2346 1106 2631 1174 apostolis,
2669 1105 2870 1159 Jacobo
2905 1106 3070 1160 fratre
3121 1109 3350 1170 Domini,

1811 1205 1863 1247 ct
1902 1195 2103 1259 Marco,
2140 1196 2462 1262 recipienda:
2493 1206 2622 1250 sunt
2672 1210 2703 1250 ιι
2748 1211 2935 1253 sancta
2987 1208 3038 1252 et
3089 1199 3353 1255 catholica

1813 1281 2070 1342 Ecclesia.
2107 1298 2273 1336 necne
2300 1283 2322 1335 ί

1881 1370 2000 1425 Res.
2046 1371 2269 1441 Magnus
2311 1372 2592 1442 apostolus
2629 1370 2852 1437 Paulus,
2903 1382 3211 1428 sanctarum
3262 1376 3355 1432 Dei

1813 1457 2174 1512 Eeclesiarum
2207 1469 2391 1513 orator
2418 1469 2470 1513 et
2514 1459 2727 1526 doctor,
2770 1462 2834 1513 ad
2878 1459 3192 1518 Corinthios
3224 1467 3362 1520 scri-

1811 1547 1964 1611 bens,
2020 1548 2094 1599 ait
2131 1564 2144 1599 :
2179 1545 2418 1611 Fratres,
2466 1548 2694 1605 obsecro
2751 1565 2844 1604 vos
2890 1564 2988 1619 per
3025 1570 3222 1609 nomen
3257 1556 3362 1612 Do-

1813 1635 1943 1688 mini
1973 1635 2142 1688 nostri
2180 1632 2307 1687 Jesu
2355 1634 2586 1700 Christi,
2637 1645 2693 1690 ut
2747 1640 2880 1694 idem
2912 1643 3106 1699 dicatis
3149 1659 3359 1710 omnes,

1814 1741 1912 1778 nec
1959 1728 2068 1778 sint
2124 1725 2175 1778 in
2227 1725 2378 1781 vobis
2426 1728 2647 1781 dissidia
2692 1731 2855 1785 :sitis
2913 1745 3091 1788 autem
3138 1750 3361 1804 compo-

1815 1816 1901 1868 siti
1939 1817 1955 1854 i
1990 1816 2175 1868 eadem
2213 1827 2410 1882 mente,
2461 1817 2753 1885 eademque
2788 1821 3079 1877 voluntate.
3122 1824 3361 1881 Dicimus

1814 1906 1989 1976 igitur,
2049 1922 2148 1961 nos
2202 1923 2377 1976 neque
2434 1923 2465 1962 a
2509 1924 2666 1964 sacra
2735 1909 3042 1981 Scriptura,
3107 1928 3281 1982 neque
3329 1931 3361 1970 a

1813 2014 2019 2053 canone
2078 2003 2331 2068 synodice
2393 2003 2557 2066 edito,
2609 2004 2832 2060 edoctos
2914 2007 3080 2062 fuisse
3145 2023 3360 2062 sacrum

1815 2087 2171 2139 rninistcriuin
2205 2086 2218 2134 i
2263 2103 2292 2141 a
2332 2087 2386 2141 S.
2422 2091 2665 2157 apostolo
2707 2089 2887 2145 Marco
2931 2092 3212 2145 traditum.
3261 2093 3360 2145 So-

1815 2179 1896 2231 lus
1927 2176 2069 2228 enim
2100 2175 2167 2228 52
2210 2191 2380 2230 canon
2433 2187 2631 2232 sancta:
2675 2188 2726 2233 et
2781 2182 3126 2235 oecumenieaa
3172 2182 3361 2251 synodi

1814 2277 2012 2319 coactae
2041 2267 2092 2319 in
2125 2265 2309 2320 Trullo
2335 2270 2513 2337 magni
2537 2271 2744 2338 palatii,
2786 2272 2860 2324 ait
2887 2286 2916 2324 a
2945 2272 3004 2325 S.
3026 2269 3230 2326 Jacobo
3266 2271 3364 2326 Dei

1815 2356 1980 2412 fratre
2027 2360 2308 2428 mysticum
2370 2363 2694 2415 sacriﬁcium
2749 2362 2918 2419 fuisse
2979 2365 3360 2433 compositum.

1811 2446 2058 2501 Attamen
2095 2448 2164 2501 85
2201 2464 2372 2503 canon
2418 2460 2730 2504 sanctorum
2765 2461 2818 2506 et
2860 2454 3005 2507 omni
3037 2453 3192 2507 laude
3226 2456 3368 2508 cele-

1814 2536 1989 2590 brium
2060 2538 2463 2607 Apostolorum,
2539 2551 2591 2595 et
2676 2540 2747 2596 59
2805 2558 2978 2598 canon
3049 2543 3367 2599 Laodicena

1815 2626 2027 2695 synodi,
2059 2639 2436 2683 enumerantes
2477 2628 2686 2686 Veteris
2726 2629 3058 2685 Testamenti
3115 2642 3166 2684 et
3207 2632 3366 2698 Novi,

1817 2715 2070 2784 ipsosque
2096 2720 2423 2786 apostolicos
2477 2721 2668 2784 libros,
2707 2722 2799 2789 qui
2840 2722 2894 2774 in
2925 2736 3022 2775 usu
3059 2723 3216 2776 nobis
3244 2737 3368 2778 esse

1817 2807 2034 2871 debent,
2069 2809 2268 2862 nullam
2300 2809 2548 2864 sacriﬁcii
2580 2810 2607 2849 ι
2647 2812 2820 2865 sancti
2852 2811 3037 2865 Jacobi
3067 2813 3150 2866 vel
3188 2814 3366 2867 sancti

1817 2899 1982 2953 Marci
2028 2899 2354 2953 mentionem
2413 2898 2637 2953 faciunt.
2669 2899 2853 2969 Neque
2903 2902 3066 2955 etiam
3098 2902 3366 2956 catholica

183 2994 500 3062 ίερουργίας
520 2992 612 3044 τοῦ
644 2992 795 3058 ἁγίου
833 2991 1083 3044 Ἰακώϐου
1115 2992 1146 3060 ἢ
1178 2991 1270 3043 τοῦ
1317 2992 1470 3058 ἁγίου
1493 2993 1716 3060 Μάρκου

1821 2988 2150 3042 sanctissimi
2187 2997 2240 3042 et
2290 2991 2609 3044 tecumenici
2643 2991 2822 3045 throni
2865 2990 3366 3060 Constantinopolis

181 3082 372 3151 μνείαν
403 3081 535 3142 ὅλως
581 3081 640 3133 οὐ
688 3079 985 3132 ποιοῦνται.
1032 3081 1188 3133 Ἀλλά
1243 3081 1334 3134 καὶ
1375 3082 1407 3149 η
1465 3081 1723 3152 καθολικὴ

1823 3078 2062 3133 Ecclesia
2093 3079 2202 3132 ullo
2230 3080 2387 3133 modo
2422 3095 2511 3133 eas
2546 3082 2792 3149 liturgias
2827 3083 3090 3149 agnoscit.
3121 3081 3370 3136 Pronun-

193 3170 491 3240 Ἐκκλησία
527 3170 618 3222 τοῦ
652 3171 956 3237 ἀγιωτάτου
988 3172 1080 3222 καὶ
1114 3170 1488 3239 οίκουμενικοῦ
1537 3172 1721 3240 θρόνου

1822 3170 2021 3222 tiamus
2051 3168 2234 3236 igitur,
2269 3183 2373 3220 non
2400 3185 2519 3224 esse
2553 3172 2646 3224 bas
2676 3172 3028 3240 recipiendas.
3059 3171 3122 3224 Et
3156 3172 3364 3228 sienim

179 3263 281 3328 τῆς
315 3261 927 3322 Κωνσταντινουπόλεως
963 3261 1068 3312 οὐδ’
1121 3262 1255 3322 ὅλως
1305 3260 1505 3324 ταύτας
1547 3264 1726 3330 ὲπιγι-

1820 3261 1890 3315 ab
1921 3261 1986 3314 iis
2041 3261 2195 3313 facta:
2224 3261 2350 3321 sint,
2403 3260 2471 3314 ab
2522 3263 2668 3315 omni
2717 3278 2817 3317 usu
2863 3277 3055 3318 vacare
3083 3263 3361 3334 iubentur,

179 3352 398 3404 νώσκει.
429 3349 786 3418 Ψηφιξόμεθα
811 3345 899 3402 οῦν
920 3351 992 3419 μὴ
1019 3347 1155 3402 εἶναι
1177 3350 1368 3412 δεκτὰς
1390 3352 1576 3412 αὑτάς.
1608 3353 1725 3405 Κᾶν

1823 3360 1952 3405 utet
1985 3351 2091 3404 alia
2123 3350 2307 3402 multa.
2358 3347 2522 3417 quue
2567 3351 2910 3406 manifestum
2953 3361 3034 3408 est
3073 3370 3135 3408 ex
3179 3355 3250 3409 85
3275 3371 3368 3408 ca-

179 3443 291 3509 γάρ
318 3441 576 3506 ἐγένοντο,
605 3439 892 3501 παντελοῦς
916 3437 1186 3509 ἀπραξίας
1210 3440 1721 3510 κατεψηφίσθησαν,

1823 3456 1964 3496 none
1994 3449 2303 3495 sanctorum
2338 3451 2389 3496 et
2428 3441 2834 3495 benedictorum
2881 3444 3268 3510 apostolorum,
3311 3457 3366 3498 et

179 3531 256 3592 ὼς
300 3531 394 3588 καὶ
440 3529 570 3580 ἄλλα
611 3529 797 3582 πολλά.
841 3531 942 3580 Καὶ
996 3530 1149 3597 δῆλόν
1173 3532 1317 3583 ἐστιν
1373 3532 1477 3584 ἀπὸ
1505 3531 1597 3584 τοῦ
1643 3531 1725 3585 πε¹

1819 3531 1854 3583 2
1901 3545 2106 3584 canone
2144 3536 2342 3583 sanctae
2394 3538 2447 3582 et
2496 3528 2842 3582 meumenicaa
2871 3529 3060 3597 synodi
3092 3529 3146 3582 in
3179 3527 3364 3584 Trullo

183 3621 404 3679 κανόνος
424 3620 527 3669 τῶν
544 3619 712 3685 ἁγίων
748 3619 841 3671 καὶ
879 3621 1122 3689 πανευφή
1133 3639 1245 3688 μων
1276 3623 1602 3688 ἀποστόλων,
1633 3626 1723 3677 καὶ

1820 3621 1999 3689 magni
2066 3619 2248 3688 palatii
2313 3626 2509 3672 coactae
2577 3635 2590 3670 :
2650 3618 2784 3670 alter
2823 3618 2986 3682 enim,
3036 3619 3367 3686 apostolicus

181 3710 277 3762 τοῦ
319 3707 363 3777 β’
423 3710 643 3770 κανόνος
686 3712 780 3777 τῆς
831 3711 886 3761 ὲν
925 3709 1000 3778 τῷ
1037 3711 1283 3779 Τρούλλῳ
1339 3712 1431 3764 τοῦ
1489 3716 1721 3782 μεγάλου

185 3799 447 3851 παλατίου
478 3801 741 3868 συστάσης
765 3801 923 3866 ἁγίας
952 3802 1042 3852 καὶ
1070 3803 1450 3870 οίκουμενικῆς
1485 3805 1719 3859 συνόδου.

195 3890 256 3939 '0
293 3889 390 3954 μὲν
414 3888 589 3954 γάρ,ό
639 3888 988 3949 ἁποστολικδς
1031 3889 1248 3957 δηλαδὴ,
1286 3891 1575 3958 διορίζεται
1627 3894 1722 3956 τὰς

184 3977 278 4029 τοῦ
305 3977 610 4044 Κλήμεντος
633 3977 723 4028 δύο
756 3978 1059 4040 ἐπιστολὰς,
1090 3980 1184 4030 καὶ
1211 3980 1306 4041 τὰς
1343 3982 1600 4048 διαταγὰς
1618 3983 1722 4036 τῶν

183 4063 560 4131 ὀκτὼβιϐλίων
589 4065 750 4116 αὑτοῦ
787 4065 1253 4130 ἀναγινώσκεσθαι
1304 4070 1418 4136 μὲν,
1459 4071 1532 4140 μὴ
1560 4072 1724 4139 δημο-

187 4156 462 4212 σιεύεσθαι
496 4157 572 4220 δὲ,
612 4157 696 4208 διά
715 4158 780 4208 τὰ
806 4160 861 4208 ὲν
885 4159 1072 4219 αὑταῖς
1099 4161 1336 4226 μυστικά
1360 4177 1373 4192 ο
1407 4164 1434 4212 ὁ
1474 4163 1530 4215 δὲ
1583 4163 1722 4214 θέλει

184 4243 386 4301 ταύτας
425 4243 555 4311 μηδὲ
591 4242 1070 4309 ἀναγινώσκεσθαι,
1114 4243 1199 4298 διὰ
1237 4247 1296 4297 τὸ
1334 4249 1721 4318 παρεπεθῆναι

186 4329 375 4389 αὑταῖς
406 4331 553 4396 παρὰ
594 4332 908 4399 ἑτεροδόξων
949 4332 1112 4384 πολλά
1157 4349 1274 4384 τινα
1313 4336 1461 4399 νόθα,
1489 4339 1581 4388 καὶ
1624 4339 1722 4405 τῆς

191 4418 473 4480 εὐσεϐείας
496 4419 764 4488 ἀλλότρια.
788 4422 884 4473 Διά
906 4437 984 4472 τοι
1000 4420 1258 4474 τοῦτοκαὶ
1272 4423 1720 4489 ὀφείλουσιπᾶσαι

188 4510 247 4561 ai
303 4510 596 4577 Εκκλησίαι
621 4509 710 4561 τοῦ
739 4509 869 4564 Θεοῦ
905 4511 1207 4580 ἀκολουθεῖν
1234 4511 1309 4579 τῷ
1338 4513 1442 4565 ἔθει
1471 4515 1566 4582 τῆς
1597 4517 1719 4579 νέας

201 4596 436 4666 Ῥώμης,
465 4598 578 4666 ἦτοι
603 4598 697 4665 τῆς
724 4599 1333 4662 Κωνσταντινουπόλεως
1351 4615 1365 4629 ’
1399 4603 1489 4654 καὶ
1515 4604 1721 4674 ίιερουρ⁴

185 4691 304 4755 γεῖν
331 4688 469 4741 κατά
499 4688 596 4748 τὰς
619 4688 937 4757 παραδόσεις
968 4688 1076 4740 τῶν
1108 4689 1356 4756 μεγάλων
1388 4690 1717 4745 διδασκάλων

188 4779 602 4847 καὶφωστήρων
667 4779 765 4845 τῆς
821 4778 1119 4841 εὐσεϐείας,
1147 4778 1235 4830 τοῦ
1270 4781 1422 4846 ἁγίου
1474 4781 1715 4836 Ἰωάννου

1821 3711 2112 3772 videlicet,
2174 3708 2361 3762 deﬁnit
2441 3707 2570 3760 duas
2621 3706 2913 3761 Clementis
2963 3708 3260 3775 epistolas,
3309 3719 3364 3763 et

1822 3798 2250 3869 dispositionesl
2301 3811 2423 3852 octo
2472 3797 2728 3850 librorum
2779 3799 2918 3866 ejus,
2967 3799 3068 3866 legi
3125 3800 3363 3866 quidem.

1820 3905 2007 3944 verum
2065 3903 2168 3940 non
2221 3888 2479 3956 evulgari,
2514 3888 2583 3940 ob
2633 3901 2828 3940 arcana
2867 3903 2985 3956 qua:
3031 3891 3082 3942 in
3127 3889 3192 3942 iis
3238 3895 3366 3942 sunt

1821 3978 2136 4032 recondita:
2171 3977 2309 4031 alter
2357 3985 2536 4028 autem
2566 3976 2678 4029 vult
2729 3991 2821 4029 eas
2868 3991 3039 4044 neque
3068 3978 3190 4046 legi.
3235 3993 3366 4046 pro.

1822 4080 2000 4139 pterea
2035 4069 2176 4137 quod
2224 4067 2290 4121 iis
2324 4068 2504 4134 spuria
2547 4065 2788 4133 quaedam
2837 4068 3000 4120 multa
3035 4075 3087 4122 et
3114 4083 3143 4119 a
3168 4067 3365 4135 pietate

1824 4160 1997 4212 aliena
2027 4156 2340 4224 interposita
2391 4157 2513 4208 sint'
2549 4155 2615 4209 ab
2660 4155 2945 4210 haereticis.
3002 4155 3360 4220 Quamobrem

1823 4263 2008 4302 omnes
2062 4246 2316 4300 Ecclesiae
2365 4245 2456 4299 Dei
2512 4251 2663 4313 sequi
2699 4246 2898 4300 debent
2959 4261 3158 4300 morem
3208 4263 3360 4303 novae

1823 4336 2025 4399 Romae,
2078 4335 2330 4388 nimirum
2385 4332 2896 4402 Constantinopolis,
2926 4345 2975 4389 et
3027 4352 3180 4390 saera
3213 4339 3358 4393 cele-

1826 4429 1981 4481 brare
2029 4426 2178 4495 juxta
2235 4424 2550 4478 traditiones
2605 4439 2918 4491 magnorum
2968 4426 3247 4480 doctorum
3302 4436 3357 4482 et

1825 4520 2168 4573 luminat-ium
2223 4517 2459 4585 pietatis,
2507 4517 2680 4568 sancti
2724 4515 2943 4571 Joannis
2987 4517 3356 4588 Clirysostomi

1823 4619 1876 4665 et
1926 4610 2100 4664 sancti
2131 4608 2332 4661 Basilii.
2363 4605 2454 4658 Ait
2485 4607 2625 4659 enim
2679 4607 2739 4660 41
2793 4615 2973 4673 caput,
3008 4623 3024 4661 ι
3064 4608 3144 4661 tit.
3177 4608 3211 4660 9.
3257 4608 3351 4663 lib.

1823 4697 2128 4750 Basilieon:
2165 4695 2237 4747 De
2284 4693 2478 4761 quibus
2514 4693 2711 4760 scripta
2747 4694 2826 4747 lex
2855 4709 2961 4747 non
2989 4705 3089 4761 est,
3131 4712 3354 4763 mortem,

1823 4803 1931 4856 quo
1959 4785 2128 4840 Roma
2157 4786 2346 4846 utitur,
2375 4785 2573 4837 servari
2609 4792 2838 4851 oportet.

187 4870 282 4922 τοῦ
311 4869 693 4938 Χρυσοστόμου
716 4869 807 4920 καὶ
831 4867 922 4920 τοῦ
970 4869 1121 4935 ἁγίου
1148 4869 1442 4921 Βασιλείου.
1473 4871 1607 4939 Φησὶ
1635 4875 1741 4945 γὰρ
1768 4877 1827 4928 τὸ
1866 4862 2267 4943 μα”κεφάλαιον
2296 4871 2386 4922 τοῦ
2436 4877 2484 4922 α’
2512 4871 2688 4923 τίτλου
2758 4872 2849 4923 τοῦ
2907 4872 2951 4940 β’
2994 4872 3192 4942 βιϐλίου
3242 4876 3354 4931 τῶν

186 4961 506 5018 Βασιλικῶν·
567 4961 698 5030 Περὶ
757 4953 830 5012 ὧν
891 4959 1159 5029 ἔγγραφος
1205 4962 1264 5012 οὐ
1302 4965 1474 5014 κεῖται
1533 4963 1711 5032 νόμος,
1744 4967 2180 5037 παραφυλάττειν
2206 4964 2360 5016 δεῖτὸ
2382 4962 2522 5025 ἔθος,
2545 4956 2641 5032 ᾦή
2672 4963 2856 5031 Ῥώμη
2889 4964 3162 5034 κέχρηται.

269 5050 581 5119 Ἐρώτησις
613 5048 694 5112 β’.
744 5050 928 5102 Βιϐλία
974 5049 1201 5117 διάφορα
1260 5050 1599 5118 εὑρίσκονται
1634 5051 1715 5112 είς

187 5140 285 5200 τὰς
332 5139 652 5200 ἀνατολικὰς
701 5140 794 5193 καὶ
845 5140 1050 5200 νοτίους
1103 5139 1318 5207 χώρας·
1371 5141 1466 5192 καὶ⁸
1505 5141 1571 5194 τά
1622 5142 1720 5208 μὲν

191 5228 538 5294 ὀνομάζονται
572 5228 909 5280 Διδασκαλίαι
946 5228 1054 5280 τῶν
1083 5230 1250 5294 ἁγίων
1298 5229 1625 5292 ἀποστόλων,
1652 5230 1720 5281 τά

190 5319 266 5380 δὲ,
305 5317 545 5384 Ὀράσεις
574 5317 666 5368 τοῦ
695 5318 848 5382 ἁγίου
881 5317 1107 5370 Παύλου.
1143 5319 1356 5384 Ἐρωτῶ
1384 5319 1473 5370 οῦν
1503 5321 1549 5370 εί
1569 5320 1719 5385 ὀφεί-

193 5409 350 5475 λομεν
382 5405 762 5472 ἀναγινώσκειν
793 5405 967 5465 αὑτάς

1900 5052 2068 5106 Inter.
2118 5051 2174 5104 2.
2219 5049 2365 5103 Varii
2421 5051 2763 5118 reperiuntur
2828 5051 2970 5113 libri,
3018 5053 3071 5105 in
3118 5055 3347 5110 orienta-

1825 5143 1969 5196 libus
1999 5152 2052 5195 et
2086 5140 2530 5194 meridionalibus
2553 5139 2866 5209 regionibus
2904 5159 2918 5194 :
2955 5149 3007 5195 et
3044 5143 3132 5196 alii
3175 5147 3352 5200 nomi-

1825 5241 2024 5284 nantur
2075 5231 2342 5298 Praecepta
2394 5237 2706 5284 sanctorum
2758 5231 3118 5298 apostolorum
3179 5251 3192 5288 :
3237 5237 3350 5302 alii,

1827 5318 2076 5373 Visiones
2117 5320 2288 5373 sancti
2326 5319 2498 5372 Pauli.
2544 5319 2737 5384 Quaero
2769 5335 2837 5375 an
2872 5321 2925 5375 hi
2961 5322 3115 5378 nobis
3146 5325 3352 5394 legendi

1821 5409 1972 5462 sint?

1425 5561 1654 5616 VARle
1708 5560 2105 5616 LECTIONES.

266 5653 661 5718 iconqlutinati.
742 5651 754 5701 i
803 5668 1003 5707 sacram
1048 5653 1429 5707 caremoniam.
1508 5654 1720 5709 IIsacra:

1819 5654 2066 5709 rimoniw.
2139 5651 2555 5721 ltn'azceptionu.
