3914 6332
614 344 721 408 955

624 559 780 613 Jesus
806 555 1056 610 Christus
1077 552 1130 606 in
1159 550 1462 620 Evangeliis
1506 551 1668 611 dicat,
1702 550 1882 604 Videte
1908 565 1972 603 ne
2011 550 2157 603 deci..

624 646 842 717 piamini
870 662 887 699 :
926 643 1078 697 multi
1124 644 1265 697 enim
1300 642 1515 695 venient
1544 642 1597 694 in
1630 641 1849 694 nomine
1895 656 2035 704 meo,
2068 640 2155 694 di-

624 749 826 801 centes,
867 734 1003 801 Quia
1028 749 1126 804 ego
1160 748 1299 795 sum,
1341 740 1394 786 et
1428 741 1637 800 tempus
1668 732 2112 801 appropinquavit
2142 748 2155 784 :

623 828 1035 897 pronuntiamus
1086 832 1139 878 et
1195 838 1316 888 nos,
1376 823 1466 877 Dei
1504 824 1795 877 Ecclesiam
1845 838 2004 877 nosse
2038 832 2077 861 ιι
2107 831 2160 877 et

630 915 874 970 conﬁteri
922 913 1214 982 apostolica
1239 920 1521 981 prmcepta,
1570 923 1621 965 et
1658 912 1924 977 visiones,
1974 920 2025 966 et
2081 912 2161 965 di-

627 1007 854 1073 sciplina
878 1014 905 1043 ιι
939 1004 1222 1065 librorum,
1265 1016 1383 1068 quae
1412 1002 1479 1053 85
1511 1002 1802 1068 apostolico
1828 1017 2034 1055 canone
2064 1003 2159 1055 dc-

624 1097 918 1157 clarantur,
945 1101 998 1147 et
1020 1091 1112 1145 Dei
1136 1106 1438 1159 praeconum
1465 1105 1621 1144 voces
1655 1091 1720 1144 iis
1755 1106 1875 1145 esse
1900 1092 2154 1146 creditas.

623 1184 821 1237 Praeter
850 1183 949 1238 hos
987 1183 1147 1235 alium
1183 1182 1385 1233 nullum
1420 1182 1567 1235 novit
1604 1182 1953 1248 apostolicum
2007 1195 2154 1233 com-

626 1275 944 1328 mentarium
974 1280 1015 1325 ⁸.
1046 1271 1445 1326 Observandum
1477 1270 1654 1338 igitur,
1700 1278 1758 1322 ut
1793 1269 1859 1322 ab
1892 1270 2155 1323 hrereticis

624 1367 746 1417 ﬁcta
785 1376 1096 1417 aversemur
1126 1360 1425 1415 mendacia.
1467 1361 1755 1414 Absintliio
1808 1362 1950 1413 enim
2004 1375 2155 1412 ama—

622 1456 789 1518 riora,
821 1454 945 1507 licet
969 1468 1063 1522 per
1112 1452 1389 1507 nominum
1444 1462 1756 1505 sanctorum
1792 1450 2151 1517 apostolorum

620 1540 1024 1609 inscriptionem
1052 1539 1308 1593 mellitam
1338 1536 1572 1592 referant
1618 1540 1937 1606 placentam.

691 1716 853 1771 Inter.
886 1717 939 1769 5.
973 1715 1259 1782 Sexaginta
1310 1714 1659 1767 Basilicarum
1718 1713 1895 1779 capita
1935 1713 1998 1765 ad
2055 1728 2151 1765 no-
2218 1753 2230 1761 .

620 1819 760 1861 stras
789 1807 1035 1873 regiones
1063 1820 1167 1857 non
1199 1812 1553 1872 pervenerunt
1582 1821 1594 1856 :
1631 1803 1854 1871 ideoque
1895 1813 2152 1871 quantum

621 1898 685 1950 ad
726 1912 785 1948 ea
819 1898 1070 1964 pertinet,
1108 1895 1160 1947 in
1196 1894 1433 1947 tenebris
1480 1907 1779 1945 versamur.
1830 1892 2152 1957 Quaerimus,

621 2002 685 2039 an
723 1988 790 2039 ob
816 2001 929 2039 eam
952 2001 1061 2039 rem
1100 1985 1432 2038 damnemur.

691 2076 808 2128 Res.
830 2074 1173 2139 Qumcunque
1207 2074 1284 2125 lex
1310 2073 1408 2135 ait,
1442 2072 1507 2125 iis
1552 2073 1623 2125 ait
1668 2073 1757 2141 qui
1790 2074 1840 2125 in
1868 2074 1979 2141 lege
2007 2087 2149 2139 sunt,

619 2167 910 2219 secundum
934 2176 1182 2228 magnum
1214 2162 1547 2229 Apostolum.
1572 2162 1672 2227 Qui
1708 2163 1870 2231 igitur
1900 2165 1969 2216 ob
1989 2165 2149 2219 vitam

620 2257 920 2323 gloriantur
966 2253 1343 2313 orthodoxam,
1381 2253 1494 2305 sive
1525 2267 1588 2305 cx
1632 2253 1836 2307 oriente
1876 2257 2005 2316 sint,
2041 2256 2152 2309 sive

617 2360 682 2398 ex
726 2342 1210 2395 Alexandrinorum
1253 2342 1426 2409 plaga,
1467 2341 1583 2394 sive
1629 2342 1865 2406 aliunde,
1922 2343 2147 2397 Romani

617 2436 891 2494 dicuntur,
927 2440 979 2483 et
1008 2429 1303 2484 secundum
1338 2430 1479 2499 leges
1505 2429 1686 2483 vivere
1714 2441 1999 2499 coguntur.
2032 2432 2148 2486 Non

617 2525 987 2591 astringuntur
1023 2530 1201 2573 tamen
1224 2520 1357 2589 lege.
1385 2536 1503 2588 quae
1532 2521 1626 2583 ait,
1658 2520 1773 2575 Non
1798 2532 2005 2591 Oportet
2042 2528 2149 2577 lto-

618 2628 833 2667 manum
889 2612 1062 2663 virum
1116 2610 1257 2678 leges
1296 2609 1564 2677 ignorare.
1622 2612 1660 2663 li
1711 2613 1851 2664 enim
1893 2613 2015 2675 soli,
2060 2616 2148 2680 qui

621 2701 867 2755 habitant
893 2700 1139 2760 Romam,
1174 2698 1373 2767 regiam
1425 2700 1671 2754 videlicet
1707 2700 1999 2763 civitatem,
2032 2718 2151 2770 qua:

616 2788 884 2842 similibus
905 2795 987 2841 est
1006 2789 1210 2841 munita
1246 2788 1679 2855 prapugnaculis,
1703 2798 1755 2842 et
1776 2790 1959 2842 multis
1980 2791 2151 2843 abun-

620 2882 712 2933 dat
762 2879 1114 2947 jurisperitis,
1146 2878 1339 2931 horum
1384 2876 1575 2930 ferreis
1622 2886 1873 2931 tenentur
1926 2880 2147 2945 pedicis.

616 2970 847 3038 Ideoque
878 2968 923 3021 si
965 2966 1020 3021 lii
1056 2967 1224 3034 legem
1265 2965 1519 3032 ignorare
1547 2980 1606 3019 se
1649 2965 1897 3033 allegent,
1938 2970 2147 3020 veniam

1845 339 2115 403 THEOD.
2156 339 2640 400 BALSAMONiS

699 466 819 520 Res.
852 462 987 519 Cum
1034 460 1293 516 Dominus
1327 465 1383 515 et
1409 456 1551 515 Dcus
1581 464 1633 514 et
1669 456 1927 512 Servator
1974 468 2159 512 noster
2187 466 2232 523 Α

3751 344 3847 406 ρει

2341 461 2469 515 Ἀπ’.
2515 460 2618 512 Τοῦ
2666 459 2867 529 Κυρίου
2902 461 2991 510 καὶ
3033 459 3165 513 Θεοῦ
3216 460 3308 511 καὶ
3358 462 3630 528 Σωτῆρος
3689 465 3842 529 ἡμῶν

2272 551 2441 620 Ἰησοῦ
2471 550 2703 621 Χριστοῦ
2724 553 2779 602 ὲν
2800 551 3147 616 Εὑαγγελίοις
3179 550 3439 610 εἰπόντος·
3470 552 3742 601 Βλέπετε
3774 558 3838 620 μὴ

2259 641 2559 710 πλανηθῆτε
2588 658 2601 672 ο
2642 641 2825 692 πολλοὶ
2868 640 2974 708 γὰρ
3024 640 3324 689 ἐλεύσονται
3356 640 3447 689 ἐπὶ
3480 640 3565 706 τῷ
3602 642 3835 708 ὀνόματί

2262 748 2383 799 μου,
2416 734 2683 798 λέγοντες,
2721 733 2839 783 Ὀτι
2874 730 2981 796 ὲγώ
3007 732 3139 797 είμι,
3183 733 3272 781 καὶ
3299 736 3327 783 ὁ
3353 735 3544 798 καιρὸς
3588 735 3833 801 ἦγγεκε⁴

2258 822 2603 891 ψηφιζόμεθα
2625 822 2715 872 καί⁵
2742 822 2921 889 ἡμεῖς,
2942 822 3019 870 ὅτι
3051 822 3409 881 ἀποστολικάς
3438 823 3829 883 δ.δασκαλῐα;,

2260 915 2353 966 καὶ
2380 914 2616 981 ὁράσεις,
2660 912 2752 963 καὶ
2777 911 3005 972 διδάξεις
3035 912 3065 978 ἡ
3094 910 3185 962 τοῦ
3218 911 3352 962 Θεοῦ
3394 910 3718 979 Ἐκκλησία
3752 931 3825 977 γι.

2258 1002 2453 1055 νὼσκει
2484 1003 2577 1053 καὶ
2606 1001 2855 1067 ὁμολογεῖ
2875 1000 2942 1051 τὰ
2965 1003 3019 1050 ἐν
3040 999 3114 1067 τῷ
3146 1005 3229 1049 πε¹
3256 1000 3601 1069 ἀποστολικῷ
3641 1003 3827 1052 κανόεέι

2256 1092 2552 1159 δηλούμενα
2586 1088 2780 1159 βιϐλία,
2834 1091 2925 1140 καὶ
2971 1089 3327 1155 πιστευόμενα
3366 1086 3503 1140 εἶναι
3550 1090 3673 1140 τῶν
3714 1090 3828 1139 θεε-

2259 1181 2509 1251 κηρύκων
2537 1180 2746 1245 φωνάς·
2774 1180 3029 1246 ἐτερονδέ
3062 1196 3114 1230 τι
3155 1181 3303 1248 παρὰ
3341 1179 3507 1231 ταῦτα
3543 1182 3657 1231 οὐκ
3690 1176 3826 1233 οἶδεν

2256 1271 2604 1323 ἀποστολικδν
2661 1271 3010 1338 σύγγραμμα.
3061 1270 3480 1337 Παρατηρητέον
3525 1267 3631 1321 οὖν
3690 1272 3835 1335 vitae,

2261 1358 2582 1428 στρέφεσθαι
2632 1358 2697 1408 τὰ
2745 1357 3100 1425 πεπλασμένα
3162 1356 3311 1424 παρὰ
3358 1355 3466 1407 τῶν
3515 1357 3825 1425 αἱρετικῶί

2258 1449 2643 1516 σχεδιάσματα.
2707 1446 2975 1514 Ἀψινθίτιυ
3024 1447 3127 1514 γὰρ
3182 1430 3479 1515 πικρότερα
3532 1450 3674 1508 εἰσι,
3728 1448 3822 1497 κᾶν

2259 1536 2604 1604 μελιτοῦτταν
2634 1536 2718 1588 διὰ
2748 1538 2843 1604 τῆς
2888 1536 3197 1603 ἐπιγραφῆς
3248 1535 3351 1585 τῶν
3389 1538 3688 1604 ὀνομάτων
3720 1538 3822 1587 τῶν

2256 1626 2425 1691 ἁγίων
2460 1626 2768 1678 ἀποστόλων
2804 1625 3221 1693 ὑποκρίνωνταε.

2340 1716 2649 1781 Ἐρώτησις
2691 1722 2759 1783 γ’.
2799 1716 2877 1766 Τὰ
2907 1715 3164 1782 ἑξήκοντα
3205 1713 3470 1778 κεφάλαια
3506 1713 3623 1763 τῶν
3663 1714 3824 1765 Βασι-

2256 1804 2420 1856 λικῶν
2446 1808 2505 1856 οὐ
2529 1806 2835 1873 διεδόθησαν
2870 1806 2946 1865 είς
2980 1806 3074 1864 τὰς
3098 1803 3276 1871 χώρας
3303 1805 3458 1869 ἡμῶν
3484 1819 3497 1830 θ
3535 1804 3632 1855 διὰ
3666 1804 3820 1856 τοῦῑο

2258 1895 2683 1966 νυκτοϐατοῦμεν
2711 1896 2831 1947 ὅσον
2855 1894 2913 1944 τὸ
2949 1896 3026 1955 εἰς
3073 1894 3228 1944 αὑτά.
3273 1894 3558 1958 Ζητοῦμεν
3586 1890 3688 1945 οὖν
3717 1912 3819 1963 μα-

2257 1986 2387 2046 θεῖν,
2417 1987 2462 2036 εί
2494 1985 2738 2037 ἐντεῦθεν
2766 1984 3225 2050 κατακρινὸμεοα.

2336 2078 2451 2129 Ἇπ.
2487 2076 2627 2129 Ὅσα
2652 2078 2678 2128 ό
2705 2076 2865 2140 νόμος
2903 2074 3070 2136 λαλεῖ,
3114 2076 3222 2134 τοῖς
3256 2076 3311 2125 ἐν
3340 2074 3413 2142 τῷ
3442 2075 3603 2143 νόμῳ
3648 2077 3817 2142 λέγει,

2253 2165 2391 2217 κατὰ
2422 2164 2511 2215 τὸν
2537 2164 2706 2232 μέγαν
2755 2162 3091 2213 Ἀπόστολον.
3126 2162 3186 2212 Οἱ
3218 2160 3345 2227 γοῦν
3367 2160 3674 2229 αὐχοῦντες
3705 2163 3816 2231 βίον

2253 2255 2560 2323 ὀρθόδοξον,
2611 2252 2711 2303 κᾶν
2741 2251 2799 2314 ἐξ
2838 2250 3110 2304 ἀνατολῶν
3143 2246 3267 2312 ὦσι,
3317 2249 3415 2302 κᾶν
3444 2251 3506 2313 ἐξ
3560 2250 3817 2315 ’Λλεξαν-

2255 2343 2442 2411 δρέων,
2478 2342 2578 2394 κᾶν
2609 2341 2889 2409 ἑτέρωθεν,
2937 2340 3193 2407 Ῥωμαῖοι
3240 2341 3507 2407 λέγονται,
3539 2345 3641 2392 καὶ
3675 2344 3814 2394 κατὰ

2255 2435 2441 2500 νόμους
2477 2430 2865 2497 ἀναγκάζονται
2902 2428 3312 2480 πολιτεύεσθαι·
3360 2430 3434 2499 τῷ
3463 2431 3620 2500 νόμῳ
3652 2433 3711 2483 δὲ
3743 2433 3812 2499 τῷ

2254 2524 2528 2590 φάσκοντι,
2555 2523 2626 2572 Οὐ
2662 2521 2739 2571 δεῖ
2775 2519 3039 2588 Ῥωμαῖον
3073 2519 3239 2587 ἄνδρα
3284 2521 3443 2587 νόμον
3471 2524 3720 2587 ἀγνοεῖν.
3755 2525 3807 2573 οὶ

2254 2613 2659 2678 συσφίγγον-ται.
2703 2612 2867 2663 Μόνοι
2909 2610 3012 2677 γὰρ
3046 2611 3093 2660 οί
3126 2610 3506 2672 κατοικοῦντες
3534 2612 3640 2680 τὴν
3680 2614 3809 2665 Ῥώ-

2255 2721 2380 2771 μην,
2415 2703 2509 2769 τὴν
2542 2700 2783 2769 βασιλίδα
2819 2700 3056 2767 δηλονότι
3104 2698 3211 2751 τῶν
3258 2702 3480 2768 πόλεως),
3524 2704 3627 2769 τὴν
3679 2720 3808 2754 κατ-

2252 2789 2658 2856 τοσιᾷαὶὶισμένην
2676 2786 2877 2853 ὁμοίοις
2901 2784 3249 2853 πυργώμασι,
3272 2786 3362 2837 καὶ
3389 2787 3617 2849 πολλοὺς
3650 2788 3807 2843 πλω-

2250 2878 2445 2930 τοῦσαν
2496 2876 2841 2944 νομομαθεῑς,
2888 2878 3005 2936 ταῖς
3050 2878 3113 2925 ὲκ
3162 2876 3367 2928 τούτων
3423 2878 3805 2946 σιδτιροπέδαις

2250 2967 2586 3035 κατέχονται.
2620 2966 2707 3019 Διὸ
2736 2960 2882 3018 οὗτοι
2917 2967 3012 3033 μὲν
3040 2968 3301 3037 ἀγνοῆσαι
3328 2969 3487 3037 νόμον
3532 2971 3803 3023 διενιστα-

622 3075 731 3113 non
776 3064 1199 3125 consequuntur,
1251 3054 1363 3107 sive
1420 3054 1698 3109 manuales
1746 3054 1855 3108 sint
1890 3059 2146 3124 operarii,

2259 3073 2421 3125 μενοι,
2469 3057 2527 3107 οὐ
2580 3053 3070 3121 συγγινώσκονται·
3126 3057 3226 3109 κᾶν
3270 3060 3659 3127 χειρωνάκται,
3710 3063 3800 3113 κᾶλ

622 3152 734 3203 sive
756 3146 1173 3201 eircuml‘oranei
1198 3145 1308 3199 sint
1353 3144 1541 3213 aliqui,
1574 3152 1628 3199 et
1657 3144 1954 3199 litterarum
1980 3149 2147 3216 impe-

620 3236 709 3289 riti
744 3253 758 3287 :
790 3245 845 3287 ut
870 3234 961 3301 qui
1007 3234 1215 3301 possint
1254 3247 1282 3284 a
1314 3233 1427 3286 suis
1466 3234 1673 3290 civibus
1713 3236 1888 3304 legum
1940 3237 2147 3291 discere

618 3337 881 3378 tenorem.
914 3320 1015 3384 Qui
1053 3329 1231 3373 autem
1284 3328 1433 3372 extra
1474 3318 1697 3374 Romam
1758 3331 1941 3390 agunt,
1998 3339 2142 3391 agre-

622 3421 731 3467 stes
759 3421 783 3459 P
817 3409 1045 3473 scilicet,
1083 3418 1137 3462 et
1164 3408 1375 3475 reliqui,
1407 3408 1680 3477 multoque
1710 3413 1878 3479 magis
1913 3412 2143 3465 Alexan-

620 3501 785 3563 drini,
816 3500 985 3567 legem
1005 3497 1214 3552 civilem
1247 3497 1577 3565 ignorantes,
1613 3500 1822 3552 veniam
1853 3508 2141 3555 merentur.

620 3588 823 3641 Donum
855 3599 983 3653 ergo
1046 3591 1151 3648 est,
1210 3592 1271 3637 ut
1325 3584 1380 3637 hi
1438 3599 1652 3654 quoque
1684 3586 2036 3656 interrogent,
2095 3597 2149 3643 et

621 3677 856 3745 legitima
883 3680 1145 3742 precepts
1171 3672 1401 3726 discant.
1437 3672 1590 3737 Quod
1624 3676 1670 3729 si
1699 3686 1778 3730 est
1802 3675 2033 3737 dilIicile,
2060 3694 2148 3731 ve-

618 3770 762 3820 niam
800 3773 925 3817 sunt
948 3762 1308 3817 consecuturi.

690 3853 859 3906 Inter.
897 3853 952 3903 4.
985 3852 1066 3903 An
1096 3858 1249 3903 extra
1291 3849 1610 3917 periculum,
1654 3856 1875 3915 sacrati,
1916 3856 2145 3921 itemque

620 3944 741 3996 laici
792 3939 961 3993 lenori
989 3938 1117 3992 dent
1141 3937 1441 4005 pecuniam,
1476 3952 1545 3990 an
1579 3942 1756 4007 potius
1778 3942 1846 3993 sit
1874 3942 1939 3993 iis
1956 3943 2146 3995 exitio-

618 4031 781 4089 sum?

692 4119 809 4173 Res.
840 4116 1071 4171 Mosaica
1106 4114 1319 4183 quidem
1342 4115 1449 4179 lex,
1478 4113 1593 4168 Non
1637 4116 1924 4183 fenerabis,
1949 4118 2142 4187 inquit,

620 4218 902 4275 argentum
950 4215 1101 4258 tuum
1147 4204 1300 4257 fratri
1331 4210 1422 4256 tuo
1457 4220 1471 4255 :
1501 4204 1675 4259 civilis
1694 4218 1869 4259 autem
1905 4211 2146 4276 agnoscit

620 4310 813 4352 usuras
838 4292 1161 4347 centesimas
1190 4299 1242 4344 et
1290 4290 1528 4345 trientes.
1564 4291 1756 4346 Definit
1788 4297 1930 4347 enim
1968 4306 2025 4347 ut
2060 4311 2145 4350 se-

2254 3146 2482 3216 ἀγύρται
2510 3145 2649 3206 τινὲς
2673 3138 2792 3204 ὦσι.
2839 3147 2930 3197 καὶ
2958 3146 3298 3215 γραμμάτων
3329 3148 3546 3216 ἀνήκοοι
3567 3163 3579 3177 ·
3609 3152 3688 3211 ὼς
3716 3152 3801 3201 δυ-

2254 3234 2469 3301 νάμενοι
2496 3235 2561 3285 τὰ
2595 3232 2699 3283 τῶν
2730 3233 2907 3299 νόμων
2950 3232 3137 3298 μαθεῖν
3165 3234 3271 3287 ἀπὸ
3292 3234 3398 3286 τῶν
3427 3238 3798 3298 συγκατοίκων

2253 3322 2447 3374 αὐτῶν.
2494 3321 2556 3371 Ol
2600 3320 2653 3372 δὲ
2687 3319 2789 3381 ἔξω
2818 3320 2917 3386 τῆς
2966 3319 3178 3387 Ῥώμης
3223 3321 3520 3386 διάγοντες,
3570 3326 3797 3389 ἀγρόται

2252 3410 2508 3477 δηλονότι,
2542 3408 2635 3461 καὶ
2678 3408 2875 3469 λοιποὶ,
2922 3408 3096 3476 πολλῷ
3125 3408 3179 3461 δὲ
3205 3409 3364 3463 πλέον
3412 3411 3794 3481 ’Δ).εξα·ιδρείς,

2254 3502 2412 3567 νόμον
2444 3498 2714 3549 πολιτικὸν
2731 3497 3089 3562 ἀγνοήσαντες
3115 3498 3592 3565 συγγινώσκονται.
3623 3503 3795 3554 Καλὸν

2254 3592 2379 3659 γοῦν
2426 3594 2538 3642 ἐστι
2588 3589 2679 3641 καί⁵
2715 3587 2933 3650 τούτους
2962 3589 3188 3655 ερωτᾷν,
3239 3590 3333 3641 καὶ
3398 3592 3693 3655 μανθάνειν
3735 3594 3794 3644 τά

2255 3680 2450 3748 νομικὰ
2483 3675 2910 3746 παραγγέλματα
2932 3688 2947 3703 ⁸
2980 3674 3101 3726 εἰδὲ
3128 3675 3380 3746 δυσχερές
3403 3674 3536 3740 ἐστι,
3560 3680 3793 3746 συγγνώο

2257 3788 2359 3838 μης
2398 3769 2811 3835 ἀξιωθήσονται.

2324 3859 2648 3927 ,Ἐρώτησις
2674 3856 2741 3907 δ’.
2788 3857 3086 3909 ’Δκίνδυνόν
3137 3859 3251 3907 ἐστι
3302 3860 3412 3917 τοῖς
3460 3857 3786 3923 ἱερωμένοις,

2254 3950 2340 4002 ναὶ
2383 3948 2564 4015 μέντοι
2600 3947 2690 3998 καὶ
2720 3946 2831 4008 τοῖς
2877 3945 3103 4008 λαῖκοῖς,
3130 3945 3222 3996 ἐπὶ
3270 3944 3413 4012 τόκῳ
3450 3945 3728 4008 δανείζειν,
3758 3948 3785 3998 ἢ

2254 4037 2451 4107 μᾶλλον
2483 4034 2721 4104 ὀλέθριον
2741 4050 2756 4099 ;

2335 4124 2452 4175 Ἀπ.
2501 4121 2559 4171 '0
2596 4120 2691 4187 μὲν
2754 4122 3042 4183 Μωσαῖκὸς
3080 4120 3276 4189 νόμος,
3328 4120 3439 4170 Οὐκ
3496 4122 3776 4183 ὲκτοκιείς,

2255 4210 2406 4279 φησὶ,
2434 4210 2493 4259 τὸ
2539 4208 2797 4278 ἀργύριόν
2845 4227 2933 4263 σου
2961 4210 3035 4279 τῷ
3068 4209 3278 4277 ἀδελφῷ
3328 4226 3415 4260 σου
3451 4226 3465 4239 ·
3498 4213 3525 4261 ό
3547 4210 3601 4261 δὲ
3638 4211 3776 4261 πολι-

2252 4299 2398 4359 τικὸς
2445 4297 2790 4363 ἐπιγινώσκει
2839 4297 3029 4358 τόκους
3088 4296 3510 4358 ἑκατοστιαίους,
3566 4298 3653 4351 καὶ
3683 4299 3777 4348 ἀπὸ

621 4394 836 4437 natores
874 4380 1139 4446 accipiant
1170 4393 1361 4432 usuras
1393 4380 1636 4440 trientes,
1669 4382 1921 4434 nimirum
1953 4385 2006 4436 in
2037 4383 2148 4437 sin-

2259 4389 2435 4457 τρίτης
2489 4388 2801 4451 ἑκατοστῆς.
2857 4386 3154 4455 Διορίζεται
3208 4388 3312 4453 γὰρ
3340 4386 3464 4446 τοὺς
3500 4388 3774 4455 συγκλητι-

617 4483 772 4543 gutas
802 4473 967 4524 libras
1002 4480 1249 4522 nummos
1286 4476 1540 4536 quatuor.
1579 4468 1946 4538 Negotiatores
1971 4480 2145 4524 autem

622 4564 870 4631 vulgares
886 4570 935 4624 ιι,
962 4567 1015 4611 et
1044 4567 1286 4619 ceteros,
1323 4556 1599 4609 dimidiam
1630 4560 1960 4626 centesimae,
1992 4562 2150 4613 nimi-

619 4666 739 4704 rum
772 4650 825 4701 in
852 4647 1088 4716 singulas
1118 4646 1279 4699 libras
1311 4660 1559 4700 nummos
1595 4661 1709 4700 sex.
1741 4646 1847 4701 Eos
1878 4663 2025 4710 vero,
2057 4650 2147 4717 qui

622 4739 950 4790 maritimum
1000 4735 1155 4788 fenus
1180 4734 1505 4787 contrahunt
1547 4743 1589 4799 τ,
1617 4750 1718 4802 pro
1745 4734 1973 4804 singulis
1998 4736 2149 4789 libris

620 4840 869 4881 nummos
904 4824 1206 4877 duodecim.
1266 4822 1507 4886 Quonam
1552 4832 1726 4876 autem
1780 4825 1936 4878 modo
1972 4834 2147 4879 cente-

618 4917 769 4969 simae
804 4922 1061 4968 vocentur
1090 4926 1283 4975 usurae,
1338 4926 1459 4965 cnm
1524 4913 1673 4965 libra:
1723 4913 1993 4981 quantitas
2040 4929 2145 4966 non

623 5002 898 5071 perveniat
929 5000 993 5053 ad
1026 4999 1225 5055 solidos
1282 5009 1519 5065 centum,
1552 5002 1644 5055 sed
1699 5002 1766 5055 ad
1815 5002 2149 5071 septuaginta

619 5096 792 5149 duos:
822 5106 927 5144 non
958 5097 1042 5144 est
1074 5089 1284 5143 dicendi
1312 5098 1540 5155 tempus,
1572 5108 1637 5145 ne
1664 5108 1799 5159 opus
1838 5092 1925 5144 ﬁat
1958 5104 2149 5161 praeter

622 5196 781 5250 opus.
816 5180 881 5234 Et
911 5181 1018 5235 haec
1040 5180 1256 5248 quidem
1280 5180 1345 5233 de
1394 5181 1567 5235 laicis.
1610 5183 1849 5235 Sacratis
1896 5198 2024 5235 vero
2073 5184 2149 5235 fe-

622 5273 900 5327 neratione
928 5284 1147 5340 prorsus
1198 5268 1538 5327 interdictum
1583 5280 1685 5327 est.
1718 5273 1806 5326 Ait
1856 5272 2001 5325 enim
2036 5276 2148 5325 haec.

2244 4478 2367 4537 κους
2395 4475 2685 4544 λαμϐάνειν
2715 4475 2901 4537 τόκους
2931 4477 3034 4527 ἀπὸ
3058 4476 3243 4544 τρίτης
3277 4477 3569 4540 ἑκατοστῆς
3587 4491 3599 4502 ’
3625 4477 3772 4544 ῆγουν

2244 4564 2326 4631 ἐφ’
2360 4565 2559 4633 ἑκάστῃ
2608 4564 2765 4634 λίτρα
2815 4565 3120 4633 νομίσματα
3151 4564 3212 4616 δ’.
3262 4566 3396 4625 Τοὺς
3450 4564 3770 4625 κοινολαῖτας

2245 4651 2682 4718 πραγματευτὰς,
2708 4651 2800 4702 καὶ
2816 4650 3051 4716 λοιποὺς,
3066 4650 3571 4719 ὴμιεκατοστιαίους
3590 4666 3600 4675 ·
3622 4652 3768 4719 ἤγουν

2245 4738 2328 4805 ἐφ’
2384 4740 2585 4809 ἑκάστῃ
2629 4740 2786 4811 λίτρᾳ
2839 4740 3144 4809 νομίσματα
3174 4739 3249 4804 ς’.
3296 4743 3429 4802 Τοὺς
3462 4742 3518 4795 δὲ
3550 4742 3762 4802 διδόντας

2245 4826 2546 4877 διαπόντιον
2574 4828 2801 4889 δάνειον,
2830 4828 2970 4897 ὑπὲρ
3012 4830 3243 4898 ἑκάστης
3272 4828 3457 4894 λίτρας
3483 4829 3765 4897 νομίσματα

2250 4915 2333 4983 ιβ’.
2368 4916 2551 4977 Ὅπως
2591 4916 2646 4967 δὲ
2677 4916 2961 4969 καλοῦνται
2991 4919 3038 4969 oi
3066 4918 3213 4970 τόκοι
3263 4919 3639 4982 ἑκατοστιαῖοι,
3684 4920 3767 4986 τῆς

2248 5008 2433 5076 λίτρας
2487 5008 2561 5078 μὴ
2605 5010 3055 5079 συμποσουμὲνης
3106 5013 3184 5073 είς
3237 5014 3542 5080 νομίσματα
3576 5010 3640 5081 ρ’,
3668 5009 3767 5063 ἀλλ’

2249 5098 2325 5158 είς
2357 5094 2452 5161 οβ’,
2482 5097 2666 5165 καιρὸς
2691 5097 2789 5148 οὐκ
2820 5096 2933 5149 ἐστι
2956 5097 3150 5165 λέγειν’
3174 5100 3259 5151 ἴνα
3289 5100 3361 5167 μὴ
3382 5099 3539 5167 ἔργον
3565 5100 3622 5150 τὸ
3648 5102 3766 5165 πάρ-

2251 5200 2408 5252 εργον
2461 5184 2700 5254 γένηται,
2750 5187 2858 5239 Καὶ
2909 5186 3079 5239 ταῦτα
3110 5189 3206 5253 μὲν
3238 5189 3363 5256 περὶ
3401 5188 3619 5239 λαῖκῶν.
3648 5188 3766 5245 Τοὺς

2259 5274 2581 5341 ίερωμένους
2606 5274 2661 5325 δὲ
2682 5274 2913 5338 τοκίζειν
2948 5277 3217 5339 παντελῶς
3245 5278 3629 5347 ἀπηγόρευται.
3651 5278 3766 5344 Φησὶ

1888 5451 1967 5503 VA
1980 5451 2115 5505 RIAS
2156 5448 2554 5504 LECTIONES.

689 5567 727 5594 ω
748 5573 1042 5625 agnoscere.
1142 5567 1170 5597 ³
1202 5561 1481 5615 doctrinas.

615 5626 652 5679 ά
689 5567 1042 5676 m'agnescere.
1142 5567 1170 5597 ³
1202 5566 1481 5615 doctrinas.
1577 5573 1591 5593 ⁰
1621 5566 1886 5633 rcriplum.

656 5642 726 5680 an
750 5664 768 5680 .

656 5643 768 5682 am.

1991 5577 2017 5616 P
2052 5568 2255 5621 rustici.

2364 5564 2591 5618 slaicos.
2701 5567 2830 5634 'qm'
2886 5567 3228 5633 trajecticiam
3302 5565 3567 5633 pecuniam
3610 5579 3767 5621 nmina
