3914 6332
195 377 316 436 957

1018 375 1408 436 RESl‘ONSA
1453 381 1555 439 AD
1587 379 2327 443 lNTERliOGATlONES
2368 383 2630 445 MARtil.

3286 386 3388 452 958

198 515 310 566 γαρ
345 500 371 548 ό
397 494 477 565 μδ¹
501 497 674 548 κανὼν
702 499 807 550 τῶν
835 499 894 568 ἀγ
912 500 1004 550 ίων
1023 501 1328 552 ἀποστόλων
1354 500 1524 553 ταῦτα
1548 502 1746 572 ῥητῶς·

1859 503 2169 555 nominatim
2229 500 2299 554 44
2360 511 2675 557 sanctorum
2730 500 3093 569 apostolorum
3145 514 3316 556 canon
3367 518 3384 558 :

216 587 539 646 ἰὶπίσκοπος
571 587 603 653 ἢ
636 587 1000 655 πρεσϐύτερος
1037 590 1068 656 ἢ
1099 589 1340 650 διάκονος
1369 590 1558 652 τόκους
1590 592 1752 643 ἀπαι-

203 679 316 726 τῶν
341 678 460 737 τοὺς
483 677 904 744 δανειζομένους,
928 680 960 746 ἡ
983 678 1296 741 παυσάσθω,
1316 680 1347 747 ἢ
1370 680 1749 749 καθαιρείσθω.

205 768 250 815 li
265 767 315 814 ai
342 770 368 817 ὁ
403 767 465 827 ιζ’
499 765 674 816 κανὼν
702 768 796 833 τῆς
823 769 981 833 ἁγίας
1018 768 1110 818 καὶ
1139 771 1525 838 οίκουμενικῆς
1551 777 1596 821 α’
1632 787 1754 823 συν-

203 856 325 903 όδου
371 855 536 905 ταῦτα
573 853 852 914 διέξεισιν·
907 856 1117 922 Ἐπειδὴ
1147 858 1328 910 πολλοὶ
1358 860 1414 910 ἐν
1460 860 1535 929 τῷ
1569 864 1750 914 κανόνι

204 942 606 1008 ἐξεταζόμενοι.
659 942 748 1010 τὴν
797 943 1109 1005 πλεονεξίαν
1164 948 1345 998 καὶτὸ
1376 949 1752 1018 αίσχροκερδὲς

202 1028 507 1090 διώκοντες,
557 1030 875 1082 ἐπελάθοντο
901 1031 992 1083 τοῦ
1024 1033 1167 1085 θείου
1193 1036 1537 1104 Γράμματος,
1573 1039 1755 1105 λέγον-

204 1133 323 1177 τος.
359 1119 426 1169 'i")
462 1120 722 1186 ἀργύριον
775 1120 938 1172 αὑτοῦ
971 1122 1068 1172 οὐκ
1118 1123 1312 1176 ἔδωκεν
1342 1127 1433 1175 ἐπὶ
1462 1129 1601 1194 τόκῳ
1623 1145 1635 1157 ο
1665 1131 1755 1180 καὶ

204 1207 540 1269 δανείζοντες
609 1211 904 1270 ἑκατοττάς
968 1211 1305 1277 ἀπαιτοῦσιν,
1367 1216 1752 1286 ἐδικαίωσενή

209 1297 343 1361 ἁγία
376 1300 465 1348 καὶ
511 1299 714 1368 μεγάλη
747 1299 979 1365 σύνοδος,
1011 1301 1085 1363 ὼς
1126 1302 1178 1354 εἴ
1213 1321 1296 1365 τις
1327 1306 1573 1375 εὑρεθείη
1619 1308 1754 1373 μετά

203 1387 302 1437 ’τὸν
327 1387 448 1456 ὅρον
477 1385 660 1440 τοῦτον
690 1389 872 1452 τόκους
895 1390 1183 1452 λαμϐάνων
1211 1394 1274 1446 ὲκ
1299 1399 1752 1466 μεταχειρήσεωζ,

202 1475 238 1543 ἦ
271 1477 439 1538 ἄλλως
496 1480 855 1548 ἐπερχόμενος
906 1482 964 1533 τὸ
999 1484 1245 1553 πρᾶγμα,
1273 1483 1304 1552 ἢ
1333 1484 1578 1553 ⁴ιῄμιολίας
1606 1487 1757 1538 ἀπαι·

203 1568 341 1627 τῶν,
386 1569 630 1636 ἢὲτερόν
675 1588 728 1622 τι
779 1573 1001 1624 ἐπινοῶν
1064 1575 1508 1643 αἰσχροκερδείας
1571 1577 1752 1640 ἕνεκα,

206 1655 661 1725 καθαιρεθήσεται
694 1661 786 1710 τοῦ
820 1661 1040 1730 κλήρου,
1095 1667 1188 1714 καὶ
1226 1663 1496 1732 ἀλλότριος
1535 1665 1624 1718 τοῦ
1656 1683 1752 1717 aa-

206 1742 360 1805 ’τόνος
405 1746 569 1796 ἔσται.
607 1747 683 1798 Τά
733 1749 869 1801 αὑτά
916 1767 1048 1818 φησι
1082 1751 1173 1802 καὶ
1206 1753 1232 1804 ό
1260 1752 1301 1804 δ’
1337 1752 1513 1805 κανὼν
1568 1755 1664 1823 τῆς
1699 1759 1755 1807 εν

205 1834 494 1903 Λεοδικεὶᾳ
524 1838 762 1900 συνόδου,
803 1841 893 1890 καὶ
935 1840 1128 1909 ἕτεροι.

299 1924 611 1989 Ἐρώτησις·
644 1932 704 1978 ε’.
750 1928 1052 1980 ’Δκίνδυνόν
1091 1933 1236 1985 ἐστιν
1268 1930 1562 1998 ἱερατεύειν
1594 1932 1748 2001 ὀρθο-

205 2013 412 2077 δῖξηυς,
444 2017 667 2086 Σύρους,
702 2022 793 2072 καὶ
821 2021 877 2085 ἐξ
917 2021 1231 2088 Ἀρμενίων,
1269 2022 1401 2073 ἀλλὰ
1437 2023 1541 2090 μὴν
1575 2026 1666 2075 καὶ
1691 2025 1748 2088 ἐξ

207 2106 409 2172 ἑτέρων
439 2109 626 2175 χωρῶν
660 2111 810 2171 τινας
844 2111 1086 2173 πιστοὺς,
1125 2112 1264 2165 κατὰ
1293 2111 1388 2180 τὴν
1415 2113 1614 2164 οἰκείαν
1639 2113 1750 2167 διά-

207 2194 429 2248 λεκτονο
463 2197 492 2267 ἢ
539 2200 804 2261 παντοίως
849 2200 1242 2267 ἀναγκάζονται
1284 2201 1422 2270 μετὰ
1456 2201 1749 2273 Ἑλληνίδος

213 2287 506 2352 ἱερατεύειν
535 2289 751 2355 γραφῆς
773 2303 787 2351 ;

297 2373 640 2438 Ἀπόκρισις.
695 2375 749 2426 '0
794 2378 962 2445 μέγας
1008 2377 1300 2450 ἀπόστολος
1354 2379 1560 2440 Παῦλος
1607 2378 1752 2432 Ῥομ

214 2463 391 2528 μαίοις
414 2465 732 2516 ἐπιστέλλων
751 2467 928 2535 φησίν·
953 2463 1029 2519 Ἶί
1066 2467 1327 2521 Ἰουδαίων
1353 2469 1525 2536 μόνων
1547 2471 1572 2521 ὁ
1592 2469 1748 2533 Θεό;;

211 2555 332 2620 aly}.
363 2554 414 2609 δὲ
455 2558 545 2606 καὶ
574 2557 774 2621 ὲθνῶνς
807 2559 895 2610 ναι
942 2558 1034 2608 καὶ
1074 2559 1258 2610 ὲθνῶν.
1295 2559 1356 2610 Oi
1388 2558 1515 2624 γοῦν
1543 2559 1752 2626 ὀρθοδοο

216 2643 429 2712 ξοῦντες
457 2647 512 2696 ὲν
545 2649 694 2711 πᾶσι,
723 2648 820 2699 κᾶν
844 2644 941 2699 ὦσι
964 2649 1055 2714 τῆς
1081 2648 1377 2716 Ἑλληνίδος
1405 2648 1584 2716 φωνῆς
1607 2647 1753 2715 πάμ-

217 2751 325 2784 παν
355 2738 633 2805 ἀμέτοχος,
679 2739 811 2805 μετὰ
840 2739 935 2806 τῆς
990 2740 1120 2800 ιδίας
1154 2738 1427 2790 διαλέκτου
1477 2739 1755 2806 ίερουργή-

217 2842 420 2889 σουσιν,
440 2828 742 2895 ἀντίγραφα
769 2828 976 2896 ἔχοντες
997 2831 1101 2880 τῶν
1129 2829 1369 2897 συνήθων
1399 2828 1564 2894 ἁγίων
1586 2829 1754 2897 εὐχῶν

217 2915 625 2984 ἀπαράλλακτα,
652 2919 725 2980 ὡς
765 2920 1178 2989 μεταγραφέντα
1218 2920 1280 2970 ὲκ
1309 2921 1600 2972 κοντακίων
1627 2919 1755 2975 καλ·

216 3008 656 3075 λιγραφηθέντων
682 3009 768 3067 δᾴ
801 3010 1135 3080 γραμμᾲτων
1169 3009 1511 3078 Ἑλληνικῶν.

303 3100 615 3163 Ἐρώτησις
645 3097 719 3161 ς’.
775 3097 1213 3168 Ἢῤῥαϐωνίσατό
1253 3116 1334 3158 τις
1382 3099 1633 3164 γυναῖκα,
1665 3097 1756 3148 καὶ

219 3189 533 3257 ἐτελεύτησε
582 3190 684 3256 πρὸ
723 3188 815 3239 τοῦ
861 3188 1260 3258 ίερολογηθῆναι
1302 3189 1415 3256 μετ’
1455 3188 1654 3256 αὐτῆς,
1684 3188 1758 3248 ὡς

219 3278 544 3338 νενόμισται,
567 3279 658 3329 καὶ
691 3279 793 3342 πρὸ
818 3277 910 3328 τοῦ
935 3278 1262 3344 συναφθῆναι
1287 3278 1443 3344 αὐτῇ,
1483 3275 1757 3327 ἀκίνδυνόν

223 3371 341 3424 ἐστι
370 3370 567 3435 ταύτην
597 3367 778 3418 λαϐεῖν
807 3367 897 3420 τὸν
932 3366 1118 3419 τούτου
1155 3365 1395 3433 ἀδελφὺν,
1425 3365 1458 3436 ἡ
1494 3364 1587 3428 οῦς

309 3549 431 3602 ἰι-π.
473 3543 544 3596 Τὸ
593 3545 751 3594 καλὸν
789 3545 885 3596 οὐκ
915 3544 1028 3594 ἔστι
1061 3544 1240 3604 καλὸν,
1275 3543 1321 3594 εί
1360 3543 1434 3610 μὴ
1467 3541 1644 3602 καλῶς
1667 3541 1759 3607 γέ-

224 3648 398 3701 νηται.
424 3632 483 3682 Ει
509 3631 635 3697 γοῦν
661 3633 691 3696 ἡ
727 3632 1006 3697 μνηστεία,
1031 3631 1146 3698 ἢτοι
1170 3633 1195 3681 ὁ
1217 3629 1490 3699 ἀρραϐὼν,
1509 3628 1756 3698 ἐτελέσθη

223 3715 364 3766 κατὰ
413 3716 507 3782 τὴν
555 3713 897 3766 ὑποτύπωσιν
937 3715 1031 3782 τῆς
1088 3716 1282 3784 νεαρᾶς
1320 3715 1630 3782 νομοθεσίας
1669 3715 1757 3766 τοῦ

223 3804 466 3871 ἀοιδίμου
509 3803 765 3872 βασιλέως
809 3804 993 3872 κυρίου
1048 3803 1278 3867 Ἀλεξίου
1324 3805 1414 3856 τοῦ
1457 3804 1758 3873 Κομνηνοῦ,

229 3896 368 3961 μετὰ
391 3894 606 3961 τελετῆς
651 3893 755 3943 τῶν
798 3894 1036 3959 συνήθων
1081 3893 1246 3958 ἁγίων
1280 3893 1450 3961 εὐχῶν
1474 3909 1488 3924 ο
1529 3894 1625 3959 τῆς
1663 3909 1759 3959 γυο

224 3985 412 4043 ναικδς
441 3982 603 4049 οῦσης
631 3983 1013 4044 δωδεκαετοῦς,
1043 3981 1135 4035 τοῦ
1165 3983 1220 4034 δὲ
1242 3983 1426 4052 ἀνδρὸς
1458 3983 1547 4036 τὸν
1571 4000 1761 4036 τεσσα-

230 4073 639 4142 ρεσκαιδέκατον
668 4073 851 4141 χρόνον
886 4073 1200 4135 ἀνύσαντος,
1234 4074 1291 4124 si)
1318 4071 1539 4140 λήψεται
1561 4072 1760 4140 ταύτην

226 4164 309 4220 εἰς
348 4161 517 4226 γᾴιον
549 4163 575 4212 ό
623 4161 843 4229 ἀδελφὸς
881 4160 1064 4212 αὑτοῦ.
1107 4160 1163 4212 '0
1197 4161 1301 4228 γὰρ
1330 4160 1466 4214 οὕτω
1495 4161 1761 4223 τελεσθεὶς

227 4245 479 4313 dbo-.65»;
512 4250 566 4297 ὲν
591 4249 718 4298 πᾶσι
746 4248 820 4316 τῷ
848 4253 1058 4315 νομίμῳ
1087 4247 1246 4312 γάμῳ
1265 4247 1590 4308 ταυτίζεται.
1615 4249 1676 4298 El
1704 4247 1760 4300 δὲ

228 4338 369 4390 κατὰ
402 4337 494 4404 τὴν
525 4337 823 4403 κρατοῦσαν
851 4337 1154 4404 συνήθειαν,
1189 4335 1260 4396 ὼς
1304 4335 1657 4404 μανθάνομεν,
1683 4337 1762 4397 είς

1855 591 2177 660 Episcopus,
2199 600 2289 645 aut
2314 590 2617 660 presbyter,
2655 597 2749 643 aut
2774 588 3059 653 diaconus,
3092 602 3286 644 usuras
3317 590 3385 645 ab

1854 682 1922 736 iis
1953 682 2194 750 exigens,
2230 681 2426 750 quibus
2459 688 2703 733 mutuum
2731 678 2899 746 dedit,
2926 680 3010 734 vel
3036 679 3273 743 desinat,
3303 679 3389 734 vel

1856 771 2177 839 deponatur.
2212 770 2277 824 Et
2327 771 2388 822 l7
2436 785 2610 823 canon
2641 778 2840 823 sancta:
2881 777 2932 821 ct
2981 768 3326 822 mcumenicac
3356 769 3382 821 ι

1854 861 2043 928 synodi
2071 860 2182 912 ha-c
2218 876 2231 914 :
2261 860 2524 923 Quoniam
2558 859 2732 921 multi,
2765 855 2936 926 quiin
2967 871 3178 910 canone
3201 871 3389 910 recen-

1854 957 2061 1013 scntur,
2091 949 2241 1016 plura
2273 949 2503 1002 habendi
2563 947 2802 1002 studium
2861 956 2913 1001 et
2959 955 3115 1016 turpe
3173 946 3385 999 lucrum

1853 1046 2256 1106 persequentes,
2304 1037 2497 1090 divinae
2558 1035 2851 1104 Scripturae
2890 1036 3042 1090 obliti
3082 1044 3227 1098 sunt,
3268 1049 3388 1104 quae

1852 1129 1982 1180 dicit
2028 1143 2040 1178 :
2076 1129 2365 1197 Argentum
2398 1144 2552 1182 suum
2605 1142 2712 1180 non
2745 1127 2894 1180 dedit
2925 1127 2990 1179 ad
3033 1142 3253 1181 usuram
3287 1143 3300 1190 ;
3336 1132 3389 1179 ct

1862 1219 2169 1272 fenerantes
2211 1220 2531 1272 centesimas
2591 1218 2857 1284 exigunt:
2915 1231 3125 1284 aequum
3179 1216 3390 1269 censuit

1854 1318 2044 1361 sancta
2067 1318 2116 1360 et
2149 1313 2344 1376 magna
2380 1306 2646 1374 synodus,
2683 1315 2737 1358 ut
2767 1305 2811 1359 si
2845 1307 2968 1374 quis
3001 1305 3251 1358 inventus
3273 1303 3391 1356 fue-

1852 1396 1923 1449 rit
1945 1405 2065 1464 post
2099 1398 2200 1450 hoc
2236 1402 2500 1449 statutum
2534 1408 2730 1447 usuras
2781 1401 2969 1446 mutuo
3023 1405 3261 1453 sumere,
3305 1388 3390 1443 vel

1853 1498 1970 1537 eam
2027 1499 2136 1538 rem
2169 1484 2326 1537 aliter
2353 1482 2628 1551 persequi,
2665 1481 2748 1535 vel
2799 1480 2982 1549 sesqui
3026 1479 3224 1532 alteras
3273 1477 3389 1532 exi-

1853 1587 1999 1640 gere,
2036 1573 2119 1626 vel
2153 1572 2358 1641 aliquid
2413 1572 2558 1625 aliud
2602 1572 2910 1640 excogitare
2937 1570 3111 1636 turpis
3143 1577 3387 1638 quaestus

1853 1663 2045 1732 gratia,
2085 1676 2114 1715 e
2168 1662 2311 1715 clero
2361 1661 2681 1731 deponatur,
2735 1669 2790 1714 et
2831 1660 2902 1715 sit
2956 1659 3163 1713 alienus
3213 1673 3242 1711 a
3299 1672 3387 1711 ca-

1857 1766 2015 1804 none.
2049 1752 2248 1810 Eadem
2280 1752 2353 1806 ait
2382 1761 2435 1807 et
2465 1753 2499 1803 4
2539 1765 2714 1806 canon
2744 1748 3063 1804 Laodicenae
3090 1748 3304 1817 synodi,
3332 1754 3386 1802 et

1786 1836 1826 1888 Β
1856 1841 1968 1895 alii.

1923 1931 2084 1984 Inter.
2125 1931 2176 1988 5.
2229 1939 2316 1987 An
2365 1931 2650 1986 orthodoxi
2679 1932 2820 2000 ~Syri
2872 1941 2927 1986 et
2983 1948 3046 1985 ex
3092 1932 3386 1997 Armeniis,

1853 2035 2059 2075 necnon
2109 2036 2172 2076 ex
2228 2023 2346 2076 aliis
2396 2023 2704 2092 regionibus
2743 2022 2907 2090 aliqui
2948 2021 3130 2076 fideles
3173 2022 3387 2090 propria

1853 2111 2032 2180 lingua
2067 2121 2217 2166 extra
2257 2113 2551 2181 periculum
2590 2127 2744 2167 sacra
2791 2112 3083 2174 celebrent,
3137 2127 3205 2164 an
3262 2125 3392 2164 vero

1853 2211 2115 2271 cogantur
2145 2220 2367 2274 prorsus
2408 2220 2529 2259 cum
2563 2205 2750 2260 Greca
2790 2206 3056 2274 scriptura
3094 2203 3392 2260 sacerdotio

1851 2288 2030 2359 fungi?

1921 2379 2043 2432 Res.
2103 2380 2328 2451 Magnus
2405 2381 2684 2449 apostolus
2745 2382 2944 2436 Paulus
3001 2382 3066 2435 ad
3123 2380 3394 2436 Romanos

1854 2471 2098 2524 scribens
2125 2472 2297 2540 inquit
2327 2489 2340 2524 :
2380 2473 2459 2524 An
2487 2472 2793 2526 Judteorutn
2813 2481 3019 2526 tantum
3063 2471 3234 2527 Deus?
3257 2471 3394 2526 Num

1855 2566 1907 2611 et
1952 2558 2238 2626 gentium?
2265 2568 2411 2615 certe
2446 2570 2498 2615 et
2541 2563 2798 2630 gentium.
2832 2561 2933 2626 Qui
2969 2561 3132 2628 igitur
3161 2570 3307 2615 recte
3340 2560 3393 2613 in

1856 2648 2106 2702 omnibus
2136 2650 2201 2703 de
2233 2651 2335 2703 fide
2378 2652 2636 2716 sentiunt,
2669 2661 2720 2705 ct
2747 2654 2790 2705 si
2821 2653 2930 2707 sint
2958 2651 3153 2705 Graecae
3201 2651 3395 2720 lingua

1856 2738 2074 2790 omnino
2100 2749 2368 2806 expertes,
2389 2741 2609 2809 propria
2659 2741 2886 2794 dialecto
2910 2755 3061 2794 sacra
3084 2739 3393 2806 conﬁcient,

1856 2828 2178 2895 exemplaria
2201 2839 2577 2883 consuetarum
2599 2845 2873 2884 sacrarum
2899 2845 3116 2898 precum
3138 2811 3394 2884 habentes

1857 2929 1962 2966 non
1991 2915 2305 2981 cvariantia,
2339 2925 2395 2969 ut
2428 2919 2704 2985 desumpta
2738 2934 2801 2971 ex
2831 2918 3092 2972 contaciis
3134 2918 3395 2986 graecani-

1858 3006 1937 3057 cis
1967 3004 2158 3059 litteris
2187 2999 2456 3075 eleganter
2489 3007 2796 3076 descriptis.

1928 3092 2091 3147 Inter.
2155 3095 2207 3149 6.
2257 3094 2603 3164 Desponsavit
2656 3097 2777 3165 quis
2824 3096 2927 3149 sibi
2981 3094 3284 3160 mulierem,
3339 3102 3395 3149 et

1859 3185 2169 3252 priusquam
2199 3199 2320 3237 cum
2355 3200 2416 3238 ea
2444 3201 2536 3255 per
2561 3184 3002 3249 benedictionem,
3031 3185 3173 3239 sicut
3195 3184 3396 3239 consti-

1859 3277 2028 3322 tutum
2087 3279 2190 3335 est,
2238 3272 2559 3336 initiaretur,
2619 3280 2672 3327 et
2730 3288 2852 3326 cum
2901 3288 2965 3327 ea
3025 3275 3392 3341 copularetur,

1860 3359 2092 3413 decessit
2147 3375 2163 3412 :
2225 3375 2291 3413 an
2356 3375 2416 3415 ea
2481 3362 2700 3430 impune
2761 3362 2926 3416 nubet
2989 3362 3150 3431 hujus
3213 3361 3392 3429 fratri,

1859 3449 2066 3502 necne?

1927 3537 2046 3590 Res.
2085 3535 2235 3601 Quod
2277 3537 2496 3602 bonum,
2550 3553 2654 3592 non
2701 3539 2896 3592 bonum
2951 3547 3051 3603 est,
3106 3538 3211 3592 nisi
3255 3538 3391 3595 bene

1862 3629 1969 3679 ttat.
2033 3626 2086 3679 Si
2127 3629 2287 3694 igitur
2327 3627 2597 3694 sponsalia
2641 3637 2693 3680 et
2726 3628 3045 3682 arrhabonis
3093 3627 3239 3682 datio
3273 3644 3391 3698 per-

1860 3713 1998 3765 fecta
2037 3711 2144 3764 sint
2168 3712 2322 3779 juxta
2355 3713 2762 3780 dispositionem
2798 3714 3017 3766 novella:
3044 3714 3388 3767 constitutio-

1859 3803 1943 3857 nis
1999 3801 2180 3870 inclyti
2235 3802 2594 3869 imperatoris,
2646 3802 2846 3857 domini
2900 3801 3051 3854 Alexi
3108 3801 3388 3866 Comncnl,

1861 3906 1980 3946 cum
2013 3891 2455 3945 consecratione!
2490 3893 2769 3946 solitarum
2810 3897 3112 3948 sanctarum
3145 3905 3385 3958 precum.

1861 3980 2058 4036 femina
2107 3979 2398 4034 excedente
2425 3995 2620 4032 annum
2654 3979 3049 4039 duodecimum,
3088 3979 3260 4032 virum
3295 3994 3391 4032 au-

1859 4080 1965 4124 tem
2013 4072 2276 4125 decimum
2325 4081 2593 4140 quartum,
2649 4072 2753 4122 non
2812 4069 2966 4122 ducet
3009 4083 3126 4122 eam
3172 4084 3390 4122 uxorem

1860 4160 2026 4215 frater
2052 4161 2192 4228 ejus.
2221 4159 2400 4228 Itaque
2422 4160 2562 4213 enim
2594 4158 2856 4227 perfectus
2879 4158 3110 4211 arrhabo
3136 4157 3390 4226 legitimis

1859 4248 2060 4314 nuptiis
2099 4248 2152 4300 in
2177 4247 2426 4300 omnibus
2457 4245 2806 4298 assimilatur.
2831 4243 2984 4308 Quod
3010 4244 3052 4298 si
3080 4243 3233 4311 juxta
3258 4257 3392 4296 con-

1863 4335 2216 4397 suetudinem,
2244 4349 2360 4403 quze
2392 4334 2470 4401 (ut
2499 4331 2802 4400 didicimus)
2825 4333 3029 4385 obtinet
3059 4332 3112 4385 in
3144 4333 3392 4387 omnibus

228 4422 408 4473 πάντα
433 4423 609 4491 σχεδὸν
633 4423 696 4472 τὰ
731 4422 868 4490 μέρη
896 4415 988 4472 τοῦ
1005 4420 1172 4471 Νότου
1202 4421 1294 4472 καὶ
1323 4421 1417 4488 τῆς
1458 4420 1760 4490 Ἀνατολῆς,

1864 4424 1972 4478 fere
1997 4425 2180 4477 Austri
2211 4433 2262 4475 et
2281 4422 2514 4476 Orientis
2542 4422 2800 4490 partibus,
2841 4409 3195 4489 praemortuus
3238 4422 3394 4473 aliter

228 4509 591 4576 ἀλλοτρόπως,
612 4509 638 4558 ὁ
669 4507 840 4559 Θανὼν
875 4509 970 4575 cipe
1006 4506 1301 4575 περιοῦσαν
1331 4508 1757 4577 ὴῤῥαϐωνίσατο,

232 4599 546 4666 συζευχθείη
569 4599 805 4666 νομίμως
835 4599 967 4666 αὐτῇ
1007 4599 1033 4648 ό
1063 4597 1246 4648 τούτου
1276 4598 1617 4664 αύτάδελφος.

319 4687 626 4752 Ἐρώτησις
665 4685 728 4745 ζ’.
803 4687 1330 4754 Ἀπροκριματίστως
1370 4685 1668 4758 διακονικοῦ
1725 4687 1757 4758 ἢ

235 4778 505 4844 ἱερατικοῦ
538 4775 740 4844 βαθμοῦ
771 4775 1021 4840 ἀξιωθείη
1046 4774 1072 4824 ὁ
1102 4773 1184 4826 διὰ
1240 4775 1298 4824 τὸ
1326 4755 1635 4843 τελευτῆσαι
1663 4755 1760 4844 τὴν

235 4866 655 4934 μνηστευθεῖσαν
683 4864 846 4932 αὐτῷ,
878 4865 1063 4930 ἑτέραν
1091 4862 1314 4930 σύμϐιον
1348 4866 1696 4934 ἀγαγόμενος,
1729 4865 1758 4934 ἢ

231 4957 308 5015 ὡς
344 4956 561 5021 δίγαμος
591 4955 950 5022 κωλυθήσεται
971 4969 986 5017 ;

321 5046 436 5096 Ἀπ.
470 5045 529 5096 El
555 5046 651 5111 μὲν
695 5044 832 5094 κατά
871 5045 965 5111 τὴν
993 5044 1088 5111 τῆς
1126 5044 1378 5112 ρηθείσης
1407 5043 1600 5111 νεαρᾶς
1638 5042 1764 5093 ὑπο-

233 5133 474 5184 τύπωσιν
505 5131 911 5200 ηρραϐωνίσατο
950 5131 1046 5199 τὴν
1087 5132 1446 5199 ἀποιχομένην
1502 5131 1760 5198 μνηστὴν,

234 5224 399 5290 ἑτέρα
427 5223 639 5287 γυναικὶ
665 5221 797 5286 μετὰ
834 5221 922 5272 τὸν
957 5221 1152 5289 ταύτης
1181 5220 1404 5271 θανατον
1428 5219 1761 5287 συζευχθεὶς,

234 5315 337 5366 οὐκ
364 5311 611 5378 ἀξιωθείη
643 5309 843 5379 βαθμοῦ
887 5325 1026 5369 τινος
1053 5308 1159 5359 τῶν
1195 5307 1286 5360 τοῦ
1318 5306 1577 5376 βήματος.
1604 5305 1765 5372 Δίγα-

241 5419 341 5473 μος
369 5403 474 5470 γὰρ
499 5400 787 5469 λογίζεται.
807 5400 868 5452 El
888 5398 944 5451 δὲ
971 5399 1116 5468 παρὰ
1136 5397 1230 5469 τὴν
1260 5397 1460 5467 ταύτης
1481 5395 1763 5466 περίληψιν

1866 4514 1967 4568 sibi
1993 4513 2332 4581 superstitem
2361 4514 2811 4580 desponsaverat:
2843 4511 3002 4578 hujus
3029 4525 3314 4578 germanus
3342 4513 3392 4568 ei

1863 4603 2097 4672 legitime
2132 4601 2503 4669 coniungatur.

1938 4693 2103 4747 Inter.
2137 4692 2186 4746 7.
2218 4695 2298 4745 Αη
2340 4693 2453 4745 sine
2480 4689 2789 4759 praejudieio
2818 4691 3097 4744 diaconico
3126 4699 3177 4744 et
3207 4704 3392 4745 sacer-

1868 4783 2034 4839 dotali
2076 4782 2241 4851 gradu
2285 4781 2476 4849 dignus
2530 4779 2829 4842 habebitur,
2877 4779 2965 4846 qui
3009 4794 3130 4832 cum
3181 4788 3391 4833 mortua

1865 4873 2034 4940 ipsius
2066 4879 2208 4925 esset
2255 4885 2472 4938 sponsa,
2531 4871 2691 4922 alium
2762 4869 3040 4937 conjugem
3088 4868 3277 4932 duxit,
3324 4884 3387 4920 au

1863 4962 2008 5015 velut
2038 4962 2268 5015 binubus
2304 4958 2712 5028 prohibebitur?

1939 5050 2059 5104 Res.
2101 5049 2157 5101 Si
2187 5049 2399 5117 quidem
2427 5049 2577 5114 juxta
2621 5045 2887 5113 praedictae.
2920 5045 3138 5099 novellae
3169 5043 3390 5096 formam

1872 5140 2222 5208 desponderat
2245 5137 2348 5189 sibi
2375 5146 2634 5189 mortuam
2658 5147 2930 5201 sponsam,
2963 5140 3082 5200 post
3107 5132 3222 5198 ejus
3249 5147 3392 5186 mor-

1871 5233 1975 5275 tem
2012 5221 2100 5273 alii
2144 5220 2298 5273 uxori
2331 5219 2650 5285 conjunctus
2691 5232 2799 5270 non
2837 5221 3195 5283 consequetur
3224 5217 3390 5267 ullum

1871 5313 2055 5364 altaris
2082 5310 2305 5379 gradum
2345 5330 2356 5363 :
2389 5309 2620 5362 binubus
2669 5307 2808 5361 enim
2854 5313 3118 5361 censetur.
3170 5302 3263 5357 Sin
3295 5317 3389 5356 au-

1868 5405 1973 5452 tem
2039 5406 2230 5467 praeter
2285 5397 2405 5466 ejus
2453 5405 2689 5451 tenorem
2742 5409 2863 5450 curn
2923 5403 3134 5450 mortuo
3196 5407 3394 5463 sponsa

1479 5577 1706 5631 VAllUE
1735 5573 2124 5630 LECTIONES.

324 5677 346 5708 ⁸
382 5672 686 5736 punctiones
