3914 6332
170 368 278 436 961

994 367 1379 428 ΒΕΞΡΟΝΒᾹ
1429 366 1530 425 AD
1572 367 2302 430 INTERROGATIONES
2341 373 2602 432 MARCI.

3271 381 3379 444 982

180 487 318 556 πρός
338 504 485 550 τινας
513 488 886 557 ἑρωτήσαντας
916 494 1043 558 περὶ
1072 493 1314 546 τοιούτου
1338 495 1476 556 τινὸς
1507 497 1735 565 ἀποκρι-

1849 507 2260 568 :errogaverant,
2293 501 2415 553 olim
2453 515 2535 561 ea,
2575 515 2692 566 qua:
2733 508 2858 555 sunt
2888 501 2953 554 de
2978 500 3148 560 laicis.
3178 514 3374 555 conse-

182 575 416 642 νόμενοι,
447 575 579 636 τέως
623 576 688 628 τά
731 577 990 645 περὶτῶν
1026 578 1226 633 λαῖκῶν
1270 583 1575 643 ἀκολούθως
1619 587 1733 644 ταῖς

181 665 354 728 θείαις
402 666 623 728 ταύταις
663 667 901 736 Γραφαῖς
936 671 1322 739 διηυλύτωσαν.
1385 677 1518 744 Φησὶ
1560 676 1662 744 γὰρ
1703 677 1733 744 ἡ

176 757 279 809 τοῦ
332 757 486 825 ἁγίου
544 758 814 809 Διονυσίου
858 760 1166 829 ἀπόκρισις,
1209 764 1270 814 El
1317 764 1416 830 μὲν
1455 765 1733 817 ὑπόκειται

180 849 454 918 ἐπιθυμίᾳ
505 849 775 914 γυναικὸς,
819 852 916 903 οὐκ
967 853 1196 920 ὀφείλει·
1232 856 1280 905 εἰ
1337 855 1391 907 δὲ
1431 858 1458 907 ὀ
1494 858 1734 918 Σατανᾶς

175 939 433 1005 πειράζει
492 938 689 1000 αὑτὸν,
742 939 826 992 ἵνα
871 941 956 994 διὰ
1008 943 1105 1010 τῆς
1156 945 1480 1011 προφάσεως
1530 947 1733 1014 ταύτης

173 1025 592 1095 ἀπαλλοτριώσῃ
614 1027 711 1092 τῆς
733 1031 1014 1092 κοινωνίας
1042 1031 1147 1084 τῶν
1176 1034 1504 1101 μυστηρίων,
1530 1035 1733 1101 ὀφείλει

174 1115 525 1188 κοινωνῆσαι2
563 1117 711 1169 Ἐπεὶ
731 1119 790 1169 οὐ
827 1120 1088 1172 παύσεται
1115 1122 1140 1172 ὁ
1164 1123 1435 1190 πειράζων
1458 1127 1578 1175 κατ’
1600 1127 1736 1176 ἐκεῖ⁸

175 1216 268 1250 νον
297 1201 383 1251 τὸν
410 1202 597 1271 καιρὸν
625 1205 995 1275 ἐπιτιθέμενος
1030 1209 1190 1278 αὐτῷ.
1235 1211 1324 1262 Διὸ
1354 1213 1446 1264 καὶ
1479 1214 1634 1280 ἡμεῖς
1667 1214 1734 1266 τὰ

176 1291 319 1342 αὐτὰ
358 1293 484 1360 περὶ
536 1293 739 1347 λαῖκῶν
777 1296 1153 1366 διοριζόμενοι,
1202 1302 1328 1368 περὶ
1383 1303 1731 1366 ἐπισκόπων,

173 1381 438 1434 διακό·.ων
470 1385 562 1434 καὶ
592 1386 779 1453 ἱερέων
813 1388 1229 1456 φανταζομένων
1263 1390 1401 1442 κατὰ
1441 1392 1733 1459 σατανικὴν

174 1472 274 1522 καὶ
311 1474 467 1537 μόνον
514 1475 812 1543 ἐπήρειαν,
859 1476 948 1527 τὸν
1001 1477 1162 1529 αὑτὸν
1208 1479 1376 1532 τύπον
1411 1485 1629 1546 κρατεῖν
1671 1482 1730 1533 οὐ

173 1561 628 1632 διαγινώσκομεν,
681 1565 1078 1633 ἐπιξυγωθῆναι
1123 1569 1179 1620 δὲ
1215 1571 1412 1637 μᾶλλον
1434 1571 1612 1634 αὐτοῖς
1637 1572 1732 1642 τὴν

175 1651 282 1717 τῆς
317 1652 697 1717 ἱεροτελεστίας
729 1653 1008 1721 ἐνέργειαν
1036 1658 1174 1710 κατὰ
1214 1661 1375 1727 μόνην
1401 1661 1498 1727 τὴν
1521 1662 1732 1730 ἡμέραν

174 1741 276 1808 τῆς
309 1741 632 1808 ὀνειρὼξεως
663 1740 1030 1811 ψηφιζόμεθα,
1066 1745 1152 1797 διὰ
1186 1747 1242 1798 τὸ
1285 1748 1380 1816 τῆς
1434 1750 1730 1819 ἱερωσύνης

1835 597 2062 654 quenter
2107 589 2303 643 divinis
2354 589 2440 643 his
2510 588 2807 658 Script’uris
2859 577 3230 658 expedierunt.
3286 589 3374 641 Ait

1834 680 1976 731 enim
2011 683 2183 733 sancti
2216 681 2452 746 Dionysii
2481 681 2762 747 responsio
2803 697 2814 730 :
2851 679 3126 746 Siquidem
3158 677 3377 745 subjici-

1834 780 1920 820 tur
1955 770 2190 823 mulieris
2223 769 2510 828 desiderio,
2545 784 2647 820 non
2678 770 2853 821 debet.
2889 768 3038 831 Quod
3066 769 3110 821 si
3148 767 3373 818 Satanas

1834 875 1954 911 eum
1991 868 2178 920 tental,
2220 870 2277 910 ut
2310 859 2409 910 hac
2457 859 2743 911 occasione
2773 860 3040 910 abalienet
3071 872 3098 906 a
3136 870 3377 907 commu-

1831 949 1994 1000 nione
2051 955 2533 1007 sacramentorum,
2599 947 2755 998 debet
2809 944 3188 998 communione
3247 943 3371 994 frui.

1833 1036 2097 1100 Quoniam
2126 1043 2361 1088 tentatur
2389 1050 2452 1088 eo
2484 1043 2725 1101 tempore
2753 1050 2858 1085 nun
2884 1033 3088 1085 desinet
3117 1031 3164 1082 ei
3197 1041 3373 1082 strue~

1833 1142 1890 1180 re
1938 1126 2179 1179 insidias.
2227 1126 2580 1189 Quamobrem
2641 1135 2693 1177 et
2735 1138 2833 1175 nos
2882 1124 3066 1176 eadem
3109 1121 3175 1173 de
3222 1120 3376 1171 laicis

1832 1217 2170 1280 definientes,
2205 1217 2256 1267 in
2289 1215 2578 1282 episcopis,
2617 1213 2885 1266 diaconis.
2914 1223 2967 1263 et
3003 1210 3376 1264 sacerdotibus

1831 1307 2268 1370 imaginationem
2304 1305 2476 1371 passis
2513 1320 2602 1371 per
2630 1303 2932 1355 satauicum
2971 1302 3143 1354 solum
3179 1300 3379 1363 impro-

1834 1395 2040 1462 perium
2067 1395 2110 1454 τ,
2138 1394 2377 1445 eamdem
2415 1395 2637 1444 formam
2664 1393 2908 1443 obtinere
2934 1405 3039 1442 non
3075 1389 3322 1440 norimus
3363 1403 3374 1437 :

1833 1482 2198 1551 operationem
2230 1481 2370 1532 enim
2403 1481 2651 1532 sacriﬁcii
2684 1482 2761 1533 eis
2790 1481 2965 1547 potius
2992 1475 3378 1531 orciudendam

1833 1588 2118 1627 censemus
2153 1573 2268 1625 solo
2304 1571 2499 1624 somnii
2524 1571 2794 1624 libidinosi
2828 1571 2935 1632 die,
2968 1579 3180 1636 propter
3203 1580 3378 1619 sacer«

1833 1663 1964 1716 dotii
2001 1662 2371 1724 reverentiam,
2416 1660 2519 1713 nisi
2570 1658 2707 1712 forte
2753 1673 2898 1710 mora
2959 1657 3257 1725 periculosa
3288 1656 3377 1713 sit,

1835 1755 1915 1803 vel
1969 1759 2186 1818 prOptcr
2223 1744 2336 1802 ﬂiei
2396 1748 2780 1809 celebritatem,
2823 1747 2903 1798 vel
2949 1745 3228 1797 utilitatem
3278 1740 3374 1794 rei.

181 1831 495 1899 σεϐάσμιον.
530 1832 586 1881 Εἱ
625 1832 696 1900 μὴ
738 1836 897 1902 τυχὸν
935 1835 1258 1905 κινδυνώδης
1309 1813 1517 1908 έστὶνῆ
1558 1813 1727 1908 ὑπέρ-

1849 1840 2004 1893 Noctu
2062 1839 2203 1892 enim
2249 1838 2420 1904 frangi
2461 1845 2622 1904 queat
2659 1837 2883 1903 laqueus
2911 1833 3211 1894 tentatoris,
3236 1830 3376 1882 exal-

180 1920 352 1983 θεσις,
381 1922 410 1989 ἢ
440 1921 523 1973 διὰ
562 1922 619 1973 τὸ
648 1923 746 1991 τῆς
788 1926 998 1994 ἡμέρας
1050 1929 1530 1996 περιφανέστατον,
1571 1931 1602 2000 ἢ
1644 1932 1732 1982 διὰ

1837 1934 1934 1986 tari
1963 1939 2136 1985 autem
2164 1930 2411 1983 sacriﬁcii
2437 1935 2689 1995 potestas.

175 2012 240 2064 τὸ
297 2011 388 2064 τοῦ
442 2011 760 2080 πράγματος
809 2013 1242 2083 χρησιμώτατον.
1306 2017 1383 2088 Τῇ
1432 2019 1586 2071 νυκτὶ
1618 2017 1724 2087 γὰρ
1749 2019 2054 2089 συντριϐείη
2106 2016 2205 2086 μὲν
2239 2017 2271 2086 ἠ
2306 2018 2468 2081 παγις
2497 2013 2587 2065 τοῦ
2634 2009 2988 2080 ὲπηρεαστοῦ,
3033 2005 3267 2077 ὑψωθείη
3323 2002 3380 2058 δι

175 2103 281 2171 τῆς
319 2101 621 2171 ἱερουργίας
656 2103 686 2171 ἡ
718 2103 965 2172 δύναμις.

266 2186 574 2255 Ἐρώτησις
606 2188 659 2245 ι’.
727 2193 783 2244 '0
835 2193 970 2261 μετὰ
1009 2193 1238 2264 νομίμου
1290 2198 1518 2264 συμϐίου
1568 2197 1736 2251 αὑτοῦ

181 2278 462 2343 σαρκικῶς
500 2280 810 2346 συναφθεὶς,
841 2282 1094 2349 ἀξιωθείη
1136 2283 1444 2354 αὐθημερὸν
1482 2287 1580 2356 τῆς
1625 2285 1732 2338 τῶν

181 2365 543 2434 ἁγιασμάτων
575 2370 946 2439 μεταλήψεως,
983 2372 1015 2440 ἢ
1044 2370 1140 2437 οὖ;

270 2455 396 2508 Ἀπ.
446 2458 504 2508 '0
531 2458 792 2527 θεοκήρυξ
837 2461 1107 2524 Παῦλος,ὀ
1135 2462 1232 2530 τῆς
1278 2463 1597 2533 Ἐκκλησίας
1632 2468 1728 2532 μέ-

185 2560 295 2610 γας
318 2546 652 2610 διδάσκαλος,
677 2551 1026 2616 Δοκιμαζέτω
1048 2552 1250 2619 (φησὶν)
1278 2552 1500 2615 ἕκαστος
1529 2555 1736 2616 ἑαυτὸν,

184 2636 286 2687 καὶ
315 2633 481 2695 οὕτως
518 2636 578 2686 ἐκ
614 2634 707 2687 τοῦ
743 2637 906 2705 ἄρτου
942 2637 1184 2699 ἐσθιέτω,
1219 2638 1311 2690 καὶ
1352 2640 1444 2690 τοῦ
1480 2643 1736 2708 ποτηρίου

191 2724 414 2776 πινέτω.
465 2724 573 2776 Καὶ
629 2725 820 2790 πάλιν,
871 2727 960 2795 Μὴ
1019 2729 1484 2800 ἁποστερείτωσαν
1533 2731 1739 2799 (φησιν)

189 2813 415 2874 ἑαυτοὺς
453 2816 500 2866 οἱ
530 2816 804 2883 ὀμόζυγοι,
827 2818 873 2868 εἱ
899 2819 972 2888 μή
1014 2834 1064 2870 τι
1095 2820 1157 2870 ἐκ
1187 2819 1496 2887 συμφώνου,
1525 2821 1649 2872 ὅταν
1676 2822 1740 2888 τῇ

192 2907 467 2973 προσευχῇ
503 2905 599 2972 τῆς
635 2905 794 2970 ἁγίας
827 2907 1111 2968 κοινωνίας
1141 2907 1374 2973 μέλλωσι
1409 2909 1741 2977 προσελθεῖν.

190 2992 305 3048 Καὶ
329 2993 418 3045 τὸν
442 2993 600 3045 Δασὶδ
625 2993 681 3045 δὲ
712 2994 804 3046 καὶ
829 2996 952 3057 τοὺς
985 2997 1081 3048 σὺν
1112 2997 1277 3065 αὐτῷ,
1307 2997 1646 3067 ζητήσαντας
1680 3000 1742 3047 ἐκ

1908 2198 2072 2252 Inter.
2127 2199 2213 2253 10.
2265 2197 2366 2262 Qui
2414 2210 2534 2249 cum
2584 2193 2822 2261 legitima
2869 2203 3035 2242 uxore
3065 2202 3160 2241 sua
3188 2195 3381 2238 carna‘

1839 2290 1958 2343 liter
1990 2289 2310 2357 coniunctus
2344 2286 2525 2351 fuerit,
2564 2298 2631 2335 an
2664 2297 2727 2335 eo
2763 2282 2848 2334 die
2876 2280 3072 2348 dignus
3106 2276 3380 2329 habendus

1839 2383 1907 2434 sit
1940 2380 2348 2448 participatione
2375 2373 2864 2430 sanctificationum
2892 2383 3060 2420 necne
3084 2367 3107 2418 Ἰ

1920 2471 2037 2523 Res.
2074 2467 2163 2519 hei
2193 2478 2367 2530 praeco
2389 2461 2604 2522 Paulus,
2637 2471 2862 2525 magnus
2893 2453 3146 2507 Ecclesiae
3173 2450 3381 2514 doctor,
3417 2499 3421 2502 .

1843 2557 2127 2612 Examiuet
2167 2548 2388 2618 (inquit)
2438 2544 2812 2612 unusquisque
2845 2539 3084 2606 seipsum
3123 2545 3175 2589 et
3209 2536 3286 2590 sic
3318 2550 3384 2587 ex

1843 2663 1980 2718 pane
2025 2641 2291 2704 comedat,
2337 2648 2390 2691 et
2445 2650 2475 2689 e
2517 2636 2685 2688 calice
2742 2631 2908 2685 bibat.
2949 2627 3014 2680 Et
3061 2642 3275 2686 rursus,
3311 2623 3386 2678 Ne

1847 2741 2078 2808 privent,
2104 2731 2299 2801 inquit.
2327 2729 2535 2796 seipsos
2561 2723 2835 2790 coniuges,
2865 2720 2966 2772 nisi
3003 2733 3067 2771 ex
3092 2729 3384 2778 consensu,

1846 2806 2059 2896 quando
2107 2822 2172 2872 ad
2226 2825 2426 2872 sanctae
2456 2807 2851 2867 communionis
2891 2806 3253 2876 precationem
3297 2818 3389 2856 ac-

1847 2913 2054 2968 cessuri
2086 2916 2229 2962 sunt.
2263 2906 2324 2958 Et
2352 2903 2601 2957 Davidcm
2629 2913 2831 2968 eosque
2853 2898 2944 2965 qui
2970 2910 3090 2950 cum
3121 2909 3185 2947 eo
3211 2901 3384 2956 erant,

1847 3010 2146 3074 quaerentes
2205 2998 2489 3052 comedere
2549 3009 2613 3049 ex
2683 2991 2915 3061 panibus
2980 2985 3384 3057 propositionis,

186 3082 301 3134 τῶν
337 3084 515 3152 ἄρτων
550 3087 743 3152 φαγεῖν
780 3085 881 3152 τῆς
917 3085 1244 3154 προθέσεως,
1302 3089 1742 3157 προησφαλίσατο

1849 3104 2000 3150 caute
2031 3092 2181 3160 prius
2222 3084 2572 3154 interrogavit
2615 3082 2874 3152 pontifex,
2908 3094 3035 3132 num
3077 3075 3259 3130 mundi
3301 3089 3387 3128 es-

187 3175 218 3224 ὀ
251 3172 560 3241 ἀρχιερεὺς,
590 3173 637 3223 εί
668 3172 897 3241 καθαροί
937 3175 1074 3225 εἰσιν
1100 3174 1206 3226 άπὸ
1245 3175 1428 3245 κοίτης
1466 3176 1741 3242 γυναικός.

205 3262 367 3315 Ἀλλὰ
407 3263 500 3315 καὶ
540 3265 595 3315 ὲν
622 3266 686 3333 τῇ
716 3265 979 3333 Μωσαῖκῇ
1007 3263 1171 3333 βίϐλῳ
1205 3265 1304 3333 τῆς
1335 3267 1540 3329 Ἐξόδου
1579 3268 1746 3319 ταῦτα

195 3351 376 3420 ρητῶς
401 3353 800 3406 ἀνατάττονται·
825 3356 931 3407 Kal
954 3351 1082 3406 εἷπε
1104 3357 1316 3422 Κύριος
1338 3356 1483 3423 πρὸς
1504 3357 1748 3424 Μωσῆν,

196 3439 466 3503 Καταόὰς
489 3441 866 3510 διαμάρτυραι
895 3441 971 3506 τῷ
998 3442 1122 3506 λαῷ
1148 3444 1353 3505 τούτῳ,
1374 3444 1469 3495 καὶ
1502 3444 1752 3511 ἅγνισον

195 3533 418 3597 αὐτοὺς
448 3535 710 3601 σήμερον
734 3536 828 3587 καὶ
868 3536 1091 3601 αὔριον.
1116 3536 1220 3589 Kal
1254 3537 1656 3589 πλυνάτωσαν
1685 3539 1754 3590 τὰ

195 3624 397 3690 ἱμάτια
430 3623 642 3685 αὐτῶν,
671 3626 763 3676 καί
802 3625 1081 3678 ἔστωσαν
1118 3627 1333 3694 ἕτοιμοι
1359 3629 1446 3695 είς
1471 3628 1582 3690 τὴν
1609 3629 1746 3694 ἡμέο

191 3726 316 3776 ραν
329 3710 440 3776 τὴν
462 3713 683 3776 τρίτην.
701 3713 776 3780 Τῇ
802 3713 907 3780 γὰρ
927 3715 1105 3783 ἡμέρᾳ
1123 3717 1186 3783 τῇ
1207 3715 1360 3786 τρίτῃ
1390 3716 1752 3785 καταϐήσεται

198 3799 400 3866 Κύριος
418 3797 509 3848 ἐπὶ
532 3799 591 3849 τὸ
620 3799 740 3866 ὅρος
757 3798 814 3851 τὺ
844 3800 990 3863 Σινὰ,
1012 3804 1248 3852 ἐναντίον
1271 3803 1465 3864 παντὸς
1492 3803 1584 3854 τοῦ
1601 3802 1751 3854 λαοῦ.

200 3888 315 3940 Καὶ
336 3886 514 3952 πάλιν,
541 3888 762 3954 Κατέϐη
795 3887 1012 3955 Μωσῆς
1041 3891 1106 3942 ἐκ
1132 3890 1236 3943 τοῦ
1273 3891 1445 3957 ὄρους
1481 3893 1628 3958 πρὸς
1653 3893 1757 3944 τὸν

198 3976 392 4041 λαὸν,
433 3977 531 4029 καί
587 3979 840 4046 ἡγίασεν
887 3981 1142 4046 αὐτούς’
1202 3981 1299 4034 καὶ
1354 3983 1629 4036 ἔπλυναν
1681 3984 1754 4036 τὰ

201 4065 423 4131 ἱμάτια.
457 4063 564 4118 Kal
594 4063 722 4119 εἶπε
755 4066 833 4131 τῷ
869 4068 1016 4132 λαῷ,
1047 4068 1295 4123 Γίνεσθε
1337 4069 1554 4138 ἕτοιμοι
1590 4071 1754 4138 τρίτῃ

204 4153 412 4222 ἡμέρᾳ,
444 4154 541 4206 καὶ
577 4154 662 4221 μὴ
705 4157 1074 4223 προσέλθητε
1104 4158 1359 4225 γυναικί.
1403 4160 1459 4210 '0
1491 4159 1547 4211 δὲ
1586 4157 1754 4226 ἁγιώ-

201 4258 366 4301 ⁸τατος
421 4246 763 4314 πατριάρχης
829 4244 1229 4317 ’Δλεξανδρείας
1301 4247 1562 4317 Τιμόθεος
1629 4248 1759 4315 περὶ

204 4332 397 4385 τούτου
425 4335 734 4401 ἐρωτηθεὶς,
780 4334 1000 4404 ἔφησεν,
1048 4338 1159 4389 Οὐκ
1185 4336 1488 4402 ὀφείλουσιν
1530 4339 1578 4389 οἱ
1621 4354 1759 4405 συμ-

206 4421 506 4483 πλακέντες
534 4422 792 4492 ὀμόζυγοι
823 4425 1096 4493 σαργικῶς
1121 4425 1503 4490 καταξιοῦσθαι
1525 4425 1624 4494 τῆς
1649 4426 1754 4478 τῶν

207 4511 370 4564 θείων
421 4514 770 4583 ἀγιασμάτων
827 4515 1177 4585 μεταλήψεως
1206 4555 1222 4582 ,
1265 4517 1384 4571 κατ’
1437 4517 1606 4588 αὐτὴν
1642 4520 1758 4588 -τὴν

208 4601 422 4669 ἡμέραν
454 4602 549 4665 τῆς
581 4603 845 4673 σαρκικῆς
889 4605 1068 4657 αὐτῶν
1108 4605 1488 4669 συνελεύσεως.
1537 4607 1626 4659 Διὸ
1664 4608 1758 4660 καὶ

208 4693 370 4759 ἡμεῖς
402 4694 512 4753 τοῖς
552 4693 692 4745 οὕτω
729 4693 1072 4762 διορισθεῖσιν
1110 4696 1394 4763 ἑπόμενοι,
1426 4695 1657 4765 λέγομεν
1685 4698 1758 4758 ὡς

208 4782 314 4833 οὐκ
345 4781 490 4834 ἐστιν
512 4783 827 4853 ὲκχωρητέα
854 4787 960 4848 τοῖς
985 4786 1266 4854 ὁμοζύγοις
1296 4788 1328 4857 ἡ
1359 4788 1463 4840 τῶν
1492 4789 1761 4857 ἁγιασμά-

208 4885 320 4920 των
354 4869 670 4939 μετάληψις,
694 4872 832 4925 κατὰ
861 4873 956 4941 τὴν
988 4873 1200 4942 ἡμέραν
1232 4873 1353 4926 καθ’
1391 4874 1456 4945 ἢν
1482 4877 1756 4946 συνήφθη-

213 4973 315 5009 σαν
363 4960 653 5027 σαμικῶς.
697 4961 1098 5030 Προστιθέαμεν
1149 4962 1204 5015 δὲ
1255 4963 1330 5026 ὡς
1366 4964 1484 5016 ἐπεὶ
1536 4968 1563 5018 ὀ
1595 4967 1756 5028 αὐτος

215 5049 390 5117 μέγας
419 5050 695 5118 Τιμόθεος,
737 5052 1026 5121 ἐρωτηθεὶς
1056 5055 1196 5105 κατὰ
1231 5055 1389 5105 ποίαν
1425 5055 1635 5125 ἡμέραν
1659 5054 1758 5124 τῆς

215 5139 508 5208 ἑϐδομάδος
546 5141 844 5208 ὀφείλουσιν
899 5143 1320 5212 ὲγκρατεύεσθαι
1369 5147 1416 5195 οἱ
1461 5145 1754 5213 ὀμόζυγοι,

211 5230 562 5297 ἀπεκρίνατο,
599 5233 748 5284 Κατὰ
780 5232 840 5284 τὺ
877 5234 1149 5286 Σάϐϐατον
1184 5236 1276 5287 καὶ
1305 5236 1403 5302 τὴν
1438 5235 1720 5305 Κυριακὴν
1744 5275 1757 5299 ,

214 5320 304 5372 διὰ
331 5322 388 5372 τὺ
407 5324 462 5373 ὲν
491 5324 676 5386 αὑταῖς
709 5326 800 5378 καὶ
836 5326 1032 5394 μᾶλλον
1057 5328 1156 5395 τὴν
1184 5327 1550 5397 πνευματικὴν
1574 5327 1762 5380 θυσίαν

217 5409 296 5479 τῷ
338 5411 522 5480 Κυρίῳ
558 5414 990 5484 προσφέρεσθαι·
1022 5415 1079 5480 ἐξ
1105 5416 1347 5484 ἀνάγκης
1387 5415 1686 5484 ὀφείλουσιν
1712 5417 1760 5468 ol

1846 3195 1979 3240 sent.
2027 3199 2054 3236 a
2109 3179 2402 3235 concubitu
2471 3175 2734 3229 mulieris.
2797 3171 2901 3225 Sed
2949 3176 3002 3223 et
3049 3168 3103 3222 in
3156 3165 3388 3218 Mosaico

1847 3275 2014 3329 Exodi
2045 3274 2202 3332 libro,
2224 3271 2336 3322 haec
2357 3266 2671 3320 nominatim
2707 3262 3096 3316 instituuntur‘l
3125 3275 3138 3310 :
3170 3256 3230 3307 Et
3255 3255 3389 3307 dixit

1851 3367 2100 3420 Dominus
2129 3362 2197 3413 ad
2227 3360 2442 3419 Mosam,
2476 3353 2791 3409 Descendens
2825 3359 3111 3405 contestare
3141 3347 3388 3414 populum

1847 3460 2001 3519 hunc,
2055 3453 2274 3521 puriﬁca
2308 3467 2392 3504 eos
2433 3448 2585 3500 hodie
2615 3455 2661 3498 et
2706 3460 2844 3507 cras,
2893 3452 2940 3494 et
2985 3441 3196 3492 abluant
3239 3438 3393 3491 vesti-

1848 3558 2020 3603 menta
2045 3563 2160 3608 sua,
2191 3555 2236 3598 et
2268 3544 2444 3612 parati
2482 3541 2584 3594 sint
2621 3540 2672 3591 in
2706 3537 2839 3589 diem
2871 3535 3096 3586 tertium.
3131 3530 3261 3583 Nam
3288 3541 3394 3584 ter-

1847 3641 1921 3693 tio
1960 3639 2045 3692 die
2082 3636 2371 3690 descendet
2400 3631 2661 3683 Dominus
2695 3629 2746 3680 in
2789 3634 3022 3678 montem
3053 3623 3178 3677 Sina
3211 3635 3389 3674 coram

1852 3728 2107 3781 universo
2163 3723 2384 3793 populo.
2425 3719 2491 3774 Et
2532 3735 2742 3778 rursus,
2787 3712 3063 3768 Descendit
3125 3710 3297 3764 Moses
3333 3708 3394 3761 de

1853 3829 2022 3869 monte
2058 3816 2123 3867 ad
2155 3815 2418 3882 populum,
2463 3819 2509 3862 et
2533 3806 2878 3874 sanctificavit
2915 3819 2997 3856 eos
3037 3817 3056 3853 :
3085 3801 3393 3851 abluerunt-

1851 3922 1946 3975 que
1987 3905 2311 3957 vestimenta.
2355 3899 2420 3952 Et
2464 3900 2597 3951 dixit
2635 3897 2844 3965 populo,
2890 3893 3071 3946 Estote
3109 3891 3284 3958 parati
3313 3889 3394 3940 die

1852 3997 2027 4057 tertio,
2069 4007 2115 4046 et
2154 4009 2216 4046 ne
2244 3988 2654 4059 cangrediamini
2687 4002 2802 4039 cum
2841 3985 3077 4036 muliere.
3107 3978 3395 4032 Sanctissi-

1851 4101 1972 4140 mus
2036 4092 2214 4138 autem
2300 4079 2638 4134 Alexandriae
2714 4077 3018 4144 patriarcha
3080 4069 3394 4124 Timotheus

1857 4182 1922 4230 de
1958 4175 2058 4228 hoc
2087 4174 2486 4238 interrogatus,
2526 4168 2660 4220 dixit
2695 4182 2707 4217 :
2739 4165 2855 4217 Non
2891 4162 3083 4215 debent
3112 4160 3392 4226 coniuges.

1852 4266 1944 4334 qui
1971 4264 2258 4318 carnaliter
2287 4260 2564 4328 conjuncti
2595 4264 2743 4318 sunt,
2772 4252 3064 4322 promereri
3095 4251 3396 4304 divinarum

1858 4353 2342 4410 sanctificationum
2387 4347 2854 4419 participationem
2901 4359 2993 4412 per
3036 4342 3208 4409 ipsum
3256 4337 3396 4391 diem

1857 4443 2090 4499 carnalis
2117 4455 2301 4496 eorum
2323 4438 2654 4506 complexus.
2683 4433 2870 4502 Itaque
2891 4447 2989 4487 nos
3017 4431 3130 4484 hac
3159 4429 3237 4482 sic
3265 4424 3399 4480 dell-

1860 4535 1970 4587 nita
1995 4537 2306 4600 sequentes,
2344 4528 2578 4582 dicimus
2623 4539 2726 4578 non
2771 4537 2893 4577 esse
2931 4519 3251 4588 coniugibus
3279 4531 3398 4584 per-

1859 4621 2172 4677 mittendam
2211 4617 2688 4672 sanctificationum
2719 4610 3136 4680 perceptionem,
3171 4620 3277 4674 quo
3315 4603 3401 4657 die

1859 4712 2149 4767 carnaliter
2199 4707 2429 4775 copulati
2487 4712 2632 4760 sunt.
2683 4703 2946 4758 Addinius
3001 4708 3202 4759 autem,
3258 4694 3401 4763 quod

1859 4814 1981 4854 cum
2013 4799 2129 4866 ipse
2161 4810 2386 4864 magnus
2424 4791 2738 4845 Timotheus
2769 4791 3148 4854 interrogatus,
3177 4797 3285 4852 quo
3315 4781 3402 4836 die
3483 4855 3485 4857 ι

1858 4885 2214 4943 hebdomadis
2266 4885 2606 4938 continentes
2654 4896 2773 4934 esse
2839 4878 3070 4932 debeant
3125 4874 3401 4941 conjuges,

1860 4974 2196 5044 responderit
2227 4990 2241 5025 :
2279 4971 2515 5024 Sabbato
2539 4978 2591 5024 et
2620 4967 2917 5029 Dominico,
2949 4975 3230 5033 propterea
3259 4959 3402 5028 quod

1863 5065 2035 5132 magis
2075 5063 2243 5117 etiam
2285 5061 2336 5112 in
2365 5061 2443 5113 eis
2484 5058 2738 5126 spiritalis
2780 5057 2953 5109 hostia
2988 5055 3092 5106 Deo
3123 5051 3400 5104 offeratur.

1864 5155 1940 5208 Ac
1975 5151 2275 5206 necessario
2313 5149 2509 5202 debent
2537 5147 2793 5216 conjuges
2826 5160 2854 5196 a
2887 5151 3069 5197 mutua
3099 5138 3404 5193 communi-

1867 5243 2079 5296 catione
2117 5238 2356 5308 separari
2411 5252 2517 5304 quo
2552 5238 2638 5290 die
2685 5236 2896 5289 divinas
2948 5229 3403 5288 sanctiﬁcatimiea

1866 5335 2171 5391 assumunt,
2211 5341 2320 5380 non
2371 5323 2531 5378 modo
2564 5332 2684 5377 ante
2718 5320 3168 5374 ministrationum
3210 5318 3402 5385 ipsam,

1866 5415 1960 5471 sed
1992 5415 2151 5468 etiam
2183 5422 2300 5483 post
2331 5427 2470 5467 eam.
2493 5410 2555 5463 Et
2577 5419 2824 5478 optamus
2851 5408 3075 5479 corrigi,
3100 5405 3239 5476 quod
3271 5417 3406 5474 pra-

1503 5585 1730 5645 VARIE
1767 5585 2164 5643 LECTIONES.

298 5677 318 5716 ί
355 5678 704 5735 tentationem.
770 5680 1014 5750 “scripta
1055 5680 1315 5753 leguntur.
