3914 6332
130 390 255 450 965

922 386 1306 450 RESI’UNSA
1344 389 1443 445 AD
1485 388 2220 451 ΙΝΎΕΒΒΟΟΑΤΙΟΝΕΞ
2247 391 2507 458 MMICL

3275 399 3378 464 966

133 527 268 575 σεις
297 511 494 578 Πάσχα
532 509 718 579 Κυρίῳ
750 509 824 578 τῷ
851 509 967 579 Θεῷ
997 530 1111 565 σου.
1145 512 1424 565 Ἐντεῦθεν
1463 514 1717 583 καθαρῶς

1821 515 1903 568 bis
1933 515 2220 594 Paschatis
2257 518 2486 570 Domino
2517 516 2625 572 Deo
2657 527 2773 574 tuo.
2800 517 2928 576 Inde
2954 520 3103 576 clare
3131 520 3368 581 innuens

127 603 518 670 αἰνιττόμενος
584 601 677 652 τοῦ
751 603 1042 655 Ἰουδαϊκοῦ
1098 606 1286 674 Πάσχα
1333 603 1710 672 τῆν’παντελῆ

126 695 452 767 ἀπραξίαν,
489 695 576 748 διὰ
609 696 668 746 τὸ
695 695 787 747 τοῦ
839 697 1002 747 τόπου
1058 695 1384 764 μονώτατοι).
1447 695 1504 744 't)
1532 695 1587 746 δὲ
1634 692 1710 746 νθ¹

1812 603 2020 658 Judaici
2054 596 2336 659 Paschalis
2364 606 2572 672 plenam
2610 603 2966 672 vacationem,
3007 620 3228 679 propter
3263 613 3363 667 lori

1813 696 2263 762 singularitatem.
2292 695 2478 748 CanOn
2511 706 2692 751 autem
2722 698 2790 751 59
2817 709 3018 752 sancta:
3040 709 3093 752 et
3121 715 3365 756 tectiore-

131 787 329 839 κανὼν
382 787 478 855 τῆς
510 788 566 836 ὲν
604 787 680 855 τῷ
713 786 966 854 Τρούλλῳ
1011 786 1104 838 τοῦ
1159 787 1395 854 μεγάλου
1449 787 1712 838 παλατίου

1821 787 1950 841 nicas
1990 788 2182 857 synodi
2203 800 2405 842 coacue
2430 791 2481 842 in
2515 791 2701 844 Trullo
2735 795 2912 861 magni
2949 793 3156 861 palatii,
3188 805 3239 848 et
3273 811 3367 848 ca-

131 877 425 945 συστάσης
452 876 614 941 ἁγίας
645 877 737 928 καί
768 877 1154 945 οἰκουμενικῆς
1189 877 1426 934 συνόδου,
1459 877 1550 927 καὶ
1574 879 1600 929 ὁ
1629 876 1710 927 τπδ’

131 967 329 1019 κανὼν
362 968 455 1035 τῆς
484 969 542 1017 ἐν
577 967 907 1037 Καρθαγένῃ
945 968 1186 1029 συνόδου,
1219 967 1537 1035 καθαιρέσει
1571 966 1706 1018 καθ-

132 1057 509 1110 υποδάλλουσι
533 1059 622 1109 τὸν
645 1061 702 1110 ὲν
729 1057 1002 1126 εὐκτηρίῳ
1022 1058 1156 1126 οἴκῳ
1189 1058 1329 1109 θεῖον
1353 1058 1710 1110 ὲκτελέσαντα

133 1147 446 1214 βάπτισμα.
488 1147 823 1218 Διορίζονται
869 1148 978 1216 γὰρ
1031 1150 1088 1200 ὲν
1133 1148 1446 1209 καθολικαῖς
1511 1147 1711 1216 ἐκκλη-

131 1239 289 1298 σῖαις
310 1240 376 1288 τὰ
403 1237 753 1307 βαπτίσματα
775 1239 1039 1304 γίνεσθαι.
1087 1239 1248 1291 ’Λλλά
1282 1239 1374 1291 καί
1391 1242 1417 1290 ὀ
1434 1238 1511 1290 λα’
1533 1237 1711 1290 κανὼν

123 1328 236 1392 τῆς
269 1329 325 1378 ὲν
355 1328 430 1396 τῷ
459 1329 710 1398 Τροὺλλῳ
747 1330 986 1392 συνόδου,
1020 1331 1113 1381 καί
1143 1332 1169 1382 ό
1201 1331 1264 1400 ιβ’
1311 1327 1490 1382 κανὼν
1519 1329 1619 1396 τῆς
1655 1331 1712 1380 ὲν

125 1416 216 1485 τῷ
252 1417 365 1486 ναῷ
395 1419 501 1471 τῶν
553 1419 722 1486 ἁγίων
775 1419 1096 1472 ἀποστόλων
1144 1421 1419 1488 συστάσης
1471 1422 1709 1483 συνόδου,

127 1508 522 1560 διατάττονται
564 1511 700 1578 μετὰ
739 1509 1092 1579 ἐκχωρήσεως
1125 1513 1486 1575 ὲπισκοπικῆς
1511 1510 1605 1561 καὶ
1633 1511 1712 1572 εἰς

127 1597 463 1668 εὐκτηρίους
492 1598 674 1660 οίκους
707 1601 976 1652 τελεῖσθαι
1011 1599 1384 1668 βαπτίσματα.
1431 1599 1488 1651 Ὀ
1527 1600 1712 1668 μέντοι

128 1691 387 1758 ἀοίδιμος
415 1690 665 1757 βασιλεὺς
691 1691 877 1760 κύριος
909 1691 1084 1755 Λέων,
1109 1694 1135 1744 ό
1161 1694 1342 1759 σοφὸς,
1376 1690 1586 1758 βλέπων
1614 1691 1711 1759 τὴν

129 1777 422 1848 ὀρθὸδοξον
471 1777 653 1829 πίστιν
712 1779 1118 1848 εὑθηνουμένην
1173 1779 1248 1842 ὡς
1295 1779 1575 1847 ἄμπελον,
1619 1779 1712 1830 καὶ

130 1868 513 1936 αἰξανομένην
562 1868 639 1931 ὡς
671 1871 903 1937 νεόφυτα
953 1870 1170 1933 ἐλαιῶν,
1219 1869 1406 1938 κύκλῳ
1445 1860 1544 1938 τῆς
1578 1886 1710 1937 τρα-

134 1959 321 2028 πέζης
357 1960 464 2011 τῶν
507 1959 710 2028 ταύτης
754 1959 1081 2028 ἐκκλησιῶν,
1131 1959 1422 2029 διωρίσατο
1455 1961 1509 2012 ὲν
1546 1957 1587 2010 δ’
1617 1959 1711 2010 καὶ

133 2052 200 2100 ὲν
246 2055 305 2100 ιε’
352 2050 540 2120 Νεαρᾷ
584 2050 911 2119 θεσμοθεσία
964 2050 1130 2102 αὑτοῦ
1185 2051 1258 2119 μὴ
1297 2051 1455 2119 μόνον
1501 2050 1710 2112 είς-τὰς

134 2145 441 2214 ἐκκλησίας
492 2144 624 2198 ἀλλά
673 2145 767 2197 καὶ
826 2146 907 2206 εἰς
954 2145 1081 2206 τοὺς
1137 2143 1458 2212 εὐκτηρίους
1529 2145 1710 2205 οἴκους

134 2237 505 2297 ἁδιαστίκτως
529 2236 924 2306 ἰεροτελεστίας
948 2237 1040 2290 καὶ
1074 2236 1422 2306 βαπτίσματα
1445 2235 1706 2302 γίνεσθαι.

134 2327 236 2378 Διὸ
270 2328 408 2378 κατὰ
437 2327 535 2395 τὴν
573 2327 775 2378 τούτων
806 2325 1116 2396 περίληψιν,
1148 2327 1176 2376 ὁ
1207 2327 1342 2395 μετὰ
1371 2326 1710 2396 ἀντιμινσίου

135 2418 505 2488 ἱερουργήσας
531 2458 545 2481 ,
577 2417 610 2486 ἢ
645 2417 912 2484 βαπτίσας
961 2420 1039 2480 εἰς
1083 2419 1369 2486 εὐκτήριον
1416 2415 1595 2480 οἷκον,
1637 2417 1711 2487 μὴ

137 2507 437 2577 ίερωθέντα
467 2508 532 2561 δι’
574 2510 869 2574 ὲγκαινίων
899 2508 1166 2572 ἁνοιξίων,
1200 2509 1293 2560 καὶ
1321 2507 1411 2560 τοῦ
1451 2510 1708 2580 συνήθους

134 2598 516 2668 ἑνθρονισμοῦ,
547 2600 634 2652 ναὶ
662 2599 846 2669 μέντοι
892 2601 983 2652 καὶ
1012 2599 1101 2651 διὰ
1131 2599 1400 2668 λειψάνων
1431 2599 1598 2664 ἁγίων
1625 2600 1710 2650 ὲν-

136 2689 442 2760 σοριασμοῦ
472 2691 661 2762 (ταῦτα
695 2691 800 2761 γάρ
847 2693 952 2742 εἰσι
987 2690 1094 2743 τῶν
1143 2691 1439 2743 καθολικῶν
1476 2691 1707 2758 Ἐκκλη-

137 2783 277 2834 σιῶν
306 2781 832 2851 ἀποθησαυρίσματα
857 2782 948 2834 καὶ
971 2779 1417 2849 ὑψώματα),’ἀλλ’
1444 2781 1522 2842 εἰς
1547 2782 1711 2850 εὐχὴν

135 2874 398 2943 οἰκιακὴν
428 2873 789 2942 ἀφορισθέντα
821 2871 1049 2937 πιστῶν,
1081 2871 1114 2941 ἦ
1148 2874 1228 2934 εἰς
1263 2871 1500 2924 οἰκίσκον
1528 2873 1713 2925 πλοια-

141 2964 264 3031 ρίου
308 2964 450 3023 τινδς
495 2962 968 3030 ἀποταμιευθέντα
1013 2962 1152 3033 Θεῷ,
1206 2962 1302 3015 καὶ
1330 2962 1508 3030 ἁγίαις
1542 2963 1711 3014 εἰκόσι

139 3052 552 3121 κοσμούμενον,
607 3053 668 3105 οὐ
724 3053 1214 3123 προκριματισθείη
1264 3053 1340 3116 ὡς
1393 3054 1714 3123 παραϐάτης

1813 894 1921 932 non
1977 879 2046 933 84
2089 879 2281 950 synodi
2348 880 2818 951 Carthaginensis,
2867 885 3188 950 depositioni
3236 889 3367 941 sub-

1808 968 2008 1038 jiciunt
2083 984 2232 1032 eum,
2317 969 2517 1039 quiin
2573 975 2812 1025 oratoria
2888 974 3049 1028 domo
3125 975 3369 1028 divinum

1814 1060 2106 1128 perﬁciunt
2135 1061 2424 1128 baptisma.
2481 1061 2740 1116 Statuunt
2767 1063 2913 1118 enim
2946 1066 3272 1132 baptismata
3315 1069 3369 1121 in

1815 1150 2101 1204 catholicis
2146 1149 2408 1206 Ecclesiis
2439 1153 2635 1207 debere
2663 1149 2802 1208 ﬁeri.
2860 1155 2964 1208 Sed
2994 1163 3047 1209 et
3080 1157 3142 1210 31
3194 1173 3366 1210 canon

1813 1241 2000 1310 synodi
2023 1241 2074 1294 in
2105 1241 2312 1302 Trullo,
2374 1248 2431 1296 et
2485 1242 2553 1294 12
2594 1257 2769 1296 canon
2811 1246 3003 1313 synodi
3059 1255 3260 1300 coacta:
3317 1247 3368 1297 in

1817 1333 2016 1401 templo
2053 1341 2366 1388 sanctorum
2419 1335 2812 1401 apostolorum,
2848 1337 3189 1389 constituunt
3225 1346 3283 1388 ut
3319 1344 3370 1387 et

1814 1421 1867 1474 in
1899 1423 2153 1475 oratoriis
2175 1421 2431 1476 domibus
2455 1424 2776 1492 baptismata
2803 1424 2932 1478 ﬂant
2959 1442 3080 1478 cum
3101 1427 3367 1493 permissu

1813 1512 2078 1580 episcopi.
2140 1512 2383 1582 lnclytus
2438 1529 2570 1566 sane
2620 1515 2914 1582 imperator
2971 1516 3226 1569 dominus
3261 1515 3370 1566 Leo

1813 1601 2194 1670 philosoPhus,
2226 1602 2416 1655 videns
2442 1603 2803 1656 orthodoxam
2853 1604 3010 1657 ﬁdem
3066 1605 3370 1657 exuberan-

1813 1701 1916 1743 tem
1937 1699 1996 1744 ut
2025 1692 2211 1756 vitem,
2241 1699 2294 1746 et
2320 1704 2654 1747 crescentem
2710 1702 2767 1746 ut
2816 1695 3080 1747 olivarum
3122 1695 3370 1763 palmites

1813 1777 1866 1830 in
1926 1779 2160 1832 circuitu
2220 1793 2421 1831 mensae
2483 1779 2840 1834 ecclesiarum
2907 1781 3047 1850 ejus,
3131 1780 3374 1836 deﬁnivit

1813 1868 1869 1921 in
1898 1868 1929 1920 ι
1962 1877 2016 1922 et
2042 1869 2107 1922 l5
2149 1866 2390 1930 Novella,
2439 1883 2550 1922 non
2588 1879 2797 1923 tantum
2845 1869 2898 1923 in
2945 1870 3231 1926 catholicis
3269 1888 3372 1927 ec-

1813 1959 2022 2021 clesiis,
2057 1960 2149 2013 sed
2175 1968 2226 2012 et
2254 1959 2306 2011 in
2333 1962 2592 2013 oratoriis
2627 1961 2879 2014 domibus
2926 1960 3240 2018 indistincte
3284 1978 3373 2017 sa-

1811 2065 1901 2103 cra
1936 2049 2260 2111 ministeria,
2316 2057 2369 2102 et
2432 2051 2756 2118 baptismata
2816 2051 2952 2106 ﬁeri.
2999 2050 3368 2117 Quamobrem

1808 2137 1963 2205 juxta
2001 2137 2192 2190 harum
2255 2145 2524 2200 tenorem,
2562 2138 2652 2206 qui
2685 2151 2807 2190 cum
2850 2137 3181 2190 antimensio
3213 2152 3370 2192 sacra

1814 2227 2025 2290 fecerit,
2095 2236 2189 2280 aut
2230 2227 2583 2294 baptisaverit
2624 2227 2678 2281 in
2731 2227 2965 2281 oratoria
3027 2227 3207 2292 domo,
3262 2242 3372 2283 non

1813 2327 2134 2373 consecrata
2165 2333 2262 2387 per
2291 2317 2619 2371 initiatorias
2653 2318 3049 2379 dedicationes,
3081 2327 3135 2371 et
3172 2317 3372 2370 solem-

1814 2424 1936 2464 nem
1966 2409 2142 2464 throni
2187 2407 2689 2476 inaugurationem,
2750 2409 2883 2476 quin
2948 2415 2999 2460 et
3032 2422 3124 2475 per
3152 2414 3374 2459 sancta-

1813 2515 1933 2554 rum
1969 2499 2320 2566 reliquiarum
2376 2496 2643 2549 tumulum
2719 2496 2796 2564 (hi
2847 2496 2991 2549 enim
3024 2503 3151 2549 sunt
3183 2494 3374 2547 catho-

1814 2594 2040 2646 licarum
2067 2590 2435 2644 Ecclesiarum
2471 2590 2713 2643 thesauri
2747 2597 2799 2642 et
2824 2586 3227 2656 exaltationes),
3277 2587 3369 2641 scd

1817 2685 1868 2736 in
1895 2682 2250 2737 domesticam
2282 2680 2587 2735 orationem
2626 2679 2866 2734 ﬁdelium
2900 2685 3170 2748 separata,
3199 2686 3291 2730 aut
3317 2678 3370 2729 in

1815 2775 2012 2845 navigii
2051 2774 2278 2840 alicujus
2311 2772 2641 2825 domuncula
2675 2770 2781 2824 Deo
2802 2771 3097 2833 destinata,
3154 2780 3207 2822 et
3249 2783 3375 2821 san-

1815 2864 1923 2918 ctis
1983 2863 2309 2931 imaginibus
2339 2870 2551 2927 ornata,
2583 2876 2688 2914 non
2715 2861 2951 2928 patietur
2982 2858 3374 2929 prejudicium,

1816 2953 2041 3024 perinde
2075 2969 2137 3006 ac
2171 2954 2214 3007 si
2245 2967 2514 3007 canonum
2550 2961 2916 3021 transgressor
2943 2962 3108 3016 esset,
3142 2952 3376 3005 nullam-

1815 3063 1922 3117 que
1957 3062 2142 3101 eorum
2170 3045 2433 3099 rationem
2471 3044 2773 3098 habuisset.
2799 3043 2889 3097 Sic
2922 3044 3068 3097 enim
3095 3042 3373 3104 etclerici,

142 3145 392 3200 κανόνων
419 3144 513 3198 καὶ
553 3143 860 3213 ἀδιάφορος.
902 3144 1057 3197 Οῦτω
1087 3144 1194 3214 γὰρ
1226 3144 1320 3198 καὶ
1346 3143 1395 3195 οἰ
1431 3144 1567 3213 μετὰ
1609 3143 1714 3196 τῶν

1821 3141 1911 3209 qui
1947 3147 2073 3194 sunt
2104 3139 2159 3192 in
2199 3139 2587 3203 imperatorum
2636 3137 2919 3199 comitatu,
2957 3135 3009 3187 in
3041 3135 3248 3201 campis
3280 3147 3374 3186 so-

143 3239 567 3310 αὐτοκρατόρων
635 3241 895 3307 ἑπόμενοι
964 3238 1249 3308 κληρικοί,
1315 3237 1395 3299 εἰς
1456 3237 1713 3300 πεδιάδας

143 3329 394 3398 ἐρήμους
471 3329 774 3399 ἰερουργεῖν
852 3328 1265 3391 δεδικαίωνται,
1356 3326 1496 3379 κατὰ
1556 3328 1714 3395 μόνον

143 3418 211 3471 τδ
265 3419 346 3480 εἰς
389 3419 687 3488 ἐκκλησίαν
742 3418 1039 3488 ἀφορισθέν
1101 3416 1423 3489 βαμὸίκινον
1472 3415 1717 3469 οἰκισκὰ-

150 3525 295 3578 ριον.

220 3597 542 3665 Ἐρώτησις
569 3598 653 3650 ιδ’.
690 3597 1010 3657 ’Λκινδῦνως
1046 3597 1388 3666 ἱερουργήσει
1420 3611 1503 3655 τις
1532 3593 1712 3662 ῆσυν-

151 3691 365 3753 ε’ξεται
416 3689 551 3756 μετὰ
605 3688 913 3758 αἱρετικῶν,
973 3687 1301 3741 Ἰακωὸιτῶν
1359 3685 1561 3753 δηλαδὴ
1627 3684 1717 3736 καὶ

149 3781 553 3850 Νεστοριανῶν,
588 3782 664 3842 εἰς
719 3779 1015 3849 ἐκκλησίαν
1067 3778 1268 3840 αὐτῶν,
1319 3778 1429 3828 εἴτε
1469 3775 1573 3844 μὴν
1624 3775 1716 3826 καὶ

152 3872 460 3940 ἡμετέρανο
487 3871 519 3938 ἢ
553 3871 735 3938 κοινῆς
767 3870 886 3938 μετ’
918 3870 1093 3920 αὐτῶν
1127 3869 1370 3938 μετάσχῃ
1403 3865 1712 3935 τραπέζης’

151 3967 188 4035 ἦ
224 3965 433 4035 ποιήσει
483 3965 739 4033 ἁνάδοχον
778 3964 841 4015 ὲκ
890 3962 983 4015 τοῦ
1029 3964 1184 4030 ἁγίου
1241 3961 1640 4031 βαπτίσματος·
1681 3959 1713 4028 ἢ

155 4057 556 4126 κατοιχομένων
639 4056 857 4124 ποιήσει
932 4055 1292 4124 μνημόσυνα’
1344 4052 1375 4120 ἢ
1425 4049 1718 4122 μεταδώσει

154 4147 266 4199 τῶν
336 4147 495 4198 θείων
571 4147 923 4213 ἁγιασμάτων
989 4145 1206 4208 αὑτοῖς;
1272 4143 1338 4194 ’Π
1393 4140 1721 4210 στενοχωρία

157 4237 268 4306 γὰρ
295 4236 389 4287 τοῦ
424 4236 589 4289 τόπου
636 4234 808 4287 πολλὰ
853 4234 1077 4288 τοιαῦτα
1112 4235 1275 4285 ποιεῖ.
1327 4233 1437 4285 Καὶ
1486 4231 1634 4299 ζητῶ
1661 4231 1721 4282 τὸ

157 4326 430 4396 ποιητέον.

245 4416 364 4468 Ἀπ.
397 4414 487 4484 Μὴ
521 4415 637 4466 δότε
677 4413 745 4467 τὰ
777 4413 910 4482 ἅγια
958 4415 1067 4475 τοῖς
1123 4411 1279 4464 κυσὶν
1311 4411 1358 4482 (ὁ
1390 4411 1592 4480 Κύριος
1629 4411 1721 4464 καὶ

1817 3233 2011 3287 litariis
2046 3247 2200 3286 sacra
2227 3232 2330 3286 rite
2365 3232 2542 3284 facere
2573 3236 2893 3291 censentur,
2927 3227 3031 3280 sub
3070 3225 3188 3278 solo
3226 3225 3374 3278 born—

1815 3323 2032 3394 bycino,
2071 3322 2214 3394 quod
2245 3330 2326 3378 est
2358 3323 2599 3378 ecclesiae
2621 3320 2970 3381 destinatum,
3000 3315 3261 3371 tentorio.

1887 3601 2053 3655 Inter.
2095 3601 2182 3654 Η.
2214 3603 2296 3654 An
2327 3600 2446 3655 sine
2480 3601 2727 3670 periculo
2761 3613 2913 3654 sacra
2947 3598 3030 3653 vel
3066 3605 3187 3651 vota
3215 3596 3377 3651 simul

1820 3692 1976 3746 l'..ciet
2009 3691 2204 3759 aliquis
2226 3706 2346 3744 cum
2394 3692 2686 3755 lmreticis,
2720 3690 2980 3746 Jacobitis
3023 3689 3270 3743 videlicet
3325 3695 3379 3743 et

1818 3782 2174 3848 Nestorianis,
2217 3785 2270 3836 in
2310 3799 2494 3837 eorum
2530 3783 2782 3845 ecclesia,
2818 3782 2898 3836 vel
2959 3783 3124 3834 etiam
3176 3781 3228 3834 iu
3277 3793 3380 3833 no-

1820 3879 1960 3935 stra,
1989 3878 2080 3923 aut
2117 3881 2457 3925 communem
2483 3886 2604 3924 cum
2643 3872 2708 3926 iis
2735 3870 3081 3940 participabit
3113 3883 3378 3929 mensam,

1822 3969 1914 4014 aut
1940 3960 2098 4015 faciet
2124 3977 2188 4015 ex
2217 3970 2410 4014 sancto
2431 3961 2644 4014 lavacro
2678 3969 3074 4030 susceptorem,
3109 3968 3200 4011 aut
3230 3974 3381 4011 mor-

1821 4061 2036 4105 tuorum
2072 4050 2375 4105 celebrabit
2429 4052 2745 4113 memorias,
2811 4058 2903 4103 aut
2959 4050 3219 4119 largietur
3274 4046 3382 4100 illis

1820 4142 2035 4196 divinas
2128 4141 2640 4195 sanctiﬁcationes?
2719 4139 2852 4193 Nam
2933 4140 3037 4193 loci
3121 4142 3382 4209 angustia:

1822 4233 1992 4285 multa
2046 4230 2359 4301 huiusmodi
2426 4229 2656 4285 faciunt.
2730 4231 2926 4296 Quer
2985 4233 3117 4304 quid
3175 4232 3383 4286 facien-

1821 4321 1972 4375 dum.

1896 4410 2017 4465 Res.
2049 4410 2128 4468 Ne
2150 4412 2290 4468 detis
2314 4423 2503 4468 sancta
2542 4414 2797 4479 canibus,
2846 4413 3069 4482 (inquit,
3122 4412 3382 4468 Dominus

157 4506 290 4566 Θεὸς
319 4505 476 4573 ήμῶν
505 4505 771 4575 εἴρηκεν),
813 4505 946 4576 μηδὲ
980 4504 1176 4573 βάλητε
1207 4504 1331 4565 τοὺς
1383 4502 1720 4571 μαργαρίτας

1825 4509 1878 4556 et
1913 4503 2053 4557 Deus
2083 4504 2288 4572 noster)
2322 4519 2421 4557 nec
2447 4504 2748 4572 projiciatis
2775 4506 3092 4572 margaritas
3110 4515 3234 4558 ante
3261 4519 3385 4570 por-

160 4596 269 4646 τὼν
295 4597 491 4665 χοίρων
519 4596 868 4665 ἐπίπροσθεν.
908 4596 1008 4648 Διά
1053 4612 1131 4648 τοι
1162 4594 1320 4646 τοῦτο
1348 4596 1440 4647 καὶ
1465 4597 1491 4646 ό
1518 4594 1586 4657 ξδ’
1622 4611 1721 4646 καφ

163 4685 268 4738 νὼν
293 4687 400 4740 τῶν
433 4687 778 4757 θεοκηρύκων
805 4688 975 4756 ἁγίων
997 4687 1307 4740 ἀποστόλων
1335 4686 1517 4756 φησὶν,
1547 4684 1613 4738 Εἴ
1638 4701 1721 4747 τις

167 4777 427 4849 κληρικδς
455 4780 488 4851 ἢ
533 4777 721 4842 λαῖκὺς
751 4779 969 4848 εἰσέλθῃ
994 4780 1071 4840 είς
1110 4777 1426 4846 συναγωγὴν
1454 4776 1720 4829 Ἰουδαίων

167 4868 198 4938 ἦ
258 4868 545 4936 αἰρετικῶν
593 4869 1014 4938 προσεύξασθαι,
1069 4867 1436 4938 καθαιρείσθω
1481 4868 1575 4919 καὶ
1617 4869 1720 4934 ἀφ-

170 4959 452 5027 οριζέσθω.
482 4959 592 5012 Καὶ
615 4962 641 5012 ὁ
660 4958 740 5028 λγ¹
759 4959 939 5013 κανὼν
959 4959 1058 5027 τῆς
1088 4961 1145 5011 ὲν
1175 4958 1458 5027 Λαοδικείᾳ
1484 4958 1720 5021 συνόδου,

173 5050 305 5106 ἀλλὰ
345 5048 451 5117 μὴν
483 5050 578 5100 καὶ
608 5051 634 5102 ό
661 5047 714 5113 ς’
742 5039 888 5102 καὶό
926 5049 1022 5108 λδ’,
1071 5048 1242 5101 ταῦτὰ
1289 5065 1416 5117 φησι
1465 5050 1592 5118 περὶ
1630 5045 1722 5099 τοῦ

172 5139 471 5206 συγχωρεῖν
524 5140 632 5200 τοῖς
669 5139 962 5208 αἱρετικοίς
1001 5138 1226 5188 εἰσιέναι
1261 5137 1341 5199 εἰς
1377 5132 1522 5188 οἷκον
1565 5134 1721 5202 Θεοῦ,

173 5229 485 5296 ἐπιμένουσι
517 5232 582 5298 τῇ
628 5230 859 5300 αἰρέσει,
897 5230 978 5281 ὅτι
1008 5229 1081 5281 Οὐ
1116 5228 1196 5280 δεῖ
1252 5228 1514 5297 αἱρετικῷ
1544 5228 1576 5298 ἢ
1607 5244 1723 5297 σχι-

175 5319 419 5390 σματικῷ
444 5320 947 5390 συνεύχεσθαι.”οτι
968 5321 1026 5372 οὐ
1053 5321 1132 5371 δεῖ
1151 5320 1468 5388 Χριστιανὸν
1495 5323 1727 5386 ἐγκατα-

175 5409 377 5463 λείπειν
419 5413 700 5481 μάρτυρας
737 5410 996 5482 Χριστοῦ,
1032 5412 1127 5463 καὶ
1157 5411 1376 5462 ἀπιέναι
1419 5411 1554 5479 προς
1602 5410 1725 5472 τοὺς

173 5505 615 5577 ψευδομάρτυρας
634 5521 648 5534 ·
672 5507 946 5557 τουτέστιν
969 5504 1295 5572 αἰρετικοὺς,
1319 5503 1351 5572 ἢ
1375 5503 1569 5564 αὐτοὺς
1602 5504 1726 5565 τοὺς

179 5595 597 5664 προειρημένους
646 5595 958 5665 αἰρετικοὺς
1014 5595 1356 5662 γενομένους.
1416 5588 1575 5647 Οὗτοι
1620 5597 1728 5663 γὰρ

179 5687 441 5757 ἀλλότριοι
474 5685 568 5738 τοῦ
595 5687 728 5738 Θεοῦ
763 5687 1141 5756 τυγχάνουσιν.
1173 5687 1452 5742 Ἔστωσαν
1482 5685 1574 5738 οὖν
1602 5688 1730 5738 ἀνά-

183 5779 316 5849 θεμα
351 5780 398 5832 οἰ
429 5779 786 5849 ἀπερχόμενοι
815 5778 950 5848 πρὸς
970 5764 1182 5841 αὐτούς.
1215 5779 1311 5842 Διά
1337 5795 1416 5830 τοι
1447 5777 1603 5831 τοῦτο
1633 5780 1725 5831 καὶ

1823 4607 1939 4648 cos.
1971 4591 2090 4658 Qua
2128 4593 2195 4648 de
2215 4609 2380 4648 causa
2418 4602 2472 4647 et
2505 4597 2882 4664 sexagesimus
2921 4604 3153 4664 quartus
3202 4609 3379 4648 canon

1823 4686 1914 4741 Dei
1944 4703 2254 4756 praeconum
2283 4695 2596 4743 sanctorum
2625 4687 2993 4757 apostolorttm
3025 4686 3098 4738 ait
3123 4703 3136 4738 :
3167 4684 3221 4737 Si
3258 4686 3381 4753 quis

1823 4777 2082 4840 clericus,
2108 4788 2203 4830 aut
2235 4778 2429 4842 laicus,
2456 4778 2651 4831 orandi
2691 4791 2858 4831 causa
2893 4776 3174 4844 ingressus
3223 4774 3383 4830 fuerit

1824 4865 1880 4920 in
1914 4881 2245 4936 synagogam
2275 4865 2611 4932 Iudaeorum,
2644 4869 2727 4920 vel
2774 4865 3175 4930 hereticorum,
3215 4864 3381 4932 depo—

1825 4966 1985 5011 natur
2009 4966 2062 5012 et
2107 4958 2629 5012 excommunicetur.
2689 4956 2755 5010 Et
2813 4957 3126 5028 trigesimus
3191 4955 3384 5008 tertius

1825 5063 2000 5103 canon
2035 5047 2350 5101 Laodicenas
2412 5049 2641 5118 synodi,
2681 5047 2810 5102 item
2843 5057 3032 5102 sextus
3079 5053 3132 5099 et
3171 5044 3384 5113 trigesi~

1827 5155 1950 5193 mus
1974 5146 2228 5208 quartus,
2257 5137 2370 5192 hmc
2400 5141 2474 5192 ait
2513 5141 2575 5194 de
2598 5138 2755 5194 venia
2790 5137 2966 5191 danda
3016 5135 3294 5189 haereticis
3328 5135 3380 5187 in

1827 5245 1925 5286 sua
1951 5232 2140 5285 haeresi
2171 5231 2545 5297 perstantibus
2579 5229 2918 5299 ingrediendi
2963 5227 3186 5281 domum
3240 5224 3335 5278 Dei
3365 5241 3379 5277 :

1828 5323 1973 5392 quod
2002 5337 2110 5376 non
2135 5331 2349 5392 Oportet
2382 5339 2489 5377 una
2523 5337 2646 5374 cum
2687 5320 2940 5374 haeretico
2989 5320 3072 5372 vel
3119 5318 3387 5372 schisma-

1832 5415 1940 5467 lico
1970 5430 2128 5468 orare
2172 5435 2184 5466 :
2219 5415 2376 5480 Quod
2406 5431 2516 5469 non
2548 5421 2762 5485 Oportet
2803 5414 2970 5466 ullum
3010 5411 3385 5466 Christianum

1829 5504 2032 5560 Christi
2061 5515 2332 5577 martyras
2364 5508 2701 5576 relinquere,
2735 5515 2784 5561 et
2819 5507 2884 5560 ad
2911 5504 3078 5557 falsos
3099 5510 3388 5571 martyras,

1830 5595 1933 5648 hoc
1963 5605 2046 5650 est
2077 5596 2380 5656 haereticos,
2424 5599 2594 5663 abire,
2627 5598 2708 5650 vel
2731 5612 2848 5658 eos,
2880 5595 2970 5664 qui
3004 5592 3161 5662 prius
3206 5593 3379 5643 haere-

1836 5687 1924 5740 tici
1950 5686 2121 5740 fuere.
2161 5686 2228 5740 lli
2273 5688 2419 5741 enim
2453 5698 2581 5742 sunt
2621 5704 2648 5740 a
2677 5687 2784 5741 Deo
2841 5685 3026 5739 alieni.
3083 5683 3205 5737 Sint
3252 5695 3382 5748 ergo

1835 5776 2144 5844 anathema,
2175 5775 2272 5843 qui
2303 5775 2368 5830 ad
2399 5789 2492 5830 eos
2519 5777 2738 5830 abeunt.
2776 5775 2903 5828 Eam
2929 5776 2998 5829 ob
3036 5788 3147 5827 rem
3182 5782 3236 5825 et
3286 5781 3384 5822 nos
