3914 6332
91 400 250 464 969

981 398 1355 456 RESI‘UNSA
1396 399 1494 456 AD
1540 397 2259 462 lNTEliROGATIONES
2301 405 2557 470 MARCL

3223 412 3329 476 970

77 525 228 588 τῆς
287 524 434 583 θείας
487 523 892 591 ἱεροτελεετίας.
952 525 1044 576 καὶ
1098 525 1196 590 τῆς
1228 521 1530 584 τελευταίας
1586 522 1675 574 τοῦ

1785 522 1982 575 ultimre
2013 523 2364 575 sacrilicautis
2394 520 2718 590 precationis
2769 523 3325 593 remuneratioulsquo

79 617 144 662 ἱε
163 614 538 681 ρουργοῦντος
563 614 741 680 εὐχῆς,
800 614 892 666 καὶ
944 615 1035 665 τοῦ
1064 612 1353 682 ἀντιδὼρου
1383 613 1484 681 τῆς
1518 630 1680 676 μετα-

79 701 369 768 λήψεως,
430 700 806 769 ψηφιζόμεθν
850 701 944 752 καὶ
1005 703 1116 762 τοῖς
1159 700 1298 752 οῦτω
1350 704 1423 770 μὴ
1471 701 1678 753 ποιοῦσι

79 793 227 858 τὴν
249 795 313 842 ἐκ
345 791 434 843 τοῦ
463 793 682 853 κανόνος
715 792 1026 860 ἑπισείομεν
1059 793 1450 858 ἀγανάκτησιν.
1498 794 1678 844 Μετα-

80 881 424 948 λαμϐάνειν
453 883 507 934 δὲ
538 882 731 943 αὐτοὺς
759 882 856 932 οῦκ
891 881 1288 947 ἀναγκάζομεν,
1325 881 1411 934 διὰ
1455 881 1550 949 τὴν
1582 884 1679 950 τῆς

83 971 484 1037 συνειδήσεως
513 971 761 1038 βάσανον.
799 970 1131 1036 Προσεκτέον
1161 965 1272 1030 οῦν,
1297 971 1436 1022 κατὰ
1458 970 1556 1040 τὴν
1583 971 1675 1023 τοῦ

85 1061 386 1126 ῥηθέντος
432 1061 647 1119 κανόνος
694 1059 1002 1128 περίληψιν,
1061 1063 1135 1128 μὴ
1195 1059 1540 1120 ἀσυντάκτως
1610 1063 1675 1113 ἐκ

81 1152 225 1211 τῆς
281 1151 586 1217 ἱερουργίας
640 1150 937 1217 ὑποχωρεῖν
992 1153 1115 1210 τοὺς
1177 1150 1671 1218 ἐκκλησιάζοντας

83 1240 240 1288 ἀλλ’
264 1238 384 1290 ἐπεὶ
410 1237 474 1288 αὖ
488 1254 542 1306 τη
577 1237 639 1288 ἐκ
662 1253 719 1287 τε
753 1239 849 1305 τῆς
883 1236 1120 1300 Παλαιᾶς
1148 1237 1419 1305 Διαθήκης
1445 1240 1535 1288 καὶ
1563 1237 1662 1304 τῆς

81 1329 269 1389 Νέας
305 1331 383 1386 εἰς
427 1329 550 1394 μίαν
599 1329 898 1392 ταυτότητα
935 1327 1316 1394 μεγαλύνεται,
1381 1330 1473 1378 καὶ
1507 1327 1669 1396 μέχρι

87 1419 227 1485 μὲν
257 1418 357 1485 τῆς
386 1418 492 1469 τῶν
532 1419 701 1483 ἁγίων
746 1417 1090 1483 Εὑαγγελίων
1133 1416 1535 1484 ἀνακηρύξεως,
1574 1418 1670 1484 τῆς

82 1511 411 1575 Δαυῖτικῆς
442 1510 664 1576 κινύρας
716 1508 782 1560 τὰ
815 1507 1065 1576 ψαλτῳδή
1078 1523 1222 1576 ματα
1249 1507 1338 1558 τοῦ
1377 1507 1668 1575 μυστηρίου

82 1600 212 1665 τὴν
247 1597 472 1662 δύναμιν
515 1595 835 1663 ἀγιὰξουσιο
874 1597 1008 1665 μετά
1043 1597 1100 1648 δὲ
1135 1595 1335 1664 ταύτην
1382 1595 1480 1662 τῆς
1524 1598 1672 1649 ἀναι-

84 1690 331 1754 utisz
359 1687 539 1750 θυσίας
570 1689 872 1752 ἀνοίγονται
899 1689 964 1739 τὰ
994 1687 1276 1755 προαύλια,
1309 1687 1668 1755 ἐπιτρέποντα

85 1782 205 1830 καὶ
238 1782 352 1839 τοῖς
376 1779 682 1847 ἀρχιερεῦσι
712 1779 770 1829 τὸ
798 1778 893 1845 μὲν
928 1778 1234 1845 ὲπωμάδιον
1269 1778 1574 1846 ὠμοφόριον
1607 1778 1663 1828 τὸ

87 1872 185 1930 εἰς
249 1869 416 1920 τύπον
464 1868 556 1920 τοῦ
605 1868 776 1934 ἀμνοῦ
818 1867 1234 1936 καλλιτεχνηθὲν
1287 1867 1656 1928 ἀποτίθεσθαι,

89 1960 584 2029 μεταχειρίζεσθαι
607 1961 661 2012 δὲ
686 1961 779 2012 τοῦ
809 1959 1038 2030 ἀληθοῦς
1064 1960 1155 2012 καὶ
1177 1958 1434 2020 ζωοποιοῦ
1460 1959 1658 2026 ’Δμνοῦ

87 2053 156 2102 τὸ
198 2053 534 2119 μυστήριον
564 2052 612 2102 εί
651 2051 748 2119 μὲν
781 2053 827 2102 οί
856 2049 1300 2118 ἐκκλησιάζοντες
1336 2049 1495 2111 εὐθὺς
1528 2047 1660 2116 μετά

87 2144 167 2193 τὰ
223 2143 354 2208 ἆγια
419 2141 748 2207 Εὐαγγέλια,
798 2139 1132 2208 αὐθαιρέτως
1197 2139 1660 2206 ὑποχωρήσουσιν,

88 2234 209 2282 οὐκ
240 2231 646 2299 αἰτιαθήσονται
677 2247 692 2262 ο
731 2232 779 2281 ει
817 2230 872 2281 δὲ
923 2230 1057 2297 μετά
1110 2231 1206 2295 τὴν
1251 2229 1525 2296 καταρχὴν
1566 2228 1661 2295 τῆς

89 2321 453 2385 ἁνειιμάκτον
481 2318 670 2379 θυσίας
693 2317 787 2369 καὶ
824 2318 1114 2385 μυστικῆς,
1167 2317 1240 2378 ὡς
1292 2317 1514 2369 ἄτακτοι
1568 2319 1660 2370 καὶ

95 2392 496 2460 σκανδαλισταὶ
527 2407 746 2467 δικαίως
771 2407 1248 2475 ἀφορισθήσονται.

189 2497 513 2562 Ἐρώτησις
546 2496 630 2556 ιζ’.
687 2497 749 2547 Οί
810 2496 942 2564 μετά
982 2495 1074 2546 τοῦ
1125 2496 1422 2563 ἀρχιερέως
1454 2495 1487 2562 ἦ
1525 2493 1660 2561 μετὰ

93 2587 199 2637 τοῦ
223 2587 412 2654 ἱερέως
440 2585 970 2654 συλλειτουργοῦντες
988 2585 1242 2644 διάκονοι,
1270 2585 1656 2653 ἀπαραιτήτως

97 2674 552 2741 μεταλαμϐάνειν
573 2673 895 2739 ὀφείλουσιν,
927 2671 959 2738 ἢ
1000 2671 1094 2736 οὖς

194 2762 330 2814 ⁹Λπ.
370 2764 427 2813 '0
450 2761 498 2828 η’
532 2761 712 2814 κανὼν
732 2761 837 2813 τῶν
864 2761 1032 2827 ἁγίων
1066 2761 1371 2812 ἀποστόλων
1391 2761 1530 2812 οὓτω
1557 2778 1658 2829 φη-

95 2855 213 2914 σίν,
277 2853 341 2904 Εἴ
372 2868 453 2911 τις
507 2852 818 2913 ἐπίσκοπος,
851 2851 883 2918 ἢ
914 2850 1299 2921 πρεσϐύτερος,
1333 2850 1365 2918 ἢ
1393 2850 1650 2914 διάκονος,

95 2945 128 3010 ἦ
164 2942 269 2994 τοῦ
313 2943 610 3008 καταλόγου
660 2941 753 2993 τοῦ
807 2940 1102 3010 ἱερατικοῦ,
1140 2942 1450 3010 προσφορᾶς
1511 2957 1655 3008 γινο·

99 3032 285 3100 μένης
316 3030 389 3101 μὴ
417 3029 712 3100 μεταλάϐῃ,
744 3030 842 3098 τὴν
866 3030 1040 3081 αἰτίαν
1060 3030 1282 3084 είπάτω.
1312 3029 1422 3083 Καὶ
1477 3029 1570 3081 ἐὰν

96 3120 350 3188 εὔλογος,
411 3122 736 3187 συγγνώμης
782 3118 1115 3188 τυγχανέτω.
1151 3119 1212 3171 Et
1262 3119 1318 3172 δὲ
1363 3117 1438 3188 μὴ
1483 3118 1650 3186 λέγει,
1677 3148 1721 3210 C

98 3209 470 3279 dzpoptCéoew,
501 3210 576 3271 ὡς
627 3210 794 3268 αίτιος
821 3208 1021 3277 βλάϐης
1071 3210 1348 3276 γινόμενος
1388 3209 1466 3279 τῷ
1518 3210 1650 3279 λαῷ,

99 3300 201 3350 καὶ
245 3298 497 3349 ὑπόνοιαν
550 3297 781 3364 ποιήσας
837 3296 976 3346 κατὰ
1039 3297 1133 3346 τοῦ
1197 3297 1653 3364 προσενέγκαντος

99 3389 178 3448 ὡς
223 3385 299 3451 μὴ
353 3385 519 3450 ὑγιῶς
579 3383 1050 3452 προσενεγκόντος.
1117 3384 1535 3452 Παρατηρητέον
1563 3384 1655 3438 οὖν

103 3479 234 3538 τοὺς
259 3476 634 3536 ὑποδιακόνους
685 3473 929 3534 καὶτοὺς
968 3473 1263 3536 διακόνους,
1319 3474 1411 3525 καὶ
1456 3474 1652 3541 μᾶλλον

103 3569 235 3627 τοὺς
299 3565 767 3635 χειραπτήσαντιις
843 3560 1278 3629 μεταλαμϐάνειν
1341 3560 1446 3612 τῶν
1496 3560 1652 3612 θείων

103 3656 466 3723 ἀγιασμὰτων
500 3667 513 3681 ·
544 3654 576 3721 ἢ
621 3651 727 3722 μὴν
775 3651 872 3720 τὴν
929 3651 1106 3703 αἰτίαν
1134 3650 1312 3717 λέγειν
1364 3650 1431 3701 δι’
1467 3650 1534 3720 ἢν
1559 3649 1650 3702 τοῦ

104 3743 313 3811 ἀγαθοῦ
343 3742 529 3794 τούτου
549 3741 880 3808 ἀπέστησαν.
913 3737 1081 3790 Τοῦτο
1108 3738 1213 3806 γὰρ
1243 3740 1315 3806 μὴ
1356 3738 1650 3802 ποιοῦντες,

104 3834 562 3902 ἀφορισθήσονται
620 3829 761 3884 κατά
810 3829 907 3881 τὶν
955 3829 1048 3880 τοῦ
1108 3827 1362 3898 ῥηθέντος
1435 3828 1654 3889 κανόνος

105 3919 416 3987 περίληψιν.

176 4008 498 4074 Ἐρώτησις
520 4005 615 4072 ιη’.
647 4004 943 4058 Ἀκίνδυνόν
998 4007 1112 4058 ἔστι
1156 4006 1394 4073 γίνεσθαι
1421 4007 1518 4074 τὴν
1545 4007 1652 4058 τῶν

106 4103 272 4154 θείων
325 4101 675 4169 ἀγιασμάτων
715 4099 947 4151 διάδοσιν
1001 4101 1093 4150 καὶ
1160 4099 1459 4166 μετάληψιν
1517 4098 1652 4167 μετά

107 4193 318 4262 ψυχροῦ
373 4192 512 4245 οἴνου
549 4192 642 4243 καὶ
681 4188 902 4250 ὑδατοςο
937 4190 970 4256 ἢ
1003 4189 1375 4257 ἀπαραίτητόν
1405 4192 1519 4240 ἐστι
1557 4190 1651 4240 καὶ

111 4286 229 4337 ζέον
267 4282 410 4352 ὕδωρ
451 4281 589 4336 κατὰ
608 4282 699 4333 τον
728 4280 915 4347 καιρὸν
943 4279 1042 4345 τῆς
1083 4276 1432 4346 μεταλήψεως
1463 4279 1546 4339 είς
1578 4277 1644 4328 τά

112 4377 242 4442 ᾰγια
270 4374 514 4444 patum;

1785 612 2211 680 participatiouis
2247 613 2554 674 ,interesse
2618 612 2867 665 concioni
2931 614 3126 667 debere
3189 631 3320 668 cen-

1783 718 1985 756 semus.
2021 701 2083 754 Et
2129 701 2192 754 iis
2224 741 2237 764 ,
2287 701 2378 768 qui
2419 703 2496 754 sic
2527 716 2629 754 nou
2685 702 2907 765 faciunt,
2957 704 3179 757 canonis
3232 705 3318 757 in-

1780 794 2144 861 dignationem
2215 794 2491 845 vibramus
2545 812 2558 844 :
2611 794 2937 861 participare
2990 804 3166 848 autem
3225 809 3318 850 ens

1781 899 1887 938 nou
1937 885 2200 952 cogimus,
2243 884 2311 937 ob
2357 884 2702 938 conscientiae
2749 893 3097 938 tormentum.
3130 883 3316 939 Anim-

1777 974 2160 1028 advertendum
2198 975 2380 1039 iqitur,
2407 973 2559 1041 juxta
2593 973 2834 1040 praedicti
2885 975 3108 1028 canonis
3165 983 3317 1028 teno-

1777 1081 1912 1124 rem.
1983 1082 2048 1119 ne
2099 1066 2188 1133 qui
2256 1065 2542 1118 conventui
2593 1065 2880 1125 intersunt.
2941 1065 3242 1120 inordinate
3286 1083 3315 1120 a

1776 1157 2040 1210 sacrilicio
2099 1163 2455 1209 revertantur.
2493 1155 2595 1209 Sed
2635 1169 2756 1208 cum
2795 1156 2971 1222 ipsum
3022 1170 3087 1208 ex
3137 1157 3315 1211 Veteri

1773 1245 2030 1314 Novoque
2079 1244 2420 1298 Testamento
2465 1246 2580 1312 pari
2627 1244 2784 1298 modo
2837 1245 3227 1310 magniﬁcetur,
3261 1257 3315 1300 et

1773 1337 1839 1388 ad
1879 1337 2243 1390 recitationem
2269 1335 2484 1402 quidem
2525 1348 2696 1401 usque
2724 1344 3027 1387 sanctorum
3077 1334 3315 1404 Evange-

1773 1428 1988 1489 liorum,
2021 1427 2282 1480 Davidica:
2317 1427 2534 1480 cithara
2565 1427 2802 1478 carmina
2853 1428 3175 1481 sacramenti
3217 1443 3312 1480 ce-

1771 1514 1976 1568 lebrent
2004 1524 2318 1583 potestatem
2355 1532 2367 1565 :
2399 1523 2578 1582 postea
2604 1523 2781 1567 autem
2807 1515 3097 1568 incruenta
3129 1515 3312 1568 hostiae

1771 1605 2084 1670 aperiantur
2114 1605 2402 1668 vestibula,
2457 1604 2788 1657 antistitibus
2823 1605 3186 1672 permittentis
3216 1619 3311 1658 su-

1769 1693 2191 1760 perhumeralem
2225 1695 2474 1745 amictum
2515 1692 2802 1758 deponere,
2840 1692 2930 1758 qui
2970 1692 3088 1759 agni
3143 1692 3310 1760 figura

1768 1780 2040 1847 eleganter
2071 1779 2360 1832 fabricatus
2401 1785 2503 1838 est,
2531 1787 2583 1830 et
2615 1787 2846 1830 tractare
2877 1780 2986 1830 veri
3007 1779 3308 1846 vivitieique

1692 1847 1734 1901 Β
1763 1871 1898 1937 Agni
1931 1881 2322 1924 sacramentum
2357 1886 2370 1922 :
2410 1872 2450 1922 si
2485 1870 2696 1936 quidem
2722 1869 2779 1930 ii,
2809 1869 2898 1937 qui
2931 1869 2982 1920 in
3013 1884 3308 1939 congrega-

1765 1961 1964 2014 tionem
1992 1966 2378 2019 convenerunt.
2415 1959 2592 2012 statim
2625 1969 2745 2026 post
2789 1965 2974 2011 sancta
3022 1955 3308 2025 Evangelia

1763 2057 1952 2117 sponte
1995 2049 2294 2112 discedant,
2339 2063 2446 2101 non
2502 2049 2862 2115 culpabuntur
2897 2066 2908 2100 :
2943 2045 3038 2101 sed
3084 2047 3130 2099 si
3187 2051 3310 2114 post

1762 2141 2054 2194 incruenta:
2083 2141 2424 2209 mysticarque
2451 2140 2676 2192 victima
2705 2139 3048 2208 principium,
3074 2146 3133 2191 ut
3159 2137 3303 2190 inor-

1761 2229 1927 2284 dinati
1951 2239 2005 2284 et
2033 2230 2328 2284 olleusores
2355 2231 2496 2298 iuste
2533 2229 3164 2283 excouununicabuntur.

1829 2499 1993 2550 Inter.
2027 2496 2112 2550 l7.
2146 2495 2246 2560 Qui
2286 2509 2408 2548 cum
2443 2493 2699 2563 pontiﬁce
2728 2491 2809 2546 vel
2843 2491 3122 2544 sacerdote
3152 2499 3299 2542 com~

1759 2589 2067 2642 ministrant
2136 2586 2370 2647 diaconi,
2437 2585 2634 2638 debent
2699 2584 2830 2635 citra
2898 2580 3300 2635 excusationem

1758 2677 2194 2730 communionem
2223 2690 2521 2735 assumere,
2562 2688 2741 2727 annon
2765 2674 2788 2726 τ

1822 2767 1941 2821 Res.
1976 2767 2164 2821 Cauon
2212 2769 2244 2819 8
2299 2775 2608 2820 sanctorum
2658 2767 3021 2834 apostolorum
3075 2768 3154 2820 sic
3183 2767 3298 2820 ait:

1757 2858 1810 2910 Si
1860 2857 1982 2924 quis
2031 2857 2340 2924 episcopus,
2393 2857 2694 2926 presbyter,
2750 2858 2832 2910 vel
2884 2859 3168 2919 diaconus,
3214 2863 3302 2916 vel

1753 2961 1814 2998 ex
1848 2945 2162 2999 sacerdotali
2196 2946 2457 3012 catalogo,
2501 2947 2640 3002 facta
2688 2947 2958 3002 oblatione
3012 2963 3115 3000 non
3149 2963 3300 3002 com-

1751 3037 2122 3098 municaverit,
2163 3051 2380 3091 causam
2419 3036 2563 3090 dicat
2592 3054 2604 3089 :
2638 3044 2690 3090 et
2715 3038 2760 3092 si
2799 3038 3088 3106 probabilis
3116 3037 3296 3096 fuerit.

1753 3127 1962 3179 veniam
1991 3135 2352 3194 consequetur
2382 3141 2397 3190 ;
2432 3127 2514 3181 sin
2572 3141 2701 3178 vero
2734 3128 2932 3186 minus.
2969 3135 3297 3194 segregetur,

1757 3225 1813 3268 ut
1846 3215 1936 3282 qui
1974 3215 2170 3282 pepulo
2200 3215 2514 3268 «im-usionis
2545 3228 2705 3266 causa
2738 3215 2824 3276 sit,
2859 3225 2910 3268 et
2937 3217 3295 3282 suspicionem

1755 3302 1960 3354 dederit
1986 3303 2244 3357 adversus
2269 3318 2415 3365 eum,
2443 3302 2535 3370 qui
2574 3301 2788 3364 obtulit,
2822 3303 2973 3370 quasi
3004 3318 3108 3355 non
3138 3303 3297 3371 digne

1753 3391 2024 3444 obtulerit.
2051 3393 2450 3445 Observandum
2483 3389 2738 3458 igitur,ut
2769 3392 3296 3455 subdiacoui,etdia-

1754 3481 1875 3533 coni
1900 3491 1952 3533 et
1973 3483 2148 3549 potius
2169 3496 2317 3534 sacra
2337 3487 2745 3545 contrectantes,
2768 3480 2976 3535 divinas
2998 3481 3290 3536 sanctiﬁca-

1753 3568 1926 3622 tiones
1957 3577 2268 3632 assumant,
2306 3569 2385 3620 vel
2419 3580 2563 3621 certe
2583 3583 2799 3622 causam
2828 3569 3024 3631 dicant,
3038 3571 3104 3622 ob
3135 3584 3293 3636 quam

1753 3672 1817 3710 eo
1843 3657 1984 3711 bono
2004 3658 2394 3711 abstinuerunt.
2419 3657 2476 3712 Id
2510 3659 2652 3713 enim
2687 3660 2732 3712 si
2772 3673 2874 3712 non
2901 3657 3121 3723 faciant,
3143 3659 3293 3726 juxta

1755 3747 1993 3816 praedicti
2024 3750 2249 3802 canonis
2281 3758 2518 3803 tenorem
2554 3750 3185 3803 excommunicabuntur.

1825 4010 1988 4066 Inter.
2020 4011 2103 4065 18.
2130 4012 2210 4063 An
2242 4011 2356 4064 sine
2392 4010 2633 4080 periculo
2662 4011 2961 4064 divinarum
2989 4012 3294 4064 sanctiﬁca-

1753 4105 1956 4157 tionum
1987 4102 2292 4156 distributio
2337 4111 2387 4155 et
2418 4105 2712 4168 assumptio
2758 4103 2884 4155 llant
2928 4115 3047 4155 cum
3100 4099 3292 4170 frigido

1750 4195 1876 4246 vino
1921 4202 1974 4247 et
2003 4197 2137 4260 aqua
2175 4211 2186 4245 :
2227 4207 2294 4245 an
2343 4196 2460 4246 sine
2509 4194 2857 4246 excusatione
2887 4207 3022 4258 aqua
3079 4191 3289 4245 fervens

1754 4283 2174 4352 participationis
2203 4290 2439 4351 tempore
2461 4283 2513 4335 in
2541 4291 2728 4336 sancta
2760 4282 2830 4335 sit
2863 4281 3155 4335 mittenda?

189 4464 322 4517 Ἀπ.
364 4463 468 4514 Τοῦ
509 4459 586 4530 λβ¹
636 4457 856 4520 κανόνος
919 4459 1014 4526 τῆς
1053 4459 1110 4509 ὲν
1164 4457 1240 4527 τῷ
1271 4458 1520 4528 Τρούλλῳ
1557 4460 1650 4514 τοῦ

1820 4455 1939 4508 Res.
1971 4453 2102 4508 Cum
2130 4455 2197 4507 '52
2222 4469 2390 4506 canon
2422 4461 2620 4507 sancta
2637 4461 2688 4506 et
2709 4454 3056 4508 mcumeuica:
3076 4455 3286 4523 synodi.

115 4554 350 4620 μεγάλου
372 4550 634 4604 παλατίου
663 4551 932 4613 συστάσης
956 4547 1118 4614 ἁγίας
1163 4551 1254 4600 καὶ
1281 4550 1652 4619 οἰκουμενικῆς

113 4645 330 4695 συνόδου
387 4641 700 4710 καθαιρέσει
757 4638 1254 4700 καθυποὸἀλλοντος
1293 4639 1417 4700 τοὺς
1465 4640 1538 4708 μὴ
1569 4655 1646 4692 τοι

112 4732 386 4793 λειοῦντας
408 4729 468 4780 τὸ
522 4727 665 4780 θεῖον
703 4727 797 4778 καὶ
821 4727 972 4792 ἅγιον
998 4728 1250 4796 ποτήριον
1289 4728 1346 4792 ἐξ
1389 4726 1530 4780 οτνου
1561 4730 1652 4779 καὶ

117 4821 327 4882 ὓδατος,
363 4817 676 4887 αίρεσιῶταί
709 4833 854 4873 τινες
878 4817 974 4869 οὑκ
995 4817 1276 4884 ἀνέχονται
1301 4817 1510 4884 βάλλειν
1536 4815 1653 4880 ζέον

116 4911 188 4970 είς
218 4911 278 4962 τδ
309 4908 459 4974 ἆγιον
483 4909 575 4960 καὶ
607 4907 742 4958 θεῖον
763 4907 1016 4974 ποτήριον
1035 4921 1049 4936 ο
1078 4906 1196 4958 Ὀτι
1229 4906 1399 4973 (φασὶ)
1432 4907 1497 4958 τὰ
1529 4909 1653 4974 περὶ

104 5003 297 5063 ,τούτου
331 4998 411 5067 τῷ
436 4998 617 5050 κανόνι
645 4998 702 5048 οὐ
733 4994 1114 5063 διιλήφθησαν.
1154 4995 1431 5048 ’Δκοὺουσι
1461 4996 1543 5060 δὲ,
1571 4998 1650 5049 ὅτι

117 5092 170 5140 τὶ)
228 5091 348 5155 ζέον
394 5087 470 5156 τῷ
526 5087 663 5156 ἁγίῳ
731 5086 922 5154 αἵματι
969 5084 1384 5154 προστιθέμενον
1436 5087 1533 5155 τὴν
1587 5089 1653 5140 δι’

126 5175 309 5236 ὓδατος
364 5175 455 5227 καὶ
492 5175 631 5226 οἴνου
669 5172 860 5224 ἕνωσιν
911 5171 1004 5224 τοῦ
1058 5172 1212 5238 ἀγίου
1263 5176 1517 5243 ποτηρίου
1557 5177 1654 5228 οὐκ

122 5266 316 5317 dilatet
376 5265 488 5317 ἐπεὶ
520 5262 651 5332 μηδὲ
681 5262 867 5329 ἔτερόν
923 5277 972 5313 τι
1008 5262 1155 5330 παρά
1200 5263 1259 5314 τὸ
1317 5263 1457 5332 ὕδωρ
1509 5267 1645 5321 ἐστί.

123 5355 370 5408 Βάλλεται
403 5353 458 5405 δὲ
518 5356 596 5413 είς
662 5352 1033 5421 πληροφορίαν
1081 5353 1171 5405 τοῦ
1230 5349 1366 5405 εἶναι
1417 5354 1649 5416 ζωοποιά

123 5446 183 5494 τα
207 5444 468 5513 ῥεύσαντα
503 5441 608 5494 ἀπὸ
633 5442 732 5507 τῆς
749 5441 907 5506 ἁγίας
941 5438 1178 5506 πλευρᾶς
1207 5441 1302 5494 τοῦ
1341 5443 1541 5514 Κυρίου
1561 5445 1652 5497 καὶ

127 5535 248 5587 Θεοῦ
270 5536 360 5587 καὶ
384 5533 628 5600 Σωτῆρος
655 5531 809 5599 ἡμῶν
854 5528 1027 5594 Ἰησοῦ
1083 5529 1338 5597 Χριστοῦ,
1367 5532 1503 5585 κατά
1562 5533 1651 5586 τὸν

129 5628 305 5693 καιρὸν
333 5624 425 5676 τοῦ
447 5623 712 5690 σωτηρεου
743 5620 942 5681 πάθους
972 5620 1154 5683 αὑτοῦ,
1180 5622 1236 5672 τὸ
1252 5615 1386 5688 αἷμα
1409 5623 1650 5690 δηλονότι

132 5717 213 5767 καὶ
240 5716 298 5767 τὸ
319 5714 490 5779 ὖδωρ’
528 5712 684 5763 ἆτινα
713 5709 1035 5777 ἐξέῥρευσαν
1069 5708 1254 5771 ζέοντα
1295 5710 1369 5773 ὡς
1397 5713 1461 5764 ἐκ
1510 5712 1644 5773 ζωο-

434 5811 695 5868 ΡΑτιιοι.
737 5813 849 5870 (in.
899 5809 1302 5871 CXXXVIII.

1751 4552 1956 4597 coactae
1987 4545 2040 4596 in
2072 4541 2256 4609 Trullo
2291 4543 2467 4612 magni
2500 4542 2702 4611 palatii.
2737 4542 3056 4609 depositioni
3117 4543 3288 4610 subji-

1752 4633 1857 4685 ciat
1907 4647 2024 4693 eos.
2075 4632 2167 4698 qui
2214 4632 2451 4684 divinum
2497 4640 2551 4684 et
2590 4639 2836 4684 sanctum
2888 4632 3137 4698 poculum
3180 4647 3287 4684 nou

1753 4727 2073 4772 consecrant
2101 4735 2164 4772 ex
2195 4721 2320 4772 vino
2343 4730 2397 4773 et
2431 4733 2569 4788 aqua
2601 4734 2616 4781 ;
2646 4718 2940 4774 haeresiota
2984 4719 3144 4786 aliqui
3181 4735 3286 4772 non

1751 4809 2028 4876 patiuntur
2061 4808 2288 4862 calidam
2320 4808 2523 4861 infundi
2555 4808 2608 4860 in
2656 4819 2898 4862 sanctum
2949 4816 3001 4861 et
3045 4809 3285 4880 divinum

1750 4897 2036 4963 poculum,
2092 4895 2248 4962 Quia,
2313 4898 2586 4965 inquiunt,
2637 4898 2703 4951 de
2756 4913 2822 4952 eo
2898 4895 3028 4954 nihil
3081 4911 3288 4950 canone

1753 4989 2193 5057 comprehensum
2251 4996 2354 5042 est.
2409 4988 2651 5041 Audiunt
2707 4995 2909 5046 autem,
2993 4984 3284 5040 ferventem

1750 5087 1938 5131 saneto
1993 5078 2238 5145 sanguini
2283 5078 2540 5137 additam.
2593 5076 2844 5129 unionem
2886 5089 3036 5142 aqua:
3072 5082 3125 5127 ct
3177 5075 3286 5127 vini

1752 5170 1922 5222 sancti
1985 5169 2169 5222 calicis
2215 5183 2320 5221 non
2375 5175 2604 5228 mutare,
2659 5166 2784 5236 quia
2853 5173 3044 5233 pneter
3093 5178 3283 5231 aquam

1752 5259 1887 5312 nihil
1913 5265 1992 5312 est
2020 5257 2182 5310 aliud.
2213 5255 2516 5310 lnlunditur
2558 5265 2758 5318 autem,
2813 5264 2870 5306 ut
2914 5255 3124 5308 vivilica
3166 5270 3286 5308 esse

1751 5357 1981 5409 constet,
2009 5364 2128 5418 quae
2153 5347 2324 5402 ﬂuunt
2349 5363 2378 5401 e
2408 5357 2591 5400 saucio
2617 5347 2782 5398 latere
2813 5344 3043 5407 Domini,
3074 5353 3127 5398 ct
3159 5345 3284 5408 Dei',

1752 5449 1803 5493 et
1837 5437 2137 5492 Servatoris
2172 5439 2338 5490 nostri
2361 5434 2486 5490 Jesu
2517 5435 2735 5490 Christi.
2764 5441 3002 5500 tempore
3031 5433 3285 5488 salutaris

1748 5530 2015 5597 passionis
2073 5528 2229 5596 ejus,
2275 5527 2584 5594 sanguinem
2642 5525 2884 5578 videlicet
2941 5531 2993 5577 et
3052 5537 3284 5592 aquam,

1749 5633 1868 5686 quae
1921 5616 2175 5670 ferventia
2219 5615 2554 5678 enituerunt,
2583 5614 2730 5666 velut
2780 5629 2845 5667 ex
2887 5613 3102 5668 viviﬁco
3138 5614 3286 5666 dcili~

1752 5717 1875 5762 cato
1908 5722 2132 5776 corpore
2179 5705 2409 5762 viviilca.
2440 5705 2540 5772 Qui
2577 5707 2658 5760 sic
2704 5705 2868 5774 igitur
2900 5721 3009 5760 non
3061 5705 3284 5771 iaciunt,

2911 5806 2977 5863 31
