3914 6332
59 420 192 480 977

939 414 1318 476 llESl’dXS.\
1367 416 1466 473 AD
1508 412 2231 474 lNi‘iﬂ’leG‘ﬁIlONES
2270 413 2529 474 MARCL

3192 415 3296 474 θῖῖ

63 552 218 586 ωττα
271 533 345 601 τῷ
380 534 633 600 ἐπάρχῳο
672 534 764 585 καὶ
797 535 876 586 ἵνα
906 536 1120 605 δέξηται
1155 536 1313 600 αὐτὰ,
1345 537 1440 588 καὶ
1467 554 1640 606 σφρα-

1757 541 1863 592 ulla
1925 539 2183 605 sigilleth'.
2250 541 2389 592 Sane
2427 537 2494 590 36
2540 550 2711 590 canon
2754 533 3066 591 Laodicente
3109 540 3296 608 synodi

69 623 223 691 τίσῃ
275 622 605 690 τραπεζίτας
665 625 776 673 ἀντ’
826 625 1022 683 αὐτῶν,
1088 624 1229 676 κατὰ
1270 625 1496 693 δωρεὰν,
1551 627 1642 679 καὶ

70 714 222 762 ἄνευ
257 711 538 779 συνηθείας
599 715 690 763 καὶ
732 712 924 774 δόσεως
974 715 1322 782 οἱασδήτινος.
1362 716 1420 767 Ὀ
1464 717 1643 784 μέντοι

67 801 182 863 ὶςέ
219 801 396 852 κανὼν
427 803 522 870 τῆς
561 804 618 852 ἐν
660 803 941 872 Λαοδικείᾳ
987 806 1200 858 συνόδου
1247 806 1418 859 ταῦτά
1452 823 1636 875 φησιν,

66 892 170 940 ὅτι
239 891 312 940 (93
374 891 454 941 δεῖ
509 893 814 960 ίερατικοῦς
867 893 897 961 ὴ
950 895 1256 962 κληρικοῦς,
1325 897 1526 964 μάγους
1606 898 1637 962 ῆ

69 981 376 1043 ἑπαοιδοὺς
406 977 564 1043 εἶναι,
600 982 630 1050 ἢ
665 982 1099 1051 μαθηματικοὺς,
1133 986 1163 1053 ἢ
1195 988 1569 1056 ἀστρολόγους,
1607 987 1640 1055 ἢ

77 1075 271 1120 ποιεῖν
319 1072 384 1121 τὰ
414 1072 676 1139 λεγόμενα
721 1075 1056 1142 φυλακτήρια
1075 1092 1088 1105 ο
1121 1076 1274 1128 ἅτινά
1303 1079 1405 1128 εἱσι
1434 1078 1641 1144 δεσμω-

70 1161 262 1226 τήρια
297 1159 400 1210 τῶν
425 1161 610 1226 ψυχῶν
652 1161 847 1212 αὐτῶν.
893 1163 1029 1224 Τοὺς
1083 1165 1139 1214 δὲ
1190 1165 1501 1232 φοροῦντας,
1567 1163 1642 1230 ρί-

74 1246 326 1298 πτεσθαι
354 1248 414 1297 ὲκ
437 1247 527 1311 τῆς
571 1247 883 1313 Ἐκκλησίας
916 1249 1294 1316 ἐκελεύσαμεν.
1333 1251 1440 1301 Καὶ
1471 1250 1528 1300 τὸ
1558 1248 1640 1316 κβ¹

76 1337 386 1401 τιεςςάλαιον
437 1335 528 1386 τοῦ
590 1336 664 1386 λθ¹
724 1337 897 1388 τίτλου
967 1339 1058 1389 τοῦ
1125 1339 1163 1400 ξ’
1222 1339 1424 1406 βιϐλίου
1471 1338 1640 1390 ταῦτα

74 1433 344 1495 διέξεισιν
369 1448 383 1461 ο
428 1431 490 1483 'll
529 1431 625 1500 μὲν
665 1433 1007 1500 γεωμετρικὴ
1045 1431 1274 1500 δημοσίᾳ
1316 1432 1636 1493 διδάσκεται,

77 1525 118 1589 ἡ
152 1523 210 1572 δὲ
240 1521 591 1590 μαθηματικὴ
609 1523 1006 1588 κατακρίνεται.
1035 1523 1139 1573 Καὶ
1175 1523 1202 1571 ὁ
1233 1522 1461 1582 Παλαιός
1488 1537 1637 1589 φησι·

75 1612 255 1676 Βίαθη
265 1614 496 1679 ματικὴν
507 1608 626 1662 εἷπε
641 1611 736 1680 τὴν
750 1612 1119 1681 ἀστρονομίαν.
1138 1612 1199 1663 Ol
1215 1611 1339 1677 γοῦν
1353 1612 1439 1662 το).
1446 1613 1642 1680 μήσαν-

74 1717 186 1762 τες
221 1701 486 1767 κληρικοὶ,
523 1700 696 1765 πολλῷ
727 1701 818 1751 καὶ
856 1700 1012 1751 πλέον
1045 1701 1093 1751 οἱ
1132 1699 1222 1752 τοῦ
1265 1700 1523 1768 βήματος,
1547 1701 1641 1769 δη-

82 1788 375 1857 μοσιακῶν
405 1788 654 1839 δονλειῶν
679 1787 951 1856 ἐνεργείας
978 1788 1348 1850 ἀναδέξασθαι,
1382 1789 1412 1854 ἢ
1451 1805 1644 1858 συστηο

1755 630 1867 682 Ιιωο
1925 630 1998 682 ait
2037 645 2049 680 :
2083 629 2198 682 Non
2244 637 2448 695 oportet
2494 641 2610 685 eos.
2651 626 2741 694 qui
2787 635 2913 679 sunt
2953 627 3172 684 sacrati.
3219 628 3294 680 vel

1744 716 1950 778 clerici,
1980 731 2100 768 esse
2135 727 2337 782 magos,
2366 713 2444 765 vel
2473 713 2855 771 incantatorcs,
2897 711 2975 763 vel
2995 713 3288 764 matbema-

1746 808 1904 869 ticos,
1940 806 2017 858 vel
2051 806 2372 870 astrologos,
2419 803 2498 854 vel
2548 800 2727 852 facere
2768 815 2853 863 ea,
2886 815 3003 868 qua:
3039 800 3294 853 dicuntur

1747 895 2002 957 amuleta,
2050 910 2167 961 qua!
2195 893 2406 961 quidem
2445 899 2566 943 sunt
2598 891 2831 958 ipsarum
2859 891 3158 943 animarum
3188 891 3297 944 vin'

1745 987 1864 1039 cula
1899 1003 1911 1036 :
1946 1001 2038 1039 eos
2069 996 2246 1038 autem
2287 984 2374 1050 qui
2410 981 2652 1041 feritati,
2681 979 2798 1048 ejici
2824 995 2886 1033 ex
2917 981 3153 1034 Ecclesia
3185 981 3294 1048 jus-

1745 1075 1931 1127 simus.
1969 1075 2032 1126 lit
2059 1073 2128 1124 ‘29.
2156 1089 2271 1141 cap.
2308 1073 2374 1124 .39
2408 1073 2486 1123 tit.
2526 1070 2614 1133 60,
2651 1069 2769 1122 libri
2803 1067 3156 1123 Basilioorum
3184 1072 3294 1123 hate

1742 1164 1955 1218 habet:
2004 1163 2305 1215 Gramen-ia
2366 1164 2580 1230 quidem
2636 1161 2847 1228 publice
2911 1160 3153 1224 docetur,
3207 1177 3295 1213 ars

1742 1260 1921 1305 autem
1975 1251 2347 1303 mathematica
2411 1250 2714 1302 damnatur.
2767 1248 2832 1300 Et
2884 1249 3046 1302 Vetus
3086 1251 3291 1319 inquit:

1743 1342 2172 1395 Matliematicam
2206 1342 2340 1393 dixit
2366 1340 2771 1394 astronomiam.
2811 1337 3009 1391 Clerici
3048 1354 3194 1408 ergo,
3231 1352 3284 1393 et

1743 1433 1914 1485 multo
1954 1431 2124 1498 magis
2164 1430 2221 1493 ii,
2267 1430 2354 1497 qui
2387 1429 2540 1480 altari
2581 1428 2914 1491 ministrant,
2955 1428 2998 1482 si
3048 1427 3291 1495 publica-

1743 1538 1859 1575 rum
1885 1523 1898 1571 ί
1945 1524 2260 1574 servitutum
2294 1519 2592 1572 functiones
2614 1520 2731 1572 ausi
2765 1518 2965 1571 fuerint
2989 1520 3288 1586 suscipere,

1742 1622 2146 1680 corporatorum
2169 1607 2398 1662 cilicium
2422 1617 2474 1662 et
2499 1608 3018 1662 administrationem
3042 1608 3288 1666 mercari,

1744 1700 2088 1753 nummularii
2142 1701 2276 1752 forte
2317 1698 2467 1760 facti,
2518 1701 2599 1753 vel
2657 1699 2867 1768 prandii
2937 1698 3294 1752 distractores

1746 1790 1824 1841 vel
1867 1789 1973 1840 vini
2019 1789 2349 1849 venditores,
2395 1787 2497 1855 ipsi
2546 1788 2707 1840 etiam
2752 1788 3074 1848 astronomi,
3125 1801 3290 1854 spon-

84 1877 347 1944 ματικῶν
374 1875 643 1928 πολιτείαν
677 1877 767 1927 καὶ
811 1877 1190 1945 μεταχείρησιν
1224 1875 1638 1944 ἐμπορεύεσθαι,

1744 1880 1894 1931 sione
1922 1879 2078 1931 tidem
2111 1878 2332 1940 dabunt,
2361 1892 2418 1930 se
2469 1878 2534 1931 ab
2574 1878 2658 1930 his
2688 1877 2886 1930 illicitis
2919 1877 3127 1930 artibus
3161 1880 3288 1930 abs-

81 1965 485 2030 xatai.).dxtat,
519 1965 676 2031 τυχὸν
723 1966 1016 2031 γενόμενοι,
1055 1966 1085 2032 ἦ
1123 1965 1568 2032 πρανδιοπράται,
1605 1964 1636 2033 ἦ

80 2056 439 2121 οἰνοπράται,
470 2056 560 2107 καὶ
593 2055 746 2106 αὐτοὶ
771 2055 828 2106 δὲ
872 2057 920 2107 οἱ
948 2056 1290 2124 ἀστρονόμοι,
1328 2071 1638 2125 παρεγγυη-

79 2146 353 2213 θήσονται
389 2147 493 2196 τῶν
545 2146 907 2199 ἀκανονίστων
941 2146 1143 2198 τούτων
1195 2147 1639 2214 ἐπιτηδευμάτων

83 2235 434 2303 ἀπέχεσθαι·
495 2237 589 2287 καὶ
634 2237 706 2304 μὴ
747 2235 1069 2304 πειθόμενοι,
1141 2237 1451 2301 καθαιρέσει
1506 2234 1633 2287 καθ-

85 2326 587 2393 υποϐληθήσονται.
627 2327 689 2377 Ἢ
724 2327 779 2376 δὲ
807 2326 964 2395 τέχνη
988 2327 1093 2376 τῶν
1131 2327 1341 2394 ἰατρῶν,
1381 2326 1480 2377 κᾶν
1524 2325 1636 2393 ὁρί-

87 2415 436 2482 ζηταιπαρὶι
459 2414 563 2465 τῶν
611 2415 784 2482 σοφῶν
819 2417 1000 2480 ὑγείας
1048 2410 1184 2466 εἶναι
1231 2414 1636 2484 περιποιητικὴ,

1745 1972 2007 2017 tenturos.
2044 1966 2196 2028 Quod
2263 1965 2306 2017 si
2339 1978 2444 2016 non
2479 1972 2720 2032 pareant,
2753 1965 3076 2032 depositioni
3118 1965 3253 2032 suliji
3275 1996 3287 2005 -

1745 2055 1976 2106 cientur.
2011 2053 2112 2106 Ars
2157 2062 2333 2105 autem
2389 2053 2614 2117 medica,
2656 2054 2777 2108 licet
2833 2068 2862 2106 a
2909 2054 3285 2124 philosophisIK

1746 2143 2033 2197 deﬁniatur
2057 2143 2309 2196 sanitatis
2341 2157 2459 2196 esse
2487 2143 2846 2204 conciliatrix,
2884 2143 2936 2196 id
2977 2151 3154 2199 tamen
3192 2160 3275 2198 ne-

1746 2234 1982 2286 cessario
2011 2247 2116 2285 non
2157 2233 2234 2285 lit.
2268 2231 2498 2284 Fallacia
2517 2234 2656 2284 enim
2692 2242 2816 2286 sunt
2853 2234 3128 2289 hominum
3163 2248 3264 2288 con

1745 2324 1884 2385 silia,
1905 2333 1957 2376 et
1984 2324 2274 2376 multorum
2301 2323 2499 2390 judicia
2522 2337 2706 2390 prava,
2724 2323 2877 2390 juxta
2899 2331 3130 2377 veterem
3164 2339 3273 2379 scr.-

1739 2419 1983 2472 tentiam.
2014 2416 2121 2470 Cur
2145 2417 2306 2482 igitur
2325 2414 2578 2467 abscedat
2595 2415 2846 2478 clericus,
2873 2415 3150 2484 multoque
3168 2431 3281 2468 tua.

1733 2509 1814 2576 gis
1845 2507 2095 2560 sacerdos
2115 2513 2167 2558 et
2191 2504 2470 2562 diaconus,
2496 2505 2561 2555 ab
2579 2505 2837 2563 attributo
2860 2505 2959 2559 sibi
2985 2506 3285 2560 ministerio

86 2599 236 2646 εἰσιν
266 2599 321 2648 αἱ
349 2596 455 2647 τῶν
488 2599 783 2666 ἀνθρώπων
818 2599 1066 2661 ἐπίνοιαι,
1099 2599 1190 2649 καὶ
1220 2599 1323 2649 τῶν
1353 2597 1558 2649 πολλῶν
1580 2598 1634 2649 αί

1742 2591 2188 2660 irrcprehensibili
2224 2599 2276 2644 et
2307 2593 2482 2650 ﬁrmo,
2507 2597 2562 2644 et
2585 2591 2648 2644 ad
2680 2590 2750 2657 id,
2785 2592 2926 2660 quod
2947 2592 3212 2646 lubricum
3232 2609 3284 2651 et

85 2683 411 2748 διαγνώσεις
444 2683 632 2744 δειλαὶ,
681 2683 818 2735 κατά
857 2683 916 2734 τὸ
946 2683 1170 2735 παλαιὸν
1225 2684 1630 2751 γνωμοδότημα.

1742 2682 2062 2748 ambiguum,
2114 2695 2253 2747 saepe
2280 2681 2441 2733 etiam
2485 2679 2872 2748 periculosum,
2911 2696 2968 2734 se
2996 2682 3286 2749 conjiciat?

86 2773 270 2825 ’Ἰνατί
299 2774 427 2839 γνῦν
458 2775 724 2841 ἀποσταίη
783 2776 809 2825 δ
845 2774 1118 2842 κληρικδς,
1151 2773 1325 2842 πολλῷ
1380 2773 1434 2823 δὲ
1475 2774 1632 2824 πλέον
1691 2775 1717 2824 ὁ
1752 2774 1923 2840 ἱερεὺς
1975 2773 2066 2823 καὶ
2116 2774 2143 2823 ὁ
2191 2771 2454 2830 διάκονος,
2511 2771 2606 2837 τῆς
2653 2771 3086 2840 ἀπονεμηθείσης
3137 2773 3283 2841 αὑτῳ

85 2868 392 2927 διακονίας,
416 2867 513 2934 τῆς
545 2868 829 2935 ἀμέμπτου
859 2869 950 2918 καὶ⁵
972 2866 1264 2933 ἀσφαλοῦς,
1319 2867 1411 2918 καὶ
1442 2867 1519 2927 είς
1579 2865 1845 2934 σφαλερὰν
1873 2865 1962 2916 καὶ
1987 2863 2284 2934 ἀμφίϐολον
2310 2861 2567 2922 πολλάκις
2610 2861 2702 2912 καὶ
2733 2862 3066 2915 ἐπικίνδυνον
3099 2864 3286 2915 ἑαυτὸν

81 2506 214 2557 ἀλλ’
243 2508 340 2557 οὐκ
383 2506 438 2570 ἐξ
488 2509 726 2573 ἀνάγκης
770 2507 973 2570 γίνεται
1010 2509 1186 2560 τοῦτο.
1225 2508 1492 2576 Σφαλεραὶ
1527 2507 1634 2575 γάρ

86 2957 409 3022 δπερρίψεις

184 2977 187 3004 ι
238 2960 409 3017 όίι¹·ει;

184 2960 501 3116 ’ἓοιῖλτησις
553 3057 652 3100 κε’.
731 3048 1100 3119 Μονοθελήτης
1178 3051 1444 3118 ἱερατικὸν
1501 3049 1637 3119 ἔχων

95 3140 447 3206 ἐπάγγελμα,
484 3139 571 3189 διὰ
605 3139 887 3205 μετανοίας
919 3137 1251 3206 ὑπέστρεψεν
1283 3141 1356 3200 είς
1395 3138 1489 3206 τὴν
1519 3140 1637 3192 καθ’

93 3233 248 3300 ἡμᾶς
297 3229 564 3297 όρθόδοξον
616 3229 818 3289 πίστιν,
857 3229 947 3280 καὶ
987 3227 1195 3296 ἐδέχθη,
1240 3229 1331 3280 καὶ
1367 3228 1594 3296 ἡγιάσθη
1623 3243 1636 3256 ⁶

1809 3048 1974 3103 Inter.
2026 3047 2114 3101 23.
2183 3045 2584 3100 Monotheleta1
2647 3045 3028 3100 sacerdotalem
3083 3046 3284 3100 habens:

1740 3140 2153 3192 admonitionem
2173 3147 2233 3201 ιη,
2269 3153 2363 3206 per
2404 3138 2767 3204 paenitentiam
2811 3136 2875 3189 ad
2910 3144 3146 3191 nostram
3193 3153 3283 3187 or-

1737 3229 2019 3280 thodoxam
2053 3227 2206 3281 [idem
2241 3227 2416 3289 rediit,
2477 3234 2530 3280 et
2565 3236 2845 3294 susceptus
2892 3234 2968 3279 est
3005 3240 3065 3279 ac
3092 3227 3284 3279 sancti-

100 3321 247 3389 μετὰ
277 3321 464 3388 μικρὸν
489 3319 542 3370 δὲ
570 3318 823 3387 στραφεὶς
859 3321 935 3378 εἰς
965 3319 1052 3369 τὸν
1083 3319 1213 3369 ίδιον
1245 3318 1455 3385 ἔμετον,
1488 3320 1635 3386 αἱρε-

1742 3317 1945 3369 licatus.
1996 3316 2161 3368 Paulo
2201 3325 2376 3368 autem
2417 3324 2558 3384 post,
2609 3316 2673 3368 ad
2710 3316 2979 3382 proprium
3029 3330 3277 3369 reversus

99 3412 324 3478 σιῶτης,
378 3410 450 3469 ὡς
512 3409 793 3477 πρότερον,
859 3410 1118 3474 γέγονεν’
1198 3408 1308 3460 ἀλλ’
1337 3405 1504 3470 αὖθις,
1563 3407 1634 3468 ὡς

97 3503 270 3566 λέγει,
302 3500 420 3550 καθ’
453 3499 640 3550 ἑαυτὸν
687 3497 941 3563 γεγονὼς,
983 3496 1155 3547 καὶτὸ
1187 3497 1484 3562 ἁμάρτημα
1512 3511 1633 3545 συν-

96 3592 203 3649 εὶς,
260 3591 334 3648 είς
361 3590 456 3656 τὴν
496 3587 770 3654 ὀρθόδοξον
795 3586 972 3637 πίστιν
1000 3585 1286 3651 κατέφυγε,
1311 3586 1400 3635 καὶ
1427 3584 1630 3652 ἐδέχθη,

96 3678 247 3730 κατὰ
290 3678 378 3726 τὸν
429 3675 605 3736 καλῶς
666 3674 1073 3743 ὑποστρέψαντα
1121 3674 1356 3726 ἄσωτον·
1403 3673 1522 3723 ἐπεὶ
1580 3673 1634 3722 δὲ

93 3766 244 3818 ,θέλει
291 3766 383 3816 καὶ
427 3763 714 3833 ἱερωσύνης
761 3763 1072 3829 ἀξιωθῆναι,
1103 3761 1365 3829 ζητοῦμεν
1390 3762 1448 3811 τὸ
1480 3777 1633 3827 ποιη-

94 3855 220 3906 τέον
250 3855 455 3921 μαθεῖν.

185 3945 314 3996 Ἀπί.
348 3942 536 4001 Οὐδεὶς
569 3939 743 4009 βαλὼν
774 3939 868 4007 τὴν
901 3941 1055 4008 χεῖρα
1086 3937 1246 3990 αὑτοῦ
1277 3937 1359 3988 ἐπ’
1384 3938 1630 4006 ἄροτρον,

99 4035 196 4084 καὶ
225 4033 480 4101 στραφεὶς
510 4033 588 4090 είς
612 4031 677 4081 τὰ
698 4028 887 4090 ὀπίσω,
920 4027 1131 4088 εὔθετός
1156 4028 1300 4076 ἐστιν
1325 4028 1400 4087 είς
1423 4025 1518 4094 τὴν
1542 4026 1634 4094 βα.-

101 4123 306 4174 σιλείαν
337 4121 440 4171 τῶν
477 4119 737 4185 οὐρανῶν,
783 4118 842 4167 τὸ
889 4117 1028 4185 ἱερόν
1079 4132 1242 4185 φησιν
1289 4117 1628 4181 Εὐαγγέλιον.

98 4208 192 4258 ι.ιὸ
225 4207 359 4256 κατὰ
389 4206 479 4255 τὸν
517 4204 575 4254 ιδ’
621 4202 819 4254 κανόνα
860 4202 956 4270 τῆς
984 4203 1039 4252 ὲν
1088 4202 1291 4270 Νικαία
1338 4202 1494 4268 ἁγίας
1543 4202 1633 4252 καὶ

97 4296 476 4363 οίκουμενικῆς
526 4294 738 4344 συνόδου
794 4293 938 4357 (τάδε
989 4293 1126 4342 κατὰ
1157 4292 1305 4360 ῥῆμα
1343 4291 1635 4359 διαλαμϐά-

97 4403 278 4449 νοντα,
331 4387 460 4452 Περὶ
500 4384 607 4436 τῶν
646 4381 1055 4451 κατηχουμένων
1081 4384 1172 4433 καὶ
1212 4386 1631 4450 παραπεσόντων

98 4473 241 4534 εδοξε
287 4475 352 4539 τῇ
415 4471 541 4536 ἁγίᾳ
613 4469 704 4521 καὶ
779 4471 980 4536 μεγάλῃ
1028 4470 1244 4536 συνόδῳ,
1287 4471 1424 4522 ὥστε
1468 4472 1631 4540 τριῶν

98 4561 233 4611 ἑτῶν
263 4560 453 4618 αὐτοὺς
480 4558 853 4623 ἀκροωμένους
893 4557 1068 4624 μόνον,
1104 4557 1239 4624 μετὰ
1275 4557 1443 4609 ταῦτα
1481 4557 1630 4625 εὔχε-

1739 3407 2016 3468 vomitum,
2048 3406 2329 3458 haereticus
2354 3404 2434 3474 (ut
2470 3405 2646 3473 antea)
2678 3403 2850 3457 factus
2878 3413 2958 3464 est
2995 3422 3007 3458 :
3037 3407 3127 3458 sed
3161 3421 3280 3458 rur-

1736 3509 1850 3554 sus,
1877 3503 1930 3545 ut
1968 3494 2160 3561 inquit,
2185 3508 2305 3546 cum
2336 3493 2477 3560 apud
2518 3507 2580 3544 se
2610 3500 2775 3552 esset,
2811 3498 2861 3542 et
2890 3500 3164 3558 peccatum
3200 3493 3278 3544 in-

1736 3585 2016 3651 tclligerct,
2046 3583 2110 3634 ad
2141 3581 2492 3635 orthodoxam
2521 3580 2674 3630 [idem
2705 3576 2963 3643 confugit,
2994 3588 3048 3631 et
3077 3579 3274 3631 admis—

1737 3687 1830 3725 sus
1868 3681 1970 3733 est,
2009 3671 2059 3722 in
2101 3670 2314 3722 modum
2370 3676 2669 3736 opportune
2710 3669 2979 3721 redeuntis
3009 3668 3271 3735 prodigii;

1733 3779 1851 3816 cum
1903 3772 2078 3815 autem
2133 3761 2490 3815 sacerdotium
2526 3760 2748 3823 ambiat,
2801 3761 3112 3828 quzerimus,
3151 3761 3275 3827 quid

1735 3851 2034 3906 faciendum
2077 3851 2171 3911 sit,
2204 3851 2430 3904 discere.

1800 3941 1917 3994 Res.
1955 3941 2120 3994 Nemo
2155 3941 2371 3993 mittens
2403 3953 2620 3992 manum
2653 3953 2802 3991 suam
2834 3937 2894 3989 ad
2932 3945 3191 3999 aratrum,
3224 3943 3279 3989 ct

1734 4039 1876 4084 retro
1912 4043 2222 4089 conversus,
2259 4037 2416 4096 aptus
2460 4037 2540 4081 est
2599 4028 2661 4080 ad
2714 4041 2934 4095 regnum
2995 4026 3276 4088 canorum,

1733 4119 1908 4188 inquit
1952 4134 2162 4172 sacrum
2204 4120 2567 4187 Evangelium.
2610 4115 2988 4180 Quamobrem,
3021 4116 3174 4182 juxta
3209 4115 3276 4166 H

1731 4222 1991 4262 canonem
2039 4215 2244 4262 sanctae
2314 4216 2365 4260 et
2429 4207 2774 4260 tecumenicae
2824 4204 3012 4274 synodi
3067 4204 3274 4256 Nicenac

1731 4297 1865 4365 (haec
1897 4296 2432 4364 comprehendentem
2473 4295 2536 4349 ad
2565 4297 2804 4356 verbum,
2839 4295 2909 4346 De
2931 4294 3274 4348 catechume‘

1731 4387 1818 4440 nis
1835 4386 1970 4440 etiis
1992 4386 2084 4454 qui
2116 4385 2249 4453 lapsi
2272 4391 2416 4448 sunt,
2439 4386 2608 4436 visum
2645 4392 2726 4437 est
2755 4390 2955 4435 sancta:
2979 4389 3030 4435 et
3064 4396 3270 4448 magum

1731 4475 1958 4542 synodo,
1986 4482 2042 4524 ut
2065 4473 2100 4524 ii
2135 4472 2306 4526 tribus
2329 4471 2483 4524 annis
2518 4480 2723 4523 tantum
2761 4472 3058 4533 audientes,
3091 4481 3270 4538 postea

1731 4567 1884 4612 orent
1913 4575 2032 4613 cum
2069 4553 2514 4628 catechumenis),
2558 4558 2749 4612 sullicit
2780 4558 2902 4609 huic
2932 4565 3036 4609 tam
3074 4557 3274 4625 perdite

101 4647 225 4700 σθαι
261 4647 396 4715 μετά
425 4647 532 4697 τῶν
564 4645 1023 4713 κατηχουμένων),
1059 4648 1216 4712 ἀρκεῖ
1246 4645 1321 4713 τῷ
1361 4646 1504 4698 οὓτω
1533 4665 1628 4698 κα-

1742 4651 1903 4715 lapso,
1934 4657 1987 4701 et
2015 4648 2121 4701 huc
2151 4656 2310 4716 atque
2341 4649 2465 4702 illuc
2512 4649 2730 4716 agitato,
2781 4648 2824 4699 si
2863 4647 3013 4715 juxta
3051 4647 3272 4699 canonis

101 4737 208 4797 κῶς
255 4735 616 4801 ὀλισθήσαντι,
672 4735 760 4784 καὶ
811 4734 934 4800 τῇδε
983 4736 1202 4784 κάκεῖσε
1247 4737 1629 4803 μεταρῤιπιζο-

101 4823 265 4888 μένῳ,
319 4821 565 4890 δεχθῆναι
620 4823 756 4871 κατὰ
803 4821 898 4888 τὴν
944 4821 1034 4871 τοῦ
1068 4824 1283 4883 κανόνος
1318 4823 1623 4893 περίληψιν.

113 4910 399 4978 Ἰερατείας
425 4911 528 4977 γὰρ
557 4910 653 4959 οὐκ
681 4908 1056 4976 ἀξιωθήσεται.

178 5003 491 5070 Ἐρώτησις
523 5001 634 5064 κς¹.
677 5001 991 5060 ’Δκινδύνως
1016 5004 1295 5053 ἐπίσκοποι
1322 5004 1538 5071 μοναχοί
1570 5021 1628 5056 τι

101 5094 190 5142 καὶ
213 5092 464 5160 κληρικοὶ
491 5091 731 5156 γίνονται
759 5090 1065 5158 φροντισταὶ
1082 5092 1349 5157 δημοσίων
1364 5093 1628 5160 ὀφφικίων

100 5182 186 5231 καὶ
201 5181 471 5246 δουλειῶν,
489 5181 584 5232 καὶ
601 5181 892 5248 κηδεμόνες
916 5181 1248 5247 πραγμάτων
1270 5183 1620 5250 ἁρχοντικῶν,

98 5268 254 5336 ἢοῦς

174 5359 300 5411 ’Ax.
346 5359 406 5409 Οἱ
463 5361 521 5410 ὲν
581 5359 878 5425 Χαλκηδόνι
942 5356 1280 5420 συνελθόντες
1346 5361 1615 5424 έξακοσιοι

98 5446 376 5512 τριάκοντα
425 5448 568 5515 ἀγιοι
615 5447 872 5515 Πατέρες,
922 5447 1011 5497 καὶ
1038 5450 1136 5514 τὴν
1175 5449 1332 5511 ἁγίαν
1364 5451 1622 5517 τετάρτην

1734 4747 1968 4790 tenorem
1990 4736 2334 4802 admittatur;
2364 4751 2487 4790 nam
2520 4734 2879 4791 sacerdotium
2915 4749 3020 4788 non
3062 4749 3272 4800 prome-

1733 4825 1952 4879 rebitur.

1804 5005 1966 5058 Inter.
2001 5005 2089 5058 26.
2118 5005 2198 5058 An
2234 5004 2490 5072 episcopi,
2533 5006 2803 5069 monachi,
2838 5013 2890 5060 et
2931 5003 3113 5058 clerici
3156 5004 3271 5055 sine

1732 5095 1970 5163 periculo
1991 5093 2116 5145 tiant
2132 5092 2594 5146 administratores
2620 5093 2944 5161 publicorum
2970 5089 3266 5146 ofﬁciorum

1729 5190 1782 5237 et
1820 5182 2260 5243 ministeriorum,
2289 5190 2341 5234 et
2369 5191 2647 5234 curatores
2694 5183 3027 5250 negotiorum
3055 5179 3122 5235 ad
3154 5193 3269 5235 ma-

1729 5272 1985 5342 gistratus
2011 5269 2406 5338 pertinentium,
2446 5270 2653 5323 necne?

1798 5360 1915 5413 Res.
1951 5360 2051 5424 Qui
2099 5358 2434 5412 Chalcedone
2481 5367 2840 5412 convenerunt
2887 5364 3119 5414 sexcenti
3167 5365 3260 5412 tr?-

1727 5449 1870 5520 ginta
1904 5449 2073 5501 sancti
2123 5447 2308 5501 Patres
2346 5458 2397 5501 et
2440 5456 2678 5503 sanctam
2717 5458 2960 5518 quartam
3001 5451 3256 5518 synodum

1325 5562 1554 5616 VARle
1596 5559 1990 5614 LECTIONES.

155 5647 180 5685 δ
209 5651 486 5722 conﬁrmet.
557 5653 570 5688 ¹
619 5652 707 5721 qui
749 5652 854 5708 ha’c
893 5661 1110 5721 gestant.
1186 5653 1198 5703 ἱ
1236 5656 1512 5722 ﬁscalium.

102 5717 132 5742 ’⁸
160 5717 534 5784 profusionem.

1595 5666 1619 5692 κ
1650 5655 1710 5706 ab
1741 5654 1976 5706 eruditis.
2041 5651 2056 5689 ι
2095 5651 2198 5716 Qui
2219 5671 2373 5708 imam
2403 5657 2450 5708 in
2480 5655 2682 5711 Christo
2705 5658 3012 5711 voluntatem
3041 5663 3242 5715 statuit.
