3914 6332
619 421 724 488 979

1823 416 2098 477 'l‘lIEUD.
2130 410 2357 473 BALSA
2370 410 2597 473 lllONlS
3725 403 3820 465 93:3

621 540 890 597 caelestem
923 535 1184 600 fecerunt,
1212 535 1266 590 in
1295 535 1326 588 7
1350 537 1684 603 canone_sub
1714 534 1824 586 inec
1852 537 1917 586 de
1959 533 2026 587 iis
2073 545 2171 588 no-

2279 533 2490 586 σύνοδον
2541 533 2962 602 οὐρανὼσαντες,
3032 537 3088 586 ἐν
3141 535 3185 599 ζ’
3233 536 3414 587 κανόνι
3468 537 3652 587 αὐτῶν
3709 540 3820 587 τὰίξ

623 631 863 684 minatim
912 629 1185 698 eleganter
1231 627 1564 694 scripserunt
1603 643 1614 678 :
1655 625 1779 684 Eos,
1815 624 1906 691 qui
1937 625 1990 677 in
2021 625 2164 677 clero

623 721 784 775 semei
813 718 1047 773 ordinati
1071 727 1220 782 sunt,
1267 725 1318 770 et
1344 716 1526 770 itidem
1556 715 1850 768 monachos
1881 717 2168 768 statuimus

627 824 726 863 nec
754 809 817 861 ad
849 808 1133 861 militarem
1182 805 1597 874 expeditionem,
1627 819 1725 858 nec
1765 805 1829 857 ad
1862 804 2168 856 smcularem

627 897 938 966 dignitatem
988 911 1144 964 posse
1197 896 1399 952 venire.
1445 895 1542 960 Qui
1587 903 1764 947 autem
1819 895 1916 946 hoc
1974 893 2171 946 audent

622 998 674 1041 et
712 1002 818 1040 non
863 985 1174 1055 paenitentia
1219 987 1366 1038 ducti
1400 986 1462 1038 ad
1506 986 1556 1039 id
1622 993 1982 1046 revertuntur,
2025 985 2168 1052 quod

625 1087 839 1146 propter
907 1074 1067 1128 Deum
1143 1075 1292 1144 prius
1346 1075 1637 1143 elegerant,
1703 1075 2165 1128 anathematizari.

623 1165 688 1218 Et
752 1165 820 1218 83
887 1180 1068 1234 canon.
1115 1162 1429 1219 'sanctorum
1485 1165 1846 1232 apostolorum
1885 1165 1995 1218 haec
2043 1167 2114 1217 ait
2152 1183 2165 1218 :

622 1242 940 1323 Episcopus,
979 1257 1056 1308 vel
1094 1256 1392 1324 presbyter,
1431 1257 1512 1308 vel
1561 1255 1843 1317 diaconus,
1912 1255 2166 1308 exercitui

620 1357 842 1407 vacans,
896 1353 948 1396 et
1001 1353 1228 1412 utraque
1257 1345 1502 1396 obtinere
1573 1345 1793 1408 volens,
1872 1342 2166 1396 Rantianum

622 1434 826 1488 scilicet
861 1435 1256 1504 magistratum,
1292 1447 1342 1488 et
1375 1437 1765 1491 sacerdotalem
1817 1413 2169 1490 adtuinistt'a:

621 1526 842 1589 tionem,
887 1524 1205 1593 deponatur.
1247 1525 1376 1592 Quae
1417 1536 1544 1582 sunt
1590 1530 1729 1582 enim
1771 1529 2020 1590 Czesaris,
2058 1528 2171 1579 Cae-

622 1615 767 1678 sari;
803 1621 856 1666 et
884 1631 1002 1682 quae
1050 1625 1176 1669 sunt
1211 1615 1322 1678 Dei,
1352 1619 1477 1670 Deo.
1515 1617 1666 1670 Fient
1697 1618 1861 1686 igitur
1890 1618 1941 1670 in
1983 1631 2171 1670 mona-

623 1705 756 1767 chis,
789 1713 841 1757 et
870 1705 1091 1773 reliquis
1133 1704 1266 1758 adeo
1300 1707 1433 1759 bene
1480 1721 1536 1759 se
1575 1708 1900 1772 gerentibus,
1941 1720 2001 1759 ea
2051 1720 2168 1774 quae

621 1792 924 1860 huiusmodi
951 1794 1249 1846 canonibus
1279 1793 1497 1847 definita
1524 1805 1666 1849 sunt.

692 1881 968 1936 lnter.2'l.
1011 1881 1278 1950 Coniuges
1320 1886 1589 1936 communi
1639 1883 1774 1939 forte
1820 1900 2087 1940 consensu
2117 1895 2170 1940 et

620 1971 816 2039 placito
853 1973 1044 2026 anima:
1076 1973 1424 2037 conducibili,
1471 1976 1823 2029 monasticam
1860 1978 2023 2029 vitam
2057 1978 2164 2031 elc-

625 2068 845 2129 gerunt.
872 2061 1004 2126 Quia
1041 2071 1215 2116 autem
1250 2078 1440 2117 rursus
1472 2066 1522 2116 in
1567 2065 1750 2119 eadem
1795 2065 1954 2119 domo
1981 2078 2162 2136 agunt,

620 2152 804 2204 eodem
863 2154 1029 2215 victu,
1073 2153 1365 2221 eademque
1436 2169 1616 2209 mensa
1688 2165 1915 2220 utentes,
1961 2158 2167 2211 discere

622 2240 777 2293 velim
809 2240 937 2308 quid
970 2239 1272 2294 faciendum
1299 2243 1390 2295 sit.

691 2325 810 2381 Res.
838 2327 1008 2382 Divini
1033 2344 1270 2384 canones
1293 2341 1487 2385 sanctae
1505 2339 1560 2386 et
1584 2334 1932 2386 meumenieaa
1953 2336 2163 2403 synodi,

626 2424 824 2470 coactae
867 2418 918 2470 in
965 2419 1162 2486 templo
1204 2429 1510 2473 sanctorum
1553 2422 1936 2490 apostolorum,
1986 2426 2166 2493 appel-

626 2506 744 2560 lata:
776 2508 797 2559 l
830 2515 880 2560 et
909 2511 963 2573 2,
998 2508 1259 2563 definiunt
1308 2530 1320 2563 :
1354 2525 1604 2566 tonsuras
1645 2514 1695 2566 in
1729 2518 2048 2569 monasteria
2090 2518 2170 2572 sic

630 2596 767 2657 ﬁeri,
798 2610 863 2650 ne
890 2596 1128 2650 recusari
1161 2598 1389 2665 possint,
1422 2608 1476 2652 et
1504 2601 1887 2655 conventiones
1907 2610 1933 2638 ιι
1959 2619 2165 2667 eorum,

626 2686 716 2754 qui
757 2685 1066 2745 tondentur,
1102 2701 1130 2739 a
1163 2685 1570 2754 ﬂdejussoribus
1599 2690 1825 2757 suscipi.
1859 2689 1960 2755 Qui
2003 2692 2169 2762 igitur

626 2790 732 2828 non
763 2776 962 2844 degunt
986 2777 1038 2829 in
1067 2779 1428 2841 monasteriis,
1464 2778 1517 2832 in
1549 2779 1743 2847 quibus
1774 2782 1957 2834 habitu
1991 2794 2170 2836 muta-

625 2873 775 2929 runt,
806 2875 860 2918 et
892 2868 1032 2920 tonsi
1071 2875 1214 2932 sunt,
1252 2869 1345 2922 sed
1396 2870 1449 2921 in
1496 2871 1782 2925 mundanis
1823 2871 2166 2938 diversoriis;

626 2955 1019 3024 eompellentur
1054 2970 1082 3008 a
1124 2958 1421 3012 dioeceseos
1465 2961 1734 3029 episcopo,
1800 2977 1922 3016 eum
1962 2979 2172 3018 excom-

629 3046 989 3100 municatione
1011 3057 1063 3100 et
1087 3047 1448 3103 acerbissimis
1471 3050 1641 3117 panis
1657 3052 1830 3106 redire
1851 3053 2008 3120 bene,
2032 3055 2170 3108 unde

629 3133 767 3185 male
794 3134 1060 3186 exierunt.

700 3311 864 3367 Inter.
899 3315 986 3368 28.
1022 3315 1330 3379 Pontiﬁces,
1364 3318 1456 3386 qui
1487 3318 1768 3384 diaconos,
1802 3323 1882 3374 vel
1917 3322 2168 3377 sacerdo-

632 3415 710 3458 tes
737 3406 1009 3468 ordinant,
1047 3407 1168 3458 item
1204 3407 1294 3474 qui
1326 3422 1421 3473 per
1449 3408 1685 3460 divinum
1739 3411 2007 3465 lavacrum
2040 3426 2168 3480 pue-

620 3487 722 3545 ros
762 3494 1206 3556 orthodoxorum,
1245 3505 1337 3546 aut
1382 3495 1589 3561 aliquos
1623 3496 1899 3551 haereticos
1935 3499 2170 3553 sanctiﬁ-

633 3591 805 3643 cant;
868 3582 1066 3648 pariter
1119 3583 1209 3648 qui
1271 3581 1538 3649 aliquibus
1602 3585 1907 3638 ministrant
1963 3587 2172 3640 divinas

640 3670 1116 3733 sanctiﬁcationes,
1146 3671 1189 3723 si
1222 3671 1272 3722 in
1316 3671 1513 3724 laboris
1543 3675 1814 3738 praemium
1847 3680 2172 3730 nummarias

637 3757 845 3823 aliquas
896 3773 1135 3811 summas
1188 3759 1254 3810 ab
1306 3759 1372 3811 iis
1418 3759 1652 3828 exigant,
1701 3773 1912 3817 rectene
1951 3764 2172 3831 faciunt,

635 3847 848 3898 annon?

706 3933 822 3987 Res.
887 3934 1110 3996 Milites,
1165 3934 1372 4002 inquit,
1435 3938 1666 4004 propriis
1725 3939 2006 4006 stipendiis
2069 3958 2172 3994 non

635 4026 870 4076 aluntur.
905 4023 969 4076 Et
1017 4039 1108 4091 per
1155 4022 1337 4078 Mosen
1380 4025 1519 4077 dixit
1560 4025 1718 4089 Deus,
1751 4023 1864 4079 Non
1907 4032 2174 4083 constrin—

635 4129 726 4180 ges
773 4127 835 4166 os
885 4115 1003 4166 bovi
1055 4113 1347 4166 trituranti.
1396 4114 1449 4167 Si
1509 4114 1668 4182 igitur
1717 4132 1811 4182 per
1855 4118 2172 4171 mediocrem

636 4201 903 4254 dationem
951 4202 1207 4270 aliquam,
1252 4209 1304 4254 et
1347 4201 1568 4254 arbitrio
1611 4203 1859 4264 ordinati,
1897 4205 1975 4256 vel
2021 4206 2176 4257 aliter

639 4287 982 4350 sanctilicati,
1011 4287 1260 4340 solatium
1300 4288 1547 4354 accipere
1593 4299 1832 4356 quazrunt
1871 4293 2174 4345 sacerdotes

639 4385 692 4429 et
722 4376 1024 4438 pontiﬁces,
1053 4377 1141 4442 qui
1170 4376 1422 4428 ordinant
1450 4378 1528 4430 vel
1558 4379 1852 4446 baptizant,
1887 4382 2019 4434 nihil
2052 4383 2174 4434 mali

639 4464 864 4519 faciunt.
894 4464 1024 4518 Nam
1067 4464 1304 4519 solemne
1335 4473 1418 4518 est
1467 4481 1558 4533 per
1597 4470 2061 4532 consuetudinem,
2087 4487 2176 4523 or-

642 4550 890 4606 dinantes
942 4553 1186 4621 accipere
1260 4552 1536 4606 solatium.
1593 4553 1742 4618 Quod
1778 4557 1822 4608 si
1875 4557 2176 4625 huiusmodi

645 4642 833 4695 solitas
879 4641 1278 4696 muniﬁcentias
1329 4657 1433 4695 non
1481 4645 1780 4712 requirant,
1829 4646 1922 4700 sed
1977 4649 2176 4714 majora

643 4736 808 4795 dona,
839 4741 890 4786 et
925 4747 1043 4800 qua:
1081 4732 1310 4784 ordinati
1354 4731 1632 4785 facultates
1663 4745 2045 4802 coangustent,
2073 4753 2177 4790 non

645 4832 852 4876 tantum
891 4838 999 4876 non
1035 4821 1415 4884 exaudientur,
1451 4823 1540 4876 sed
1578 4832 1627 4875 ct
1663 4823 1979 4890 depositioni
2015 4827 2182 4894 subji-

644 4915 872 4964 eientur.
901 4912 989 4965 Ait
1033 4913 1176 4964 enim
1212 4913 1244 4964 2
1276 4926 1446 4966 canon
1501 4922 1698 4966 sanctae
1747 4922 1798 4966 et
1842 4917 2185 4969 oecnmenicae

647 5002 832 5071 synodi
862 5019 875 5054 :
908 5001 963 5053 Si
997 5001 1120 5068 quis
1161 5002 1446 5068 episcopus
1492 5011 1708 5070 propter
1739 5005 1992 5070 pecunias
2033 5007 2187 5058 ordi-

648 5092 920 5144 nationem
964 5090 1175 5153 fecerit,
1203 5098 1254 5142 et
1283 5103 1388 5142 non
1433 5091 1672 5144 venalem
1715 5092 1940 5160 gratiam
1971 5093 2021 5144 in
2052 5109 2182 5145 ven-

648 5181 901 5238 ditionem
936 5177 1238 5240 deduxerit,
1272 5187 1324 5232 et
1371 5188 1586 5247 propter
1614 5181 1866 5248 pecunias
1898 5181 2180 5235 ordinave-

653 5267 723 5319 rit
749 5266 1079 5333 episcopum,
1097 5266 1178 5318 vel
1205 5267 1667 5334 eborepisc0pum,
1686 5268 1765 5320 vel
1793 5271 2180 5336 presbyterum,

653 5355 736 5408 vel
789 5354 1094 5416 diaconum,
1135 5354 1216 5406 vel
1271 5355 1502 5422 aliquem
1553 5369 1758 5419 eorum,
1805 5356 1895 5424 qui
1945 5357 1997 5409 in
2043 5358 2186 5411 clero

655 5450 1113 5504 annumerantur,
1162 5443 1242 5496 vel
1292 5456 1508 5512 propter
1561 5447 1814 5512 pecunias
1863 5446 2188 5513 promoverit

656 5545 1025 5596 (economum,
1076 5531 1158 5586 vel
1204 5531 1569 5598 defensorem,
1617 5533 1696 5588 vel
1738 5533 2188 5601 paramonarium,

2275 625 2450 693 ῥητῶς
2477 625 2602 690 περὶ
2633 623 2830 675 τούτων
2859 624 3351 693 ἐκαλλιγράφησαν,
3401 626 3546 685 Τοὺς
3586 628 3731 688 ἆπαξ
3773 651 3817 672 αλ

2272 716 2456 784 κλήρῳ
2498 713 2861 782 τεταγμένους
2909 717 2999 766 καὶ
3054 718 3316 783 μοναστὲς
3359 716 3653 784 ὡρίσαμεν
3698 721 3818 782 μήτε

2270 805 2362 856 ἐπὶ
2397 803 2700 870 στρατείας,
2721 805 2872 870 ’μήτε
2904 803 2993 855 ἐπὶ
3028 805 3182 866 ἀξίαν
3218 806 3495 871 κοσμικὴν
3528 805 3819 872 ἔρχεσῦαι-

2269 895 2324 962 ἢ,
2357 894 2510 946 τοῦτο
2559 895 2887 963 τολμῶντας,
2947 895 3142 960 καὶμὴ
3187 895 3668 962 μεταμελομένους
3691 896 3818 945 ειττε

2270 985 2588 1054 ἐπιστρέψαι
2619 987 2708 1036 ἐπὶ
2733 985 2885 1037 τοῦτο
2913 985 2939 1036 ὅ
2958 985 3043 1036 διὰ
3069 985 3195 1036 Θεὸν
3228 986 3448 1045 εἴλοντο,
3485 987 3818 1051 ἀναθεματί-

2269 1075 2476 1136 ζεσθαι.
2535 1077 2640 1127 Καὶ
2693 1078 2718 1128 ὁ
2773 1075 2863 1142 πγ¹
2919 1074 3096 1127 κανὼν
3136 1075 3242 1125 τῶν
3293 1076 3460 1141 ἁγίων
3513 1077 3818 1126 ἀποστόλων

2268 1167 2438 1220 ταῦτα
2499 1167 2773 1228 διέξεισιν·
2852 1165 3190 1230 Ἐπίσκοπος,
3253 1167 3286 1234 ἢ
3346 1165 3742 1234 πρεσϐύτερος,
3795 1167 3817 1228 ξ

2269 1257 2508 1318 διάκονος
2542 1258 2797 1326 στρατείᾳ
2829 1258 3122 1325 σχολάζων,
3155 1257 3248 1308 καὶ
3290 1256 3618 1323 βουλόμενος
3653 1257 3816 1324 apter:-

2269 1365 2400 1417 τερα
2453 1348 2721 1415 κατέχειν,
2793 1347 3100 1415 Ῥωμαῖκὴν
3158 1348 3328 1416 ἀρχὴν
3384 1349 3475 1398 καὶ
3543 1348 3817 1413 ίερατικὶςδ

2269 1438 2562 1497 διακονίαν,
2590 1438 2974 1506 καθαιρείσθω.
2997 1438 3076 1489 Τὰ
3093 1439 3198 1505 γὰρ
3217 1439 3516 1505 Καίσαρος,
3546 1439 3814 1503 Καίσαρι·

2271 1532 2362 1580 καὶ
2392 1531 2456 1578 τὶ
2490 1527 2580 1578 τοῦ
2627 1525 2782 1585 Θεοῦ,
2829 1527 2902 1594 τῷ
2940 1527 3076 1592 Θεῷ.
3125 1529 3414 1595 Γενήσεται
3461 1526 3562 1577 οὖν
3597 1528 3692 1577 ἐπὶ
3721 1530 3816 1584 τοῖς

2269 1617 2407 1669 οὕτω
2435 1618 2610 1678 καλῶς
2640 1617 3070 1684 πολιτευομένοις
3105 1619 3355 1684 μοναχοίς
3385 1633 3443 1666 τε
3480 1617 3584 1666 καὶ
3621 1616 3814 1674 λοιποῖς

2268 1708 2332 1758 τὰ
2363 1709 2417 1758 ἐν
2437 1710 2547 1769 τοῖς
2565 1709 2820 1768 τοιούτοις
2853 1707 3038 1758 κανόσι
3063 1707 3412 1775 διωρισμένα.

2340 1877 2648 1943 Ἐρώτησις
2677 1875 2776 1936 κζ’.
2818 1876 3103 1944 Ὀμόςυγοι
3121 1879 3267 1929 «κατὰ
3290 1879 3475 1943 κοινὴν
3513 1881 3660 1947 τάχα
3684 1880 3809 1948 ψυχ-

2267 1969 2444 2036 ωφελῆ
2494 1969 2705 2036 Θέλησιν
2775 1970 2865 2020 καὶ
2925 1969 3214 2037 ἀρέσκειαν
3296 1971 3386 2020 τὸν
3436 1973 3656 2040 μονήρη
3713 1971 3815 2039 βίον

2268 2056 2584 2120 ἐπελέξαντο
2603 2070 2616 2082 ’
2646 2059 2726 2108 ὅτι
2750 2057 2803 2108 δὲ
2821 2059 2912 2109 κα)⁸
2939 2053 3089 2118 αὖθις
3113 2059 3169 2108 ὲν
3199 2059 3293 2127 μιᾷ
3324 2060 3586 2128 κατοικία
3613 2060 3814 2127 διαγορ-

2269 2165 2372 2212 σιν,
2442 2147 2738 2212 ὸμοδίαιτοι
2795 2147 3009 2207 πάντως
3067 2147 3218 2206 ὄντες
3273 2147 3365 2200 καὶ
3427 2150 3813 2217 ὁμοτράπεζοι,

2268 2236 2412 2306 ζητῶ
2439 2236 2499 2287 τὸ
2535 2235 2782 2303 ποιητέον
2807 2235 2893 2287 ἐπὶ
2918 2234 3126 2296 τούτοις
3156 2236 3365 2303 μαθεῖν.

2339 2329 2460 2378 Ἀπ’.
2491 2329 2552 2378 Ol.
2587 2327 2719 2378 Θεῖοι
2764 2326 2986 2387 κανόνες
3022 2327 3119 2395 τῆς
3159 2328 3216 2377 ἐν
3252 2326 3327 2394 τῷ
3359 2327 3474 2394 ναῷ
3512 2327 3626 2378 τῶν
3660 2330 3814 2394 ἁγίων

2270 2415 2575 2466 ἀποστόλων
2614 2416 2884 2482 συστάσης
2928 2415 3086 2480 ἁγίας
3143 2418 3234 2467 καὶ
3277 2417 3668 2485 οίκουμενικῆς
3700 2437 3812 2468 ουν·

2267 2503 2406 2566 όδου,
2441 2506 2543 2568 τῆςι
2577 2503 2871 2570 λεγομένης
2895 2502 2940 2555 α’
2987 2505 3079 2555 καὶ
3111 2503 3175 2572 β’,
3222 2504 3543 2574 διορίζονται
3589 2509 3809 2558 κατὰτὸ

2270 2595 2638 2662 ἀπαραίτητον
2681 2595 2759 2654 είς
2819 2596 3150 2662 μοναστήρια
3199 2595 3294 2655 τὰς
3338 2598 3689 2664 -ὰττοκάρτεις
3735 2597 3810 2661 γί-

2269 2683 2473 2745 νεσθαι,
2519 2686 2610 2736 καὶ
2645 2685 2744 2735 ὑπὸ
2778 2684 3048 2752 ἀναδόχων
3081 2691 3177 2745 τὰς
3230 2685 3502 2752 συνθήκας
3537 2685 3648 2735 τῶν
3685 2689 3807 2737 ἁπο-

2270 2773 2596 2842 κειρομένων
2624 2773 2890 2839 δέχεσθαι.
2926 2775 2986 2823 Οί
3031 2773 3157 2838 γοῦν
3209 2773 3280 2842 μὴ
3313 2773 3590 2838 διάγοντες
3637 2778 3716 2834 είς
3755 2781 3809 2825 τι

2273 2861 2606 2927 μοναστήρια
2648 2862 2726 2920 είς
2771 2858 2804 2911 ἃ
2853 2859 3430 2927 μετεσχηματίσθησαν
3476 2865 3569 2911 καί
3614 2864 3810 2913 απεκὰο

2273 2963 2461 3016 ρησαν,
2502 2947 2612 2999 ἀλλ’
2663 2951 2738 3008 είς
2793 2949 3032 3014 κοσμικὰ
3078 2948 3412 3014 καταγώγια,
3471 2966 3808 3013 καταναζκα-

2273 3038 2558 3104 σθήσονται
2611 3038 2762 3105 παρὰ
2818 3037 2911 3088 τοῦ
2974 3037 3236 3106 ἐγχωρίου
3295 3039 3623 3096 ἐπισκόπου.
3685 3043 3810 3107 μετα

2271 3125 2594 3194 ἁφορισμοῦ,
2631 3127 2722 3177 καὶ
2760 3125 3097 3194 δριμυτάτων
3140 3127 3446 3195 ιπιτιμίων,
3482 3129 3809 3198 ὑποστρέψαι

2193 3233 2237 3293 C
2274 3215 2450 3276 καλῶς
2489 3215 2609 3266 ὅθεν
2639 3215 2855 3282 ἐξῆλθον
2885 3217 3087 3278 κακῶς.

2354 3303 2674 3367 Ἐρώτησις
2701 3303 2808 3367 κη’.
2843 3307 2904 3355 υἱ
2937 3304 3357 3373 χειροτονοῦντες
3390 3307 3676 3371 ἀρχιερεῖς
3715 3306 3811 3356 δια-

2271 3391 2455 3452 κόνους
2509 3394 2599 3442 καὶ
2655 3394 2834 3458 ἱερεῖς,
2895 3393 3026 3444 ἀλλὰ
3061 3394 3163 3460 μὴν
3210 3397 3298 3444 καὶ
3331 3394 3376 3444 ol
3406 3395 3493 3443 διὰ
3533 3395 3630 3444 τοῦ
3677 3396 3809 3445 θείου

2272 3477 2640 3545 βαπτίσματος
2688 3480 2881 3540 παῖδας
2933 3478 3219 3547 ὸρΘοὸόξων
3268 3481 3607 3545 ἁγιάζοντες,
3646 3483 3678 3550 ἡ
3732 3483 3808 3532 καί

2270 3585 2418 3628 τινας
2450 3569 2788 3635 αἱρετικούς·
2823 3569 3080 3631 ὡσαύτως
3129 3571 3220 3622 καὶ
3251 3574 3296 3622 ot
3344 3573 3717 3639 μεταδιδόντες
3744 3590 3807 3622 τι·

2274 3657 2364 3714 νὰς
2397 3657 2501 3706 τῶν
2527 3655 2682 3707 θείων
2710 3657 3078 3724 ἁγιασμᾶτων,
3109 3659 3204 3710 ἐὰν
3231 3659 3529 3710 ἀπαιτῶσιν
3553 3663 3616 3722 ἐξ
3649 3662 3809 3712 αὐτῶν

2275 3745 2426 3812 χάριν
2461 3744 2626 3793 κόπου
2659 3744 2860 3794 τούτων
2892 3746 3185 3812 ποσΰτητάς
3218 3761 3364 3805 τινας
3395 3748 3806 3812 νομισματικὰς,

2274 3832 2449 3892 καλῶς
2483 3831 2744 3893 ποιοῦσιν,
2784 3833 2814 3900 ἢ
2844 3831 2905 3883 οὗ
2931 3850 2944 3895 ;

2354 3922 2707 3987 Ἀπόκρισις.
2763 3923 2824 3970 Οί
2878 3921 3220 3986 στρατιῶται,
3256 3924 3438 3988 φησὶν,
3482 3923 3643 3986 ἰδίοις
3683 3926 3807 3991 ὀψω-

2274 4011 2400 4071 νίοις
2459 4012 2555 4060 οὐκ
2599 4013 3010 4078 ἀνατρέφονται.
3062 4013 3170 4063 Καὶ
3214 4012 3299 4063 διὰ
3327 4013 3564 4071 Μωσέως
3602 4011 3808 4066 εἷττενό

2274 4099 2422 4158 Θεὸς,
2448 4100 2519 4150 Οὐ
2547 4098 2807 4165 φιμώσεις
2831 4099 2953 4166 βοῦν
2975 4100 3228 4154 ἀλοῶντα.
3255 4101 3315 4153 Εἰ
3341 4102 3467 4168 γοῦν
3483 4101 3569 4154 διὰ
3593 4107 3806 4172 μετρίας

2274 4190 2415 4250 τινὸς
2463 4189 2678 4251 δόσεως,
2722 4191 2813 4241 καὶ
2842 4193 2907 4258 τῇ
2935 4191 3248 4259 προαιρέσει
3290 4191 3383 4242 τοῦ
3415 4196 3802 4261 χειροτονουμέο

2275 4301 2386 4344 νου,
2416 4283 2446 4351 ἢ
2481 4283 2651 4344 ἄλλως
2676 4283 3050 4350 ἁγιαζομένου,
3087 4285 3538 4354 παρηγορηθῑψαι
3572 4288 3796 4354 (meum

2276 4373 2323 4423 oi
2354 4373 2774 4440 χειροτονοῦντες
2803 4373 2833 4440 ἢ
2862 4373 3223 4440 βαπτίζοντες.
3261 4377 3444 4443 Ἰερεῑς
3483 4394 3547 4428 τε
3590 4382 3683 4429 καί
3721 4382 3804 4445 ἀρα

2278 4465 2496 4530 χιερείς,
2532 4462 2680 4513 οὐδέν
2707 4479 2758 4512 τι
2791 4461 3002 4513 ποιοῦσι
3034 4462 3220 4514 κακόν.
3245 4463 3581 4532 Νενόμισται
3608 4470 3713 4535 γὰρ
3733 4466 3803 4516 διὰ

2206 4542 2256 4600 D
2284 4551 2569 4618 συνήθειαν
2601 4549 3028 4619 παρηγορεῖσθαι
3077 4553 3201 4612 τοὺς
3244 4553 3706 4619 χειροτονοῦντας.
3754 4553 3802 4604 Εἰ

2278 4640 2332 4690 δὲ
2381 4641 2627 4701 τοιαύτας
2689 4641 2785 4708 μὲν
2841 4641 3088 4708 συνήθεις
3135 4642 3380 4705 εὐλογίας
3432 4643 3491 4694 οὺ
3548 4644 3792 4712 ζητοῦσι-ι,

2281 4731 2412 4781 ἀλλὰ
2435 4730 2639 4798 δόματα
2672 4731 2826 4781 σΟινα
2839 4732 2904 4799 ρὰ
2931 4732 3024 4782 καὶ
3049 4733 3143 4800 τὴν
3173 4733 3321 4800 ἰσχὺν
3356 4734 3448 4784 τοῦ
3491 4751 3800 4801 χειροτονου-

2285 4821 2438 4887 μένοιι
2483 4820 2929 4888 στενοχωροῦντα,
2987 4826 3046 4873 ού
3107 4823 3265 4891 μόνον
3317 4826 3414 4877 οὐκ
3467 4829 3799 4890 εἰσακουσῧή-

2285 4927 2488 4970 σονται,
2517 4909 2649 4960 ἀλλὰ
2693 4909 2786 4961 καὶ
2817 4912 3126 4979 καθαιρέσει
3155 4914 3644 4983 ὑποὸληθήσονται.
3691 4919 3786 4982 Φηπ

2282 5000 2385 5066 γὰρ
2439 5000 2467 5050 ὁ
2524 4999 2566 5067 β’
2597 4999 2772 5052 κανὼν
2805 5001 2900 5068 τῆς
2950 5003 3106 5066 ἁγίας
3145 5004 3239 5054 καὶ
3273 5006 3654 5073 οίκουμενικῆς
3699 5025 3800 5058 aut.

2280 5089 2416 5148 ὁδου,
2439 5088 2592 5148 Εῖτις
2623 5089 2916 5150 ἐπίσκοπος
2939 5092 3027 5141 ἐπὶ
3055 5093 3290 5158 χρήμασι
3314 5098 3644 5161 χειροτονίαν
3675 5101 3800 5157 ποιή-

2289 5191 2388 5238 σει,
2423 5177 2516 5227 καὶ
2541 5179 2616 5237 είς
2649 5178 2844 5244 πράσιν
2878 5180 3099 5244 κατάγει
3140 5182 3234 5250 τὴν
3266 5182 3506 5250 ἄπρατον
3534 5187 3710 5253 χάριν,
3731 5189 3801 5232 καὶ

2291 5266 2640 5331 χειροτονήσει
2673 5267 2760 5314 ἐπὶ
2789 5267 3055 5334 χρήμασιν
3086 5269 3397 5329 ἐπίσκοπον,
3453 5274 3484 5340 ἢ
3528 5273 3798 5342 πρεσϐύτε-

2297 5367 2404 5418 ρον,
2432 5351 2462 5418 ἢ
2495 5351 2809 5420 διάκονον,ἢ
2837 5355 3261 5421 χωρεπίσκοπον,
3288 5358 3318 5425 ἢ
3356 5359 3539 5427 ἕτερον
3571 5378 3687 5412 τινα
3715 5359 3799 5408 τῶν

2296 5444 2354 5492 ὲν
2396 5441 2470 5508 τῷ
2521 5442 2701 5510 κλήρῳ
2749 5445 3260 5514 κατηριθμημένων,
3305 5448 3336 5517 ἢ
3385 5451 3703 5519 προϐάλοιτο
3730 5452 3796 5500 ἐπὶ

2297 5532 2565 5599 χρήμασιν
2595 5535 2890 5602 οἰκονόμον,
2913 5529 2955 5602 ’ἢ
2992 5536 3223 5600 ἔκδικον,
3254 5538 3285 5606 ἣ
3330 5543 3740 5609 προσμονὰριον,
3774 5539 3795 5603 ἧ

1916 5640 2142 5697 VARUS
2172 5641 2567 5700 LECTIONES.

730 5717 756 5747 ι
778 5710 1086 5778 sponsiones.
