3914 6332
90 369 211 432 981

895 373 1282 434 RESPONSA
1313 375 1413 432 AD
1447 374 2460 442 1N'l‘EltRUUATiONESRMA‘liCL

3219 383 3323 444 982

101 503 308 562 ἄλλως
346 495 467 553 τινὰ
492 494 582 548 τοῦ
617 495 830 556 κανόνος
863 495 928 547 δι’
965 493 1422 564 αἰσχροκέρδειαν,
1455 495 1483 546 ὁ
1515 493 1686 561 τούτῳ

1792 495 1866 550 vel
1921 498 2141 549 omnino
2197 499 2428 566 aliquem
2483 515 2543 554 ex
2591 514 2815 566 canone,
2863 504 3032 573 turpis
3085 520 3320 576 quaestus

102 591 510 659 ἐπιχειρήσας,
545 586 814 654 ἐλεγχθεὶς
845 584 1196 646 κινδυνευέτω
1228 585 1351 653 περὶ
1378 586 1466 636 τὸν
1494 584 1688 677 οίκεῐον

107 682 360 748 βαθμόν.
415 680 520 733 Καὶ
555 681 580 730 ό
617 676 1104 745 χειροτονούμενος,
1147 676 1311 745 μηδὲν
1353 675 1415 724 ὲκ
1442 675 1540 738 τῆς
1569 688 1668 722 κατ

111 770 408 836 ἐμπορίαν
436 765 750 831 ὡφελείσθω
775 763 1154 832 χειροτονείας,
1179 765 1210 835 ἢ
1244 762 1509 831 προόολῆς
1530 778 1543 791 '
1572 759 1686 814 ἀλλ’

109 862 268 910 ἔστω
318 857 592 924 ἀλλότριος
619 857 714 922 τῆς
744 854 898 918 ἀξίας
948 855 980 921 ἢ
1012 854 1105 906 τοῦ
1146 855 1536 922 φροντίσματος
1555 891 1570 918 ,
1599 850 1687 906 οῦ-

110 967 232 1017 -πξρ
265 951 358 1000 ἐπὶ
387 950 656 1016 χρήμασιν
680 946 879 1014 ἔτυχεν.
906 946 964 997 Εἰ
983 945 1038 996 δέ
1063 961 1144 1006 τις
1175 945 1470 1012 μεσιτεῦων
1493 945 1684 1014 φανείη

111 1056 143 1088 τ
181 1043 235 1099 ῖς
271 1038 444 1098 οὕτως
495 1038 738 1105 αἰσχροῖς
801 1038 893 1088 καὶ
939 1035 1213 1102 ἀθεμίτοις
1263 1035 1533 1104 λήμμασι,
1589 1036 1685 1088 καὶ

112 1122 309 1189 οὗτος,
369 1130 418 1179 εί
472 1127 566 1194 μὲν
607 1125 860 1193 κληρικδς
888 1127 995 1190 εἴη,
1032 1124 1124 1177 τοῦ
1152 1125 1350 1179 οἰκείου
1379 1125 1685 1181 ὲκπιπτέτω

118 1217 346 1287 βαθμοῦ
376 1237 387 1248 ο
425 1222 470 1270 εἰ
501 1219 556 1270 δὲ
589 1218 772 1280 λαῖκδς
805 1219 835 1283 ἢ
875 1220 967 1269 καὶ
1000 1217 1262 1283 μονάζων,
1299 1217 1685 1285 ἀναθεματιζέ-

120 1310 266 1360 σθω.
328 1307 436 1360 Καὶ
480 1308 506 1358 ὁ
538 1307 621 1375 κγ’
656 1307 830 1360 κανὼν
877 1307 975 1372 τῆς
1011 1307 1067 1357 ἐν
1093 1306 1171 1375 τῷ
1197 1305 1445 1374 Τρούλλῳ
1466 1305 1558 1357 τοῦ
1589 1323 1684 1373 με·

120 1400 301 1464 γάλου
363 1399 619 1451 παλατίου
666 1402 935 1467 συστάσης
981 1400 1138 1466 ἁγίας
1177 1400 1266 1450 καὶ
1308 1400 1684 1466 οίκουμενικῆς

125 1492 354 1543 συνόδου
387 1491 555 1542 ταῦτα
577 1489 794 1554 διέξεισι
829 1491 954 1560 περὶ
999 1489 1090 1543 τοῦ
1120 1490 1344 1558 Μηδένα
1368 1491 1678 1553 ἐπίσκοπον,

122 1581 242 1632 εἴτε
282 1580 667 1650 πρεσϐύτερον,
723 1582 832 1633 εἴτε
870 1581 1130 1643 διάκονον,
1161 1582 1255 1650 τῆς
1287 1581 1550 1650 ἁχράντου
1586 1595 1682 1646 με·

123 1671 409 1722 ταδιδόντα
440 1671 738 1732 κοινωνίας,
772 1671 918 1739 παρὰ
947 1670 1037 1722 τοῦ
1062 1671 1373 1738 μετέχοντος
1426 1669 1682 1740 εἰσπράτ-

124 1778 266 1822 τειν,
327 1763 420 1827 τῆς
460 1762 708 1829 τοιαύτης
769 1760 1113 1829 μεταλήψεως
1155 1761 1331 1830 χάριν,
1395 1760 1598 1822 ὀϐολὸν,
1647 1759 1677 1829 ῆ

128 1847 278 1912 εἶδος
308 1849 368 1901 τὸ
394 1849 614 1902 οίονοῦν.
668 1848 799 1900 υὺδὲ
833 1849 938 1916 γὰρ
979 1849 1298 1919 πεπραμένη
1339 1848 1484 1901 ἐστὶν
1517 1850 1546 1916 ἡ
1579 1848 1678 1915 χὰ-

134 1957 244 2006 ρις,
277 1940 396 1990 οὐδὲ
427 1940 668 2007 χρήμασι
695 1940 784 1990 τὸν
823 1939 1088 2005 ἀγιασμδν
1111 1939 1203 1990 τοῦ
1235 1938 1536 2007 πνεύματος
1591 1955 1683 2006 με-

131 2029 469 2095 ταδιδόαμεν,
531 2029 663 2080 ἀλλὰ
717 2030 822 2088 τοῖς
862 2027 1028 2089 ἀξίοις
1073 2027 1166 2080 τοῦ
1211 2027 1380 2096 δώρου
1411 2031 1679 2096 ἀπανουρ-

131 2119 340 2185 γεύτως
375 2119 710 2186 μεταδοτέον.
743 2121 802 2172 Εἰ
833 2121 886 2172 δὲ
917 2123 1105 2187 φανείη
1132 2137 1214 2182 τις
1242 2121 1350 2172 τῶν
1374 2121 1429 2171 ὲν
1452 2121 1526 2189 τῷ
1557 2121 1684 2188 κλή.

135 2227 217 2278 ρῳ
279 2210 706 2278 κατειλεγμένων
777 2211 1024 2262 ἁπαιτῶν
1091 2203 1134 2277 ᾧ
1205 2212 1519 2278 μεταδίδωσι
1583 2211 1681 2279 τῆς

131 2300 400 2368 ἀκράντου
437 2301 712 2361 κοινωνίας
764 2301 822 2350 τὸ
855 2301 1056 2352 οίονοῦν
1105 2299 1261 2364 είδος,
1295 2302 1679 2369 καθαιρείσθω,

134 2391 213 2452 ὡς
251 2390 343 2456 τῆς
377 2389 468 2441 τοῦ
504 2391 737 2458 Σίμωνος
780 2389 1022 2460 ζηλωτὴς
1066 2392 1269 2462 πλάνης
1304 2394 1410 2444 καὶ.
1449 2410 1682 2462 κακουρ-

139 2481 283 2546 γίας.

221 2569 532 2636 Ἐρώτησις
583 2568 688 2622 κσ.
742 2571 804 2622 Οί
838 2572 954 2623 κατ’
1003 2572 1293 2637 ἐπίγνωσιν
1335 2573 1508 2640 ἀληθῆ
1548 2577 1677 2642 πρὸς

137 2660 236 2727 τὴν
282 2661 552 2727 ὀρθόδοξον
590 2661 764 2712 πίστι)
798 2662 1099 2729 ἐρχόμενοι,
1149 2662 1496 2730 Νεστοριανοὶ
1529 2663 1680 2730 δηλο-

135 2749 272 2809 νότι,
316 2751 604 2816 Ἀρμένιοι,
649 2751 970 2812 ⁹Ιακω6ἰται,
1005 2751 1091 2803 καὶ
1127 2752 1298 2820 ἕτεροι
1340 2753 1676 2816 αἱρεσιῶται,

139 2838 228 2890 διὰ
263 2840 419 2906 μόνου
450 2842 540 2891 τοῦ
571 2841 722 2905 ἁγίου
761 2840 929 2908 μύρου
951 2842 1220 2909 ὁιρείλουσι
1261 2843 1611 2905 τελειοῦσθαι,
1646 2845 1676 2914 ἦ

141 2930 237 2982 καὶ
262 2929 346 2981 διὰ
378 2929 520 2981 θείου
553 2932 955 2999 βαπτίσματοςς

227 3024 350 3080 Ἀπ.
391 3022 446 3074 'U
474 3022 552 3089 ἵης’
579 3025 754 3076 κανὼν
784 3026 882 3092 τῆς
927 3027 982 3076 ἐν
1029 3023 1103 3094 τῷ
1145 3026 1394 3094 Τρούλ>.ῳ
1441 3028 1675 3088 συνόδου,

1790 585 1981 652 gratia,
2035 588 2125 654 qui
2175 589 2275 642 hoc
2318 600 2552 646 tentasse
2587 595 2867 648 convictus
2901 594 3080 658 fuerit,
3107 598 3172 650 de
3202 613 3324 664 pro-

1788 673 1904 741 prio
1940 676 2107 742 gradu
2140 677 2200 728 in
2223 677 2518 746 periculum
2552 681 2725 734 veniat
2751 690 2850 744 ;-et
2879 683 2969 751 qui
3003 692 3083 737 est
3107 686 3322 737 ordina-

1789 772 1911 826 tus.
1952 780 2017 819 ex
2064 766 2404 821 ordinatione
2443 768 2525 822 vel
2579 773 2948 838 promotioue,
2991 789 3110 842 quce
3155 779 3322 829 instar

1788 864 2148 909 mercatorum
2199 855 2560 923 venundatur,
2598 858 2730 912 nihil
2759 860 2995 928 juvetur,
3053 864 3148 918 sed
3191 866 3260 920 sit
3293 882 3321 919 a

1789 944 2051 1017 dignitate
2109 945 2190 1000 vel
2249 946 2530 1002 curatione
2578 949 2827 1015 alienus,
2875 968 3035 1021 quam
3079 957 3322 1024 pecuniis

1787 1035 2015 1104 adeptus
2060 1045 2164 1090 est.
2195 1039 2250 1092 Si
2285 1040 2407 1107 quis
2442 1048 2618 1093 autem
2647 1032 2946 1107 sequester
2977 1055 3025 1100 et
3065 1047 3324 1102 interces-

1783 1141 1876 1182 sor
1929 1128 2063 1181 adeo
2110 1130 2357 1196 Iurpibus
2403 1139 2456 1185 et
2505 1133 2726 1185 nefariis
2777 1133 2942 1188 lucris
2989 1137 3322 1204 apparuerit,

1785 1215 1870 1268 hic
1921 1231 2152 1284 quoque,
2187 1218 2230 1270 si
2268 1218 2338 1270 sit
2377 1218 2593 1286 quidem
2626 1221 2874 1285 clericus,
2911 1224 3126 1292 pr0prio
3156 1225 3320 1292 gradu

1780 1306 2031 1372 excidat;
2067 1308 2108 1361 si
2149 1311 2219 1362 sit
2271 1316 2448 1362 autem
2493 1311 2685 1374 laicus,
2723 1314 2802 1367 vel
2848 1315 3163 1379 monachus,
3199 1329 3324 1366 ana-

1783 1396 2187 1450 thematizetur.
2223 1397 2288 1448 Et
2336 1396 2404 1450 25
2447 1412 2618 1451 canon
2660 1411 2858 1454 sancta:
2891 1411 2944 1455 et
2982 1402 3323 1455 (Bcuntenicat

1779 1486 1968 1555 synodi
2009 1486 2060 1538 in
2095 1485 2282 1539 Trullo
2323 1489 2497 1556 magni
2545 1489 2722 1557 palatii
2758 1501 2957 1549 coacta
3001 1491 3112 1545 haec
3145 1507 3324 1560 perse-

1781 1578 1968 1642 quitur
1997 1593 2010 1630 :
2045 1574 2109 1629 Ut
2146 1577 2349 1640 nullus,
2390 1579 2503 1632 sive
2544 1580 2847 1648 episc0pus,
2880 1583 2990 1636 sive
3019 1582 3319 1651 presbyter,

1781 1668 1892 1721 sive
1943 1667 2224 1731 diaconus,
2257 1669 2649 1722 immaculatam
2699 1673 2937 1740 praebens
2984 1674 3320 1726 communio-

1781 1774 1926 1822 nem,
1959 1760 2025 1813 ab
2067 1775 2152 1821 eo,
2190 1761 2280 1828 qui
2315 1763 2694 1825 communicat,
2731 1763 2848 1829 ejus
2898 1764 3321 1831 participationis

1784 1850 1976 1919 gratia,
2005 1851 2216 1915 obolos,
2249 1852 2326 1905 vel
2369 1855 2615 1920 quamvis
2659 1854 2816 1907 aliam
2861 1854 3092 1921 speciem
3122 1855 3317 1924 exigat.

1783 1939 1899 1992 Non
1935 1949 2018 1994 est
2053 1941 2194 1994 enim
2229 1942 2432 1996 venalis
2461 1943 2653 2010 gratia,
2692 1958 2788 1997 nec
2814 1958 2911 2012 pro
2935 1945 3177 2011 pecuniis
3209 1948 3319 2013 spi-

1782 2031 1921 2085 ritus
1961 2031 2443 2087 sanctiﬁcationem
2480 2033 2813 2101 impertimur
2845 2053 2858 2090 :
2892 2036 3086 2098 sediea
3113 2038 3198 2100 iis,
3228 2039 3320 2106 qui

1780 2121 1928 2190 digni
1970 2131 2114 2183 sunt,
2152 2123 2354 2191 absque
2381 2124 2489 2177 ulla
2523 2133 2606 2177 est
2652 2125 3001 2186 calliditate!k
3019 2131 3323 2182 communi-

1781 2212 1973 2264 canda.
2014 2210 2067 2265 Si
2098 2213 2220 2280 quis
2250 2223 2424 2266 autem
2456 2230 2662 2278 eorum,
2696 2217 2784 2285 qui
2833 2226 2958 2270 sunt
2990 2219 3040 2271 in
3073 2219 3198 2272 cieri
3231 2234 3319 2272 ca-

1782 2302 1980 2368 talogo,
2010 2301 2076 2353 ab
2120 2317 2203 2364 eo,
2238 2303 2322 2354 cui
2372 2303 2767 2358 immaculatum
2807 2306 3044 2374 impertit
3080 2322 3327 2362 commn-

1783 2391 2018 2452 nionem,
2045 2391 2208 2444 ullam
2237 2394 2470 2461 speciem
2505 2395 2720 2463 exigere
2750 2395 2897 2450 visus
2933 2397 3120 2462 fuerit,
3153 2398 3317 2466 depo»

1781 2489 1962 2540 tiatur,
1987 2490 2042 2534 ut
2068 2480 2357 2536 Simoniaci
2384 2486 2584 2539 erroris
2607 2496 2659 2538 et
2684 2487 2925 2541 maleﬁcii
2953 2492 3250 2542 aemulator.

1851 2570 2016 2625 Inter.
2068 2572 2156 2627 29.
2213 2571 2314 2637 Qui
2375 2589 2467 2641 per
2527 2590 2701 2627 verum
2741 2578 3094 2645 cognitionem
3125 2578 3188 2630 ad
3233 2593 3320 2631 or-

1781 2662 2000 2715 tboxam
2068 2661 2226 2717 ﬁdem
2289 2663 2594 2725 accedunt,
2651 2663 2976 2719 Nestioriani
3026 2665 3314 2727 videlicet,

1783 2753 2042 2814 Armenii,
2074 2752 2348 2816 Jacobitae,
2393 2761 2444 2805 et
2476 2753 2562 2804 alii
2593 2754 2851 2812 haeretici.
2881 2768 2948 2807 an
2981 2755 3097 2808 solo
3130 2762 3316 2808 sancto

1781 2850 2057 2911 unguento
2108 2843 2337 2896 debeant
2383 2841 2610 2906 initiari,
2657 2856 2723 2894 an
2765 2857 2888 2896 vero
2930 2843 3089 2896 etiam
3139 2843 3316 2896 divino

1780 2932 2030 2986 lavacro?

1853 3022 2001 3092 Resp.
2043 3022 2228 3076 Canon
2270 3020 2337 3076 95
2380 3021 2571 3092 synodi
2597 3021 2649 3076 in
2683 3022 2866 3076 Trullo
2908 3033 3126 3078 secutus
3168 3024 3196 3075 7
3230 3039 3316 3076 ca-

139 3113 499 3182 ἁκολουθήσας
533 3114 607 3182 τῷ
637 3113 679 3176 ζ’
715 3118 895 3166 κανόνι
929 3116 1023 3183 τῆς
1069 3116 1226 3181 ἁγίας
1258 3117 1350 3168 καὶ
1376 3118 1679 3184 οίκουμενι-

1781 3129 1972 3166 nonem
2021 3122 2219 3167 sanctae
2264 3122 2317 3168 et
2361 3113 2710 3167 meumenicae
2752 3113 2787 3166 2
2831 3114 3053 3183 synodi,
3092 3115 3206 3169 haec
3249 3114 3314 3166 ad

141 3205 244 3272 κῆς
272 3204 312 3273 β’
342 3204 570 3264 συνόδου,
605 3203 724 3258 τάδε
769 3205 906 3256 κατὰ
938 3205 1085 3276 ῥῆμα
1117 3207 1501 3274 διοιλαμισάνει⁸
1544 3208 1678 3269 Τοὺς

142 3295 584 3363 προστιθεμένους
607 3299 668 3364 τῇ
695 3296 965 3363 ὀρθοδοξία
991 3299 1082 3348 καὶ
1106 3300 1168 3365 τῇ
1200 3298 1371 3366 μερίδι
1390 3298 1493 3348 τῶν
1521 3299 1679 3359 σωζο-

145 3385 318 3454 μένων
339 3387 443 3437 ἁπὸ
466 3386 772 3453 αίρετικῶν,
797 3385 1056 3453 δεχόμεθα
1095 3386 1230 3438 κατὰ
1254 3387 1346 3454 τὴν
1369 3388 1470 3439 ὑπο
1484 3404 1678 3452 τεταγ-

143 3473 307 3543 μένην
335 3475 644 3526 ἀκολουθίαν
684 3492 738 3525 τε
779 3476 869 3526 καὶ
900 3476 1199 3545 συνήθειαν,
1241 3478 1548 3544 ’Δρειανοὺς
1580 3479 1677 3544 μὲν

141 3568 236 3617 καὶ
265 3565 680 3624 Μακεδονιανοὺς
711 3567 802 3615 καὶ
838 3564 1234 3630 Νασατιανοὺς,
1267 3567 1391 3630 τοὺς
1428 3567 1675 3634 λέγοντας

140 3655 362 3717 ἑαυτοὺς
395 3654 684 3723 καθαροὺς,
715 3654 805 3706 καὶ
843 3656 1176 3724 ἀριστεροὺς.
1215 3657 1304 3708 καὶ
1331 3658 1449 3719 τοὺς
1485 3673 1677 3711 τεσσα-

144 3744 629 3813 ρεσκαιδεκατίτας,
655 3744 770 3812 ἦτοι
795 3745 1123 3812 τετραδίτας,
1155 3745 1316 3812 ἧγουν
1347 3747 1366 3776 ⁸
1398 3746 1677 3798 ’Λπολινα-

145 3839 386 3904 ριαστὰς,
413 3836 672 3905 δεχόμεθα
693 3836 927 3896 διδόντας
955 3835 1247 3900 λιῦἐλλους,
1293 3838 1384 3889 καὶ
1415 3837 1679 3906 ἀναθεμα-

139 3926 380 3988 τίζοντας
415 3928 590 3978 πᾶσαν
621 3927 830 3996 αἵρεσιν
859 3927 930 3996 μὴ
966 3927 1266 3997 φρονοῦσαν
1311 3934 1386 3991 ως
1413 3931 1598 3998 φρονεῖ
1641 3930 1673 3998 ἡ

145 4013 273 4080 ἁγία
296 4013 383 4066 τοῦ
414 4014 544 4066 Θεοῦ
571 4015 830 4083 καθολικὴ
857 4018 949 4068 καὶ
983 4019 1309 4088 ἀποστολικὴ
1345 4018 1636 4086 Ἐκκλησία
1658 4031 1673 4047 ⁸

144 4104 602 4173 σφραγιζομένους
644 4107 760 4175 ἦτοι
813 4107 1132 4174 χριομένους
1183 4110 1395 4176 πρῶτον
1437 4107 1512 4170 τῷ
1537 4108 1676 4175 ἁγίῳ

144 4192 298 4260 μύρῳ
327 4193 406 4255 τό,
436 4209 494 4244 τε
527 4193 769 4261 μέτωπον
800 4196 893 4246 καὶ
921 4198 1043 4258 τοὺς
1067 4195 1394 4265 ὀφθαλμοὺς,
1446 4197 1540 4250 καὶ
1575 4197 1675 4260 τὰς

143 4283 313 4348 ῥίνας,
345 4281 436 4331 καὶ
463 4279 520 4331 τὸ
553 4283 743 4349 στόμα,
773 4283 864 4334 καὶ
887 4283 956 4333 τὰ
992 4279 1125 4346 ὦτα.
1159 4285 1266 4336 Καὶ
1291 4284 1674 4352 σφραγίζοντες

141 4368 350 4431 αὐτοὺς,
376 4368 626 4438 λέγομεν,
653 4372 889 4440 Σφραγὶς
915 4371 1118 4442 δωρεᾶς
1159 4373 1464 4441 πνεύματος
1489 4375 1668 4441 ἁγίου.

141 4455 274 4524 Περὶ
331 4457 386 4509 δὲ
439 4459 545 4509 τῶν
602 4461 1078 4523 παυλιανισάντων,
1113 4458 1228 4514 εῐτα
1258 4463 1673 4530 προσφυγόντων

142 4550 206 4615 τῇ
243 4547 489 4618 καθολικῇ
537 4548 851 4618 Ἐκκλησία,
883 4551 1004 4619 ὄρος
1031 4552 1352 4619 έκτέθειται,
1377 4554 1680 4608 ἀναδαπτί-

143 4632 321 4697 ζεσθαι
351 4635 548 4696 αὐτοὺς
579 4635 637 4698 ἐξ
667 4635 921 4698 ἅπαντος.
949 4637 1309 4706 Εὐνομιανοὺς
1339 4641 1518 4710 μέντοι
1549 4644 1676 4704 τοὺς

144 4725 221 4786 είς
250 4725 369 4789 μίαν
397 4726 687 4778 κατάδυσιν
712 4725 1160 4795 βαπτιζομένους,
1191 4729 1284 4781 καὶ
1307 4729 1675 4795 Μοντανιστὰς

142 4812 264 4872 τοὺς
294 4811 524 4864 έκταῦθα
547 4813 867 4880 λεγομένους
889 4813 1124 4883 Φρύγας,
1151 4817 1244 4868 xa‘t
1271 4817 1674 4884 Σαδελλιανοὺς,

143 4906 264 4966 τοὺς
304 4905 644 4976 υίοπατορίαν
688 4906 1008 4970 δοξάζοντας
1031 4949 1047 4974 ,
1106 4910 1197 4962 καὶ
1236 4909 1396 4980 ἕτερά
1426 4927 1547 4964 τινα
1573 4929 1673 4981 χα-

145 4990 278 5045 λεπὰ
322 4995 599 5056 ποιοῦντας
628 5010 643 5024 ο
698 4996 792 5049 καὶ
850 4993 1027 5059 πάσας
1073 4999 1189 5066 «rch
1218 4999 1382 5062 ἄλλας
1415 5001 1672 5070 αίρέσεις,

145 5082 325 5152 ἐπειδὴ
378 5083 557 5135 πολλοί
610 5086 744 5136 εἰσιν
787 5085 1036 5151 ἐνταῦθα,
1096 5088 1325 5155 μάλιστα
1366 5091 1542 5142 οίάπὺ
1578 5093 1676 5159 τῆς

145 5171 389 5224 Γαλατῶν
424 5173 605 5242 χώρας
631 5173 961 5244 ὁρμώμενοι,
991 5177 1197 5240 πάντας
1225 5179 1349 5241 τοὺς
1372 5179 1466 5232 ἀπ’
1497 5180 1671 5232 αὐτῶν

149 5260 385 5323 θέλοντας
414 5263 794 5332 προστίθεσθαι
824 5267 890 5335 τῇ
937 5265 1242 5338 ὀρθοδοξίᾳ,
1294 5269 1367 5328 ὡς
1412 5269 1671 5339 Ἕλληνας

1783 3204 2001 3257 verbum
2028 3203 2405 3270 complectitur
2437 3220 2451 3256 :
2491 3202 2614 3264 Eos.
2650 3204 2742 3272 qui
2775 3211 2932 3257 rectae
2963 3204 3027 3257 de
3064 3204 3162 3258 ﬁde
3190 3220 3315 3257 sen-

1781 3295 1960 3349 tentiae
1985 3295 2268 3358 accedunt,
2298 3301 2352 3348 et
2398 3295 2535 3364 parti
2580 3308 2786 3359 eorum,
2811 3296 2902 3364 qui
2944 3311 3007 3348 ex
3053 3295 3315 3349 haereticis

1779 3396 2083 3448 servantur,
2107 3386 2260 3455 juxta
2303 3387 2601 3454 subiectam
2645 3387 3081 3454 consequentiam
3107 3398 3161 3439 et
3187 3384 3316 3438 con:

1777 3478 2118 3532 suetudinem
2159 3477 2500 3546 recipientes;
2530 3476 2757 3529 Arianos
2788 3475 3026 3543 quidem,
3057 3481 3112 3529 et
3134 3474 3306 3529 Mace-

1778 3567 2061 3630 donianos,
2104 3574 2158 3620 et
2191 3564 2538 3630 Novatianos,
2575 3564 2668 3634 qui
2712 3578 2768 3618 se
2810 3565 3076 3633 καθαροὺς
3118 3564 3193 3636 [id
3234 3570 3316 3623 est

1780 3654 1968 3726 puros]
2007 3655 2296 3725 appellant,
2325 3664 2377 3708 et
2415 3665 2653 3710 tessares
2681 3655 2942 3710 decatitas
2973 3670 3068 3711 seu
3095 3657 3313 3709 tetradio

1778 3747 1936 3809 ditas,
1957 3752 2010 3799 et
2035 3743 2465 3813 Apollinaristss,
2486 3745 2776 3812 recipimus
2801 3744 2990 3798 dantes
3015 3745 3239 3808 liheiios,
3262 3753 3315 3801 et

1777 3848 1988 3889 omnem
2023 3832 2266 3887 haeresim
2292 3831 2825 3895 anathematizantes,
2850 3845 2967 3898 qua:
2995 3846 3098 3884 non
3124 3831 3314 3894 sentit,

1776 3934 1836 3980 ut
1857 3923 2222 3979 sentitsancta
2256 3921 2348 3975 Dei
2381 3919 2704 3974 universalis
2729 3928 2783 3975 et
2803 3919 3097 3986 apostolica
3127 3916 3310 3972 Eccle-

1775 4017 1885 4071 sia:
1904 4021 2094 4071 sancto
2123 4013 2352 4080 prlmum
2377 4011 2668 4066 chrismate
2688 4017 2742 4064 et
2762 4009 3011 4074 frontem,
3027 4019 3080 4064 et
3105 4011 3315 4063 oculos-

1773 4114 1828 4162 et
1863 4121 2045 4168 nares,
2085 4111 2140 4159 et
2183 4117 2264 4165 os,
2296 4110 2349 4156 et
2415 4116 2574 4156 aures
2633 4102 3021 4170 imprimentes,
3055 4099 3311 4154 dicimus:

1778 4195 2132 4265 Signaculum
2165 4192 2290 4246 doni
2320 4190 2554 4260 Spiritus
2579 4189 2773 4244 sancti.
2810 4189 2968 4258 De;iis
2999 4196 3197 4251 autem,
3221 4189 3313 4256 qui

1773 4287 2019 4343 Pauliani
2053 4295 2257 4342 sectam
2289 4282 2464 4338 secuti
2495 4289 2644 4344 sunt,
2671 4279 2863 4335 deinde
2895 4279 2959 4332 ad
2993 4280 3318 4333 catholicam

1774 4380 2068 4439 Ecclesiam
2102 4376 2483 4444 confugerunt,
2523 4383 2778 4428 statutum
2809 4378 2891 4426 est
2939 4379 2996 4425 ut
3027 4371 3061 4424 ii
3094 4371 3315 4424 omnino

1776 4469 2195 4539 rebaptizentur.
2241 4463 2605 4518 Eunomianos
2653 4474 2886 4529 quoque,
2920 4459 3011 4527 qui
3055 4460 3107 4511 in
3152 4473 3311 4510 unam

1775 4558 2169 4614 demersionem
2226 4555 2520 4622 baptizant,
2563 4560 2616 4606 et
2661 4551 3044 4613 Montanistas,
3085 4548 3177 4617 qui
3228 4549 3315 4600 hic

1774 4647 2032 4701 dicuntur
2067 4643 2328 4712 Phryges,
2352 4650 2405 4695 et
2436 4639 2792 4703 Sabellianos,
2826 4639 2916 4708 qui
2945 4635 3138 4691 Filium
3173 4637 3310 4690 idem

1774 4750 1895 4790 esse
1929 4747 2055 4790 cum
2086 4733 2244 4786 Patre
2284 4731 2618 4793 existimant,
2647 4738 2700 4784 et
2725 4729 2828 4782 alia
2861 4729 3101 4797 quasdam
3130 4727 3313 4796 gravia

1774 4823 2012 4882 faciunt,
2058 4828 2110 4875 et
2148 4833 2336 4874 omnes
2380 4817 2515 4874 alias
2563 4818 2824 4881 haereses,
2862 4817 3113 4884 quoniam
3161 4815 3314 4869 multi

1775 4912 1862 4965 hic
1918 4920 2078 4974 sunt,
2131 4916 2184 4963 et
2223 4910 2455 4962 maxime
2502 4907 2593 4975 qui
2639 4921 2704 4962 ex
2750 4905 3052 4960 Galatarum
3096 4907 3313 4972 regione

1774 4999 1998 5069 profecti
2029 5006 2154 5052 sunt
2189 5015 2200 5050 :
2237 5011 2422 5050 onmes
2454 5011 2517 5050 ex
2543 4996 2630 5057 iis,
2662 4996 2752 5064 qui
2786 4995 2851 5049 ad
2882 5003 3082 5049 rectam
3115 4993 3182 5048 de
3211 4995 3312 5048 tide

1775 5088 2093 5143 sententiam
2117 5087 2303 5139 volunt
2333 5086 2613 5148 accedere,
2640 5084 2926 5152 recipimus
2951 5093 3007 5136 ut
3031 5082 3244 5137 Graecos
3259 5093 3306 5136 ρ.

1774 5177 1840 5232 Et
1888 5178 2068 5247 primo
2097 5177 2314 5246 quidem
2361 5176 2485 5240 die,
2536 5190 2630 5230 eos
2675 5173 3011 5229 Christianos
3048 5174 3307 5237 facimus,

1775 5269 2010 5323 secundo
2044 5275 2241 5328 autem,
2275 5266 2716 5329 catechumenos,
2752 5265 2944 5318 deinde
3005 5265 3180 5327 tertio,
3211 5263 3303 5317 ad-

148 5349 394 5417 δεχόμεθα
421 5365 436 5381 ⁸
475 5353 569 5404 καὶ
591 5352 688 5423 τὴν
716 5352 935 5424 πρώτην
968 5354 1176 5422 ἡμέραν
1206 5355 1461 5424 ποιοῦμεν
1479 5357 1675 5421 αὐτοὺς

1781 5358 2036 5423 iuramus,
2066 5356 2226 5410 simul
2251 5356 2409 5410 etiam
2439 5363 2519 5408 ter
2554 5355 2608 5408 in
2641 5354 2828 5409 faciem
2868 5363 2921 5408 et
2946 5367 3104 5408 aures
3133 5353 3304 5422 inspi-

150 5439 508 5509 Χριστιανοὺς,
544 5445 634 5495 καὶ
659 5443 758 5513 τὴν
778 5445 1031 5512 δευτέραν
1054 5447 1510 5517 κατηχουμένους,
1551 5441 1668 5500 εἶτα

1781 5454 1952 5499 rantes
1988 5462 2000 5498 :
2035 5452 2088 5498 et
2120 5445 2197 5499 sic
2225 5442 2523 5510 initiamus,
2552 5450 2606 5498 et
2633 5442 2723 5497 diu
2754 5443 2809 5496 in
2838 5441 3065 5498 ecclesia
3104 5440 3302 5498 versari

1363 5619 1594 5678 VARIE
1621 5620 2016 5678 LECTIONES.

213 5720 236 5746 ο
262 5710 460 5778 fraude.
541 5721 566 5760 ι’
604 5725 851 5779 paganos.
