  <div class='ocr_page' id='page_1' title='image "/cluster/home/n/w/nwhite01/storage/ocr_20150623/138/pst.000005714544/539.png"; bbox 0 0 3914 6332; ppageno 0'>
   <div class='ocr_carea' id='block_1_1' title="bbox 572 346 679 411">
    <p class='ocr_par' dir='ltr' id='par_1_1' title="bbox 572 346 679 411">
     <span class='ocr_line' id='line_1_1' title="bbox 572 346 679 411; baseline -0.037 0"><span class='ocrx_word' id='word_1_1' title='bbox 572 346 679 411; x_wconf 80' lang='lat'><strong>983</strong></span> 
     </span>
    </p>
   </div>
   <div class='ocr_carea' id='block_1_2' title="bbox 581 560 2141 627">
    <p class='ocr_par' dir='ltr' id='par_1_2' title="bbox 581 560 2141 627">
     <span class='ocr_line' id='line_1_2' title="bbox 581 560 2141 627; baseline -0.004 -8"><span class='ocrx_word' id='word_1_2' title='bbox 581 578 793 619; x_wconf 67' lang='lat' dir='ltr'><strong>sanius.</strong></span> <span class='ocrx_word' id='word_1_3' title='bbox 841 561 1146 627; x_wconf 74' lang='lat' dir='ltr'><strong>Quinetiam</strong></span> <span class='ocrx_word' id='word_1_4' title='bbox 1207 560 1555 627; x_wconf 57' lang='lat' dir='ltr'><strong>Manichaaos,</strong></span> <span class='ocrx_word' id='word_1_5' title='bbox 1611 569 1663 615; x_wconf 91' lang='lat' dir='ltr'><strong>et</strong></span> <span class='ocrx_word' id='word_1_6' title='bbox 1711 561 2141 625; x_wconf 79' lang='lat' dir='ltr'><strong>Valentiniauos,</strong></span> 
     </span>
    </p>
   </div>
   <div class='ocr_carea' id='block_1_3' title="bbox 582 651 2143 712">
    <p class='ocr_par' dir='ltr' id='par_1_3' title="bbox 582 651 2143 712">
     <span class='ocr_line' id='line_1_3' title="bbox 582 651 2143 712; baseline -0.003 -2"><span class='ocrx_word' id='word_1_7' title='bbox 582 666 636 710; x_wconf 87' lang='lat' dir='ltr'><strong>et</strong></span> <span class='ocrx_word' id='word_1_8' title='bbox 683 654 1081 712; x_wconf 82' lang='lat' dir='ltr'><strong>Marcionistas.</strong></span> <span class='ocrx_word' id='word_1_9' title='bbox 1110 661 1163 706; x_wconf 91' lang='lat' dir='ltr'><strong>et</strong></span> <span class='ocrx_word' id='word_1_10' title='bbox 1191 652 1394 705; x_wconf 78' lang='lat' dir='ltr'><strong>similes</strong></span> <span class='ocrx_word' id='word_1_11' title='bbox 1439 652 1746 707; x_wconf 61' lang='lat' dir='ltr'><strong>hereticos.</strong></span> <span class='ocrx_word' id='word_1_12' title='bbox 1793 651 2143 706; x_wconf 83' lang='lat' dir='ltr'><strong>Nestoriauos</strong></span> 
     </span>
    </p>
   </div>
   <div class='ocr_carea' id='block_1_4' title="bbox 583 741 2140 812">
    <p class='ocr_par' dir='ltr' id='par_1_4' title="bbox 583 741 2140 812">
     <span class='ocr_line' id='line_1_4' title="bbox 583 741 2140 812; baseline -0.003 -15"><span class='ocrx_word' id='word_1_13' title='bbox 583 754 762 797; x_wconf 84' lang='lat' dir='ltr'><strong>autem</strong></span> <span class='ocrx_word' id='word_1_14' title='bbox 808 750 1026 812; x_wconf 88' lang='lat' dir='ltr'><strong>oportet</strong></span> <span class='ocrx_word' id='word_1_15' title='bbox 1078 741 1289 794; x_wconf 79' lang='lat' dir='ltr'><strong>libellos</strong></span> <span class='ocrx_word' id='word_1_16' title='bbox 1342 743 1539 805; x_wconf 76' lang='lat' dir='ltr'><strong>facere,</strong></span> <span class='ocrx_word' id='word_1_17' title='bbox 1592 751 1645 795; x_wconf 92' lang='lat' dir='ltr'><strong>et</strong></span> <span class='ocrx_word' id='word_1_18' title='bbox 1694 742 1939 795; x_wconf 74' lang='lat' dir='ltr'><strong>haeresim</strong></span> <span class='ocrx_word' id='word_1_19' title='bbox 1990 755 2140 793; x_wconf 90' lang='lat' dir='ltr'><strong>suam</strong></span> 
     </span>
    </p>
   </div>
   <div class='ocr_carea' id='block_1_5' title="bbox 581 832 2145 901">
    <p class='ocr_par' dir='ltr' id='par_1_5' title="bbox 581 832 2145 901">
     <span class='ocr_line' id='line_1_5' title="bbox 581 832 2145 901; baseline -0.001 -16"><span class='ocrx_word' id='word_1_20' title='bbox 581 834 1086 895; x_wconf 83' lang='lat' dir='ltr'><strong>anathematizare,</strong></span> <span class='ocrx_word' id='word_1_21' title='bbox 1132 842 1187 886; x_wconf 89' lang='lat' dir='ltr'><strong>et</strong></span> <span class='ocrx_word' id='word_1_22' title='bbox 1227 832 1531 885; x_wconf 72' lang='lat' dir='ltr'><strong>Nestorium</strong></span> <span class='ocrx_word' id='word_1_23' title='bbox 1559 874 1572 896; x_wconf 95' lang='lat'><strong>,</strong></span> <span class='ocrx_word' id='word_1_24' title='bbox 1619 841 1667 886; x_wconf 88' lang='lat' dir='ltr'><strong>et</strong></span> <span class='ocrx_word' id='word_1_25' title='bbox 1720 832 2033 901; x_wconf 79' lang='lat' dir='ltr'><strong>Eutychen,</strong></span> <span class='ocrx_word' id='word_1_26' title='bbox 2090 840 2145 884; x_wconf 78' lang='lat' dir='ltr'><strong>et</strong></span> 
     </span>
    </p>
   </div>
   <div class='ocr_carea' id='block_1_6' title="bbox 582 922 2141 990">
    <p class='ocr_par' dir='ltr' id='par_1_6' title="bbox 582 922 2141 990">
     <span class='ocr_line' id='line_1_6' title="bbox 582 922 2141 990; baseline -0.001 -16"><span class='ocrx_word' id='word_1_27' title='bbox 582 922 925 985; x_wconf 89' lang='lat' dir='ltr'><strong>Dioscorum,</strong></span> <span class='ocrx_word' id='word_1_28' title='bbox 954 932 1005 975; x_wconf 87' lang='lat' dir='ltr'><strong>et</strong></span> <span class='ocrx_word' id='word_1_29' title='bbox 1053 923 1334 983; x_wconf 84' lang='lat' dir='ltr'><strong>Severum,</strong></span> <span class='ocrx_word' id='word_1_30' title='bbox 1364 932 1416 975; x_wconf 79' lang='lat' dir='ltr'><strong>et</strong></span> <span class='ocrx_word' id='word_1_31' title='bbox 1464 924 1700 990; x_wconf 86' lang='lat' dir='ltr'><strong>reliquos</strong></span> <span class='ocrx_word' id='word_1_32' title='bbox 1741 924 1926 975; x_wconf 88' lang='lat' dir='ltr'><strong>talium</strong></span> <span class='ocrx_word' id='word_1_33' title='bbox 1975 923 2141 973; x_wconf 76' lang='lat' dir='ltr'><strong>luere-</strong></span> 
     </span>
    </p>
   </div>
   <div class='ocr_carea' id='block_1_7' title="bbox 580 1014 2144 1082">
    <p class='ocr_par' dir='ltr' id='par_1_7' title="bbox 580 1014 2144 1082">
     <span class='ocr_line' id='line_1_7' title="bbox 580 1014 2144 1082; baseline -0.002 -15"><span class='ocrx_word' id='word_1_34' title='bbox 580 1028 708 1068; x_wconf 82' lang='lat' dir='ltr'><strong>seon</strong></span> <span class='ocrx_word' id='word_1_35' title='bbox 743 1014 1038 1082; x_wconf 89' lang='lat' dir='ltr'><strong>principes,</strong></span> <span class='ocrx_word' id='word_1_36' title='bbox 1070 1024 1120 1068; x_wconf 85' lang='lat' dir='ltr'><strong>et</strong></span> <span class='ocrx_word' id='word_1_37' title='bbox 1150 1014 1241 1082; x_wconf 91' lang='lat' dir='ltr'><strong>qui</strong></span> <span class='ocrx_word' id='word_1_38' title='bbox 1273 1017 1481 1078; x_wconf 88' lang='lat' dir='ltr'><strong>eadem,</strong></span> <span class='ocrx_word' id='word_1_39' title='bbox 1514 1018 1635 1082; x_wconf 70' lang='lat' dir='ltr'><strong>qua}</strong></span> <span class='ocrx_word' id='word_1_40' title='bbox 1666 1016 1767 1074; x_wconf 90' lang='lat' dir='ltr'><strong>illi,</strong></span> <span class='ocrx_word' id='word_1_41' title='bbox 1792 1015 2056 1072; x_wconf 80' lang='lat' dir='ltr'><strong>sentiunt,</strong></span> <span class='ocrx_word' id='word_1_42' title='bbox 2091 1021 2144 1064; x_wconf 88' lang='lat' dir='ltr'><strong>et</strong></span> 
     </span>
    </p>
   </div>
   <div class='ocr_carea' id='block_1_8' title="bbox 578 1093 2137 1171">
    <p class='ocr_par' dir='ltr' id='par_1_8' title="bbox 578 1093 2137 1171">
     <span class='ocr_line' id='line_1_8' title="bbox 578 1093 2137 1171; baseline 0.003 -16"><span class='ocrx_word' id='word_1_43' title='bbox 578 1118 769 1157; x_wconf 82' lang='lat' dir='ltr'><strong>omnes</strong></span> <span class='ocrx_word' id='word_1_44' title='bbox 822 1104 1112 1171; x_wconf 72' lang='lat' dir='ltr'><strong>praedictas</strong></span> <span class='ocrx_word' id='word_1_45' title='bbox 1190 1093 1425 1157; x_wconf 58' lang='lat' dir='ltr'><strong>haereses</strong></span> <span class='ocrx_word' id='word_1_46' title='bbox 1457 1143 1471 1167; x_wconf 87' lang='lat'><strong>,</strong></span> <span class='ocrx_word' id='word_1_47' title='bbox 1520 1112 1572 1156; x_wconf 89' lang='lat' dir='ltr'><strong>et</strong></span> <span class='ocrx_word' id='word_1_48' title='bbox 1631 1106 1708 1157; x_wconf 90' lang='lat' dir='ltr'><strong>sic</strong></span> <span class='ocrx_word' id='word_1_49' title='bbox 1762 1119 1881 1157; x_wconf 85' lang='lat' dir='ltr'><strong>esse</strong></span> <span class='ocrx_word' id='word_1_50' title='bbox 1936 1104 2137 1159; x_wconf 62' lang='lat' dir='ltr'><strong>Sancta:</strong></span> 
     </span>
    </p>
   </div>
   <div class='ocr_carea' id='block_1_9' title="bbox 578 1193 2142 1263">
    <p class='ocr_par' dir='ltr' id='par_1_9' title="bbox 578 1193 2142 1263">
     <span class='ocr_line' id='line_1_9' title="bbox 578 1193 2142 1263; baseline 0.003 -21"><span class='ocrx_word' id='word_1_51' title='bbox 578 1194 982 1246; x_wconf 65' lang='lat' dir='ltr'><strong>communionis</strong></span> <span class='ocrx_word' id='word_1_52' title='bbox 1015 1195 1327 1260; x_wconf 75' lang='lat' dir='ltr'><strong>participes.</strong></span> <span class='ocrx_word' id='word_1_53' title='bbox 1356 1193 1544 1263; x_wconf 85' lang='lat' dir='ltr'><strong>itaque</strong></span> <span class='ocrx_word' id='word_1_54' title='bbox 1585 1194 1738 1262; x_wconf 89' lang='lat' dir='ltr'><strong>juxta</strong></span> <span class='ocrx_word' id='word_1_55' title='bbox 1772 1196 1995 1248; x_wconf 75' lang='lat' dir='ltr'><strong>canonis</strong></span> <span class='ocrx_word' id='word_1_56' title='bbox 2039 1196 2142 1247; x_wconf 80' lang='lat' dir='ltr'><strong>lm-</strong></span> 
     </span>
    </p>
   </div>
   <div class='ocr_carea' id='block_1_10' title="bbox 573 1269 2140 1352">
    <p class='ocr_par' dir='ltr' id='par_1_10' title="bbox 573 1269 2140 1352">
     <span class='ocr_line' id='line_1_10' title="bbox 573 1269 2140 1352; baseline 0.003 -19"><span class='ocrx_word' id='word_1_57' title='bbox 573 1281 664 1345; x_wconf 87' lang='lat' dir='ltr'><strong>jus</strong></span> <span class='ocrx_word' id='word_1_58' title='bbox 701 1292 943 1335; x_wconf 85' lang='lat' dir='ltr'><strong>tenorem</strong></span> <span class='ocrx_word' id='word_1_59' title='bbox 978 1284 1067 1335; x_wconf 84' lang='lat' dir='ltr'><strong>alii</strong></span> <span class='ocrx_word' id='word_1_60' title='bbox 1100 1269 1315 1352; x_wconf 78' lang='lat' dir='ltr'><strong>quidem</strong></span> <span class='ocrx_word' id='word_1_61' title='bbox 1365 1284 1601 1336; x_wconf 67' lang='lat' dir='ltr'><strong>haeretici</strong></span> <span class='ocrx_word' id='word_1_62' title='bbox 1652 1284 1869 1335; x_wconf 74' lang='lat' dir='ltr'><strong>lavacro</strong></span> <span class='ocrx_word' id='word_1_63' title='bbox 1896 1284 2140 1338; x_wconf 80' lang='lat' dir='ltr'><strong>sanctiﬁ-</strong></span> 
     </span>
    </p>
   </div>
   <div class='ocr_carea' id='block_1_11' title="bbox 1825 344 2608 410">
    <p class='ocr_par' dir='ltr' id='par_1_11' title="bbox 1825 344 2608 410">
     <span class='ocr_line' id='line_1_11' title="bbox 1825 344 2608 410; baseline -0.001 -5"><span class='ocrx_word' id='word_1_64' title='bbox 1825 344 1923 405; x_wconf 81' lang='grc' dir='ltr'><strong>ΤΗ</strong></span> <span class='ocrx_word' id='word_1_65' title='bbox 1937 346 2095 410; x_wconf 73' lang='grc' dir='ltr'><strong>Είῑῐ).</strong></span> <span class='ocrx_word' id='word_1_66' title='bbox 2143 348 2226 405; x_wconf 69' lang='grc' dir='ltr'><strong>ΒΑ</strong></span> <span class='ocrx_word' id='word_1_67' title='bbox 2239 346 2529 406; x_wconf 66' lang='grc' dir='ltr'><strong>ιδΛΜε,)Ν</strong></span> <span class='ocrx_word' id='word_1_68' title='bbox 2543 348 2608 406; x_wconf 77' lang='lat' dir='ltr'><strong>iS</strong></span> 
     </span>
    </p>
   </div>
   <div class='ocr_carea' id='block_1_12' title="bbox 582 470 2214 543">
    <p class='ocr_par' dir='ltr' id='par_1_12' title="bbox 582 470 2214 543">
     <span class='ocr_line' id='line_1_12' title="bbox 582 470 2214 543; baseline -0.005 -15"><span class='ocrx_word' id='word_1_69' title='bbox 582 486 635 528; x_wconf 86' lang='lat' dir='ltr'><strong>et</strong></span> <span class='ocrx_word' id='word_1_70' title='bbox 671 473 979 543; x_wconf 84' lang='lat' dir='ltr'><strong>Scripturax</strong></span> <span class='ocrx_word' id='word_1_71' title='bbox 1032 471 1221 525; x_wconf 81' lang='lat' dir='ltr'><strong>audire</strong></span> <span class='ocrx_word' id='word_1_72' title='bbox 1260 470 1510 536; x_wconf 76' lang='lat' dir='ltr'><strong>facimus,</strong></span> <span class='ocrx_word' id='word_1_73' title='bbox 1538 481 1592 528; x_wconf 89' lang='lat' dir='ltr'><strong>et</strong></span> <span class='ocrx_word' id='word_1_74' title='bbox 1622 480 1753 525; x_wconf 88' lang='lat' dir='ltr'><strong>tunc</strong></span> <span class='ocrx_word' id='word_1_75' title='bbox 1786 473 1933 540; x_wconf 87' lang='lat' dir='ltr'><strong>ipsos</strong></span> <span class='ocrx_word' id='word_1_76' title='bbox 1965 473 2140 540; x_wconf 76' lang='lat' dir='ltr'><strong>bapti-</strong></span> <span class='ocrx_word' id='word_1_77' title='bbox 2172 481 2214 534; x_wconf 74' lang='grc' dir='ltr'><strong>Α</strong></span> 
     </span>
    </p>
   </div>
   <div class='ocr_carea' id='block_1_13' title="bbox 3726 351 3821 411">
    <p class='ocr_par' dir='ltr' id='par_1_13' title="bbox 3726 351 3821 411">
     <span class='ocr_line' id='line_1_13' title="bbox 3726 351 3821 411; baseline 0 -1"><span class='ocrx_word' id='word_1_78' title='bbox 3726 351 3821 411; x_wconf 62' lang='grc' dir='ltr'><strong>9ἒί</strong></span> 
     </span>
    </p>
   </div>
   <div class='ocr_carea' id='block_1_14' title="bbox 2247 473 3821 545">
    <p class='ocr_par' dir='ltr' id='par_1_14' title="bbox 2247 473 3821 545">
     <span class='ocr_line' id='line_1_14' title="bbox 2247 473 3821 545; baseline 0.003 -25"><span class='ocrx_word' id='word_1_79' title='bbox 2247 476 2335 527; x_wconf 66' lang='grc' dir='ltr'>καὶ</span> <span class='ocrx_word' id='word_1_80' title='bbox 2378 475 2472 542; x_wconf 76' lang='grc' dir='ltr'>τὴν</span> <span class='ocrx_word' id='word_1_81' title='bbox 2528 474 2717 544; x_wconf 86' lang='grc' dir='ltr'>τρίτην</span> <span class='ocrx_word' id='word_1_82' title='bbox 2748 473 3223 545; x_wconf 72' lang='grc' dir='ltr'><strong>ἐξορκιζομένους,</strong></span> <span class='ocrx_word' id='word_1_83' title='bbox 3256 475 3392 545; x_wconf 70' lang='grc' dir='ltr'>μετὰ</span> <span class='ocrx_word' id='word_1_84' title='bbox 3422 475 3522 527; x_wconf 73' lang='grc' dir='ltr'><strong>τοῦ</strong></span> <span class='ocrx_word' id='word_1_85' title='bbox 3554 478 3821 543; x_wconf 47' lang='lat' dir='ltr'><strong>inqua}?</strong></span> 
     </span>
    </p>
   </div>
   <div class='ocr_carea' id='block_1_15' title="bbox 2242 563 3816 635">
    <p class='ocr_par' dir='ltr' id='par_1_15' title="bbox 2242 563 3816 635">
     <span class='ocr_line' id='line_1_15' title="bbox 2242 563 3816 635; baseline 0.001 -19"><span class='ocrx_word' id='word_1_86' title='bbox 2242 566 2420 635; x_wconf 81' lang='grc' dir='ltr'>τρίτον</span> <span class='ocrx_word' id='word_1_87' title='bbox 2448 566 2526 626; x_wconf 87' lang='grc' dir='ltr'><strong>είς</strong></span> <span class='ocrx_word' id='word_1_88' title='bbox 2552 566 2608 617; x_wconf 79' lang='grc' dir='ltr'>τὸ</span> <span class='ocrx_word' id='word_1_89' title='bbox 2633 567 2941 633; x_wconf 81' lang='grc' dir='ltr'>πρόσωπον,</span> <span class='ocrx_word' id='word_1_90' title='bbox 2971 568 3063 621; x_wconf 71' lang='grc' dir='ltr'>καὶ</span> <span class='ocrx_word' id='word_1_91' title='bbox 3087 570 3167 631; x_wconf 84' lang='grc' dir='ltr'><strong>είς</strong></span> <span class='ocrx_word' id='word_1_92' title='bbox 3194 569 3264 621; x_wconf 71' lang='grc' dir='ltr'><strong>τὰ</strong></span> <span class='ocrx_word' id='word_1_93' title='bbox 3318 563 3431 620; x_wconf 84' lang='grc' dir='ltr'><strong>ὧτα</strong></span> <span class='ocrx_word' id='word_1_94' title='bbox 3456 584 3473 598; x_wconf 82' lang='grc'><strong><em>⁸</em></strong></span> <span class='ocrx_word' id='word_1_95' title='bbox 3512 571 3613 621; x_wconf 71' lang='grc' dir='ltr'><strong>καὶ</strong></span> <span class='ocrx_word' id='word_1_96' title='bbox 3644 569 3816 629; x_wconf 70' lang='grc' dir='ltr'>οὕτως</span> 
     </span>
    </p>
   </div>
   <div class='ocr_carea' id='block_1_16' title="bbox 2246 653 3816 729">
    <p class='ocr_par' dir='ltr' id='par_1_16' title="bbox 2246 653 3816 729">
     <span class='ocr_line' id='line_1_16' title="bbox 2246 653 3816 729; baseline 0.001 -26"><span class='ocrx_word' id='word_1_97' title='bbox 2246 653 2605 723; x_wconf 69' lang='grc' dir='ltr'>κατηχοῦμεν.</span> <span class='ocrx_word' id='word_1_98' title='bbox 2638 656 2728 708; x_wconf 75' lang='grc' dir='ltr'><strong>καὶ</strong></span> <span class='ocrx_word' id='word_1_99' title='bbox 2755 656 3010 725; x_wconf 79' lang='grc' dir='ltr'><strong>ποιοῦμεν</strong></span> <span class='ocrx_word' id='word_1_100' title='bbox 3054 658 3319 725; x_wconf 75' lang='grc' dir='ltr'>χρονίζειν</span> <span class='ocrx_word' id='word_1_101' title='bbox 3364 661 3442 719; x_wconf 84' lang='grc' dir='ltr'><strong>είς</strong></span> <span class='ocrx_word' id='word_1_102' title='bbox 3478 659 3576 729; x_wconf 73' lang='grc' dir='ltr'>τὴν</span> <span class='ocrx_word' id='word_1_103' title='bbox 3612 662 3816 723; x_wconf 55' lang='grc' dir='ltr'><strong>ἐκκλη-</strong></span> 
     </span>
    </p>
   </div>
   <div class='ocr_carea' id='block_1_17' title="bbox 2247 744 3819 815">
    <p class='ocr_par' dir='ltr' id='par_1_17' title="bbox 2247 744 3819 815">
     <span class='ocr_line' id='line_1_17' title="bbox 2247 744 3819 815; baseline 0.001 -20"><span class='ocrx_word' id='word_1_104' title='bbox 2247 744 2388 807; x_wconf 85' lang='grc' dir='ltr'>οίαν,</span> <span class='ocrx_word' id='word_1_105' title='bbox 2416 746 2506 796; x_wconf 73' lang='grc' dir='ltr'><strong>καὶ</strong></span> <span class='ocrx_word' id='word_1_106' title='bbox 2532 745 2829 813; x_wconf 74' lang='grc' dir='ltr'>ἀκροᾶσθαι</span> <span class='ocrx_word' id='word_1_107' title='bbox 2862 746 2969 798; x_wconf 82' lang='grc' dir='ltr'><strong>τῶν</strong></span> <span class='ocrx_word' id='word_1_108' title='bbox 3014 746 3244 815; x_wconf 73' lang='grc' dir='ltr'>Γραφῶν</span> <span class='ocrx_word' id='word_1_109' title='bbox 3270 763 3284 776; x_wconf 85' lang='grc'><strong>·</strong></span> <span class='ocrx_word' id='word_1_110' title='bbox 3325 748 3417 798; x_wconf 74' lang='grc' dir='ltr'>καὶ</span> <span class='ocrx_word' id='word_1_111' title='bbox 3455 750 3575 799; x_wconf 84' lang='grc' dir='ltr'>τότε</span> <span class='ocrx_word' id='word_1_112' title='bbox 3619 752 3819 805; x_wconf 51' lang='lat' dir='ltr'><strong>aiam;</strong></span> 
     </span>
    </p>
   </div>
   <div class='ocr_carea' id='block_1_18' title="bbox 2248 833 3814 903">
    <p class='ocr_par' dir='ltr' id='par_1_18' title="bbox 2248 833 3814 903">
     <span class='ocr_line' id='line_1_18' title="bbox 2248 833 3814 903; baseline 0.001 -19"><span class='ocrx_word' id='word_1_113' title='bbox 2248 833 2600 903; x_wconf 78' lang='grc' dir='ltr'>βαπτίζομεν.</span> <span class='ocrx_word' id='word_1_114' title='bbox 2644 837 2752 887; x_wconf 61' lang='grc' dir='ltr'><strong>Καὶ</strong></span> <span class='ocrx_word' id='word_1_115' title='bbox 2782 838 2907 897; x_wconf 74' lang='grc' dir='ltr'>τοὺς</span> <span class='ocrx_word' id='word_1_116' title='bbox 2940 837 3271 903; x_wconf 79' lang='grc' dir='ltr'>Μανιχαίους</span> <span class='ocrx_word' id='word_1_117' title='bbox 3308 836 3382 900; x_wconf 71' lang='grc' dir='ltr'><strong>δὲ,</strong></span> <span class='ocrx_word' id='word_1_118' title='bbox 3417 840 3510 889; x_wconf 79' lang='grc' dir='ltr'><strong>καὶ</strong></span> <span class='ocrx_word' id='word_1_119' title='bbox 3538 840 3675 897; x_wconf 64' lang='grc' dir='ltr'>τοὺς</span> <span class='ocrx_word' id='word_1_120' title='bbox 3716 838 3814 887; x_wconf 78' lang='grc' dir='ltr'><strong>Γα-</strong></span> 
     </span>
    </p>
   </div>
   <div class='ocr_carea' id='block_1_19' title="bbox 2245 924 3811 995">
    <p class='ocr_par' dir='ltr' id='par_1_19' title="bbox 2245 924 3811 995">
     <span class='ocr_line' id='line_1_19' title="bbox 2245 924 3811 995; baseline -0.001 -19"><span class='ocrx_word' id='word_1_121' title='bbox 2245 925 2600 986; x_wconf 78' lang='grc' dir='ltr'>λεντινιανοὺς</span> <span class='ocrx_word' id='word_1_122' title='bbox 2629 924 2697 987; x_wconf 68' lang='grc'><strong>⁸³,</strong></span> <span class='ocrx_word' id='word_1_123' title='bbox 2719 926 2810 977; x_wconf 75' lang='grc' dir='ltr'>καὶ</span> <span class='ocrx_word' id='word_1_124' title='bbox 2834 926 2957 987; x_wconf 72' lang='grc' dir='ltr'>τους</span> <span class='ocrx_word' id='word_1_125' title='bbox 2982 927 3423 995; x_wconf 80' lang='grc' dir='ltr'>Μαρκιωνιστάς,</span> <span class='ocrx_word' id='word_1_126' title='bbox 3463 929 3556 977; x_wconf 75' lang='grc' dir='ltr'><strong>καὶ</strong></span> <span class='ocrx_word' id='word_1_127' title='bbox 3596 931 3730 986; x_wconf 65' lang='grc' dir='ltr'>τοὶς</span> <span class='ocrx_word' id='word_1_128' title='bbox 3763 931 3811 974; x_wconf 72' lang='grc' dir='ltr'><strong>ἐ)</strong></span> 
     </span>
    </p>
   </div>
   <div class='ocr_carea' id='block_1_20' title="bbox 2245 1012 3795 1082">
    <p class='ocr_par' dir='ltr' id='par_1_20' title="bbox 2245 1012 3795 1082">
     <span class='ocr_line' id='line_1_20' title="bbox 2245 1012 3795 1082; baseline 0 -20"><span class='ocrx_word' id='word_1_129' title='bbox 2245 1012 2352 1063; x_wconf 84' lang='grc' dir='ltr'>τῶν</span> <span class='ocrx_word' id='word_1_130' title='bbox 2375 1012 2574 1079; x_wconf 89' lang='grc' dir='ltr'>όμοίων</span> <span class='ocrx_word' id='word_1_131' title='bbox 2602 1013 2885 1082; x_wconf 75' lang='grc' dir='ltr'>αἱρέσεων,</span> <span class='ocrx_word' id='word_1_132' title='bbox 2933 1013 3057 1074; x_wconf 77' lang='grc' dir='ltr'>τοὺς</span> <span class='ocrx_word' id='word_1_133' title='bbox 3098 1014 3516 1082; x_wconf 67' lang='grc' dir='ltr'>Νεστοριανοῦς,</span> <span class='ocrx_word' id='word_1_134' title='bbox 3562 1017 3676 1082; x_wconf 67' lang='grc' dir='ltr'>χρὴ</span> <span class='ocrx_word' id='word_1_135' title='bbox 3706 1032 3795 1063; x_wconf 66' lang='grc' dir='ltr'>πει</span> 
     </span>
    </p>
   </div>
   <div class='ocr_carea' id='block_1_21' title="bbox 2243 1104 3815 1181">
    <p class='ocr_par' dir='ltr' id='par_1_21' title="bbox 2243 1104 3815 1181">
     <span class='ocr_line' id='line_1_21' title="bbox 2243 1104 3815 1181; baseline 0.001 -28"><span class='ocrx_word' id='word_1_136' title='bbox 2243 1107 2320 1154; x_wconf 84' lang='grc' dir='ltr'><strong>εἰν</strong></span> <span class='ocrx_word' id='word_1_137' title='bbox 2344 1104 2633 1181; x_wconf 39' lang='lat' dir='ltr'><strong>postea“,</strong></span> <span class='ocrx_word' id='word_1_138' title='bbox 2668 1104 2761 1157; x_wconf 72' lang='grc' dir='ltr'><strong>καὶ</strong></span> <span class='ocrx_word' id='word_1_139' title='bbox 2785 1104 3201 1172; x_wconf 72' lang='grc' dir='ltr'><strong>ἀναθεματίζειν</strong></span> <span class='ocrx_word' id='word_1_140' title='bbox 3231 1107 3327 1171; x_wconf 77' lang='grc' dir='ltr'>τὴν</span> <span class='ocrx_word' id='word_1_141' title='bbox 3362 1106 3575 1171; x_wconf 73' lang='grc' dir='ltr'>αἵρεσιν</span> <span class='ocrx_word' id='word_1_142' title='bbox 3605 1106 3767 1156; x_wconf 75' lang='grc' dir='ltr'>αὑτώ</span> <span class='ocrx_word' id='word_1_143' title='bbox 3804 1146 3815 1163; x_wconf 86' lang='grc'><strong>,</strong></span> 
     </span>
    </p>
   </div>
   <div class='ocr_carea' id='block_1_22' title="bbox 2240 1194 3815 1263">
    <p class='ocr_par' dir='ltr' id='par_1_22' title="bbox 2240 1194 3815 1263">
     <span class='ocr_line' id='line_1_22' title="bbox 2240 1194 3815 1263; baseline -0.003 -18"><span class='ocrx_word' id='word_1_144' title='bbox 2240 1194 2333 1245; x_wconf 80' lang='grc' dir='ltr'><strong>καὶ</strong></span> <span class='ocrx_word' id='word_1_145' title='bbox 2381 1195 2696 1262; x_wconf 78' lang='grc' dir='ltr'>Νεστόριον,</span> <span class='ocrx_word' id='word_1_146' title='bbox 2741 1197 2835 1246; x_wconf 82' lang='grc' dir='ltr'><strong>καὶ</strong></span> <span class='ocrx_word' id='word_1_147' title='bbox 2887 1194 3146 1261; x_wconf 74' lang='grc' dir='ltr'>Εὑτυχὲα,</span> <span class='ocrx_word' id='word_1_148' title='bbox 3206 1196 3300 1245; x_wconf 75' lang='grc' dir='ltr'><strong>καὶ</strong></span> <span class='ocrx_word' id='word_1_149' title='bbox 3351 1196 3675 1263; x_wconf 72' lang='grc' dir='ltr'>Διόσκορον.</span> <span class='ocrx_word' id='word_1_150' title='bbox 3733 1196 3815 1242; x_wconf 64' lang='lat' dir='ltr'><strong>iui.</strong></span> 
     </span>
    </p>
   </div>
   <div class='ocr_carea' id='block_1_23' title="bbox 2237 1284 3813 1353">
    <p class='ocr_par' dir='ltr' id='par_1_23' title="bbox 2237 1284 3813 1353">
     <span class='ocr_line' id='line_1_23' title="bbox 2237 1284 3813 1353; baseline -0.004 -18"><span class='ocrx_word' id='word_1_151' title='bbox 2237 1284 2492 1353; x_wconf 77' lang='grc' dir='ltr'>Σεδῆρον,</span> <span class='ocrx_word' id='word_1_152' title='bbox 2534 1285 2628 1335; x_wconf 76' lang='grc' dir='ltr'><strong>καὶ</strong></span> <span class='ocrx_word' id='word_1_153' title='bbox 2679 1287 2801 1346; x_wconf 72' lang='grc' dir='ltr'>τοὺς</span> <span class='ocrx_word' id='word_1_154' title='bbox 2844 1286 3059 1348; x_wconf 71' lang='grc' dir='ltr'>λοιποὺς</span> <span class='ocrx_word' id='word_1_155' title='bbox 3096 1285 3351 1353; x_wconf 68' lang='grc' dir='ltr'>ἐξάρχους</span> <span class='ocrx_word' id='word_1_156' title='bbox 3386 1286 3494 1335; x_wconf 83' lang='grc' dir='ltr'><strong>τῶν</strong></span> <span class='ocrx_word' id='word_1_157' title='bbox 3544 1285 3813 1335; x_wconf 51' lang='grc' dir='ltr'>τοιούτω</span> 
     </span>
    </p>
   </div>
   <div class='ocr_carea' id='block_1_24' title="bbox 581 1373 2141 1444">
    <p class='ocr_par' dir='ltr' id='par_1_24' title="bbox 581 1373 2139 1444">
     <span class='ocr_line' id='line_1_24' title="bbox 581 1373 2139 1444; baseline 0.006 -23"><span class='ocrx_word' id='word_1_158' title='bbox 581 1380 793 1433; x_wconf 76' lang='lat' dir='ltr'><strong>eautur,</strong></span> <span class='ocrx_word' id='word_1_159' title='bbox 830 1373 915 1425; x_wconf 84' lang='lat' dir='ltr'><strong>alii</strong></span> <span class='ocrx_word' id='word_1_160' title='bbox 950 1384 1127 1427; x_wconf 86' lang='lat' dir='ltr'><strong>autem</strong></span> <span class='ocrx_word' id='word_1_161' title='bbox 1176 1385 1365 1429; x_wconf 87' lang='lat' dir='ltr'><strong>sancto</strong></span> <span class='ocrx_word' id='word_1_162' title='bbox 1401 1375 1663 1427; x_wconf 80' lang='lat' dir='ltr'><strong>duntaxat</strong></span> <span class='ocrx_word' id='word_1_163' title='bbox 1693 1385 1969 1444; x_wconf 90' lang='lat' dir='ltr'><strong>unguento</strong></span> <span class='ocrx_word' id='word_1_164' title='bbox 2005 1391 2139 1430; x_wconf 87' lang='lat' dir='ltr'><strong>con-</strong></span> 
     </span>
    </p>
   </div>
   <div class='ocr_carea' id='block_1_25' title="bbox 2249 1373 3813 1444">
    <p class='ocr_par' dir='ltr' id='par_1_25' title="bbox 2249 1373 3813 1442">
     <span class='ocr_line' id='line_1_25' title="bbox 2249 1373 3813 1442; baseline -0.002 -16"><span class='ocrx_word' id='word_1_165' title='bbox 2249 1375 2521 1442; x_wconf 84' lang='grc' dir='ltr'>ιὶρέσεων,</span> <span class='ocrx_word' id='word_1_166' title='bbox 2581 1376 2672 1427; x_wconf 75' lang='grc' dir='ltr'><strong>καὶ</strong></span> <span class='ocrx_word' id='word_1_167' title='bbox 2708 1376 2833 1436; x_wconf 76' lang='grc' dir='ltr'>τοὺς</span> <span class='ocrx_word' id='word_1_168' title='bbox 2865 1373 3195 1442; x_wconf 73' lang='grc' dir='ltr'>φρονοῦντας</span> <span class='ocrx_word' id='word_1_169' title='bbox 3226 1377 3291 1425; x_wconf 72' lang='grc' dir='ltr'>τὰ</span> <span class='ocrx_word' id='word_1_170' title='bbox 3330 1374 3533 1432; x_wconf 75' lang='grc' dir='ltr'>αὐτῶν,</span> <span class='ocrx_word' id='word_1_171' title='bbox 3574 1377 3678 1424; x_wconf 75' lang='grc' dir='ltr'><strong>καὶ</strong></span> <span class='ocrx_word' id='word_1_172' title='bbox 3714 1391 3813 1423; x_wconf 68' lang='grc' dir='ltr'>πε-</span> 
     </span>
    </p>
   </div>
   <div class='ocr_carea' id='block_1_26' title="bbox 579 1469 884 1514">
    <p class='ocr_par' dir='ltr' id='par_1_26' title="bbox 579 1469 884 1514">
     <span class='ocr_line' id='line_1_26' title="bbox 579 1469 884 1514; baseline 0.007 -2"><span class='ocrx_word' id='word_1_173' title='bbox 579 1469 884 1514; x_wconf 73' lang='lat' dir='ltr'><strong>secrantur.</strong></span> 
     </span>
    </p>
   </div>
   <div class='ocr_carea' id='block_1_27' title="bbox 2236 1464 3812 1534">
    <p class='ocr_par' dir='ltr' id='par_1_27' title="bbox 2236 1464 3812 1534">
     <span class='ocr_line' id='line_1_27' title="bbox 2236 1464 3812 1534; baseline -0.002 -18"><span class='ocrx_word' id='word_1_174' title='bbox 2236 1482 2331 1527; x_wconf 89' lang='grc' dir='ltr'><strong>σας</strong></span> <span class='ocrx_word' id='word_1_175' title='bbox 2398 1465 2911 1533; x_wconf 77' lang='grc' dir='ltr'>προσαναφυομένας</span> <span class='ocrx_word' id='word_1_176' title='bbox 2953 1466 3223 1534; x_wconf 74' lang='grc' dir='ltr'><strong>αἱρέσεις·</strong></span> <span class='ocrx_word' id='word_1_177' title='bbox 3256 1467 3347 1516; x_wconf 74' lang='grc' dir='ltr'><strong>καὶ</strong></span> <span class='ocrx_word' id='word_1_178' title='bbox 3390 1464 3564 1525; x_wconf 80' lang='grc' dir='ltr'>οὕτως</span> <span class='ocrx_word' id='word_1_179' title='bbox 3637 1480 3812 1529; x_wconf 71' lang='grc' dir='ltr'>μεταο</span> 
     </span>
    </p>
   </div>
   <div class='ocr_carea' id='block_1_28' title="bbox 577 1553 3809 1626">
    <p class='ocr_par' dir='ltr' id='par_1_28' title="bbox 577 1553 3809 1626">
     <span class='ocr_line' id='line_1_28' title="bbox 577 1553 3809 1626; baseline 0 -23"><span class='ocrx_word' id='word_1_180' title='bbox 577 1553 871 1621; x_wconf 74' lang='grc' dir='ltr'>λαμϐάνειν</span> <span class='ocrx_word' id='word_1_181' title='bbox 897 1556 993 1621; x_wconf 77' lang='grc' dir='ltr'>τῆς</span> <span class='ocrx_word' id='word_1_182' title='bbox 1032 1555 1188 1620; x_wconf 68' lang='grc' dir='ltr'>ἁγίας</span> <span class='ocrx_word' id='word_1_183' title='bbox 1221 1556 1519 1615; x_wconf 78' lang='grc' dir='ltr'>κοινωνίας.</span> <span class='ocrx_word' id='word_1_184' title='bbox 1559 1556 1713 1609; x_wconf 82' lang='grc' dir='ltr'>Κατά</span> <span class='ocrx_word' id='word_1_185' title='bbox 1742 1557 1867 1623; x_wconf 78' lang='grc' dir='ltr'>γοῦν</span> <span class='ocrx_word' id='word_1_186' title='bbox 1895 1556 1993 1623; x_wconf 81' lang='grc' dir='ltr'>τὴν</span> <span class='ocrx_word' id='word_1_187' title='bbox 2024 1558 2115 1609; x_wconf 83' lang='grc' dir='ltr'><strong>τοῦ</strong></span> <span class='ocrx_word' id='word_1_188' title='bbox 2154 1557 2393 1609; x_wconf 75' lang='grc' dir='ltr'>τοιούτου</span> <span class='ocrx_word' id='word_1_189' title='bbox 2425 1558 2648 1619; x_wconf 80' lang='grc' dir='ltr'><strong>κανόνος</strong></span> <span class='ocrx_word' id='word_1_190' title='bbox 2678 1557 2983 1626; x_wconf 71' lang='grc' dir='ltr'>περίληψιν,</span> <span class='ocrx_word' id='word_1_191' title='bbox 3050 1558 3099 1606; x_wconf 72' lang='grc' dir='ltr'><strong>οἱ</strong></span> <span class='ocrx_word' id='word_1_192' title='bbox 3167 1554 3262 1623; x_wconf 80' lang='grc' dir='ltr'><strong>μὲν</strong></span> <span class='ocrx_word' id='word_1_193' title='bbox 3299 1555 3406 1606; x_wconf 83' lang='grc' dir='ltr'><strong>τῶν</strong></span> <span class='ocrx_word' id='word_1_194' title='bbox 3466 1555 3809 1623; x_wconf 68' lang='grc' dir='ltr'>αἰρεσιωτῶν</span> 
     </span>
    </p>
   </div>
   <div class='ocr_carea' id='block_1_29' title="bbox 577 1646 2899 1719">
    <p class='ocr_par' dir='ltr' id='par_1_29' title="bbox 577 1646 2899 1719">
     <span class='ocr_line' id='line_1_29' title="bbox 577 1646 2899 1719; baseline 0.001 -22"><span class='ocrx_word' id='word_1_195' title='bbox 577 1646 662 1698; x_wconf 72' lang='grc' dir='ltr'><strong>διὰ</strong></span> <span class='ocrx_word' id='word_1_196' title='bbox 708 1647 1077 1715; x_wconf 72' lang='grc' dir='ltr'><strong>βαπτίσματος</strong></span> <span class='ocrx_word' id='word_1_197' title='bbox 1114 1649 1447 1714; x_wconf 75' lang='grc' dir='ltr'>ἀγιάζυνται,</span> <span class='ocrx_word' id='word_1_198' title='bbox 1503 1652 1551 1701; x_wconf 90' lang='grc' dir='ltr'><strong>οἰ</strong></span> <span class='ocrx_word' id='word_1_199' title='bbox 1591 1649 1649 1701; x_wconf 79' lang='grc' dir='ltr'><strong>δὲ</strong></span> <span class='ocrx_word' id='word_1_200' title='bbox 1692 1650 1779 1702; x_wconf 80' lang='grc' dir='ltr'><strong>διὰ</strong></span> <span class='ocrx_word' id='word_1_201' title='bbox 1835 1652 1994 1717; x_wconf 83' lang='grc' dir='ltr'>μόνου</span> <span class='ocrx_word' id='word_1_202' title='bbox 2039 1650 2129 1701; x_wconf 75' lang='grc' dir='ltr'><strong>τοῦ</strong></span> <span class='ocrx_word' id='word_1_203' title='bbox 2171 1651 2324 1718; x_wconf 82' lang='grc' dir='ltr'>ἁγίου</span> <span class='ocrx_word' id='word_1_204' title='bbox 2359 1650 2527 1719; x_wconf 86' lang='grc' dir='ltr'>μύρου</span> <span class='ocrx_word' id='word_1_205' title='bbox 2554 1649 2899 1701; x_wconf 67' lang='grc' dir='ltr'>τεὶειοῦνται.</span> 
     </span>
    </p>
   </div>
   <div class='ocr_carea' id='block_1_30' title="bbox 651 1742 2213 1805">
    <p class='ocr_par' dir='ltr' id='par_1_30' title="bbox 651 1742 2213 1805">
     <span class='ocr_line' id='line_1_30' title="bbox 651 1742 2213 1805; baseline 0.003 -12"><span class='ocrx_word' id='word_1_206' title='bbox 651 1742 819 1796; x_wconf 81' lang='lat' dir='ltr'><strong>Inter.</strong></span> <span class='ocrx_word' id='word_1_207' title='bbox 860 1743 948 1795; x_wconf 79' lang='lat'><strong>30.</strong></span> <span class='ocrx_word' id='word_1_208' title='bbox 988 1744 1045 1795; x_wconf 88' lang='lat' dir='ltr'><strong>Si</strong></span> <span class='ocrx_word' id='word_1_209' title='bbox 1093 1744 1386 1799; x_wconf 71' lang='lat' dir='ltr'><strong>haereticus</strong></span> <span class='ocrx_word' id='word_1_210' title='bbox 1435 1745 1689 1799; x_wconf 83' lang='lat' dir='ltr'><strong>sacerdos</strong></span> <span class='ocrx_word' id='word_1_211' title='bbox 1740 1744 1823 1796; x_wconf 84' lang='lat' dir='ltr'><strong>vel</strong></span> <span class='ocrx_word' id='word_1_212' title='bbox 1873 1746 2139 1798; x_wconf 82' lang='lat' dir='ltr'><strong>diaconus</strong></span> <span class='ocrx_word' id='word_1_213' title='bbox 2172 1753 2213 1805; x_wconf 79' lang='grc' dir='ltr'><strong>Β</strong></span> 
     </span>
    </p>
   </div>
   <div class='ocr_carea' id='block_1_31' title="bbox 578 1832 2141 1901">
    <p class='ocr_par' dir='ltr' id='par_1_31' title="bbox 578 1832 2141 1901">
     <span class='ocr_line' id='line_1_31' title="bbox 578 1832 2141 1901; baseline 0 -15"><span class='ocrx_word' id='word_1_214' title='bbox 578 1833 778 1901; x_wconf 85' lang='lat' dir='ltr'><strong>dignus</strong></span> <span class='ocrx_word' id='word_1_215' title='bbox 832 1834 1049 1889; x_wconf 87' lang='lat' dir='ltr'><strong>habitus</strong></span> <span class='ocrx_word' id='word_1_216' title='bbox 1098 1834 1282 1887; x_wconf 89' lang='lat' dir='ltr'><strong>divino</strong></span> <span class='ocrx_word' id='word_1_217' title='bbox 1328 1842 1383 1887; x_wconf 89' lang='lat' dir='ltr'><strong>et</strong></span> <span class='ocrx_word' id='word_1_218' title='bbox 1431 1845 1622 1888; x_wconf 90' lang='lat' dir='ltr'><strong>sancto</strong></span> <span class='ocrx_word' id='word_1_219' title='bbox 1668 1832 2013 1901; x_wconf 68' lang='lat' dir='ltr'><strong>baptismate,</strong></span> <span class='ocrx_word' id='word_1_220' title='bbox 2056 1834 2141 1886; x_wconf 84' lang='lat' dir='ltr'><strong>vel</strong></span> 
     </span>
    </p>
   </div>
   <div class='ocr_carea' id='block_1_32' title="bbox 579 1923 2140 1992">
    <p class='ocr_par' dir='ltr' id='par_1_32' title="bbox 579 1923 2140 1992">
     <span class='ocr_line' id='line_1_32' title="bbox 579 1923 2140 1992; baseline 0.001 -17"><span class='ocrx_word' id='word_1_221' title='bbox 579 1938 677 1992; x_wconf 74' lang='lat' dir='ltr'><strong>per</strong></span> <span class='ocrx_word' id='word_1_222' title='bbox 712 1932 957 1977; x_wconf 89' lang='lat' dir='ltr'><strong>sanctam</strong></span> <span class='ocrx_word' id='word_1_223' title='bbox 992 1925 1300 1977; x_wconf 86' lang='lat' dir='ltr'><strong>unctionem</strong></span> <span class='ocrx_word' id='word_1_224' title='bbox 1342 1924 1715 1979; x_wconf 81' lang='lat' dir='ltr'><strong>sanctiﬁcatus</strong></span> <span class='ocrx_word' id='word_1_225' title='bbox 1758 1924 1847 1985; x_wconf 87' lang='lat' dir='ltr'><strong>sit,</strong></span> <span class='ocrx_word' id='word_1_226' title='bbox 1886 1923 2140 1977; x_wconf 87' lang='lat' dir='ltr'><strong>licebitue</strong></span> 
     </span>
    </p>
   </div>
   <div class='ocr_carea' id='block_1_33' title="bbox 579 2012 2139 2080">
    <p class='ocr_par' dir='ltr' id='par_1_33' title="bbox 579 2012 2139 2080">
     <span class='ocr_line' id='line_1_33' title="bbox 579 2012 2139 2080; baseline 0 -16"><span class='ocrx_word' id='word_1_227' title='bbox 579 2012 629 2065; x_wconf 88' lang='lat' dir='ltr'><strong>ei</strong></span> <span class='ocrx_word' id='word_1_228' title='bbox 672 2026 828 2065; x_wconf 86' lang='lat' dir='ltr'><strong>sacra</strong></span> <span class='ocrx_word' id='word_1_229' title='bbox 876 2012 1051 2065; x_wconf 86' lang='lat' dir='ltr'><strong>lacere</strong></span> <span class='ocrx_word' id='word_1_230' title='bbox 1095 2028 1216 2065; x_wconf 91' lang='lat' dir='ltr'><strong>cum</strong></span> <span class='ocrx_word' id='word_1_231' title='bbox 1254 2014 1435 2080; x_wconf 87' lang='lat' dir='ltr'><strong>priore</strong></span> <span class='ocrx_word' id='word_1_232' title='bbox 1488 2014 1853 2076; x_wconf 84' lang='lat' dir='ltr'><strong>ordinatione,</strong></span> <span class='ocrx_word' id='word_1_233' title='bbox 1901 2028 1967 2065; x_wconf 91' lang='lat' dir='ltr'><strong>au</strong></span> <span class='ocrx_word' id='word_1_234' title='bbox 2010 2028 2139 2068; x_wconf 82' lang='lat' dir='ltr'><strong>vero</strong></span> 
     </span>
    </p>
   </div>
   <div class='ocr_carea' id='block_1_34' title="bbox 580 2102 2141 2171">
    <p class='ocr_par' dir='ltr' id='par_1_34' title="bbox 580 2102 2141 2171">
     <span class='ocr_line' id='line_1_34' title="bbox 580 2102 2141 2171; baseline 0.001 -16"><span class='ocrx_word' id='word_1_235' title='bbox 580 2102 628 2155; x_wconf 83' lang='lat' dir='ltr'><strong>si</strong></span> <span class='ocrx_word' id='word_1_236' title='bbox 668 2117 819 2155; x_wconf 80' lang='lat' dir='ltr'><strong>sacra</strong></span> <span class='ocrx_word' id='word_1_237' title='bbox 851 2102 1162 2156; x_wconf 86' lang='lat' dir='ltr'><strong>ministrare</strong></span> <span class='ocrx_word' id='word_1_238' title='bbox 1189 2104 1335 2164; x_wconf 84' lang='lat' dir='ltr'><strong>velit,</strong></span> <span class='ocrx_word' id='word_1_239' title='bbox 1387 2105 1667 2159; x_wconf 85' lang='lat' dir='ltr'><strong>iterabitur</strong></span> <span class='ocrx_word' id='word_1_240' title='bbox 1696 2106 1813 2171; x_wconf 85' lang='lat' dir='ltr'><strong>ejus</strong></span> <span class='ocrx_word' id='word_1_241' title='bbox 1843 2105 2141 2158; x_wconf 81' lang='lat' dir='ltr'><strong>ordinatio?</strong></span> 
     </span>
    </p>
   </div>
   <div class='ocr_carea' id='block_1_35' title="bbox 654 2190 2136 2264">
    <p class='ocr_par' dir='ltr' id='par_1_35' title="bbox 654 2190 2136 2264">
     <span class='ocr_line' id='line_1_35' title="bbox 654 2190 2136 2264; baseline 0.002 -20"><span class='ocrx_word' id='word_1_242' title='bbox 654 2191 778 2244; x_wconf 71' lang='lat' dir='ltr'><strong>Rea.</strong></span> <span class='ocrx_word' id='word_1_243' title='bbox 813 2190 997 2244; x_wconf 87' lang='lat' dir='ltr'><strong>Canon</strong></span> <span class='ocrx_word' id='word_1_244' title='bbox 1039 2190 1105 2244; x_wconf 91' lang='lat'><strong>80</strong></span> <span class='ocrx_word' id='word_1_245' title='bbox 1140 2201 1451 2245; x_wconf 77' lang='lat' dir='ltr'><strong>sanctorum</strong></span> <span class='ocrx_word' id='word_1_246' title='bbox 1501 2196 1864 2261; x_wconf 83' lang='lat' dir='ltr'><strong>apostolorum</strong></span> <span class='ocrx_word' id='word_1_247' title='bbox 1904 2209 2016 2260; x_wconf 89' lang='lat' dir='ltr'><strong>eos,</strong></span> <span class='ocrx_word' id='word_1_248' title='bbox 2047 2194 2136 2264; x_wconf 89' lang='lat' dir='ltr'><strong>qui</strong></span> 
     </span>
    </p>
   </div>
   <div class='ocr_carea' id='block_1_36' title="bbox 580 2282 2141 2353">
    <p class='ocr_par' dir='ltr' id='par_1_36' title="bbox 580 2282 2141 2353">
     <span class='ocr_line' id='line_1_36' title="bbox 580 2282 2141 2353; baseline -0.001 -14"><span class='ocrx_word' id='word_1_249' title='bbox 580 2299 649 2339; x_wconf 79' lang='lat' dir='ltr'><strong>ex</strong></span> <span class='ocrx_word' id='word_1_250' title='bbox 688 2297 897 2353; x_wconf 83' lang='lat' dir='ltr'><strong>pagana</strong></span> <span class='ocrx_word' id='word_1_251' title='bbox 943 2284 1049 2335; x_wconf 85' lang='lat' dir='ltr'><strong>vita</strong></span> <span class='ocrx_word' id='word_1_252' title='bbox 1092 2282 1155 2335; x_wconf 89' lang='lat' dir='ltr'><strong>ad</strong></span> <span class='ocrx_word' id='word_1_253' title='bbox 1199 2283 1555 2337; x_wconf 82' lang='lat' dir='ltr'><strong>orthodoxam</strong></span> <span class='ocrx_word' id='word_1_254' title='bbox 1603 2285 1760 2339; x_wconf 86' lang='lat' dir='ltr'><strong>tidem</strong></span> <span class='ocrx_word' id='word_1_255' title='bbox 1798 2284 2057 2339; x_wconf 85' lang='lat' dir='ltr'><strong>accedunt</strong></span> <span class='ocrx_word' id='word_1_256' title='bbox 2088 2294 2141 2338; x_wconf 89' lang='lat' dir='ltr'><strong>et</strong></span> 
     </span>
    </p>
   </div>
   <div class='ocr_carea' id='block_1_37' title="bbox 581 2377 2138 2449">
    <p class='ocr_par' dir='ltr' id='par_1_37' title="bbox 581 2377 2138 2449">
     <span class='ocr_line' id='line_1_37' title="bbox 581 2377 2138 2449; baseline -0.001 -16"><span class='ocrx_word' id='word_1_257' title='bbox 581 2380 957 2449; x_wconf 81' lang='lat' dir='ltr'><strong>baptizantur,</strong></span> <span class='ocrx_word' id='word_1_258' title='bbox 984 2377 1345 2446; x_wconf 82' lang='lat' dir='ltr'><strong>episcopalem</strong></span> <span class='ocrx_word' id='word_1_259' title='bbox 1387 2378 1547 2431; x_wconf 88' lang='lat' dir='ltr'><strong>etiam</strong></span> <span class='ocrx_word' id='word_1_260' title='bbox 1578 2377 1891 2447; x_wconf 88' lang='lat' dir='ltr'><strong>dignitatem</strong></span> <span class='ocrx_word' id='word_1_261' title='bbox 1927 2394 2138 2446; x_wconf 83' lang='lat' dir='ltr'><strong>prome-</strong></span> 
     </span>
    </p>
   </div>
   <div class='ocr_carea' id='block_1_38' title="bbox 582 2468 2137 2537">
    <p class='ocr_par' dir='ltr' id='par_1_38' title="bbox 582 2468 2137 2537">
     <span class='ocr_line' id='line_1_38' title="bbox 582 2468 2137 2537; baseline -0.001 -15"><span class='ocrx_word' id='word_1_262' title='bbox 582 2470 689 2523; x_wconf 89' lang='lat' dir='ltr'><strong>reri</strong></span> <span class='ocrx_word' id='word_1_263' title='bbox 722 2468 930 2521; x_wconf 83' lang='lat' dir='ltr'><strong>dclinit.</strong></span> <span class='ocrx_word' id='word_1_264' title='bbox 962 2468 1151 2521; x_wconf 89' lang='lat' dir='ltr'><strong>Priore</strong></span> <span class='ocrx_word' id='word_1_265' title='bbox 1196 2469 1360 2536; x_wconf 91' lang='lat' dir='ltr'><strong>igitur</strong></span> <span class='ocrx_word' id='word_1_266' title='bbox 1403 2469 1706 2523; x_wconf 88' lang='lat' dir='ltr'><strong>sacerdotio</strong></span> <span class='ocrx_word' id='word_1_267' title='bbox 1750 2484 1844 2537; x_wconf 92' lang='lat' dir='ltr'><strong>pro</strong></span> <span class='ocrx_word' id='word_1_268' title='bbox 1876 2470 2137 2535; x_wconf 82' lang='lat' dir='ltr'><strong>sacrilego</strong></span> 
     </span>
    </p>
   </div>
   <div class='ocr_carea' id='block_1_39' title="bbox 584 2560 2141 2627">
    <p class='ocr_par' dir='ltr' id='par_1_39' title="bbox 584 2560 2141 2627">
     <span class='ocr_line' id='line_1_39' title="bbox 584 2560 2141 2627; baseline 0 -14"><span class='ocrx_word' id='word_1_269' title='bbox 584 2561 792 2624; x_wconf 74' lang='lat' dir='ltr'><strong>habito,</strong></span> <span class='ocrx_word' id='word_1_270' title='bbox 818 2570 871 2613; x_wconf 88' lang='lat' dir='ltr'><strong>et</strong></span> <span class='ocrx_word' id='word_1_271' title='bbox 920 2574 1016 2627; x_wconf 89' lang='lat' dir='ltr'><strong>pro</strong></span> <span class='ocrx_word' id='word_1_272' title='bbox 1062 2574 1169 2612; x_wconf 88' lang='lat' dir='ltr'><strong>non</strong></span> <span class='ocrx_word' id='word_1_273' title='bbox 1222 2560 1388 2621; x_wconf 80' lang='lat' dir='ltr'><strong>facto,</strong></span> <span class='ocrx_word' id='word_1_274' title='bbox 1421 2562 1465 2613; x_wconf 89' lang='lat' dir='ltr'><strong>si</strong></span> <span class='ocrx_word' id='word_1_275' title='bbox 1512 2575 1635 2614; x_wconf 90' lang='lat' dir='ltr'><strong>cum</strong></span> <span class='ocrx_word' id='word_1_276' title='bbox 1679 2564 1937 2614; x_wconf 87' lang='lat' dir='ltr'><strong>canonica</strong></span> <span class='ocrx_word' id='word_1_277' title='bbox 1978 2562 2141 2615; x_wconf 83' lang='lat' dir='ltr'><strong>disci-</strong></span> 
     </span>
    </p>
   </div>
   <div class='ocr_carea' id='block_1_40' title="bbox 582 2648 2138 2719">
    <p class='ocr_par' dir='ltr' id='par_1_40' title="bbox 582 2648 2138 2719">
     <span class='ocr_line' id='line_1_40' title="bbox 582 2648 2138 2719; baseline -0.001 -16"><span class='ocrx_word' id='word_1_278' title='bbox 582 2650 729 2719; x_wconf 84' lang='lat' dir='ltr'><strong>plina</strong></span> <span class='ocrx_word' id='word_1_279' title='bbox 766 2649 1056 2717; x_wconf 83' lang='lat' dir='ltr'><strong>judicatus,</strong></span> <span class='ocrx_word' id='word_1_280' title='bbox 1086 2649 1177 2717; x_wconf 86' lang='lat' dir='ltr'><strong>qui</strong></span> <span class='ocrx_word' id='word_1_281' title='bbox 1216 2650 1296 2704; x_wconf 86' lang='lat' dir='ltr'><strong>sic</strong></span> <span class='ocrx_word' id='word_1_282' title='bbox 1342 2648 1503 2702; x_wconf 79' lang='lat' dir='ltr'><strong>fuerit</strong></span> <span class='ocrx_word' id='word_1_283' title='bbox 1529 2651 1869 2705; x_wconf 83' lang='lat' dir='ltr'><strong>orthodoxus</strong></span> <span class='ocrx_word' id='word_1_284' title='bbox 1894 2650 2138 2714; x_wconf 75' lang='lat' dir='ltr'><strong>ell‘ectus,</strong></span> 
     </span>
    </p>
   </div>
   <div class='ocr_carea' id='block_1_41' title="bbox 584 2740 2140 2808">
    <p class='ocr_par' dir='ltr' id='par_1_41' title="bbox 584 2740 2140 2808">
     <span class='ocr_line' id='line_1_41' title="bbox 584 2740 2140 2808; baseline -0.003 -12"><span class='ocrx_word' id='word_1_285' title='bbox 584 2751 638 2796; x_wconf 87' lang='lat' dir='ltr'><strong>et</strong></span> <span class='ocrx_word' id='word_1_286' title='bbox 684 2757 802 2795; x_wconf 89' lang='lat' dir='ltr'><strong>cum</strong></span> <span class='ocrx_word' id='word_1_287' title='bbox 855 2750 1000 2794; x_wconf 92' lang='lat' dir='ltr'><strong>esset</strong></span> <span class='ocrx_word' id='word_1_288' title='bbox 1041 2740 1332 2808; x_wconf 89' lang='lat' dir='ltr'><strong>aliquando</strong></span> <span class='ocrx_word' id='word_1_289' title='bbox 1374 2741 1629 2808; x_wconf 81' lang='lat' dir='ltr'><strong>prolanus</strong></span> <span class='ocrx_word' id='word_1_290' title='bbox 1660 2740 1933 2805; x_wconf 78' lang='lat' dir='ltr'><strong>sacerdos,</strong></span> <span class='ocrx_word' id='word_1_291' title='bbox 1966 2741 2018 2793; x_wconf 90' lang='lat' dir='ltr'><strong>in</strong></span> <span class='ocrx_word' id='word_1_292' title='bbox 2046 2755 2140 2808; x_wconf 81' lang='lat' dir='ltr'><strong>po-</strong></span> 
     </span>
    </p>
   </div>
   <div class='ocr_carea' id='block_1_42' title="bbox 582 2829 2141 2897">
    <p class='ocr_par' dir='ltr' id='par_1_42' title="bbox 582 2829 2141 2897">
     <span class='ocr_line' id='line_1_42' title="bbox 582 2829 2141 2897; baseline -0.003 -12"><span class='ocrx_word' id='word_1_293' title='bbox 582 2833 809 2885; x_wconf 87' lang='lat' dir='ltr'><strong>steriorc</strong></span> <span class='ocrx_word' id='word_1_294' title='bbox 854 2832 961 2884; x_wconf 83' lang='lat' dir='ltr'><strong>vita</strong></span> <span class='ocrx_word' id='word_1_295' title='bbox 1008 2846 1102 2884; x_wconf 89' lang='lat' dir='ltr'><strong>sua</strong></span> <span class='ocrx_word' id='word_1_296' title='bbox 1157 2830 1536 2885; x_wconf 85' lang='lat' dir='ltr'><strong>indemnabilis</strong></span> <span class='ocrx_word' id='word_1_297' title='bbox 1586 2831 1914 2897; x_wconf 85' lang='lat' dir='ltr'><strong>apparuerit,</strong></span> <span class='ocrx_word' id='word_1_298' title='bbox 1946 2829 2141 2897; x_wconf 78' lang='lat' dir='ltr'><strong>dignus</strong></span> 
     </span>
    </p>
   </div>
   <div class='ocr_carea' id='block_1_43' title="bbox 585 2920 2140 2989">
    <p class='ocr_par' dir='ltr' id='par_1_43' title="bbox 585 2920 2140 2989">
     <span class='ocr_line' id='line_1_43' title="bbox 585 2920 2140 2989; baseline -0.005 -11"><span class='ocrx_word' id='word_1_299' title='bbox 585 2933 871 2978; x_wconf 85' lang='lat' dir='ltr'><strong>censeatur</strong></span> <span class='ocrx_word' id='word_1_300' title='bbox 915 2937 1023 2976; x_wconf 92' lang='lat' dir='ltr'><strong>non</strong></span> <span class='ocrx_word' id='word_1_301' title='bbox 1071 2923 1395 2975; x_wconf 87' lang='lat' dir='ltr'><strong>sacerdotali</strong></span> <span class='ocrx_word' id='word_1_302' title='bbox 1440 2923 1611 2974; x_wconf 85' lang='lat' dir='ltr'><strong>solum</strong></span> <span class='ocrx_word' id='word_1_303' title='bbox 1643 2921 1923 2989; x_wconf 88' lang='lat' dir='ltr'><strong>dignitate,</strong></span> <span class='ocrx_word' id='word_1_304' title='bbox 1958 2920 2049 2973; x_wconf 89' lang='lat' dir='ltr'><strong>sed</strong></span> <span class='ocrx_word' id='word_1_305' title='bbox 2088 2928 2140 2973; x_wconf 93' lang='lat' dir='ltr'><strong>ct</strong></span> 
     </span>
    </p>
   </div>
   <div class='ocr_carea' id='block_1_44' title="bbox 584 3011 2141 3083">
    <p class='ocr_par' dir='ltr' id='par_1_44' title="bbox 584 3011 2141 3083">
     <span class='ocr_line' id='line_1_44' title="bbox 584 3011 2141 3083; baseline -0.002 -17"><span class='ocrx_word' id='word_1_306' title='bbox 584 3013 901 3083; x_wconf 88' lang='lat' dir='ltr'><strong>episcopali,</strong></span> <span class='ocrx_word' id='word_1_307' title='bbox 936 3028 1030 3081; x_wconf 88' lang='lat' dir='ltr'><strong>per</strong></span> <span class='ocrx_word' id='word_1_308' title='bbox 1057 3021 1349 3067; x_wconf 89' lang='lat' dir='ltr'><strong>consuetos</strong></span> <span class='ocrx_word' id='word_1_309' title='bbox 1379 3013 1602 3066; x_wconf 91' lang='lat' dir='ltr'><strong>omnino</strong></span> <span class='ocrx_word' id='word_1_310' title='bbox 1629 3012 1826 3079; x_wconf 89' lang='lat' dir='ltr'><strong>gradus</strong></span> <span class='ocrx_word' id='word_1_311' title='bbox 1853 3011 1919 3064; x_wconf 89' lang='lat' dir='ltr'><strong>ad</strong></span> <span class='ocrx_word' id='word_1_312' title='bbox 1950 3013 2141 3064; x_wconf 87' lang='lat' dir='ltr'><strong>docto-</strong></span> 
     </span>
    </p>
   </div>
   <div class='ocr_carea' id='block_1_45' title="bbox 584 3098 1465 3169">
    <p class='ocr_par' dir='ltr' id='par_1_45' title="bbox 584 3098 1465 3169">
     <span class='ocr_line' id='line_1_45' title="bbox 584 3098 1465 3169; baseline -0.001 -16"><span class='ocrx_word' id='word_1_313' title='bbox 584 3102 719 3154; x_wconf 90' lang='lat' dir='ltr'><strong>riam</strong></span> <span class='ocrx_word' id='word_1_314' title='bbox 753 3111 1033 3169; x_wconf 88' lang='lat' dir='ltr'><strong>promotus</strong></span> <span class='ocrx_word' id='word_1_315' title='bbox 1058 3098 1465 3154; x_wconf 87' lang='lat' dir='ltr'><strong>sublimitatem.</strong></span> 
     </span>
    </p>
   </div>
   <div class='ocr_carea' id='block_1_46' title="bbox 658 3189 2135 3259">
    <p class='ocr_par' dir='ltr' id='par_1_46' title="bbox 658 3189 2135 3259">
     <span class='ocr_line' id='line_1_46' title="bbox 658 3189 2135 3259; baseline -0.002 -16"><span class='ocrx_word' id='word_1_316' title='bbox 658 3189 826 3244; x_wconf 80' lang='lat' dir='ltr'><strong>Inter.</strong></span> <span class='ocrx_word' id='word_1_317' title='bbox 882 3193 966 3245; x_wconf 77' lang='lat' dir='ltr'><strong>5i.</strong></span> <span class='ocrx_word' id='word_1_318' title='bbox 1019 3191 1076 3245; x_wconf 89' lang='lat' dir='ltr'><strong>Si</strong></span> <span class='ocrx_word' id='word_1_319' title='bbox 1126 3190 1383 3253; x_wconf 78' lang='lat' dir='ltr'><strong>lueretici,</strong></span> <span class='ocrx_word' id='word_1_320' title='bbox 1439 3190 1531 3259; x_wconf 86' lang='lat' dir='ltr'><strong>qui</strong></span> <span class='ocrx_word' id='word_1_321' title='bbox 1584 3189 1648 3242; x_wconf 87' lang='lat' dir='ltr'><strong>ad</strong></span> <span class='ocrx_word' id='word_1_322' title='bbox 1714 3190 2135 3243; x_wconf 86' lang='lat' dir='ltr'><strong>orthodoxorum</strong></span> 
     </span>
    </p>
   </div>
   <div class='ocr_carea' id='block_1_47' title="bbox 588 3283 2139 3350">
    <p class='ocr_par' dir='ltr' id='par_1_47' title="bbox 588 3283 2139 3350">
     <span class='ocr_line' id='line_1_47' title="bbox 588 3283 2139 3350; baseline 0.001 -14"><span class='ocrx_word' id='word_1_323' title='bbox 588 3283 746 3336; x_wconf 81' lang='lat' dir='ltr'><strong>ﬁdem</strong></span> <span class='ocrx_word' id='word_1_324' title='bbox 795 3286 1046 3346; x_wconf 84' lang='lat' dir='ltr'><strong>accessit,</strong></span> <span class='ocrx_word' id='word_1_325' title='bbox 1093 3299 1230 3337; x_wconf 81' lang='lat' dir='ltr'><strong>uxor</strong></span> <span class='ocrx_word' id='word_1_326' title='bbox 1274 3294 1327 3338; x_wconf 88' lang='lat' dir='ltr'><strong>et</strong></span> <span class='ocrx_word' id='word_1_327' title='bbox 1366 3285 1543 3344; x_wconf 89' lang='lat' dir='ltr'><strong>liberi,</strong></span> <span class='ocrx_word' id='word_1_328' title='bbox 1580 3286 1659 3336; x_wconf 90' lang='lat' dir='ltr'><strong>vel</strong></span> <span class='ocrx_word' id='word_1_329' title='bbox 1691 3286 1850 3337; x_wconf 87' lang='lat' dir='ltr'><strong>etiam</strong></span> <span class='ocrx_word' id='word_1_330' title='bbox 1887 3285 1974 3335; x_wconf 83' lang='lat' dir='ltr'><strong>alii</strong></span> <span class='ocrx_word' id='word_1_331' title='bbox 2020 3285 2139 3350; x_wconf 87' lang='lat' dir='ltr'><strong>ejus</strong></span> 
     </span>
    </p>
   </div>
   <div class='ocr_carea' id='block_1_48' title="bbox 587 3370 2137 3436">
    <p class='ocr_par' dir='ltr' id='par_1_48' title="bbox 587 3370 2137 3436">
     <span class='ocr_line' id='line_1_48' title="bbox 587 3370 2137 3436; baseline 0 -12"><span class='ocrx_word' id='word_1_332' title='bbox 587 3370 883 3425; x_wconf 79' lang='lat' dir='ltr'><strong>familiares</strong></span> <span class='ocrx_word' id='word_1_333' title='bbox 922 3380 975 3424; x_wconf 91' lang='lat' dir='ltr'><strong>et</strong></span> <span class='ocrx_word' id='word_1_334' title='bbox 1021 3372 1327 3436; x_wconf 86' lang='lat' dir='ltr'><strong>domestici,</strong></span> <span class='ocrx_word' id='word_1_335' title='bbox 1374 3387 1482 3425; x_wconf 89' lang='lat' dir='ltr'><strong>non</strong></span> <span class='ocrx_word' id='word_1_336' title='bbox 1526 3373 1655 3425; x_wconf 82' lang='lat' dir='ltr'><strong>ﬁant</strong></span> <span class='ocrx_word' id='word_1_337' title='bbox 1702 3373 2011 3435; x_wconf 81' lang='lat' dir='ltr'><strong>orthodoxi,</strong></span> <span class='ocrx_word' id='word_1_338' title='bbox 2044 3372 2137 3425; x_wconf 75' lang='grc' dir='ltr'>ενι]</span> 
     </span>
    </p>
   </div>
   <div class='ocr_carea' id='block_1_49' title="bbox 586 3461 2139 3531">
    <p class='ocr_par' dir='ltr' id='par_1_49' title="bbox 586 3461 2139 3531">
     <span class='ocr_line' id='line_1_49' title="bbox 586 3461 2139 3531; baseline 0.001 -17"><span class='ocrx_word' id='word_1_339' title='bbox 586 3461 891 3514; x_wconf 71' lang='lat' dir='ltr'><strong>inhaareant</strong></span> <span class='ocrx_word' id='word_1_340' title='bbox 937 3462 1105 3529; x_wconf 88' lang='lat' dir='ltr'><strong>priori</strong></span> <span class='ocrx_word' id='word_1_341' title='bbox 1154 3462 1369 3525; x_wconf 68' lang='lat' dir='ltr'><strong>hmresi,</strong></span> <span class='ocrx_word' id='word_1_342' title='bbox 1416 3478 1484 3516; x_wconf 88' lang='lat' dir='ltr'><strong>an</strong></span> <span class='ocrx_word' id='word_1_343' title='bbox 1531 3463 1905 3531; x_wconf 86' lang='lat' dir='ltr'><strong>prohibebitur</strong></span> <span class='ocrx_word' id='word_1_344' title='bbox 1948 3464 2016 3527; x_wconf 83' lang='lat' dir='ltr'><strong>is,</strong></span> <span class='ocrx_word' id='word_1_345' title='bbox 2047 3464 2139 3530; x_wconf 90' lang='lat' dir='ltr'><strong>qui</strong></span> 
     </span>
    </p>
   </div>
   <div class='ocr_carea' id='block_1_50' title="bbox 587 3554 2141 3622">
    <p class='ocr_par' dir='ltr' id='par_1_50' title="bbox 587 3554 2141 3622">
     <span class='ocr_line' id='line_1_50' title="bbox 587 3554 2141 3622; baseline 0.001 -17"><span class='ocrx_word' id='word_1_346' title='bbox 587 3560 670 3619; x_wconf 89' lang='lat' dir='ltr'><strong>(ut</strong></span> <span class='ocrx_word' id='word_1_347' title='bbox 702 3555 960 3621; x_wconf 85' lang='lat' dir='ltr'><strong>diximus)</strong></span> <span class='ocrx_word' id='word_1_348' title='bbox 1012 3554 1334 3622; x_wconf 84' lang='lat' dir='ltr'><strong>baptismate</strong></span> <span class='ocrx_word' id='word_1_349' title='bbox 1368 3554 1610 3608; x_wconf 89' lang='lat' dir='ltr'><strong>initiatus</strong></span> <span class='ocrx_word' id='word_1_350' title='bbox 1656 3566 1759 3617; x_wconf 81' lang='lat' dir='ltr'><strong>est,</strong></span> <span class='ocrx_word' id='word_1_351' title='bbox 1794 3556 1858 3607; x_wconf 86' lang='lat' dir='ltr'><strong>ad</strong></span> <span class='ocrx_word' id='word_1_352' title='bbox 1887 3555 2141 3608; x_wconf 89' lang='lat' dir='ltr'><strong>sacerdo-</strong></span> 
     </span>
    </p>
   </div>
   <div class='ocr_carea' id='block_1_51' title="bbox 588 3643 2142 3712">
    <p class='ocr_par' dir='ltr' id='par_1_51' title="bbox 588 3643 2142 3712">
     <span class='ocr_line' id='line_1_51' title="bbox 588 3643 2142 3712; baseline 0.001 -17"><span class='ocrx_word' id='word_1_353' title='bbox 588 3644 748 3697; x_wconf 85' lang='lat' dir='ltr'><strong>talem</strong></span> <span class='ocrx_word' id='word_1_354' title='bbox 797 3646 875 3697; x_wconf 86' lang='lat' dir='ltr'><strong>vel</strong></span> <span class='ocrx_word' id='word_1_355' title='bbox 921 3644 1234 3712; x_wconf 82' lang='lat' dir='ltr'><strong>episcopum</strong></span> <span class='ocrx_word' id='word_1_356' title='bbox 1283 3647 1578 3698; x_wconf 87' lang='lat' dir='ltr'><strong>ascendere</strong></span> <span class='ocrx_word' id='word_1_357' title='bbox 1618 3643 1842 3712; x_wconf 79' lang='lat' dir='ltr'><strong>gradum</strong></span> <span class='ocrx_word' id='word_1_358' title='bbox 1875 3662 1889 3697; x_wconf 91' lang='lat'><strong>:</strong></span> <span class='ocrx_word' id='word_1_359' title='bbox 1918 3658 1985 3696; x_wconf 89' lang='lat' dir='ltr'><strong>an</strong></span> <span class='ocrx_word' id='word_1_360' title='bbox 2018 3658 2142 3697; x_wconf 90' lang='lat' dir='ltr'><strong>vero</strong></span> 
     </span>
    </p>
   </div>
   <div class='ocr_carea' id='block_1_52' title="bbox 592 3736 2144 3805">
    <p class='ocr_par' dir='ltr' id='par_1_52' title="bbox 592 3736 2144 3805">
     <span class='ocr_line' id='line_1_52' title="bbox 592 3736 2144 3805; baseline 0.005 -24"><span class='ocrx_word' id='word_1_361' title='bbox 592 3738 810 3803; x_wconf 63' lang='lat' dir='ltr'><strong>l‘erptcr</strong></span> <span class='ocrx_word' id='word_1_362' title='bbox 856 3736 1071 3788; x_wconf 90' lang='lat' dir='ltr'><strong>illorum</strong></span> <span class='ocrx_word' id='word_1_363' title='bbox 1105 3736 1364 3788; x_wconf 85' lang='lat' dir='ltr'><strong>malitiam</strong></span> <span class='ocrx_word' id='word_1_364' title='bbox 1413 3746 1467 3788; x_wconf 89' lang='lat' dir='ltr'><strong>et</strong></span> <span class='ocrx_word' id='word_1_365' title='bbox 1500 3736 1612 3805; x_wconf 88' lang='lat' dir='ltr'><strong>ipse</strong></span> <span class='ocrx_word' id='word_1_366' title='bbox 1656 3736 1745 3790; x_wconf 90' lang='lat' dir='ltr'><strong>tali</strong></span> <span class='ocrx_word' id='word_1_367' title='bbox 1786 3738 1930 3790; x_wconf 90' lang='lat' dir='ltr'><strong>bono</strong></span> <span class='ocrx_word' id='word_1_368' title='bbox 1968 3737 2144 3805; x_wconf 85' lang='lat' dir='ltr'><strong>priva-</strong></span> 
     </span>
    </p>
   </div>
   <div class='ocr_carea' id='block_1_53' title="bbox 591 3824 769 3876">
    <p class='ocr_par' dir='ltr' id='par_1_53' title="bbox 591 3824 769 3876">
     <span class='ocr_line' id='line_1_53' title="bbox 591 3824 769 3876; baseline 0.006 -1"><span class='ocrx_word' id='word_1_369' title='bbox 591 3824 769 3876; x_wconf 76' lang='lat' dir='ltr'><strong>lilur?</strong></span> 
     </span>
    </p>
   </div>
   <div class='ocr_carea' id='block_1_54' title="bbox 658 3912 2143 3985">
    <p class='ocr_par' dir='ltr' id='par_1_54' title="bbox 658 3912 2143 3985">
     <span class='ocr_line' id='line_1_54' title="bbox 658 3912 2143 3985; baseline 0.003 -20"><span class='ocrx_word' id='word_1_370' title='bbox 658 3912 776 3965; x_wconf 74' lang='lat' dir='ltr'><strong>Rea.</strong></span> <span class='ocrx_word' id='word_1_371' title='bbox 838 3912 1025 3967; x_wconf 87' lang='lat' dir='ltr'><strong>Canon</strong></span> <span class='ocrx_word' id='word_1_372' title='bbox 1076 3914 1293 3981; x_wconf 91' lang='lat' dir='ltr'><strong>quidem</strong></span> <span class='ocrx_word' id='word_1_373' title='bbox 1340 3914 1407 3969; x_wconf 80' lang='grc'><strong>59</strong></span> <span class='ocrx_word' id='word_1_374' title='bbox 1459 3915 1649 3985; x_wconf 88' lang='lat' dir='ltr'><strong>synodi</strong></span> <span class='ocrx_word' id='word_1_375' title='bbox 1699 3915 2143 3985; x_wconf 87' lang='lat' dir='ltr'><strong>Carthaginensls</strong></span> 
     </span>
    </p>
   </div>
   <div class='ocr_carea' id='block_1_55' title="bbox 594 4004 2143 4075">
    <p class='ocr_par' dir='ltr' id='par_1_55' title="bbox 594 4004 2143 4075">
     <span class='ocr_line' id='line_1_55' title="bbox 594 4004 2143 4075; baseline 0.003 -18"><span class='ocrx_word' id='word_1_376' title='bbox 594 4004 690 4067; x_wconf 84' lang='lat' dir='ltr'><strong>ait,</strong></span> <span class='ocrx_word' id='word_1_377' title='bbox 724 4013 781 4058; x_wconf 91' lang='lat' dir='ltr'><strong>ut</strong></span> <span class='ocrx_word' id='word_1_378' title='bbox 810 4004 1071 4074; x_wconf 86' lang='lat' dir='ltr'><strong>episcopi,</strong></span> <span class='ocrx_word' id='word_1_379' title='bbox 1102 4014 1155 4059; x_wconf 87' lang='lat' dir='ltr'><strong>et</strong></span> <span class='ocrx_word' id='word_1_380' title='bbox 1185 4006 1503 4075; x_wconf 89' lang='lat' dir='ltr'><strong>presbyteri,</strong></span> <span class='ocrx_word' id='word_1_381' title='bbox 1535 4016 1587 4060; x_wconf 89' lang='lat' dir='ltr'><strong>et</strong></span> <span class='ocrx_word' id='word_1_382' title='bbox 1613 4006 1824 4060; x_wconf 84' lang='lat' dir='ltr'><strong>diaconi</strong></span> <span class='ocrx_word' id='word_1_383' title='bbox 1856 4023 1961 4061; x_wconf 90' lang='lat' dir='ltr'><strong>non</strong></span> <span class='ocrx_word' id='word_1_384' title='bbox 1995 4008 2143 4063; x_wconf 90' lang='lat' dir='ltr'><strong>ordi-</strong></span> 
     </span>
    </p>
   </div>
   <div class='ocr_carea' id='block_1_56' title="bbox 584 4097 2141 4164">
    <p class='ocr_par' dir='ltr' id='par_1_56' title="bbox 584 4097 2141 4164">
     <span class='ocr_line' id='line_1_56' title="bbox 584 4097 2141 4164; baseline 0.003 -15"><span class='ocrx_word' id='word_1_385' title='bbox 584 4104 807 4160; x_wconf 89' lang='lat' dir='ltr'><strong>nentur,</strong></span> <span class='ocrx_word' id='word_1_386' title='bbox 844 4097 1159 4163; x_wconf 89' lang='lat' dir='ltr'><strong>priusquam</strong></span> <span class='ocrx_word' id='word_1_387' title='bbox 1190 4111 1379 4151; x_wconf 86' lang='lat' dir='ltr'><strong>omnes</strong></span> <span class='ocrx_word' id='word_1_388' title='bbox 1409 4097 1498 4164; x_wconf 85' lang='lat' dir='ltr'><strong>qui</strong></span> <span class='ocrx_word' id='word_1_389' title='bbox 1526 4106 1652 4151; x_wconf 88' lang='lat' dir='ltr'><strong>sunt</strong></span> <span class='ocrx_word' id='word_1_390' title='bbox 1685 4100 1735 4150; x_wconf 93' lang='lat' dir='ltr'><strong>in</strong></span> <span class='ocrx_word' id='word_1_391' title='bbox 1766 4101 1880 4152; x_wconf 90' lang='lat' dir='ltr'><strong>suis</strong></span> <span class='ocrx_word' id='word_1_392' title='bbox 1912 4099 2141 4161; x_wconf 76' lang='lat' dir='ltr'><strong>aedibus.</strong></span> 
     </span>
    </p>
   </div>
   <div class='ocr_carea' id='block_1_57' title="bbox 586 4186 2142 4244">
    <p class='ocr_par' dir='ltr' id='par_1_57' title="bbox 586 4186 2142 4244">
     <span class='ocr_line' id='line_1_57' title="bbox 586 4186 2142 4244; baseline 0.001 -3"><span class='ocrx_word' id='word_1_393' title='bbox 586 4188 932 4241; x_wconf 80' lang='lat' dir='ltr'><strong>Christianos</strong></span> <span class='ocrx_word' id='word_1_394' title='bbox 996 4187 1331 4241; x_wconf 86' lang='lat' dir='ltr'><strong>orthodoxos</strong></span> <span class='ocrx_word' id='word_1_395' title='bbox 1400 4186 1647 4241; x_wconf 81' lang='lat' dir='ltr'><strong>fecerint.</strong></span> <span class='ocrx_word' id='word_1_396' title='bbox 1711 4190 1893 4243; x_wconf 81' lang='lat' dir='ltr'><strong>Canon</strong></span> <span class='ocrx_word' id='word_1_397' title='bbox 1963 4197 2142 4244; x_wconf 91' lang='lat' dir='ltr'><strong>autem</strong></span> 
     </span>
    </p>
   </div>
   <div class='ocr_carea' id='block_1_58' title="bbox 584 4278 2142 4350">
    <p class='ocr_par' dir='ltr' id='par_1_58' title="bbox 584 4278 2142 4350">
     <span class='ocr_line' id='line_1_58' title="bbox 584 4278 2142 4350; baseline 0.002 -20"><span class='ocrx_word' id='word_1_398' title='bbox 584 4278 655 4331; x_wconf 74' lang='grc'><strong>72</strong></span> <span class='ocrx_word' id='word_1_399' title='bbox 694 4286 897 4331; x_wconf 70' lang='lat' dir='ltr'><strong>sanetae</strong></span> <span class='ocrx_word' id='word_1_400' title='bbox 933 4284 985 4330; x_wconf 88' lang='lat' dir='ltr'><strong>et</strong></span> <span class='ocrx_word' id='word_1_401' title='bbox 1025 4280 1374 4332; x_wconf 67' lang='lat' dir='ltr'><strong>oecumenica:</strong></span> <span class='ocrx_word' id='word_1_402' title='bbox 1405 4279 1458 4332; x_wconf 92' lang='lat' dir='ltr'><strong>in</strong></span> <span class='ocrx_word' id='word_1_403' title='bbox 1490 4278 1677 4332; x_wconf 87' lang='lat' dir='ltr'><strong>Trullo</strong></span> <span class='ocrx_word' id='word_1_404' title='bbox 1716 4279 1906 4350; x_wconf 73' lang='lat' dir='ltr'><strong>synodi</strong></span> <span class='ocrx_word' id='word_1_405' title='bbox 1948 4279 2060 4334; x_wconf 78' lang='lat' dir='ltr'><strong>haec</strong></span> <span class='ocrx_word' id='word_1_406' title='bbox 2088 4280 2142 4333; x_wconf 91' lang='lat' dir='ltr'><strong>in</strong></span> 
     </span>
    </p>
   </div>
   <div class='ocr_carea' id='block_1_59' title="bbox 2326 1741 3245 1811">
    <p class='ocr_par' dir='ltr' id='par_1_59' title="bbox 2326 1741 3245 1811">
     <span class='ocr_line' id='line_1_59' title="bbox 2326 1741 3245 1811; baseline -0.001 -17"><span class='ocrx_word' id='word_1_407' title='bbox 2326 1744 2646 1811; x_wconf 81' lang='grc' dir='ltr'><strong>Ἐρώτησις</strong></span> <span class='ocrx_word' id='word_1_408' title='bbox 2674 1741 2750 1797; x_wconf 73' lang='grc' dir='ltr'><strong>λ’.</strong></span> <span class='ocrx_word' id='word_1_409' title='bbox 2797 1744 2921 1795; x_wconf 74' lang='grc' dir='ltr'>Ἐὰν</span> <span class='ocrx_word' id='word_1_410' title='bbox 2959 1744 3245 1811; x_wconf 72' lang='grc' dir='ltr'>αίρετικὺς,</span> 
     </span>
    </p>
   </div>
   <div class='ocr_carea' id='block_1_60' title="bbox 2247 1832 3807 1903">
    <p class='ocr_par' dir='ltr' id='par_1_60' title="bbox 2247 1832 3807 1903">
     <span class='ocr_line' id='line_1_60' title="bbox 2247 1832 3807 1903; baseline -0.003 -18"><span class='ocrx_word' id='word_1_411' title='bbox 2247 1852 2352 1897; x_wconf 90' lang='grc' dir='ltr'>νος,</span> <span class='ocrx_word' id='word_1_412' title='bbox 2389 1834 2588 1903; x_wconf 77' lang='grc' dir='ltr'>ἀξιωθῇ</span> <span class='ocrx_word' id='word_1_413' title='bbox 2618 1833 2710 1885; x_wconf 83' lang='grc' dir='ltr'><strong>τοῦ</strong></span> <span class='ocrx_word' id='word_1_414' title='bbox 2762 1832 2908 1884; x_wconf 80' lang='grc' dir='ltr'>θείου</span> <span class='ocrx_word' id='word_1_415' title='bbox 2934 1835 3025 1884; x_wconf 76' lang='grc' dir='ltr'><strong>καὶ</strong></span> <span class='ocrx_word' id='word_1_416' title='bbox 3049 1833 3204 1896; x_wconf 84' lang='grc' dir='ltr'>ἀγίου</span> <span class='ocrx_word' id='word_1_417' title='bbox 3232 1834 3633 1899; x_wconf 76' lang='grc' dir='ltr'>βαπτίσματος,</span> <span class='ocrx_word' id='word_1_418' title='bbox 3659 1834 3691 1900; x_wconf 79' lang='grc' dir='ltr'><strong>ἧ</strong></span> <span class='ocrx_word' id='word_1_419' title='bbox 3724 1833 3807 1881; x_wconf 65' lang='grc' dir='ltr'>δια</span> 
     </span>
    </p>
   </div>
   <div class='ocr_carea' id='block_1_61' title="bbox 3304 1742 3807 1809">
    <p class='ocr_par' dir='ltr' id='par_1_61' title="bbox 3304 1742 3807 1809">
     <span class='ocr_line' id='line_1_61' title="bbox 3304 1742 3807 1809; baseline -0.002 -18"><span class='ocrx_word' id='word_1_420' title='bbox 3304 1742 3501 1809; x_wconf 70' lang='grc' dir='ltr'>ἱερεὺς,</span> <span class='ocrx_word' id='word_1_421' title='bbox 3621 1743 3807 1792; x_wconf 64' lang='grc' dir='ltr'>διάκο-</span> 
     </span>
    </p>
   </div>
   <div class='ocr_carea' id='block_1_62' title="bbox 2245 1924 3806 1993">
    <p class='ocr_par' dir='ltr' id='par_1_62' title="bbox 2245 1924 3806 1993">
     <span class='ocr_line' id='line_1_62' title="bbox 2245 1924 3806 1993; baseline -0.003 -18"><span class='ocrx_word' id='word_1_422' title='bbox 2245 1925 2332 1977; x_wconf 77' lang='grc' dir='ltr'>τοῦ</span> <span class='ocrx_word' id='word_1_423' title='bbox 2363 1924 2515 1989; x_wconf 78' lang='grc' dir='ltr'>ἁγίου</span> <span class='ocrx_word' id='word_1_424' title='bbox 2556 1924 2725 1993; x_wconf 84' lang='grc' dir='ltr'>μύρου</span> <span class='ocrx_word' id='word_1_425' title='bbox 2762 1924 3031 1991; x_wconf 79' lang='grc' dir='ltr'>ἀγιασθῇ,</span> <span class='ocrx_word' id='word_1_426' title='bbox 3078 1925 3281 1973; x_wconf 56' lang='lat' dir='ltr'><strong>eum:</strong></span> <span class='ocrx_word' id='word_1_427' title='bbox 3324 1924 3626 1989; x_wconf 64' lang='grc' dir='ltr'>ίεροιιργῷν</span> <span class='ocrx_word' id='word_1_428' title='bbox 3669 1942 3806 1986; x_wconf 67' lang='grc' dir='ltr'>μετα</span> 
     </span>
    </p>
   </div>
   <div class='ocr_carea' id='block_1_63' title="bbox 2245 2012 3805 2083">
    <p class='ocr_par' dir='ltr' id='par_1_63' title="bbox 2245 2012 3805 2083">
     <span class='ocr_line' id='line_1_63' title="bbox 2245 2012 3805 2083; baseline -0.006 -15"><span class='ocrx_word' id='word_1_429' title='bbox 2245 2015 2339 2083; x_wconf 82' lang='grc' dir='ltr'>τῆς</span> <span class='ocrx_word' id='word_1_430' title='bbox 2374 2015 2640 2083; x_wconf 76' lang='grc' dir='ltr'><strong>προτέρας</strong></span> <span class='ocrx_word' id='word_1_431' title='bbox 2672 2014 3003 2082; x_wconf 84' lang='grc' dir='ltr'><strong>χειροτονίας</strong></span> <span class='ocrx_word' id='word_1_432' title='bbox 3044 2012 3227 2074; x_wconf 72' lang='grc' dir='ltr'>αὐτοῦ,</span> <span class='ocrx_word' id='word_1_433' title='bbox 3260 2012 3290 2079; x_wconf 72' lang='grc' dir='ltr'>ἦ</span> <span class='ocrx_word' id='word_1_434' title='bbox 3323 2012 3515 2079; x_wconf 81' lang='grc' dir='ltr'>ἑτέρας</span> <span class='ocrx_word' id='word_1_435' title='bbox 3547 2012 3805 2079; x_wconf 62' lang='grc' dir='ltr'>ἀξιωθείη</span> 
     </span>
    </p>
   </div>
   <div class='ocr_carea' id='block_1_64' title="bbox 2245 2102 3303 2174">
    <p class='ocr_par' dir='ltr' id='par_1_64' title="bbox 2245 2102 3303 2174">
     <span class='ocr_line' id='line_1_64' title="bbox 2245 2102 3303 2174; baseline -0.003 -21"><span class='ocrx_word' id='word_1_436' title='bbox 2245 2104 2595 2173; x_wconf 71' lang='grc' dir='ltr'><strong>χειροτονίας,</strong></span> <span class='ocrx_word' id='word_1_437' title='bbox 2625 2103 2717 2154; x_wconf 83' lang='grc' dir='ltr'><strong>ἐὰν</strong></span> <span class='ocrx_word' id='word_1_438' title='bbox 2747 2102 2947 2174; x_wconf 77' lang='grc' dir='ltr'>θελήσῃ</span> <span class='ocrx_word' id='word_1_439' title='bbox 2976 2103 3303 2169; x_wconf 77' lang='grc' dir='ltr'><strong>ἱερουργεῖν,</strong></span> 
     </span>
    </p>
   </div>
   <div class='ocr_carea' id='block_1_65' title="bbox 2333 2188 3804 2258">
    <p class='ocr_par' dir='ltr' id='par_1_65' title="bbox 2333 2188 3804 2258">
     <span class='ocr_line' id='line_1_65' title="bbox 2333 2188 3804 2258; baseline -0.003 -13"><span class='ocrx_word' id='word_1_440' title='bbox 2333 2195 2449 2245; x_wconf 77' lang='grc' dir='ltr'>Ὰπ.</span> <span class='ocrx_word' id='word_1_441' title='bbox 2495 2192 2552 2244; x_wconf 86' lang='grc'><strong>’0</strong></span> <span class='ocrx_word' id='word_1_442' title='bbox 2572 2192 2679 2243; x_wconf 81' lang='grc' dir='ltr'>τῶν</span> <span class='ocrx_word' id='word_1_443' title='bbox 2713 2191 2883 2258; x_wconf 78' lang='grc' dir='ltr'>ἁγίων</span> <span class='ocrx_word' id='word_1_444' title='bbox 2935 2190 3242 2242; x_wconf 73' lang='grc' dir='ltr'><strong>ἀποστόλων</strong></span> <span class='ocrx_word' id='word_1_445' title='bbox 3273 2188 3325 2241; x_wconf 85' lang='grc' dir='ltr'>π’</span> <span class='ocrx_word' id='word_1_446' title='bbox 3355 2190 3540 2241; x_wconf 75' lang='grc' dir='ltr'>κανὼν</span> <span class='ocrx_word' id='word_1_447' title='bbox 3584 2194 3711 2252; x_wconf 62' lang='grc' dir='ltr'>τοὺς</span> <span class='ocrx_word' id='word_1_448' title='bbox 3752 2194 3804 2253; x_wconf 76' lang='grc' dir='ltr'>ἐξ</span> 
     </span>
    </p>
   </div>
   <div class='ocr_carea' id='block_1_66' title="bbox 2244 2282 3805 2352">
    <p class='ocr_par' dir='ltr' id='par_1_66' title="bbox 2244 2282 3805 2352">
     <span class='ocr_line' id='line_1_66' title="bbox 2244 2282 3805 2352; baseline -0.002 -15"><span class='ocrx_word' id='word_1_449' title='bbox 2244 2284 2455 2337; x_wconf 78' lang='grc' dir='ltr'>ἑθνικοῦ</span> <span class='ocrx_word' id='word_1_450' title='bbox 2489 2284 2602 2352; x_wconf 86' lang='grc' dir='ltr'>βίου</span> <span class='ocrx_word' id='word_1_451' title='bbox 2634 2282 3023 2352; x_wconf 74' lang='grc' dir='ltr'><strong>προσελθόντας</strong></span> <span class='ocrx_word' id='word_1_452' title='bbox 3084 2286 3148 2350; x_wconf 81' lang='grc' dir='ltr'><strong>τῇ</strong></span> <span class='ocrx_word' id='word_1_453' title='bbox 3187 2282 3450 2350; x_wconf 71' lang='grc' dir='ltr'>ὀρθοδόξῳ</span> <span class='ocrx_word' id='word_1_454' title='bbox 3488 2283 3805 2334; x_wconf 51' lang='grc' dir='ltr'>πίστεινκεὶ</span> 
     </span>
    </p>
   </div>
   <div class='ocr_carea' id='block_1_67' title="bbox 2247 2372 3801 2443">
    <p class='ocr_par' dir='ltr' id='par_1_67' title="bbox 2247 2372 3801 2443">
     <span class='ocr_line' id='line_1_67' title="bbox 2247 2372 3801 2443; baseline -0.004 -16"><span class='ocrx_word' id='word_1_455' title='bbox 2247 2374 2653 2443; x_wconf 81' lang='grc' dir='ltr'>βαπτισθέντας,</span> <span class='ocrx_word' id='word_1_456' title='bbox 2680 2375 2773 2425; x_wconf 68' lang='grc' dir='ltr'>καὶ</span> <span class='ocrx_word' id='word_1_457' title='bbox 2797 2372 3149 2425; x_wconf 76' lang='grc' dir='ltr'>ἑπισκοπικοῦ</span> <span class='ocrx_word' id='word_1_458' title='bbox 3176 2373 3484 2439; x_wconf 69' lang='grc' dir='ltr'>ἀξιώματος</span> <span class='ocrx_word' id='word_1_459' title='bbox 3517 2374 3801 2436; x_wconf 67' lang='grc' dir='ltr'>καταξιξὶι-</span> 
     </span>
    </p>
   </div>
   <div class='ocr_carea' id='block_1_68' title="bbox 2247 2460 3801 2533">
    <p class='ocr_par' dir='ltr' id='par_1_68' title="bbox 2247 2460 3801 2533">
     <span class='ocr_line' id='line_1_68' title="bbox 2247 2460 3801 2533; baseline -0.003 -17"><span class='ocrx_word' id='word_1_460' title='bbox 2247 2465 2369 2516; x_wconf 89' lang='grc' dir='ltr'>σθαι</span> <span class='ocrx_word' id='word_1_461' title='bbox 2394 2465 2699 2533; x_wconf 77' lang='grc' dir='ltr'>διορίζεται.</span> <span class='ocrx_word' id='word_1_462' title='bbox 2726 2463 2835 2531; x_wconf 75' lang='grc' dir='ltr'><strong>Τῆς</strong></span> <span class='ocrx_word' id='word_1_463' title='bbox 2865 2462 2993 2529; x_wconf 75' lang='grc' dir='ltr'>γοῦν</span> <span class='ocrx_word' id='word_1_464' title='bbox 3024 2462 3292 2529; x_wconf 76' lang='grc' dir='ltr'>προτέρας</span> <span class='ocrx_word' id='word_1_465' title='bbox 3328 2460 3649 2528; x_wconf 78' lang='grc' dir='ltr'>ἱερωσύνης,</span> <span class='ocrx_word' id='word_1_466' title='bbox 3682 2478 3801 2527; x_wconf 61' lang='lat' dir='ltr'><strong>pta-</strong></span> 
     </span>
    </p>
   </div>
   <div class='ocr_carea' id='block_1_69' title="bbox 2252 2552 3798 2625">
    <p class='ocr_par' dir='ltr' id='par_1_69' title="bbox 2252 2552 3798 2625">
     <span class='ocr_line' id='line_1_69' title="bbox 2252 2552 3798 2625; baseline -0.005 -19"><span class='ocrx_word' id='word_1_467' title='bbox 2252 2556 2494 2625; x_wconf 81' lang='grc' dir='ltr'>ρωσὺνης</span> <span class='ocrx_word' id='word_1_468' title='bbox 2553 2552 2927 2621; x_wconf 72' lang='grc' dir='ltr'>νομιζομένης,</span> <span class='ocrx_word' id='word_1_469' title='bbox 2956 2555 3046 2603; x_wconf 70' lang='grc' dir='ltr'><strong>καὶ</strong></span> <span class='ocrx_word' id='word_1_470' title='bbox 3068 2552 3137 2612; x_wconf 84' lang='grc' dir='ltr'>ὡς</span> <span class='ocrx_word' id='word_1_471' title='bbox 3164 2553 3237 2619; x_wconf 81' lang='grc' dir='ltr'>μὴ</span> <span class='ocrx_word' id='word_1_472' title='bbox 3274 2554 3568 2619; x_wconf 69' lang='grc' dir='ltr'>γενομένης</span> <span class='ocrx_word' id='word_1_473' title='bbox 3598 2554 3798 2617; x_wconf 62' lang='grc' dir='ltr'>λογίζε-</span> 
     </span>
    </p>
   </div>
   <div class='ocr_carea' id='block_1_70' title="bbox 2250 2635 3799 2714">
    <p class='ocr_par' dir='ltr' id='par_1_70' title="bbox 2250 2635 3799 2714">
     <span class='ocr_line' id='line_1_70' title="bbox 2250 2635 3799 2714; baseline -0.005 -18"><span class='ocrx_word' id='word_1_474' title='bbox 2250 2647 2435 2714; x_wconf 86' lang='grc' dir='ltr'>μένης,</span> <span class='ocrx_word' id='word_1_475' title='bbox 2477 2643 2570 2695; x_wconf 80' lang='grc' dir='ltr'><strong>ἐὰν</strong></span> <span class='ocrx_word' id='word_1_476' title='bbox 2622 2643 2755 2710; x_wconf 83' lang='grc' dir='ltr'>μετὰ</span> <span class='ocrx_word' id='word_1_477' title='bbox 2787 2644 2882 2709; x_wconf 76' lang='grc' dir='ltr'>τῆς</span> <span class='ocrx_word' id='word_1_478' title='bbox 2914 2635 3200 2708; x_wconf 69' lang='grc' dir='ltr'>γανονικῆς</span> <span class='ocrx_word' id='word_1_479' title='bbox 3242 2642 3531 2709; x_wconf 76' lang='grc' dir='ltr'>ἀκριεείας</span> <span class='ocrx_word' id='word_1_480' title='bbox 3573 2642 3799 2708; x_wconf 54' lang='grc' dir='ltr'>ἀνακρι-</span> 
     </span>
    </p>
   </div>
   <div class='ocr_carea' id='block_1_71' title="bbox 2247 2731 3802 2805">
    <p class='ocr_par' dir='ltr' id='par_1_71' title="bbox 2247 2731 3802 2805">
     <span class='ocr_line' id='line_1_71' title="bbox 2247 2731 3802 2805; baseline -0.003 -18"><span class='ocrx_word' id='word_1_481' title='bbox 2247 2737 2463 2805; x_wconf 72' lang='grc' dir='ltr'>νόμενος</span> <span class='ocrx_word' id='word_1_482' title='bbox 2498 2737 2523 2786; x_wconf 99' lang='lat'><strong>6</strong></span> <span class='ocrx_word' id='word_1_483' title='bbox 2551 2734 2718 2795; x_wconf 75' lang='grc' dir='ltr'>οὕτως</span> <span class='ocrx_word' id='word_1_484' title='bbox 2746 2732 3121 2802; x_wconf 80' lang='grc' dir='ltr'>όρθοόοξήσας,</span> <span class='ocrx_word' id='word_1_485' title='bbox 3176 2731 3269 2782; x_wconf 73' lang='grc' dir='ltr'><strong>καὶ</strong></span> <span class='ocrx_word' id='word_1_486' title='bbox 3306 2731 3379 2781; x_wconf 79' lang='grc' dir='ltr'><strong>ὢν</strong></span> <span class='ocrx_word' id='word_1_487' title='bbox 3413 2748 3540 2783; x_wconf 85' lang='grc' dir='ltr'>ποτε</span> <span class='ocrx_word' id='word_1_488' title='bbox 3579 2732 3802 2798; x_wconf 72' lang='grc' dir='ltr'>βέϐηὶες</span> 
     </span>
    </p>
   </div>
   <div class='ocr_carea' id='block_1_72' title="bbox 2248 2818 3801 2890">
    <p class='ocr_par' dir='ltr' id='par_1_72' title="bbox 2248 2818 3801 2890">
     <span class='ocr_line' id='line_1_72' title="bbox 2248 2818 3801 2890; baseline -0.004 -15"><span class='ocrx_word' id='word_1_489' title='bbox 2248 2822 2446 2890; x_wconf 70' lang='grc' dir='ltr'>ἱερεὺς,</span> <span class='ocrx_word' id='word_1_490' title='bbox 2504 2823 2629 2888; x_wconf 73' lang='grc' dir='ltr'>περὶ</span> <span class='ocrx_word' id='word_1_491' title='bbox 2672 2820 2765 2871; x_wconf 78' lang='grc' dir='ltr'><strong>τοῦ</strong></span> <span class='ocrx_word' id='word_1_492' title='bbox 2805 2822 3029 2889; x_wconf 64' lang='grc' dir='ltr'>ὑστέρου</span> <span class='ocrx_word' id='word_1_493' title='bbox 3069 2819 3232 2871; x_wconf 74' lang='grc' dir='ltr'>αὐτοῦ</span> <span class='ocrx_word' id='word_1_494' title='bbox 3278 2818 3392 2886; x_wconf 76' lang='grc' dir='ltr'>βίου</span> <span class='ocrx_word' id='word_1_495' title='bbox 3430 2820 3801 2887; x_wconf 72' lang='grc' dir='ltr'>ἀκατάκριτος</span> 
     </span>
    </p>
   </div>
   <div class='ocr_carea' id='block_1_73' title="bbox 2246 2911 3798 2982">
    <p class='ocr_par' dir='ltr' id='par_1_73' title="bbox 2246 2911 3798 2982">
     <span class='ocr_line' id='line_1_73' title="bbox 2246 2911 3798 2982; baseline -0.003 -16"><span class='ocrx_word' id='word_1_496' title='bbox 2246 2914 2558 2982; x_wconf 80' lang='grc' dir='ltr'>ἀναφανείη,</span> <span class='ocrx_word' id='word_1_497' title='bbox 2589 2911 2839 2980; x_wconf 77' lang='grc' dir='ltr'><strong>ἀξιωθείη</strong></span> <span class='ocrx_word' id='word_1_498' title='bbox 2865 2913 2921 2962; x_wconf 66' lang='grc' dir='ltr'><strong>οὗ</strong></span> <span class='ocrx_word' id='word_1_499' title='bbox 2960 2911 3115 2979; x_wconf 86' lang='grc' dir='ltr'>μόνον</span> <span class='ocrx_word' id='word_1_500' title='bbox 3146 2911 3419 2979; x_wconf 68' lang='grc' dir='ltr'>ἱερατικοῦ</span> <span class='ocrx_word' id='word_1_501' title='bbox 3467 2912 3798 2978; x_wconf 54' lang='grc' dir='ltr'>ἀξιώματα,</span> 
     </span>
    </p>
   </div>
   <div class='ocr_carea' id='block_1_74' title="bbox 2247 3000 3801 3069">
    <p class='ocr_par' dir='ltr' id='par_1_74' title="bbox 2247 3000 3801 3069">
     <span class='ocr_line' id='line_1_74' title="bbox 2247 3000 3801 3069; baseline -0.003 -13"><span class='ocrx_word' id='word_1_502' title='bbox 2247 3004 2380 3056; x_wconf 72' lang='grc' dir='ltr'>ἀλλὰ</span> <span class='ocrx_word' id='word_1_503' title='bbox 2427 3005 2518 3055; x_wconf 78' lang='grc' dir='ltr'><strong>καὶ</strong></span> <span class='ocrx_word' id='word_1_504' title='bbox 2569 3002 2942 3061; x_wconf 82' lang='grc' dir='ltr'>ὲπισκοπικοῦ,</span> <span class='ocrx_word' id='word_1_505' title='bbox 2994 3001 3080 3053; x_wconf 76' lang='grc' dir='ltr'><strong>διὰ</strong></span> <span class='ocrx_word' id='word_1_506' title='bbox 3131 3000 3242 3052; x_wconf 84' lang='grc' dir='ltr'><strong>τῶν</strong></span> <span class='ocrx_word' id='word_1_507' title='bbox 3292 3000 3536 3069; x_wconf 82' lang='grc' dir='ltr'>συνήθων</span> <span class='ocrx_word' id='word_1_508' title='bbox 3588 3004 3801 3062; x_wconf 57' lang='grc' dir='ltr'>πάντως</span> 
     </span>
    </p>
   </div>
   <div class='ocr_carea' id='block_1_75' title="bbox 2170 3084 3627 3166">
    <p class='ocr_par' dir='ltr' id='par_1_75' title="bbox 2170 3084 3627 3166">
     <span class='ocr_line' id='line_1_75' title="bbox 2170 3084 3627 3166; baseline 0.001 -24"><span class='ocrx_word' id='word_1_509' title='bbox 2170 3084 2213 3142; x_wconf 87' lang='lat' dir='ltr'>C</span> <span class='ocrx_word' id='word_1_510' title='bbox 2247 3096 2468 3166; x_wconf 80' lang='grc' dir='ltr'><strong>βαθμῶν</strong></span> <span class='ocrx_word' id='word_1_511' title='bbox 2502 3098 2581 3157; x_wconf 78' lang='grc' dir='ltr'><strong>είς</strong></span> <span class='ocrx_word' id='word_1_512' title='bbox 2615 3094 2672 3145; x_wconf 75' lang='grc' dir='ltr'>τὸ</span> <span class='ocrx_word' id='word_1_513' title='bbox 2705 3094 3074 3145; x_wconf 71' lang='grc' dir='ltr'>διδασκαλικὸν</span> <span class='ocrx_word' id='word_1_514' title='bbox 3105 3092 3237 3159; x_wconf 75' lang='grc' dir='ltr'>ὕψος</span> <span class='ocrx_word' id='word_1_515' title='bbox 3269 3092 3627 3160; x_wconf 76' lang='grc' dir='ltr'>ἀναγόμενος.</span> 
     </span>
    </p>
   </div>
   <div class='ocr_carea' id='block_1_76' title="bbox 2322 3180 3799 3251">
    <p class='ocr_par' dir='ltr' id='par_1_76' title="bbox 2322 3180 3799 3251">
     <span class='ocr_line' id='line_1_76' title="bbox 2322 3180 3799 3251; baseline -0.004 -14"><span class='ocrx_word' id='word_1_516' title='bbox 2322 3185 2638 3251; x_wconf 80' lang='grc' dir='ltr'><strong>Ἐρώτησις</strong></span> <span class='ocrx_word' id='word_1_517' title='bbox 2665 3181 2774 3235; x_wconf 72' lang='grc' dir='ltr'><strong>λα’.</strong></span> <span class='ocrx_word' id='word_1_518' title='bbox 2809 3182 2929 3233; x_wconf 80' lang='grc' dir='ltr'><strong>Ἐὰν</strong></span> <span class='ocrx_word' id='word_1_519' title='bbox 2960 3182 3051 3232; x_wconf 68' lang='grc' dir='ltr'>τοῦ</span> <span class='ocrx_word' id='word_1_520' title='bbox 3097 3180 3478 3247; x_wconf 74' lang='grc' dir='ltr'>προσελθόντος</span> <span class='ocrx_word' id='word_1_521' title='bbox 3506 3184 3571 3249; x_wconf 79' lang='grc' dir='ltr'>τῇ</span> <span class='ocrx_word' id='word_1_522' title='bbox 3621 3181 3799 3233; x_wconf 80' lang='grc' dir='ltr'>πίστει</span> 
     </span>
    </p>
   </div>
   <div class='ocr_carea' id='block_1_77' title="bbox 2240 3270 3801 3343">
    <p class='ocr_par' dir='ltr' id='par_1_77' title="bbox 2240 3270 3801 3343">
     <span class='ocr_line' id='line_1_77' title="bbox 2240 3270 3801 3343; baseline -0.003 -17"><span class='ocrx_word' id='word_1_523' title='bbox 2240 3275 2346 3326; x_wconf 85' lang='grc' dir='ltr'>τῶν</span> <span class='ocrx_word' id='word_1_524' title='bbox 2372 3274 2661 3343; x_wconf 81' lang='grc' dir='ltr'>ὁρθοδόξων</span> <span class='ocrx_word' id='word_1_525' title='bbox 2683 3271 2957 3339; x_wconf 77' lang='grc' dir='ltr'>αίρετικοῦ</span> <span class='ocrx_word' id='word_1_526' title='bbox 2982 3274 3011 3338; x_wconf 78' lang='grc' dir='ltr'>ἡ</span> <span class='ocrx_word' id='word_1_527' title='bbox 3042 3270 3201 3338; x_wconf 77' lang='grc' dir='ltr'>γυνὴ.</span> <span class='ocrx_word' id='word_1_528' title='bbox 3241 3270 3330 3321; x_wconf 79' lang='grc' dir='ltr'><strong>καὶ</strong></span> <span class='ocrx_word' id='word_1_529' title='bbox 3359 3273 3405 3321; x_wconf 83' lang='grc' dir='ltr'><strong>οξ</strong></span> <span class='ocrx_word' id='word_1_530' title='bbox 3427 3270 3638 3333; x_wconf 82' lang='grc' dir='ltr'>παῖδες,</span> <span class='ocrx_word' id='word_1_531' title='bbox 3660 3272 3691 3338; x_wconf 73' lang='grc' dir='ltr'><strong>ἧ</strong></span> <span class='ocrx_word' id='word_1_532' title='bbox 3714 3274 3801 3323; x_wconf 78' lang='grc' dir='ltr'><strong>καὶ</strong></span> 
     </span>
    </p>
   </div>
   <div class='ocr_carea' id='block_1_78' title="bbox 2240 3362 3802 3435">
    <p class='ocr_par' dir='ltr' id='par_1_78' title="bbox 2240 3362 3802 3435">
     <span class='ocr_line' id='line_1_78' title="bbox 2240 3362 3802 3435; baseline -0.003 -19"><span class='ocrx_word' id='word_1_533' title='bbox 2240 3367 2411 3435; x_wconf 73' lang='grc' dir='ltr'>ἕτεροι</span> <span class='ocrx_word' id='word_1_534' title='bbox 2437 3364 2606 3430; x_wconf 81' lang='grc' dir='ltr'>τούτῳ</span> <span class='ocrx_word' id='word_1_535' title='bbox 2630 3362 2892 3414; x_wconf 81' lang='grc' dir='ltr'>συνέστιοι</span> <span class='ocrx_word' id='word_1_536' title='bbox 2914 3363 3006 3413; x_wconf 72' lang='grc' dir='ltr'><strong>καὶ</strong></span> <span class='ocrx_word' id='word_1_537' title='bbox 3045 3362 3415 3425; x_wconf 76' lang='grc' dir='ltr'>συγκατοικοι,</span> <span class='ocrx_word' id='word_1_538' title='bbox 3448 3362 3545 3412; x_wconf 73' lang='grc' dir='ltr'><strong>ουκ</strong></span> <span class='ocrx_word' id='word_1_539' title='bbox 3588 3362 3802 3427; x_wconf 67' lang='grc' dir='ltr'><strong>ὀρθοδί-</strong></span> 
     </span>
    </p>
   </div>
   <div class='ocr_carea' id='block_1_79' title="bbox 2240 3450 3799 3523">
    <p class='ocr_par' dir='ltr' id='par_1_79' title="bbox 2240 3450 3799 3523">
     <span class='ocr_line' id='line_1_79' title="bbox 2240 3450 3799 3523; baseline -0.004 -17"><span class='ocrx_word' id='word_1_540' title='bbox 2240 3457 2510 3523; x_wconf 81' lang='grc' dir='ltr'>ξήσουσιν,</span> <span class='ocrx_word' id='word_1_541' title='bbox 2558 3454 2670 3505; x_wconf 81' lang='grc' dir='ltr'>ἀλλ’</span> <span class='ocrx_word' id='word_1_542' title='bbox 2699 3451 2968 3520; x_wconf 79' lang='grc' dir='ltr'>ὲξέχονται</span> <span class='ocrx_word' id='word_1_543' title='bbox 2994 3452 3089 3518; x_wconf 79' lang='grc' dir='ltr'>τῆς</span> <span class='ocrx_word' id='word_1_544' title='bbox 3124 3453 3390 3519; x_wconf 83' lang='grc' dir='ltr'>προτέρας</span> <span class='ocrx_word' id='word_1_545' title='bbox 3419 3450 3715 3520; x_wconf 74' lang='grc' dir='ltr'>αἱρέσεως,</span> <span class='ocrx_word' id='word_1_546' title='bbox 3745 3453 3799 3501; x_wconf 71' lang='grc' dir='ltr'><strong>οὐ</strong></span> 
     </span>
    </p>
   </div>
   <div class='ocr_carea' id='block_1_80' title="bbox 2243 3544 3803 3616">
    <p class='ocr_par' dir='ltr' id='par_1_80' title="bbox 2243 3544 3803 3616">
     <span class='ocr_line' id='line_1_80' title="bbox 2243 3544 3803 3616; baseline -0.004 -15"><span class='ocrx_word' id='word_1_547' title='bbox 2243 3548 2606 3616; x_wconf 71' lang='grc' dir='ltr'>κωλυθήσεται</span> <span class='ocrx_word' id='word_1_548' title='bbox 2638 3547 2669 3598; x_wconf 80' lang='grc' dir='ltr'><strong>ό</strong></span> <span class='ocrx_word' id='word_1_549' title='bbox 2719 3544 3045 3607; x_wconf 73' lang='grc' dir='ltr'>τελειωθεὶς,</span> <span class='ocrx_word' id='word_1_550' title='bbox 3089 3545 3163 3606; x_wconf 80' lang='grc' dir='ltr'>ὡς</span> <span class='ocrx_word' id='word_1_551' title='bbox 3191 3546 3425 3612; x_wconf 76' lang='grc' dir='ltr'>εἴρηται,</span> <span class='ocrx_word' id='word_1_552' title='bbox 3455 3544 3539 3596; x_wconf 72' lang='grc' dir='ltr'>διὰ</span> <span class='ocrx_word' id='word_1_553' title='bbox 3575 3546 3679 3595; x_wconf 78' lang='grc' dir='ltr'>τοῦ</span> <span class='ocrx_word' id='word_1_554' title='bbox 3714 3545 3803 3612; x_wconf 74' lang='grc' dir='ltr'><strong>βα-</strong></span> 
     </span>
    </p>
   </div>
   <div class='ocr_carea' id='block_1_81' title="bbox 2243 3633 3803 3705">
    <p class='ocr_par' dir='ltr' id='par_1_81' title="bbox 2243 3633 3803 3705">
     <span class='ocr_line' id='line_1_81' title="bbox 2243 3633 3803 3705; baseline -0.004 -15"><span class='ocrx_word' id='word_1_555' title='bbox 2243 3639 2582 3705; x_wconf 87' lang='grc' dir='ltr'>πτίσματος,</span> <span class='ocrx_word' id='word_1_556' title='bbox 2639 3639 2716 3697; x_wconf 83' lang='grc' dir='ltr'><strong>είς</strong></span> <span class='ocrx_word' id='word_1_557' title='bbox 2769 3636 3043 3704; x_wconf 64' lang='grc' dir='ltr'>ἱερατικὸν</span> <span class='ocrx_word' id='word_1_558' title='bbox 3092 3634 3298 3703; x_wconf 76' lang='grc' dir='ltr'>βαθμὸν</span> <span class='ocrx_word' id='word_1_559' title='bbox 3349 3634 3381 3702; x_wconf 80' lang='grc' dir='ltr'>ἢ</span> <span class='ocrx_word' id='word_1_560' title='bbox 3440 3633 3803 3686; x_wconf 66' lang='grc' dir='ltr'>ὲπισκοπικδν</span> 
     </span>
    </p>
   </div>
   <div class='ocr_carea' id='block_1_82' title="bbox 2242 3722 3803 3795">
    <p class='ocr_par' dir='ltr' id='par_1_82' title="bbox 2242 3722 3803 3795">
     <span class='ocr_line' id='line_1_82' title="bbox 2242 3722 3803 3795; baseline -0.004 -15"><span class='ocrx_word' id='word_1_561' title='bbox 2242 3728 2485 3780; x_wconf 77' lang='grc' dir='ltr'>ἀνελθεῖν</span> <span class='ocrx_word' id='word_1_562' title='bbox 2510 3744 2521 3755; x_wconf 92' lang='grc'>·</span> <span class='ocrx_word' id='word_1_563' title='bbox 2564 3727 2596 3795; x_wconf 77' lang='grc' dir='ltr'>ἢ</span> <span class='ocrx_word' id='word_1_564' title='bbox 2621 3726 2705 3778; x_wconf 77' lang='grc' dir='ltr'>διὰ</span> <span class='ocrx_word' id='word_1_565' title='bbox 2726 3725 2821 3793; x_wconf 81' lang='grc' dir='ltr'><strong>τὴν</strong></span> <span class='ocrx_word' id='word_1_566' title='bbox 2848 3724 3065 3777; x_wconf 78' lang='grc' dir='ltr'>ἐκείνων</span> <span class='ocrx_word' id='word_1_567' title='bbox 3100 3724 3295 3775; x_wconf 76' lang='grc' dir='ltr'>κακίαν</span> <span class='ocrx_word' id='word_1_568' title='bbox 3322 3724 3411 3774; x_wconf 75' lang='grc' dir='ltr'><strong>καὶ</strong></span> <span class='ocrx_word' id='word_1_569' title='bbox 3439 3722 3803 3781; x_wconf 61' lang='grc' dir='ltr'>αὑτὸςτοσού-</span> 
     </span>
    </p>
   </div>
   <div class='ocr_carea' id='block_1_83' title="bbox 2243 3815 2977 3883">
    <p class='ocr_par' dir='ltr' id='par_1_83' title="bbox 2243 3815 2977 3883">
     <span class='ocr_line' id='line_1_83' title="bbox 2243 3815 2977 3883; baseline -0.005 -15"><span class='ocrx_word' id='word_1_570' title='bbox 2243 3835 2336 3870; x_wconf 86' lang='grc' dir='ltr'>του</span> <span class='ocrx_word' id='word_1_571' title='bbox 2362 3815 2559 3883; x_wconf 80' lang='grc' dir='ltr'>ἀγαθοῦ</span> <span class='ocrx_word' id='word_1_572' title='bbox 2594 3815 2938 3882; x_wconf 82' lang='grc' dir='ltr'>ἀποστερηθῇ</span> <span class='ocrx_word' id='word_1_573' title='bbox 2966 3831 2977 3873; x_wconf 76' lang='grc' dir='ltr'><strong>ς</strong></span> 
     </span>
    </p>
   </div>
   <div class='ocr_carea' id='block_1_84' title="bbox 2327 3900 3804 3971">
    <p class='ocr_par' dir='ltr' id='par_1_84' title="bbox 2327 3900 3804 3971">
     <span class='ocr_line' id='line_1_84' title="bbox 2327 3900 3804 3971; baseline -0.005 -12"><span class='ocrx_word' id='word_1_574' title='bbox 2327 3908 2451 3960; x_wconf 65' lang='grc' dir='ltr'><strong>Ἄπι.</strong></span> <span class='ocrx_word' id='word_1_575' title='bbox 2522 3905 2578 3958; x_wconf 83' lang='grc' dir='ltr'>ὐ</span> <span class='ocrx_word' id='word_1_576' title='bbox 2621 3905 2718 3971; x_wconf 69' lang='grc' dir='ltr'>μὲν</span> <span class='ocrx_word' id='word_1_577' title='bbox 2758 3903 2847 3966; x_wconf 70' lang='grc' dir='ltr'><strong>λς’</strong></span> <span class='ocrx_word' id='word_1_578' title='bbox 2880 3901 3055 3954; x_wconf 85' lang='grc' dir='ltr'>κανὼν</span> <span class='ocrx_word' id='word_1_579' title='bbox 3081 3903 3177 3969; x_wconf 84' lang='grc' dir='ltr'>τῆς</span> <span class='ocrx_word' id='word_1_580' title='bbox 3204 3904 3260 3953; x_wconf 84' lang='grc' dir='ltr'>ὲν</span> <span class='ocrx_word' id='word_1_581' title='bbox 3306 3900 3641 3971; x_wconf 74' lang='grc' dir='ltr'>Καρθαγένῃ</span> <span class='ocrx_word' id='word_1_582' title='bbox 3686 3920 3804 3952; x_wconf 77' lang='grc' dir='ltr'>συν-</span> 
     </span>
    </p>
   </div>
   <div class='ocr_carea' id='block_1_85' title="bbox 2243 3990 3807 4063">
    <p class='ocr_par' dir='ltr' id='par_1_85' title="bbox 2243 3990 3807 4063">
     <span class='ocr_line' id='line_1_85' title="bbox 2243 3990 3807 4063; baseline -0.006 -14"><span class='ocrx_word' id='word_1_583' title='bbox 2243 3997 2383 4059; x_wconf 88' lang='grc' dir='ltr'>όδου,</span> <span class='ocrx_word' id='word_1_584' title='bbox 2418 3995 2602 4063; x_wconf 82' lang='grc' dir='ltr'>φησὶν,</span> <span class='ocrx_word' id='word_1_585' title='bbox 2638 3993 2965 4044; x_wconf 84' lang='grc' dir='ltr'>Ἐπίσκοπον</span> <span class='ocrx_word' id='word_1_586' title='bbox 2991 3992 3083 4044; x_wconf 75' lang='grc' dir='ltr'><strong>καὶ</strong></span> <span class='ocrx_word' id='word_1_587' title='bbox 3118 3990 3479 4058; x_wconf 80' lang='grc' dir='ltr'>πρεσϐύτερον</span> <span class='ocrx_word' id='word_1_588' title='bbox 3510 3992 3607 4041; x_wconf 81' lang='grc' dir='ltr'><strong>καὶ</strong></span> <span class='ocrx_word' id='word_1_589' title='bbox 3630 3990 3807 4041; x_wconf 67' lang='grc' dir='ltr'>διακο-</span> 
     </span>
    </p>
   </div>
   <div class='ocr_carea' id='block_1_86' title="bbox 2244 4080 3803 4153">
    <p class='ocr_par' dir='ltr' id='par_1_86' title="bbox 2244 4080 3803 4153">
     <span class='ocr_line' id='line_1_86' title="bbox 2244 4080 3803 4153; baseline -0.004 -16"><span class='ocrx_word' id='word_1_590' title='bbox 2244 4102 2332 4137; x_wconf 94' lang='grc' dir='ltr'><strong>νον</strong></span> <span class='ocrx_word' id='word_1_591' title='bbox 2363 4085 2436 4153; x_wconf 84' lang='grc' dir='ltr'>μὴ</span> <span class='ocrx_word' id='word_1_592' title='bbox 2474 4081 2893 4152; x_wconf 84' lang='grc' dir='ltr'>χειροτονεῖσθαι</span> <span class='ocrx_word' id='word_1_593' title='bbox 2937 4081 3066 4149; x_wconf 74' lang='grc' dir='ltr'>πρὶν</span> <span class='ocrx_word' id='word_1_594' title='bbox 3103 4082 3311 4141; x_wconf 76' lang='grc' dir='ltr'>πάντας</span> <span class='ocrx_word' id='word_1_595' title='bbox 3332 4081 3451 4140; x_wconf 79' lang='grc' dir='ltr'>τοὺς</span> <span class='ocrx_word' id='word_1_596' title='bbox 3475 4082 3530 4130; x_wconf 79' lang='grc' dir='ltr'><strong>ὲν</strong></span> <span class='ocrx_word' id='word_1_597' title='bbox 3554 4080 3638 4147; x_wconf 77' lang='grc' dir='ltr'>τῷ</span> <span class='ocrx_word' id='word_1_598' title='bbox 3670 4082 3803 4145; x_wconf 73' lang='grc' dir='ltr'><strong>οἴκῳ</strong></span> 
     </span>
    </p>
   </div>
   <div class='ocr_carea' id='block_1_87' title="bbox 2245 4170 3803 4247">
    <p class='ocr_par' dir='ltr' id='par_1_87' title="bbox 2245 4170 3803 4247">
     <span class='ocr_line' id='line_1_87' title="bbox 2245 4170 3803 4247; baseline -0.006 -15"><span class='ocrx_word' id='word_1_599' title='bbox 2245 4178 2419 4232; x_wconf 83' lang='grc' dir='ltr'>αὐτῶν</span> <span class='ocrx_word' id='word_1_600' title='bbox 2448 4176 2750 4247; x_wconf 77' lang='grc' dir='ltr'>όρθοδόξους</span> <span class='ocrx_word' id='word_1_601' title='bbox 2776 4174 3130 4242; x_wconf 78' lang='grc' dir='ltr'>Χριστιανοὺς</span> <span class='ocrx_word' id='word_1_602' title='bbox 3156 4174 3490 4242; x_wconf 72' lang='grc' dir='ltr'>ποιήσουσιν.</span> <span class='ocrx_word' id='word_1_603' title='bbox 3553 4172 3617 4224; x_wconf 86' lang='lat'><strong>&#39;0</strong></span> <span class='ocrx_word' id='word_1_604' title='bbox 3660 4173 3722 4223; x_wconf 74' lang='grc' dir='ltr'><strong>δὲ</strong></span> <span class='ocrx_word' id='word_1_605' title='bbox 3763 4170 3803 4237; x_wconf 78' lang='grc' dir='ltr'><strong>β’</strong></span> 
     </span>
    </p>
   </div>
   <div class='ocr_carea' id='block_1_88' title="bbox 2246 4263 3803 4337">
    <p class='ocr_par' dir='ltr' id='par_1_88' title="bbox 2246 4263 3803 4337">
     <span class='ocr_line' id='line_1_88' title="bbox 2246 4263 3803 4337; baseline -0.006 -15"><span class='ocrx_word' id='word_1_606' title='bbox 2246 4267 2423 4323; x_wconf 83' lang='grc' dir='ltr'>κανὼν</span> <span class='ocrx_word' id='word_1_607' title='bbox 2462 4268 2559 4337; x_wconf 80' lang='grc' dir='ltr'>τῆς</span> <span class='ocrx_word' id='word_1_608' title='bbox 2603 4269 2658 4318; x_wconf 82' lang='grc' dir='ltr'>ὲν</span> <span class='ocrx_word' id='word_1_609' title='bbox 2697 4265 2773 4334; x_wconf 84' lang='grc' dir='ltr'>τῷ</span> <span class='ocrx_word' id='word_1_610' title='bbox 2813 4264 3064 4333; x_wconf 76' lang='grc' dir='ltr'>Τροόλλῳ</span> <span class='ocrx_word' id='word_1_611' title='bbox 3101 4265 3261 4330; x_wconf 76' lang='grc' dir='ltr'>ἁγίας</span> <span class='ocrx_word' id='word_1_612' title='bbox 3293 4265 3385 4314; x_wconf 64' lang='grc' dir='ltr'><strong>καὶ</strong></span> <span class='ocrx_word' id='word_1_613' title='bbox 3410 4263 3803 4329; x_wconf 65' lang='grc' dir='ltr'>οίκουμενικῆς</span> 
     </span>
    </p>
   </div>
   <div class='ocr_carea' id='block_1_89' title="bbox 583 4352 2141 4443">
    <p class='ocr_par' dir='ltr' id='par_1_89' title="bbox 583 4368 2141 4439">
     <span class='ocr_line' id='line_1_89' title="bbox 583 4368 2141 4439; baseline -0.003 -15"><span class='ocrx_word' id='word_1_614' title='bbox 583 4379 739 4439; x_wconf 83' lang='lat' dir='ltr'><strong>parte</strong></span> <span class='ocrx_word' id='word_1_615' title='bbox 795 4368 987 4422; x_wconf 83' lang='lat' dir='ltr'><strong>deﬁnit</strong></span> <span class='ocrx_word' id='word_1_616' title='bbox 1039 4369 1337 4436; x_wconf 85' lang='lat' dir='ltr'><strong>expressim</strong></span> <span class='ocrx_word' id='word_1_617' title='bbox 1397 4385 1410 4421; x_wconf 90' lang='lat'><strong>:</strong></span> <span class='ocrx_word' id='word_1_618' title='bbox 1463 4368 1518 4421; x_wconf 94' lang='lat' dir='ltr'><strong>Si</strong></span> <span class='ocrx_word' id='word_1_619' title='bbox 1571 4378 1750 4422; x_wconf 89' lang='lat' dir='ltr'><strong>autem</strong></span> <span class='ocrx_word' id='word_1_620' title='bbox 1810 4370 1998 4438; x_wconf 88' lang='lat' dir='ltr'><strong>aliqui,</strong></span> <span class='ocrx_word' id='word_1_621' title='bbox 2051 4368 2141 4439; x_wconf 91' lang='lat' dir='ltr'><strong>qui</strong></span> 
     </span>
    </p>
   </div>
   <div class='ocr_carea' id='block_1_90' title="bbox 2249 4352 3804 4443">
    <p class='ocr_par' dir='ltr' id='par_1_90' title="bbox 2250 4352 3804 4425">
     <span class='ocr_line' id='line_1_90' title="bbox 2250 4352 3804 4425; baseline -0.008 -11"><span class='ocrx_word' id='word_1_622' title='bbox 2250 4360 2461 4414; x_wconf 83' lang='grc' dir='ltr'>συνόδου</span> <span class='ocrx_word' id='word_1_623' title='bbox 2484 4360 2772 4425; x_wconf 79' lang='grc' dir='ltr'>διορίζεται</span> <span class='ocrx_word' id='word_1_624' title='bbox 2802 4358 2857 4408; x_wconf 78' lang='grc' dir='ltr'><strong>ὲν</strong></span> <span class='ocrx_word' id='word_1_625' title='bbox 2885 4357 3039 4424; x_wconf 86' lang='grc' dir='ltr'>μέρει</span> <span class='ocrx_word' id='word_1_626' title='bbox 3068 4355 3235 4406; x_wconf 79' lang='grc' dir='ltr'>ταῦτα</span> <span class='ocrx_word' id='word_1_627' title='bbox 3265 4353 3458 4421; x_wconf 72' lang='grc' dir='ltr'>ῥητῶς,</span> <span class='ocrx_word' id='word_1_628' title='bbox 3482 4352 3541 4403; x_wconf 85' lang='lat' dir='ltr'><strong>El</strong></span> <span class='ocrx_word' id='word_1_629' title='bbox 3568 4352 3629 4403; x_wconf 78' lang='grc' dir='ltr'><em>δέ</em></span> <span class='ocrx_word' id='word_1_630' title='bbox 3662 4370 3804 4412; x_wconf 79' lang='grc' dir='ltr'>τινες</span> 
     </span>
    </p>
   </div>
   <div class='ocr_carea' id='block_1_91' title="bbox 589 4458 2140 4528">
    <p class='ocr_par' dir='ltr' id='par_1_91' title="bbox 589 4458 2140 4528">
     <span class='ocr_line' id='line_1_91' title="bbox 589 4458 2140 4528; baseline -0.001 -15"><span class='ocrx_word' id='word_1_631' title='bbox 589 4460 770 4514; x_wconf 88' lang='lat' dir='ltr'><strong>adhuc</strong></span> <span class='ocrx_word' id='word_1_632' title='bbox 814 4468 941 4514; x_wconf 87' lang='lat' dir='ltr'><strong>sunt</strong></span> <span class='ocrx_word' id='word_1_633' title='bbox 990 4458 1253 4521; x_wconf 75' lang='lat' dir='ltr'><strong>infideles,</strong></span> <span class='ocrx_word' id='word_1_634' title='bbox 1284 4466 1337 4513; x_wconf 87' lang='lat' dir='ltr'><strong>et</strong></span> <span class='ocrx_word' id='word_1_635' title='bbox 1382 4459 1433 4511; x_wconf 90' lang='lat' dir='ltr'><strong>in</strong></span> <span class='ocrx_word' id='word_1_636' title='bbox 1478 4460 1901 4513; x_wconf 87' lang='lat' dir='ltr'><strong>orthodoxormn</strong></span> <span class='ocrx_word' id='word_1_637' title='bbox 1931 4476 2140 4528; x_wconf 78' lang='lat' dir='ltr'><strong>gregem</strong></span> 
     </span>
    </p>
   </div>
   <div class='ocr_carea' id='block_1_92' title="bbox 583 4547 2142 4615">
    <p class='ocr_par' dir='ltr' id='par_1_92' title="bbox 583 4547 2142 4615">
     <span class='ocr_line' id='line_1_92' title="bbox 583 4547 2142 4615; baseline -0.001 -12"><span class='ocrx_word' id='word_1_638' title='bbox 583 4548 827 4603; x_wconf 83' lang='lat' dir='ltr'><strong>nondum</strong></span> <span class='ocrx_word' id='word_1_639' title='bbox 863 4548 1018 4601; x_wconf 89' lang='lat' dir='ltr'><strong>relati</strong></span> <span class='ocrx_word' id='word_1_640' title='bbox 1061 4556 1207 4609; x_wconf 89' lang='lat' dir='ltr'><strong>sunt,</strong></span> <span class='ocrx_word' id='word_1_641' title='bbox 1240 4547 1375 4601; x_wconf 87' lang='lat' dir='ltr'><strong>inter</strong></span> <span class='ocrx_word' id='word_1_642' title='bbox 1423 4563 1480 4601; x_wconf 89' lang='lat' dir='ltr'><strong>se</strong></span> <span class='ocrx_word' id='word_1_643' title='bbox 1527 4548 1767 4615; x_wconf 89' lang='lat' dir='ltr'><strong>legitimo</strong></span> <span class='ocrx_word' id='word_1_644' title='bbox 1800 4556 1925 4602; x_wconf 88' lang='lat' dir='ltr'><strong>sunt</strong></span> <span class='ocrx_word' id='word_1_645' title='bbox 1955 4550 2142 4601; x_wconf 89' lang='lat' dir='ltr'><strong>matri-</strong></span> 
     </span>
    </p>
   </div>
   <div class='ocr_carea' id='block_1_93' title="bbox 586 4638 2140 4706">
    <p class='ocr_par' dir='ltr' id='par_1_93' title="bbox 586 4638 2140 4706">
     <span class='ocr_line' id='line_1_93' title="bbox 586 4638 2140 4706; baseline -0.001 -14"><span class='ocrx_word' id='word_1_646' title='bbox 586 4640 774 4692; x_wconf 90' lang='lat' dir='ltr'><strong>monio</strong></span> <span class='ocrx_word' id='word_1_647' title='bbox 816 4638 1095 4704; x_wconf 85' lang='lat' dir='ltr'><strong>conjuncti</strong></span> <span class='ocrx_word' id='word_1_648' title='bbox 1144 4656 1157 4690; x_wconf 88' lang='lat'><strong>:</strong></span> <span class='ocrx_word' id='word_1_649' title='bbox 1203 4638 1398 4692; x_wconf 90' lang='lat' dir='ltr'><strong>deinde</strong></span> <span class='ocrx_word' id='word_1_650' title='bbox 1447 4638 1534 4691; x_wconf 90' lang='lat' dir='ltr'><strong>hic</strong></span> <span class='ocrx_word' id='word_1_651' title='bbox 1586 4638 1802 4706; x_wconf 84' lang='lat' dir='ltr'><strong>quidem</strong></span> <span class='ocrx_word' id='word_1_652' title='bbox 1849 4652 1952 4703; x_wconf 87' lang='lat' dir='ltr'><strong>eo,</strong></span> <span class='ocrx_word' id='word_1_653' title='bbox 2001 4638 2140 4706; x_wconf 91' lang='lat' dir='ltr'><strong>quod</strong></span> 
     </span>
    </p>
   </div>
   <div class='ocr_carea' id='block_1_94' title="bbox 584 4728 2141 4794">
    <p class='ocr_par' dir='ltr' id='par_1_94' title="bbox 584 4728 2141 4794">
     <span class='ocr_line' id='line_1_94' title="bbox 584 4728 2141 4794; baseline -0.001 -11"><span class='ocrx_word' id='word_1_654' title='bbox 584 4737 669 4783; x_wconf 88' lang='lat' dir='ltr'><strong>est</strong></span> <span class='ocrx_word' id='word_1_655' title='bbox 707 4730 989 4782; x_wconf 81' lang='lat' dir='ltr'><strong>honestum</strong></span> <span class='ocrx_word' id='word_1_656' title='bbox 1007 4738 1057 4794; x_wconf 65' lang='lat' dir='ltr'><strong>tt,</strong></span> <span class='ocrx_word' id='word_1_657' title='bbox 1092 4730 1287 4793; x_wconf 87' lang='lat' dir='ltr'><strong>electo,</strong></span> <span class='ocrx_word' id='word_1_658' title='bbox 1322 4729 1384 4781; x_wconf 90' lang='lat' dir='ltr'><strong>ad</strong></span> <span class='ocrx_word' id='word_1_659' title='bbox 1417 4730 1585 4782; x_wconf 90' lang='lat' dir='ltr'><strong>lucem</strong></span> <span class='ocrx_word' id='word_1_660' title='bbox 1616 4728 1862 4781; x_wconf 84' lang='lat' dir='ltr'><strong>veritatis</strong></span> <span class='ocrx_word' id='word_1_661' title='bbox 1892 4742 2141 4781; x_wconf 81' lang='lat' dir='ltr'><strong>accurre—</strong></span> 
     </span>
    </p>
   </div>
   <div class='ocr_carea' id='block_1_95' title="bbox 584 4815 2141 4880">
    <p class='ocr_par' dir='ltr' id='par_1_95' title="bbox 584 4815 2141 4880">
     <span class='ocr_line' id='line_1_95' title="bbox 584 4815 2141 4880; baseline -0.004 -8"><span class='ocrx_word' id='word_1_662' title='bbox 584 4820 655 4873; x_wconf 85' lang='lat' dir='ltr'><strong>rit</strong></span> <span class='ocrx_word' id='word_1_663' title='bbox 700 4836 712 4872; x_wconf 88' lang='lat'>:</span> <span class='ocrx_word' id='word_1_664' title='bbox 763 4819 854 4871; x_wconf 91' lang='lat' dir='ltr'><strong>ille</strong></span> <span class='ocrx_word' id='word_1_665' title='bbox 880 4833 1009 4871; x_wconf 92' lang='lat' dir='ltr'><strong>vero</strong></span> <span class='ocrx_word' id='word_1_666' title='bbox 1047 4818 1255 4873; x_wconf 91' lang='lat' dir='ltr'><strong>erroris</strong></span> <span class='ocrx_word' id='word_1_667' title='bbox 1283 4818 1498 4871; x_wconf 85' lang='lat' dir='ltr'><strong>vinculo</strong></span> <span class='ocrx_word' id='word_1_668' title='bbox 1536 4817 1786 4870; x_wconf 88' lang='lat' dir='ltr'><strong>detentus</strong></span> <span class='ocrx_word' id='word_1_669' title='bbox 1820 4815 2004 4880; x_wconf 80' lang='lat' dir='ltr'><strong>fuerit,</strong></span> <span class='ocrx_word' id='word_1_670' title='bbox 2042 4831 2141 4869; x_wconf 86' lang='lat' dir='ltr'><strong>no-</strong></span> 
     </span>
    </p>
   </div>
   <div class='ocr_carea' id='block_1_96' title="bbox 582 4905 2140 4969">
    <p class='ocr_par' dir='ltr' id='par_1_96' title="bbox 582 4905 2140 4969">
     <span class='ocr_line' id='line_1_96' title="bbox 582 4905 2140 4969; baseline -0.003 -7"><span class='ocrx_word' id='word_1_671' title='bbox 582 4910 704 4963; x_wconf 89' lang='lat' dir='ltr'><strong>lens</strong></span> <span class='ocrx_word' id='word_1_672' title='bbox 756 4908 971 4962; x_wconf 88' lang='lat' dir='ltr'><strong>divinos</strong></span> <span class='ocrx_word' id='word_1_673' title='bbox 1026 4909 1210 4962; x_wconf 88' lang='lat' dir='ltr'><strong>radios</strong></span> <span class='ocrx_word' id='word_1_674' title='bbox 1254 4908 1375 4960; x_wconf 84' lang='lat' dir='ltr'><strong>lixis</strong></span> <span class='ocrx_word' id='word_1_675' title='bbox 1420 4906 1593 4960; x_wconf 86' lang='lat' dir='ltr'><strong>oculis</strong></span> <span class='ocrx_word' id='word_1_676' title='bbox 1650 4906 1868 4969; x_wconf 90' lang='lat' dir='ltr'><strong>intueri,</strong></span> <span class='ocrx_word' id='word_1_677' title='bbox 1908 4913 1961 4959; x_wconf 90' lang='lat' dir='ltr'><strong>et</strong></span> <span class='ocrx_word' id='word_1_678' title='bbox 2001 4905 2140 4958; x_wconf 86' lang='lat' dir='ltr'><strong>tideli</strong></span> 
     </span>
    </p>
   </div>
   <div class='ocr_carea' id='block_1_97' title="bbox 587 4996 2141 5069">
    <p class='ocr_par' dir='ltr' id='par_1_97' title="bbox 587 4996 2141 5069">
     <span class='ocr_line' id='line_1_97' title="bbox 587 4996 2141 5069; baseline -0.003 -20"><span class='ocrx_word' id='word_1_679' title='bbox 587 5000 796 5069; x_wconf 87' lang='lat' dir='ltr'><strong>placeat</strong></span> <span class='ocrx_word' id='word_1_680' title='bbox 843 5012 966 5051; x_wconf 92' lang='lat' dir='ltr'><strong>cum</strong></span> <span class='ocrx_word' id='word_1_681' title='bbox 1015 4998 1217 5051; x_wconf 80' lang='lat' dir='ltr'><strong>inﬁdeli</strong></span> <span class='ocrx_word' id='word_1_682' title='bbox 1266 4996 1596 5057; x_wconf 86' lang='lat' dir='ltr'><strong>cohabitare,</strong></span> <span class='ocrx_word' id='word_1_683' title='bbox 1659 5011 1726 5050; x_wconf 86' lang='lat' dir='ltr'><strong>ne</strong></span> <span class='ocrx_word' id='word_1_684' title='bbox 1756 5013 1784 5049; x_wconf 88' lang='lat' dir='ltr'><strong>a</strong></span> <span class='ocrx_word' id='word_1_685' title='bbox 1820 5010 1877 5049; x_wconf 84' lang='lat' dir='ltr'><strong>se</strong></span> <span class='ocrx_word' id='word_1_686' title='bbox 1912 4996 2141 5048; x_wconf 88' lang='lat' dir='ltr'><strong>invicem</strong></span> 
     </span>
    </p>
   </div>
   <div class='ocr_carea' id='block_1_98' title="bbox 592 5084 2143 5153">
    <p class='ocr_par' dir='ltr' id='par_1_98' title="bbox 592 5084 2143 5153">
     <span class='ocr_line' id='line_1_98' title="bbox 592 5084 2143 5153; baseline -0.003 -13"><span class='ocrx_word' id='word_1_687' title='bbox 592 5096 934 5153; x_wconf 85' lang='lat' dir='ltr'><strong>separentur.</strong></span> <span class='ocrx_word' id='word_1_688' title='bbox 968 5084 1045 5138; x_wconf 88' lang='lat' dir='ltr'><strong>Ex</strong></span> <span class='ocrx_word' id='word_1_689' title='bbox 1077 5085 1244 5139; x_wconf 80' lang='lat' dir='ltr'><strong>divini</strong></span> <span class='ocrx_word' id='word_1_690' title='bbox 1272 5086 1411 5139; x_wconf 87' lang='lat' dir='ltr'><strong>enim</strong></span> <span class='ocrx_word' id='word_1_691' title='bbox 1441 5084 1591 5138; x_wconf 87' lang='lat' dir='ltr'><strong>Pauli</strong></span> <span class='ocrx_word' id='word_1_692' title='bbox 1623 5086 1907 5146; x_wconf 89' lang='lat' dir='ltr'><strong>sententia,</strong></span> <span class='ocrx_word' id='word_1_693' title='bbox 1942 5085 2143 5136; x_wconf 55' lang='lat' dir='ltr'><strong>sancti.</strong></span> 
     </span>
    </p>
   </div>
   <div class='ocr_carea' id='block_1_99' title="bbox 590 5175 2144 5238">
    <p class='ocr_par' dir='ltr' id='par_1_99' title="bbox 590 5175 2144 5238">
     <span class='ocr_line' id='line_1_99' title="bbox 590 5175 2144 5238; baseline -0.004 -8"><span class='ocrx_word' id='word_1_694' title='bbox 590 5176 784 5230; x_wconf 77' lang='lat' dir='ltr'><strong>ﬂeatus</strong></span> <span class='ocrx_word' id='word_1_695' title='bbox 802 5186 883 5230; x_wconf 88' lang='lat' dir='ltr'><strong>est</strong></span> <span class='ocrx_word' id='word_1_696' title='bbox 905 5178 984 5231; x_wconf 90' lang='lat' dir='ltr'><strong>vir</strong></span> <span class='ocrx_word' id='word_1_697' title='bbox 1019 5176 1254 5231; x_wconf 78' lang='lat' dir='ltr'><strong>inﬁdelis</strong></span> <span class='ocrx_word' id='word_1_698' title='bbox 1282 5177 1334 5229; x_wconf 89' lang='lat' dir='ltr'><strong>in</strong></span> <span class='ocrx_word' id='word_1_699' title='bbox 1360 5177 1602 5238; x_wconf 80' lang='lat' dir='ltr'><strong>muliere,</strong></span> <span class='ocrx_word' id='word_1_700' title='bbox 1624 5186 1677 5228; x_wconf 91' lang='lat' dir='ltr'><strong>et</strong></span> <span class='ocrx_word' id='word_1_701' title='bbox 1704 5175 2035 5228; x_wconf 76' lang='lat' dir='ltr'><strong>sanctificata</strong></span> <span class='ocrx_word' id='word_1_702' title='bbox 2062 5182 2144 5227; x_wconf 89' lang='lat' dir='ltr'><strong>est</strong></span> 
     </span>
    </p>
   </div>
   <div class='ocr_carea' id='block_1_100' title="bbox 596 5263 2134 5332">
    <p class='ocr_par' dir='ltr' id='par_1_100' title="bbox 596 5263 2134 5332">
     <span class='ocr_line' id='line_1_100' title="bbox 596 5263 2134 5332; baseline -0.003 -14"><span class='ocrx_word' id='word_1_703' title='bbox 596 5266 794 5320; x_wconf 86' lang='lat' dir='ltr'><strong>mulier</strong></span> <span class='ocrx_word' id='word_1_704' title='bbox 823 5266 1052 5321; x_wconf 77' lang='lat' dir='ltr'><strong>infidelis</strong></span> <span class='ocrx_word' id='word_1_705' title='bbox 1082 5267 1135 5319; x_wconf 88' lang='lat' dir='ltr'><strong>in</strong></span> <span class='ocrx_word' id='word_1_706' title='bbox 1169 5268 1307 5321; x_wconf 88' lang='lat' dir='ltr'><strong>viro.</strong></span> <span class='ocrx_word' id='word_1_707' title='bbox 1338 5266 1784 5320; x_wconf 83' lang='lat' dir='ltr'><strong>Contrarietatem</strong></span> <span class='ocrx_word' id='word_1_708' title='bbox 1813 5265 1976 5332; x_wconf 90' lang='lat' dir='ltr'><strong>igitur</strong></span> <span class='ocrx_word' id='word_1_709' title='bbox 2002 5263 2134 5316; x_wconf 89' lang='lat' dir='ltr'><strong>duo-</strong></span> 
     </span>
    </p>
   </div>
   <div class='ocr_carea' id='block_1_101' title="bbox 587 5353 2139 5427">
    <p class='ocr_par' dir='ltr' id='par_1_101' title="bbox 587 5353 2139 5427">
     <span class='ocr_line' id='line_1_101' title="bbox 587 5353 2139 5427; baseline -0.004 -18"><span class='ocrx_word' id='word_1_710' title='bbox 587 5370 708 5409; x_wconf 90' lang='lat' dir='ltr'><strong>rum</strong></span> <span class='ocrx_word' id='word_1_711' title='bbox 761 5371 1049 5421; x_wconf 90' lang='lat' dir='ltr'><strong>canonum,</strong></span> <span class='ocrx_word' id='word_1_712' title='bbox 1095 5372 1214 5427; x_wconf 73' lang='lat' dir='ltr'><strong>qua:</strong></span> <span class='ocrx_word' id='word_1_713' title='bbox 1264 5371 1387 5412; x_wconf 82' lang='lat' dir='ltr'><strong>esse</strong></span> <span class='ocrx_word' id='word_1_714' title='bbox 1435 5356 1669 5419; x_wconf 89' lang='lat' dir='ltr'><strong>videtur,</strong></span> <span class='ocrx_word' id='word_1_715' title='bbox 1719 5355 1975 5409; x_wconf 86' lang='lat' dir='ltr'><strong>canonice</strong></span> <span class='ocrx_word' id='word_1_716' title='bbox 2028 5353 2139 5405; x_wconf 90' lang='lat' dir='ltr'><strong>sol-</strong></span> 
     </span>
    </p>
   </div>
   <div class='ocr_carea' id='block_1_102' title="bbox 2248 4440 3806 4515">
    <p class='ocr_par' dir='ltr' id='par_1_102' title="bbox 2248 4440 3806 4515">
     <span class='ocr_line' id='line_1_102' title="bbox 2248 4440 3806 4515; baseline -0.006 -14"><span class='ocrx_word' id='word_1_717' title='bbox 2248 4447 2327 4501; x_wconf 67' lang='grc' dir='ltr'>ἔτι</span> <span class='ocrx_word' id='word_1_718' title='bbox 2366 4450 2421 4499; x_wconf 77' lang='grc' dir='ltr'>ὲν</span> <span class='ocrx_word' id='word_1_719' title='bbox 2459 4449 2524 4515; x_wconf 79' lang='grc' dir='ltr'>τῇ</span> <span class='ocrx_word' id='word_1_720' title='bbox 2559 4444 2780 4514; x_wconf 75' lang='grc' dir='ltr'>ἀπιστίᾳ</span> <span class='ocrx_word' id='word_1_721' title='bbox 2830 4444 3201 4511; x_wconf 83' lang='grc' dir='ltr'>τυγχάνοντες,</span> <span class='ocrx_word' id='word_1_722' title='bbox 3246 4443 3337 4493; x_wconf 74' lang='grc' dir='ltr'>καὶ</span> <span class='ocrx_word' id='word_1_723' title='bbox 3393 4440 3541 4491; x_wconf 76' lang='grc' dir='ltr'>οὔπω</span> <span class='ocrx_word' id='word_1_724' title='bbox 3584 4444 3660 4507; x_wconf 72' lang='grc' dir='ltr'>τῇ</span> <span class='ocrx_word' id='word_1_725' title='bbox 3701 4441 3806 4491; x_wconf 73' lang='grc' dir='ltr'>τῶν</span> 
     </span>
    </p>
   </div>
   <div class='ocr_carea' id='block_1_103' title="bbox 2242 4528 3804 4605">
    <p class='ocr_par' dir='ltr' id='par_1_103' title="bbox 2242 4528 3804 4605">
     <span class='ocr_line' id='line_1_103' title="bbox 2242 4528 3804 4605; baseline -0.01 -17"><span class='ocrx_word' id='word_1_726' title='bbox 2242 4535 2534 4605; x_wconf 82' lang='grc' dir='ltr'>όρθοδόξων</span> <span class='ocrx_word' id='word_1_727' title='bbox 2581 4532 3034 4600; x_wconf 76' lang='grc' dir='ltr'>ὲγκαταλεγέντες</span> <span class='ocrx_word' id='word_1_728' title='bbox 3068 4530 3288 4597; x_wconf 80' lang='grc' dir='ltr'>ποίμνῃ,</span> <span class='ocrx_word' id='word_1_729' title='bbox 3343 4528 3587 4595; x_wconf 76' lang='grc' dir='ltr'>ἀλλήλοις</span> <span class='ocrx_word' id='word_1_730' title='bbox 3636 4530 3804 4595; x_wconf 71' lang='grc' dir='ltr'>γάμῳ</span> 
     </span>
    </p>
   </div>
   <div class='ocr_carea' id='block_1_104' title="bbox 2242 4618 3805 4695">
    <p class='ocr_par' dir='ltr' id='par_1_104' title="bbox 2242 4618 3805 4695">
     <span class='ocr_line' id='line_1_104' title="bbox 2242 4618 3805 4695; baseline -0.004 -16"><span class='ocrx_word' id='word_1_731' title='bbox 2242 4626 2457 4695; x_wconf 85' lang='grc' dir='ltr'>νομίμῳ</span> <span class='ocrx_word' id='word_1_732' title='bbox 2498 4625 2849 4695; x_wconf 83' lang='grc' dir='ltr'>ήρμόσθησαν</span> <span class='ocrx_word' id='word_1_733' title='bbox 2878 4640 2892 4654; x_wconf 78' lang='grc' dir='ltr'><strong>ο</strong></span> <span class='ocrx_word' id='word_1_734' title='bbox 2926 4618 3042 4674; x_wconf 78' lang='grc' dir='ltr'>εἶτα</span> <span class='ocrx_word' id='word_1_735' title='bbox 3073 4623 3099 4673; x_wconf 90' lang='lat'><strong>6</strong></span> <span class='ocrx_word' id='word_1_736' title='bbox 3132 4622 3230 4689; x_wconf 83' lang='grc' dir='ltr'>μὲν</span> <span class='ocrx_word' id='word_1_737' title='bbox 3282 4622 3343 4673; x_wconf 79' lang='grc' dir='ltr'>τὸ</span> <span class='ocrx_word' id='word_1_738' title='bbox 3387 4620 3545 4671; x_wconf 80' lang='grc' dir='ltr'>καλὸν</span> <span class='ocrx_word' id='word_1_739' title='bbox 3577 4621 3805 4683; x_wconf 40' lang='lat' dir='ltr'><strong>una»</strong></span> 
     </span>
    </p>
   </div>
   <div class='ocr_carea' id='block_1_105' title="bbox 2246 4709 3803 4785">
    <p class='ocr_par' dir='ltr' id='par_1_105' title="bbox 2246 4709 3803 4785">
     <span class='ocr_line' id='line_1_105' title="bbox 2246 4709 3803 4785; baseline -0.004 -18"><span class='ocrx_word' id='word_1_740' title='bbox 2246 4730 2423 4785; x_wconf 88' lang='grc' dir='ltr'>μενος,</span> <span class='ocrx_word' id='word_1_741' title='bbox 2468 4716 2544 4782; x_wconf 83' lang='grc' dir='ltr'><strong>τῷ</strong></span> <span class='ocrx_word' id='word_1_742' title='bbox 2593 4714 2729 4781; x_wconf 82' lang='grc' dir='ltr'>φωτὶ</span> <span class='ocrx_word' id='word_1_743' title='bbox 2770 4713 2865 4780; x_wconf 80' lang='grc' dir='ltr'>τῆς</span> <span class='ocrx_word' id='word_1_744' title='bbox 2908 4709 3163 4778; x_wconf 80' lang='grc' dir='ltr'>ἀληθείας</span> <span class='ocrx_word' id='word_1_745' title='bbox 3229 4711 3598 4778; x_wconf 80' lang='grc' dir='ltr'>προσέδραμεν</span> <span class='ocrx_word' id='word_1_746' title='bbox 3635 4727 3651 4740; x_wconf 88' lang='grc'><strong>·</strong></span> <span class='ocrx_word' id='word_1_747' title='bbox 3690 4713 3719 4761; x_wconf 90' lang='lat'><strong>6</strong></span> <span class='ocrx_word' id='word_1_748' title='bbox 3754 4714 3803 4761; x_wconf 74' lang='grc' dir='ltr'><strong>δὲ</strong></span> 
     </span>
    </p>
   </div>
   <div class='ocr_carea' id='block_1_106' title="bbox 2243 4800 3802 4871">
    <p class='ocr_par' dir='ltr' id='par_1_106' title="bbox 2243 4800 3802 4871">
     <span class='ocr_line' id='line_1_106' title="bbox 2243 4800 3802 4871; baseline -0.005 -12"><span class='ocrx_word' id='word_1_749' title='bbox 2243 4807 2345 4859; x_wconf 81' lang='grc' dir='ltr'><strong>ὑπὸ</strong></span> <span class='ocrx_word' id='word_1_750' title='bbox 2372 4805 2465 4858; x_wconf 80' lang='grc' dir='ltr'>τοῦ</span> <span class='ocrx_word' id='word_1_751' title='bbox 2495 4804 2591 4871; x_wconf 87' lang='grc' dir='ltr'>τῆς</span> <span class='ocrx_word' id='word_1_752' title='bbox 2618 4803 2821 4868; x_wconf 84' lang='grc' dir='ltr'>πλάνης</span> <span class='ocrx_word' id='word_1_753' title='bbox 2851 4801 3153 4867; x_wconf 82' lang='grc' dir='ltr'>κατεσχέθη</span> <span class='ocrx_word' id='word_1_754' title='bbox 3178 4800 3394 4867; x_wconf 84' lang='grc' dir='ltr'>δεσμοῦ,</span> <span class='ocrx_word' id='word_1_755' title='bbox 3430 4800 3502 4867; x_wconf 79' lang='grc' dir='ltr'>μὴ</span> <span class='ocrx_word' id='word_1_756' title='bbox 3531 4803 3673 4867; x_wconf 66' lang='grc' dir='ltr'>πρὸς</span> <span class='ocrx_word' id='word_1_757' title='bbox 3711 4807 3802 4860; x_wconf 70' lang='grc' dir='ltr'>τὰς</span> 
     </span>
    </p>
   </div>
   <div class='ocr_carea' id='block_1_107' title="bbox 2244 4889 3801 4957">
    <p class='ocr_par' dir='ltr' id='par_1_107' title="bbox 2244 4889 3801 4957">
     <span class='ocr_line' id='line_1_107' title="bbox 2244 4889 3801 4957; baseline -0.008 -8"><span class='ocrx_word' id='word_1_758' title='bbox 2244 4896 2389 4956; x_wconf 84' lang='grc' dir='ltr'>θείας</span> <span class='ocrx_word' id='word_1_759' title='bbox 2437 4894 2678 4947; x_wconf 84' lang='grc' dir='ltr'>ἀτενίσαι</span> <span class='ocrx_word' id='word_1_760' title='bbox 2724 4893 2943 4949; x_wconf 79' lang='grc' dir='ltr'>ἀκτῖνας</span> <span class='ocrx_word' id='word_1_761' title='bbox 2999 4890 3286 4957; x_wconf 81' lang='grc' dir='ltr'>ἐλόμενος·</span> <span class='ocrx_word' id='word_1_762' title='bbox 3355 4889 3561 4940; x_wconf 76' lang='grc' dir='ltr'>εὐδοκεί</span> <span class='ocrx_word' id='word_1_763' title='bbox 3606 4889 3672 4941; x_wconf 82' lang='grc' dir='ltr'><strong>δὲ</strong></span> <span class='ocrx_word' id='word_1_764' title='bbox 3725 4891 3801 4955; x_wconf 72' lang='grc' dir='ltr'>τῷ</span> 
     </span>
    </p>
   </div>
   <div class='ocr_carea' id='block_1_108' title="bbox 2245 4978 3799 5052">
    <p class='ocr_par' dir='ltr' id='par_1_108' title="bbox 2245 4978 3799 5052">
     <span class='ocr_line' id='line_1_108' title="bbox 2245 4978 3799 5052; baseline -0.009 -15"><span class='ocrx_word' id='word_1_765' title='bbox 2245 4983 2418 5052; x_wconf 82' lang='grc' dir='ltr'>πιστῷ</span> <span class='ocrx_word' id='word_1_766' title='bbox 2442 4984 2475 5051; x_wconf 78' lang='grc' dir='ltr'>ὴ</span> <span class='ocrx_word' id='word_1_767' title='bbox 2509 4984 2752 5043; x_wconf 79' lang='grc' dir='ltr'>ἄπιστος,</span> <span class='ocrx_word' id='word_1_768' title='bbox 2787 4980 2819 5051; x_wconf 80' lang='grc' dir='ltr'>ἢ</span> <span class='ocrx_word' id='word_1_769' title='bbox 2849 4980 2910 5031; x_wconf 81' lang='grc' dir='ltr'>τὸ</span> <span class='ocrx_word' id='word_1_770' title='bbox 2942 4978 3164 5031; x_wconf 82' lang='grc' dir='ltr'>ἔκπαλιν</span> <span class='ocrx_word' id='word_1_771' title='bbox 3200 4981 3227 5029; x_wconf 87' lang='grc' dir='ltr'><em>ὸ</em></span> <span class='ocrx_word' id='word_1_772' title='bbox 3258 4978 3478 5037; x_wconf 75' lang='grc' dir='ltr'>ἄπιστος</span> <span class='ocrx_word' id='word_1_773' title='bbox 3528 4978 3799 5025; x_wconf 73' lang='grc' dir='ltr'>συνοικεῖν</span> 
     </span>
    </p>
   </div>
   <div class='ocr_carea' id='block_1_109' title="bbox 2243 5066 3797 5146">
    <p class='ocr_par' dir='ltr' id='par_1_109' title="bbox 2243 5066 3797 5146">
     <span class='ocr_line' id='line_1_109' title="bbox 2243 5066 3797 5146; baseline -0.009 -17"><span class='ocrx_word' id='word_1_774' title='bbox 2243 5080 2308 5146; x_wconf 82' lang='grc' dir='ltr'>τῇ</span> <span class='ocrx_word' id='word_1_775' title='bbox 2352 5076 2515 5142; x_wconf 75' lang='grc' dir='ltr'>πιστῇ</span> <span class='ocrx_word' id='word_1_776' title='bbox 2548 5090 2561 5104; x_wconf 81' lang='grc'><em>’</em></span> <span class='ocrx_word' id='word_1_777' title='bbox 2606 5071 2678 5140; x_wconf 85' lang='grc' dir='ltr'>μὴ</span> <span class='ocrx_word' id='word_1_778' title='bbox 2708 5069 3044 5139; x_wconf 72' lang='grc' dir='ltr'>χωριζέσθω,</span> <span class='ocrx_word' id='word_1_779' title='bbox 3076 5068 3213 5119; x_wconf 84' lang='grc' dir='ltr'><strong>κατά</strong></span> <span class='ocrx_word' id='word_1_780' title='bbox 3261 5066 3349 5117; x_wconf 73' lang='grc' dir='ltr'>τὸν</span> <span class='ocrx_word' id='word_1_781' title='bbox 3398 5066 3535 5117; x_wconf 84' lang='grc' dir='ltr'>θεῖον</span> <span class='ocrx_word' id='word_1_782' title='bbox 3561 5066 3797 5116; x_wconf 72' lang='grc' dir='ltr'>ἀπόστε-</span> 
     </span>
    </p>
   </div>
   <div class='ocr_carea' id='block_1_110' title="bbox 2244 5155 3798 5229">
    <p class='ocr_par' dir='ltr' id='par_1_110' title="bbox 2244 5155 3798 5229">
     <span class='ocr_line' id='line_1_110' title="bbox 2244 5155 3798 5229; baseline -0.012 -11"><span class='ocrx_word' id='word_1_783' title='bbox 2244 5168 2353 5218; x_wconf 69' lang='grc' dir='ltr'>λον.</span> <span class='ocrx_word' id='word_1_784' title='bbox 2421 5163 2707 5229; x_wconf 85' lang='grc' dir='ltr'>Ἠγίασται</span> <span class='ocrx_word' id='word_1_785' title='bbox 2754 5163 2860 5228; x_wconf 77' lang='grc' dir='ltr'>γὰρ</span> <span class='ocrx_word' id='word_1_786' title='bbox 2888 5162 2916 5211; x_wconf 92' lang='grc' dir='ltr'><strong>ό</strong></span> <span class='ocrx_word' id='word_1_787' title='bbox 2948 5159 3171 5219; x_wconf 82' lang='grc' dir='ltr'>ἄπιστος</span> <span class='ocrx_word' id='word_1_788' title='bbox 3203 5157 3339 5225; x_wconf 79' lang='grc' dir='ltr'>ἀνὴρ</span> <span class='ocrx_word' id='word_1_789' title='bbox 3370 5158 3426 5206; x_wconf 78' lang='grc' dir='ltr'>ὲν</span> <span class='ocrx_word' id='word_1_790' title='bbox 3454 5157 3518 5222; x_wconf 72' lang='grc' dir='ltr'>τῇ</span> <span class='ocrx_word' id='word_1_791' title='bbox 3550 5155 3798 5217; x_wconf 68' lang='grc' dir='ltr'>γυναικὶ,</span> 
     </span>
    </p>
   </div>
   <div class='ocr_carea' id='block_1_111' title="bbox 2254 5242 3793 5324">
    <p class='ocr_par' dir='ltr' id='par_1_111' title="bbox 2254 5242 3793 5324">
     <span class='ocr_line' id='line_1_111' title="bbox 2254 5242 3793 5324; baseline -0.02 -1"><span class='ocrx_word' id='word_1_792' title='bbox 2254 5257 2285 5324; x_wconf 86' lang='grc' dir='ltr'>ἣ</span> <span class='ocrx_word' id='word_1_793' title='bbox 2320 5255 2572 5323; x_wconf 79' lang='grc' dir='ltr'>ἡγίασται</span> <span class='ocrx_word' id='word_1_794' title='bbox 2607 5253 2640 5321; x_wconf 76' lang='grc' dir='ltr'>ἡ</span> <span class='ocrx_word' id='word_1_795' title='bbox 2673 5251 2896 5310; x_wconf 77' lang='grc' dir='ltr'>ἄπιστος</span> <span class='ocrx_word' id='word_1_796' title='bbox 2926 5248 3060 5317; x_wconf 76' lang='grc' dir='ltr'>γυνὴ</span> <span class='ocrx_word' id='word_1_797' title='bbox 3100 5250 3155 5299; x_wconf 80' lang='grc' dir='ltr'>ἐν</span> <span class='ocrx_word' id='word_1_798' title='bbox 3188 5245 3264 5313; x_wconf 78' lang='grc' dir='ltr'>τῷ</span> <span class='ocrx_word' id='word_1_799' title='bbox 3303 5245 3479 5311; x_wconf 85' lang='grc' dir='ltr'>ἀνδρί.</span> <span class='ocrx_word' id='word_1_800' title='bbox 3518 5242 3629 5311; x_wconf 80' lang='grc' dir='ltr'><strong>Τὴν</strong></span> <span class='ocrx_word' id='word_1_801' title='bbox 3664 5244 3793 5294; x_wconf 78' lang='grc' dir='ltr'>ἀνα-</span> 
     </span>
    </p>
   </div>
   <div class='ocr_carea' id='block_1_112' title="bbox 2248 5333 3791 5415">
    <p class='ocr_par' dir='ltr' id='par_1_112' title="bbox 2248 5333 3791 5415">
     <span class='ocr_line' id='line_1_112' title="bbox 2248 5333 3791 5415; baseline -0.01 -16"><span class='ocrx_word' id='word_1_802' title='bbox 2248 5346 2573 5415; x_wconf 80' lang='grc' dir='ltr'>φαινομένην</span> <span class='ocrx_word' id='word_1_803' title='bbox 2615 5340 2705 5394; x_wconf 78' lang='grc' dir='ltr'><strong>οὖν</strong></span> <span class='ocrx_word' id='word_1_804' title='bbox 2734 5341 3075 5407; x_wconf 69' lang='grc' dir='ltr'>ἐναντιότητα</span> <span class='ocrx_word' id='word_1_805' title='bbox 3132 5335 3238 5388; x_wconf 83' lang='grc' dir='ltr'><strong>τῶν</strong></span> <span class='ocrx_word' id='word_1_806' title='bbox 3269 5335 3361 5387; x_wconf 86' lang='grc' dir='ltr'><strong>δύο</strong></span> <span class='ocrx_word' id='word_1_807' title='bbox 3402 5333 3603 5386; x_wconf 85' lang='grc' dir='ltr'>τούτων</span> <span class='ocrx_word' id='word_1_808' title='bbox 3632 5334 3791 5385; x_wconf 71' lang='grc' dir='ltr'>κανό-</span> 
     </span>
    </p>
   </div>
   <div class='ocr_carea' id='block_1_113' title="bbox 1868 5496 2544 5559">
    <p class='ocr_par' dir='ltr' id='par_1_113' title="bbox 1868 5496 2544 5559">
     <span class='ocr_line' id='line_1_113' title="bbox 1868 5496 2544 5559; baseline -0.004 -3"><span class='ocrx_word' id='word_1_809' title='bbox 1868 5502 2101 5559; x_wconf 75' lang='lat' dir='ltr'><strong>VARI/E</strong></span> <span class='ocrx_word' id='word_1_810' title='bbox 2134 5496 2544 5557; x_wconf 73' lang='lat' dir='ltr'><strong>LECTIONES.</strong></span> 
     </span>
    </p>
   </div>
   <div class='ocr_carea' id='block_1_114' title="bbox 662 5599 1183 5662">
    <p class='ocr_par' dir='ltr' id='par_1_114' title="bbox 662 5599 1183 5662">
     <span class='ocr_line' id='line_1_114' title="bbox 662 5599 1183 5662; baseline 0.006 -12"><span class='ocrx_word' id='word_1_811' title='bbox 662 5601 706 5633; x_wconf 76' lang='grc'><strong><em>³⁸</em></strong></span> <span class='ocrx_word' id='word_1_812' title='bbox 732 5599 1183 5662; x_wconf 74' lang='grc' dir='ltr'>Βαλιντινιανούς.</span> 
     </span>
    </p>
   </div>
   <div class='ocr_carea' id='block_1_115' title="bbox 662 5717 1230 5787">
    <p class='ocr_par' dir='ltr' id='par_1_115' title="bbox 662 5717 1230 5787">
     <span class='ocr_line' id='line_1_115' title="bbox 662 5717 1230 5787; baseline -0.007 -16"><span class='ocrx_word' id='word_1_813' title='bbox 662 5717 853 5787; x_wconf 66' lang='grc' dir='ltr'><strong>ιᾳκοά</strong></span> <span class='ocrx_word' id='word_1_814' title='bbox 899 5717 1085 5769; x_wconf 83' lang='lat' dir='ltr'><strong>bonum</strong></span> <span class='ocrx_word' id='word_1_815' title='bbox 1134 5723 1230 5769; x_wconf 78' lang='lat' dir='ltr'><strong>at.</strong></span> 
     </span>
    </p>
   </div>
  </div>
