3914 6332
167 398 273 462 985

975 404 1352 464 llESl‘ONS.\
1381 408 1496 470 AD
1537 406 2263 470 ιΝΤΕιιιιΟοΑΤιΟΝΕΞ
2303 409 2556 472 ΜΛΗΕῘ.

3231 415 3333 477 936

162 539 269 574 νων
307 520 597 581 ιιανονικῶς⁵
618 522 854 586 λύοντες,
883 523 1106 589 λέγομεν
1135 528 1234 590 ὅτι,
1265 529 1292 576 ὁ
1317 530 1410 594 μὲν
1444 531 1506 580 ὲκ
1551 545 1699 594 γενε-

1807 541 2009 593 ventes,
2050 532 2281 587 dicimus
2313 550 2459 598 eum,
2494 535 2582 602 qui
2624 550 2744 590 cum
2778 550 2808 590 a
2839 534 3116 593 nativitate
3146 541 3332 594 ortho-

166 614 261 678 τῆς
307 609 381 663 ῶν
418 611 685 681 ὀρθόδοξος
714 655 728 677 ,
794 615 928 682 μετὰ
967 617 1217 680 γυναικὸς
1262 619 1533 685 αἱρετικῆς
1578 635 1699 670 συν-

158 704 371 766 αφθεξ,
407 704 503 754 ούκ
530 703 782 773 ἀξιωθείη
811 700 1154 773 κληρώσεως,
1188 708 1235 758 εί
1267 707 1340 774 μὴ
1374 707 1464 758 καὶ
1492 709 1613 770 τοὺς
1643 713 1700 760 ἐν

159 793 238 862 τῷ
274 793 405 861 οἴκῳ
434 793 594 846 αὑτοῦ
625 794 834 861 ποιήσει
855 794 1160 860 ὁρθιξδὸξους
1187 796 1533 864 Χριστιανούς
1556 813 1571 827 ·
1617 797 1698 849 ὅτι

158 883 255 932 καὶ
311 883 403 949 τῆς
458 881 906 948 ἐκκλησιαστικῆς
951 883 1349 949 κεχωρισμένος
1408 883 1521 934 ἐστὶ
1577 901 1697 936 συν-

158 973 352 1034 άξεως,
377 971 449 1030 ὡς
477 972 539 1039 τῇ
566 970 656 1022 τοῦ
685 969 917 1038 Χριστοῦ
953 972 1123 1038 μερίδι
1165 972 1700 1040 συμπλέξαςτκλῆρον

154 1060 494 1128 ἁμαρτωλόν.
569 1060 624 1110 '0
674 1061 731 1112 δὲ
781 1061 1100 1128 αἱρεσιὼτης
1150 1059 1225 1112 ῶν
1267 1062 1330 1113 ἐκ
1377 1065 1699 1131 σπαργάνων

156 1150 355 1210 αὐτῶν,
383 1151 475 1200 ἐὰν
512 1149 607 1217 τὴν
628 1149 900 1218 ὀρθόδοξον
926 1151 1104 1202 πίστιν
1125 1154 1431 1219 προέληται,
1455 1153 1693 1217 δικαίως,

152 1241 252 1291 ὲὲν
285 1237 390 1290 ἀπό
420 1254 561 1300 τινος
611 1239 793 1305 ἑτέρου
842 1240 997 1305 λόγου
1043 1241 1141 1291 οὐκ
1182 1242 1556 1309 ἐμποδίζηται,
1585 1260 1697 1310 χει-

157 1331 400 1397 ροτονίας
444 1330 694 1398 ἀξιωθείη
752 1333 1044 1399 ἱερατικῆς.
1078 1333 1143 1382 Τί
1181 1334 1286 1400 γὰρ
1339 1329 1500 1394 οἶδας,
1538 1335 1698 1401 φησιν

154 1421 185 1472 ὀ
242 1421 413 1488 μέγας
468 1419 800 1480 Ἀπόστολος,
839 1420 930 1472 ἐὰν
961 1422 988 1472 ὁ
1040 1422 1223 1483 πιστὸς
1272 1422 1548 1491 μεταγάγῃ
1600 1425 1698 1488 τὴν

154 1508 382 1561 ἄπιστον
409 1508 634 1572 σύζυγον
655 1507 816 1560 αὐτοῦ
845 1510 978 1578 πρὸς
1007 1510 1101 1578 τὴν
1146 1512 1357 1575 πίστιν;
1394 1512 1578 1574 Καλῶς
1607 1508 1698 1564 οὖν

155 1598 294 1656 osi;
327 1597 421 1665 τὴν
475 1591 749 1665 ὅρθόδοξον
805 1598 980 1649 πίστιν
1036 1598 1201 1651 ἐλθὼν
1253 1601 1358 1653 ἀπὸ
1409 1600 1698 1668 θρησκείας

156 1686 476 1756 αἱρετικῶν,
513 1686 650 1737 κατὰ
683 1687 907 1748 κανόνας
944 1689 1196 1758 ἀξιωθείη
1228 1689 1530 1758 ἀξιώματος
1558 1692 1699 1760 lapa-

157 1775 332 1839 τικοῦ,
373 1777 470 1829 κᾶν
509 1777 583 1845 μὴ
625 1776 1041 1846 ὀρϐοὸοξιξσωσιν
1069 1781 1101 1844 ἡ
1150 1780 1282 1848 γυνὴ
1325 1781 1506 1833 καὶτὰ
1536 1782 1699 1834 τέκνα

156 1866 340 1918 αὑτοῦ.

242 1957 437 2022 Ἕρώτ.
506 1956 615 2021 λβιτ
688 1958 1202 2027 Ἀπροκριμάτιστὸν
1260 1960 1373 2012 ἐστι
1433 1961 1698 2014 τελεῖσθαι

153 2047 359 2099 τέκνων
388 2047 648 2115 ἀναδοχὰς
697 2049 782 2101 διὰ
814 2051 1068 2113 Λατίνων,
1109 2053 1423 2120 Ἀρμενίων,
1471 2053 1699 2106 Μονοθε-

155 2135 355 2205 λητῶν,
403 2137 795 2203 Νεστοριανῶν,
829 2139 920 2192 καὶ
945 2140 1140 2192 λοιπῶν
1172 2141 1422 2194 τοιούτων
1449 2159 1462 2172 ·
1494 2143 1525 2209 ἢ
1564 2144 1698 2209 μᾶλα

155 2227 246 2278 λον
275 2226 498 2293 μισητὸν
523 2227 615 2277 καὶ
644 2229 1043 2296 ἀποτροπαιοη

229 2314 423 2366 Ἁπόκ.
462 2315 531 2365 Τὸ
583 2313 626 2380 β’
681 2312 952 2383 θέσπισμα
998 2317 1088 2369 τοῦ
1141 2325 1172 2369 ι’
1203 2317 1491 2385 κεφαλαίου
1523 2316 1612 2370 τοῦ
1651 2316 1698 2370 α’

154 2407 337 2457 τίτλου
371 2406 460 2458 τοῦ
516 2405 564 2458 α’
619 2407 820 2476 βιϐλίου
875 2408 981 2459 τῶν
1019 2409 1358 2476 Βασιλικῶν;
1398 2411 1697 2480 Δίρετικὸς,

159 2497 349 2566 φησὶν,
387 2499 520 2559 ἐστὶ,
559 2499 652 2550 καὶ
679 2501 788 2560 τοῖς
816 2500 953 2550 κατὰ
983 2517 1087 2552 των
1114 2500 1397 2570 αἱρετικῶν
1423 2503 1699 2554 ὑπόκειται

157 2587 374 2655 νόμοις,
434 2588 460 2638 ὁ
518 2589 708 2657 μικρὸν
758 2589 885 2655 γοῦν
916 2589 1171 2642 ἐκκλίνων
1193 2593 1286 2658 τῆς
1308 2589 1581 2658 ὀρθοδόξου
1613 2592 1699 2642 πί-

159 2694 352 2738 στεως.
423 2678 570 2729 Ἐπεὶ
616 2678 742 2744 γοῦν
772 2679 966 2740 πάντες
1010 2682 1058 2731 οί
1096 2681 1563 2750 ἀπαριθμηθὲντες
1619 2683 1698 2744 είς

155 2767 257 2837 τὴν
311 2768 588 2838 παροῦσαν
631 2770 914 2839 ἐρώτησιν,
965 2772 1022 2822 οὐ
1062 2770 1149 2822 διὰ
1202 2772 1418 2840 μικρὸν,
1446 2771 1577 2825 ἀλλὰ
1611 2772 1698 2826 διὰ

159 2858 366 2916 πλάτος
403 2859 545 2926 μέγα
582 2859 672 2911 καὶ
698 2859 1081 2928 δυσδιεξίτητον
1109 2861 1174 2912 ὲκ
1214 2860 1313 2928 τῆς
1343 2860 1451 2912 τῶν
1491 2860 1699 2929 ὀρθοδό-

160 2949 267 3010 ξων
319 2948 637 3016 Ἐκκλησίας
667 2947 1104 3016 ἁπεξενώθησαν,
1133 2949 1347 3011 πάντως
1378 2949 1498 3001 οὐδὲ
1542 2949 1699 3018 χάριν

157 3039 427 3108 ἁναδοχῆς
473 3040 676 3090 παίδοιν
725 3038 1108 3107 πνευματικῶν
1164 3038 1586 3107 μεσιτευομένης
1629 3039 1697 3091 δι’

1805 620 1975 674 doxus
2004 631 2165 683 esset.
2193 637 2313 675 cum
2349 625 2595 678 haeretica
2622 627 2843 682 muliere
2873 629 3193 696 conjunctus
3226 638 3332 694 est,

1804 711 2027 780 dignum
2059 727 2162 765 non
2203 715 2432 776 censeri,
2464 719 2554 783 qui
2587 716 2639 768 in
2690 717 2893 772 clerum
2926 719 3202 786 allegatur,
3231 721 3331 773 nisi

1805 800 2128 854 domesticos
2167 817 2294 856 suos
2330 817 2516 856 omnes
2545 805 2878 858 Christianos
2927 806 3112 860 fecerit
3153 810 3335 861 ortho-

1805 890 1972 950 doxos
2004 908 2016 942 :
2053 892 2176 959 quia
2214 903 2261 946 et
2299 893 2366 946 ab
2396 894 2762 948 ecclesiastica
2792 905 2874 948 est
2915 908 3150 953 remotus
3186 915 3333 952 com-

1804 980 2079 1043 munione,
2111 990 2289 1049 utpote
2321 983 2412 1051 qui
2439 982 2638 1036 Christi
2685 985 2928 1053 partibus
2980 990 3328 1053 peccatricem

1804 1076 2003 1120 sortem
2036 1070 2390 1135 implexuerit.
2423 1070 2525 1136 Qui
2556 1081 2752 1132 autem,
2785 1074 3071 1127 luereticus
3096 1091 3214 1128 cum
3244 1093 3333 1129 es-

1804 1164 1887 1210 set
1929 1157 1996 1210 ab
2048 1158 2407 1220 incunabulis,
2458 1160 2808 1214 orthodoxam
2859 1160 3014 1215 ﬁdem
3053 1163 3330 1232 delegerit.

1802 1243 1944 1311 jure,
1972 1245 2075 1298 nisi
2107 1261 2226 1313 quae
2250 1245 2401 1312 justa
2433 1260 2599 1300 causa
2638 1249 2914 1316 impediat,
2942 1250 3330 1304 ordinationem

1803 1332 2188 1385 sacerdotalem
2238 1335 2491 1402 consequi
2539 1337 2726 1402 possit.
2768 1336 2904 1399 Quid
2953 1339 3091 1391 enim
3141 1338 3333 1406 (inquit

1805 1433 2028 1486 magnus
2055 1421 2364 1489 Apostolus)
2397 1425 2560 1486 nosti,
2589 1425 2632 1476 si
2683 1423 2852 1478 ﬁdelis
2891 1427 3117 1479 deducat
3146 1427 3333 1479 inlide-

1803 1507 1904 1560 lem
1952 1510 2234 1578 conjugem
2275 1511 2338 1562 ad
2382 1512 2578 1565 ﬁdem?
2611 1512 2774 1566 Recte
2819 1515 2998 1583 igitur,
3029 1516 3116 1583 qui
3149 1515 3214 1568 ad
3242 1530 3332 1568 ore

1805 1596 2089 1650 thodoxam
2141 1599 2295 1652 ﬁdem
2347 1601 2491 1652 venit
2537 1601 2604 1654 ab
2651 1602 3021 1656 haereticorum
3074 1606 3304 1670 supersti

1803 1683 1986 1747 tione,
2042 1687 2354 1740 sacerdotali
2417 1690 2709 1743 secundum
2754 1707 2988 1747 canones
3039 1693 3332 1747 honorctur

1803 1774 2079 1843 dignitate,
2119 1778 2243 1832 licet
2289 1794 2422 1832 uxor
2455 1790 2506 1835 et
2553 1782 2702 1835 liberi
2750 1784 2867 1847 ejus
2915 1785 3194 1838 orthodoxi
3225 1801 3330 1840 noii

1728 1859 1770 1916 B
1799 1863 1948 1918 ﬂant.

1868 1954 2065 2008 Interr.
2087 1956 2174 2010 32.
2201 1958 2280 2010 An
2311 1967 2458 2010 extra
2492 1959 2858 2027 prejudicium
2888 1959 3169 2013 infantium
3212 1975 3332 2014 sus-

1795 2047 2070 2114 ceptiones
2099 2046 2233 2102 liunt
2273 2062 2301 2100 a
2351 2048 2576 2113 Latinis,
2617 2051 2904 2114 Armeniis,
2936 2049 3328 2116 Ilonotheletis,

1797 2135 2156 2199 Nestorianis,
2203 2144 2254 2191 et
2292 2139 2501 2190 caeteris
2549 2138 2834 2205 ejusmodi,
2879 2153 2944 2190 an
2992 2139 3168 2207 potius
3209 2138 3333 2190 odio

1797 2223 2016 2293 dignum
2049 2234 2209 2293 atque
2247 2224 2658 2278 detestandum?

1865 2312 2020 2380 Resp.
2046 2313 2242 2368 Thema
2267 2315 2321 2377 2,
2343 2327 2461 2382 cap.
2495 2316 2579 2377 lt),
2613 2316 2692 2367 tit.
2722 2329 2761 2374 ι.
2794 2318 2883 2371 ub.
2915 2316 3326 2371 IBasilicorum:

1801 2404 2109 2467 Hareticus,
2140 2404 2339 2472 inquit,
2370 2414 2486 2467 est,
2523 2413 2575 2459 et
2607 2405 2836 2474 legibus,
2869 2421 2986 2473 quze
3015 2408 3079 2460 de
3121 2409 3328 2462 haereti-

1797 2493 1876 2545 cis
1912 2501 2057 2554 sunt,
2094 2492 2408 2559 subjicitur,
2442 2493 2530 2558 qui
2565 2495 2776 2560 paulum
2811 2493 2876 2546 ab
2904 2494 3199 2547 orthodoxa
3232 2497 3334 2548 tide

1800 2583 2053 2636 declinat.
2081 2582 2212 2634 Cum
2246 2583 2409 2649 igitur
2453 2582 2486 2636 ii
2524 2597 2729 2644 omnes,
2761 2585 2850 2650 qui
2898 2583 2997 2637 hac
3040 2585 3326 2653 interroga-

1797 2672 1943 2726 tione
1968 2672 2264 2725 enumerati
2296 2680 2444 2734 sunt,
2474 2686 2578 2723 non
2608 2686 2794 2740 parvo,
2829 2675 2919 2725 sed
2949 2675 3106 2741 longo
3135 2675 3332 2742 spatio,

1796 2768 1850 2813 et
1877 2761 2018 2828 quod
2060 2761 2273 2814 diliicile
2311 2758 2554 2828 superari
2590 2768 2772 2828 queat,
2805 2759 2870 2812 ah
2913 2762 3329 2816 orthodoxoruni

1797 2844 2041 2902 Ecclesia
2093 2864 2314 2918 prorsus
2358 2850 2653 2903 exsulenL:
2706 2865 2811 2902 non
2860 2853 3330 2905 communicabuut

1798 2939 2079 2994 nobiscum
2119 2939 2346 3007 gratiam
2381 2938 2745 3007 susceptionis
2781 2938 3073 2993 liberorum
3114 2942 3331 3010 spirita-

1799 3026 1953 3088 lium,
1989 3041 2081 3094 per
2112 3040 2296 3080 sacras
2321 3041 2508 3093 preces
2555 3035 2607 3080 et
2642 3026 3097 3081 sanctiﬁcationes
3138 3031 3332 3082 inultas

159 3127 332 3196 ἁγίων
361 3127 530 3195 εὐχῶν
557 3129 650 3180 καὶ
672 3127 1018 3196 ἁγιασμάτων
1050 3127 1273 3200 πολλῶν,
1317 3129 1444 3197 ἡμῖν
1475 3145 1695 3195 συγκοι-

1803 3115 2180 3169 intercedentis
2215 3132 2229 3167 :
2271 3129 2338 3167 ne
2384 3123 2438 3167 et
2485 3116 3041 3169 excommunicatione
3077 3117 3330 3170 condem-

160 3220 492 3284 νωνήσουσιν
519 3231 532 3244 ·
569 3217 653 3269 ἵνα
704 3218 777 3284 μὴ
820 3218 913 3269 καὶ
958 3217 1108 3270 αὐτοὶ
1151 3218 1507 3286 ἀκοινωνησίᾳ
1532 3235 1698 3269 κατα·-

162 3303 462 3372 κριθῶμεν,
495 3305 632 3356 κατὰ
659 3306 749 3356 τὸν
780 3305 992 3368 κανόνα,
1023 3305 1111 3356 τὸν
1137 3304 1377 3370 λέγοντα,
1423 3304 1481 3357 '0
1503 3321 1692 3358 κοινωσ-

162 3396 271 3446 νῶν
300 3396 659 3464 ἀκοινωνήτῳ,
694 3397 783 3448 καί
819 3396 976 3456 αὐτὸς
1015 3394 1367 3462 ἀκοινώνητος
1395 3396 1556 3446 ἐστιν.

247 3481 442 3550 Ἕρώτ.
504 3485 602 3550 ).γ’.
667 3484 961 3554 Ὀρθόδοξοι
1034 3487 1282 3549 γυναῖκες
1349 3484 1700 3534 συνάπτονται

162 3573 304 3640 τάχα
333 3574 578 3640 γαμικῶς
622 3572 755 3640 μετὰ
785 3572 1130 3643 Σαρακηνῶν,
1163 3571 1194 3639 ἦ
1231 3572 1322 3621 καὶ
1348 3569 1699 3638 αίρεσιωτῶν,

164 3666 260 3716 καὶ
295 3662 555 3724 θέλουσιν,
587 3663 660 3723 ὡς
690 3661 1080 3731 ὀρθοδοξοῦσαι,
1116 3659 1292 3721 καθὼς
1326 3659 1698 3720 διενίστανται,

166 3753 600 3821 μεταλαμϐάνειν
656 3752 763 3803 τῶν
809 3751 964 3803 θείων
1009 3751 1390 3817 ἀγιασμάτωνο
1435 3746 1702 3816 ζητοῦμεν

161 3841 255 3894 οὖν
282 3840 344 3893 τδ
367 3843 609 3909 ποιητέον
639 3842 846 3908 μαθεῖν.

249 3933 439 3987 Ἀπόκ.
482 3932 541 3984 '0
569 3931 607 3984 o'
640 3932 816 3984 κανὼν
852 3931 948 3999 τῆς
992 3934 1046 3983 ὲν
1099 3931 1173 3998 τῷ
1205 3929 1450 3997 Τρούλλῳ
1489 3927 1701 3980 συνόδου

160 4024 339 4076 ταῦτα
368 4039 497 4092 φησι
523 4038 536 4051 ·
591 4023 678 4089 Μὴ
711 4020 905 4083 ἐξεῖναι
944 4019 1215 4085 ὁρθόδοξον
1246 4019 1409 4087 ἄνδρα
1457 4017 1699 4086 αἱρετικῇ

164 4113 528 4165 συνάπτεσθαι
552 4111 785 4178 γυναικὶ,
814 4111 948 4178 μήτε
979 4107 1231 4177 αἱρετικῷ
1254 4108 1402 4174 ἀνδρὶ
1431 4104 1704 4173 ὀρθόδοξον

161 4204 398 4268 γυναῖκα
437 4199 846 4265 συζεύγνυσθαι.
902 4198 1038 4249 Ἀλλ’
1080 4198 1126 4248 εί
1176 4197 1267 4246 καὶ
1295 4198 1434 4263 φανῇ
1468 4193 1703 4245 τοιοῦτον

162 4289 272 4341 ὑπὸ
289 4304 433 4348 τινος
465 4287 569 4338 τῶν
598 4287 848 4339 ἁπάντων
871 4286 1167 4352 γινόμενον,
1198 4283 1396 4350 ἄκυρον
1420 4281 1510 4332 τὸν
1532 4282 1703 4348 γάμον

161 4374 449 4445 ἡγεῖσθαι,
490 4373 583 4425 καὶ
623 4372 683 4424 τὸ
726 4372 960 4439 ἄθεσμον
1000 4368 1302 4421 διαλύεσθαι
1355 4367 1702 4435 συνοικέσιον.

1801 3217 2010 3267 nemur,
2046 3203 2200 3270 juxta
2234 3216 2495 3256 canonem
2522 3203 2810 3267 dicentem,
2842 3204 2942 3268 Qui
2973 3208 3333 3259 communicat

1801 3305 1921 3344 cum
1964 3290 2448 3355 escommunicato,
2476 3300 2559 3345 est
2596 3295 3091 3348 excommunicatus
3116 3304 3167 3348 et
3195 3297 3330 3362 ipse.

1874 3467 2069 3527 Interr.
2106 3471 2191 3523 55.
2240 3467 2563 3524 ΟιιΙιοάοιαι
2617 3470 2870 3524 mulieres
2930 3472 3332 3539 conjunguntur

1803 3557 1938 3610 forte
1972 3574 2064 3626 per
2089 3559 2304 3626 nuptias
2338 3573 2459 3611 cum
2491 3557 2776 3612 Saracenis
2808 3561 2886 3612 vel
2919 3560 3205 3622 haereticis,
3237 3577 3332 3614 vo—

1802 3647 2044 3714 luntque,
2077 3656 2133 3700 ut
2163 3646 2296 3699 bene
2325 3646 2391 3699 de
2421 3647 2522 3700 [ide
2551 3649 2858 3712 sentientes,
2883 3647 3331 3715 quemadmodum

1803 3744 2117 3788 constanter
2149 3735 2518 3799 instituerunt,
2552 3738 2834 3806 participes
2876 3738 2989 3792 ﬁeri
3028 3739 3330 3792 divinarum

1802 3824 2311 3885 sanctiﬁcationum.
2368 3823 2667 3889 Querimus
2719 3827 2842 3893 quid
2898 3826 3196 3879 faciendum
3241 3831 3329 3880 sit.

1876 3912 2024 3981 Resp.
2047 3912 2228 3967 Canon
2250 3913 2316 3967 70
2348 3915 2538 3980 synodi
2563 3914 2615 3966 in
2651 3914 2834 3968 Trullo
2858 3916 2968 3968 haec
2997 3916 3230 3969 aitzNun
3265 3918 3330 3968 li-

1803 4017 1924 4056 cere
1968 4004 2081 4056 viro
2120 4003 2418 4056 orthodoxe
2460 4017 2579 4055 cum
2628 4003 2851 4056 muliere
2905 4005 3151 4058 haeretica
3207 4020 3337 4057 con-

1799 4092 1973 4159 jungi,
2007 4106 2179 4158 neque
2224 4106 2350 4144 vero
2401 4092 2712 4146 orthodoxa:
2759 4107 2878 4146 cum
2931 4095 3046 4146 viro
3085 4095 3334 4148 haeretica

1803 4181 2063 4249 copulari.
2095 4181 2197 4234 Sed
2227 4181 2326 4234 etsi
2359 4182 2489 4249 quid
2537 4181 2800 4250 ejusmodi
2831 4184 2898 4236 ab
2934 4185 3040 4236 ullo
3069 4199 3130 4237 ex
3159 4187 3331 4237 omni-

1806 4272 1905 4325 bus
1942 4270 2142 4324 lactum
2185 4273 2508 4339 apparuerit,
2545 4273 2726 4326 irritas
2769 4273 2983 4339 nuptias
3015 4273 3330 4334 existimari,

1803 4372 1856 4415 et
1900 4360 2160 4414 nefarium
2198 4361 2504 4430 conjugium
2540 4362 2754 4415 dissolvi
2796 4380 2808 4415 :
2841 4378 3011 4430 neque
3067 4364 3208 4414 enim
3248 4378 3331 4423 ea,

162 4465 244 4517 Οὐ
276 4464 384 4532 γὰρ
415 4461 519 4530 χρὴ
560 4462 626 4513 τὰ
656 4460 859 4528 ἄμικτα
881 4461 1155 4528 μιγνύναι,
1203 4457 1320 4508 οὐδὲ
1349 4457 1425 4524 τῷ
1449 4456 1702 4524 προϐάτῳ

1806 4467 1924 4518 quae
1967 4464 2072 4503 non
2111 4459 2236 4503 sunt
2281 4452 2572 4515 miscenda,
2615 4451 2858 4516 misceri;
2893 4467 2992 4504 nec
3023 4466 3171 4503 ovem
3212 4465 3332 4504 cam

162 4555 262 4606 τὸν
282 4552 440 4604 λύκον
467 4548 882 4618 συμπλέκεσθαι,
918 4548 1010 4600 καὶ
1032 4550 1094 4616 τῇ
1114 4546 1206 4597 τοῦ
1240 4544 1472 4614 Χριστοῦ
1503 4544 1703 4612 ποίμνῃ

162 4644 260 4695 τὸν
314 4642 423 4693 τῶν
469 4638 802 4708 ἁμαρτωλῶν
844 4637 1061 4707 κλῆρον.
1100 4636 1161 4687 Et
1188 4635 1242 4686 δὲ
1275 4635 1487 4702 παραὸῇ
1522 4649 1602 4691 τις
1637 4635 1704 4683 τὰ

166 4727 304 4799 παρ’
333 4727 487 4796 ἡμῶν
511 4726 812 4794 ὁρισθέντα,
849 4723 1202 4792 ἁφοριζέσθω.
1241 4720 1302 4771 Ἡ
1324 4721 1449 4780 γοῦν
1481 4719 1568 4770 διὰ
1607 4717 1704 4784 τὴν

169 4818 412 4885 ἄθεσμον
433 4814 631 4882 ταύτην
657 4811 935 4865 κοινωνίαν
969 4810 1103 4878 μετὰ
1160 4808 1455 4878 αίρετικοῦ,
1497 4809 1705 4874 ἀφωρι-

1809 4542 1953 4608 lupo,
1994 4555 2089 4593 nec
2132 4549 2469 4608 peccatorum
2515 4548 2711 4593 sortem
2770 4556 2890 4594 cum
2939 4540 3136 4593 Christi
3189 4548 3338 4606 parte

1808 4631 2057 4698 conjungi
2087 4637 2320 4698 oportet.
2374 4629 2428 4681 Si
2474 4629 2593 4696 quis
2636 4639 2811 4682 autem
2847 4645 2930 4691 ea,
2959 4646 3076 4696 qua:
3107 4645 3135 4681 a
3181 4631 3336 4682 nobis

1810 4721 2021 4774 decreta
2062 4731 2207 4782 sunt,
2244 4727 2610 4788 transgressus
2639 4721 2821 4782 fuerit,
2851 4733 3173 4790 segregetur.
3211 4723 3337 4787 Quae

1810 4810 1972 4877 igitur
2003 4824 2096 4876 per
2130 4810 2366 4861 illicitam
2407 4810 2544 4861 hanc
2569 4824 2692 4861 cuni
2730 4809 2977 4862 literetico
3009 4812 3335 4872 societatem,

167 4906 349 4975 σμένη
379 4903 510 4956 οὖσα
541 4905 632 4955 καὶ
660 4900 1036 4968 ἀκοινώνητος,
1071 4900 1187 4960 πῶς
1230 4899 1336 4950 τῶν
1367 4899 1520 4950 θείων
1547 4898 1710 4961 ἁγια-

1807 4899 2159 4952 exterminata
2191 4900 2757 4965 excommunicataque
2784 4905 2892 4961 est,
2925 4913 3152 4964 quonam
3183 4899 3337 4951 modo

170 4998 398 5068 σμάτων
437 4992 732 5060 ἀξιωθείη;
761 4992 975 5051 παντως
1001 4988 1255 5056 οὐδαμοῦ,
1292 4990 1339 5039 εί
1369 4987 1441 5056 μὴ
1496 4987 1702 5053 ἀποστῇ

166 5086 270 5142 τοῦ
300 5084 493 5147 κακοῦ,
527 5082 618 5136 καὶ
647 5083 942 5141 κανονικοῖς
972 5079 1260 5147 ἐπιτιμίοις
1284 5075 1564 5145 διορθωθῇ.

257 5263 456 5332 Ἔρώτ.
531 5260 625 5315 λδ’.
708 5259 860 5320 Τινὲς
938 5256 1257 5324 γυναικείων
1338 5253 1707 5322 μοναστηρίων

174 5355 518 5427 προεστῶται
547 5351 795 5420 ζητοῦσιν
832 5349 1130 5416 ἐκχώρησιν
1159 5345 1516 5411 ὲπισκοπικὴν
1554 5343 1708 5410 χάριν

174 5447 276 5500 τοῦ
322 5444 568 5513 δέχισθαι
613 5441 898 5507 λογισμοὺς
955 5438 1058 5487 τῶν
1103 5434 1191 5487 ὑπ’
1229 5434 1394 5495 αὑτὰς
1438 5433 1705 5501 μοναχῶν.

178 5535 457 5607 Ζητοῦμεν
484 5530 574 5585 οὖν
615 5533 660 5583 εί
691 5533 834 5581 ἔστιν
874 5527 1211 5594 ἐνδεχόμενον
1251 5523 1404 5575 τοῦτο
1437 5521 1706 5588 γενέσθαι.

708 5259 860 5320 Τινὲς

1813 4989 2096 5041 habebitur
2145 4988 2341 5041 divinis
2393 4987 2905 5041 sanctiﬁcationibus
2958 4989 3148 5054 digna?
3191 4990 3337 5042 nullo

1813 5092 2055 5144 prorsus,
2084 5077 2188 5130 nisi
2234 5093 2263 5129 a
2308 5077 2445 5129 malo
2477 5077 2725 5140 divertat,
2761 5085 2813 5130 et
2846 5079 3120 5131 canonicis
3152 5094 3332 5131 emcn-

1814 5167 1936 5219 data
1968 5165 2036 5217 sit
2065 5163 2513 5217 correctionibus.

1883 5252 2077 5306 lnterr.
2115 5252 2202 5306 54.
2242 5251 2494 5316 Quaedam
2525 5251 2863 5306 muliebrium
2887 5255 3332 5308 monasteriorum

1812 5341 2074 5410 pratfectae
2113 5343 2470 5410 episcopalem
2521 5342 2800 5410 requirunt
2847 5343 3052 5396 veniam
3075 5352 3118 5407 ι’,
3146 5351 3204 5396 ιιι
3233 5347 3332 5397 sibi

1813 5432 2145 5486 subditaruni
2172 5431 2477 5483 munialium
2505 5431 2788 5485 ratiocinia
2811 5443 2829 5470 ³
2846 5433 3158 5502 suscipiant.
3181 5431 3336 5498 Qua:-

1815 5523 2004 5580 rimus.
2039 5536 2104 5573 an
2147 5521 2275 5574 illud
2316 5520 2522 5574 admitti
2562 5523 2749 5587 possit.

1453 5611 1675 5666 V'ARLE
1714 5609 2106 5664 LECTIONES.

267 5725 294 5757 τ
322 5713 728 5779 permissionem.
814 5713 832 5737 ⁵
872 5707 1231 5775 confessiones.
