  <div class='ocr_page' id='page_1' title='image "/cluster/home/n/w/nwhite01/storage/ocr_20150623/138/pst.000005714544/541.png"; bbox 0 0 3914 6332; ppageno 0'>
   <div class='ocr_carea' id='block_1_1' title="bbox 572 318 674 382">
    <p class='ocr_par' dir='ltr' id='par_1_1' title="bbox 572 318 674 382">
     <span class='ocr_line' id='line_1_1' title="bbox 572 318 674 382; baseline -0.029 0"><span class='ocrx_word' id='word_1_1' title='bbox 572 318 674 382; x_wconf 75' lang='lat'><strong>981</strong></span> 
     </span>
    </p>
   </div>
   <div class='ocr_carea' id='block_1_2' title="bbox 577 534 2120 601">
    <p class='ocr_par' dir='ltr' id='par_1_2' title="bbox 577 534 2120 601">
     <span class='ocr_line' id='line_1_2' title="bbox 577 534 2120 601; baseline -0.002 -11"><span class='ocrx_word' id='word_1_2' title='bbox 577 535 990 598; x_wconf 77' lang='lat' dir='ltr'><strong>sacerdotibus,</strong></span> <span class='ocrx_word' id='word_1_3' title='bbox 1049 534 1448 586; x_wconf 72' lang='lat' dir='ltr'><strong>confessionum</strong></span> <span class='ocrx_word' id='word_1_4' title='bbox 1511 535 1785 601; x_wconf 86' lang='lat' dir='ltr'><strong>suscipere</strong></span> <span class='ocrx_word' id='word_1_5' title='bbox 1839 535 2120 587; x_wconf 86' lang='lat' dir='ltr'><strong>ratiocinia</strong></span> 
     </span>
    </p>
   </div>
   <div class='ocr_carea' id='block_1_3' title="bbox 577 624 2122 694">
    <p class='ocr_par' dir='ltr' id='par_1_3' title="bbox 577 624 2122 694">
     <span class='ocr_line' id='line_1_3' title="bbox 577 624 2122 694; baseline 0 -16"><span class='ocrx_word' id='word_1_6' title='bbox 577 642 700 679; x_wconf 84' lang='lat' dir='ltr'><strong>cum</strong></span> <span class='ocrx_word' id='word_1_7' title='bbox 752 625 1043 694; x_wconf 83' lang='lat' dir='ltr'><strong>episcopali</strong></span> <span class='ocrx_word' id='word_1_8' title='bbox 1094 627 1384 692; x_wconf 70' lang='lat' dir='ltr'><strong>permissu.</strong></span> <span class='ocrx_word' id='word_1_9' title='bbox 1420 625 1474 676; x_wconf 82' lang='lat' dir='ltr'><strong>Si</strong></span> <span class='ocrx_word' id='word_1_10' title='bbox 1527 624 1694 690; x_wconf 81' lang='lat' dir='ltr'><strong>igitur</strong></span> <span class='ocrx_word' id='word_1_11' title='bbox 1735 641 1837 678; x_wconf 91' lang='lat' dir='ltr'><strong>non</strong></span> <span class='ocrx_word' id='word_1_12' title='bbox 1878 635 2122 678; x_wconf 87' lang='lat' dir='ltr'><strong>sacratus</strong></span> 
     </span>
    </p>
   </div>
   <div class='ocr_carea' id='block_1_4' title="bbox 579 716 2122 789">
    <p class='ocr_par' dir='ltr' id='par_1_4' title="bbox 579 716 2122 789">
     <span class='ocr_line' id='line_1_4' title="bbox 579 716 2122 789; baseline -0.001 -19"><span class='ocrx_word' id='word_1_13' title='bbox 579 718 863 789; x_wconf 65' lang='lat' dir='ltr'><strong>praefectus</strong></span> <span class='ocrx_word' id='word_1_14' title='bbox 909 731 1007 770; x_wconf 77' lang='lat' dir='ltr'><strong>nec</strong></span> <span class='ocrx_word' id='word_1_15' title='bbox 1049 731 1170 769; x_wconf 90' lang='lat' dir='ltr'><strong>cum</strong></span> <span class='ocrx_word' id='word_1_16' title='bbox 1217 716 1509 782; x_wconf 78' lang='lat' dir='ltr'><strong>episcopali</strong></span> <span class='ocrx_word' id='word_1_17' title='bbox 1551 717 1820 783; x_wconf 88' lang='lat' dir='ltr'><strong>permissu</strong></span> <span class='ocrx_word' id='word_1_18' title='bbox 1861 717 1910 768; x_wconf 89' lang='lat' dir='ltr'><strong>id</strong></span> <span class='ocrx_word' id='word_1_19' title='bbox 1948 716 2122 769; x_wconf 79' lang='lat' dir='ltr'><strong>facere</strong></span> 
     </span>
    </p>
   </div>
   <div class='ocr_carea' id='block_1_5' title="bbox 574 806 2117 877">
    <p class='ocr_par' dir='ltr' id='par_1_5' title="bbox 574 806 2117 877">
     <span class='ocr_line' id='line_1_5' title="bbox 574 806 2117 877; baseline 0.002 -22"><span class='ocrx_word' id='word_1_20' title='bbox 574 817 777 877; x_wconf 73' lang='lat' dir='ltr'><strong>potest,</strong></span> <span class='ocrx_word' id='word_1_21' title='bbox 814 809 984 860; x_wconf 91' lang='lat' dir='ltr'><strong>multo</strong></span> <span class='ocrx_word' id='word_1_22' title='bbox 1016 806 1194 859; x_wconf 87' lang='lat' dir='ltr'><strong>minus</strong></span> <span class='ocrx_word' id='word_1_23' title='bbox 1224 806 1275 856; x_wconf 91' lang='lat' dir='ltr'><strong>id</strong></span> <span class='ocrx_word' id='word_1_24' title='bbox 1313 807 1580 872; x_wconf 59' lang='lat' dir='ltr'><strong>praelecta:</strong></span> <span class='ocrx_word' id='word_1_25' title='bbox 1617 821 1936 860; x_wconf 89' lang='lat' dir='ltr'><strong>concessum</strong></span> <span class='ocrx_word' id='word_1_26' title='bbox 1971 808 2071 860; x_wconf 90' lang='lat' dir='ltr'><strong>erit</strong></span> <span class='ocrx_word' id='word_1_27' title='bbox 2105 822 2117 858; x_wconf 90' lang='lat'><strong>:</strong></span> 
     </span>
    </p>
   </div>
   <div class='ocr_carea' id='block_1_6' title="bbox 573 897 1815 965">
    <p class='ocr_par' dir='ltr' id='par_1_6' title="bbox 573 897 1815 965">
     <span class='ocr_line' id='line_1_6' title="bbox 573 897 1815 965; baseline -0.002 -15"><span class='ocrx_word' id='word_1_28' title='bbox 573 900 676 952; x_wconf 81' lang='lat' dir='ltr'><strong>etsi</strong></span> <span class='ocrx_word' id='word_1_29' title='bbox 711 899 882 951; x_wconf 82' lang='lat' dir='ltr'><strong>virtus</strong></span> <span class='ocrx_word' id='word_1_30' title='bbox 911 897 1031 965; x_wconf 81' lang='lat' dir='ltr'><strong>ejus</strong></span> <span class='ocrx_word' id='word_1_31' title='bbox 1057 897 1222 949; x_wconf 87' lang='lat' dir='ltr'><strong>solem</strong></span> <span class='ocrx_word' id='word_1_32' title='bbox 1254 897 1541 964; x_wconf 70' lang='lat' dir='ltr'><strong>splendore</strong></span> <span class='ocrx_word' id='word_1_33' title='bbox 1573 905 1815 963; x_wconf 89' lang='lat' dir='ltr'><strong>superet.</strong></span> 
     </span>
    </p>
   </div>
   <div class='ocr_carea' id='block_1_7' title="bbox 649 1075 2123 1132">
    <p class='ocr_par' dir='ltr' id='par_1_7' title="bbox 649 1075 2123 1132">
     <span class='ocr_line' id='line_1_7' title="bbox 649 1075 2123 1132; baseline -0.004 0"><span class='ocrx_word' id='word_1_34' title='bbox 649 1077 844 1132; x_wconf 82' lang='lat' dir='ltr'><strong>Interr.</strong></span> <span class='ocrx_word' id='word_1_35' title='bbox 903 1077 991 1130; x_wconf 84' lang='lat'><strong>&#39;55.</strong></span> <span class='ocrx_word' id='word_1_36' title='bbox 1024 1075 1195 1129; x_wconf 85' lang='lat' dir='ltr'><strong>Divini</strong></span> <span class='ocrx_word' id='word_1_37' title='bbox 1256 1091 1489 1130; x_wconf 85' lang='lat' dir='ltr'><strong>canones</strong></span> <span class='ocrx_word' id='word_1_38' title='bbox 1541 1076 1967 1130; x_wconf 87' lang='lat' dir='ltr'><strong>diaconissarum</strong></span> <span class='ocrx_word' id='word_1_39' title='bbox 2015 1090 2123 1127; x_wconf 89' lang='lat' dir='ltr'><strong>mc-</strong></span> 
     </span>
    </p>
   </div>
   <div class='ocr_carea' id='block_1_8' title="bbox 575 1165 1999 1235">
    <p class='ocr_par' dir='ltr' id='par_1_8' title="bbox 575 1165 1999 1235">
     <span class='ocr_line' id='line_1_8' title="bbox 575 1165 1999 1235; baseline -0.006 -9"><span class='ocrx_word' id='word_1_40' title='bbox 575 1172 870 1226; x_wconf 85' lang='lat' dir='ltr'><strong>minerunt.</strong></span> <span class='ocrx_word' id='word_1_41' title='bbox 897 1169 1217 1231; x_wconf 73' lang='lat' dir='ltr'><strong>Quaerimus.</strong></span> <span class='ocrx_word' id='word_1_42' title='bbox 1250 1168 1407 1235; x_wconf 85' lang='lat' dir='ltr'><strong>quale</strong></span> <span class='ocrx_word' id='word_1_43' title='bbox 1439 1168 1509 1220; x_wconf 83' lang='lat' dir='ltr'><strong>sit</strong></span> <span class='ocrx_word' id='word_1_44' title='bbox 1538 1182 1720 1219; x_wconf 88' lang='lat' dir='ltr'><strong>earum</strong></span> <span class='ocrx_word' id='word_1_45' title='bbox 1748 1165 1999 1218; x_wconf 85' lang='lat' dir='ltr'><strong>oﬂicium.</strong></span> 
     </span>
    </p>
   </div>
   <div class='ocr_carea' id='block_1_9' title="bbox 651 1348 2124 1421">
    <p class='ocr_par' dir='ltr' id='par_1_9' title="bbox 651 1348 2124 1421">
     <span class='ocr_line' id='line_1_9' title="bbox 651 1348 2124 1421; baseline -0.007 -15"><span class='ocrx_word' id='word_1_46' title='bbox 651 1352 805 1421; x_wconf 82' lang='lat' dir='ltr'><strong>Resp.</strong></span> <span class='ocrx_word' id='word_1_47' title='bbox 840 1350 977 1405; x_wconf 90' lang='lat' dir='ltr'><strong>Olim</strong></span> <span class='ocrx_word' id='word_1_48' title='bbox 1009 1348 1297 1417; x_wconf 73' lang='lat' dir='ltr'><strong>aliquando</strong></span> <span class='ocrx_word' id='word_1_49' title='bbox 1323 1348 1540 1401; x_wconf 81' lang='lat' dir='ltr'><strong>ordines</strong></span> <span class='ocrx_word' id='word_1_50' title='bbox 1576 1348 1998 1400; x_wconf 82' lang='lat' dir='ltr'><strong>diaconissarum</strong></span> <span class='ocrx_word' id='word_1_51' title='bbox 2033 1361 2124 1397; x_wconf 73' lang='lat' dir='ltr'><strong>ra-</strong></span> 
     </span>
    </p>
   </div>
   <div class='ocr_carea' id='block_1_10' title="bbox 575 1431 2120 1507">
    <p class='ocr_par' dir='ltr' id='par_1_10' title="bbox 575 1431 2120 1507">
     <span class='ocr_line' id='line_1_10' title="bbox 575 1431 2120 1507; baseline -0.009 -12"><span class='ocrx_word' id='word_1_52' title='bbox 575 1442 805 1496; x_wconf 87' lang='lat' dir='ltr'><strong>nouibus</strong></span> <span class='ocrx_word' id='word_1_53' title='bbox 835 1440 1030 1507; x_wconf 89' lang='lat' dir='ltr'><strong>cogniti</strong></span> <span class='ocrx_word' id='word_1_54' title='bbox 1059 1438 1226 1500; x_wconf 78' lang='lat' dir='ltr'><strong>fuere,</strong></span> <span class='ocrx_word' id='word_1_55' title='bbox 1254 1437 1627 1502; x_wconf 76' lang='lat' dir='ltr'><strong>habebantque</strong></span> <span class='ocrx_word' id='word_1_56' title='bbox 1657 1436 1784 1501; x_wconf 67' lang='lat' dir='ltr'><strong>ipsa:</strong></span> <span class='ocrx_word' id='word_1_57' title='bbox 1803 1434 2024 1501; x_wconf 78' lang='lat' dir='ltr'><strong>gradum</strong></span> <span class='ocrx_word' id='word_1_58' title='bbox 2055 1431 2120 1482; x_wconf 87' lang='lat' dir='ltr'><strong>ad</strong></span> 
     </span>
    </p>
   </div>
   <div class='ocr_carea' id='block_1_11' title="bbox 570 1523 2118 1595">
    <p class='ocr_par' dir='ltr' id='par_1_11' title="bbox 570 1523 2118 1595">
     <span class='ocr_line' id='line_1_11' title="bbox 570 1523 2118 1595; baseline -0.01 -6"><span class='ocrx_word' id='word_1_59' title='bbox 570 1538 764 1589; x_wconf 83' lang='lat' dir='ltr'><strong>altare.</strong></span> <span class='ocrx_word' id='word_1_60' title='bbox 797 1534 1188 1586; x_wconf 78' lang='lat' dir='ltr'><strong>Menstruorum</strong></span> <span class='ocrx_word' id='word_1_61' title='bbox 1226 1537 1402 1581; x_wconf 87' lang='lat' dir='ltr'><strong>autem</strong></span> <span class='ocrx_word' id='word_1_62' title='bbox 1436 1528 1738 1595; x_wconf 71' lang='lat' dir='ltr'><strong>inquinatio</strong></span> <span class='ocrx_word' id='word_1_63' title='bbox 1761 1523 2118 1578; x_wconf 85' lang='lat' dir='ltr'><strong>ministerium</strong></span> 
     </span>
    </p>
   </div>
   <div class='ocr_carea' id='block_1_12' title="bbox 575 1613 2120 1683">
    <p class='ocr_par' dir='ltr' id='par_1_12' title="bbox 575 1613 2120 1683">
     <span class='ocr_line' id='line_1_12' title="bbox 575 1613 2120 1683; baseline -0.009 -6"><span class='ocrx_word' id='word_1_64' title='bbox 575 1638 761 1677; x_wconf 90' lang='lat' dir='ltr'><strong>carum</strong></span> <span class='ocrx_word' id='word_1_65' title='bbox 799 1637 828 1674; x_wconf 87' lang='lat' dir='ltr'><strong>a</strong></span> <span class='ocrx_word' id='word_1_66' title='bbox 859 1621 1040 1673; x_wconf 78' lang='lat' dir='ltr'><strong>divino</strong></span> <span class='ocrx_word' id='word_1_67' title='bbox 1074 1628 1128 1670; x_wconf 92' lang='lat' dir='ltr'><strong>et</strong></span> <span class='ocrx_word' id='word_1_68' title='bbox 1158 1627 1345 1671; x_wconf 74' lang='lat' dir='ltr'><strong>Sancto</strong></span> <span class='ocrx_word' id='word_1_69' title='bbox 1365 1617 1520 1671; x_wconf 85' lang='lat' dir='ltr'><strong>altari</strong></span> <span class='ocrx_word' id='word_1_70' title='bbox 1552 1616 1771 1683; x_wconf 77' lang='lat' dir='ltr'><strong>expulit.</strong></span> <span class='ocrx_word' id='word_1_71' title='bbox 1803 1613 1858 1666; x_wconf 81' lang='lat' dir='ltr'><strong>‘n</strong></span> <span class='ocrx_word' id='word_1_72' title='bbox 1888 1613 2120 1667; x_wconf 87' lang='lat' dir='ltr'><strong>sanctis-</strong></span> 
     </span>
    </p>
   </div>
   <div class='ocr_carea' id='block_1_13' title="bbox 576 1705 2116 1774">
    <p class='ocr_par' dir='ltr' id='par_1_13' title="bbox 576 1705 2116 1774">
     <span class='ocr_line' id='line_1_13' title="bbox 576 1705 2116 1774; baseline -0.009 -6"><span class='ocrx_word' id='word_1_73' title='bbox 576 1717 709 1769; x_wconf 87' lang='lat' dir='ltr'><strong>sima</strong></span> <span class='ocrx_word' id='word_1_74' title='bbox 742 1721 919 1767; x_wconf 90' lang='lat' dir='ltr'><strong>autem</strong></span> <span class='ocrx_word' id='word_1_75' title='bbox 953 1709 1192 1762; x_wconf 85' lang='lat' dir='ltr'><strong>Ecclesia</strong></span> <span class='ocrx_word' id='word_1_76' title='bbox 1233 1707 1374 1761; x_wconf 88' lang='lat' dir='ltr'><strong>sedis</strong></span> <span class='ocrx_word' id='word_1_77' title='bbox 1403 1705 2116 1774; x_wconf 83' lang='lat' dir='ltr'><strong>Coustantinopolitanorum</strong></span> 
     </span>
    </p>
   </div>
   <div class='ocr_carea' id='block_1_14' title="bbox 572 1795 2122 1869">
    <p class='ocr_par' dir='ltr' id='par_1_14' title="bbox 572 1795 2122 1869">
     <span class='ocr_line' id='line_1_14' title="bbox 572 1795 2122 1869; baseline -0.006 -14"><span class='ocrx_word' id='word_1_78' title='bbox 572 1807 896 1858; x_wconf 70' lang='lat' dir='ltr'><strong>diaconissa:</strong></span> <span class='ocrx_word' id='word_1_79' title='bbox 933 1802 1263 1869; x_wconf 84' lang='lat' dir='ltr'><strong>deliguntur,</strong></span> <span class='ocrx_word' id='word_1_80' title='bbox 1292 1813 1452 1863; x_wconf 80' lang='lat' dir='ltr'><strong>unam</strong></span> <span class='ocrx_word' id='word_1_81' title='bbox 1496 1797 1713 1866; x_wconf 88' lang='lat' dir='ltr'><strong>quidem</strong></span> <span class='ocrx_word' id='word_1_82' title='bbox 1757 1795 2122 1848; x_wconf 83' lang='lat' dir='ltr'><strong>communica-</strong></span> 
     </span>
    </p>
   </div>
   <div class='ocr_carea' id='block_1_15' title="bbox 571 1883 2117 1950">
    <p class='ocr_par' dir='ltr' id='par_1_15' title="bbox 571 1883 2117 1950">
     <span class='ocr_line' id='line_1_15' title="bbox 571 1883 2117 1950; baseline -0.008 -3"><span class='ocrx_word' id='word_1_83' title='bbox 571 1898 773 1947; x_wconf 84' lang='lat' dir='ltr'><strong>tionem</strong></span> <span class='ocrx_word' id='word_1_84' title='bbox 812 1907 918 1944; x_wconf 91' lang='lat' dir='ltr'><strong>non</strong></span> <span class='ocrx_word' id='word_1_85' title='bbox 949 1892 1212 1942; x_wconf 83' lang='lat' dir='ltr'><strong>habentes</strong></span> <span class='ocrx_word' id='word_1_86' title='bbox 1236 1889 1299 1939; x_wconf 90' lang='lat' dir='ltr'><strong>ad</strong></span> <span class='ocrx_word' id='word_1_87' title='bbox 1326 1889 1516 1950; x_wconf 90' lang='lat' dir='ltr'><strong>altare,</strong></span> <span class='ocrx_word' id='word_1_88' title='bbox 1540 1888 1590 1938; x_wconf 91' lang='lat' dir='ltr'><strong>in</strong></span> <span class='ocrx_word' id='word_1_89' title='bbox 1621 1885 1804 1938; x_wconf 79' lang='lat' dir='ltr'><strong>multis</strong></span> <span class='ocrx_word' id='word_1_90' title='bbox 1827 1892 2003 1936; x_wconf 86' lang='lat' dir='ltr'><strong>autem</strong></span> <span class='ocrx_word' id='word_1_91' title='bbox 2033 1883 2117 1936; x_wconf 84' lang='lat' dir='ltr'><strong>ha-</strong></span> 
     </span>
    </p>
   </div>
   <div class='ocr_carea' id='block_1_16' title="bbox 578 1973 2123 2040">
    <p class='ocr_par' dir='ltr' id='par_1_16' title="bbox 578 1973 2123 2040">
     <span class='ocr_line' id='line_1_16' title="bbox 578 1973 2123 2040; baseline -0.007 -4"><span class='ocrx_word' id='word_1_92' title='bbox 578 1989 762 2036; x_wconf 74' lang='lat' dir='ltr'><strong>hnntes</strong></span> <span class='ocrx_word' id='word_1_93' title='bbox 804 1988 1154 2040; x_wconf 72' lang='lat' dir='ltr'><strong>conventum,</strong></span> <span class='ocrx_word' id='word_1_94' title='bbox 1195 1987 1246 2030; x_wconf 87' lang='lat' dir='ltr'><strong>et</strong></span> <span class='ocrx_word' id='word_1_95' title='bbox 1294 1978 1604 2030; x_wconf 81' lang='lat' dir='ltr'><strong>muliebrem</strong></span> <span class='ocrx_word' id='word_1_96' title='bbox 1633 1983 1829 2028; x_wconf 66' lang='lat' dir='ltr'><strong>emtum</strong></span> <span class='ocrx_word' id='word_1_97' title='bbox 1862 1973 2123 2028; x_wconf 77' lang='lat' dir='ltr'><strong>ecclesia-</strong></span> 
     </span>
    </p>
   </div>
   <div class='ocr_carea' id='block_1_17' title="bbox 576 2073 1049 2138">
    <p class='ocr_par' dir='ltr' id='par_1_17' title="bbox 576 2073 1049 2138">
     <span class='ocr_line' id='line_1_17' title="bbox 576 2073 1049 2138; baseline -0.019 -10"><span class='ocrx_word' id='word_1_98' title='bbox 576 2075 709 2128; x_wconf 79' lang='lat' dir='ltr'><strong>sticc</strong></span> <span class='ocrx_word' id='word_1_99' title='bbox 739 2073 1049 2138; x_wconf 75' lang='lat' dir='ltr'><strong>dirigentes.</strong></span> 
     </span>
    </p>
   </div>
   <div class='ocr_carea' id='block_1_18' title="bbox 648 2152 2122 2222">
    <p class='ocr_par' dir='ltr' id='par_1_18' title="bbox 648 2152 2122 2222">
     <span class='ocr_line' id='line_1_18' title="bbox 648 2152 2122 2222; baseline -0.006 -8"><span class='ocrx_word' id='word_1_100' title='bbox 648 2162 841 2214; x_wconf 80' lang='lat' dir='ltr'><strong>Interr.</strong></span> <span class='ocrx_word' id='word_1_101' title='bbox 877 2160 968 2213; x_wconf 77' lang='lat'><strong>36.</strong></span> <span class='ocrx_word' id='word_1_102' title='bbox 999 2157 1078 2211; x_wconf 87' lang='lat' dir='ltr'><strong>An</strong></span> <span class='ocrx_word' id='word_1_103' title='bbox 1115 2155 1479 2209; x_wconf 84' lang='lat' dir='ltr'><strong>subdiaconus</strong></span> <span class='ocrx_word' id='word_1_104' title='bbox 1517 2163 1569 2205; x_wconf 93' lang='lat' dir='ltr'><strong>et</strong></span> <span class='ocrx_word' id='word_1_105' title='bbox 1593 2153 1849 2208; x_wconf 81' lang='lat' dir='ltr'><strong>diaconus</strong></span> <span class='ocrx_word' id='word_1_106' title='bbox 1886 2152 2122 2222; x_wconf 75' lang='lat' dir='ltr'><strong>legitime</strong></span> 
     </span>
    </p>
   </div>
   <div class='ocr_carea' id='block_1_19' title="bbox 573 2244 1656 2321">
    <p class='ocr_par' dir='ltr' id='par_1_19' title="bbox 573 2244 1656 2321">
     <span class='ocr_line' id='line_1_19' title="bbox 573 2244 1656 2321; baseline -0.007 -18"><span class='ocrx_word' id='word_1_107' title='bbox 573 2253 745 2321; x_wconf 73' lang='lat' dir='ltr'><strong>possit</strong></span> <span class='ocrx_word' id='word_1_108' title='bbox 774 2265 892 2303; x_wconf 90' lang='lat' dir='ltr'><strong>cum</strong></span> <span class='ocrx_word' id='word_1_109' title='bbox 925 2248 1146 2300; x_wconf 80' lang='lat' dir='ltr'><strong>muliere</strong></span> <span class='ocrx_word' id='word_1_110' title='bbox 1170 2244 1434 2314; x_wconf 85' lang='lat' dir='ltr'><strong>copulari,</strong></span> <span class='ocrx_word' id='word_1_111' title='bbox 1467 2257 1656 2297; x_wconf 86' lang='lat' dir='ltr'><strong>necne.</strong></span> 
     </span>
    </p>
   </div>
   <div class='ocr_carea' id='block_1_20' title="bbox 644 2337 2123 2412">
    <p class='ocr_par' dir='ltr' id='par_1_20' title="bbox 644 2337 2123 2412">
     <span class='ocr_line' id='line_1_20' title="bbox 644 2337 2123 2412; baseline -0.006 -13"><span class='ocrx_word' id='word_1_112' title='bbox 644 2347 797 2412; x_wconf 80' lang='lat' dir='ltr'><strong>Resp.</strong></span> <span class='ocrx_word' id='word_1_113' title='bbox 839 2346 903 2398; x_wconf 83' lang='lat' dir='ltr'><strong>Et</strong></span> <span class='ocrx_word' id='word_1_114' title='bbox 932 2357 1186 2403; x_wconf 82' lang='lat' dir='ltr'><strong>canones,</strong></span> <span class='ocrx_word' id='word_1_115' title='bbox 1220 2351 1270 2393; x_wconf 91' lang='lat' dir='ltr'><strong>et</strong></span> <span class='ocrx_word' id='word_1_116' title='bbox 1305 2337 1451 2407; x_wconf 89' lang='lat' dir='ltr'><strong>leges</strong></span> <span class='ocrx_word' id='word_1_117' title='bbox 1487 2338 1646 2390; x_wconf 71' lang='lat' dir='ltr'><strong>varia:</strong></span> <span class='ocrx_word' id='word_1_118' title='bbox 1675 2343 1854 2390; x_wconf 85' lang='lat' dir='ltr'><strong>vetant</strong></span> <span class='ocrx_word' id='word_1_119' title='bbox 1883 2344 2123 2390; x_wconf 83' lang='lat' dir='ltr'><strong>sacratos</strong></span> 
     </span>
    </p>
   </div>
   <div class='ocr_carea' id='block_1_21' title="bbox 577 2427 2121 2506">
    <p class='ocr_par' dir='ltr' id='par_1_21' title="bbox 577 2427 2121 2506">
     <span class='ocr_line' id='line_1_21' title="bbox 577 2427 2121 2506; baseline -0.008 -16"><span class='ocrx_word' id='word_1_120' title='bbox 577 2446 696 2506; x_wconf 84' lang='lat' dir='ltr'><strong>post</strong></span> <span class='ocrx_word' id='word_1_121' title='bbox 720 2434 1113 2488; x_wconf 84' lang='lat' dir='ltr'><strong>ordinationem</strong></span> <span class='ocrx_word' id='word_1_122' title='bbox 1142 2429 1464 2484; x_wconf 91' lang='lat' dir='ltr'><strong>mulieribus</strong></span> <span class='ocrx_word' id='word_1_123' title='bbox 1487 2427 1762 2496; x_wconf 87' lang='lat' dir='ltr'><strong>conjungi.</strong></span> <span class='ocrx_word' id='word_1_124' title='bbox 1788 2427 1922 2480; x_wconf 89' lang='lat' dir='ltr'><strong>Cum</strong></span> <span class='ocrx_word' id='word_1_125' title='bbox 1944 2435 2121 2479; x_wconf 86' lang='lat' dir='ltr'><strong>autem</strong></span> 
     </span>
    </p>
   </div>
   <div class='ocr_carea' id='block_1_22' title="bbox 571 2515 2124 2595">
    <p class='ocr_par' dir='ltr' id='par_1_22' title="bbox 571 2515 2124 2595">
     <span class='ocr_line' id='line_1_22' title="bbox 571 2515 2124 2595; baseline -0.003 -22"><span class='ocrx_word' id='word_1_126' title='bbox 571 2527 654 2595; x_wconf 80' lang='lat' dir='ltr'><strong>(ut</strong></span> <span class='ocrx_word' id='word_1_127' title='bbox 696 2522 922 2588; x_wconf 79' lang='lat' dir='ltr'><strong>videtur)</strong></span> <span class='ocrx_word' id='word_1_128' title='bbox 972 2522 1289 2573; x_wconf 58' lang='lat' dir='ltr'><strong>canonicum</strong></span> <span class='ocrx_word' id='word_1_129' title='bbox 1340 2518 1442 2571; x_wconf 86' lang='lat' dir='ltr'><strong>hoc</strong></span> <span class='ocrx_word' id='word_1_130' title='bbox 1494 2523 1926 2570; x_wconf 86' lang='lat' dir='ltr'><strong>contemneretur</strong></span> <span class='ocrx_word' id='word_1_131' title='bbox 1958 2515 2124 2568; x_wconf 92' lang='lat' dir='ltr'><strong>inter-</strong></span> 
     </span>
    </p>
   </div>
   <div class='ocr_carea' id='block_1_23' title="bbox 575 2603 2122 2676">
    <p class='ocr_par' dir='ltr' id='par_1_23' title="bbox 575 2603 2122 2676">
     <span class='ocr_line' id='line_1_23' title="bbox 575 2603 2122 2676; baseline -0.008 -10"><span class='ocrx_word' id='word_1_132' title='bbox 575 2617 798 2676; x_wconf 87' lang='lat' dir='ltr'><strong>dictum,</strong></span> <span class='ocrx_word' id='word_1_133' title='bbox 847 2613 984 2664; x_wconf 90' lang='lat' dir='ltr'><strong>inter</strong></span> <span class='ocrx_word' id='word_1_134' title='bbox 1027 2609 1385 2676; x_wconf 86' lang='lat' dir='ltr'><strong>imperatores</strong></span> <span class='ocrx_word' id='word_1_135' title='bbox 1436 2605 1668 2674; x_wconf 82' lang='lat' dir='ltr'><strong>inclytus</strong></span> <span class='ocrx_word' id='word_1_136' title='bbox 1695 2611 1749 2658; x_wconf 90' lang='lat' dir='ltr'><strong>et</strong></span> <span class='ocrx_word' id='word_1_137' title='bbox 1787 2603 2122 2673; x_wconf 85' lang='lat' dir='ltr'><strong>sapientissi-</strong></span> 
     </span>
    </p>
   </div>
   <div class='ocr_carea' id='block_1_24' title="bbox 575 2692 2118 2765">
    <p class='ocr_par' dir='ltr' id='par_1_24' title="bbox 575 2692 2118 2765">
     <span class='ocr_line' id='line_1_24' title="bbox 575 2692 2118 2765; baseline -0.008 -8"><span class='ocrx_word' id='word_1_138' title='bbox 575 2719 696 2758; x_wconf 83' lang='lat' dir='ltr'><strong>mus</strong></span> <span class='ocrx_word' id='word_1_139' title='bbox 721 2702 970 2755; x_wconf 87' lang='lat' dir='ltr'><strong>dominus</strong></span> <span class='ocrx_word' id='word_1_140' title='bbox 993 2698 1100 2752; x_wconf 87' lang='lat' dir='ltr'><strong>Leo</strong></span> <span class='ocrx_word' id='word_1_141' title='bbox 1130 2710 1225 2765; x_wconf 90' lang='lat' dir='ltr'><strong>per</strong></span> <span class='ocrx_word' id='word_1_142' title='bbox 1254 2694 1529 2749; x_wconf 82' lang='lat' dir='ltr'><strong>Novellam</strong></span> <span class='ocrx_word' id='word_1_143' title='bbox 1566 2694 1899 2747; x_wconf 85' lang='lat' dir='ltr'><strong>sanctionem</strong></span> <span class='ocrx_word' id='word_1_144' title='bbox 1932 2692 2118 2746; x_wconf 87' lang='lat' dir='ltr'><strong>vitium</strong></span> 
     </span>
    </p>
   </div>
   <div class='ocr_carea' id='block_1_25' title="bbox 571 2785 2118 2856">
    <p class='ocr_par' dir='ltr' id='par_1_25' title="bbox 571 2785 2118 2856">
     <span class='ocr_line' id='line_1_25' title="bbox 571 2785 2118 2856; baseline -0.006 -10"><span class='ocrx_word' id='word_1_145' title='bbox 571 2793 894 2846; x_wconf 82' lang='lat' dir='ltr'><strong>emendavit.</strong></span> <span class='ocrx_word' id='word_1_146' title='bbox 954 2789 1132 2855; x_wconf 84' lang='lat' dir='ltr'><strong>Inquit</strong></span> <span class='ocrx_word' id='word_1_147' title='bbox 1190 2787 1334 2840; x_wconf 88' lang='lat' dir='ltr'><strong>enim</strong></span> <span class='ocrx_word' id='word_1_148' title='bbox 1385 2785 1496 2838; x_wconf 64' lang='lat' dir='ltr'><strong>hac</strong></span> <span class='ocrx_word' id='word_1_149' title='bbox 1529 2785 1584 2838; x_wconf 92' lang='lat' dir='ltr'><strong>in</strong></span> <span class='ocrx_word' id='word_1_150' title='bbox 1628 2793 1780 2856; x_wconf 85' lang='lat' dir='ltr'><strong>parte</strong></span> <span class='ocrx_word' id='word_1_151' title='bbox 1826 2786 2118 2852; x_wconf 79' lang='lat' dir='ltr'><strong>expressim</strong></span> 
     </span>
    </p>
   </div>
   <div class='ocr_carea' id='block_1_26' title="bbox 573 2873 2119 2949">
    <p class='ocr_par' dir='ltr' id='par_1_26' title="bbox 573 2873 2119 2949">
     <span class='ocr_line' id='line_1_26' title="bbox 573 2873 2119 2949; baseline -0.006 -13"><span class='ocrx_word' id='word_1_152' title='bbox 573 2883 732 2936; x_wconf 82' lang='lat' dir='ltr'><strong>tertia</strong></span> <span class='ocrx_word' id='word_1_153' title='bbox 767 2881 885 2949; x_wconf 82' lang='lat' dir='ltr'><strong>ejus</strong></span> <span class='ocrx_word' id='word_1_154' title='bbox 931 2877 1145 2931; x_wconf 79' lang='lat' dir='ltr'><strong>Novella</strong></span> <span class='ocrx_word' id='word_1_155' title='bbox 1181 2875 1479 2930; x_wconf 82' lang='lat' dir='ltr'><strong>:Jubemus</strong></span> <span class='ocrx_word' id='word_1_156' title='bbox 1506 2883 1564 2928; x_wconf 90' lang='lat' dir='ltr'><strong>ut</strong></span> <span class='ocrx_word' id='word_1_157' title='bbox 1593 2876 1660 2929; x_wconf 87' lang='lat' dir='ltr'><strong>ad</strong></span> <span class='ocrx_word' id='word_1_158' title='bbox 1692 2883 1845 2930; x_wconf 84' lang='lat' dir='ltr'><strong>vetus</strong></span> <span class='ocrx_word' id='word_1_159' title='bbox 1872 2873 2119 2930; x_wconf 76' lang='lat' dir='ltr'><strong>Ecclesia:</strong></span> 
     </span>
    </p>
   </div>
   <div class='ocr_carea' id='block_1_27' title="bbox 577 2963 2116 3042">
    <p class='ocr_par' dir='ltr' id='par_1_27' title="bbox 577 2963 2116 3042">
     <span class='ocr_line' id='line_1_27' title="bbox 577 2963 2116 3042; baseline -0.006 -17"><span class='ocrx_word' id='word_1_160' title='bbox 577 2987 806 3042; x_wconf 83' lang='lat' dir='ltr'><strong>superne</strong></span> <span class='ocrx_word' id='word_1_161' title='bbox 822 2971 1073 3024; x_wconf 86' lang='lat' dir='ltr'><strong>traditum</strong></span> <span class='ocrx_word' id='word_1_162' title='bbox 1091 2965 1459 3036; x_wconf 66' lang='lat' dir='ltr'><strong>praescriptum</strong></span> <span class='ocrx_word' id='word_1_163' title='bbox 1484 2965 1787 3019; x_wconf 84' lang='lat' dir='ltr'><strong>creationes</strong></span> <span class='ocrx_word' id='word_1_164' title='bbox 1805 2963 2116 3034; x_wconf 85' lang='lat' dir='ltr'><strong>procedant:</strong></span> 
     </span>
    </p>
   </div>
   <div class='ocr_carea' id='block_1_28' title="bbox 1803 327 2603 390">
    <p class='ocr_par' dir='ltr' id='par_1_28' title="bbox 1803 327 2603 390">
     <span class='ocr_line' id='line_1_28' title="bbox 1803 327 2603 390; baseline 0.003 -4"><span class='ocrx_word' id='word_1_165' title='bbox 1803 327 2074 390; x_wconf 68' lang='lat' dir='ltr'><strong>THEOD.</strong></span> <span class='ocrx_word' id='word_1_166' title='bbox 2120 327 2603 389; x_wconf 73' lang='lat' dir='ltr'><strong>BALSAMONlS</strong></span> 
     </span>
    </p>
   </div>
   <div class='ocr_carea' id='block_1_29' title="bbox 649 441 2192 511">
    <p class='ocr_par' dir='ltr' id='par_1_29' title="bbox 649 441 2192 511">
     <span class='ocr_line' id='line_1_29' title="bbox 649 441 2192 511; baseline 0.001 -14"><span class='ocrx_word' id='word_1_167' title='bbox 649 441 801 511; x_wconf 83' lang='lat' dir='ltr'><strong>Resp.</strong></span> <span class='ocrx_word' id='word_1_168' title='bbox 833 442 969 495; x_wconf 79' lang='lat' dir='ltr'><strong>Alibi</strong></span> <span class='ocrx_word' id='word_1_169' title='bbox 1019 443 1177 494; x_wconf 64' lang='lat' dir='ltr'><strong>etiam</strong></span> <span class='ocrx_word' id='word_1_170' title='bbox 1226 441 1479 503; x_wconf 74' lang='lat' dir='ltr'><strong>diximus,</strong></span> <span class='ocrx_word' id='word_1_171' title='bbox 1530 441 1658 497; x_wconf 67' lang='lat' dir='ltr'><strong>auiis</strong></span> <span class='ocrx_word' id='word_1_172' title='bbox 1707 444 1964 498; x_wconf 74' lang='lat' dir='ltr'><strong>tributum</strong></span> <span class='ocrx_word' id='word_1_173' title='bbox 2001 462 2118 499; x_wconf 67' lang='lat' dir='ltr'><strong>(ssc</strong></span> <span class='ocrx_word' id='word_1_174' title='bbox 2150 455 2192 508; x_wconf 77' lang='grc' dir='ltr'>Α</span> 
     </span>
    </p>
   </div>
   <div class='ocr_carea' id='block_1_30' title="bbox 3676 335 3778 399">
    <p class='ocr_par' dir='ltr' id='par_1_30' title="bbox 3676 335 3778 399">
     <span class='ocr_line' id='line_1_30' title="bbox 3676 335 3778 399; baseline -0.01 0"><span class='ocrx_word' id='word_1_175' title='bbox 3676 335 3778 399; x_wconf 62' lang='lat'><strong>9.58</strong></span> 
     </span>
    </p>
   </div>
   <div class='ocr_carea' id='block_1_31' title="bbox 2305 450 3775 531">
    <p class='ocr_par' dir='ltr' id='par_1_31' title="bbox 2305 450 3775 531">
     <span class='ocr_line' id='line_1_31' title="bbox 2305 450 3775 531; baseline 0.009 -28"><span class='ocrx_word' id='word_1_176' title='bbox 2305 452 2501 505; x_wconf 69' lang='grc' dir='ltr'>Ἁπόπ.</span> <span class='ocrx_word' id='word_1_177' title='bbox 2545 453 2648 504; x_wconf 74' lang='grc' dir='ltr'><strong>Καὶ</strong></span> <span class='ocrx_word' id='word_1_178' title='bbox 2692 450 2872 504; x_wconf 76' lang='grc' dir='ltr'>ἄλλοτε</span> <span class='ocrx_word' id='word_1_179' title='bbox 2908 451 3144 522; x_wconf 63' lang='grc' dir='ltr'>εἴπομεν,</span> <span class='ocrx_word' id='word_1_180' title='bbox 3189 458 3368 526; x_wconf 65' lang='grc' dir='ltr'>μόνοις</span> <span class='ocrx_word' id='word_1_181' title='bbox 3408 464 3524 523; x_wconf 81' lang='grc' dir='ltr'>τοῖς</span> <span class='ocrx_word' id='word_1_182' title='bbox 3569 461 3775 531; x_wconf 73' lang='grc' dir='ltr'>ἱερεῦσι</span> 
     </span>
    </p>
   </div>
   <div class='ocr_carea' id='block_1_32' title="bbox 2225 542 3775 617">
    <p class='ocr_par' dir='ltr' id='par_1_32' title="bbox 2225 542 3775 617">
     <span class='ocr_line' id='line_1_32' title="bbox 2225 542 3775 617; baseline 0.01 -26"><span class='ocrx_word' id='word_1_183' title='bbox 2225 542 2360 608; x_wconf 71' lang='grc' dir='ltr'>μετὰ</span> <span class='ocrx_word' id='word_1_184' title='bbox 2409 543 2771 610; x_wconf 78' lang='grc' dir='ltr'>ὲπισκοπικῆς</span> <span class='ocrx_word' id='word_1_185' title='bbox 2822 546 3173 612; x_wconf 79' lang='grc' dir='ltr'><strong>ἐκχωρήσεως</strong></span> <span class='ocrx_word' id='word_1_186' title='bbox 3213 549 3496 617; x_wconf 74' lang='grc' dir='ltr'><strong>δεδομένον</strong></span> <span class='ocrx_word' id='word_1_187' title='bbox 3543 548 3691 604; x_wconf 83' lang='grc' dir='ltr'>εἶναι</span> <span class='ocrx_word' id='word_1_188' title='bbox 3719 556 3775 607; x_wconf 76' lang='grc' dir='ltr'>τὸ</span> 
     </span>
    </p>
   </div>
   <div class='ocr_carea' id='block_1_33' title="bbox 2220 631 3770 708">
    <p class='ocr_par' dir='ltr' id='par_1_33' title="bbox 2220 631 3770 708">
     <span class='ocr_line' id='line_1_33' title="bbox 2220 631 3770 708; baseline 0.008 -27"><span class='ocrx_word' id='word_1_189' title='bbox 2220 631 2468 699; x_wconf 85' lang='grc' dir='ltr'>δέχεσθαι</span> <span class='ocrx_word' id='word_1_190' title='bbox 2515 631 2826 700; x_wconf 85' lang='grc' dir='ltr'>λογισμούς.</span> <span class='ocrx_word' id='word_1_191' title='bbox 2911 635 3004 686; x_wconf 79' lang='grc' dir='ltr'>Ἀν</span> <span class='ocrx_word' id='word_1_192' title='bbox 3045 637 3173 699; x_wconf 84' lang='grc' dir='ltr'>γοῦν</span> <span class='ocrx_word' id='word_1_193' title='bbox 3220 638 3337 690; x_wconf 74' lang='grc' dir='ltr'>οὐδὲ</span> <span class='ocrx_word' id='word_1_194' title='bbox 3377 641 3594 708; x_wconf 73' lang='grc' dir='ltr'>ἀνίερος</span> <span class='ocrx_word' id='word_1_195' title='bbox 3641 647 3770 694; x_wconf 68' lang='grc' dir='ltr'>καθ-</span> 
     </span>
    </p>
   </div>
   <div class='ocr_carea' id='block_1_34' title="bbox 2221 720 3774 796">
    <p class='ocr_par' dir='ltr' id='par_1_34' title="bbox 2221 720 3774 796">
     <span class='ocr_line' id='line_1_34' title="bbox 2221 720 3774 796; baseline 0.007 -26"><span class='ocrx_word' id='word_1_196' title='bbox 2221 720 2523 788; x_wconf 80' lang='grc' dir='ltr'>ηγούμενος</span> <span class='ocrx_word' id='word_1_197' title='bbox 2565 720 2702 789; x_wconf 88' lang='grc' dir='ltr'><strong>μετά</strong></span> <span class='ocrx_word' id='word_1_198' title='bbox 2740 725 3097 792; x_wconf 79' lang='grc' dir='ltr'>ὲπισκοπικῆς</span> <span class='ocrx_word' id='word_1_199' title='bbox 3137 727 3496 796; x_wconf 75' lang='grc' dir='ltr'><strong>ἐκχωρήσεως</strong></span> <span class='ocrx_word' id='word_1_200' title='bbox 3547 730 3774 782; x_wconf 69' lang='grc' dir='ltr'>δύναται</span> 
     </span>
    </p>
   </div>
   <div class='ocr_carea' id='block_1_35' title="bbox 2219 811 3770 890">
    <p class='ocr_par' dir='ltr' id='par_1_35' title="bbox 2219 811 3770 890">
     <span class='ocr_line' id='line_1_35' title="bbox 2219 811 3770 890; baseline 0.005 -28"><span class='ocrx_word' id='word_1_201' title='bbox 2219 811 2466 879; x_wconf 85' lang='grc' dir='ltr'>δέχεσθαι</span> <span class='ocrx_word' id='word_1_202' title='bbox 2511 812 2836 879; x_wconf 76' lang='grc' dir='ltr'>λογισμοὺς,</span> <span class='ocrx_word' id='word_1_203' title='bbox 2887 813 3065 882; x_wconf 87' lang='grc' dir='ltr'>πολλῷ</span> <span class='ocrx_word' id='word_1_204' title='bbox 3110 816 3270 868; x_wconf 81' lang='grc' dir='ltr'>πλέον</span> <span class='ocrx_word' id='word_1_205' title='bbox 3331 819 3430 869; x_wconf 74' lang='grc' dir='ltr'>οὐκ</span> <span class='ocrx_word' id='word_1_206' title='bbox 3477 822 3770 890; x_wconf 63' lang='grc' dir='ltr'>ἐπιχωρηθῇ</span> 
     </span>
    </p>
   </div>
   <div class='ocr_carea' id='block_1_36' title="bbox 2219 898 3770 978">
    <p class='ocr_par' dir='ltr' id='par_1_36' title="bbox 2219 898 3770 978">
     <span class='ocr_line' id='line_1_36' title="bbox 2219 898 3770 978; baseline 0.008 -29"><span class='ocrx_word' id='word_1_207' title='bbox 2219 899 2375 949; x_wconf 85' lang='grc' dir='ltr'>τοῦτο</span> <span class='ocrx_word' id='word_1_208' title='bbox 2413 898 2562 966; x_wconf 80' lang='grc' dir='ltr'>παρὰ</span> <span class='ocrx_word' id='word_1_209' title='bbox 2597 899 3008 969; x_wconf 84' lang='grc' dir='ltr'>καθηγουμένης</span> <span class='ocrx_word' id='word_1_210' title='bbox 3047 901 3326 967; x_wconf 80' lang='grc' dir='ltr'>γίνεσθαι,</span> <span class='ocrx_word' id='word_1_211' title='bbox 3388 905 3489 958; x_wconf 76' lang='grc' dir='ltr'>κᾶν</span> <span class='ocrx_word' id='word_1_212' title='bbox 3522 911 3556 976; x_wconf 84' lang='grc' dir='ltr'><strong>ή</strong></span> <span class='ocrx_word' id='word_1_213' title='bbox 3603 911 3770 978; x_wconf 71' lang='grc' dir='ltr'>ἀρετὴ</span> 
     </span>
    </p>
   </div>
   <div class='ocr_carea' id='block_1_37' title="bbox 2221 988 3078 1058">
    <p class='ocr_par' dir='ltr' id='par_1_37' title="bbox 2221 988 3078 1058">
     <span class='ocr_line' id='line_1_37' title="bbox 2221 988 3078 1058; baseline 0.002 -17"><span class='ocrx_word' id='word_1_214' title='bbox 2221 989 2387 1054; x_wconf 77' lang='grc' dir='ltr'>αὐτῆς</span> <span class='ocrx_word' id='word_1_215' title='bbox 2418 988 2606 1058; x_wconf 80' lang='grc' dir='ltr'>λάμπῃ</span> <span class='ocrx_word' id='word_1_216' title='bbox 2629 989 2766 1056; x_wconf 79' lang='grc' dir='ltr'>ὑπὲρ</span> <span class='ocrx_word' id='word_1_217' title='bbox 2797 990 2888 1041; x_wconf 76' lang='grc' dir='ltr'>τὸν</span> <span class='ocrx_word' id='word_1_218' title='bbox 2908 989 3078 1058; x_wconf 77' lang='grc' dir='ltr'>ἥλιον.</span> 
     </span>
    </p>
   </div>
   <div class='ocr_carea' id='block_1_38' title="bbox 2303 1077 3770 1152">
    <p class='ocr_par' dir='ltr' id='par_1_38' title="bbox 2303 1077 3770 1152">
     <span class='ocr_line' id='line_1_38' title="bbox 2303 1077 3770 1152; baseline -0.003 -20"><span class='ocrx_word' id='word_1_219' title='bbox 2303 1077 2650 1141; x_wconf 72' lang='grc' dir='ltr'><strong>Ἐρὼτ.’λε’.</strong></span> <span class='ocrx_word' id='word_1_220' title='bbox 2715 1082 2775 1131; x_wconf 85' lang='lat' dir='ltr'><strong>Ol</strong></span> <span class='ocrx_word' id='word_1_221' title='bbox 2820 1080 2947 1132; x_wconf 83' lang='grc' dir='ltr'>θεῖοι</span> <span class='ocrx_word' id='word_1_222' title='bbox 3001 1082 3218 1144; x_wconf 76' lang='grc' dir='ltr'><strong>κανόνες</strong></span> <span class='ocrx_word' id='word_1_223' title='bbox 3282 1084 3583 1152; x_wconf 72' lang='grc' dir='ltr'>μέμνηνται</span> <span class='ocrx_word' id='word_1_224' title='bbox 3656 1088 3770 1140; x_wconf 64' lang='lat' dir='ltr'><strong>au-</strong></span> 
     </span>
    </p>
   </div>
   <div class='ocr_carea' id='block_1_39' title="bbox 2221 1166 3771 1240">
    <p class='ocr_par' dir='ltr' id='par_1_39' title="bbox 2221 1166 3771 1240">
     <span class='ocr_line' id='line_1_39' title="bbox 2221 1166 3771 1240; baseline 0.005 -20"><span class='ocrx_word' id='word_1_225' title='bbox 2221 1169 2498 1220; x_wconf 81' lang='grc' dir='ltr'>κονισσῶν.</span> <span class='ocrx_word' id='word_1_226' title='bbox 2521 1169 2793 1238; x_wconf 86' lang='grc' dir='ltr'>Ζητοῦμεν</span> <span class='ocrx_word' id='word_1_227' title='bbox 2815 1166 2909 1222; x_wconf 84' lang='grc' dir='ltr'><strong>οῦν</strong></span> <span class='ocrx_word' id='word_1_228' title='bbox 2943 1173 3130 1240; x_wconf 82' lang='grc' dir='ltr'><strong>μαθεῖν</strong></span> <span class='ocrx_word' id='word_1_229' title='bbox 3163 1174 3310 1226; x_wconf 80' lang='grc' dir='ltr'>ποῖόν</span> <span class='ocrx_word' id='word_1_230' title='bbox 3333 1177 3449 1229; x_wconf 65' lang='grc' dir='ltr'>ἐστι</span> <span class='ocrx_word' id='word_1_231' title='bbox 3477 1177 3538 1229; x_wconf 84' lang='grc' dir='ltr'><strong>τὺ</strong></span> <span class='ocrx_word' id='word_1_232' title='bbox 3560 1177 3771 1230; x_wconf 73' lang='grc' dir='ltr'>τούτων</span> 
     </span>
    </p>
   </div>
   <div class='ocr_carea' id='block_1_40' title="bbox 2221 1254 2604 1324">
    <p class='ocr_par' dir='ltr' id='par_1_40' title="bbox 2221 1254 2604 1324">
     <span class='ocr_line' id='line_1_40' title="bbox 2221 1254 2604 1324; baseline 0.008 -20"><span class='ocrx_word' id='word_1_233' title='bbox 2221 1254 2604 1324; x_wconf 79' lang='grc' dir='ltr'>λειτούργημα.</span> 
     </span>
    </p>
   </div>
   <div class='ocr_carea' id='block_1_41' title="bbox 2302 1344 3774 1414">
    <p class='ocr_par' dir='ltr' id='par_1_41' title="bbox 2302 1344 3774 1414">
     <span class='ocr_line' id='line_1_41' title="bbox 2302 1344 3774 1414; baseline 0.005 -19"><span class='ocrx_word' id='word_1_234' title='bbox 2302 1344 2503 1396; x_wconf 75' lang='grc' dir='ltr'>Ἀπόκ.</span> <span class='ocrx_word' id='word_1_235' title='bbox 2535 1344 2706 1395; x_wconf 83' lang='grc' dir='ltr'><strong>Πάλαι</strong></span> <span class='ocrx_word' id='word_1_236' title='bbox 2731 1345 2856 1397; x_wconf 75' lang='grc' dir='ltr'>ποτὲ</span> <span class='ocrx_word' id='word_1_237' title='bbox 2886 1345 2977 1397; x_wconf 82' lang='grc' dir='ltr'>καὶ</span> <span class='ocrx_word' id='word_1_238' title='bbox 3010 1345 3257 1414; x_wconf 78' lang='grc' dir='ltr'>τάγματα</span> <span class='ocrx_word' id='word_1_239' title='bbox 3277 1349 3629 1403; x_wconf 82' lang='grc' dir='ltr'>διακονισσῶν</span> <span class='ocrx_word' id='word_1_240' title='bbox 3663 1357 3774 1413; x_wconf 82' lang='grc' dir='ltr'>τοῖς</span> 
     </span>
    </p>
   </div>
   <div class='ocr_carea' id='block_1_42' title="bbox 2221 1434 3770 1511">
    <p class='ocr_par' dir='ltr' id='par_1_42' title="bbox 2221 1434 3770 1511">
     <span class='ocr_line' id='line_1_42' title="bbox 2221 1434 3770 1511; baseline 0.005 -27"><span class='ocrx_word' id='word_1_241' title='bbox 2221 1434 2440 1486; x_wconf 77' lang='grc' dir='ltr'><strong>κανόσιν</strong></span> <span class='ocrx_word' id='word_1_242' title='bbox 2481 1435 2893 1502; x_wconf 82' lang='grc' dir='ltr'>ὲπεγινώσκετο.</span> <span class='ocrx_word' id='word_1_243' title='bbox 2930 1436 3020 1489; x_wconf 66' lang='grc' dir='ltr'>καὶ</span> <span class='ocrx_word' id='word_1_244' title='bbox 3060 1435 3203 1506; x_wconf 79' lang='grc' dir='ltr'>εἶχον</span> <span class='ocrx_word' id='word_1_245' title='bbox 3235 1441 3324 1492; x_wconf 84' lang='grc' dir='ltr'>καὶ</span> <span class='ocrx_word' id='word_1_246' title='bbox 3367 1437 3526 1492; x_wconf 74' lang='grc' dir='ltr'>αὗται</span> <span class='ocrx_word' id='word_1_247' title='bbox 3561 1443 3770 1511; x_wconf 68' lang='grc' dir='ltr'>βαθμὸν</span> 
     </span>
    </p>
   </div>
   <div class='ocr_carea' id='block_1_43' title="bbox 2220 1523 3770 1603">
    <p class='ocr_par' dir='ltr' id='par_1_43' title="bbox 2220 1523 3770 1603">
     <span class='ocr_line' id='line_1_43' title="bbox 2220 1523 3770 1603; baseline 0.006 -29"><span class='ocrx_word' id='word_1_248' title='bbox 2220 1525 2276 1575; x_wconf 76' lang='grc' dir='ltr'>ὲν</span> <span class='ocrx_word' id='word_1_249' title='bbox 2321 1523 2397 1593; x_wconf 83' lang='grc' dir='ltr'>τῷ</span> <span class='ocrx_word' id='word_1_250' title='bbox 2450 1524 2687 1594; x_wconf 82' lang='grc' dir='ltr'>βήματι·</span> <span class='ocrx_word' id='word_1_251' title='bbox 2748 1527 2778 1595; x_wconf 76' lang='grc' dir='ltr'>ἡ</span> <span class='ocrx_word' id='word_1_252' title='bbox 2827 1526 2884 1579; x_wconf 77' lang='grc' dir='ltr'><strong>δὲ</strong></span> <span class='ocrx_word' id='word_1_253' title='bbox 2934 1528 3039 1580; x_wconf 84' lang='grc' dir='ltr'><strong>τῶν</strong></span> <span class='ocrx_word' id='word_1_254' title='bbox 3087 1531 3342 1598; x_wconf 75' lang='grc' dir='ltr'><strong>ἐμμήνων</strong></span> <span class='ocrx_word' id='word_1_255' title='bbox 3389 1534 3636 1594; x_wconf 81' lang='grc' dir='ltr'><strong>κάκωσις</strong></span> <span class='ocrx_word' id='word_1_256' title='bbox 3674 1536 3770 1603; x_wconf 72' lang='grc' dir='ltr'>τὴν</span> 
     </span>
    </p>
   </div>
   <div class='ocr_carea' id='block_1_44' title="bbox 2221 1611 3769 1687">
    <p class='ocr_par' dir='ltr' id='par_1_44' title="bbox 2221 1611 3769 1687">
     <span class='ocr_line' id='line_1_44' title="bbox 2221 1611 3769 1687; baseline 0.006 -24"><span class='ocrx_word' id='word_1_257' title='bbox 2221 1611 2520 1681; x_wconf 73' lang='grc' dir='ltr'><strong>ὑπηρεσίαν</strong></span> <span class='ocrx_word' id='word_1_258' title='bbox 2570 1615 2765 1684; x_wconf 88' lang='grc' dir='ltr'>ταύτην</span> <span class='ocrx_word' id='word_1_259' title='bbox 2793 1618 2856 1667; x_wconf 82' lang='grc' dir='ltr'>ὲκ</span> <span class='ocrx_word' id='word_1_260' title='bbox 2879 1615 2971 1667; x_wconf 90' lang='grc' dir='ltr'><strong>τοῦ</strong></span> <span class='ocrx_word' id='word_1_261' title='bbox 3006 1615 3150 1668; x_wconf 86' lang='grc' dir='ltr'>θείου</span> <span class='ocrx_word' id='word_1_262' title='bbox 3177 1618 3267 1669; x_wconf 77' lang='grc' dir='ltr'>καὶ</span> <span class='ocrx_word' id='word_1_263' title='bbox 3303 1619 3455 1682; x_wconf 78' lang='grc' dir='ltr'>ἁγίου</span> <span class='ocrx_word' id='word_1_264' title='bbox 3527 1619 3769 1687; x_wconf 77' lang='grc' dir='ltr'>βήματος</span> 
     </span>
    </p>
   </div>
   <div class='ocr_carea' id='block_1_45' title="bbox 2220 1700 3767 1780">
    <p class='ocr_par' dir='ltr' id='par_1_45' title="bbox 2220 1700 3767 1780">
     <span class='ocr_line' id='line_1_45' title="bbox 2220 1700 3767 1780; baseline 0.006 -27"><span class='ocrx_word' id='word_1_265' title='bbox 2220 1700 2559 1763; x_wconf 62' lang='grc' dir='ltr'>ἀπεξὲνωκ·</span> <span class='ocrx_word' id='word_1_266' title='bbox 2601 1706 2747 1772; x_wconf 84' lang='grc' dir='ltr'>παρὰ</span> <span class='ocrx_word' id='word_1_267' title='bbox 2793 1706 2848 1756; x_wconf 74' lang='grc' dir='ltr'><strong>δὲ</strong></span> <span class='ocrx_word' id='word_1_268' title='bbox 2903 1708 2967 1774; x_wconf 82' lang='grc' dir='ltr'>τῇ</span> <span class='ocrx_word' id='word_1_269' title='bbox 3013 1706 3283 1776; x_wconf 79' lang='grc' dir='ltr'><strong>ἁγιωτάτῃ</strong></span> <span class='ocrx_word' id='word_1_270' title='bbox 3338 1709 3641 1780; x_wconf 63' lang='grc' dir='ltr'>Ἐκκλησία</span> <span class='ocrx_word' id='word_1_271' title='bbox 3680 1712 3767 1762; x_wconf 74' lang='grc' dir='ltr'><strong>τοῦ</strong></span> 
     </span>
    </p>
   </div>
   <div class='ocr_carea' id='block_1_46' title="bbox 2224 1791 3770 1868">
    <p class='ocr_par' dir='ltr' id='par_1_46' title="bbox 2224 1791 3770 1868">
     <span class='ocr_line' id='line_1_46' title="bbox 2224 1791 3770 1868; baseline 0.007 -27"><span class='ocrx_word' id='word_1_272' title='bbox 2224 1791 2413 1861; x_wconf 79' lang='grc' dir='ltr'>θρόνου</span> <span class='ocrx_word' id='word_1_273' title='bbox 2446 1792 2554 1844; x_wconf 83' lang='grc' dir='ltr'><strong>τῶν</strong></span> <span class='ocrx_word' id='word_1_274' title='bbox 2599 1793 3236 1847; x_wconf 83' lang='grc' dir='ltr'>Κωνσταντινουπολιτῶν</span> <span class='ocrx_word' id='word_1_275' title='bbox 3267 1797 3604 1851; x_wconf 78' lang='grc' dir='ltr'>διακόνισσαι</span> <span class='ocrx_word' id='word_1_276' title='bbox 3641 1818 3770 1868; x_wconf 66' lang='grc' dir='ltr'>προ-</span> 
     </span>
    </p>
   </div>
   <div class='ocr_carea' id='block_1_47' title="bbox 2223 1883 3771 1957">
    <p class='ocr_par' dir='ltr' id='par_1_47' title="bbox 2223 1883 3771 1957">
     <span class='ocr_line' id='line_1_47' title="bbox 2223 1883 3771 1957; baseline 0.008 -26"><span class='ocrx_word' id='word_1_277' title='bbox 2223 1883 2568 1952; x_wconf 76' lang='grc' dir='ltr'>χειρίζονται,</span> <span class='ocrx_word' id='word_1_278' title='bbox 2608 1885 2735 1952; x_wconf 88' lang='grc' dir='ltr'>μίαν</span> <span class='ocrx_word' id='word_1_279' title='bbox 2771 1886 2869 1951; x_wconf 74' lang='grc' dir='ltr'>μὲν</span> <span class='ocrx_word' id='word_1_280' title='bbox 2911 1889 3195 1953; x_wconf 73' lang='grc' dir='ltr'>μετουσίαν</span> <span class='ocrx_word' id='word_1_281' title='bbox 3235 1889 3308 1957; x_wconf 83' lang='grc' dir='ltr'>μὴ</span> <span class='ocrx_word' id='word_1_282' title='bbox 3339 1889 3561 1957; x_wconf 76' lang='grc' dir='ltr'>ἔχουσαι</span> <span class='ocrx_word' id='word_1_283' title='bbox 3597 1895 3657 1943; x_wconf 76' lang='grc' dir='ltr'>ὲν</span> <span class='ocrx_word' id='word_1_284' title='bbox 3697 1894 3771 1957; x_wconf 76' lang='grc' dir='ltr'>τῷ</span> 
     </span>
    </p>
   </div>
   <div class='ocr_carea' id='block_1_48' title="bbox 2224 1971 3770 2050">
    <p class='ocr_par' dir='ltr' id='par_1_48' title="bbox 2224 1971 3770 2050">
     <span class='ocr_line' id='line_1_48' title="bbox 2224 1971 3770 2050; baseline -0.004 -24"><span class='ocrx_word' id='word_1_285' title='bbox 2224 1971 2450 2040; x_wconf 82' lang='grc' dir='ltr'><strong>βήματι,</strong></span> <span class='ocrx_word' id='word_1_286' title='bbox 2497 1972 2951 2038; x_wconf 74' lang='grc' dir='ltr'>ὲκκλησιάζουσαι</span> <span class='ocrx_word' id='word_1_287' title='bbox 2991 1975 3046 2027; x_wconf 79' lang='grc' dir='ltr'><strong>δὲ</strong></span> <span class='ocrx_word' id='word_1_288' title='bbox 3078 1977 3145 2027; x_wconf 75' lang='grc' dir='ltr'>τὰ</span> <span class='ocrx_word' id='word_1_289' title='bbox 3194 1977 3377 2039; x_wconf 84' lang='grc' dir='ltr'>πολλὰ,</span> <span class='ocrx_word' id='word_1_290' title='bbox 3417 1980 3516 2031; x_wconf 81' lang='grc' dir='ltr'>καὶ</span> <span class='ocrx_word' id='word_1_291' title='bbox 3546 1980 3646 2050; x_wconf 68' lang='grc' dir='ltr'>τὴν</span> <span class='ocrx_word' id='word_1_292' title='bbox 3677 1999 3770 2046; x_wconf 65' lang='grc' dir='ltr'><strong>γυ-</strong></span> 
     </span>
    </p>
   </div>
   <div class='ocr_carea' id='block_1_49' title="bbox 2222 2062 3433 2135">
    <p class='ocr_par' dir='ltr' id='par_1_49' title="bbox 2222 2062 3433 2135">
     <span class='ocr_line' id='line_1_49' title="bbox 2222 2062 3433 2135; baseline 0.005 -23"><span class='ocrx_word' id='word_1_293' title='bbox 2222 2064 2526 2113; x_wconf 85' lang='grc' dir='ltr'>ναικωνῖτιν</span> <span class='ocrx_word' id='word_1_294' title='bbox 2550 2062 3014 2130; x_wconf 78' lang='grc' dir='ltr'>ὲκκλησιαστικῶς</span> <span class='ocrx_word' id='word_1_295' title='bbox 3038 2064 3433 2135; x_wconf 87' lang='grc' dir='ltr'>διορθούμεναι.</span> 
     </span>
    </p>
   </div>
   <div class='ocr_carea' id='block_1_50' title="bbox 2303 2148 3768 2220">
    <p class='ocr_par' dir='ltr' id='par_1_50' title="bbox 2303 2148 3768 2220">
     <span class='ocr_line' id='line_1_50' title="bbox 2303 2148 3768 2220; baseline 0.005 -17"><span class='ocrx_word' id='word_1_296' title='bbox 2303 2148 2498 2216; x_wconf 83' lang='grc' dir='ltr'>Ἐρώτ.</span> <span class='ocrx_word' id='word_1_297' title='bbox 2549 2151 2654 2216; x_wconf 72' lang='grc' dir='ltr'>λς’.</span> <span class='ocrx_word' id='word_1_298' title='bbox 2711 2153 3084 2218; x_wconf 79' lang='grc' dir='ltr'>’Υποδιάκονος</span> <span class='ocrx_word' id='word_1_299' title='bbox 3129 2155 3223 2208; x_wconf 76' lang='grc' dir='ltr'>καὶ</span> <span class='ocrx_word' id='word_1_300' title='bbox 3257 2157 3498 2220; x_wconf 79' lang='grc' dir='ltr'>διάκονος</span> <span class='ocrx_word' id='word_1_301' title='bbox 3549 2159 3768 2212; x_wconf 73' lang='grc' dir='ltr'>δύναται</span> 
     </span>
    </p>
   </div>
   <div class='ocr_carea' id='block_1_51' title="bbox 2220 2243 3276 2314">
    <p class='ocr_par' dir='ltr' id='par_1_51' title="bbox 2220 2243 3276 2314">
     <span class='ocr_line' id='line_1_51' title="bbox 2220 2243 3276 2314; baseline 0.004 -20"><span class='ocrx_word' id='word_1_302' title='bbox 2220 2243 2465 2311; x_wconf 77' lang='grc' dir='ltr'><strong>νομίμως</strong></span> <span class='ocrx_word' id='word_1_303' title='bbox 2493 2245 2820 2312; x_wconf 76' lang='grc' dir='ltr'>συναφθῆναι</span> <span class='ocrx_word' id='word_1_304' title='bbox 2855 2245 3094 2311; x_wconf 78' lang='grc' dir='ltr'>γυναικὶ,</span> <span class='ocrx_word' id='word_1_305' title='bbox 3123 2245 3154 2314; x_wconf 83' lang='grc' dir='ltr'>ἢ</span> <span class='ocrx_word' id='word_1_306' title='bbox 3180 2245 3240 2298; x_wconf 76' lang='grc' dir='ltr'>οὗ</span> <span class='ocrx_word' id='word_1_307' title='bbox 3263 2264 3276 2310; x_wconf 90' lang='lat'>;</span> 
     </span>
    </p>
   </div>
   <div class='ocr_carea' id='block_1_52' title="bbox 2304 2334 3765 2406">
    <p class='ocr_par' dir='ltr' id='par_1_52' title="bbox 2304 2334 3765 2406">
     <span class='ocr_line' id='line_1_52' title="bbox 2304 2334 3765 2406; baseline 0.001 -20"><span class='ocrx_word' id='word_1_308' title='bbox 2304 2334 2503 2387; x_wconf 79' lang='grc' dir='ltr'>Ἀπόκ.</span> <span class='ocrx_word' id='word_1_309' title='bbox 2532 2336 2638 2387; x_wconf 73' lang='grc' dir='ltr'><strong>Καὶ</strong></span> <span class='ocrx_word' id='word_1_310' title='bbox 2669 2336 2886 2398; x_wconf 83' lang='grc' dir='ltr'>κανόνες</span> <span class='ocrx_word' id='word_1_311' title='bbox 2917 2338 3009 2388; x_wconf 77' lang='grc' dir='ltr'>καὶ</span> <span class='ocrx_word' id='word_1_312' title='bbox 3035 2337 3187 2404; x_wconf 80' lang='grc' dir='ltr'>νόμοι</span> <span class='ocrx_word' id='word_1_313' title='bbox 3223 2336 3466 2406; x_wconf 79' lang='grc' dir='ltr'>διάφοροι</span> <span class='ocrx_word' id='word_1_314' title='bbox 3493 2339 3765 2391; x_wconf 76' lang='grc' dir='ltr'>κωλύουσι</span> 
     </span>
    </p>
   </div>
   <div class='ocr_carea' id='block_1_53' title="bbox 2220 2421 3768 2497">
    <p class='ocr_par' dir='ltr' id='par_1_53' title="bbox 2220 2421 3768 2497">
     <span class='ocr_line' id='line_1_53' title="bbox 2220 2421 3768 2497; baseline 0.004 -24"><span class='ocrx_word' id='word_1_315' title='bbox 2220 2421 2344 2484; x_wconf 75' lang='grc' dir='ltr'>τοὺς</span> <span class='ocrx_word' id='word_1_316' title='bbox 2397 2424 2720 2492; x_wconf 77' lang='grc' dir='ltr'>ίερωμένους</span> <span class='ocrx_word' id='word_1_317' title='bbox 2779 2425 3138 2478; x_wconf 82' lang='grc' dir='ltr'><strong>συνάπτεσθαι</strong></span> <span class='ocrx_word' id='word_1_318' title='bbox 3198 2428 3410 2493; x_wconf 72' lang='grc' dir='ltr'>γυναιξὶ</span> <span class='ocrx_word' id='word_1_319' title='bbox 3471 2433 3615 2497; x_wconf 83' lang='grc' dir='ltr'>μετὰ</span> <span class='ocrx_word' id='word_1_320' title='bbox 3674 2431 3768 2496; x_wconf 69' lang='grc' dir='ltr'>τὴν</span> 
     </span>
    </p>
   </div>
   <div class='ocr_carea' id='block_1_54' title="bbox 2221 2513 3768 2588">
    <p class='ocr_par' dir='ltr' id='par_1_54' title="bbox 2221 2513 3768 2588">
     <span class='ocr_line' id='line_1_54' title="bbox 2221 2513 3768 2588; baseline 0.005 -26"><span class='ocrx_word' id='word_1_321' title='bbox 2221 2513 2570 2581; x_wconf 83' lang='grc' dir='ltr'>χειροτονίαν.</span> <span class='ocrx_word' id='word_1_322' title='bbox 2607 2513 2710 2566; x_wconf 89' lang='grc' dir='ltr'>Τοῦ</span> <span class='ocrx_word' id='word_1_323' title='bbox 2748 2515 2803 2567; x_wconf 70' lang='grc' dir='ltr'><strong>δὲ</strong></span> <span class='ocrx_word' id='word_1_324' title='bbox 2837 2515 3074 2568; x_wconf 88' lang='grc' dir='ltr'>τοιούτου</span> <span class='ocrx_word' id='word_1_325' title='bbox 3115 2517 3394 2570; x_wconf 80' lang='grc' dir='ltr'>κανονικοῦ</span> <span class='ocrx_word' id='word_1_326' title='bbox 3447 2521 3768 2588; x_wconf 77' lang='grc' dir='ltr'>παραγγέλ-</span> 
     </span>
    </p>
   </div>
   <div class='ocr_carea' id='block_1_55' title="bbox 2224 2602 3768 2678">
    <p class='ocr_par' dir='ltr' id='par_1_55' title="bbox 2224 2602 3768 2678">
     <span class='ocr_line' id='line_1_55' title="bbox 2224 2602 3768 2678; baseline 0.007 -27"><span class='ocrx_word' id='word_1_327' title='bbox 2224 2616 2389 2668; x_wconf 82' lang='grc' dir='ltr'>ματος</span> <span class='ocrx_word' id='word_1_328' title='bbox 2445 2602 2822 2672; x_wconf 78' lang='grc' dir='ltr'>ἀθετουμένου,</span> <span class='ocrx_word' id='word_1_329' title='bbox 2881 2605 2955 2665; x_wconf 80' lang='grc' dir='ltr'>ὡς</span> <span class='ocrx_word' id='word_1_330' title='bbox 3005 2603 3200 2670; x_wconf 75' lang='grc' dir='ltr'>ἔοικεν,</span> <span class='ocrx_word' id='word_1_331' title='bbox 3260 2611 3288 2660; x_wconf 84' lang='grc' dir='ltr'><strong>ό</strong></span> <span class='ocrx_word' id='word_1_332' title='bbox 3338 2611 3396 2660; x_wconf 78' lang='grc' dir='ltr'>ἐν</span> <span class='ocrx_word' id='word_1_333' title='bbox 3452 2610 3768 2678; x_wconf 80' lang='grc' dir='ltr'>βασιλεῦσιν</span> 
     </span>
    </p>
   </div>
   <div class='ocr_carea' id='block_1_56' title="bbox 2220 2692 3768 2766">
    <p class='ocr_par' dir='ltr' id='par_1_56' title="bbox 2220 2692 3768 2766">
     <span class='ocr_line' id='line_1_56' title="bbox 2220 2692 3768 2766; baseline 0.005 -22"><span class='ocrx_word' id='word_1_334' title='bbox 2220 2692 2458 2757; x_wconf 75' lang='grc' dir='ltr'>ἀοίδιμος</span> <span class='ocrx_word' id='word_1_335' title='bbox 2505 2696 2596 2746; x_wconf 75' lang='grc' dir='ltr'>καὶ</span> <span class='ocrx_word' id='word_1_336' title='bbox 2646 2695 2948 2762; x_wconf 82' lang='grc' dir='ltr'>σοφώτατος</span> <span class='ocrx_word' id='word_1_337' title='bbox 2999 2699 3182 2766; x_wconf 83' lang='grc' dir='ltr'>κύριος</span> <span class='ocrx_word' id='word_1_338' title='bbox 3230 2700 3397 2757; x_wconf 79' lang='grc' dir='ltr'>Λέων.</span> <span class='ocrx_word' id='word_1_339' title='bbox 3445 2700 3531 2751; x_wconf 81' lang='grc' dir='ltr'>διὰ</span> <span class='ocrx_word' id='word_1_340' title='bbox 3582 2700 3768 2756; x_wconf 70' lang='grc' dir='ltr'>θεσπξα</span> 
     </span>
    </p>
   </div>
   <div class='ocr_carea' id='block_1_57' title="bbox 2225 2784 3761 2861">
    <p class='ocr_par' dir='ltr' id='par_1_57' title="bbox 2225 2784 3761 2861">
     <span class='ocr_line' id='line_1_57' title="bbox 2225 2784 3761 2861; baseline 0.005 -26"><span class='ocrx_word' id='word_1_341' title='bbox 2225 2799 2427 2853; x_wconf 89' lang='grc' dir='ltr'>σματος</span> <span class='ocrx_word' id='word_1_342' title='bbox 2459 2784 2671 2853; x_wconf 83' lang='grc' dir='ltr'>Νεαροῦ</span> <span class='ocrx_word' id='word_1_343' title='bbox 2705 2787 2764 2837; x_wconf 88' lang='grc' dir='ltr'>τὸ</span> <span class='ocrx_word' id='word_1_344' title='bbox 2807 2787 2975 2839; x_wconf 83' lang='grc' dir='ltr'>κακὸν</span> <span class='ocrx_word' id='word_1_345' title='bbox 3016 2786 3378 2857; x_wconf 82' lang='grc' dir='ltr'>διωρθώσατο.</span> <span class='ocrx_word' id='word_1_346' title='bbox 3421 2791 3562 2858; x_wconf 71' lang='grc' dir='ltr'>Φησὶ</span> <span class='ocrx_word' id='word_1_347' title='bbox 3596 2793 3761 2861; x_wconf 69' lang='grc' dir='ltr'><strong>γὰρὴ</strong></span> 
     </span>
    </p>
   </div>
   <div class='ocr_carea' id='block_1_58' title="bbox 2219 2874 3764 2947">
    <p class='ocr_par' dir='ltr' id='par_1_58' title="bbox 2219 2874 3764 2947">
     <span class='ocr_line' id='line_1_58' title="bbox 2219 2874 3764 2947; baseline 0.006 -24"><span class='ocrx_word' id='word_1_348' title='bbox 2219 2874 2373 2941; x_wconf 84' lang='grc' dir='ltr'>τρίτη</span> <span class='ocrx_word' id='word_1_349' title='bbox 2421 2874 2606 2942; x_wconf 86' lang='grc' dir='ltr'>Νεαρά</span> <span class='ocrx_word' id='word_1_350' title='bbox 2659 2875 2822 2928; x_wconf 80' lang='grc' dir='ltr'>αὐτοῦ</span> <span class='ocrx_word' id='word_1_351' title='bbox 2874 2878 2930 2927; x_wconf 78' lang='grc' dir='ltr'>ἑν</span> <span class='ocrx_word' id='word_1_352' title='bbox 2989 2878 3139 2946; x_wconf 83' lang='grc' dir='ltr'>μέρει</span> <span class='ocrx_word' id='word_1_353' title='bbox 3186 2877 3355 2930; x_wconf 85' lang='grc' dir='ltr'>ταῦτα</span> <span class='ocrx_word' id='word_1_354' title='bbox 3400 2880 3624 2947; x_wconf 76' lang='grc' dir='ltr'>ρητιῖιςο</span> <span class='ocrx_word' id='word_1_355' title='bbox 3657 2883 3764 2932; x_wconf 82' lang='grc' dir='ltr'><strong>Κε-</strong></span> 
     </span>
    </p>
   </div>
   <div class='ocr_carea' id='block_1_59' title="bbox 2219 2959 3766 3036">
    <p class='ocr_par' dir='ltr' id='par_1_59' title="bbox 2219 2959 3766 3036">
     <span class='ocr_line' id='line_1_59' title="bbox 2219 2959 3766 3036; baseline 0.007 -26"><span class='ocrx_word' id='word_1_356' title='bbox 2219 2959 2443 3028; x_wconf 72' lang='grc' dir='ltr'>λεύομεν</span> <span class='ocrx_word' id='word_1_357' title='bbox 2496 2963 2634 3013; x_wconf 86' lang='grc' dir='ltr'>κατὰ</span> <span class='ocrx_word' id='word_1_358' title='bbox 2679 2963 2740 3014; x_wconf 76' lang='grc' dir='ltr'>τὸ</span> <span class='ocrx_word' id='word_1_359' title='bbox 2789 2963 2992 3016; x_wconf 79' lang='grc' dir='ltr'>ἀνωθεν</span> <span class='ocrx_word' id='word_1_360' title='bbox 3030 2965 3251 3034; x_wconf 74' lang='grc' dir='ltr'>ἀρχαῖον</span> <span class='ocrx_word' id='word_1_361' title='bbox 3296 2967 3394 3034; x_wconf 82' lang='grc' dir='ltr'>τῆς</span> <span class='ocrx_word' id='word_1_362' title='bbox 3437 2967 3766 3036; x_wconf 74' lang='grc' dir='ltr'>Ἐκκλησίας</span> 
     </span>
    </p>
   </div>
   <div class='ocr_carea' id='block_1_60' title="bbox 577 3047 2120 3129">
    <p class='ocr_par' dir='ltr' id='par_1_60' title="bbox 577 3054 2112 3129">
     <span class='ocr_line' id='line_1_60' title="bbox 577 3054 2112 3129; baseline -0.004 -15"><span class='ocrx_word' id='word_1_363' title='bbox 577 3075 750 3129; x_wconf 85' lang='lat' dir='ltr'><strong>neque</strong></span> <span class='ocrx_word' id='word_1_364' title='bbox 779 3061 920 3114; x_wconf 89' lang='lat' dir='ltr'><strong>enim</strong></span> <span class='ocrx_word' id='word_1_365' title='bbox 963 3058 1182 3126; x_wconf 86' lang='lat' dir='ltr'><strong>dignum</strong></span> <span class='ocrx_word' id='word_1_366' title='bbox 1233 3067 1334 3118; x_wconf 85' lang='lat' dir='ltr'><strong>est,</strong></span> <span class='ocrx_word' id='word_1_367' title='bbox 1364 3064 1423 3109; x_wconf 89' lang='lat' dir='ltr'><strong>ut</strong></span> <span class='ocrx_word' id='word_1_368' title='bbox 1464 3055 1554 3124; x_wconf 91' lang='lat' dir='ltr'><strong>qui</strong></span> <span class='ocrx_word' id='word_1_369' title='bbox 1603 3054 1833 3123; x_wconf 86' lang='lat' dir='ltr'><strong>spiritali</strong></span> <span class='ocrx_word' id='word_1_370' title='bbox 1882 3067 2112 3108; x_wconf 87' lang='lat' dir='ltr'><strong>ascensu</strong></span> 
     </span>
    </p>
   </div>
   <div class='ocr_carea' id='block_1_61' title="bbox 2225 3047 3766 3129">
    <p class='ocr_par' dir='ltr' id='par_1_61' title="bbox 2225 3047 3766 3124">
     <span class='ocr_line' id='line_1_61' title="bbox 2225 3047 3766 3124; baseline 0.006 -25"><span class='ocrx_word' id='word_1_371' title='bbox 2225 3047 2490 3117; x_wconf 80' lang='grc' dir='ltr'>διάταγμα</span> <span class='ocrx_word' id='word_1_372' title='bbox 2551 3052 2646 3113; x_wconf 83' lang='grc' dir='ltr'>τὰς</span> <span class='ocrx_word' id='word_1_373' title='bbox 2713 3053 3038 3120; x_wconf 79' lang='grc' dir='ltr'>χειροτονίας</span> <span class='ocrx_word' id='word_1_374' title='bbox 3102 3053 3432 3121; x_wconf 73' lang='grc' dir='ltr'>προϐαίνειν.</span> <span class='ocrx_word' id='word_1_375' title='bbox 3509 3058 3589 3107; x_wconf 79' lang='grc' dir='ltr'><strong>Οὐ</strong></span> <span class='ocrx_word' id='word_1_376' title='bbox 3659 3059 3766 3124; x_wconf 80' lang='grc' dir='ltr'>γάρ</span> 
     </span>
    </p>
   </div>
   <div class='ocr_carea' id='block_1_62' title="bbox 577 3143 2119 3218">
    <p class='ocr_par' dir='ltr' id='par_1_62' title="bbox 577 3143 2119 3218">
     <span class='ocr_line' id='line_1_62' title="bbox 577 3143 2119 3218; baseline 0 -15"><span class='ocrx_word' id='word_1_377' title='bbox 577 3164 739 3218; x_wconf 83' lang='lat' dir='ltr'><strong>supra</strong></span> <span class='ocrx_word' id='word_1_378' title='bbox 771 3149 1012 3216; x_wconf 87' lang='lat' dir='ltr'><strong>corporis</strong></span> <span class='ocrx_word' id='word_1_379' title='bbox 1052 3145 1409 3217; x_wconf 77' lang='lat' dir='ltr'><strong>abjectionem</strong></span> <span class='ocrx_word' id='word_1_380' title='bbox 1443 3146 1610 3201; x_wconf 80' lang='lat' dir='ltr'><strong>evecti</strong></span> <span class='ocrx_word' id='word_1_381' title='bbox 1642 3155 1790 3210; x_wconf 86' lang='lat' dir='ltr'><strong>sunt,</strong></span> <span class='ocrx_word' id='word_1_382' title='bbox 1834 3143 1889 3200; x_wconf 84' lang='grc' dir='ltr'><strong>1ιί</strong></span> <span class='ocrx_word' id='word_1_383' title='bbox 1931 3162 2119 3202; x_wconf 80' lang='lat' dir='ltr'><strong>rursus</strong></span> 
     </span>
    </p>
   </div>
   <div class='ocr_carea' id='block_1_63' title="bbox 576 3235 2118 3306">
    <p class='ocr_par' dir='ltr' id='par_1_63' title="bbox 576 3235 2118 3306">
     <span class='ocr_line' id='line_1_63' title="bbox 576 3235 2118 3306; baseline -0.003 -12"><span class='ocrx_word' id='word_1_384' title='bbox 576 3238 644 3294; x_wconf 82' lang='lat' dir='ltr'><strong>ad</strong></span> <span class='ocrx_word' id='word_1_385' title='bbox 677 3235 855 3292; x_wconf 88' lang='lat' dir='ltr'><strong>carnis</strong></span> <span class='ocrx_word' id='word_1_386' title='bbox 884 3237 1070 3291; x_wconf 88' lang='lat' dir='ltr'><strong>sordes</strong></span> <span class='ocrx_word' id='word_1_387' title='bbox 1092 3237 1447 3306; x_wconf 77' lang='lat' dir='ltr'><strong>delabantur;</strong></span> <span class='ocrx_word' id='word_1_388' title='bbox 1468 3235 1562 3290; x_wconf 91' lang='lat' dir='ltr'><strong>sed</strong></span> <span class='ocrx_word' id='word_1_389' title='bbox 1585 3237 1862 3298; x_wconf 89' lang='lat' dir='ltr'><strong>ediverso,</strong></span> <span class='ocrx_word' id='word_1_390' title='bbox 1899 3245 1956 3289; x_wconf 91' lang='lat' dir='ltr'><strong>ut</strong></span> <span class='ocrx_word' id='word_1_391' title='bbox 1985 3235 2118 3290; x_wconf 57' lang='lat' dir='ltr'><strong>divi.</strong></span> 
     </span>
    </p>
   </div>
   <div class='ocr_carea' id='block_1_64' title="bbox 577 3323 2118 3396">
    <p class='ocr_par' dir='ltr' id='par_1_64' title="bbox 577 3323 2118 3396">
     <span class='ocr_line' id='line_1_64' title="bbox 577 3323 2118 3396; baseline -0.003 -15"><span class='ocrx_word' id='word_1_392' title='bbox 577 3343 704 3381; x_wconf 88' lang='lat' dir='ltr'><strong>num</strong></span> <span class='ocrx_word' id='word_1_393' title='bbox 759 3325 1120 3379; x_wconf 84' lang='lat' dir='ltr'><strong>ministerium</strong></span> <span class='ocrx_word' id='word_1_394' title='bbox 1156 3339 1218 3376; x_wconf 77' lang='lat' dir='ltr'><strong>es</strong></span> <span class='ocrx_word' id='word_1_395' title='bbox 1269 3326 1514 3392; x_wconf 88' lang='lat' dir='ltr'><strong>corporis</strong></span> <span class='ocrx_word' id='word_1_396' title='bbox 1551 3323 1802 3396; x_wconf 67' lang='lat' dir='ltr'><strong>sordibus</strong></span> <span class='ocrx_word' id='word_1_397' title='bbox 1865 3331 2118 3388; x_wconf 77' lang='lat' dir='ltr'><strong>tanquam</strong></span> 
     </span>
    </p>
   </div>
   <div class='ocr_carea' id='block_1_65' title="bbox 579 3411 2120 3482">
    <p class='ocr_par' dir='ltr' id='par_1_65' title="bbox 579 3411 2120 3482">
     <span class='ocr_line' id='line_1_65' title="bbox 579 3411 2120 3482; baseline -0.002 -16"><span class='ocrx_word' id='word_1_398' title='bbox 579 3415 630 3467; x_wconf 88' lang='lat' dir='ltr'><strong>in</strong></span> <span class='ocrx_word' id='word_1_399' title='bbox 663 3416 825 3466; x_wconf 86' lang='lat' dir='ltr'><strong>altum</strong></span> <span class='ocrx_word' id='word_1_400' title='bbox 868 3414 1098 3482; x_wconf 89' lang='lat' dir='ltr'><strong>aliquem</strong></span> <span class='ocrx_word' id='word_1_401' title='bbox 1129 3412 1357 3482; x_wconf 89' lang='lat' dir='ltr'><strong>gradum</strong></span> <span class='ocrx_word' id='word_1_402' title='bbox 1397 3411 1748 3474; x_wconf 85' lang='lat' dir='ltr'><strong>conscendat,</strong></span> <span class='ocrx_word' id='word_1_403' title='bbox 1793 3413 2120 3466; x_wconf 88' lang='lat' dir='ltr'><strong>convenien-</strong></span> 
     </span>
    </p>
   </div>
   <div class='ocr_carea' id='block_1_66' title="bbox 578 3499 2120 3569">
    <p class='ocr_par' dir='ltr' id='par_1_66' title="bbox 578 3499 2120 3569">
     <span class='ocr_line' id='line_1_66' title="bbox 578 3499 2120 3569; baseline -0.002 -13"><span class='ocrx_word' id='word_1_404' title='bbox 578 3504 688 3556; x_wconf 88' lang='lat' dir='ltr'><strong>tius</strong></span> <span class='ocrx_word' id='word_1_405' title='bbox 743 3503 921 3556; x_wconf 80' lang='lat' dir='ltr'><strong>fuerit.</strong></span> <span class='ocrx_word' id='word_1_406' title='bbox 975 3502 1332 3566; x_wconf 79' lang='lat' dir='ltr'><strong>Quamobrem</strong></span> <span class='ocrx_word' id='word_1_407' title='bbox 1387 3515 1543 3554; x_wconf 86' lang='lat' dir='ltr'><strong>nemo</strong></span> <span class='ocrx_word' id='word_1_408' title='bbox 1587 3514 1798 3562; x_wconf 88' lang='lat' dir='ltr'><strong>eorum,</strong></span> <span class='ocrx_word' id='word_1_409' title='bbox 1824 3499 1915 3569; x_wconf 90' lang='lat' dir='ltr'><strong>qui</strong></span> <span class='ocrx_word' id='word_1_410' title='bbox 1964 3499 2120 3553; x_wconf 82' lang='lat' dir='ltr'><strong>altari</strong></span> 
     </span>
    </p>
   </div>
   <div class='ocr_carea' id='block_1_67' title="bbox 578 3589 2119 3660">
    <p class='ocr_par' dir='ltr' id='par_1_67' title="bbox 578 3589 2119 3660">
     <span class='ocr_line' id='line_1_67' title="bbox 578 3589 2119 3660; baseline -0.003 -14"><span class='ocrx_word' id='word_1_411' title='bbox 578 3594 840 3655; x_wconf 78' lang='lat' dir='ltr'><strong>serviunt,</strong></span> <span class='ocrx_word' id='word_1_412' title='bbox 868 3600 986 3660; x_wconf 89' lang='lat' dir='ltr'><strong>post</strong></span> <span class='ocrx_word' id='word_1_413' title='bbox 1010 3591 1404 3644; x_wconf 86' lang='lat' dir='ltr'><strong>ordinationem</strong></span> <span class='ocrx_word' id='word_1_414' title='bbox 1435 3589 1687 3643; x_wconf 85' lang='lat' dir='ltr'><strong>audacter</strong></span> <span class='ocrx_word' id='word_1_415' title='bbox 1711 3590 1826 3659; x_wconf 89' lang='lat' dir='ltr'><strong>lege</strong></span> <span class='ocrx_word' id='word_1_416' title='bbox 1865 3589 2119 3643; x_wconf 88' lang='lat' dir='ltr'><strong>connubii</strong></span> 
     </span>
    </p>
   </div>
   <div class='ocr_carea' id='block_1_68' title="bbox 581 3675 2118 3747">
    <p class='ocr_par' dir='ltr' id='par_1_68' title="bbox 581 3675 2118 3747">
     <span class='ocr_line' id='line_1_68' title="bbox 581 3675 2118 3747; baseline -0.001 -16"><span class='ocrx_word' id='word_1_417' title='bbox 581 3679 787 3731; x_wconf 87' lang='lat' dir='ltr'><strong>mulieri</strong></span> <span class='ocrx_word' id='word_1_418' title='bbox 826 3680 1210 3746; x_wconf 83' lang='lat' dir='ltr'><strong>coujungetur.</strong></span> <span class='ocrx_word' id='word_1_419' title='bbox 1251 3678 1416 3746; x_wconf 82' lang='lat' dir='ltr'><strong>quue</strong></span> <span class='ocrx_word' id='word_1_420' title='bbox 1457 3678 1502 3733; x_wconf 90' lang='lat' dir='ltr'><strong>si</strong></span> <span class='ocrx_word' id='word_1_421' title='bbox 1548 3675 1758 3741; x_wconf 63' lang='lat' dir='ltr'><strong>fecerit,</strong></span> <span class='ocrx_word' id='word_1_422' title='bbox 1803 3678 2118 3747; x_wconf 89' lang='lat' dir='ltr'><strong>deponetur.</strong></span> 
     </span>
    </p>
   </div>
   <div class='ocr_carea' id='block_1_69' title="bbox 579 3766 2122 3836">
    <p class='ocr_par' dir='ltr' id='par_1_69' title="bbox 579 3766 2122 3836">
     <span class='ocr_line' id='line_1_69' title="bbox 579 3766 2122 3836; baseline -0.003 -13"><span class='ocrx_word' id='word_1_423' title='bbox 579 3769 708 3823; x_wconf 82' lang='lat' dir='ltr'><strong>Nam</strong></span> <span class='ocrx_word' id='word_1_424' title='bbox 755 3778 876 3822; x_wconf 89' lang='lat' dir='ltr'><strong>ante</strong></span> <span class='ocrx_word' id='word_1_425' title='bbox 915 3769 1308 3822; x_wconf 85' lang='lat' dir='ltr'><strong>ordinationem</strong></span> <span class='ocrx_word' id='word_1_426' title='bbox 1361 3766 1540 3822; x_wconf 81' lang='lat' dir='ltr'><strong>facere</strong></span> <span class='ocrx_word' id='word_1_427' title='bbox 1584 3767 1755 3831; x_wconf 89' lang='lat' dir='ltr'><strong>licuit,</strong></span> <span class='ocrx_word' id='word_1_428' title='bbox 1808 3767 1951 3836; x_wconf 85' lang='lat' dir='ltr'><strong>quod</strong></span> <span class='ocrx_word' id='word_1_429' title='bbox 2001 3773 2122 3835; x_wconf 88' lang='lat' dir='ltr'><strong>post</strong></span> 
     </span>
    </p>
   </div>
   <div class='ocr_carea' id='block_1_70' title="bbox 575 3853 1370 3910">
    <p class='ocr_par' dir='ltr' id='par_1_70' title="bbox 575 3853 1370 3910">
     <span class='ocr_line' id='line_1_70' title="bbox 575 3853 1370 3910; baseline -0.004 -2"><span class='ocrx_word' id='word_1_430' title='bbox 575 3870 694 3908; x_wconf 88' lang='lat' dir='ltr'><strong>eam</strong></span> <span class='ocrx_word' id='word_1_431' title='bbox 728 3856 860 3910; x_wconf 83' lang='lat' dir='ltr'><strong>adeo</strong></span> <span class='ocrx_word' id='word_1_432' title='bbox 896 3862 1033 3908; x_wconf 85' lang='lat' dir='ltr'><strong>male</strong></span> <span class='ocrx_word' id='word_1_433' title='bbox 1058 3853 1159 3906; x_wconf 81' lang='lat' dir='ltr'><strong>fuit</strong></span> <span class='ocrx_word' id='word_1_434' title='bbox 1183 3867 1370 3907; x_wconf 86' lang='lat' dir='ltr'><strong>ausus.</strong></span> 
     </span>
    </p>
   </div>
   <div class='ocr_carea' id='block_1_71' title="bbox 648 4113 2120 4184">
    <p class='ocr_par' dir='ltr' id='par_1_71' title="bbox 648 4113 2120 4184">
     <span class='ocr_line' id='line_1_71' title="bbox 648 4113 2120 4184; baseline -0.001 -13"><span class='ocrx_word' id='word_1_435' title='bbox 648 4117 844 4171; x_wconf 80' lang='lat' dir='ltr'><strong>Iuterr.</strong></span> <span class='ocrx_word' id='word_1_436' title='bbox 897 4115 985 4169; x_wconf 81' lang='lat'><strong>‘57.</strong></span> <span class='ocrx_word' id='word_1_437' title='bbox 1053 4114 1282 4167; x_wconf 84' lang='lat' dir='ltr'><strong>Licitum</strong></span> <span class='ocrx_word' id='word_1_438' title='bbox 1349 4120 1432 4167; x_wconf 84' lang='lat' dir='ltr'><strong>est</strong></span> <span class='ocrx_word' id='word_1_439' title='bbox 1490 4113 1796 4168; x_wconf 80' lang='lat' dir='ltr'><strong>sacerdotes</strong></span> <span class='ocrx_word' id='word_1_440' title='bbox 1835 4113 2120 4184; x_wconf 73' lang='lat' dir='ltr'><strong>praefectos</strong></span> 
     </span>
    </p>
   </div>
   <div class='ocr_carea' id='block_1_72' title="bbox 578 4203 2119 4273">
    <p class='ocr_par' dir='ltr' id='par_1_72' title="bbox 578 4203 2119 4273">
     <span class='ocr_line' id='line_1_72' title="bbox 578 4203 2119 4273; baseline -0.003 -12"><span class='ocrx_word' id='word_1_441' title='bbox 578 4209 918 4268; x_wconf 82' lang='lat' dir='ltr'><strong>exsistentes,</strong></span> <span class='ocrx_word' id='word_1_442' title='bbox 957 4205 1036 4257; x_wconf 85' lang='lat' dir='ltr'><strong>vel</strong></span> <span class='ocrx_word' id='word_1_443' title='bbox 1063 4205 1401 4273; x_wconf 85' lang='lat' dir='ltr'><strong>primopapas</strong></span> <span class='ocrx_word' id='word_1_444' title='bbox 1422 4205 1491 4265; x_wconf 80' lang='grc'><strong>⁸⁸,</strong></span> <span class='ocrx_word' id='word_1_445' title='bbox 1515 4212 1567 4256; x_wconf 90' lang='lat' dir='ltr'><strong>et</strong></span> <span class='ocrx_word' id='word_1_446' title='bbox 1591 4203 1889 4272; x_wconf 80' lang='lat' dir='ltr'><strong>pontiﬁces,</strong></span> <span class='ocrx_word' id='word_1_447' title='bbox 1931 4219 2119 4273; x_wconf 82' lang='lat' dir='ltr'><strong>super-</strong></span> 
     </span>
    </p>
   </div>
   <div class='ocr_carea' id='block_1_73' title="bbox 579 4293 2120 4363">
    <p class='ocr_par' dir='ltr' id='par_1_73' title="bbox 579 4293 2120 4363">
     <span class='ocr_line' id='line_1_73' title="bbox 579 4293 2120 4363; baseline 0 -14"><span class='ocrx_word' id='word_1_448' title='bbox 579 4296 804 4349; x_wconf 75' lang='lat' dir='ltr'><strong>manicis</strong></span> <span class='ocrx_word' id='word_1_449' title='bbox 857 4304 911 4347; x_wconf 88' lang='lat' dir='ltr'><strong>et</strong></span> <span class='ocrx_word' id='word_1_450' title='bbox 949 4293 1436 4363; x_wconf 83' lang='lat' dir='ltr'><strong>supergenualibus</strong></span> <span class='ocrx_word' id='word_1_451' title='bbox 1476 4294 1740 4362; x_wconf 85' lang='lat' dir='ltr'><strong>insigniri,</strong></span> <span class='ocrx_word' id='word_1_452' title='bbox 1773 4308 1837 4346; x_wconf 88' lang='lat' dir='ltr'><strong>an</strong></span> <span class='ocrx_word' id='word_1_453' title='bbox 1877 4306 1959 4349; x_wconf 89' lang='lat' dir='ltr'><strong>est</strong></span> <span class='ocrx_word' id='word_1_454' title='bbox 1989 4297 2120 4349; x_wconf 82' lang='lat' dir='ltr'><strong>veti-</strong></span> 
     </span>
    </p>
   </div>
   <div class='ocr_carea' id='block_1_74' title="bbox 577 4395 714 4438">
    <p class='ocr_par' dir='ltr' id='par_1_74' title="bbox 577 4395 714 4438">
     <span class='ocr_line' id='line_1_74' title="bbox 577 4395 714 4438; baseline 0 0"><span class='ocrx_word' id='word_1_455' title='bbox 577 4395 714 4438; x_wconf 91' lang='lat' dir='ltr'><strong>tum.</strong></span> 
     </span>
    </p>
   </div>
   <div class='ocr_carea' id='block_1_75' title="bbox 647 4471 2123 4542">
    <p class='ocr_par' dir='ltr' id='par_1_75' title="bbox 647 4471 2123 4542">
     <span class='ocr_line' id='line_1_75' title="bbox 647 4471 2123 4542; baseline 0.002 -16"><span class='ocrx_word' id='word_1_456' title='bbox 647 4473 795 4539; x_wconf 86' lang='lat' dir='ltr'><strong>Resp.</strong></span> <span class='ocrx_word' id='word_1_457' title='bbox 826 4471 1333 4540; x_wconf 77' lang='lat' dir='ltr'><strong>Supermauicarum</strong></span> <span class='ocrx_word' id='word_1_458' title='bbox 1372 4478 1426 4524; x_wconf 87' lang='lat' dir='ltr'><strong>et</strong></span> <span class='ocrx_word' id='word_1_459' title='bbox 1447 4475 1918 4542; x_wconf 80' lang='lat' dir='ltr'><strong>supergenuslium</strong></span> <span class='ocrx_word' id='word_1_460' title='bbox 1940 4491 2123 4529; x_wconf 83' lang='lat' dir='ltr'><strong>sacra-</strong></span> 
     </span>
    </p>
   </div>
   <div class='ocr_carea' id='block_1_76' title="bbox 579 4564 2120 4632">
    <p class='ocr_par' dir='ltr' id='par_1_76' title="bbox 579 4564 2120 4632">
     <span class='ocr_line' id='line_1_76' title="bbox 579 4564 2120 4632; baseline 0.002 -15"><span class='ocrx_word' id='word_1_461' title='bbox 579 4566 824 4619; x_wconf 67' lang='lat' dir='ltr'><strong>tis‘simus</strong></span> <span class='ocrx_word' id='word_1_462' title='bbox 861 4566 1089 4618; x_wconf 87' lang='lat' dir='ltr'><strong>amictus</strong></span> <span class='ocrx_word' id='word_1_463' title='bbox 1134 4565 1264 4617; x_wconf 88' lang='lat' dir='ltr'><strong>solis</strong></span> <span class='ocrx_word' id='word_1_464' title='bbox 1300 4564 1651 4632; x_wconf 78' lang='lat' dir='ltr'><strong>pontiﬁcibus</strong></span> <span class='ocrx_word' id='word_1_465' title='bbox 1697 4568 1990 4624; x_wconf 85' lang='lat' dir='ltr'><strong>attributus</strong></span> <span class='ocrx_word' id='word_1_466' title='bbox 2018 4575 2120 4632; x_wconf 84' lang='lat' dir='ltr'><strong>est,</strong></span> 
     </span>
    </p>
   </div>
   <div class='ocr_carea' id='block_1_77' title="bbox 581 4653 2124 4723">
    <p class='ocr_par' dir='ltr' id='par_1_77' title="bbox 581 4653 2124 4723">
     <span class='ocr_line' id='line_1_77' title="bbox 581 4653 2124 4723; baseline 0.005 -19"><span class='ocrx_word' id='word_1_467' title='bbox 581 4658 723 4708; x_wconf 86' lang='lat' dir='ltr'><strong>velut.</strong></span> <span class='ocrx_word' id='word_1_468' title='bbox 751 4655 975 4723; x_wconf 84' lang='lat' dir='ltr'><strong>ﬁguram</strong></span> <span class='ocrx_word' id='word_1_469' title='bbox 1001 4655 1372 4708; x_wconf 89' lang='lat' dir='ltr'><strong>obtinentibus</strong></span> <span class='ocrx_word' id='word_1_470' title='bbox 1399 4653 1632 4718; x_wconf 79' lang='lat' dir='ltr'><strong>Domini,</strong></span> <span class='ocrx_word' id='word_1_471' title='bbox 1669 4665 1722 4708; x_wconf 92' lang='lat' dir='ltr'><strong>et</strong></span> <span class='ocrx_word' id='word_1_472' title='bbox 1761 4655 1876 4717; x_wconf 81' lang='lat' dir='ltr'><strong>Dei,</strong></span> <span class='ocrx_word' id='word_1_473' title='bbox 1911 4666 1964 4711; x_wconf 90' lang='lat' dir='ltr'><strong>et</strong></span> <span class='ocrx_word' id='word_1_474' title='bbox 2003 4658 2124 4712; x_wconf 90' lang='lat' dir='ltr'><strong>Ser-</strong></span> 
     </span>
    </p>
   </div>
   <div class='ocr_carea' id='block_1_78' title="bbox 579 4741 2120 4811">
    <p class='ocr_par' dir='ltr' id='par_1_78' title="bbox 579 4741 2120 4811">
     <span class='ocr_line' id='line_1_78' title="bbox 579 4741 2120 4811; baseline 0.003 -17"><span class='ocrx_word' id='word_1_475' title='bbox 579 4746 780 4796; x_wconf 86' lang='lat' dir='ltr'><strong>vatoris</strong></span> <span class='ocrx_word' id='word_1_476' title='bbox 817 4744 984 4796; x_wconf 90' lang='lat' dir='ltr'><strong>nostri</strong></span> <span class='ocrx_word' id='word_1_477' title='bbox 1008 4741 1134 4796; x_wconf 87' lang='lat' dir='ltr'><strong>Jesu</strong></span> <span class='ocrx_word' id='word_1_478' title='bbox 1176 4741 1379 4795; x_wconf 87' lang='lat' dir='ltr'><strong>Christi</strong></span> <span class='ocrx_word' id='word_1_479' title='bbox 1412 4758 1424 4794; x_wconf 89' lang='lat'>:</span> <span class='ocrx_word' id='word_1_480' title='bbox 1454 4742 1684 4811; x_wconf 88' lang='lat' dir='ltr'><strong>indeque</strong></span> <span class='ocrx_word' id='word_1_481' title='bbox 1716 4753 1928 4811; x_wconf 88' lang='lat' dir='ltr'><strong>peccata</strong></span> <span class='ocrx_word' id='word_1_482' title='bbox 1960 4747 2120 4798; x_wconf 86' lang='lat' dir='ltr'><strong>etiam</strong></span> 
     </span>
    </p>
   </div>
   <div class='ocr_carea' id='block_1_79' title="bbox 582 4833 2115 4900">
    <p class='ocr_par' dir='ltr' id='par_1_79' title="bbox 582 4833 2115 4900">
     <span class='ocr_line' id='line_1_79' title="bbox 582 4833 2115 4900; baseline 0.002 -14"><span class='ocrx_word' id='word_1_483' title='bbox 582 4834 857 4886; x_wconf 85' lang='lat' dir='ltr'><strong>hominum</strong></span> <span class='ocrx_word' id='word_1_484' title='bbox 883 4833 1179 4895; x_wconf 89' lang='lat' dir='ltr'><strong>remittunt,</strong></span> <span class='ocrx_word' id='word_1_485' title='bbox 1212 4833 1421 4900; x_wconf 87' lang='lat' dir='ltr'><strong>aliaque</strong></span> <span class='ocrx_word' id='word_1_486' title='bbox 1445 4833 1644 4900; x_wconf 85' lang='lat' dir='ltr'><strong>majora</strong></span> <span class='ocrx_word' id='word_1_487' title='bbox 1670 4833 1734 4886; x_wconf 88' lang='lat' dir='ltr'><strong>ad</strong></span> <span class='ocrx_word' id='word_1_488' title='bbox 1765 4834 2115 4889; x_wconf 88' lang='lat' dir='ltr'><strong>imitationem</strong></span> 
     </span>
    </p>
   </div>
   <div class='ocr_carea' id='block_1_80' title="bbox 579 4917 2113 4986">
    <p class='ocr_par' dir='ltr' id='par_1_80' title="bbox 579 4917 2113 4986">
     <span class='ocr_line' id='line_1_80' title="bbox 579 4917 2113 4986; baseline -0.001 -14"><span class='ocrx_word' id='word_1_489' title='bbox 579 4920 778 4973; x_wconf 87' lang='lat' dir='ltr'><strong>Christi</strong></span> <span class='ocrx_word' id='word_1_490' title='bbox 820 4918 1044 4978; x_wconf 81' lang='lat' dir='ltr'><strong>faciunt,</strong></span> <span class='ocrx_word' id='word_1_491' title='bbox 1078 4934 1200 4986; x_wconf 62' lang='lat' dir='ltr'><strong>qua</strong></span> <span class='ocrx_word' id='word_1_492' title='bbox 1232 4918 1606 4971; x_wconf 87' lang='lat' dir='ltr'><strong>sacerdotibus</strong></span> <span class='ocrx_word' id='word_1_493' title='bbox 1645 4917 1770 4970; x_wconf 83' lang='lat' dir='ltr'><strong>data</strong></span> <span class='ocrx_word' id='word_1_494' title='bbox 1819 4933 1926 4971; x_wconf 92' lang='lat' dir='ltr'><strong>non</strong></span> <span class='ocrx_word' id='word_1_495' title='bbox 1971 4929 2113 4971; x_wconf 89' lang='lat' dir='ltr'><strong>sunt.</strong></span> 
     </span>
    </p>
   </div>
   <div class='ocr_carea' id='block_1_81' title="bbox 580 5005 2113 5075">
    <p class='ocr_par' dir='ltr' id='par_1_81' title="bbox 580 5005 2113 5075">
     <span class='ocr_line' id='line_1_81' title="bbox 580 5005 2113 5075; baseline -0.003 -15"><span class='ocrx_word' id='word_1_496' title='bbox 580 5009 757 5073; x_wconf 85' lang='lat' dir='ltr'><strong>Quare</strong></span> <span class='ocrx_word' id='word_1_497' title='bbox 787 5021 958 5075; x_wconf 89' lang='lat' dir='ltr'><strong>neque</strong></span> <span class='ocrx_word' id='word_1_498' title='bbox 992 5005 1510 5072; x_wconf 74' lang='lat' dir='ltr'><strong>supermenicarum,</strong></span> <span class='ocrx_word' id='word_1_499' title='bbox 1543 5020 1718 5074; x_wconf 86' lang='lat' dir='ltr'><strong>neque</strong></span> <span class='ocrx_word' id='word_1_500' title='bbox 1749 5020 2113 5074; x_wconf 88' lang='lat' dir='ltr'><strong>supergenua-</strong></span> 
     </span>
    </p>
   </div>
   <div class='ocr_carea' id='block_1_82' title="bbox 583 5093 2116 5163">
    <p class='ocr_par' dir='ltr' id='par_1_82' title="bbox 583 5093 2116 5163">
     <span class='ocr_line' id='line_1_82' title="bbox 583 5093 2116 5163; baseline -0.004 -11"><span class='ocrx_word' id='word_1_501' title='bbox 583 5101 713 5152; x_wconf 88' lang='lat' dir='ltr'><strong>lium</strong></span> <span class='ocrx_word' id='word_1_502' title='bbox 764 5097 1114 5150; x_wconf 89' lang='lat' dir='ltr'><strong>merebuntur</strong></span> <span class='ocrx_word' id='word_1_503' title='bbox 1145 5095 1419 5147; x_wconf 89' lang='lat' dir='ltr'><strong>amictum.</strong></span> <span class='ocrx_word' id='word_1_504' title='bbox 1471 5094 1602 5146; x_wconf 81' lang='lat' dir='ltr'><strong>Nam</strong></span> <span class='ocrx_word' id='word_1_505' title='bbox 1646 5095 2033 5163; x_wconf 78' lang='lat' dir='ltr'><strong>supermanica:</strong></span> <span class='ocrx_word' id='word_1_506' title='bbox 2060 5093 2116 5146; x_wconf 80' lang='lat' dir='ltr'><strong>ﬁ-</strong></span> 
     </span>
    </p>
   </div>
   <div class='ocr_carea' id='block_1_83' title="bbox 577 5183 2116 5253">
    <p class='ocr_par' dir='ltr' id='par_1_83' title="bbox 577 5183 2116 5253">
     <span class='ocr_line' id='line_1_83' title="bbox 577 5183 2116 5253; baseline -0.001 -16"><span class='ocrx_word' id='word_1_507' title='bbox 577 5199 713 5253; x_wconf 73' lang='lat' dir='ltr'><strong>gura</strong></span> <span class='ocrx_word' id='word_1_508' title='bbox 777 5193 903 5236; x_wconf 89' lang='lat' dir='ltr'><strong>sunt</strong></span> <span class='ocrx_word' id='word_1_509' title='bbox 949 5183 1307 5242; x_wconf 89' lang='lat' dir='ltr'><strong>manicarum,</strong></span> <span class='ocrx_word' id='word_1_510' title='bbox 1353 5183 1547 5250; x_wconf 88' lang='lat' dir='ltr'><strong>quibus</strong></span> <span class='ocrx_word' id='word_1_511' title='bbox 1601 5192 1755 5235; x_wconf 88' lang='lat' dir='ltr'><strong>erant</strong></span> <span class='ocrx_word' id='word_1_512' title='bbox 1811 5184 2116 5236; x_wconf 65' lang='lat' dir='ltr'><strong>constrictae</strong></span> 
     </span>
    </p>
   </div>
   <div class='ocr_carea' id='block_1_84' title="bbox 581 5269 2115 5336">
    <p class='ocr_par' dir='ltr' id='par_1_84' title="bbox 581 5269 2115 5336">
     <span class='ocr_line' id='line_1_84' title="bbox 581 5269 2115 5336; baseline 0 -12"><span class='ocrx_word' id='word_1_513' title='bbox 581 5288 774 5325; x_wconf 82' lang='lat' dir='ltr'><strong>manus</strong></span> <span class='ocrx_word' id='word_1_514' title='bbox 817 5272 1047 5336; x_wconf 89' lang='lat' dir='ltr'><strong>Domini,</strong></span> <span class='ocrx_word' id='word_1_515' title='bbox 1091 5281 1145 5326; x_wconf 89' lang='lat' dir='ltr'><strong>et</strong></span> <span class='ocrx_word' id='word_1_516' title='bbox 1188 5273 1302 5333; x_wconf 92' lang='lat' dir='ltr'><strong>Dei.</strong></span> <span class='ocrx_word' id='word_1_517' title='bbox 1342 5280 1394 5326; x_wconf 90' lang='lat' dir='ltr'><strong>et</strong></span> <span class='ocrx_word' id='word_1_518' title='bbox 1432 5271 1732 5324; x_wconf 84' lang='lat' dir='ltr'><strong>Servatoris</strong></span> <span class='ocrx_word' id='word_1_519' title='bbox 1775 5273 1944 5324; x_wconf 87' lang='lat' dir='ltr'><strong>nostri</strong></span> <span class='ocrx_word' id='word_1_520' title='bbox 1988 5269 2115 5324; x_wconf 86' lang='lat' dir='ltr'><strong>Jesu</strong></span> 
     </span>
    </p>
   </div>
   <div class='ocr_carea' id='block_1_85' title="bbox 577 5360 2115 5431">
    <p class='ocr_par' dir='ltr' id='par_1_85' title="bbox 577 5360 2115 5431">
     <span class='ocr_line' id='line_1_85' title="bbox 577 5360 2115 5431; baseline -0.003 -15"><span class='ocrx_word' id='word_1_521' title='bbox 577 5361 798 5429; x_wconf 84' lang='lat' dir='ltr'><strong>Christi,</strong></span> <span class='ocrx_word' id='word_1_522' title='bbox 827 5361 1040 5431; x_wconf 87' lang='lat' dir='ltr'><strong>quando</strong></span> <span class='ocrx_word' id='word_1_523' title='bbox 1064 5363 1128 5416; x_wconf 89' lang='lat' dir='ltr'><strong>ad</strong></span> <span class='ocrx_word' id='word_1_524' title='bbox 1164 5362 1521 5416; x_wconf 85' lang='lat' dir='ltr'><strong>voluntariam</strong></span> <span class='ocrx_word' id='word_1_525' title='bbox 1556 5360 1861 5430; x_wconf 86' lang='lat' dir='ltr'><strong>passionem</strong></span> <span class='ocrx_word' id='word_1_526' title='bbox 1888 5370 2115 5414; x_wconf 84' lang='lat' dir='ltr'><strong>conten-</strong></span> 
     </span>
    </p>
   </div>
   <div class='ocr_carea' id='block_1_86' title="bbox 2219 3139 3767 3215">
    <p class='ocr_par' dir='ltr' id='par_1_86' title="bbox 2219 3139 3767 3215">
     <span class='ocr_line' id='line_1_86' title="bbox 2219 3139 3767 3215; baseline 0.005 -23"><span class='ocrx_word' id='word_1_527' title='bbox 2219 3139 2366 3204; x_wconf 73' lang='grc' dir='ltr'>ἄξιόν</span> <span class='ocrx_word' id='word_1_528' title='bbox 2417 3143 2552 3204; x_wconf 74' lang='grc' dir='ltr'>ἔστι,</span> <span class='ocrx_word' id='word_1_529' title='bbox 2608 3143 2744 3211; x_wconf 75' lang='grc' dir='ltr'>μετά</span> <span class='ocrx_word' id='word_1_530' title='bbox 2799 3142 2857 3196; x_wconf 82' lang='grc' dir='ltr'>τὸ</span> <span class='ocrx_word' id='word_1_531' title='bbox 2907 3141 3246 3212; x_wconf 76' lang='grc' dir='ltr'>άνυψωθῆναι</span> <span class='ocrx_word' id='word_1_532' title='bbox 3297 3145 3393 3213; x_wconf 85' lang='grc' dir='ltr'>τῆς</span> <span class='ocrx_word' id='word_1_533' title='bbox 3441 3150 3767 3215; x_wconf 76' lang='grc' dir='ltr'>σωματικῆς</span> 
     </span>
    </p>
   </div>
   <div class='ocr_carea' id='block_1_87' title="bbox 2219 3231 3764 3301">
    <p class='ocr_par' dir='ltr' id='par_1_87' title="bbox 2219 3231 3764 3301">
     <span class='ocr_line' id='line_1_87' title="bbox 2219 3231 3764 3301; baseline 0.004 -19"><span class='ocrx_word' id='word_1_534' title='bbox 2219 3231 2596 3288; x_wconf 82' lang='grc' dir='ltr'>ταπεινώσεως</span> <span class='ocrx_word' id='word_1_535' title='bbox 2658 3233 2761 3284; x_wconf 80' lang='grc' dir='ltr'><strong>ὑπὸ</strong></span> <span class='ocrx_word' id='word_1_536' title='bbox 2815 3234 2913 3301; x_wconf 82' lang='grc' dir='ltr'>τῆς</span> <span class='ocrx_word' id='word_1_537' title='bbox 2983 3235 3356 3301; x_wconf 79' lang='grc' dir='ltr'>πνευματικῆς</span> <span class='ocrx_word' id='word_1_538' title='bbox 3420 3237 3764 3299; x_wconf 72' lang='grc' dir='ltr'>ἀναϐάσεως,</span> 
     </span>
    </p>
   </div>
   <div class='ocr_carea' id='block_1_88' title="bbox 2217 3323 3765 3394">
    <p class='ocr_par' dir='ltr' id='par_1_88' title="bbox 2217 3323 3765 3394">
     <span class='ocr_line' id='line_1_88' title="bbox 2217 3323 3765 3394; baseline 0.004 -20"><span class='ocrx_word' id='word_1_539' title='bbox 2217 3323 2437 3386; x_wconf 87' lang='grc' dir='ltr'>τούτους</span> <span class='ocrx_word' id='word_1_540' title='bbox 2463 3325 2623 3376; x_wconf 89' lang='grc' dir='ltr'>πάλιν</span> <span class='ocrx_word' id='word_1_541' title='bbox 2653 3328 2744 3377; x_wconf 72' lang='grc' dir='ltr'><strong>ἐπὶ</strong></span> <span class='ocrx_word' id='word_1_542' title='bbox 2779 3326 2874 3394; x_wconf 78' lang='grc' dir='ltr'>τὴν</span> <span class='ocrx_word' id='word_1_543' title='bbox 2903 3327 3172 3394; x_wconf 82' lang='grc' dir='ltr'>σαρκικὴν</span> <span class='ocrx_word' id='word_1_544' title='bbox 3200 3327 3557 3393; x_wconf 82' lang='grc' dir='ltr'>ταπεινότητα</span> <span class='ocrx_word' id='word_1_545' title='bbox 3591 3346 3765 3380; x_wconf 76' lang='grc' dir='ltr'>κατα-</span> 
     </span>
    </p>
   </div>
   <div class='ocr_carea' id='block_1_89' title="bbox 2222 3412 3765 3483">
    <p class='ocr_par' dir='ltr' id='par_1_89' title="bbox 2222 3412 3765 3483">
     <span class='ocr_line' id='line_1_89' title="bbox 2222 3412 3765 3483; baseline 0.004 -22"><span class='ocrx_word' id='word_1_546' title='bbox 2222 3412 2473 3464; x_wconf 76' lang='grc' dir='ltr'>πίπτεινο</span> <span class='ocrx_word' id='word_1_547' title='bbox 2524 3413 2829 3465; x_wconf 82' lang='grc' dir='ltr'>τούναντίον</span> <span class='ocrx_word' id='word_1_548' title='bbox 2870 3414 2925 3465; x_wconf 78' lang='grc' dir='ltr'><strong>δὲ</strong></span> <span class='ocrx_word' id='word_1_549' title='bbox 2975 3415 3173 3482; x_wconf 83' lang='grc' dir='ltr'>μᾶλλον</span> <span class='ocrx_word' id='word_1_550' title='bbox 3213 3415 3315 3483; x_wconf 80' lang='grc' dir='ltr'>χρὴ</span> <span class='ocrx_word' id='word_1_551' title='bbox 3365 3416 3443 3476; x_wconf 88' lang='grc' dir='ltr'><strong>είς</strong></span> <span class='ocrx_word' id='word_1_552' title='bbox 3494 3416 3765 3467; x_wconf 77' lang='grc' dir='ltr'>ἀνάϐασιν</span> 
     </span>
    </p>
   </div>
   <div class='ocr_carea' id='block_1_90' title="bbox 2219 3499 3766 3572">
    <p class='ocr_par' dir='ltr' id='par_1_90' title="bbox 2219 3499 3766 3572">
     <span class='ocr_line' id='line_1_90' title="bbox 2219 3499 3766 3572; baseline 0.003 -20"><span class='ocrx_word' id='word_1_553' title='bbox 2219 3499 2424 3570; x_wconf 78' lang='grc' dir='ltr'>ὑψηλὴν</span> <span class='ocrx_word' id='word_1_554' title='bbox 2466 3499 2564 3569; x_wconf 80' lang='grc' dir='ltr'>τὴν</span> <span class='ocrx_word' id='word_1_555' title='bbox 2614 3500 2760 3553; x_wconf 85' lang='grc' dir='ltr'>θείαν</span> <span class='ocrx_word' id='word_1_556' title='bbox 2805 3501 3138 3570; x_wconf 84' lang='grc' dir='ltr'>λειτουργίαν</span> <span class='ocrx_word' id='word_1_557' title='bbox 3188 3506 3252 3556; x_wconf 76' lang='grc' dir='ltr'>ὲκ</span> <span class='ocrx_word' id='word_1_558' title='bbox 3296 3505 3393 3572; x_wconf 81' lang='grc' dir='ltr'>τῆς</span> <span class='ocrx_word' id='word_1_559' title='bbox 3439 3506 3766 3572; x_wconf 75' lang='grc' dir='ltr'>σωματικῆς</span> 
     </span>
    </p>
   </div>
   <div class='ocr_carea' id='block_1_91' title="bbox 2219 3588 3765 3663">
    <p class='ocr_par' dir='ltr' id='par_1_91' title="bbox 2219 3588 3765 3663">
     <span class='ocr_line' id='line_1_91' title="bbox 2219 3588 3765 3663; baseline 0.004 -24"><span class='ocrx_word' id='word_1_560' title='bbox 2219 3588 2602 3656; x_wconf 77' lang='grc' dir='ltr'>ταπεινότητος</span> <span class='ocrx_word' id='word_1_561' title='bbox 2629 3589 2953 3642; x_wconf 78' lang='grc' dir='ltr'>ἀναϐαίνειν.</span> <span class='ocrx_word' id='word_1_562' title='bbox 2990 3589 3080 3643; x_wconf 77' lang='grc' dir='ltr'>Διὸ</span> <span class='ocrx_word' id='word_1_563' title='bbox 3115 3591 3292 3654; x_wconf 72' lang='grc' dir='ltr'>οὐδεὶς</span> <span class='ocrx_word' id='word_1_564' title='bbox 3321 3592 3426 3645; x_wconf 85' lang='grc' dir='ltr'><strong>τῶν</strong></span> <span class='ocrx_word' id='word_1_565' title='bbox 3451 3595 3542 3645; x_wconf 85' lang='grc' dir='ltr'><strong>τοῦ</strong></span> <span class='ocrx_word' id='word_1_566' title='bbox 3579 3594 3765 3663; x_wconf 78' lang='grc' dir='ltr'>βήμαο</span> 
     </span>
    </p>
   </div>
   <div class='ocr_carea' id='block_1_92' title="bbox 2218 3674 3766 3750">
    <p class='ocr_par' dir='ltr' id='par_1_92' title="bbox 2218 3674 3766 3750">
     <span class='ocr_line' id='line_1_92' title="bbox 2218 3674 3766 3750; baseline 0.005 -22"><span class='ocrx_word' id='word_1_567' title='bbox 2218 3692 2305 3737; x_wconf 86' lang='grc' dir='ltr'><strong>τος</strong></span> <span class='ocrx_word' id='word_1_568' title='bbox 2326 3674 2463 3744; x_wconf 85' lang='grc' dir='ltr'>μετὰ</span> <span class='ocrx_word' id='word_1_569' title='bbox 2481 3675 2577 3744; x_wconf 71' lang='grc' dir='ltr'>τὴν</span> <span class='ocrx_word' id='word_1_570' title='bbox 2601 3676 2924 3743; x_wconf 82' lang='grc' dir='ltr'>χειροτονίαν</span> <span class='ocrx_word' id='word_1_571' title='bbox 2949 3678 3234 3748; x_wconf 82' lang='grc' dir='ltr'>τολμηρῶς</span> <span class='ocrx_word' id='word_1_572' title='bbox 3265 3679 3588 3750; x_wconf 75' lang='grc' dir='ltr'>συζευχθείη</span> <span class='ocrx_word' id='word_1_573' title='bbox 3625 3686 3766 3735; x_wconf 74' lang='grc' dir='ltr'>κατὰ</span> 
     </span>
    </p>
   </div>
   <div class='ocr_carea' id='block_1_93' title="bbox 2219 3765 3767 3842">
    <p class='ocr_par' dir='ltr' id='par_1_93' title="bbox 2219 3765 3767 3842">
     <span class='ocr_line' id='line_1_93' title="bbox 2219 3765 3767 3842; baseline 0.004 -25"><span class='ocrx_word' id='word_1_574' title='bbox 2219 3765 2378 3833; x_wconf 87' lang='grc' dir='ltr'>νόμον</span> <span class='ocrx_word' id='word_1_575' title='bbox 2405 3765 2580 3832; x_wconf 86' lang='grc' dir='ltr'>γάμου</span> <span class='ocrx_word' id='word_1_576' title='bbox 2622 3767 2871 3831; x_wconf 74' lang='grc' dir='ltr'>γυναικίο</span> <span class='ocrx_word' id='word_1_577' title='bbox 2921 3767 3076 3819; x_wconf 89' lang='grc' dir='ltr'>τοῦτο</span> <span class='ocrx_word' id='word_1_578' title='bbox 3121 3768 3178 3820; x_wconf 68' lang='grc' dir='ltr'><strong>δὲ</strong></span> <span class='ocrx_word' id='word_1_579' title='bbox 3219 3770 3448 3838; x_wconf 79' lang='grc' dir='ltr'>ποιήσας</span> <span class='ocrx_word' id='word_1_580' title='bbox 3497 3771 3767 3842; x_wconf 86' lang='grc' dir='ltr'>καθαιρε-</span> 
     </span>
    </p>
   </div>
   <div class='ocr_carea' id='block_1_94' title="bbox 2221 3852 3764 3928">
    <p class='ocr_par' dir='ltr' id='par_1_94' title="bbox 2221 3852 3764 3928">
     <span class='ocr_line' id='line_1_94' title="bbox 2221 3852 3764 3928; baseline 0.009 -27"><span class='ocrx_word' id='word_1_581' title='bbox 2221 3852 2459 3918; x_wconf 82' lang='grc' dir='ltr'>θήσεται.</span> <span class='ocrx_word' id='word_1_582' title='bbox 2529 3853 2684 3921; x_wconf 79' lang='grc' dir='ltr'><strong>Ἐξῆν</strong></span> <span class='ocrx_word' id='word_1_583' title='bbox 2743 3854 2851 3922; x_wconf 81' lang='grc' dir='ltr'><strong>γάρ</strong></span> <span class='ocrx_word' id='word_1_584' title='bbox 2905 3855 3050 3918; x_wconf 84' lang='grc' dir='ltr'><strong>αύτῷ</strong></span> <span class='ocrx_word' id='word_1_585' title='bbox 3112 3856 3216 3924; x_wconf 81' lang='grc' dir='ltr'><strong>πρὸ</strong></span> <span class='ocrx_word' id='word_1_586' title='bbox 3280 3858 3377 3926; x_wconf 85' lang='grc' dir='ltr'>τῆς</span> <span class='ocrx_word' id='word_1_587' title='bbox 3425 3865 3764 3928; x_wconf 70' lang='grc' dir='ltr'>χειροτονίας</span> 
     </span>
    </p>
   </div>
   <div class='ocr_carea' id='block_1_95' title="bbox 2217 3939 3763 4012">
    <p class='ocr_par' dir='ltr' id='par_1_95' title="bbox 2217 3939 3763 4012">
     <span class='ocr_line' id='line_1_95' title="bbox 2217 3939 3763 4012; baseline 0.006 -22"><span class='ocrx_word' id='word_1_588' title='bbox 2217 3939 2439 4007; x_wconf 80' lang='grc' dir='ltr'>ποιῆσαι</span> <span class='ocrx_word' id='word_1_589' title='bbox 2467 3939 2529 3991; x_wconf 85' lang='grc' dir='ltr'>τδ</span> <span class='ocrx_word' id='word_1_590' title='bbox 2578 3943 2715 4009; x_wconf 74' lang='grc' dir='ltr'>μετὰ</span> <span class='ocrx_word' id='word_1_591' title='bbox 2753 3943 2852 4010; x_wconf 85' lang='grc' dir='ltr'>τὴν</span> <span class='ocrx_word' id='word_1_592' title='bbox 2885 3945 3216 4012; x_wconf 87' lang='grc' dir='ltr'>χειροτονίαν</span> <span class='ocrx_word' id='word_1_593' title='bbox 3245 3944 3387 3998; x_wconf 72' lang='grc' dir='ltr'>οὕτω</span> <span class='ocrx_word' id='word_1_594' title='bbox 3421 3948 3607 4009; x_wconf 79' lang='grc' dir='ltr'>κακῶς</span> <span class='ocrx_word' id='word_1_595' title='bbox 3643 3952 3763 4001; x_wconf 73' lang='grc' dir='ltr'>τελ-</span> 
     </span>
    </p>
   </div>
   <div class='ocr_carea' id='block_1_96' title="bbox 2220 4030 2410 4098">
    <p class='ocr_par' dir='ltr' id='par_1_96' title="bbox 2220 4030 2410 4098">
     <span class='ocr_line' id='line_1_96' title="bbox 2220 4030 2410 4098; baseline 0.005 -18"><span class='ocrx_word' id='word_1_596' title='bbox 2220 4030 2410 4098; x_wconf 81' lang='grc' dir='ltr'>μηθέν.</span> 
     </span>
    </p>
   </div>
   <div class='ocr_carea' id='block_1_97' title="bbox 2297 4119 3764 4196">
    <p class='ocr_par' dir='ltr' id='par_1_97' title="bbox 2297 4119 3764 4196">
     <span class='ocr_line' id='line_1_97' title="bbox 2297 4119 3764 4196; baseline 0.005 -24"><span class='ocrx_word' id='word_1_597' title='bbox 2297 4119 2489 4186; x_wconf 81' lang='grc' dir='ltr'>Ἕρώτ.</span> <span class='ocrx_word' id='word_1_598' title='bbox 2543 4119 2644 4184; x_wconf 79' lang='grc' dir='ltr'>λζ’.</span> <span class='ocrx_word' id='word_1_599' title='bbox 2685 4119 3024 4191; x_wconf 83' lang='grc' dir='ltr'>Ἐκχωρητόν</span> <span class='ocrx_word' id='word_1_600' title='bbox 3056 4124 3171 4176; x_wconf 70' lang='grc' dir='ltr'>ἔστι</span> <span class='ocrx_word' id='word_1_601' title='bbox 3199 4124 3324 4186; x_wconf 77' lang='grc' dir='ltr'>τοὺς</span> <span class='ocrx_word' id='word_1_602' title='bbox 3372 4125 3546 4196; x_wconf 74' lang='grc' dir='ltr'>ἱερεῖς,</span> <span class='ocrx_word' id='word_1_603' title='bbox 3585 4128 3764 4194; x_wconf 75' lang='grc' dir='ltr'>ἡγου-</span> 
     </span>
    </p>
   </div>
   <div class='ocr_carea' id='block_1_98' title="bbox 2219 4209 3763 4288">
    <p class='ocr_par' dir='ltr' id='par_1_98' title="bbox 2219 4209 3763 4288">
     <span class='ocr_line' id='line_1_98' title="bbox 2219 4209 3763 4288; baseline 0.006 -29"><span class='ocrx_word' id='word_1_604' title='bbox 2219 4209 2407 4276; x_wconf 82' lang='grc' dir='ltr'>μένους</span> <span class='ocrx_word' id='word_1_605' title='bbox 2429 4210 2605 4274; x_wconf 80' lang='grc' dir='ltr'>θντας,</span> <span class='ocrx_word' id='word_1_606' title='bbox 2631 4209 2668 4279; x_wconf 78' lang='grc' dir='ltr'>ἢ</span> <span class='ocrx_word' id='word_1_607' title='bbox 2697 4213 3150 4279; x_wconf 85' lang='grc' dir='ltr'>πρωτοπαπάδας,</span> <span class='ocrx_word' id='word_1_608' title='bbox 3187 4214 3279 4267; x_wconf 80' lang='grc' dir='ltr'><strong>καὶ</strong></span> <span class='ocrx_word' id='word_1_609' title='bbox 3309 4215 3432 4276; x_wconf 82' lang='grc' dir='ltr'>τοὺς</span> <span class='ocrx_word' id='word_1_610' title='bbox 3458 4215 3763 4288; x_wconf 77' lang='grc' dir='ltr'>ἀρχιερεῖς,</span> 
     </span>
    </p>
   </div>
   <div class='ocr_carea' id='block_1_99' title="bbox 2216 4296 3764 4369">
    <p class='ocr_par' dir='ltr' id='par_1_99' title="bbox 2216 4296 3764 4369">
     <span class='ocr_line' id='line_1_99' title="bbox 2216 4296 3764 4369; baseline 0.005 -23"><span class='ocrx_word' id='word_1_611' title='bbox 2216 4296 2304 4348; x_wconf 81' lang='grc' dir='ltr'>διὰ</span> <span class='ocrx_word' id='word_1_612' title='bbox 2348 4296 2684 4364; x_wconf 80' lang='grc' dir='ltr'>ὲπιμανίκων</span> <span class='ocrx_word' id='word_1_613' title='bbox 2733 4299 2830 4350; x_wconf 74' lang='grc' dir='ltr'>καὶ</span> <span class='ocrx_word' id='word_1_614' title='bbox 2867 4299 3222 4365; x_wconf 71' lang='grc' dir='ltr'>ἑπιγονατίων</span> <span class='ocrx_word' id='word_1_615' title='bbox 3266 4301 3764 4369; x_wconf 73' lang='grc' dir='ltr'>ἀποσιμνύνεσθαι·</span> 
     </span>
    </p>
   </div>
   <div class='ocr_carea' id='block_1_100' title="bbox 2149 4366 2622 4454">
    <p class='ocr_par' dir='ltr' id='par_1_100' title="bbox 2149 4366 2622 4454">
     <span class='ocr_line' id='line_1_100' title="bbox 2149 4366 2622 4454; baseline -0.002 -18"><span class='ocrx_word' id='word_1_616' title='bbox 2149 4366 2193 4420; x_wconf 76' lang='lat' dir='ltr'><strong>D</strong></span> <span class='ocrx_word' id='word_1_617' title='bbox 2226 4384 2257 4454; x_wconf 77' lang='grc' dir='ltr'><strong>ἢ</strong></span> <span class='ocrx_word' id='word_1_618' title='bbox 2287 4384 2588 4437; x_wconf 83' lang='grc' dir='ltr'>κεκώλυται</span> <span class='ocrx_word' id='word_1_619' title='bbox 2607 4403 2622 4449; x_wconf 84' lang='lat'><strong>;</strong></span> 
     </span>
    </p>
   </div>
   <div class='ocr_carea' id='block_1_101' title="bbox 2297 4472 3768 4543">
    <p class='ocr_par' dir='ltr' id='par_1_101' title="bbox 2297 4472 3768 4543">
     <span class='ocr_line' id='line_1_101' title="bbox 2297 4472 3768 4543; baseline 0.002 -19"><span class='ocrx_word' id='word_1_620' title='bbox 2297 4472 2486 4525; x_wconf 74' lang='grc' dir='ltr'>Ἄπόκ.</span> <span class='ocrx_word' id='word_1_621' title='bbox 2528 4472 2592 4524; x_wconf 83' lang='grc' dir='ltr'><strong><em>Ἠ</em></strong></span> <span class='ocrx_word' id='word_1_622' title='bbox 2613 4473 2720 4525; x_wconf 85' lang='grc' dir='ltr'><strong>τῶν</strong></span> <span class='ocrx_word' id='word_1_623' title='bbox 2759 4474 3094 4542; x_wconf 71' lang='grc' dir='ltr'>ἑπιμανίκων</span> <span class='ocrx_word' id='word_1_624' title='bbox 3132 4475 3223 4526; x_wconf 76' lang='grc' dir='ltr'>καὶ</span> <span class='ocrx_word' id='word_1_625' title='bbox 3253 4475 3358 4527; x_wconf 86' lang='grc' dir='ltr'>τῶν</span> <span class='ocrx_word' id='word_1_626' title='bbox 3404 4477 3768 4543; x_wconf 75' lang='grc' dir='ltr'>ἑπιγονατίων</span> 
     </span>
    </p>
   </div>
   <div class='ocr_carea' id='block_1_102' title="bbox 2221 4561 3769 4635">
    <p class='ocr_par' dir='ltr' id='par_1_102' title="bbox 2221 4561 3769 4635">
     <span class='ocr_line' id='line_1_102' title="bbox 2221 4561 3769 4635; baseline 0.006 -24"><span class='ocrx_word' id='word_1_627' title='bbox 2221 4561 2484 4631; x_wconf 74' lang='grc' dir='ltr'>ἱερωτάτη</span> <span class='ocrx_word' id='word_1_628' title='bbox 2513 4562 2794 4630; x_wconf 62' lang='grc' dir='ltr'>ἔνδυμενία</span> <span class='ocrx_word' id='word_1_629' title='bbox 2825 4563 3005 4631; x_wconf 87' lang='grc' dir='ltr'>μόνοις</span> <span class='ocrx_word' id='word_1_630' title='bbox 3032 4566 3143 4627; x_wconf 80' lang='grc' dir='ltr'>τοῖς</span> <span class='ocrx_word' id='word_1_631' title='bbox 3185 4565 3494 4635; x_wconf 81' lang='grc' dir='ltr'>ἀρχιερεῦσι</span> <span class='ocrx_word' id='word_1_632' title='bbox 3537 4570 3769 4635; x_wconf 77' lang='grc' dir='ltr'>πεφιλο-</span> 
     </span>
    </p>
   </div>
   <div class='ocr_carea' id='block_1_103' title="bbox 2217 4649 3768 4723">
    <p class='ocr_par' dir='ltr' id='par_1_103' title="bbox 2217 4649 3768 4723">
     <span class='ocr_line' id='line_1_103' title="bbox 2217 4649 3768 4723; baseline 0.005 -20"><span class='ocrx_word' id='word_1_633' title='bbox 2217 4651 2462 4720; x_wconf 86' lang='grc' dir='ltr'>τίμηται,</span> <span class='ocrx_word' id='word_1_634' title='bbox 2511 4649 2584 4714; x_wconf 83' lang='grc' dir='ltr'><strong>ὡς</strong></span> <span class='ocrx_word' id='word_1_635' title='bbox 2630 4653 2719 4704; x_wconf 78' lang='grc' dir='ltr'>τὸν</span> <span class='ocrx_word' id='word_1_636' title='bbox 2764 4651 2932 4703; x_wconf 82' lang='grc' dir='ltr'>τύπον</span> <span class='ocrx_word' id='word_1_637' title='bbox 2973 4653 3224 4720; x_wconf 75' lang='grc' dir='ltr'>ἐπέχουσι</span> <span class='ocrx_word' id='word_1_638' title='bbox 3263 4653 3354 4704; x_wconf 90' lang='grc' dir='ltr'><strong>τοῦ</strong></span> <span class='ocrx_word' id='word_1_639' title='bbox 3411 4655 3613 4723; x_wconf 79' lang='grc' dir='ltr'>Κυρίου</span> <span class='ocrx_word' id='word_1_640' title='bbox 3672 4661 3768 4710; x_wconf 76' lang='grc' dir='ltr'>καὶ</span> 
     </span>
    </p>
   </div>
   <div class='ocr_carea' id='block_1_104' title="bbox 2217 4740 3764 4813">
    <p class='ocr_par' dir='ltr' id='par_1_104' title="bbox 2217 4740 3764 4813">
     <span class='ocr_line' id='line_1_104' title="bbox 2217 4740 3764 4813; baseline 0.003 -21"><span class='ocrx_word' id='word_1_641' title='bbox 2217 4740 2348 4792; x_wconf 86' lang='grc' dir='ltr'>Θεοῦ</span> <span class='ocrx_word' id='word_1_642' title='bbox 2375 4742 2467 4794; x_wconf 80' lang='grc' dir='ltr'>καὶ</span> <span class='ocrx_word' id='word_1_643' title='bbox 2493 4741 2743 4810; x_wconf 88' lang='grc' dir='ltr'>Σωτῆρος</span> <span class='ocrx_word' id='word_1_644' title='bbox 2779 4740 2936 4810; x_wconf 77' lang='grc' dir='ltr'>ἡμῶν</span> <span class='ocrx_word' id='word_1_645' title='bbox 2976 4741 3152 4810; x_wconf 85' lang='grc' dir='ltr'>Ἰησοῦ</span> <span class='ocrx_word' id='word_1_646' title='bbox 3179 4743 3435 4813; x_wconf 74' lang='grc' dir='ltr'>Χριστοῦο</span> <span class='ocrx_word' id='word_1_647' title='bbox 3465 4745 3764 4800; x_wconf 81' lang='grc' dir='ltr'>κάντεῦθεν</span> 
     </span>
    </p>
   </div>
   <div class='ocr_carea' id='block_1_105' title="bbox 2220 4831 3763 4902">
    <p class='ocr_par' dir='ltr' id='par_1_105' title="bbox 2220 4831 3763 4902">
     <span class='ocr_line' id='line_1_105' title="bbox 2220 4831 3763 4902; baseline 0.005 -20"><span class='ocrx_word' id='word_1_648' title='bbox 2220 4831 2313 4882; x_wconf 74' lang='grc' dir='ltr'>καὶ</span> <span class='ocrx_word' id='word_1_649' title='bbox 2339 4832 2607 4901; x_wconf 83' lang='grc' dir='ltr'>ἁμαρτίας</span> <span class='ocrx_word' id='word_1_650' title='bbox 2634 4831 2882 4899; x_wconf 82' lang='grc' dir='ltr'>ἀφιοῦσιν</span> <span class='ocrx_word' id='word_1_651' title='bbox 2913 4831 3232 4902; x_wconf 83' lang='grc' dir='ltr'>ἀνθρώπων,</span> <span class='ocrx_word' id='word_1_652' title='bbox 3254 4835 3345 4886; x_wconf 81' lang='grc' dir='ltr'>καὶ</span> <span class='ocrx_word' id='word_1_653' title='bbox 3371 4833 3506 4887; x_wconf 82' lang='grc' dir='ltr'>ἀλλα</span> <span class='ocrx_word' id='word_1_654' title='bbox 3543 4837 3763 4889; x_wconf 85' lang='grc' dir='ltr'>ποιοῦσι</span> 
     </span>
    </p>
   </div>
   <div class='ocr_carea' id='block_1_106' title="bbox 2221 4919 3762 4992">
    <p class='ocr_par' dir='ltr' id='par_1_106' title="bbox 2221 4919 3762 4992">
     <span class='ocr_line' id='line_1_106' title="bbox 2221 4919 3762 4992; baseline 0.003 -22"><span class='ocrx_word' id='word_1_655' title='bbox 2221 4919 2676 4989; x_wconf 81' lang='grc' dir='ltr'>Χριστομιμήτως</span> <span class='ocrx_word' id='word_1_656' title='bbox 2736 4919 2974 4989; x_wconf 74' lang='grc' dir='ltr'>μείζονα,</span> <span class='ocrx_word' id='word_1_657' title='bbox 3031 4922 3131 4974; x_wconf 82' lang='grc' dir='ltr'>ὅσα</span> <span class='ocrx_word' id='word_1_658' title='bbox 3189 4925 3300 4984; x_wconf 85' lang='grc' dir='ltr'>τοῖς</span> <span class='ocrx_word' id='word_1_659' title='bbox 3362 4922 3591 4992; x_wconf 73' lang='grc' dir='ltr'>ἱερεῦσιν</span> <span class='ocrx_word' id='word_1_660' title='bbox 3663 4928 3762 4978; x_wconf 75' lang='grc' dir='ltr'>οὐκ</span> 
     </span>
    </p>
   </div>
   <div class='ocr_carea' id='block_1_107' title="bbox 2219 5006 3762 5078">
    <p class='ocr_par' dir='ltr' id='par_1_107' title="bbox 2219 5006 3762 5078">
     <span class='ocr_line' id='line_1_107' title="bbox 2219 5006 3762 5078; baseline 0.003 -22"><span class='ocrx_word' id='word_1_661' title='bbox 2219 5006 2556 5075; x_wconf 85' lang='grc' dir='ltr'>ὲνεδόθησαν.</span> <span class='ocrx_word' id='word_1_662' title='bbox 2598 5007 2688 5058; x_wconf 80' lang='grc' dir='ltr'><strong>Διὸ</strong></span> <span class='ocrx_word' id='word_1_663' title='bbox 2714 5007 2834 5060; x_wconf 75' lang='grc' dir='ltr'><strong>οὐδὲ</strong></span> <span class='ocrx_word' id='word_1_664' title='bbox 2862 5007 2958 5075; x_wconf 81' lang='grc' dir='ltr'>τῆς</span> <span class='ocrx_word' id='word_1_665' title='bbox 2997 5007 3106 5058; x_wconf 86' lang='grc' dir='ltr'><strong>τῶν</strong></span> <span class='ocrx_word' id='word_1_666' title='bbox 3135 5008 3470 5078; x_wconf 79' lang='grc' dir='ltr'>ὲπιμανίκων</span> <span class='ocrx_word' id='word_1_667' title='bbox 3501 5009 3622 5062; x_wconf 70' lang='grc' dir='ltr'><strong>οὐδὲ</strong></span> <span class='ocrx_word' id='word_1_668' title='bbox 3652 5011 3762 5063; x_wconf 84' lang='grc' dir='ltr'><strong>τῶν</strong></span> 
     </span>
    </p>
   </div>
   <div class='ocr_carea' id='block_1_108' title="bbox 2219 5094 3760 5169">
    <p class='ocr_par' dir='ltr' id='par_1_108' title="bbox 2219 5094 3760 5169">
     <span class='ocr_line' id='line_1_108' title="bbox 2219 5094 3760 5169; baseline 0.007 -27"><span class='ocrx_word' id='word_1_669' title='bbox 2219 5094 2571 5158; x_wconf 81' lang='grc' dir='ltr'>ὲπιγονατίων</span> <span class='ocrx_word' id='word_1_670' title='bbox 2630 5094 2941 5162; x_wconf 78' lang='grc' dir='ltr'>ὲνδυμενίας</span> <span class='ocrx_word' id='word_1_671' title='bbox 3008 5094 3414 5165; x_wconf 78' lang='grc' dir='ltr'>ἀξιωθήσονται.</span> <span class='ocrx_word' id='word_1_672' title='bbox 3496 5097 3574 5150; x_wconf 86' lang='grc' dir='ltr'><strong>Τά</strong></span> <span class='ocrx_word' id='word_1_673' title='bbox 3653 5101 3760 5169; x_wconf 77' lang='grc' dir='ltr'><strong>γὰρ</strong></span> 
     </span>
    </p>
   </div>
   <div class='ocr_carea' id='block_1_109' title="bbox 2218 5185 3758 5260">
    <p class='ocr_par' dir='ltr' id='par_1_109' title="bbox 2218 5185 3758 5260">
     <span class='ocr_line' id='line_1_109' title="bbox 2218 5185 3758 5260; baseline 0.008 -26"><span class='ocrx_word' id='word_1_674' title='bbox 2218 5185 2514 5253; x_wconf 83' lang='grc' dir='ltr'>ὲπιμάνικα</span> <span class='ocrx_word' id='word_1_675' title='bbox 2538 5187 2706 5248; x_wconf 85' lang='grc' dir='ltr'>τύπος</span> <span class='ocrx_word' id='word_1_676' title='bbox 2739 5186 2847 5238; x_wconf 74' lang='lat' dir='ltr'><strong>eisi.</strong></span> <span class='ocrx_word' id='word_1_677' title='bbox 2891 5187 2998 5240; x_wconf 86' lang='grc' dir='ltr'><strong>τῶν</strong></span> <span class='ocrx_word' id='word_1_678' title='bbox 3027 5189 3351 5258; x_wconf 82' lang='grc' dir='ltr'>χειροπεδῶν</span> <span class='ocrx_word' id='word_1_679' title='bbox 3387 5189 3495 5242; x_wconf 85' lang='grc' dir='ltr'><strong>τῶν</strong></span> <span class='ocrx_word' id='word_1_680' title='bbox 3527 5192 3758 5260; x_wconf 56' lang='lat' dir='ltr'><strong>tmen-</strong></span> 
     </span>
    </p>
   </div>
   <div class='ocr_carea' id='block_1_110' title="bbox 2221 5273 3758 5346">
    <p class='ocr_par' dir='ltr' id='par_1_110' title="bbox 2221 5273 3758 5346">
     <span class='ocr_line' id='line_1_110' title="bbox 2221 5273 3758 5346; baseline 0.007 -22"><span class='ocrx_word' id='word_1_681' title='bbox 2221 5273 2326 5324; x_wconf 83' lang='grc' dir='ltr'>σῶν</span> <span class='ocrx_word' id='word_1_682' title='bbox 2364 5276 2440 5336; x_wconf 82' lang='grc' dir='ltr'><strong>είς</strong></span> <span class='ocrx_word' id='word_1_683' title='bbox 2472 5275 2571 5337; x_wconf 83' lang='grc' dir='ltr'>τὰς</span> <span class='ocrx_word' id='word_1_684' title='bbox 2609 5278 2794 5344; x_wconf 80' lang='grc' dir='ltr'>χεῖρας</span> <span class='ocrx_word' id='word_1_685' title='bbox 2838 5276 2931 5327; x_wconf 89' lang='grc' dir='ltr'><strong>τοῦ</strong></span> <span class='ocrx_word' id='word_1_686' title='bbox 2965 5277 3167 5346; x_wconf 83' lang='grc' dir='ltr'>Κυρίου</span> <span class='ocrx_word' id='word_1_687' title='bbox 3208 5279 3299 5330; x_wconf 81' lang='grc' dir='ltr'>καὶ</span> <span class='ocrx_word' id='word_1_688' title='bbox 3344 5279 3475 5331; x_wconf 84' lang='grc' dir='ltr'>Θεοῦ</span> <span class='ocrx_word' id='word_1_689' title='bbox 3510 5283 3602 5332; x_wconf 76' lang='grc' dir='ltr'>καὶ</span> <span class='ocrx_word' id='word_1_690' title='bbox 3649 5283 3758 5335; x_wconf 82' lang='grc' dir='ltr'><strong>Σω-</strong></span> 
     </span>
    </p>
   </div>
   <div class='ocr_carea' id='block_1_111' title="bbox 2221 5363 3758 5435">
    <p class='ocr_par' dir='ltr' id='par_1_111' title="bbox 2221 5363 3758 5435">
     <span class='ocr_line' id='line_1_111' title="bbox 2221 5363 3758 5435; baseline 0.005 -21"><span class='ocrx_word' id='word_1_691' title='bbox 2221 5363 2383 5432; x_wconf 80' lang='grc' dir='ltr'>τῆρος</span> <span class='ocrx_word' id='word_1_692' title='bbox 2407 5364 2566 5432; x_wconf 78' lang='grc' dir='ltr'>ἡμῶν</span> <span class='ocrx_word' id='word_1_693' title='bbox 2605 5365 2774 5434; x_wconf 86' lang='grc' dir='ltr'>Ἰησοῦ</span> <span class='ocrx_word' id='word_1_694' title='bbox 2825 5365 3060 5434; x_wconf 85' lang='grc' dir='ltr'>Χριστοῦ</span> <span class='ocrx_word' id='word_1_695' title='bbox 3109 5367 3197 5420; x_wconf 86' lang='grc' dir='ltr'>ὅτε</span> <span class='ocrx_word' id='word_1_696' title='bbox 3249 5368 3381 5435; x_wconf 80' lang='grc' dir='ltr'>πρὸς</span> <span class='ocrx_word' id='word_1_697' title='bbox 3413 5368 3473 5420; x_wconf 79' lang='grc' dir='ltr'>τὸ</span> <span class='ocrx_word' id='word_1_698' title='bbox 3512 5367 3758 5422; x_wconf 69' lang='grc' dir='ltr'>ἑκούσιον</span> 
     </span>
    </p>
   </div>
   <div class='ocr_carea' id='block_1_112' title="bbox 1817 5530 2475 5592">
    <p class='ocr_par' dir='ltr' id='par_1_112' title="bbox 1817 5530 2475 5592">
     <span class='ocr_line' id='line_1_112' title="bbox 1817 5530 2475 5592; baseline 0.006 -6"><span class='ocrx_word' id='word_1_699' title='bbox 1817 5530 2045 5587; x_wconf 70' lang='grc' dir='ltr'>νΑιιιΑε</span> <span class='ocrx_word' id='word_1_700' title='bbox 2085 5532 2475 5592; x_wconf 76' lang='lat' dir='ltr'><strong>LECTIONES.</strong></span> 
     </span>
    </p>
   </div>
   <div class='ocr_carea' id='block_1_113' title="bbox 656 5623 1745 5706">
    <p class='ocr_par' dir='ltr' id='par_1_113' title="bbox 656 5623 1745 5706">
     <span class='ocr_line' id='line_1_113' title="bbox 656 5623 1745 5706; baseline 0 -28"><span class='ocrx_word' id='word_1_701' title='bbox 656 5631 704 5669; x_wconf 74' lang='grc' dir='ltr'><strong>ο·</strong></span> <span class='ocrx_word' id='word_1_702' title='bbox 728 5629 812 5690; x_wconf 78' lang='lat' dir='ltr'><strong>qui</strong></span> <span class='ocrx_word' id='word_1_703' title='bbox 837 5627 1041 5681; x_wconf 81' lang='lat' dir='ltr'><strong>abbam</strong></span> <span class='ocrx_word' id='word_1_704' title='bbox 1077 5626 1203 5706; x_wconf 60' lang='lat' dir='ltr'><strong>sin}.</strong></span> <span class='ocrx_word' id='word_1_705' title='bbox 1233 5623 1307 5678; x_wconf 79' lang='lat' dir='ltr'><strong>vel</strong></span> <span class='ocrx_word' id='word_1_706' title='bbox 1342 5625 1745 5692; x_wconf 79' lang='lat' dir='ltr'><strong>protopapades.</strong></span> 
     </span>
    </p>
   </div>
  </div>
