3914 6332
174 411 292 492 989

989 411 1376 471 RESl‘ONSA
1417 409 1518 466 AD
1555 408 2297 467 lN’l'EllilOGATlONES
2341 406 2596 466 MARlIl.

3257 404 3364 465 990

178 529 353 588 πάθος
401 527 671 594 ἠπείγετο.
726 529 795 579 Τὸ
834 529 887 579 ὀὶ
919 531 1254 596 ἑπιγονάτιον
1306 531 1380 589 είς
1426 525 1561 578 τύπο
1620 522 1711 574 τοῦ

1826 523 1992 574 lebat.
2030 523 2424 594 Supergenualo
2455 535 2654 587 autem,
2697 524 2861 592 figura
2894 532 2976 578 est
3005 524 3175 585 lintei,
3207 529 3348 593 quod

174 613 386 667 λεντίου
417 618 581 679 ἐστὶν,
619 618 646 669 ὃ
681 618 708 668 ὀ
731 619 924 686 Κύριος
962 620 1260 677 ἐνεδύσατο,
1293 623 1383 670 καὶ
1405 621 1529 676 τοὺς
1558 618 1714 677 πόδας

177 705 292 756 τῶν
317 705 569 774 μαθητῶν
599 706 793 771 ἔνιψεν.
827 709 1031 776 ’Ὠσπερ
1054 708 1142 760 οὖν
1165 711 1222 760 ού
1243 709 1415 775 δοθείη
1441 707 1716 774 ἐπισκόπῳ

176 796 290 846 τινὶ
323 795 388 845 τὰ
418 799 526 856 τοῖς
556 798 915 866 πατριάρχαις
951 799 1366 866 φιλοτιμηθέντα
1387 799 1470 849 διά
1497 797 1716 864 ἐνδυμε-

177 885 305 944 νίας
336 887 665 952 χαρίσματα,
690 889 886 948 σάκκος
916 888 1152 956 δηλονότι
1205 890 1296 938 καὶ
1327 887 1717 954 πολυσταύριον

180 974 422 1039 (τούτους
458 975 563 1041 γὰρ
600 975 702 1025 ὑπὸ
730 977 926 1027 τούτων
963 977 1303 1028 κυδαίνεσθαι
1339 977 1598 1036 δέδοκται,
1645 976 1718 1037 ὼς

182 1063 282 1114 καὶ
321 1065 748 1130 ἀναφερομένους
775 1067 852 1124 είς
889 1066 985 1129 τῆς
1025 1066 1344 1133 οἰκουμένης
1380 1066 1438 1116 τὰ
1486 1068 1715 1134 πέρατα’

180 1155 357 1218 οὕτως
405 1157 520 1208 οὐδὲ
556 1157 621 1208 τὰ
659 1160 770 1220 τοῖς
812 1159 1126 1221 ἐπισκόποις
1157 1159 1559 1228 ἀπονεμηθέντα
1593 1175 1721 1225 προ-

178 1245 346 1311 νόμια
393 1246 501 1304 τοῖς
546 1245 742 1313 ἱερεῦσι
789 1247 1101 1315 δοθήσεται·
1148 1249 1231 1300 ἵνα
1278 1247 1349 1316 μὴ
1389 1248 1493 1299 τῶν
1525 1247 1719 1315 ἐκκληο

181 1329 475 1380 σιαστικῶν
524 1330 828 1397 προνομίων
893 1332 1148 1399 σύγχυσις
1207 1333 1446 1401 γένηται,
1505 1334 1597 1384 καὶ
1645 1333 1719 1402 τῷ

184 1420 453 1471 Πλάσαντι
489 1419 614 1489 εῐπῃ
637 1421 694 1470 τὺ
722 1421 960 1489 πλάσμα*
1002 1423 1306 1492 Ἐξισοῦμαί
1336 1441 1437 1477 σοι.

271 1508 463 1573 Ἐρώτ.
520 1507 618 1574 λη’.
686 1509 815 1562 Ἀπὸ
857 1511 1083 1578 ἀρχαίας
1131 1514 1390 1582 ἐγχωρίου
1438 1515 1717 1586 συνηθείας

181 1597 484 1649 θάπτονται
533 1597 754 1663 λείψανα
801 1598 1088 1666 όρθοδόξων
1114 1602 1189 1662 είς
1220 1601 1316 1662 τάς
1360 1603 1496 1655 κατὰ
1540 1604 1718 1672 χώραν

181 1685 476 1752 ἐκκλησίας
523 1686 710 1753 ἡμῶν.
755 1687 907 1754 Ζητῶ
950 1685 1040 1741 οὖν
1086 1689 1271 1757 μαθεῖν
1317 1694 1363 1742 εί
1407 1691 1519 1744 ἐστι
1566 1692 1720 1745 τοῦτο

181 1776 660 1842 ἀποκριμάτιστον.

1820 610 1992 662 induit
2037 613 2314 672 Dominus,
2359 627 2481 663 cum
2536 613 2918 679 discipulorum
2982 613 3144 680 pedes
3196 611 3349 666 lavit.

1819 699 2271 762 Quemadmodum
2325 702 2484 769 igitur
2531 719 2648 768 quae
2703 704 3014 770 patriarchis
3060 718 3150 770 per
3195 704 3350 757 inliu-

1819 797 1994 841 menta
2042 794 2224 858 gratia:
2265 793 2477 844 tribuite
2515 802 2637 844 sunt
2663 794 2702 853 ⁸,
2747 794 2837 844 ulli
2883 794 2972 846 alii
3013 809 3118 846 non
3156 795 3352 846 dantur

1816 878 2090 946 episcopo,
2133 894 2322 932 saccus
2366 880 2609 933 videlicet
2639 890 2690 933 ct
2722 897 2850 933 crux
2892 885 3206 952 multiplexIl
3237 885 3351 952 (eos

1817 967 1958 1017 enim
1988 968 2132 1020 hisce
2166 969 2406 1020 decorari
2442 971 2663 1037 placuit,
2691 979 2868 1038 utpote
2898 971 3090 1024 relatos
3122 975 3228 1023 ad'
3258 973 3347 1024 ha-

1819 1052 2051 1108 bitabilis
2072 1056 2217 1108 orbis
2250 1060 2530 1124 extrema):
2572 1058 2649 1109 sic
2676 1073 2772 1109 nec
2800 1059 3066 1126 episcopis
3090 1074 3344 1115 concessa

1820 1145 2090 1212 privilegia
2121 1146 2489 1202 sacerdotibus
2527 1148 2815 1211 dabuntur,
2849 1162 2911 1200 ne
2946 1150 3344 1218 privilegiorum

1819 1232 2302 1288 ecclesiasticorum
2367 1236 2616 1289 confusio
2676 1237 2786 1301 ﬂat,
2833 1247 2884 1290 et
2920 1236 3161 1292 Creatori
3207 1238 3349 1295 dicat

1819 1333 2084 1389 creatura,
2124 1326 2382 1394 Exaequor
2414 1327 2526 1380 tibi.

1895 1499 2086 1553 luterr.
2127 1501 2212 1554 '58.
2254 1501 2440 1556 Vetere
2471 1504 2756 1571 provinciae
2804 1509 3188 1564 consuetudine
3221 1511 3348 1565 reli-

1821 1590 1998 1654 quiae'
2047 1592 2469 1643 orthodoxorum
2515 1592 2566 1644 in
2606 1603 2800 1648 nostra:
2846 1598 3078 1664 regionis
3107 1600 3348 1653 ecclesiis

1823 1680 2169 1747 sepeliuntur.
2204 1679 2393 1744 Quaaro
2419 1682 2578 1747 igitur
2601 1683 2824 1748 discere,
2847 1701 2912 1737 an
2935 1687 3034 1740 hoc
3055 1689 3187 1740 citra
3215 1703 3348 1757 prae-

1820 1767 2077 1834 judicium
2113 1767 2221 1819 ﬂat.

275 1865 465 1918 'Azo'x.
489 1864 724 1933 Διαφορὰ
755 1866 956 1934 μεγάλη
981 1867 1431 1935 ἐστἰνέκκλησιῶν
1461 1887 1718 1939 κασιερω-

1894 1853 2043 1922 Resp.
2069 1855 2250 1924 Magna
2279 1854 2577 1908 diii'erentia
2605 1867 2684 1908 est
2708 1858 2848 1910 inter
2867 1858 3122 1912 ecclesias
3151 1873 3346 1914 ροηδε-

180 1949 382 2008 θεισῶν
437 1957 524 2009 διὰ
569 1958 854 2022 ἐγκαινίων
904 1958 1149 2021 ἁνοιξίων
1203 1961 1294 2009 καὶ
1345 1958 1713 2028 ἐνθρονισμοῦ,

182 2047 487 2114 κρίσματός
519 2063 576 2098 τε
600 2047 753 2112 ἁγίου
784 2045 972 2114 μύρου,
995 2049 1088 2100 καὶ
1115 2049 1420 2111 ἀποθέσεως
1456 2050 1716 2116 λειψάνων

182 2137 359 2202 ἁγίων
392 2136 759 2205 μαρτυρικῶν,
795 2140 884 2188 καὶ
912 2138 1018 2188 τῶν
1046 2138 1118 2205 μὴ
1145 2136 1311 2199 οὕτως
1337 2139 1715 2205 ἀγιασθεισῶν,

185 2227 287 2277 καὶ
313 2226 595 2295 εὐκτηρεου
621 2226 782 2277 τόπον
804 2226 1127 2294 ἐπεχουσῶν.
1157 2229 1246 2278 Διὸ
1280 2230 1336 2279 ἐν
1365 2229 1592 2290 ἐκείναις
1623 2231 1717 2296 μὲν

184 2319 248 2368 ἐν
279 2309 366 2376 αἶς
393 2314 631 2382 δηλονότι
668 2317 974 2384 μαρτυρικὰ
1008 2316 1233 2384 λείψανα
1278 2319 1717 2387 τεθησαύρισται,

188 2406 286 2456 καὶ
331 2406 483 2471 ἁγίου
522 2405 688 2473 μύρου
728 2405 1090 2473 ἐμεσολάὁησε
1138 2407 1360 2474 χρίσμα,
1390 2407 1718 2476 ἀνθρώπινον

186 2493 440 2558 λείψανον
467 2494 840 2563 οἱονδηποτοῦν
871 2495 930 2545 οὐ
967 2495 1260 2564 ταφήσεται
1291 2495 1446 2563 (κατὰ
1476 2498 1534 2547 τὸ
1562 2496 1603 2564 β’
1629 2513 1719 2546 κε-

188 2584 417 2650 φάλαιον
443 2583 532 2634 τοῦ
561 2583 607 2635 α’
652 2585 828 2636 τίτλου
851 2587 942 2637 τοῦ
969 2587 1008 2636 ε’
1037 2584 1237 2654 βιϐλίου
1276 2587 1380 2636 τῶν
1403 2586 1715 2646 Βασιλικῶν,

186 2673 253 2724 τδ
281 2671 458 2738 λέγον·
486 2673 685 2739 Μηδεὶς
728 2675 782 2725 ἐν
810 2675 1068 2742 ἐκκλησία
1093 2675 1336 2726 θαπτέτω
1378 2677 1582 2743 νεκρόν.
1614 2675 1719 2725 Καὶ

192 2762 338 2812 κατὰ
373 2761 461 2812 τὶν
508 2761 702 2822 ἔξωθεν
754 2763 916 2814 αὑτοῦ
962 2763 1207 2831 κείμενον
1244 2762 1485 2823 παλαιὸν,
1514 2763 1604 2814 τὸν
1632 2762 1720 2813 λέ-

200 2867 381 2914 γοντα.⁹
417 2852 530 2902 Οὐκ
571 2851 742 2916 ἔξεστι
778 2852 997 2904 θάπτειν
1030 2852 1146 2904 τινὰ
1184 2854 1239 2904 ἐν
1286 2851 1562 2920 ἐκκλησίᾳ,
1597 2850 1721 2902 ἔνθα

191 2941 433 3004 δηλονότι
479 2940 746 3010 μάρτυρος
795 2943 968 2993 ἐκεῖσε
997 2941 1150 3008 σῶμα
1188 2942 1488 3009 ἀπόκειται)
1515 2959 1527 2972 ι
1553 2943 1630 3003 είς
1667 2941 1722 2992 δέ

193 3030 322 3089 τους
385 3030 456 3096 μὴ
520 3029 660 3080 οὕτω
711 3029 1152 3099 καθιερωθέντας,
1188 3031 1370 3094 ἁγίους
1409 3032 1723 3100 εύκτηρίους

193 3115 742 3186 κατονομαζομένους,
827 3119 1116 3180 ἀκινδύνως

195 3207 256 3257 λε
265 3207 387 3272 ίψαν
396 3225 425 3258 α
435 3247 448 3259 .

281 3297 477 3362 Ἐρώτ.
533 3295 607 3348 λθ⁹
688 3297 939 3349 Κάτοικοί
987 3314 1142 3348 τινων
1197 3298 1434 3365 ἐνοριῶν,
1471 3300 1565 3360 τὰς
1618 3299 1724 3351 τῶν

199 3386 418 3438 οἰκείων
450 3387 742 3456 ἀρχιερέων
772 3389 1101 3455 χειροτονίας
1141 3389 1576 3456 παραιτούμενοι,
1609 3390 1724 3440 ἐτέ-

204 3492 316 3544 ρων
351 3476 566 3543 ἐνοριῶν
598 3476 911 3537 ἐπισκόποις
944 3477 1326 3544 προσέρχονται
1364 3477 1454 3530 καὶ
1493 3493 1727 3548 χειροτο-

200 3563 352 3623 νιῶν,
413 3563 588 3625 καθὼς
645 3565 868 3626 ἕκαστος
937 3565 1044 3633 ἔχει
1112 3565 1423 3634 θελήματος.
1482 3565 1540 3617 El
1603 3567 1728 3632 γοῦν

199 3651 457 3714 ἀσφαλῶς
493 3651 671 3713 αὐτοῖς
707 3653 912 3717 γίνεται
938 3654 1113 3713 τοῦτο,
1149 3654 1292 3721 ζητῶ
1329 3646 1534 3720 μαθεῖν.

289 3740 490 3806 Ἀπόθε.
531 3739 663 3800 Τοὺς
695 3740 789 3807 μέν
815 3740 1157 3805 ἀναγνώστας
1201 3743 1321 3801 τοὺς
1366 3742 1725 3808 ἀθετήσαντας

202 3830 300 3888 τας
328 3828 653 3894 χειροτονίας
673 3828 778 3878 τῶν
801 3830 1101 3880 ἐπισκόπων
1115 3830 1309 3889 αὐτῶν.
1336 3829 1426 3881 καὶ
1448 3831 1522 3890 είς
1541 3832 1728 3898 ἐτέρας

203 3916 419 3982 ἐνορίας
471 3917 708 3983 μείζονος
753 3917 1074 3978 ἀξιωθέντας
1124 3917 1325 3985 βαθμοῦ
1363 3919 1447 3969 διὰ
1497 3918 1730 3986 χειροθε-

207 4004 329 4064 σίας
348 4004 724 4070 ἐπισκοπικῆς,
751 4004 1137 4070 ἀκοινωνησίας
1161 4005 1413 4071 ἐπιτιμίῳ
1438 4005 1484 4054 οί
1513 4005 1729 4065 κανόνες

203 4092 670 4144 καθυποῆἀλλουσι
697 4106 710 4122 ·
754 4096 843 4144 καὶ
888 4095 947 4144 ού
1000 4095 1155 4159 μόνον
1203 4093 1412 4153 αὐτοὺς.
1457 4093 1587 4145 ἀλλά
1637 4094 1731 4145 καὶ

201 4182 332 4240 τοὺς
389 4182 867 4248 χειροτονήσαντας
937 4179 1188 4243 τούτους,
1259 4182 1433 4239 καθὼς
1488 4180 1556 4233 τά
1606 4182 1729 4248 περὶ

202 4267 396 4319 τούτου
453 4267 776 4334 παρίσταται
831 4267 935 4317 ἀπὸ
989 4267 1079 4318 τοῦ
1136 4266 1204 4318 νδ¹
1265 4268 1480 4328 κανόνος
1531 4267 1626 4334 τῆς
1673 4269 1730 4316 ἐν

205 4355 529 4424 Καρθαγένη
574 4356 821 4415 συνόδου,
863 4357 1030 4409 ταῦτα
1061 4357 1197 4408 κατὰ
1244 4358 1391 4426 ῥῆμα
1436 4357 1730 4425 διαλαμϐά-

1208 3119 1720 3187 ἐνταφιασθήσονται
1744 3125 1791 3187 α

1818 1953 1996 1996 cratas
2056 1957 2150 2011 per
2204 1943 2528 1996 initiatorias
2593 1944 2995 2011 dedicationes,
3052 1957 3107 2002 et
3167 1953 3344 2004 throni

1819 2032 2282 2101 inaugurationem
2320 2035 2599 2102 sanctique
2631 2036 2886 2103 unguenti
2924 2039 3249 2104 unctionem,
3294 2055 3348 2096 et

1818 2131 2125 2178 sanctarum
2156 2125 2498 2192 reliquiarum
2548 2135 2841 2195 martyrum
2886 2127 3345 2199 indigitationem;

1816 2223 1869 2267 et
1907 2230 1998 2270 eas
2032 2231 2149 2284 qua
2181 2217 2259 2270 sic
2304 2199 2649 2270 sanctiﬁcata:
2680 2233 2785 2271 non
2820 2229 2969 2283 sunt,
3001 2221 3346 2290 obtinentque

1817 2307 2037 2358 oratorii
2073 2307 2269 2360 locum.
2313 2307 2541 2374 Ideoque
2571 2306 2621 2359 in
2650 2307 2846 2375 quibus
2882 2308 3125 2362 videlicet
3149 2320 3351 2378 marty-

1817 2394 1939 2447 rica:
1979 2395 2214 2462 reliquiae
2241 2395 2525 2448 reconditae
2554 2402 2695 2459 sunt,
2715 2405 2768 2448 et
2797 2397 2967 2448 sancti
2986 2399 3238 2465 unguenti
3266 2400 3346 2451 in-

1819 2482 2044 2534 tervenit
2108 2483 2309 2543 unctio,
2361 2482 2654 2534 humanum
2716 2485 3084 2551 qualecunque
3119 2486 3344 2538 cadaver

1819 2585 1924 2622 non
1953 2569 2260 2636 sepelietur,
2287 2569 2440 2634 juxta
2475 2568 2509 2621 2
2536 2576 2717 2636 caput,
2750 2569 2774 2621 1
2824 2570 2928 2631 tit.,
2974 2570 3006 2621 5
3033 2571 3122 2622 lib.
3161 2570 3352 2624 Basili-

1819 2670 2000 2708 carum
2027 2656 2305 2723 inquiens:
2329 2655 2518 2709 Nullus
2552 2656 2604 2708 in
2629 2655 2856 2708 ecclesia
2885 2659 3173 2720 sepeliatur
3205 2674 3346 2712 mor—

1821 2752 1967 2796 tuus.
2005 2744 2068 2795 Et
2105 2745 2394 2796 secundum
2423 2753 2712 2806 veteremi,
2742 2755 2888 2798 extra
2919 2762 3039 2800 eum
3083 2749 3350 2816 positum:

1819 2831 1934 2886 Non
1965 2833 2088 2885 licet
2114 2834 2337 2899 sepelire
2367 2846 2688 2901 quemquam
2724 2833 2776 2886 in
2799 2835 3044 2899 ecclesia,
3074 2837 3161 2890 ubi
3200 2838 3348 2891 scili-

1823 2931 1908 2976 cet
1945 2921 2192 2991 martyris
2218 2936 2408 2989 corpus
2431 2921 2728 2989 depositum
2750 2936 2850 2976 est.
2874 2924 2929 2975 in
2953 2929 3152 2977 sanctis
3171 2937 3346 2979 autem

1823 3011 2077 3064 oratoriis
2143 3013 2442 3080 appellatis,
2468 3027 2588 3080 quas
2623 3015 2696 3065 ita
2725 3023 3038 3068 consecrata
3072 3029 3177 3068 non
3204 3026 3346 3080 sunt,

1821 3100 2058 3170 reliquiae
2075 3101 2190 3156 sine
2220 3102 2455 3172 periculo
2483 3103 2822 3170 sepelicntur.

1896 3280 2088 3335 Interr.
2116 3281 2202 3336 39.
2221 3283 2580 3348 Quarﬂmdam
2603 3285 2957 3352 parmciarum
2991 3285 3194 3347 incoize,
3226 3300 3353 3339 suo-

1827 3386 1942 3425 rum
2013 3373 2320 3441 pontiﬁcum
2381 3373 2744 3430 ordinationes
2808 3383 3148 3443 respuentes,
3215 3375 3347 3428 alia-

1827 3476 1945 3516 rum
1968 3462 2281 3519 diozcesium
2310 3470 2365 3517 et
2391 3463 2782 3516 ordinationum
2812 3465 3090 3531 episcopos
3128 3465 3345 3524 adeunt,

1825 3560 1984 3620 prout
2011 3552 2239 3619 quisque
2297 3550 2542 3602 vult:an
2593 3559 2708 3602 tuto
2764 3549 2984 3616 faciant,
3037 3568 3218 3621 quer
3265 3556 3346 3608 di-

1826 3655 1994 3694 scere.

1899 3727 2052 3796 Resp.
2075 3727 2324 3781 Lectores
2350 3729 2583 3796 quidem,
2609 3729 2698 3797 qui
2730 3745 2946 3784 suorum
2978 3733 3348 3800 episc0porum

1829 3816 2192 3870 ordinationes
2218 3825 2567 3884 spreverunt:
2602 3827 2655 3870 et
2685 3819 2733 3870 in
2768 3819 2884 3871 aliis
2915 3821 3200 3887 provinciis
3241 3839 3351 3874 ms-

1824 3904 1994 3970 jorem
2033 3905 2251 3973 gradum
2281 3919 2374 3971 per
2403 3906 2716 3973 episcopalis
2746 3921 2933 3961 manus
2960 3909 3348 3976 impositionem

1832 3995 2105 4049 consecuti
2135 4003 2296 4057 sunt,
2326 3995 2894 4048 excommunicationis
2923 4011 3090 4063 poenae
3121 4013 3356 4051 canones

1836 4083 2148 4149 subjiciunt,
2179 4097 2276 4135 nec
2305 4097 2396 4136 eos
2421 4083 2595 4146 modo,
2618 4083 2708 4136 sed
2733 4092 2784 4136 et
2811 4098 2922 4146 eos,
2944 4087 3034 4152 qui
3075 4087 3351 4139 ordinave—

1828 4179 1974 4234 runt,
1996 4171 2439 4239 quemadmodum
2485 4173 2798 4240 exprimitur
2828 4189 3033 4228 canone
3057 4177 3124 4228 54
3160 4178 3345 4244 synodi

1831 4259 2290 4327 Cartliaginensis,
2343 4262 2450 4314 haec
2502 4261 2886 4328 complectente
2938 4263 3000 4314 ad
3064 4265 3280 4315 verbum
3334 4280 3349 4315 :

1836 4348 2072 4401 Clericos
2096 4350 2155 4404 in
2173 4349 2395 4401 ecclesia
2417 4359 2652 4416 agentes,
2680 4359 2736 4401 ut
2765 4350 2871 4417 jam
2901 4350 3220 4412 deliniimus,
3247 4368 3351 4404 non

203 4459 386 4501 νοντος
422 4457 437 4472 ο
479 4443 782 4511 Κληρικοὺς
837 4443 915 4504 είς
965 4443 1253 4504 ἐκκλησίαν
1305 4443 1604 4506 τελοῦντας,
1661 4443 1734 4504 ὡς

1839 4438 1996 4490 licere
2023 4437 2271 4490 ordinare
2313 4437 2365 4488 in
2405 4439 2539 4489 alius
2563 4439 2794 4492 civitatis
2825 4440 3069 4498 ecclesia,
3095 4442 3184 4492 sed
3222 4457 3350 4493 con-

204 4534 308 4600 ᾕδη
329 4531 619 4599 ὡρίσαμεν,
643 4531 714 4599 μὴ
735 4532 927 4595 ἐξεῖναι
948 4534 1024 4592 είς
1041 4533 1199 4598 ἄλλης
1217 4532 1420 4593 πόλεως
1448 4532 1730 4582 τάττεσθαι

204 4621 518 4689 ἐκκλησίαν,
555 4621 688 4672 ἀλλά
735 4622 975 4688 στέργειν
1018 4621 1226 4686 ἐκείνην
1255 4623 1309 4672 ἐν
1407 4621 1730 4689 λειτουργεῖν

206 4710 267 4771 ἐξ
292 4709 466 4777 ἀρχῆς
499 4707 805 4776 ἠξιώθησαν
825 4727 838 4740 ·
882 4711 1032 4770 ἐκτὸς
1073 4711 1288 4760 ἐκείνων
1317 4711 1506 4770 οἵτινες
1539 4711 1733 4762 ἀπολέ-

210 4813 405 4858 σαντες
431 4797 526 4858 τάς
559 4798 691 4858 ἰδίας
733 4798 1016 4864 πατρίδας,
1051 4797 1151 4848 ὑπὸ
1190 4799 1428 4865 ἀνάγκης
1461 4800 1538 4858 είς
1570 4799 1734 4863 ἀλλην

210 4886 502 4950 ἐκκλησίαν
534 4887 808 4955 μετῆλθον.
844 4887 902 4936 El
927 4885 989 4935 δέ-
1018 4902 1100 4945 τις
1138 4885 1446 4949 ἐπίσκοπος,
1481 4888 1616 4953 μετὰ
1644 4889 1735 4938 τὸν

213 4972 335 5039 ὅρον
387 4971 592 5032 τοῦτον,
639 4971 779 5038 ἄλλῳ
819 4960 1093 5034 ἐπισκόπῳ
1140 4971 1475 5037 προσήκοντα
1524 4971 1734 5038 δέξηται

215 5057 495 5125 κληρικδν,
544 5056 717 5118 ἐδοξεν
745 5056 1099 5123 ἀκοινώνητον
1126 5051 1262 5107 εἶναι
1288 5057 1377 5108 καὶ
1412 5057 1500 5108 τὸν
1529 5059 1737 5126 δεχθέν-

215 5163 282 5197 τα
309 5146 400 5197 καὶ
421 5145 510 5196 τὸν
552 5143 838 5211 δεξάμενον
859 5157 873 5171 °
908 5144 1011 5205 ἕως
1040 5144 1105 5196 ἂν
1129 5147 1156 5195 ὀ
1187 5145 1452 5211 μεταστὰς
1485 5145 1737 5214 κληρικδς

213 5237 294 5297 εις
337 5235 434 5303 τὴν
485 5235 615 5286 ἰδίαν
662 5234 919 5302 ἐπανέλθῃ
963 5233 1295 5299 Ἐκκλησίαν.
1344 5234 1476 5300 Περὶ
1526 5235 1582 5286 δὲ
1633 5235 1737 5286 τῶν

215 5323 418 5374 λαῖκῶν
468 5322 798 5390 συνεζητήθη
867 5321 993 5372 ποτὲ
1050 5321 1197 5388 παρά
1251 5321 1420 5390 ταύτῃ
1481 5326 1544 5391 τῇ
1611 5323 1740 5391 ἁγίᾳ

217 5409 416 5476 συνόδῳ
449 5409 546 5475 τῆς
573 5410 676 5461 τῶν
717 5407 1346 5460 Κωνσταντινουπολιτὼν
1393 5409 1730 5476 Ἐκκλησίας,

219 5491 699 5567 τεατριαρχεύοντος
724 5496 817 5550 τοῦ
853 5496 1148 5564 ἀγιωτάτου
1179 5496 1237 5546 ἐν
1263 5497 1615 5565 πατριάρχαις
1646 5501 1741 5550 καὶ

1839 4536 2013 4577 lentos
2033 4538 2150 4576 esse
2178 4525 2286 4585 illa,
2321 4524 2371 4575 in
2396 4538 2498 4589 qua
2537 4526 2602 4576 ab
2633 4524 2786 4577 initio
2817 4526 3121 4579 ministrare.
3152 4544 3358 4581 merue-

1837 4627 1961 4667 runt
2005 4630 2020 4666 :
2061 4616 2126 4667 iis
2166 4615 2421 4680 exceptis,
2457 4615 2544 4680 qui
2585 4616 2776 4667 amissa
2813 4631 2908 4668 sua
2938 4618 3128 4683 patria,
3159 4633 3222 4670 ex
3258 4635 3352 4670 ne-

1836 4705 2083 4757 cessitate
2132 4706 2186 4755 in
2241 4704 2396 4754 aliam
2444 4708 2718 4756 ecclesiam
2771 4707 3080 4772 migrarunt.
3124 4707 3272 4771 Quod
3309 4711 3352 4762 si

1835 4792 1956 4859 quis
1999 4791 2280 4858 episcopus
2332 4799 2448 4856 post
2493 4794 2626 4843 hanc
2673 4792 3052 4854 deﬁnitionem.
3102 4796 3354 4849 clericum

1834 4879 2130 4945 susceperit
2157 4879 2220 4929 ad
2254 4878 2414 4929 alium
2459 4881 2765 4945 episcopum
2797 4884 3148 4948 pertinentem
3177 4923 3191 4944 ,
3237 4885 3351 4951 pla-

1835 4970 1947 5023 cuit
1972 4968 2487 5020 excommunicatum
2511 4984 2648 5028 esse,
2685 4979 2789 5021 tam
2831 4984 3156 5040 susceptum,
3192 4989 3351 5041 quam

1836 5057 2238 5122 suscipientem,
2261 5055 2430 5107 donec
2458 5057 2550 5123 qui
2585 5059 2833 5126 migravit
2859 5063 3107 5121 clericus,
3139 5061 3204 5113 ad
3231 5077 3352 5127 pro—

1835 5144 2007 5212 priam
2039 5143 2316 5195 ecclesiam
2351 5150 2662 5197 revertatur.
2699 5146 2770 5199 De
2816 5147 2965 5200 laicis
2987 5157 3161 5200 autem
3198 5148 3348 5208 simul

1837 5231 2118 5299 quaesitum
2175 5241 2257 5282 est
2311 5231 2363 5280 in
2411 5239 2592 5282 sancta
2646 5232 3354 5301 Constantiuopolitanorum

1839 5319 2092 5373 Ecclesiae
2131 5317 2355 5387 synodo,
2386 5318 2796 5386 patriarcbatum
2834 5322 3106 5375 obtinente
3135 5322 3357 5375 sanctis-

1839 5410 1976 5463 simo
2019 5408 2154 5461 inter
2202 5407 2528 5474 patriarchas
2593 5419 2647 5462 et
2693 5410 3090 5477 sapientissimo
3139 5411 3357 5464 domino

1842 5496 2094 5551 Michaele
2115 5495 2394 5559 Anehialo,
2430 5505 2484 5549 et
2519 5512 2700 5552 mense
2726 5498 3032 5566 Novembri,
3067 5500 3359 5554 indictione

1476 5609 1701 5682 unus
1724 5607 2115 5664 LECTIONES.

296 5709 313 5744 ί
342 5724 429 5773 νοτ
469 5706 832 5770 supellectilem
862 5703 1102 5768 beneﬁcia
1143 5703 1334 5753 tributa
1375 5710 1514 5753 sum.

221 5783 252 5815 κ
283 5783 551 5831 Certavere.
617 5785 643 5823 1
674 5773 888 5836 scilicet,
921 5773 1264 5836 interpretem.

1593 5713 1616 5738 ιι
1657 5702 2051 5769 ῃοίυειαιινίωη.

2127 5709 2151 5733 ν
2178 5715 2391 5765 quorum
2426 5701 2630 5752 nomina
2675 5701 2962 5767 referuntur
3007 5703 3248 5776 iuuerit
3270 5703 3356 5754 ad.
