3914 6332
239 376 342 438 99η

987 381 1375 442 RESPONSA
1409 383 1510 443 AD
1547 383 2280 448 lNTEliliOGATlONI-IS
2305 390 2566 453 MARCL

3339 401 3440 464 998

243 505 346 569 κήν
376 500 570 567 ἔρωτος
601 497 753 554 εἶναι’
788 502 1070 555 κάντεῦθεν
1099 505 1187 555 καὶ
1216 504 1419 573 φθορὰν
1441 505 1784 572 ὑφίστασθαι,

1898 520 2028 569 cem,
2060 509 2364 580 exindeque
2393 523 2639 582 stuprum
2669 517 2802 584 pati,
2829 523 2876 568 et
2906 515 3246 570 seettationis
3277 517 3434 586 argui

241 595 338 644 iul.
388 595 488 661 τῆς
541 593 790 662 πορνείας
819 596 932 655 τοῖς
961 593 1236 663 λογισμοῖς
1271 595 1609 648 ἁλίσκεσθαι.
1645 596 1703 647 Et
1732 597 1786 648 δὲ

275 687 334 736 πὶ
387 686 638 750 γυναικὸς
667 687 833 738 ταῦτα
859 685 1080 748 δικαίως
1123 687 1573 755 πεφιλοσόφηται,
1615 687 1790 756 πολλῷ

240 775 402 824 πλέον
431 776 520 827 ἐπὶ
547 777 733 845 ἀνδρὸς
767 777 1189 846 ψηφισθήσεται.

325 866 512 930 Ἐρώτ.
552 866 661 934 μθ’.
689 869 842 922 Κατὰ
872 869 968 938 τὴν
1017 869 1252 938 ἑσπέραν
1287 869 1409 935 ,τῆς
1447 869 1788 938 κυριωνύμου

238 957 466 1024 πρώτης
518 961 725 1030 ἡμέρας
774 962 869 1013 ἐὰν
906 960 1295 1029 συμπλακῶσιν
1313 961 1568 1028 ὁμόζυγοι
1604 977 1791 1029 σαρκι-

237 1047 375 1110 κῶς,
394 1050 870 1118 ἐπιτιμηοήσονται
890 1053 961 1114 ὡς
990 1053 1494 1121 παρανομήσαντες,
1524 1051 1554 1121 ἢ
1588 1050 1647 1103 οὔ
1671 1069 1684 1113 ;

322 1138 524 1191 Ἀπόκ.
555 1140 662 1191 Καὶ
686 1141 884 1193 ἄνωθεν
905 1142 1136 1211 εἴρηται.
1157 1144 1295 1194 κατὰ
1318 1141 1376 1193 τὸ
1403 1140 1673 1193 Σάῦϐατον
1696 1141 1790 1193 καὶ

236 1227 341 1296 τὴν
379 1229 663 1297 Κυριακὴν
709 1233 944 1296 ὀφείλειν
989 1233 1285 1300 ἀπέχεσθαι
1334 1234 1458 1292 τοὺς
1492 1230 1790 1298 ὁμοζύγους

237 1319 340 1385 τῆς
371 1321 634 1388 σαρκικῆς
666 1322 978 1380 κοινωνίας·
1018 1323 1103 1375 διὰ
1138 1323 1196 1375 τὸ
1221 1325 1278 1376 ἐν
1293 1324 1484 1384 αὑταῖς
1499 1323 1598 1390 τὴν
1631 1335 1792 1373 πνευ-

239 1407 476 1472 ματικὴν
520 1406 712 1458 θυσίαν
764 1408 1124 1476 ἀναφέρεσθαι
1179 1409 1256 1478 τῷ
1323 1409 1512 1477 Κυρίῳ
1544 1425 1559 1440 ν
1611 1407 1792 1468 καθὼς

238 1496 398 1546 τοῦτο
448 1497 538 1547 καὶ
562 1497 590 1548 ὁ
622 1498 790 1564 μέγας
820 1500 877 1549 ἐν
901 1499 1074 1564 ἁγίοις
1140 1498 1401 1566 Τιμόθεος
1446 1498 1790 1568 πατριάρχης

249 1584 655 1654 Ἀλεξανδρείας
712 1587 846 1655 πρὸς
875 1589 1002 1650 τοὺς
1023 1589 1402 1657 ἐρωτήσαντας
1443 1589 1571 1656 περὶ
1599 1586 1790 1640 τούτου

236 1676 597 1744 ἁπεκρίνατο.
648 1682 712 1734 Oi
769 1681 900 1748 γοῦν
951 1682 1023 1751 μὴ
1064 1684 1145 1745 είς
1195 1682 1393 1745 ταύτας
1439 1684 1539 1744 τὰς
1581 1682 1792 1751 ἡμέρας

233 1768 714 1836 ἐγκρατευόμενοι,
779 1772 895 1833 πῶς
952 1772 1048 1824 καὶ
1121 1771 1239 1822 τότε
1275 1772 1412 1823 κατὰ
1443 1770 1628 1838 κοινὴν
1657 1787 1792 1838 συμ-

1895 595 2216 653 ratiociniis.
2251 601 2402 666 Quod
2444 605 2488 657 si
2526 604 2638 657 haec
2668 603 2734 659 de
2767 605 2965 659 femina
3002 606 3147 674 juste
3195 616 3434 663 tractan-

1893 693 2002 751 tur,
2035 689 2203 743 multo
2233 694 2404 762 magis
2448 695 2500 747 in
2541 709 2689 749 mare
2723 697 3045 751 sciscentur.

1965 864 2160 921 Interr.
2190 867 2278 923 49.
2310 869 2364 922 ln
2400 885 2619 939 veSpera
2671 873 2826 940 primi
2871 873 2975 926 diei
3023 871 3284 927 Dominici
3326 885 3349 912 ο
3388 875 3432 928 si

1894 957 2151 1025 conjugcs
2193 959 2482 1012 carnaliter
2533 959 2892 1026 implicentur,
2941 976 3170 1014 censura
3219 976 3435 1014 coerce-

1892 1045 2114 1110 buntur,
2153 1057 2209 1099 ut
2249 1056 2675 1116 transgressores
2715 1051 2910 1116 legunt,
2945 1050 3164 1102 annon?

1960 1135 2109 1204 Resp.
2142 1137 2205 1189 Et
2235 1139 2486 1205 superius
2523 1139 2726 1192 dictum
2759 1148 2860 1203 est,
2899 1142 2950 1192 in
2982 1141 3214 1194 Sabbato
3239 1150 3290 1194 et
3327 1141 3432 1194 Do-

1891 1228 2091 1281 minico
2117 1230 2372 1296 conjugcs
2397 1230 2669 1283 abstinere
2696 1231 2890 1283 debere
2919 1232 3122 1283 carnali
3155 1233 3428 1293 societate,

1891 1320 2034 1386 quod
2087 1321 2139 1372 in
2192 1321 2271 1373 eis
2317 1323 2577 1391 spiritalis
2629 1324 2803 1377 hostia
2848 1324 3102 1378 oﬂerntur
3151 1325 3373 1376 Domino
3416 1341 3429 1376 :

1889 1409 2340 1475 quemadmodum
2390 1426 2615 1479 magnus
2668 1412 2812 1465 inter
2858 1423 3075 1466 sanctos
3123 1412 3432 1467 Timotheus

1889 1497 2224 1553 Alexandriae
2255 1501 2581 1569 patriarcha,
2617 1502 2683 1554 ad
2716 1518 2830 1564 eos.
2860 1504 2950 1570 qui
2981 1503 3047 1555 de
3077 1505 3177 1555 hoc
3209 1505 3436 1555 interro-

1891 1587 2106 1654 gabant,
2142 1590 2443 1657 respondit.
2475 1589 2577 1654 Qui
2615 1592 2778 1660 igitur
2813 1592 2895 1645 bis
2924 1593 3116 1645 diebus
3153 1593 3434 1646 continen-

1890 1682 1972 1728 ter
2029 1689 2136 1729 non
2197 1685 2404 1745 agunt,
2463 1693 2695 1744 quonam
2754 1680 2912 1732 modo
2973 1686 3102 1731 tunc
3162 1679 3433 1730 communi

1889 1765 2160 1818 vacabunt
2205 1765 2290 1834 (ut
2347 1779 2575 1836 magnus
2633 1767 2708 1820 ait
2756 1766 3069 1836 Apostolus)
3123 1770 3432 1834 congressui

235 1859 443 1920 φωνίαν
469 1859 815 1926 σχολάσουσιν
835 1859 928 1928 (ὡς
953 1862 980 1911 ὁ
1014 1861 1187 1927 μέγας
1236 1859 1550 1921 ’Δπόστολος
1577 1856 1784 1926 εἴρηκε)

1898 1863 2012 1904 cum
2053 1850 2163 1906 Deo
2211 1860 2263 1906 et
2307 1855 2586 1908 orationi?
2627 1855 2788 1909 Nullo
2828 1858 2984 1924 plane
3027 1856 3204 1908 modo.
3253 1855 3434 1925 Itaque

236 1950 305 2013 τῆ
346 1947 478 2014 πρὸς
500 1949 628 2000 Θεὸν
653 1949 888 2012 ἐντεύξει
911 1950 1005 2001 καὶ
1029 1952 1303 2018 προσευχῇ
1327 1965 1339 2007 ;
1373 1949 1595 2009 Πάντως
1639 1947 1787 2000 οὐδέ-

238 2054 394 2089 ποτε.
422 2039 510 2090 Διὸ
539 2041 630 2091 καὶ
658 2040 724 2092 δι’
755 2040 1046 2110 ἐπιτιμίων
1072 2039 1304 2110 μετρίων
1329 2042 1378 2092 ol
1411 2037 1581 2102 οὕτως
1605 2039 1788 2107 ἡμαρο

236 2131 470 2194 τηκκῑτες
503 2128 981 2197 διορθωθήσονται.

323 2219 499 2282 Ἐρώτ
545 2226 606 2271 ν’.
679 2220 804 2272 Ἐάν
854 2220 998 2272 κατὰ
1061 2220 1161 2287 τήν
1205 2217 1786 2289 Τεσσαρακονθήμερον

237 2305 496 2371 νηστείας
533 2308 632 2358 οὐκ
667 2307 1103 2375 ἐγκρατεύωνται
1159 2310 1209 2360 oi
1235 2307 1511 2376 ὁμόζυγοι,
1547 2305 1784 2375 ἀξιωθή-

239 2412 427 2446 σονται
477 2396 577 2462 τῆς
653 2396 762 2448 τῶν
827 2397 984 2450 θείων
1045 2399 1398 2466 άτιασμάτων
1468 2396 1783 2457 κοινωνίας,

236 2486 379 2536 κατὰ
406 2486 501 2555 τήν
525 2486 614 2538 τοῦ
648 2487 878 2555 μεγάλου
897 2488 1090 2558 Πάσχα
1126 2488 1561 2557 κοσμοσωτήριον
1573 2484 1784 2555 ἑορτὴν,

237 2574 403 2641 ﬁet");

324 2663 378 2716 Ἀ
391 2664 522 2716 πόκ.
551 2664 612 2716 El
650 2663 784 2732 μηδέ
838 2663 1182 2733 ἰχθυοφαγεῖν
1212 2663 1566 2733 ἐδιδάχθημεν
1590 2701 1606 2726 ,
1653 2659 1788 2729 μηδὲ

244 2754 429 2814 ἁπλῶς
462 2755 746 2806 καταλύειν
775 2755 839 2807 δι’
871 2755 998 2824 ὅλης
1011 2755 1108 2822 τῆς
1135 2753 1292 2821 ἁγίας
1315 2752 1781 2821 Τεσσαρακοστῆς,

239 2845 336 2894 καὶ
390 2846 527 2894 κατὰ
573 2845 751 2896 πᾶσαν
791 2845 1043 2912 τετράδα,
1073 2845 1166 2896 καὶ
1198 2842 1578 2910 Παρασκευήν,
1609 2837 1786 2906 πολλῷ

239 2930 403 2982 πλέον
459 2935 554 2999 τῆς
614 2935 876 3002 σαρκικῆς
950 2932 1265 2999 συμπλοκῆς
1293 2930 1514 2998 ἀπέχειν
1551 2930 1788 2994 ἀναγκα-

244 3022 552 3089 σθήσονται.
584 3024 643 3074 Οί
667 3023 797 3089 γοῦν
860 3021 1346 3090 παρανομήσαντες
1373 3019 1546 3079 οὕτως
1587 3016 1785 3085 ὁμόζυ-

241 3128 357 3177 γοι,
377 3115 468 3164 καὶ
493 3114 569 3174 είς
601 3113 863 3182 ἀκρασίαν
896 3110 1184 3178 σατανικὴν
1217 3107 1787 3178 μεταστοιχειώσαντες

237 3207 339 3268 τὴν
368 3205 470 3254 άπὸ
504 3203 597 3270 τῆς
631 3204 878 3270 νηστείας
909 3203 1002 3254 καὶ
1025 3201 1122 3268 τῆς
1154 3199 1473 3267 ἀπαλλαγῆς
1515 3199 1622 3250 τῶν
1656 3213 1788 3267 σαρ-

239 3294 415 3342 κικῶν
465 3293 763 3359 ἐπιθυμιῶν
817 3290 1130 3360 σωτηριώδη
1193 3289 1476 3356 μετάνοιαν
1502 3287 1713 3356 (ὥσπερ
1740 3288 1788 3339 εί

242 3382 323 3447 μὴ
352 3379 445 3431 τοῦ
481 3381 600 3433 ὅλου
643 3379 889 3434 ἐνιαυτοῦ
917 3381 950 3448 ή
980 3378 1280 3448 περιδρομή
1313 3377 1530 3444 ἐξήρκει
1581 3375 1789 3436 τούτοις

246 3473 331 3529 είς
387 3469 770 3538 ἀποπλήρωσιν
795 3467 901 3520 τῶν
926 3467 1200 3537 σαρκικῶν
1243 3464 1542 3534 ἐπιθυμιῶν
1566 3461 1786 3530 αὐτῶν)⁹

240 3558 369 3608 οὔτε
431 3562 527 3627 τῆς
587 3559 732 3620 Θείας
772 3559 863 3610 καὶ
913 3557 1073 3624 ἁγίας
1125 3554 1472 3625 μεταλήψεως
1521 3551 1662 3604 κατά
1692 3551 1790 3620 τὴν

245 3649 443 3716 ἑορτήν
504 3647 596 3699 τοῦ
648 3648 800 3713 ἁγίου
845 3649 940 3699 καὶ
968 3646 1204 3714 μεγάλου
1240 3645 1430 3712 Πάσχα
1461 3643 1789 3712 ἀξιωθήσον-

243 3754 359 3800 τα·,
393 3737 524 3788 ἀλλὰ
547 3740 639 3789 καὶ
669 3738 734 3791 δι’
763 3737 1050 3805 ἐπιτιμιῶν
1079 3735 1549 3804 διορθωθήσονται.

334 3829 524 3893 Ἐρώτ.
583 3834 683 3880 να’.
754 3826 1055 3878 ’Δκίνδυνόν
1111 3826 1226 3876 ἐστι
1283 3823 1423 3876 κατὰ
1472 3821 1570 3892 τὴν
1623 3823 1793 3890 Κυρι-

245 3919 466 3982 ώνυμον
493 3917 701 3984 ἡμέραν
736 3917 813 3977 εἰς
848 3915 1122 3983 βαλανεῖον
1160 3912 1513 3981 ἀπέρχεσθαι,
1545 3912 1638 3963 καὶ
1669 3912 1790 3979 θερ-

249 4008 372 4072 μοῖς
405 4004 641 4069 λουτροῖς
667 4001 1077 4064 ἀπονίπτεσθαι,
1105 4001 1136 4068 ἢ
1167 3999 1226 4052 οὗ
1256 4018 1268 4062 ;

335 4093 524 4144 Ἁπόκ.
563 4091 712 4144 Κατὰ
741 4090 1209 4160 τὴνΚυριώνυμον
1240 4091 1395 4159 ἔργου
1417 4091 1614 4152 παντὸς
1654 4092 1789 4143 ἀπο-

241 4185 275 4236 δ
306 4181 680 4244 ίστασθαιτοὺς
693 4183 935 4246 πιστοὺς,
951 4181 1104 4234 καλοί
1124 4180 1503 4248 θεῖοιΠατέρες
1527 4181 1787 4243 ἐδίδαξαν,

242 4277 340 4326 καὶ
359 4271 470 4341 ἡνδ¹
486 4273 671 4341 Νεαρὰ
684 4270 777 4325 τοῦ
796 4271 1051 4341 βασιλέως
1069 4272 1252 4338 κυρίου
1270 4271 1490 4334 Λέοντος
1510 4270 1602 4323 τοῦ
1622 4269 1787 4331 Σοφοῦ

239 4364 469 4424 δικαίως
501 4363 883 4432 ἐθεσπιῲδησε,
917 4363 1048 4428 φησὶ
1073 4362 1179 4428 γᾶη
1216 4364 1274 4414 ἐν
1306 4362 1458 4431 μέρει
1488 4360 1681 4413 ταῦτα’

1891 1941 1982 2007 qui
2017 1941 2096 1995 sic
2125 1941 2483 2011 deliquerunt,
2522 1947 2698 2014 pinnis
2735 1945 3184 2001 moderation‘bus
3209 1943 3228 1984 τ
3258 1962 3436 2000 emcn-

1892 2027 2184 2085 dabuntur.

1959 2200 2147 2256 Interr.
2201 2202 2288 2257 50.
2317 2202 2372 2258 Si
2429 2220 2524 2275 per
2581 2203 2947 2274 Quadragcna:
2983 2207 3245 2276 jejunium
3301 2225 3434 2264 con-

1886 2289 2042 2358 jugcs
2109 2293 2447 2347 continenter
2510 2309 2614 2348 non
2690 2308 2870 2364 agam,
2936 2297 3080 2367 digni
3152 2299 3429 2353 habebun-

1893 2389 1981 2434 tur
2054 2380 2357 2435 divinarum
2437 2384 2924 2440 sanctiﬁcationum
3006 2389 3429 2450 comnmnione,

1892 2468 1948 2521 in
2008 2469 2186 2538 magni
2235 2470 2517 2526 Paschalis
2557 2475 2741 2527 mundi
2807 2477 3034 2529 salutari
3101 2477 3259 2540 festo,
3333 2492 3429 2530 an-

1891 2559 2042 2612 non?

1960 2649 2116 2713 Resp.
2175 2650 2230 2704 Si
2282 2667 2456 2720 neque
2500 2653 2676 2721 pisces
2715 2655 2875 2710 edere
2925 2654 3203 2722 docemur,
3257 2671 3432 2727 neque

1893 2743 2212 2812 simpliciter
2255 2743 2519 2813 jejunium
2565 2747 2772 2800 solvere
2827 2763 2921 2814 per
2966 2758 3129 2802 totam
3188 2759 3430 2805 Sanctam

1892 2831 2299 2901 Quadragenam
2330 2836 2374 2895 ε,
2427 2835 2598 2888 multo
2645 2837 2815 2902 magis
2849 2851 2878 2888 a
2912 2839 3113 2890 carnali
3148 2840 3431 2908 complexu

1893 2924 2164 2976 abstinere
2205 2933 2484 2993 cogentur.
2534 2924 2804 2996 Conjuges
2846 2940 2994 2994 ergo,
3022 2931 3113 2996 qui
3143 2932 3223 2982 sic
3253 2940 3431 2983 trans-

1892 3010 2063 3077 gressi
2098 3021 2244 3070 sunt.
2289 3020 2342 3064 et
2372 3014 2424 3064 in
2468 3016 2767 3067 satauicatn
2805 3015 3248 3071 incontinentiam
3282 3034 3432 3071 com-

1895 3111 2168 3155 mutarunt
2210 3103 2496 3157 salutarem
2547 3106 2937 3172 pmnitentiam,
2971 3121 3088 3176 quae
3126 3123 3188 3161 ex
3226 3108 3431 3176 jejunio

1887 3200 1991 3254 est,
2036 3201 2093 3246 et
2144 3193 2457 3246 liberatione
2509 3196 2858 3261 cupiditatum
2907 3197 3226 3260 carnalium,
3275 3200 3432 3266 quasi

1892 3281 2055 3336 totius
2105 3283 2230 3335 anni
2274 3283 2604 3336 curriculum
2635 3283 2721 3337 his
2761 3298 2866 3338 non
2915 3285 3150 3340 suiliciat
3189 3286 3254 3339 ad
3302 3301 3432 3342 suas

1890 3373 2182 3439 explendas
2223 3373 2475 3428 libidines
2510 3390 2527 3426 :
2563 3374 2796 3428 divinam
2837 3383 2889 3429 et
2931 3388 3168 3430 sanctam
3211 3379 3433 3446 partici-

1891 3463 2159 3528 pationem
2209 3464 2260 3517 in
2304 3465 2390 3518 die
2435 3465 2606 3518 sancti
2659 3466 2947 3535 magnique
2991 3466 3270 3523 Paschatis
3323 3483 3433 3521 non

1892 3552 2340 3620 promerebuntur
2378 3569 2391 3604 :
2436 3555 2681 3624 quinimo
2727 3556 2908 3624 potius
2954 3559 3128 3626 pcenis
3176 3557 3434 3613 emenda-

1891 3642 2112 3697 buntur.

1962 3814 2157 3869 Interr.
2192 3817 2279 3868 51.
2321 3815 2449 3870 Sine
2495 3817 2732 3883 periculo
2775 3825 2879 3884 est,
2902 3819 2993 3874 die
3040 3819 3320 3878 Dominico
3353 3823 3436 3878 in-

1890 3905 2040 3975 gredi
2090 3907 2378 3971 balneum,
2442 3908 2715 3963 etcalidis
2780 3911 3009 3966 lavacris
3067 3913 3264 3980 ablui,
3332 3929 3431 3971 an-

1891 4011 1998 4049 non
2027 3996 2049 4048 ?

1960 4083 2111 4152 Resp.
2140 4083 2234 4138 Die
2262 4084 2542 4138 Dominiro
2572 4086 2768 4142 debere
2799 4089 2865 4142 ab
2889 4088 3037 4143 omni
3070 4105 3236 4160 opere
3266 4093 3434 4149 absti-

1891 4190 2018 4230 nere
2053 4175 2256 4239 ﬁdeles.
2304 4187 2357 4230 et
2391 4177 2500 4231 divi
2538 4176 2723 4232 Patres
2763 4178 3084 4244 docuerunt,
3127 4189 3181 4236 et
3217 4183 3285 4238 54
3321 4182 3432 4238 Νο-

1898 4269 2026 4322 vella
2062 4269 2405 4338 imperatoris
2455 4271 2659 4324 domini
2691 4268 2888 4327 Leonis
2923 4273 3252 4344 philosophi,
3283 4275 3432 4345 justo

1887 4359 2166 4411 oraculum
2199 4358 2383 4418 edidit.
2426 4359 2534 4412 hinc
2564 4360 2703 4412 enim
2739 4361 2815 4414 ait
2846 4362 2895 4412 in
2930 4371 3113 4424 parte:

329 4452 607 4520 Ὀρίζομεν
660 4452 754 4502 καὶ
813 4451 975 4519 ⁴ἡμεῖς
1041 4449 1076 4502 ἃ
1126 4452 1203 4519 τῴ
1238 4450 1378 4520 ἁγίῳ
1415 4451 1560 4515 ἐδοεε
1621 4452 1789 4504 Πνεύ-

1964 4447 2263 4503 Statuimus
2295 4463 2399 4502 nos
2432 4451 2618 4512 etiam,
2657 4449 2796 4518 quod
2826 4449 3052 4518 Spiritui
3099 4461 3310 4516 sancto,
3359 4453 3430 4509 ab

245 4557 419 4609 ματι,
463 4540 554 4590 καὶ
606 4541 716 4600 τοῖς
770 4540 863 4592 ὑπ’
915 4538 1077 4592 αὐτοῦ
1136 4542 1502 4609 μεμνημένοις
1562 4544 1790 4595 ἀποστό-

237 4632 357 4690 λοις
402 4644 416 4658 ·
466 4629 602 4682 ὥστε
650 4631 855 4690 πάντας
898 4630 958 4681 ἐν
989 4633 1055 4700 τῇ
1102 4629 1219 4700 θείᾳ
1276 4632 1367 4682 καὶ
1423 4631 1522 4698 τὴν
1583 4632 1790 4700 ἀφθαρ-

240 4723 371 4773 σίαν
427 4720 581 4789 ἡμῶν
641 4721 1060 4789 ἐγκαινισαμένῃ
1119 4722 1297 4791 ήμέρα
1360 4721 1636 4790 σχολάζειν
1690 4725 1788 4798 άρ-

236 4811 361 4878 γίᾳ,
397 4813 487 4861 καὶ
543 4812 678 4878 μήτε
729 4810 972 4877 γεωργὸν
1034 4811 1169 4877 μήτε
1223 4811 1342 4862 τινὰ
1388 4811 1575 4880 ιτερον
1623 4813 1790 4865 ἄπτε-

234 4898 371 4950 σθαι
423 4897 581 4966 ἔργου
644 4900 700 4951 ἐν
757 4897 922 4967 ταύτῃ
979 4896 1084 4948 τῶν
1143 4897 1216 4965 μὴ
1265 4898 1674 4965 νενομισμένων.
1723 4900 1786 4951 Ei

238 4989 355 5056 γάρ
379 4990 425 5039 ot
455 4989 672 5040 παλαιοὶ
698 4988 796 5052 τὰς
825 4988 982 5049 σκιὰς
1004 4989 1093 5038 καὶ
1118 4988 1241 5047 τοὺς
1260 4986 1460 5049 τύπους
1499 4989 1782 5056 τιμῶντες,

237 5078 334 5128 διὰ
360 5077 621 5143 τοσαύτης
640 5071 771 5146 ἦγον
792 5076 954 5144 τιμῆς
982 5075 1077 5144 τὴν
1102 5074 1193 5127 τοῦ
1223 5074 1501 5127 Σαϐϐάτου
1543 5076 1780 5145 ἡμέραν,

237 5172 322 5231 ὡς
350 5170 597 5223 παντελεῖ
618 5172 811 5231 αὐτοὺς
837 5169 1077 5238 ἀπραξία
1106 5169 1324 5233 διδόναι,
1356 5169 1472 5231 πῶς
1522 5169 1665 5231 sub;
1689 5169 1782 5231 οὒς

239 5264 278 5330 ἡ
318 5261 469 5329 χάρις
497 5260 829 5329 θεραπευτὰς
854 5259 966 5327 ἔχει
994 5260 1137 5327 καὶὴ
1163 5257 1405 5328 ἀλήθεια,
1457 5257 1674 5320 τούτους
1708 5261 1780 5329 μὴ

239 5351 409 5417 τιμᾷν
433 5351 528 5417 τὴν
548 5350 753 5418 ἡμέραν
789 5351 909 5418 ἥτις
934 5350 994 5399 τὸ
1024 5349 1198 5415 τίμιον
1229 5348 1376 5418 παρὰ
1396 5347 1489 5400 τοῦ
1511 5349 1778 5400 Δεσπότου

241 5435 564 5505 ἐπλούτησε,
618 5439 714 5489 καὶ
754 5437 899 5506 ἡμᾶς
947 5436 1279 5505 ἠλευθέρωσε
1334 5437 1431 5504 τῆς
1485 5439 1546 5488 ἐκ
1579 5436 1781 5506 φθορᾶς

1889 4540 2389 4608 ipsoqueinstitutis
2415 4542 2678 4608 apostolis
2715 4542 2933 4610 placuit,
2963 4549 3020 4594 ut
3049 4556 3238 4598 omnes
3273 4545 3328 4599 in
3342 4545 3432 4601 die

1885 4644 2064 4692 sacro,
2123 4644 2342 4697 quoque
2397 4637 2581 4683 nostra
2612 4631 2894 4699 integritas
2926 4631 3228 4686 instaurata
3262 4646 3368 4700 est,
3397 4651 3427 4689 a

1887 4719 2072 4772 labore
2098 4728 2290 4772 vacent
2323 4735 2338 4772 :
2371 4733 2548 4787 neque
2575 4721 2844 4788 agricolas,
2873 4733 3046 4787 neque
3066 4721 3320 4791 quiquam
3334 4723 3428 4778 alii

1885 4810 1942 4864 in
1969 4811 2062 4863 illo
2094 4809 2341 4862 illicitum
2390 4824 2527 4878 opus
2586 4811 2987 4880 aggrediantur.
3047 4809 3103 4864 Si
3156 4813 3300 4866 enim
3335 4811 3422 4882 qui

1887 4902 2132 4956 umbram
2152 4899 2437 4970 quamdam
2465 4909 2624 4969 atque
2652 4902 2871 4968 ﬁguram
2901 4901 3282 4966 observabant,
3307 4912 3429 4957 tan—

1888 5001 2068 5059 topere
2113 4989 2332 5044 Sabbati
2385 4990 2526 5044 diem
2597 4990 3016 5052 venerabantur,
3081 4997 3141 5042 ut
3179 4990 3247 5043 ab
3281 4991 3429 5045 omni

1886 5094 2112 5150 prorsus
2155 5093 2316 5148 opere
2365 5079 2702 5133 abstinerent
2738 5095 2752 5131 :
2788 5079 3062 5146 quomodo
3107 5080 3198 5146 qui
3241 5081 3432 5147 gratia

1884 5169 2079 5230 lucem,
2111 5169 2391 5235 ipsamque
2422 5167 2703 5221 veritatem
2744 5166 2951 5228 colunt,
2985 5167 3084 5218 bos
3105 5180 3227 5218 eum
3259 5167 3424 5234 diem,

1884 5257 1975 5324 qui
2004 5270 2034 5307 α
2060 5253 2283 5308 Domino
2309 5255 2513 5307 honore
2546 5253 2751 5308 ditatus
2783 5261 2884 5316 est,
2917 5267 3125 5321 nosque
3167 5253 3234 5307 ab
3270 5248 3425 5306 exitii

1887 5346 2150 5398 dedecore
2182 5341 2445 5403 liberavit,
2482 5355 2588 5393 non
2611 5341 2854 5395 venerari
2900 5354 2995 5408 par
3020 5340 3137 5394 est?
3163 5350 3250 5392 aut
3285 5355 3426 5408 quo-

1886 5434 2047 5489 modo
2068 5449 2188 5488 cum
2213 5447 2276 5487 ex
2313 5444 2516 5500 septem
2547 5432 2736 5487 diebus
2768 5445 2907 5485 unus
2937 5432 2993 5484 in
3018 5428 3228 5485 Domini
3256 5427 3422 5484 bono-

1508 5546 1733 5602 VARLE
1774 5545 2176 5604 LECTIONES.

325 5649 353 5678 ο
404 5656 434 5691 α
483 5641 690 5693 domino
741 5640 1076 5694 denominati.

243 5711 303 5763 έιι
335 5725 623 5763 verauera.

1175 5637 1193 5675 τ
1249 5637 1410 5704 panis
1439 5635 1676 5690 modicis.
1753 5641 1894 5705 Sper
1949 5648 2110 5692 totam
2151 5636 2626 5705 quadragesimum,
2672 5643 2720 5687 et
2765 5633 2943 5701 quavis
2971 5641 3160 5704 quarta
3184 5631 3339 5703 feria,
3367 5641 3419 5686 at
