3914 6332
580 349 683 410 θῦῖ)

1778 352 1874 411 ἹἩ
1888 354 2051 417 ΕΟῘ).
2098 356 2185 413 ΒΑ
2195 356 2569 418 LSAMONIS

3652 367 3773 428 lU‘cC

592 487 705 527 rem
760 484 1113 532 consecratus
1166 482 1257 541 sit,
1309 493 1407 534 nos
1460 481 1686 536 aliorum
1729 484 1793 537 ad
1816 500 1975 554 opera
2029 504 2117 543 usu

2230 492 2494 559 ἀτιμίας;
2538 493 2602 543 Ἥ
2626 493 2739 554 πῶς
2766 496 2827 546 ού
2870 496 3142 557 παντελῶς
3192 497 3559 565 ἀσυνείδητον,
3630 496 3769 548 [ma

592 573 873 617 contentos
900 579 1006 618 non
1036 580 1180 633 esse,
1214 584 1389 635 neque
1437 571 1584 624 iitum
1620 574 1843 629 Domino
1867 578 2125 632 eximium

590 663 644 705 et
671 654 985 708 inviolatum
1018 672 1340 713 conservare
1378 679 1389 711 :
1432 662 1524 715 sed
1553 664 1724 730 ipsum
1754 669 1913 721 etiam
1945 670 2128 738 vulga-

593 757 704 793 rem
752 744 947 805 facere,
982 750 1284 816 nostrisque
1311 751 1566 815 operibus
1600 754 1975 819 applicandum
2031 775 2127 827 pu-

592 842 728 893 tare,
762 834 1032 901 religionis
1061 852 1165 887 nun
1196 848 1279 890 est
1306 854 1525 905 prorsus
1557 841 1863 897 dissolutae?
1887 847 2129 913 Quapro-

596 931 711 985 pter
741 924 971 977 dicimus
1002 934 1055 977 et
1081 942 1197 989 nos,
1230 931 1370 981 omni
1408 933 1723 998 operatione
1752 936 2127 1002 (quemadmo-

593 1008 721 1061 dum
757 1011 956 1064 dictum
1002 1018 1103 1082 est)
1161 1030 1406 1072 cessante
1428 1021 1476 1082 ιι,
1525 1037 1646 1074 cum
1693 1033 1744 1076 et
1802 1026 1901 1090 ipsi
1936 1028 2124 1081 rustici

592 1100 955 1164 negotieutur,
990 1112 1040 1153 et
1073 1107 1324 1159 omnibus
1359 1110 1564 1163 coactis
1600 1113 1801 1164 versari
1865 1114 1917 1165 iu
1952 1116 2124 1168 eccle-

593 1190 712 1251 siis,
735 1200 788 1241 et
819 1192 1118 1257 glorificare
1150 1200 1325 1261 potius
1356 1196 1519 1249 Deum
1552 1200 1639 1252 die
1669 1200 2122 1273 Dominieo,quod

594 1275 775 1332 fideles
817 1280 907 1347 qui
940 1296 1145 1344 sumus,
1179 1286 1231 1338 in
1276 1300 1336 1335 ea
1371 1288 1663 1342 viderimus
1694 1290 1915 1356 justitiaa
1948 1294 2121 1348 Solem

590 1367 988 1433 resplenduisse
1027 1373 1067 1421 ί.
1110 1372 1294 1439 Neque
1342 1373 1501 1440 igitur
1524 1380 1613 1442 qui
1655 1379 1968 1433 balneorum
1992 1399 2126 1450 pra:-

590 1458 837 1507 censoria
876 1457 1192 1526 lavacraque
1207 1472 1257 1513 et
1286 1463 1485 1531 reliqua
1507 1464 1731 1527 faciunt,
1752 1469 1833 1521 his
1852 1472 2125 1525 ministra-

590 1541 744 1599 bunt.
779 1559 950 1610 neque
981 1548 1149 1601 ﬁdelis
1186 1550 1325 1603 ullus
1360 1553 1563 1604 veniam
1589 1557 1912 1620 merebitur,
1946 1560 2123 1625 quiab

590 1630 833 1682 oratione
867 1632 1166 1697 abstinens,
1219 1646 1270 1691 et
1314 1653 1341 1689 a
1376 1641 1597 1693 multum
1648 1644 1980 1697 eelebraudis
2010 1649 2125 1715 glo—

591 1716 978 1774 rilicationibus
1057 1727 1607 1796 praeceptiouihusque
1686 1734 1788 1784 diei
1859 1734 2119 1787 Dominici

2231 580 2449 649 ἡμερῶν
2475 582 2665 643 οὐσῶν,
2702 576 2774 633 ὧν
2807 584 2902 652 μία
2960 587 3036 645 είς
3064 586 3389 655 Δεσποτικὴν
3421 586 3591 654 τιμὴν
3623 586 3769 638 ἁνειο

2228 687 2336 731 ται,
2379 671 2449 738 μὴ
2499 673 2775 740 ἀρκεῖσθαι
2836 674 2976 741 ἡμᾶς
3031 677 3147 734 ταῖς
3190 674 3248 738 εξ
3289 676 3769 741 ἀποκεχρημένονς

2229 761 2306 821 είς
2368 760 2541 828 ἔργον,
2590 762 2679 812 καὶ
2733 764 3082 831 ἀναφαίρετον
3134 764 3210 831 τῷ
3260 765 3500 831 Δεσπὸτῃ
3551 764 3767 829 εκείνην

2229 853 2453 917 τηρεῖν
2487 851 2619 903 ἀλλά
2669 854 2758 903 καὶ
2803 853 3004 920 ταύτην
3054 853 3484 915 κοινοποιεῖσοαι,
3534 853 3629 903 καί
3664 854 3767 902 τῶν

2228 942 2505 1009 ἡμετέρων
2534 943 2705 1010 ἔργων
2723 942 2957 1010 νομίζειν
3000 943 3218 1010 καιρόν;
3256 944 3343 993 Διό
3413 957 3597 1009 φαμεν
3664 944 3755 991 καὶ

2228 1034 2402 1098 ἡμεῖς,
2454 1032 2629 1098 πάσης
2658 1033 2930 1101 ἐνεργείας
2957 1032 3421 1099 ἐμπορευομένων,
3467 1032 3562 1081 καὶ
3585 1030 3769 1081 αὐτῶν

2224 1120 2286 1188 δὴ
2308 1122 2412 1172 τῶν
2438 1122 2711 1190 γεωργῶν,
2768 1121 3211 1189 ἁπρακτησάσης,
3259 1120 3331 1180 ὡς
3380 1120 3616 1188 εἴρηται,
3673 1118 3766 1169 καὶ

2226 1212 2438 1261 πάντων
2464 1211 2912 1276 ἀναγκαζομένων
2956 1212 3073 1269 ταῖς
3122 1210 3431 1272 ἐκκλησίαις
3454 1209 3765 1274 ὲνασχυλεῐ-

2227 1300 2366 1358 σθαι,
2403 1300 2494 1351 καὶ
2536 1300 2821 1365 δοξολογείν
2851 1301 2938 1351 τὸν
2966 1301 3095 1351 Θεὸν
3130 1301 3325 1367 μᾶλλον
3372 1301 3511 1350 κατά
3556 1300 3765 1363 ταύτην

2223 1390 2317 1455 τὴν
2361 1390 2712 1456 κυριώνυμον,
2738 1390 2821 1441 διὰ
2874 1390 2933 1440 τὸ
2979 1392 3035 1440 ὲν
3088 1389 3220 1456 αὐτῇ
3265 1388 3388 1439 ἰδεῖν
3440 1390 3587 1454 ἡμᾶς
3638 1390 3766 1445 τοὺς

2225 1480 2441 1541 πιστοὺς
2468 1479 2554 1529 τὸν
2572 1481 2667 1546 τῆς
2695 1480 3027 1547 δικαιοσύνης
3060 1479 3241 1530 ἸΙλιον
3278 1478 3593 1546 λάμψαντα·
3642 1476 3766 1528 οὔτε

2222 1563 2311 1618 οὖν
2332 1568 2379 1617 oi
2406 1566 2471 1617 τὰ
2500 1567 2603 1617 τῶν
2630 1566 2915 1633 βαλανείων
2940 1570 3361 1637 προκαυστήρια.
3390 1565 3653 1635 λουτήριά
3682 1582 3762 1628 τε,

2223 1656 2314 1707 καὶ
2351 1656 2506 1707 λοιπὰ
2535 1657 2871 1725 ἐνεργοῦντες
2900 1658 3104 1717 τούτοις
3133 1659 3584 1725 ὑπηρετήσουσιν,
3638 1654 3764 1706 οὗτε

2221 1760 2301 1805 τις
2333 1747 2515 1807 πιστὸς
2549 1745 2871 1812 συγγνώμης
2897 1745 3145 1813 ἀξιωοείη
3169 1762 3183 1775 ο
3211 1747 3305 1812 τῆς
3341 1747 3435 1811 μὲν
3455 1744 3766 1811 προσευχῆς

590 1807 864 1871 recedens,
893 1812 1045 1877 aquis
1085 1815 1275 1868 calidis
1307 1816 1541 1871 adhaeret
1572 1826 1625 1871 et
1657 1829 1952 1888 occupatur
1982 1842 1995 1877 :
2024 1825 2115 1878 sed

2218 1829 2597 1897 ἀποσχόμενος,
2626 1807 2719 1881 ὶςίι
2749 1807 2856 1882 ἑῶν
2911 1807 3295 1897 sexu-spiam;
3317 1807 3632 1893 δοξολογιῶν
3665 1807 3766 1879 ζει

592 1896 876 1961 episcopali
897 1899 1100 1965 judicio
1130 1906 1596 1960 emendationihus
1627 1910 1943 1978 corrigetur.

596 1982 711 2044 μοῖς
744 1981 893 2034 ὕδασι
953 1991 1291 2058 προσανέχων
1340 1994 1431 2044 καὶ
1484 1996 1871 2066 ἀσχολούμενος
1900 2015 1912 2029 ·

589 2070 796 2141 οροωθή
805 2090 927 2127 σετα
937 2094 970 2132 ι,

661 2158 857 2214 Interr.
898 2164 985 2217 52.
1024 2164 1292 2233 Jejunium
1326 2174 1544 2229 solvens
1571 2179 1842 2245 carnibus,
1878 2198 2033 2238 casco
2064 2194 2117 2239 et

594 2264 713 2313 ovo,
734 2253 921 2307 diebus
970 2256 1215 2311 Mercurii
1243 2273 1294 2313 et
1325 2261 1542 2319 Veneris
1577 2270 1739 2323 totius
1787 2274 1935 2336 anui,
1967 2276 2120 2331 venia

592 2343 806 2407 dignus,
831 2346 1045 2397 annon?

665 2429 814 2496 Resp.
844 2434 1221 2502 Sexagesimus
1248 2454 1417 2494 nouus
1456 2457 1626 2497 canon
1660 2457 1965 2502 sanctorum
1997 2468 2123 2521 apo-

594 2520 852 2571 stolorum
883 2524 953 2574 ait
983 2542 993 2573 :
1024 2525 1077 2575 Si
1108 2529 1229 2593 quis
1261 2530 1560 2598 episcopus.
1604 2536 1683 2587 vel
1715 2541 2009 2610 presbyter,
2032 2520 2123 2597 vel

593 2606 871 2669 diaconus,
906 2610 987 2662 vel
1024 2611 1208 2678 lector,
1258 2618 1341 2669 vel
1387 2628 1593 2683 cantor,
1632 2606 2122 2686 sanctamvPascha)

595 2694 1063 2764 Quadragesimam
1090 2718 1192 2755 uou
1217 2706 1443 2772 jejuuat,
1472 2713 1548 2763 vel
1580 2723 1825 2780 quartum
1851 2720 2012 2782 diem,
2038 2723 2118 2775 vel

596 2784 948 2852 Parasceven,
981 2799 1170 2857 praeter
1201 2809 1359 2860 quam
1389 2798 1431 2849 si
1464 2804 2114 2866 propterimbecillitatem

594 2876 923 2939 corporalem
953 2878 1292 2945 impediatur,
1336 2884 1633 2952 deponatur
1668 2908 1681 2943 :
1718 2894 1759 2945 si
1810 2896 1879 2946 sit
1937 2908 2112 2949 autem

593 2960 783 3022 laicus,
815 2977 1137 3031 segregetur.
1168 2967 1266 3031 Qui
1315 2972 1474 3038 igitur
1512 2976 1625 3027 sine
1657 2982 1919 3045 corporali
1968 2985 2114 3034 inﬁr-

594 3050 774 3102 mitate
795 3051 1039 3105 dissolvit
1070 3054 1083 3102 i
1122 3056 1236 3111 dies
1261 3058 1509 3115 Mercurii
1537 3074 1589 3117 et
1623 3067 1859 3132 Veneris,
1895 3074 2114 3136 punitur

588 3137 739 3202 juxta
765 3142 987 3193 canonis
1015 3143 1174 3209 hujus
1209 3156 1465 3204 tenorem.
1501 3153 1723 3215 Quando
1758 3174 1881 3213 vero
1900 3170 2114 3228 propter

2220 1917 2566 1969 διδασκαλιῶν
2598 1922 2692 1987 τῆς
2731 1921 3066 1989 κυριωνύμου
3101 1920 3477 1985 ἀφιστάμενος,
3504 1923 3597 1970 καὶ
3632 1920 3759 1985 ϐερ-

1964 2002 2096 2055 ἀλλὰ
2134 2002 2220 2055 διὰ
2247 2006 2531 2074 ἐπιτιμίων
2590 2010 2725 2060 κατὰ
2753 2011 2847 2078 τὴν
2908 2011 3261 2077 ἐπισκγπικὴν
3314 2009 3585 2075 διάκρισιν
3667 2011 3764 2060 δι-

2299 2188 2485 2251 Ἐρώτ.
2536 2187 2632 2255 νβ’.
2706 2187 2761 2237 Ὀ
2816 2186 3091 2239 καταλύων
3136 2187 3221 2238 διὰ
3265 2187 3524 2254 κρέατες,
3587 2185 3757 2250 τυροῦ

2217 2278 2310 2329 καὶ
2333 2277 2581 2341 ὠοῦ,τάς
2642 2276 2900 2344 τετράδας
2953 2277 3045 2327 καὶ
3100 2275 3196 2336 τὰς
3262 2277 3613 2344 παρασκευὰς
3668 2275 3760 2326 τοΞ

2212 2366 2337 2418 ὅλου
2361 2365 2571 2432 χρόνου,
2604 2364 2966 2429 συγγνωστέος
2989 2362 3155 2428 ἐστὶν,
3179 2364 3210 2431 ἢ
3235 2362 3292 2414 ού
3322 2380 3335 2423 ;

2299 2452 2485 2503 Ἀττόκ.
2516 2451 2573 2501 Ὀ
2601 2450 2673 2512 ξον
2700 2450 2871 2502 κανὼν
2898 2450 3000 2500 τῶν
3030 2450 3193 2513 ἁγίων
3222 2450 3536 2501 ἀποστόλων
3571 2452 3755 2517 φησίν·

2220 2540 2284 2590 Et
2304 2557 2383 2600 τις
2421 2540 2727 2602 ἐπίσκοπος,
2758 2539 2790 2608 ἢ
2815 2538 3193 2608 πρεσϐύτερος,
3219 2538 3250 2607 ἢ
3284 2540 3544 2602 διάκονος,
3569 2539 3603 2608 ἦ
3628 2542 3755 2591 ἀνα-

2219 2630 2482 2700 γνώστης,
2528 2631 2804 2699 ἠψάλτης,
2837 2630 2939 2691 τὴν
2978 2631 3136 2696 ἁγίαν
3166 2630 3615 2697 Τεσσαρακοοτὴν
3665 2628 3757 2679 τοῦ

2216 2721 2401 2789 Πάσχα
2428 2720 2487 2771 ού
2536 2719 2795 2787 νηστεύει,
2826 2720 3119 2790 ἢτετράδα,
3154 2718 3185 2786 ἢ
3228 2719 3602 2785 παρασκευὴν.
3632 2717 3763 2767 no-

2215 2809 2469 2877 αιρείσοω
2494 2826 2507 2841 ο
2559 2810 2606 2859 εί
2639 2810 2711 2876 μὴ
2769 2809 2830 2860 δι’
2860 2808 3139 2859 ἀσθένειαν
3172 2808 3541 2873 ἐμποδίζοιτο.
3580 2806 3645 2857 El
3704 2808 3759 2858 δὲ

2216 2899 2397 2957 λαῖκὸς
2422 2899 2526 2963 εἴη,
2561 2896 2914 2965 ἀφοριζέσοω.
2954 2897 3010 2948 Ὀ
3036 2898 3166 2963 γοῦν
3193 2895 3469 2950 καταλύων
3498 2897 3627 2949 ἄνευ
3654 2912 3754 2948 6w-

2223 2984 2450 3053 ματικῆς
2499 2985 2774 3047 ἀσθενείας
2824 2985 2921 3048 τὰς
2978 2987 3238 3056 τετράδας
3280 2987 3372 3037 καὶ
3426 2987 3522 3046 τάς
3574 3003 3758 3052 παρα-

2220 3077 2434 3137 σκευὰς,
2466 3074 2744 3135 κολάζεται
2780 3075 2917 3127 κατά
2950 3077 3044 3143 τὴν
3108 3076 3200 3126 τοῦ
3245 3074 3478 3125 τοιούτου
3529 3076 3758 3133 κανόνος

2223 3162 2532 3230 περίληψιν.
2573 3163 2698 3213 Ὅτε
2722 3162 2776 3213 δὲ
2833 3162 2896 3213 δι’
2922 3161 3199 3213 ἀσθένειαν
3247 3160 3615 3226 ἀναγκασθείη
3673 3176 3757 3220 τις

597 3227 1013 3283 imbecillitatem
1064 3242 1280 3289 coactus
1329 3238 1487 3292 fuerit
1523 3243 1837 3309 dissolvere,
1876 3227 2115 3317 piscibus

2218 3227 2536 3311 καταλῦσαι,
2565 3251 2651 3301 διὰ
2690 3250 2883 3317 ἰχθύων
2913 3250 2943 3317 ἢ
2974 3249 3149 3301 ελαίου
3200 3244 3477 3318 μετριάσει
3501 3248 3599 3299 τοῦ
3653 3250 3757 3315 ἀῤ-

593 3317 674 3370 vel
705 3318 819 3371 oleo
840 3321 1198 3377 moderabitur
1224 3332 1588 3394 aegrotationis
1611 3335 1965 3391 aﬁlictionem.
1991 3339 2118 3392 Car-

593 3421 688 3460 nes
713 3410 853 3462 enim
874 3412 953 3463 vel
984 3426 1220 3478 caseum,
1250 3428 1339 3467 aut
1359 3433 1515 3470 ovqu
1544 3424 1804 3492 attingere
1824 3442 1927 3481 non
1962 3428 2119 3483 fuerit

590 3511 929 3559 concessum,
968 3500 1399 3556 licetextremam
1425 3506 1560 3561 efﬂet
1582 3513 1833 3577 animam,
1868 3531 2039 3584 neque
2064 3520 2115 3571 in

594 3601 785 3653 magna
810 3587 1183 3658 Quadragena,
1207 3608 1379 3661 neque
1405 3596 1456 3647 in
1482 3600 1841 3669 qualicunque
1867 3604 2114 3661 Mercurii

586 3674 671 3725 vel
704 3672 925 3729 Veneris
949 3677 1055 3731 die.
1097 3679 1298 3734 Sufﬁcit
1322 3684 1461 3735 enim
1485 3686 1553 3749 ei,
1580 3690 1669 3753 qui
1693 3694 1998 3746 necessario
2025 3710 2117 3762 per

587 3762 856 3814 aridorum
893 3780 1043 3817 esum
1078 3771 1418 3834 magniﬁcare
1442 3774 1594 3827 debet
1623 3777 1737 3833 dies
1788 3780 2035 3835 Mercurii
2063 3792 2116 3837 et

589 3846 838 3912 Veneris,
878 3868 969 3919 per
1005 3856 1182 3909 oleum
1226 3867 1280 3911 et
1337 3862 1515 3928 pisces
1546 3868 1713 3920 morbi
1775 3872 2113 3926 acerbitatem

588 3939 849 4007 mitigare.
897 3940 1093 4011 Excipe
1141 3945 1272 3998 mihi
1310 3949 1425 4003 dies
1484 3950 1728 4009 Mercurii
1776 3969 1826 4010 et
1871 3959 2112 4025 Veneris,

587 4030 1386 4103 carnisprivii,septuagesima,
1431 4045 1791 4099 renovationis
1820 4054 1873 4100 et
1911 4050 2116 4106 duode--

588 4118 690 4170 cim
738 4120 966 4173 dierum.
1008 4124 1065 4175 lu
1115 4125 1197 4179 bis
1226 4128 1367 4180 enim
1402 4146 1496 4197 per
1525 4147 1714 4187 carnes
1766 4138 1951 4201 etiam,
1979 4139 2113 4193 citra

588 4208 881 4273 periculum
921 4211 1119 4278 jejunio
1157 4215 1496 4285 frangimus:
1553 4224 1676 4289 quia
1708 4226 1849 4279 circa
1886 4229 2113 4284 dodeca-

590 4297 862 4350 hemerum
894 4299 1135 4366 jejunant
1159 4306 1394 4360 Armenii
1412 4320 1628 4378 propter
1652 4313 2039 4381 Artziburiutn,
2059 4322 2111 4374 in

591 4386 917 4441 hebdomade
942 4390 1110 4454 prima
1139 4398 1501 4465 earnisprivii,
1537 4412 1754 4471 propter
1792 4406 2057 4463 Ninivitas
2096 4427 2107 4462 :

587 4477 713 4528 etin
747 4477 1075 4534 hebdomade
1105 4486 1382 4555 tyrophagi
1410 4487 1695 4544 Tetraditze
1729 4494 2111 4565 bareticijeju-

2218 3341 2565 3407 ρωστήματος
2585 3338 2681 3406 τὴν
2732 3339 3022 3405 κακότητα.
3054 3338 3293 3405 Κρέατος
3349 3337 3455 3404 γάρ
3499 3337 3531 3405 ἢ
3585 3336 3755 3403 τυροῦ

2216 3429 2248 3497 ἢ
2279 3428 2383 3480 ὠοῦ
2408 3429 2643 3497 ἅψασθαι
2675 3428 2733 3480 οὐ
2762 3428 3155 3497 συγχωρηθείη,
3187 3428 3290 3480 κᾶν
3328 3428 3460 3497 πνέῃ
3513 3428 3584 3478 τὰ
3644 3428 3757 3477 λοί-

2216 3519 2357 3581 σθια,
2436 3518 2556 3570 οὔτε
2602 3520 2657 3569 ὲν
2712 3521 2777 3586 τῇ
2819 3518 3023 3586 μεγάλῃ
3073 3516 3503 3584 Τεσσαρακοστῇ,
3536 3515 3673 3566 οὔτε
3699 3518 3756 3565 ὲν

2213 3610 2469 3678 οίᾳδήτινι
2506 3609 2718 3676 τετράδι
2750 3608 2844 3659 καὶ
2872 3609 3224 3675 παρασκευῇ·
3259 3607 3416 3674 ἀρκεῖ
3451 3605 3553 3672 γὰρ
3577 3605 3660 3672 τῷ
3697 3606 3755 3668 ἐξ

2214 3700 2453 3767 ἀνάγκης
2480 3698 2565 3749 διὰ
2594 3696 2924 3765 ξηροφαγίας
2982 3695 3295 3764 μεγαλύνειν
3343 3695 3611 3761 ὀφείλοντι
3650 3696 3755 3754 τὰς

2212 3789 2463 3857 τετράδας
2484 3789 2573 3839 καὶ
2598 3788 2692 3848 τὰς
2724 3786 3088 3855 παρασκευὰς,
3123 3786 3207 3837 διὰ
3237 3785 3409 3836 ἐλαίου
3427 3784 3518 3836 καὶ
3544 3786 3754 3850 ἰχθύων

2214 3877 2549 3929 ὲπιεικεῦσαι
2576 3878 2635 3927 τὸ
2672 3874 3165 3942 νόσημα.⁹Υπέξελέ
3198 3891 3285 3941 μοι
3324 3874 3417 3933 τὰς
3457 3875 3750 3940 τετράδας,

2216 3968 2306 4019 καὶ
2342 3966 2437 4027 τὰς
2477 3965 2819 4032 παρασκευὰς
2850 3964 2946 4031 τῆς
2971 3963 3239 4028 ἀπόκρεω,
3297 3962 3389 4028 τῆς
3436 3962 3749 4027 rupe-sivo:

2213 4058 2309 4126 τῆς
2350 4056 2717 4123 διακινησίμον
2768 4054 2830 4115 ⁸⁸,
2886 4053 2979 4104 καὶ
3046 4052 3135 4103 τοῦ
3181 4051 3607 4118 δωδεκαημέρου.
3661 4052 3750 4105 Ἐν

2146 4190 2151 4195 .
2213 4149 2429 4209 ταύταις
2455 4148 2560 4214 γὰρ
2584 4144 2790 4196 καὶδιά
2839 4146 3064 4211 κρέατος
3118 4142 3409 4202 ἀκινδύνως
3475 4141 3748 4193 καταλύοι

2216 4251 2329 4303 μεν’
2394 4234 2474 4285 ὃτι
2530 4233 2667 4285 κατὰ
2722 4234 2781 4283 τὸ
2842 4232 3247 4299 δωδεκαήμερον
3295 4230 3644 4297 νηστεύουσιν
3700 4230 3748 4279 ci

2224 4325 2491 4391 Ἀρμένιοι
2523 4322 2607 4373 διά
2665 4322 2753 4371 τὸν
2791 4320 3183 4389 Ἀρτζιϐούριον
3206 4336 3219 4348 ·
3288 4319 3426 4370 κατά
3449 4317 3539 4385 τὴν
3595 4318 3750 4369 ἑδδο-

2216 4413 2351 4479 μάδα
2374 4412 2467 4478 τῆς
2492 4408 2709 4477 πρώτης
2735 4410 3002 4477 ἀπόκρεω,
3030 4408 3114 4459 διὰ
3146 4407 3269 4469 τοὺς
3300 4408 3576 4466 Νινευῖτας
3599 4424 3616 4436 ’
3658 4409 3748 4459 καὶ

2214 4500 2351 4551 κατὰ
2382 4498 2476 4560 τὴν
2503 4496 2765 4565 ἑϐδομάδα
2793 4496 2888 4563 τῆς
2941 4496 3245 4564 τυροφάγου
3290 4496 3635 4562 νηστεύουσιν
3702 4497 3747 4546 οἱ

588 4564 734 4617 nium
764 4582 1014 4635 magnum
1063 4572 1371 4628 observant.
1401 4577 1507 4631 Nos
1550 4580 1709 4646 igitur
1747 4589 2017 4639 contraria
2046 4590 2110 4641 iis

2218 4590 2523 4655 Τετραδῖται
2553 4588 2600 4636 οἱ
2630 4564 2891 4653 αἱρετικοὶ
2946 4585 3196 4653 νηστείαν
3244 4584 3496 4651 μεγάλην.
3551 4584 3750 4651 Ἡμεῖς

588 4654 867 4715 facientes.
898 4658 1256 4728 frangimus",
1305 4682 1371 4718 ne
1419 4667 1700 4722 videamur
1728 4688 1845 4725 cum
1881 4676 1947 4728 iis
1983 4692 2113 4730 con—

587 4746 812 4808 sentire,
852 4762 916 4799 eo
961 4758 1203 4817 excepto,
1248 4754 1387 4818 quod
1435 4757 1565 4808 illud
1604 4758 1711 4821 ﬁet,
1743 4761 1786 4813 si
1843 4764 1964 4830 quis
1989 4780 2110 4818 cum

588 4832 875 4889 Tetraditis
906 4847 996 4889 aut
1044 4841 1311 4896 Armeniis
1349 4845 1568 4898 habitet.
1624 4850 1833 4918 Alioqui
1866 4854 2028 4917 enim,
2066 4856 2111 4909 si

589 4922 640 4972 iu
666 4924 881 4991 regione
904 4927 1093 4994 degat,
1123 4931 1209 4983 ubi
1243 4932 1424 4987 nullus
1461 4945 1541 4987 est
1572 4936 1891 5003 ejuscemodi
1912 4980 1925 5002 ,
1956 4943 2117 5007 degu-

587 5012 749 5064 stabtt
777 5022 981 5067 tantum
1030 5032 1092 5070 ex
1124 5022 1400 5085 carnibus,
1443 5025 1521 5077 vel
1552 5040 1727 5091 caseo,
1763 5038 1814 5079 et
1845 5032 2106 5096 suspiciu-

587 5116 705 5152 nem
755 5107 1050 5159 attenuabit
1078 5124 1170 5176 per
1223 5113 1626 5178 continentiam,
1659 5133 1763 5171 non
1816 5133 1908 5186 per
1934 5122 2110 5189 inglu-

2214 4677 2774 4743 οὒνὰντιπράττοντες
2826 4672 3051 4735 τούτοις,
3115 4674 3472 4741 καταλύομεν,
3529 4672 3616 4723 ἴνα
3675 4676 3746 4740 μὴ

2215 4767 2445 4833 δόξωμεν
2490 4765 2802 4833 ὁμοφρονείν
2849 4765 3046 4823 αὐτοῖς.
3079 4763 3217 4831 Πλὴν
3249 4766 3340 4813 καὶ
3400 4761 3553 4812 τοῦτο
3578 4765 3746 4829 γενή-

2218 4872 2387 4915 σεται,
2414 4856 2534 4906 ὅταν
2568 4871 2649 4915 τις
2680 4854 2811 4920 μετά
2840 4852 3170 4920 Τετραδιτῶν
3201 4853 3232 4920 ἢ
3284 4852 3576 4920 ’Δρμενίων
3618 4868 3747 4901 συν-

2216 4944 2513 5013 αυλίςηται.
2596 4945 2654 4994 El
2687 4943 2791 5012 γὰρ
2813 4944 2887 5004 εις
2914 4942 3093 5010 χώραν
3122 4942 3292 5008 διάγει
3353 4942 3479 4991 ἔνθα
3506 4942 3606 4992 οὐκ
3635 4942 3747 4992 ἐστι

2214 5033 2469 5096 τοιοῦτος,
2501 5033 2857 5098 ἀπογεύσεται
2902 5032 3059 5100 μόνον
3108 5031 3388 5099 κρέατοςῆ
3435 5029 3623 5098 τυροῦ,
3657 5030 3748 5081 καὶ

2222 5124 2533 5191 μετεωρίσει
2580 5124 2674 5192 τὴν
2709 5123 2937 5189 ὑποψίαν
2965 5122 3028 5173 δι’
3062 5122 3397 5190 ἐγκρατείας,
3427 5123 3485 5174 οὐ
3533 5123 3641 5189 μὴν
3663 5120 3747 5172 διὰ

1835 5248 1915 5303 VA
1928 5250 2063 5305 ΠΙᾹΞ
2102 5253 2500 5308 LECTIONES.

668 5368 713 5400 δ’
742 5370 1173 5444 διακαινησίμου.

654 5483 677 5520 h
707 5501 819 5537 cum
848 5504 994 5539 omne
1022 5506 1144 5552 opus
1176 5493 1568 5555 negotiatorum,
1606 5508 1650 5547 et
1688 5498 2144 5569 ipsorumquoque
2166 5499 2515 5569 agricolarum
2545 5507 2725 5559 cesset,
2764 5498 3030 5569 utdictum
3057 5507 3156 5569 est,
3200 5517 3471 5568 omnesque
3494 5513 3745 5569 cogantur

583 5566 635 5600 ιη
674 5555 897 5607 ecclesiis
936 5560 1147 5609 versari.

581 5631 741 5683 cant,
782 5624 858 5675 his
891 5639 1069 5690 operas
1113 5644 1235 5680 suas
1265 5624 1491 5693 [acturos
1593 5632 1605 5680 i
1637 5634 1812 5687 violat.

1229 5561 1242 5599 ἱ
1286 5564 1657 5625 νεψίεηάαὶεδε
1687 5561 1792 5617 έηε
1815 5561 2015 5633 quidem
2052 5561 2137 5617 eos
2163 5605 2176 5626 ,
2201 5561 2298 5625 ἠιιὶ
2342 5568 2636 5621 balneorum
2670 5568 2919 5621 wstuaria
2958 5575 3005 5619 et
3048 5565 3275 5632 fat'acra,
3316 5561 3594 5639 ct'reft'qua
3644 5583 3745 5623 tra-

1229 5645 1235 5676 l
1266 5632 1491 5685 tacturos
1593 5632 1605 5680 i
1637 5634 1812 5685 violat.
1889 5635 1912 5671 ¹ι
1942 5634 2191 5685 uiolamus
2219 5638 2346 5685 ha'c.
2405 5641 2418 5653 '

1889 5635 1912 5671 ιι
1942 5635 2191 5686 uiolamus
2219 5638 2346 5688 ha'c.
2405 5641 2418 5653 '
