3914 6332
151 398 298 468 15m

1011 403 1389 464 RESPUNSA
1428 405 1527 462 AD
1563 401 2282 470 INTERROGA'FIONES
2321 411 2578 473 MARCI.

3215 418 3355 482 1002

153 511 523 587 ἀδδηςαγὲαξ.
575 524 727 576 Κατὰ
775 526 828 577 δὲ
864 528 957 596 τὴν
995 531 1259 600 ἑϐδομάδα
1293 534 1386 600 τῆς
1419 536 1705 604 διακινησί-

1814 539 1973 592 viem.
2007 537 2344 594 llebdomade
2394 550 2567 593 autem
2619 542 2997 607 antipast-nalis
3050 543 3163 595 sine
3201 548 3348 611 peri-

157 625 278 674 μου
315 613 359 643 ⁵ο
385 612 674 675 ἀκινδύνως
707 621 1182 687 κρεωῃαγήτομεν,
1234 625 1369 676 κατά
1408 623 1503 690 τὴν
1541 625 1708 692 αὐτῆς

151 700 536 766 τετράδα,καὶ
575 707 938 774 παρασκευήν.
987 710 1071 770 Ὠς
1124 713 1220 778 μία
1279 713 1382 780 γὰρ
1444 713 1708 780 λογίζεται

153 786 504 857 κυριὼνυμος
534 793 592 843 τὸ
625 794 962 863 ἑπταήμερον
988 797 1146 849 τοῦτο
1192 800 1478 870 διάστημα.

255 877 450 943 Ἔρὼτ.
486 887 576 944 νγ’.
636 883 696 932 Ai
748 887 988 952 νηστεῖαι
1040 887 1133 953 τῆς
1172 889 1360 958 ἑορτῆς
1394 890 1501 942 τῶν
1536 893 1706 959 ἀγίων

158 963 517 1032 ἀποστόλων,
564 971 655 1020 καὶ
692 971 789 1038 τῆς
831 974 1060 1037 Χριστοῦ
1102 979 1439 1046 γεννήσεως,
1486 981 1576 1031 καὶ
1607 982 1706 1049 τῆς

155 1058 479 1122 κοιμήσεως
533 1059 628 1124 τῆς
682 1061 838 1126 ἁγίας
875 1063 1153 1129 Θεοτόκου,
1200 1067 1412 1119 καὶτοῦ
1437 1068 1702 1138 Σωτῆρος,

152 1145 527 1211 ἀπαραίτητοί
557 1149 712 1211 είσιν,
737 1149 768 1215 ἢ
812 1155 1178 1223 συγχωρητέαι
1204 1156 1299 1207 καὶ
1327 1157 1637 1225 ἀδιάφοροις

260 1231 450 1283 Ἂπόκ.
540 1233 602 1284 Ἦ
668 1236 764 1303 μὲν
843 1240 899 1290 ἑν
960 1241 1509 1296 Κωνσταντινουπόλει
1575 1245 1704 1312 ἁγία

157 1315 384 1377 σύνοδος
441 1320 531 1369 ἐπὶ
593 1321 697 1371 τῶν
735 1324 953 1391 ἡμερῶν
1009 1325 1102 1376 τοῦ
1155 1327 1455 1391 ἀγιωτάτου
1498 1330 1700 1383 ἑκείνου

153 1406 664 1474 κπατριάρχου.......
697 1410 1024 1479 ἐρωτηθεῖσα
1045 1415 1092 1463 εί
1113 1414 1217 1482 χρὴ
1242 1415 1337 1484 τὴν
1384 1417 1440 1467 ἑν
1476 1417 1552 1486 τῷ
1591 1419 1699 1470 Αύ-

151 1492 382 1562 γούστῳ
410 1497 655 1563 νηστείαν
693 1499 977 1562 ἐπιτελεῖν,
1034 1503 1401 1573 ἀπελογήσατο
1456 1506 1529 1568 ὡς
1564 1511 1697 1578 αῦτη

152 1584 197 1650 ὴ
230 1585 452 1651 νηστεία
498 1586 769 1655 μετετέθη,
822 1589 906 1641 διὰ
956 1590 1014 1642 τὸ
1063 1593 1135 1660 μὴ
1173 1595 1512 1662 περιπίπτειν
1574 1601 1695 1660 ταῖς

152 1673 310 1724 κατὰ
335 1675 424 1725 τὸν
446 1675 629 1743 καιρὸν
652 1676 835 1728 τοῦτον
880 1680 1184 1747 γινομέναις
1215 1682 1450 1745 ἐθνικαῖς
1479 1687 1697 1752 νηστεί-

154 1778 275 1822 αις.
309 1764 560 1832 Πλὴνκαὶ
588 1765 665 1817 ἔτι
701 1767 881 1819 πολλοὶ
911 1769 1018 1820 τῶν
1061 1770 1356 1838 ἀνθρώπων
1378 1773 1574 1841 ταύτην
1600 1774 1695 1843 τὴν

154 1853 418 1915 νηστείαν
467 1854 828 1922 νηστεύουσιν.
865 1857 1051 1922 Ἡμεῖς
1097 1859 1176 1920 δὲ,
1227 1861 1588 1928 σκοπήσαντες
1631 1864 1697 1914 τὰ

153 1941 296 2008 περὶ
322 1941 528 2002 τούτου,
558 1943 982 2011 ἀπολογούμεθα,
1029 1947 1108 1997 ὅτι
1152 1947 1207 2011 ἐξ
1263 1948 1507 2017 ἀνάγκης
1559 1966 1691 2018 προ.

150 2025 419 2094 ηγοῦνται
452 2032 686 2096 νηστεῖαι
716 2031 816 2097 πρὸ
832 2031 935 2083 τῶν
957 2034 1226 2102 τεσσάρων
1241 2035 1436 2090 τούτων
1461 2038 1655 2106 ἑορτῶν
1676 2053 1693 2069 ο

157 2116 337 2183 ἤγουν
370 2119 475 2188 πρὸ
494 2120 586 2186 τῆς
617 2121 804 2188 ἑορτῆς
834 2121 940 2173 τῶν
982 2122 1177 2188 ’Λγίων
1207 2126 1560 2190 Ἀποστόλων,
1598 2129 1694 2194 τῆς

153 2202 467 2272 Γεννήσεως
515 2211 605 2258 τοῦ
649 2209 900 2274 Χριστοῦ,
952 2213 1048 2274 τῆς
1077 2213 1551 2281 Μεταμορφώσεως
1600 2214 1690 2266 τοῦ

151 2291 398 2357 Χριστοῦ
427 2296 518 2345 καὶ
561 2294 692 2347 Θεοῦ
736 2299 909 2364 ἡμῶν,
967 2300 1057 2349 καὶ
1101 2300 1196 2367 τῆς
1227 2302 1545 2369 Κοιμήσεως
1592 2304 1689 2370 τῆς

152 2381 322 2444 ἁγίας
367 2381 644 2434 Θεοτόκου·
692 2385 826 2453 πλὴν
858 2388 1208 2456 ἑπταήμεροι.
1245 2390 1355 2440 Μία
1395 2391 1501 2459 γὰρ
1564 2409 1688 2443 τεσ-

154 2467 628 2537 σαρακονθήμερος
657 2473 873 2537 νηστεία
905 2475 1069 2536 ἐστὶν,
1105 2474 1245 2543 ἡτοῦ
1295 2476 1450 2542 ἁγίου
1485 2479 1574 2529 καὶ
1597 2496 1689 2548 με·

150 2555 327 2616 γάλου
377 2557 580 2623 Πάσχα.
620 2557 679 2607 Ei
716 2558 769 2608 δέ
795 2575 874 2618 τις
907 2561 999 2612 καὶ
1043 2562 1198 2614 πλέον
1236 2563 1344 2616 τῶν
1375 2566 1511 2619 ἑπτὰ
1552 2568 1688 2634 ὴμεο

156 2641 271 2707 ρῶν
285 2643 418 2694 κατὰ
437 2645 530 2709 τὴν
550 2646 738 2713 ἑορτὴν
755 2647 861 2698 τῶν
885 2648 1076 2714 ’Δγίων
1097 2650 1154 2701 Ἀ
1166 2652 1430 2704 ποστόλων
1445 2654 1534 2704 καὶ
1550 2655 1686 2706 κατά

147 2730 256 2794 τὴν
301 2731 487 2800 ἑορτὴν
517 2735 610 2800 τῆς
657 2735 956 2801 Γεννήσεως
1000 2737 1092 2790 τοῦ
1135 2741 1366 2806 Χριστοῦ
1420 2743 1683 2810 νηστεύει,

145 2818 182 2884 ἦ
217 2820 416 2882 ἑκοντὶ,
443 2821 474 2888 ἢ
499 2822 602 2873 ἀπὸ
640 2826 956 2893 κτητορικοῦ
985 2827 1210 2878 τυπικοῦ
1267 2828 1679 2897 συνωθούμενος,

144 2907 214 2958 οὐ
237 2912 770 2979 καταισχυνθήσεται.
807 2915 989 2978 Ὅπως
1011 2917 1065 2967 δὲ
1092 2917 1180 2968 καὶ
1203 2917 1339 2968 διατί
1398 2918 1500 2986 πρὸ
1555 2920 1683 2973 ἑκά-

147 3014 289 3067 στης
349 3001 547 3052 τούτων
591 3003 699 3053 τῶν
741 3005 1014 3072 τεσσάρων
1081 3006 1280 3074 ἑορτῶν
1339 3008 1680 3078 ἑπταήμερον

1815 628 1934 681 culo
1965 629 2216 682 carnibus
2271 643 2552 684 vescemur
2593 632 2645 682 in
2696 631 2816 697 ejus
2876 632 3129 685 Mercurii
3178 636 3263 687 die
3296 645 3348 686 ιι

1811 717 2049 772 Veneris.
2089 718 2218 773 Nam
2248 734 2344 787 pro
2383 734 2489 772 uno
2520 719 2608 772 die
2663 717 2942 772 Bominico
2973 720 3207 774 habetur
3237 723 3340 774 hoc

1807 814 2007 874 septem
2035 809 2239 860 dierum
2268 808 2628 861 intervallum.

1874 896 2068 952 Interr.
2089 898 2173 951 55.
2205 896 2413 966 Jejunia
2440 900 2545 952 diei
2574 900 2692 954 festi
2709 900 3027 956 Sanctorum
3050 903 3336 970 Apostolo-

1806 1000 1948 1048 rum,
1984 995 2036 1038 et
2071 983 2277 1039 Natalis
2299 986 2536 1050 Christi,
2578 995 2630 1040 et
2664 988 3091 1043 Obdormitionis
3143 1002 3340 1043 sancta:

1811 1075 2055 1144 Deiparze
2079 1084 2130 1129 ct
2156 1074 2482 1140 Servatoris,
2533 1079 2919 1132 inexcusabilia
2952 1091 3098 1144 sunt,
3123 1096 3187 1133 an
3223 1096 3341 1149 per-

1803 1164 2060 1216 mittenda
2086 1173 2137 1217 et
2161 1164 2560 1218 indili'erentia?

1871 1251 2022 1319 Resp.
2045 1253 2634 1320 Constantinopolitana
2656 1255 2870 1323 quidem
2892 1266 3074 1308 sancta
3102 1259 3332 1326 synodus

1801 1341 1857 1394 in
1884 1342 2073 1397 diebus
2100 1343 2427 1396 sanctissimi
2466 1344 2610 1398 illius
2657 1345 3064 1410 patriarcha...
3103 1347 3332 1398 interroo

1800 1439 1941 1498 gata,
1969 1445 2034 1483 an
2065 1439 2308 1500 oporteat
2359 1432 2583 1500 Augusti
2620 1435 2821 1486 mensis
2854 1434 3115 1500 jejunium
3166 1436 3327 1499 perli-

1799 1518 1968 1573 cerel
2007 1535 2019 1569 :
2059 1520 2356 1587 respondit,
2390 1522 2439 1573 id
2481 1521 2742 1588 jejunium
2779 1531 3038 1574 mutatum
3080 1537 3216 1581 esse,
3264 1539 3329 1574 ne

1797 1621 1916 1659 cum
1951 1609 2173 1675 paganis
2228 1608 2447 1675 jejuniis
2501 1624 2617 1675 qua:
2657 1609 2839 1661 eodem
2898 1619 3134 1676 tempore
3173 1611 3323 1669 fiunt.

1796 1703 2101 1747 concurrat.
2133 1695 2282 1748 Multi
2305 1705 2479 1749 tamen
2511 1697 2750 1750 homines
2791 1698 2839 1749 id
2867 1698 3128 1764 jejunium
3150 1698 3325 1749 adhuc

1795 1785 2104 1837 observant.
2142 1783 2246 1838 Nos
2279 1795 2454 1838 autem
2486 1800 2604 1837 eum
2645 1800 2726 1845 ea,
2757 1801 2872 1852 quae
2911 1785 2974 1836 a-.l
3027 1786 3124 1837 hoc
3158 1787 3321 1852 perti-

1795 1878 1941 1931 nent,
1970 1871 2488 1926 consideraverimus
2511 1911 2526 1934 ,
2555 1872 3106 1939 defcndimusjejunia
3135 1889 3322 1928 neces-

1795 1962 1937 2014 sario
1959 1963 2256 2028 praecedere
2283 1962 2394 2015 haec
2410 1970 2638 2029 quatuor
2664 1961 2834 2014 festa:
2864 1964 3110 2015 nimirum
3130 1963 3320 2017 festum

1794 2050 2108 2104 Sanctorum
2153 2051 2526 2117 Apostolorum
2551 2090 2565 2113 ,
2605 2049 2806 2102 Natalis
2847 2050 3078 2110 Christi,
3119 2050 3319 2105 Trans,

1794 2138 2124 2194 formationis
2147 2140 2344 2194 Christi
2373 2147 2427 2194 et
2460 2140 2547 2193 Dei
2579 2142 2766 2201 nostri,
2797 2150 2850 2194 ct
2883 2141 3316 2196 ()hdormitionis

1791 2237 1989 2281 sanctae
2019 2229 2274 2295 Deiparaa,
2300 2231 2389 2282 sed
2422 2239 2626 2282 tantum
2651 2237 2850 2296 septem
2888 2231 3114 2283 dierum.
3145 2230 3313 2285 Unum

1788 2317 1926 2371 enim
1955 2317 2402 2386 estquadragiuta
2423 2319 2630 2371 dierum
2658 2319 2915 2386 jejunium
2934 2320 3102 2371 sancti
3123 2328 3173 2372 et
3200 2335 3313 2371 ma-

1788 2407 1873 2474 gni
1901 2406 2206 2460 Paschatis.
2245 2407 2396 2471 Quod
2426 2408 2468 2460 si
2503 2408 2625 2475 quis
2652 2409 2928 2475 plusquam
2967 2418 3167 2476 septem
3200 2410 3308 2460 die.-

1787 2494 1887 2547 bus
1914 2494 2054 2547 circa
2089 2494 2280 2548 festum
2309 2495 2623 2548 Sanctorum
2644 2496 3018 2563 Apostolorum
3054 2497 3309 2550 etl‘estutn

1787 2584 1985 2634 natalis
2012 2583 2209 2635 Christi
2239 2585 2463 2650 jejunet,
2501 2600 2592 2638 seu
2627 2595 2839 2653 sponte,
2877 2602 2970 2638 seu
3001 2601 3028 2637 a
3064 2586 3309 2639 fundato-

1784 2671 1862 2723 ria
1893 2672 2071 2738 regula
2102 2681 2140 2708 ω
2168 2673 2455 2740 impulsus,
2488 2690 2592 2727 non
2633 2676 3041 2742 vituperabitur.
3073 2675 3308 2739 Quomo-

1782 2759 1850 2810 do
1867 2768 2064 2818 autem.
2101 2769 2152 2812 et
2171 2770 2384 2828 propter
2403 2763 2527 2826 quid
2547 2770 2668 2815 ante
2685 2754 3099 2829 unumquodque
3113 2763 3305 2814 horum

1781 2854 2014 2912 quatuor
2050 2846 2307 2900 festorum
2362 2843 2608 2915 jejunare
2637 2850 2950 2912 debeamus,
2981 2850 3309 2903 declaratum

1779 2935 1834 2987 in
1884 2935 2128 3004 synodali
2184 2936 2479 3000 decisione,
2508 2937 2574 2992 de
2625 2952 2690 2992 eo
2742 2953 2772 2991 a
2825 2940 2980 2992 nobis
3015 2939 3177 2994 facta.
3207 2941 3307 3004 Qui

1779 3023 1939 3092 igitur
1960 3040 2062 3078 non
2087 3026 2329 3094 jejunant
2361 3040 2482 3080 ante
2503 3027 2924 3095 unumquodque
2956 3029 3143 3081 horum
3171 3044 3309 3097 qua-

142 3087 400 3155 νηστείαν
427 3088 483 3152 ἐξ
510 3089 747 3157 ἀνάγκης
790 3092 1062 3161 νηστεύειν
1109 3094 1405 3161 ὀφείλομεν,
1441 3096 1675 3168 ἐδηλώθη
1702 3139 1705 3162 γ

1787 3120 1899 3165 luor
1930 3111 2184 3166 festorum
2215 3113 2333 3168 sine
2353 3114 2457 3166 ulla
2486 3115 2704 3167 omnino
2728 3116 3078 3169 excusatione
3101 3116 3308 3182 magnis

143 3179 210 3229 ἑν
242 3177 318 3244 τῷ
342 3179 580 3244 γεγονότι
616 3181 744 3247 παρ’
778 3181 931 3249 ὴμῶν
982 3184 1135 3251 χάριν
1192 3184 1376 3235 τούτου
1419 3186 1673 3256 συνοδικῷ

1780 3196 2205 3251 eutendabuntur
2237 3201 2434 3267 poenis.

144 3268 322 3360 τάμῳ.
352 3266 416 3319 Ol
446 3268 574 3360 γοῦν
607 3269 680 3336 μὴ
711 3270 1053 3338 νηστεύοντες
1085 3273 1188 3342 πρὸ
1224 3274 1455 3342 ἑκάστης
1476 3276 1673 3332 τούτων
1709 3282 1815 3337 τῶν
1840 3287 2112 3356 τεσσάρων
2135 3266 2332 3358 ἑορτῶν
2370 3298 2506 3343 κατὰ
2571 3291 2630 3342 τδ
2698 3292 2869 3360 πάντη
2923 3291 3302 3360 ἀπαραίτητον,

145 3355 214 3406 δι’
247 3358 532 3424 ἐπιτιμίων
559 3361 803 3427 μεγάλων
832 3363 1292 3432 διορθωθήσονται.

229 3445 424 3512 Ἐρώτ.
455 3449 548 3500 νδ’.
583 3451 644 3501 Οἱ
687 3451 822 3502 κατά
845 3455 1041 3514 ταύτας
1088 3457 1180 3516 τὰς
1208 3458 1452 3524 νηστείας
1478 3461 1677 3530 ἐγκρα-

145 3533 456 3599 τευόμενοι,
515 3535 648 3602 πρὸς
711 3537 765 3588 δὲ
829 3540 920 3589 καὶ
974 3542 1021 3591 oi
1082 3543 1219 3593 κατά
1274 3545 1371 3604 τὰς
1422 3548 1676 3613 τετράδος

146 3620 244 3668 καὶ
290 3622 637 3686 παρασκευὰς
700 3623 1144 3692 ξηροφαγοῦντες,
1211 3631 1674 3700 ὲκχωρηθήσονται

140 3707 233 3760 διὰ
257 3709 511 3776 δευτέρας
539 3713 815 3780 τραπέζης
843 3715 1168 3782 θεραπεῦσαι
1227 3719 1322 3786 τὴν
1365 3720 1456 3772 τοῦ
1491 3722 1670 3791 σώμα-

139 3812 233 3857 τος
253 3798 476 3863 ἔνδεια),
518 3799 548 3868 ἧ
591 3800 693 3865 οὓς

227 3883 423 3934 Ἀπόκ.
445 3883 659 3952 Κυρὶως
677 3887 708 3954 ἡ
729 3888 952 3955 ἐγκράτε
963 3907 1036 3954 ια,
1054 3892 1270 3961 νηστεία
1289 3894 1431 3946 ἐστίν
1452 3911 1465 3924 ·
1482 3899 1562 3949 ὅτι
1577 3899 1670 3950 καὶ

142 3968 490 4033 παθοκτόνος,
543 3974 640 4025 οὐκ
683 3976 1118 4044 ἀνθρωποκτόνος
1155 3983 1417 4035 καλεῖται.
1450 3985 1510 4035 Ei
1542 3986 1670 4052 γοῦν

137 4057 189 4107 oi
245 4058 718 4130 ἐγκρατευόμενοι,
769 4065 858 4116 διὰ
887 4065 1141 4119 σύστασιν
1183 4069 1274 4120 τοῦ
1305 4070 1547 4139 σώματος
1579 4076 1671 4127 καὶ

139 4145 396 4215 δευτέρας
455 4151 728 4218 τραπέζης
779 4154 1055 4220 δεηθῶσιν,
1109 4157 1168 4207 οὑ
1209 4162 1672 4229 προκριματισθή-

140 4249 344 4286 σονται.
403 4236 620 4298 Πάντως
671 4239 776 4308 γάρ
811 4242 900 4292 καὶ
924 4243 1072 4294 αὐτοὶ
1109 4244 1205 4312 τὴν
1250 4246 1542 4315 ὁλοήμερον
1573 4249 1670 4300 οὐκ

1840 3461 2036 3517 Interr.
2066 3464 2152 3517 54.
2204 3463 2304 3528 Qui
2336 3466 2419 3519 his
2461 3466 2680 3531 jejuniis
2729 3466 3066 3518 continenter
3111 3475 3291 3532 agunt.

1773 3549 1952 3602 adhec
1981 3560 2028 3603 et
2052 3550 2241 3603 diebus
2273 3551 2518 3604 Mercurii
2553 3561 2603 3603 et
2625 3551 2843 3604 Veneris
2873 3553 3038 3604 aridis
3069 3567 3288 3605 vescun-

1772 3645 1878 3699 tur,
1905 3638 2148 3691 sinentur
2177 3654 2272 3706 per
2303 3641 2675 3693 secundariam
2710 3656 2942 3693 mensam
2963 3653 3150 3695 curare
3171 3655 3288 3695 cor-

1773 3724 1918 3792 poris
1950 3725 2319 3795 indigentiam,
2356 3728 2566 3780 annon?

1847 3895 1997 3965 Resp.
2037 3897 2256 3967 Pr0prie
2301 3901 2655 3965 continentia,
2713 3901 2975 3968 jejunium
3013 3909 3128 3967 est;
3167 3901 3290 3969 quia

1779 3993 1831 4039 et
1866 3987 2181 4051 aﬂ‘ecticida,
2218 4004 2322 4041 non
2355 3990 2614 4044 homicida
2658 3999 2894 4043 vocatur.
2927 3991 2980 4042 Si
3023 4006 3170 4056 ergo,
3199 3990 3291 4058 qui

1777 4075 2114 4129 continenter
2160 4079 2384 4141 vivunt,
2437 4079 2502 4132 ad
2559 4081 2802 4146 corporis
2851 4080 3286 4133 sustentationem

1775 4163 2092 4216 secundaria
2157 4179 2340 4218 mensa
2401 4166 2708 4232 indigeant,
2762 4165 3124 4231 prtejudicium
3182 4176 3288 4214 non

1775 4251 2060 4317 patientur.
2089 4251 2219 4302 Nam
2254 4267 2352 4305 nec
2377 4253 2429 4305 hi
2467 4262 2573 4305 tota
2599 4253 2681 4305 die
2716 4252 3101 4305 continentiam
3149 4250 3286 4302 inlaé

136 4321 492 4387 ἀτιμάσουσιν
545 4307 884 4390 ἐγκράτειαν,
923 4328 1006 4380 διὰ
1041 4307 1322 4398 ἑσπερινῆς
1358 4307 1666 4401 *ἀκρασίας
1701 4307 1705 4358 ἶ

1787 4339 1994 4390 mabunt
2030 4354 2122 4407 per
2155 4341 2597 4394 inccntinentiam
2648 4352 2963 4396 nocturnam
2989 4350 3037 4394 ιι.
3067 4341 3119 4392 Id
3148 4338 3289 4392 cnim

138 4408 304 4461 Τοῦτο
332 4411 386 4462 δὲ
421 4415 760 4480 ποιήσαντες.
792 4418 1289 4486 ὲπιτιμηθήσονται.

218 4499 412 4564 Ἔρώτ.
450 4507 538 4554 νε¹.
600 4504 754 4555 Κατά
799 4506 895 4574 τὴν
951 4509 1264 4575 παραμονὴν
1307 4511 1401 4578 τῆς
1455 4513 1518 4564 ἐκ
1577 4530 1666 4564 νε-

138 4589 282 4657 κρῶν
316 4592 582 4660 ἑγὲρσεως
616 4594 708 4645 τοῦ
738 4596 945 4647 δικαίου
979 4598 1243 4667 Λαζάρου,
1290 4604 1382 4652 καὶ
1410 4603 1545 4654 κατὰ
1567 4605 1664 4671 τὴν

136 4679 327 4748 ἑορτὴν
351 4681 456 4732 τῶν
504 4683 678 4748 Αγίων
700 4686 1130 4753 Τεσσαράκοντα,
1154 4689 1437 4750 ἀκινδύνως
1456 4692 1662 4743 τελείαν

138 4766 443 4837 ἱερουργίαν
498 4771 832 4840 ίερουργήσει
873 4791 981 4834 τις,
1033 4776 1065 4842 ἢ
1115 4774 1208 4839 ob;
1253 4776 1519 4838 Ὡσαύτως
1569 4780 1662 4829 καὶ

135 4857 269 4906 κατά
294 4857 392 4924 τὴν
429 4857 551 4928 ὅλην
582 4861 739 4925 ἁγίαν
769 4862 1210 4930 Τεσσαρακοστὴν
1254 4864 1425 4927 ἔξεστι
1458 4866 1660 4932 βαπτί-

135 4940 262 5006 ζειν,
321 4945 353 5012 ἢ
410 4948 697 5014 ίερολογίας
752 4953 938 5017 γάμων
993 4951 1085 5004 καὶ
1133 4955 1426 5022 ιινηστειῶν
1467 4959 1656 5020 ποιεῖν,

135 5029 284 5095 ῆοῠ;

201 5118 388 5174 Ἀπόσι.
424 5121 481 5176 ’0
504 5123 576 5190 νβ’
591 5127 764 5176 κανὼν
777 5128 869 5195 τῆς
883 5130 938 5181 ἑν
957 5127 1031 5196 τῷ
1045 5128 1289 5196 Τρούλλῳ
1313 5128 1402 5179 τοῦ
1424 5130 1652 5197 μεγάλου

1772 4425 1816 4479 si
1860 4424 2102 4488 fecerint,
2131 4429 2543 4480 coercebuntur.

1840 4512 2030 4566 Interr.
2099 4515 2186 4568 55.
2248 4517 2302 4568 ln
2357 4519 2758 4584 exspectatione
2808 4517 3219 4572 resurrectionis
3260 4529 3290 4565 a

1771 4605 1996 4655 mortuis
2018 4604 2145 4670 justi
2183 4603 2391 4668 Lazari,
2432 4615 2485 4659 et
2527 4609 2577 4658 in
2621 4607 2752 4660 festo
2795 4607 3110 4659 Sanctorum
3144 4606 3289 4666 Qua-

1769 4691 2033 4758 draginta,
2063 4693 2176 4745 sine
2206 4696 2445 4761 periculo
2473 4697 2794 4748 sacriﬁcium
2828 4695 3093 4762 quispiam
3118 4692 3292 4760 perfe-

1767 4789 1910 4832 ctum
1957 4781 2287 4846 celebrabit,
2337 4785 2550 4837 annon?
2609 4784 2814 4838 Pariter
2844 4794 2895 4837 et
2942 4792 3050 4835 tota
3099 4791 3283 4833 sancta

1766 4869 2117 4937 Quadragena
2161 4872 2290 4924 licet
2343 4873 2646 4940 baptizare,
2725 4882 2814 4925 aut
2891 4870 3287 4924 benedictioues

1765 4958 2076 5025 nuptiarum
2104 4961 2607 5026 sponsaliorumque
2640 4947 2836 5023 facere,
2871 4959 3087 5012 annon?

1831 5130 1980 5196 Resp.
2000 5131 2487 5201 Quinquagcsimus
2514 5135 2781 5187 sccnn‘dus
2807 5150 2982 5187 canon
3005 5147 3203 5186 sant-tr.
3234 5143 3286 5183 et

1372 5313 1590 5368 VARMB
1649 5315 2042 5368 LECTIUMCS.

197 5437 241 5469 ⁵⁸
269 5439 699 5507 ὃιακαινησίμου.

200 5567 218 5607 ι
253 5572 482 5640 Augusto
521 5589 704 5631 mense.
743 5575 999 5640 jejunium
1035 5587 1255 5627 seri-aret
1286 5593 1302 5627 :

1402 5591 1438 5618 ω
1467 5597 1550 5632 seu
1589 5600 1617 5632 η
1645 5586 1943 5646 municipali
1962 5604 1982 5632 (,
1997 5590 2178 5637 urdnm
2210 5587 2422 5638 dcerem.

2519 5599 2544 5624 τ’
2576 5589 2796 5642 Omnino
2832 5596 2998 5636 tmncn
3046 5592 3132 5632 nec
3181 5572 3277 5637 ἔρ·έὶ

142 5647 240 5690 tota
264 5642 344 5691 die
363 5643 709 5692 continuatam
740 5646 1152 5704 (cmperanlimn.
1180 5661 1264 5706 per
1295 5653 1626 5712 t'c.'.,‘;erlimmt
1669 5654 1754 5703 int.
1777 5642 2110 5706 ιηέηϊάῖιίέςμςι
2167 5660 2542 5708 (Ιι·ί⁷υι·κιί.είέςίηι.

396 5737 623 5792 Parum
703 5737 840 5812 Gn.-
867 5731 1024 5789 CXX
1047 5732 1090 5787 Χ
1112 5731 1268 5790 Vifi.

2893 5750 2968 5805 Si).
