3914 6332
156 358 302 420 1005

1000 359 1386 419 IlESl’O‘NSA
1431 361 1530 417 AD
1571 357 2301 424 INTERROGATIONES
2341 365 2598 428 MARCI.

3225 368 3362 432 1006

149 483 405 548 μοσύνων
469 484 865 552 κατοιχομένων
895 485 1316 554 είσκομιζόμενα
1345 487 1419 555 τῷ
1455 487 1586 555 ναῷ,
1621 488 1712 539 καὶ

1820 497 2132 544 sanctorum
2162 490 2459 552 memoriis,
2505 495 2558 540 et
2591 501 2689 555 pro
2740 492 3079 540 mortuorum
3121 500 3355 540 comme-

137 575 221 625 τὰ
248 573 386 642 ὑπὲρ
413 573 657 642 ψυχικῶν
711 574 995 626 διαδόσεων
1041 578 1160 638 ταῖς
1187 577 1504 644 ἐκκλησίαις
1561 583 1712 646 παρά

135 680 314 715 τινων
339 665 772 732 προσφερόμενα,
796 668 906 727 τοῖς
940 666 1255 727 ἐπισκόποις
1285 666 1520 720 δίδοσθαι
1549 683 1716 719 κεκα-

135 753 414 814 νόνισται,
462 757 555 806 καὶ
615 755 765 824 παρά
793 755 994 808 τούτων
1021 759 1155 824 πρός
1190 773 1247 808 τε
1274 758 1394 819 τοὺς
1423 757 1713 828 κληρικοὺς

136 843 250 895 καὶ
281 845 403 906 τοὺς
433 843 800 914 ξενιζομένους
825 848 917 898 καὶ⁵
947 847 1116 908 ἄλλως
1139 847 1526 916 πενητεύοντας
1564 847 1716 900 ἀδελ-

137 935 289 998 φοὺς
320 933 745 1001 διαμερίζεσθαι,
776 935 917 988 κατά
941 937 1036 1004 τὴν
1059 937 1262 988 τούτων
1280 937 1715 1007 διάκρισιν.Φησ“ι

135 1021 262 1089 γὰρ
292 1025 319 1074 ό
344 1020 388 1088 γ’
421 1022 597 1074 κανὼν
627 1025 734 1074 τῶν
764 1024 932 1090 ἁγίων
970 1024 1280 1076 ἀποστόλων
1310 1025 1485 1076 ταῦτα,
1514 1026 1709 1094 ῥητῶς·

134 1111 220 1161 ΕΞ
245 1127 326 1172 τις
358 1111 653 1174 ἐπίσκοπος
685 1112 715 1179 ἦ
754 1112 1124 1183 πρεσϐύτερος
1186 1115 1332 1182 παρά
1357 1113 1453 1184 τὴν
1477 1113 1570 1166 τοῦ
1604 1115 1715 1166 Κυ-

144 1202 273 1268 ρίου
307 1202 543 1266 διάταξιν
572 1201 670 1271 τὴν
701 1203 791 1254 ἐπὶ
852 1205 918 1273 τῇ
958 1202 1117 1272 θυσίᾳ
1173 1205 1510 1274 προσενέγκῃ
1556 1203 1716 1271 ἕτερά

137 1309 276 1343 τινα
305 1294 394 1343 ἐπὶ
438 1292 500 1342 τὸ
543 1292 950 1361 θυσιαστήριον,
987 1292 1019 1362 ἢ
1054 1293 1195 1360 μέλι,
1248 1291 1278 1360 ἢ
1331 1292 1488 1360 γάλα,
1531 1292 1563 1350 ἢ
1596 1293 1715 1345 ἀντὶ

137 1386 297 1436 οἴνου
340 1385 530 1452 σίκερα
589 1385 931 1454 ἐπιτηδευτά,
998 1386 1032 1454 ἢ
1079 1385 1245 1454 ὅρνις,
1277 1385 1309 1455 ἢ
1345 1383 1460 1448 ζῶά
1503 1385 1710 1454 τινα,ἥ

135 1476 376 1541 ὄσπρια,
429 1476 577 1545 παρὰ
629 1478 726 1545 τὴν
774 1474 1052 1540 διάταξιν.
1100 1477 1508 1546 καθαιρείσθω·
1578 1477 1716 1538 πλὴν

137 1566 288 1616 νέων
322 1565 540 1635 χίδρων,
586 1567 662 1636 τῷ
690 1568 866 1638 καιρῷ
907 1567 984 1638 τῷ
1010 1567 1201 1621 δέοντι.
1237 1567 1466 1637 Μὴ.ἐξὸν
1493 1569 1550 1620 δὲ
1579 1569 1718 1620 ἔστω

149 1655 350 1724 ἕτερόν
381 1674 430 1708 τι
479 1658 843 1725 προσάγεσθαι
875 1660 953 1722 είς
983 1660 1042 1711 τὸ
1069 1659 1470 1729 θυσιαστήριον,
1497 1659 1529 1729 ἢ
1559 1661 1718 1727 μόνον

143 1744 338 1798 ἔλαιον
381 1749 458 1808 εἰς
498 1749 596 1814 τὴν
647 1749 886 1819 λυχνίαν,
918 1750 1012 1804 καὶ
1038 1749 1288 1819 θυμίαμα
1310 1749 1386 1818 τῷ
1420 1748 1597 1818 καιρῷ
1619 1749 1719 1817 τῆς

143 1835 320 1902 ἁγίας
346 1840 658 1906 προσφορᾶς
679 1857 692 1870 ·
725 1842 756 1908 ή
785 1841 916 1910 άλλη
945 1841 998 1892 δὲ
1034 1841 1182 1892 πᾶσα
1214 1840 1404 1908 ὀπώρα
1459 1841 1538 1902 είς
1569 1836 1716 1893 οἷκον

141 1927 592 1992 ἀποστελλέσθω,
629 1929 848 1999 ἀπαρχὴ
873 1931 950 2001 τῷ
985 1930 1270 2000 ἐπισκόπῳ
1305 1931 1531 1992 καὶτοῖς
1582 1947 1717 2000 πρε-

148 2016 469 2084 σϐυτέροις,
499 2017 632 2071 ἀλλά
660 2019 734 2088 μὴ
784 2020 918 2088 πρὸς
940 2019 1000 2071 τὸ
1035 2019 1436 2091 θυσιαστήριον,
1464 2020 1632 2088 Δῆλον
1660 2020 1717 2072 δὲ

144 2105 231 2166 ὡς
265 2109 293 2158 ό
320 2107 613 2170 ἐπίσκοπος
640 2109 731 2160 καὶ
750 2110 796 2162 οί
822 2127 922 2177 πρε
935 2109 1180 2179 σόύτεροι
1202 2110 1582 2179 ἐπιμερίσουσι
1607 2114 1719 2172 τοῖς

143 2195 422 2258 διακόνοις
455 2199 545 2249 καὶ
587 2199 698 2259 τοῖς
739 2198 944 2260 λοιποῖς
973 2198 1272 2270 κληρικοίς.
1328 2201 1436 2253 Καὶ
1471 2201 1499 2252 ὁ
1538 2199 1582 2263 ζ’
1625 2202 1719 2254 καὶ

147 2287 180 2336 ό
205 2283 254 2353 η’
281 2286 462 2338 κανὼν
486 2285 586 2354 τῆς
603 2287 659 2338 ἐν
680 2287 904 2357 Γάγγρα
925 2287 1138 2339 συνόδου
1152 2288 1322 2341 ταῦτα
1347 2290 1716 2358 παρακελεύε-

148 2390 266 2424 ται·
304 2375 370 2427 Et
392 2391 474 2436 τις
505 2375 881 2444 καρποφορίας
913 2375 1084 2428 ἐθέλει
1114 2375 1431 2445 λαμϐάνειν,
1464 2375 1496 2445 ἦ
1522 2375 1718 2430 διδόναι

147 2465 261 2530 ἔξω
296 2465 393 2534 τῆς
419 2465 731 2535 ἐκκλησίας,
785 2465 935 2535 παρά
977 2465 1201 2536 γνώμην
1238 2465 1332 2518 τοῦ
1392 2468 1714 2530 ἐπισκόπου,

150 2556 188 2627 ἢ
219 2557 315 2610 τοῦ
348 2557 821 2628 ἐγκεχειρισμένου
838 2560 904 2610 τά
927 2557 1172 2623 τοιαῦτα,
1196 2559 1289 2610 καὶ
1309 2559 1381 2628 μὴ
1419 2559 1554 2628 μετά
1579 2562 1718 2626 γνώ-

154 2664 268 2716 μης
292 2646 458 2700 αὐτοῦ
514 2647 685 2700 ἐθέλει
749 2649 1030 2716 πράττειν,
1063 2648 1312 2716 ἀνάθεμα
1357 2648 1514 2702 ἔστω.
1555 2651 1662 2703 Καὶ
1693 2653 1719 2704 ό

141 2737 231 2803 οβ’
259 2736 610 2799 άποστολικδς
641 2737 817 2789 κανὼν
845 2735 1019 2790 ταῦτά
1043 2753 1229 2806 φησιν’
1259 2738 1410 2798 Εῐτις
1437 2738 1716 2810 κληρικὺς,

148 2823 186 2892 ἢ
210 2822 416 2885 λαῖκὸς,
450 2822 556 2874 ἀπὸ
587 2823 685 2890 τῆς
719 2823 876 2890 ἁγίας
908 2824 1201 2892 ἐκκλησίας
1255 2826 1518 2896 ἀφέληται
1554 2829 1720 2897 κηρὸν

150 2913 188 2981 ἢ
221 2913 423 2980 ἔλαιον,
449 2914 808 2983 ἀφοριζέσθω.
841 2916 950 2968 Καὶ
975 2917 1004 2967 ό
1023 2914 1100 2984 ογ¹
1132 2916 1307 2970 κανὼν
1338 2917 1504 2984 λέγει·
1524 2920 1720 2982 Σκεῦος

151 3003 448 3073 χρυσοῦνῆ
482 3002 755 3073 ἀργυροῦν
807 3005 1083 3071 ἀγιασθέν,
1125 3006 1158 3076 ἢ
1191 3005 1399 3078 ὀθόνην,
1437 3010 1622 3080 μηδεὶς
1641 3014 1719 3072 είς

1751 1803 1792 1856 Β

1815 579 2208 634 morationibus
2239 578 2547 633 inferuntur
2577 579 2631 631 in
2672 578 2928 646 templum
2956 617 2970 642 ,
3015 587 3068 630 et
3103 592 3222 646 qua:
3265 593 3362 647 pro

1814 670 2139 726 animalibus
2168 671 2580 740 trajectionibus
2619 670 2866 726 ecclesiis
2901 680 2927 707 ιι
2972 668 3040 722 ab
3093 669 3362 737 aliquibus

1816 760 2145 824 oﬂ‘eruntur,
2171 763 2444 831 episcopis
2478 761 2595 815 dari
2647 761 2912 815 canonice
2948 767 3212 813 statutum
3258 769 3362 818 est,

1814 859 1867 904 et
1897 849 1962 902 ab
1991 850 2076 903 his
2109 850 2362 903 distribui
2397 851 2448 902 in
2482 850 2713 904 clericos
2766 848 3080 918 peregrinos
3132 845 3363 911 hospitio

1815 948 2094 1005 exceptos,
2129 947 2180 992 et
2213 940 2454 1008 alioquin
2500 939 2685 1007 inepia
2707 952 2927 1008 pressos
2962 937 3182 996 fratres,
3208 945 3367 1004 prout

1817 1028 1918 1096 ipsi
1941 1027 2325 1095 iudicaverint.
2352 1031 2438 1082 Ait
2465 1031 2608 1084 enim
2635 1031 2827 1084 tertius
2855 1043 3030 1082 canon
3054 1035 3366 1080 sanctorum

1817 1120 2184 1186 apostolorum
2221 1118 2335 1172 htBC
2374 1122 2718 1187 cxpressim:
2775 1121 2829 1173 Si
2883 1120 3008 1188 quis
3055 1119 3365 1186 episcopus,

1818 1209 1901 1262 vel
1939 1212 2240 1279 presbyter,
2282 1219 2477 1277 praeter
2509 1209 2720 1262 Domini
2746 1210 2812 1263 de
2848 1209 3124 1264 sacriﬁcio
3153 1207 3368 1260 ordina-

1818 1299 2042 1360 tionem,
2079 1301 2181 1351 alia
2219 1299 2466 1367 quaedam
2493 1300 2556 1352 ad
2590 1300 2762 1353 altare
2808 1299 3076 1362 attulerit,
3130 1299 3254 1358 mel,
3289 1298 3368 1350 vel

1818 1390 1922 1454 lac,
1956 1390 2034 1444 vel
2067 1407 2164 1458 pro
2196 1392 2320 1444 vino
2350 1391 2588 1444 siceram
2623 1399 2670 1451 ν,
2702 1391 2784 1444 vel
2816 1389 3081 1453 confecta,
3114 1389 3193 1441 vel
3223 1403 3369 1451 aves,

1819 1481 1898 1533 vel
1929 1480 2105 1547 aliqua
2139 1482 2393 1533 animalia
2421 1518 2434 1541 ,
2474 1481 2554 1533 vel
2591 1480 2883 1548 legumina,
2919 1488 3113 1546 przeter
3157 1478 3371 1530 ordina-

1821 1563 2045 1626 tionem.
2078 1566 2408 1633 deponatur:
2475 1575 2829 1635 prmterquam
2883 1582 3018 1620 nova
3076 1565 3371 1632 legumina,

1823 1663 2068 1724 tempore
2092 1666 2422 1724 opportuno.
2459 1655 2536 1710 Ne
2569 1657 2728 1710 liceat
2757 1665 2938 1710 autem
2985 1655 3188 1723 aliquid
3224 1655 3370 1708 aliud

1823 1746 1889 1798 ad
1952 1746 2123 1800 altare
2169 1745 2386 1813 offerre,
2439 1762 2601 1814 quam
2648 1747 2827 1800 oleum
2867 1746 2933 1799 ad
2992 1745 3277 1809 luminare,
3322 1757 3376 1798 et

1821 1837 2128 1899 incensum,
2207 1845 2455 1906 tempore
2525 1847 2730 1892 sancta:
2790 1837 3106 1891 oblationis.
3183 1835 3372 1888 Omnis

1819 1932 2001 1978 autem
2064 1925 2204 1979 alius
2268 1925 2481 1980 fructus
2538 1927 2760 1979 domum
2817 1926 3098 1988 mittatur,
3157 1933 3213 1977 ut
3267 1927 3374 1976 sint

1820 2016 2076 2085 primitiae
2105 2018 2385 2086 episcopo,
2418 2025 2472 2071 et
2522 2017 2877 2086 presbyteris.
2933 2015 3148 2068 Clarum
3192 2022 3370 2066 autem

1819 2117 1922 2172 est,
1954 2109 2268 2177 episcopum
2301 2117 2354 2163 et
2383 2108 2738 2178 presbyteros
2770 2107 3034 2171 tliaconis,
3060 2113 3113 2160 et
3150 2105 3372 2172 reliquis

1819 2199 2036 2253 clericis
2066 2199 2486 2252 distributuros.
2523 2197 2584 2250 Et
2639 2198 2668 2250 7
2699 2205 2754 2251 et
2785 2196 2818 2249 8
2843 2211 3020 2250 canon
3077 2195 3374 2264 Gangrenzt:

1819 2289 2013 2357 synodi
2049 2289 2162 2343 haec
2196 2290 2472 2357 praecipit:
2510 2289 2565 2343 Si
2595 2291 2718 2358 quis
2743 2289 2860 2341 vult
2892 2288 3102 2340 fructus
3129 2286 3374 2340 ecclesia:

1820 2379 2036 2434 oblatos
2071 2381 2347 2448 accipere,
2379 2382 2463 2435 vel
2486 2384 2616 2435 dare
2651 2389 2802 2434 extra
2829 2377 3140 2440 ecclesiam,
3184 2385 3375 2443 praeter

1819 2470 2061 2538 episc0pi
2112 2473 2461 2535 sententiam,
2518 2469 2602 2524 vel
2662 2469 2815 2536 ejus,
2865 2466 2953 2519 cui
3015 2479 3147 2518 cura
3187 2479 3372 2518 eorum

1821 2562 2021 2616 tradita
2057 2570 2159 2626 est,
2211 2574 2263 2615 et
2319 2576 2425 2616 nou
2468 2576 2590 2615 cum
2651 2559 2770 2628 ejus
2799 2556 3088 2616 .sententia
3141 2570 3204 2609 ea
3247 2555 3370 2607 velit

1822 2667 2012 2722 agere.
2043 2654 2115 2707 sit
2143 2653 2453 2706 anathema.
2487 2651 2552 2704 Et
2575 2651 2643 2702 7‘2
2692 2649 3030 2718 apostolicus
3060 2661 3234 2701 canon
3262 2645 3374 2697 ha-c

1820 2745 1931 2797 ait:
1963 2744 2018 2797 Si
2052 2745 2176 2813 quis
2199 2745 2454 2804 clericus,
2489 2742 2570 2795 vel
2608 2741 2801 2801 laicus,
2848 2754 2875 2792 a
2913 2747 3100 2791 sancta
3143 2736 3372 2789 ecclesia

1821 2848 2004 2886 ceram
2035 2834 2115 2886 vel
2145 2833 2320 2886 oleum
2364 2830 2592 2893 auferat,
2616 2837 2952 2899 segregetur.
2998 2828 3060 2880 Et
3107 2826 3174 2880 73
3202 2839 3372 2878 canon

1823 2921 1931 2975 ait:
1965 2919 2073 2974 Vas
2100 2935 2346 2983 aureum,
2376 2920 2459 2974 vel
2496 2926 2836 2987 argenteum,
2871 2918 2950 2972 vel
2987 2918 3162 2972 velum
3215 2926 3374 2969 sanc-

1821 3012 2108 3094 tificatum,
2146 3024 2304 3064 nemo
2333 3009 2564 3078 amplius
2596 3009 2649 3061 in
2686 3023 2844 3062 suum
2876 3022 3033 3060 usuin
3060 3015 3368 3060 convertat:

147 3095 364 3148 οἰκείαν
419 3098 611 3164 χρῆσιν
664 3097 1094 3162 σφετεριζέσθωο
1130 3099 1444 3171 παράνομον
1489 3102 1616 3169 γάρ.
1660 3103 1718 3154 El

1821 3103 1925 3158 hoc
1962 3102 2106 3156 enim
2137 3101 2196 3154 lit
2233 3101 2552 3170 praeterjus,
2595 3109 2647 3153 et
2695 3108 2884 3152 contra
2931 3099 3103 3165 leges.
3161 3097 3217 3151 Si
3249 3097 3373 3166 quis

151 3187 215 3239 δέ
251 3203 341 3248 τις
372 3187 678 3257 φωραθείη,
709 3188 1050 3256 ἐπιτιμάσθω
1073 3188 1384 3258 ἀφορισμῷ.
1414 3190 1473 3242 '0
1493 3191 1547 3243 δέ
1571 3190 1599 3243 ι’
1632 3210 1723 3246 κα-

151 3277 264 3330 νὼν
285 3279 385 3345 τῆς
401 3280 457 3329 ἐν
479 3278 554 3346 τῷ
582 3277 695 3347 ναῷ
715 3278 820 3331 τῶν
862 3280 1057 3348 Ἀγίων
1095 3281 1431 3334 Ἀποστόλων
1451 3284 1722 3354 συστάσης

149 3369 538 3436 οίκουμενικῆς
564 3368 724 3435 ἁγίας
747 3369 986 3434 συνόδου,
1008 3370 1133 3431 τοὺς
1168 3372 1265 3436 μὲν
1285 3372 1719 3434 κοινοποιοῠντας

150 3459 224 3510 τά
268 3456 363 3509 τοῦ
442 3459 683 3527 βήματος
741 3458 860 3527 ἱερά
930 3458 1245 3529 καθαιρέσει
1285 3461 1720 3513 καθυποὸάλλεν

150 3552 284 3613 τοὺς
315 3551 372 3604 δέ
401 3551 470 3603 τά
499 3550 698 3615 ἔξωθεν
743 3549 837 3603 τοῦ
868 3549 1106 3620 βήματος
1139 3551 1264 3603 ὄντα
1298 3551 1415 3621 ἱερά
1446 3556 1610 3622 σκεύη
1642 3555 1724 3615 είς

151 3643 374 3712 ἀνίερον
429 3642 621 3711 χρῆσιν
666 3642 1110 3711 μεταποιοῦντας,
1175 3643 1460 3714 ἀφορίζει·
1497 3647 1619 3708 τοὺς
1667 3647 1724 3700 δὲ

152 3734 528 3802 ἁρπάζοντας,
557 3733 632 3797 ὡς
664 3734 975 3803 ἱεροσύλους
1008 3736 1344 3805 κατακρίνει.
1389 3737 1444 3789 'U
1469 3737 1525 3789 δὲ
1551 3739 1724 3807 μέγας

155 3823 428 3894 Κύριλλος
453 3826 510 3877 ἐν
542 3827 605 3894 τῇ
637 3825 766 3893 πρὸς
798 3824 998 3893 Δόμνον
1035 3827 1289 3897 ἐπιστολῇ
1321 3827 1492 3880 ταῦτά
1526 3847 1686 3897 φησιν
1709 3845 1723 3861 ο

155 3915 431 3978 Ἕκαστος
460 3915 615 3984 ήμῶν
664 3911 771 3968 τῶν
817 3915 960 3968 ίδίων
1003 3917 1211 3985 καιρῶν
1258 3918 1414 3970 δώσει
1439 3918 1625 3985 λόγους
1649 3919 1725 3990 τῷ

153 4009 379 4063 πάντων
429 4008 627 4078 Κριτῇ.
696 4007 993 4077 Κειμήλιον
1047 4010 1144 4077 μὲν
1192 4008 1318 4077 γὰρ,
1362 4011 1454 4062 καὶ
1509 4013 1722 4080 κτήσεις

151 4102 447 4170 ἀκινήτους
510 4101 843 4168 ἀνεκποίητα
900 4103 1018 4162 ταῖς
1074 4103 1386 4168 ἐκκλησίαις
1452 4103 1724 4166 σώζεσθαι

151 4189 286 4263 χρὴ,
311 4189 702 4259 θαρσεϊσθαιδέ
731 4192 841 4253 τοῖς
893 4193 1033 4242 κατά
1069 4192 1260 4260 καιρὸν
1300 4191 1396 4261 τὴν
1437 4194 1586 4246 θείαν
1644 4195 1725 4246 δι-

152 4282 378 4333 έπουσιν
405 4277 731 4348 ἱερωσύνην,
755 4277 865 4330 τῶν
889 4281 1345 4347 παραπιπτόντων
1363 4282 1727 4350 ἀναλωμάτων

150 4374 256 4444 τὴν
283 4373 611 4441 οἰκονομίαν.
643 4373 801 4442 Ζήτει
829 4373 919 4424 καὶ
969 4372 1172 4439 βιΰλίου
1213 4374 1281 4425 νδ⁹
1326 4374 1501 4426 τίτλον
1533 4384 1599 4443 γ’,
1630 4393 1720 4429 κε-

151 4463 385 4532 φάλαιον
417 4461 480 4532 β’.
519 4463 691 4531 Χάριν
725 4463 779 4513 δὲ
816 4462 912 4530 τῆς
939 4462 1255 4531 ὀφειλούσης
1287 4463 1520 4516 δίδοσθαι
1554 4467 1718 4518 ποσό-

150 4569 317 4622 τητος
337 4553 471 4622 ὑπὲρ
507 4552 789 4605 κανονικοῦ
832 4553 980 4620 παρὰ
1026 4554 1390 4616 κοινολαῖτῶν,
1415 4557 1461 4607 ol
1495 4557 1716 4618 κανόνες

154 4643 258 4711 μὲν
287 4641 438 4694 οὐδέν
466 4659 516 4694 τι
543 4642 885 4708 διορίζονται,
906 4644 1234 4710 πρόσταγμα
1262 4643 1318 4695 δέ
1345 4642 1436 4696 τοῦ
1472 4646 1715 4714 ἀοιδίμου

155 4727 422 4801 βασιλέως
456 4731 667 4784 ἐκείνου
728 4731 915 4800 κυρίου
970 4733 1236 4784 Ίσαακίου
1276 4732 1367 4785 τοῦ
1432 4736 1715 4803 Κομνηνοῦ

152 4825 424 4878 ὑποτυποί
457 4823 626 4876 πολλά
654 4841 774 4876 τινα
806 4822 1040 4876 δίδοσθαι
1076 4825 1184 4885 τοῖς
1215 4825 1528 4888 ἐπισκόποις
1561 4828 1708 4894 παρὰ

150 4913 264 4966 τῶν
290 4915 347 4966 ἐν
375 4915 494 4975 ταῖς
527 4913 766 4982 ἐνορίαις
782 4912 955 4965 αὐτῶν
991 4913 1458 4984 προσκαθημένων
1486 4916 1707 4971 λαῖκῶν.

163 5000 323 5054 Ἐπεὶ
377 4997 432 5052 δὲ
483 5001 517 5068 ἡ
567 5001 673 5052 τῶν
707 5001 1046 5070 πραγμάτων
1093 5002 1374 5073 ἀνωμαλία
1408 5007 1499 5057 καὶ
1535 5006 1708 5060 ἔνδεια

149 5093 254 5163 τὴν
286 5091 488 5144 τούτων
531 5090 799 5158 ἐκάλυψεν
844 5091 1191 5144 ὑποτύπωσιν
1233 5093 1710 5167 (πολλοστημόριον

154 5185 265 5252 γάρ
289 5199 371 5244 τις
395 5181 584 5266 ἀύτῶν
619 5181 680 5235 ού
719 5181 900 5234 δίδωσι
953 5182 1087 5253 πρὸς
1137 5184 1476 5256 ἐπίσκοπον),
1518 5189 1715 5259 ἀρκού-

159 5275 301 5342 μεθα
324 5277 389 5343 τῇ
433 5273 691 5344 συνηθείᾳ
725 5275 819 5327 καλ⁵
853 5276 1169 5345 προαιρέσει
1196 5279 1302 5329 τῶν
1333 5280 1602 5334 διδόντων.

1823 3206 2002 3251 autem
2033 3195 2403 3264 deprehensus
2432 3192 2620 3254 fuerit.
2651 3179 2929 3247 multetur.
2966 3191 3154 3245 Canon
3191 3203 3373 3246 autem

1822 3285 2068 3340 decimus
2098 3284 2448 3338 meumenica
2473 3288 2670 3336 sanctae
2702 3280 2912 3350 synodi,
2954 3288 3289 3348 congregata
3320 3279 3374 3332 in

1823 3373 2027 3442 templo
2083 3371 2410 3425 Sanctorum
2482 3367 2910 3437 Apostolorum,
2967 3381 3061 3420 eos
3133 3365 3375 3433 quidem,

1823 3465 1915 3533 qui
1943 3465 2130 3517 altaris
2151 3476 2308 3517 sacra
2327 3460 2726 3523 contaminant,
2753 3458 3083 3528 depositioni
3122 3456 3372 3523 subjicit:

1823 3571 1918 3611 eos
1951 3567 2154 3619 autem,
2189 3553 2280 3622 qui
2317 3561 2471 3606 extra
2502 3551 2674 3604 altare
2703 3550 3023 3605 exsistentia
3043 3563 3200 3602 sacra
3252 3563 3375 3600 vasa

1824 3646 1879 3700 in
1921 3645 2211 3715 profanum
2268 3658 2430 3697 usum
2482 3649 2836 3704 convertunt,
2898 3640 3374 3694 excommunicat:

1827 3752 1924 3792 eos
1957 3751 2108 3801 vero,
2133 3736 2223 3803 qui
2247 3734 2529 3802 diripiunt,
2583 3740 2643 3786 ut
2677 3730 2975 3799 sacrilegos
3028 3729 3374 3783 condemnat.

1822 3827 1994 3882 Porro
2019 3840 2250 3896 magnus
2297 3824 2534 3893 Cyrillus
2591 3823 2646 3876 in
2704 3820 2931 3890 epistola
3005 3820 3070 3874 ad
3111 3819 3374 3875 Domuum

1824 3919 2050 3988 scripta,
2079 3918 2193 3972 haec
2210 3918 2287 3972 ait
2313 3933 2326 3970 :
2353 3914 2743 3984 Unusquisque
2764 3920 3015 3967 nostrum
3034 3911 3376 3980 propriorum

1826 4021 2127 4080 temporum
2193 4009 2434 4064 rationes
2487 4005 2680 4061 reddet
2743 4002 2922 4058 Judici
2979 4001 3245 4056 omnium.
3280 3999 3380 4052 Vu-

1825 4117 2009 4157 sorutn
2031 4101 2177 4156 enim
2211 4101 2522 4160 thesauros.
2555 4106 2608 4154 et
2641 4096 3020 4167 possessiones
3051 4093 3375 4152 immobiles,

1825 4192 2204 4248 inalienabiles
2273 4191 2523 4246 ecclesiis
2597 4189 2913 4244 conservari
2994 4195 3241 4254 oportet:
3312 4183 3379 4234 iis

1826 4293 2028 4347 autem,
2063 4282 2154 4350 qui
2191 4296 2285 4350 per
2321 4289 2537 4349 tempus
2571 4280 2755 4333 divino
2795 4277 3096 4346 funguntur
3127 4271 3384 4328 sacerdo-

1827 4373 1924 4435 tio,
1997 4370 2527 4424 administrationem
2602 4375 2914 4435 sumptuum
2985 4362 3378 4431 crogandorunt

1824 4463 2023 4518 tiducia
2051 4460 2331 4530 praeditam
2366 4474 2486 4514 esse
2515 4467 2561 4511 ι.
2605 4459 2796 4524 Quaere
2826 4464 2878 4511 et
2919 4454 3042 4509 libri
3083 4453 3169 4514 54,
3210 4454 3294 4505 ιίι.
3323 4453 3376 4507 5.

1824 4571 1944 4622 cap.
1979 4554 2034 4607 2.
2073 4553 2147 4606 De
2174 4553 2480 4621 quantitate
2527 4559 2731 4613 autem,
2789 4563 2910 4617 qua:
2943 4561 3040 4614 pro
3089 4542 3383 4599 canonarin

1825 4647 1997 4700 danda
2018 4656 2101 4702 est
2129 4659 2158 4697 a
2195 4643 2419 4712 plebeiis
2454 4652 2503 4708 γ,
2538 4656 2777 4696 canones
2838 4640 3059 4708 quidem
3095 4636 3227 4689 nihil
3255 4636 3383 4687 deli-

1824 4738 2019 4791 niunt:
2084 4750 2271 4790 verum
2329 4734 2506 4804 jussio
2562 4733 2744 4803 inclyti
2815 4732 3157 4800 imperatoris
3215 4731 3380 4792 illius,

1817 4829 2020 4884 domini
2043 4825 2232 4880 lsaacii
2253 4824 2538 4887 Comneni,
2565 4823 2792 4878 formant
2817 4822 3065 4891 designat
3085 4821 3378 4873 multorum

1817 4917 2209 4986 quorumdam,
2245 4929 2366 4983 qua:
2390 4914 2662 4983 episcopis
2727 4913 2926 4965 dantur
2976 4926 3004 4963 a
3066 4911 3237 4975 laticis,
3289 4926 3379 4979 qut

1817 5008 1975 5064 sedes
1997 5009 2050 5061 in
2080 5022 2275 5061 eorum
2295 5005 2625 5061 dioecesibus
2649 5005 3000 5059 stabilierunt
3034 5012 3082 5054 ι.
3114 5001 3378 5066 Quoniam

1822 5109 2002 5153 autem
2044 5113 2225 5152 rerum
2261 5096 2637 5166 irregularitas
2677 5104 2729 5148 et
2782 5094 3156 5163 indulgentia!
3191 5093 3380 5146 lterum

1821 5191 2116 5245 occultavit
2140 5190 2563 5257 descriptionem
2603 5185 2988 5256 (multesimam
3025 5184 3168 5237 enim
3194 5199 3378 5238 eorum

1823 5288 2030 5348 partem
2064 5280 2322 5347 episcopo
2354 5282 2443 5332 dat
2468 5277 2676 5338 nemo),
2710 5275 2951 5329 contenti
3004 5289 3192 5327 sumus
3249 5288 3378 5326 con-

1827 5372 2136 5435 suetudine,
2170 5382 2221 5424 et
2255 5373 2498 5424 dantium
2545 5368 2888 5422 liberalitate.

1425 5484 1654 5540 VAlll/E
1696 5489 2099 5548 LECTIONES.

227 5576 254 5602 ιι
278 5580 393 5640 quia
425 5567 629 5640 nomine
659 5568 1088 5640 distributionum
1122 5574 1437 5640 spiritalium
1464 5578 1714 5632 ecclesiis.

157 5633 515 5716 curru/iduci'a
550 5639 825 5716 committi.
903 5646 1072 5716 iquw
1126 5633 1363 5696 (ὶιιιοηὲεἱ
1413 5650 1617 5702 piamina
1660 5633 2105 5716 νιστιτειαηαξινέέιν

155 5706 250 5755 riis
279 5705 564 5759 domiciiia.
645 5721 667 5744 α
707 5716 753 5757 et
781 5708 981 5772 inopia}.

1828 5590 1854 5615 '
1887 5587 2108 5637 siceram
2145 5583 2431 5649 factitiam,
2480 5581 2552 5633 re!
2588 5580 2834 5648 gallinas.
2946 5593 2967 5618 ι
3001 5575 3379 5649 erogandorum

2450 5661 2467 5687 ι
2503 5645 2597 5718 qui
2621 5650 2811 5702 habens
2858 5649 2909 5700 in
2941 5645 3117 5702 eorum
3177 5645 3376 5700 territo-
