3914 6332
611 349 648 410 .i
664 346 762 406 (7-0.7
1831 348 1929 405 ΤΗ
1947 347 2102 410 EOD.
2134 353 2157 401 _‘

2283 351 2623 412 .simoxis
3708 347 3748 410 ι,

687 472 878 528 Interr.
914 476 1000 530 58.
1042 476 1382 534 ()rtbodoxus
1413 482 1627 549 quidam
1648 484 1712 535 ab
1736 485 1995 553 Agaz'enis
2023 500 2145 554 cap-
2183 488 2228 541 Α

2337 486 2529 551 Ἐρώτ.
2606 492 2706 556 νη’.
2797 485 3096 552 Ὄρθὰἐοξός
3183 502 3263 542 τις
3352 480 3829 552 αἰχμαλωτισθεὶς

618 575 726 626 tus,
765 575 814 616 et
871 582 964 632 per
996 568 1098 620 vim
1148 570 1499 626 orthodoxam
1561 575 1715 626 Iidem
1769 576 2033 642 ejuratus.
2092 591 2154 629 ac

2282 576 2406 641 παρὰ
2451 574 2783 644 Ἀγαρηνῶν,
2837 576 2924 626 καὶ
2956 575 3092 626 κατὰ
3126 575 3244 643 βίαν
3278 575 3375 641 τὴν
3416 573 3721 641 όρθόδοξον
3754 571 3828 620 πί-

618 655 992 717 cirrnmcisus,
1016 659 1220 726 absque
1256 661 1654 715 intermissione
1697 662 1807 717 fere
1859 663 2101 717 immund
2127 695 2151 705 -

2279 679 2372 714 mv
2420 664 2835 730 ἐξομοσάμενος,
2868 664 2960 714 καὶ
3014 663 3387 730 περιτμηοελς,
3412 655 3825 726 διόλου“σ-ιεδέι

618 743 745 794 tiem
802 744 977 809 deﬂet,
1033 755 1083 798 et
1143 748 1278 801 clam
1339 765 1459 803 cum
1523 750 1834 806 ortbodoxis
1881 753 2151 816 convenit,

2287 753 2350 820 ὴν
2381 754 2715 823 ἀκαθαρσίαν
2752 753 3124 818 ἀποκλαίεται,
3163 753 3255 804 καὶ
3302 753 3439 820 μετὰ
3468 753 3581 804 τῶν
3608 751 3828 818 ὄρθαιδὲ-

617 833 937 901 invocatth
964 840 1212 891 salutem.
1247 838 1383 904 Quia
1413 848 1592 895 autem
1627 842 1742 895 vult
1786 852 2153 896 sacramento-

2280 847 2370 902 ξων
2396 843 2661 909 λαθραίως
2696 844 3028 909 συνέρχεται,
3055 845 3143 894 καὶ
3178 841 3274 908 τὴν
3301 842 3581 907 σωτηρίαν
3615 843 3826 892 ἀνακι-

617 936 734 970 rum
781 921 892 973 lieri
943 926 1239 994 particeps,
1285 928 1600 994 quzerimus,
1651 929 1779 999 quid
1822 930 1895 984 sit
1955 929 2154 983 facien-

2279 934 2440 982 εῖται.
2489 931 2637 982 Ἐπεὶ
2675 930 2730 981 δὲ
2762 929 2933 980 ἐθέλει
2963 928 3053 980 καί⁵
3086 931 3192 980 τῶν
3237 931 3605 995 ἁγιασμὰτων
3666 947 3825 996 μετα-

616 1008 762 1061 dllm.
2255 1020 2571 1086 λαμϐάνειν,
2601 1019 2865 1087 ζητοῦμεν
2892 1021 2950 1072 τὸ
2974 1021 3218 1086 ποιητέον
3249 1019 3462 1086 μαθεῖν.

687 1098 840 1168 Resp.
885 1101 1215 1156 Certantium
1263 1115 1389 1160 sunt
1447 1123 1680 1173 coronae,
1711 1120 1760 1163 et
1786 1111 2046 1164 Dominus
2089 1125 2153 1165 ac

2337 1109 2534 1159 Ἀπόκ.
2568 1107 2685 1157 Τῶν
2710 1108 3116 1175 ἀγωνιζομένων
3148 1108 3282 1158 είσὶν
3320 1109 3366 1155 οἱ
3401 1106 3704 1170 στέφανοι.
3741 1106 3825 1155 καὶ

645 1197 757 1241 »ους
793 1199 978 1242 noSter
1007 1190 1162 1245 .lcsus
1195 1193 1482 1248 Christus:
1520 1197 1573 1249 Si
1608 1199 1727 1264 quis
1776 1214 1860 1252 me
1892 1201 2152 1253 conﬁtea-

2279 1226 2280 1239 ι
2311 1197 2506 1265 Κύριος
2541 1197 2631 1247 καὶ
2650 1197 2778 1257 Θεὸς
2809 1197 2960 1263 ἡμῶν
2994 1196 3197 1262 Ἰησοῦς
3232 1197 3488 1263 Χριστός.
3543 1196 3614 1245 Εἰ
3645 1195 3738 1253 τίς
3765 1211 3825 1260 βε

645 1293 702 1329 ur
725 1318 738 1339 ,
766 1280 975 1346 inquit,
1006 1296 1184 1333 coram
1240 1283 1549 1339 hominibus
1576 1327 1588 1348 ,
1623 1297 1673 1340 et
1713 1302 1810 1355 ego
1859 1289 2154 1342 conﬁtebor

2289 1286 2592 1352 μολογήσει,
2626 1286 2805 1351 φησὶν,
2841 1286 3143 1353 ἔμπροσθεν
3171 1286 3274 1335 τῶν
3303 1285 3640 1352 ἀνθρώπων,
3674 1285 3826 1347 κάγὼ

616 1382 739 1419 eum
768 1384 948 1421 coram
982 1369 1138 1423 Patre
1169 1387 1308 1434 meo,
1345 1377 1433 1441 qui
1484 1376 1534 1426 in
1577 1377 1732 1429 caelis
1776 1386 1880 1431 est.
1915 1378 2152 1430 immun-

2277 1375 2564 1442 ιμολογήσω
2587 1374 2745 1425 αὑτὸν
2799 1375 3102 1441 ἔμπροσθεν
3138 1374 3227 1425 τοῦ
3257 1374 3464 1441 Πατρός
3505 1391 3615 1441 μου
3647 1372 3823 1424 τοῦἐιι

613 1453 740 1507 dum
799 1471 928 1524 ergo
982 1473 1095 1518 vas,
1147 1460 1212 1512 ad
1257 1464 1656 1528 susceptionem
1712 1466 1991 1531 unguenti,
2046 1480 2150 1533 qua

2277 1465 2516 1530 ιῦρανοῖς.
2561 1463 2888 1531 ’Λκάθαρτον
2944 1463 3070 1526 γοῦν
3119 1465 3330 1528 ἀγγεῖον
3361 1461 3496 1530 πρὸς
3541 1463 3823 1528 ὑποδοχὴν

616 1545 816 1598 mentis
874 1547 1198 1602 alienatione
1238 1550 1583 1616 admittetur?
1631 1551 1989 1617 Quamobrem
2024 1570 2153 1607 con-

2277 1551 2424 1620 ιύρου
2460 1551 2572 1611 πῶς
2602 1552 3091 1620 παραφρονούντως
3127 1552 3440 1620 δεχοίσεται
3472 1569 3486 1613 ;
3538 1553 3636 1604 Διὸ
3684 1570 3823 1620 παρα

613 1632 933 1685 solaiionem
962 1635 1178 1700 quidem
1211 1638 1595 1706 episcopicam,
1629 1650 1682 1693 et
1727 1642 1872 1695 aliud
1904 1644 2151 1711 spiritale

2273 1641 2475 1710 γγερίας
2530 1642 2626 1709 μὲν
2653 1623 3030 1710 ’ἐπισκοπικῆς
3084 1643 3176 1694 καὶ
3223 1642 3385 1708 ἄλλης
3425 1643 3819 1709 πνευματικῆς

612 1721 937 1788 colloquium
965 1723 1052 1776 ille
1095 1725 1172 1778 sic
1227 1729 1518 1793 paenitens,
1557 1739 1607 1783 et
1659 1731 1798 1784 bona
1845 1735 2149 1788 mutatione

2272 1729 2485 1797 δμιλίας,
2538 1730 2565 1779 ό
2615 1729 2756 1781 οὕτω
2813 1730 3103 1798 μετανοῶν,
3158 1732 3251 1782 καὶ
3297 1731 3395 1798 τὴν
3433 1731 3613 1796 καλὴν
3649 1732 3818 1782 θέλων

614 1809 810 1861 mutari
853 1812 1060 1874 volens,
1092 1817 1517 1879 promercbitur;
1577 1820 1667 1871 sed
1723 1822 1925 1876 sanctis
1971 1838 2152 1876 sacra-

2271 1785 2602 1886 ιλλοιωθῆναι
2637 1785 2933 1880 saxosum,
2968 1785 3362 1886 ἀξιωθήσεταιὶ
3411 1819 3521 1870 τῶν
3549 1785 3606 1870 ἐξ
3643 1821 3817 1885 ἁγίων

612 1905 808 1954 mentis
835 1903 1028 1970 dignus
1048 1921 1152 1957 non
1179 1907 1483 1960 habebitur.
1508 1909 1671 1962 Debet
1693 1913 1833 1963 enim
1856 1913 2148 1982 impietatis

2270 1908 2565 1977 ιυστηρίων
2615 1909 2711 1959 οὐκ
2747 1908 3125 1975 ἀξιωθήσεται.
3151 1909 3419 1976 Πρότερον
3452 1910 3568 1977 γὰρ
3607 1911 3816 1978 ὀφείλει

613 1994 800 2046 sordes
829 1994 1066 2056 abluere,
1100 2006 1150 2048 et
1180 1998 1249 2049 ita
1275 1998 1480 2052 admitti
1508 2017 1522 2052 :
1547 2009 1597 2053 et
1635 2010 1756 2068 post
1791 2005 2148 2069 przestitutum

2270 1997 2348 2064 τῆς
2387 1998 2634 2059 ἀσεϐείας
2667 1998 2761 2068 τὴν
2797 1998 3090 2067 βεϐήλωσιν
3109 1999 3491 2063 ἁπονίιιασθαι,
3522 2001 3618 2050 καὶ
3640 2000 3816 2060 οὕτως

612 2094 825 2154 tempus
851 2097 1048 2141 sanctae
1100 2091 1259 2144 etiam
1293 2091 1800 2148 communicationis
1859 2093 1948 2148 ﬂet
1980 2096 2150 2164 parti-

2268 2086 2500 2155 Ξεχθῆναι
2527 2102 2539 2114 ·
2584 2088 2674 2137 καὶ
2733 2089 2867 2154 μετά
2901 2086 2988 2137 τὸν
3041 2086 3438 2154 νενομισμένον,
3483 2089 3683 2154 καιρὶν
3727 2089 3814 2137 καὶ

611 2188 757 2241 ceps.
2247 2176 2346 2245 τῆς
2377 2177 2536 2241 ἁγίας
2577 2176 2919 2244 μεταλήψεως
2949 2178 3228 2243 γενήσεται
3262 2177 3505 2243 μέτοχος.

682 2260 876 2316 lnterr.
939 2265 1026 2317 59.
1071 2264 1396 2322 Vicanornm
1451 2271 1620 2324 turbae
1672 2285 1817 2336 eum,
1873 2273 1963 2341 qui
2020 2272 2151 2343 ipsis

2331 2266 2519 2332 Ἐρώτ.
2554 2266 2650 2320 νϐ’.
2686 2266 2868 2333 Πλήθη
2918 2266 3182 2334 χωριτικὰ
3230 2265 3319 2315 τὸν
3367 2265 3637 2318 δοκοῦντα
3680 2262 3808 2316 τού-

611 2352 825 2404 videtur
851 2368 969 2407 esse
997 2354 1191 2422 dignus
1235 2358 1544 2427 episcopali,
1574 2361 1655 2413 vel
1699 2361 2027 2415 sacerdotali
2069 2361 2144 2414 di-

2263 2373 2358 2418 τοις
2386 2355 2531 2419 ἄξιον
2567 2351 2701 2409 εἶναι
2737 2357 2871 2425 πρὸς
2914 2355 3125 2421 ἀξίωμα
3174 2358 3530 2408 έπισκοπικδν
3576 2358 3609 2425 ἦ
3662 2360 3809 2424 ἱερα-

616 2443 843 2509 gnitate,
873 2445 1003 2496 mibi
1045 2446 1329 2510 exhibent;
1367 2458 1656 2516 petuntque
1689 2459 1746 2503 ut
1795 2453 1910 2505 sine
1936 2450 2148 2519 repulsa

2263 2447 2396 2500 τικὸν
2427 2447 2728 2517 παριστῶσί
2760 2464 2847 2515 μοι
2871 2461 2884 2476 °
2919 2447 3010 2498 καὶ
3038 2445 3256 2514 ζητοῦσι
3308 2445 3449 2496 κατὰ
3476 2447 3535 2496 τὸ
3568 2449 3809 2514 ἀπαραί-

617 2534 958 2586 renuntietur
988 2535 1381 2605 ardineturque
1411 2537 1672 2605 pontifex,
1725 2548 1820 2593 aut
1869 2540 2144 2602 sacerdos,

2259 2555 2407 2608 τητον
2429 2537 2858 2607 ἐπικηρυχθῆναι
2885 2536 2978 2588 καὶ
3034 2534 3472 2604 χειροτονηθῆναι
3516 2537 3805 2602 ἀρχιερέα,

614 2620 694 2671 vel
757 2621 1038 2676 diaconus.
1097 2622 1288 2687 Quaero
1351 2626 1547 2693 igitur,
1605 2643 1670 2681 an
1725 2630 2147 2685 acclamationes

2261 2631 2280 2699 ί)
2310 2627 2570 2681 διάκονον.
2614 2627 2765 2696 Ζητῶ
2792 2627 2963 2677 τοίνυν
3002 2625 3188 2694 μαθεῖν
3239 2627 3287 2675 εί
3317 2628 3436 2686 ταῖς
3468 2630 3676 2692 φωναῖς
3702 2628 3807 2677 τῶν

615 2710 795 2777 populi
822 2713 970 2778 sequi
1007 2716 1296 2779 compellar
1318 2716 1367 2766 δ.

2247 2721 2413 2790 δχλων
2437 2718 2851 2786 ἀναγκαζόμεθα
2881 2715 3313 2768 κατακολουθεῖν.

684 2796 835 2864 Resp.
876 2797 1011 2853 Olim
1043 2801 1328 2868 aliquando
1359 2803 1727 2860 ordinationes
1754 2808 2143 2876 episcoporum,

2329 2813 2446 2863 ’Aa.
2469 2809 2649 2861 Πάλαι
2672 2808 2798 2860 ποτὲ
2824 2808 2876 2858 αί
2903 2806 3222 2876 χειροτονίαι
3241 2805 3348 2856 τῶν
3376 2805 3805 2858 ὲπισκόπωνκαὶ

612 2893 664 2936 et
695 2887 1027 2953 reliquorum
1055 2890 1226 2942 sacris
1271 2891 1601 2945 initiatorum
1635 2894 1917 2948 ordinibus
1951 2895 2150 2950 ﬁebant

2258 2899 2356 2950 τῶν
2391 2899 2589 2949 λοιπῶν
2641 2898 2948 2966 ἱερωμένων
2983 2896 3049 2946 δι’
3100 2895 3354 2960 ἐπελογῆς
3385 2895 3480 2945 τοῦ
3518 2896 3679 2962 ὄχλου
3712 2898 3804 2947 καὶ

612 2993 707 3044 per
734 2979 1048 3033 electionem
1083 2981 1463 3043 multitudinis,
1492 2998 1807 3053 eorumque,
1863 2986 1956 3053 qui
1985 2986 2144 3040 simul

2258 2989 2355 3042 τῶν
2385 2986 2957 3057 παραδυναστευόντων
2981 2985 3212 3050 ἐγίνοντο
3235 3003 3246 3012 ·
3277 2986 3302 3036 ὀ
3323 2984 3378 3035 δὲ
3401 2992 3469 3050 ιγ’
3498 2987 3679 3036 κανὼν
3709 2988 3804 3051 τῆς

613 3068 969 3134 iinpt-rabant.
1004 3068 1249 3123 Decimus
1291 3072 1481 3125 tertius
1530 3083 1706 3126 autetn
1738 3087 1908 3127 canon
1956 3075 2148 3129 Laodi-

2258 3081 2305 3131 ίν
2340 3075 2625 3145 Λαοδικείᾳ
2655 3076 2892 3135 συνόδου,
2927 3076 3017 3126 καὶ
3049 3075 3075 3125 ὁ
3102 3074 3149 3137 γ’
3173 3072 3349 3124 κανὼν
3382 3073 3484 3141 τῆς
3511 3074 3683 3139 ἁγίας
3710 3076 3804 3125 καὶ

611 3171 758 3208 cenae
803 3158 1013 3225 synodi,
1061 3168 1110 3210 et
1154 3159 1189 3212 3
1239 3174 1408 3214 canon
1455 3174 1655 3215 sancta:
1702 3173 1753 3216 et
1797 3167 2145 3220 mcumenica:

2253 3166 2620 3233 οίκουμενικῆς
2673 3163 2716 3225 ζ’
2751 3165 2963 3216 συνόδου
2987 3203 3000 3226 ,
3044 3163 3137 3220 τὰς
3174 3162 3425 3223 τοιαύτας
3464 3165 3799 3231 χειροτονω

611 3246 641 3296 7
675 3248 879 3316 synodi,
919 3248 1217 3314 huiusmodi
1263 3251 1629 3306 ordinationes
1674 3253 1738 3305 ab
1779 3257 2143 3311 ecclesiastico

2254 3255 2353 3306 ἀπὸ
2385 3258 2481 3323 τῆς
2513 3253 2968 3322 ἑκκλησιαστικῆς
3003 3252 3344 3314 ἀπεξένωσαν
3381 3252 3800 3310 καταστάσεως.

613 3337 796 3402 rejecit
835 3345 995 3391 statu.
1025 3338 1116 3393 ille
1156 3341 1297 3392 enim
1347 3341 1441 3404 ait,
1494 3342 1663 3396 turbis
1716 3359 1820 3396 non
1871 3361 1990 3399 esse
2021 3362 2143 3415 per-

2259 3345 2315 3397 Ὀ
2357 3345 2452 3414 μὲν
2473 3344 2579 3414 γάρ
2607 3360 2737 3411 φησι
2765 3344 2891 3411 περὶ
2922 3341 3011 3393 τοῦ
3037 3343 3108 3410 μὴ
3138 3341 3311 3409 δχλοις
3354 3341 3677 3406 ἐπιτρέπειν
3709 3341 3802 3398 τὰς

613 3427 928 3480 mittendum
961 3444 1163 3492 eorum,
1195 3431 1282 3497 qui
1319 3441 1443 3485 sunt
1497 3434 1547 3485 in
1588 3435 1891 3489 sacerdotio
1945 3439 2145 3491 consti-

2255 3433 2470 3500 ἐκλογὰς
2517 3432 2782 3486 ποιεῖσθαι
2817 3431 2924 3482 τῶν
2967 3430 3265 3498 μελλόντων
3313 3429 3678 3481 καθίστασθαι
3729 3431 3801 3486 εἰς

611 3515 822 3579 tuendi,
855 3516 1173 3572 electionem
1214 3520 1410 3571 facere.
1462 3520 1554 3574 llic
1583 3528 1758 3576 autem
1796 3527 2140 3590 pronuntiat:

2253 3525 2537 3591 ίερᾱτεῖονο
2577 3523 2605 3572 ό
2639 3521 2694 3572 δὲ
2739 3519 2908 3571 ταῦτα
2937 3518 3174 3580 διέξεισι,
3206 3518 3391 3568 Πᾶσαν
3441 3517 3627 3583 ψῆφον
3655 3534 3799 3581 γινο-

611 3605 833 3658 Omnem
865 3607 1200 3671 electionem,
1261 3624 1378 3676 qua:
1411 3610 1466 3662 iit
1508 3626 1534 3662 a
1569 3613 1988 3679 magistratibus,
2030 3617 2145 3683 epi-

2255 3614 2416 3682 μένην
2444 3611 2593 3680 παρὰ
2619 3611 2725 3662 τῶν
2746 3610 3039 3677 ἀρχόντων,
3068 3608 3385 3670 ἐπισκόπου,
3423 3607 3456 3675 ἢ
3494 3608 3801 3674 πρεσϐυτέρ

611 3695 785 3762 scopi,
820 3697 900 3749 vel
933 3698 1250 3774 presbyteri,
1276 3700 1356 3753 vel
1386 3700 1618 3764 diaconi,
1651 3704 1855 3756 irritam
1887 3721 2139 3761 manere:

2255 3716 2361 3768 ρου,
2394 3700 2422 3767 ἢ
2448 3698 2716 3759 διακόνου,
2749 3697 2948 3764 ἄκυρον
2975 3695 3172 3762 μένειν,
3203 3694 3339 3746 κατὰ
3370 3695 3458 3744 τὸν
3480 3696 3690 3746 κανόνα
3711 3696 3801 3743 τὶν

610 3799 674 3834 (ιι
702 3799 906 3838 canone
942 3786 1172 3849 dicente,
1207 3786 1260 3840 Si
1295 3790 1415 3856 quis
1473 3792 1757 3859 episcopus
1791 3796 2142 3850 saecularibus

2255 3790 2485 3855 λέγοντα.
2521 3789 2587 3839 Εἴ
2608 3805 2690 3849 τις
2712 3786 3002 3846 ἐπίσκοπος
3029 3786 3302 3853 κοσμικοῖς
3331 3784 3556 3852 ἄρχουσι
3589 3783 3801 3851 χρησό-

613 3875 1011 3940 magistratibus
1050 3892 1199 3940 usus,
1235 3895 1327 3947 per
1358 3895 1450 3932 eos
1502 3881 1783 3934 ecclesiam
1826 3883 2140 3946 obtinuerit,

2249 3894 2425 3945 μενος,
2455 3877 2520 3929 δι’
2545 3876 2718 3930 αὐτῶν
2732 3877 2998 3945 ἐγκρατὴς
3024 3873 3312 3941 ἐκκλησίας
3332 3861 3792 3942 γένηταιξκαθαι-

611 3962 909 4028 deponatur
933 4003 948 4027 ,
980 3973 1030 4016 et
1074 3977 1419 4035 segregetur,
1461 3978 1512 4021 et
1546 3985 1731 4023 omnes
1784 3973 1872 4039 qui
1932 3988 2051 4026 cum
2080 3989 2143 4028 eo

2256 3967 2444 4036 ρείσθω
2490 3966 2581 4017 καὶ
2635 3964 2992 4033 ἀφοριζέσθω,
3031 3965 3125 4016 καὶ
3151 3965 3199 4015 oi
3243 3961 3629 4021 κοινωνοῦντες
3654 3961 3802 4027 αὐτῷ

612 4053 1033 4106 communicant.
1069 4053 1284 4121 Oportet
1313 4058 1454 4110 enim
1480 4073 1623 4119 eum,
1653 4061 1744 4126 qui
1803 4069 1881 4113 est
1929 4077 2145 4129 promo-

2260 4056 2468 4117 πάντες.
2496 4057 2584 4106 Δεῖ
2600 4055 2707 4122 γὰρ
2733 4055 2821 4105 τὸν
2847 4054 3108 4122 μέλλοντα
3129 4050 3548 4120 προὸιόάζεσθαι
3578 4052 3667 4113 είς
3691 4053 3806 4102 ἐπι-

612 4140 820 4194 vendus
842 4139 907 4193 ad
934 4142 1322 4211 episcopatum,
1352 4145 1418 4198 ab
1440 4147 1704 4214 episcopis
1749 4149 1870 4214 eligi
1893 4190 1905 4208 .
1957 4163 2146 4215 quem-

2256 4147 2474 4212 σκοπὴν,
2530 4144 2631 4197 ὑπὸ
2674 4143 2983 4195 ἐπισκόπων
3034 4141 3389 4210 ψηφίζεσθαι’
3459 4139 3649 4200 καθὼς
3713 4143 3802 4191 καὶ

611 4228 897 4282 admodum
935 4245 962 4281 a
989 4233 1192 4284 sanctis
1231 4230 1481 4286 Patribus
1511 4232 1682 4286 Niceae
1734 4234 2008 4288 decretum
2043 4244 2144 4300 est,

2255 4235 2399 4302 παρὰ
2432 4232 2543 4293 τῶν,
2566 4231 2733 4297 ἁγίων
2794 4232 3048 4300 Πατέρων
3085 4230 3192 4281 τῶν
3229 4232 3283 4281 ὲν
3307 4228 3507 4297 Νικαίᾳ
3535 4227 3801 4295 ὥρισται,

613 4317 665 4368 in
701 4332 907 4372 canone
939 4321 1029 4387 qui
1066 4320 1230 4373 dicit:
1280 4321 1600 4394 Episcopum
1647 4333 1859 4391 oportet
1915 4327 2147 4378 maxime

2258 4327 2304 4375 iv
2324 4323 2398 4390 τῷ
2434 4321 2615 4374 κανόνι
2648 4319 2722 4388 τῷ
2744 4320 2976 4386 λέγοντι.
3029 4320 3354 4370 Ἐπίσκοπον
3398 4319 3671 4386 προσήκει
3701 4317 3804 4385 μα-

613 4406 825 4473 quidem
857 4409 922 4462 ab
946 4410 1213 4473 omnibus,
1249 4412 1351 4477 qui
1367 4421 1492 4463 sunt
1523 4412 1575 4463 in
1613 4414 1904 4478 provincia,
1935 4415 2142 4466 consti-

2256 4415 2404 4465 λιστα
2427 4412 2522 4480 μὲν
2549 4411 2649 4462 ὑπὸ
2682 4411 2894 4462 πάντων
2926 4409 3032 4460 τῶν
3062 4413 3117 4460 ὲν
3163 4412 3227 4476 τῇ
3266 4408 3502 4475 ἐπαρχίᾳ
3531 4407 3802 4457 καθίστα-

618 4484 732 4547 ιίιίε
776 4497 820 4549 si
883 4508 1061 4550 autem
1119 4499 1217 4550 hoc
1288 4499 1498 4552 dillicile
1551 4499 1732 4561 fuerit,
1793 4502 1873 4554 vel
1930 4511 2145 4569 propter

2257 4503 2412 4555 σθαι·
2443 4503 2489 4552 εί
2513 4501 2566 4551 δὲ
2591 4500 2844 4573 δυσχερές
2873 4501 2954 4567 εἴη
2981 4497 3156 4556 τοῦτο,
3189 4489 3328 4564 aera
3362 4499 3803 4561 κατεπείγουσαν

619 4593 900 4651 urgentem
939 4587 1340 4648 necessitatem,
1401 4586 1479 4638 vel
1513 4596 1729 4652 propter
1778 4589 1875 4641 viae
1909 4589 2144 4656 longitu-

2257 4594 2512 4659 ἀνάγκην,
2542 4591 2573 4655 ἦ
2604 4590 2690 4641 διὰ
2723 4590 2892 4657 μῆκος
2922 4587 3062 4652 ὁδοῦ,
3096 4586 3153 4650 ἐξ
3179 4587 3414 4646 ἅπαντος
3447 4586 3591 4651 τρεῖς
3629 4586 3730 4636 ἐπὶ
3752 4585 3803 4634 τὸ

614 4675 815 4735 dinem,
845 4684 951 4727 tres
974 4675 1193 4727 omnino
1210 4674 1391 4727 eodem
1416 4675 1819 4736 convenientes,
1841 4677 1906 4728 iis
1934 4693 2147 4746 quoque

2257 4682 2382 4734 αὐτὸ
2409 4680 2821 4746 συναγομένους,
2877 4677 3178 4745 συμψήφων
3230 4675 3524 4741 γινομένων
3565 4674 3803 4725 καὶτῶν

613 4764 703 4830 qui
732 4764 954 4823 absunt,
988 4765 1143 4816 simul
1169 4765 1482 4832 suﬂragium
1518 4764 1833 4827 ferentibus,
1872 4774 1924 4817 et
1960 4780 2146 4820 assen-

2256 4771 2514 4834 ἀπόντων,
2568 4768 2658 4820 καὶ
2709 4767 3100 4833 συντιθεμένων
3150 4763 3235 4816 διὰ
3271 4763 3638 4830 γραμμάτων,
3685 4764 3802 4813 τότε

612 4850 869 4906 tientibus
924 4862 1017 4919 per
1082 4854 1320 4914 litteras,
1363 4862 1488 4906 tunc
1556 4853 1732 4906 facere
1802 4855 2144 4908 electionem.

2257 4860 2348 4926 τὴν
2380 4856 2704 4926 χειροτονίαν
2750 4854 3038 4906 ποιεῖσθαι.
3075 4853 3146 4904 Τὸ
3174 4853 3227 4902 δὲ
3257 4851 3422 4918 κῦρος
3447 4850 3550 4900 τῶν
3577 4851 3803 4917 γινομέ-

615 4941 810 4994 Eorum
852 4952 1050 5006 autem,
1111 4958 1228 5010 quae
1281 4957 1308 4993 a
1371 4958 1426 4996 se
1484 4943 1634 5006 linnt,
1685 4943 2144 4998 conﬁrmationem

2256 4965 2358 4998 νων
2396 4946 2625 4998 δίδοσθαι
2683 4943 2802 4996 καθ’
2829 4942 3064 5010 ἑκάστην
3111 4939 3374 5008 ἐπαρχίαν
3407 4938 3483 5005 τῷ
3517 4953 3802 5006 μητροπο-

615 5031 743 5085 dare
790 5033 1079 5100 unicuique
1128 5033 1555 5101 metropolitano.
2254 5035 2395 5105 λίτῃ.

688 5119 877 5175 Interr.
911 5122 998 5176 60.
1030 5122 1204 5176 Liberi
1229 5139 1291 5177 ex
1323 5124 1576 5178 secundis
1621 5126 1820 5192 nuptiis
1853 5131 2143 5195 procreati,

2339 5123 2530 5190 Ἐρώτ.
2579 5121 2638 5185 ξ’.
2676 5122 2739 5175 Oi
2781 5120 2874 5172 τοῦ
2924 5118 3172 5186 δευτέρου
3203 5115 3378 5183 γάμου
3429 5114 3640 5175 παῖδες,
3705 5118 3794 5168 καὶ

613 5223 663 5265 et
701 5213 791 5281 qui
822 5228 882 5265 ex
917 5214 1146 5276 ancillis,
1185 5229 1245 5267 ac
1279 5215 1624 5278 concubinis,
1664 5217 1965 5270 sacerdotio
1995 5219 2143 5287 digni

2256 5218 2304 5268 οἱ
2336 5215 2438 5266 ἀπὸ
2463 5213 2709 5264 δουλίδων
2766 5212 2858 5263 καὶ
2910 5207 3194 5262 παλλακῶν
3232 5203 3528 5274 τεχθέντες,
3561 5203 3799 5276 ἀξιωθή-

614 5302 1016 5370 iudicabuntur,
1051 5304 1268 5356 annon?

2262 5323 2439 5356 σονται
2468 5302 2783 5373 ἱερωσύνης,
2821 5301 2852 5369 ἢ
2880 5299 2974 5364 ob;

684 5395 831 5462 Resp.
856 5394 1221 5449 Secundarum
1255 5395 1559 5463 nuptiarum
1597 5396 1744 5450 liberi
1769 5397 1910 5449 nulla
1937 5398 2143 5452 ratione

2322 5398 2376 5448 Ἀ
2390 5396 2525 5446 πόκ.
2553 5395 2614 5450 Οί
2633 5391 2724 5444 τοῦ
2743 5390 2991 5459 δευτέρου
3010 5389 3183 5457 γάμου
3209 5388 3390 5449 παῖδες
3407 5386 3467 5450 ἐξ
3482 5383 3697 5447 οὐδενὸς
3719 5385 3791 5437 λό-

1857 5568 2077 5621 VARM‘J
2120 5565 2504 5621 LECTIONES.

679 5660 717 5702 ’δ
742 5665 804 5711 an
851 5677 986 5712 voces
1024 5673 1290 5726 populares
1338 5660 1477 5725 sequi
1511 5673 1770 5725 cogamur.
