  <div class='ocr_page' id='page_1' title='image "/cluster/home/n/w/nwhite01/storage/ocr_20150623/138/pst.000005714544/552.png"; bbox 0 0 3914 6332; ppageno 0'>
   <div class='ocr_carea' id='block_1_1' title="bbox 142 395 291 464">
    <p class='ocr_par' dir='ltr' id='par_1_1' title="bbox 142 395 291 464">
     <span class='ocr_line' id='line_1_1' title="bbox 142 395 291 464; baseline 0.007 -1"><span class='ocrx_word' id='word_1_1' title='bbox 142 395 291 464; x_wconf 81' lang='grc'>1009</span> 
     </span>
    </p>
   </div>
   <div class='ocr_carea' id='block_1_2' title="bbox 965 368 2523 467">
    <p class='ocr_par' dir='ltr' id='par_1_2' title="bbox 965 368 2523 467">
     <span class='ocr_line' id='line_1_2' title="bbox 965 368 2523 467; baseline -0.001 0"><span class='ocrx_word' id='word_1_2' title='bbox 965 404 1341 467; x_wconf 65' lang='lat' dir='ltr'><strong>RESPONSA</strong></span> <span class='ocrx_word' id='word_1_3' title='bbox 1385 404 1485 465; x_wconf 82' lang='lat' dir='ltr'><strong>AD</strong></span> <span class='ocrx_word' id='word_1_4' title='bbox 1520 401 2233 465; x_wconf 77' lang='lat' dir='ltr'><strong>lN&#39;FEthOGATIONES</strong></span> <span class='ocrx_word' id='word_1_5' title='bbox 2268 403 2523 467; x_wconf 82' lang='lat' dir='ltr'><strong>MARCI.</strong></span> 
     </span>
    </p>
   </div>
   <div class='ocr_carea' id='block_1_3' title="bbox 3159 401 3291 468">
    <p class='ocr_par' dir='ltr' id='par_1_3' title="bbox 3159 401 3291 468">
     <span class='ocr_line' id='line_1_3' title="bbox 3159 401 3291 468; baseline -0.038 0"><span class='ocrx_word' id='word_1_6' title='bbox 3159 401 3291 468; x_wconf 79' lang='grc'>1010</span> 
     </span>
    </p>
   </div>
   <div class='ocr_carea' id='block_1_4' title="bbox 143 526 1702 598">
    <p class='ocr_par' dir='ltr' id='par_1_4' title="bbox 143 528 1682 598">
     <span class='ocr_line' id='line_1_4' title="bbox 143 528 1682 598; baseline -0.003 -14"><span class='ocrx_word' id='word_1_7' title='bbox 143 548 252 598; x_wconf 88' lang='grc' dir='ltr'><strong>γου</strong></span> <span class='ocrx_word' id='word_1_8' title='bbox 288 530 577 584; x_wconf 73' lang='grc' dir='ltr'><strong>κωλύονται</strong></span> <span class='ocrx_word' id='word_1_9' title='bbox 628 529 887 598; x_wconf 64' lang='grc' dir='ltr'><strong>ἱερᾶσθαι.</strong></span> <span class='ocrx_word' id='word_1_10' title='bbox 926 529 983 581; x_wconf 86' lang='grc'>’0</span> <span class='ocrx_word' id='word_1_11' title='bbox 1030 531 1134 598; x_wconf 76' lang='grc' dir='ltr'><strong>γὰρ</strong></span> <span class='ocrx_word' id='word_1_12' title='bbox 1160 528 1250 581; x_wconf 79' lang='grc' dir='ltr'><strong>ἐπὶ</strong></span> <span class='ocrx_word' id='word_1_13' title='bbox 1277 529 1369 581; x_wconf 84' lang='grc' dir='ltr'><strong>τοῦ</strong></span> <span class='ocrx_word' id='word_1_14' title='bbox 1407 530 1682 598; x_wconf 76' lang='grc' dir='ltr'><strong>ιιορφυροο</strong></span> 
     </span>
    </p>
   </div>
   <div class='ocr_carea' id='block_1_5' title="bbox 1783 526 3291 598">
    <p class='ocr_par' dir='ltr' id='par_1_5' title="bbox 1783 526 3291 598">
     <span class='ocr_line' id='line_1_5' title="bbox 1783 526 3291 598; baseline -0.002 -15"><span class='ocrx_word' id='word_1_15' title='bbox 1783 539 2027 584; x_wconf 83' lang='lat' dir='ltr'><strong>vetantur</strong></span> <span class='ocrx_word' id='word_1_16' title='bbox 2063 532 2235 585; x_wconf 90' lang='lat' dir='ltr'><strong>sacris</strong></span> <span class='ocrx_word' id='word_1_17' title='bbox 2266 528 2544 584; x_wconf 77' lang='lat' dir='ltr'><strong>ordinibus</strong></span> <span class='ocrx_word' id='word_1_18' title='bbox 2568 528 2790 582; x_wconf 87' lang='lat' dir='ltr'><strong>initiari.</strong></span> <span class='ocrx_word' id='word_1_19' title='bbox 2841 527 3104 598; x_wconf 70' lang='lat' dir='ltr'><strong>Synotlica</strong></span> <span class='ocrx_word' id='word_1_20' title='bbox 3147 526 3291 580; x_wconf 89' lang='lat' dir='ltr'><strong>enim</strong></span> 
     </span>
    </p>
   </div>
   <div class='ocr_carea' id='block_1_6' title="bbox 138 613 1680 687">
    <p class='ocr_par' dir='ltr' id='par_1_6' title="bbox 138 613 1680 687">
     <span class='ocr_line' id='line_1_6' title="bbox 138 613 1680 687; baseline -0.001 -19"><span class='ocrx_word' id='word_1_21' title='bbox 138 619 409 687; x_wconf 78' lang='grc' dir='ltr'><strong>γεννήτου</strong></span> <span class='ocrx_word' id='word_1_22' title='bbox 456 618 545 671; x_wconf 76' lang='grc' dir='ltr'><strong>καὶ</strong></span> <span class='ocrx_word' id='word_1_23' title='bbox 586 613 840 685; x_wconf 82' lang='grc' dir='ltr'><strong>βασιλέως</strong></span> <span class='ocrx_word' id='word_1_24' title='bbox 900 615 1087 683; x_wconf 78' lang='grc' dir='ltr'>κυρίου</span> <span class='ocrx_word' id='word_1_25' title='bbox 1142 616 1536 669; x_wconf 75' lang='grc' dir='ltr'><strong>Κωνσταντίνου</strong></span> <span class='ocrx_word' id='word_1_26' title='bbox 1590 632 1680 682; x_wconf 89' lang='grc' dir='ltr'><strong>γε-</strong></span> 
     </span>
    </p>
   </div>
   <div class='ocr_carea' id='block_1_7' title="bbox 140 703 1681 774">
    <p class='ocr_par' dir='ltr' id='par_1_7' title="bbox 140 703 1681 774">
     <span class='ocr_line' id='line_1_7' title="bbox 140 703 1681 774; baseline 0 -17"><span class='ocrx_word' id='word_1_27' title='bbox 140 706 327 770; x_wconf 86' lang='grc' dir='ltr'><strong>γονὼς</strong></span> <span class='ocrx_word' id='word_1_28' title='bbox 361 705 519 774; x_wconf 81' lang='grc' dir='ltr'><strong>τόμος</strong></span> <span class='ocrx_word' id='word_1_29' title='bbox 544 705 809 765; x_wconf 76' lang='grc' dir='ltr'><strong>συνοδικδς</strong></span> <span class='ocrx_word' id='word_1_30' title='bbox 831 704 906 772; x_wconf 80' lang='grc' dir='ltr'><strong>τῷ</strong></span> <span class='ocrx_word' id='word_1_31' title='bbox 932 703 1129 773; x_wconf 81' lang='grc' dir='ltr'><strong>πρώτῳ</strong></span> <span class='ocrx_word' id='word_1_32' title='bbox 1145 704 1302 773; x_wconf 80' lang='grc' dir='ltr'><strong>γάμῳ</strong></span> <span class='ocrx_word' id='word_1_33' title='bbox 1323 704 1411 757; x_wconf 79' lang='grc' dir='ltr'><strong>τὸν</strong></span> <span class='ocrx_word' id='word_1_34' title='bbox 1437 704 1681 773; x_wconf 86' lang='grc' dir='ltr'><strong>δεύτερον</strong></span> 
     </span>
    </p>
   </div>
   <div class='ocr_carea' id='block_1_8' title="bbox 141 792 1679 864">
    <p class='ocr_par' dir='ltr' id='par_1_8' title="bbox 141 792 1679 864">
     <span class='ocr_line' id='line_1_8' title="bbox 141 792 1679 864; baseline 0.001 -19"><span class='ocrx_word' id='word_1_35' title='bbox 141 796 245 846; x_wconf 75' lang='grc' dir='ltr'><strong>ἐπὶ</strong></span> <span class='ocrx_word' id='word_1_36' title='bbox 303 795 466 846; x_wconf 77' lang='grc' dir='ltr'><strong>πᾶσιν</strong></span> <span class='ocrx_word' id='word_1_37' title='bbox 505 793 743 857; x_wconf 82' lang='grc' dir='ltr'><strong>ἐξίσωσε.</strong></span> <span class='ocrx_word' id='word_1_38' title='bbox 769 793 858 844; x_wconf 78' lang='grc' dir='ltr'><strong>Διὸ</strong></span> <span class='ocrx_word' id='word_1_39' title='bbox 893 793 986 844; x_wconf 82' lang='grc' dir='ltr'><strong>καὶ</strong></span> <span class='ocrx_word' id='word_1_40' title='bbox 1014 792 1316 855; x_wconf 81' lang='grc' dir='ltr'><strong>ὑπεξούσιοι</strong></span> <span class='ocrx_word' id='word_1_41' title='bbox 1365 793 1679 864; x_wconf 80' lang='grc' dir='ltr'><strong>κληρονόμοι</strong></span> 
     </span>
    </p>
   </div>
   <div class='ocr_carea' id='block_1_9' title="bbox 141 881 1682 951">
    <p class='ocr_par' dir='ltr' id='par_1_9' title="bbox 141 881 1682 951">
     <span class='ocr_line' id='line_1_9' title="bbox 141 881 1682 951; baseline 0.003 -19"><span class='ocrx_word' id='word_1_42' title='bbox 141 882 246 933; x_wconf 85' lang='grc' dir='ltr'><strong>τοῦ</strong></span> <span class='ocrx_word' id='word_1_43' title='bbox 271 883 470 951; x_wconf 85' lang='grc' dir='ltr'><strong>πατρός</strong></span> <span class='ocrx_word' id='word_1_44' title='bbox 492 885 649 935; x_wconf 89' lang='grc' dir='ltr'><strong>είσιν.</strong></span> <span class='ocrx_word' id='word_1_45' title='bbox 683 881 838 934; x_wconf 77' lang='grc' dir='ltr'><strong>Ἀλλὰ</strong></span> <span class='ocrx_word' id='word_1_46' title='bbox 862 882 954 935; x_wconf 81' lang='grc' dir='ltr'><strong>καὶ</strong></span> <span class='ocrx_word' id='word_1_47' title='bbox 985 883 1033 935; x_wconf 79' lang='lat' dir='ltr'><strong>oi</strong></span> <span class='ocrx_word' id='word_1_48' title='bbox 1066 884 1172 935; x_wconf 78' lang='grc' dir='ltr'><strong>ἀπὸ</strong></span> <span class='ocrx_word' id='word_1_49' title='bbox 1190 882 1435 936; x_wconf 87' lang='grc' dir='ltr'><strong>δουλίδων</strong></span> <span class='ocrx_word' id='word_1_50' title='bbox 1471 885 1682 951; x_wconf 82' lang='grc' dir='ltr'><strong>τεχθέν-</strong></span> 
     </span>
    </p>
   </div>
   <div class='ocr_carea' id='block_1_10' title="bbox 139 969 1683 1037">
    <p class='ocr_par' dir='ltr' id='par_1_10' title="bbox 139 969 1683 1037">
     <span class='ocr_line' id='line_1_10' title="bbox 139 969 1683 1037; baseline 0.003 -17"><span class='ocrx_word' id='word_1_51' title='bbox 139 985 264 1031; x_wconf 88' lang='grc' dir='ltr'><strong>τες,</strong></span> <span class='ocrx_word' id='word_1_52' title='bbox 306 972 400 1022; x_wconf 77' lang='grc' dir='ltr'><strong>καὶ</strong></span> <span class='ocrx_word' id='word_1_53' title='bbox 429 969 733 1037; x_wconf 75' lang='grc' dir='ltr'><strong>ἐλευθερίας</strong></span> <span class='ocrx_word' id='word_1_54' title='bbox 760 969 1095 1034; x_wconf 77' lang='grc' dir='ltr'><strong>ἀξιωθέντες,</strong></span> <span class='ocrx_word' id='word_1_55' title='bbox 1124 970 1380 1032; x_wconf 80' lang='grc' dir='ltr'><strong>ὡσαύτως</strong></span> <span class='ocrx_word' id='word_1_56' title='bbox 1402 972 1494 1024; x_wconf 75' lang='grc' dir='ltr'><strong>καὶ</strong></span> <span class='ocrx_word' id='word_1_57' title='bbox 1539 973 1588 1023; x_wconf 83' lang='lat' dir='ltr'><strong>oi</strong></span> <span class='ocrx_word' id='word_1_58' title='bbox 1621 974 1683 1024; x_wconf 79' lang='grc' dir='ltr'><strong>ἐκ</strong></span> 
     </span>
    </p>
   </div>
   <div class='ocr_carea' id='block_1_11' title="bbox 143 1057 1680 1128">
    <p class='ocr_par' dir='ltr' id='par_1_11' title="bbox 143 1057 1680 1128">
     <span class='ocr_line' id='line_1_11' title="bbox 143 1057 1680 1128; baseline 0 -16"><span class='ocrx_word' id='word_1_59' title='bbox 143 1058 444 1113; x_wconf 82' lang='grc' dir='ltr'>παλλακῶν</span> <span class='ocrx_word' id='word_1_60' title='bbox 474 1059 838 1128; x_wconf 79' lang='grc' dir='ltr'><strong>γεννηθέντες,</strong></span> <span class='ocrx_word' id='word_1_61' title='bbox 868 1059 927 1111; x_wconf 85' lang='grc' dir='ltr'><strong>οὐ</strong></span> <span class='ocrx_word' id='word_1_62' title='bbox 960 1057 1350 1128; x_wconf 84' lang='grc' dir='ltr'><strong>κωλυθήσονται</strong></span> <span class='ocrx_word' id='word_1_63' title='bbox 1371 1060 1680 1127; x_wconf 83' lang='grc' dir='ltr'><strong>ίερωθῆναι.</strong></span> 
     </span>
    </p>
   </div>
   <div class='ocr_carea' id='block_1_12' title="bbox 140 1148 1682 1218">
    <p class='ocr_par' dir='ltr' id='par_1_12' title="bbox 140 1148 1682 1218">
     <span class='ocr_line' id='line_1_12' title="bbox 140 1148 1682 1218; baseline 0.001 -19"><span class='ocrx_word' id='word_1_64' title='bbox 140 1148 340 1217; x_wconf 75' lang='grc' dir='ltr'><strong>Αίγὰρ</strong></span> <span class='ocrx_word' id='word_1_65' title='bbox 359 1149 587 1217; x_wconf 81' lang='grc' dir='ltr'><strong>μητέρες</strong></span> <span class='ocrx_word' id='word_1_66' title='bbox 611 1149 786 1200; x_wconf 84' lang='grc' dir='ltr'><strong>αὐτῶν</strong></span> <span class='ocrx_word' id='word_1_67' title='bbox 802 1149 1089 1216; x_wconf 77' lang='grc' dir='ltr'><strong>ἐπιτιμίοις</strong></span> <span class='ocrx_word' id='word_1_68' title='bbox 1102 1152 1460 1218; x_wconf 88' lang='grc' dir='ltr'><strong>πορνευόντων</strong></span> <span class='ocrx_word' id='word_1_69' title='bbox 1483 1150 1682 1202; x_wconf 76' lang='grc' dir='ltr'><strong>ὑπέπε-</strong></span> 
     </span>
    </p>
   </div>
   <div class='ocr_carea' id='block_1_13' title="bbox 142 1236 1685 1306">
    <p class='ocr_par' dir='ltr' id='par_1_13' title="bbox 142 1236 1685 1306">
     <span class='ocr_line' id='line_1_13' title="bbox 142 1236 1685 1306; baseline 0.001 -19"><span class='ocrx_word' id='word_1_70' title='bbox 142 1254 265 1297; x_wconf 84' lang='grc' dir='ltr'><strong>σον,</strong></span> <span class='ocrx_word' id='word_1_71' title='bbox 290 1236 442 1288; x_wconf 81' lang='grc' dir='ltr'><strong>αὐτοὶ</strong></span> <span class='ocrx_word' id='word_1_72' title='bbox 472 1238 525 1288; x_wconf 79' lang='grc' dir='ltr'><strong>δὲ</strong></span> <span class='ocrx_word' id='word_1_73' title='bbox 552 1237 702 1289; x_wconf 74' lang='grc' dir='ltr'><strong>οὐδὲν</strong></span> <span class='ocrx_word' id='word_1_74' title='bbox 726 1238 988 1306; x_wconf 69' lang='grc' dir='ltr'><strong>ἥμαρτον,</strong></span> <span class='ocrx_word' id='word_1_75' title='bbox 1014 1237 1106 1289; x_wconf 72' lang='grc' dir='ltr'><strong>καὶ</strong></span> <span class='ocrx_word' id='word_1_76' title='bbox 1126 1238 1210 1289; x_wconf 81' lang='grc' dir='ltr'><strong>διὰ</strong></span> <span class='ocrx_word' id='word_1_77' title='bbox 1245 1238 1399 1290; x_wconf 82' lang='grc' dir='ltr'><strong>τοῦτο</strong></span> <span class='ocrx_word' id='word_1_78' title='bbox 1428 1238 1545 1290; x_wconf 87' lang='grc' dir='ltr'><strong>οὑδέ</strong></span> <span class='ocrx_word' id='word_1_79' title='bbox 1568 1239 1685 1289; x_wconf 86' lang='grc' dir='ltr'><strong>ἐπι-</strong></span> 
     </span>
    </p>
   </div>
   <div class='ocr_carea' id='block_1_14' title="bbox 139 1321 1683 1393">
    <p class='ocr_par' dir='ltr' id='par_1_14' title="bbox 139 1321 1683 1393">
     <span class='ocr_line' id='line_1_14' title="bbox 139 1321 1683 1393; baseline 0.001 -20"><span class='ocrx_word' id='word_1_80' title='bbox 139 1321 349 1388; x_wconf 82' lang='grc' dir='ltr'><strong>τιμίοις</strong></span> <span class='ocrx_word' id='word_1_81' title='bbox 375 1322 703 1374; x_wconf 78' lang='grc' dir='ltr'><strong>ὑπόκεινται.</strong></span> <span class='ocrx_word' id='word_1_82' title='bbox 731 1324 882 1375; x_wconf 82' lang='grc' dir='ltr'><strong>Κατὰ</strong></span> <span class='ocrx_word' id='word_1_83' title='bbox 917 1322 1043 1388; x_wconf 84' lang='grc' dir='ltr'><strong>γοῦν</strong></span> <span class='ocrx_word' id='word_1_84' title='bbox 1066 1325 1189 1385; x_wconf 77' lang='grc' dir='ltr'><strong>τοὺς</strong></span> <span class='ocrx_word' id='word_1_85' title='bbox 1215 1322 1432 1384; x_wconf 77' lang='grc' dir='ltr'><strong>λοιποὺς</strong></span> <span class='ocrx_word' id='word_1_86' title='bbox 1476 1321 1683 1393; x_wconf 79' lang='grc' dir='ltr'><strong>ἀνθρὼ-</strong></span> 
     </span>
    </p>
   </div>
   <div class='ocr_carea' id='block_1_15' title="bbox 142 1410 1679 1480">
    <p class='ocr_par' dir='ltr' id='par_1_15' title="bbox 142 1410 1679 1480">
     <span class='ocr_line' id='line_1_15' title="bbox 142 1410 1679 1480; baseline 0.002 -20"><span class='ocrx_word' id='word_1_87' title='bbox 142 1425 286 1470; x_wconf 78' lang='grc' dir='ltr'><strong>πους</strong></span> <span class='ocrx_word' id='word_1_88' title='bbox 316 1411 435 1471; x_wconf 72' lang='grc' dir='ltr'><strong>τοὺς</strong></span> <span class='ocrx_word' id='word_1_89' title='bbox 462 1410 626 1478; x_wconf 76' lang='grc' dir='ltr'><strong>μηδὲν</strong></span> <span class='ocrx_word' id='word_1_90' title='bbox 661 1412 1061 1479; x_wconf 75' lang='grc' dir='ltr'><strong>ἡμαρτηκότας,</strong></span> <span class='ocrx_word' id='word_1_91' title='bbox 1092 1412 1183 1464; x_wconf 75' lang='grc' dir='ltr'><strong>καὶ</strong></span> <span class='ocrx_word' id='word_1_92' title='bbox 1214 1413 1365 1465; x_wconf 76' lang='grc' dir='ltr'><strong>αὐτοὶ</strong></span> <span class='ocrx_word' id='word_1_93' title='bbox 1414 1412 1572 1480; x_wconf 81' lang='grc' dir='ltr'><strong>τιμῆς</strong></span> <span class='ocrx_word' id='word_1_94' title='bbox 1603 1413 1679 1464; x_wconf 84' lang='grc' dir='ltr'><strong>ίε-</strong></span> 
     </span>
    </p>
   </div>
   <div class='ocr_carea' id='block_1_16' title="bbox 145 1497 1233 1567">
    <p class='ocr_par' dir='ltr' id='par_1_16' title="bbox 145 1497 1233 1567">
     <span class='ocr_line' id='line_1_16' title="bbox 145 1497 1233 1567; baseline 0.003 -18"><span class='ocrx_word' id='word_1_95' title='bbox 145 1497 380 1564; x_wconf 84' lang='grc' dir='ltr'><strong>ρατικῆς</strong></span> <span class='ocrx_word' id='word_1_96' title='bbox 402 1498 539 1549; x_wconf 84' lang='grc' dir='ltr'><strong>κατὰ</strong></span> <span class='ocrx_word' id='word_1_97' title='bbox 568 1500 792 1559; x_wconf 80' lang='grc' dir='ltr'><strong>κανόνας</strong></span> <span class='ocrx_word' id='word_1_98' title='bbox 824 1497 1233 1567; x_wconf 80' lang='grc' dir='ltr'><strong>ἁξιωθήσονται.</strong></span> 
     </span>
    </p>
   </div>
   <div class='ocr_carea' id='block_1_17' title="bbox 238 1605 1680 1679">
    <p class='ocr_par' dir='ltr' id='par_1_17' title="bbox 238 1605 1680 1679">
     <span class='ocr_line' id='line_1_17' title="bbox 238 1605 1680 1679; baseline 0.003 -22"><span class='ocrx_word' id='word_1_99' title='bbox 238 1605 440 1671; x_wconf 77' lang='grc' dir='ltr'><strong>Ἕρώτ.</strong></span> <span class='ocrx_word' id='word_1_100' title='bbox 529 1606 628 1671; x_wconf 78' lang='grc' dir='ltr'><strong>ξα’.</strong></span> <span class='ocrx_word' id='word_1_101' title='bbox 717 1608 1085 1676; x_wconf 78' lang='grc' dir='ltr'><strong>Ἀναγνώστης</strong></span> <span class='ocrx_word' id='word_1_102' title='bbox 1162 1608 1311 1679; x_wconf 81' lang='grc' dir='ltr'><strong>παρὰ</strong></span> <span class='ocrx_word' id='word_1_103' title='bbox 1381 1611 1680 1678; x_wconf 81' lang='grc' dir='ltr'><strong>ἡγουμένου</strong></span> 
     </span>
    </p>
   </div>
   <div class='ocr_carea' id='block_1_18' title="bbox 143 1696 1680 1766">
    <p class='ocr_par' dir='ltr' id='par_1_18' title="bbox 143 1696 1680 1766">
     <span class='ocr_line' id='line_1_18' title="bbox 143 1696 1680 1766; baseline 0.004 -21"><span class='ocrx_word' id='word_1_104' title='bbox 143 1697 470 1763; x_wconf 68' lang='grc' dir='ltr'><strong>ἐπιτραπεὶς</strong></span> <span class='ocrx_word' id='word_1_105' title='bbox 528 1696 728 1748; x_wconf 82' lang='grc' dir='ltr'><strong>διέπειν</strong></span> <span class='ocrx_word' id='word_1_106' title='bbox 778 1698 1029 1765; x_wconf 79' lang='grc' dir='ltr'><strong>κτήματα</strong></span> <span class='ocrx_word' id='word_1_107' title='bbox 1077 1702 1503 1766; x_wconf 74' lang='grc' dir='ltr'><strong>μοναστηριακὰ,</strong></span> <span class='ocrx_word' id='word_1_108' title='bbox 1540 1700 1680 1751; x_wconf 77' lang='grc' dir='ltr'><strong>θέλει</strong></span> 
     </span>
    </p>
   </div>
   <div class='ocr_carea' id='block_1_19' title="bbox 1780 616 3294 687">
    <p class='ocr_par' dir='ltr' id='par_1_19' title="bbox 1780 616 3294 687">
     <span class='ocr_line' id='line_1_19' title="bbox 1780 616 3294 687; baseline -0.002 -14"><span class='ocrx_word' id='word_1_109' title='bbox 1780 618 2016 685; x_wconf 87' lang='lat' dir='ltr'><strong>decisio,</strong></span> <span class='ocrx_word' id='word_1_110' title='bbox 2056 620 2194 674; x_wconf 82' lang='lat' dir='ltr'><strong>faeta</strong></span> <span class='ocrx_word' id='word_1_111' title='bbox 2229 629 2461 687; x_wconf 90' lang='lat' dir='ltr'><strong>tempore</strong></span> <span class='ocrx_word' id='word_1_112' title='bbox 2511 618 2846 687; x_wconf 76' lang='lat' dir='ltr'><strong>imperatoris</strong></span> <span class='ocrx_word' id='word_1_113' title='bbox 2904 616 3101 671; x_wconf 87' lang='lat' dir='ltr'><strong>domini</strong></span> <span class='ocrx_word' id='word_1_114' title='bbox 3153 616 3294 670; x_wconf 88' lang='lat' dir='ltr'><strong>Con-</strong></span> 
     </span>
    </p>
   </div>
   <div class='ocr_carea' id='block_1_20' title="bbox 1781 706 3293 779">
    <p class='ocr_par' dir='ltr' id='par_1_20' title="bbox 1781 706 3293 779">
     <span class='ocr_line' id='line_1_20' title="bbox 1781 706 3293 779; baseline -0.005 -13"><span class='ocrx_word' id='word_1_115' title='bbox 1781 710 2002 766; x_wconf 75' lang='lat' dir='ltr'><strong>stantini</strong></span> <span class='ocrx_word' id='word_1_116' title='bbox 2033 709 2568 779; x_wconf 74' lang='lat' dir='ltr'><strong>Porphyrogenuetae.</strong></span> <span class='ocrx_word' id='word_1_117' title='bbox 2596 708 2785 776; x_wconf 82' lang='lat' dir='ltr'><strong>primis</strong></span> <span class='ocrx_word' id='word_1_118' title='bbox 2802 706 3003 775; x_wconf 83' lang='lat' dir='ltr'><strong>nuptiis</strong></span> <span class='ocrx_word' id='word_1_119' title='bbox 3028 706 3293 759; x_wconf 83' lang='lat' dir='ltr'><strong>secundas</strong></span> 
     </span>
    </p>
   </div>
   <div class='ocr_carea' id='block_1_21' title="bbox 1783 793 3295 868">
    <p class='ocr_par' dir='ltr' id='par_1_21' title="bbox 1783 793 3295 868">
     <span class='ocr_line' id='line_1_21' title="bbox 1783 793 3295 868; baseline -0.005 -14"><span class='ocrx_word' id='word_1_120' title='bbox 1783 804 1837 854; x_wconf 91' lang='lat' dir='ltr'><strong>in</strong></span> <span class='ocrx_word' id='word_1_121' title='bbox 1870 800 2120 853; x_wconf 90' lang='lat' dir='ltr'><strong>omnibus</strong></span> <span class='ocrx_word' id='word_1_122' title='bbox 2160 800 2477 868; x_wconf 74' lang='lat' dir='ltr'><strong>exaequavit.</strong></span> <span class='ocrx_word' id='word_1_123' title='bbox 2547 797 2774 862; x_wconf 87' lang='lat' dir='ltr'><strong>Ideoque</strong></span> <span class='ocrx_word' id='word_1_124' title='bbox 2827 804 2879 849; x_wconf 93' lang='lat' dir='ltr'><strong>et</strong></span> <span class='ocrx_word' id='word_1_125' title='bbox 2924 794 3005 849; x_wconf 90' lang='lat' dir='ltr'><strong>sui</strong></span> <span class='ocrx_word' id='word_1_126' title='bbox 3060 793 3295 847; x_wconf 71' lang='lat' dir='ltr'><strong>ltmredcs</strong></span> 
     </span>
    </p>
   </div>
   <div class='ocr_carea' id='block_1_22' title="bbox 1781 881 3295 956">
    <p class='ocr_par' dir='ltr' id='par_1_22' title="bbox 1781 881 3295 956">
     <span class='ocr_line' id='line_1_22' title="bbox 1781 881 3295 956; baseline -0.007 -13"><span class='ocrx_word' id='word_1_127' title='bbox 1781 897 1908 943; x_wconf 90' lang='lat' dir='ltr'><strong>sunt</strong></span> <span class='ocrx_word' id='word_1_128' title='bbox 1939 891 2100 955; x_wconf 88' lang='lat' dir='ltr'><strong>patri.</strong></span> <span class='ocrx_word' id='word_1_129' title='bbox 2138 888 2242 943; x_wconf 86' lang='lat' dir='ltr'><strong>Sed</strong></span> <span class='ocrx_word' id='word_1_130' title='bbox 2270 896 2322 942; x_wconf 91' lang='lat' dir='ltr'><strong>et</strong></span> <span class='ocrx_word' id='word_1_131' title='bbox 2350 888 2440 956; x_wconf 88' lang='lat' dir='ltr'><strong>qui</strong></span> <span class='ocrx_word' id='word_1_132' title='bbox 2468 902 2532 941; x_wconf 81' lang='lat' dir='ltr'><strong>ex</strong></span> <span class='ocrx_word' id='word_1_133' title='bbox 2572 885 2783 939; x_wconf 83' lang='lat' dir='ltr'><strong>ancillis</strong></span> <span class='ocrx_word' id='word_1_134' title='bbox 2815 884 2949 946; x_wconf 86' lang='lat' dir='ltr'><strong>nati,</strong></span> <span class='ocrx_word' id='word_1_135' title='bbox 3010 893 3063 936; x_wconf 87' lang='lat' dir='ltr'><strong>et</strong></span> <span class='ocrx_word' id='word_1_136' title='bbox 3113 881 3295 934; x_wconf 81' lang='lat' dir='ltr'><strong>dunati</strong></span> 
     </span>
    </p>
   </div>
   <div class='ocr_carea' id='block_1_23' title="bbox 1779 970 3294 1045">
    <p class='ocr_par' dir='ltr' id='par_1_23' title="bbox 1779 970 3294 1045">
     <span class='ocr_line' id='line_1_23' title="bbox 1779 970 3294 1045; baseline -0.007 -14"><span class='ocrx_word' id='word_1_137' title='bbox 1779 978 2045 1042; x_wconf 85' lang='lat' dir='ltr'><strong>libertate,</strong></span> <span class='ocrx_word' id='word_1_138' title='bbox 2077 977 2297 1045; x_wconf 90' lang='lat' dir='ltr'><strong>parique</strong></span> <span class='ocrx_word' id='word_1_139' title='bbox 2328 974 2507 1039; x_wconf 90' lang='lat' dir='ltr'><strong>modo,</strong></span> <span class='ocrx_word' id='word_1_140' title='bbox 2534 974 2627 1043; x_wconf 86' lang='lat' dir='ltr'><strong>qui</strong></span> <span class='ocrx_word' id='word_1_141' title='bbox 2657 988 2723 1027; x_wconf 83' lang='lat' dir='ltr'><strong>ex</strong></span> <span class='ocrx_word' id='word_1_142' title='bbox 2750 972 3063 1027; x_wconf 87' lang='lat' dir='ltr'><strong>concubinis</strong></span> <span class='ocrx_word' id='word_1_143' title='bbox 3107 970 3294 1039; x_wconf 84' lang='lat' dir='ltr'><strong>geniti,</strong></span> 
     </span>
    </p>
   </div>
   <div class='ocr_carea' id='block_1_24' title="bbox 1781 1060 3297 1125">
    <p class='ocr_par' dir='ltr' id='par_1_24' title="bbox 1781 1060 3297 1125">
     <span class='ocr_line' id='line_1_24' title="bbox 1781 1060 3297 1125; baseline -0.005 -6"><span class='ocrx_word' id='word_1_144' title='bbox 1781 1081 1885 1119; x_wconf 91' lang='lat' dir='ltr'><strong>non</strong></span> <span class='ocrx_word' id='word_1_145' title='bbox 1936 1074 2180 1118; x_wconf 89' lang='lat' dir='ltr'><strong>vetantur</strong></span> <span class='ocrx_word' id='word_1_146' title='bbox 2209 1064 2434 1118; x_wconf 87' lang='lat' dir='ltr'><strong>sacrari.</strong></span> <span class='ocrx_word' id='word_1_147' title='bbox 2466 1062 2659 1115; x_wconf 74' lang='lat' dir='ltr'><strong>Matres</strong></span> <span class='ocrx_word' id='word_1_148' title='bbox 2707 1061 2849 1114; x_wconf 89' lang='lat' dir='ltr'><strong>enim</strong></span> <span class='ocrx_word' id='word_1_149' title='bbox 2890 1074 3074 1112; x_wconf 81' lang='lat' dir='ltr'><strong>eorum</strong></span> <span class='ocrx_word' id='word_1_150' title='bbox 3126 1060 3297 1125; x_wconf 66' lang='lat' dir='ltr'><strong>pennis</strong></span> 
     </span>
    </p>
   </div>
   <div class='ocr_carea' id='block_1_25' title="bbox 1780 1145 3297 1218">
    <p class='ocr_par' dir='ltr' id='par_1_25' title="bbox 1780 1145 3297 1218">
     <span class='ocr_line' id='line_1_25' title="bbox 1780 1145 3297 1218; baseline -0.009 -9"><span class='ocrx_word' id='word_1_151' title='bbox 1780 1156 2125 1209; x_wconf 88' lang='lat' dir='ltr'><strong>seortantium</strong></span> <span class='ocrx_word' id='word_1_152' title='bbox 2154 1154 2499 1207; x_wconf 90' lang='lat' dir='ltr'><strong>succiderunt</strong></span> <span class='ocrx_word' id='word_1_153' title='bbox 2530 1162 2576 1214; x_wconf 76' lang='grc' dir='ltr'><strong>ο,</strong></span> <span class='ocrx_word' id='word_1_154' title='bbox 2610 1149 2710 1218; x_wconf 89' lang='lat' dir='ltr'><strong>ipsi</strong></span> <span class='ocrx_word' id='word_1_155' title='bbox 2748 1154 2922 1200; x_wconf 88' lang='lat' dir='ltr'><strong>autem</strong></span> <span class='ocrx_word' id='word_1_156' title='bbox 2986 1147 3118 1197; x_wconf 80' lang='lat' dir='ltr'><strong>nihil</strong></span> <span class='ocrx_word' id='word_1_157' title='bbox 3160 1145 3297 1197; x_wconf 87' lang='lat' dir='ltr'><strong>deli-</strong></span> 
     </span>
    </p>
   </div>
   <div class='ocr_carea' id='block_1_26' title="bbox 1782 1234 3302 1313">
    <p class='ocr_par' dir='ltr' id='par_1_26' title="bbox 1782 1234 3302 1313">
     <span class='ocr_line' id='line_1_26' title="bbox 1782 1234 3302 1313; baseline -0.007 -15"><span class='ocrx_word' id='word_1_158' title='bbox 1782 1256 2047 1313; x_wconf 87' lang='lat' dir='ltr'><strong>querunt:</strong></span> <span class='ocrx_word' id='word_1_159' title='bbox 2082 1243 2429 1311; x_wconf 88' lang='lat' dir='ltr'><strong>quamobrem</strong></span> <span class='ocrx_word' id='word_1_160' title='bbox 2455 1255 2553 1294; x_wconf 90' lang='lat' dir='ltr'><strong>nec</strong></span> <span class='ocrx_word' id='word_1_161' title='bbox 2603 1237 2777 1308; x_wconf 75' lang='lat' dir='ltr'><strong>pmuis</strong></span> <span class='ocrx_word' id='word_1_162' title='bbox 2811 1236 3193 1303; x_wconf 85' lang='lat' dir='ltr'><strong>subjiciuntur.</strong></span> <span class='ocrx_word' id='word_1_163' title='bbox 3232 1234 3302 1288; x_wconf 88' lang='lat' dir='ltr'><strong>Ut</strong></span> 
     </span>
    </p>
   </div>
   <div class='ocr_carea' id='block_1_27' title="bbox 1783 1324 3302 1403">
    <p class='ocr_par' dir='ltr' id='par_1_27' title="bbox 1783 1324 3302 1403">
     <span class='ocr_line' id='line_1_27' title="bbox 1783 1324 3302 1403; baseline -0.007 -15"><span class='ocrx_word' id='word_1_164' title='bbox 1783 1335 1976 1403; x_wconf 87' lang='lat' dir='ltr'><strong>reliqui</strong></span> <span class='ocrx_word' id='word_1_165' title='bbox 2013 1335 2175 1402; x_wconf 87' lang='lat' dir='ltr'><strong>igitur</strong></span> <span class='ocrx_word' id='word_1_166' title='bbox 2207 1331 2468 1395; x_wconf 85' lang='lat' dir='ltr'><strong>homines,</strong></span> <span class='ocrx_word' id='word_1_167' title='bbox 2499 1330 2590 1399; x_wconf 90' lang='lat' dir='ltr'><strong>qui</strong></span> <span class='ocrx_word' id='word_1_168' title='bbox 2620 1328 2751 1382; x_wconf 89' lang='lat' dir='ltr'><strong>nihil</strong></span> <span class='ocrx_word' id='word_1_169' title='bbox 2786 1334 3096 1397; x_wconf 89' lang='lat' dir='ltr'><strong>peccarunt,</strong></span> <span class='ocrx_word' id='word_1_170' title='bbox 3129 1324 3302 1377; x_wconf 91' lang='lat' dir='ltr'><strong>bono-</strong></span> 
     </span>
    </p>
   </div>
   <div class='ocr_carea' id='block_1_28' title="bbox 1784 1420 3304 1477">
    <p class='ocr_par' dir='ltr' id='par_1_28' title="bbox 1784 1420 3304 1477">
     <span class='ocr_line' id='line_1_28' title="bbox 1784 1420 3304 1477; baseline -0.01 0"><span class='ocrx_word' id='word_1_171' title='bbox 1784 1438 1895 1477; x_wconf 88' lang='lat' dir='ltr'><strong>rem</strong></span> <span class='ocrx_word' id='word_1_172' title='bbox 1921 1422 2303 1477; x_wconf 85' lang='lat' dir='ltr'><strong>sacerdotalem</strong></span> <span class='ocrx_word' id='word_1_173' title='bbox 2332 1420 2626 1473; x_wconf 84' lang='lat' dir='ltr'><strong>secundum</strong></span> <span class='ocrx_word' id='word_1_174' title='bbox 2652 1430 2887 1470; x_wconf 86' lang='lat' dir='ltr'><strong>canones</strong></span> <span class='ocrx_word' id='word_1_175' title='bbox 2908 1420 3304 1468; x_wconf 73' lang='grc' dir='ltr'><strong>οοηεεσιιοηῑιιι·</strong></span> 
     </span>
    </p>
   </div>
   <div class='ocr_carea' id='block_1_29' title="bbox 1784 1509 1985 1578">
    <p class='ocr_par' dir='ltr' id='par_1_29' title="bbox 1784 1509 1985 1578">
     <span class='ocr_line' id='line_1_29' title="bbox 1784 1509 1985 1578; baseline -0.01 -15"><span class='ocrx_word' id='word_1_176' title='bbox 1784 1517 1838 1563; x_wconf 83' lang='lat' dir='ltr'><strong>et</strong></span> <span class='ocrx_word' id='word_1_177' title='bbox 1866 1509 1985 1578; x_wconf 87' lang='lat' dir='ltr'><strong>ipsi.</strong></span> 
     </span>
    </p>
   </div>
   <div class='ocr_carea' id='block_1_30' title="bbox 1851 1608 3302 1683">
    <p class='ocr_par' dir='ltr' id='par_1_30' title="bbox 1851 1608 3302 1683">
     <span class='ocr_line' id='line_1_30' title="bbox 1851 1608 3302 1683; baseline -0.008 -12"><span class='ocrx_word' id='word_1_178' title='bbox 1851 1618 2041 1672; x_wconf 77' lang='lat' dir='ltr'><strong>Interr.</strong></span> <span class='ocrx_word' id='word_1_179' title='bbox 2074 1617 2160 1671; x_wconf 81' lang='grc'><strong>61.</strong></span> <span class='ocrx_word' id='word_1_180' title='bbox 2194 1616 2381 1670; x_wconf 86' lang='lat' dir='ltr'><strong>Lector</strong></span> <span class='ocrx_word' id='word_1_181' title='bbox 2415 1620 2676 1683; x_wconf 80' lang='lat' dir='ltr'><strong>potestate</strong></span> <span class='ocrx_word' id='word_1_182' title='bbox 2726 1626 2756 1664; x_wconf 89' lang='lat' dir='ltr'><strong>a</strong></span> <span class='ocrx_word' id='word_1_183' title='bbox 2800 1610 2981 1679; x_wconf 87' lang='lat' dir='ltr'><strong>priore</strong></span> <span class='ocrx_word' id='word_1_184' title='bbox 3009 1608 3035 1647; x_wconf 77' lang='grc' dir='ltr'><strong>ἀ</strong></span> <span class='ocrx_word' id='word_1_185' title='bbox 3063 1613 3302 1675; x_wconf 88' lang='lat' dir='ltr'><strong>accepta,</strong></span> 
     </span>
    </p>
   </div>
   <div class='ocr_carea' id='block_1_31' title="bbox 1783 1694 3305 1775">
    <p class='ocr_par' dir='ltr' id='par_1_31' title="bbox 1783 1694 3305 1775">
     <span class='ocr_line' id='line_1_31' title="bbox 1783 1694 3305 1775; baseline -0.012 -12"><span class='ocrx_word' id='word_1_186' title='bbox 1783 1707 2194 1763; x_wconf 86' lang='lat' dir='ltr'><strong>administrandi</strong></span> <span class='ocrx_word' id='word_1_187' title='bbox 2252 1707 2624 1775; x_wconf 88' lang='lat' dir='ltr'><strong>possessiones</strong></span> <span class='ocrx_word' id='word_1_188' title='bbox 2696 1698 3137 1755; x_wconf 81' lang='lat' dir='ltr'><strong>monasteriales.</strong></span> <span class='ocrx_word' id='word_1_189' title='bbox 3192 1694 3305 1747; x_wconf 81' lang='lat' dir='ltr'><strong>vult</strong></span> 
     </span>
    </p>
   </div>
   <div class='ocr_carea' id='block_1_32' title="bbox 122 1782 1702 1881">
    <p class='ocr_par' dir='ltr' id='par_1_32' title="bbox 122 1784 1680 1855">
     <span class='ocr_line' id='line_1_32' title="bbox 122 1784 1680 1855; baseline 0.005 -22"><span class='ocrx_word' id='word_1_190' title='bbox 122 1784 527 1852; x_wconf 80' lang='grc' dir='ltr'><strong>-προκαθῆσθαι</strong></span> <span class='ocrx_word' id='word_1_191' title='bbox 576 1785 679 1835; x_wconf 87' lang='grc' dir='ltr'><strong>τῶν</strong></span> <span class='ocrx_word' id='word_1_192' title='bbox 726 1788 897 1837; x_wconf 78' lang='grc' dir='ltr'><strong>ἐκεῖσε</strong></span> <span class='ocrx_word' id='word_1_193' title='bbox 935 1787 1099 1839; x_wconf 85' lang='grc' dir='ltr'><strong>όντων</strong></span> <span class='ocrx_word' id='word_1_194' title='bbox 1137 1787 1339 1855; x_wconf 87' lang='grc' dir='ltr'><strong>ίερὲων,</strong></span> <span class='ocrx_word' id='word_1_195' title='bbox 1367 1790 1457 1841; x_wconf 76' lang='grc' dir='ltr'><strong>καὶ</strong></span> <span class='ocrx_word' id='word_1_196' title='bbox 1482 1790 1680 1841; x_wconf 82' lang='grc' dir='ltr'><strong>λοιπῶν</strong></span> 
     </span>
    </p>
   </div>
   <div class='ocr_carea' id='block_1_33' title="bbox 1783 1782 3306 1881">
    <p class='ocr_par' dir='ltr' id='par_1_33' title="bbox 1783 1782 3306 1866">
     <span class='ocr_line' id='line_1_33' title="bbox 1783 1782 3306 1866; baseline -0.012 -16"><span class='ocrx_word' id='word_1_197' title='bbox 1783 1798 2077 1866; x_wconf 63' lang='grc' dir='ltr'><strong>ρτωοοᾱοτε</strong></span> <span class='ocrx_word' id='word_1_198' title='bbox 2112 1795 2435 1859; x_wconf 83' lang='lat' dir='ltr'><strong>sacerdotes,</strong></span> <span class='ocrx_word' id='word_1_199' title='bbox 2465 1802 2517 1847; x_wconf 93' lang='lat' dir='ltr'><strong>et</strong></span> <span class='ocrx_word' id='word_1_200' title='bbox 2551 1793 2683 1846; x_wconf 90' lang='lat' dir='ltr'><strong>alios</strong></span> <span class='ocrx_word' id='word_1_201' title='bbox 2708 1789 2935 1844; x_wconf 87' lang='lat' dir='ltr'><strong>clericos</strong></span> <span class='ocrx_word' id='word_1_202' title='bbox 3003 1786 3112 1838; x_wconf 86' lang='lat' dir='ltr'><strong>illic</strong></span> <span class='ocrx_word' id='word_1_203' title='bbox 3165 1782 3306 1836; x_wconf 77' lang='lat' dir='ltr'><strong>exsi-</strong></span> 
     </span>
    </p>
   </div>
   <div class='ocr_carea' id='block_1_34' title="bbox 144 1872 1680 1945">
    <p class='ocr_par' dir='ltr' id='par_1_34' title="bbox 144 1872 1680 1945">
     <span class='ocr_line' id='line_1_34' title="bbox 144 1872 1680 1945; baseline 0.005 -22"><span class='ocrx_word' id='word_1_204' title='bbox 144 1872 443 1939; x_wconf 72' lang='grc' dir='ltr'><strong>κ).ηρικῶν,</strong></span> <span class='ocrx_word' id='word_1_205' title='bbox 478 1874 569 1925; x_wconf 73' lang='grc' dir='ltr'><strong>καὶ</strong></span> <span class='ocrx_word' id='word_1_206' title='bbox 620 1875 677 1925; x_wconf 86' lang='grc' dir='ltr'><strong>ἐν</strong></span> <span class='ocrx_word' id='word_1_207' title='bbox 722 1877 839 1935; x_wconf 88' lang='grc' dir='ltr'><strong>ταῖς</strong></span> <span class='ocrx_word' id='word_1_208' title='bbox 889 1876 1053 1944; x_wconf 78' lang='grc' dir='ltr'><strong>ἱεραῖς</strong></span> <span class='ocrx_word' id='word_1_209' title='bbox 1109 1877 1405 1942; x_wconf 76' lang='grc' dir='ltr'><strong>ἁγιστείαις</strong></span> <span class='ocrx_word' id='word_1_210' title='bbox 1436 1879 1570 1945; x_wconf 75' lang='grc' dir='ltr'><strong>μετὰ</strong></span> <span class='ocrx_word' id='word_1_211' title='bbox 1592 1879 1680 1930; x_wconf 87' lang='grc' dir='ltr'><strong>τὸν</strong></span> 
     </span>
    </p>
   </div>
   <div class='ocr_carea' id='block_1_35' title="bbox 142 1959 1683 2037">
    <p class='ocr_par' dir='ltr' id='par_1_35' title="bbox 142 1959 1683 2037">
     <span class='ocr_line' id='line_1_35' title="bbox 142 1959 1683 2037; baseline 0.006 -28"><span class='ocrx_word' id='word_1_212' title='bbox 142 1959 449 2027; x_wconf 78' lang='grc' dir='ltr'><strong>ἡγούμενον</strong></span> <span class='ocrx_word' id='word_1_213' title='bbox 472 1962 919 2029; x_wconf 82' lang='grc' dir='ltr'><strong>μνημονεύεσθαι.</strong></span> <span class='ocrx_word' id='word_1_214' title='bbox 968 1964 1180 2033; x_wconf 85' lang='grc' dir='ltr'><strong>Ἐρωτῶ</strong></span> <span class='ocrx_word' id='word_1_215' title='bbox 1204 1965 1382 2019; x_wconf 83' lang='grc' dir='ltr'><strong>τοίνυν</strong></span> <span class='ocrx_word' id='word_1_216' title='bbox 1416 1966 1605 2037; x_wconf 84' lang='grc' dir='ltr'><strong>μαθεῖν</strong></span> <span class='ocrx_word' id='word_1_217' title='bbox 1634 1968 1683 2019; x_wconf 89' lang='grc' dir='ltr'><strong>εί</strong></span> 
     </span>
    </p>
   </div>
   <div class='ocr_carea' id='block_1_36' title="bbox 144 2050 1033 2119">
    <p class='ocr_par' dir='ltr' id='par_1_36' title="bbox 144 2050 1033 2119">
     <span class='ocr_line' id='line_1_36' title="bbox 144 2050 1033 2119; baseline 0.007 -18"><span class='ocrx_word' id='word_1_218' title='bbox 144 2050 329 2110; x_wconf 87' lang='grc' dir='ltr'><strong>καλῶς</strong></span> <span class='ocrx_word' id='word_1_219' title='bbox 359 2050 486 2118; x_wconf 80' lang='grc' dir='ltr'><strong>περὶ</strong></span> <span class='ocrx_word' id='word_1_220' title='bbox 514 2050 699 2103; x_wconf 84' lang='grc' dir='ltr'><strong>τούτου</strong></span> <span class='ocrx_word' id='word_1_221' title='bbox 729 2052 1033 2119; x_wconf 82' lang='grc' dir='ltr'><strong>φιλονεικεῖ.</strong></span> 
     </span>
    </p>
   </div>
   <div class='ocr_carea' id='block_1_37' title="bbox 230 2160 1680 2235">
    <p class='ocr_par' dir='ltr' id='par_1_37' title="bbox 230 2160 1680 2235">
     <span class='ocr_line' id='line_1_37' title="bbox 230 2160 1680 2235; baseline 0.004 -21"><span class='ocrx_word' id='word_1_222' title='bbox 230 2160 432 2214; x_wconf 66' lang='grc' dir='ltr'><strong>Ἀπόνι.</strong></span> <span class='ocrx_word' id='word_1_223' title='bbox 462 2160 626 2227; x_wconf 79' lang='grc' dir='ltr'><strong>Τάξις</strong></span> <span class='ocrx_word' id='word_1_224' title='bbox 657 2165 867 2230; x_wconf 84' lang='grc' dir='ltr'><strong>συνέχει</strong></span> <span class='ocrx_word' id='word_1_225' title='bbox 890 2163 956 2216; x_wconf 84' lang='grc' dir='ltr'><strong>τὰ</strong></span> <span class='ocrx_word' id='word_1_226' title='bbox 992 2165 1215 2235; x_wconf 81' lang='grc' dir='ltr'><strong>οὐράνια</strong></span> <span class='ocrx_word' id='word_1_227' title='bbox 1236 2168 1419 2220; x_wconf 76' lang='grc' dir='ltr'><strong>καὶτὰ</strong></span> <span class='ocrx_word' id='word_1_228' title='bbox 1450 2168 1680 2235; x_wconf 84' lang='grc' dir='ltr'><strong>ἐπίγεια.</strong></span> 
     </span>
    </p>
   </div>
   <div class='ocr_carea' id='block_1_38' title="bbox 142 2248 1680 2325">
    <p class='ocr_par' dir='ltr' id='par_1_38' title="bbox 142 2248 1680 2325">
     <span class='ocr_line' id='line_1_38' title="bbox 142 2248 1680 2325; baseline 0.008 -28"><span class='ocrx_word' id='word_1_229' title='bbox 142 2248 237 2299; x_wconf 71' lang='grc' dir='ltr'><strong>Διὸ</strong></span> <span class='ocrx_word' id='word_1_230' title='bbox 271 2250 362 2300; x_wconf 75' lang='grc' dir='ltr'><strong>καὶ</strong></span> <span class='ocrx_word' id='word_1_231' title='bbox 389 2250 417 2301; x_wconf 86' lang='grc' dir='ltr'><strong>ό</strong></span> <span class='ocrx_word' id='word_1_232' title='bbox 446 2252 645 2321; x_wconf 81' lang='grc' dir='ltr'><strong>Κύριος</strong></span> <span class='ocrx_word' id='word_1_233' title='bbox 700 2252 853 2320; x_wconf 77' lang='grc' dir='ltr'><strong>ἡμῶν</strong></span> <span class='ocrx_word' id='word_1_234' title='bbox 899 2253 1102 2321; x_wconf 82' lang='grc' dir='ltr'><strong>Ἰησοῦς</strong></span> <span class='ocrx_word' id='word_1_235' title='bbox 1127 2255 1381 2325; x_wconf 80' lang='grc' dir='ltr'><strong>Χριστὸς,</strong></span> <span class='ocrx_word' id='word_1_236' title='bbox 1402 2256 1501 2324; x_wconf 83' lang='grc' dir='ltr'><strong>τῆς</strong></span> <span class='ocrx_word' id='word_1_237' title='bbox 1530 2273 1680 2309; x_wconf 77' lang='grc' dir='ltr'><strong>κενο·</strong></span> 
     </span>
    </p>
   </div>
   <div class='ocr_carea' id='block_1_39' title="bbox 143 2336 1683 2416">
    <p class='ocr_par' dir='ltr' id='par_1_39' title="bbox 143 2336 1683 2416">
     <span class='ocr_line' id='line_1_39' title="bbox 143 2336 1683 2416; baseline 0.006 -27"><span class='ocrx_word' id='word_1_238' title='bbox 143 2336 325 2400; x_wconf 79' lang='grc' dir='ltr'><strong>δοξίας</strong></span> <span class='ocrx_word' id='word_1_239' title='bbox 356 2339 691 2391; x_wconf 79' lang='grc' dir='ltr'><strong>ἀναστέλλων</strong></span> <span class='ocrx_word' id='word_1_240' title='bbox 746 2337 840 2410; x_wconf 81' lang='grc' dir='ltr'><strong>τὴν</strong></span> <span class='ocrx_word' id='word_1_241' title='bbox 882 2343 1235 2411; x_wconf 88' lang='grc' dir='ltr'><strong>ματαιότητα,</strong></span> <span class='ocrx_word' id='word_1_242' title='bbox 1264 2344 1434 2398; x_wconf 81' lang='grc' dir='ltr'><strong>Ὅταν</strong></span> <span class='ocrx_word' id='word_1_243' title='bbox 1484 2345 1683 2416; x_wconf 80' lang='grc' dir='ltr'><strong>κληθῇς</strong></span> 
     </span>
    </p>
   </div>
   <div class='ocr_carea' id='block_1_40' title="bbox 144 2428 1673 2504">
    <p class='ocr_par' dir='ltr' id='par_1_40' title="bbox 144 2428 1673 2504">
     <span class='ocr_line' id='line_1_40' title="bbox 144 2428 1673 2504; baseline 0.009 -29"><span class='ocrx_word' id='word_1_244' title='bbox 144 2429 227 2488; x_wconf 80' lang='grc' dir='ltr'><strong>εἰς</strong></span> <span class='ocrx_word' id='word_1_245' title='bbox 257 2428 432 2493; x_wconf 77' lang='grc' dir='ltr'><strong>γάμον</strong></span> <span class='ocrx_word' id='word_1_246' title='bbox 474 2428 575 2479; x_wconf 81' lang='grc' dir='ltr'><strong>ὑπό</strong></span> <span class='ocrx_word' id='word_1_247' title='bbox 621 2445 783 2493; x_wconf 86' lang='grc' dir='ltr'><strong>τινος,</strong></span> <span class='ocrx_word' id='word_1_248' title='bbox 816 2430 1033 2497; x_wconf 80' lang='grc' dir='ltr'><strong>ἔφησεν,</strong></span> <span class='ocrx_word' id='word_1_249' title='bbox 1069 2435 1147 2492; x_wconf 90' lang='grc' dir='ltr'><strong>είς</strong></span> <span class='ocrx_word' id='word_1_250' title='bbox 1174 2434 1563 2504; x_wconf 81' lang='grc' dir='ltr'><strong>πρωτοκλισίας</strong></span> <span class='ocrx_word' id='word_1_251' title='bbox 1590 2437 1673 2489; x_wconf 82' lang='grc' dir='ltr'><strong>τά-</strong></span> 
     </span>
    </p>
   </div>
   <div class='ocr_carea' id='block_1_41' title="bbox 146 2517 1681 2590">
    <p class='ocr_par' dir='ltr' id='par_1_41' title="bbox 146 2517 1681 2590">
     <span class='ocr_line' id='line_1_41' title="bbox 146 2517 1681 2590; baseline 0.003 -22"><span class='ocrx_word' id='word_1_252' title='bbox 146 2533 328 2585; x_wconf 88' lang='grc' dir='ltr'><strong>πητας</strong></span> <span class='ocrx_word' id='word_1_253' title='bbox 354 2517 427 2587; x_wconf 84' lang='grc' dir='ltr'><strong>μὴ</strong></span> <span class='ocrx_word' id='word_1_254' title='bbox 455 2519 766 2589; x_wconf 77' lang='grc' dir='ltr'><strong>ἀνακλιθῇς,</strong></span> <span class='ocrx_word' id='word_1_255' title='bbox 797 2520 909 2573; x_wconf 83' lang='grc' dir='ltr'><strong>ἀλλ’</strong></span> <span class='ocrx_word' id='word_1_256' title='bbox 939 2522 1019 2581; x_wconf 91' lang='grc' dir='ltr'><strong>είς</strong></span> <span class='ocrx_word' id='word_1_257' title='bbox 1047 2521 1270 2590; x_wconf 70' lang='grc' dir='ltr'><strong>ἔσχατον</strong></span> <span class='ocrx_word' id='word_1_258' title='bbox 1290 2522 1451 2574; x_wconf 85' lang='grc' dir='ltr'><strong>τόπον</strong></span> <span class='ocrx_word' id='word_1_259' title='bbox 1482 2522 1681 2575; x_wconf 81' lang='grc' dir='ltr'><strong>ἀνάπε-</strong></span> 
     </span>
    </p>
   </div>
   <div class='ocr_carea' id='block_1_42' title="bbox 146 2607 1682 2680">
    <p class='ocr_par' dir='ltr' id='par_1_42' title="bbox 146 2607 1682 2680">
     <span class='ocr_line' id='line_1_42' title="bbox 146 2607 1682 2680; baseline 0.005 -25"><span class='ocrx_word' id='word_1_260' title='bbox 146 2622 240 2657; x_wconf 88' lang='grc' dir='ltr'><strong>σον</strong></span> <span class='ocrx_word' id='word_1_261' title='bbox 271 2621 287 2635; x_wconf 73' lang='grc' dir='ltr'><strong>ο</strong></span> <span class='ocrx_word' id='word_1_262' title='bbox 320 2607 405 2657; x_wconf 90' lang='grc' dir='ltr'><strong>ῖνα</strong></span> <span class='ocrx_word' id='word_1_263' title='bbox 436 2607 672 2677; x_wconf 75' lang='grc' dir='ltr'><strong>ἀκούσης</strong></span> <span class='ocrx_word' id='word_1_264' title='bbox 719 2611 864 2678; x_wconf 80' lang='grc' dir='ltr'><strong>παρὰ</strong></span> <span class='ocrx_word' id='word_1_265' title='bbox 913 2610 1004 2662; x_wconf 85' lang='grc' dir='ltr'><strong>τοῦ</strong></span> <span class='ocrx_word' id='word_1_266' title='bbox 1047 2612 1369 2680; x_wconf 83' lang='grc' dir='ltr'><strong>κεκληκότος</strong></span> <span class='ocrx_word' id='word_1_267' title='bbox 1401 2629 1456 2663; x_wconf 82' lang='grc' dir='ltr'><strong>σε</strong></span> <span class='ocrx_word' id='word_1_268' title='bbox 1493 2628 1509 2645; x_wconf 82' lang='grc' dir='ltr'><strong>ο</strong></span> <span class='ocrx_word' id='word_1_269' title='bbox 1540 2612 1682 2677; x_wconf 78' lang='grc' dir='ltr'><strong>Φίλε,</strong></span> 
     </span>
    </p>
   </div>
   <div class='ocr_carea' id='block_1_43' title="bbox 146 2694 1680 2766">
    <p class='ocr_par' dir='ltr' id='par_1_43' title="bbox 146 2694 1680 2766">
     <span class='ocr_line' id='line_1_43' title="bbox 146 2694 1680 2766; baseline 0.006 -25"><span class='ocrx_word' id='word_1_270' title='bbox 146 2694 543 2764; x_wconf 77' lang='grc' dir='ltr'><strong>προσανάϐηθι.</strong></span> <span class='ocrx_word' id='word_1_271' title='bbox 606 2696 713 2748; x_wconf 73' lang='grc' dir='ltr'><strong>Καὶ</strong></span> <span class='ocrx_word' id='word_1_272' title='bbox 744 2695 913 2759; x_wconf 78' lang='grc' dir='ltr'><strong>οὕτως</strong></span> <span class='ocrx_word' id='word_1_273' title='bbox 959 2696 1112 2751; x_wconf 78' lang='grc' dir='ltr'><strong>ἐσται</strong></span> <span class='ocrx_word' id='word_1_274' title='bbox 1174 2714 1253 2750; x_wconf 84' lang='grc' dir='ltr'><strong>σοι</strong></span> <span class='ocrx_word' id='word_1_275' title='bbox 1307 2696 1435 2761; x_wconf 82' lang='grc' dir='ltr'><strong>δόξα</strong></span> <span class='ocrx_word' id='word_1_276' title='bbox 1497 2696 1680 2766; x_wconf 87' lang='grc' dir='ltr'><strong>πολλή.</strong></span> 
     </span>
    </p>
   </div>
   <div class='ocr_carea' id='block_1_44' title="bbox 158 2782 1685 2855">
    <p class='ocr_par' dir='ltr' id='par_1_44' title="bbox 158 2782 1685 2855">
     <span class='ocr_line' id='line_1_44' title="bbox 158 2782 1685 2855; baseline 0.003 -22"><span class='ocrx_word' id='word_1_277' title='bbox 158 2782 220 2833; x_wconf 89' lang='lat'><strong>&#39;0</strong></span> <span class='ocrx_word' id='word_1_278' title='bbox 251 2782 380 2847; x_wconf 81' lang='grc' dir='ltr'><strong>γοῦν</strong></span> <span class='ocrx_word' id='word_1_279' title='bbox 410 2782 586 2849; x_wconf 76' lang='grc' dir='ltr'><strong>ζητῶν</strong></span> <span class='ocrx_word' id='word_1_280' title='bbox 637 2785 988 2855; x_wconf 83' lang='grc' dir='ltr'><strong>ἀναγνώστης</strong></span> <span class='ocrx_word' id='word_1_281' title='bbox 1022 2786 1125 2855; x_wconf 81' lang='grc' dir='ltr'><strong>πρὸ</strong></span> <span class='ocrx_word' id='word_1_282' title='bbox 1153 2785 1258 2838; x_wconf 86' lang='grc' dir='ltr'><strong>τῶν</strong></span> <span class='ocrx_word' id='word_1_283' title='bbox 1308 2786 1493 2854; x_wconf 85' lang='grc' dir='ltr'><strong>ίερέων</strong></span> <span class='ocrx_word' id='word_1_284' title='bbox 1550 2785 1685 2837; x_wconf 81' lang='grc' dir='ltr'><strong>καθ-</strong></span> 
     </span>
    </p>
   </div>
   <div class='ocr_carea' id='block_1_45' title="bbox 148 2870 1684 2943">
    <p class='ocr_par' dir='ltr' id='par_1_45' title="bbox 148 2870 1684 2943">
     <span class='ocr_line' id='line_1_45' title="bbox 148 2870 1684 2943; baseline 0.003 -23"><span class='ocrx_word' id='word_1_285' title='bbox 148 2870 336 2937; x_wconf 82' lang='grc' dir='ltr'><strong>ἧσθαι,</strong></span> <span class='ocrx_word' id='word_1_286' title='bbox 355 2873 448 2922; x_wconf 71' lang='grc' dir='ltr'><strong>καὶ</strong></span> <span class='ocrx_word' id='word_1_287' title='bbox 486 2872 624 2939; x_wconf 78' lang='grc' dir='ltr'><strong>μετὰ</strong></span> <span class='ocrx_word' id='word_1_288' title='bbox 659 2874 749 2925; x_wconf 83' lang='grc' dir='ltr'><strong>τὸν</strong></span> <span class='ocrx_word' id='word_1_289' title='bbox 776 2873 1077 2941; x_wconf 79' lang='grc' dir='ltr'><strong>ἡγούμενον</strong></span> <span class='ocrx_word' id='word_1_290' title='bbox 1111 2874 1549 2943; x_wconf 83' lang='grc' dir='ltr'><strong>μνημονεύεσθαι,</strong></span> <span class='ocrx_word' id='word_1_291' title='bbox 1574 2874 1684 2936; x_wconf 72' lang='grc' dir='ltr'><strong>τοῖς</strong></span> 
     </span>
    </p>
   </div>
   <div class='ocr_carea' id='block_1_46' title="bbox 151 2961 1684 3029">
    <p class='ocr_par' dir='ltr' id='par_1_46' title="bbox 151 2961 1684 3029">
     <span class='ocr_line' id='line_1_46' title="bbox 151 2961 1684 3029; baseline 0.003 -20"><span class='ocrx_word' id='word_1_292' title='bbox 151 2961 445 3026; x_wconf 71' lang='grc' dir='ltr'><strong>Ιίυριακοῖς</strong></span> <span class='ocrx_word' id='word_1_293' title='bbox 476 2961 870 3029; x_wconf 77' lang='grc' dir='ltr'><strong>ἐναντιοφρονεῖ</strong></span> <span class='ocrx_word' id='word_1_294' title='bbox 884 2961 1354 3029; x_wconf 83' lang='grc' dir='ltr'><strong>παραγγέλμασιν.</strong></span> <span class='ocrx_word' id='word_1_295' title='bbox 1381 2963 1442 3013; x_wconf 78' lang='lat' dir='ltr'><strong>Et</strong></span> <span class='ocrx_word' id='word_1_296' title='bbox 1469 2963 1523 3014; x_wconf 75' lang='grc' dir='ltr'><strong>δέ</strong></span> <span class='ocrx_word' id='word_1_297' title='bbox 1546 2964 1684 3014; x_wconf 87' lang='grc' dir='ltr'><strong>κατὰ</strong></span> 
     </span>
    </p>
   </div>
   <div class='ocr_carea' id='block_1_47' title="bbox 146 3044 1681 3119">
    <p class='ocr_par' dir='ltr' id='par_1_47' title="bbox 146 3044 1681 3119">
     <span class='ocr_line' id='line_1_47' title="bbox 146 3044 1681 3119; baseline 0.005 -25"><span class='ocrx_word' id='word_1_298' title='bbox 146 3045 247 3113; x_wconf 74' lang='grc' dir='ltr'><strong>τὴν</strong></span> <span class='ocrx_word' id='word_1_299' title='bbox 275 3044 524 3112; x_wconf 85' lang='grc' dir='ltr'><strong>διήγησίν</strong></span> <span class='ocrx_word' id='word_1_300' title='bbox 553 3062 643 3098; x_wconf 88' lang='grc' dir='ltr'><strong>σου</strong></span> <span class='ocrx_word' id='word_1_301' title='bbox 668 3049 696 3098; x_wconf 88' lang='grc' dir='ltr'><strong>ό</strong></span> <span class='ocrx_word' id='word_1_302' title='bbox 728 3048 1077 3116; x_wconf 81' lang='grc' dir='ltr'><strong>ἁναγνώστης</strong></span> <span class='ocrx_word' id='word_1_303' title='bbox 1097 3050 1174 3109; x_wconf 89' lang='grc' dir='ltr'><strong>είς</strong></span> <span class='ocrx_word' id='word_1_304' title='bbox 1204 3048 1385 3119; x_wconf 85' lang='grc' dir='ltr'><strong>χώραν</strong></span> <span class='ocrx_word' id='word_1_305' title='bbox 1410 3050 1681 3117; x_wconf 89' lang='grc' dir='ltr'><strong>ἐπιδημεῖ,</strong></span> 
     </span>
    </p>
   </div>
   <div class='ocr_carea' id='block_1_48' title="bbox 150 3118 1753 3207">
    <p class='ocr_par' dir='ltr' id='par_1_48' title="bbox 150 3118 1753 3207">
     <span class='ocr_line' id='line_1_48' title="bbox 150 3118 1753 3207; baseline 0.006 -26"><span class='ocrx_word' id='word_1_306' title='bbox 150 3132 561 3200; x_wconf 79' lang='grc' dir='ltr'><strong>καθηγουμένου</strong></span> <span class='ocrx_word' id='word_1_307' title='bbox 582 3134 741 3186; x_wconf 84' lang='grc' dir='ltr'><strong>τόπον</strong></span> <span class='ocrx_word' id='word_1_308' title='bbox 775 3136 1118 3203; x_wconf 80' lang='grc' dir='ltr'><strong>ἀναπληρῶν,</strong></span> <span class='ocrx_word' id='word_1_309' title='bbox 1158 3123 1450 3199; x_wconf 71' lang='grc' dir='ltr'><strong>ἀκινδύνως</strong></span> <span class='ocrx_word' id='word_1_310' title='bbox 1486 3138 1683 3207; x_wconf 83' lang='grc' dir='ltr'><strong>μᾶλλον</strong></span> <span class='ocrx_word' id='word_1_311' title='bbox 1710 3118 1753 3177; x_wconf 78' lang='lat' dir='ltr'>c</span> 
     </span>
    </p>
   </div>
   <div class='ocr_carea' id='block_1_49' title="bbox 148 3220 1687 3295">
    <p class='ocr_par' dir='ltr' id='par_1_49' title="bbox 148 3220 1687 3295">
     <span class='ocr_line' id='line_1_49' title="bbox 148 3220 1687 3295; baseline 0.005 -24"><span class='ocrx_word' id='word_1_312' title='bbox 148 3220 204 3271; x_wconf 84' lang='grc' dir='ltr'><strong>δέ</strong></span> <span class='ocrx_word' id='word_1_313' title='bbox 236 3220 400 3283; x_wconf 80' lang='grc' dir='ltr'><strong>ἀξίως</strong></span> <span class='ocrx_word' id='word_1_314' title='bbox 435 3220 726 3288; x_wconf 84' lang='grc' dir='ltr'><strong>φιλονεικεῖ</strong></span> <span class='ocrx_word' id='word_1_315' title='bbox 761 3223 866 3292; x_wconf 81' lang='grc' dir='ltr'><strong>πρὸ</strong></span> <span class='ocrx_word' id='word_1_316' title='bbox 931 3225 1037 3277; x_wconf 89' lang='grc' dir='ltr'><strong>τῶν</strong></span> <span class='ocrx_word' id='word_1_317' title='bbox 1064 3226 1246 3295; x_wconf 84' lang='grc' dir='ltr'><strong>ίερέων</strong></span> <span class='ocrx_word' id='word_1_318' title='bbox 1281 3226 1565 3294; x_wconf 81' lang='grc' dir='ltr'><strong>καθῆσθαι,</strong></span> <span class='ocrx_word' id='word_1_319' title='bbox 1593 3228 1687 3280; x_wconf 76' lang='grc' dir='ltr'><strong>καὶ</strong></span> 
     </span>
    </p>
   </div>
   <div class='ocr_carea' id='block_1_50' title="bbox 153 3309 1685 3383">
    <p class='ocr_par' dir='ltr' id='par_1_50' title="bbox 153 3309 1685 3383">
     <span class='ocr_line' id='line_1_50' title="bbox 153 3309 1685 3383; baseline 0.007 -27"><span class='ocrx_word' id='word_1_320' title='bbox 153 3309 605 3374; x_wconf 79' lang='grc' dir='ltr'><strong>μνημονεύεσθαι,</strong></span> <span class='ocrx_word' id='word_1_321' title='bbox 634 3311 707 3372; x_wconf 84' lang='grc' dir='ltr'>ὡς</span> <span class='ocrx_word' id='word_1_322' title='bbox 728 3310 889 3364; x_wconf 85' lang='grc' dir='ltr'><strong>τόπον</strong></span> <span class='ocrx_word' id='word_1_323' title='bbox 928 3313 1139 3381; x_wconf 81' lang='grc' dir='ltr'><strong>ἐπέχων</strong></span> <span class='ocrx_word' id='word_1_324' title='bbox 1179 3313 1271 3365; x_wconf 80' lang='grc' dir='ltr'><strong>τοῦ</strong></span> <span class='ocrx_word' id='word_1_325' title='bbox 1299 3313 1685 3383; x_wconf 80' lang='grc' dir='ltr'><strong>ἐπιτρέψαντος</strong></span> 
     </span>
    </p>
   </div>
   <div class='ocr_carea' id='block_1_51' title="bbox 149 3395 1687 3470">
    <p class='ocr_par' dir='ltr' id='par_1_51' title="bbox 149 3395 1687 3470">
     <span class='ocr_line' id='line_1_51' title="bbox 149 3395 1687 3470; baseline 0.006 -25"><span class='ocrx_word' id='word_1_326' title='bbox 149 3395 297 3463; x_wconf 76' lang='grc' dir='ltr'><strong>αὐτῷ</strong></span> <span class='ocrx_word' id='word_1_327' title='bbox 344 3397 401 3448; x_wconf 83' lang='grc' dir='ltr'><strong>τὸ</strong></span> <span class='ocrx_word' id='word_1_328' title='bbox 446 3396 827 3467; x_wconf 86' lang='grc' dir='ltr'><strong>λειτούργημα.</strong></span> <span class='ocrx_word' id='word_1_329' title='bbox 879 3399 987 3452; x_wconf 78' lang='grc' dir='ltr'><strong>Καὶ</strong></span> <span class='ocrx_word' id='word_1_330' title='bbox 1020 3401 1344 3470; x_wconf 80' lang='grc' dir='ltr'><strong>παρίσταται</strong></span> <span class='ocrx_word' id='word_1_331' title='bbox 1398 3402 1553 3453; x_wconf 78' lang='grc' dir='ltr'><strong>τοῦτο</strong></span> <span class='ocrx_word' id='word_1_332' title='bbox 1581 3402 1687 3454; x_wconf 80' lang='grc' dir='ltr'><strong>ἀπὸ</strong></span> 
     </span>
    </p>
   </div>
   <div class='ocr_carea' id='block_1_52' title="bbox 148 3482 1689 3557">
    <p class='ocr_par' dir='ltr' id='par_1_52' title="bbox 148 3482 1689 3557">
     <span class='ocr_line' id='line_1_52' title="bbox 148 3482 1689 3557; baseline 0.004 -23"><span class='ocrx_word' id='word_1_333' title='bbox 148 3484 240 3535; x_wconf 78' lang='grc' dir='ltr'><strong>τοῦ</strong></span> <span class='ocrx_word' id='word_1_334' title='bbox 267 3482 311 3546; x_wconf 78' lang='grc' dir='ltr'><strong>ζ’</strong></span> <span class='ocrx_word' id='word_1_335' title='bbox 352 3485 572 3547; x_wconf 87' lang='grc' dir='ltr'><strong>κανόνος</strong></span> <span class='ocrx_word' id='word_1_336' title='bbox 603 3486 700 3554; x_wconf 86' lang='grc' dir='ltr'><strong>τῆς</strong></span> <span class='ocrx_word' id='word_1_337' title='bbox 747 3488 807 3539; x_wconf 91' lang='grc' dir='ltr'><strong>ἐν</strong></span> <span class='ocrx_word' id='word_1_338' title='bbox 852 3487 1100 3557; x_wconf 85' lang='grc' dir='ltr'><strong>Τρούλλῳ</strong></span> <span class='ocrx_word' id='word_1_339' title='bbox 1140 3486 1231 3540; x_wconf 82' lang='grc' dir='ltr'><strong>τοῦ</strong></span> <span class='ocrx_word' id='word_1_340' title='bbox 1266 3489 1496 3557; x_wconf 83' lang='grc' dir='ltr'><strong>μεγάλου</strong></span> <span class='ocrx_word' id='word_1_341' title='bbox 1519 3490 1689 3541; x_wconf 85' lang='grc' dir='ltr'><strong>παλα-</strong></span> 
     </span>
    </p>
   </div>
   <div class='ocr_carea' id='block_1_53' title="bbox 148 3570 1686 3643">
    <p class='ocr_par' dir='ltr' id='par_1_53' title="bbox 148 3570 1686 3643">
     <span class='ocr_line' id='line_1_53' title="bbox 148 3570 1686 3643; baseline 0.005 -23"><span class='ocrx_word' id='word_1_342' title='bbox 148 3570 263 3624; x_wconf 87' lang='grc' dir='ltr'><strong>τίου</strong></span> <span class='ocrx_word' id='word_1_343' title='bbox 291 3572 561 3637; x_wconf 83' lang='grc' dir='ltr'><strong>συστάσης</strong></span> <span class='ocrx_word' id='word_1_344' title='bbox 613 3574 770 3640; x_wconf 84' lang='grc' dir='ltr'><strong>ἁγίας</strong></span> <span class='ocrx_word' id='word_1_345' title='bbox 811 3576 905 3626; x_wconf 65' lang='grc' dir='ltr'><strong>καὶ</strong></span> <span class='ocrx_word' id='word_1_346' title='bbox 946 3576 1326 3643; x_wconf 80' lang='grc' dir='ltr'><strong>οίκουμενικῆς</strong></span> <span class='ocrx_word' id='word_1_347' title='bbox 1372 3575 1424 3639; x_wconf 82' lang='grc' dir='ltr'><strong>ς’</strong></span> <span class='ocrx_word' id='word_1_348' title='bbox 1472 3578 1686 3629; x_wconf 79' lang='grc' dir='ltr'><strong>συνόδου</strong></span> 
     </span>
    </p>
   </div>
   <div class='ocr_carea' id='block_1_54' title="bbox 150 3660 1686 3734">
    <p class='ocr_par' dir='ltr' id='par_1_54' title="bbox 150 3660 1686 3734">
     <span class='ocr_line' id='line_1_54' title="bbox 150 3660 1686 3734; baseline 0.006 -25"><span class='ocrx_word' id='word_1_349' title='bbox 150 3660 207 3709; x_wconf 90' lang='grc' dir='ltr'><strong>ἐν</strong></span> <span class='ocrx_word' id='word_1_350' title='bbox 263 3660 417 3726; x_wconf 86' lang='grc' dir='ltr'><strong>μέρει</strong></span> <span class='ocrx_word' id='word_1_351' title='bbox 458 3661 624 3712; x_wconf 82' lang='grc' dir='ltr'><strong>ταῦτα</strong></span> <span class='ocrx_word' id='word_1_352' title='bbox 684 3663 989 3726; x_wconf 82' lang='grc' dir='ltr'><strong>διεξιόντος.</strong></span> <span class='ocrx_word' id='word_1_353' title='bbox 1039 3664 1452 3734; x_wconf 83' lang='grc' dir='ltr'><strong>Μεμαθήκαμεν</strong></span> <span class='ocrx_word' id='word_1_354' title='bbox 1483 3665 1537 3718; x_wconf 90' lang='grc' dir='ltr'><strong>έν</strong></span> <span class='ocrx_word' id='word_1_355' title='bbox 1578 3682 1686 3718; x_wconf 88' lang='grc' dir='ltr'><strong>τισι</strong></span> 
     </span>
    </p>
   </div>
   <div class='ocr_carea' id='block_1_55' title="bbox 149 3748 1687 3825">
    <p class='ocr_par' dir='ltr' id='par_1_55' title="bbox 149 3748 1687 3825">
     <span class='ocr_line' id='line_1_55' title="bbox 149 3748 1687 3825; baseline 0.007 -28"><span class='ocrx_word' id='word_1_356' title='bbox 149 3748 254 3798; x_wconf 84' lang='grc' dir='ltr'><strong>τῶν</strong></span> <span class='ocrx_word' id='word_1_357' title='bbox 286 3748 615 3816; x_wconf 82' lang='grc' dir='ltr'><strong>Ἐκκλησιῶν</strong></span> <span class='ocrx_word' id='word_1_358' title='bbox 647 3751 915 3815; x_wconf 82' lang='grc' dir='ltr'><strong>διακόνους</strong></span> <span class='ocrx_word' id='word_1_359' title='bbox 952 3754 1099 3815; x_wconf 82' lang='grc' dir='ltr'><strong>τινὰς</strong></span> <span class='ocrx_word' id='word_1_360' title='bbox 1124 3754 1377 3825; x_wconf 79' lang='grc' dir='ltr'><strong>αὐθαδείᾳ</strong></span> <span class='ocrx_word' id='word_1_361' title='bbox 1406 3756 1497 3807; x_wconf 70' lang='grc' dir='ltr'><strong>καὶ</strong></span> <span class='ocrx_word' id='word_1_362' title='bbox 1529 3756 1687 3807; x_wconf 79' lang='grc' dir='ltr'><strong>αὐτο-</strong></span> 
     </span>
    </p>
   </div>
   <div class='ocr_carea' id='block_1_56' title="bbox 149 3836 1681 3912">
    <p class='ocr_par' dir='ltr' id='par_1_56' title="bbox 149 3836 1681 3912">
     <span class='ocr_line' id='line_1_56' title="bbox 149 3836 1681 3912; baseline 0.005 -25"><span class='ocrx_word' id='word_1_363' title='bbox 149 3836 309 3906; x_wconf 78' lang='grc' dir='ltr'><strong>νομίᾳ</strong></span> <span class='ocrx_word' id='word_1_364' title='bbox 360 3841 743 3907; x_wconf 83' lang='grc' dir='ltr'><strong>κεχρημένους,</strong></span> <span class='ocrx_word' id='word_1_365' title='bbox 774 3842 975 3907; x_wconf 78' lang='grc' dir='ltr'><strong>τολμᾷν</strong></span> <span class='ocrx_word' id='word_1_366' title='bbox 1007 3845 1113 3911; x_wconf 84' lang='grc' dir='ltr'><strong>πρὸ</strong></span> <span class='ocrx_word' id='word_1_367' title='bbox 1152 3842 1258 3895; x_wconf 82' lang='grc' dir='ltr'><strong>τῶν</strong></span> <span class='ocrx_word' id='word_1_368' title='bbox 1295 3843 1681 3912; x_wconf 79' lang='grc' dir='ltr'><strong>πρεσϐυτέρων</strong></span> 
     </span>
    </p>
   </div>
   <div class='ocr_carea' id='block_1_57' title="bbox 151 3924 1684 3990">
    <p class='ocr_par' dir='ltr' id='par_1_57' title="bbox 151 3924 1684 3990">
     <span class='ocr_line' id='line_1_57' title="bbox 151 3924 1684 3990; baseline 0.006 -17"><span class='ocrx_word' id='word_1_369' title='bbox 151 3924 1684 3990; x_wconf 79' lang='grc' dir='ltr'><strong>καθέζεσθαι,....’........</strong></span> 
     </span>
    </p>
   </div>
   <div class='ocr_carea' id='block_1_58' title="bbox 151 4013 1688 4087">
    <p class='ocr_par' dir='ltr' id='par_1_58' title="bbox 151 4013 1688 4087">
     <span class='ocr_line' id='line_1_58' title="bbox 151 4013 1688 4087; baseline 0.005 -24"><span class='ocrx_word' id='word_1_370' title='bbox 151 4013 310 4075; x_wconf 83' lang='grc' dir='ltr'><strong>ἐκτὸς</strong></span> <span class='ocrx_word' id='word_1_371' title='bbox 339 4016 387 4065; x_wconf 89' lang='grc' dir='ltr'><strong>εί</strong></span> <span class='ocrx_word' id='word_1_372' title='bbox 442 4016 515 4085; x_wconf 82' lang='grc' dir='ltr'><strong>μὴ</strong></span> <span class='ocrx_word' id='word_1_373' title='bbox 550 4018 609 4069; x_wconf 81' lang='grc' dir='ltr'><strong>τὸ</strong></span> <span class='ocrx_word' id='word_1_374' title='bbox 638 4018 923 4086; x_wconf 87' lang='grc' dir='ltr'><strong>πρόσωπον</strong></span> <span class='ocrx_word' id='word_1_375' title='bbox 964 4020 1173 4087; x_wconf 79' lang='grc' dir='ltr'><strong>ἐπέχων</strong></span> <span class='ocrx_word' id='word_1_376' title='bbox 1201 4019 1293 4073; x_wconf 83' lang='grc' dir='ltr'><strong>τοῦ</strong></span> <span class='ocrx_word' id='word_1_377' title='bbox 1344 4019 1543 4072; x_wconf 85' lang='grc' dir='ltr'><strong>οίκείου</strong></span> <span class='ocrx_word' id='word_1_378' title='bbox 1581 4035 1688 4071; x_wconf 81' lang='grc' dir='ltr'><strong>πα-</strong></span> 
     </span>
    </p>
   </div>
   <div class='ocr_carea' id='block_1_59' title="bbox 150 4103 1684 4178">
    <p class='ocr_par' dir='ltr' id='par_1_59' title="bbox 150 4103 1684 4178">
     <span class='ocr_line' id='line_1_59' title="bbox 150 4103 1684 4178; baseline 0.007 -27"><span class='ocrx_word' id='word_1_379' title='bbox 150 4103 426 4172; x_wconf 83' lang='grc' dir='ltr'><strong>τριάρχου.</strong></span> <span class='ocrx_word' id='word_1_380' title='bbox 467 4106 500 4174; x_wconf 85' lang='grc' dir='ltr'>ἢ</span> <span class='ocrx_word' id='word_1_381' title='bbox 534 4107 942 4176; x_wconf 83' lang='grc' dir='ltr'><strong>μητροπολίτου,</strong></span> <span class='ocrx_word' id='word_1_382' title='bbox 976 4112 1031 4159; x_wconf 81' lang='grc' dir='ltr'><strong>ἐν</strong></span> <span class='ocrx_word' id='word_1_383' title='bbox 1077 4110 1235 4178; x_wconf 75' lang='grc' dir='ltr'><strong>ἑτέρᾳ</strong></span> <span class='ocrx_word' id='word_1_384' title='bbox 1271 4110 1418 4161; x_wconf 86' lang='grc' dir='ltr'><strong>πόλει</strong></span> <span class='ocrx_word' id='word_1_385' title='bbox 1447 4112 1684 4178; x_wconf 86' lang='grc' dir='ltr'><strong>παραγί-</strong></span> 
     </span>
    </p>
   </div>
   <div class='ocr_carea' id='block_1_60' title="bbox 152 4195 1681 4267">
    <p class='ocr_par' dir='ltr' id='par_1_60' title="bbox 152 4195 1681 4267">
     <span class='ocr_line' id='line_1_60' title="bbox 152 4195 1681 4267; baseline 0.006 -26"><span class='ocrx_word' id='word_1_386' title='bbox 152 4208 329 4258; x_wconf 86' lang='grc' dir='ltr'><strong>νηται,</strong></span> <span class='ocrx_word' id='word_1_387' title='bbox 380 4195 473 4245; x_wconf 86' lang='grc' dir='ltr'><strong>ἐπί</strong></span> <span class='ocrx_word' id='word_1_388' title='bbox 497 4211 602 4245; x_wconf 86' lang='grc' dir='ltr'><strong>τινι</strong></span> <span class='ocrx_word' id='word_1_389' title='bbox 628 4196 920 4263; x_wconf 77' lang='grc' dir='ltr'><strong>κεφαλαίῳ.</strong></span> <span class='ocrx_word' id='word_1_390' title='bbox 941 4198 1071 4248; x_wconf 89' lang='grc' dir='ltr'><strong>Τότε</strong></span> <span class='ocrx_word' id='word_1_391' title='bbox 1107 4198 1231 4267; x_wconf 80' lang='grc' dir='ltr'><strong>γὰρ,</strong></span> <span class='ocrx_word' id='word_1_392' title='bbox 1262 4198 1335 4259; x_wconf 80' lang='grc' dir='ltr'>ὡς</span> <span class='ocrx_word' id='word_1_393' title='bbox 1364 4199 1451 4250; x_wconf 70' lang='grc' dir='ltr'><strong>τόν</strong></span> <span class='ocrx_word' id='word_1_394' title='bbox 1479 4199 1681 4250; x_wconf 82' lang='grc' dir='ltr'><strong>ἐκείνου</strong></span> 
     </span>
    </p>
   </div>
   <div class='ocr_carea' id='block_1_61' title="bbox 148 4280 1082 4351">
    <p class='ocr_par' dir='ltr' id='par_1_61' title="bbox 148 4280 1082 4351">
     <span class='ocr_line' id='line_1_61' title="bbox 148 4280 1082 4351; baseline 0.01 -23"><span class='ocrx_word' id='word_1_395' title='bbox 148 4280 308 4330; x_wconf 85' lang='grc' dir='ltr'><strong>τόπον</strong></span> <span class='ocrx_word' id='word_1_396' title='bbox 331 4282 673 4351; x_wconf 84' lang='grc' dir='ltr'><strong>ἀναπληρῶν,</strong></span> <span class='ocrx_word' id='word_1_397' title='bbox 704 4284 1082 4351; x_wconf 81' lang='grc' dir='ltr'><strong>τιμηθήσεται.</strong></span> 
     </span>
    </p>
   </div>
   <div class='ocr_carea' id='block_1_62' title="bbox 1780 1873 3303 1951">
    <p class='ocr_par' dir='ltr' id='par_1_62' title="bbox 1780 1873 3303 1951">
     <span class='ocr_line' id='line_1_62' title="bbox 1780 1873 3303 1951; baseline -0.014 -8"><span class='ocrx_word' id='word_1_398' title='bbox 1780 1895 2005 1951; x_wconf 88' lang='lat' dir='ltr'><strong>stentes,</strong></span> <span class='ocrx_word' id='word_1_399' title='bbox 2030 1893 2084 1938; x_wconf 91' lang='lat' dir='ltr'><strong>et</strong></span> <span class='ocrx_word' id='word_1_400' title='bbox 2107 1885 2161 1938; x_wconf 88' lang='lat' dir='ltr'><strong>in</strong></span> <span class='ocrx_word' id='word_1_401' title='bbox 2187 1885 2389 1938; x_wconf 85' lang='lat' dir='ltr'><strong>sanctis</strong></span> <span class='ocrx_word' id='word_1_402' title='bbox 2417 1880 2695 1937; x_wconf 81' lang='lat' dir='ltr'><strong>sacrificiis</strong></span> <span class='ocrx_word' id='word_1_403' title='bbox 2720 1887 2839 1946; x_wconf 91' lang='lat' dir='ltr'><strong>post</strong></span> <span class='ocrx_word' id='word_1_404' title='bbox 2875 1873 3182 1944; x_wconf 60' lang='lat' dir='ltr'><strong>praefectum</strong></span> <span class='ocrx_word' id='word_1_405' title='bbox 3214 1886 3303 1924; x_wconf 89' lang='lat' dir='ltr'><strong>seu</strong></span> 
     </span>
    </p>
   </div>
   <div class='ocr_carea' id='block_1_63' title="bbox 1780 1963 3303 2046">
    <p class='ocr_par' dir='ltr' id='par_1_63' title="bbox 1780 1963 3303 2046">
     <span class='ocr_line' id='line_1_63' title="bbox 1780 1963 3303 2046; baseline -0.012 -16"><span class='ocrx_word' id='word_1_406' title='bbox 1780 1978 2014 2046; x_wconf 87' lang='lat' dir='ltr'><strong>priorem</strong></span> <span class='ocrx_word' id='word_1_407' title='bbox 2045 1990 2087 2038; x_wconf 81' lang='grc' dir='ltr'><strong>ο,</strong></span> <span class='ocrx_word' id='word_1_408' title='bbox 2118 1973 2678 2028; x_wconf 89' lang='lat' dir='ltr'><strong>commemorationem</strong></span> <span class='ocrx_word' id='word_1_409' title='bbox 2718 1968 2801 2022; x_wconf 89' lang='lat' dir='ltr'><strong>sui</strong></span> <span class='ocrx_word' id='word_1_410' title='bbox 2827 1965 2961 2021; x_wconf 83' lang='lat' dir='ltr'><strong>fieri.</strong></span> <span class='ocrx_word' id='word_1_411' title='bbox 2995 1963 3187 2028; x_wconf 71' lang='lat' dir='ltr'><strong>Quaaro</strong></span> <span class='ocrx_word' id='word_1_412' title='bbox 3236 1976 3303 2013; x_wconf 79' lang='lat' dir='ltr'><strong>an</strong></span> 
     </span>
    </p>
   </div>
   <div class='ocr_carea' id='block_1_64' title="bbox 1780 2062 2432 2120">
    <p class='ocr_par' dir='ltr' id='par_1_64' title="bbox 1780 2062 2432 2120">
     <span class='ocr_line' id='line_1_64' title="bbox 1780 2062 2432 2120; baseline -0.006 0"><span class='ocrx_word' id='word_1_413' title='bbox 1780 2073 1925 2120; x_wconf 86' lang='lat' dir='ltr'><strong>recte</strong></span> <span class='ocrx_word' id='word_1_414' title='bbox 1948 2063 2013 2119; x_wconf 90' lang='lat' dir='ltr'><strong>de</strong></span> <span class='ocrx_word' id='word_1_415' title='bbox 2036 2079 2102 2119; x_wconf 88' lang='lat' dir='ltr'><strong>eo</strong></span> <span class='ocrx_word' id='word_1_416' title='bbox 2123 2062 2432 2117; x_wconf 84' lang='lat' dir='ltr'><strong>contendat.</strong></span> 
     </span>
    </p>
   </div>
   <div class='ocr_carea' id='block_1_65' title="bbox 1850 2164 3306 2244">
    <p class='ocr_par' dir='ltr' id='par_1_65' title="bbox 1850 2164 3306 2244">
     <span class='ocr_line' id='line_1_65' title="bbox 1850 2164 3306 2244; baseline -0.009 -15"><span class='ocrx_word' id='word_1_417' title='bbox 1850 2174 1999 2244; x_wconf 80' lang='lat' dir='ltr'><strong>Resp.</strong></span> <span class='ocrx_word' id='word_1_418' title='bbox 2071 2174 2213 2228; x_wconf 87' lang='lat' dir='ltr'><strong>Ordo</strong></span> <span class='ocrx_word' id='word_1_419' title='bbox 2278 2172 2517 2226; x_wconf 65' lang='lat' dir='ltr'><strong>caelestia</strong></span> <span class='ocrx_word' id='word_1_420' title='bbox 2580 2177 2634 2224; x_wconf 90' lang='lat' dir='ltr'><strong>et</strong></span> <span class='ocrx_word' id='word_1_421' title='bbox 2715 2167 2986 2222; x_wconf 85' lang='lat' dir='ltr'><strong>terrestria</strong></span> <span class='ocrx_word' id='word_1_422' title='bbox 3048 2164 3306 2219; x_wconf 84' lang='lat' dir='ltr'><strong>continet.</strong></span> 
     </span>
    </p>
   </div>
   <div class='ocr_carea' id='block_1_66' title="bbox 1780 2251 3308 2330">
    <p class='ocr_par' dir='ltr' id='par_1_66' title="bbox 1780 2251 3308 2330">
     <span class='ocr_line' id='line_1_66' title="bbox 1780 2251 3308 2330; baseline -0.011 -13"><span class='ocrx_word' id='word_1_423' title='bbox 1780 2262 2010 2330; x_wconf 83' lang='lat' dir='ltr'><strong>Ideoque</strong></span> <span class='ocrx_word' id='word_1_424' title='bbox 2059 2259 2315 2314; x_wconf 89' lang='lat' dir='ltr'><strong>Dominus</strong></span> <span class='ocrx_word' id='word_1_425' title='bbox 2371 2267 2557 2312; x_wconf 92' lang='lat' dir='ltr'><strong>noster</strong></span> <span class='ocrx_word' id='word_1_426' title='bbox 2608 2255 2766 2311; x_wconf 84' lang='lat' dir='ltr'><strong>Jesus</strong></span> <span class='ocrx_word' id='word_1_427' title='bbox 2813 2255 3064 2308; x_wconf 85' lang='lat' dir='ltr'><strong>Christus</strong></span> <span class='ocrx_word' id='word_1_428' title='bbox 3131 2251 3308 2303; x_wconf 88' lang='lat' dir='ltr'><strong>inanis</strong></span> 
     </span>
    </p>
   </div>
   <div class='ocr_carea' id='block_1_67' title="bbox 1780 2338 3300 2421">
    <p class='ocr_par' dir='ltr' id='par_1_67' title="bbox 1780 2338 3300 2421">
     <span class='ocr_line' id='line_1_67' title="bbox 1780 2338 3300 2421; baseline -0.011 -16"><span class='ocrx_word' id='word_1_429' title='bbox 1780 2351 1962 2421; x_wconf 69' lang='lat' dir='ltr'><strong>gloriae</strong></span> <span class='ocrx_word' id='word_1_430' title='bbox 1988 2350 2274 2402; x_wconf 75' lang='lat' dir='ltr'><strong>vanitatem</strong></span> <span class='ocrx_word' id='word_1_431' title='bbox 2326 2348 2638 2416; x_wconf 88' lang='lat' dir='ltr'><strong>reprimens,</strong></span> <span class='ocrx_word' id='word_1_432' title='bbox 2672 2346 2801 2397; x_wconf 86' lang='lat' dir='ltr'><strong>Cum</strong></span> <span class='ocrx_word' id='word_1_433' title='bbox 2831 2352 3053 2396; x_wconf 77' lang='lat' dir='ltr'><strong>vocatus</strong></span> <span class='ocrx_word' id='word_1_434' title='bbox 3113 2338 3300 2406; x_wconf 82' lang='lat' dir='ltr'><strong>fueris,</strong></span> 
     </span>
    </p>
   </div>
   <div class='ocr_carea' id='block_1_68' title="bbox 1782 2430 3306 2508">
    <p class='ocr_par' dir='ltr' id='par_1_68' title="bbox 1782 2430 3306 2508">
     <span class='ocr_line' id='line_1_68' title="bbox 1782 2430 3306 2508; baseline -0.01 -13"><span class='ocrx_word' id='word_1_435' title='bbox 1782 2441 1977 2508; x_wconf 87' lang='lat' dir='ltr'><strong>inquit,</strong></span> <span class='ocrx_word' id='word_1_436' title='bbox 2023 2440 2088 2493; x_wconf 91' lang='lat' dir='ltr'><strong>ad</strong></span> <span class='ocrx_word' id='word_1_437' title='bbox 2126 2439 2339 2505; x_wconf 85' lang='lat' dir='ltr'><strong>nuptias</strong></span> <span class='ocrx_word' id='word_1_438' title='bbox 2399 2439 2465 2490; x_wconf 89' lang='lat' dir='ltr'><strong>ab</strong></span> <span class='ocrx_word' id='word_1_439' title='bbox 2494 2437 2695 2503; x_wconf 86' lang='lat' dir='ltr'><strong>aliquo,</strong></span> <span class='ocrx_word' id='word_1_440' title='bbox 2759 2449 2826 2486; x_wconf 91' lang='lat' dir='ltr'><strong>ne</strong></span> <span class='ocrx_word' id='word_1_441' title='bbox 2875 2430 3189 2485; x_wconf 87' lang='lat' dir='ltr'><strong>discumbas</strong></span> <span class='ocrx_word' id='word_1_442' title='bbox 3244 2431 3306 2480; x_wconf 84' lang='lat' dir='ltr'><strong>ad</strong></span> 
     </span>
    </p>
   </div>
   <div class='ocr_carea' id='block_1_69' title="bbox 1783 2516 3307 2598">
    <p class='ocr_par' dir='ltr' id='par_1_69' title="bbox 1783 2516 3307 2598">
     <span class='ocr_line' id='line_1_69' title="bbox 1783 2516 3307 2598; baseline -0.01 -16"><span class='ocrx_word' id='word_1_443' title='bbox 1783 2528 1941 2598; x_wconf 90' lang='lat' dir='ltr'><strong>primi</strong></span> <span class='ocrx_word' id='word_1_444' title='bbox 1981 2527 2259 2579; x_wconf 88' lang='lat' dir='ltr'><strong>accubitus</strong></span> <span class='ocrx_word' id='word_1_445' title='bbox 2312 2532 2533 2591; x_wconf 86' lang='lat' dir='ltr'><strong>tapetes,</strong></span> <span class='ocrx_word' id='word_1_446' title='bbox 2561 2521 2653 2575; x_wconf 89' lang='lat' dir='ltr'><strong>sed</strong></span> <span class='ocrx_word' id='word_1_447' title='bbox 2705 2520 2957 2573; x_wconf 82' lang='lat' dir='ltr'><strong>reeurnbe</strong></span> <span class='ocrx_word' id='word_1_448' title='bbox 3014 2520 3064 2570; x_wconf 91' lang='lat' dir='ltr'><strong>in</strong></span> <span class='ocrx_word' id='word_1_449' title='bbox 3123 2516 3307 2568; x_wconf 80' lang='lat' dir='ltr'><strong>ultimo</strong></span> 
     </span>
    </p>
   </div>
   <div class='ocr_carea' id='block_1_70' title="bbox 1785 2605 3305 2679">
    <p class='ocr_par' dir='ltr' id='par_1_70' title="bbox 1785 2605 3305 2679">
     <span class='ocr_line' id='line_1_70' title="bbox 1785 2605 3305 2679; baseline -0.01 -8"><span class='ocrx_word' id='word_1_450' title='bbox 1785 2620 1935 2672; x_wconf 88' lang='lat' dir='ltr'><strong>loco:</strong></span> <span class='ocrx_word' id='word_1_451' title='bbox 1988 2626 2044 2668; x_wconf 89' lang='lat' dir='ltr'><strong>ut</strong></span> <span class='ocrx_word' id='word_1_452' title='bbox 2086 2615 2272 2667; x_wconf 84' lang='lat' dir='ltr'><strong>audias</strong></span> <span class='ocrx_word' id='word_1_453' title='bbox 2308 2614 2376 2665; x_wconf 88' lang='lat' dir='ltr'><strong>ab</strong></span> <span class='ocrx_word' id='word_1_454' title='bbox 2426 2628 2489 2666; x_wconf 93' lang='lat' dir='ltr'><strong>eo</strong></span> <span class='ocrx_word' id='word_1_455' title='bbox 2518 2612 2608 2679; x_wconf 90' lang='lat' dir='ltr'><strong>qui</strong></span> <span class='ocrx_word' id='word_1_456' title='bbox 2666 2618 2718 2663; x_wconf 92' lang='lat' dir='ltr'><strong>te</strong></span> <span class='ocrx_word' id='word_1_457' title='bbox 2776 2608 3069 2662; x_wconf 78' lang='lat' dir='ltr'><strong>invitavit:</strong></span> <span class='ocrx_word' id='word_1_458' title='bbox 3103 2605 3305 2657; x_wconf 77' lang='lat' dir='ltr'><strong>Amice.</strong></span> 
     </span>
    </p>
   </div>
   <div class='ocr_carea' id='block_1_71' title="bbox 1784 2694 3306 2771">
    <p class='ocr_par' dir='ltr' id='par_1_71' title="bbox 1784 2694 3306 2771">
     <span class='ocr_line' id='line_1_71' title="bbox 1784 2694 3306 2771; baseline -0.011 -12"><span class='ocrx_word' id='word_1_459' title='bbox 1784 2703 2009 2759; x_wconf 88' lang='lat' dir='ltr'><strong>ascende</strong></span> <span class='ocrx_word' id='word_1_460' title='bbox 2038 2702 2307 2771; x_wconf 84' lang='lat' dir='ltr'><strong>superius.</strong></span> <span class='ocrx_word' id='word_1_461' title='bbox 2350 2701 2414 2754; x_wconf 87' lang='lat' dir='ltr'><strong>Et</strong></span> <span class='ocrx_word' id='word_1_462' title='bbox 2469 2702 2537 2754; x_wconf 88' lang='lat' dir='ltr'><strong>ita</strong></span> <span class='ocrx_word' id='word_1_463' title='bbox 2599 2700 2702 2753; x_wconf 91' lang='lat' dir='ltr'><strong>erit</strong></span> <span class='ocrx_word' id='word_1_464' title='bbox 2755 2700 2849 2753; x_wconf 90' lang='lat' dir='ltr'><strong>tibi</strong></span> <span class='ocrx_word' id='word_1_465' title='bbox 2896 2698 3065 2765; x_wconf 91' lang='lat' dir='ltr'><strong>gloria</strong></span> <span class='ocrx_word' id='word_1_466' title='bbox 3122 2694 3306 2746; x_wconf 76' lang='lat' dir='ltr'><strong>multa.</strong></span> 
     </span>
    </p>
   </div>
   <div class='ocr_carea' id='block_1_72' title="bbox 1784 2783 3312 2861">
    <p class='ocr_par' dir='ltr' id='par_1_72' title="bbox 1784 2783 3312 2861">
     <span class='ocr_line' id='line_1_72' title="bbox 1784 2783 3312 2861; baseline -0.008 -14"><span class='ocrx_word' id='word_1_467' title='bbox 1784 2794 1977 2847; x_wconf 86' lang='lat' dir='ltr'><strong>Lector</strong></span> <span class='ocrx_word' id='word_1_468' title='bbox 2034 2794 2196 2861; x_wconf 79' lang='lat' dir='ltr'><strong>igitur</strong></span> <span class='ocrx_word' id='word_1_469' title='bbox 2247 2792 2434 2845; x_wconf 86' lang='lat' dir='ltr'><strong>volens</strong></span> <span class='ocrx_word' id='word_1_470' title='bbox 2491 2797 2615 2842; x_wconf 85' lang='lat' dir='ltr'><strong>ante</strong></span> <span class='ocrx_word' id='word_1_471' title='bbox 2658 2787 2969 2841; x_wconf 81' lang='lat' dir='ltr'><strong>sacerdotes</strong></span> <span class='ocrx_word' id='word_1_472' title='bbox 3018 2783 3224 2845; x_wconf 85' lang='lat' dir='ltr'><strong>sedere,</strong></span> <span class='ocrx_word' id='word_1_473' title='bbox 3258 2793 3312 2836; x_wconf 81' lang='lat' dir='ltr'><strong>et</strong></span> 
     </span>
    </p>
   </div>
   <div class='ocr_carea' id='block_1_73' title="bbox 1783 2873 3308 2951">
    <p class='ocr_par' dir='ltr' id='par_1_73' title="bbox 1783 2873 3308 2951">
     <span class='ocr_line' id='line_1_73' title="bbox 1783 2873 3308 2951; baseline -0.009 -15"><span class='ocrx_word' id='word_1_474' title='bbox 1783 2892 1903 2951; x_wconf 86' lang='lat' dir='ltr'><strong>post</strong></span> <span class='ocrx_word' id='word_1_475' title='bbox 1932 2882 2241 2950; x_wconf 72' lang='lat' dir='ltr'><strong>praefecmm</strong></span> <span class='ocrx_word' id='word_1_476' title='bbox 2275 2881 2294 2918; x_wconf 73' lang='grc' dir='ltr'><em>τ</em></span> <span class='ocrx_word' id='word_1_477' title='bbox 2330 2878 2763 2940; x_wconf 86' lang='lat' dir='ltr'><strong>commemorari,</strong></span> <span class='ocrx_word' id='word_1_478' title='bbox 2796 2875 3085 2929; x_wconf 90' lang='lat' dir='ltr'><strong>Dominicis</strong></span> <span class='ocrx_word' id='word_1_479' title='bbox 3121 2873 3308 2927; x_wconf 79' lang='lat' dir='ltr'><strong>adver—</strong></span> 
     </span>
    </p>
   </div>
   <div class='ocr_carea' id='block_1_74' title="bbox 1784 2963 3305 3037">
    <p class='ocr_par' dir='ltr' id='par_1_74' title="bbox 1784 2963 3305 3037">
     <span class='ocr_line' id='line_1_74' title="bbox 1784 2963 3305 3037; baseline -0.006 -14"><span class='ocrx_word' id='word_1_480' title='bbox 1784 2979 1935 3024; x_wconf 80' lang='lat' dir='ltr'><strong>satur</strong></span> <span class='ocrx_word' id='word_1_481' title='bbox 1958 2969 2259 3037; x_wconf 60' lang='lat' dir='ltr'><strong>praeceptis.</strong></span> <span class='ocrx_word' id='word_1_482' title='bbox 2291 2967 2444 3032; x_wconf 85' lang='lat' dir='ltr'><strong>Quod</strong></span> <span class='ocrx_word' id='word_1_483' title='bbox 2472 2966 2541 3031; x_wconf 86' lang='lat' dir='ltr'><strong>si,</strong></span> <span class='ocrx_word' id='word_1_484' title='bbox 2591 2963 3041 3033; x_wconf 84' lang='lat' dir='ltr'><strong>quemadmodum</strong></span> <span class='ocrx_word' id='word_1_485' title='bbox 3096 2974 3305 3018; x_wconf 83' lang='lat' dir='ltr'><strong>narras.</strong></span> 
     </span>
    </p>
   </div>
   <div class='ocr_carea' id='block_1_75' title="bbox 1786 3051 3308 3125">
    <p class='ocr_par' dir='ltr' id='par_1_75' title="bbox 1786 3051 3308 3125">
     <span class='ocr_line' id='line_1_75' title="bbox 1786 3051 3308 3125; baseline -0.006 -14"><span class='ocrx_word' id='word_1_486' title='bbox 1786 3060 1950 3113; x_wconf 84' lang='lat' dir='ltr'><strong>lector</strong></span> <span class='ocrx_word' id='word_1_487' title='bbox 1980 3058 2034 3111; x_wconf 93' lang='lat' dir='ltr'><strong>in</strong></span> <span class='ocrx_word' id='word_1_488' title='bbox 2087 3058 2300 3125; x_wconf 77' lang='lat' dir='ltr'><strong>regione</strong></span> <span class='ocrx_word' id='word_1_489' title='bbox 2351 3056 2745 3125; x_wconf 76' lang='lat' dir='ltr'><strong>peregrinatur,</strong></span> <span class='ocrx_word' id='word_1_490' title='bbox 2800 3051 3041 3121; x_wconf 81' lang='lat' dir='ltr'><strong>praefecti</strong></span> <span class='ocrx_word' id='word_1_491' title='bbox 3076 3051 3252 3105; x_wconf 89' lang='lat' dir='ltr'><strong>locum</strong></span> <span class='ocrx_word' id='word_1_492' title='bbox 3285 3052 3308 3086; x_wconf 71' lang='grc'><strong>⁸</strong></span> 
     </span>
    </p>
   </div>
   <div class='ocr_carea' id='block_1_76' title="bbox 1784 3142 3310 3214">
    <p class='ocr_par' dir='ltr' id='par_1_76' title="bbox 1784 3142 3310 3214">
     <span class='ocr_line' id='line_1_76' title="bbox 1784 3142 3310 3214; baseline -0.007 -14"><span class='ocrx_word' id='word_1_493' title='bbox 1784 3148 2013 3214; x_wconf 87' lang='lat' dir='ltr'><strong>implens</strong></span> <span class='ocrx_word' id='word_1_494' title='bbox 2037 3184 2051 3208; x_wconf 89' lang='lat'><strong>,</strong></span> <span class='ocrx_word' id='word_1_495' title='bbox 2080 3146 2195 3200; x_wconf 89' lang='lat' dir='ltr'><strong>sine</strong></span> <span class='ocrx_word' id='word_1_496' title='bbox 2224 3144 2482 3212; x_wconf 90' lang='lat' dir='ltr'><strong>periculo,</strong></span> <span class='ocrx_word' id='word_1_497' title='bbox 2514 3143 2595 3195; x_wconf 78' lang='lat' dir='ltr'><strong>vel</strong></span> <span class='ocrx_word' id='word_1_498' title='bbox 2620 3143 2796 3211; x_wconf 89' lang='lat' dir='ltr'><strong>potius</strong></span> <span class='ocrx_word' id='word_1_499' title='bbox 2829 3142 3041 3205; x_wconf 89' lang='lat' dir='ltr'><strong>merito,</strong></span> <span class='ocrx_word' id='word_1_500' title='bbox 3090 3148 3310 3193; x_wconf 88' lang='lat' dir='ltr'><strong>conten-</strong></span> 
     </span>
    </p>
   </div>
   <div class='ocr_carea' id='block_1_77' title="bbox 1786 3230 3307 3291">
    <p class='ocr_par' dir='ltr' id='par_1_77' title="bbox 1786 3230 3307 3291">
     <span class='ocr_line' id='line_1_77' title="bbox 1786 3230 3307 3291; baseline -0.007 0"><span class='ocrx_word' id='word_1_501' title='bbox 1786 3240 1863 3291; x_wconf 88' lang='lat' dir='ltr'><strong>dit</strong></span> <span class='ocrx_word' id='word_1_502' title='bbox 1890 3246 2012 3289; x_wconf 83' lang='lat' dir='ltr'><strong>ante</strong></span> <span class='ocrx_word' id='word_1_503' title='bbox 2041 3235 2350 3289; x_wconf 88' lang='lat' dir='ltr'><strong>sacerdotes</strong></span> <span class='ocrx_word' id='word_1_504' title='bbox 2374 3234 2560 3287; x_wconf 88' lang='lat' dir='ltr'><strong>sedere</strong></span> <span class='ocrx_word' id='word_1_505' title='bbox 2587 3242 2641 3286; x_wconf 90' lang='lat' dir='ltr'><strong>et</strong></span> <span class='ocrx_word' id='word_1_506' title='bbox 2669 3230 3107 3291; x_wconf 85' lang='lat' dir='ltr'><strong>commemorari,</strong></span> <span class='ocrx_word' id='word_1_507' title='bbox 3148 3230 3307 3283; x_wconf 85' lang='lat' dir='ltr'><strong>veluti</strong></span> 
     </span>
    </p>
   </div>
   <div class='ocr_carea' id='block_1_78' title="bbox 1784 3320 3308 3391">
    <p class='ocr_par' dir='ltr' id='par_1_78' title="bbox 1784 3320 3308 3391">
     <span class='ocr_line' id='line_1_78' title="bbox 1784 3320 3308 3391; baseline -0.005 -13"><span class='ocrx_word' id='word_1_508' title='bbox 1784 3326 1959 3379; x_wconf 87' lang='lat' dir='ltr'><strong>locum</strong></span> <span class='ocrx_word' id='word_1_509' title='bbox 2016 3324 2264 3379; x_wconf 86' lang='lat' dir='ltr'><strong>obtinens</strong></span> <span class='ocrx_word' id='word_1_510' title='bbox 2321 3322 2459 3390; x_wconf 86' lang='lat' dir='ltr'><strong>ejus,</strong></span> <span class='ocrx_word' id='word_1_511' title='bbox 2523 3324 2610 3391; x_wconf 91' lang='lat' dir='ltr'><strong>qui</strong></span> <span class='ocrx_word' id='word_1_512' title='bbox 2661 3322 2933 3375; x_wconf 84' lang='lat' dir='ltr'><strong>mandavit</strong></span> <span class='ocrx_word' id='word_1_513' title='bbox 2985 3320 3033 3374; x_wconf 90' lang='lat' dir='ltr'><strong>ei</strong></span> <span class='ocrx_word' id='word_1_514' title='bbox 3092 3335 3308 3372; x_wconf 87' lang='lat' dir='ltr'><strong>munus.</strong></span> 
     </span>
    </p>
   </div>
   <div class='ocr_carea' id='block_1_79' title="bbox 1784 3413 3311 3483">
    <p class='ocr_par' dir='ltr' id='par_1_79' title="bbox 1784 3413 3311 3483">
     <span class='ocr_line' id='line_1_79' title="bbox 1784 3413 3311 3483; baseline -0.005 -16"><span class='ocrx_word' id='word_1_515' title='bbox 1784 3416 1946 3483; x_wconf 86' lang='lat' dir='ltr'><strong>quue</strong></span> <span class='ocrx_word' id='word_1_516' title='bbox 1975 3413 2278 3469; x_wconf 83' lang='lat' dir='ltr'><strong>ostenditur</strong></span> <span class='ocrx_word' id='word_1_517' title='bbox 2300 3427 2330 3465; x_wconf 93' lang='lat' dir='ltr'><strong>e</strong></span> <span class='ocrx_word' id='word_1_518' title='bbox 2360 3427 2564 3467; x_wconf 89' lang='lat' dir='ltr'><strong>canone</strong></span> <span class='ocrx_word' id='word_1_519' title='bbox 2599 3414 2827 3481; x_wconf 86' lang='lat' dir='ltr'><strong>septimo</strong></span> <span class='ocrx_word' id='word_1_520' title='bbox 2850 3420 3052 3466; x_wconf 83' lang='lat' dir='ltr'><strong>sanctae</strong></span> <span class='ocrx_word' id='word_1_521' title='bbox 3082 3420 3135 3465; x_wconf 86' lang='lat' dir='ltr'><strong>et</strong></span> <span class='ocrx_word' id='word_1_522' title='bbox 3166 3424 3311 3463; x_wconf 83' lang='lat' dir='ltr'><strong>oecu-</strong></span> 
     </span>
    </p>
   </div>
   <div class='ocr_carea' id='block_1_80' title="bbox 1783 3499 3309 3572">
    <p class='ocr_par' dir='ltr' id='par_1_80' title="bbox 1783 3499 3309 3572">
     <span class='ocr_line' id='line_1_80' title="bbox 1783 3499 3309 3572; baseline -0.007 -15"><span class='ocrx_word' id='word_1_523' title='bbox 1783 3505 2007 3557; x_wconf 86' lang='lat' dir='ltr'><strong>meuicae</strong></span> <span class='ocrx_word' id='word_1_524' title='bbox 2041 3512 2202 3556; x_wconf 75' lang='lat' dir='ltr'><strong>sextae</strong></span> <span class='ocrx_word' id='word_1_525' title='bbox 2232 3501 2444 3572; x_wconf 85' lang='lat' dir='ltr'><strong>synodi,</strong></span> <span class='ocrx_word' id='word_1_526' title='bbox 2464 3509 2798 3569; x_wconf 72' lang='lat' dir='ltr'><strong>congregatae</strong></span> <span class='ocrx_word' id='word_1_527' title='bbox 2829 3501 2882 3553; x_wconf 93' lang='lat' dir='ltr'><strong>in</strong></span> <span class='ocrx_word' id='word_1_528' title='bbox 2917 3499 3102 3553; x_wconf 87' lang='lat' dir='ltr'><strong>Trullo</strong></span> <span class='ocrx_word' id='word_1_529' title='bbox 3132 3502 3309 3566; x_wconf 78' lang='lat' dir='ltr'><strong>magni</strong></span> 
     </span>
    </p>
   </div>
   <div class='ocr_carea' id='block_1_81' title="bbox 1783 3586 3310 3661">
    <p class='ocr_par' dir='ltr' id='par_1_81' title="bbox 1783 3586 3310 3661">
     <span class='ocr_line' id='line_1_81' title="bbox 1783 3586 3310 3661; baseline -0.006 -19"><span class='ocrx_word' id='word_1_530' title='bbox 1783 3592 1987 3661; x_wconf 81' lang='lat' dir='ltr'><strong>palatii,</strong></span> <span class='ocrx_word' id='word_1_531' title='bbox 2016 3590 2130 3643; x_wconf 63' lang='lat' dir='ltr'><strong>haec</strong></span> <span class='ocrx_word' id='word_1_532' title='bbox 2180 3590 2233 3644; x_wconf 90' lang='lat' dir='ltr'><strong>in</strong></span> <span class='ocrx_word' id='word_1_533' title='bbox 2263 3598 2413 3657; x_wconf 89' lang='lat' dir='ltr'><strong>parte</strong></span> <span class='ocrx_word' id='word_1_534' title='bbox 2474 3588 2883 3657; x_wconf 85' lang='lat' dir='ltr'><strong>persequentis:</strong></span> <span class='ocrx_word' id='word_1_535' title='bbox 2924 3587 2979 3639; x_wconf 90' lang='lat' dir='ltr'><strong>In</strong></span> <span class='ocrx_word' id='word_1_536' title='bbox 3034 3586 3310 3641; x_wconf 60' lang='lat' dir='ltr'><strong>nonnulli.</strong></span> 
     </span>
    </p>
   </div>
   <div class='ocr_carea' id='block_1_82' title="bbox 1785 3674 3312 3735">
    <p class='ocr_par' dir='ltr' id='par_1_82' title="bbox 1785 3674 3312 3735">
     <span class='ocr_line' id='line_1_82' title="bbox 1785 3674 3312 3735; baseline -0.006 -2"><span class='ocrx_word' id='word_1_537' title='bbox 1785 3680 2042 3735; x_wconf 88' lang='lat' dir='ltr'><strong>Ecclesiis</strong></span> <span class='ocrx_word' id='word_1_538' title='bbox 2095 3679 2348 3733; x_wconf 87' lang='lat' dir='ltr'><strong>diacones</strong></span> <span class='ocrx_word' id='word_1_539' title='bbox 2411 3678 2582 3731; x_wconf 80' lang='lat' dir='ltr'><strong>ollicia</strong></span> <span class='ocrx_word' id='word_1_540' title='bbox 2667 3675 3036 3731; x_wconf 83' lang='lat' dir='ltr'><strong>ecclesiastica</strong></span> <span class='ocrx_word' id='word_1_541' title='bbox 3116 3674 3312 3727; x_wconf 82' lang='lat' dir='ltr'><strong>habere</strong></span> 
     </span>
    </p>
   </div>
   <div class='ocr_carea' id='block_1_83' title="bbox 1784 3763 3311 3831">
    <p class='ocr_par' dir='ltr' id='par_1_83' title="bbox 1784 3763 3311 3831">
     <span class='ocr_line' id='line_1_83' title="bbox 1784 3763 3311 3831; baseline -0.007 -10"><span class='ocrx_word' id='word_1_542' title='bbox 1784 3769 2102 3823; x_wconf 89' lang='lat' dir='ltr'><strong>didicimus:</strong></span> <span class='ocrx_word' id='word_1_543' title='bbox 2127 3778 2177 3822; x_wconf 90' lang='lat' dir='ltr'><strong>et</strong></span> <span class='ocrx_word' id='word_1_544' title='bbox 2206 3782 2269 3821; x_wconf 82' lang='lat' dir='ltr'><strong>ex</strong></span> <span class='ocrx_word' id='word_1_545' title='bbox 2304 3768 2402 3822; x_wconf 86' lang='lat' dir='ltr'><strong>hoc</strong></span> <span class='ocrx_word' id='word_1_546' title='bbox 2430 3767 2715 3820; x_wconf 88' lang='lat' dir='ltr'><strong>nonnullos</strong></span> <span class='ocrx_word' id='word_1_547' title='bbox 2745 3780 2954 3829; x_wconf 89' lang='lat' dir='ltr'><strong>eorum,</strong></span> <span class='ocrx_word' id='word_1_548' title='bbox 3007 3763 3311 3831; x_wconf 74' lang='lat' dir='ltr'><strong>arrogantia</strong></span> 
     </span>
    </p>
   </div>
   <div class='ocr_carea' id='block_1_84' title="bbox 1785 3852 3305 3924">
    <p class='ocr_par' dir='ltr' id='par_1_84' title="bbox 1785 3852 3305 3924">
     <span class='ocr_line' id='line_1_84' title="bbox 1785 3852 3305 3924; baseline -0.006 -12"><span class='ocrx_word' id='word_1_549' title='bbox 1785 3868 1837 3913; x_wconf 91' lang='lat' dir='ltr'><strong>et</strong></span> <span class='ocrx_word' id='word_1_550' title='bbox 1869 3860 2080 3912; x_wconf 88' lang='lat' dir='ltr'><strong>licentia</strong></span> <span class='ocrx_word' id='word_1_551' title='bbox 2110 3857 2294 3920; x_wconf 82' lang='lat' dir='ltr'><strong>fretos,</strong></span> <span class='ocrx_word' id='word_1_552' title='bbox 2320 3865 2441 3911; x_wconf 83' lang='lat' dir='ltr'><strong>ante</strong></span> <span class='ocrx_word' id='word_1_553' title='bbox 2478 3857 2819 3924; x_wconf 84' lang='lat' dir='ltr'><strong>presbyteros</strong></span> <span class='ocrx_word' id='word_1_554' title='bbox 2858 3854 3084 3907; x_wconf 77' lang='lat' dir='ltr'><strong>sedere:</strong></span> <span class='ocrx_word' id='word_1_555' title='bbox 3117 3852 3305 3906; x_wconf 82' lang='lat' dir='ltr'><strong>statui-</strong></span> 
     </span>
    </p>
   </div>
   <div class='ocr_carea' id='block_1_85' title="bbox 1787 3941 3311 4012">
    <p class='ocr_par' dir='ltr' id='par_1_85' title="bbox 1787 3941 3311 4012">
     <span class='ocr_line' id='line_1_85' title="bbox 1787 3941 3311 4012; baseline -0.006 -12"><span class='ocrx_word' id='word_1_556' title='bbox 1787 3962 1927 4010; x_wconf 90' lang='lat' dir='ltr'><strong>mus,</strong></span> <span class='ocrx_word' id='word_1_557' title='bbox 1954 3956 2010 3999; x_wconf 92' lang='lat' dir='ltr'><strong>ut</strong></span> <span class='ocrx_word' id='word_1_558' title='bbox 2041 3947 2321 4009; x_wconf 86' lang='lat' dir='ltr'><strong>diaconus,</strong></span> <span class='ocrx_word' id='word_1_559' title='bbox 2353 3945 2563 3998; x_wconf 83' lang='lat' dir='ltr'><strong>etiamsi</strong></span> <span class='ocrx_word' id='word_1_560' title='bbox 2623 3946 2676 3996; x_wconf 92' lang='lat' dir='ltr'><strong>in</strong></span> <span class='ocrx_word' id='word_1_561' title='bbox 2702 3943 2981 4012; x_wconf 83' lang='lat' dir='ltr'><strong>dignitate,</strong></span> <span class='ocrx_word' id='word_1_562' title='bbox 3012 3941 3067 3994; x_wconf 87' lang='lat' dir='ltr'><strong>id</strong></span> <span class='ocrx_word' id='word_1_563' title='bbox 3113 3949 3219 4005; x_wconf 87' lang='lat' dir='ltr'><strong>cst,</strong></span> <span class='ocrx_word' id='word_1_564' title='bbox 3258 3941 3311 3992; x_wconf 91' lang='lat' dir='ltr'><strong>iu</strong></span> 
     </span>
    </p>
   </div>
   <div class='ocr_carea' id='block_1_86' title="bbox 1787 4030 3310 4103">
    <p class='ocr_par' dir='ltr' id='par_1_86' title="bbox 1787 4030 3310 4103">
     <span class='ocr_line' id='line_1_86' title="bbox 1787 4030 3310 4103; baseline -0.006 -15"><span class='ocrx_word' id='word_1_565' title='bbox 1787 4036 1980 4103; x_wconf 87' lang='lat' dir='ltr'><strong>quovis</strong></span> <span class='ocrx_word' id='word_1_566' title='bbox 2015 4036 2084 4088; x_wconf 81' lang='lat' dir='ltr'><strong>sit</strong></span> <span class='ocrx_word' id='word_1_567' title='bbox 2122 4033 2296 4087; x_wconf 81' lang='lat' dir='ltr'><strong>oﬂicio</strong></span> <span class='ocrx_word' id='word_1_568' title='bbox 2328 4032 2716 4090; x_wconf 82' lang='lat' dir='ltr'><strong>ecclesiastica,</strong></span> <span class='ocrx_word' id='word_1_569' title='bbox 2779 4040 2899 4083; x_wconf 88' lang='lat' dir='ltr'><strong>ante</strong></span> <span class='ocrx_word' id='word_1_570' title='bbox 2943 4030 3310 4099; x_wconf 78' lang='lat' dir='ltr'><strong>presbyterum</strong></span> 
     </span>
    </p>
   </div>
   <div class='ocr_carea' id='block_1_87' title="bbox 1788 4117 3311 4187">
    <p class='ocr_par' dir='ltr' id='par_1_87' title="bbox 1788 4117 3311 4187">
     <span class='ocr_line' id='line_1_87' title="bbox 1788 4117 3311 4187; baseline -0.005 -13"><span class='ocrx_word' id='word_1_571' title='bbox 1788 4137 1852 4174; x_wconf 92' lang='lat' dir='ltr'><strong>ne</strong></span> <span class='ocrx_word' id='word_1_572' title='bbox 1886 4121 2098 4174; x_wconf 82' lang='lat' dir='ltr'><strong>sedeat:</strong></span> <span class='ocrx_word' id='word_1_573' title='bbox 2139 4128 2517 4187; x_wconf 80' lang='lat' dir='ltr'><strong>praeterquam,</strong></span> <span class='ocrx_word' id='word_1_574' title='bbox 2540 4119 2610 4172; x_wconf 86' lang='lat' dir='ltr'><strong>sit</strong></span> <span class='ocrx_word' id='word_1_575' title='bbox 2640 4117 2839 4187; x_wconf 88' lang='lat' dir='ltr'><strong>proprii</strong></span> <span class='ocrx_word' id='word_1_576' title='bbox 2863 4117 3200 4186; x_wconf 67' lang='lat' dir='ltr'><strong>patriarchae,</strong></span> <span class='ocrx_word' id='word_1_577' title='bbox 3232 4119 3311 4167; x_wconf 84' lang='lat' dir='ltr'><strong>vel</strong></span> 
     </span>
    </p>
   </div>
   <div class='ocr_carea' id='block_1_88' title="bbox 1789 4205 3311 4277">
    <p class='ocr_par' dir='ltr' id='par_1_88' title="bbox 1789 4205 3311 4277">
     <span class='ocr_line' id='line_1_88' title="bbox 1789 4205 3311 4277; baseline -0.005 -14"><span class='ocrx_word' id='word_1_578' title='bbox 1789 4209 2181 4277; x_wconf 74' lang='lat' dir='ltr'><strong>metropolitani</strong></span> <span class='ocrx_word' id='word_1_579' title='bbox 2212 4212 2378 4261; x_wconf 84' lang='lat' dir='ltr'><strong>vicem</strong></span> <span class='ocrx_word' id='word_1_580' title='bbox 2415 4223 2628 4276; x_wconf 79' lang='lat' dir='ltr'><strong>gerens,</strong></span> <span class='ocrx_word' id='word_1_581' title='bbox 2675 4207 2814 4261; x_wconf 87' lang='lat' dir='ltr'><strong>adsit</strong></span> <span class='ocrx_word' id='word_1_582' title='bbox 2846 4207 2897 4259; x_wconf 92' lang='lat' dir='ltr'><strong>in</strong></span> <span class='ocrx_word' id='word_1_583' title='bbox 2946 4206 3049 4258; x_wconf 77' lang='lat' dir='ltr'><strong>alia</strong></span> <span class='ocrx_word' id='word_1_584' title='bbox 3097 4205 3311 4258; x_wconf 85' lang='lat' dir='ltr'><strong>civitate</strong></span> 
     </span>
    </p>
   </div>
   <div class='ocr_carea' id='block_1_89' title="bbox 1792 4292 3311 4365">
    <p class='ocr_par' dir='ltr' id='par_1_89' title="bbox 1792 4292 3311 4365">
     <span class='ocr_line' id='line_1_89' title="bbox 1792 4292 3311 4365; baseline -0.005 -12"><span class='ocrx_word' id='word_1_585' title='bbox 1792 4314 1953 4365; x_wconf 76' lang='lat' dir='ltr'><strong>Super</strong></span> <span class='ocrx_word' id='word_1_586' title='bbox 1980 4300 2159 4365; x_wconf 89' lang='lat' dir='ltr'><strong>aliquo</strong></span> <span class='ocrx_word' id='word_1_587' title='bbox 2186 4298 2376 4364; x_wconf 87' lang='lat' dir='ltr'><strong>capite.</strong></span> <span class='ocrx_word' id='word_1_588' title='bbox 2426 4296 2577 4349; x_wconf 89' lang='lat' dir='ltr'><strong>Tunc</strong></span> <span class='ocrx_word' id='word_1_589' title='bbox 2640 4296 2805 4359; x_wconf 88' lang='lat' dir='ltr'><strong>enim,</strong></span> <span class='ocrx_word' id='word_1_590' title='bbox 2839 4303 2899 4348; x_wconf 92' lang='lat' dir='ltr'><strong>ut</strong></span> <span class='ocrx_word' id='word_1_591' title='bbox 2956 4294 3127 4348; x_wconf 88' lang='lat' dir='ltr'><strong>locum</strong></span> <span class='ocrx_word' id='word_1_592' title='bbox 3170 4292 3311 4345; x_wconf 83' lang='lat' dir='ltr'><strong>illius</strong></span> 
     </span>
    </p>
   </div>
   <div class='ocr_carea' id='block_1_90' title="bbox 1790 4386 2434 4455">
    <p class='ocr_par' dir='ltr' id='par_1_90' title="bbox 1790 4386 2434 4455">
     <span class='ocr_line' id='line_1_90' title="bbox 1790 4386 2434 4455; baseline -0.003 -16"><span class='ocrx_word' id='word_1_593' title='bbox 1790 4388 2035 4455; x_wconf 75' lang='lat' dir='ltr'><strong>impletis,</strong></span> <span class='ocrx_word' id='word_1_594' title='bbox 2066 4386 2434 4438; x_wconf 79' lang='lat' dir='ltr'><strong>ltouorabitttr.</strong></span> 
     </span>
    </p>
   </div>
   <div class='ocr_carea' id='block_1_91' title="bbox 234 4452 1702 4564">
    <p class='ocr_par' dir='ltr' id='par_1_91' title="bbox 234 4475 1682 4552">
     <span class='ocr_line' id='line_1_91' title="bbox 234 4475 1682 4552; baseline 0.006 -24"><span class='ocrx_word' id='word_1_595' title='bbox 234 4475 429 4544; x_wconf 82' lang='grc' dir='ltr'><strong>Ἐρώτ.</strong></span> <span class='ocrx_word' id='word_1_596' title='bbox 482 4476 580 4545; x_wconf 68' lang='grc' dir='ltr'><strong>ξβν.</strong></span> <span class='ocrx_word' id='word_1_597' title='bbox 643 4477 1055 4552; x_wconf 86' lang='grc' dir='ltr'><strong>’Δγροικὼτερος</strong></span> <span class='ocrx_word' id='word_1_598' title='bbox 1123 4484 1296 4551; x_wconf 81' lang='grc' dir='ltr'><strong>ίερεὺς</strong></span> <span class='ocrx_word' id='word_1_599' title='bbox 1361 4485 1453 4536; x_wconf 84' lang='grc' dir='ltr'><strong>ἐὰν</strong></span> <span class='ocrx_word' id='word_1_600' title='bbox 1504 4483 1682 4551; x_wconf 78' lang='grc' dir='ltr'><strong>τρίτου</strong></span> 
     </span>
    </p>
   </div>
   <div class='ocr_carea' id='block_1_92' title="bbox 1783 4452 3313 4564">
    <p class='ocr_par' dir='ltr' id='par_1_92' title="bbox 1860 4493 3313 4564">
     <span class='ocr_line' id='line_1_92' title="bbox 1860 4493 3313 4564; baseline -0.004 -15"><span class='ocrx_word' id='word_1_601' title='bbox 1860 4496 2053 4549; x_wconf 78' lang='lat' dir='ltr'><strong>Interr.</strong></span> <span class='ocrx_word' id='word_1_602' title='bbox 2093 4496 2179 4549; x_wconf 66' lang='grc'><strong>62.</strong></span> <span class='ocrx_word' id='word_1_603' title='bbox 2210 4496 2484 4564; x_wconf 79' lang='lat' dir='ltr'><strong>Agrestior</strong></span> <span class='ocrx_word' id='word_1_604' title='bbox 2511 4495 2763 4549; x_wconf 87' lang='lat' dir='ltr'><strong>sacerdos</strong></span> <span class='ocrx_word' id='word_1_605' title='bbox 2785 4495 2828 4548; x_wconf 89' lang='lat' dir='ltr'><strong>si</strong></span> <span class='ocrx_word' id='word_1_606' title='bbox 2864 4494 3007 4547; x_wconf 84' lang='lat' dir='ltr'><strong>tertii</strong></span> <span class='ocrx_word' id='word_1_607' title='bbox 3035 4493 3313 4545; x_wconf 83' lang='lat' dir='ltr'><strong>matrime-</strong></span> 
     </span>
    </p>
   </div>
   <div class='ocr_carea' id='block_1_93' title="bbox 158 4564 1683 4641">
    <p class='ocr_par' dir='ltr' id='par_1_93' title="bbox 158 4564 1683 4641">
     <span class='ocr_line' id='line_1_93' title="bbox 158 4564 1683 4641; baseline 0.007 -28"><span class='ocrx_word' id='word_1_608' title='bbox 158 4564 326 4629; x_wconf 78' lang='grc' dir='ltr'><strong>γάμου</strong></span> <span class='ocrx_word' id='word_1_609' title='bbox 386 4567 680 4634; x_wconf 88' lang='grc' dir='ltr'><strong>ίερολογίαν</strong></span> <span class='ocrx_word' id='word_1_610' title='bbox 747 4572 976 4640; x_wconf 79' lang='grc' dir='ltr'><strong>ποιήσῃ,</strong></span> <span class='ocrx_word' id='word_1_611' title='bbox 1037 4573 1133 4640; x_wconf 76' lang='grc' dir='ltr'><strong>τὴν</strong></span> <span class='ocrx_word' id='word_1_612' title='bbox 1197 4576 1549 4641; x_wconf 89' lang='grc' dir='ltr'><strong>τριτογαμίαν</strong></span> <span class='ocrx_word' id='word_1_613' title='bbox 1607 4575 1683 4624; x_wconf 86' lang='grc' dir='ltr'><strong>εί·</strong></span> 
     </span>
    </p>
   </div>
   <div class='ocr_carea' id='block_1_94' title="bbox 156 4651 1684 4728">
    <p class='ocr_par' dir='ltr' id='par_1_94' title="bbox 156 4651 1684 4728">
     <span class='ocr_line' id='line_1_94' title="bbox 156 4651 1684 4728; baseline 0.007 -27"><span class='ocrx_word' id='word_1_614' title='bbox 156 4651 273 4714; x_wconf 72' lang='grc' dir='ltr'><strong>δὼς,</strong></span> <span class='ocrx_word' id='word_1_615' title='bbox 319 4654 619 4725; x_wconf 85' lang='grc' dir='ltr'><strong>κολασθείη,</strong></span> <span class='ocrx_word' id='word_1_616' title='bbox 667 4655 698 4724; x_wconf 80' lang='grc' dir='ltr'><strong>ἥ</strong></span> <span class='ocrx_word' id='word_1_617' title='bbox 745 4657 818 4719; x_wconf 81' lang='grc' dir='ltr'><strong>ὡς</strong></span> <span class='ocrx_word' id='word_1_618' title='bbox 850 4659 1106 4728; x_wconf 88' lang='grc' dir='ltr'><strong>χωρίτης,</strong></span> <span class='ocrx_word' id='word_1_619' title='bbox 1155 4658 1476 4728; x_wconf 66' lang='grc' dir='ltr'><strong>συγγνώμης</strong></span> <span class='ocrx_word' id='word_1_620' title='bbox 1522 4661 1684 4726; x_wconf 77' lang='grc' dir='ltr'><strong>ἀξιω-</strong></span> 
     </span>
    </p>
   </div>
   <div class='ocr_carea' id='block_1_95' title="bbox 158 4740 1487 4807">
    <p class='ocr_par' dir='ltr' id='par_1_95' title="bbox 158 4740 1487 4807">
     <span class='ocr_line' id='line_1_95' title="bbox 158 4740 1487 4807; baseline 0.002 -19"><span class='ocrx_word' id='word_1_621' title='bbox 158 4740 371 4807; x_wconf 80' lang='grc' dir='ltr'><strong>θήσεται</strong></span> <span class='ocrx_word' id='word_1_622' title='bbox 400 4760 416 4807; x_wconf 83' lang='grc'><strong>;</strong></span> <span class='ocrx_word' id='word_1_623' title='bbox 1484 4752 1487 4753; x_wconf 65' lang='grc'><strong><em>⁷</em></strong></span> 
     </span>
    </p>
   </div>
   <div class='ocr_carea' id='block_1_96' title="bbox 232 4852 1681 4926">
    <p class='ocr_par' dir='ltr' id='par_1_96' title="bbox 232 4852 1681 4926">
     <span class='ocr_line' id='line_1_96' title="bbox 232 4852 1681 4926; baseline 0.005 -22"><span class='ocrx_word' id='word_1_624' title='bbox 232 4852 430 4906; x_wconf 58' lang='grc' dir='ltr'><strong>Ἀπόνι.</strong></span> <span class='ocrx_word' id='word_1_625' title='bbox 482 4852 540 4904; x_wconf 91' lang='lat'><strong>&#39;0</strong></span> <span class='ocrx_word' id='word_1_626' title='bbox 588 4853 685 4921; x_wconf 84' lang='grc' dir='ltr'><strong>μὲν</strong></span> <span class='ocrx_word' id='word_1_627' title='bbox 738 4855 937 4922; x_wconf 78' lang='grc' dir='ltr'><strong>φάκτον</strong></span> <span class='ocrx_word' id='word_1_628' title='bbox 982 4857 1247 4926; x_wconf 81' lang='grc' dir='ltr'><strong>ἀγνοήσας</strong></span> <span class='ocrx_word' id='word_1_629' title='bbox 1268 4896 1280 4918; x_wconf 88' lang='grc'><strong>,</strong></span> <span class='ocrx_word' id='word_1_630' title='bbox 1323 4852 1433 4919; x_wconf 78' lang='grc' dir='ltr'><strong>οἷος</strong></span> <span class='ocrx_word' id='word_1_631' title='bbox 1478 4858 1543 4910; x_wconf 79' lang='grc' dir='ltr'><strong>ἂν</strong></span> <span class='ocrx_word' id='word_1_632' title='bbox 1588 4859 1681 4911; x_wconf 71' lang='grc' dir='ltr'><strong>καὶ</strong></span> 
     </span>
    </p>
   </div>
   <div class='ocr_carea' id='block_1_97' title="bbox 158 4939 1684 5017">
    <p class='ocr_par' dir='ltr' id='par_1_97' title="bbox 158 4939 1684 5017">
     <span class='ocr_line' id='line_1_97' title="bbox 158 4939 1684 5017; baseline 0.008 -29"><span class='ocrx_word' id='word_1_633' title='bbox 158 4939 318 5003; x_wconf 81' lang='grc' dir='ltr'><strong>ἐστιν,</strong></span> <span class='ocrx_word' id='word_1_634' title='bbox 358 4941 594 5005; x_wconf 77' lang='grc' dir='ltr'><strong>ἀξιοῦται</strong></span> <span class='ocrx_word' id='word_1_635' title='bbox 639 4944 776 4996; x_wconf 80' lang='grc' dir='ltr'><strong>κατὰ</strong></span> <span class='ocrx_word' id='word_1_636' title='bbox 826 4944 1019 5013; x_wconf 91' lang='grc' dir='ltr'><strong>νόμους</strong></span> <span class='ocrx_word' id='word_1_637' title='bbox 1062 4947 1413 5017; x_wconf 76' lang='grc' dir='ltr'><strong>συγγνώμηςο</strong></span> <span class='ocrx_word' id='word_1_638' title='bbox 1448 4950 1477 4999; x_wconf 89' lang='grc' dir='ltr'><strong>ό</strong></span> <span class='ocrx_word' id='word_1_639' title='bbox 1510 4947 1566 5000; x_wconf 84' lang='grc' dir='ltr'><strong>δὲ</strong></span> <span class='ocrx_word' id='word_1_640' title='bbox 1594 4948 1684 4999; x_wconf 83' lang='grc' dir='ltr'><strong>νό-</strong></span> 
     </span>
    </p>
   </div>
   <div class='ocr_carea' id='block_1_98' title="bbox 161 5031 1683 5105">
    <p class='ocr_par' dir='ltr' id='par_1_98' title="bbox 161 5031 1683 5105">
     <span class='ocr_line' id='line_1_98' title="bbox 161 5031 1683 5105; baseline 0.008 -26"><span class='ocrx_word' id='word_1_641' title='bbox 161 5044 256 5093; x_wconf 89' lang='grc' dir='ltr'><strong>μον</strong></span> <span class='ocrx_word' id='word_1_642' title='bbox 308 5031 379 5097; x_wconf 85' lang='grc' dir='ltr'><strong>ἀγ</strong></span> <span class='ocrx_word' id='word_1_643' title='bbox 392 5034 607 5100; x_wconf 83' lang='grc' dir='ltr'><strong>νοήσας,</strong></span> <span class='ocrx_word' id='word_1_644' title='bbox 638 5034 698 5084; x_wconf 73' lang='grc' dir='ltr'><strong>οὐ</strong></span> <span class='ocrx_word' id='word_1_645' title='bbox 731 5035 1170 5101; x_wconf 87' lang='grc' dir='ltr'><strong>συγγινώσκεται.</strong></span> <span class='ocrx_word' id='word_1_646' title='bbox 1210 5037 1357 5089; x_wconf 77' lang='grc' dir='ltr'><strong>Ἐπεὶ</strong></span> <span class='ocrx_word' id='word_1_647' title='bbox 1376 5037 1429 5089; x_wconf 80' lang='grc' dir='ltr'><strong>δέ</strong></span> <span class='ocrx_word' id='word_1_648' title='bbox 1470 5038 1575 5089; x_wconf 80' lang='grc' dir='ltr'><strong>ἀπὸ</strong></span> <span class='ocrx_word' id='word_1_649' title='bbox 1589 5038 1683 5105; x_wconf 82' lang='grc' dir='ltr'><strong>τῆς</strong></span> 
     </span>
    </p>
   </div>
   <div class='ocr_carea' id='block_1_99' title="bbox 158 5118 1677 5196">
    <p class='ocr_par' dir='ltr' id='par_1_99' title="bbox 158 5118 1677 5196">
     <span class='ocr_line' id='line_1_99' title="bbox 158 5118 1677 5196; baseline 0.008 -28"><span class='ocrx_word' id='word_1_650' title='bbox 158 5118 363 5187; x_wconf 73' lang='grc' dir='ltr'><strong>Νεαρᾶς</strong></span> <span class='ocrx_word' id='word_1_651' title='bbox 384 5122 831 5195; x_wconf 55' lang='grc' dir='ltr'><strong>νομοθεσίας,τοῦ</strong></span> <span class='ocrx_word' id='word_1_652' title='bbox 891 5125 1129 5194; x_wconf 81' lang='grc' dir='ltr'><strong>ἀοιδίμου</strong></span> <span class='ocrx_word' id='word_1_653' title='bbox 1187 5127 1441 5196; x_wconf 83' lang='grc' dir='ltr'><strong>βασιλέως</strong></span> <span class='ocrx_word' id='word_1_654' title='bbox 1493 5129 1677 5196; x_wconf 86' lang='grc' dir='ltr'><strong>κυρίου</strong></span> 
     </span>
    </p>
   </div>
   <div class='ocr_carea' id='block_1_100' title="bbox 159 5206 1676 5284">
    <p class='ocr_par' dir='ltr' id='par_1_100' title="bbox 159 5206 1676 5284">
     <span class='ocr_line' id='line_1_100' title="bbox 159 5206 1676 5284; baseline 0.007 -27"><span class='ocrx_word' id='word_1_655' title='bbox 159 5206 552 5261; x_wconf 82' lang='grc' dir='ltr'><strong>Κωνσταντίνου</strong></span> <span class='ocrx_word' id='word_1_656' title='bbox 584 5210 675 5262; x_wconf 84' lang='grc' dir='ltr'><strong>τοῦ</strong></span> <span class='ocrx_word' id='word_1_657' title='bbox 727 5212 1232 5283; x_wconf 78' lang='grc' dir='ltr'><strong>Πορφυρογεννήτου</strong></span> <span class='ocrx_word' id='word_1_658' title='bbox 1277 5215 1304 5266; x_wconf 88' lang='grc' dir='ltr'><strong>ό</strong></span> <span class='ocrx_word' id='word_1_659' title='bbox 1350 5216 1528 5284; x_wconf 86' lang='grc' dir='ltr'><strong>τρίτος</strong></span> <span class='ocrx_word' id='word_1_660' title='bbox 1575 5216 1676 5281; x_wconf 86' lang='grc' dir='ltr'><strong>γά-</strong></span> 
     </span>
    </p>
   </div>
   <div class='ocr_carea' id='block_1_101' title="bbox 161 5297 1679 5371">
    <p class='ocr_par' dir='ltr' id='par_1_101' title="bbox 161 5297 1679 5371">
     <span class='ocr_line' id='line_1_101' title="bbox 161 5297 1679 5371; baseline 0.007 -25"><span class='ocrx_word' id='word_1_661' title='bbox 161 5310 251 5356; x_wconf 81' lang='grc' dir='ltr'><strong>μος</strong></span> <span class='ocrx_word' id='word_1_662' title='bbox 278 5314 351 5364; x_wconf 86' lang='grc' dir='ltr'><strong>πη</strong></span> <span class='ocrx_word' id='word_1_663' title='bbox 390 5297 486 5365; x_wconf 79' lang='grc' dir='ltr'><strong>μὲν</strong></span> <span class='ocrx_word' id='word_1_664' title='bbox 510 5301 875 5365; x_wconf 81' lang='grc' dir='ltr'><strong>συγγνωστέος</strong></span> <span class='ocrx_word' id='word_1_665' title='bbox 922 5303 1055 5366; x_wconf 85' lang='grc' dir='ltr'><strong>ἐστὶ,</strong></span> <span class='ocrx_word' id='word_1_666' title='bbox 1106 5303 1180 5371; x_wconf 77' lang='grc' dir='ltr'><strong>πῆ</strong></span> <span class='ocrx_word' id='word_1_667' title='bbox 1212 5302 1268 5355; x_wconf 86' lang='grc' dir='ltr'><strong>δέ</strong></span> <span class='ocrx_word' id='word_1_668' title='bbox 1306 5304 1679 5371; x_wconf 83' lang='grc' dir='ltr'><strong>ἀσύγγνωστος</strong></span> 
     </span>
    </p>
   </div>
   <div class='ocr_carea' id='block_1_102' title="bbox 158 5387 1678 5465">
    <p class='ocr_par' dir='ltr' id='par_1_102' title="bbox 158 5387 1678 5465">
     <span class='ocr_line' id='line_1_102' title="bbox 158 5387 1678 5465; baseline 0.007 -26"><span class='ocrx_word' id='word_1_669' title='bbox 158 5387 222 5451; x_wconf 58' lang='lat' dir='ltr'><strong>(vi</strong></span> <span class='ocrx_word' id='word_1_670' title='bbox 256 5388 361 5456; x_wconf 80' lang='grc' dir='ltr'><strong>γὰρ</strong></span> <span class='ocrx_word' id='word_1_671' title='bbox 392 5388 604 5457; x_wconf 76' lang='grc' dir='ltr'><strong>ἔχοντες</strong></span> <span class='ocrx_word' id='word_1_672' title='bbox 630 5391 817 5455; x_wconf 84' lang='grc' dir='ltr'><strong>παῖδας</strong></span> <span class='ocrx_word' id='word_1_673' title='bbox 843 5392 906 5445; x_wconf 87' lang='grc' dir='ltr'><strong>ἐκ</strong></span> <span class='ocrx_word' id='word_1_674' title='bbox 931 5396 1141 5462; x_wconf 80' lang='grc' dir='ltr'><strong>πρώτου</strong></span> <span class='ocrx_word' id='word_1_675' title='bbox 1196 5396 1226 5464; x_wconf 79' lang='grc' dir='ltr'><strong>ἢ</strong></span> <span class='ocrx_word' id='word_1_676' title='bbox 1278 5397 1524 5465; x_wconf 79' lang='grc' dir='ltr'><strong>δευτέρου</strong></span> <span class='ocrx_word' id='word_1_677' title='bbox 1569 5397 1678 5463; x_wconf 85' lang='grc' dir='ltr'><strong>γά-</strong></span> 
     </span>
    </p>
   </div>
   <div class='ocr_carea' id='block_1_103' title="bbox 1788 4581 3310 4649">
    <p class='ocr_par' dir='ltr' id='par_1_103' title="bbox 1788 4581 3310 4649">
     <span class='ocr_line' id='line_1_103' title="bbox 1788 4581 3310 4649; baseline -0.005 -10"><span class='ocrx_word' id='word_1_678' title='bbox 1788 4587 1867 4639; x_wconf 88' lang='lat' dir='ltr'><strong>nii</strong></span> <span class='ocrx_word' id='word_1_679' title='bbox 1901 4600 2110 4639; x_wconf 83' lang='lat' dir='ltr'><strong>sacram</strong></span> <span class='ocrx_word' id='word_1_680' title='bbox 2144 4583 2565 4638; x_wconf 83' lang='lat' dir='ltr'><strong>benedictionem</strong></span> <span class='ocrx_word' id='word_1_681' title='bbox 2594 4584 2768 4636; x_wconf 88' lang='lat' dir='ltr'><strong>sciens</strong></span> <span class='ocrx_word' id='word_1_682' title='bbox 2799 4582 3005 4646; x_wconf 83' lang='lat' dir='ltr'><strong>fecerit,</strong></span> <span class='ocrx_word' id='word_1_683' title='bbox 3036 4581 3310 4649; x_wconf 85' lang='lat' dir='ltr'><strong>punietur,</strong></span> 
     </span>
    </p>
   </div>
   <div class='ocr_carea' id='block_1_104' title="bbox 1789 4671 2845 4737">
    <p class='ocr_par' dir='ltr' id='par_1_104' title="bbox 1789 4671 2845 4737">
     <span class='ocr_line' id='line_1_104' title="bbox 1789 4671 2845 4737; baseline -0.004 -12"><span class='ocrx_word' id='word_1_684' title='bbox 1789 4689 1878 4737; x_wconf 90' lang='lat' dir='ltr'><strong>an,</strong></span> <span class='ocrx_word' id='word_1_685' title='bbox 1905 4682 1963 4726; x_wconf 94' lang='lat' dir='ltr'><strong>ut</strong></span> <span class='ocrx_word' id='word_1_686' title='bbox 1998 4672 2253 4736; x_wconf 88' lang='lat' dir='ltr'><strong>rusticus,</strong></span> <span class='ocrx_word' id='word_1_687' title='bbox 2289 4671 2493 4724; x_wconf 82' lang='lat' dir='ltr'><strong>veniam</strong></span> <span class='ocrx_word' id='word_1_688' title='bbox 2518 4671 2845 4724; x_wconf 80' lang='lat' dir='ltr'><strong>uterebitur?</strong></span> 
     </span>
    </p>
   </div>
   <div class='ocr_carea' id='block_1_105' title="bbox 1851 4862 3310 4933">
    <p class='ocr_par' dir='ltr' id='par_1_105' title="bbox 1851 4862 3310 4933">
     <span class='ocr_line' id='line_1_105' title="bbox 1851 4862 3310 4933; baseline -0.002 -13"><span class='ocrx_word' id='word_1_689' title='bbox 1851 4866 2004 4933; x_wconf 81' lang='lat' dir='ltr'><strong>Resp.</strong></span> <span class='ocrx_word' id='word_1_690' title='bbox 2025 4862 2124 4930; x_wconf 89' lang='lat' dir='ltr'><strong>Qui</strong></span> <span class='ocrx_word' id='word_1_691' title='bbox 2145 4863 2339 4918; x_wconf 88' lang='lat' dir='ltr'><strong>factum</strong></span> <span class='ocrx_word' id='word_1_692' title='bbox 2363 4866 2565 4931; x_wconf 86' lang='lat' dir='ltr'><strong>ignorat</strong></span> <span class='ocrx_word' id='word_1_693' title='bbox 2585 4864 2968 4933; x_wconf 86' lang='lat' dir='ltr'><strong>qualiscunque</strong></span> <span class='ocrx_word' id='word_1_694' title='bbox 2986 4864 3078 4927; x_wconf 89' lang='lat' dir='ltr'><strong>sit,</strong></span> <span class='ocrx_word' id='word_1_695' title='bbox 3106 4863 3310 4933; x_wconf 81' lang='lat' dir='ltr'><strong>legibus</strong></span> 
     </span>
    </p>
   </div>
   <div class='ocr_carea' id='block_1_106' title="bbox 1785 4953 3308 5022">
    <p class='ocr_par' dir='ltr' id='par_1_106' title="bbox 1785 4953 3308 5022">
     <span class='ocr_line' id='line_1_106' title="bbox 1785 4953 3308 5022; baseline -0.001 -16"><span class='ocrx_word' id='word_1_696' title='bbox 1785 4964 2075 5008; x_wconf 79' lang='lat' dir='ltr'><strong>excusatur</strong></span> <span class='ocrx_word' id='word_1_697' title='bbox 2106 4971 2118 5006; x_wconf 94' lang='lat'>:</span> <span class='ocrx_word' id='word_1_698' title='bbox 2155 4954 2244 5022; x_wconf 90' lang='lat' dir='ltr'><strong>qui</strong></span> <span class='ocrx_word' id='word_1_699' title='bbox 2276 4963 2449 5007; x_wconf 88' lang='lat' dir='ltr'><strong>autem</strong></span> <span class='ocrx_word' id='word_1_700' title='bbox 2476 4955 2644 5021; x_wconf 65' lang='lat' dir='ltr'><strong>legem</strong></span> <span class='ocrx_word' id='word_1_701' title='bbox 2679 4953 2906 5021; x_wconf 85' lang='lat' dir='ltr'><strong>ignorat,</strong></span> <span class='ocrx_word' id='word_1_702' title='bbox 2943 4954 3152 5007; x_wconf 88' lang='lat' dir='ltr'><strong>veniam</strong></span> <span class='ocrx_word' id='word_1_703' title='bbox 3203 4970 3308 5005; x_wconf 81' lang='lat' dir='ltr'><strong>nou</strong></span> 
     </span>
    </p>
   </div>
   <div class='ocr_carea' id='block_1_107' title="bbox 1787 5041 3310 5110">
    <p class='ocr_par' dir='ltr' id='par_1_107' title="bbox 1787 5041 3310 5110">
     <span class='ocr_line' id='line_1_107' title="bbox 1787 5041 3310 5110; baseline -0.001 -15"><span class='ocrx_word' id='word_1_704' title='bbox 1787 5043 2160 5110; x_wconf 87' lang='lat' dir='ltr'><strong>consequitur.</strong></span> <span class='ocrx_word' id='word_1_705' title='bbox 2202 5041 2464 5105; x_wconf 88' lang='lat' dir='ltr'><strong>Quoniam</strong></span> <span class='ocrx_word' id='word_1_706' title='bbox 2489 5049 2666 5094; x_wconf 88' lang='lat' dir='ltr'><strong>autem</strong></span> <span class='ocrx_word' id='word_1_707' title='bbox 2686 5042 2898 5095; x_wconf 86' lang='lat' dir='ltr'><strong>Novella</strong></span> <span class='ocrx_word' id='word_1_708' title='bbox 2923 5042 3310 5095; x_wconf 86' lang='lat' dir='ltr'><strong>constitutione</strong></span> 
     </span>
    </p>
   </div>
   <div class='ocr_carea' id='block_1_108' title="bbox 1788 5128 3312 5200">
    <p class='ocr_par' dir='ltr' id='par_1_108' title="bbox 1788 5128 3312 5200">
     <span class='ocr_line' id='line_1_108' title="bbox 1788 5128 3312 5200; baseline 0.001 -20"><span class='ocrx_word' id='word_1_709' title='bbox 1788 5129 1974 5197; x_wconf 85' lang='lat' dir='ltr'><strong>inclyti</strong></span> <span class='ocrx_word' id='word_1_710' title='bbox 2002 5128 2359 5196; x_wconf 90' lang='lat' dir='ltr'><strong>imperatoris,</strong></span> <span class='ocrx_word' id='word_1_711' title='bbox 2387 5128 2584 5180; x_wconf 90' lang='lat' dir='ltr'><strong>domini</strong></span> <span class='ocrx_word' id='word_1_712' title='bbox 2637 5128 2977 5183; x_wconf 88' lang='lat' dir='ltr'><strong>Constantini</strong></span> <span class='ocrx_word' id='word_1_713' title='bbox 3010 5131 3312 5200; x_wconf 86' lang='lat' dir='ltr'><strong>Porpher-</strong></span> 
     </span>
    </p>
   </div>
   <div class='ocr_carea' id='block_1_109' title="bbox 1785 5219 3306 5290">
    <p class='ocr_par' dir='ltr' id='par_1_109' title="bbox 1785 5219 3306 5290">
     <span class='ocr_line' id='line_1_109' title="bbox 1785 5219 3306 5290; baseline 0.001 -18"><span class='ocrx_word' id='word_1_714' title='bbox 1785 5226 2045 5286; x_wconf 60' lang='lat' dir='ltr'><strong>gennetm,</strong></span> <span class='ocrx_word' id='word_1_715' title='bbox 2101 5220 2273 5271; x_wconf 64' lang='lat' dir='ltr'><strong>tertiae</strong></span> <span class='ocrx_word' id='word_1_716' title='bbox 2304 5219 2500 5285; x_wconf 74' lang='lat' dir='ltr'><strong>nuptis:</strong></span> <span class='ocrx_word' id='word_1_717' title='bbox 2534 5219 2723 5285; x_wconf 87' lang='lat' dir='ltr'><strong>partim</strong></span> <span class='ocrx_word' id='word_1_718' title='bbox 2779 5222 3073 5273; x_wconf 85' lang='lat' dir='ltr'><strong>suntvenia</strong></span> <span class='ocrx_word' id='word_1_719' title='bbox 3114 5222 3306 5290; x_wconf 62' lang='lat' dir='ltr'><strong>digna&#39;,</strong></span> 
     </span>
    </p>
   </div>
   <div class='ocr_carea' id='block_1_110' title="bbox 1784 5309 3310 5378">
    <p class='ocr_par' dir='ltr' id='par_1_110' title="bbox 1784 5309 3310 5378">
     <span class='ocr_line' id='line_1_110' title="bbox 1784 5309 3310 5378; baseline -0.001 -17"><span class='ocrx_word' id='word_1_720' title='bbox 1784 5309 1975 5376; x_wconf 84' lang='lat' dir='ltr'><strong>partim</strong></span> <span class='ocrx_word' id='word_1_721' title='bbox 2019 5309 2238 5361; x_wconf 87' lang='lat' dir='ltr'><strong>minime</strong></span> <span class='ocrx_word' id='word_1_722' title='bbox 2288 5317 2431 5375; x_wconf 82' lang='lat' dir='ltr'><strong>(nam</strong></span> <span class='ocrx_word' id='word_1_723' title='bbox 2481 5313 2570 5374; x_wconf 79' lang='lat' dir='ltr'><strong>qui</strong></span> <span class='ocrx_word' id='word_1_724' title='bbox 2625 5326 2685 5362; x_wconf 77' lang='lat' dir='ltr'><strong>ex</strong></span> <span class='ocrx_word' id='word_1_725' title='bbox 2740 5313 2930 5378; x_wconf 87' lang='lat' dir='ltr'><strong>primo,</strong></span> <span class='ocrx_word' id='word_1_726' title='bbox 2965 5312 3045 5363; x_wconf 73' lang='lat' dir='ltr'><strong>vel</strong></span> <span class='ocrx_word' id='word_1_727' title='bbox 3075 5311 3310 5365; x_wconf 67' lang='grc' dir='ltr'><strong>εεουηόιι</strong></span> 
     </span>
    </p>
   </div>
   <div class='ocr_carea' id='block_1_111' title="bbox 1784 5399 3308 5471">
    <p class='ocr_par' dir='ltr' id='par_1_111' title="bbox 1784 5399 3308 5471">
     <span class='ocr_line' id='line_1_111' title="bbox 1784 5399 3308 5471; baseline 0 -19"><span class='ocrx_word' id='word_1_728' title='bbox 1784 5399 2128 5452; x_wconf 85' lang='lat' dir='ltr'><strong>matrimonio</strong></span> <span class='ocrx_word' id='word_1_729' title='bbox 2157 5399 2350 5452; x_wconf 80' lang='lat' dir='ltr'><strong>habent</strong></span> <span class='ocrx_word' id='word_1_730' title='bbox 2379 5400 2595 5462; x_wconf 60' lang='lat' dir='ltr'><strong>liberos,</strong></span> <span class='ocrx_word' id='word_1_731' title='bbox 2633 5410 2685 5453; x_wconf 90' lang='lat' dir='ltr'><strong>et</strong></span> <span class='ocrx_word' id='word_1_732' title='bbox 2720 5403 2808 5466; x_wconf 81' lang='lat' dir='ltr'><strong>qui</strong></span> <span class='ocrx_word' id='word_1_733' title='bbox 2842 5402 3308 5471; x_wconf 78' lang='lat' dir='ltr'><strong>quadragesimum</strong></span> 
     </span>
    </p>
   </div>
   <div class='ocr_carea' id='block_1_112' title="bbox 1391 5556 2050 5613">
    <p class='ocr_par' dir='ltr' id='par_1_112' title="bbox 1391 5556 2050 5613">
     <span class='ocr_line' id='line_1_112' title="bbox 1391 5556 2050 5613; baseline 0.002 -4"><span class='ocrx_word' id='word_1_734' title='bbox 1391 5556 1621 5611; x_wconf 70' lang='lat' dir='ltr'><strong>VARUE</strong></span> <span class='ocrx_word' id='word_1_735' title='bbox 1656 5558 2050 5613; x_wconf 78' lang='lat' dir='ltr'><strong>LECTIONES.</strong></span> 
     </span>
    </p>
   </div>
   <div class='ocr_carea' id='block_1_113' title="bbox 226 5656 1199 5723">
    <p class='ocr_par' dir='ltr' id='par_1_113' title="bbox 226 5656 1199 5723">
     <span class='ocr_line' id='line_1_113' title="bbox 226 5656 1199 5723; baseline 0.015 -17"><span class='ocrx_word' id='word_1_736' title='bbox 226 5664 245 5691; x_wconf 72' lang='grc' dir='ltr'><strong>τ</strong></span> <span class='ocrx_word' id='word_1_737' title='bbox 290 5656 510 5709; x_wconf 62' lang='lat' dir='ltr'><strong>obnoxia</strong></span> <span class='ocrx_word' id='word_1_738' title='bbox 533 5659 759 5723; x_wconf 75' lang='lat' dir='ltr'><strong>fuerunt.</strong></span> <span class='ocrx_word' id='word_1_739' title='bbox 834 5664 858 5702; x_wconf 77' lang='grc' dir='ltr'><strong>(ι</strong></span> <span class='ocrx_word' id='word_1_740' title='bbox 888 5665 950 5716; x_wconf 84' lang='lat' dir='ltr'><strong>ab</strong></span> <span class='ocrx_word' id='word_1_741' title='bbox 1001 5668 1199 5722; x_wconf 61' lang='grc' dir='ltr'><strong>αἰτίαις.</strong></span> 
     </span>
    </p>
   </div>
   <div class='ocr_carea' id='block_1_114' title="bbox 1283 5670 2869 5739">
    <p class='ocr_par' dir='ltr' id='par_1_114' title="bbox 1283 5670 2869 5739">
     <span class='ocr_line' id='line_1_114' title="bbox 1283 5670 2869 5739; baseline 0.006 -16"><span class='ocrx_word' id='word_1_742' title='bbox 1283 5683 1302 5708; x_wconf 77' lang='grc' dir='ltr'><strong>ι’</strong></span> <span class='ocrx_word' id='word_1_743' title='bbox 1336 5682 1445 5735; x_wconf 64' lang='lat' dir='ltr'><strong>post</strong></span> <span class='ocrx_word' id='word_1_744' title='bbox 1478 5671 1731 5725; x_wconf 74' lang='lat' dir='ltr'><strong>abbatem.</strong></span> <span class='ocrx_word' id='word_1_745' title='bbox 1816 5670 1834 5709; x_wconf 70' lang='grc' dir='ltr'><em>τ</em></span> <span class='ocrx_word' id='word_1_746' title='bbox 1872 5673 2124 5727; x_wconf 71' lang='lat' dir='ltr'><strong>abbatem.</strong></span> <span class='ocrx_word' id='word_1_747' title='bbox 2205 5674 2450 5727; x_wconf 77' lang='lat' dir='ltr'><strong>‘abbutis</strong></span> <span class='ocrx_word' id='word_1_748' title='bbox 2504 5679 2630 5729; x_wconf 70' lang='lat' dir='ltr'><strong>ritca</strong></span> <span class='ocrx_word' id='word_1_749' title='bbox 2676 5690 2869 5739; x_wconf 73' lang='lat' dir='ltr'><strong>genus.</strong></span> 
     </span>
    </p>
   </div>
  </div>
