3914 6332
609 382 733 452 1011

1796 395 2073 457 ΤΗΕΟΙ).
2103 395 2575 462 BALSAMONlS

3683 405 3813 470 Ῑθίἓ

614 513 791 567 atatis
823 526 1023 567 annum
1066 518 1436 575 excesserunt,
1475 512 1663 566 tertias
1705 512 2023 565 contrahere
2056 526 2161 567 non

2268 530 2393 579 μου,
2429 516 2518 566 καὶ
2544 518 2591 567 oi
2620 519 3047 586 τεσσαρακοστὸν
3073 520 3261 591 χρόνον
3280 520 3377 589 τῆς
3398 522 3618 591 ἡλικίας
3640 525 3811 577 autin

614 604 862 673 pOSSunt)
888 621 903 657 :
934 604 1163 658 dicimus
1193 604 1548 666 sacerdotem,
1568 603 1657 672 qui
1681 602 1987 671 huiusmodi
2024 601 2162 654 veti-

613 701 789 747 tarum
819 691 1129 761 nuptiarum
1160 691 1587 745 benedictionem
1624 691 1831 754 fecerit,
1886 690 2159 757 deponen-

611 785 737 838 dum
769 798 922 837 esse:
958 783 1078 850 ejus
1126 786 1266 837 enim
1316 796 1497 835 crassa
1538 793 1617 835 est
1663 782 1795 849 legis
1836 781 2157 849 ignorantia.

613 873 819 927 Rustici
858 881 1038 927 autem
1072 874 1116 927 si
1149 872 1502 927 subtilitatem
1531 871 1663 939 legis
1694 871 1960 939 ignorent,
1989 872 2162 923 inter-

610 961 734 1013 dum
775 969 1141 1023 excusantur,
1191 973 1298 1012 non
1355 969 1551 1021 tamen,
1584 957 1627 1011 si
1669 956 1919 1009 omnibus
1944 954 2162 1009 manife-

610 1060 690 1102 sta
716 1049 861 1117 jura.

682 1146 871 1199 Interr.
904 1144 991 1198 63.
1015 1144 1206 1196 Mulier
1228 1142 1471 1211 quaedam
1510 1155 1537 1192 a
1569 1142 1785 1209 proprio
1811 1148 2159 1206 patrecoacta

617 1241 851 1309 legitime
891 1235 1145 1302 conjungi
1182 1233 1316 1294 viro,
1350 1241 1403 1286 et
1435 1231 1622 1283 videns
1651 1231 1991 1294 obligatoriis
2021 1230 2159 1282 scri-

610 1338 717 1400 ptis
744 1330 1119 1397 coniugium-3
1170 1333 1319 1393 patre
1353 1324 1642 1385 munitum,
1673 1322 1950 1384 indicavit,
2014 1321 2157 1389 quod

612 1431 757 1474 recte
810 1420 1009 1472 factum
1071 1426 1206 1479 erat,
1244 1412 1451 1469 cuidam
1498 1414 1759 1467 amatorie
1796 1426 1922 1479 erga
1984 1413 2155 1479 ipsam

612 1511 825 1567 affecto.
852 1510 948 1563 Hic
975 1518 1178 1571 autem,
1212 1517 1268 1559 ut
1302 1505 1508 1575 perdite
1544 1518 1751 1565 amans,
1780 1503 1912 1555 nihil
1944 1512 2163 1555 cuncta-

609 1611 720 1661 tus,
764 1614 885 1653 cum
944 1596 1218 1651 nonnullis
1255 1597 1329 1647 rei
1392 1594 1595 1662 ignaris
1630 1592 1988 1645 familiaribus
2037 1591 2151 1644 suis

610 1700 764 1744 nocte
780 1687 1007 1756 quadam
1033 1687 1085 1739 in
1116 1685 1358 1737 mulieris
1410 1681 1741 1737 domicilium
1772 1681 1984 1747 irrupit,
2012 1694 2158 1732 eam-

609 1796 713 1850 que
763 1780 1026 1831 volentem
1088 1774 1287 1842 rapuit,
1358 1772 1685 1839 abduxitque
1730 1770 1946 1823 domum
1978 1784 2151 1828 suam,

608 1873 749 1923 intra
796 1868 928 1921 lines
974 1866 1111 1919 alius
1166 1863 1421 1917 territorii
1479 1862 1667 1915 sitam.
1702 1860 1916 1924 Quzero,
1967 1873 2032 1912 an
2064 1860 2154 1927 qui

608 1961 767 2012 talem
793 1966 1009 2025 raptum
1035 1956 1361 2014 molitisunt.
1395 1953 1605 2023 possint
1633 1966 1725 2020 per
1754 1966 1963 2005 sacram
1992 1951 2155 2003 bunt:-

608 2050 896 2104 dictionem
922 2047 1180 2100 canonice
1209 2046 1459 2114 conjungi
1495 2061 1508 2095 :
1535 2045 1785 2107 maxime,
1814 2056 1935 2098 cum
1968 2042 2157 2112 puellae

607 2152 857 2210 parentes
882 2138 1009 2192 illud
1030 2138 1191 2191 modo
1222 2136 1333 2190 fieri
1373 2137 1552 2189 velint.

677 2390 833 2459 Resp.
858 2391 1098 2447 Tertium
1123 2391 1367 2459 caput58
1396 2392 1479 2443 tit.
1509 2391 1601 2445 lib.
1630 2390 1698 2445 60
1728 2392 2015 2457 Basilicon,
2046 2396 2156 2447 haec

610 2485 684 2535 ait
726 2482 1064 2537 nominatim.
1126 2481 1201 2537 Ne
1240 2483 1406 2535 nubat
1441 2491 1590 2548 rapta
1632 2484 1857 2549 raptori.
1886 2482 1988 2536 Sed
2021 2478 2079 2537 et
2112 2486 2155 2536 si

609 2578 700 2628 tali
721 2576 975 2643 conjugio
1004 2583 1255 2641 parentes
1299 2575 1415 2641 ejus
1443 2576 1804 2637 consentiant,
1828 2576 2021 2628 exsilio
2052 2578 2158 2629 cir-

609 2664 1069 2718 cuznscrihuntur.
1100 2662 1161 2715 Et
1189 2664 1256 2715 97
1282 2677 1453 2715 canon
1485 2672 1684 2717 sancta:
1730 2673 1782 2717 ct
1815 2667 2160 2721 (ecumenicaa

608 2761 816 2819 quarta
841 2752 1028 2821 synodi
1066 2752 1177 2805 lucc
1206 2752 1412 2821 inquit:
1447 2751 1576 2813 Eos,
1610 2754 1700 2818 qui
1737 2754 1951 2806 nomine
1974 2755 2162 2822 conju-

608 2844 681 2915 gii
734 2845 986 2897 mulieres
1033 2844 1267 2910 rapiunt,
1304 2842 1386 2895 vel
1410 2857 1562 2910 opem
1602 2842 1780 2895 ferunt
1824 2857 1885 2895 ac
1933 2858 2161 2897 consen-

608 2936 752 2987 tiunt
782 2936 867 2993 iis.
900 2935 988 3002 qui
1025 2934 1272 3001 rapiunt;
1313 2934 1501 2986 statuit
1525 2921 1783 3001 synodus,
1818 2934 1861 2985 si
1894 2932 2005 2987 sint
2035 2934 2160 3001 qui.

610 3024 727 3077 dem
764 3025 946 3077 clerici
1029 3025 1252 3092 proprio
1294 3022 1464 3091 gradu
1490 3022 1741 3076 excidere
1780 3040 1791 3073 :
1846 3024 1928 3076 sin
1982 3034 2157 3076 autem

611 3116 759 3179 laici,
793 3114 1269 3168 anathematizarl.
1306 3114 1667 3178 Quamobrem
1696 3123 1864 3167 etnos
1894 3116 2005 3167 haec
2032 3115 2160 3183 legi—
2186 3146 2229 3201 ο

611 3210 742 3262 time
772 3210 1137 3277 canoniceque
1185 3210 1476 3261 constituta
1513 3219 1821 3275 sequentes,
1879 3206 2108 3260 dicimus
2143 3226 2154 3261 :

613 3301 661 3353 si
693 3316 814 3365 res,
869 3309 928 3354 ut
984 3298 1409 3367 interrogatione
1467 3308 1556 3352 tua
1616 3298 2063 3366 proposuisti,ita
2100 3312 2157 3351 se

614 3390 806 3456 habet;
865 3404 1039 3457 neque
1065 3390 1281 3457 nuptias
1317 3386 1529 3440 futuras
1566 3388 1704 3440 inter
1758 3395 1963 3451 raptam
1991 3393 2045 3439 et
2073 3401 2160 3437 ra-

615 3488 845 3547 ptorem,
898 3488 951 3531 et
1010 3480 1055 3531 si
1107 3487 1259 3546 pater
1300 3478 1445 3529 illius
1497 3492 1605 3529 rem
1648 3478 1907 3545 approbet
1937 3493 1949 3528 :
1984 3491 2157 3545 neque

614 3579 802 3638 raptus
831 3584 1018 3637 pinnas
1056 3568 1393 3638 en‘ugituros,
1416 3567 1507 3637 qui
1539 3566 1654 3633 ejus
1688 3570 1887 3623 fuerint
1930 3569 2156 3634 conscii,

616 3661 708 3713 sed
735 3662 895 3713 etiam
931 3660 1119 3712 ultimo
1143 3659 1361 3729 allectos
1389 3660 1454 3711 iri
1484 3658 1771 3725 supplicio.

2267 602 2723 669 ύπερανάὸάντες,
2768 607 2949 674 τρίτον
2995 608 3443 661 συναλλάττεινού
3491 611 3807 675 δύνανται)-

2262 693 2443 757 φαμὲν
2476 693 2555 744 ὅτι
2587 696 2615 745 6
2638 694 2876 746 τοιούτου
2907 696 3281 764 κεκωλυμένου
3307 700 3489 765 τρίτου
3520 702 3706 765 γάμου
3741 704 3805 751 ἱε-

2263 781 2507 851 ρολογίαν
2532 784 2839 852 πεποιηκὼς
2866 786 3058 856 ἱερεὺς,
3085 770 3433 855 καθαιρετίος
3485 788 3640 839 ἐστίν
3666 804 3679 816 ·
3711 806 3804 837 πα-

2260 872 2463 939 χύτητα
2501 872 2606 941 γάρ
2634 874 2793 941 νόμου
2817 876 3097 945 ἠγνόησεν.
3124 877 3185 928 Oi
3214 877 3271 929 δὲ
3319 878 3577 944 χωρῖται,
3618 877 3805 928 λεπτά-

2259 976 2395 1027 τητα
2420 963 2582 1028 νόμου
2610 963 2954 1031 ἠγνοηκότες,
3017 965 3185 1017 ἐνίοτε
3220 966 3711 1032 συγγινώσκονται,
3752 965 3802 1015 οὐ

2261 1049 2368 1116 μὴν
2398 1050 2464 1100 τὰ
2497 1053 2626 1101 πᾶσι
2655 1050 2789 1120 δῆλα
2818 1053 3041 1121 νόμιμα.

2342 1139 2533 1204 Ἐρώτ.
2584 1140 2679 1208 ξγθ.
2736 1142 2872 1210 Γυνή
2895 1158 2977 1203 τις
3022 1143 3434 1211 ἁναγκαζομένη
3516 1143 3672 1210 παρὰ
3718 1143 3801 1193 τοῦ

2259 1231 2455 1283 οἰκείου
2514 1233 2716 1300 πατρὸς
2780 1234 3023 1303 νομίμως
3069 1234 3422 1302 συζευχθῆναι
3482 1236 3663 1302 ἀνδρὶ,
3719 1236 3800 1285 καὶ

2260 1325 2531 1393 βλέπουσα
2568 1324 2635 1376 δι’
2664 1323 2956 1393 ἐγγράφων
3012 1325 3358 1393 δεσμωτικῶν
3404 1328 3505 1395 τὴν
3542 1326 3800 1391 συζυγίαν

2260 1415 2361 1467 ὑπὸ
2386 1414 2477 1466 τοῦ
2519 1415 2719 1482 πατρὸς
2751 1414 3202 1481 ἀσφαλιζομένην,
3251 1418 3473 1483 μήνυμα
3495 1416 3653 1467 ἔθετο
3678 1418 3797 1481 πρός

2256 1524 2376 1558 τινα
2401 1505 2739 1573 διακείμενον
2766 1506 3039 1575 ἐρωτικῶς
3070 1504 3203 1574 πρὸς
3248 1507 3415 1573 αὐτὴν
3442 1508 3538 1557 τοῦ
3588 1510 3797 1574 γινομέ-

2258 1607 2347 1642 νου
2376 1591 2555 1643 καλοῦ.
2597 1591 2653 1642 '0
2686 1590 2761 1650 δὲ,
2803 1590 2968 1661 μηδὲν
3006 1592 3292 1660 μελλήσας,
3320 1592 3396 1655 ὡς
3421 1594 3795 1661 ἐρωτομανῶν,

2260 1681 2396 1748 μετά
2451 1698 2611 1733 τινων
2652 1682 2982 1733 ἀπαιδεύτων
3042 1683 3283 1751 συνήθων
3329 1684 3477 1752 αύτῷ
3508 1688 3565 1736 ἑν
3595 1687 3798 1755 ἑσπέρᾳ

2263 1773 2357 1840 μιᾷ
2392 1771 2487 1839 τὴν
2518 1771 2616 1839 τῆς
2654 1771 2903 1839 γυναικὸς
2926 1773 3201 1824 κατοικίαν
3223 1774 3482 1827 κατέλαϐε
3509 1791 3525 1808 ο
3561 1778 3659 1829 καὶ
3681 1780 3797 1830 ταύ-

2259 1862 2353 1930 τὴν
2382 1862 2596 1931 ἥρπασε
2627 1861 2907 1925 θέλουσαν,
2952 1863 3045 1915 καὶ
3090 1862 3371 1931 ἀπήγαγεν
3400 1866 3479 1925 είς
3506 1865 3609 1934 τὴν
3632 1885 3798 1918 κατοι-

2258 1946 2379 1997 κίαν
2414 1943 2597 2009 αὑτοῦ,
2632 1945 2980 2013 διακειμένην
3038 1947 3116 2006 εἰς
3156 1946 3339 2015 ἐτέρου
3393 1949 3593 2015 χωρίου
3656 1967 3797 2015 περι-

2259 2038 2412 2105 οχήν.
2456 2037 2673 2105 Ἐρωτῶ
2704 2032 2795 2087 οὗν
2824 2036 3010 2105 μαθεῖν
3040 2036 3087 2087 ει
3126 2036 3371 2090 δύνανται
3401 2038 3486 2089 διὰ
3509 2040 3799 2107 ίερολογίας

2257 2127 2548 2188 κανονικῶς
2570 2128 2900 2195 ωναφθῆναι
2927 2128 3128 2180 οίοῦτω
3152 2129 3249 2197 τὴν
3278 2129 3533 2198 τοιαύτην
3553 2132 3798 2198 ἁρπαγὴν

2259 2216 2703 2279 συσκευάσαντες.
2741 2218 2847 2269 Καὶ
2872 2220 2919 2269 οί
2958 2221 3132 2285 γονεῖς
3168 2220 3275 2289 γάρ
3301 2220 3395 2289 τῆς
3424 2221 3684 2285 γυναικὸς
3721 2222 3798 2273 6t-

2256 2309 2433 2361 λουσιν
2460 2310 2657 2377 ἀρτίως
2692 2306 2847 2360 τοῦτο
2884 2308 3153 2374 γενέσθαι.

2339 2402 2540 2455 Ἀπόκ.
2574 2402 2647 2453 Τὸ
2678 2398 2726 2467 γ’
2758 2402 3045 2469 κεφάλαιον
3074 2400 3166 2453 τοῦ
3196 2410 3275 2470 νη¹
3312 2402 3483 2453 τίτλου
3516 2402 3611 2452 τοῦ
3647 2403 3692 2465 ξ’
3729 2403 3797 2469 βι-

2259 2490 2400 2559 βλίου
2430 2491 2533 2543 τῶν
2558 2489 2857 2543 Βασιλικῶν
2876 2490 3044 2544 ταῦτά
3075 2509 3205 2559 φησι
3247 2492 3446 2561 ῥητῶςσ
3475 2493 3567 2559 Μὴ
3618 2496 3797 2559 γαμεῖ·

2260 2579 2369 2631 σθω
2398 2582 2430 2649 ή
2460 2579 2768 2647 ἁρπαγεῖσα
2813 2579 2889 2648 τῷ
2946 2580 3249 2647 ἁρπάσαντι
3286 2580 3453 2649 αὐτήν
3479 2596 3492 2610 ·
3547 2581 3684 2632 ἀλλά
3717 2582 3797 2631 καί

2260 2671 2305 2720 εί
2338 2669 2705 2721 ουναινέσουσι
2753 2670 2831 2738 τῷ
2874 2669 3098 2738 τοιούτῳ
3159 2671 3476 2738 συνοικεσίῳ
3510 2673 3561 2721 οῖ
3629 2674 3798 2734 γονεῆ

2258 2760 2427 2828 αὐτῆς
2450 2800 2463 2824 ,
2514 2760 2930 2829 περιορίζονται.
2996 2761 3100 2812 Καὶ
3129 2762 3156 2812 6
3183 2760 3264 2823 κζ’
3294 2760 3471 2812 κανὼν
3501 2759 3603 2825 τῆς
3648 2761 3797 2821 ἀγίας

2260 2852 2351 2901 xui.
2374 2849 2751 2917 οἰκουμενικῆς
2780 2848 2820 2900 δ’
2848 2849 3061 2901 συνόδου
3090 2848 3261 2902 ταῦτα
3309 2864 3443 2916 φησι
3468 2863 3480 2875 ·
3516 2847 3654 2906 Τοὺς
3709 2850 3797 2916 ἀρ-

2260 2939 2527 3002 πάζοντας
2592 2943 2852 3006 γυναῖκας
2938 2941 3025 2991 ἐπ’
3094 2939 3314 3007 ὀνόματι
3378 2940 3797 3006 συνοικεσίου,ἢ

2262 3030 2720 3099 συμπράττοντας,
2753 3030 2783 3097 ἢ
2822 3029 3241 3099 συναιρομένους
3286 3030 3395 3089 τοῖς
3450 3029 3798 3097 ἁρπάζουσιν,

2262 3121 2452 3187 ὥρισεν
2485 3122 2515 3187 ή
2554 3121 2682 3185 ἁγία
2706 3118 2940 3182 σύνοδος,
2970 3120 3016 3170 εί
3041 3119 3138 3187 μὲν
3191 3119 3440 3187 κληρικοὶ
3471 3116 3600 3179 εἷεν,
3647 3118 3799 3170 ἐκπί-

2266 3227 2419 3261 πτειν
2445 3209 2536 3261 τοῦ
2598 3208 2803 3276 βαθμοῦ
2825 3225 2838 3238 ·
2891 3212 2939 3260 εί
2989 3209 3043 3261 δὲ
3075 3208 3268 3271 λαῖκοὶ,
3298 3206 3801 3274 ἀναθεματίξεσθαι.

2265 3300 2353 3350 Διὸ
2379 3301 2472 3351 καὶ
2499 3301 2656 3367 ἡμεῖς
2688 3301 2797 3360 τοῖς
2822 3298 2961 3349 οὕτω
2987 3298 3420 3365 διατεταγμένοις
3470 3298 3714 3364 νομίμως
3750 3314 3803 3348 τι

2265 3390 2357 3439 καὶ
2409 3388 2701 3448 κανονικῶς
2774 3386 3254 3453 ἀκολουθήσαντες,
3307 3386 3535 3451 λέγομεν
3602 3386 3675 3443 ὡς
3762 3390 3803 3435 εἰ

2265 3476 2429 3538 οὕτως
2469 3478 2647 3545 έχουσι
2682 3476 2747 3528 τὰ
2784 3476 2876 3528 τοῦ
2906 3476 3219 3545 πράγματος
3250 3475 3424 3537 καθὼς
3458 3476 3490 3542 ἡ
3543 3475 3805 3542 ἐρώτησις

2265 3568 2639 3635 περιέστησεν,
2675 3566 2794 3618 οὔτε
2824 3567 2999 3633 γάμος
3028 3567 3309 3634 γενήσεται
3339 3563 3534 3633 μεταξὺ
3562 3565 3658 3630 τῆς
3716 3566 3807 3632 ἀρ-

2268 3657 2529 3723 παγιιίσης
2562 3657 2654 3707 καὶ
2686 3655 2778 3706 τοῦ
2814 3656 3175 3726 ἁρπάσαντος,
3208 3655 3309 3707 κᾶν
3336 3655 3365 3704 6
3394 3655 3575 3721 πατὴρ
3612 3655 3811 3718 ταύτης

613 3750 922 3817 ἀσπάζηται
949 3749 1007 3800 τὸ
1034 3751 1327 3817 γινόμενον,
1356 3746 1479 3799 οὔτε
1525 3748 1591 3798 τά
1622 3748 1717 3816 τῆς
1765 3748 2017 3819 ἁρπαγῆς
2044 3746 2289 3817 ὶπιτίμια
2327 3748 2697 3815 διαδράσουσιν
2726 3749 2774 3798 οι
2840 3746 3041 3814 ταύτης
3110 3747 3439 3813 συνίστορες,
3508 3744 3645 3794 ἀλλά
3728 3750 3813 3795 καί

614 3844 853 3912 ἐσχάτως
884 3841 1375 3910 τιμωρηθήσονται.

688 3933 879 3987 lnterr.
905 3933 991 3986 64.
1018 3932 1208 3984 Mulier
1238 3932 1479 3999 quaedam
1502 3931 1649 3999 gravi
1674 3931 1861 3983 morbo
1886 3932 2159 3992 laborans,

616 4033 779 4078 nocte
833 4024 958 4075 mali
1013 4021 1355 4074 alliictionem
1402 4022 1535 4084 ulta,
1572 4023 1803 4087 seipsam
1846 4019 1898 4070 in
1938 4028 2162 4071 mortem

622 4110 872 4179 projecit,
911 4121 961 4162 et
991 4109 1182 4162 mortis
1212 4108 1389 4161 hausit
1436 4108 1711 4175 poculum.
1751 4106 1846 4159 Vir
1869 4106 2009 4174 ejus.
2040 4121 2162 4161 cum

2350 3926 2545 3991 Ἐρώτ.
2611 3924 2700 3987 ξς¹.
2761 3924 2898 3991 Γυνή
2959 3941 3041 3985 τις
3107 3924 3383 3992 ἀρρωστίᾳ
3442 3923 3815 3989 περιπεσοῦσα

2262 4015 2428 4080 δεινῇ,
2468 4014 2523 4061 ὲν
2578 4011 2693 4079 ὥρᾳ
2744 4014 3049 4079 νυκτερινῇ,
3103 4010 3196 4062 τοῦ
3254 4013 3551 4079 νοσήματος
3610 4015 3817 4077 ἀμυνο-

2268 4100 2399 4169 μένη
2428 4100 2589 4165 δῆθεν
2634 4100 2731 4167 τὴν
2761 4099 3021 4161 κάκωσιν,
3070 4098 3267 4166 ἑαυτὴν
3329 4100 3406 4159 είς
3449 4099 3686 4151 θάνατον
3736 4104 3817 4170 ἑρ-

621 4200 788 4253 lector
845 4206 971 4251 tunc
1018 4208 1210 4262 esset,
1269 4198 1532 4263 hodieque
1577 4196 1675 4259 sit,
1735 4196 1943 4261 quaerit,
1992 4210 2059 4247 an
2098 4197 2163 4249 ob

2268 4190 2410 4260 ῥιψε,
2451 4189 2634 4241 καὶτὸ
2673 4188 2766 4239 τοῦ
2816 4189 3044 4240 Θανάτου
3092 4190 3345 4258 ποτήριον
3372 4188 3539 4240 ἔπιεν.
3612 4190 3820 4258 Ἐρωτᾷ

621 4304 738 4344 eam
786 4304 897 4343 rem
949 4288 1342 4342 saderdotalem
1384 4287 1701 4356 dignitatem
1750 4288 2007 4355 consequi
2053 4302 2160 4341 non

624 4378 809 4445 possit.

699 4548 849 4615 Resp.
873 4548 950 4609 Si,
978 4546 1433 4617 quemadmodum
1454 4561 1667 4611 narras,
1693 4551 1763 4600 ita
1788 4562 1845 4600 se
1873 4532 1959 4601 res
1986 4548 2165 4611 habet,
2199 4527 2241 4580 Ῑ)

627 4636 796 4688 lector
815 4636 932 4687 sine
969 4635 1351 4703 impedimento
1380 4636 1703 4687 sacrabitur.
1763 4634 1830 4687 Ut
1879 4636 2017 4688 enim
2045 4636 2168 4687 dili-

2268 4280 2411 4332 οὒνὸ
2456 4279 2655 4347 ταύτης
2691 4278 2847 4347 ἀνὴρ,
2886 4278 3232 4346 ἀναγνώστης
3290 4278 3361 4330 ὢν
3410 4280 3499 4329 κα)⁸
3552 4280 3681 4330 τότε
3736 4299 3821 4330 και

2274 4372 2532 4440 σήμερον,
2588 4371 2636 4421 εί
2679 4369 2925 4421 ἐντεῦθεν
2988 4370 3250 4422 κωλύεται
3306 4372 3483 4437 τυχεῖν
3542 4371 3821 4438 ἱερατικοῦ

2272 4459 2593 4525 ἀξιώματος.

2354 4549 2555 4600 Ἀπόκ.
2617 4548 2673 4598 El
2718 4546 2857 4598 κατά
2902 4546 2997 4614 τὴν
3030 4546 3275 4613 διήγησίν
3309 4564 3397 4598 σου
3428 4548 3731 4599 συνέπεσον
3768 4556 3825 4601 τὶ

2270 4638 2363 4687 τοῦ
2432 4638 2768 4705 πράγματος,
2825 4637 3307 4705 ἀπαρεμποδίστως
3362 4638 3387 4687 6
3464 4640 3822 4704 ἀναγνώστῃ

629 4738 836 4797 gentem
872 4729 1089 4796 pigritia
1125 4742 1226 4781 non
1249 4728 1393 4780 lzrdit
1425 4728 1841 4796 negligentis,cx
1864 4729 2163 4781 divinorum

2272 4726 2640 4793 ίερωθήσεται.
2705 4726 2789 4785 Ὠς
2829 4724 2934 4793 γὰρ
2981 4726 3039 4775 οὐ
3115 4726 3335 4785 βλάπτει
3386 4727 3473 4777 τὶν
3529 4731 3822 4778 σπουῗεῖ,ι

630 4833 893 4871 canonum
950 4820 1214 4870 sententia
1246 4835 1259 4869 :
1287 4818 1362 4870 sic
1422 4817 1607 4869 lectori
1663 4818 2029 4885 prmjudicium
2066 4833 2163 4870 non

2276 4818 2308 4883 ἡ
2342 4814 2579 4883 ῥᾳθυμία
2626 4813 2717 4864 τοῦ
2774 4815 3025 4879 ἀμελοῠς,
3074 4815 3211 4865 κατὰ
3242 4816 3337 4881 τὴν
3365 4816 3467 4863 τῶν
3520 4816 3687 4865 θείων
3754 4825 3827 4869 .6.

633 4906 794 4961 faciet
830 4911 1017 4961 uxoris
1082 4908 1200 4974 cjus
1258 4918 1555 4974 peccatum.
1593 4906 1973 4974 Unusquisque
2031 4909 2171 4959 enim

634 4998 865 5065 propriis
952 4998 1163 5050 catenis
1255 5000 1354 5065 (ut
1436 4999 1590 5067 vulgo
1671 4997 1877 5065 fertur)
1962 5013 2173 5050 coerce-

634 5097 721 5140 tur
767 5088 817 5139 δ.

805 5256 1119 5313 OFFICIUM
1156 5258 1243 5311 ET
1286 5259 1623 5313 DEFlNlTIO
1661 5260 1987 5315 EPISCOl’l.

638 5346 721 5400 Ea:
773 5347 906 5399 libro
944 5346 1006 5397 de

1088 5418 1250 5475 conis,
1290 5419 1439 5469 titulo
1487 5436 1536 5472 ν.
1578 5435 1693 5484 cap.
1727 5435 1763 5471 ι.

708 5558 1005 5631 Episcopus
1060 5573 1141 5617 est
1175 5567 1442 5634 inspector
1476 5580 1525 5621 ct
1563 5580 1778 5621 curator
1835 5572 2073 5624 omnium
2111 5572 2174 5623 ad

1073 5348 1198 5406 iure.
1231 5350 1317 5414 qui
1370 5360 1443 5400 est
1498 5350 1703 5411 Basilii,
1756 5351 2086 5404 Constantini
2128 5366 2173 5405 et

2285 4920 2397 4970 μων
2428 4901 2734 4969 περίληψιν,
2770 4902 2889 4953 οὐδὲ
2926 4904 3013 4953 τὸν
3053 4903 3400 4969 ἀναγνώστην
3461 4912 3805 4971 προκρ-ιματί

2280 5005 2362 5039 σει
2402 4991 2497 5055 τῆς
2532 4988 2785 5052 γυναικὸς
2813 4986 2975 5039 αὑτοῦ
3000 4989 3057 5038 τὸ
3086 4987 3373 5055 ὀλίσθημα.
3421 4988 3694 5050 Ἕκαστος
3732 5010 3829 5057 περ

2281 5081 2398 5138 ταῖς
2427 5077 2653 5137 οἰκείαις
2698 5079 2924 5145 σειραῖς,
2979 5078 3115 5128 κατὰ
3174 5077 3262 5128 τὸν
3304 5077 3540 5139 εἰπόντα,
3592 5086 3831 5145 συσφίγ-

2282 5184 2453 5232 γεται.

2340 5259 2423 5308 ΤΟ
2454 5257 2787 5310 ΚᾹΘΗΚΟΝ
2821 5257 2937 5308 ΚΑΙ
2967 5258 3136 5309 ΟΡΟΣ
3180 5258 3313 5309 ΤΟΥ
3348 5258 3777 5313 ΕΠΙΣΚΟΠΟΥ.

2296 5347 2435 5398 Ἀπὸ
2490 5348 2591 5398 τοῦ
2671 5348 2920 5413 νομίμου
2982 5348 3223 5408 βιϐλίου
3284 5348 3620 5403 Βασιλείου.
3678 5352 3832 5401 Κων-

2352 5418 2670 5498 σταντίγου
2733 5416 2828 5465 καὶ
2896 5414 3168 5479 Λέοντος,
3212 5417 3327 5469 ἀπὸ
3386 5415 3490 5469 τοῦ
3523 5424 3566 5467 δ’
3601 5419 3832 5479 τίτλον,

2352 5500 2480 5549 περ.
2521 5500 2557 5534 a
2576 5521 2590 5535 .

2366 5574 2682 5634 Ἐπίσκοπος
2752 5575 2893 5625 ἐστιν
2952 5575 3279 5642 ἐπι-τηρητὴς
3347 5576 3434 5627 καὶ
3490 5574 3833 5643 ἐπιμελητὴς

1928 5658 2154 5713 νΑιιιΑλ
2195 5660 2587 5715 ιαΕΩΤΗὨξΙΞΞ.

713 5740 739 5781 θ’
775 5748 1167 5811 constringitur.
