3914 6332
146 375 316 450 1013.

1576 382 1627 438 Μ
1637 381 1682 439 Ε
1693 382 1971 444 ΟΙΤΑΤΑ.

3147 370 3149 372 ·
3230 372 3363 463 πολι

639 640 1534 775 ΘΕΟΔΩΡΟΥ
1610 641 1950 771 ΤΟΥ
2024 639 2542 769 ΒΑΛΣΑ
2559 646 2906 772 ΜΩΝ

1329 870 1764 924 ΠΑΤΡΙΑΡΧΟΥ
1813 869 2226 924 ΔΝΤΙΟΧΕΙΑΣ

993 1029 1472 1115 ΜΕΛΕΤΑΙ
1551 1031 1820 1115 HTOI
1889 1023 2536 1117 ΑΠΟΚΡΙΣΕΙΣ

659 1387 1624 1543 THEODORI
1709 1390 2712 1544 BALSAMON
2720 1391 2895 1547 IS

1255 1654 1525 1715 PATRIA
1534 1657 1758 1718 RCHE
1846 1658 2316 1720 ANTIOCHENI

936 1826 1009 1908 M
1035 1824 1376 1910 EDITA
1397 1826 1530 1911 ΤΑ
1606 1825 1870 1913 SIVE
1975 1825 2595 1917 BESPONSA.

181 2186 302 2240 Τοῦ
331 2185 646 2262 ἂτςιωτιξτου
671 2185 1029 2262 πατριάρχου
1063 2186 1408 2262 Ἀνῖτιοχειέις
1433 2183 1732 2251 Θεοδώρου

1844 2184 2514 2262 Sanctissimipatriarchw
2560 2190 2866 2262 Antiochem'
2917 2195 3166 2248 Theodori
3207 2203 3369 2262 ﬂile-

247 2271 329 2318 με
353 2255 470 2330 Ιέτη
507 2253 691 2320 ἤγουν
719 2255 1050 2334 findito-mc,
1083 2255 1250 2320 χάριν
1295 2255 1410 2306 τῶν
1457 2268 1730 2320 πατρισρ-

256 2339 443 2387 χικιυι·
477 2339 830 2386 προιὊμιων.

260 2432 488 2498 Είσῆλθε
521 2433 578 2484 τ⁵>
620 2431 831 2500 ἀξίωμά
884 2448 973 2483 σου
1050 2432 1272 2484 ἐνώπιόν
1311 2449 1434 2497 μου,
1469 2433 1731 2501 πανιερώ-

180 2541 339 2584 τατε,
373 2526 463 2574 καὶ
491 2522 696 2592 ἐδέχθη.
743 2525 830 2574 καὶ
861 2521 1150 2589 ἀπεδέχθη,
1206 2522 1297 2572 xui.
1341 2520 1585 2590 ᾠκειώθη
1620 2539 1727 2590 μοι.

182 2613 262 2663 Οὐ
317 2611 424 2679 γὰρ
471 2612 677 2678 ἄσεμνα
737 2612 876 2678 ῥάκη
917 2610 1322 2677 περιεὸἐσλητο,
1378 2613 1468 2662 καὶ
1493 2611 1588 2678 τῆς
1633 2611 1732 2677 σῆς

183 2700 589 2761 πλουτοδότιδος
622 2701 809 2766 σοφίας
839 2700 1031 2762 ἀνάξια
1052 2717 1065 2729 ·
1095 2699 1265 2767 σεμνὰ
1291 2700 1344 2750 δὲ
1394 2699 1608 2767 μᾶλλον,
1640 2700 1732 2750 καὶ

187 2791 464 2859 εὐπρεπῆ,
498 2790 589 2841 καὶ
616 2785 702 2841 οἷα
729 2791 875 2859 χείλη
911 2790 1314 2858 στημονίζουσιν
1346 2790 1607 2859 ίερατικὰ,
1639 2789 1731 2844 λαο

187 2881 397 2934 λοῦντα
437 2882 795 2952 δικαιοσύνην,
832 2885 924 2935 καὶ
961 2883 1222 2950 ζητοῦντα
1272 2884 1541 2953 ἀλήθειαν.
1575 2885 1731 2946 Δέξαι

187 2973 369 3024 τοὲνυν
393 2971 418 3022 6
441 2971 507 3024 δι’
535 2971 693 3024 αὑτοῦ
733 2972 909 3024 λαϐεῖν
935 2973 1199 3040 ἐζήτησας
1238 2973 1297 3035 ἐξ
1327 2975 1480 3042 ἡμῶν
1519 2974 1732 3040 φιλικῆς

189 3061 534 3130 ἀποκρίσεως
589 3063 865 3114 τάλαντον.
940 3061 1203 3126 Ἥξίωσάς
1258 3080 1354 3131 με
1393 3062 1734 3116 διαὶαὸἐσθαι

192 3156 401 3219 γραφῇ,
431 3152 589 3202 πόθεν
635 3153 726 3204 καὶ
775 3151 890 3213 πῶς
927 3153 1088 3220 ἡτῶν
1119 3130 1431 3218 ἁγιωτάτων
1466 3169 1734 3223 πατριαρο

193 3243 306 3310 χῶν
333 3243 567 3310 οὑσιὼθη
603 3242 820 3304 πεντὰς,
852 3244 944 3294 καὶ
970 3244 1133 3294 ποίων
1163 3245 1464 3313 προνομίων
1488 3245 1733 3313 ἠξίωται,

193 3332 292 3383 καὶ
326 3334 372 3382 εἰ
399 3333 514 3384 ἐστι
535 3348 615 3392 τις
654 3333 811 3399 μέσον
855 3332 1053 3383 τούτων
1095 3332 1342 3400 διαφορὰ,
1390 3333 1564 3395 καθώς
1595 3351 1736 3396 τινες

193 3423 432 3486 λέγουσι.
467 3421 747 3488 Γράφομεν
774 3422 947 3473 τοίνυν
978 3425 1042 3490 τῇ
1079 3423 1311 3490 ἱερότητί
1357 3441 1467 3486 σου,
1495 3425 1575 3477 ὅτι
1636 3426 1737 3493 πρὸ

1915 2264 2102 2333 totum,
2151 2257 2256 2309 sive
2309 2271 2611 2322 responsum
2669 2260 2730 2310 de
2779 2263 3196 2329 patriarcharum
3256 2257 3369 2333 pri-

1903 2323 2122 2392 oilegt't's.

1903 2431 2063 2486 Venit
2087 2435 2138 2488 in
2167 2445 2517 2503 conspectum
2551 2453 2734 2498 meum
2751 2442 2938 2508 petitio
2990 2451 3100 2506 tua,
3131 2448 3211 2494 vir
3243 2461 3368 2499 san-

1835 2522 2095 2586 ctissime,
2122 2533 2173 2576 et
2198 2526 2430 2579 admissa
2480 2535 2815 2594 receptaque,
2843 2545 2936 2598 per
2970 2533 3096 2584 mihi
3151 2535 3347 2601 placuit

1838 2609 2041 2679 Quippe
2073 2627 2178 2666 non
2212 2611 2514 2668 inhonestis
2539 2623 2654 2668 erat
2680 2615 3007 2672 indumentis
3031 2623 3239 2685 amicta,
3271 2639 3369 2677 nec

1838 2700 2076 2780 indignis
2099 2701 2303 2754 liberali
2335 2703 2599 2770 sapientia
2628 2715 2718 2757 tua
2745 2723 2758 2759 :
2782 2707 2874 2760 sed
2903 2707 3145 2764 honestis
3191 2715 3368 2780 potius

1837 2797 1891 2844 et
1947 2777 2282 2856 decentibus,
2333 2793 2511 2860 qualia
2571 2802 2748 2848 texere
2811 2777 3367 2856 sacerdotalia—labra

1839 2879 2033 2940 solent,
2063 2895 2182 2948 qua:
2205 2879 2470 2948 justitiam
2498 2880 2798 2951 proferunt,
2832 2891 2888 2938 et
2922 2888 3196 2941 veritatem
3229 2904 3372 2956 quac—

1839 2978 1983 3025 runt.
2018 2971 2350 3039 Quapmpter
2374 2973 2574 3041 accipe,
2624 2973 2766 3039 quod
2795 2987 2892 3041 per
2932 2989 3048 3029 eam
3081 2977 3292 3032 volulsti
3338 2994 3370 3034 ιι

1840 3060 1994 3113 nobis
2054 3061 2332 3130 consequi,
2409 3062 2779 3128 responsionis
2849 3065 3037 3119 amicae
3087 3069 3365 3121 talentum.

1840 3147 2072 3212 Petiisli,
2125 3157 2185 3203 ut
2237 3151 2438 3218 scripto
2453 3149 2778 3218 complectar
2802 3190 2818 3217 ,
2840 3153 3000 3212 ttnde,
3029 3161 3080 3206 et
3105 3158 3370 3223 quomodo

1840 3239 2302 3304 sanctissimorum
2345 3238 2774 3306 patriarcharum
2811 3255 3063 3294 numerus
3090 3245 3370 3310 quinatius

1843 3329 2155 3392 exstiterit;
2213 3342 2332 3396 quas
2390 3328 2663 3397 privilegia
2699 3333 2974 3384 consecuti
3012 3334 3116 3385 sint
3149 3351 3164 3400 ;
3199 3344 3252 3388 et
3304 3350 3370 3388 an

1845 3403 1916 3471 sit
1951 3417 2086 3469 inter
2109 3430 2203 3468 eos
2233 3416 2526 3469 discrimen
2555 3416 2795 3485 aliquod.
2826 3418 2902 3471 uti
2934 3421 3145 3487 quidam
3194 3425 3371 3491 perhio

194 3511 414 3561 πάντων
443 3509 793 3577 πατριαρχῶν
827 3511 921 3578 τῆς
958 3510 1290 3573 θεουπόλεως
1325 3514 1563 3582 μεγάλης
1628 3516 1744 3565 Ἀν-

1847 3504 1992 3556 bent.
2028 3501 2329 3557 Scribimus
2357 3518 2486 3572 ergo
2521 3505 2794 3557 sanctitati
2830 3514 2954 3583 tuae,
2981 3517 3208 3562 caeteros
3247 3520 3372 3564 ante

195 3600 432 3666 τιοχείας
458 3601 603 3666 παρὰ
640 3598 730 3650 τοῦ
766 3599 916 3664 ἁγίου
957 3600 1247 3651 ἀποστόλου
1279 3602 1482 3668 Πέτρου
1507 3620 1742 3672 κεχειρο-

195 3689 418 3754 τόνηται
455 3688 482 3736 6
530 3687 584 3750 ἐξ
628 3687 937 3762 Ἀγτιυχέων
997 3685 1222 3746 Εῠοεος·
1265 3688 1355 3737 καὶ
1411 3689 1526 3754 μετ’
1565 3689 1741 3755 ὀλίγον

198 3778 303 3828 ὑπὸ
335 3775 424 3827 τοῦ
448 3776 609 3828 αὑτοῦ
636 3776 982 3845 θεοκήρυκος,
1004 3776 1098 3844 τῆς
1127 3776 1562 3844 Ἐκκλησίαςτῶν
1600 3777 1743 3829 Ἀλεο

198 3865 469 3933 ξανδρέων
499 3866 808 3925 ἐπίσκοπος,
848 3866 873 3914 ό
898 3865 1049 3929 ἆγιος
1082 3864 1303 3931 Μάρκος
1350 3865 1704 3932 προϐέϐληται
1724 3884 1737 3896 ο

198 3955 307 4005 τῶν
342 3953 796 4020 Ἱεροσολυμιτῶν,
820 3954 844 4002 6
866 3952 1013 4015 ἆγιος
1042 3951 1288 4012 Ίὰκωόος
1311 3967 1325 3981 ο
1360 3954 1452 4004 καὶ
1483 3954 1582 4020 τῆς
1602 3954 1742 4024 Θρᾲ-

200 4061 326 4112 κης.
362 4046 389 4094 6
416 4043 567 4107 ἅγιος
608 4042 871 4110 Ἀνδρέας..
915 4042 1064 4093 Μετὰ
1088 4041 1141 4091 δὲ
1171 4042 1391 4110 χρόνους
1429 4043 1559 4094 ὡσεὶ
1591 4060 1742 4112 τρια-

202 4135 412 4194 κοσίους
451 4135 476 4183 6
529 4133 698 4199 μέγας
734 4134 787 4182 ἑν
847 4133 1138 4200 Πατράσιν,
1182 4135 1208 4183 6
1251 4132 1400 4198 ἅγιος
1427 4133 1741 4203 Σίλόεστρος

205 4223 352 4289 παρὰ
381 4222 471 4272 τοῦ
497 4223 647 4286 ἁγίου
679 4222 1022 4273 ίσαποστό).ου
1057 4222 1289 4288 μεγάλου
1318 4224 1737 4289 Κωνσταντίνου,

202 4315 326 4380 ἄρτι
371 4313 600 4380 πρώτως
657 4312 1138 4379 ὀρθοδοξήσαντος,
1187 4315 1370 4373 πάπας
1408 4315 1499 4365 τοῦ
1556 4314 1738 4384 θρόνου

202 4406 302 4469 τῆς
339 4404 570 4464 παλαιᾶς
611 4390 824 4469 Ῥώμης
870 4402 1200 4468 ὠνόμασται,
1232 4404 1462 4472 καθὼςή
1499 4405 1739 4470 φιλόθεος

204 4490 434 4556 ἱστορία,
466 4492 558 4542 καὶ
588 4491 641 4541 αἱ
676 4489 856 4541 λοιπαὶ
902 4490 1341 4556 ἐκκλησιαστικαὶ
1373 4493 1598 4558 ίστορίαι
1625 4494 1739 4545 δια-

203 4582 584 4650 ὶαμὸἀνουσιν.
631 4581 686 4631 Ὀ
713 4581 768 4631 δὲ
793 4581 962 4648 μέγας
992 4579 1174 4647 θρόνος
1192 4581 1286 4647 τῆς
1310 4582 1739 4634 Κωνσταντινου-

206 4674 431 4734 πόλεως,
460 4671 515 4722 τὸ
540 4668 857 4739 περιϐόητον
879 4668 1033 4720 τοῦτο
1061 4670 1150 4720 καὶ
1174 4672 1398 4737 πρᾶγμα
1427 4669 1520 4721 καὶ
1550 4669 1740 4738 ὄνομα,

208 4764 527 4831 Πειρινθίοις
559 4760 910 4828 ὑποκείμενος
942 4759 1241 4828 (Πείρινθος
1269 4760 1322 4810 δέ
1354 4762 1497 4812 ἐστιν
1530 4763 1562 4830 ἡ
1593 4761 1739 4814 δυτι-

206 4855 276 4922 κὴ
322 4852 632 4922 Ἡράκλεια)
678 4851 844 4903 ἐτέλει
899 4849 1002 4901 ὑπὸ
1061 4849 1371 4901 ἐπίσκοπον.
1425 4851 1589 4905 Οὔπω
1630 4854 1738 4922 γὰρ

209 4926 562 5009 μεγαλόπολις
589 4943 619 5009 ἡ
649 4939 1210 5000 Κωνσταντινούπολις
1239 4938 1563 5007 ὠνομάζετο,
1603 4941 1740 4995 ἀλλὰ

206 5033 492 5100 πολίχνιον,
537 5031 627 5083 καὶ
679 5028 986 5090 Βυζάντιον.
1040 5029 1480 5096 Μετενεχθέντων
1529 5031 1585 5082 δὲ
1635 5031 1741 5082 τῶν

209 5126 497 5191 σκήπτρων
524 5119 621 5188 τῆς
663 5118 934 5186 βασιλείας
976 5120 1082 5171 ἀπὸ
1112 5119 1208 5185 τῆς
1251 5118 1486 5180 παλαιᾶς
1525 5119 1742 5189 Ῥώμης

209 5215 263 5262 ἐν
291 5211 449 5278 αὐτῇ,
484 5216 621 5261 κατὰ
646 5207 790 5259 Θείαν
813 5209 906 5260 καὶ
941 5209 1246 5278 ἀπόρρητον
1273 5207 1551 5275 Πρόνοιαν,
1585 5209 1660 5271 ὡς
1683 5209 1742 5273 ἐξ

209 5300 511 5370 ἀγριελαίου
539 5300 616 5361 είς
648 5297 1001 5360 καλλιέλαιον,
1037 5300 1196 5350 ὁτότε
1219 5298 1618 5366 ἀρχιερατεύων
1649 5300 1746 5368 τῆς

227 5389 549 5458 Ἐκκλησὶας
568 5389 659 5441 τοῦ
696 5387 935 5441 τοιούτου
977 5387 1164 5457 θ-ρόνου
1189 5389 1337 5454 ἅγιος
1359 5390 1743 5460 Μητροςράνης,

214 5485 273 5547 te
299 5481 590 5534 ἐπισκόπου
627 5478 1014 5548 μετωνομάσθη
1041 5480 1482 5547 ἀρχιεπίσκοπος.
1508 5479 1602 5530 Διά
1643 5481 1746 5546 γὰρ

217 5572 370 5624 τοῦτο
398 5570 487 5622 καὶ
523 5573 553 5638 ἡ
582 5570 765 5637 πρώτη
818 5568 947 5635 ἁγία
977 5567 1332 5643 οἰκουμενικὴ
1367 5567 1580 5628 σύνοδος
1615 5586 1747 5636 μνη-

220 5664 516 5730 μονεύσασα
535 5663 625 5714 καὶ
648 5661 738 5713 τοῦ
769 5661 954 5728 θρόνου
984 5660 1076 5728 τῆς
1112 5661 1746 5722 Κωνσταντινουπόλεως,

1843 3594 2180 3660 patriarchas
2207 3608 2414 3651 omnes.
2443 3608 2470 3644 a
2505 3602 2695 3646 sancto
2728 3595 2890 3648 Petro
2918 3600 3159 3662 apostolo
3204 3600 3372 3653 fuisse

1843 3681 2150 3735 ordinatum
2176 3696 2380 3747 magna
2403 3683 2543 3736 illius
2569 3685 2865 3737 Antiochiae
2891 3687 3202 3753 antistitem,
3236 3689 3372 3741 Evo-

1841 3769 1966 3822 dutn
1994 3769 2386 3821 Antiochenum
2414 3785 2429 3832 ;
2455 3780 2503 3821 et
2531 3772 2688 3837 paulo
2718 3779 2857 3836 post,
2889 3771 2956 3824 ab
3008 3775 3190 3827 eodem
3241 3791 3375 3844 prae-

1843 3871 1978 3910 eone
2000 3858 2206 3920 divino,
2267 3859 2579 3924 episcopum
2620 3859 2995 3913 Alexandrinas
3059 3863 3372 3928 praefectum

1841 3949 2122 4011 Ecclesiae,
2201 3957 2446 4000 sanctum
2508 3945 2786 4011 Marcum;
2861 3950 3371 4021 llierosolymitanm,

1842 4049 2087 4092 sanctum
2111 4036 2368 4090 Jacubum
2398 4055 2413 4102 ;
2442 4035 2759 4099 Thracensi,
2787 4047 3028 4093 sanctum
3079 4043 3369 4097 Andream.

1843 4129 1970 4182 Post
2003 4141 2175 4180 annos
2230 4141 2356 4178 vero
2390 4127 2542 4194 quasi
2611 4134 2902 4192 trecentos,
2964 4144 3188 4197 magnus
3238 4134 3378 4186 inter

1841 4219 2057 4280 Patres,
2083 4225 2136 4271 ct
2158 4225 2377 4270 sanctus
2400 4217 2478 4268 vir
2500 4216 2778 4280 Silvester,
2804 4233 2830 4270 a
2860 4227 3047 4273 sancto
3077 4231 3128 4274 et
3159 4232 3376 4290 aposto-

1841 4309 1909 4364 lis
1947 4308 2083 4376 pari,
2114 4321 2306 4375 magno
2351 4307 2443 4360 illo
2471 4306 2851 4368 Constantino,
2885 4310 2972 4373 qui
3017 4323 3216 4363 rectam
3277 4315 3373 4365 do-

1841 4398 2070 4452 ctrinam
2095 4411 2285 4450 recens
2307 4396 2583 4462 amplexus
2607 4395 2797 4460 fuerat,
2828 4399 2944 4450 solii
2976 4400 3165 4466 priscae
3193 4399 3374 4456 Roma:

1842 4501 1977 4556 papa
2005 4486 2107 4540 fuit
2145 4485 2475 4553 appellatus;
2497 4484 2945 4552 quemadmodum
2978 4487 3200 4543 historia
3249 4492 3374 4545 reli-

1843 4577 2014 4644 giosa,
2045 4591 2166 4628 cum
2199 4573 2408 4627 czeteris
2445 4573 2684 4626 historiis
2726 4575 3130 4639 ecclesiasticis,
3191 4582 3373 4634 tradit.

1846 4665 2072 4734 Magnus
2108 4671 2286 4716 autem
2340 4664 2567 4716 thronus
2610 4663 2699 4716 ille
2742 4662 3262 4735 Constantinopolis,
3317 4684 3374 4722 re

1844 4756 2046 4823 pariter
2076 4766 2139 4805 ac
2176 4752 2393 4805 nomine
2431 4751 2669 4805 famosus
2695 4787 2709 4812 ,
2758 4749 3046 4807 Perinthiis
3095 4755 3378 4823 subjectus

1850 4844 1954 4914 (est
1983 4850 2158 4896 autem
2227 4841 2534 4903 Perinthus,
2570 4840 2914 4895 occidentalis
2953 4841 3228 4914 Heraclea)
3268 4850 3378 4914 epi-

1849 4947 2014 5001 scopo
2048 4933 2285 5002 parebat.
2314 4931 2546 4985 Necdum
2571 4933 2710 4985 enim
2730 4932 2858 4984 urbs
2882 4947 3092 5000 magna,
3125 4937 3205 4988 vel
3234 4937 3377 4990 Con-

1848 5022 2228 5089 stantinOpolis
2256 5022 2657 5090 appellabatur;
2689 5021 2780 5073 sed
2823 5022 3075 5089 Oppidum
3101 5031 3152 5076 et
3177 5023 3381 5094 Byzan-

1848 5119 2006 5169 tium.
2040 5113 2173 5166 Cum
2204 5120 2380 5166 autem
2413 5112 2621 5179 imperii
2662 5122 2874 5179 sceptra
2905 5127 2966 5164 ex
2999 5115 3159 5166 veteri
3186 5114 3377 5183 Roma,

1851 5206 2034 5262 divina
2086 5214 2138 5257 et
2225 5202 2480 5257 ineffabili
2562 5201 2928 5264 Providentia,
2986 5211 3237 5270 tanquam
3312 5223 3381 5262 ex

1851 5299 2082 5352 oleastro
2137 5296 2191 5348 in
2225 5294 2454 5353 olivam,
2501 5293 2603 5346 huc
2657 5294 2912 5344 translata
2970 5293 3240 5354 fuissent:
3288 5299 3380 5365 qui

1850 5399 1978 5441 tunc
2006 5386 2272 5456 pontiﬁcis
2299 5400 2420 5437 cum
2446 5383 2766 5437 auctoritate
2797 5385 2987 5436 throno
3021 5386 3180 5452 hujus
3207 5389 3384 5441 eccle-

1852 5480 1941 5533 siae
1956 5486 2199 5547 preerat,
2219 5484 2440 5529 sanctus
2473 5474 2559 5528 ille
2573 5472 2944 5540 Metrophanes
2965 5515 2978 5535 ,
3003 5489 3067 5527 ex
3107 5475 3383 5547 episcopo,

1856 5571 2070 5623 nomine
2096 5577 2320 5630 mutato,
2375 5574 2598 5618 vocatus
2635 5561 2735 5614 fuit
2775 5563 3231 5632 archiepiscopus.
3262 5565 3388 5620 Ete-

1858 5662 1964 5713 nint
2026 5661 2225 5712 idcirco
2280 5660 2446 5726 prima
2513 5663 2696 5709 sancta
2751 5653 2989 5721 synodus
3044 5655 3383 5721 universalis,
