3914 6332
177 429 312 497 101³1

1578 429 1986 497 MEDITATA.

3192 417 3327 480 lilii}

186 551 408 617 unxit;
440 549 531 601 τοῦ
548 546 940 608 διδασκαλικοῦ,
973 545 1153 613 φασιν,
1184 547 1329 597 ἐστὶν
1382 544 1699 612 ἀξιώματος.

1814 554 1946 594 sum.
1998 539 2203 607 Quippe
2236 537 2342 601 fax,
2394 539 2658 606 inquiunt,
2691 539 2755 589 ad
2803 536 3028 590 ofﬁcium
3084 538 3317 589 dOt‘ltH'lS

192 637 563 710 liap‘lvppiav
612 636 667 688 δὲ
714 635 978 689 διδάσκειν
1027 636 1123 687 οὐκ
1175 636 1377 699 ἐφεῖται
1442 634 1702 701 ἀρχιερεῖ,

188 728 329 782 κατὰ
356 727 445 780 τὸν
480 733 527 779 κ’
559 725 751 778 κανόνα
775 725 870 793 τῆς
917 726 972 776 ὲν
1009 723 1084 791 τῷ
1128 722 1373 790 Τρούλλῳ
1416 720 1706 785 ἁγίαςααὶ

189 814 562 884 οίκοομενικῆς
583 813 743 881 ἕκτης
798 811 1033 862 συνόδου.
1082 810 1189 861 Καὶ
1234 811 1312 868 είς
1358 808 1705 859 ὲπισύστασιν

191 907 351 975 δῆθεν
374 903 464 955 τοῦ
489 903 642 968 λόγου
669 900 864 963 αὐτῶν,
901 899 991 952 καὶ
1021 900 1128 960 τοῖς
1173 897 1537 963 εὐαγγελικοίς
1575 896 1707 946 ἀπο-

191 992 427 1064 χρῶνται
452 991 672 1058 ῥήμασι,
732 989 826 1039 καὶ
882 987 1135 1050 λέγουσι’
1168 984 1447 1050 Δαμψάτω
1495 982 1553 1033 τὸ
1595 983 1707 1049 φῶς

191 1080 343 1147 ὑμῶν
407 1076 703 1145 ἔμπροσθεν
747 1074 853 1125 τῶν
906 1071 1221 1142 ἀνθρώπων.
1279 1070 1703 1132 ’Δκουσάτωσαν,

185 1170 262 1230 ὡς
291 1170 337 1218 οί
366 1165 593 1235 βασιλεῖς
616 1166 713 1217 καὶ
740 1165 787 1215 οί
836 1163 1166 1231 πατριάρχαι
1198 1160 1576 1229 μεγαλύνονται
1613 1159 1709 1225 μὲν

192 1256 286 1306 καὶ
331 1253 720 1313 διδασκαλικοίς
780 1250 1067 1315 ἀξιώμασι,
1123 1251 1209 1301 διὰ
1264 1249 1358 1317 τὴν
1407 1247 1499 1310 τοῦ
1554 1247 1706 1313 ἁγίου

190 1340 482 1410 χρίσματος
501 1339 742 1406 δύναμιν·
774 1336 1013 1388 ἐντεῦθεν
1040 1335 1142 1403 γὰρ
1170 1336 1218 1385 oi.
1248 1335 1427 1385 πιστοὶ
1458 1334 1708 1385 δεσπόται

190 1431 285 1479 καὶ
307 1426 691 1492 αὐτοκράτορες
722 1422 1090 1492 κατηχητικῶς
1117 1421 1358 1489 ὁμιλοῦσι
1380 1421 1454 1489 τῷ
1480 1437 1710 1488 χριστω-

186 1518 344 1583 νόμῳ
367 1513 497 1580 λαῷ,
530 1512 561 1580 ἢ
596 1512 854 1578 θυμιῶσιν
881 1512 953 1570 ὡς
981 1512 1159 1577 ἱερεῖς,
1192 1511 1284 1561 καὶ
1313 1510 1445 1575 μετὰ
1468 1509 1707 1576 δικηρίου

189 1602 563 1669 σφραγίςουσι.
594 1598 745 1648 Κατᾶ
776 1596 929 1648 τοῦτο
949 1598 1003 1647 δὲ
1031 1596 1184 1665 μόνον
1214 1595 1458 1664 λαμπάσι
1483 1593 1709 1657 ζωννυο-

194 1689 379 1753 μὲναι;
408 1687 666 1754 ἀργυροῖς
696 1685 788 1735 καὶ
806 1683 1105 1751 διαχρύσοις
1137 1677 1262 1749 (οἷον
1286 1680 1477 1749 εἰπεῖν)
1512 1697 1707 1747 στεφα-

190 1779 432 1842 νώμασιν
458 1774 554 1824 οὐκ
587 1771 1064 1839 ἀποσεμνύνονται,
1093 1769 1203 1821 ἀλλ’
1231 1771 1311 1821 ὅτι
1341 1773 1432 1822 καὶ
1460 1770 1596 1821 κατὰ
1617 1769 1704 1820 τὸν

188 1866 437 1932 οὐράνιον
481 1862 703 1927 γίγαντα
757 1860 815 1911 τὸ
868 1859 1083 1926 κέντρον
1138 1859 1559 1926 καταφωτίζουσι
1611 1859 1709 1926 τῆς

188 1952 491 2022 ὀρθοδοξίας
556 1954 665 2012 τοῖς
718 1950 1068 2018 ἀμαρύγμασι
1124 1936 1483 2017 καὶῆἔξοδος
1534 1949 1708 2001 αὐτῶν

191 2045 287 2095 ἀπ’
313 2040 709 2117 ᾇκρουελάμπει
738 2037 828 2090 τοῦ
874 2036 1117 2107 οὐρανοῦ,
1154 2042 1246 2091 καὶ
1291 2038 1351 2089 τὸ
1395 2038 1710 2104 κατάντημα

190 2133 372 2183 αὐτῶν
396 2132 498 2191 ’ἑως
526 2131 691 2198 ἄκρου
719 2129 907 2195 φθάνει
935 2126 1024 2180 τοῦ
1046 2126 1267 2196 οὐρανοῦ
1288 2141 1301 2155 ·
1333 2126 1424 2178 καὶ
1444 2126 1540 2178 οὐκ
1569 2126 1711 2176 ἐστιν

185 2222 249 2279 ὃς
278 2220 378 2288 τῆς
410 2213 623 2287 ’θέρμης
642 2217 814 2269 αὐτῶν
835 2215 1260 2286 ἀποκρύπτεται.
1302 2216 1362 2266 Et
1412 2214 1519 2281 γὰρ
1556 2216 1711 2282 μόνον

187 2311 279 2362 διὰ
305 2311 363 2360 τὸ
389 2308 486 2377 τῆς
508 2307 845 2367 διδασκαλίας
894 2306 1102 2374 ἀξίωμα
1134 2306 1238 2357 τῶν
1266 2304 1513 2356 τοιούτων
1572 2302 1710 2370 λαμ-

194 2399 378 2452 πάδων
412 2397 673 2465 ἐπενοήθη
702 2396 762 2447 τδ
790 2396 1188 2463 σεμνολόγημα,
1245 2397 1278 2463 ἡ
1313 2394 1448 2447 κατὰ
1491 2394 1711 2463 καιροὺς

189 2483 333 2546 τέως
362 2484 810 2552 αὑτοκρατόρισσα
836 2484 897 2534 ὲκ
942 2481 1033 2533 τοῦ
1073 2483 1359 2549 προνομίου
1406 2481 1589 2533 τούτου
1640 2480 1715 2544 6t,-

194 2572 365 2631 καίως
386 2572 451 2625 ἃν
474 2573 679 2640 ἀφῆκεν
740 2570 1055 2637 ἀφώτιστος.
1109 2572 1369 2632 Γυναῖκας
1415 2573 1520 2638 γάρ
1560 2574 1716 2640 σιγᾷν

193 2662 294 2713 καὶ
351 2662 424 2729 μὴ
464 2661 732 2713 διδάσκειν
779 2660 1207 2729 νενομοθέτηται.
1264 2661 1420 2712 Ἀλλὰ
1469 2662 1574 2729 μὴν
1626 2662 1717 2713 καὶ

192 2748 397 2810 ταύτας
419 2750 627 2818 δρῶμεν
654 2748 791 2801 οὕτω
811 2748 1163 2817 δοξαζομένας
1209 2748 1345 2800 κατὰ
1390 2750 1513 2811 τοὺς
1564 2748 1715 2817 βασι-

198 2838 335 2900 λεῖς.
385 2839 493 2891 Καὶ
539 2838 587 2890 οἱ
636 2837 886 2906 ἐγχώριοι
923 2838 979 2890 δὲ
1014 2839 1208 2899 πάντες
1259 2838 1527 2907 ἀρχιερεῖς
1576 2855 1717 2907 παρ-

197 2926 398 2994 ομοίως
426 2927 523 2989 τὰς
553 2927 933 2995 ἀρχιερατικὰς
965 2928 1058 2979 καὶ
1099 2926 1309 2988 ἀλλοίας
1337 2928 1588 2996 προόδους
1623 2930 1718 2978 ὲπ·

195 3015 381 3066 ινόουν
423 3014 487 3068 ἄν
511 3029 524 3044 ο
579 3016 672 3066 καὶ
697 3010 831 3067 εἶδεν
858 3015 923 3068 ἄν
946 3031 1027 3076 τις
1054 2996 1210 3082 τυχὸν
1258 3015 1345 3067 τὸν
1379 3015 1470 3067 τοῦ
1522 3015 1717 3083 ’Δθύρα

1806 640 2027 698 spectat.
2065 630 2223 682 Extra
2263 629 2587 697 provinciam
2632 642 2753 679 vero
2793 627 3008 688 docere,
3051 641 3155 679 non
3198 641 3316 694 per-

1806 719 2027 771 missum
2091 727 2170 769 est
2234 715 2516 783 pontiﬁci;
2573 714 2861 768 secundum
2926 728 3187 767 canonem
3253 730 3316 766 τι

1807 809 1998 861 habita:
2041 808 2093 860 in
2152 808 2334 859 Trullo
2381 814 2576 858 sancta:
2624 812 2778 870 atque
2826 805 3136 856 universalis
3159 812 3319 857 sexta:

1806 895 2015 961 synodi.
2063 894 2128 946 Et
2184 897 2247 946 ad
2307 893 2721 946 conﬁrmandam
2795 892 2997 944 scilicet
3043 892 3179 943 hanc
3236 907 3322 943 ra-

1807 986 2006 1037 tionem
2067 990 2216 1036 suam
2249 1022 2263 1046 ,
2309 981 2626 1049 evangelicis
2676 995 2886 1047 quoque
2966 982 3140 1033 verbis
3180 981 3324 1035 hisce

1807 1082 2030 1125 utuntur
2074 1087 2087 1123 :
2134 1070 2330 1143 Luccat
2391 1071 2479 1122 lux
2543 1079 2715 1120 vestra
2764 1083 2943 1119 coram
2996 1068 3319 1122 hominibus.

1807 1161 2038 1213 Audiam
2083 1158 2159 1219 hi,
2192 1166 2297 1210 tam
2350 1157 2858 1224 adjamplitudiuent
2907 1157 3321 1222 imperatorium,

1808 1264 1964 1316 quam
2023 1247 2459 1316 patriarchalem,
2513 1244 2679 1296 oilicia
2753 1245 2978 1297 docendi
3035 1247 3320 1310 pertinere,

1806 1347 2023 1408 propter
2068 1334 2336 1389 unctionis
2390 1349 2556 1388 sacrae
2609 1336 2711 1385 vim
2776 1344 2933 1398 atque
2988 1344 3320 1400 potestatem.

1809 1426 1943 1479 llinc
1971 1425 2111 1478 enim
2148 1422 2420 1482 usuvenit.
2448 1432 2503 1474 ut
2543 1422 2720 1472 lidvles
2765 1421 3030 1488 principes
3068 1429 3121 1473 et
3163 1423 3326 1488 impe—

1808 1526 2014 1571 ratores
2054 1516 2379 1569 catechetico
2419 1528 2563 1566 more
2594 1528 2715 1566 cum
2785 1515 2979 1582 populo
3022 1514 3328 1567 Christiano

1808 1609 2195 1675 colloquantur,
2243 1613 2335 1657 aut
2369 1602 2598 1657 sulIitum
2644 1602 2840 1654 faciant
2876 1616 3023 1655 more
3069 1603 3328 1656 sacerdo-

1811 1702 1943 1765 tupi,
1961 1706 2013 1747 et
2036 1707 2156 1746 cum
2179 1706 2302 1746 cera
2325 1688 2520 1757 duplici
2552 1688 2849 1756 obsignent.
2877 1686 3068 1741 Verum
3093 1688 3190 1740 hac
3217 1691 3329 1742 sola

1812 1784 1878 1837 de
1902 1797 2061 1837 causa
2106 1781 2328 1840 facibus,
2362 1794 2479 1847 quae
2529 1778 2795 1844 argenteis
2841 1785 2892 1830 et
2936 1779 3111 1831 aureis
3142 1778 3221 1845 (ut
3257 1778 3328 1831 ita

1810 1873 2056 1938 dixerim)
2113 1868 2329 1923 corollis
2402 1869 2588 1919 cincta:
2631 1877 2774 1924 sunt,
2835 1881 2939 1917 non
2994 1876 3216 1919 utuntur
3275 1869 3326 1919 in

1810 1961 2018 2030 pompis
2061 1976 2074 2010 :
2118 1958 2208 2011 sed
2258 1958 2437 2021 etiam,
2487 1955 2629 2023 quod
2683 1956 2852 2007 instar
2903 1954 3137 2007 caelestis
3186 1954 3328 2009 illius

1810 2052 2036 2120 gigantis
2086 2048 2217 2119 (58),
2274 2047 2374 2099 hoc
2417 2054 2657 2099 centrum
2704 2043 3012 2098 orthodoxa;
3075 2045 3328 2098 doctrina:

1809 2141 1975 2193 radiis
2000 2139 2313 2191 collustrent
2348 2154 2361 2188 :
2392 2134 2637 2200 quodque
2671 2133 2860 2193 luceat,
2888 2147 3068 2185 eorum
3092 2132 3330 2198 egressio

1809 2227 1876 2279 ab
1898 2234 2133 2278 extremo
2161 2223 2317 2286 cmlo,
2347 2231 2400 2273 et
2443 2234 2697 2273 occursus
2741 2220 2976 2287 ipsorum
3010 2218 3074 2271 ad
3107 2220 3325 2272 alteram

1810 2314 1930 2366 caeli
1966 2310 2147 2365 tendat
2187 2309 2615 2363 extremitatem:
2652 2322 2771 2360 cum
2803 2290 3019 2364 interim.
3055 2320 3209 2361 nemo
3236 2308 3327 2367 sit.

1811 2401 1899 2468 qui
1951 2400 2018 2452 ab
2054 2413 2237 2453 eorum
2279 2397 2455 2451 calore
2513 2412 2571 2450 se
2628 2396 2795 2463 possit
2837 2397 3050 2449 abdere.
3104 2396 3231 2449 Nam
3282 2397 3328 2449 si

1813 2489 2071 2541 duntaxat
2104 2495 2314 2553 propter
2337 2484 2643 2553 dignitatem
2678 2482 2833 2537 olIicii
2874 2481 3121 2543 docendi,
3155 2482 3326 2535 lacum

1814 2576 2073 2643 ejusmodi
2155 2574 2429 2642 speciosus
2510 2574 2646 2627 ritus
2715 2573 3043 2641 exeogitatus
3124 2580 3329 2626 esset:

1816 2665 2078 2732 cujusque
2109 2664 2367 2732 temporis
2394 2662 2704 2729 imperatrix
2744 2675 2930 2727 expers
2972 2662 3190 2729 hujusce
3220 2661 3334 2729 pri-

1815 2752 1987 2821 vilegii
2016 2751 2172 2813 foret,
2201 2766 2265 2804 ac
2302 2751 2511 2803 facibus
2537 2763 2643 2802 non
2669 2749 2765 2802 abs
2796 2764 2853 2802 re
2872 2759 3097 2802 careret.
3129 2748 3334 2816 Quippe

1817 2841 2079 2894 sancitum
2119 2849 2220 2904 est,
2256 2848 2313 2893 ut
2360 2845 2570 2892 taceant
2602 2835 2871 2898 mulieres,
2906 2852 2966 2889 ac
3002 2837 3220 2890 minime
3247 2838 3335 2890 do-

1815 2937 1988 2984 ceant.
2013 2918 2258 2981 Attamen
2312 2928 2393 2978 his
2439 2938 2652 2993 quoque
2703 2924 2942 2978 videmus
2992 2926 3174 2978 eodem
3210 2939 3333 2978 cum

1817 3019 2226 3089 imperatoribus
2267 3018 2371 3070 ritu
2404 3016 2549 3070 faces
2580 3015 2837 3084 praeferri.
2872 3014 3168 3081 Regionum
3201 3030 3333 3082 prse-

197 3105 513 3170 ὲπεσκοπον,
542 3106 634 3156 καὶ
663 3104 750 3156 τὸν
770 3103 943 3172 πολλῷ
966 3104 1149 3156 τούτου
1178 3105 1712 3174 μικροπρεπὼτερον,

1820 3121 1959 3162 terea
1995 3106 2270 3174 pontiﬁces
2308 3106 2562 3168 universi,
2595 3105 2947 3158 consimiliter
2975 3114 3082 3157 tum
3117 3104 3336 3173 pontiﬁ-

195 3193 340 3261 πεζῇ
366 3193 462 3259 μὲν
488 3193 578 3244 καὶ
606 3192 767 3260 βάδην
787 3194 880 3255 τὰς
904 3192 1152 3260 προόδους
1180 3194 1273 3260 τῆς
1292 3193 1489 3254 οἰκείας
1513 3194 1717 3260 ἑνορίας

200 3278 640 3348 περιερχόμενον,
671 3278 908 3344 λαμπάδι
936 3278 991 3328 δὲ
1012 3280 1372 3345 πατριαρχικῇ
1410 3278 1717 3346 κυδαινόμε-

198 3383 315 3428 νον,
350 3367 430 3416 ὅτι
455 3366 548 3417 καὶ
575 3366 727 3416 αὐτοὶ
745 3365 1110 3418 διδασκαλικὸν
1138 3365 1345 3434 ἀξίωμα
1372 3382 1434 3417 πε
1445 3366 1718 3435 ριὸἑὸλην·

196 3472 311 3505 ται.
340 3448 411 3506 Οὗ
458 3454 511 3505 τί
532 3453 595 3506 ἄν
628 3471 706 3514 τις
727 3454 853 3523 φαίη
891 3457 1400 3523 καινοπρεπὲστερον
1422 3494 1435 3517 ,
1464 3457 1495 3523 ἢ
1524 3458 1718 3523 μᾶλλον

197 3544 396 3606 εἰπεῖν,
423 3542 781 3610 ἀηδέστερον;
816 3542 878 3595 Ei
906 3543 962 3596 δὲ
988 3542 1140 3595 τοῦτο
1199 3545 1444 3596 οὐδέποτέ
1480 3561 1561 3605 τις
1613 3541 1717 3596 εἶδε

205 3631 492 3697 γινόμενον
524 3633 602 3693 εἷς
630 3648 748 3683 τινα
780 3632 883 3683 τῶν
914 3632 1367 3702 μητροπολιτῶνῆ
1396 3634 1719 3702 τῶν-ἀρχιε-

204 3722 507 3786 πισκόπων,
541 3720 719 3789 πολλῷ
778 3722 832 3773 δὲ
872 3723 1024 3774 πλέον
1053 3722 1158 3774 τῶν
1208 3724 1532 3784 ἐπισκόπων.
1592 3725 1716 3776 ἄνευ

203 3807 383 3875 μόνων
413 3806 517 3857 τῶν
537 3808 912 3872 αὐτοκεφάλων
952 3809 1407 3876 ἀρχιεπισκόπων,
1438 3810 1528 3861 τοῦ
1561 3811 1719 3862 Βουλ-

199 3893 400 3963 γαρίας
453 3894 613 3963 φημὶ,
655 3893 867 3946 καὶτοῦ
919 3894 1160 3962 Κύπρου,
1190 3895 1279 3946 καί
1327 3911 1483 3946 τινων
1528 3894 1717 3961 ὀλίγων

202 3981 611 4050 μητροπολιτῶν
651 3981 915 4033 λαϐόντων
945 3983 1048 4032 ἀπὸ
1091 3982 1391 4049 φιλοτιμίας
1444 3982 1720 4051 βασιλικῆς

204 4066 382 4132 ἰδικῆς
408 4065 564 4117 τοῦτο
591 4071 647 4117 τὸ
669 4066 898 4118 δίκαιον·
956 4068 1144 4137 ἄραρε,
1184 4068 1361 4133 μόνοις
1410 4071 1517 4130 τοῖς
1569 4070 1720 4137 βασι-

202 4153 361 4204 λεῦσι
406 4154 499 4206 καὶ
544 4155 653 4213 τοῖς
703 4154 1060 4221 πατριάρχαις
1084 4155 1184 4206 ὑπὸ
1209 4155 1304 4221 τῆς
1324 4154 1416 4206 τοῦ
1460 4156 1719 4221 παναγίου

214 4240 522 4308 ῐῐνεύματος
546 4241 781 4309 χάριτος,
812 4243 905 4294 καὶ
950 4244 1045 4311 τῆς
1086 4244 1568 4311 ἀρχαιοπαραδότου
1602 4260 1722 4294 συν-

198 4329 412 4398 ηθείας,
443 4331 537 4382 καὶ
562 4329 828 4396 εὐταξίας,
852 4331 1346 4400 ιπιφιλοτιμηθῆναι
1383 4331 1534 4383 τοῦτο
1561 4332 1618 4384 τὸ
1641 4332 1720 4382 δί-

200 4435 360 4470 καιον
395 4417 478 4470 διὰ
499 4418 595 4480 τὰς
621 4417 869 4487 ῥηθείσας
892 4419 1086 4479 αἰτίας.

1821 3196 1982 3261 cales,
2018 3202 2126 3249 tum
2176 3193 2306 3247 alias
2355 3192 2406 3244 in
2453 3191 2721 3259 publicum
2776 3192 3141 3258 proccssioncs
3180 3192 3337 3245 insti-

1822 3290 2029 3335 tuerent
2054 3296 2068 3332 :
2092 3293 2153 3332 ac
2180 3278 2380 3332 videret
2404 3279 2597 3345 aliquis
2625 3278 2930 3346 episcopqu
2956 3280 3335 3346 Athyrensem,

1824 3370 1969 3422 verbi
1999 3367 2189 3435 gratia,
2219 3367 2299 3419 vel
2328 3366 2488 3419 etiam
2534 3366 2688 3432 longe
2716 3368 3013 3432 quempiam
3062 3366 3162 3419 hoc
3200 3366 3336 3420 infe-

1825 3459 2042 3516 riorem,
2091 3453 2317 3522 peditem
2373 3452 2521 3504 illum
2554 3452 2767 3520 quidem
2814 3453 2865 3504 in
2918 3452 3190 3519 provincia
3236 3468 3333 3506 sua

1821 3542 2163 3609 prodeuntem
2220 3539 2273 3591 in
2326 3539 2612 3603 publicum,
2650 3548 2702 3591 et
2749 3538 2847 3590 hac
2903 3538 3022 3591 illac
3074 3539 3333 3604 itantem;

1821 3629 1913 3683 sed
1958 3628 2144 3681 facula:
2176 3635 2351 3680 tamen
2402 3626 2770 3694 patriarchalis
2800 3628 2995 3680 honore
3018 3635 3332 3690 tumentem,

1820 3718 2032 3785 quando
2062 3717 2116 3769 hi
2146 3717 2303 3769 etiam
2331 3714 2568 3783 episcopi
2600 3714 2769 3767 ollicio
2797 3714 3018 3767 docendi
3060 3714 3331 3768 fruuntur.

1821 3807 1937 3871 Quo
1964 3821 2091 3860 sane
2125 3806 2253 3874 quid
2279 3805 2381 3858 dici
2414 3805 2585 3874 possit
2627 3804 2939 3857 insolentius
2968 3803 2990 3854 ?
3029 3805 3104 3857 vel
3136 3806 3330 3859 rectius

1823 3903 1881 3947 ut
1935 3895 2141 3962 loquar,
2195 3893 2322 3961 quid
2396 3892 2779 3959 iniucundius?
2842 3892 2909 3943 At
2961 3893 3006 3945 si
3061 3877 3331 3957 nunquam

1822 3984 2101 4052 quisquam
2129 3981 2229 4032 hoc
2271 3980 2380 4031 fieri
2409 3978 2540 4032 vidit
2572 3980 2627 4031 in
2683 3979 2860 4045 aliquo
2891 3979 2972 4031 vel
3021 3981 3331 4048 metropoli-

1824 4080 1967 4131 tano,
2030 4067 2110 4120 vel
2164 4065 2605 4133 archiepiscOpo,
2665 4073 2867 4117 tantmn
2932 4067 3083 4121 abest
3163 4078 3219 4121 ut
3276 4070 3329 4122 in

1822 4156 2099 4223 episcopos
2129 4152 2299 4213 cadat,
2341 4153 2574 4219 exceptis
2598 4152 2917 4220 quibusdam
2970 4157 3331 4225 archiepisco-

1825 4244 1927 4311 pis,
1984 4242 2074 4311 qui
2126 4247 2284 4307 caput
2358 4241 2457 4309 ipsi
2520 4254 2736 4294 suorum
2816 4251 2978 4304 sunt;
3053 4242 3330 4311 Bulgaria,

1826 4334 2062 4401 inquam,
2095 4339 2147 4383 et
2175 4329 2354 4399 Cypri,
2385 4335 2438 4381 et
2472 4330 2651 4396 paucis
2681 4330 2997 4397 quibusdam
3030 4334 3332 4401 metrOpoli-

1761 4419 1799 4471 D
1832 4421 2002 4484 tauis;
2026 4418 2114 4486 qui
2142 4433 2205 4471 ex
2238 4416 2574 4482 imperatoria
2600 4418 2815 4483 speciali
2862 4421 3219 4474 muniﬁcentia
3243 4422 3333 4486 jus

202 4510 309 4559 hoc
348 4506 730 4559 obtinuerunt:
758 4505 1015 4572 sequitur,
1053 4505 1182 4559 solis
1223 4507 1629 4572 imperatoribus
1654 4516 1706 4562 et
1742 4507 2054 4578 patriarchis
2088 4520 2180 4572 per
2210 4507 2430 4571 gratiam
2481 4506 2711 4575 Spiritus
2740 4510 2928 4571 sancti,
2966 4517 3017 4564 et
3061 4525 3330 4583 acceptant

203 4595 508 4662 antiquitus
559 4595 993 4648 consuetudinem
1049 4601 1207 4660 atque
1269 4594 1531 4655 ordinem,
1561 4595 1648 4663 jus
1672 4599 1772 4651 hoc
1819 4604 2030 4664 propter
2074 4593 2328 4645 iudicatas
2361 4606 2551 4646 causas
2579 4609 2695 4647 esse
2729 4610 3058 4648 concessum.

278 4689 397 4737 ὐτι
424 4684 606 4738 δὲ“τῶν
634 4685 728 4753 μὲν
748 4685 1150 4752 αὐτοκρατόρων
1183 4686 1214 4753 ή
1242 4684 1426 4754 ἀρωγὴ
1457 4687 1588 4754 πρὸς
1614 4704 1721 4752 φω-

202 4774 397 4841 τισμὸν
427 4775 523 4825 καὶ
545 4773 797 4824 σύστασιν
825 4773 1187 4822 ἐπεκτείνεται
1215 4771 1384 4840 ψυχῆς
1406 4789 1463 4824 τε
1499 4770 1593 4826 καὶ
1616 4773 1721 4825 σώ-

207 4877 402 4929 ματος,
433 4860 492 4910 τὸ
518 4860 571 4911 δὲ
602 4860 878 4926 μεγαλεῖον
915 4857 1019 4909 τῶν
1045 4861 1386 4926 πατριαρχῶν
1433 4862 1509 4921 εις
1560 4861 1722 4928 μόνην

200 4948 442 5018 ψυχικὴν
464 4947 878 5015 ἐστενοχωρηται
908 4946 1230 4998 λυσιτέλειαν
1269 4947 1435 5016 (ὀλίγη
1457 4950 1559 5015 γὰρ
1605 4951 1724 5000 τού-

202 5052 321 5096 τοις
367 5033 480 5085 ἐστὶ
511 5036 721 5101 φροντὶς
770 5031 1052 5092 εὐπαθείας
1085 5033 1430 5100 σωματικῆς),
1472 5033 1723 5095 ὡσαύτως

203 5126 306 5178 καὶ
339 5126 372 5192 ὴ
398 5122 523 5189 περὶ
554 5122 674 5181 τοῦς
696 5122 957 5187 ὑπηκόους
987 5121 1081 5186 τῆς
1104 5121 1411 5188 βασιλίσσης
1439 5123 1720 5190 κηδεμονία

207 5217 309 5265 καὶ
374 5210 607 5278 μέριμνα
653 5210 785 5275 πρὸς
838 5207 999 5274 μόνην
1030 5209 1337 5275 σωματικὴν
1363 5208 1589 5269 εὐζωῖαν
1636 5211 1720 5271 ἐξ·

206 5301 454 5369 ήπλωται
478 5297 674 5367 (πάσης
709 5296 812 5364 γὰρ
839 5296 1065 5362 ψυχικῆς
1111 5295 1348 5364 βοηθείας
1376 5298 1429 5347 αἱ
1483 5301 1727 5361 γυναῖκες

207 5389 567 5455 ἐστέρηνται),
600 5387 653 5437 αί
683 5384 952 5449 λαμπάδες
983 5384 1077 5451 μὲν
1108 5387 1210 5436 τῶν
1254 5384 1506 5451 βασιλέων
1540 5387 1726 5448 διττοῐς

1892 4684 2027 4749 Quia
2055 4699 2178 4737 vero
2207 4684 2583 4751 imperatorum
2615 4686 2866 4738 auxilium
2900 4691 2961 4739 ad
2994 4690 3331 4744 illuminatio-

1824 4788 1939 4827 nem
1969 4783 2022 4826 et
2052 4772 2459 4827 stabilimentum
2495 4787 2612 4826 sese
2644 4782 2748 4825 tam
2790 4776 2971 4839 animi,
3015 4792 3169 4844 quam
3207 4795 3329 4832 cor-

1822 4863 1966 4932 poris
2026 4862 2295 4930 porrigit;
2367 4864 2711 4930 amplitudine
2784 4869 3203 4932 patriarcharum
3264 4872 3329 4923 ad

1821 4950 1980 5002 animi
2015 4951 2268 5003 duntaxat
2300 4949 2575 5004 utilitatem
2643 4955 2927 5007 constricta
2969 4957 3328 5026 (perexiguam

1822 5042 2014 5107 quippe
2058 5051 2240 5091 curam
2286 5043 2473 5103 gerunt
2519 5038 2571 5089 hi
2620 5039 2684 5091 de
2731 5041 2889 5094 rebus
2935 5042 2999 5094 ad
3048 5056 3329 5110 corporum

1824 5126 2096 5180 commoda
2129 5125 2535 5194 spectantibus),
2587 5134 2639 5179 et
2663 5129 3009 5181 consimiliter
3036 5130 3334 5198 imperatri-

1827 5216 1905 5267 eis
1950 5227 2076 5266 cura
2123 5221 2175 5266 et
2223 5213 2522 5268 sollicitudo
2569 5213 2633 5267 de
2682 5214 2931 5275 subditis,
2971 5217 3226 5271 duntaxat
3268 5220 3331 5274 ad

1830 5304 1948 5354 vita:
1992 5301 2283 5368 corporalis
2324 5303 2724 5369 prosperitatem
2762 5305 3062 5359 estenditur
3106 5308 3331 5376 (nullum

1830 5390 1967 5443 enim
2005 5390 2298 5443 animarum
2341 5405 2369 5443 ιι
2409 5392 2727 5445 mulierculis
2754 5395 3157 5461 exspectandum
3190 5399 3334 5450 auxi-

1670 5571 1891 5626 NOTAE.

288 5658 395 5727 (Si?)
432 5658 567 5710 Solis
595 5660 848 5712 τίιΙνιίιιτΙ.
