3914 6332
582 360 714 426 1019
766 428 770 432 ,

580 589 874 656 cinguntur
932 589 1171 652 corollis,
1227 605 1349 642 cum
1407 604 1525 656 qua:
1596 589 2022 655 patriarcharum
2082 597 2134 638 et

581 677 944 746 imperatricis
1000 691 1146 742 sum,
1198 695 1306 733 uno
1355 680 1507 748 quasi
1554 679 1854 746 sepimento
1900 679 2134 730 circum-

579 768 794 821 dentur.
838 769 940 821 Sed
972 770 1111 825 dicet
1137 771 1401 839 quispiam
1430 787 1443 822 :
1477 769 1556 821 Sit
1590 769 1687 831 ita,
1711 783 1861 821 sane.
1896 767 2133 819 Conces-

579 869 698 908 sum
726 865 863 917 esto,
891 859 1136 913 lucernas
1165 857 1551 925 patriarchales
1583 853 1802 909 accendi
1836 869 1929 922 per
1954 854 2127 921 ignem

579 952 660 997 tot
685 945 1056 1011 traditionum,
1079 948 1189 1000 veri
1224 949 1453 1015 speciem
1485 946 1816 999 habentium.
1848 942 1952 997 Sed
1984 941 2128 996 unde

578 1033 878 1100 profectum
908 1045 1008 1097 est,
1032 1038 1172 1102 quod
1199 1035 1400 1089 eisdem
1435 1051 1497 1087 ex
1528 1044 1752 1102 argento
1775 1033 1856 1086 vis
1883 1032 2126 1101 quaedam

578 1120 838 1172 accedat?
873 1120 1201 1184 Suﬂlciehat,
1235 1123 1494 1174 duntaxat
1531 1121 1886 1174 ecclesiarum
1936 1119 2126 1186 capiti-

577 1209 680 1262 bus
737 1225 830 1277 per
888 1213 1164 1277 lampadas
1226 1213 1523 1279 maiestatis
1580 1211 1778 1277 aliquid
1842 1209 2120 1270 accedere,

578 1308 738 1366 atque
768 1300 982 1353 interim
1015 1317 1128 1362 eos,
1158 1302 1248 1368 qui
1281 1310 1546 1368 vagantur
1578 1301 1628 1352 in
1659 1300 1873 1359 exsilio,
1911 1306 1963 1350 et
1992 1312 2124 1366 pau-

573 1401 730 1455 peres
759 1395 906 1445 sunt.
932 1402 1048 1440 eam
1083 1389 1152 1440 ob
1186 1402 1404 1441 causam
1438 1402 1543 1440 non
1575 1385 1780 1439 vexari.
1812 1384 2125 1450 BcSponde-

574 1490 718 1537 mus,
770 1476 1046 1542 piissimos
1105 1476 1482 1542 imperatores,
1545 1481 1599 1525 et
1654 1473 2120 1526 sanctissimorum

572 1566 1001 1633 patriarcharum
1045 1565 1376 1632 quinarium,
1428 1578 1548 1618 esse
1591 1563 1795 1616 similes
1841 1560 2118 1630 agricolis,

571 1656 996 1709 consistentibus
1056 1657 1109 1707 in
1171 1670 1293 1708 area
1362 1654 1613 1706 frumenti
1680 1652 1995 1721 largitricc.
2056 1664 2119 1703 se

571 1745 869 1799 ventilabro
903 1744 1176 1797 unctionis
1201 1745 1547 1797 vitiositatem
1581 1759 1678 1797 ceu
1719 1745 1898 1809 paleas
1935 1750 2116 1793 exter-

573 1836 823 1896 minare,
876 1844 927 1886 et
978 1834 1227 1886 virtutem
1281 1848 1377 1886 ceu
1428 1848 1595 1901 grana
1652 1833 1906 1900 colligere
1963 1848 1973 1880 :

573 1924 777 1978 similes
845 1939 968 1977 esse
1041 1924 1246 1977 normis
1313 1931 1457 1976 recta
1526 1922 1712 1975 circuli
1780 1919 2119 1988 superﬁciem

572 2013 895 2067 librantibus
951 2021 1004 2065 et
1075 2021 1322 2065 centrum
1374 2026 1469 2079 per
1519 2010 1747 2078 iustitiae
1795 2009 1974 2062 radios
2011 2008 2122 2060 col—

571 2103 925 2157 lustrantibus
963 2118 976 2155 :
1019 2104 1100 2155 vel
1141 2101 1398 2154 maritimi
1432 2102 1630 2167 navigii
1671 2102 1826 2153 malis
1866 2114 1930 2152 ac
1961 2099 2116 2158 velis,

569 2195 695 2247 dum
729 2193 1093 2261 imperatoriis
1122 2193 1386 2254 consiliis,
1420 2201 1472 2245 et
1501 2190 1786 2259 praaceptis
1819 2187 2120 2256 spirituali-

568 2284 670 2337 bus
726 2284 971 2353 cymbam
1033 2284 1214 2335 mundi
1280 2283 1440 2350 hujus
1499 2282 1821 2335 incolumem
1881 2285 2116 2332 servant.

568 2374 688 2438 Quo
721 2375 798 2432 lit.
842 2383 898 2427 ut
938 2388 1060 2426 cum
1093 2375 1301 2441 exiguis
1344 2387 1533 2441 magna
1579 2380 1956 2440 comparantes
1991 2369 2117 2422 reli-

569 2465 862 2533 giosissimi
895 2465 1274 2534 imperatores,
1307 2473 1468 2534 atque
1493 2465 1634 2518 inter
1661 2474 1879 2517 sanctos
1909 2462 2117 2523 Patres.

566 2553 748 2608 eximii
792 2553 993 2622 quique
1041 2557 1352 2608 necessario
1399 2554 1708 2615 statuerint,
1757 2554 1858 2606 ista
1911 2554 2121 2605 ratione.

567 2642 907 2694 comitandos
939 2656 1060 2696 esse
1094 2657 1320 2708 magnos
1355 2642 1662 2710 pontiﬁces,
1699 2643 1924 2710 parique
1961 2641 2119 2693 modo

569 2735 676 2779 tam
725 2729 1063 2795 cpulentum,
1102 2744 1261 2797 quam
1310 2745 1600 2799 pauperem
1651 2730 1955 2784 habendum
1999 2744 2014 2781 :
2054 2736 2120 2782 ut

569 2827 728 2868 rectae
767 2817 983 2884 quidem
1035 2817 1288 2871 doctrinae
1338 2828 1661 2881 sectatores,
1700 2821 1828 2873 dum
1868 2831 2115 2888 magnam

570 2906 716 2957 illam
743 2913 796 2959 et
827 2913 1109 2976 augustam
1145 2922 1392 2976 pompam
1437 2908 1570 2961 solis
1617 2908 2034 2975 imperaioribus
2066 2917 2120 2962 et

571 2997 898 3066 patriarchis
941 2996 1180 3049 exhiberi
1222 2995 1423 3059 vident,
1471 2997 1877 3049 convenientem
1919 2997 2121 3065 gratia-

570 3101 688 3142 rum
714 3089 980 3140 actionem
1006 3086 1180 3140 instar
1205 3086 1339 3156 grati
1364 3084 1592 3148 sumtus,
1613 3085 1842 3139 oﬂ‘erant
1867 3084 2116 3146 Domino,
2143 3119 2188 3181 Ο

567 3176 658 3245 qui
695 3177 836 3229 intra
865 3182 1110 3228 centrum
1155 3173 1441 3228 mundana
1468 3172 1887 3241 pulchritudinis
1929 3171 2117 3225 delen-

569 3279 722 3319 seres
769 3265 889 3333 ejus
944 3264 1250 3333 gloriﬁcat;
1298 3271 1464 3329 utque
1509 3263 1649 3316 ﬂexo
1687 3277 1823 3332 genu
1875 3270 2058 3330 petant
2091 3275 2120 3314 a

573 3355 818 3417 Domino,
865 3367 973 3421 quo
1020 3353 1239 3419 tropazis
1301 3351 1665 3417 imperatoriis
1716 3352 1969 3405 universa
2017 3350 2122 3404 sub

570 3447 682 3498 sole
727 3444 887 3498 tellus
937 3443 1305 3505 collustretur,
1346 3450 1396 3495 et
1447 3440 1826 3509 patriarchicis
1871 3441 2121 3508 precibus

569 3544 799 3589 terrenae
833 3548 917 3588 res
942 3533 1270 3586 irradientur
1301 3548 1315 3584 :
1353 3539 1404 3583 at
1429 3545 1556 3585 vero
1588 3532 1813 3585 diversae
1842 3531 2120 3584 sententiae

570 3634 889 3686 seetatores,
937 3623 1028 3690 qui
1081 3622 1316 3690 potentia
1351 3636 1446 3675 sua
1483 3623 1731 3674 nituntur
1765 3661 1778 3685 ,
1816 3628 1870 3674 et
1908 3621 2022 3674 suis
2064 3635 2123 3672 se

569 3716 775 3782 jactant
824 3712 1016 3778 opibus
1075 3710 1382 3778 (simulacra
1430 3722 1660 3774 namque
1705 3707 1943 3775 gentium
1995 3714 2121 3759 sunt

574 3819 762 3857 aurum
795 3811 848 3855 et
880 3799 1185 3870 argentum)
1222 3798 1288 3850 ad
1340 3799 1410 3859 id,
1456 3797 1595 3866 quod
1645 3798 1907 3859 cernitur,
1949 3811 2122 3849 caecu-

576 3901 710 3945 tiant
755 3908 771 3944 :
819 3900 871 3945 et
926 3903 1250 3942 excusorum
1300 3901 1461 3955 opera
1516 3900 1651 3937 vana
1705 3893 1864 3952 atque
1914 3884 2120 3936 inutilia

575 3982 908 4043 existiment,
935 3978 1330 4047 mundanaeque
1355 3975 1627 4043 opinionis
1655 3989 1897 4027 munera.
1923 3974 1984 4026 Et
2011 3975 2124 4028 hinc

574 4071 790 4140 quidem
817 4070 882 4123 de
915 4069 1253 4137 lampadibus
1285 4065 1677 4134 patriarchicis.
1708 4063 1972 4128 Quoniam
1997 4081 2123 4119 vero

577 4160 820 4217 baculus,
863 4166 916 4210 et
954 4171 1165 4217 saccus,
1210 4165 1262 4208 et
1311 4167 1504 4206 cruces
1549 4153 1810 4220 plurimm,
1861 4153 2123 4221 plenaque

575 4251 754 4304 tunica
810 4248 993 4317 ﬁguris
1039 4260 1251 4315 gamma
1307 4245 1535 4298 litteram
1591 4245 2120 4310 reprmscntantibus,

576 4340 988 4410 patriarchalem
1045 4339 1388 4391 sanctitatem
1455 4335 1622 4388 solam
1680 4334 2004 4397 nobilitant,
2063 4351 2125 4390 ac

1813 372 2090 431 TllEUD.
2135 372 2600 432 BALSAMONIS

580 495 740 565 lium)
778 509 792 546 :
837 495 1038 550 idcirco
1083 497 1228 552 faces
1271 500 1652 565 iinperaiorum
1690 498 1920 566 geminis
1953 496 2122 548 aureis

2234 493 2540 561 διαχρύσοις
2602 493 3046 562 περιζωννύονται
3084 490 3469 559 στεφανὼμσσι
3502 507 3516 519 °

3683 370 3806 432 1926

3575 494 3694 543 τῶν
3753 497 3796 543 ἐι

2237 582 2586 650 πατριαρχῶν
2625 585 2716 634 καὶ
2743 581 2842 646 τῆς
2867 581 3174 648 βασιλίσσης
3211 581 3287 631 ἐνὶ
3320 581 3799 631 κατακυκλοῦτταί

2233 668 2592 738 θριγγώματι.
2643 671 2779 724 Ἀλλ’
2826 673 2942 738 ἐρεῖ
2983 686 3099 731 τις·
3139 669 3338 720 Ἔστω·
3368 669 3642 729 δεδόσθω,
3714 673 3798 728 τὰς

2233 761 2633 829 πατριαρχικὰς
2666 761 2953 829 λαμπάδας
2981 760 3313 813 ἀνάπτεσθαι
3353 760 3490 820 πυρὶ
3520 758 3799 810 τοσούτων

2229 848 2599 915 εὐλογοφανῶν
2634 849 2997 917 παραδόσεων.
3049 849 3120 899 Τὸ
3166 848 3368 908 ταύτας
3420 849 3482 911 ἐξ
3543 849 3797 916 ἀργύρια

2230 936 2686 1005 περιζωννύεσθαι
2715 939 2962 1006 δύναμιν,
3004 938 3165 989 πόοεν
3219 938 3606 1007 περιεζώσατο
3639 937 3798 988 δύνα-

2233 1043 2359 1093 μιν;
2388 1028 2584 1094 Ἤρκει
2611 1028 2696 1079 διὰ
2723 1029 2894 1095 μόνων
2928 1025 3036 1079 τῶν
3076 1027 3370 1094 λαμπάδιον
3410 1029 3515 1087 τὰς
3548 1026 3797 1093 usus;

2225 1115 2332 1165 τῶν
2379 1117 2684 1180 ἐκκλησιῶν
2736 1115 3151 1184 μεγαλύνεσθαι,
3184 1117 3276 1167 καὶ
3305 1116 3444 1176 τέως
3483 1118 3616 1176 τοὺς
3633 1115 3797 1181 ὑπερ-

2224 1205 2403 1270 ορίους
2429 1205 2814 1272 πλανωμένους
2838 1207 2929 1257 καὶ
2958 1205 3364 1273 πενητεύοντας,
3399 1205 3565 1272 χάριν
3599 1205 3793 1255 τούτου

2227 1294 2299 1360 μὴ
2335 1295 2675 1347 σκύλλεσθαι.
2708 1297 2888 1363 Φαμὲν
2919 1292 3031 1358 οὖν,
3083 1295 3157 1354 ὡς
3197 1297 3243 1345 οί
3275 1295 3671 1346 εὐσεϐέστατοι
3702 1295 3795 1359 βα-

2225 1382 2408 1448 σιλεῖς,
2441 1385 2534 1434 καὶ
2556 1385 2662 1436 τῶν
2683 1385 3002 1449 ἁγιωτάτων
3047 1384 3397 1451 πατριαρχῶν
3465 1385 3497 1450 ἡ
3560 1385 3790 1442 πεντὰς,

2223 1469 2428 1523 ἐοίκασι
2456 1475 2720 1540 γεωργοῖς
2753 1473 2914 1540 μέσον
2953 1473 3202 1539 ὲστηκόσι
3262 1472 3586 1531 σιτοδότιδος
3653 1472 3795 1523 ἅλω-

2222 1577 2330 1624 νος,
2382 1564 2474 1614 καὶ
2519 1563 2595 1630 τῷ
2650 1563 2801 1629 πτύῳ
2839 1562 2932 1614 τοῦ
2984 1563 3280 1629 χρίσματος
3328 1561 3425 1627 τὴν
3481 1562 3700 1612 κακίαν
3726 1561 3793 1620 ὡς

2220 1651 2418 1722 ἄχυρον
2442 1652 2844 1719 ὲκιραυλίζουσι,
2864 1652 2956 1704 καὶ
2987 1652 3084 1719 τὴν
3111 1652 3306 1717 ἀρετὴν
3326 1650 3398 1711 ὠς
3432 1650 3645 1701 κόκκον
3673 1666 3792 1700 συν-

2220 1743 2442 1806 άγουσιν
2475 1758 2488 1771 ·
2520 1742 2551 1810 ἢ
2591 1742 2872 1807 διαῦήταις
2933 1739 3350 1808 ζυγοστατοῦσιν
3398 1740 3668 1799 ίθυτενιίις
3700 1739 3789 1789 τοῦ

2035 1830 2116 1882 vel
2149 1807 2190 1861 Β
2221 1829 2423 1881 κύκλου
2451 1830 2547 1898 τὴν
2598 1829 2937 1896 ἐπιφάνειαν,
2985 1829 3077 1880 καὶ
3133 1827 3193 1878 τὸ
3253 1828 3475 1894 κέντρον
3502 1841 3791 1892 κατακυρ-

2221 1923 2434 1974 σεύουσι
2466 1924 2564 1990 τῆς
2596 1922 2939 1991 δικαιοσύνης
2967 1925 3076 1982 τοῖς
3109 1921 3503 1990 άμαρύγμασιν
3527 1936 3541 1950 '
3591 1921 3629 1988 ἢ
3667 1920 3790 1987 v1.43;

2221 2014 2658 2084 ποντοπορούσης
2717 2015 2876 2075 ίστοῖς
2912 2013 3005 2065 καὶ
3056 2013 3419 2080 πετάσμασιν,
3469 2012 3530 2061 ὲν
3574 2027 3789 2078 1:90pm-

2222 2103 2393 2166 Οείαις
2429 2104 2750 2174 βασιλικαῖς,
2802 2106 2894 2156 καὶ
2945 2103 3336 2172 παραγγελίαις
3379 2104 3788 2169 πνευματικαῖς

2218 2195 2278 2245 τὸ
2310 2195 2568 2263 κοσμικὺν
2607 2197 2828 2248 ἀκάτιον
2870 2193 3115 2257 σώζουσι.
3153 2193 3240 2260 Τῷ
3285 2207 3363 2243 τοι
3403 2192 3502 2242 καὶ
3567 2194 3785 2259 μικροῖς

2217 2286 2285 2336 τά
2311 2286 2520 2353 μεγάλα
2548 2287 2924 2353 σταθμώμενοι
2954 2284 3059 2335 τῶν
3095 2282 3352 2349 βασιλέων
3374 2283 3421 2332 οι
3454 2282 3788 2332 εύσεὸἐστα-

2217 2393 2318 2438 τοι,
2361 2379 2454 2429 καὶ
2483 2377 2588 2427 τῶν
2617 2378 2785 2442 άγίων
2833 2375 3087 2441 Πατέρων
3123 2375 3174 2425 οἱ
3210 2372 3567 2442 προῦχοντες,
3597 2372 3786 2439 διωρί-

2221 2482 2380 2517 σαντο
2407 2465 2466 2528 ὲξ
2493 2467 2733 2532 ἀνάγκης
2784 2465 2923 2516 οὕτω
2978 2463 3386 2533 δορυιρορεῖσοαι
3417 2463 3548 2523 τοὺς
3610 2462 3786 2529 μετὰ·

2219 2555 2341 2618 λους
2363 2557 2655 2624 ἀρχιερεῖς,
2680 2558 2772 2607 καὶ
2798 2553 2932 2606 εἶναι
2962 2553 3247 2605 ὲπιτοαυτὸ
3274 2553 3532 2603 πλούσιόν
3579 2568 3640 2602 τε
3698 2552 3785 2602 καὶ

2221 2648 2427 2714 πένητα
2452 2662 2466 2676 ⁶
2498 2645 2572 2706 ὡς
2608 2646 2670 2696 ἂν
2697 2646 2743 2695 οι
2777 2646 2874 2712 μὲν
2899 2642 3166 2712 ὀρθόδοξοι
3205 2641 3492 2709 βλέποντες
3542 2641 3602 2692 τὺ
3639 2643 3784 2706 μέγα

2219 2735 2375 2788 τοῦτο
2400 2734 2494 2786 καὶ
2518 2734 2807 2802 σεϐάσμιον
2861 2732 3238 2800 σεμνολόγημα
3294 2729 3445 2798 παρὰ
3505 2730 3782 2798 βασιλεῦσι

2221 2827 2315 2876 καὶ
2346 2823 2708 2892 πατριάρχαις
2742 2823 2920 2890 μόνοις
2949 2820 3379 2888 πολιτευόμενον,
3427 2819 3784 2887 εὐχαριστία]

2221 2914 2478 2980 ἀνάλογον
2506 2913 2580 2974 ὡς
2594 2911 2840 2981 θυμίαμα
2865 2910 3047 2962 δεκτδν
3075 2909 3152 2978 τῷ
3180 2909 3370 2977 Κυρίῳ
3403 2907 3781 2976 προσφέρωσι,

2219 3005 2296 3073 τῷ
2362 3004 2526 3071 μέσον
2562 3003 2654 3054 τοῦ
2694 3003 2916 3070 κέντρου
2965 3001 3065 3066 τῆς
3123 2999 3394 3067 κοσμικῆς
3442 2998 3780 3065 ὡραιότητος

2221 3095 2344 3154 τοὺς
2373 3092 2694 3159 δεφένσορας
2725 3090 2914 3141 τούτου
2945 3087 3216 3150 δοξάζοντι
3245 3103 3259 3119 ο
3310 3087 3402 3137 καὶ
3423 3086 3782 3152 γονυκλιτῶσι

2225 3179 2356 3247 πρὸς
2385 3180 2609 3248 Κύριον,
2641 3176 2916 3246 τροπαίοις
2971 3174 3266 3244 βασιλικοῖς
3295 3174 3391 3242 τὴν
3419 3174 3649 3241 ὖφήλιον
3683 3191 3780 3224 κα-

2220 3269 2615 3338 ταλάμπεσθαι,
2674 3267 2768 3320 καὶ
2798 3267 2984 3335 εὐχαῖς
3019 3264 3447 3332 πατριαρχικαῖς
3491 3262 3778 3314 ἀκτινοϐο-

2221 3359 2426 3411 λεῖσθαι
2457 3357 2524 3409 τά
2558 3357 2834 3425 ὲπιχθόνια
2862 3370 2876 3385 ·
2913 3357 2959 3407 oi
2994 3354 3048 3406 δὲ
3084 3353 3401 3413 πεποιθότες
3446 3351 3543 3403 ἐπὶ
3594 3356 3660 3421 τῇ
3686 3353 3779 3404 δυ-

2221 3449 2380 3518 νάμει
2435 3447 2612 3501 αὐτῶν
2662 3444 2977 3515 ἑτερόδοξοι,
3039 3445 3131 3497 καὶ
3191 3443 3534 3511 καυχώμενοι
3587 3445 3681 3495 ἐπὶ
3707 3443 3781 3509 τῷ

2222 3539 2439 3608 πλούτῳ
2470 3537 2647 3590 αὐτῶν
2681 3537 2768 3606 (τὰ
2831 3537 2937 3604 γὰρ
2970 3535 3159 3586 εἴδωλα
3208 3535 3315 3585 τῶν
3361 3534 3532 3585 ἐθνῶν
3557 3535 3779 3602 χρυσίον

2221 3630 2327 3680 eici.
2355 3629 2448 3680 καὶ⁵
2475 3624 2780 3694 ἀργύριον),
2820 3625 2955 3693 πρὸς
2981 3625 3038 3676 τὸ
3064 3625 3337 3692 δρώμενον
3368 3622 3777 3690 άσλεπτήσωσι,

2221 3719 2313 3769 καὶ
2343 3717 2632 3785 νομίσωσιν
2656 3716 2792 3781 ἔργα
2821 3713 3177 3782 χαλκοτύπων
3227 3709 3364 3765 εἶναι
3425 3713 3634 3779 μάταια
3687 3714 3774 3763 καὶ

2220 3810 2468 3877 ἀνόνητα,
2527 3809 2618 3858 καὶ
2675 3803 2937 3873 κοσμικοῦ
2977 3803 3231 3872 δοξαρίου
3286 3803 3623 3873 χαρίσματα.
3671 3804 3777 3854 Καὶ

2220 3895 2388 3949 ταῦτα
2422 3895 2520 3962 μὲν
2557 3895 2683 3963 περὶ
2716 3894 2821 3944 τῶν
2844 3890 3256 3959 πατριαρχικῶν
3286 3889 3606 3956 λαμπάδων.
3627 3891 3776 3941 Ἐπει

2220 3983 2276 4035 δὲ
2311 3982 2405 4034 καὶ
2431 3981 2641 4051 ῥάϐδος,
2682 3981 2774 4032 καὶ
2803 3980 3023 4042 σάκκος,
3076 3981 3170 4030 καὶ
3229 3978 3648 4046 πολυσταύριον,
3687 3982 3776 4030 καὶ

2221 4074 2306 4126 διὰ
2341 4071 2680 4141 γραμμάτων
2709 4073 2757 4102 ⁷⁸
2805 4072 3098 4139 στιχάριον,
3127 4081 3227 4138 την
3255 4070 3661 4136 πατριαρχικὴν
3686 4072 3778 4120 καί

2225 4165 2387 4234 μόνην
2418 4163 2725 4228 δοξάζουσιν
2752 4161 3031 4228 άγιότητα,
3072 4159 3284 4211 θέλουσι
3317 4160 3374 4211 δέ
3431 4161 3582 4220 τινές
3638 4176 3775 4209 τισιν

2223 4256 2282 4319 ἐξ
2315 4256 2492 4310 αὐτῶν
2519 4273 2669 4318 τινας
2697 4254 2801 4306 τῶν
2844 4255 3195 4322 πατριαρχῶν
3253 4253 3421 4304 ἐνίοτε
3483 4252 3557 4321 μὴ
3611 4269 3776 4303 κειται

2224 4346 2616 4408 ποικίλλεσθαι,
2648 4348 2776 4415 φέρε
2814 4346 2906 4398 καὶ
2938 4342 3287 4412 περὶτούτων
3325 4342 3528 4411 βραχέα
3558 4343 3772 4408 φιλοσο-

577 4433 819 4486 nonnulli
863 4432 1071 4494 volunt,
1109 4426 1371 4496 quosdam
1403 4441 1465 4480 ex
1506 4426 1826 4494 patriarchis
1867 4441 2119 4479 nonnun-

2229 4436 2506 4503 φήσωμεν.
2529 4434 2720 4485 κλῖνον
2738 4435 2795 4485 τὸ
2810 4428 2901 4494 οὖς
2923 4449 3038 4496 σου,
3071 4430 3433 4499 πανιερώτατε
3448 4470 3461 4492 ,
3491 4432 3586 4481 καὶ
3615 4432 3775 4482 ἀκον-

575 4537 733 4590 quam
779 4521 1047 4590 aliquibus
1090 4522 1277 4573 horum
1318 4533 1422 4572 non
1451 4517 1698 4571 exornari
1739 4533 1751 4568 :
1787 4531 1905 4586 age,
1935 4517 1999 4571 de
2038 4517 2120 4571 his

574 4615 734 4665 etiam
783 4611 1017 4664 breviter
1064 4611 1414 4664 disseramus.
1469 4608 1672 4662 inclina
1716 4623 1898 4661 aurem
1948 4618 2116 4670 tuam,

573 4699 935 4763 sanctissime,
980 4707 1034 4752 et
1080 4714 1165 4752 me
1205 4698 1348 4751 audi.
1391 4697 1507 4751 Non
1555 4698 1699 4751 enim
1750 4699 1802 4750 in
1846 4699 2119 4765 parabolis

577 4792 814 4859 aperiam
847 4803 908 4842 os
940 4803 1136 4851 meum,
1171 4787 1265 4842 sed
1295 4789 1620 4856 quastiones
1651 4787 1718 4839 ab
1749 4787 1956 4853 origine
1989 4801 2112 4854 pro-

578 4883 768 4944 feram,
796 4895 931 4947 quas
957 4878 1203 4930 divorum
1242 4878 1460 4930 Patrum
1492 4879 1665 4945 gratia
1701 4891 1785 4929 me
1810 4877 2011 4929 docuit.

646 4970 1028 5025 Sanctissimos
1065 4970 1305 5037 quinque
1341 4969 1677 5035 patriarchas
1724 4969 1922 5035 (adhuc
1970 4968 2113 5021 enim

579 5073 637 5116 ut
663 5063 859 5115 hedera
881 5061 1123 5129 quercui,
1147 5061 1225 5112 sic
1255 5060 1366 5126 ipse
1393 5060 1695 5111 concordiae
1724 5074 1870 5127 papa:
1899 5058 2122 5111 Romani

579 5152 735 5220 quasi
777 5152 1050 5204 mordicus
1078 5149 1336 5212 inhrereo,
1367 5157 1418 5200 et
1447 5148 1515 5201 ob
1546 5152 1942 5216 separationcm
1978 5152 2121 5203 illius

579 5244 761 5295 animo
785 5242 1009 5303 laceror,
1038 5250 1197 5309 atque
1221 5239 1459 5309 quotidie
1514 5242 1917 5294 conversionem
1952 5242 2120 5305 ipsius

574 5333 844 5401 egregiam
916 5331 1190 5400 exspecto)
1267 5345 1363 5399 pro
1433 5329 1549 5382 solo
1626 5332 1802 5397 capite
1874 5333 2119 5398 corporis

574 5425 818 5476 omnium
851 5423 1211 5476 Ecclesiarum
1246 5423 1337 5476 Dei
1370 5422 1732 5491 agnoscimus,
1762 5422 2120 5490 quemadmo-

648 5687 692 5718 "
716 5688 1030 5756 γαμμάτων.

2229 4527 2318 4576 σόν
2359 4541 2480 4593 μου.
2535 4524 2608 4574 Οὐ
2631 4525 2738 4589 γὰρ
2765 4523 2820 4573 ἐν
2849 4521 3182 4590 παραϐολαῖς
3236 4519 3428 4582 ἀνοίξω
3478 4520 3537 4570 τὸ
3605 4522 3772 4588 στόμα

2229 4634 2354 4686 μου,
2386 4614 2526 4670 άλλὰ
2558 4613 2852 4680 φθέγξομαι
2887 4610 3244 4680 προϐλήματα
3280 4610 3371 4662 ἀπ’
3422 4609 3622 4676 ἀρχῆς,
3679 4611 3773 4662 ὅσα

2228 4709 2301 4777 μὴ
2338 4706 2492 4758 θείων
2524 4705 2778 4771 Πατέρων
2806 4703 2962 4769 χάρις
2991 4699 3210 4762 ἐδίδαξε.

2293 4965 2427 5025 Τοὺς
2451 4962 2782 5029 άγιωτάτους
2807 4956 3148 5023 πατριάρχας
3191 4953 3346 5006 πέντε
3380 4952 3495 5020 (καὶ
3535 4954 3614 5003 ἔτι
3671 4952 3770 5019 γάρ

2225 5055 2296 5114 ὡς
2331 5052 2511 5113 κισσὸς
2542 5049 2721 5118 δρυὸς,
2753 5047 2848 5113 τῆς
2876 5045 3124 5111 ὁμονοίας
3177 5041 3271 5093 τοῦ
3326 5044 3480 5094 πάπα
3552 5040 3769 5110 Ῥώμης

2228 5145 2500 5212 ὲξέχομαι,
2525 5138 2717 5204 καὶτῷ
2741 5134 2999 5206 χωρισμῷ
3027 5132 3216 5184 τούτου
3247 5130 3350 5200 τὴν
3373 5131 3601 5198 καρδίαν
3640 5146 3770 5182 am-

2230 5235 2512 5304 ρὰττομαι,
2559 5231 2654 5282 xui.
2679 5228 2776 5297 τὴν
2826 5227 2991 5294 καλὴν
3048 5223 3377 5291 ἐπιστροφὴν
3434 5221 3770 5288 κσἾεκάστην

2226 5321 2534 5393 καραδοκῶ)
2568 5324 2697 5391 μίαν
2725 5321 2946 5386 οἴδαμεν
2977 5312 3217 5382 κεφαλὴν
3264 5310 3355 5362 τοῦ
3392 5308 3644 5377 σώματος
3672 5326 3771 5361 τεα-

2229 5415 2458 5471 σῶντῶν
2497 5413 2828 5481 Ἐκκλησιῶν
2859 5409 2952 5461 τοῦ
2974 5405 3130 5470 Θεοῦ,
3189 5399 3366 5462 καθὼς
3417 5403 3512 5454 καὶ
3572 5400 3770 5453 ἄνωθεν

1793 5594 2021 5649 VARI/E
2074 5591 2465 5646 LliCTlONiLS.
