3914 6332
203 397 335 465 ιοει

1631 410 2038 474 ΜΕΙΠΤΑΤΑ.

3254 418 3391 481 1022

211 520 462 589 εἴρηται·
507 521 599 575 καὶ
626 523 966 588 πιστεύοντες
999 528 1339 598 τελειωθῆναι
1393 531 1608 593 τούτους
1659 535 1752 600 τῆς

1866 532 1979 586 lum
2011 544 2061 588 et
2096 550 2256 604 supra
2300 536 2500 589 dictum
2545 534 2643 588 fuit
2681 553 2693 589 :
2731 543 2782 587 et
2821 535 2946 603 quia
2985 532 3255 587 credimus
3296 550 3390 589 eos

211 610 521 683 ἁγιωσύνης
577 615 654 685 τῷ
713 617 1012 686 χρίσματι,
1066 621 1330 689 Χριστοὺς
1389 622 1611 692 Κυρίου,
1661 627 1753 675 καὶ

214 702 549 770 ἀγιωτάτους
599 707 1064 786 κατονομάξιζμεν,
1112 712 1201 762 καὶ
1260 711 1753 780 στηλογραφοῦντες

215 791 357 860 μετά
376 791 484 844 τῶν
514 793 677 859 ἁγίων
706 793 796 846 καὶ
827 796 1094 865 θεοφόρων
1138 799 1393 868 Πατέρων
1427 799 1603 869 ήμῶν,
1661 801 1753 852 καὶ

216 882 478 951 σχετικῶς
500 883 882 952 ἀσπαζόμενοι,
928 886 1410 956 πληροφορούμεθα
1439 891 1523 942 διὰ
1552 890 1753 942 τούτων

211 971 346 1038 ἡμῖν
373 972 469 1033 τὰς
497 972 666 1042 θύρας
707 975 805 1043 τῆς
848 975 1117 1045 βασιλείας
1162 977 1272 1029 τῶν
1334 979 1578 1047 οὐρανῶν
1618 981 1754 1032 ἀπο-

215 1059 485 1113 κλείεσθαι
530 1063 622 1113 καὶ
660 1065 989 1130 ἀνοίγεσθαι,
1012 1068 1107 1118 καὶ⁷
1155 1067 1240 1118 διά
1272 1067 1381 1119 τῶν
1409 1068 1630 1136 χειλέων
1656 1069 1752 1121 αῦ-

212 1145 320 1198 τῶν
340 1148 429 1199 τὸν
461 1148 591 1202 Θεὸν
614 1151 1061 1219 ἀποστοματίζειν
1083 1155 1148 1206 τά
1191 1156 1464 1220 μέλλοντα.
1531 1160 1604 1210 Οὐ
1646 1158 1754 1228 γάρ

216 1233 355 1304 σὰρξ
399 1239 489 1289 καὶ
531 1236 696 1309 αἷμα,
746 1243 859 1294 ἀλλ’
905 1243 932 1294 6
966 1243 1211 1313 οὐράνιος
1267 1247 1453 1315 Πατὴρ
1483 1249 1574 1300 καὶ
1624 1249 1754 1311 Θεὸς

211 1325 392 1391 ἡμῶν,
425 1329 454 1380 6
484 1320 651 1380 είπών
686 1345 699 1359 ⁸
747 1332 832 1383 Ἑν
862 1335 978 1394 ταῖς
1027 1335 1255 1402 ἡμέραις
1302 1337 1534 1400 ικείναις
1577 1341 1751 1408 ὲκχεῶ

217 1415 321 1466 ἀπὸ
351 1416 443 1466 τοῦ
483 1418 785 1486 πνεύματός
815 1439 937 1488 μου,
970 1425 1064 1475 καὶ
1094 1425 1142 1475 οι
1187 1425 1360 1478 δοῦλοί
1409 1446 1507 1497 μου
1547 1447 1756 1499 προφη-

229 1502 511 1564 τεύσουσιν.
572 1509 939 1564 ἀποκαλύπτει
981 1512 1188 1576 τούτοις
1241 1515 1309 1570 τὰ
1361 1517 1490 1569 ὄντα
1541 1520 1635 1572 καὶ
1688 1520 1755 1572 τὰ

244 1591 464 1658 σόμενα.
507 1595 659 1648 Οῦτω
710 1598 818 1667 γὰρ
849 1600 940 1651 καὶ
1000 1601 1170 1654 Σαοὺλ
1212 1606 1269 1655 ὲν
1299 1608 1620 1675 προφήταις,
1663 1612 1755 1664 καὶ

214 1682 468 1749 Καϊάφας
496 1686 640 1738 ἀκων
668 1691 1123 1757 προεφητεύσατο,
1150 1694 1337 1746 εἰπών·
1359 1697 1633 1769 Συμφέρει
1661 1700 1754 1754 ἕνα

213 1774 509 1827 ἀπολέσθαι
540 1777 678 1846 ὑπὲρ
712 1781 801 1829 τοῦ
839 1779 966 1833 λαοῦ
997 1783 1090 1833 καὶ
1121 1785 1258 1853 ὑπὲρ
1281 1789 1377 1838 τοῦ
1404 1787 1587 1853 ἔθνους
1623 1809 1756 1845 παν-

211 1861 326 1922 τός.
369 1861 425 1913 '0
455 1863 550 1929 μὲν
567 1863 671 1931 γὰρ
694 1866 767 1934 τῷ
793 1867 1049 1935 χρίσματι
1101 1875 1198 1941 τῆς
1231 1847 1506 1940 βασιλείας
1529 1847 1758 1950 ὑπεθερ-
1787 1847 1826 1901 Β

219 1953 456 2022 μαίνετο,
481 1955 506 2006 ὁ
533 1955 588 2007 δὲ
609 1955 704 2023 τῆς
725 1959 1125 2025 ἀρχιερωσύνης
1171 1965 1234 2031 τῇ
1258 1964 1461 2034 χάριτι.
1485 1962 1593 2020 Ἦν
1624 1970 1753 2038 γὰρ,

214 2041 403 2108 φησὶν,
441 2043 725 2112 ἀρχιερεὺς
761 2046 851 2098 τοῦ
892 2050 1130 2103 ἐνιαυτοῦ
1157 2053 1380 2106 ἐκείνου.
1423 2056 1514 2108 Διὸ
1542 2058 1634 2110 καὶ
1685 2058 1758 2122 ὡς

212 2129 377 2183 τόπον
406 2131 688 2199 ἐπέχοντες
711 2135 803 2186 τοῦ
825 2137 1057 2205 Χριστοῦ
1085 2142 1177 2192 καὶ
1193 2142 1326 2194 θεοῦ
1347 2144 1377 2211 ἡ
1387 2143 1521 2212 μῶν,
1540 2146 1758 2210 δικαίως

185 2220 641 2286 ,ἀποσεμνύνουσι
669 2226 734 2276 τὰ
766 2225 984 2279 ἑκούσια
1033 2231 1175 2296 πάθη
1209 2233 1394 2295 αὐτοῦ,
1441 2236 1534 2288 καὶ
1567 2238 1628 2289 τά
1673 2238 1758 2293 διὰ

210 2311 313 2380 τὴν
371 2315 644 2383 σωτηρίαν
675 2316 827 2385 ἡμῶν
858 2320 1209 2389 ἐπενεχθέντα
1236 2325 1408 2392 τούτῳ
1450 2329 1596 2396 παρά
1654 2330 1760 2382 τῶν

211 2402 520 2472 ἀχαρίστων
559 2404 823 2462 Ἰουδαίων
877 2409 1174 2480 ὲφύϐριστα
1224 2415 1329 2482 πρὸ
1382 2413 1474 2468 τοῦ
1528 2420 1757 2489 σταυροῦ

213 2491 309 2546 καὶ
347 2493 441 2562 τῆς
465 2495 826 2560 ἀναστάσεως.
849 2498 977 2553 Ποῖα
1006 2501 1060 2554 δὲ
1081 2503 1250 2557 ταῦτά
1289 2507 1448 2568 εἰσιν,
1476 2508 1760 2564 ἀκουσάτω

213 2587 249 2651 ὴ
279 2587 486 2652 ίερότης
517 2604 632 2640 σου.
675 2589 787 2640 Κᾶν
824 2591 928 2657 γάρ
988 2593 1149 2654 κόπος
1189 2596 1416 2647 ἐνώπιόν
1462 2598 1562 2666 μού
1614 2602 1760 2652 ἐστιν

215 2674 321 2736 ἕως
342 2671 399 2728 οὗ
440 2675 662 2729 εἰσέλθω
697 2679 777 2740 είς
832 2680 892 2732 τὸ
921 2681 1272 2752 ἀγιαστήριον
1331 2683 1423 2736 τοῦ
1470 2685 1622 2750 Θεοῦ,
1670 2689 1762 2739 καὶ

218 2763 361 2814 συνῶ
387 2767 452 2818 τὰ
484 2767 539 2814 ἐν
571 2766 714 2835 αὐτῷ
741 2769 833 2820 καὶ
876 2770 1000 2837 περὶ
1041 2772 1191 2835 αὐτὸ,
1236 2771 1351 2824 ἀλλ’
1392 2774 1422 2842 ἡ
1466 2775 1623 2842 χάρις
1667 2776 1759 2828 τοῦ

216 2852 483 2918 παναγίου
533 2853 844 2922 Πνεύματος
889 2858 919 2924 ἡ
957 2859 1012 2908 ἐν
1070 2859 1429 2928 πατριάρχαις
1477 2877 1759 2930 προτυπωο

217 2937 390 3001 θεῖσα,
411 2942 469 2990 ὲν
503 2946 802 3010 προφήταις
834 2945 1294 3013 προκηρυχθεῖσα,
1352 2949 1410 3000 ὲν
1444 2950 1761 3016 ἀποστόλοις

217 3024 621 3093 θεμελιωθεϊσα,
663 3030 722 3082 ιν
772 3031 1005 3098 μάρτυσι
1034 3033 1399 3100 τελειωθεῖσα,
1431 3038 1524 3092 καὶ
1563 3042 1622 3092 ὲν
1653 3042 1764 3111 ἱερ-

1855 638 1955 691 per.
1982 626 2292 679 unctionem
2329 627 2634 680 sanctitatis
2678 625 2881 693 perfici,
2917 633 3105 676 unctos
3155 622 3390 682 Domini,

1852 721 1906 765 et
1952 715 2325 767 sanctissimos
2369 715 2722 782 appeliamns',
2765 729 2828 766 ac
2873 713 3168 766 referentes
3208 727 3302 764 eos
3336 713 3389 764 itt

1854 817 2134 857 numerum
2157 811 2464 858 sanctorum
2491 813 2542 855 et
2565 803 2824 857 divinitus
2852 802 3146 854 aﬂiatorutn
3174 800 3390 853 Patrum

1852 902 2184 956 nostrorum,
2233 901 2285 946 et
2339 901 2581 944 amanter
2623 893 2768 960 ipsos
2815 894 3222 957 amplectentes,
3255 890 3389 943 certi

1853 1000 2061 1049 sumus,
2117 984 2258 1040 fores
2315 986 2463 1052 regni
2511 985 2746 1039 scelestis
2795 999 2888 1052 per
2934 998 3027 1036 eos
3073 984 3226 1036 nobis
3281 992 3390 1033 tum

1853 1074 2086 1136 occludi,
2120 1084 2230 1127 tum
2269 1075 2482 1140 aperiri,
2519 1083 2571 1128 et
2616 1088 2711 1140 per
2750 1074 2988 1139 ipsorum
3035 1073 3178 1123 labra
3229 1071 3390 1123 Deum

1854 1165 1999 1222 velut
2029 1179 2121 1217 ore
2151 1166 2366 1232 pr0prio
2410 1164 2589 1216 futura
2631 1163 2890 1230 proferre.
2937 1161 3051 1213 Non
3086 1163 3230 1213 enim
3269 1175 3396 1212 caro

1853 1255 1907 1300 et
1945 1250 2182 1316 sanguis,
2214 1249 2305 1303 sed
2341 1251 2575 1303 caelestis
2615 1249 2702 1302 ille
2738 1249 2895 1308 Pater
2934 1263 2994 1301 ac
3041 1249 3178 1301 Deus
3214 1259 3394 1299 noster

1857 1337 1970 1406 (qui
1997 1338 2159 1391 dixit:
2192 1338 2248 1392 In
2276 1340 2465 1392 diebus
2498 1340 2600 1392 illis
2627 1339 2891 1393 eﬂ‘undam
2922 1339 2986 1391 de
3019 1335 3218 1405 Spiritu
3253 1350 3394 1396 meo,

1852 1435 1904 1481 et
1969 1429 2111 1483 servi
2172 1429 2273 1481 mei
2343 1428 2822 1497 vaticinabuntur),
2886 1429 3085 1482 revelat
3146 1427 3224 1479 eis
3287 1434 3392 1477 tam

1855 1519 2168 1589 praesentia,
2212 1533 2370 1587 quam
2418 1519 2620 1572 futura.
2662 1520 2750 1572 Sic
2801 1519 2940 1572 enim
2987 1526 3038 1570 et
3082 1516 3211 1570 Saul
3257 1515 3402 1568 inter

1855 1606 2186 1674 prophetas,
2249 1614 2304 1658 et
2358 1605 2624 1674 Caiaphas
2695 1607 2893 1660 invitus
2950 1606 3226 1659 oraculum
3296 1607 3396 1656 hoc

1857 1696 2120 1765 protulit:
2187 1694 2410 1763 Expedit
2469 1711 2632 1748 unum
2702 1696 2874 1763 perire
2939 1710 3035 1763 pro
3096 1694 3291 1762 populo
3346 1703 3400 1746 et

1857 1799 1953 1850 pro
1985 1785 2082 1837 hac
2119 1783 2368 1836 universa
2409 1784 2645 1838 natione.
2677 1782 2808 1836 Nam
2833 1783 2925 1835 ille
2946 1798 3040 1850 per
3091 1782 3400 1834 unctionem

1860 1875 2058 1942 regiam
2099 1872 2486 1937 inralescebat,
2522 1874 2608 1927 hic
2645 1888 2742 1942 per
2769 1874 2996 1941 gratiam
3031 1870 3395 1940 pontiﬁcatus.

1858 1965 1986 2020 Erat
2027 1966 2188 2029 enim,
2231 1965 2425 2032 inquit,
2473 1963 2592 2030 ejus
2645 1963 2770 2015 anni
2819 1960 3055 2030 pontifex
3109 1958 3396 2013 maximus.

1858 2057 2144 2126 Propterea
2189 2055 2360 2110 nostri
2412 2053 2749 2122 patriarchae,
2815 2061 3067 2120 tanquam
3095 2051 3406 2103 obtinentes

1859 2129 2034 2202 locum
2058 2147 2257 2201 Christi
2286 2145 2485 2216 Deique
2504 2144 2701 2205 nostri,
2725 2160 2830 2198 non
2859 2143 2954 2198 abs
2981 2157 3047 2194 re-
3066 2140 3406 2193 voluntarios-

1860 2236 2030 2303 ipsius
2060 2234 2358 2296 cruciatus,
2390 2242 2441 2287 et
2475 2232 2667 2300 probra
2708 2231 2901 2285 salutis
2933 2237 3130 2282 nostra:
3158 2241 3321 2281 causa
3350 2227 3399 2280 ei

1859 2331 1982 2375 ante
2012 2335 2228 2374 crucem
2264 2329 2317 2373 ct
2350 2319 2803 2372 resurrectionem
2843 2316 2910 2369 ab
2944 2316 3173 2383 ingratis
3200 2311 3401 2366 Iudaeis

1860 2415 2026 2478 illata,
2053 2427 2173 2465 cum
2204 2411 2467 2480 gravitate
2498 2415 2901 2477 repraesentant.
2936 2407 3065 2473 Qute
3095 2416 3272 2460 autem
3308 2405 3405 2457 illa

1861 2504 1988 2564 siut,
2035 2500 2219 2554 audiat
2261 2507 2350 2553 tua
2396 2498 2678 2553 sanctitas.
2740 2495 2872 2549 Nam
2933 2495 3148 2548 tametsi
3190 2491 3402 2546 videam

1862 2607 1945 2646 me
1969 2593 2207 2646 laborem
2236 2589 2564 2650 subiturum,
2590 2589 2761 2640 donec
2785 2585 3054 2655 ingrediar
3077 2585 3127 2635 in
3152 2590 3402 2636 sanctua-

1859 2684 2001 2736 rium
2054 2680 2166 2744 Dei,
2212 2692 2436 2748 qua-que
2483 2677 2533 2730 in
2583 2691 2648 2730 eo
2700 2682 2848 2738 sunt,
2898 2681 2952 2726 et
3000 2673 3142 2725 circa
3204 2673 3399 2738 ipsum,

1861 2771 2150 2838 intelligam
2196 2788 2208 2822 :
2249 2766 2600 2820 nihilominus
2644 2764 2813 2820 sancti
2859 2761 3092 2832 Spiritus
3136 2762 3303 2830 gratia
3347 2758 3400 2811 in

1862 2859 2188 2928 patriarcliis
2229 2856 2594 2926 praeﬁgurata,
2637 2853 2690 2906 in
2739 2853 3013 2922 prophetis
3045 2859 3168 2904 ante
3196 2851 3407 2904 denun-

1862 2952 2016 3015 tiata,
2046 2951 2101 3002 in
2131 2947 2388 3016 apostolis
2417 2945 2662 3006 fundata,
2687 2944 2740 2997 in
2775 2943 3103 3012 martyribus
3130 2943 3402 3002 absoluta,

1865 3042 1919 3094 in
1966 3040 2264 3094 hierarchis
2298 3039 2556 3092 decorata
2582 3078 2597 3101 ,
2628 3034 3064 3089 subministrabit
3105 3032 3403 3086 orationem

219 3115 413 3183 ἁρχαις
478 3119 972 3188 κατακοσμηθεῖσα,
1003 3122 1161 3176 δώσει
1193 3123 1349 3192 λόγον
1367 3129 1424 3178 ὲν
1453 3130 1757 3192 άνοίξειτνοῦ

1866 3131 1916 3183 in
1957 3132 2228 3198 apertione
2261 3129 2373 3182 oris
2411 3127 2536 3186 mei,

219 3206 483 3272 στόματός
517 3227 640 3276 μου.

289 3291 368 3345 Τά
410 3295 518 3346 τῶν
557 3299 902 3368 πατριαρχῶν
945 3301 1050 3352 τῶν
1091 3303 1258 3368 ἁγίων
1297 3306 1628 3374 ἑπιμάνικα,
1668 3311 1765 3372 τὰς

217 3383 534 3448 χειροπέδας
562 3385 655 3437 τοῦ
689 3388 888 3455 Κυρίου
919 3389 1230 3454 δοξάζουσιν
1259 3432 1272 3454 .
1305 3393 1371 3456 ἀς
1397 3397 1536 3448 ἑκὼν
1561 3399 1762 3470 ὑπέστη

215 3470 308 3522 διὰ
362 3474 458 3541 τὴν
514 3478 785 3544 σωτηρίαν
845 3480 1035 3548 ἡμῶν,
1089 3484 1230 3534 κατά
1289 3488 1575 3554 μαστιγίαν
1634 3489 1768 3558 πρὸς

216 3561 476 3628 Καϊάφαν
507 3566 784 3632 ἀγόμενος.
818 3569 896 3621 Τά
928 3573 1303 3642 έπιτραχήλια,
1341 3575 1400 3626 τὸ
1447 3578 1768 3644 φραγέλλιον

215 3650 280 3701 τὸ
312 3650 540 3705 ἑλκύσαν
590 3654 685 3724 τὴν
726 3653 870 3726 ζωὴν
915 3657 1048 3726 πρὸς
1091 3661 1179 3712 τὸν
1225 3661 1469 3715 θάνατον.
1518 3663 1598 3717 Τά
1632 3667 1770 3733 μετά

219 3740 497 3807 ποταμίων
520 3743 790 3812 στιχάρια,
806 3749 928 3807 τοὺς
951 3749 1208 3817 κρουνοὺς
1223 3751 1315 3803 τοῦ
1333 3753 1557 3821 αἵματος
1574 3755 1767 3808 καὶτοῦ

219 3827 412 3892 ὕδατος
435 3871 450 3894 ,
485 3839 609 3893 τοὺς
657 3837 720 3886 ὲκ
759 3837 856 3904 τῆς
883 3837 1030 3900 θείας
1066 3840 1300 3909 πλευρᾶς
1341 3845 1766 3910 ἀποστάξαντας.

220 3919 343 3971 Τῶν
364 3924 622 4007 γονατίων
652 3923 719 3976 τά
743 3925 1104 3995 ἐπιϐλήματα,
1135 3929 1226 3981 τοῦ
1257 3933 1461 3985 λεντίου
1496 3937 1558 3986 τὸ
1589 3939 1766 4007 ἐγχει-

225 4009 409 4077 ρίδιον,
441 4012 504 4063 δι’
534 4006 595 4066 οὗ
626 4017 754 4078 τοὺς
797 4016 964 4078 πόδας
1004 4020 1032 4069 6
1080 4019 1282 4087 Κύριος
1320 4021 1426 4072 τῶν
1461 4006 1768 4078 ἀποστόλων

219 4100 557 4170 ἀπέσμηξεν.
590 4106 651 4156 Oi
680 4107 889 4168 σάκκοι,
926 4108 1023 4175 τὴν
1053 4107 1269 4176 χλαῖναν
1301 4112 1395 4178 τῆς
1430 4111 1657 4190 ὕϐρεως.
1690 4115 1770 4166 Τά

218 4193 525 4261 ὠμοφόρια.
557 4194 654 4261 τὴν
684 4197 745 4248 ὲκ
767 4196 861 4248 τοῦ
895 4197 1018 4264 ᾅδου
1056 4199 1188 4265 πρὸς
1219 4200 1446 4266 οὐρανὸν
1493 4203 1586 4253 τοῦ
1619 4220 1770 4272 πρω-

216 4283 518 4336 τοπλάστου
540 4285 853 4351 μετάϐασιν.
873 4287 950 4341 Τὰ
967 4288 1054 4340 διὰ
1070 4288 1478 4358 πολυσταυρίων
1501 4294 1765 4359 φαινόλια,

217 4371 316 4424 τοῦ
342 4372 522 4440 τιμίου
551 4372 778 4440 σταυροῦ
812 4377 910 4442 τὴν
942 4377 1280 4446 παγκόσμιον
1310 4379 1464 4444 δόξαν
1491 4383 1584 4434 καὶ
1615 4383 1772 4434 δύνα-

1935 3313 2256 3367 Sanctorum
2314 3309 2740 3380 patriarcharum
2800 3307 3137 3378 epimanica,
3194 3303 3407 3358 Domini

1868 3405 2109 3458 manicas
2146 3402 2441 3465 celebrant,
2469 3415 2606 3469 quas
2630 3399 2818 3454 volens
2848 3396 3109 3452 sustinuit
3157 3397 3225 3449 ob
3258 3395 3406 3447 salu-

1869 3504 1974 3547 tem
2006 3502 2266 3556 nostram,
2302 3506 2423 3545 cum
2457 3491 2629 3546 instar
2658 3489 2975 3544 verberonis
3017 3486 3082 3538 ad
3115 3485 3406 3553 Caia‘pbam

1870 3583 2179 3634 duceretur.
2238 3578 2495 3641 Collaria,
2533 3579 2705 3631 lorum
2758 3576 2910 3640 illttd,
2945 3573 3088 3643 quod
3143 3573 3308 3627 vitam
3338 3571 3404 3624 ad

1871 3679 2098 3724 mortem
2126 3669 2305 3722 traxit.
2337 3667 2559 3722 Tunicze
2588 3666 2779 3720 ﬂuvios
2813 3665 3097 3724 habentes.
3127 3662 3409 3730 sanguinis

1871 3768 1925 3811 et
1954 3773 2107 3824 aqua:
2156 3758 2319 3820 rivos,
2347 3760 2437 3826 qui
2475 3773 2537 3810 ex
2602 3755 2785 3810 divino
2823 3756 2993 3808 latere
3040 3753 3406 3808 destillarunt.

1871 3840 2115 3898 Genuum
2165 3846 2415 3908 amictus,
2474 3845 2591 3912 ejus
2643 3843 2791 3896 lintei
2846 3842 3256 3901 documentum,
3303 3855 3410 3906 quo

1869 3935 2031 4002 pedes
2118 3935 2485 4002 apostolorum
2561 3933 2821 3986 Dominus
2896 3931 3139 3985 extersit.
3230 3928 3410 3991 Saeci,

1871 4023 2093 4092 pallium
2121 4023 2253 4076 illud
2285 4022 2624 4078 contumeliae
2656 4029 2816 4088 atque
2862 4020 3159 4088 opprobrii.
3215 4018 3414 4071 Hun‘ie-

1873 4112 2029 4172 ralia,
2063 4111 2317 4180 primitivi
2383 4111 2669 4164 transitum
2720 4111 2787 4163 ab
2854 4109 3043 4162 inferis
3088 4107 3151 4160 ad
3194 4107 3406 4160 caelum.

1870 4196 2054 4251 Multis
2133 4198 2400 4266 insignita:
2478 4198 2732 4251 crucibus
2793 4196 3024 4264 penulaa.
3093 4193 3412 4248 venerandae

1873 4287 2053 4340 crucis
2089 4287 2446 4342 universalem
2471 4288 2695 4354 gloriam
2729 4295 2886 4352 atque
2913 4293 3247 4351 potestatem.
3282 4284 3411 4348 Quae

1873 4376 2084 4429 suntin
2143 4376 2226 4430 his
2269 4377 2559 4444 triangula,
2612 4373 2840 4443 lapidem
2893 4375 3041 4426 illum
3101 4375 3409 4441 angularem

222 4483 339 4533 μιν.
365 4464 444 4517 Τὰ
473 4466 530 4517 ὲν
549 4465 756 4528 τούτοις
770 4465 1051 4537 τριγώνια,
1076 4468 1165 4520 τὸν
1190 4473 1576 4539 ἀκρογωνιαῖον
1600 4472 1764 4536 λίθον,

1874 4466 2145 4519 Christum
2182 4465 2344 4521 Deum
2375 4477 2644 4529 nostrum,
2667 4465 2758 4532 qui
2784 4465 3058 4532 disiuncta
3105 4465 3409 4532 conjunxit.

217 4555 452 4624 Χριστὸν
477 4555 565 4607 τὸν
588 4556 717 4607 Θεὸν
739 4557 912 4624 ἡμῶν,
943 4558 1033 4609 τὸν
1062 4559 1131 4610 τὰ
1155 4559 1413 4612 διεστῶτα
1441 4563 1767 4630 συνάψαντα.

217 4646 332 4698 Καὶ
365 4646 420 4698 αἱ
453 4646 633 4714 ῥάϐδοι
674 4646 764 4697 τὸν
794 4647 1035 4714 κάλαμον
1056 4686 1070 4710 ,
1115 4649 1204 4700 τὸν
1233 4650 1330 4716 τὴν
1373 4652 1640 4718 σωτηρίαν
1675 4652 1769 4704 τοῦ

218 4735 409 4803 γένους
462 4735 571 4788 τῶν
621 4734 919 4805 ἀνθρώπων
974 4737 1514 4805 καλλιγραφήσαντα.
1572 4742 1681 4793 Καὶ
1745 4744 1772 4794 6

223 4825 434 4895 μάρτυς
473 4828 530 4878 ιν
556 4825 765 4895 οὐρανῷ
799 4827 1003 4888 πιστός.
1061 4828 1193 4880 Ἀπὸ
1220 4827 1348 4895 γοῦν
1376 4830 1484 4880 τῶν
1513 4829 1652 4884 οὓτω
1684 4831 1768 4883 δε-

216 4917 562 4984 δοξασμένων
603 4917 902 4982 ἀγακλεῶς,
937 4919 1029 4971 καὶ
1063 4920 1142 4978 είς
1190 4919 1362 4972 τύπον
1391 4923 1771 4976 καταστάντων

217 5004 313 5056 τοῦ
337 5006 589 5074 ἀληθινοῦ
618 5006 850 5077 Χριστοῦ
882 5009 975 5060 καὶ
1004 5006 1138 5060 Θεοῦ
1163 5010 1336 5078 ἡμῶν,
1366 5013 1518 5074 ποῖός
1548 5029 1631 5071 τις
1652 5013 1771 5064 τολ-

221 5094 423 5161 μητίας
453 5095 545 5147 καὶ
576 5094 966 5163 θρασυκάρδιος
1000 5096 1262 5162 ἀφέληταί
1295 5113 1345 5148 τι
1384 5097 1590 5149 δίκαιον
1624 5099 1772 5168 ἱερα-

217 5184 373 5236 τικὸν
400 5185 779 5253 όπωσδήποτε;
814 5187 1034 5245 Πάντως
1062 5185 1256 5244 οὐδείς.
1300 5186 1546 5240 Ἀκούσει
1575 5188 1679 5258 γάρ
1710 5188 1773 5240 ὲκ

223 5272 320 5324 τοῦ
350 5271 694 5342 θεοπάτορος·
719 5273 792 5324 Σὺ
834 5273 886 5324 δὲ
927 5270 1128 5324 ἀπώσω
1166 5275 1259 5324 καὶ
1287 5274 1645 5338 ἑξουδένωσας
1683 5276 1772 5327 τὸν

223 5364 460 5432 Χριστόν
503 5378 616 5425 σου,
653 5365 745 5414 καὶ
795 5363 854 5414 τὸ
903 5363 1147 5431 ἀγίασμα
1197 5363 1358 5416 αὐτοῦ
1409 5363 1768 5434 ὲὸεϐἡλωσας.

227 5454 439 5524 Ὠσπερ
472 5455 648 5505 τοίνυν
692 5454 791 5505 οὐκ
838 5453 1006 5518 ἔξεστι
1042 5453 1144 5505 τῶν
1184 5453 1434 5505 ἁπάντων
1464 5455 1568 5504 τινὶ
1599 5454 1773 5520 λέγειν

223 5545 356 5611 περὶ
382 5543 473 5595 τοῦ
507 5545 623 5599 ἑνὸς
645 5545 878 5610 Χριστοῦ
905 5543 994 5599 καὶ
1026 5540 1158 5594 Θεοῦ
1190 5543 1365 5612 ήμῶν,
1395 5543 1568 5604 ἄλλως
1595 5543 1689 5611 μὲν
1719 5546 1774 5594 ὲν

230 5633 363 5701 τῷδε
405 5635 500 5703 τῆς
543 5636 860 5701 οἰκουμένης
900 5634 976 5701 τῷ
1009 5635 1229 5702 κλίματι
1266 5634 1646 5703 παρουσιάζειν
1685 5636 1775 5686 καὶ

226 5725 649 5790 μεγαλύνεσοαι,
686 5727 854 5784 ἄλλως
900 5725 944 5776 δ’
988 5728 1045 5777 ἐν
1089 5725 1278 5795 ἐκείνῳ
1310 5725 1652 5789 δοξάζεσθαι,
1692 5726 1775 5776 ἵνα

1872 4556 2078 4618 Baculi,
2123 4556 2442 4609 arundinem
2506 4557 2672 4619 illam,
2736 4572 2855 4625 quae
2917 4557 3144 4609 salutem
3199 4559 3410 4624 generis

1875 4646 2091 4701 humani
2115 4646 2326 4716 egregie
2378 4645 2640 4714 depinxit.
2696 4647 2873 4700 Testis
2928 4650 2980 4698 in
3027 4646 3166 4698 cmlo
3220 4646 3410 4699 ﬁdelis.

1876 4737 2212 4791 Patriarchis
2237 4750 2364 4804 ergo
2399 4745 2504 4787 tam
2559 4736 2814 4803 prmclare
2870 4736 3192 4798 nobilitatis,
3248 4745 3298 4788 et
3358 4752 3409 4787 tu

1875 4826 2222 4880 simulacrum
2246 4825 2357 4878 veri
2389 4821 2590 4877 Christi
2613 4839 2676 4878 ac
2710 4823 2801 4877 Dei
2845 4825 3018 4878 nostri
3074 4824 3409 4885 constitutis,

1873 4916 1994 4984 quis
2022 4915 2154 4968 adeo
2178 4916 2494 4968 temerarius
2523 4924 2576 4967 et
2618 4913 2792 4966 audax
2845 4913 3030 4972 fuerit,
3085 4921 3142 4965 ut
3177 4914 3267 4979 jus
3313 4913 3412 4965 ali-

1873 5005 2018 5074 quod
2045 5005 2378 5059 sacerdotale
2402 5020 2727 5073 quocunque
2755 5003 2911 5057 modo
2934 5003 3172 5056 adimat?
3195 5005 3414 5056 omnino

1875 5095 2078 5148 nullus.
2109 5094 2303 5147 Audiet
2330 5097 2469 5147 enim
2501 5107 2530 5146 a
2587 5092 2787 5147 Christi
2850 5103 3000 5162 patre
3054 5093 3288 5146 Davitle:
3331 5091 3410 5145 Tu

1873 5190 2051 5236 autem
2109 5184 2355 5252 repulisti
2403 5193 2452 5236 et
2502 5183 2812 5235 annihilasti
2871 5194 3090 5236 unctum
3147 5194 3318 5244 tuum,
3357 5193 3412 5235 et

1875 5273 2351 5327 sanctilicationem
2413 5273 2531 5340 ejus
2584 5272 2904 5341 profanasti.
2949 5272 3410 5338 Quemadmodum

1874 5379 2002 5431 ergo
2040 5363 2242 5417 nemini
2273 5362 2453 5432 dicere
2482 5363 2604 5416 licet
2637 5363 2703 5416 de
2761 5379 2868 5416 uno
2921 5363 3138 5416 Christo
3198 5362 3413 5432 Deoque

1876 5430 2084 5516 nostro,
2109 5453 2251 5521 quod
2283 5430 2439 5506 aliter
2465 5453 2516 5506 in
2543 5453 2645 5506 hoc
2675 5455 2822 5508 orbis
2855 5461 3025 5507 tractu
3060 5454 3132 5507 sit
3176 5430 3412 5523 pratsens

1877 5555 1927 5596 et
1954 5541 2348 5610 magniﬁcetur,
2375 5542 2532 5595 aliter
2559 5544 2611 5594 in
2643 5542 2732 5595 illo
2755 5543 3128 5611 gloriiicetur;
3163 5560 3228 5596 ne
3258 5559 3411 5598 vesa-

1879 5633 1982 5686 nia:
2015 5642 2268 5686 extrema:
2319 5648 2467 5684 reum
2526 5647 2583 5686 se
2626 5632 2806 5695 faciat,
2867 5641 2919 5686 et
2969 5634 3033 5687 ad
3087 5634 3411 5700 impietatem

1878 5723 2181 5775 exorbitct:
2215 5723 2291 5776 sic
2316 5724 2474 5776 etiam
2528 5737 2683 5776 nemo
2733 5723 3144 5791 patriarchalem
3199 5737 3411 5779 sacram
