3914 6332
627 365 647 428 1
696 367 762 428 2'}

1826 371 2096 429 'fllEUU.
2147 368 2614 432 B.\LSAMONIS

3657 368 3786 437 “Et

622 488 1029 553 similitudinem
1062 489 1222 540 dividi
1255 488 1449 543 debere
1479 489 1689 550 dixrt'it,
1743 490 1816 542 uti
1844 492 1924 543 vel
1949 491 2119 557 majori

2253 491 2324 558 μὴ
2355 486 2731 560 παραπληξίας
2756 489 2981 558 ἐσχάτης
3009 491 3305 561 κατακριθῇ
3327 531 3342 554 ,
3376 492 3470 544 καὶ
3501 492 3638 561 πρὸς
3662 494 3786 544 δυσ-

622 579 700 630 vel
734 577 938 628 minora
1002 579 1190 631 habent
1251 580 1543 646 privilegia.
1591 580 1925 647 Quapropter
1981 581 2142 634 ctiam

619 673 876 717 statutum
904 676 1004 725 est.
1034 676 1089 718 ut
1135 667 1187 720 in
1250 671 1439 735 quavis
1489 669 1712 721 ecclesia
1765 669 1876 733 Dei,
1919 669 2031 722 sive
2078 668 2142 720 ad

617 752 963 820 Euphratem,
994 758 1102 810 sive
1127 759 1190 811 ad
1223 759 1420 825 Tigrim
1444 801 1457 821 ,
1493 759 1604 812 sive
1638 759 1703 811 ad
1735 760 1907 826 ipsum
1942 759 2142 826 pertin-

615 839 1020 906 gatOceanum,
1048 847 1372 912 conjunctim
1430 862 1612 899 eorum
1645 848 1856 898 nomina
1908 846 2145 898 referan-

615 942 724 984 tur.
777 934 1113 1001 Acceperunt
1174 937 1354 998 enim,
1416 937 1493 988 uti
1565 937 1825 1004 scriptum
1894 936 2138 1004 legimus,

615 1021 860 1086 regiones
923 1026 1198 1089 gentium;
1242 1034 1294 1078 et
1338 1041 1523 1078 eorum
1577 1027 1754 1078 throni
1799 1033 1926 1079 sunt
1973 1027 2143 1078 instar

611 1108 752 1163 luna:
781 1113 1046 1178 perfectze.
1079 1130 1140 1167 ac
1167 1115 1297 1168 solis
1329 1117 1498 1167 instar
1530 1130 1710 1167 coram
1750 1130 1832 1169 me
1855 1123 2001 1168 sunt.

681 1287 784 1341 Sed
822 1289 957 1343 dicet
984 1290 1217 1357 aliquis:
1253 1290 1384 1342 Cum
1419 1291 1585 1344 divini
1617 1298 1668 1344 et
1720 1292 1861 1344 sacri
1898 1304 2138 1344 canones

609 1379 753 1430 velut
815 1380 1127 1446 arvipemlio
1201 1380 1430 1448 quodam
1507 1382 1830 1450 patriarchis
1907 1389 2139 1447 quatuor

609 1465 753 1523 Orbis
798 1480 973 1533 partes
1026 1468 1421 1532 distribuerint,
1472 1470 1561 1533 qui
1599 1470 1674 1529 fit,
1713 1480 1768 1521 ut
1811 1470 1924 1535 ipse
1973 1468 2137 1520 semel

610 1563 808 1607 statuta
839 1558 1259 1624 trauSgrediens,
1292 1559 1423 1610 velis
1451 1574 1542 1611 eas
1568 1559 1734 1610 instar
1764 1559 1924 1611 unius
1953 1557 2136 1610 haberi

608 1652 914 1718 provinciae,
939 1668 1162 1719 quasque
1193 1654 1360 1705 divisa
1407 1663 1548 1706 recte
1573 1663 1716 1713 sunt,
1746 1655 1881 1706 male
1917 1651 2138 1704 confun-

607 1739 768 1791 dere?
802 1741 876 1791 Ad
934 1741 1068 1793 hanc
1114 1742 1467 1807 objectionem
1514 1743 1921 1809 respondemus,
1973 1756 2135 1808 posse

2248 579 2456 632 σέσειαν
2489 580 2864 648 μετακυλισθῇ,
2898 580 3064 641 οὕτως
3088 582 3208 632 οὐδὲ
3245 585 3343 650 τὴν
3371 584 3780 651 πατριαρχικὴν

2246 668 2390 721 θείαν
2427 669 2810 737 μεγαλειότητα
2841 668 3137 736 διαιρετέαν
3182 670 3322 722 εἴποι
3359 686 3447 731 τις
3480 666 3625 723 εἶναι
3647 709 3660 730 .
3695 674 3782 722 ui

2245 758 2376 828 πρὸς
2398 758 2618 824 μείζονα
2639 759 2730 810 καὶ
2750 758 3002 811 ἐλάττονα
3023 759 3285 828 προνόμια
3312 760 3778 827 μεταπίπτουσαν.

2243 846 2334 914 Τῷ
2369 863 2448 896 τοι
2477 846 2566 896 καὶ
2614 846 2848 897 δέδοκται
2912 847 3047 897 κατὰ
3088 850 3264 900 πᾶσαν
3303 848 3626 915 ἐκκλησίαν,
3665 849 3784 914 περὶ

2241 935 2329 986 τὸν
2363 935 2671 1003 Εὐφράτην,
2696 936 2786 986 καὶ
2807 936 3065 1004 Τίγρητα,
3084 940 3174 989 καὶ
3195 939 3352 989 αὑτὸν
3379 938 3680 1004 διήκουσαν
3704 937 3784 989 τὸν

2240 1024 2473 1074 ὠκεανὸν
2493 1062 2506 1085 ,
2534 1024 2704 1076 ἰλαδὸν
2749 1025 2940 1084 αὐτοὺς
2970 1026 3347 1092 ἀναφέρεσθαι.
3382 1026 3621 1078 Ἐλαόον
3661 1027 3784 1093 γὰρ,

2241 1116 2392 1182 φησι,
2415 1114 2594 1182 χώρας
2619 1114 2780 1166 ἐθνῶν
2801 1153 2814 1174 ,
2834 1115 2926 1166 καὶ
2951 1117 2998 1165 οἰ
3027 1098 3202 1182 θρόνοι
3225 1115 3400 1168 αὐτῶν
3425 1116 3561 1169 ὡσεὶ
3587 1132 3781 1184 κατηρ-

2240 1203 2463 1271 τισμένη
2498 1203 2712 1270 σελήνη,
2742 1202 2834 1253 καὶ
2867 1203 2940 1262 ὡς
2969 1202 3116 1271 ἥλιός
3145 1205 3280 1254 εἰσιν
3314 1205 3556 1255 ἐναντίον
3589 1220 3716 1272 μου.

2319 1289 2454 1340 Ἀλλ’
2481 1289 2595 1355 ἐρεῖ
2630 1303 2747 1348 τις·
2801 1288 2906 1338 Καὶ
2963 1289 3075 1350 πῶς
3128 1290 3235 1340 τῶν
3288 1290 3448 1342 θείων
3486 1291 3583 1342 καὶ
3627 1289 3784 1358 ἱερῶν

2239 1378 2472 1429 κανόνων
2503 1377 2576 1440 ὡς
2605 1379 2660 1428 ἐν
2697 1378 2910 1445 σχοινίῳ
2955 1377 3301 1446 κληροδοσίας
3345 1380 3780 1446 ἐπιμερισάντων

2237 1467 2348 1526 τοῖς
2379 1465 2739 1532 πατριάρχαις
2766 1465 2865 1531 τῆς
2891 1466 3207 1533 οἰκουμένης
3234 1467 3331 1534 τὴν
3362 1468 3776 1534 τετραμέρεισν.

2237 1553 2391 1613 αὐτὸς
2414 1553 2751 1620 ὑπερϐαίνων
2775 1553 2843 1605 τὰ
2869 1552 3091 1616 δόξαντα
3117 1555 3285 1615 Θέλεις
3308 1556 3383 1615 ὡς
3410 1556 3538 1622 μίαν
3567 1553 3780 1623 ἐνορίαν

2235 1641 2434 1704 ταύτας
2463 1641 2766 1708 λογίζεσθαι
2793 1683 2807 1706 ,
2843 1643 2935 1693 καὶ
2984 1644 3230 1710 συγχέειν
3262 1643 3444 1704 κακῶς
3471 1644 3542 1697 τὰ
3580 1644 3778 1712 διαιρε-

2237 1729 2394 1782 θέντα
2426 1729 2637 1793 καλῶς;
2671 1731 2847 1798 Φαμὲν
2875 1726 2966 1782 οὖν
2998 1731 3131 1798 πρὸς
3160 1731 3258 1798 τὴν
3285 1731 3540 1799 τοιαύτην
3573 1731 3779 1783 ἀντίθε-

607 1830 805 1895 piriter
827 1838 880 1881 et
911 1830 1020 1882 haec
1046 1832 1152 1882 vim
1182 1847 1330 1883 suam
1376 1832 1637 1892 obtinere,
1688 1829 2119 1897 quemadmodun

2237 1836 2339 1880 σιν,
2367 1818 2436 1880 ὡς
2464 1819 2580 1871 ἔστι
2602 1821 2693 1872 καὶ
2716 1819 2884 1872 ταῦτα
2902 1822 3118 1888 κρατεῖν
3141 1819 3320 1880 καθὼς
3350 1820 3453 1871 ὑπὸ
3475 1821 3584 1870 τῶν
3612 1821 3776 1883 ἁγίων

605 1932 633 1968 a
659 1920 864 1972 sanctis
891 1919 1142 1973 Patribus
1174 1923 1377 1973 sancita
1414 1922 1524 1974 sint
1548 1961 1560 1983 ,
1595 1929 1646 1972 et
1671 1930 1844 1973 tamen
1887 1920 2136 1972 identita-

605 2015 705 2056 tum
733 2010 944 2060 unionis
967 2026 1069 2062 non
1092 2011 1368 2062 confundi.
1394 2009 1578 2077 Opifex
1599 2010 1687 2061 ille
1714 2008 1872 2076 hujus
1896 2008 2133 2062 universi

601 2097 762 2157 Deus,
801 2097 886 2161 qui
915 2097 1180 2151 hominem
1229 2112 1379 2150 suam
1418 2098 1482 2150 ad
1528 2098 1810 2164 imaginem
1873 2096 2046 2157 tinxit,
2080 2102 2134 2146 et

601 2197 773 2250 regem
804 2184 1132 2235 terrestrium
1161 2185 1460 2245 constituit,
1512 2184 1605 2251 qui
1657 2185 1868 2236 coalitus
1918 2197 2132 2249 regere-

601 2278 706 2326 tur.
743 2271 1061 2336 praedicatur
1086 2271 1173 2323 ille
1205 2270 1419 2336 quidem
1451 2285 1568 2322 cum
1600 2279 1822 2337 propter
1871 2271 2128 2336 reliquam

602 2358 839 2423 lignienti
876 2358 1036 2424 huius
1067 2358 1316 2410 eximiam
1355 2371 1699 2425 compagem;
1746 2367 1856 2409 tum
1890 2357 2029 2424 quod
2063 2371 2129 2408 ex

601 2446 887 2498 inmortali
947 2448 1161 2513 partim,
1214 2448 1407 2514 partim
1467 2447 1678 2501 mortali
1734 2448 1981 2509 mistura,
2032 2461 2126 2500 vas

598 2536 724 2587 illud
757 2545 876 2602 apte
908 2534 1154 2587 ﬂuxerit:
1191 2535 1333 2602 quod
1391 2552 1522 2590 sane
1551 2552 1668 2590 cum
1725 2538 1842 2590 loco
1892 2539 2127 2593 circum-

599 2624 885 2682 scribatur,
917 2624 1123 2676 ratione
1158 2624 1428 2676 crassitiei
1456 2625 1712 2684 carnalis,
1746 2635 1921 2678 mente
1949 2633 2124 2678 tamen

597 2724 659 2761 ea
686 2718 906 2775 spectat,
939 2723 1055 2776 quae
1077 2709 1158 2762 vel
1210 2710 1344 2776 apud
1369 2707 1543 2760 Gades
1597 2710 1886 2762 exsistunt.
1942 2707 2126 2774 Neque

599 2799 775 2850 minus
795 2799 841 2850 ei
872 2798 1170 2866 maiestatis
1184 2813 1250 2850 ex
1279 2813 1342 2850 eo
1373 2797 1646 2861 tribuitur,
1675 2797 1818 2865 quod
1849 2799 2122 2849 hominum

599 2888 757 2937 vitam
793 2901 884 2951 per
914 2888 1151 2953 quinque
1192 2901 1383 2940 sensus
1429 2887 1537 2953 regi
1597 2887 1843 2946 voluerit.
1894 2900 2120 2952 quorum

597 2977 820 3041 quilibet
852 2977 956 3027 vim
991 2977 1089 3028 sibi
1118 2977 1437 3043 peculiarem
1465 2975 1784 3037 vindicaret,
1816 2989 1938 3027 cum
1985 2974 2122 3026 inte-

595 3069 697 3119 rim
726 3067 1034 3120 societatem
1068 3074 1307 3118 mutuam
1336 3079 1439 3116 non
1470 3065 1753 3132 abnegent.
1803 3064 1950 3116 Licet
1977 3062 2117 3115 enim

2235 1908 2490 1975 Πατέρων
2522 1909 2886 1974 τεθέσπισται,
2927 1910 3020 1960 καί
3050 1909 3146 1977 τὴν
3182 1910 3486 1975 ταυτότητα
3517 1908 3620 1976 τῆς
3661 1908 3780 1960 ἐνώ-

2236 2013 2370 2053 σεως
2403 1996 2475 2064 μὴ
2511 1997 2850 2065 συγχέεσθαι.
2901 1997 2956 2048 ὐ
2987 1997 3322 2066 Δημιουργδς
3347 1998 3453 2048 τῶν
3485 1997 3624 2048 ὅλων
3654 1998 3779 2056 Θεὲς

2232 2086 2350 2136 κατ’
2379 2086 2582 2139 οἰκείαν
2619 2086 2799 2137 εἰκόνα
2847 2085 3294 2154 πλαστουργήσας
3336 2086 3425 2139 τδν
3457 2086 3777 2155 ἄνθρωπον,

2231 2174 2323 2224 καὶ
2355 2172 2575 2239 βασιλέα
2603 2175 2949 2241 καταστήσας
2976 2174 3082 2225 τῶν
3107 2175 3196 2225 ἐπὶ
3223 2175 3325 2240 γῆς
3356 2174 3774 2243 βασιλευόμενον

2229 2259 2451 2324 ἄνωθεν,
2477 2264 2721 2330 ὑμνεῖται
2752 2264 2849 2331 μὲν
2870 2263 2962 2314 καὶ
2985 2264 3141 2333 χάριν
3164 2265 3262 2333 τῆς
3280 2264 3441 2331 ἄλλης
3464 2263 3774 2332 ὑπερφυοῦς

2230 2351 2489 2420 ἁρμονίας
2515 2352 2608 2404 τοῦ
2639 2352 2971 2420 πλάσματος,
2996 2354 3088 2406 καί
3112 2353 3227 2414 πῶς
3251 2354 3310 2416 ἐξ
3338 2353 3606 2406 ἀθανάτου
3639 2355 3773 2421 κρά·

2230 2456 2393 2506 ματος
2415 2441 2504 2491 καὶ
2526 2440 2718 2511 θνητοῦ
2753 2441 2812 2492 τὸ
2838 2441 3080 2508 ἐφόλκιον
3108 2441 3471 2510 διωργάνωσε,
3500 2442 3596 2493 καὶ
3628 2445 3772 2509 τόπῳ

2228 2531 2694 2598 περιγραφόμενον
2724 2528 2799 2597 τῷ
2820 2529 2960 2598 λόγῳ
2985 2530 3082 2598 τῆς
3114 2530 3420 2599 σαρκώδους
3442 2531 3769 2600 παχύτητος,

2229 2617 2428 2683 νοερῶς
2461 2618 2528 2668 τὰ
2553 2618 2698 2685 παρὰ
2720 2617 2988 2687 Γαδείρων
3008 2618 3449 2686 περιεργάζεται.
3472 2619 3584 2685 Οὐχ
3612 2615 3771 2688 ἦττον

2224 2704 2279 2754 δὲ
2320 2703 2674 2771 μεγαλύνεται
2696 2741 2711 2765 ,
2744 2706 2824 2756 ὅτι
2853 2705 2948 2772 τὴν
2983 2703 3125 2773 ζωὴν
3154 2705 3261 2756 τῶν
3291 2706 3590 2774 ἀνθρώπων
3628 2709 3770 2758 εὑδό-

2224 2812 2356 2860 κησε
2395 2796 2479 2847 διὰ
2511 2797 2667 2848 πέντε
2711 2797 3010 2865 αἰσθήσεων
3051 2795 3424 2862 διεξάγεσθαι,
3456 2801 3766 2865 σφετεριζοο

2225 2885 2396 2951 μένων
2439 2885 2536 2953 τὴν
2577 2885 2840 2953 ἰδικότητα
2867 2927 2880 2951 ,
2929 2885 3023 2936 καὶ
3075 2886 3148 2952 μὴ
3201 2886 3623 2955 ἀπαρνουμένων
3673 2889 3768 2957 τὴν

2220 2974 2588 3026 ἀνακοίνωσιν.
2624 2974 2739 3027 Κᾶν
2755 2977 2859 3044 γὰρ
2891 2977 2923 3043 ἡ
2949 2975 3067 3042 δψις
3095 2975 3255 3044 τυχὸν
3277 2976 3471 3046 ἐνεργῇ
3503 2977 3598 3030 καὶ
3614 2994 3768 3045 μονο-

2226 3063 2404 3130 μερῶς
2452 3064 2512 3114 τὸ
2561 3063 2944 3132 ἀποκληρωθέν
2986 3063 3153 3134 ταύτῃ
3215 3065 3580 3134 λειτούργημα
3617 3067 3766 3135 παρά

593 3167 865 3222 aspectus,
891 3155 1036 3207 verbi
1071 3156 1260 3222 gratia,
1287 3170 1482 3206 munus
1503 3154 1602 3205 sibi
1629 3153 1889 3207 divinitus
1943 3152 2119 3219 injun-

2225 3121 2398 3213 δεοῦ,
2426 3151 2562 3203 καθά
2613 3170 2663 3204 τι
2706 3121 2906 3204 δίκαιον
2938 3121 3192 3220 δφλημα,
3247 3153 3319 3220 μὴ
3368 3121 3764 3223 ἐμπῶιζομέλνη

593 3254 736 3296 ctum
791 3243 947 3295 etiam
998 3259 1094 3311 pro
1149 3259 1243 3296 sua
1274 3253 1424 3310 parte
1470 3242 1731 3294 duntaxat
1803 3242 1980 3303 obeat,
2022 3255 2118 3292 ceu

594 3333 829 3384 debitum
890 3331 1157 3397 quoddam
1211 3332 1558 3398 persolvens,
1618 3331 1672 3381 in
1729 3345 1833 3396 quo
1903 3328 2120 3380 minime

594 3421 838 3488 cognatis
867 3434 893 3470 a
919 3421 1165 3473 sensibus
1205 3419 1510 3484 impeditur,
1569 3432 1906 3485 nequaquam
1940 3424 2116 3468 tamen

591 3512 657 3564 ab
687 3513 874 3562 horum
908 3512 1162 3562 societate
1195 3509 1461 3569 avellitur,
1522 3509 1614 3560 sed
1654 3507 1767 3560 vult
1812 3522 1905 3560 eos
1939 3506 2116 3574 digni-

589 3603 716 3654 tatis
775 3614 883 3653 suae
942 3600 1228 3667 participes
1286 3612 1442 3657 esse.
1507 3606 1825 3665 mutuasque
1871 3595 2117 3649 conferre

586 3706 778 3757 operas
813 3693 982 3741 instar
1016 3689 1237 3739 lidarum
1274 3688 1611 3749 ancillarum,
1645 3688 1708 3738 ad
1735 3686 2028 3738 curandum
2064 3684 2114 3737 id

586 3795 802 3846 carpus,
831 3779 915 3830 cui
947 3793 1138 3829 sensus
1171 3779 1217 3828 lii
1252 3779 1359 3829 dati
1393 3787 1534 3830 sunt.
1563 3776 1826 3830 Praeterea
1885 3784 2118 3828 meretur

586 3865 1014 3925 admirationem,
1053 3862 1192 3927 (μιυά
1230 3863 1522 3928 quemlibet
1566 3862 1756 3914 horum
1811 3863 2117 3927 geminave-

587 3957 690 4017 rit;
734 3963 791 4005 ut
849 3955 1058 4005 tametsi
1125 3953 1301 4019 perire
1347 3953 1633 4020 contigerit
1684 3967 1872 4014 unum,
1935 3959 2112 4003 tamen

585 4046 824 4112 reliquus
856 4043 1000 4095 illius
1027 4044 1186 4094 etiam
1216 4044 1384 4094 vicem
1417 4043 1654 4108 impleat,
1697 4056 1797 4094 nec
1854 4040 2113 4093 adversus

584 4149 706 4186 eum
738 4133 1057 4184 insolescant
1086 4146 1279 4183 sensus
1309 4130 1488 4182 adhuc
1522 4131 1737 4197 integri,
1791 4128 1882 4182 scd
1937 4128 2113 4195 potius

583 4224 630 4274 ei
664 4223 1001 4281 condoleaut,
1033 4237 1096 4272 ne
1153 4221 1384 4272 ludibrio
1437 4220 1818 4288 paterfamilias
1871 4221 2110 4286 ipsorum

584 4312 868 4364 habeatur.
904 4309 1110 4376 Quippe
1161 4310 1204 4362 si
1242 4311 1526 4377 contigerit
1583 4312 1893 4362 alterutram
1928 4323 2111 4361 aurem

2224 3241 2370 3307 παρὰ
2392 3241 2498 3292 τῶν
2527 3241 2833 3308 συντρόφων
2859 3243 3180 3310 αἰσθήσεων,
3205 3243 3338 3294 ἀλλὰ
3362 3242 3460 3310 τῆς
3482 3243 3764 3303 κοινωνίας

2222 3329 2396 3379 αὐτῶν
2429 3329 2488 3379 ού
2520 3328 2836 3397 χωρίζεται·
2871 3329 3012 3382 θέλει
3053 3330 3110 3383 δὲ
3147 3331 3348 3391 ταύτας
3380 3331 3625 3399 μετέχειν
3659 3333 3762 3382 τῶν

2221 3417 2538 3485 ἀξιωμάτων
2569 3419 2755 3483 αὐτῆς,
2797 3419 2890 3470 καὶ
2919 3420 3242 3486 συναρήγειν
3267 3420 3348 3481 εἰς
3373 3419 3431 3471 τὸ
3461 3420 3590 3471 αὐτὸ
3625 3422 3763 3472 κατά

2220 3506 2458 3567 δουλίδας
2487 3508 2679 3568 πιστὰς
2699 3545 2714 3570 ,
2753 3511 2887 3577 πρὸς
2923 3509 3215 3576 θεραπείαν
3245 3508 3335 3561 τοῦ
3365 3507 3568 3571 ταύτας
3600 3510 3764 3561 πλου-

2222 3596 2477 3660 τήσαντος
2521 3596 2785 3664 σώματος.
2833 3597 2952 3648 Ἔτι
2986 3596 3317 3661 θαυμάζεται
3337 3636 3351 3659 ,
3381 3597 3494 3658 πῶς
3525 3597 3766 3660 ἑκάστην

2221 3683 2421 3733 τούτων
2446 3683 2847 3746 ἐδιπλασίασεν,
2880 3684 2965 3735 ἵνα
2999 3685 3100 3735 κᾶν
3145 3686 3320 3753 συμϐῇ
3352 3686 3762 3754 περιαιρεθῆναι

2221 3772 2316 3840 τὴν
2349 3773 2474 3839 μίαν
2495 3810 2508 3833 ,
2539 3773 2569 3840 ὴ
2600 3773 3000 3839 περιλειφθεῐσα
3029 3773 3282 3840 κάκείνης
3316 3774 3404 3824 τὸν
3437 3774 3601 3825 τόπον
3635 3781 3760 3828 ἁνα-

2223 3862 2558 3928 πληρώσειε,
2608 3861 2702 3911 καὶ
2756 3863 2830 3928 μὴ
2883 3861 3408 3922 καταλαζονεύωνται
3448 3863 3656 3931 ταύτης
3712 3867 3760 3914 αἰ

2220 3951 2577 4014 ἀρτιόσωμοι,
2623 3950 2931 4014 συμπονῶσι
2962 3949 3016 3999 δὲ
3050 3951 3243 4015 μᾶλλον
3284 3951 3438 4017 αὐτῇ,
3467 3951 3543 4011 ὡς
3594 3953 3659 4002 ἂν
3692 3954 3759 4020 μὴ

2217 4039 2244 4089 ὁ
2269 4037 2643 4105 οἰκοδεσπότης
2665 4038 2835 4088 αὐτῶν
2863 4037 3278 4106 θριαμῦεύηται.
3317 4039 3402 4100 Ὠς
3426 4039 3586 4107 είπερ
3615 4041 3759 4108 τύχοι

2219 4128 2311 4177 καὶ
2334 4126 2429 4195 τὴν
2458 4126 2687 4194 θατέραν
2727 4127 3087 4194 ἀχρειωθῆναι
3115 4128 3222 4180 τῶν
3253 4127 3456 4193 ἀκοῶν,
3486 4129 3672 4180 οὐκέτι
3704 4131 3758 4179 τὸ

2219 4217 2496 4268 κάλλιστον
2543 4217 2729 4285 χρῆμα
2779 4219 2805 4268 ὁ
2846 4216 3147 4285 ἄνθρωπος,
3181 4217 3396 4280 ἐντελὴς
3449 4218 3542 4269 καὶ
3603 4219 3754 4279 σῶος,

2219 4305 2310 4355 καὶ
2339 4299 2447 4355 οἷον
2482 4305 2640 4356 αὑτὸν
2673 4306 2701 4356 ὁ
2729 4305 2856 4366 Θεὸς
2905 4307 3195 4370 εἰργάσατο
3215 4345 3228 4368 ,
3265 4305 3504 4371 λέγεται·
3537 4308 3659 4358 ἀλλ’
3687 4309 3757 4368 ὡς

584 4401 824 4453 inutilem
859 4400 1029 4452 reddi.
1055 4414 1158 4450 non
1185 4400 1412 4466 amplius
1465 4400 1644 4459 homo,
1679 4407 1914 4451 creatum
1954 4399 2110 4465 longe

2224 4393 2474 4460 ἕκτρωμόι
2521 4409 2573 4443 τι
2619 4393 2912 4457 λογίζεται,
2964 4394 3066 4444 ὑπὸ
3113 4394 3218 4445 τῶν
3256 4393 3454 4447 λοιπῶν
3482 4397 3755 4462 τεττάρων

583 4487 1025 4555 pulcherrimum,
1070 4483 1336 4550 perfectus
1371 4493 1421 4536 et
1466 4485 1774 4541 incolumis.
1816 4493 1868 4537 et
1899 4485 2106 4551 qualem

580 4577 724 4629 Deus
751 4576 1008 4634 condidit,
1059 4589 1177 4626 esse
1241 4574 1468 4639 dicitur;
1527 4573 1618 4625 sed
1667 4574 1840 4626 instar
1891 4575 2108 4626 abortus

581 4664 825 4727 habetur,
877 4679 994 4714 cum
1057 4676 1084 4713 a
1134 4663 1350 4728 reliquis
1384 4671 1612 4729 quatuor
1661 4665 1930 4732 sensibus,
1982 4663 2107 4715 licet

580 4754 878 4805 incolumes
903 4752 1028 4813 sint,
1052 4751 1234 4801 auxilii
1257 4751 1387 4801 nihil
1411 4751 1622 4804 habeat.
1648 4751 2106 4815 Quemadmodum

577 4856 705 4907 ergo
740 4842 980 4908 quolibet
1017 4855 1178 4892 sensu
1211 4855 1404 4892 munus
1437 4855 1593 4893 suum
1642 4843 1917 4908 implente,
1949 4852 2106 4896 caete-

578 4943 756 4979 rorum
792 4943 948 4979 usum
979 4944 1081 4980 non
1131 4927 1452 4992 inliciamur,
1498 4944 1595 4981 nec
1648 4930 1966 4984 damnamus
2015 4946 2107 4985 eos

581 5025 830 5081 tanquam
859 5015 1031 5069 {mdes
1071 5026 1122 5068 et
1144 5017 1386 5083 inutiles,
1418 5025 1697 5086 propterea
1726 5021 1864 5087 quod
1895 5022 2104 5087 gemina

579 5106 782 5157 ratione
830 5121 931 5157 non
980 5107 1089 5158 sint
1144 5106 1405 5173 eﬂicaces,
1458 5108 1903 5175 quemadmodum
1952 5118 2106 5162 erant

577 5194 799 5257 ronditi,
824 5194 913 5246 sed
941 5195 1118 5262 potius
1153 5196 1230 5248 eis
1261 5194 1498 5248 favemus
1535 5195 1748 5264 (quippe
1783 5199 1826 5251 si
1869 5213 2005 5249 unus
2037 5214 2100 5250 ex

573 5284 672 5342 eis,
706 5283 783 5335 uti
814 5283 1015 5336 dictum
1049 5291 1149 5343 est,
1183 5283 1234 5335 in
1259 5285 1568 5336 universum
1604 5286 1894 5349 defecerit;
1924 5295 2092 5340 totum

571 5383 768 5434 corpus
819 5371 1006 5423 inutile
1051 5370 1317 5436 redditur,
1371 5380 1423 5424 et
1468 5373 1536 5425 ab
1591 5374 1898 5429 hominibus
1953 5377 2091 5429 haud

569 5458 724 5509 aliter
760 5458 980 5512 habetur
1019 5468 1178 5527 atque
1232 5461 1276 5512 si
1325 5477 1430 5514 non
1468 5463 1786 5530 exsisteret),
1820 5465 1896 5518 sic
1933 5467 2091 5519 etiam

567 5546 846 5610 quinarius
892 5548 1316 5616 patriarcharum
1383 5559 1524 5605 recte
1554 5561 1710 5620 atque
1741 5555 1929 5609 ordine
1975 5572 2090 5610 sese

567 5643 731 5703 geret.
767 5634 894 5688 Nam
921 5638 1144 5705 quilibet
1174 5638 1363 5692 horum
1416 5641 1936 5699 administrationem
1988 5648 2086 5701 sibi

2213 4480 2534 4544 αἰσθήσεων,
2560 4480 2912 4542 ὐγιαινουσῶν
2939 4484 3033 4531 καὶ
3056 4481 3249 4541 ταῦταῖ
3272 4480 3343 4549 μὴ
3375 4481 3748 4550 βοηθούμενος.

2225 4569 2308 4630 Ὠς
2347 4569 2473 4634 γοῦν
2517 4570 2750 4636 ἑκάστης
2799 4568 2905 4620 τῶν
2952 4569 3248 4638 αἰσθήσεων
3298 4570 3611 4639 πληρούσης
3661 4574 3747 4640 τὴν

2209 4658 2410 4708 οἰκείαν
2438 4658 2732 4725 ἐνέργειαν,
2758 4657 2862 4708 τῶν
2890 4657 3089 4711 λοιπῶν
3118 4659 3176 4710 τὸ
3196 4661 3458 4729 χρήσιμον
3481 4663 3584 4714 οὒκ
3611 4665 3747 4715 ἀπα-

2211 4747 2513 4813 ναινὸμεθα,
2545 4747 2662 4799 οὐδὲ
2693 4747 3181 4815 καταψηφιζόμεθα
3213 4750 3410 4801 τούτων
3439 4750 3747 4820 ἀσχημοσύ-

2209 4851 2302 4903 νην
2329 4837 2420 4886 καί
2453 4835 2774 4904 ἀχρειότητα
2796 4877 2810 4900 ,
2837 4835 2922 4888 διὰ
2948 4837 3008 4887 τὸ
3045 4836 3117 4904 μὴ
3146 4837 3450 4899 διπλοειδῶς
3484 4841 3742 4909 ἐνεργεῖν,

2209 4923 2386 4986 καθὼς
2417 4923 2951 4993 πεπλαστούργηνται
2973 4962 2988 4987 ,
3027 4925 3222 4992 μᾶλλον
3257 4928 3352 4993 μὲν
3380 4924 3472 4978 οὖν
3502 4929 3600 4978 καὶ
3630 4946 3745 4979 συν-

2209 5015 2406 5082 άγομεν
2439 5014 2588 5084 (μιᾶς
2621 5015 2727 5083 γὰρ
2756 5015 2815 5076 ἐξ
2841 5014 3014 5066 αὐτῶν
3043 5015 3373 5082 σχολασάσης
3403 5017 3646 5079 τελείως.
3673 5017 3742 5077 ὡς

2205 5106 2436 5172 εἴρηται,
2478 5103 2595 5155 ὅλον
2639 5103 2699 5154 τὸ
2751 5104 2904 5172 σῶμα
2941 5105 3258 5172 ἠχρείωται,
3309 5105 3401 5156 καὶ
3426 5105 3502 5166 ὡς
3527 5107 3663 5174 μηδὲ
3686 5105 3740 5157 ὃν

2203 5195 2311 5254 τοῖς
2335 5191 2634 5259 ἀνθρώποις
2652 5191 2962 5260 λογίζεται)’
2980 5193 3116 5243 οὓτω
3137 5194 3228 5243 καὶ
3249 5192 3353 5245 τῶν
3388 5193 3737 5262 πατριαρχῶν

2204 5285 2236 5350 ἡ
2272 5283 2467 5343 πεντὰς
2493 5323 2506 5346 ,
2555 5282 2776 5344 δικαίως
2805 5284 2898 5334 καί
2941 5283 3193 5350 ἀσφαλῶς
3236 5285 3732 5354 οἰκονομηθήσεται.

2206 5373 2465 5434 Ἕκαστος
2495 5372 2600 5440 γὰρ
2628 5372 2851 5436 τούτων,
2888 5374 2984 5440 τὴν
3016 5373 3109 5439 μὲν
3135 5373 3565 5441 ἀπονεμηθεῖσαν
3591 5375 3733 5442 αύτῷ

2200 5465 2457 5532 διοίκησιν
2506 5465 2782 5532 ἐνεργήσει
2816 5463 3126 5529 μονοειδῶς,
3173 5464 3257 5515 ἶνα
3289 5465 3361 5533 μὴ
3402 5467 3730 5533 συγχέωνται

2200 5555 2303 5606 τῶν
2349 5554 2515 5621 ἁγίων
2565 5555 2890 5624 Ἐκκλησιῶν
2924 5555 2991 5606 τὰ
3019 5555 3309 5624 προνόμιαο
3342 5554 3448 5606 τῶν
3470 5554 3526 5606 δὲ
3569 5557 3729 5624 τιμῆς

2197 5645 2288 5694 τοῦ
2335 5645 2465 5696 Θεοῦ
2502 5647 2590 5698 καὶ
2624 5647 2727 5697 τῶν
2769 5645 3022 5698 ἀνέκαθεν
3067 5645 3358 5714 δεδομένων
3401 5645 3624 5697 δικαίων
3668 5650 3722 5713 τῇ
