3914 6332
186 373 332 438 1025

1607 375 2015 436 ΜΕΗΓΓΛΤΛ.

3219 392 3352 457 1026

193 494 567 562 πατριαρχικῇ
596 491 712 562 θείᾳ
744 494 1149 561 μεγαλειότητι,
1180 496 1348 558 οὐδεὶς
1389 496 1727 562 ἀποξενωθή-

1832 499 2083 550 tributam
2109 498 2270 551 obibit
2301 512 2392 564 pt‘n
2426 509 2572 564 parte
2596 513 2714 561 sua,
2757 513 2823 551 ne
2848 510 3152 555 sanctarum
3182 505 3347 557 cccle.

201 599 378 635 σεται.
411 583 472 634 Et
502 583 606 650 γὰρ
636 582 868 634 τοιοῦτόν
894 601 943 636 τι
971 585 1209 652 γένηται,
1242 588 1328 636 καὶ
1358 585 1445 638 τὸν
1485 585 1728 649 Ἀλεξαν-

199 671 388 740 δρείας
441 671 595 739 τυχὸν
659 671 1036 741 εὑρισκόμενον
1092 675 1167 733 είς
1219 673 1315 740 τὴν
1375 673 1480 723 τῶν
1534 673 1733 724 πόλεων

203 759 605 828 βασιλεύουσαν,
635 759 738 811 τῶν
765 762 1165 829 πατριαρχικῶν
1206 762 1508 828 προνομίων
1537 763 1732 825 ἀποξε-

202 848 367 900 νὼσει
395 865 495 910 τις,
522 849 602 900 ὄτι
627 849 765 900 κατά
786 851 882 915 τὴν
911 851 1109 901 οίκείαν
1133 848 1340 914 ὲνορίαν
1362 850 1418 899 οὐ
1455 849 1731 915 πάρεστιν,

204 937 490 1004 ἁχρειώσει
521 937 613 1006 τὴν
639 937 871 1006 κεφαλὴν
892 938 964 998 ὡς
989 938 1352 1002 κωφεύουσαν,
1377 938 1408 1004 ἢ
1434 937 1732 988 ἁδλεπτοῦ-

204 1044 323 1089 σαν,
352 1029 440 1079 καὶ
467 1028 570 1080 ὑπὸ
591 1030 876 1096 τεττάρων,
926 1028 956 1094 ἢ
1011 1028 1099 1079 καὶ
1149 1027 1308 1096 τριῶν
1355 1027 1733 1095 διεξαγομένην

205 1116 523 1183 αἰσθήσεων.
551 1115 646 1167 Διά
673 1114 871 1181 ταύτην
904 1116 999 1179 τὴν
1024 1115 1218 1172 αἰτίαν,
1245 1115 1317 1172 ὠς
1345 1114 1502 1174 ἔοικε,
1536 1130 1730 1180 προτε-

201 1205 444 1256 τύπωται
501 1202 888 1274 προϐάλλεσθαι
953 1202 1091 1254 κατὰ
1124 1201 1182 1252 τὸ
1226 1201 1592 1268 ἀπαραίτητον
1639 1201 1732 1252 καὶ

203 1295 328 1355 τοὺς
359 1294 430 1362 μὴ
465 1293 680 1362 ἔχοντας
719 1291 1052 1360 πατριάρχας
1103 1290 1223 1351 τοὺς
1255 1289 1732 1356 ἀποκληρωθέντας

205 1382 386 1442 αὐτοῖς
412 1381 594 1447 ἁγίους
614 1379 949 1447 θρόνους,διά
975 1377 1069 1446 τὴν
1096 1378 1386 1447 ἐπιδρομὴν
1415 1376 1520 1427 τῶν
1543 1376 1726 1438 ὲθνῶν,

205 1470 296 1520 τὸν
328 1467 648 1536 Ἀντιοχείας
677 1466 876 1518 καὶτὸν
912 1464 1288 1532 Ἰεροσολύμων
1321 1466 1484 1532 φημί.

1830 589 2028 640 siarum
2062 589 2333 654 privilegia
2360 588 2792 641 confundantur:
2826 605 2922 641 nec
2949 598 3125 643 tamen
3146 591 3352 646 honore

1831 689 2089 728 concesso
2124 677 2399 740 divinitus,
2433 678 2640 730 datisve
2679 677 2975 745 antiquitus
3011 680 3354 745 patriarchali

1834 775 2000 814 sacra:
2028 762 2362 829 amplitudini
2408 752 2621 829 juribus
2644 799 2658 822 ,
2693 763 2960 829 quispiam
3014 765 3353 829 spoliabitur.

1836 849 2038 918 Quippe
2080 852 2124 904 si
2158 852 2264 905 tale
2293 852 2420 919 quid
2455 853 2790 912 usuvenerit,
2844 859 2895 903 ct
2938 852 3356 905 Alexandrinum

1839 942 2004 1007 (verbi
2040 943 2220 1011 causa)
2253 943 2305 996 in
2335 945 2466 996 urbe
2510 945 2854 1011 imperatrjce
2913 955 3357 1005 commorantem,

1837 1030 2127 1098 privilegiis
2205 1032 2651 1097 patriarchalibus
2731 1041 3007 1100 pr0pterea
3085 1035 3356 1100 quispiam

1837 1116 2166 1184 spoliaverit,
2197 1119 2337 1184 quod
2357 1135 2462 1172 non
2487 1119 2642 1188 degat
2666 1121 2716 1172 in
2740 1121 3012 1187 provincia
3040 1134 3134 1173 sua
3164 1138 3177 1178 :
3200 1131 3362 1187 caput

1835 1206 2006 1273 ipsum
2038 1207 2227 1260 inutile
2248 1209 2453 1266 reddet.
2475 1217 2723 1275 tanquam
2755 1210 3001 1272 surdum,
3024 1211 3109 1260 vel
3137 1224 3361 1270 caecum,

1835 1301 1886 1344 et
1917 1301 2166 1359 quatuor.
2199 1301 2290 1345 aut
2341 1296 2509 1348 tribus
2544 1294 2804 1347 duntaxat
2859 1296 3110 1348 sensibus
3172 1297 3362 1363 pracdi-

1837 1387 1968 1432 tum.
1997 1381 2074 1434 Ob
2103 1382 2239 1434 hanc
2293 1383 2461 1448 ipsam
2495 1397 2737 1442 causam,
2778 1397 2873 1435 ceu
2919 1383 3062 1434 credi
3132 1398 3226 1450 par
3263 1394 3362 1444 est,

1831 1469 2144 1534 jamdudum
2181 1471 2447 1522 sancitum
2486 1478 2588 1535 est,
2631 1481 2681 1523 ut
2719 1471 2857 1523 haud
2897 1472 3057 1523 dubie
3111 1487 3203 1537 per
3252 1473 3362 1524 elc-

206 1558 435 1610 ctionem
495 1557 843 1607 instituantur
887 1555 1047 1606 etiam
1108 1554 1142 1605 ii
1211 1554 1564 1620 patriarchae,
1633 1554 1723 1622 qui
1761 1558 2046 1624 caateroqui
2082 1572 2262 1611 sacros
2287 1559 2385 1611 sibi
2413 1559 2709 1611 destinatos
2786 1559 3030 1619 thronos,
3093 1559 3161 1611 ob
3205 1574 3360 1626 paga-

205 1661 398 1700 norum
428 1646 649 1699 hostiles
673 1645 944 1706 incursus,
992 1643 1131 1696 haud
1165 1644 1469 1708 possident:
1506 1645 1897 1712 Antiochenus,
1938 1647 2176 1714 inquam,
2220 1655 2273 1700 et
2311 1647 2847 1714 Hierosolymitanus.

272 1735 389 1787 Κᾶν
420 1733 522 1802 γὰρ
547 1728 851 1800 ἐξώσθησαν
885 1735 981 1801 τῆς
1001 1731 1155 1798 δόξης
1179 1731 1284 1782 τῶν
1308 1731 1508 1799 θρόνων
1535 1732 1731 1793 αὐτῶν,

1902 1733 2099 1796 Quavis
2127 1735 2267 1789 enim
2297 1737 2463 1803 gloria
2513 1737 2827 1787 thronoruut
2870 1749 3088 1787 suorum
3127 1749 3221 1801 per
3259 1739 3362 1784 vim

206 1824 320 1876 ἀλλ’
358 1825 389 1893 ἡ
450 1822 790 1890 πνευματικὴ
821 1822 1001 1890 χάρις
1039 1822 1177 1874 κατά
1204 1822 1294 1873 τὸν
1324 1821 1504 1881 Δαὸὶδ,
1538 1822 1596 1872 οὐ
1629 1839 1733 1874 πα-

205 1915 573 1981 λαιωθήσεται.
601 1913 751 1977 Ἥξει
779 1912 834 1964 δὲ
859 1912 1052 1980 μᾶλλον
1073 1913 1099 1963 ὁ
1122 1911 1247 1970 Θεὸς
1281 1911 1431 1978 ἡμῶν
1461 1910 1734 1977 ἐμφανῶς,

206 2004 303 2056 καὶ
354 2003 410 2053 οὐ
457 2002 965 2069 παρασιωπήσεται·
1025 2000 1098 2060 ὡς
1129 2002 1401 2066 συναγάγῃ
1435 1997 1579 2066 αὑτῷ
1609 2000 1734 2058 τοὺς

208 2093 383 2152 ὁσίους
407 2091 589 2154 αὐτοῦ,
644 2091 765 2151 τοὺς
797 2088 1190 2156 διατιθεμένους
1225 2089 1322 2155 τὴν
1355 2087 1612 2154 διαθήκην
1637 2088 1737 2138 αὐ-

207 2182 324 2235 τοῦ.
357 2179 766 2249 Φιλοφρονητέον
797 2178 971 2230 τοίνυν
991 2179 1114 2238 τοὺς
1162 2175 1600 2240 ἁποξενωθέντας
1632 2193 1736 2228 πα·

210 2273 469 2341 τριάρχας
493 2273 554 2320 ὲκ
579 2268 683 2320 τῶν
739 2269 1050 2335 ἁγιωτάτων
1101 2269 1398 2335 ἐκκλησιῶν
1421 2269 1615 2330 αὐτῶν,
1645 2269 1736 2320 καὶ

211 2357 526 2424 ὑπερορίους
562 2356 898 2425 καθημένους
955 2357 1033 2418 είς
1068 2355 1249 2423 ἑτέρου
1305 2355 1631 2424 πατριάρχου
1661 2357 1738 2407 δι-

207 2446 436 2512 οίκησιν,
464 2445 552 2497 καὶ
575 2444 647 2512 μὴ
664 2444 1002 2512 ἁτιμαστέον.
1030 2445 1413 2497 Κεκανόνισται
1433 2444 1535 2511 γάρ
1558 2460 1736 2513 παρα-

209 2531 482 2584 καλεῖσθαι
561 2531 811 2594 τούτους,
891 2531 984 2582 καὶ
1049 2532 1226 2600 πάσης
1271 2531 1582 2598 ἐπιμελείας
1642 2534 1736 2583 καὶ

211 2617 469 2685 ὑποδοχῆς
495 2618 786 2682 ἀξιοῦσθαι,
819 2619 879 2670 οὑ
912 2617 1014 2687 μὴν
1042 2617 1348 2685 ὑϐρίζεσθαι
1393 2619 1477 2670 διὰ
1505 2619 1601 2686 τὴν
1629 2618 1736 2669 τῶν

210 2707 540 2774 πραγμάτων
573 2706 912 2774 ἀνωμαλίαν,
967 2707 1173 2774 θρήνων
1223 2707 1376 2769 ἀξίαν
1429 2707 1609 2769 οὖσαν,
1647 2709 1738 2759 καὶ

213 2792 288 2862 μὴ
304 2793 612 2854 ἀλαζονείας
636 2794 969 2861 γεννήτριαν.
988 2787 1119 2844 Εἶτα
1141 2793 1246 2844 τῶν
1268 2792 1421 2845 θείων
1446 2795 1537 2845 καὶ
1571 2795 1736 2860 ἁγίων

209 2884 437 2953 Γραφῶν
486 2882 576 2934 καὶ
608 2883 712 2934 τῶν
751 2883 1034 2950 Πατρικῶν
1080 2875 1417 2950 παραδόσεων
1444 2899 1738 2951 κατονομα-

210 2971 416 3035 ζουσῶν
449 2973 638 3025 Πάπαν
661 2972 748 3025 τὸν
771 2972 1061 3023 ἐπίσκοπον
1101 2971 1334 3040 Ῥώμης,
1361 2971 1616 3034 ὡσαύτως
1644 2973 1735 3024 καὶ

1833 1823 2166 1887 exciderunt,
2215 1835 2388 1878 tamen
2457 1825 2748 1891 spiritualis
2817 1825 3009 1892 gratia,
3064 1822 3357 1875 secundum

1833 1911 2106 1971 Davidém,
2155 1928 2258 1965 non
2295 1913 2579 1965 exolescet.
2617 1913 2723 1964 lmo
2775 1913 2950 1978 potius
2999 1911 3172 1963 veniet
3224 1911 3362 1963 Deus

1834 2007 2018 2049 noster
2064 1999 2369 2060 manifesto,
2427 2014 2524 2052 nec
2587 1999 2858 2062 silebitur;
2897 2009 2950 2050 ut
2994 2000 3210 2064 colligat
3261 1999 3362 2050 silli

1833 2095 2050 2138 sanctos
2089 2102 2234 2147 suos,
2283 2089 2373 2154 qui
2417 2095 2790 2140 testamentum
2837 2088 3004 2152 ipsius
3053 2086 3361 2152 disponunt.

1835 2173 2016 2242 Itaque
2063 2175 2449 2242 complectendi
2494 2181 2617 2226 sunt
2665 2182 2904 2226 amanter
2952 2175 2986 2226 ii
3023 2174 3360 2240 patriarclur.

1833 2263 1923 2331 qui
1983 2264 2337 2317 sanctissimis
2388 2261 2644 2317 Ecclesiis
2701 2265 2812 2317 suis
2863 2264 3074 2331 spoliati
3116 2268 3262 2325 sunt,
3312 2269 3363 2312 rt

1835 2353 2047 2405 exsules
2088 2353 2138 2403 in
2165 2353 2384 2404 alterius
2419 2352 2730 2418 patriarcha:
2758 2352 2977 2404 ditecesi
3007 2352 3224 2419 degunt,
3263 2353 3363 2400 mi-

1836 2441 2082 2507 nimeque
2141 2440 2478 2499 contumeliis
2526 2438 2804 2492 alliciendi.
2843 2438 3048 2507 Quippe
3100 2440 3362 2490 sancitum

1835 2529 2130 2581 canonibus
2170 2535 2271 2590 est,
2311 2535 2368 2579 ut
2419 2542 2512 2580 eos
2553 2528 2907 2590 consolemur,
2955 2539 3006 2580 et
3041 2527 3185 2579 omni
3234 2539 3362 2578 cura

1843 2618 2284 2685 susceptioneque
2351 2617 2644 2683 lignemur;
2684 2630 2788 2668 non
2833 2615 3043 2682 injuriis
3074 2613 3364 2666 afﬁciamus

1835 2706 1903 2759 ob
1933 2719 2109 2757 rerum
2169 2705 2521 2756 humanarum
2598 2704 3035 2764 inconstantiam,
3104 2717 3222 2769 quas
3285 2701 3363 2752 la-

1835 2794 2031 2862 crymis
2070 2793 2246 2861 potius
2276 2800 2357 2846 est
2395 2793 2574 2860 digna,
2609 2806 2770 2860 quam
2809 2799 2866 2844 ut
2910 2791 3250 2844 insolentiam
3287 2791 3363 2857 gi-

1837 2897 1997 2949 gnere
2053 2883 2260 2934 debeat.
2310 2882 2570 2934 Caeterum
2617 2896 2738 2934 cum
2787 2895 2953 2934 sacra:
2991 2880 3221 2942 Litterm,
3262 2878 3364 2932 Pa-

1841 2977 2088 3036 trumque
2107 2971 2439 3027 traditiones.
2458 2970 2762 3038 episcopum
2787 2969 3081 3022 Romanum
3102 2970 3364 3037 appellent

203 3063 299 3114 τὸν
338 3061 723 3130 Ἀλεξανδρείας
747 3077 759 3089 ·
785 3061 916 3113 ἀλλὰ
949 3062 1050 3129 μὴν
1081 3063 1168 3112 καὶ
1201 3061 1288 3111 τὸν
1316 3063 1731 3113 Κωνσταντινου-

1836 3073 2057 3125 papam;
2095 3057 2382 3124 itidemque
2408 3058 2846 3119 Alexandrinum,
2871 3067 2921 3110 et
2950 3059 3121 3126 ipsum
3153 3073 3364 3126 quoque

208 3147 434 3214 τίόλεως,
458 3150 551 3203 καὶ
576 3151 662 3202 τὸν
693 3151 1088 3219 Ἱεροσολύμων,
1123 3150 1571 3216 άρχιεπισκόπους
1597 3167 1609 3180 ·
1644 3151 1736 3217 μό-

209 3257 295 3293 νον
319 3241 375 3292 δὲ
414 3241 503 3291 τὸν
547 3239 886 3306 Ἀντιοχείας,
925 3241 1282 3305 πατριάρχην.
1322 3239 1448 3298 Πῶς
1482 3239 1586 3288 τῶν
1621 3239 1738 3288 Ἀν·

204 3329 424 3398 τιοχέων
467 3331 500 3397 ἡ
560 3327 814 3396 ἐκκλησία
867 3328 961 3395 οὐχ
1004 3326 1334 3394 ὑθριοπαθεῖ,
1401 3328 1735 3393 μανθάνουσα

207 3419 300 3469 καὶ
327 3419 446 3479 τοὺς
479 3416 710 3478 λοιποὺς,
737 3417 1070 3485 πατριάρχας
1097 3417 1578 3485 ἁνακηρύττεσθαι;
1607 3419 1736 3469 πάν·

203 3524 314 3569 τως
362 3507 448 3560 διά
472 3506 568 3573 τὴν
596 3505 893 3574 ταυτότητα
922 3507 1020 3572 τῆς
1053 3506 1232 3572 τιμῆς,
1290 3509 1381 3557 καὶ
1405 3506 1490 3557 διά
1533 3507 1592 3557 τὸ
1641 3509 1734 3557 ὲπ-

207 3596 350 3663 ιχειν
378 3596 500 3657 τοὺς
533 3589 690 3647 πὲντι
715 3595 1051 3662 πατριάρχας
1087 3593 1247 3644 τόπον
1279 3593 1375 3658 τῆς
1413 3595 1537 3659 μιᾶς
1571 3609 1736 3660 κεφα-

207 3679 303 3747 λῆς
329 3678 420 3731 τοῦ
447 3677 719 3747 σώματος,
750 3677 944 3746 δηλαδὴ
968 3679 1070 3729 τῶν
1093 3678 1258 3743 ἁγίων
1287 3677 1616 3746 Ἐκκλησιῶν
1642 3679 1732 3731 τοῦ

204 3768 359 3822 Θεοῦ.

284 3857 436 3908 Ἐπεὶ
464 3858 519 3908 δέ
574 3875 714 3918 τινες
748 3857 958 3923 λέγουσι
993 3857 1154 3924 μηδὲν
1204 3851 1339 3908 εἶναι
1363 3857 1423 3908 τδ
1468 3858 1730 3926 ἐμποδὼν,

203 3948 300 4001 καὶ
323 3949 442 4009 τοὺς
470 3948 741 4015 ἑκασταχῆ
773 3946 1249 4016 ἁρχιερατεύοντας
1299 3945 1437 3997 οὕτω
1478 3949 1732 4014 τιμᾶσθαι

201 4036 298 4086 καὶ
350 4034 758 4102 μεγαλύνεσθαι.
823 4035 929 4086 Καὶ
993 4028 1135 4086 οὗτοι
1196 4049 1300 4098 γαρ
1356 4032 1730 4085 διδασκαλικοῦ

201 4123 502 4190 ἀξιώματος
527 4123 901 4190 κατηξίωνται,
930 4123 1017 4175 καὶ
1041 4123 1178 4174 κατά
1207 4124 1402 4175 Μωσέα
1426 4124 1514 4172 καὶ
1530 4121 1734 4190 ’Λαρὼν

195 4197 283 4276 είς
309 4216 372 4265 τὰ
393 4213 522 4280 ἁγια
536 4214 641 4264 τῶν
666 4214 832 4280 ἁγίων
851 4215 1127 4281 ἑστήκασι,
1160 4214 1252 4266 καὶ
1274 4213 1370 4281 τὴν
1405 4213 1733 4279 ἀναίμακτον

199 4302 388 4355 θυσίαν
415 4302 791 4372 προσφέρουσι.
831 4302 1029 4370 Φαμὲν,
1063 4302 1135 4363 ὡς
1174 4303 1277 4354 ἀπὸ
1319 4301 1422 4353 τῶν
1463 4301 1616 4352 θείων
1643 4302 1732 4352 καὶ

1835 3146 2509 3212 Constantinopolitanum,
2566 3163 2625 3199 ac
2670 3145 3228 3215 Hierosolymitauum,
3279 3162 3363 3199 ar-

1834 3237 2236 3304 chiepiscOpos;
2292 3237 2464 3289 solum
2516 3251 2639 3288 vero
2697 3237 3081 3290 Antiochenum
3136 3238 3361 3304 patriar-

1833 3327 1988 3379 cham
2019 3342 2030 3376 :
2066 3327 2152 3393 qui
2181 3325 2291 3379 fieri
2321 3335 2512 3394 potest,
2545 3335 2602 3378 ut
2633 3326 2961 3380 Antiochena
3001 3328 3225 3380 ecclesia
3255 3342 3362 3380 non

1833 3415 2065 3482 patiatur
2105 3415 2377 3480 iniuriam,
2422 3429 2538 3482 qure
2594 3414 2872 3482 intelligat,
2917 3414 3149 3482 reliquos
3201 3416 3360 3468 etiam

1834 3505 2043 3570 publice
2087 3503 2189 3554 dici
2239 3503 2607 3569 patriarchas?
2642 3502 2870 3555 Omnino
2911 3503 2965 3554 fit
3003 3504 3101 3555 hoc
3148 3511 3363 3569 propter

1832 3593 2163 3646 identitatcm
2193 3593 2432 3654 honoris,
2466 3600 2517 3645 et
2544 3593 2682 3660 quod
2713 3593 2762 3644 hi
2787 3594 3025 3659 quinque
3045 3593 3362 3657 patriarcha:

1831 3682 2000 3734 vicem
2053 3683 2211 3734 unius
2265 3683 2456 3750 capitis
2509 3683 2743 3736 universi
2787 3683 3028 3749 corporis
3065 3683 3358 3744 obtineant,

1832 3776 2139 3820 sanctarqu
2163 3766 2408 3821 videlicet
2435 3767 2796 3820 Ecclesiarum
2832 3768 2946 3821 Dei.

1899 3856 2032 3920 Quia
2060 3871 2184 3911 vero
2213 3857 2428 3924 quidam
2469 3857 2772 3924 perhibent,
2800 3856 2931 3909 nihil
2965 3871 3085 3910 esse
3133 3856 3358 3923 impedi-

1832 3956 2038 4006 mento,
2121 3947 2408 4013 quominus
2491 3946 2666 3998 ubivis
2716 3946 2994 3998 constituti
3053 3947 3356 4013 pontiticcs.

1831 4038 2014 4088 eodem
2063 4051 2181 4087 cum
2251 4036 2570 4102 patriarchis
2637 4036 2840 4089 honore
2904 4037 3356 4103 amplitudinequo

1831 4124 2094 4186 fruantur,
2156 4139 2273 4176 cum
2322 4134 2375 4178 et
2433 4125 2532 4191 ipsi
2586 4125 2809 4177 docendi
2855 4125 3165 4190 dignitatem
3219 4126 3355 4176 nacti

1832 4219 1979 4274 sunt,
2019 4218 2070 4263 et
2100 4211 2340 4278 exemplo
2381 4208 2540 4263 Mosis
2569 4217 2622 4263 et
2659 4209 2887 4262 Aaronis
2923 4210 2974 4261 in
3005 4209 3205 4261 sanctis
3236 4223 3359 4260 Sau-

1831 4309 2036 4354 ctorum
2079 4303 2395 4359 consistant.
2435 4301 2882 4364 incruentamque
2927 4298 3195 4351 victimam
3225 4296 3356 4348 offe-

194 4391 358 4459 ιερῶν
390 4365 636 4441 κανόνων-
661 4391 837 4456 μόνοις
862 4365 969 4451 sol;
1002 4390 1354 4459 πατριάρχαις
1386 4391 1731 4456 πεφιλοτίμη-

1833 4398 1989 4443 rant:
2017 4391 2401 4456 respondemus
2425 4403 2516 4456 per
2541 4388 2751 4442 divinos
2774 4401 3066 4455 sacrosque
3100 4400 3353 4443 canones,

191 4496 284 4529 ται
336 4480 434 4542 τῆς
487 4480 805 4545 οἰκουμένης
859 4479 924 4529 τά
982 4471 1232 4544 κλίματά,
1271 4478 1574 4528 Κὰντεῦθεν
1613 4479 1731 4529 οὐδὲ

191 4568 308 4637 ἔχει
347 4585 424 4629 τις
451 4568 632 4637 ἔτερος
663 4569 844 4635 οίκείῳ
874 4567 1061 4635 δικαίῳ
1085 4567 1313 4634 ὲνορίαν,
1349 4567 1378 4634 ἢ
1406 4567 1530 4618 ἄλλο
1567 4584 1619 4617 τι
1651 4568 1728 4619 δί-

191 4670 349 4704 καιον
383 4653 675 4722 ίερατικόν·
706 4653 816 4705 ἀλλ’
839 4655 1008 4705 ἐκεῖνο
1056 4655 1146 4704 καὶ
1173 4655 1328 4721 μόνον
1354 4654 1412 4705 τὸ
1441 4656 1602 4722 μέρος
1635 4655 1730 4720 τῆς

186 4735 529 4810 διοικήσεως’
561 4743 843 4810 ίερατικῶς
881 4744 1106 4809 ἐνεργεῖ,
1142 4743 1200 4793 τὸ
1229 4743 1376 4795 δοθὲν
1404 4745 1551 4812 αὐτῴ
1583 4744 1732 4811 παρά

188 4830 292 4892 τῆς
345 4830 740 4899 πατριαρχικῆς
802 4829 946 4891 θείας
982 4830 1408 4898 μεγαλειότητος.
1455 4833 1614 4883 Ὅθεν
1655 4833 1728 4892 ὡς

189 4915 812 4986 ἁποστελλόμενοι’παρά
845 4919 1208 4987 πατριαρχῶν,
1241 4921 1332 4971 καὶ
1359 4919 1728 4987 ἀναπληροῦν-

185 5017 283 5064 τες
314 5002 402 5054 τὸν
423 5005 584 5056 τόπον
611 5005 716 5058 τῶν
747 5005 901 5057 θείων
930 5007 1022 5058 καὶ
1052 5007 1216 5071 ἁγίων
1248 5007 1572 5072 ἀποστόλων,
1592 5010 1726 5058 ἁπο-

189 5091 451 5144 στολικῶν
512 5093 607 5160 μὲν
645 5096 950 5163 προνομίων
1010 5095 1260 5164 ἠξίωνται
1305 5097 1578 5164 (δεσμοῦσι
1620 5097 1724 5164 γάρ

187 5178 281 5229 καὶ
312 5179 494 5236 λύουσι
525 5185 642 5235 κατ’
667 5185 861 5245 αὐτοὺς
887 5185 978 5235 καὶ
997 5187 1325 5254 χειροτονίας
1350 5186 1578 5250 ποιοῦσι,
1635 5187 1727 5239 καὶ

180 5264 284 5332 τὴν
321 5269 648 5338 ἀναίμακτον
704 5272 910 5338 θυσίαν,
943 5274 1292 5343 προσάγουσι)
1326 5276 1726 5346 πατριαρχικῶν

186 5359 244 5411 δὲ
277 5359 497 5413 δικαίων
518 5364 579 5414 οὐ
607 5364 984 5430 κατηξίωνται.
1012 5363 1146 5416 Οὔτε
1190 5367 1295 5433 γὰρ
1322 5367 1573 5430 σάκκους,
1601 5364 1723 5417 οὔτε

188 5447 558 5517 πολυσταύρια
586 5453 972 5506 ὲνδιδύσκονται
996 5471 1010 5485 ο
1041 5452 1160 5506 οὔτε
1215 5457 1348 5523 μετά
1390 5455 1724 5524 γραμμάτων

188 5540 284 5591 καὶ
307 5543 606 5607 τριγωνίων
631 5546 894 5613 στιχάρια.
930 5543 1109 5596 Ταῦτα
1137 5545 1191 5598 δὲ
1217 5545 1356 5597 οὕτω
1384 5547 1608 5612 γίνεται,
1646 5547 1724 5597 ὅτι

189 5629 284 5681 καὶ
310 5631 416 5684 τῶν
475 5633 639 5695 ἁγίων
671 5634 976 5687 ἀποστόλων
1029 5637 1062 5704 ἡ
1110 5635 1224 5686 θεῖα
1256 5638 1524 5706 ὁμήγυρις
1549 5637 1607 5688 τὸ
1634 5636 1724 5689 τοῦ

1830 4481 1960 4534 solis
2013 4479 2332 4548 patriarchis
2384 4494 2502 4531 esse
2561 4492 2848 4531 concessos
2897 4478 3043 4529 orbis
3095 4474 3355 4527 terrarum

1830 4575 2056 4620 tractus.
2094 4566 2243 4620 Unde
2271 4567 2346 4630 fit,
2378 4576 2434 4620 ut
2470 4567 2609 4619 alius
2653 4567 2918 4635 quispiam
2957 4580 3053 4618 suo
3078 4565 3198 4632 jure
3237 4579 3359 4632 pro-

1828 4657 2058 4708 vinciam
2089 4670 2189 4708 non
2223 4657 2430 4718 habeat,
2463 4657 2543 4709 vel
2576 4657 2717 4708 aliud
2748 4657 3030 4723 quodpiam
3055 4657 3144 4722 jus
3177 4669 3359 4706 sacer-

1827 4743 2003 4797 dotale
2037 4757 2051 4794 :
2081 4743 2174 4796 scd
2203 4744 2253 4793 in
2292 4757 2352 4795 ea
2385 4743 2642 4795 duntaxat
2670 4754 2816 4810 parte
2847 4742 3094 4796 dioecesis
3139 4756 3356 4794 munere

1829 4832 2144 4885 sacerdotali
2180 4830 2440 4899 fungitur,
2473 4847 2591 4897 qua:
2625 4831 2719 4896 ipsi
2756 4845 2783 4880 a
2825 4843 2976 4882 sacra
3010 4828 3355 4896 patriarchali

1829 4918 2176 4986 amplitudine
2210 4933 2464 4972 concessa
2497 4928 2595 4970 est.
2633 4916 2782 4968 Unde
2817 4918 2978 4968 veluti
3017 4918 3105 4984 qui
3140 4919 3359 4967 mittan-

1828 5019 1915 5064 tur
1944 5027 1969 5062 a
1994 5010 2333 5077 patriarchis.
2354 5015 2406 5061 et
2427 5009 2594 5060 vicem
2618 5007 2919 5058 divinorum
2943 5016 3357 5072 sanctorumque

1828 5099 2189 5166 apostolorum
2224 5098 2495 5165 impleant,
2529 5097 2818 5163 apostolica
2841 5097 3050 5163 quidem
3085 5094 3354 5161 privilegia

1825 5186 2103 5241 consecuti
2142 5195 2266 5239 sunt
2300 5187 2486 5254 (ligant
2520 5186 2661 5237 enim
2703 5192 2755 5238 et
2796 5185 3009 5236 solvunt
3057 5197 3147 5248 per
3183 5197 3261 5245 sc,
3294 5195 3360 5236 ac

1827 5275 2192 5328 ordinationes
2222 5271 2444 5333 faciunt,
2484 5279 2538 5324 et
2570 5271 2908 5323 incruentam
2957 5269 3185 5322 hostiam
3225 5269 3359 5322 olle-

1828 5363 2009 5432 runt),
2042 5373 2093 5416 at
2118 5361 2493 5431 patriarchalia
2524 5362 2646 5429 jura
2688 5375 2794 5413 non
2836 5360 3202 5414 obtinuerunt.
3249 5358 3358 5414 Nec

1827 5453 1971 5506 enim
1996 5453 2077 5506 vel
2102 5466 2311 5516 saccos,
2345 5452 2426 5504 vel
2465 5449 2686 5519 penulas
2716 5449 2896 5502 multis
2929 5450 3206 5517 insignitas
3237 5463 3359 5501 cru-

1827 5543 1980 5595 cibus
2001 5541 2252 5602 induunt,
2275 5555 2372 5593 nec
2391 5539 2601 5593 tunicas
2629 5537 2892 5606 frequenti
2928 5538 3100 5588 littera
3125 5549 3354 5600 gamma,

1836 5633 2218 5702 triangulisque
2253 5632 2513 5700 depictas.
2549 5630 2668 5683 lla-c
2713 5641 2885 5680 autem
2923 5629 2991 5680 ita
3037 5628 3182 5680 litant.
3218 5628 3355 5696 qtttizl
