3914 6332
171 353 327 420 1029

1639 365 1798 423 MED
1813 366 2055 430 lTA'l'.\.

3267 379 3405 444 1030

181 483 398 548 σθησαν
428 475 517 530 οὖν
541 479 588 529 οἱ
623 479 676 530 ὲν
700 475 918 540 ταύταις
961 480 1457 548 ἀρχιερατεύσντες,
1495 484 1737 552 ἁρχιεπί-

1845 497 2021 552 pterea
2051 487 2189 555 quod
2223 490 2273 542 in
2300 505 2413 542 ean;
2437 491 2645 558 imperii
2674 491 2899 546 Romani
2925 503 3136 564 sceptra
3167 494 3399 554 fuissent

181 585 413 625 σκοποι’
451 569 614 638 ἀρχαὶ
639 570 876 638 δηλονότι
905 571 995 620 καὶ
1018 570 1246 634 κεφαλαὶ
1278 571 1485 622 πολλῶν
1523 575 1742 624 ἐπισκό-

181 680 325 716 πων.
359 663 563 714 Ταὺτὸν
591 662 647 714 δέ
674 663 817 713 ἐστιν
859 662 1050 724 εἰπεῖν,
1083 663 1316 728 Πατέρες
1356 663 1448 715 καὶ
1481 665 1743 733 πατριάρ-

181 771 304 822 χαι.
348 755 440 805 Ἐκ
468 753 656 805 τούτου
700 752 756 804 δὲ
785 753 1015 819 διαφορά
1047 770 1128 814 τις
1154 754 1251 804 οὐκ
1283 753 1397 805 ἐστι
1455 756 1614 822 μέσον
1648 757 1742 807 αὑ-

179 845 318 913 τῷν.
382 843 438 894 '0
462 841 568 911 γὰρ
597 844 782 911 πατὴρ
810 840 903 892 τοῦ
937 840 1120 902 ἔθνους
1166 841 1316 892 τοῦδε
1346 841 1530 910 τυχὸν,
1559 844 1741 910 πατήρ

183 935 304 986 ἔστι
336 937 426 985 καὶ
460 933 735 1001 ἱερατικῆς
766 932 936 1000 φυλῆς
968 933 1061 983 καὶ
1097 930 1308 999 λαϊκῆς,
1365 932 1440 993 ὡς
1489 934 1517 984 ὁ
1548 933 1741 985 Ἰακὼϐ

182 1027 297 1079 τῶν
326 1027 390 1092 ιβ’
433 1025 612 1091 φυλῶν
651 1025 885 1094 Ἰσραήλ.
921 1024 1027 1076 Καὶ
1055 1024 1232 1091 ἄρχων
1263 1022 1592 1086 ἐπισκόπων,
1655 1024 1741 1088 ἑξ-

179 1118 430 1188 ανᾴγιιης
460 1117 573 1168 ἐστὶ
606 1116 784 1185 πατὴρ
814 1116 904 1167 καὶ
931 1116 1242 1167 ἐπισκόπων
1265 1115 1358 1168 καὶ
1389 1114 1613 1168 λαῖκῶν’
1637 1118 1663 1167 ὁ
1684 1116 1740 1167 δὲ

181 1208 407 1270 Γοτθίας
435 1209 494 1260 οὐ
523 1207 762 1259 καλεῖται
791 1207 1217 1275 ἀρχιεπίσκοπος
1241 1247 1255 1268 ,
1304 1207 1379 1268 ὼς
1413 1206 1594 1276 ἄρχων
1622 1209 1740 1258 ἑπι-

185 1297 404 1349 σκόπων
437 1297 529 1348 καὶ
579 1293 892 1364 προόολεὺς,
955 1293 1066 1346 ἀλλ’
1111 1295 1185 1355 ὡς
1217 1293 1357 1362 ἀρχὴ
1408 1295 1737 1348 ἐπισκόπων.

193 1387 419 1455 Ὠρίσθη
449 1387 557 1456 γὰρ
608 1386 758 1454 παρὰ
788 1385 892 1437 τῶν
926 1385 1095 1450 ἁγίων
1156 1384 1436 1453 Πατέρων,
1482 1384 1582 1445 τὰς
1641 1385 1740 1453 μὲν

186 1477 412 1547 ἐχούσας
452 1477 743 1544 διοικήσεις
783 1475 981 1536 πολλὰς
1014 1475 1217 1538 πόλεις,
1279 1475 1380 1526 ὑπὸ
1429 1474 1740 1527 ἐπισκόπων

183 1566 632 1635 κυϐερνωμένας,
703 1566 852 1632 παρὰ
913 1564 1317 1633 μητροπολιτῶν
1377 1563 1737 1632 διεξάγεσθαι,

185 1654 280 1718 οὓς
325 1656 415 1708 καὶ
445 1654 690 1723 πρώτους
715 1654 762 1704 oi
807 1653 1026 1714 κανόνες
1055 1651 1408 1719 ὀνομάζουσι’
1445 1653 1542 1715 τὰς
1575 1653 1630 1705 δὲ
1666 1654 1738 1722 μὴ

187 1745 414 1815 ἐχούσας
448 1745 535 1812 ὑφ’
587 1744 787 1804 ἑαυτὰς
837 1743 1019 1802 πόλεις
1065 1743 1217 1804 τινὰς
1271 1743 1375 1795 ὑπὸ
1427 1743 1739 1795 ἐπισκόπων

189 1836 524 1902 ίθυνομένας,
547 1833 695 1903 παρὰ
715 1833 1154 1901 ἀρχιεπισκόπων
1177 1832 1546 1900 ίερατεύεσθαι
1566 1850 1581 1862 ο
1601 1832 1737 1885 ὥστε

188 1927 516 1991 μειονεκτεῖν
551 1925 647 1991 μὲν
702 1922 868 1985 αὑτὰς
923 1922 1030 1973 τῶν
1068 1921 1472 1991 μητροπόλεων,
1511 1922 1739 1991 ὑπερτε-

189 2016 303 2081 ρεῖν
323 2014 377 2065 δὲ
402 2015 506 2065 τῶν
537 2013 867 2065 ἐπισκόπων.
901 2011 1054 2066 Οὕτω
1085 2011 1336 2081 λυθείσης
1358 2013 1469 2065 καὶ
1500 2013 1596 2082 τῆς
1631 2029 1740 2065 τοι-

186 2105 353 2172 αύτης
384 2103 725 2171 ἀμφιὸολίας,
776 2102 966 2172 ήθελον
998 2105 1191 2164 εἰπεῖν,
1225 2104 1346 2154 ὅτου
1379 2103 1538 2172 χάριν
1573 2105 1600 2154 ὁ
1636 2103 1741 2155 πά-

187 2213 295 2256 πας
340 2194 553 2263 Ῥώμης
576 2195 946 2262 οίκουμενικδς
993 2195 1178 2255 πάπας
1222 2194 1458 2261 λέγεται,
1483 2193 1740 2255 ὡσαύτως

185 2288 279 2338 καὶ
307 2287 334 2335 ὁ
363 2284 788 2352 ἀρχιεπίσκοπος
819 2282 1457 2344 Κωνσταντινουπόλεως,
1484 2283 1738 2350 οίκουμε-

185 2372 332 2434 νικος
387 2373 768 2441 πατριάρχης·
822 2371 871 2423 oi
910 2372 966 2423 δὲ
1025 2371 1201 2423 λοιποὶ
1241 2374 1611 2441 πατριάρχαι,
1647 2373 1740 2425 καὶ

183 2460 356 2514 ταῦτα
384 2460 484 2528 τῆς
510 2461 677 2527 αὐτῆς
703 2459 852 2521 ὄντες
883 2459 1109 2524 τάξεως,
1163 2459 1404 2530 κλήσεώς
1437 2477 1495 2512 τε
1542 2460 1633 2513 καὶ
1661 2478 1741 2512 τι-

190 2551 314 2619 μῆς,
348 2552 440 2603 καὶ
471 2549 668 2619 ταύτης
701 2551 798 2602 οὐκ
823 2549 1011 2618 ἔτυχον
1040 2550 1137 2618 τῆς
1155 2550 1555 2620 ἀνακηρύξεως,
1591 2551 1740 2602 Ἐπεὶ

186 2643 243 2696 δὲ
277 2642 365 2694 τὸν
400 2642 497 2712 μὲν
536 2643 722 2696 πάπαν
770 2642 829 2695 τὸ
858 2641 958 2711 τῆς
1015 2643 1298 2710 φιλαυτίας
1342 2642 1613 2711 δαιμόνιον
1640 2641 1740 2710 τῆς

185 2736 294 2789 τῶν
327 2735 524 2787 λοιπῶν
558 2736 871 2802 ἁγιωτάτων
906 2735 1254 2804 πατριαρχῶν
1287 2734 1595 2800 ἀπέστησεν
1641 2734 1740 2802 ὁμ-

186 2831 452 2899 ηγύρεως,
477 2829 570 2882 καὶ
603 2830 680 2890 είς
711 2829 876 2897 μόνην
904 2828 999 2898 τὴν
1013 2829 1170 2880 Δύσιν
1194 2827 1591 2896 ὲστενοχὼρησε
1612 2844 1625 2858 ο
1652 2828 1739 2881 τὸν

183 2917 243 2968 δὲ
267 2919 888 2978 Κωνσταντινουπόλεως
951 2917 1134 2985 βλέπω
1165 2917 1348 2984 μηδενὶ
1400 2916 1506 2966 τῶν
1550 2933 1740 2985 προνο-

190 3007 325 3075 μίων
354 3008 445 3059 τοῦ
483 3009 639 3060 πάπα
667 3006 1176 3075 κατακοσμούμενον
1230 3004 1374 3075 (οὗτε
1404 3007 1510 3076 γὰρ
1533 3008 1608 3076 τῷ
1639 3007 1738 3076 τῆς

1844 576 2122 630 translata.
2159 579 2340 648 Itaque
2381 584 2598 634 unitatis
2657 585 2971 638 nominibus
3006 585 3193 638 harum
3231 590 3399 654 ponti-

1845 666 1972 719 [lces
2013 668 2142 721 dicti
2199 678 2325 721 sunt
2366 673 2786 740 archiepiscopi.
2833 675 2993 728 veluti
3038 677 3300 744 principia
3344 689 3398 730 et

1842 758 2018 826 capita
2047 761 2336 811 multorum
2371 762 2771 827 episcoporum.
2807 763 2962 828 Quod
3006 765 3145 817 idem
3178 769 3302 826 erit.
3335 782 3399 819 ac

1842 848 1886 901 si
1916 847 2140 908 dixeris,
2170 849 2358 903 Patres
2384 858 2436 901 ct
2462 853 2797 918 patriarchae.
2843 854 2995 908 Unde
3036 856 3241 908 nullum
3288 857 3397 909 exi-

1841 937 1933 990 Slil.
1958 936 2097 989 inter
2119 952 2213 991 eos
2246 937 2559 992 discriiren.
2603 939 2733 993 Nam
2777 943 2934 996 Pater
2965 942 3125 1010 hujus
3183 944 3395 998 illiusve

1842 1027 2034 1092 gentis,
2098 1035 2204 1079 tam
2252 1030 2622 1091 sacerdotalis,
2667 1047 2827 1099 quam
2876 1033 3024 1086 laicze
3087 1033 3261 1086 tribus
3315 1042 3399 1086 est

1841 1113 2017 1178 Pater,
2043 1118 2186 1170 sicut
2223 1116 2389 1170 Jacob
2428 1102 2709 1173 duodecim
2761 1121 2999 1176 tribuum
3053 1121 3284 1177 lsraelis.
3332 1125 3396 1178 Et

1844 1205 2093 1274 princeps
2132 1207 2528 1275 episcoporum,
2577 1214 2883 1265 necessario
2941 1212 3100 1268 Pater
3147 1226 3229 1269 est
3282 1225 3394 1269 tum

1841 1293 2238 1360 episcoporum,
2280 1303 2388 1346 tum
2429 1287 2709 1349 laicorum.
2761 1297 2992 1352 Gotthiae
3047 1301 3262 1368 quidem
3305 1319 3402 1354 an-

1842 1383 1991 1435 tistes
2024 1398 2130 1435 non
2174 1392 2459 1451 propterea
2495 1395 2718 1438 vocatur
2751 1388 3218 1458 archiepiscopus.
3254 1397 3395 1458 quod

1840 1470 2212 1539 episcoporum
2259 1474 2507 1540 princeps
2546 1485 2600 1526 et
2640 1474 2919 1528 crdinator
2955 1477 3061 1539 sit,
3128 1478 3221 1531 sed
3278 1488 3399 1530 tan:-

1839 1574 2000 1627 quam
2057 1561 2381 1630 principium
2419 1566 2825 1632 episc0porum.
2874 1566 3087 1636 Quippe
3135 1572 3339 1622 sanctis
3371 1586 3398 1620 a

1838 1647 2089 1705 Patribus
2118 1660 2200 1707 est
2224 1657 2512 1718 sancitum,
2537 1663 2597 1708 ut
2626 1672 2702 1710 eae
2737 1658 3019 1723 diteceses,
3056 1677 3173 1728 qua:
3205 1667 3401 1714 trinitas

1841 1740 2038 1795 habent
2078 1745 2240 1796 urbes
2283 1746 2383 1797 sub
2419 1747 2795 1814 episcoporum
2834 1752 3245 1818 gubernatione.
3279 1767 3401 1805 con-

1842 1834 2097 1894 stitutas,
2154 1848 2183 1885 a
2233 1836 2665 1902 metropolitanis
2728 1837 3213 1902 administrentur,
3265 1855 3400 1908 quos

1840 1923 2001 1981 etiam
2060 1924 2157 1989 ipsi
2196 1937 2432 1977 canones
2478 1927 2749 1993 appellant
2811 1929 3013 1995 primos
3063 1946 3076 1980 :
3121 1945 3239 1997 quae
3274 1945 3401 1983 veto

1842 2012 1942 2066 sub
1969 2028 2024 2065 se
2053 2028 2158 2066 non
2191 2014 2392 2068 habent
2433 2019 2594 2071 urbes
2625 2018 2855 2084 aliquas,
2898 2020 3272 2087 episcoporum
3314 2037 3396 2074 re-

1840 2101 2026 2172 gimini
2048 2103 2314 2166 subditas,
2343 2106 2781 2173 archiepiscopus
2804 2106 3033 2160 habeant
3065 2109 3344 2177 pontillces
3373 2125 3386 2162 :

1841 2199 1900 2243 ut
1925 2190 2213 2246 inferiores
2246 2194 2326 2245 hac
2354 2193 2570 2260 quidem
2611 2195 2721 2248 sint
2753 2197 3166 2266 metrOpolibus,
3202 2208 3254 2250 at
3284 2198 3400 2266 epi-

1841 2282 2148 2349 scopalibus
2195 2284 2530 2351 superiores.
2565 2285 2619 2338 in
2663 2287 2805 2339 hunc
2835 2289 3077 2347 modum,
3106 2287 3206 2341 hoc
3236 2287 3396 2341 etiam

1841 2371 2093 2438 ambiguo
2122 2371 2322 2432 soluto,
2357 2374 2606 2424 volebant
2627 2375 2873 2441 equidem
2893 2370 3090 2436 dicere,
3119 2378 3390 2443 quamob-

1841 2474 1952 2514 rem
2003 2477 2133 2528 papa
2172 2459 2448 2514 Romanus
2489 2464 2786 2528 appelletur
2833 2463 3153 2518 universalis
3216 2464 3396 2534 Papa,

1842 2550 2207 2617 similiterque
2245 2551 2743 2620 Constantinopolis
2776 2554 3260 2628 archiepiscopum.
3287 2557 3402 2609 uni-

1841 2640 2070 2693 versalis
2103 2643 2406 2708 patriarcha
2446 2658 2460 2693 :
2498 2656 2617 2696 cum
2665 2642 2859 2709 reliqui
2895 2643 3235 2709 patriarcha),
3279 2645 3402 2697 lit-et

1838 2730 2077 2797 ejusdem
2113 2732 2221 2784 sint
2259 2733 2485 2792 ordinis,
2520 2733 2898 2800 appellationis
2942 2741 2994 2783 ct
3041 2723 3284 2796 honoris,
3327 2734 3401 2786 ita

1842 2821 2165 2888 proclamari
2202 2837 2305 2873 non
2346 2822 2570 2884 soleant.
2627 2820 2730 2875 Sed
2781 2821 2998 2888 quando
3050 2837 3240 2891 papam
3285 2821 3393 2876 Ro-

1842 2928 2061 2966 manum
2094 2915 2267 2967 malus
2312 2914 2621 2967 ambitionis
2655 2915 2740 2968 ille
2772 2915 2963 2984 genius
2998 2931 3025 2967 a
3062 2917 3394 2984 reliquorum

1841 3003 2312 3067 sanctissimorum
2355 3005 2784 3071 patriarcharum
2823 3014 2966 3059 conn
2996 3006 3213 3068 avulsit,
3254 3006 3392 3060 etin

186 3097 459 3166 βασιλείας
515 3097 672 3168 λώρῳ
704 3097 845 3150 κατὰ
900 3096 958 3149 τδ
987 3098 1079 3150 τοῦ
1135 3099 1288 3164 ἁγίου
1325 3097 1734 3149 Κωνσταντίνου

1841 3092 2182 3147 Occidentem
2212 3095 2470 3147 duntaxat
2519 3097 2848 3161 coarctavit;
2895 3110 3017 3148 cum
3064 3097 3277 3149 interim
3316 3097 3401 3150 vi-

185 3188 534 3258 νομιζόμενον
570 3191 839 3258 θέσπισμα
882 3190 1300 3256 καταστέφεται,
1334 3187 1452 3241 οὔτε
1473 3188 1737 3242 κοκκοσα-

186 3279 312 3347 φέσι
343 3280 574 3342 πεδίλοις
612 3282 751 3333 κατᾶ
792 3281 851 3333 τὸ
895 3280 1141 3332 τυπωθὲν
1201 3279 1564 3348 θεατρίξεται,
1621 3280 1736 3332 ἀλλ’

183 3367 293 3420 οὐδ’
325 3369 494 3436 ἑτέρῳ
529 3370 802 3439 προνομίῳ
822 3371 916 3434 τῆς
947 3370 1181 3430 παλαιᾶς
1219 3369 1433 3439 Ῥώμης
1455 3362 1736 3439 κέχρηται,

188 3457 282 3507 καὶ
311 3455 394 3508 διὰ
422 3455 578 3507 τοῦτο
604 3459 651 3508 οἱ
689 3457 844 3517 πόδες
881 3458 1042 3509 αὑτοῦ
1096 3457 1338 3508 ῖστανται
1369 3457 1425 3507 ὲν
1463 3456 1736 3525 εὐθύτητι,

184 3545 281 3598 καὶ
306 3545 560 3615 ήκεφαλὴ
582 3547 741 3609 αὐτοῦ
773 3548 998 3615 παντοίᾳ
1021 3549 1248 3608 συνέσει,
1282 3547 1419 3598 κατὰ
1446 3549 1534 3599 τὸν
1548 3546 1736 3609 Δαῦὶδ,

186 3637 545 3689 ’.τι-επολίωται⁸
601 3639 691 3688 καὶ
744 3639 840 3698 τὰς
871 3639 1076 3698 οἰκείας
1106 3636 1161 3688 δὲ
1195 3638 1519 3707 ὑπογραφάς
1553 3637 1629 3698 ὡς
1659 3639 1739 3689 οί-

186 3729 501 3797 κουμενικδς
537 3729 595 3780 οὐ
659 3729 938 3796 μεγεθύνει
990 3728 1192 3796 πατὴρ,
1247 3727 1349 3780 κᾶν
1404 3726 1532 3796 παρ’
1582 3726 1738 3796 ἡμῶν

183 3821 323 3875 οὓτω
346 3820 604 3888 κέκληται
633 3821 723 3871 καὶ
762 3819 1116 3887 δεδόξασταψ
1139 3819 1236 3889 τὴν
1273 3819 1370 3888 μὲν
1397 3820 1525 3887 περὶ
1546 3817 1736 3870 τούτου

185 3911 496 3980 συζήτησιν,
526 3908 600 3970 ὡς
623 3910 931 3977 ἀλυσιτελῆ,
964 3911 1307 3979 παρατρέχω.
1341 3908 1736 3978 Ἀπολογοῦμαι

182 3999 241 4052 δὲ
272 4000 402 4067 πρὸς
431 3999 554 4060 τοὺς
585 3999 840 4065 λέγοντας
895 3999 1198 4069 τολμηρῶς,
1249 4000 1478 4069 όφείλειν
1509 3999 1606 4066 τῆς
1636 3995 1759 4050 πα·’

183 4089 508 4159 τριαρχικῆς
535 4089 923 4154 ἀποξενοῦσθαι
960 4093 1120 4159 τιμῆς
1154 4089 1240 4142 τὸν
1284 4090 1614 4158 ’Δντιοχείας
1647 4089 1739 4140 καὶ

180 4181 274 4233 τὸν
311 4179 708 4249 Ἱεροσολύμων.
763 4179 1147 4232 Κεκανόνισται
1184 4179 1310 4246 γὰρ,
1374 4179 1506 4246 φασὶ
1536 4219 1549 4240 ,
1613 4178 1736 4247 μηδ’

182 4273 244 4323 ὲν
269 4270 576 4340 ἀρχιερεῦσι
645 4270 1022 4321 συντάττεσθαι
1067 4270 1190 4330 τοὺς
1224 4269 1296 4336 μὴ
1349 4266 1737 4346 ῥιψοκινδύνως

179 4361 587 4430 ἀπερχομένους
638 4361 909 4430 ἀρχιερεῖς
941 4360 1017 4419 είς
1058 4362 1180 4421 τοὺς
1229 4357 1377 4423 παρὰ
1438 4351 1735 4425 Βαρϐάρων

180 4451 576 4520 κατεχομένους
604 4429 822 4516 θρόνους
875 4449 1075 4510 αὐτῶν,
1122 4449 1252 4517 μηδὲ
1283 4447 1371 4499 τὸν
1400 4446 1492 4499 τοῦ
1525 4462 1732 4514 μαρτυο
1763 4429 1812 4488 Ῐ)

181 4541 301 4610 ρίου
330 4539 777 4608 προαρπάζοντας
830 4539 1111 4604 στέφανον.
1159 4536 1243 4595 Ὠς
1271 4537 1317 4587 εί
1349 4535 1446 4604 μὲν
1469 4535 1574 4587 είσὶ
1613 4535 1730 4585 λαῖ-

179 4629 266 4680 πολ⁵
291 4629 338 4679 οί
359 4627 577 4679 τοιαῦτα
609 4625 749 4679 καθά
785 4643 836 4676 τι
872 4627 1097 4694 μάταιον
1151 4625 1420 4692 ᾶμὸλωμα
1455 4623 1594 4675 κατὰ
1626 4622 1732 4674 τῶν

177 4718 349 4786 ἁγίων
370 4718 619 4786 κεφαλῶν
649 4716 1028 4785 ὡδινήσαντες,
1062 4715 1386 4783 συγγνώμης
1416 4714 1736 4781 ἀξιωθήσον-

176 4827 268 4861 ται
294 4809 431 4862 κατὰ
458 4808 653 4878 πολλὴν
681 4807 998 4859 ἐπιείκειαν,
1032 4805 1340 4876 Γέγραπται
1367 4806 1494 4874 γάρ·
1523 4805 1596 4855 Οὐ
1627 4802 1731 4872 χρὴ

189 4903 458 4969 Ῥωμαῖον
502 4900 668 4969 ἄνδρα
700 4900 893 4968 νόμους
926 4898 1142 4966 (ταύτὸν
1171 4896 1215 4947 δ’
1265 4896 1407 4950 ἐστιν
1439 4897 1611 4947 εἰπεῖν
1642 4893 1732 4945 καὶ

176 4991 428 5060 κανόνας)
459 4993 689 5057 ἀγνοεῖν.
735 4991 854 5041 Ὀτι
893 4989 994 5040 κᾶν
1031 4985 1298 5057 χειρῶναξ
1331 4988 1413 5047 τίς
1451 4989 1587 5046 ἐστι,
1627 4983 1731 5037 κᾶν

175 5082 408 5150 σύρφαξ,
438 5083 645 5136 οἷκοθεν
669 5081 860 5134 εἰδέναι
879 5081 1068 5148 νόμους
1093 5077 1124 5147 ἢ
1170 5078 1393 5139 κανόνας
1426 5076 1497 5145 μὴ
1527 5093 1734 5143 συγχω-

166 5175 436 5248 ρούμενός
489 5177 656 5237 ἐστιν,
724 5173 836 5227 ἀλλ’
891 5175 938 5224 oi
973 5171 1190 5232 τούτους
1225 5170 1363 5222 κατὰ
1417 5169 1731 5229 σπουδαίους

169 5263 664 5333 ἀργυρογνώμονας
699 5263 1131 5333 μεταλλεύοντες,

217 5359 414 5410 Ὄσσα
439 5373 502 5409 τε
523 5359 726 5424 φύλλα
756 5359 856 5412 καὶ
883 5360 1063 5412 ἄνθεα
1085 5359 1301 5426 γίνεται
1325 5358 1520 5424 εἴαρος
1543 5357 1663 5426 ὥρῃ
1686 5376 1698 5390 °

1839 3185 2001 3238 deant
2042 3183 2697 3254 ConstantinOpolitanum
2731 3187 2882 3238 nullo
2933 3201 3084 3254 papae
3116 3186 3399 3255 privilegio

1853 3283 2021 3328 semet
2078 3282 2361 3327 ornantem
2424 3277 2661 3343 (quippe
2730 3291 2829 3329 nec
2889 3277 3038 3343 regni
3113 3285 3400 3328 coronatur

1841 3364 2031 3426 fascia,
2066 3367 2362 3418 secundum
2407 3366 2480 3426 id,
2514 3367 2657 3434 quod
2695 3367 2868 3420 sancti
2913 3365 3254 3420 Constantini
3291 3373 3402 3419 sta-

1843 3461 2018 3506 tutum
2042 3469 2160 3507 esse
2193 3463 2433 3518 putatur,
2474 3471 2570 3508 nec
2621 3471 2740 3508 cum
2782 3456 3052 3508 coccineis
3089 3453 3307 3514 calceis,
3341 3463 3400 3507 ut

1847 3545 2044 3600 ibidem
2093 3527 2369 3609 sancitur;
2404 3547 2547 3598 velut
2590 3547 2641 3598 in
2688 3549 2999 3613 spectaculo
3042 3556 3206 3599 semet
3253 3546 3405 3599 exhi-

1852 3636 1978 3697 bet;
2012 3649 2109 3688 nec
2149 3635 2296 3686 aliud
2328 3636 2559 3702 denique
2592 3635 2778 3690 Roma:
2824 3637 3021 3689 veteris
3053 3651 3202 3704 papa:
3237 3637 3406 3700 privi—

1847 3725 2046 3793 legium
2073 3734 2294 3792 usurpat
2325 3741 2340 3776 :
2375 3726 2603 3793 ideoque
2632 3733 2776 3779 stant
2811 3727 2972 3793 pedes
3004 3727 3124 3793 ejus
3156 3727 3206 3778 in
3237 3727 3403 3779 recti-

1840 3817 2123 3878 tudine,et
2151 3821 2310 3883 caput
2340 3815 2458 3883 ejus
2490 3818 2777 3885 omnigeua
2811 3819 3114 3886 prudentia,
3137 3817 3400 3884 quemad-

1839 3907 2056 3959 modum
2136 3905 2364 3958 Davides
2430 3907 2709 3974 loquitur,
2778 3908 3042 3960 incanuit.
3125 3907 3266 3958 [dem
3339 3919 3406 3959 ne

1839 3997 2271 4065 subscriptiones
2300 3997 2516 4065 quidem
2567 4013 2695 4051 suas
2745 3999 3056 4066 magniﬁcas
3091 3996 3238 4057 facit,
3284 4002 3406 4047 tan-

1840 4103 2001 4157 quam
2031 4099 2184 4155 pater
2219 4089 2576 4151 universalis;
2610 4089 2732 4140 licet
2760 4103 2786 4138 a
2818 4087 2972 4140 nobis
3004 4088 3074 4139 ita
3106 4095 3327 4138 vocetur
3351 4093 3405 4138 et

1839 4178 2144 4232 celebretur
2195 4177 2466 4246 (equidem
2496 4178 2562 4230 de
2593 4176 2695 4228 hoc
2740 4176 3203 4244 disquisitionem,
3260 4177 3407 4229 vi-lut

1837 4270 2233 4339 infrugiieram,
2261 4270 2547 4323 instituere
2605 4269 2953 4336 supersedeo.
2991 4268 3190 4322 Facere
3225 4277 3406 4321 tamen

1836 4375 1943 4414 non
1988 4375 2227 4430 possum,
2264 4359 2393 4428 quin
2448 4359 2515 4413 iis
2570 4358 2927 4427 respondeam
2960 4399 2973 4424 ,
3017 4361 3109 4426 qui
3149 4360 3407 4411 audacter

1841 4451 2155 4522 praedicant,
2192 4466 2220 4503 a
2251 4449 2512 4516 dignitate
2539 4449 2882 4517 patriarchali
2914 4447 3273 4502 removendos
3297 4448 3408 4499 An-

1842 4543 2152 4597 tiochenum
2184 4551 2239 4595 et
2264 4540 2834 4608 Ilierosolymitanum.
2862 4539 3073 4608 Quippe
3103 4538 3405 4592 canonibus

1848 4645 2107 4690 statutum
2143 4643 2246 4696 est,
2281 4633 2553 4700 inquiunt,
2602 4646 2667 4684 ne
2700 4630 2914 4698 quidem
2949 4631 3088 4681 inter
3122 4629 3406 4697 pontilici‘s

1839 4722 2203 4778 recensendos
2248 4737 2391 4785 esse,
2426 4721 2520 4789 qui
2556 4736 2664 4774 non
2704 4719 2783 4771 vel
2813 4727 3058 4772 extremo
3092 4734 3215 4771 cum
3251 4718 3402 4784 peri-

1839 4815 1961 4868 culo
1993 4830 2051 4868 se
2080 4814 2371 4867 conlerant
2401 4814 2465 4864 ad
2493 4812 2722 4865 thronos
2753 4824 2883 4862 suos
2909 4824 2935 4860 a
2963 4807 3212 4860 Barbaris
3241 4823 3404 4859 occu-

1840 4916 2016 4975 patos,
2046 4922 2144 4959 nec
2173 4905 2416 4974 martyrii
2457 4917 2715 4957 coronam
2763 4900 3093 4968 praeripiam.
3139 4898 3401 4950 Nimirum

1841 4998 1887 5051 si
1926 4998 2053 5050 laici
2100 5005 2251 5057 sunt,
2302 4995 2390 5061 qui
2432 4994 2556 5045 talia
2606 4991 2772 5044 Veluti
2814 4991 3071 5044 stolidum
3114 4989 3399 5056 quemdam

1841 5090 2090 5142 abortum
2118 5087 2378 5140 adversus
2404 5099 2556 5138 sacra
2583 5094 2770 5139 sancta
2799 5087 2975 5151 capita
3009 5082 3399 5150 parlllrit'l‘tlttl,

1841 5179 2050 5232 veniam
2101 5177 2447 5230 merebuntur
2491 5192 2555 5228 ex
2626 5175 2890 5242 singulari
2937 5174 3167 5240 quadam
3215 5181 3398 5223 nostra

1843 5269 2234 5323 moderatione.
2265 5265 2604 5334 Cmtcroquin
2639 5269 2781 5319 enim
2815 5265 3072 5331 scriptum
3105 5269 3186 5313 est
3222 5276 3236 5313 :
3291 5257 3401 5309 llo-

1842 5362 2037 5414 minem
2072 5357 2371 5411 Romanum
2403 5358 2653 5426 ignorare
2683 5358 2824 5426 leges
2861 5357 3020 5421 (idem
3051 5361 3102 5405 et
3131 5353 3196 5404 de
3229 5366 3400 5404 cano-

173 5446 331 5501 nibus
365 5448 674 5517 dicendum)
713 5466 820 5504 non
889 5459 1118 5519 Oportet.
1159 5449 1366 5517 Quippe
1432 5452 1557 5504 licet
1593 5453 1789 5521 aliquis
1832 5452 2148 5506 manuarius
2171 5450 2240 5503 sit
2274 5447 2473 5516 opifex,
2501 5458 2552 5501 ct
2578 5465 2639 5500 cx
2677 5447 2856 5501 intima
2890 5446 3015 5497 faece
3048 5443 3242 5511 plebis,
3265 5443 3392 5506 quin

171 5541 319 5606 leges
350 5549 442 5593 aut
474 5554 708 5595 canones
745 5558 838 5611 per
880 5559 936 5596 se
973 5544 1138 5603 norit,
1209 5544 1418 5597 veniam
1504 5546 1792 5612 impetrare
1833 5559 1939 5597 non
1992 5550 2170 5611 potest
2219 5559 2232 5595 :

2275 5556 2395 5595 cum
2443 5542 2534 5608 qui
2583 5543 2725 5608 teges
2795 5547 2846 5592 ct
2896 5550 3156 5601 canones,
3220 5533 3389 5588 instat

171 5629 559 5685 industriorum
611 5633 817 5700 argenti
871 5636 1298 5703 evploratorum,
1341 5635 1687 5700 investigant,
1736 5635 1790 5687 in
1833 5633 1932 5686 hac
1962 5633 2094 5686 urbe
2136 5633 2278 5700 regia
2315 5640 2388 5684 tot
2419 5632 2546 5690 sint.

1103 5724 1238 5784 Quot
1267 5724 1394 5786 folia
1425 5734 1468 5776 rt
1497 5726 1650 5793 ﬂores
1677 5735 1960 5778 nascuntur
1994 5733 2214 5790 tempore
2245 5740 2394 5776 νίν-ιιι)
2431 5739 2448 5773 :
