  <div class='ocr_page' id='page_1' title='image "/cluster/home/n/w/nwhite01/storage/ocr_20150623/138/pst.000005714544/563.png"; bbox 0 0 3914 6332; ppageno 0'>
   <div class='ocr_carea' id='block_1_1' title="bbox 599 347 725 412">
    <p class='ocr_par' dir='ltr' id='par_1_1' title="bbox 599 347 725 412">
     <span class='ocr_line' id='line_1_1' title="bbox 599 347 725 412; baseline 0.032 -4"><span class='ocrx_word' id='word_1_1' title='bbox 599 347 725 412; x_wconf 77' lang='lat'><strong>1031</strong></span> 
     </span>
    </p>
   </div>
   <div class='ocr_carea' id='block_1_2' title="bbox 1829 358 2613 421">
    <p class='ocr_par' dir='ltr' id='par_1_2' title="bbox 1829 358 2613 421">
     <span class='ocr_line' id='line_1_2' title="bbox 1829 358 2613 421; baseline 0.003 -3"><span class='ocrx_word' id='word_1_2' title='bbox 1829 359 2096 421; x_wconf 76' lang='lat' dir='ltr'><strong>THEOD.</strong></span> <span class='ocrx_word' id='word_1_3' title='bbox 2142 358 2370 418; x_wconf 70' lang='lat' dir='ltr'><strong>BALSA</strong></span> <span class='ocrx_word' id='word_1_4' title='bbox 2382 360 2532 419; x_wconf 62' lang='lat' dir='ltr'><strong>Mli);</strong></span> <span class='ocrx_word' id='word_1_5' title='bbox 2548 361 2613 419; x_wconf 63' lang='grc' dir='ltr'>ις</span> 
     </span>
    </p>
   </div>
   <div class='ocr_carea' id='block_1_3' title="bbox 3653 361 3802 428">
    <p class='ocr_par' dir='ltr' id='par_1_3' title="bbox 3653 361 3802 428">
     <span class='ocr_line' id='line_1_3' title="bbox 3653 361 3802 428; baseline -0.04 0"><span class='ocrx_word' id='word_1_6' title='bbox 3653 361 3802 428; x_wconf 64' lang='grc'><strong>10⁸3.</strong></span> 
     </span>
    </p>
   </div>
   <div class='ocr_carea' id='block_1_4' title="bbox 587 452 2120 538">
    <p class='ocr_par' dir='ltr' id='par_1_4' title="bbox 587 469 2120 538">
     <span class='ocr_line' id='line_1_4' title="bbox 587 469 2120 538; baseline 0.002 -18"><span class='ocrx_word' id='word_1_7' title='bbox 587 472 680 538; x_wconf 90' lang='lat' dir='ltr'><strong>qui</strong></span> <span class='ocrx_word' id='word_1_8' title='bbox 715 470 928 537; x_wconf 79' lang='lat' dir='ltr'><strong>quidem</strong></span> <span class='ocrx_word' id='word_1_9' title='bbox 962 472 1138 526; x_wconf 84' lang='lat' dir='ltr'><strong>cuivis</strong></span> <span class='ocrx_word' id='word_1_10' title='bbox 1168 470 1233 524; x_wconf 86' lang='lat' dir='ltr'><strong>ad</strong></span> <span class='ocrx_word' id='word_1_11' title='bbox 1263 482 1478 524; x_wconf 74' lang='lat' dir='ltr'><strong>manum</strong></span> <span class='ocrx_word' id='word_1_12' title='bbox 1517 480 1658 534; x_wconf 87' lang='lat' dir='ltr'><strong>sunt,</strong></span> <span class='ocrx_word' id='word_1_13' title='bbox 1704 478 1959 537; x_wconf 78' lang='lat' dir='ltr'><strong>tanquam</strong></span> <span class='ocrx_word' id='word_1_14' title='bbox 1995 469 2120 523; x_wconf 86' lang='lat' dir='ltr'><strong>libe-</strong></span> 
     </span>
    </p>
   </div>
   <div class='ocr_carea' id='block_1_5' title="bbox 2226 452 3796 538">
    <p class='ocr_par' dir='ltr' id='par_1_5' title="bbox 2237 452 3796 538">
     <span class='ocr_line' id='line_1_5' title="bbox 2237 452 3796 538; baseline 0.001 -19"><span class='ocrx_word' id='word_1_15' title='bbox 2237 471 2380 538; x_wconf 73' lang='grc' dir='ltr'>παρὰ</span> <span class='ocrx_word' id='word_1_16' title='bbox 2413 471 2580 538; x_wconf 78' lang='grc' dir='ltr'>ταύτῃ</span> <span class='ocrx_word' id='word_1_17' title='bbox 2609 471 2673 538; x_wconf 81' lang='grc' dir='ltr'>τῇ</span> <span class='ocrx_word' id='word_1_18' title='bbox 2715 452 3061 537; x_wconf 56' lang='grc' dir='ltr'>βασιλευούσῃ</span> <span class='ocrx_word' id='word_1_19' title='bbox 3114 467 3218 518; x_wconf 78' lang='grc' dir='ltr'><strong>τῶν</strong></span> <span class='ocrx_word' id='word_1_20' title='bbox 3246 468 3452 519; x_wconf 82' lang='grc' dir='ltr'>πόλεων</span> <span class='ocrx_word' id='word_1_21' title='bbox 3510 470 3796 535; x_wconf 70' lang='grc' dir='ltr'>καθεστή-</span> 
     </span>
    </p>
   </div>
   <div class='ocr_carea' id='block_1_6' title="bbox 587 560 2128 628">
    <p class='ocr_par' dir='ltr' id='par_1_6' title="bbox 587 560 2128 628">
     <span class='ocr_line' id='line_1_6' title="bbox 587 560 2128 628; baseline -0.001 -17"><span class='ocrx_word' id='word_1_22' title='bbox 587 561 701 613; x_wconf 78' lang='lat' dir='ltr'><strong>rale</strong></span> <span class='ocrx_word' id='word_1_23' title='bbox 740 560 1008 628; x_wconf 80' lang='lat' dir='ltr'><strong>quoddam</strong></span> <span class='ocrx_word' id='word_1_24' title='bbox 1056 570 1108 613; x_wconf 88' lang='lat' dir='ltr'><strong>et</strong></span> <span class='ocrx_word' id='word_1_25' title='bbox 1154 560 1301 613; x_wconf 89' lang='lat' dir='ltr'><strong>nullo</strong></span> <span class='ocrx_word' id='word_1_26' title='bbox 1355 572 1607 614; x_wconf 77' lang='lat' dir='ltr'><strong>constans</strong></span> <span class='ocrx_word' id='word_1_27' title='bbox 1653 562 1823 627; x_wconf 89' lang='lat' dir='ltr'><strong>pretio</strong></span> <span class='ocrx_word' id='word_1_28' title='bbox 1865 560 2128 628; x_wconf 90' lang='lat' dir='ltr'><strong>epulum:</strong></span> 
     </span>
    </p>
   </div>
   <div class='ocr_carea' id='block_1_7' title="bbox 587 647 2132 714">
    <p class='ocr_par' dir='ltr' id='par_1_7' title="bbox 587 647 2132 714">
     <span class='ocr_line' id='line_1_7' title="bbox 587 647 2132 714; baseline 0.001 -15"><span class='ocrx_word' id='word_1_29' title='bbox 587 663 761 714; x_wconf 85' lang='lat' dir='ltr'><strong>neque</strong></span> <span class='ocrx_word' id='word_1_30' title='bbox 808 647 1029 699; x_wconf 87' lang='lat' dir='ltr'><strong>dubium</strong></span> <span class='ocrx_word' id='word_1_31' title='bbox 1084 656 1187 708; x_wconf 84' lang='lat' dir='ltr'><strong>est,</strong></span> <span class='ocrx_word' id='word_1_32' title='bbox 1232 649 1362 714; x_wconf 89' lang='lat' dir='ltr'><strong>quin</strong></span> <span class='ocrx_word' id='word_1_33' title='bbox 1417 647 1605 699; x_wconf 85' lang='lat' dir='ltr'><strong>horum</strong></span> <span class='ocrx_word' id='word_1_34' title='bbox 1659 648 1915 700; x_wconf 69' lang='lat' dir='ltr'><strong>doctrinae</strong></span> <span class='ocrx_word' id='word_1_35' title='bbox 1958 647 2132 700; x_wconf 87' lang='lat' dir='ltr'><strong>mulso</strong></span> 
     </span>
    </p>
   </div>
   <div class='ocr_carea' id='block_1_8' title="bbox 587 735 2128 807">
    <p class='ocr_par' dir='ltr' id='par_1_8' title="bbox 587 735 2128 807">
     <span class='ocr_line' id='line_1_8' title="bbox 587 735 2128 807; baseline -0.001 -19"><span class='ocrx_word' id='word_1_36' title='bbox 587 740 897 791; x_wconf 85' lang='lat' dir='ltr'><strong>dulcescerc</strong></span> <span class='ocrx_word' id='word_1_37' title='bbox 937 740 1106 805; x_wconf 91' lang='lat' dir='ltr'><strong>possit</strong></span> <span class='ocrx_word' id='word_1_38' title='bbox 1138 739 1362 791; x_wconf 87' lang='lat' dir='ltr'><strong>istorum</strong></span> <span class='ocrx_word' id='word_1_39' title='bbox 1394 737 1748 807; x_wconf 81' lang='lat' dir='ltr'><strong>ignorationis</strong></span> <span class='ocrx_word' id='word_1_40' title='bbox 1774 735 2128 790; x_wconf 75' lang='lat' dir='ltr'><strong>absinthium.</strong></span> 
     </span>
    </p>
   </div>
   <div class='ocr_carea' id='block_1_9' title="bbox 595 827 2128 894">
    <p class='ocr_par' dir='ltr' id='par_1_9' title="bbox 595 827 2128 894">
     <span class='ocr_line' id='line_1_9' title="bbox 595 827 2128 894; baseline 0.001 -18"><span class='ocrx_word' id='word_1_41' title='bbox 595 827 688 876; x_wconf 79' lang='lat' dir='ltr'><strong>Sin</strong></span> <span class='ocrx_word' id='word_1_42' title='bbox 725 837 902 878; x_wconf 85' lang='lat' dir='ltr'><strong>autem</strong></span> <span class='ocrx_word' id='word_1_43' title='bbox 933 842 1090 880; x_wconf 87' lang='lat' dir='ltr'><strong>sacro</strong></span> <span class='ocrx_word' id='word_1_44' title='bbox 1133 827 1442 892; x_wconf 81' lang='lat' dir='ltr'><strong>pontiﬁcum</strong></span> <span class='ocrx_word' id='word_1_45' title='bbox 1477 827 1722 894; x_wconf 75' lang='lat' dir='ltr'><strong>catalogo</strong></span> <span class='ocrx_word' id='word_1_46' title='bbox 1758 827 2128 888; x_wconf 85' lang='lat' dir='ltr'><strong>continentur,</strong></span> 
     </span>
    </p>
   </div>
   <div class='ocr_carea' id='block_1_10' title="bbox 590 913 2128 980">
    <p class='ocr_par' dir='ltr' id='par_1_10' title="bbox 590 913 2128 980">
     <span class='ocr_line' id='line_1_10' title="bbox 590 913 2128 980; baseline 0.003 -18"><span class='ocrx_word' id='word_1_47' title='bbox 590 913 772 965; x_wconf 78' lang='lat' dir='ltr'><strong>babae!</strong></span> <span class='ocrx_word' id='word_1_48' title='bbox 807 930 1039 980; x_wconf 91' lang='lat' dir='ltr'><strong>quonam</strong></span> <span class='ocrx_word' id='word_1_49' title='bbox 1083 914 1241 966; x_wconf 92' lang='lat' dir='ltr'><strong>modo</strong></span> <span class='ocrx_word' id='word_1_50' title='bbox 1268 916 1387 980; x_wconf 86' lang='lat' dir='ltr'><strong>quis</strong></span> <span class='ocrx_word' id='word_1_51' title='bbox 1411 917 1599 969; x_wconf 90' lang='lat' dir='ltr'><strong>horum</strong></span> <span class='ocrx_word' id='word_1_52' title='bbox 1631 916 2128 969; x_wconf 82' lang='lat' dir='ltr'><strong>condemnationem</strong></span> 
     </span>
    </p>
   </div>
   <div class='ocr_carea' id='block_1_11' title="bbox 586 1002 2127 1070">
    <p class='ocr_par' dir='ltr' id='par_1_11' title="bbox 586 1002 2127 1070">
     <span class='ocr_line' id='line_1_11' title="bbox 586 1002 2127 1070; baseline 0.001 -18"><span class='ocrx_word' id='word_1_53' title='bbox 586 1002 949 1065; x_wconf 75' lang='lat' dir='ltr'><strong>expresserit?</strong></span> <span class='ocrx_word' id='word_1_54' title='bbox 971 1002 1139 1063; x_wconf 76' lang='lat' dir='ltr'><strong>Quam</strong></span> <span class='ocrx_word' id='word_1_55' title='bbox 1179 1004 1322 1055; x_wconf 89' lang='lat' dir='ltr'><strong>enim</strong></span> <span class='ocrx_word' id='word_1_56' title='bbox 1365 1005 1656 1056; x_wconf 89' lang='lat' dir='ltr'><strong>mercbitur</strong></span> <span class='ocrx_word' id='word_1_57' title='bbox 1686 1003 1731 1057; x_wconf 90' lang='lat' dir='ltr'><strong>is</strong></span> <span class='ocrx_word' id='word_1_58' title='bbox 1759 1002 1992 1063; x_wconf 88' lang='lat' dir='ltr'><strong>veniam,</strong></span> <span class='ocrx_word' id='word_1_59' title='bbox 2036 1002 2127 1070; x_wconf 89' lang='lat' dir='ltr'><strong>qui</strong></span> 
     </span>
    </p>
   </div>
   <div class='ocr_carea' id='block_1_12' title="bbox 587 1094 2127 1160">
    <p class='ocr_par' dir='ltr' id='par_1_12' title="bbox 587 1094 2127 1160">
     <span class='ocr_line' id='line_1_12' title="bbox 587 1094 2127 1160; baseline 0.004 -20"><span class='ocrx_word' id='word_1_60' title='bbox 587 1107 707 1141; x_wconf 82' lang='lat' dir='ltr'><strong>eum</strong></span> <span class='ocrx_word' id='word_1_61' title='bbox 740 1107 798 1144; x_wconf 89' lang='lat' dir='ltr'><strong>se</strong></span> <span class='ocrx_word' id='word_1_62' title='bbox 821 1108 1056 1144; x_wconf 81' lang='lat' dir='ltr'><strong>canones</strong></span> <span class='ocrx_word' id='word_1_63' title='bbox 1086 1094 1278 1146; x_wconf 86' lang='lat' dir='ltr'><strong>docere</strong></span> <span class='ocrx_word' id='word_1_64' title='bbox 1307 1094 1638 1160; x_wconf 80' lang='lat' dir='ltr'><strong>proﬁteatur,</strong></span> <span class='ocrx_word' id='word_1_65' title='bbox 1665 1108 1931 1146; x_wconf 89' lang='lat' dir='ltr'><strong>canonum</strong></span> <span class='ocrx_word' id='word_1_66' title='bbox 1951 1101 2127 1147; x_wconf 81' lang='lat' dir='ltr'><strong>tamen</strong></span> 
     </span>
    </p>
   </div>
   <div class='ocr_carea' id='block_1_13' title="bbox 587 1180 2126 1248">
    <p class='ocr_par' dir='ltr' id='par_1_13' title="bbox 587 1180 2126 1248">
     <span class='ocr_line' id='line_1_13' title="bbox 587 1180 2126 1248; baseline 0.002 -17"><span class='ocrx_word' id='word_1_67' title='bbox 587 1180 887 1231; x_wconf 89' lang='lat' dir='ltr'><strong>crassitiem</strong></span> <span class='ocrx_word' id='word_1_68' title='bbox 945 1196 1049 1232; x_wconf 91' lang='lat' dir='ltr'><strong>non</strong></span> <span class='ocrx_word' id='word_1_69' title='bbox 1087 1182 1251 1244; x_wconf 86' lang='lat' dir='ltr'><strong>videt,</strong></span> <span class='ocrx_word' id='word_1_70' title='bbox 1302 1197 1423 1248; x_wconf 80' lang='lat' dir='ltr'><strong>quae</strong></span> <span class='ocrx_word' id='word_1_71' title='bbox 1465 1183 1641 1248; x_wconf 91' lang='lat' dir='ltr'><strong>ipsum</strong></span> <span class='ocrx_word' id='word_1_72' title='bbox 1693 1197 1856 1248; x_wconf 84' lang='lat' dir='ltr'><strong>prope</strong></span> <span class='ocrx_word' id='word_1_73' title='bbox 1893 1191 2126 1234; x_wconf 86' lang='lat' dir='ltr'><strong>montem</strong></span> 
     </span>
    </p>
   </div>
   <div class='ocr_carea' id='block_1_14' title="bbox 587 1269 2128 1338">
    <p class='ocr_par' dir='ltr' id='par_1_14' title="bbox 587 1269 2128 1338">
     <span class='ocr_line' id='line_1_14' title="bbox 587 1269 2128 1338; baseline 0.004 -21"><span class='ocrx_word' id='word_1_74' title='bbox 587 1270 760 1319; x_wconf 78' lang='lat' dir='ltr'><strong>Athon</strong></span> <span class='ocrx_word' id='word_1_75' title='bbox 824 1271 1087 1335; x_wconf 85' lang='lat' dir='ltr'><strong>superat?</strong></span> <span class='ocrx_word' id='word_1_76' title='bbox 1144 1269 1377 1322; x_wconf 91' lang='lat' dir='ltr'><strong>Omnino</strong></span> <span class='ocrx_word' id='word_1_77' title='bbox 1426 1271 1647 1322; x_wconf 88' lang='lat' dir='ltr'><strong>nullam.</strong></span> <span class='ocrx_word' id='word_1_78' title='bbox 1696 1270 1804 1323; x_wconf 92' lang='lat' dir='ltr'><strong>lmo</strong></span> <span class='ocrx_word' id='word_1_79' title='bbox 1854 1271 2028 1338; x_wconf 82' lang='lat' dir='ltr'><strong>potius</strong></span> <span class='ocrx_word' id='word_1_80' title='bbox 2063 1285 2128 1323; x_wconf 81' lang='lat' dir='ltr'><strong>ex</strong></span> 
     </span>
    </p>
   </div>
   <div class='ocr_carea' id='block_1_15' title="bbox 584 1357 2126 1426">
    <p class='ocr_par' dir='ltr' id='par_1_15' title="bbox 584 1357 2126 1426">
     <span class='ocr_line' id='line_1_15' title="bbox 584 1357 2126 1426; baseline 0.003 -21"><span class='ocrx_word' id='word_1_81' title='bbox 584 1359 940 1422; x_wconf 81' lang='lat' dir='ltr'><strong>omnipotenti</strong></span> <span class='ocrx_word' id='word_1_82' title='bbox 1005 1360 1108 1411; x_wconf 89' lang='lat' dir='ltr'><strong>Deo</strong></span> <span class='ocrx_word' id='word_1_83' title='bbox 1145 1359 1338 1411; x_wconf 87' lang='lat' dir='ltr'><strong>audiet.</strong></span> <span class='ocrx_word' id='word_1_84' title='bbox 1378 1357 1452 1411; x_wconf 90' lang='lat' dir='ltr'><strong>Tu</strong></span> <span class='ocrx_word' id='word_1_85' title='bbox 1511 1359 1741 1426; x_wconf 87' lang='lat' dir='ltr'><strong>rejecisti</strong></span> <span class='ocrx_word' id='word_1_86' title='bbox 1767 1359 2052 1424; x_wconf 84' lang='lat' dir='ltr'><strong>justitiam,</strong></span> <span class='ocrx_word' id='word_1_87' title='bbox 2077 1368 2126 1409; x_wconf 89' lang='lat' dir='ltr'><strong>et</strong></span> 
     </span>
    </p>
   </div>
   <div class='ocr_carea' id='block_1_16' title="bbox 586 1445 2128 1514">
    <p class='ocr_par' dir='ltr' id='par_1_16' title="bbox 586 1445 2128 1514">
     <span class='ocr_line' id='line_1_16' title="bbox 586 1445 2128 1514; baseline 0.003 -20"><span class='ocrx_word' id='word_1_88' title='bbox 586 1459 684 1511; x_wconf 78' lang='lat' dir='ltr'><strong>ego</strong></span> <span class='ocrx_word' id='word_1_89' title='bbox 715 1445 955 1512; x_wconf 88' lang='lat' dir='ltr'><strong>rejiciam</strong></span> <span class='ocrx_word' id='word_1_90' title='bbox 992 1455 1062 1509; x_wconf 90' lang='lat' dir='ltr'><strong>te,</strong></span> <span class='ocrx_word' id='word_1_91' title='bbox 1097 1463 1161 1499; x_wconf 90' lang='lat' dir='ltr'><strong>ne</strong></span> <span class='ocrx_word' id='word_1_92' title='bbox 1195 1448 1327 1499; x_wconf 87' lang='lat' dir='ltr'><strong>mihi</strong></span> <span class='ocrx_word' id='word_1_93' title='bbox 1361 1447 1436 1501; x_wconf 88' lang='lat' dir='ltr'><strong>sis</strong></span> <span class='ocrx_word' id='word_1_94' title='bbox 1466 1449 1738 1501; x_wconf 85' lang='lat' dir='ltr'><strong>sacerdos.</strong></span> <span class='ocrx_word' id='word_1_95' title='bbox 1787 1447 2128 1514; x_wconf 85' lang='lat' dir='ltr'><strong>Quapropter</strong></span> 
     </span>
    </p>
   </div>
   <div class='ocr_carea' id='block_1_17' title="bbox 585 1535 2125 1603">
    <p class='ocr_par' dir='ltr' id='par_1_17' title="bbox 585 1535 2125 1603">
     <span class='ocr_line' id='line_1_17' title="bbox 585 1535 2125 1603; baseline 0.005 -22"><span class='ocrx_word' id='word_1_96' title='bbox 585 1535 729 1583; x_wconf 92' lang='lat' dir='ltr'><strong>omni</strong></span> <span class='ocrx_word' id='word_1_97' title='bbox 759 1535 823 1584; x_wconf 88' lang='lat' dir='ltr'><strong>de</strong></span> <span class='ocrx_word' id='word_1_98' title='bbox 869 1536 966 1586; x_wconf 90' lang='lat' dir='ltr'><strong>hoc</strong></span> <span class='ocrx_word' id='word_1_99' title='bbox 1001 1536 1342 1588; x_wconf 81' lang='lat' dir='ltr'><strong>contentione</strong></span> <span class='ocrx_word' id='word_1_100' title='bbox 1376 1536 1599 1596; x_wconf 79' lang='lat' dir='ltr'><strong>omissa,</strong></span> <span class='ocrx_word' id='word_1_101' title='bbox 1634 1537 1836 1602; x_wconf 84' lang='lat' dir='ltr'><strong>scripto</strong></span> <span class='ocrx_word' id='word_1_102' title='bbox 1877 1536 2125 1603; x_wconf 73' lang='lat' dir='ltr'><strong>praesenti</strong></span> 
     </span>
    </p>
   </div>
   <div class='ocr_carea' id='block_1_18' title="bbox 583 1621 2129 1678">
    <p class='ocr_par' dir='ltr' id='par_1_18' title="bbox 583 1621 2129 1678">
     <span class='ocr_line' id='line_1_18' title="bbox 583 1621 2129 1678; baseline 0.003 -7"><span class='ocrx_word' id='word_1_103' title='bbox 583 1621 648 1671; x_wconf 85' lang='lat' dir='ltr'><strong>ad</strong></span> <span class='ocrx_word' id='word_1_104' title='bbox 680 1623 978 1674; x_wconf 79' lang='lat' dir='ltr'><strong>tollentium</strong></span> <span class='ocrx_word' id='word_1_105' title='bbox 1006 1639 1163 1675; x_wconf 88' lang='lat' dir='ltr'><strong>omne</strong></span> <span class='ocrx_word' id='word_1_106' title='bbox 1198 1624 1512 1676; x_wconf 86' lang='lat' dir='ltr'><strong>scandalum</strong></span> <span class='ocrx_word' id='word_1_107' title='bbox 1551 1626 1786 1676; x_wconf 85' lang='lat' dir='ltr'><strong>inseram</strong></span> <span class='ocrx_word' id='word_1_108' title='bbox 1819 1639 1998 1678; x_wconf 80' lang='lat' dir='ltr'><strong>xum</strong></span> <span class='ocrx_word' id='word_1_109' title='bbox 2037 1640 2129 1677; x_wconf 84' lang='lat' dir='ltr'><strong>ca-</strong></span> 
     </span>
    </p>
   </div>
   <div class='ocr_carea' id='block_1_19' title="bbox 585 1710 2124 1778">
    <p class='ocr_par' dir='ltr' id='par_1_19' title="bbox 585 1710 2124 1778">
     <span class='ocr_line' id='line_1_19' title="bbox 585 1710 2124 1778; baseline 0.006 -21"><span class='ocrx_word' id='word_1_110' title='bbox 585 1721 776 1760; x_wconf 89' lang='lat' dir='ltr'><strong>nonem</strong></span> <span class='ocrx_word' id='word_1_111' title='bbox 812 1711 1087 1762; x_wconf 71' lang='lat' dir='ltr'><strong>coactaain</strong></span> <span class='ocrx_word' id='word_1_112' title='bbox 1132 1711 1309 1777; x_wconf 83' lang='lat' dir='ltr'><strong>magni</strong></span> <span class='ocrx_word' id='word_1_113' title='bbox 1356 1713 1538 1778; x_wconf 85' lang='lat' dir='ltr'><strong>palatii</strong></span> <span class='ocrx_word' id='word_1_114' title='bbox 1582 1710 1766 1765; x_wconf 90' lang='lat' dir='ltr'><strong>Trullo</strong></span> <span class='ocrx_word' id='word_1_115' title='bbox 1817 1724 2018 1767; x_wconf 75' lang='lat' dir='ltr'><strong>sanctze</strong></span> <span class='ocrx_word' id='word_1_116' title='bbox 2061 1727 2124 1766; x_wconf 84' lang='lat' dir='ltr'><strong>ac</strong></span> 
     </span>
    </p>
   </div>
   <div class='ocr_carea' id='block_1_20' title="bbox 584 1801 2119 1872">
    <p class='ocr_par' dir='ltr' id='par_1_20' title="bbox 584 1801 2119 1872">
     <span class='ocr_line' id='line_1_20' title="bbox 584 1801 2119 1872; baseline 0.009 -26"><span class='ocrx_word' id='word_1_117' title='bbox 584 1801 905 1855; x_wconf 86' lang='lat' dir='ltr'><strong>universalis</strong></span> <span class='ocrx_word' id='word_1_118' title='bbox 932 1805 1144 1872; x_wconf 86' lang='lat' dir='ltr'><strong>synodi.</strong></span> <span class='ocrx_word' id='word_1_119' title='bbox 1173 1821 1292 1869; x_wconf 70' lang='lat' dir='ltr'><strong>quae</strong></span> <span class='ocrx_word' id='word_1_120' title='bbox 1326 1807 1509 1867; x_wconf 90' lang='lat' dir='ltr'><strong>quinta</strong></span> <span class='ocrx_word' id='word_1_121' title='bbox 1540 1813 1590 1856; x_wconf 87' lang='lat' dir='ltr'><strong>et</strong></span> <span class='ocrx_word' id='word_1_122' title='bbox 1625 1815 1772 1859; x_wconf 84' lang='lat' dir='ltr'><strong>sexta</strong></span> <span class='ocrx_word' id='word_1_123' title='bbox 1802 1807 1904 1858; x_wconf 90' lang='lat' dir='ltr'><strong>dici</strong></span> <span class='ocrx_word' id='word_1_124' title='bbox 1933 1807 2071 1860; x_wconf 86' lang='lat' dir='ltr'><strong>solet</strong></span> <span class='ocrx_word' id='word_1_125' title='bbox 2107 1826 2119 1860; x_wconf 91' lang='lat'><strong>:</strong></span> 
     </span>
    </p>
   </div>
   <div class='ocr_carea' id='block_1_21' title="bbox 582 1888 2124 1959">
    <p class='ocr_par' dir='ltr' id='par_1_21' title="bbox 582 1888 2124 1959">
     <span class='ocr_line' id='line_1_21' title="bbox 582 1888 2124 1959; baseline 0.007 -21"><span class='ocrx_word' id='word_1_126' title='bbox 582 1888 672 1953; x_wconf 85' lang='lat' dir='ltr'><strong>qui</strong></span> <span class='ocrx_word' id='word_1_127' title='bbox 704 1905 833 1942; x_wconf 84' lang='lat' dir='ltr'><strong>sane</strong></span> <span class='ocrx_word' id='word_1_128' title='bbox 861 1906 1032 1943; x_wconf 89' lang='lat' dir='ltr'><strong>canon</strong></span> <span class='ocrx_word' id='word_1_129' title='bbox 1060 1895 1129 1944; x_wconf 90' lang='lat' dir='ltr'><strong>ita</strong></span> <span class='ocrx_word' id='word_1_130' title='bbox 1163 1903 1318 1945; x_wconf 91' lang='lat' dir='ltr'><strong>sonat</strong></span> <span class='ocrx_word' id='word_1_131' title='bbox 1349 1894 1410 1946; x_wconf 91' lang='lat' dir='ltr'><strong>ad</strong></span> <span class='ocrx_word' id='word_1_132' title='bbox 1447 1896 1666 1946; x_wconf 82' lang='lat' dir='ltr'><strong>verbum</strong></span> <span class='ocrx_word' id='word_1_133' title='bbox 1695 1912 1707 1946; x_wconf 92' lang='lat'><strong>:</strong></span> <span class='ocrx_word' id='word_1_134' title='bbox 1749 1896 1886 1959; x_wconf 85' lang='lat' dir='ltr'><strong>Quia</strong></span> <span class='ocrx_word' id='word_1_135' title='bbox 1909 1896 2124 1950; x_wconf 87' lang='lat' dir='ltr'><strong>diversis</strong></span> 
     </span>
    </p>
   </div>
   <div class='ocr_carea' id='block_1_22' title="bbox 585 1978 2124 2050">
    <p class='ocr_par' dir='ltr' id='par_1_22' title="bbox 585 1978 2124 2050">
     <span class='ocr_line' id='line_1_22' title="bbox 585 1978 2124 2050; baseline 0.008 -25"><span class='ocrx_word' id='word_1_136' title='bbox 585 1978 894 2042; x_wconf 76' lang='lat' dir='ltr'><strong>temporibus</strong></span> <span class='ocrx_word' id='word_1_137' title='bbox 954 1980 1302 2034; x_wconf 86' lang='lat' dir='ltr'><strong>Barbarorum</strong></span> <span class='ocrx_word' id='word_1_138' title='bbox 1380 1984 1742 2048; x_wconf 69' lang='lat' dir='ltr'><strong>impressiones</strong></span> <span class='ocrx_word' id='word_1_139' title='bbox 1807 1987 2124 2050; x_wconf 86' lang='lat' dir='ltr'><strong>acciderunt,</strong></span> 
     </span>
    </p>
   </div>
   <div class='ocr_carea' id='block_1_23' title="bbox 581 2062 2126 2137">
    <p class='ocr_par' dir='ltr' id='par_1_23' title="bbox 581 2062 2126 2137">
     <span class='ocr_line' id='line_1_23' title="bbox 581 2062 2126 2137; baseline 0.01 -27"><span class='ocrx_word' id='word_1_140' title='bbox 581 2071 631 2111; x_wconf 91' lang='lat' dir='ltr'><strong>et</strong></span> <span class='ocrx_word' id='word_1_141' title='bbox 671 2062 819 2114; x_wconf 88' lang='lat' dir='ltr'><strong>urbes</strong></span> <span class='ocrx_word' id='word_1_142' title='bbox 877 2065 991 2115; x_wconf 80' lang='lat' dir='ltr'><strong>hinc</strong></span> <span class='ocrx_word' id='word_1_143' title='bbox 1032 2068 1270 2132; x_wconf 71' lang='lat' dir='ltr'><strong>plurimm</strong></span> <span class='ocrx_word' id='word_1_144' title='bbox 1320 2069 1540 2122; x_wconf 73' lang='lat' dir='ltr'><strong>redacta:</strong></span> <span class='ocrx_word' id='word_1_145' title='bbox 1595 2081 1713 2123; x_wconf 89' lang='lat' dir='ltr'><strong>sunt</strong></span> <span class='ocrx_word' id='word_1_146' title='bbox 1747 2075 1798 2122; x_wconf 89' lang='lat' dir='ltr'><strong>in</strong></span> <span class='ocrx_word' id='word_1_147' title='bbox 1826 2081 2126 2137; x_wconf 86' lang='lat' dir='ltr'><strong>potestatem</strong></span> 
     </span>
    </p>
   </div>
   <div class='ocr_carea' id='block_1_24' title="bbox 582 2151 2125 2229">
    <p class='ocr_par' dir='ltr' id='par_1_24' title="bbox 582 2151 2125 2229">
     <span class='ocr_line' id='line_1_24' title="bbox 582 2151 2125 2229; baseline 0.01 -31"><span class='ocrx_word' id='word_1_148' title='bbox 582 2151 880 2217; x_wconf 85' lang='lat' dir='ltr'><strong>impiorum,</strong></span> <span class='ocrx_word' id='word_1_149' title='bbox 914 2155 987 2204; x_wconf 89' lang='lat' dir='ltr'><strong>ita</strong></span> <span class='ocrx_word' id='word_1_150' title='bbox 1026 2165 1079 2206; x_wconf 91' lang='lat' dir='ltr'><strong>ut</strong></span> <span class='ocrx_word' id='word_1_151' title='bbox 1125 2158 1359 2222; x_wconf 75' lang='lat' dir='ltr'><strong>deinceps</strong></span> <span class='ocrx_word' id='word_1_152' title='bbox 1405 2160 1558 2225; x_wconf 82' lang='lat' dir='ltr'><strong>hujus</strong></span> <span class='ocrx_word' id='word_1_153' title='bbox 1592 2161 1715 2214; x_wconf 83' lang='lat' dir='ltr'><strong>talis</strong></span> <span class='ocrx_word' id='word_1_154' title='bbox 1752 2163 1893 2213; x_wconf 85' lang='lat' dir='ltr'><strong>urbis</strong></span> <span class='ocrx_word' id='word_1_155' title='bbox 1937 2178 2125 2229; x_wconf 69' lang='lat' dir='ltr'><strong>prases</strong></span> 
     </span>
    </p>
   </div>
   <div class='ocr_carea' id='block_1_25' title="bbox 577 2245 2126 2312">
    <p class='ocr_par' dir='ltr' id='par_1_25' title="bbox 577 2245 2126 2312">
     <span class='ocr_line' id='line_1_25' title="bbox 577 2245 2126 2312; baseline 0.006 -18"><span class='ocrx_word' id='word_1_156' title='bbox 577 2252 691 2305; x_wconf 81' lang='lat' dir='ltr'><strong>post</strong></span> <span class='ocrx_word' id='word_1_157' title='bbox 721 2245 1095 2297; x_wconf 82' lang='lat' dir='ltr'><strong>ordinationem</strong></span> <span class='ocrx_word' id='word_1_158' title='bbox 1126 2263 1272 2298; x_wconf 90' lang='lat' dir='ltr'><strong>suam</strong></span> <span class='ocrx_word' id='word_1_159' title='bbox 1313 2264 1410 2298; x_wconf 91' lang='lat' dir='ltr'><strong>non</strong></span> <span class='ocrx_word' id='word_1_160' title='bbox 1437 2253 1661 2312; x_wconf 88' lang='lat' dir='ltr'><strong>potuerit</strong></span> <span class='ocrx_word' id='word_1_161' title='bbox 1689 2252 1926 2303; x_wconf 83' lang='lat' dir='ltr'><strong>thronum</strong></span> <span class='ocrx_word' id='word_1_162' title='bbox 1976 2269 2126 2305; x_wconf 89' lang='lat' dir='ltr'><strong>suum</strong></span> 
     </span>
    </p>
   </div>
   <div class='ocr_carea' id='block_1_26' title="bbox 579 2332 2130 2402">
    <p class='ocr_par' dir='ltr' id='par_1_26' title="bbox 579 2332 2130 2402">
     <span class='ocr_line' id='line_1_26' title="bbox 579 2332 2130 2402; baseline 0.01 -22"><span class='ocrx_word' id='word_1_163' title='bbox 579 2332 827 2392; x_wconf 73' lang='lat' dir='ltr'><strong>deripere,</strong></span> <span class='ocrx_word' id='word_1_164' title='bbox 877 2344 1030 2400; x_wconf 70' lang='lat' dir='ltr'><strong>atque</strong></span> <span class='ocrx_word' id='word_1_165' title='bbox 1083 2336 1131 2385; x_wconf 89' lang='lat' dir='ltr'><strong>in</strong></span> <span class='ocrx_word' id='word_1_166' title='bbox 1188 2351 1245 2386; x_wconf 90' lang='lat' dir='ltr'><strong>eo</strong></span> <span class='ocrx_word' id='word_1_167' title='bbox 1303 2353 1395 2402; x_wconf 91' lang='lat' dir='ltr'><strong>pro</strong></span> <span class='ocrx_word' id='word_1_168' title='bbox 1452 2340 1744 2390; x_wconf 82' lang='lat' dir='ltr'><strong>conditione</strong></span> <span class='ocrx_word' id='word_1_169' title='bbox 1813 2343 2130 2395; x_wconf 76' lang='lat' dir='ltr'><strong>sacerdotali</strong></span> 
     </span>
    </p>
   </div>
   <div class='ocr_carea' id='block_1_27' title="bbox 577 2412 2123 2489">
    <p class='ocr_par' dir='ltr' id='par_1_27' title="bbox 577 2412 2123 2489">
     <span class='ocr_line' id='line_1_27' title="bbox 577 2412 2123 2489; baseline 0.006 -17"><span class='ocrx_word' id='word_1_170' title='bbox 577 2421 849 2481; x_wconf 84' lang='lat' dir='ltr'><strong>collocari,</strong></span> <span class='ocrx_word' id='word_1_171' title='bbox 908 2412 954 2474; x_wconf 78' lang='lat' dir='ltr'><strong>et</strong></span> <span class='ocrx_word' id='word_1_172' title='bbox 999 2439 1093 2474; x_wconf 87' lang='lat' dir='ltr'><strong>usu</strong></span> <span class='ocrx_word' id='word_1_173' title='bbox 1134 2434 1334 2489; x_wconf 83' lang='lat' dir='ltr'><strong>recepta</strong></span> <span class='ocrx_word' id='word_1_174' title='bbox 1388 2430 1758 2481; x_wconf 76' lang='lat' dir='ltr'><strong>consuetudine</strong></span> <span class='ocrx_word' id='word_1_175' title='bbox 1807 2439 1912 2481; x_wconf 89' lang='lat' dir='ltr'><strong>tam</strong></span> <span class='ocrx_word' id='word_1_176' title='bbox 1979 2431 2123 2483; x_wconf 88' lang='lat' dir='ltr'><strong>ordi—</strong></span> 
     </span>
    </p>
   </div>
   <div class='ocr_carea' id='block_1_28' title="bbox 579 2509 2127 2584">
    <p class='ocr_par' dir='ltr' id='par_1_28' title="bbox 579 2509 2127 2584">
     <span class='ocr_line' id='line_1_28' title="bbox 579 2509 2127 2584; baseline 0.008 -26"><span class='ocrx_word' id='word_1_177' title='bbox 579 2509 832 2571; x_wconf 77' lang='lat' dir='ltr'><strong>nationes,</strong></span> <span class='ocrx_word' id='word_1_178' title='bbox 882 2526 1038 2576; x_wconf 86' lang='lat' dir='ltr'><strong>quam</strong></span> <span class='ocrx_word' id='word_1_179' title='bbox 1091 2514 1200 2564; x_wconf 88' lang='lat' dir='ltr'><strong>alia</strong></span> <span class='ocrx_word' id='word_1_180' title='bbox 1257 2516 1451 2577; x_wconf 84' lang='lat' dir='ltr'><strong>omnia,</strong></span> <span class='ocrx_word' id='word_1_181' title='bbox 1512 2533 1625 2583; x_wconf 76' lang='lat' dir='ltr'><strong>qua:</strong></span> <span class='ocrx_word' id='word_1_182' title='bbox 1663 2517 1731 2568; x_wconf 91' lang='lat' dir='ltr'><strong>ad</strong></span> <span class='ocrx_word' id='word_1_183' title='bbox 1761 2518 1982 2584; x_wconf 86' lang='lat' dir='ltr'><strong>episcopi</strong></span> <span class='ocrx_word' id='word_1_184' title='bbox 2009 2535 2127 2583; x_wconf 84' lang='lat' dir='ltr'><strong>per-</strong></span> 
     </span>
    </p>
   </div>
   <div class='ocr_carea' id='block_1_29' title="bbox 578 2597 2125 2677">
    <p class='ocr_par' dir='ltr' id='par_1_29' title="bbox 578 2597 2125 2677">
     <span class='ocr_line' id='line_1_29' title="bbox 578 2597 2125 2677; baseline 0.008 -32"><span class='ocrx_word' id='word_1_185' title='bbox 578 2597 744 2648; x_wconf 90' lang='lat' dir='ltr'><strong>tinent</strong></span> <span class='ocrx_word' id='word_1_186' title='bbox 782 2599 1024 2664; x_wconf 73' lang='lat' dir='ltr'><strong>oﬂicium.</strong></span> <span class='ocrx_word' id='word_1_187' title='bbox 1058 2603 1300 2666; x_wconf 80' lang='lat' dir='ltr'><strong>perﬁcere</strong></span> <span class='ocrx_word' id='word_1_188' title='bbox 1326 2615 1479 2665; x_wconf 86' lang='lat' dir='ltr'><strong>atque</strong></span> <span class='ocrx_word' id='word_1_189' title='bbox 1515 2620 1750 2658; x_wconf 74' lang='lat' dir='ltr'><strong>exercere</strong></span> <span class='ocrx_word' id='word_1_190' title='bbox 1777 2622 1795 2659; x_wconf 90' lang='lat'><strong><em>:</em></strong></span> <span class='ocrx_word' id='word_1_191' title='bbox 1831 2624 1922 2660; x_wconf 89' lang='lat' dir='ltr'><strong>nos</strong></span> <span class='ocrx_word' id='word_1_192' title='bbox 1955 2609 2125 2677; x_wconf 83' lang='lat' dir='ltr'><strong>digni-</strong></span> 
     </span>
    </p>
   </div>
   <div class='ocr_carea' id='block_1_30' title="bbox 579 2692 2125 2761">
    <p class='ocr_par' dir='ltr' id='par_1_30' title="bbox 579 2692 2125 2761">
     <span class='ocr_line' id='line_1_30' title="bbox 579 2692 2125 2761; baseline 0.009 -25"><span class='ocrx_word' id='word_1_193' title='bbox 579 2696 737 2737; x_wconf 85' lang='lat' dir='ltr'><strong>tatem</strong></span> <span class='ocrx_word' id='word_1_194' title='bbox 775 2698 821 2739; x_wconf 90' lang='lat' dir='ltr'><strong>et</strong></span> <span class='ocrx_word' id='word_1_195' title='bbox 853 2692 1230 2743; x_wconf 81' lang='lat' dir='ltr'><strong>venerationem</strong></span> <span class='ocrx_word' id='word_1_196' title='bbox 1257 2693 1536 2745; x_wconf 75' lang='lat' dir='ltr'><strong>sacerdotii</strong></span> <span class='ocrx_word' id='word_1_197' title='bbox 1563 2705 1781 2756; x_wconf 80' lang='lat' dir='ltr'><strong>tuentes.</strong></span> <span class='ocrx_word' id='word_1_198' title='bbox 1817 2699 2125 2761; x_wconf 86' lang='lat' dir='ltr'><strong>minimeque</strong></span> 
     </span>
    </p>
   </div>
   <div class='ocr_carea' id='block_1_31' title="bbox 578 2774 2124 2850">
    <p class='ocr_par' dir='ltr' id='par_1_31' title="bbox 578 2774 2124 2850">
     <span class='ocr_line' id='line_1_31' title="bbox 578 2774 2124 2850; baseline 0.01 -25"><span class='ocrx_word' id='word_1_199' title='bbox 578 2774 820 2836; x_wconf 71' lang='lat' dir='ltr'><strong>uolentes,</strong></span> <span class='ocrx_word' id='word_1_200' title='bbox 858 2787 912 2828; x_wconf 91' lang='lat' dir='ltr'><strong>ut</strong></span> <span class='ocrx_word' id='word_1_201' title='bbox 938 2779 1135 2839; x_wconf 85' lang='lat' dir='ltr'><strong>iniuria</strong></span> <span class='ocrx_word' id='word_1_202' title='bbox 1173 2796 1495 2847; x_wconf 80' lang='lat' dir='ltr'><strong>paganorum</strong></span> <span class='ocrx_word' id='word_1_203' title='bbox 1522 2784 1731 2850; x_wconf 85' lang='lat' dir='ltr'><strong>juribus</strong></span> <span class='ocrx_word' id='word_1_204' title='bbox 1757 2789 2124 2841; x_wconf 80' lang='lat' dir='ltr'><strong>ecclesiasticis</strong></span> 
     </span>
    </p>
   </div>
   <div class='ocr_carea' id='block_1_32' title="bbox 576 2865 2124 2936">
    <p class='ocr_par' dir='ltr' id='par_1_32' title="bbox 576 2865 2124 2936">
     <span class='ocr_line' id='line_1_32' title="bbox 576 2865 2124 2936; baseline 0.01 -23"><span class='ocrx_word' id='word_1_205' title='bbox 576 2865 886 2918; x_wconf 85' lang='lat' dir='ltr'><strong>detrimento</strong></span> <span class='ocrx_word' id='word_1_206' title='bbox 947 2872 1040 2926; x_wconf 86' lang='lat' dir='ltr'><strong>sit.</strong></span> <span class='ocrx_word' id='word_1_207' title='bbox 1099 2872 1152 2921; x_wconf 90' lang='lat' dir='ltr'><strong>in</strong></span> <span class='ocrx_word' id='word_1_208' title='bbox 1205 2875 1338 2922; x_wconf 83' lang='lat' dir='ltr'><strong>hunc</strong></span> <span class='ocrx_word' id='word_1_209' title='bbox 1392 2873 1600 2925; x_wconf 87' lang='lat' dir='ltr'><strong>modum</strong></span> <span class='ocrx_word' id='word_1_210' title='bbox 1652 2876 1929 2936; x_wconf 86' lang='lat' dir='ltr'><strong>ordinatis,</strong></span> <span class='ocrx_word' id='word_1_211' title='bbox 1977 2886 2026 2928; x_wconf 88' lang='lat' dir='ltr'><strong>et</strong></span> <span class='ocrx_word' id='word_1_212' title='bbox 2061 2879 2124 2930; x_wconf 82' lang='lat' dir='ltr'><strong>ob</strong></span> 
     </span>
    </p>
   </div>
   <div class='ocr_carea' id='block_1_33' title="bbox 576 2962 2121 3033">
    <p class='ocr_par' dir='ltr' id='par_1_33' title="bbox 576 2962 2121 3033">
     <span class='ocr_line' id='line_1_33' title="bbox 576 2962 2121 3033; baseline 0.009 -27"><span class='ocrx_word' id='word_1_213' title='bbox 576 2971 791 3007; x_wconf 78' lang='lat' dir='ltr'><strong>causam</strong></span> <span class='ocrx_word' id='word_1_214' title='bbox 831 2973 984 3023; x_wconf 85' lang='lat' dir='ltr'><strong>supra</strong></span> <span class='ocrx_word' id='word_1_215' title='bbox 1013 2962 1236 3022; x_wconf 83' lang='lat' dir='ltr'><strong>positam</strong></span> <span class='ocrx_word' id='word_1_216' title='bbox 1267 2963 1474 3016; x_wconf 83' lang='lat' dir='ltr'><strong>thronos</strong></span> <span class='ocrx_word' id='word_1_217' title='bbox 1514 2981 1634 3017; x_wconf 86' lang='lat' dir='ltr'><strong>suos</strong></span> <span class='ocrx_word' id='word_1_218' title='bbox 1675 2982 1776 3018; x_wconf 87' lang='lat' dir='ltr'><strong>non</strong></span> <span class='ocrx_word' id='word_1_219' title='bbox 1805 2967 2121 3033; x_wconf 83' lang='lat' dir='ltr'><strong>possidenti-</strong></span> 
     </span>
    </p>
   </div>
   <div class='ocr_carea' id='block_1_34' title="bbox 2236 556 3795 625">
    <p class='ocr_par' dir='ltr' id='par_1_34' title="bbox 2236 556 3795 625">
     <span class='ocr_line' id='line_1_34' title="bbox 2236 556 3795 625; baseline -0.001 -16"><span class='ocrx_word' id='word_1_220' title='bbox 2236 574 2376 620; x_wconf 89' lang='grc' dir='ltr'>κασι,</span> <span class='ocrx_word' id='word_1_221' title='bbox 2413 558 2502 609; x_wconf 72' lang='grc' dir='ltr'>καὶ</span> <span class='ocrx_word' id='word_1_222' title='bbox 2529 559 2840 625; x_wconf 82' lang='grc' dir='ltr'><strong>πρόκεινται</strong></span> <span class='ocrx_word' id='word_1_223' title='bbox 2864 556 2940 624; x_wconf 79' lang='grc' dir='ltr'><strong>τῷ</strong></span> <span class='ocrx_word' id='word_1_224' title='bbox 2963 557 3268 625; x_wconf 77' lang='grc' dir='ltr'><strong>βουλομένῳ</strong></span> <span class='ocrx_word' id='word_1_225' title='bbox 3312 557 3470 608; x_wconf 80' lang='grc' dir='ltr'>παντὶ</span> <span class='ocrx_word' id='word_1_226' title='bbox 3500 558 3795 625; x_wconf 64' lang='grc' dir='ltr'>φιλότιμος</span> 
     </span>
    </p>
   </div>
   <div class='ocr_carea' id='block_1_35' title="bbox 2232 646 3794 714">
    <p class='ocr_par' dir='ltr' id='par_1_35' title="bbox 2232 646 3794 714">
     <span class='ocr_line' id='line_1_35' title="bbox 2232 646 3794 714; baseline -0.001 -16"><span class='ocrx_word' id='word_1_227' title='bbox 2232 647 2518 698; x_wconf 80' lang='grc' dir='ltr'><strong>πανδαισία</strong></span> <span class='ocrx_word' id='word_1_228' title='bbox 2565 647 2658 698; x_wconf 74' lang='grc' dir='ltr'>καὶ</span> <span class='ocrx_word' id='word_1_229' title='bbox 2687 646 3154 714; x_wconf 85' lang='grc' dir='ltr'>ἀπραγμάτευτος,</span> <span class='ocrx_word' id='word_1_230' title='bbox 3185 648 3278 698; x_wconf 74' lang='grc' dir='ltr'>καὶ</span> <span class='ocrx_word' id='word_1_231' title='bbox 3328 646 3554 706; x_wconf 85' lang='grc' dir='ltr'>πάντως</span> <span class='ocrx_word' id='word_1_232' title='bbox 3579 648 3658 714; x_wconf 77' lang='grc' dir='ltr'>τῷ</span> <span class='ocrx_word' id='word_1_233' title='bbox 3691 663 3794 714; x_wconf 61' lang='grc' dir='ltr'><strong>μεθ</strong></span> 
     </span>
    </p>
   </div>
   <div class='ocr_carea' id='block_1_36' title="bbox 2232 729 3796 803">
    <p class='ocr_par' dir='ltr' id='par_1_36' title="bbox 2232 729 3796 803">
     <span class='ocr_line' id='line_1_36' title="bbox 2232 729 3796 803; baseline 0.001 -19"><span class='ocrx_word' id='word_1_234' title='bbox 2232 734 2466 802; x_wconf 82' lang='grc' dir='ltr'>λικράτῳ</span> <span class='ocrx_word' id='word_1_235' title='bbox 2504 735 2592 803; x_wconf 80' lang='grc' dir='ltr'>τῆς</span> <span class='ocrx_word' id='word_1_236' title='bbox 2617 734 2962 796; x_wconf 71' lang='grc' dir='ltr'><strong>διδασκαλίας</strong></span> <span class='ocrx_word' id='word_1_237' title='bbox 3001 729 3177 786; x_wconf 60' lang='lat' dir='ltr'><strong>ac.er</strong></span> <span class='ocrx_word' id='word_1_238' title='bbox 3229 734 3543 802; x_wconf 80' lang='grc' dir='ltr'>ἑμελιτώθη</span> <span class='ocrx_word' id='word_1_239' title='bbox 3599 735 3662 785; x_wconf 77' lang='grc' dir='ltr'><strong>τὸ</strong></span> <span class='ocrx_word' id='word_1_240' title='bbox 3690 736 3796 799; x_wconf 75' lang='grc' dir='ltr'>τῆς</span> 
     </span>
    </p>
   </div>
   <div class='ocr_carea' id='block_1_37' title="bbox 2231 823 3794 890">
    <p class='ocr_par' dir='ltr' id='par_1_37' title="bbox 2231 823 3794 890">
     <span class='ocr_line' id='line_1_37' title="bbox 2231 823 3794 890; baseline 0.001 -18"><span class='ocrx_word' id='word_1_241' title='bbox 2231 824 2446 890; x_wconf 84' lang='grc' dir='ltr'><strong>ἀγνοίας</strong></span> <span class='ocrx_word' id='word_1_242' title='bbox 2477 825 2696 876; x_wconf 76' lang='grc' dir='ltr'><strong>ἐκείνων</strong></span> <span class='ocrx_word' id='word_1_243' title='bbox 2729 824 2985 890; x_wconf 55' lang='lat' dir='ltr'><strong>domum.</strong></span> <span class='ocrx_word' id='word_1_244' title='bbox 3018 823 3079 874; x_wconf 84' lang='grc' dir='ltr'>Εί</span> <span class='ocrx_word' id='word_1_245' title='bbox 3112 823 3166 874; x_wconf 83' lang='grc' dir='ltr'>δὲ</span> <span class='ocrx_word' id='word_1_246' title='bbox 3185 823 3274 874; x_wconf 82' lang='grc' dir='ltr'>τοῦ</span> <span class='ocrx_word' id='word_1_247' title='bbox 3310 824 3457 875; x_wconf 82' lang='grc' dir='ltr'>θείου</span> <span class='ocrx_word' id='word_1_248' title='bbox 3481 825 3794 888; x_wconf 64' lang='grc' dir='ltr'>καταλόγοδ</span> 
     </span>
    </p>
   </div>
   <div class='ocr_carea' id='block_1_38' title="bbox 2230 911 3799 982">
    <p class='ocr_par' dir='ltr' id='par_1_38' title="bbox 2230 911 3799 982">
     <span class='ocr_line' id='line_1_38' title="bbox 2230 911 3799 982; baseline -0.002 -19"><span class='ocrx_word' id='word_1_249' title='bbox 2230 912 2336 963; x_wconf 84' lang='grc' dir='ltr'><strong>τῶν</strong></span> <span class='ocrx_word' id='word_1_250' title='bbox 2365 913 2658 981; x_wconf 86' lang='grc' dir='ltr'>ἀρχιερέων</span> <span class='ocrx_word' id='word_1_251' title='bbox 2687 913 2811 975; x_wconf 66' lang='lat' dir='ltr'><strong>stat,</strong></span> <span class='ocrx_word' id='word_1_252' title='bbox 2843 911 3035 979; x_wconf 73' lang='grc' dir='ltr'>βαὸαίί</span> <span class='ocrx_word' id='word_1_253' title='bbox 3074 912 3189 973; x_wconf 85' lang='grc' dir='ltr'>πῶς</span> <span class='ocrx_word' id='word_1_254' title='bbox 3210 912 3273 964; x_wconf 79' lang='grc' dir='ltr'>ἄν</span> <span class='ocrx_word' id='word_1_255' title='bbox 3292 928 3375 973; x_wconf 84' lang='grc' dir='ltr'><strong>τις</strong></span> <span class='ocrx_word' id='word_1_256' title='bbox 3410 915 3546 982; x_wconf 61' lang='lat' dir='ltr'><strong>sing</strong></span> <span class='ocrx_word' id='word_1_257' title='bbox 3589 913 3684 963; x_wconf 72' lang='lat' dir='ltr'><strong>atat</strong></span> <span class='ocrx_word' id='word_1_258' title='bbox 3715 913 3799 962; x_wconf 78' lang='grc' dir='ltr'>δι-</span> 
     </span>
    </p>
   </div>
   <div class='ocr_carea' id='block_1_39' title="bbox 2230 1001 3793 1070">
    <p class='ocr_par' dir='ltr' id='par_1_39' title="bbox 2230 1001 3793 1070">
     <span class='ocr_line' id='line_1_39' title="bbox 2230 1001 3793 1070; baseline -0.001 -17"><span class='ocrx_word' id='word_1_259' title='bbox 2230 1001 2602 1070; x_wconf 79' lang='grc' dir='ltr'>ηγήσεταιτὴν</span> <span class='ocrx_word' id='word_1_260' title='bbox 2626 1002 2965 1070; x_wconf 75' lang='grc' dir='ltr'>ἐπαγομένην</span> <span class='ocrx_word' id='word_1_261' title='bbox 2990 1003 3194 1062; x_wconf 84' lang='grc' dir='ltr'><strong>τούτοις</strong></span> <span class='ocrx_word' id='word_1_262' title='bbox 3225 1003 3555 1070; x_wconf 77' lang='grc' dir='ltr'>κατάκρισιν</span> <span class='ocrx_word' id='word_1_263' title='bbox 3579 1019 3594 1065; x_wconf 89' lang='lat'><strong>;</strong></span> <span class='ocrx_word' id='word_1_264' title='bbox 3625 1003 3793 1062; x_wconf 80' lang='grc' dir='ltr'>Ποίας</span> 
     </span>
    </p>
   </div>
   <div class='ocr_carea' id='block_1_40' title="bbox 2230 1072 3797 1158">
    <p class='ocr_par' dir='ltr' id='par_1_40' title="bbox 2230 1072 3797 1158">
     <span class='ocr_line' id='line_1_40' title="bbox 2230 1072 3797 1158; baseline 0.01 -33"><span class='ocrx_word' id='word_1_265' title='bbox 2230 1072 2693 1157; x_wconf 65' lang='grc' dir='ltr'><strong>γάρ⁴συγγνώμης</strong></span> <span class='ocrx_word' id='word_1_266' title='bbox 2753 1089 3110 1158; x_wconf 72' lang='grc' dir='ltr'><strong>ἀξιωθήσεται</strong></span> <span class='ocrx_word' id='word_1_267' title='bbox 3157 1092 3185 1142; x_wconf 85' lang='grc' dir='ltr'><strong>ό</strong></span> <span class='ocrx_word' id='word_1_268' title='bbox 3231 1089 3504 1140; x_wconf 80' lang='grc' dir='ltr'>διδάσκειν</span> <span class='ocrx_word' id='word_1_269' title='bbox 3559 1073 3797 1149; x_wconf 68' lang='grc' dir='ltr'>κανόνας</span> 
     </span>
    </p>
   </div>
   <div class='ocr_carea' id='block_1_41' title="bbox 2230 1177 3793 1247">
    <p class='ocr_par' dir='ltr' id='par_1_41' title="bbox 2230 1177 3793 1247">
     <span class='ocr_line' id='line_1_41' title="bbox 2230 1177 3793 1247; baseline 0.003 -21"><span class='ocrx_word' id='word_1_270' title='bbox 2230 1177 2710 1245; x_wconf 74' lang='grc' dir='ltr'>ἐπαγγειλάμενος,</span> <span class='ocrx_word' id='word_1_271' title='bbox 2741 1181 2832 1230; x_wconf 78' lang='grc' dir='ltr'>καὶ</span> <span class='ocrx_word' id='word_1_272' title='bbox 2862 1178 3098 1230; x_wconf 82' lang='grc' dir='ltr'>κανόνων</span> <span class='ocrx_word' id='word_1_273' title='bbox 3135 1179 3208 1247; x_wconf 80' lang='grc' dir='ltr'>μὴ</span> <span class='ocrx_word' id='word_1_274' title='bbox 3239 1179 3454 1246; x_wconf 75' lang='grc' dir='ltr'>βλέπων</span> <span class='ocrx_word' id='word_1_275' title='bbox 3472 1180 3793 1247; x_wconf 68' lang='grc' dir='ltr'>παχύτητα,</span> 
     </span>
    </p>
   </div>
   <div class='ocr_carea' id='block_1_42' title="bbox 2228 1262 3800 1334">
    <p class='ocr_par' dir='ltr' id='par_1_42' title="bbox 2228 1262 3800 1334">
     <span class='ocr_line' id='line_1_42' title="bbox 2228 1262 3800 1334; baseline 0.002 -21"><span class='ocrx_word' id='word_1_276' title='bbox 2228 1262 2318 1314; x_wconf 68' lang='grc' dir='ltr'><strong>τὸν</strong></span> <span class='ocrx_word' id='word_1_277' title='bbox 2360 1263 2537 1314; x_wconf 80' lang='grc' dir='ltr'>Ἀθων</span> <span class='ocrx_word' id='word_1_278' title='bbox 2571 1267 2730 1316; x_wconf 84' lang='grc' dir='ltr'>αὐτὸν</span> <span class='ocrx_word' id='word_1_279' title='bbox 2755 1266 2936 1333; x_wconf 74' lang='grc' dir='ltr'>σχεδὸν</span> <span class='ocrx_word' id='word_1_280' title='bbox 2965 1266 3424 1334; x_wconf 75' lang='grc' dir='ltr'>ύπερϐαίνουσανς</span> <span class='ocrx_word' id='word_1_281' title='bbox 3458 1266 3690 1327; x_wconf 82' lang='grc' dir='ltr'><strong>Πάντως</strong></span> <span class='ocrx_word' id='word_1_282' title='bbox 3707 1269 3800 1316; x_wconf 65' lang='grc' dir='ltr'>ού-</span> 
     </span>
    </p>
   </div>
   <div class='ocr_carea' id='block_1_43' title="bbox 2227 1351 3794 1423">
    <p class='ocr_par' dir='ltr' id='par_1_43' title="bbox 2227 1351 3794 1423">
     <span class='ocr_line' id='line_1_43' title="bbox 2227 1351 3794 1423; baseline 0.002 -20"><span class='ocrx_word' id='word_1_283' title='bbox 2227 1351 2441 1416; x_wconf 78' lang='grc' dir='ltr'>δεμιᾶςο</span> <span class='ocrx_word' id='word_1_284' title='bbox 2471 1352 2688 1404; x_wconf 78' lang='grc' dir='ltr'>ἀκούσει</span> <span class='ocrx_word' id='word_1_285' title='bbox 2725 1354 2780 1405; x_wconf 79' lang='grc' dir='ltr'>δὲ</span> <span class='ocrx_word' id='word_1_286' title='bbox 2806 1354 2903 1421; x_wconf 83' lang='grc' dir='ltr'><strong>μᾶ)</strong></span> <span class='ocrx_word' id='word_1_287' title='bbox 2915 1354 3003 1406; x_wconf 89' lang='grc' dir='ltr'><strong>λον</strong></span> <span class='ocrx_word' id='word_1_288' title='bbox 3028 1355 3134 1405; x_wconf 76' lang='grc' dir='ltr'><strong>άπὸ</strong></span> <span class='ocrx_word' id='word_1_289' title='bbox 3156 1353 3287 1406; x_wconf 80' lang='grc' dir='ltr'>Θεοῦ</span> <span class='ocrx_word' id='word_1_290' title='bbox 3323 1356 3794 1423; x_wconf 64' lang='grc' dir='ltr'>παντοκράτορος</span> 
     </span>
    </p>
   </div>
   <div class='ocr_carea' id='block_1_44' title="bbox 2229 1438 3796 1510">
    <p class='ocr_par' dir='ltr' id='par_1_44' title="bbox 2229 1438 3796 1510">
     <span class='ocr_line' id='line_1_44' title="bbox 2229 1438 3796 1510; baseline 0.003 -23"><span class='ocrx_word' id='word_1_291' title='bbox 2229 1439 2300 1488; x_wconf 87' lang='grc' dir='ltr'><strong>Σὺ</strong></span> <span class='ocrx_word' id='word_1_292' title='bbox 2334 1438 2533 1491; x_wconf 83' lang='grc' dir='ltr'>ἀπώσω</span> <span class='ocrx_word' id='word_1_293' title='bbox 2559 1440 2922 1509; x_wconf 80' lang='grc' dir='ltr'>δικαιοσύνην,</span> <span class='ocrx_word' id='word_1_294' title='bbox 2970 1443 3122 1509; x_wconf 84' lang='grc' dir='ltr'><strong>κάγὼ</strong></span> <span class='ocrx_word' id='word_1_295' title='bbox 3149 1443 3445 1510; x_wconf 85' lang='grc' dir='ltr'>ἀπώσομαί</span> <span class='ocrx_word' id='word_1_296' title='bbox 3481 1460 3542 1494; x_wconf 82' lang='grc' dir='ltr'><strong>σε</strong></span> <span class='ocrx_word' id='word_1_297' title='bbox 3591 1443 3682 1494; x_wconf 71' lang='grc' dir='ltr'>τοῦ</span> <span class='ocrx_word' id='word_1_298' title='bbox 3719 1445 3796 1510; x_wconf 77' lang='grc' dir='ltr'>μὴ</span> 
     </span>
    </p>
   </div>
   <div class='ocr_carea' id='block_1_45' title="bbox 2231 1528 3800 1600">
    <p class='ocr_par' dir='ltr' id='par_1_45' title="bbox 2231 1528 3800 1600">
     <span class='ocr_line' id='line_1_45' title="bbox 2231 1528 3800 1600; baseline 0.001 -22"><span class='ocrx_word' id='word_1_299' title='bbox 2231 1528 2522 1594; x_wconf 74' lang='grc' dir='ltr'>ἱερατεύειν</span> <span class='ocrx_word' id='word_1_300' title='bbox 2555 1547 2664 1593; x_wconf 87' lang='grc' dir='ltr'>μοι.</span> <span class='ocrx_word' id='word_1_301' title='bbox 2701 1531 2858 1584; x_wconf 87' lang='grc' dir='ltr'>Ὅθεν</span> <span class='ocrx_word' id='word_1_302' title='bbox 2891 1532 2986 1600; x_wconf 76' lang='grc' dir='ltr'>τὴν</span> <span class='ocrx_word' id='word_1_303' title='bbox 3020 1533 3146 1600; x_wconf 80' lang='grc' dir='ltr'>περὶ</span> <span class='ocrx_word' id='word_1_304' title='bbox 3178 1532 3363 1583; x_wconf 89' lang='grc' dir='ltr'>τούτου</span> <span class='ocrx_word' id='word_1_305' title='bbox 3415 1532 3623 1597; x_wconf 78' lang='grc' dir='ltr'>πολλὴν</span> <span class='ocrx_word' id='word_1_306' title='bbox 3651 1534 3800 1584; x_wconf 71' lang='grc' dir='ltr'>ἀντι-</span> 
     </span>
    </p>
   </div>
   <div class='ocr_carea' id='block_1_46' title="bbox 2228 1616 3796 1692">
    <p class='ocr_par' dir='ltr' id='par_1_46' title="bbox 2228 1616 3796 1692">
     <span class='ocr_line' id='line_1_46' title="bbox 2228 1616 3796 1692; baseline 0.004 -25"><span class='ocrx_word' id='word_1_307' title='bbox 2228 1616 2412 1683; x_wconf 88' lang='grc' dir='ltr'>λογίαν</span> <span class='ocrx_word' id='word_1_308' title='bbox 2445 1621 2772 1681; x_wconf 80' lang='grc' dir='ltr'>καταλιπὼν,</span> <span class='ocrx_word' id='word_1_309' title='bbox 2821 1627 3247 1690; x_wconf 85' lang='grc' dir='ltr'>καταστρωννύω</span> <span class='ocrx_word' id='word_1_310' title='bbox 3276 1625 3410 1691; x_wconf 80' lang='grc' dir='ltr'>πρὸς</span> <span class='ocrx_word' id='word_1_311' title='bbox 3445 1625 3796 1692; x_wconf 75' lang='grc' dir='ltr'>περιαίρεσιν</span> 
     </span>
    </p>
   </div>
   <div class='ocr_carea' id='block_1_47' title="bbox 2230 1707 3797 1783">
    <p class='ocr_par' dir='ltr' id='par_1_47' title="bbox 2230 1707 3797 1783">
     <span class='ocr_line' id='line_1_47' title="bbox 2230 1707 3797 1783; baseline 0.005 -27"><span class='ocrx_word' id='word_1_312' title='bbox 2230 1707 2524 1760; x_wconf 83' lang='grc' dir='ltr'>σκανδάλου</span> <span class='ocrx_word' id='word_1_313' title='bbox 2557 1712 2753 1772; x_wconf 82' lang='grc' dir='ltr'>παντὸς</span> <span class='ocrx_word' id='word_1_314' title='bbox 2778 1715 2840 1782; x_wconf 79' lang='grc' dir='ltr'>τῇ</span> <span class='ocrx_word' id='word_1_315' title='bbox 2870 1714 3117 1783; x_wconf 81' lang='grc' dir='ltr'>παρούσῃ</span> <span class='ocrx_word' id='word_1_316' title='bbox 3143 1717 3320 1783; x_wconf 78' lang='grc' dir='ltr'>γραφῇ</span> <span class='ocrx_word' id='word_1_317' title='bbox 3357 1715 3448 1764; x_wconf 84' lang='grc' dir='ltr'>τὸν</span> <span class='ocrx_word' id='word_1_318' title='bbox 3478 1713 3556 1777; x_wconf 74' lang='grc' dir='ltr'><strong>λζ’</strong></span> <span class='ocrx_word' id='word_1_319' title='bbox 3593 1716 3797 1766; x_wconf 61' lang='grc' dir='ltr'>κανόνα</span> 
     </span>
    </p>
   </div>
   <div class='ocr_carea' id='block_1_48' title="bbox 2231 1794 3800 1869">
    <p class='ocr_par' dir='ltr' id='par_1_48' title="bbox 2231 1794 3800 1869">
     <span class='ocr_line' id='line_1_48' title="bbox 2231 1794 3800 1869; baseline 0.007 -25"><span class='ocrx_word' id='word_1_320' title='bbox 2231 1794 2324 1860; x_wconf 87' lang='grc' dir='ltr'>τῆς</span> <span class='ocrx_word' id='word_1_321' title='bbox 2354 1796 2410 1846; x_wconf 83' lang='grc' dir='ltr'>ὲν</span> <span class='ocrx_word' id='word_1_322' title='bbox 2431 1797 2507 1864; x_wconf 89' lang='grc' dir='ltr'>τῷ</span> <span class='ocrx_word' id='word_1_323' title='bbox 2537 1798 2785 1867; x_wconf 79' lang='grc' dir='ltr'>Τρού).λῳ</span> <span class='ocrx_word' id='word_1_324' title='bbox 2833 1801 2926 1852; x_wconf 81' lang='grc' dir='ltr'>τοῦ</span> <span class='ocrx_word' id='word_1_325' title='bbox 2962 1802 3193 1869; x_wconf 80' lang='grc' dir='ltr'>μεγάλου</span> <span class='ocrx_word' id='word_1_326' title='bbox 3221 1802 3482 1852; x_wconf 84' lang='grc' dir='ltr'>παλατίου</span> <span class='ocrx_word' id='word_1_327' title='bbox 3515 1804 3800 1868; x_wconf 70' lang='grc' dir='ltr'>συστάσης</span> 
     </span>
    </p>
   </div>
   <div class='ocr_carea' id='block_1_49' title="bbox 2227 1887 3800 1958">
    <p class='ocr_par' dir='ltr' id='par_1_49' title="bbox 2227 1887 3800 1958">
     <span class='ocr_line' id='line_1_49' title="bbox 2227 1887 3800 1958; baseline 0.002 -21"><span class='ocrx_word' id='word_1_328' title='bbox 2227 1887 2383 1952; x_wconf 82' lang='grc' dir='ltr'>ἁγίας</span> <span class='ocrx_word' id='word_1_329' title='bbox 2409 1888 2499 1939; x_wconf 73' lang='grc' dir='ltr'>καὶ</span> <span class='ocrx_word' id='word_1_330' title='bbox 2529 1888 2910 1956; x_wconf 83' lang='grc' dir='ltr'>οίκουμενικῆ¹ς</span> <span class='ocrx_word' id='word_1_331' title='bbox 2937 1890 3150 1941; x_wconf 86' lang='grc' dir='ltr'>συνόδου</span> <span class='ocrx_word' id='word_1_332' title='bbox 3178 1891 3274 1958; x_wconf 85' lang='grc' dir='ltr'><strong>τῆς</strong></span> <span class='ocrx_word' id='word_1_333' title='bbox 3303 1891 3610 1958; x_wconf 75' lang='grc' dir='ltr'>λεγομένης</span> <span class='ocrx_word' id='word_1_334' title='bbox 3633 1892 3800 1942; x_wconf 74' lang='grc' dir='ltr'>πενθ-</span> 
     </span>
    </p>
   </div>
   <div class='ocr_carea' id='block_1_50' title="bbox 2237 1975 3798 2047">
    <p class='ocr_par' dir='ltr' id='par_1_50' title="bbox 2237 1975 3798 2047">
     <span class='ocr_line' id='line_1_50' title="bbox 2237 1975 3798 2047; baseline 0.003 -21"><span class='ocrx_word' id='word_1_335' title='bbox 2237 1975 2422 2044; x_wconf 86' lang='grc' dir='ltr'>έκτης,</span> <span class='ocrx_word' id='word_1_336' title='bbox 2459 1976 2628 2039; x_wconf 80' lang='grc' dir='ltr'>οὕτως</span> <span class='ocrx_word' id='word_1_337' title='bbox 2659 1978 2751 2028; x_wconf 75' lang='grc' dir='ltr'><strong>ἐπὶ</strong></span> <span class='ocrx_word' id='word_1_338' title='bbox 2777 1979 2968 2040; x_wconf 72' lang='grc' dir='ltr'>λέξεως</span> <span class='ocrx_word' id='word_1_339' title='bbox 2996 1978 3207 2047; x_wconf 70' lang='grc' dir='ltr'>ἔχοντα’</span> <span class='ocrx_word' id='word_1_340' title='bbox 3226 1979 3459 2044; x_wconf 75' lang='grc' dir='ltr'>Ἐπειδὴ</span> <span class='ocrx_word' id='word_1_341' title='bbox 3491 1981 3649 2033; x_wconf 74' lang='grc' dir='ltr'>κατὰ</span> <span class='ocrx_word' id='word_1_342' title='bbox 3670 1979 3798 2031; x_wconf 82' lang='grc' dir='ltr'>δια-</span> 
     </span>
    </p>
   </div>
   <div class='ocr_carea' id='block_1_51' title="bbox 2227 2066 3794 2136">
    <p class='ocr_par' dir='ltr' id='par_1_51' title="bbox 2227 2066 3794 2136">
     <span class='ocr_line' id='line_1_51' title="bbox 2227 2066 3794 2136; baseline 0.003 -20"><span class='ocrx_word' id='word_1_343' title='bbox 2227 2066 2444 2131; x_wconf 71' lang='grc' dir='ltr'>φόρους</span> <span class='ocrx_word' id='word_1_344' title='bbox 2461 2066 2698 2131; x_wconf 81' lang='grc' dir='ltr'>καιροὺς</span> <span class='ocrx_word' id='word_1_345' title='bbox 2711 2067 3058 2134; x_wconf 74' lang='grc' dir='ltr'>βαρϐαρικαὶ</span> <span class='ocrx_word' id='word_1_346' title='bbox 3086 2071 3403 2136; x_wconf 75' lang='grc' dir='ltr'>γεγόνασιν</span> <span class='ocrx_word' id='word_1_347' title='bbox 3428 2069 3665 2136; x_wconf 72' lang='grc' dir='ltr'>ἔφοδοι,</span> <span class='ocrx_word' id='word_1_348' title='bbox 3692 2073 3794 2121; x_wconf 74' lang='grc' dir='ltr'>καὶ</span> 
     </span>
    </p>
   </div>
   <div class='ocr_carea' id='block_1_52' title="bbox 2227 2155 3796 2226">
    <p class='ocr_par' dir='ltr' id='par_1_52' title="bbox 2227 2155 3796 2226">
     <span class='ocr_line' id='line_1_52' title="bbox 2227 2155 3796 2226; baseline 0.004 -22"><span class='ocrx_word' id='word_1_349' title='bbox 2227 2155 2500 2207; x_wconf 79' lang='grc' dir='ltr'>πλεῖσται</span> <span class='ocrx_word' id='word_1_350' title='bbox 2511 2156 2715 2220; x_wconf 73' lang='grc' dir='ltr'>πόλεις</span> <span class='ocrx_word' id='word_1_351' title='bbox 2729 2156 3004 2210; x_wconf 75' lang='grc' dir='ltr'>ἐντεῦθεν</span> <span class='ocrx_word' id='word_1_352' title='bbox 3024 2161 3350 2226; x_wconf 77' lang='grc' dir='ltr'>ὑποχείριοι</span> <span class='ocrx_word' id='word_1_353' title='bbox 3383 2159 3508 2221; x_wconf 82' lang='grc' dir='ltr'>τοῖς</span> <span class='ocrx_word' id='word_1_354' title='bbox 3538 2161 3796 2225; x_wconf 75' lang='grc' dir='ltr'>ἀνόμοις</span> 
     </span>
    </p>
   </div>
   <div class='ocr_carea' id='block_1_53' title="bbox 2227 2243 3794 2314">
    <p class='ocr_par' dir='ltr' id='par_1_53' title="bbox 2227 2243 3794 2314">
     <span class='ocr_line' id='line_1_53' title="bbox 2227 2243 3794 2314; baseline 0.008 -20"><span class='ocrx_word' id='word_1_355' title='bbox 2227 2243 2623 2309; x_wconf 77' lang='grc' dir='ltr'>κατέστησαν,</span> <span class='ocrx_word' id='word_1_356' title='bbox 2660 2245 2738 2309; x_wconf 84' lang='grc' dir='ltr'>ὡς</span> <span class='ocrx_word' id='word_1_357' title='bbox 2764 2247 3037 2300; x_wconf 81' lang='grc' dir='ltr'>ἐντεῦθεν</span> <span class='ocrx_word' id='word_1_358' title='bbox 3053 2247 3137 2314; x_wconf 81' lang='grc' dir='ltr'><strong>μὴ</strong></span> <span class='ocrx_word' id='word_1_359' title='bbox 3170 2246 3502 2311; x_wconf 76' lang='grc' dir='ltr'>δυνηθῆναι</span> <span class='ocrx_word' id='word_1_360' title='bbox 3535 2249 3647 2298; x_wconf 71' lang='grc' dir='ltr'>τὸν</span> <span class='ocrx_word' id='word_1_361' title='bbox 3684 2247 3794 2309; x_wconf 68' lang='grc' dir='ltr'><strong>τῆῖ</strong></span> 
     </span>
    </p>
   </div>
   <div class='ocr_carea' id='block_1_54' title="bbox 2227 2335 3791 2404">
    <p class='ocr_par' dir='ltr' id='par_1_54' title="bbox 2227 2335 3791 2404">
     <span class='ocr_line' id='line_1_54' title="bbox 2227 2335 3791 2404; baseline 0.002 -19"><span class='ocrx_word' id='word_1_362' title='bbox 2227 2336 2503 2399; x_wconf 83' lang='grc' dir='ltr'>τοιαύτης</span> <span class='ocrx_word' id='word_1_363' title='bbox 2545 2335 2772 2401; x_wconf 72' lang='grc' dir='ltr'>πόλεως</span> <span class='ocrx_word' id='word_1_364' title='bbox 2813 2336 3095 2404; x_wconf 74' lang='grc' dir='ltr'>πρόεδρον</span> <span class='ocrx_word' id='word_1_365' title='bbox 3147 2338 3299 2404; x_wconf 81' lang='grc' dir='ltr'>μετὰ</span> <span class='ocrx_word' id='word_1_366' title='bbox 3333 2337 3446 2402; x_wconf 83' lang='grc' dir='ltr'>τὴν</span> <span class='ocrx_word' id='word_1_367' title='bbox 3475 2337 3571 2388; x_wconf 76' lang='grc' dir='ltr'><strong>ἐπ’</strong></span> <span class='ocrx_word' id='word_1_368' title='bbox 3623 2336 3791 2399; x_wconf 69' lang='grc' dir='ltr'><strong>αὑτῷ</strong></span> 
     </span>
    </p>
   </div>
   <div class='ocr_carea' id='block_1_55' title="bbox 2228 2425 3790 2492">
    <p class='ocr_par' dir='ltr' id='par_1_55' title="bbox 2228 2425 3790 2492">
     <span class='ocr_line' id='line_1_55' title="bbox 2228 2425 3790 2492; baseline 0 -16"><span class='ocrx_word' id='word_1_369' title='bbox 2228 2425 2592 2490; x_wconf 75' lang='grc' dir='ltr'>χειροτονίαν</span> <span class='ocrx_word' id='word_1_370' title='bbox 2618 2426 2724 2476; x_wconf 88' lang='grc' dir='ltr'>τὸν</span> <span class='ocrx_word' id='word_1_371' title='bbox 2755 2426 2973 2478; x_wconf 73' lang='grc' dir='ltr'>οἰκεῖον</span> <span class='ocrx_word' id='word_1_372' title='bbox 3004 2429 3220 2492; x_wconf 79' lang='grc' dir='ltr'><strong>θρόνον</strong></span> <span class='ocrx_word' id='word_1_373' title='bbox 3248 2427 3634 2490; x_wconf 70' lang='grc' dir='ltr'>καταλαϐεῖν,</span> <span class='ocrx_word' id='word_1_374' title='bbox 3692 2429 3790 2477; x_wconf 73' lang='grc' dir='ltr'>καὶ</span> 
     </span>
    </p>
   </div>
   <div class='ocr_carea' id='block_1_56' title="bbox 2227 2512 3795 2583">
    <p class='ocr_par' dir='ltr' id='par_1_56' title="bbox 2227 2512 3795 2583">
     <span class='ocr_line' id='line_1_56' title="bbox 2227 2512 3795 2583; baseline 0.002 -20"><span class='ocrx_word' id='word_1_375' title='bbox 2227 2514 2294 2563; x_wconf 79' lang='grc' dir='ltr'>ἐν</span> <span class='ocrx_word' id='word_1_376' title='bbox 2324 2512 2482 2575; x_wconf 84' lang='grc' dir='ltr'><strong>αὐτῷ</strong></span> <span class='ocrx_word' id='word_1_377' title='bbox 2529 2512 2788 2580; x_wconf 78' lang='grc' dir='ltr'>ἱερατικῇ</span> <span class='ocrx_word' id='word_1_378' title='bbox 2849 2515 3207 2568; x_wconf 78' lang='grc' dir='ltr'>καταστάσει</span> <span class='ocrx_word' id='word_1_379' title='bbox 3253 2516 3660 2583; x_wconf 83' lang='grc' dir='ltr'>ἐνιδρυθῆναι.</span> <span class='ocrx_word' id='word_1_380' title='bbox 3694 2514 3795 2567; x_wconf 66' lang='grc' dir='ltr'>καὶ</span> 
     </span>
    </p>
   </div>
   <div class='ocr_carea' id='block_1_57' title="bbox 2227 2601 3788 2671">
    <p class='ocr_par' dir='ltr' id='par_1_57' title="bbox 2227 2601 3788 2671">
     <span class='ocr_line' id='line_1_57' title="bbox 2227 2601 3788 2671; baseline 0.003 -20"><span class='ocrx_word' id='word_1_381' title='bbox 2227 2601 2377 2651; x_wconf 76' lang='grc' dir='ltr'>οὕτω</span> <span class='ocrx_word' id='word_1_382' title='bbox 2442 2601 2588 2652; x_wconf 85' lang='grc' dir='ltr'>κατὰ</span> <span class='ocrx_word' id='word_1_383' title='bbox 2640 2601 2708 2654; x_wconf 84' lang='grc' dir='ltr'>τὸ</span> <span class='ocrx_word' id='word_1_384' title='bbox 2737 2601 3042 2668; x_wconf 79' lang='grc' dir='ltr'>κρατῆσαν</span> <span class='ocrx_word' id='word_1_385' title='bbox 3080 2604 3216 2667; x_wconf 74' lang='grc' dir='ltr'>ἔθος</span> <span class='ocrx_word' id='word_1_386' title='bbox 3250 2603 3354 2668; x_wconf 80' lang='grc' dir='ltr'>τὰς</span> <span class='ocrx_word' id='word_1_387' title='bbox 3390 2606 3788 2671; x_wconf 76' lang='grc' dir='ltr'>χειροτονίας,</span> 
     </span>
    </p>
   </div>
   <div class='ocr_carea' id='block_1_58' title="bbox 2229 2688 3790 2759">
    <p class='ocr_par' dir='ltr' id='par_1_58' title="bbox 2229 2688 3790 2759">
     <span class='ocr_line' id='line_1_58' title="bbox 2229 2688 3790 2759; baseline 0.003 -19"><span class='ocrx_word' id='word_1_388' title='bbox 2229 2688 2325 2741; x_wconf 78' lang='grc' dir='ltr'>καὶ</span> <span class='ocrx_word' id='word_1_389' title='bbox 2353 2688 2564 2752; x_wconf 80' lang='grc' dir='ltr'>πάντα,</span> <span class='ocrx_word' id='word_1_390' title='bbox 2610 2689 2645 2743; x_wconf 87' lang='lat' dir='ltr'><strong>d</strong></span> <span class='ocrx_word' id='word_1_391' title='bbox 2690 2688 2767 2754; x_wconf 83' lang='grc' dir='ltr'>τῷ</span> <span class='ocrx_word' id='word_1_392' title='bbox 2789 2691 3096 2756; x_wconf 78' lang='grc' dir='ltr'><strong>ἐπισκόπῳ</strong></span> <span class='ocrx_word' id='word_1_393' title='bbox 3143 2693 3370 2759; x_wconf 79' lang='grc' dir='ltr'>ἀνήκει,</span> <span class='ocrx_word' id='word_1_394' title='bbox 3415 2695 3708 2759; x_wconf 74' lang='grc' dir='ltr'>πράττειν</span> <span class='ocrx_word' id='word_1_395' title='bbox 3733 2710 3790 2745; x_wconf 83' lang='grc' dir='ltr'><strong>τε</strong></span> 
     </span>
    </p>
   </div>
   <div class='ocr_carea' id='block_1_59' title="bbox 2228 2781 3790 2852">
    <p class='ocr_par' dir='ltr' id='par_1_59' title="bbox 2228 2781 3790 2852">
     <span class='ocr_line' id='line_1_59' title="bbox 2228 2781 3790 2852; baseline 0.002 -20"><span class='ocrx_word' id='word_1_396' title='bbox 2228 2781 2322 2832; x_wconf 80' lang='grc' dir='ltr'><strong>καί</strong></span> <span class='ocrx_word' id='word_1_397' title='bbox 2374 2781 2901 2849; x_wconf 78' lang='grc' dir='ltr'>μεταχειρίζεσθαι,</span> <span class='ocrx_word' id='word_1_398' title='bbox 2959 2783 3124 2852; x_wconf 75' lang='grc' dir='ltr'>ἡμεῖς</span> <span class='ocrx_word' id='word_1_399' title='bbox 3152 2784 3217 2835; x_wconf 90' lang='grc' dir='ltr'>τὸ</span> <span class='ocrx_word' id='word_1_400' title='bbox 3253 2785 3439 2852; x_wconf 82' lang='grc' dir='ltr'>τίμιον</span> <span class='ocrx_word' id='word_1_401' title='bbox 3477 2787 3572 2837; x_wconf 78' lang='grc' dir='ltr'>καὶ</span> <span class='ocrx_word' id='word_1_402' title='bbox 3611 2787 3790 2838; x_wconf 59' lang='lat' dir='ltr'><strong>erecti-</strong></span> 
     </span>
    </p>
   </div>
   <div class='ocr_carea' id='block_1_60' title="bbox 2228 2869 3790 2944">
    <p class='ocr_par' dir='ltr' id='par_1_60' title="bbox 2228 2869 3790 2944">
     <span class='ocr_line' id='line_1_60' title="bbox 2228 2869 3790 2944; baseline 0.004 -22"><span class='ocrx_word' id='word_1_403' title='bbox 2228 2885 2404 2936; x_wconf 84' lang='grc' dir='ltr'>σμιον</span> <span class='ocrx_word' id='word_1_404' title='bbox 2433 2869 2509 2937; x_wconf 78' lang='grc' dir='ltr'>τῇ</span> <span class='ocrx_word' id='word_1_405' title='bbox 2563 2874 2852 2940; x_wconf 82' lang='grc' dir='ltr'>ἱερωσύνῃ</span> <span class='ocrx_word' id='word_1_406' title='bbox 2897 2873 3319 2941; x_wconf 71' lang='grc' dir='ltr'>φυλάττοντες,</span> <span class='ocrx_word' id='word_1_407' title='bbox 3365 2875 3461 2928; x_wconf 77' lang='grc' dir='ltr'>καὶ</span> <span class='ocrx_word' id='word_1_408' title='bbox 3500 2875 3790 2944; x_wconf 73' lang='grc' dir='ltr'>μηδαμῶς</span> 
     </span>
    </p>
   </div>
   <div class='ocr_carea' id='block_1_61' title="bbox 2226 2960 3789 3029">
    <p class='ocr_par' dir='ltr' id='par_1_61' title="bbox 2226 2960 3789 3029">
     <span class='ocr_line' id='line_1_61' title="bbox 2226 2960 3789 3029; baseline -0.008 -2"><span class='ocrx_word' id='word_1_409' title='bbox 2226 2960 2372 3027; x_wconf 76' lang='grc' dir='ltr'><strong>πρὸς</strong></span> <span class='ocrx_word' id='word_1_410' title='bbox 2399 2962 2598 3027; x_wconf 78' lang='grc' dir='ltr'>λύμην</span> <span class='ocrx_word' id='word_1_411' title='bbox 2646 2961 2761 3013; x_wconf 83' lang='grc' dir='ltr'>τῶν</span> <span class='ocrx_word' id='word_1_412' title='bbox 2805 2963 3318 3028; x_wconf 75' lang='grc' dir='ltr'>ἐκκλησιαστικών</span> <span class='ocrx_word' id='word_1_413' title='bbox 3372 2964 3618 3017; x_wconf 82' lang='grc' dir='ltr'>δικαίων</span> <span class='ocrx_word' id='word_1_414' title='bbox 3678 2968 3789 3029; x_wconf 73' lang='grc' dir='ltr'>τὴν</span> 
     </span>
    </p>
   </div>
   <div class='ocr_carea' id='block_1_62' title="bbox 579 3044 2120 3122">
    <p class='ocr_par' dir='ltr' id='par_1_62' title="bbox 579 3044 2120 3114">
     <span class='ocr_line' id='line_1_62' title="bbox 579 3044 2120 3114; baseline 0.01 -22"><span class='ocrx_word' id='word_1_415' title='bbox 579 3044 704 3104; x_wconf 77' lang='lat' dir='ltr'><strong>bus,</strong></span> <span class='ocrx_word' id='word_1_416' title='bbox 726 3046 814 3109; x_wconf 87' lang='lat' dir='ltr'><strong>jus</strong></span> <span class='ocrx_word' id='word_1_417' title='bbox 856 3061 1009 3097; x_wconf 88' lang='lat' dir='ltr'><strong>suum</strong></span> <span class='ocrx_word' id='word_1_418' title='bbox 1044 3051 1235 3114; x_wconf 78' lang='lat' dir='ltr'><strong>absque</strong></span> <span class='ocrx_word' id='word_1_419' title='bbox 1261 3050 1564 3114; x_wconf 67' lang='lat' dir='ltr'><strong>praeiudicio</strong></span> <span class='ocrx_word' id='word_1_420' title='bbox 1602 3054 1675 3104; x_wconf 88' lang='lat' dir='ltr'><strong>sic</strong></span> <span class='ocrx_word' id='word_1_421' title='bbox 1710 3055 2120 3107; x_wconf 86' lang='lat' dir='ltr'><strong>conservandum</strong></span> 
     </span>
    </p>
   </div>
   <div class='ocr_carea' id='block_1_63' title="bbox 2226 3044 3788 3122">
    <p class='ocr_par' dir='ltr' id='par_1_63' title="bbox 2226 3052 3788 3122">
     <span class='ocr_line' id='line_1_63' title="bbox 2226 3052 3788 3122; baseline -0.001 -18"><span class='ocrx_word' id='word_1_422' title='bbox 2226 3052 2468 3119; x_wconf 80' lang='grc' dir='ltr'>ὲθνικὴν</span> <span class='ocrx_word' id='word_1_423' title='bbox 2508 3053 2786 3119; x_wconf 80' lang='grc' dir='ltr'>ἐπήρειαν</span> <span class='ocrx_word' id='word_1_424' title='bbox 2828 3054 3188 3121; x_wconf 77' lang='grc' dir='ltr'>ἐνεργεῖσθαι</span> <span class='ocrx_word' id='word_1_425' title='bbox 3217 3057 3578 3122; x_wconf 64' lang='grc' dir='ltr'>,βουλόμενοι</span> <span class='ocrx_word' id='word_1_426' title='bbox 3599 3095 3615 3116; x_wconf 90' lang='grc'><strong>,</strong></span> <span class='ocrx_word' id='word_1_427' title='bbox 3659 3056 3788 3119; x_wconf 72' lang='grc' dir='ltr'>τοῖς</span> 
     </span>
    </p>
   </div>
   <div class='ocr_carea' id='block_1_64' title="bbox 577 3131 2121 3197">
    <p class='ocr_par' dir='ltr' id='par_1_64' title="bbox 577 3131 2121 3197">
     <span class='ocr_line' id='line_1_64' title="bbox 577 3131 2121 3197; baseline 0.01 -17"><span class='ocrx_word' id='word_1_428' title='bbox 577 3131 910 3195; x_wconf 76' lang='lat' dir='ltr'><strong>decrevimus,</strong></span> <span class='ocrx_word' id='word_1_429' title='bbox 942 3143 996 3184; x_wconf 86' lang='lat' dir='ltr'><strong>ut</strong></span> <span class='ocrx_word' id='word_1_430' title='bbox 1025 3145 1072 3187; x_wconf 88' lang='lat' dir='ltr'><strong>et</strong></span> <span class='ocrx_word' id='word_1_431' title='bbox 1098 3137 1448 3190; x_wconf 84' lang='lat' dir='ltr'><strong>ordinationes</strong></span> <span class='ocrx_word' id='word_1_432' title='bbox 1472 3141 1791 3192; x_wconf 83' lang='lat' dir='ltr'><strong>diversorum</strong></span> <span class='ocrx_word' id='word_1_433' title='bbox 1820 3142 2121 3197; x_wconf 80' lang='lat' dir='ltr'><strong>clericorum</strong></span> 
     </span>
    </p>
   </div>
   <div class='ocr_carea' id='block_1_65' title="bbox 569 3220 2123 3294">
    <p class='ocr_par' dir='ltr' id='par_1_65' title="bbox 569 3220 2123 3294">
     <span class='ocr_line' id='line_1_65' title="bbox 569 3220 2123 3294; baseline 0.008 -24"><span class='ocrx_word' id='word_1_434' title='bbox 569 3220 731 3286; x_wconf 74' lang='lat' dir='ltr'><strong>juxta</strong></span> <span class='ocrx_word' id='word_1_435' title='bbox 760 3237 981 3274; x_wconf 86' lang='lat' dir='ltr'><strong>canones</strong></span> <span class='ocrx_word' id='word_1_436' title='bbox 1014 3224 1312 3286; x_wconf 84' lang='lat' dir='ltr'><strong>instituant,</strong></span> <span class='ocrx_word' id='word_1_437' title='bbox 1348 3237 1392 3278; x_wconf 88' lang='lat' dir='ltr'><strong>et</strong></span> <span class='ocrx_word' id='word_1_438' title='bbox 1429 3230 1740 3280; x_wconf 86' lang='lat' dir='ltr'><strong>auctoritate</strong></span> <span class='ocrx_word' id='word_1_439' title='bbox 1779 3230 2123 3294; x_wconf 72' lang='lat' dir='ltr'><strong>praesidentia:</strong></span> 
     </span>
    </p>
   </div>
   <div class='ocr_carea' id='block_1_66' title="bbox 579 3311 2123 3385">
    <p class='ocr_par' dir='ltr' id='par_1_66' title="bbox 579 3311 2123 3385">
     <span class='ocr_line' id='line_1_66' title="bbox 579 3311 2123 3385; baseline 0.009 -26"><span class='ocrx_word' id='word_1_440' title='bbox 579 3311 857 3362; x_wconf 82' lang='lat' dir='ltr'><strong>secundum</strong></span> <span class='ocrx_word' id='word_1_441' title='bbox 888 3313 1094 3364; x_wconf 86' lang='lat' dir='ltr'><strong>modum</strong></span> <span class='ocrx_word' id='word_1_442' title='bbox 1127 3314 1395 3381; x_wconf 78' lang='lat' dir='ltr'><strong>fruantur,</strong></span> <span class='ocrx_word' id='word_1_443' title='bbox 1433 3333 1491 3368; x_wconf 89' lang='lat' dir='ltr'><strong>ac</strong></span> <span class='ocrx_word' id='word_1_444' title='bbox 1515 3317 1732 3385; x_wconf 86' lang='lat' dir='ltr'><strong>denique</strong></span> <span class='ocrx_word' id='word_1_445' title='bbox 1751 3319 1906 3385; x_wconf 78' lang='lat' dir='ltr'><strong>ﬁrma</strong></span> <span class='ocrx_word' id='word_1_446' title='bbox 1929 3329 1976 3372; x_wconf 86' lang='lat' dir='ltr'><strong>et</strong></span> <span class='ocrx_word' id='word_1_447' title='bbox 2004 3331 2123 3373; x_wconf 83' lang='lat' dir='ltr'><strong>rata</strong></span> 
     </span>
    </p>
   </div>
   <div class='ocr_carea' id='block_1_67' title="bbox 577 3401 2120 3469">
    <p class='ocr_par' dir='ltr' id='par_1_67' title="bbox 577 3401 2120 3469">
     <span class='ocr_line' id='line_1_67' title="bbox 577 3401 2120 3469; baseline 0.008 -19"><span class='ocrx_word' id='word_1_448' title='bbox 577 3401 648 3450; x_wconf 82' lang='lat' dir='ltr'><strong>sit</strong></span> <span class='ocrx_word' id='word_1_449' title='bbox 679 3404 846 3453; x_wconf 85' lang='lat' dir='ltr'><strong>omnis</strong></span> <span class='ocrx_word' id='word_1_450' title='bbox 873 3403 936 3451; x_wconf 83' lang='lat' dir='ltr'><strong>ab</strong></span> <span class='ocrx_word' id='word_1_451' title='bbox 970 3403 1098 3465; x_wconf 85' lang='lat' dir='ltr'><strong>ipsis</strong></span> <span class='ocrx_word' id='word_1_452' title='bbox 1128 3404 1358 3469; x_wconf 77' lang='lat' dir='ltr'><strong>profecta</strong></span> <span class='ocrx_word' id='word_1_453' title='bbox 1388 3407 1804 3460; x_wconf 76' lang='lat' dir='ltr'><strong>administratio.</strong></span> <span class='ocrx_word' id='word_1_454' title='bbox 1837 3406 1954 3462; x_wconf 88' lang='lat' dir='ltr'><strong>Non</strong></span> <span class='ocrx_word' id='word_1_455' title='bbox 1984 3411 2120 3462; x_wconf 88' lang='lat' dir='ltr'><strong>enim</strong></span> 
     </span>
    </p>
   </div>
   <div class='ocr_carea' id='block_1_68' title="bbox 578 3492 2118 3566">
    <p class='ocr_par' dir='ltr' id='par_1_68' title="bbox 578 3492 2118 3566">
     <span class='ocr_line' id='line_1_68' title="bbox 578 3492 2118 3566; baseline 0.011 -32"><span class='ocrx_word' id='word_1_456' title='bbox 578 3492 911 3540; x_wconf 84' lang='lat' dir='ltr'><strong>accuratione</strong></span> <span class='ocrx_word' id='word_1_457' title='bbox 957 3507 1048 3557; x_wconf 90' lang='lat' dir='ltr'><strong>per</strong></span> <span class='ocrx_word' id='word_1_458' title='bbox 1090 3494 1411 3545; x_wconf 82' lang='lat' dir='ltr'><strong>necessitatis</strong></span> <span class='ocrx_word' id='word_1_459' title='bbox 1464 3504 1662 3558; x_wconf 85' lang='lat' dir='ltr'><strong>tempus</strong></span> <span class='ocrx_word' id='word_1_460' title='bbox 1701 3498 2118 3566; x_wconf 83' lang='lat' dir='ltr'><strong>circumscripta,</strong></span> 
     </span>
    </p>
   </div>
   <div class='ocr_carea' id='block_1_69' title="bbox 576 3574 1738 3652">
    <p class='ocr_par' dir='ltr' id='par_1_69' title="bbox 576 3574 1738 3652">
     <span class='ocr_line' id='line_1_69' title="bbox 576 3574 1738 3652; baseline 0.011 -28"><span class='ocrx_word' id='word_1_461' title='bbox 576 3574 660 3626; x_wconf 70' lang='lat' dir='ltr'><strong>{ex</strong></span> <span class='ocrx_word' id='word_1_462' title='bbox 691 3576 1088 3642; x_wconf 82' lang='lat' dir='ltr'><strong>dispensationis</strong></span> <span class='ocrx_word' id='word_1_463' title='bbox 1117 3582 1169 3632; x_wconf 87' lang='lat' dir='ltr'><strong>in</strong></span> <span class='ocrx_word' id='word_1_464' title='bbox 1209 3593 1484 3650; x_wconf 87' lang='lat' dir='ltr'><strong>angustum</strong></span> <span class='ocrx_word' id='word_1_465' title='bbox 1511 3595 1738 3652; x_wconf 85' lang='lat' dir='ltr'><strong>cogetur.</strong></span> 
     </span>
    </p>
   </div>
   <div class='ocr_carea' id='block_1_70' title="bbox 2225 3140 3790 3212">
    <p class='ocr_par' dir='ltr' id='par_1_70' title="bbox 2225 3140 3790 3212">
     <span class='ocr_line' id='line_1_70' title="bbox 2225 3140 3790 3212; baseline 0.003 -21"><span class='ocrx_word' id='word_1_466' title='bbox 2225 3141 2375 3192; x_wconf 81' lang='grc' dir='ltr'>οὑτω</span> <span class='ocrx_word' id='word_1_467' title='bbox 2415 3140 2898 3208; x_wconf 82' lang='grc' dir='ltr'>χειροτονηθεῒσι,</span> <span class='ocrx_word' id='word_1_468' title='bbox 2946 3143 3042 3194; x_wconf 77' lang='grc' dir='ltr'><strong>καί</strong></span> <span class='ocrx_word' id='word_1_469' title='bbox 3089 3143 3184 3196; x_wconf 81' lang='grc' dir='ltr'>διὰ</span> <span class='ocrx_word' id='word_1_470' title='bbox 3218 3143 3331 3209; x_wconf 84' lang='grc' dir='ltr'>τὴν</span> <span class='ocrx_word' id='word_1_471' title='bbox 3380 3144 3790 3212; x_wconf 58' lang='grc' dir='ltr'><strong>⁶τὲξροκιειμένην</strong></span> 
     </span>
    </p>
   </div>
   <div class='ocr_carea' id='block_1_71' title="bbox 2224 3230 3787 3299">
    <p class='ocr_par' dir='ltr' id='par_1_71' title="bbox 2224 3230 3787 3299">
     <span class='ocr_line' id='line_1_71' title="bbox 2224 3230 3787 3299; baseline 0.004 -17"><span class='ocrx_word' id='word_1_472' title='bbox 2224 3230 2651 3295; x_wconf 83' lang='grc' dir='ltr'>αιτίανέντοῒς</span> <span class='ocrx_word' id='word_1_473' title='bbox 2699 3230 2923 3284; x_wconf 73' lang='grc' dir='ltr'>ἑαυτῶν</span> <span class='ocrx_word' id='word_1_474' title='bbox 2965 3231 3048 3298; x_wconf 84' lang='grc' dir='ltr'>μὴ</span> <span class='ocrx_word' id='word_1_475' title='bbox 3094 3232 3490 3299; x_wconf 80' lang='grc' dir='ltr'>ἐγκαταστᾶσι</span> <span class='ocrx_word' id='word_1_476' title='bbox 3528 3236 3787 3299; x_wconf 66' lang='grc' dir='ltr'>θρόνοις.</span> 
     </span>
    </p>
   </div>
   <div class='ocr_carea' id='block_1_72' title="bbox 2224 3321 3786 3390">
    <p class='ocr_par' dir='ltr' id='par_1_72' title="bbox 2224 3321 3786 3390">
     <span class='ocr_line' id='line_1_72' title="bbox 2224 3321 3786 3390; baseline 0.002 -20"><span class='ocrx_word' id='word_1_477' title='bbox 2224 3321 2290 3372; x_wconf 81' lang='grc' dir='ltr'>τὸ</span> <span class='ocrx_word' id='word_1_478' title='bbox 2313 3321 2811 3388; x_wconf 81' lang='grc' dir='ltr'>ἀποκριμάτιστον</span> <span class='ocrx_word' id='word_1_479' title='bbox 2825 3321 3265 3389; x_wconf 82' lang='grc' dir='ltr'>συντηρηθῆναι</span> <span class='ocrx_word' id='word_1_480' title='bbox 3289 3325 3754 3390; x_wconf 74' lang='grc' dir='ltr'>συνεωράκαμεν</span> <span class='ocrx_word' id='word_1_481' title='bbox 3773 3340 3786 3353; x_wconf 94' lang='grc'><strong>·</strong></span> 
     </span>
    </p>
   </div>
   <div class='ocr_carea' id='block_1_73' title="bbox 2224 3409 3788 3478">
    <p class='ocr_par' dir='ltr' id='par_1_73' title="bbox 2224 3409 3788 3478">
     <span class='ocr_line' id='line_1_73' title="bbox 2224 3409 3788 3478; baseline 0.002 -17"><span class='ocrx_word' id='word_1_482' title='bbox 2224 3409 2376 3462; x_wconf 83' lang='grc' dir='ltr'>ὥστε</span> <span class='ocrx_word' id='word_1_483' title='bbox 2408 3410 2502 3462; x_wconf 72' lang='grc' dir='ltr'>καὶ</span> <span class='ocrx_word' id='word_1_484' title='bbox 2531 3412 2893 3477; x_wconf 84' lang='grc' dir='ltr'>χειροτονίας</span> <span class='ocrx_word' id='word_1_485' title='bbox 2942 3410 3235 3478; x_wconf 74' lang='grc' dir='ltr'>διαφόρων</span> <span class='ocrx_word' id='word_1_486' title='bbox 3276 3412 3577 3478; x_wconf 72' lang='grc' dir='ltr'>κληρικῶν</span> <span class='ocrx_word' id='word_1_487' title='bbox 3607 3431 3788 3465; x_wconf 67' lang='grc' dir='ltr'>κανε-</span> 
     </span>
    </p>
   </div>
   <div class='ocr_carea' id='block_1_74' title="bbox 2226 3498 3785 3567">
    <p class='ocr_par' dir='ltr' id='par_1_74' title="bbox 2226 3498 3785 3567">
     <span class='ocr_line' id='line_1_74' title="bbox 2226 3498 3785 3567; baseline 0.004 -17"><span class='ocrx_word' id='word_1_488' title='bbox 2226 3498 2406 3563; x_wconf 83' lang='grc' dir='ltr'>νικῶς</span> <span class='ocrx_word' id='word_1_489' title='bbox 2461 3500 2670 3564; x_wconf 80' lang='grc' dir='ltr'>ποιεῖν,</span> <span class='ocrx_word' id='word_1_490' title='bbox 2714 3501 2812 3552; x_wconf 75' lang='grc' dir='ltr'>καὶ</span> <span class='ocrx_word' id='word_1_491' title='bbox 2862 3498 2934 3566; x_wconf 78' lang='grc' dir='ltr'>τῇ</span> <span class='ocrx_word' id='word_1_492' title='bbox 2982 3499 3091 3567; x_wconf 83' lang='grc' dir='ltr'>τῆς</span> <span class='ocrx_word' id='word_1_493' title='bbox 3129 3501 3470 3567; x_wconf 82' lang='grc' dir='ltr'>προεδρείας</span> <span class='ocrx_word' id='word_1_494' title='bbox 3500 3506 3785 3566; x_wconf 56' lang='lat' dir='ltr'><strong>aii-6517541</strong></span> 
     </span>
    </p>
   </div>
   <div class='ocr_carea' id='block_1_75' title="bbox 2229 3589 3786 3658">
    <p class='ocr_par' dir='ltr' id='par_1_75' title="bbox 2229 3589 3786 3658">
     <span class='ocr_line' id='line_1_75' title="bbox 2229 3589 3786 3658; baseline 0.001 -16"><span class='ocrx_word' id='word_1_495' title='bbox 2229 3589 2376 3642; x_wconf 82' lang='grc' dir='ltr'>κατὰ</span> <span class='ocrx_word' id='word_1_496' title='bbox 2399 3591 2502 3642; x_wconf 85' lang='grc' dir='ltr'>τὸν</span> <span class='ocrx_word' id='word_1_497' title='bbox 2552 3590 2704 3643; x_wconf 78' lang='grc' dir='ltr'>ἴδιον</span> <span class='ocrx_word' id='word_1_498' title='bbox 2729 3592 2868 3657; x_wconf 83' lang='grc' dir='ltr'>ὅρον</span> <span class='ocrx_word' id='word_1_499' title='bbox 2909 3590 3251 3658; x_wconf 80' lang='grc' dir='ltr'>κεχρῆσθαι,</span> <span class='ocrx_word' id='word_1_500' title='bbox 3286 3592 3383 3644; x_wconf 71' lang='grc' dir='ltr'>καὶ</span> <span class='ocrx_word' id='word_1_501' title='bbox 3407 3593 3670 3654; x_wconf 77' lang='grc' dir='ltr'>βεϐαίαν</span> <span class='ocrx_word' id='word_1_502' title='bbox 3693 3603 3786 3649; x_wconf 64' lang='grc' dir='ltr'>ναξ</span> 
     </span>
    </p>
   </div>
   <div class='ocr_carea' id='block_1_76' title="bbox 573 3669 3786 3750">
    <p class='ocr_par' dir='ltr' id='par_1_76' title="bbox 573 3669 3786 3750">
     <span class='ocr_line' id='line_1_76' title="bbox 573 3669 3786 3750; baseline 0.006 -34"><span class='ocrx_word' id='word_1_503' title='bbox 573 3670 1009 3750; x_wconf 77' lang='grc' dir='ltr'>νενομισμένην</span> <span class='ocrx_word' id='word_1_504' title='bbox 1044 3669 1192 3723; x_wconf 82' lang='grc' dir='ltr'>εἶναι</span> <span class='ocrx_word' id='word_1_505' title='bbox 1226 3673 1427 3726; x_wconf 79' lang='grc' dir='ltr'>πᾶσαν</span> <span class='ocrx_word' id='word_1_506' title='bbox 1460 3675 1557 3726; x_wconf 77' lang='grc' dir='ltr'><strong>ὑπ’</strong></span> <span class='ocrx_word' id='word_1_507' title='bbox 1578 3675 1771 3727; x_wconf 81' lang='grc' dir='ltr'>αὐτῶν</span> <span class='ocrx_word' id='word_1_508' title='bbox 1792 3678 2120 3742; x_wconf 73' lang='grc' dir='ltr'>προϊοῦσαν</span> <span class='ocrx_word' id='word_1_509' title='bbox 2157 3679 2474 3744; x_wconf 83' lang='grc' dir='ltr'>διοίκησιν.</span> <span class='ocrx_word' id='word_1_510' title='bbox 2513 3682 2593 3734; x_wconf 81' lang='grc' dir='ltr'><strong>Οὐ</strong></span> <span class='ocrx_word' id='word_1_511' title='bbox 2637 3680 2744 3747; x_wconf 74' lang='grc' dir='ltr'>γὰρ</span> <span class='ocrx_word' id='word_1_512' title='bbox 2770 3681 2886 3733; x_wconf 81' lang='grc' dir='ltr'><strong>ἀπὸ</strong></span> <span class='ocrx_word' id='word_1_513' title='bbox 2946 3681 3049 3733; x_wconf 89' lang='grc' dir='ltr'>τοῦ</span> <span class='ocrx_word' id='word_1_514' title='bbox 3112 3682 3222 3750; x_wconf 84' lang='grc' dir='ltr'>τῆς</span> <span class='ocrx_word' id='word_1_515' title='bbox 3261 3682 3525 3748; x_wconf 74' lang='grc' dir='ltr'>ἀνάγκης</span> <span class='ocrx_word' id='word_1_516' title='bbox 3577 3683 3786 3750; x_wconf 76' lang='grc' dir='ltr'>καιροῦ</span> 
     </span>
    </p>
   </div>
   <div class='ocr_carea' id='block_1_77' title="bbox 574 3748 2849 3836">
    <p class='ocr_par' dir='ltr' id='par_1_77' title="bbox 574 3748 2849 3836">
     <span class='ocr_line' id='line_1_77' title="bbox 574 3748 2849 3836; baseline 0.01 -35"><span class='ocrx_word' id='word_1_517' title='bbox 574 3748 683 3814; x_wconf 80' lang='grc' dir='ltr'>τῆς</span> <span class='ocrx_word' id='word_1_518' title='bbox 705 3753 994 3820; x_wconf 79' lang='grc' dir='ltr'>ἀκριϐείας</span> <span class='ocrx_word' id='word_1_519' title='bbox 1035 3764 1508 3827; x_wconf 66' lang='grc' dir='ltr'>περιγραφείσης,</span> <span class='ocrx_word' id='word_1_520' title='bbox 1561 3766 1593 3816; x_wconf 83' lang='grc' dir='ltr'><strong><em>ό</em></strong></span> <span class='ocrx_word' id='word_1_521' title='bbox 1627 3763 1732 3830; x_wconf 85' lang='grc' dir='ltr'>τῆς</span> <span class='ocrx_word' id='word_1_522' title='bbox 1787 3767 2122 3832; x_wconf 76' lang='grc' dir='ltr'>οίιιονομίας</span> <span class='ocrx_word' id='word_1_523' title='bbox 2161 3767 2297 3834; x_wconf 82' lang='grc' dir='ltr'>ὅρος</span> <span class='ocrx_word' id='word_1_524' title='bbox 2319 3772 2849 3836; x_wconf 78' lang='grc' dir='ltr'>περιορισθήσεται.</span> 
     </span>
    </p>
   </div>
   <div class='ocr_carea' id='block_1_78' title="bbox 651 3841 2114 3924">
    <p class='ocr_par' dir='ltr' id='par_1_78' title="bbox 651 3841 2114 3924">
     <span class='ocr_line' id='line_1_78' title="bbox 651 3841 2114 3924; baseline 0.013 -33"><span class='ocrx_word' id='word_1_525' title='bbox 651 3841 849 3896; x_wconf 63' lang='lat' dir='ltr'><strong>Praeter</strong></span> <span class='ocrx_word' id='word_1_526' title='bbox 899 3847 1040 3900; x_wconf 87' lang='lat' dir='ltr'><strong>hunc</strong></span> <span class='ocrx_word' id='word_1_527' title='bbox 1091 3865 1219 3901; x_wconf 82' lang='lat' dir='ltr'><strong>vero</strong></span> <span class='ocrx_word' id='word_1_528' title='bbox 1273 3867 1556 3914; x_wconf 70' lang='lat' dir='ltr'><strong>cmuouem,</strong></span> <span class='ocrx_word' id='word_1_529' title='bbox 1609 3856 1812 3923; x_wconf 87' lang='lat' dir='ltr'><strong>scripto</strong></span> <span class='ocrx_word' id='word_1_530' title='bbox 1868 3859 2114 3924; x_wconf 61' lang='lat' dir='ltr'><strong>prasenti</strong></span> 
     </span>
    </p>
   </div>
   <div class='ocr_carea' id='block_1_79' title="bbox 2280 3859 3786 3928">
    <p class='ocr_par' dir='ltr' id='par_1_79' title="bbox 2280 3859 3786 3928">
     <span class='ocr_line' id='line_1_79' title="bbox 2280 3859 3786 3928; baseline -0.001 -18"><span class='ocrx_word' id='word_1_531' title='bbox 2280 3861 2381 3912; x_wconf 86' lang='grc' dir='ltr'><strong>Σὺν</strong></span> <span class='ocrx_word' id='word_1_532' title='bbox 2414 3859 2490 3926; x_wconf 83' lang='grc' dir='ltr'>τῷ</span> <span class='ocrx_word' id='word_1_533' title='bbox 2527 3860 2746 3928; x_wconf 82' lang='grc' dir='ltr'>τοιούτῳ</span> <span class='ocrx_word' id='word_1_534' title='bbox 2773 3861 2825 3910; x_wconf 71' lang='grc' dir='ltr'>δὲ</span> <span class='ocrx_word' id='word_1_535' title='bbox 2853 3861 3030 3912; x_wconf 79' lang='grc' dir='ltr'>κανόνι</span> <span class='ocrx_word' id='word_1_536' title='bbox 3053 3861 3379 3913; x_wconf 70' lang='grc' dir='ltr'>ἀναδιδάσκω</span> <span class='ocrx_word' id='word_1_537' title='bbox 3440 3861 3568 3920; x_wconf 65' lang='grc' dir='ltr'>τοὺς</span> <span class='ocrx_word' id='word_1_538' title='bbox 3597 3864 3786 3922; x_wconf 73' lang='grc' dir='ltr'>ἐντυγ-</span> 
     </span>
    </p>
   </div>
   <div class='ocr_carea' id='block_1_80' title="bbox 577 3931 2120 4018">
    <p class='ocr_par' dir='ltr' id='par_1_80' title="bbox 577 3931 2117 4013">
     <span class='ocr_line' id='line_1_80' title="bbox 577 3931 2117 4013; baseline 0.016 -35"><span class='ocrx_word' id='word_1_539' title='bbox 577 3931 807 3985; x_wconf 82' lang='lat' dir='ltr'><strong>lectores</strong></span> <span class='ocrx_word' id='word_1_540' title='bbox 838 3950 1053 3994; x_wconf 82' lang='lat' dir='ltr'><strong>moneo.</strong></span> <span class='ocrx_word' id='word_1_541' title='bbox 1085 3939 1247 4008; x_wconf 85' lang='lat' dir='ltr'><strong>etiam</strong></span> <span class='ocrx_word' id='word_1_542' title='bbox 1297 3943 1532 3995; x_wconf 73' lang='lat' dir='ltr'><strong>edictum</strong></span> <span class='ocrx_word' id='word_1_543' title='bbox 1584 3946 1854 4013; x_wconf 83' lang='lat' dir='ltr'><strong>quoddam</strong></span> <span class='ocrx_word' id='word_1_544' title='bbox 1901 3957 2117 4002; x_wconf 76' lang='lat' dir='ltr'><strong>exstare</strong></span> 
     </span>
    </p>
   </div>
   <div class='ocr_carea' id='block_1_81' title="bbox 2226 3931 3782 4018">
    <p class='ocr_par' dir='ltr' id='par_1_81' title="bbox 2226 3949 3782 4018">
     <span class='ocr_line' id='line_1_81' title="bbox 2226 3949 3782 4018; baseline -0.001 -17"><span class='ocrx_word' id='word_1_545' title='bbox 2226 3949 2474 4016; x_wconf 68' lang='grc' dir='ltr'>ίάνοντας</span> <span class='ocrx_word' id='word_1_546' title='bbox 2529 3952 2593 4016; x_wconf 81' lang='grc' dir='ltr'><strong>τῇ</strong></span> <span class='ocrx_word' id='word_1_547' title='bbox 2643 3950 2890 4018; x_wconf 84' lang='grc' dir='ltr'>παρούσῃ</span> <span class='ocrx_word' id='word_1_548' title='bbox 2944 3955 3125 4018; x_wconf 55' lang='grc' dir='ltr'>γραςῇ</span> <span class='ocrx_word' id='word_1_549' title='bbox 3155 3990 3170 4013; x_wconf 88' lang='grc'><strong>,</strong></span> <span class='ocrx_word' id='word_1_550' title='bbox 3207 3950 3280 4010; x_wconf 82' lang='grc' dir='ltr'>ὡς</span> <span class='ocrx_word' id='word_1_551' title='bbox 3329 3950 3421 4000; x_wconf 73' lang='grc' dir='ltr'>καὶ</span> <span class='ocrx_word' id='word_1_552' title='bbox 3477 3950 3782 4016; x_wconf 78' lang='grc' dir='ltr'>πρόσταξίς</span> 
     </span>
    </p>
   </div>
   <div class='ocr_carea' id='block_1_82' title="bbox 580 4023 2115 4098">
    <p class='ocr_par' dir='ltr' id='par_1_82' title="bbox 580 4023 2115 4098">
     <span class='ocr_line' id='line_1_82' title="bbox 580 4023 2115 4098; baseline 0.014 -31"><span class='ocrx_word' id='word_1_553' title='bbox 580 4023 913 4074; x_wconf 89' lang='lat' dir='ltr'><strong>memorandi</strong></span> <span class='ocrx_word' id='word_1_554' title='bbox 942 4025 1301 4093; x_wconf 84' lang='lat' dir='ltr'><strong>imperatoris,</strong></span> <span class='ocrx_word' id='word_1_555' title='bbox 1351 4031 1550 4085; x_wconf 91' lang='lat' dir='ltr'><strong>domini</strong></span> <span class='ocrx_word' id='word_1_556' title='bbox 1599 4035 1772 4087; x_wconf 78' lang='lat' dir='ltr'><strong>Alexii</strong></span> <span class='ocrx_word' id='word_1_557' title='bbox 1833 4035 2115 4098; x_wconf 89' lang='lat' dir='ltr'><strong>Comneni,</strong></span> 
     </span>
    </p>
   </div>
   <div class='ocr_carea' id='block_1_83' title="bbox 578 4111 2112 4191">
    <p class='ocr_par' dir='ltr' id='par_1_83' title="bbox 578 4111 2112 4191">
     <span class='ocr_line' id='line_1_83' title="bbox 578 4111 2112 4191; baseline 0.015 -37"><span class='ocrx_word' id='word_1_558' title='bbox 578 4120 766 4162; x_wconf 79' lang='lat' dir='ltr'><strong>mense</strong></span> <span class='ocrx_word' id='word_1_559' title='bbox 796 4111 1083 4166; x_wconf 82' lang='lat' dir='ltr'><strong>Novembri</strong></span> <span class='ocrx_word' id='word_1_560' title='bbox 1109 4118 1355 4171; x_wconf 71' lang='lat' dir='ltr'><strong>secundae</strong></span> <span class='ocrx_word' id='word_1_561' title='bbox 1398 4120 1705 4176; x_wconf 83' lang='lat' dir='ltr'><strong>indictionis</strong></span> <span class='ocrx_word' id='word_1_562' title='bbox 1757 4124 2112 4191; x_wconf 81' lang='lat' dir='ltr'><strong>publicatum,</strong></span> 
     </span>
    </p>
   </div>
   <div class='ocr_carea' id='block_1_84' title="bbox 580 4197 2109 4277">
    <p class='ocr_par' dir='ltr' id='par_1_84' title="bbox 580 4197 2109 4277">
     <span class='ocr_line' id='line_1_84' title="bbox 580 4197 2109 4277; baseline 0.015 -32"><span class='ocrx_word' id='word_1_563' title='bbox 580 4209 643 4246; x_wconf 88' lang='lat' dir='ltr'><strong>ac</strong></span> <span class='ocrx_word' id='word_1_564' title='bbox 676 4197 954 4253; x_wconf 82' lang='lat' dir='ltr'><strong>ﬁscalihus</strong></span> <span class='ocrx_word' id='word_1_565' title='bbox 994 4211 1046 4255; x_wconf 89' lang='lat' dir='ltr'><strong>et</strong></span> <span class='ocrx_word' id='word_1_566' title='bbox 1100 4207 1486 4262; x_wconf 79' lang='lat' dir='ltr'><strong>ecclesiasticis</strong></span> <span class='ocrx_word' id='word_1_567' title='bbox 1545 4213 1770 4265; x_wconf 87' lang='lat' dir='ltr'><strong>secretis</strong></span> <span class='ocrx_word' id='word_1_568' title='bbox 1827 4215 2109 4277; x_wconf 90' lang='lat' dir='ltr'><strong>insertum,</strong></span> 
     </span>
    </p>
   </div>
   <div class='ocr_carea' id='block_1_85' title="bbox 575 4286 2108 4356">
    <p class='ocr_par' dir='ltr' id='par_1_85' title="bbox 575 4286 2108 4356">
     <span class='ocr_line' id='line_1_85' title="bbox 575 4286 2108 4356; baseline 0.014 -21"><span class='ocrx_word' id='word_1_569' title='bbox 575 4286 717 4350; x_wconf 87' lang='lat' dir='ltr'><strong>quod</strong></span> <span class='ocrx_word' id='word_1_570' title='bbox 751 4291 940 4340; x_wconf 82' lang='lat' dir='ltr'><strong>statuit</strong></span> <span class='ocrx_word' id='word_1_571' title='bbox 969 4291 1099 4356; x_wconf 80' lang='lat'><strong>(60).</strong></span> <span class='ocrx_word' id='word_1_572' title='bbox 1130 4309 1232 4347; x_wconf 90' lang='lat' dir='ltr'><strong>non</strong></span> <span class='ocrx_word' id='word_1_573' title='bbox 1278 4300 1454 4349; x_wconf 89' lang='lat' dir='ltr'><strong>solum</strong></span> <span class='ocrx_word' id='word_1_574' title='bbox 1506 4300 1700 4354; x_wconf 86' lang='lat' dir='ltr'><strong>debere</strong></span> <span class='ocrx_word' id='word_1_575' title='bbox 1754 4304 1889 4353; x_wconf 88' lang='lat' dir='ltr'><strong>citra</strong></span> <span class='ocrx_word' id='word_1_576' title='bbox 1943 4304 2108 4356; x_wconf 91' lang='lat' dir='ltr'><strong>ullum</strong></span> 
     </span>
    </p>
   </div>
   <div class='ocr_carea' id='block_1_86' title="bbox 575 4373 2113 4448">
    <p class='ocr_par' dir='ltr' id='par_1_86' title="bbox 575 4373 2113 4448">
     <span class='ocr_line' id='line_1_86' title="bbox 575 4373 2113 4448; baseline 0.015 -25"><span class='ocrx_word' id='word_1_577' title='bbox 575 4373 1012 4441; x_wconf 88' lang='lat' dir='ltr'><strong>impedimentum</strong></span> <span class='ocrx_word' id='word_1_578' title='bbox 1037 4381 1156 4448; x_wconf 80' lang='lat' dir='ltr'><strong>eligi</strong></span> <span class='ocrx_word' id='word_1_579' title='bbox 1185 4386 1464 4448; x_wconf 81' lang='lat' dir='ltr'><strong>pontifices</strong></span> <span class='ocrx_word' id='word_1_580' title='bbox 1512 4388 1563 4438; x_wconf 93' lang='lat' dir='ltr'><strong>in</strong></span> <span class='ocrx_word' id='word_1_581' title='bbox 1607 4390 1896 4444; x_wconf 82' lang='lat' dir='ltr'><strong>Orientales</strong></span> <span class='ocrx_word' id='word_1_582' title='bbox 1925 4392 2113 4445; x_wconf 85' lang='lat' dir='ltr'><strong>Eccle-</strong></span> 
     </span>
    </p>
   </div>
   <div class='ocr_carea' id='block_1_87' title="bbox 574 4464 2112 4543">
    <p class='ocr_par' dir='ltr' id='par_1_87' title="bbox 574 4464 2112 4543">
     <span class='ocr_line' id='line_1_87' title="bbox 574 4464 2112 4543; baseline 0.014 -33"><span class='ocrx_word' id='word_1_583' title='bbox 574 4464 704 4520; x_wconf 75' lang='lat' dir='ltr'><strong>sias.</strong></span> <span class='ocrx_word' id='word_1_584' title='bbox 758 4477 787 4514; x_wconf 87' lang='lat' dir='ltr'><strong>a</strong></span> <span class='ocrx_word' id='word_1_585' title='bbox 840 4467 1062 4531; x_wconf 82' lang='lat' dir='ltr'><strong>paganis</strong></span> <span class='ocrx_word' id='word_1_586' title='bbox 1107 4483 1406 4535; x_wconf 81' lang='lat' dir='ltr'><strong>possessas,</strong></span> <span class='ocrx_word' id='word_1_587' title='bbox 1462 4474 1583 4526; x_wconf 89' lang='lat' dir='ltr'><strong>licet</strong></span> <span class='ocrx_word' id='word_1_588' title='bbox 1648 4475 1705 4537; x_wconf 91' lang='lat' dir='ltr'><strong>ii,</strong></span> <span class='ocrx_word' id='word_1_589' title='bbox 1752 4479 1842 4543; x_wconf 88' lang='lat' dir='ltr'><strong>qui</strong></span> <span class='ocrx_word' id='word_1_590' title='bbox 1898 4485 1960 4528; x_wconf 82' lang='lat' dir='ltr'><strong>ad</strong></span> <span class='ocrx_word' id='word_1_591' title='bbox 2023 4494 2112 4531; x_wconf 86' lang='lat' dir='ltr'><strong>eas</strong></span> 
     </span>
    </p>
   </div>
   <div class='ocr_carea' id='block_1_88' title="bbox 573 4557 2115 4635">
    <p class='ocr_par' dir='ltr' id='par_1_88' title="bbox 573 4557 2115 4635">
     <span class='ocr_line' id='line_1_88' title="bbox 573 4557 2115 4635; baseline 0.012 -33"><span class='ocrx_word' id='word_1_592' title='bbox 573 4557 981 4617; x_wconf 83' lang='lat' dir='ltr'><strong>renuntiantur,</strong></span> <span class='ocrx_word' id='word_1_593' title='bbox 1012 4573 1148 4625; x_wconf 86' lang='lat' dir='ltr'><strong>quos</strong></span> <span class='ocrx_word' id='word_1_594' title='bbox 1204 4563 1376 4614; x_wconf 83' lang='lat' dir='ltr'><strong>sortiti</strong></span> <span class='ocrx_word' id='word_1_595' title='bbox 1422 4573 1546 4615; x_wconf 81' lang='lat' dir='ltr'><strong>sunt</strong></span> <span class='ocrx_word' id='word_1_596' title='bbox 1582 4565 1806 4618; x_wconf 89' lang='lat' dir='ltr'><strong>thronos</strong></span> <span class='ocrx_word' id='word_1_597' title='bbox 1868 4569 2115 4635; x_wconf 82' lang='lat' dir='ltr'><strong>accipere</strong></span> 
     </span>
    </p>
   </div>
   <div class='ocr_carea' id='block_1_89' title="bbox 576 4651 2110 4721">
    <p class='ocr_par' dir='ltr' id='par_1_89' title="bbox 576 4651 2110 4721">
     <span class='ocr_line' id='line_1_89' title="bbox 576 4651 2110 4721; baseline 0.013 -32"><span class='ocrx_word' id='word_1_598' title='bbox 576 4652 845 4706; x_wconf 87' lang='lat' dir='ltr'><strong>nequeant</strong></span> <span class='ocrx_word' id='word_1_599' title='bbox 910 4656 1126 4713; x_wconf 82' lang='lat' dir='ltr'><strong>propter</strong></span> <span class='ocrx_word' id='word_1_600' title='bbox 1177 4651 1434 4702; x_wconf 91' lang='lat' dir='ltr'><strong>malitiam</strong></span> <span class='ocrx_word' id='word_1_601' title='bbox 1500 4667 1862 4721; x_wconf 87' lang='lat' dir='ltr'><strong>paganorum:</strong></span> <span class='ocrx_word' id='word_1_602' title='bbox 1927 4673 2110 4710; x_wconf 84' lang='lat' dir='ltr'><strong>verum</strong></span> 
     </span>
    </p>
   </div>
   <div class='ocr_carea' id='block_1_90' title="bbox 573 4731 2112 4813">
    <p class='ocr_par' dir='ltr' id='par_1_90' title="bbox 573 4731 2112 4813">
     <span class='ocr_line' id='line_1_90' title="bbox 573 4731 2112 4813; baseline 0.016 -37"><span class='ocrx_word' id='word_1_603' title='bbox 573 4731 733 4780; x_wconf 71' lang='lat' dir='ltr'><strong>etiam</strong></span> <span class='ocrx_word' id='word_1_604' title='bbox 790 4734 931 4799; x_wconf 91' lang='lat' dir='ltr'><strong>quod</strong></span> <span class='ocrx_word' id='word_1_605' title='bbox 988 4746 1105 4801; x_wconf 86' lang='lat' dir='ltr'><strong>post</strong></span> <span class='ocrx_word' id='word_1_606' title='bbox 1150 4739 1544 4794; x_wconf 88' lang='lat' dir='ltr'><strong>ordinationem</strong></span> <span class='ocrx_word' id='word_1_607' title='bbox 1609 4744 1802 4800; x_wconf 84' lang='lat' dir='ltr'><strong>habere</strong></span> <span class='ocrx_word' id='word_1_608' title='bbox 1863 4747 2112 4813; x_wconf 84' lang='lat' dir='ltr'><strong>debeant,</strong></span> 
     </span>
    </p>
   </div>
   <div class='ocr_carea' id='block_1_91' title="bbox 574 4826 2111 4900">
    <p class='ocr_par' dir='ltr' id='par_1_91' title="bbox 574 4826 2111 4900">
     <span class='ocr_line' id='line_1_91' title="bbox 574 4826 2111 4900; baseline 0.013 -34"><span class='ocrx_word' id='word_1_609' title='bbox 574 4831 914 4887; x_wconf 74' lang='lat' dir='ltr'><strong>quzecunque</strong></span> <span class='ocrx_word' id='word_1_610' title='bbox 948 4834 1074 4877; x_wconf 88' lang='lat' dir='ltr'><strong>ante</strong></span> <span class='ocrx_word' id='word_1_611' title='bbox 1124 4826 1267 4877; x_wconf 88' lang='lat' dir='ltr'><strong>illam</strong></span> <span class='ocrx_word' id='word_1_612' title='bbox 1326 4828 1790 4900; x_wconf 78' lang='lat' dir='ltr'><strong>Constantinopoli</strong></span> <span class='ocrx_word' id='word_1_613' title='bbox 1841 4835 2111 4888; x_wconf 80' lang='lat' dir='ltr'><strong>habebant</strong></span> 
     </span>
    </p>
   </div>
   <div class='ocr_carea' id='block_1_92' title="bbox 576 4906 2109 4988">
    <p class='ocr_par' dir='ltr' id='par_1_92' title="bbox 576 4906 2109 4988">
     <span class='ocr_line' id='line_1_92' title="bbox 576 4906 2109 4988; baseline 0.016 -32"><span class='ocrx_word' id='word_1_614' title='bbox 576 4906 727 4970; x_wconf 76' lang='lat' dir='ltr'><strong>Iura:</strong></span> <span class='ocrx_word' id='word_1_615' title='bbox 795 4914 1046 4965; x_wconf 90' lang='lat' dir='ltr'><strong>nimirum</strong></span> <span class='ocrx_word' id='word_1_616' title='bbox 1117 4917 1392 4980; x_wconf 84' lang='lat' dir='ltr'><strong>abhalias,</strong></span> <span class='ocrx_word' id='word_1_617' title='bbox 1464 4921 1867 4988; x_wconf 87' lang='lat' dir='ltr'><strong>adelphalorum</strong></span> <span class='ocrx_word' id='word_1_618' title='bbox 1941 4940 2109 4980; x_wconf 54' lang='lat' dir='ltr'><strong>anno.</strong></span> 
     </span>
    </p>
   </div>
   <div class='ocr_carea' id='block_1_93' title="bbox 579 4998 2109 5078">
    <p class='ocr_par' dir='ltr' id='par_1_93' title="bbox 579 4998 2109 5078">
     <span class='ocr_line' id='line_1_93' title="bbox 579 4998 2109 5078; baseline 0.014 -32"><span class='ocrx_word' id='word_1_619' title='bbox 579 5012 673 5049; x_wconf 86' lang='lat' dir='ltr'><strong>nas</strong></span> <span class='ocrx_word' id='word_1_620' title='bbox 707 4998 836 5066; x_wconf 87' lang='lat' dir='ltr'><strong>(6t),</strong></span> <span class='ocrx_word' id='word_1_621' title='bbox 868 5011 920 5053; x_wconf 90' lang='lat' dir='ltr'><strong>et</strong></span> <span class='ocrx_word' id='word_1_622' title='bbox 954 5004 1176 5070; x_wconf 87' lang='lat' dir='ltr'><strong>reliqua.</strong></span> <span class='ocrx_word' id='word_1_623' title='bbox 1228 5008 1399 5074; x_wconf 82' lang='lat' dir='ltr'><strong>Atque</strong></span> <span class='ocrx_word' id='word_1_624' title='bbox 1461 5025 1558 5063; x_wconf 87' lang='lat' dir='ltr'><strong>nos</strong></span> <span class='ocrx_word' id='word_1_625' title='bbox 1609 5014 1825 5078; x_wconf 87' lang='lat' dir='ltr'><strong>quidem</strong></span> <span class='ocrx_word' id='word_1_626' title='bbox 1887 5017 1995 5067; x_wconf 75' lang='lat' dir='ltr'><strong>haec</strong></span> <span class='ocrx_word' id='word_1_627' title='bbox 2039 5018 2109 5068; x_wconf 84' lang='lat' dir='ltr'><strong>ita</strong></span> 
     </span>
    </p>
   </div>
   <div class='ocr_carea' id='block_1_94' title="bbox 579 5087 2108 5174">
    <p class='ocr_par' dir='ltr' id='par_1_94' title="bbox 579 5087 2108 5174">
     <span class='ocr_line' id='line_1_94' title="bbox 579 5087 2108 5174; baseline 0.015 -39"><span class='ocrx_word' id='word_1_628' title='bbox 579 5087 746 5153; x_wconf 78' lang='lat' dir='ltr'><strong>rogati</strong></span> <span class='ocrx_word' id='word_1_629' title='bbox 783 5092 1211 5159; x_wconf 78' lang='lat' dir='ltr'><strong>perscripsimus.</strong></span> <span class='ocrx_word' id='word_1_630' title='bbox 1242 5097 1507 5151; x_wconf 63' lang='lat' dir='ltr'><strong>Caeterum</strong></span> <span class='ocrx_word' id='word_1_631' title='bbox 1538 5101 1677 5154; x_wconf 87' lang='lat' dir='ltr'><strong>Deus</strong></span> <span class='ocrx_word' id='word_1_632' title='bbox 1712 5103 1798 5156; x_wconf 87' lang='lat' dir='ltr'><strong>ille</strong></span> <span class='ocrx_word' id='word_1_633' title='bbox 1827 5106 1996 5170; x_wconf 81' lang='lat' dir='ltr'><strong>pacis,</strong></span> <span class='ocrx_word' id='word_1_634' title='bbox 2020 5109 2108 5174; x_wconf 92' lang='lat' dir='ltr'><strong>qui</strong></span> 
     </span>
    </p>
   </div>
   <div class='ocr_carea' id='block_1_95' title="bbox 577 5175 2109 5259">
    <p class='ocr_par' dir='ltr' id='par_1_95' title="bbox 577 5175 2109 5259">
     <span class='ocr_line' id='line_1_95' title="bbox 577 5175 2109 5259; baseline 0.018 -38"><span class='ocrx_word' id='word_1_635' title='bbox 577 5188 668 5238; x_wconf 81' lang='lat' dir='ltr'><strong>per</strong></span> <span class='ocrx_word' id='word_1_636' title='bbox 724 5175 969 5231; x_wconf 85' lang='lat' dir='ltr'><strong>Davidem</strong></span> <span class='ocrx_word' id='word_1_637' title='bbox 1007 5186 1314 5249; x_wconf 86' lang='lat' dir='ltr'><strong>prophetam</strong></span> <span class='ocrx_word' id='word_1_638' title='bbox 1363 5187 1532 5241; x_wconf 77' lang='lat' dir='ltr'><strong>dixit:</strong></span> <span class='ocrx_word' id='word_1_639' title='bbox 1567 5190 1619 5242; x_wconf 92' lang='lat' dir='ltr'><strong>Si</strong></span> <span class='ocrx_word' id='word_1_640' title='bbox 1675 5193 1902 5259; x_wconf 87' lang='lat' dir='ltr'><strong>populus</strong></span> <span class='ocrx_word' id='word_1_641' title='bbox 1961 5211 2109 5249; x_wconf 88' lang='lat' dir='ltr'><strong>meus</strong></span> 
     </span>
    </p>
   </div>
   <div class='ocr_carea' id='block_1_96' title="bbox 579 5275 2107 5346">
    <p class='ocr_par' dir='ltr' id='par_1_96' title="bbox 579 5275 2107 5346">
     <span class='ocr_line' id='line_1_96' title="bbox 579 5275 2107 5346; baseline 0.016 -35"><span class='ocrx_word' id='word_1_642' title='bbox 579 5275 839 5332; x_wconf 70' lang='lat' dir='ltr'><strong>pra-cepta</strong></span> <span class='ocrx_word' id='word_1_643' title='bbox 877 5285 990 5322; x_wconf 79' lang='lat' dir='ltr'><strong>mea</strong></span> <span class='ocrx_word' id='word_1_644' title='bbox 1023 5275 1336 5338; x_wconf 79' lang='lat' dir='ltr'><strong>servaverit,</strong></span> <span class='ocrx_word' id='word_1_645' title='bbox 1372 5280 1421 5327; x_wconf 92' lang='lat' dir='ltr'><strong>In</strong></span> <span class='ocrx_word' id='word_1_646' title='bbox 1459 5281 1602 5346; x_wconf 78' lang='lat' dir='ltr'><strong>virga</strong></span> <span class='ocrx_word' id='word_1_647' title='bbox 1665 5281 1890 5334; x_wconf 83' lang='lat' dir='ltr'><strong>visitabo</strong></span> <span class='ocrx_word' id='word_1_648' title='bbox 1923 5285 2107 5336; x_wconf 85' lang='lat' dir='ltr'><strong>inimi-</strong></span> 
     </span>
    </p>
   </div>
   <div class='ocr_carea' id='block_1_97' title="bbox 571 5363 2100 5438">
    <p class='ocr_par' dir='ltr' id='par_1_97' title="bbox 571 5363 2100 5438">
     <span class='ocr_line' id='line_1_97' title="bbox 571 5363 2100 5438; baseline 0.015 -36"><span class='ocrx_word' id='word_1_649' title='bbox 571 5365 668 5405; x_wconf 76' lang='lat' dir='ltr'><strong>cus</strong></span> <span class='ocrx_word' id='word_1_650' title='bbox 735 5372 949 5420; x_wconf 72' lang='lat' dir='ltr'><strong>eorum,</strong></span> <span class='ocrx_word' id='word_1_651' title='bbox 1015 5372 1066 5415; x_wconf 92' lang='lat' dir='ltr'><strong>ct</strong></span> <span class='ocrx_word' id='word_1_652' title='bbox 1126 5365 1177 5416; x_wconf 94' lang='lat' dir='ltr'><strong>in</strong></span> <span class='ocrx_word' id='word_1_653' title='bbox 1239 5363 1461 5434; x_wconf 78' lang='lat' dir='ltr'><strong>ﬂagellis</strong></span> <span class='ocrx_word' id='word_1_654' title='bbox 1522 5371 1830 5438; x_wconf 83' lang='lat' dir='ltr'><strong>iniquitates</strong></span> <span class='ocrx_word' id='word_1_655' title='bbox 1880 5389 2100 5436; x_wconf 85' lang='lat' dir='ltr'><strong>eorum;</strong></span> 
     </span>
    </p>
   </div>
   <div class='ocr_carea' id='block_1_98' title="bbox 2215 4034 3779 4103">
    <p class='ocr_par' dir='ltr' id='par_1_98' title="bbox 2215 4034 3779 4103">
     <span class='ocr_line' id='line_1_98' title="bbox 2215 4034 3779 4103; baseline -0.002 -16"><span class='ocrx_word' id='word_1_656' title='bbox 2215 4038 2332 4087; x_wconf 74' lang='grc' dir='ltr'>ἐστι</span> <span class='ocrx_word' id='word_1_657' title='bbox 2399 4036 2490 4086; x_wconf 81' lang='grc' dir='ltr'>τοῦ</span> <span class='ocrx_word' id='word_1_658' title='bbox 2548 4035 2788 4103; x_wconf 81' lang='grc' dir='ltr'>ἀοιδίμου</span> <span class='ocrx_word' id='word_1_659' title='bbox 2841 4035 3098 4103; x_wconf 84' lang='grc' dir='ltr'>βασιλέως</span> <span class='ocrx_word' id='word_1_660' title='bbox 3155 4034 3321 4103; x_wconf 84' lang='grc' dir='ltr'>κυροῦ</span> <span class='ocrx_word' id='word_1_661' title='bbox 3387 4034 3631 4099; x_wconf 77' lang='grc' dir='ltr'>Ἀλεξίου</span> <span class='ocrx_word' id='word_1_662' title='bbox 3690 4035 3779 4087; x_wconf 85' lang='grc' dir='ltr'>τοῦ</span> 
     </span>
    </p>
   </div>
   <div class='ocr_carea' id='block_1_99' title="bbox 2215 4124 3779 4193">
    <p class='ocr_par' dir='ltr' id='par_1_99' title="bbox 2215 4124 3779 4193">
     <span class='ocr_line' id='line_1_99' title="bbox 2215 4124 3779 4193; baseline 0.001 -18"><span class='ocrx_word' id='word_1_663' title='bbox 2215 4124 2521 4192; x_wconf 84' lang='grc' dir='ltr'>Κομνηνοῦ,</span> <span class='ocrx_word' id='word_1_664' title='bbox 2575 4125 2713 4176; x_wconf 86' lang='grc' dir='ltr'>κατὰ</span> <span class='ocrx_word' id='word_1_665' title='bbox 2741 4125 2831 4175; x_wconf 78' lang='grc' dir='ltr'><strong>τὸν</strong></span> <span class='ocrx_word' id='word_1_666' title='bbox 2871 4124 3172 4193; x_wconf 78' lang='grc' dir='ltr'>Νοέμῦριον</span> <span class='ocrx_word' id='word_1_667' title='bbox 3208 4124 3350 4191; x_wconf 80' lang='grc' dir='ltr'>μῆνα</span> <span class='ocrx_word' id='word_1_668' title='bbox 3389 4126 3486 4192; x_wconf 80' lang='grc' dir='ltr'>τῆς</span> <span class='ocrx_word' id='word_1_669' title='bbox 3514 4124 3779 4192; x_wconf 66' lang='grc' dir='ltr'>δευτέρας</span> 
     </span>
    </p>
   </div>
   <div class='ocr_carea' id='block_1_100' title="bbox 2143 4214 3778 4301">
    <p class='ocr_par' dir='ltr' id='par_1_100' title="bbox 2143 4214 3778 4301">
     <span class='ocr_line' id='line_1_100' title="bbox 2143 4214 3778 4301; baseline -0.001 -35"><span class='ocrx_word' id='word_1_670' title='bbox 2143 4248 2186 4301; x_wconf 72' lang='lat' dir='ltr'><strong>D</strong></span> <span class='ocrx_word' id='word_1_671' title='bbox 2215 4215 2586 4282; x_wconf 68' lang='grc' dir='ltr'>ἐπινεμήσεως</span> <span class='ocrx_word' id='word_1_672' title='bbox 2631 4215 2977 4279; x_wconf 80' lang='grc' dir='ltr'>ἀπολυθεῖσα,</span> <span class='ocrx_word' id='word_1_673' title='bbox 3016 4217 3106 4266; x_wconf 77' lang='grc' dir='ltr'>καὶ</span> <span class='ocrx_word' id='word_1_674' title='bbox 3144 4217 3253 4274; x_wconf 84' lang='grc' dir='ltr'>τοῖς</span> <span class='ocrx_word' id='word_1_675' title='bbox 3293 4214 3654 4281; x_wconf 85' lang='grc' dir='ltr'>δημοσιακοίς</span> <span class='ocrx_word' id='word_1_676' title='bbox 3688 4218 3778 4266; x_wconf 81' lang='grc' dir='ltr'>καὶ</span> 
     </span>
    </p>
   </div>
   <div class='ocr_carea' id='block_1_101' title="bbox 2218 4303 3779 4372">
    <p class='ocr_par' dir='ltr' id='par_1_101' title="bbox 2218 4303 3779 4372">
     <span class='ocr_line' id='line_1_101' title="bbox 2218 4303 3779 4372; baseline 0.001 -18"><span class='ocrx_word' id='word_1_677' title='bbox 2218 4303 2686 4372; x_wconf 81' lang='grc' dir='ltr'>ἑκκλησιαστικοῖς</span> <span class='ocrx_word' id='word_1_678' title='bbox 2721 4305 2995 4371; x_wconf 85' lang='grc' dir='ltr'>σεκρέτοις</span> <span class='ocrx_word' id='word_1_679' title='bbox 3044 4303 3521 4369; x_wconf 83' lang='grc' dir='ltr'>καταστρωθεῖσα,</span> <span class='ocrx_word' id='word_1_680' title='bbox 3557 4310 3657 4356; x_wconf 80' lang='grc' dir='ltr'>καὶ</span> <span class='ocrx_word' id='word_1_681' title='bbox 3703 4306 3779 4357; x_wconf 77' lang='grc' dir='ltr'>διο</span> 
     </span>
    </p>
   </div>
   <div class='ocr_carea' id='block_1_102' title="bbox 2217 4398 3782 4468">
    <p class='ocr_par' dir='ltr' id='par_1_102' title="bbox 2217 4398 3782 4468">
     <span class='ocr_line' id='line_1_102' title="bbox 2217 4398 3782 4468; baseline -0.001 -20"><span class='ocrx_word' id='word_1_682' title='bbox 2217 4398 2512 4466; x_wconf 76' lang='grc' dir='ltr'>οριζομένη</span> <span class='ocrx_word' id='word_1_683' title='bbox 2543 4400 2614 4467; x_wconf 84' lang='grc' dir='ltr'>μὴ</span> <span class='ocrx_word' id='word_1_684' title='bbox 2640 4400 2797 4466; x_wconf 86' lang='grc' dir='ltr'>μόνον</span> <span class='ocrx_word' id='word_1_685' title='bbox 2816 4398 3299 4467; x_wconf 81' lang='grc' dir='ltr'>ἀπαρεμποδίστως</span> <span class='ocrx_word' id='word_1_686' title='bbox 3316 4401 3594 4467; x_wconf 82' lang='grc' dir='ltr'>ἀρχιερεῖς</span> <span class='ocrx_word' id='word_1_687' title='bbox 3619 4400 3782 4468; x_wconf 54' lang='lat' dir='ltr'><strong>thei-</strong></span> 
     </span>
    </p>
   </div>
   <div class='ocr_carea' id='block_1_103' title="bbox 2221 4487 3779 4557">
    <p class='ocr_par' dir='ltr' id='par_1_103' title="bbox 2221 4487 3779 4557">
     <span class='ocr_line' id='line_1_103' title="bbox 2221 4487 3779 4557; baseline 0.001 -19"><span class='ocrx_word' id='word_1_688' title='bbox 2221 4489 2274 4550; x_wconf 75' lang='grc' dir='ltr'>ξε</span> <span class='ocrx_word' id='word_1_689' title='bbox 2285 4490 2405 4538; x_wconf 84' lang='grc' dir='ltr'>σθαι</span> <span class='ocrx_word' id='word_1_690' title='bbox 2429 4490 2507 4549; x_wconf 76' lang='grc' dir='ltr'>εἰς</span> <span class='ocrx_word' id='word_1_691' title='bbox 2527 4489 2622 4549; x_wconf 87' lang='grc' dir='ltr'>τὰς</span> <span class='ocrx_word' id='word_1_692' title='bbox 2644 4489 2966 4551; x_wconf 83' lang='grc' dir='ltr'>ἀνατολικάς</span> <span class='ocrx_word' id='word_1_693' title='bbox 3005 4487 3348 4557; x_wconf 78' lang='grc' dir='ltr'>Ἑκκλησίας,</span> <span class='ocrx_word' id='word_1_694' title='bbox 3372 4488 3472 4547; x_wconf 79' lang='grc' dir='ltr'><strong>τάς</strong></span> <span class='ocrx_word' id='word_1_695' title='bbox 3499 4491 3660 4556; x_wconf 84' lang='grc' dir='ltr'><strong>παρά</strong></span> <span class='ocrx_word' id='word_1_696' title='bbox 3678 4489 3779 4539; x_wconf 83' lang='grc' dir='ltr'>τῶν</span> 
     </span>
    </p>
   </div>
   <div class='ocr_carea' id='block_1_104' title="bbox 2221 4577 3777 4647">
    <p class='ocr_par' dir='ltr' id='par_1_104' title="bbox 2221 4577 3777 4647">
     <span class='ocr_line' id='line_1_104' title="bbox 2221 4577 3777 4647; baseline 0 -20"><span class='ocrx_word' id='word_1_697' title='bbox 2221 4577 2386 4629; x_wconf 74' lang='grc' dir='ltr'>ἐθνῶν</span> <span class='ocrx_word' id='word_1_698' title='bbox 2426 4579 2823 4647; x_wconf 83' lang='grc' dir='ltr'>κατεχομένας,</span> <span class='ocrx_word' id='word_1_699' title='bbox 2879 4579 2980 4631; x_wconf 82' lang='grc' dir='ltr'>κᾶν</span> <span class='ocrx_word' id='word_1_700' title='bbox 3023 4579 3083 4630; x_wconf 84' lang='grc' dir='ltr'><strong>ού</strong></span> <span class='ocrx_word' id='word_1_701' title='bbox 3128 4577 3380 4630; x_wconf 87' lang='grc' dir='ltr'>δύνανται</span> <span class='ocrx_word' id='word_1_702' title='bbox 3413 4579 3460 4629; x_wconf 77' lang='lat' dir='ltr'><strong>oi</strong></span> <span class='ocrx_word' id='word_1_703' title='bbox 3496 4580 3552 4630; x_wconf 81' lang='grc' dir='ltr'>ὲν</span> <span class='ocrx_word' id='word_1_704' title='bbox 3590 4580 3777 4637; x_wconf 79' lang='grc' dir='ltr'>αὑταῖς</span> 
     </span>
    </p>
   </div>
   <div class='ocr_carea' id='block_1_105' title="bbox 2221 4670 3774 4739">
    <p class='ocr_par' dir='ltr' id='par_1_105' title="bbox 2221 4670 3774 4739">
     <span class='ocr_line' id='line_1_105' title="bbox 2221 4670 3774 4739; baseline -0.001 -19"><span class='ocrx_word' id='word_1_705' title='bbox 2221 4671 2695 4738; x_wconf 82' lang='grc' dir='ltr'>ὲπικηρυττόμενοι</span> <span class='ocrx_word' id='word_1_706' title='bbox 2727 4670 3162 4739; x_wconf 76' lang='grc' dir='ltr'>καταλαμϐάνειν</span> <span class='ocrx_word' id='word_1_707' title='bbox 3194 4672 3318 4732; x_wconf 77' lang='grc' dir='ltr'>τοὺς</span> <span class='ocrx_word' id='word_1_708' title='bbox 3352 4670 3620 4739; x_wconf 78' lang='grc' dir='ltr'>λαχόντας</span> <span class='ocrx_word' id='word_1_709' title='bbox 3657 4670 3774 4722; x_wconf 85' lang='grc' dir='ltr'>τού·</span> 
     </span>
    </p>
   </div>
   <div class='ocr_carea' id='block_1_106' title="bbox 2219 4741 3776 4830">
    <p class='ocr_par' dir='ltr' id='par_1_106' title="bbox 2219 4741 3776 4830">
     <span class='ocr_line' id='line_1_106' title="bbox 2219 4741 3776 4830; baseline -0.001 -20"><span class='ocrx_word' id='word_1_710' title='bbox 2219 4777 2343 4822; x_wconf 87' lang='grc' dir='ltr'>τους</span> <span class='ocrx_word' id='word_1_711' title='bbox 2371 4741 2588 4830; x_wconf 78' lang='grc' dir='ltr'>θρόνους</span> <span class='ocrx_word' id='word_1_712' title='bbox 2621 4762 2709 4813; x_wconf 84' lang='grc' dir='ltr'><strong>διὰ</strong></span> <span class='ocrx_word' id='word_1_713' title='bbox 2732 4765 2828 4829; x_wconf 82' lang='grc' dir='ltr'>τὴν</span> <span class='ocrx_word' id='word_1_714' title='bbox 2860 4761 3075 4830; x_wconf 82' lang='grc' dir='ltr'>ὲθνικὴν</span> <span class='ocrx_word' id='word_1_715' title='bbox 3099 4761 3314 4824; x_wconf 82' lang='grc' dir='ltr'>κακίαν,</span> <span class='ocrx_word' id='word_1_716' title='bbox 3345 4761 3480 4812; x_wconf 86' lang='grc' dir='ltr'><strong>ἀλλά</strong></span> <span class='ocrx_word' id='word_1_717' title='bbox 3513 4761 3612 4811; x_wconf 77' lang='grc' dir='ltr'><strong>καὶ</strong></span> <span class='ocrx_word' id='word_1_718' title='bbox 3645 4759 3776 4828; x_wconf 71' lang='grc' dir='ltr'>μετὰ</span> 
     </span>
    </p>
   </div>
   <div class='ocr_carea' id='block_1_107' title="bbox 2220 4847 3770 4919">
    <p class='ocr_par' dir='ltr' id='par_1_107' title="bbox 2220 4847 3770 4919">
     <span class='ocr_line' id='line_1_107' title="bbox 2220 4847 3770 4919; baseline 0.001 -23"><span class='ocrx_word' id='word_1_719' title='bbox 2220 4847 2317 4915; x_wconf 82' lang='grc' dir='ltr'>τὴν</span> <span class='ocrx_word' id='word_1_720' title='bbox 2353 4850 2681 4916; x_wconf 88' lang='grc' dir='ltr'>χειροτονίαν</span> <span class='ocrx_word' id='word_1_721' title='bbox 2715 4849 2860 4917; x_wconf 74' lang='grc' dir='ltr'>ἔχειν</span> <span class='ocrx_word' id='word_1_722' title='bbox 2906 4851 3005 4901; x_wconf 84' lang='grc' dir='ltr'>ὅσα</span> <span class='ocrx_word' id='word_1_723' title='bbox 3049 4850 3152 4919; x_wconf 76' lang='grc' dir='ltr'>πρὸ</span> <span class='ocrx_word' id='word_1_724' title='bbox 3198 4850 3398 4917; x_wconf 84' lang='grc' dir='ltr'>ταύτης</span> <span class='ocrx_word' id='word_1_725' title='bbox 3434 4849 3595 4916; x_wconf 77' lang='grc' dir='ltr'>ἔσχον</span> <span class='ocrx_word' id='word_1_726' title='bbox 3639 4848 3770 4901; x_wconf 67' lang='lat' dir='ltr'><strong>asa-:3</strong></span> 
     </span>
    </p>
   </div>
   <div class='ocr_carea' id='block_1_108' title="bbox 2215 4936 3770 5005">
    <p class='ocr_par' dir='ltr' id='par_1_108' title="bbox 2215 4936 3770 5005">
     <span class='ocr_line' id='line_1_108' title="bbox 2215 4936 3770 5005; baseline 0.001 -20"><span class='ocrx_word' id='word_1_727' title='bbox 2215 4936 2311 5003; x_wconf 78' lang='grc' dir='ltr'>τὴν</span> <span class='ocrx_word' id='word_1_728' title='bbox 2343 4938 2698 5004; x_wconf 84' lang='grc' dir='ltr'>μεγαλόπολιν</span> <span class='ocrx_word' id='word_1_729' title='bbox 2720 4940 2921 4991; x_wconf 78' lang='grc' dir='ltr'>δίκαια.</span> <span class='ocrx_word' id='word_1_730' title='bbox 2964 4938 3345 5004; x_wconf 81' lang='grc' dir='ltr'>Ἠγουμενείας</span> <span class='ocrx_word' id='word_1_731' title='bbox 3373 4937 3598 5005; x_wconf 82' lang='grc' dir='ltr'>δηλαδὴ,</span> <span class='ocrx_word' id='word_1_732' title='bbox 3626 4937 3770 4991; x_wconf 81' lang='grc' dir='ltr'>ἀδελ·</span> 
     </span>
    </p>
   </div>
   <div class='ocr_carea' id='block_1_109' title="bbox 2217 5026 3771 5095">
    <p class='ocr_par' dir='ltr' id='par_1_109' title="bbox 2217 5026 3771 5095">
     <span class='ocr_line' id='line_1_109' title="bbox 2217 5026 3771 5095; baseline 0.008 -21"><span class='ocrx_word' id='word_1_733' title='bbox 2217 5027 2396 5089; x_wconf 60' lang='lat' dir='ltr'><strong>(pd-ww</strong></span> <span class='ocrx_word' id='word_1_734' title='bbox 2426 5028 2703 5094; x_wconf 79' lang='grc' dir='ltr'>σιτηρέσια</span> <span class='ocrx_word' id='word_1_735' title='bbox 2729 5067 2742 5089; x_wconf 93' lang='grc'><strong>,</strong></span> <span class='ocrx_word' id='word_1_736' title='bbox 2778 5026 2871 5078; x_wconf 72' lang='grc' dir='ltr'>καὶ</span> <span class='ocrx_word' id='word_1_737' title='bbox 2900 5027 3078 5079; x_wconf 87' lang='grc' dir='ltr'>λοιπά.</span> <span class='ocrx_word' id='word_1_738' title='bbox 3121 5029 3228 5078; x_wconf 81' lang='grc' dir='ltr'><strong>Καὶ</strong></span> <span class='ocrx_word' id='word_1_739' title='bbox 3270 5028 3429 5095; x_wconf 78' lang='grc' dir='ltr'>ἡμεῖς</span> <span class='ocrx_word' id='word_1_740' title='bbox 3460 5026 3559 5094; x_wconf 77' lang='grc' dir='ltr'>μὲν</span> <span class='ocrx_word' id='word_1_741' title='bbox 3593 5027 3771 5086; x_wconf 75' lang='grc' dir='ltr'>καθὼς</span> 
     </span>
    </p>
   </div>
   <div class='ocr_carea' id='block_1_110' title="bbox 2215 5115 3768 5185">
    <p class='ocr_par' dir='ltr' id='par_1_110' title="bbox 2215 5115 3768 5185">
     <span class='ocr_line' id='line_1_110' title="bbox 2215 5115 3768 5185; baseline 0.001 -21"><span class='ocrx_word' id='word_1_742' title='bbox 2215 5115 2555 5183; x_wconf 78' lang='grc' dir='ltr'>ἠξιώθημεν,</span> <span class='ocrx_word' id='word_1_743' title='bbox 2590 5116 2759 5168; x_wconf 82' lang='grc' dir='ltr'>ταῦτα</span> <span class='ocrx_word' id='word_1_744' title='bbox 2791 5118 3164 5184; x_wconf 80' lang='grc' dir='ltr'>γεγράφαμεν.</span> <span class='ocrx_word' id='word_1_745' title='bbox 3214 5116 3272 5168; x_wconf 88' lang='grc' dir='ltr'><strong>Ὀ</strong></span> <span class='ocrx_word' id='word_1_746' title='bbox 3318 5117 3371 5168; x_wconf 79' lang='grc' dir='ltr'>δὲ</span> <span class='ocrx_word' id='word_1_747' title='bbox 3415 5116 3517 5182; x_wconf 76' lang='grc' dir='ltr'>τῆς</span> <span class='ocrx_word' id='word_1_748' title='bbox 3549 5119 3768 5185; x_wconf 69' lang='grc' dir='ltr'>εἰρήνης</span> 
     </span>
    </p>
   </div>
   <div class='ocr_carea' id='block_1_111' title="bbox 2216 5202 3765 5274">
    <p class='ocr_par' dir='ltr' id='par_1_111' title="bbox 2216 5202 3765 5274">
     <span class='ocr_line' id='line_1_111' title="bbox 2216 5202 3765 5274; baseline 0.003 -23"><span class='ocrx_word' id='word_1_749' title='bbox 2216 5202 2366 5265; x_wconf 63' lang='grc' dir='ltr'>Θεὸς,</span> <span class='ocrx_word' id='word_1_750' title='bbox 2392 5206 2418 5255; x_wconf 85' lang='grc' dir='ltr'><strong>ό</strong></span> <span class='ocrx_word' id='word_1_751' title='bbox 2448 5205 2610 5254; x_wconf 72' lang='grc' dir='ltr'>εῑπὼν</span> <span class='ocrx_word' id='word_1_752' title='bbox 2644 5206 2726 5257; x_wconf 80' lang='grc' dir='ltr'><strong>διὰ</strong></span> <span class='ocrx_word' id='word_1_753' title='bbox 2757 5206 2848 5258; x_wconf 87' lang='grc' dir='ltr'>τοῦ</span> <span class='ocrx_word' id='word_1_754' title='bbox 2882 5207 3158 5274; x_wconf 80' lang='grc' dir='ltr'>προφήτου</span> <span class='ocrx_word' id='word_1_755' title='bbox 3193 5205 3352 5258; x_wconf 74' lang='grc' dir='ltr'>Δαθίδ</span> <span class='ocrx_word' id='word_1_756' title='bbox 3380 5220 3394 5234; x_wconf 74' lang='grc'><strong><em>⁸</em></strong></span> <span class='ocrx_word' id='word_1_757' title='bbox 3431 5206 3558 5256; x_wconf 82' lang='grc' dir='ltr'>Ἐαν</span> <span class='ocrx_word' id='word_1_758' title='bbox 3586 5208 3616 5257; x_wconf 86' lang='grc' dir='ltr'><strong>ό</strong></span> <span class='ocrx_word' id='word_1_759' title='bbox 3647 5206 3765 5263; x_wconf 74' lang='grc' dir='ltr'>λαός</span> 
     </span>
    </p>
   </div>
   <div class='ocr_carea' id='block_1_112' title="bbox 2222 5293 3762 5363">
    <p class='ocr_par' dir='ltr' id='par_1_112' title="bbox 2222 5293 3762 5363">
     <span class='ocr_line' id='line_1_112' title="bbox 2222 5293 3762 5363; baseline 0 -21"><span class='ocrx_word' id='word_1_760' title='bbox 2222 5310 2320 5357; x_wconf 84' lang='grc' dir='ltr'><strong>μου</strong></span> <span class='ocrx_word' id='word_1_761' title='bbox 2349 5294 2442 5354; x_wconf 76' lang='grc' dir='ltr'><strong>τὰς</strong></span> <span class='ocrx_word' id='word_1_762' title='bbox 2475 5295 2688 5355; x_wconf 77' lang='grc' dir='ltr'>ἐντολάς</span> <span class='ocrx_word' id='word_1_763' title='bbox 2715 5312 2813 5362; x_wconf 86' lang='grc' dir='ltr'><strong>μου</strong></span> <span class='ocrx_word' id='word_1_764' title='bbox 2839 5294 3067 5363; x_wconf 75' lang='grc' dir='ltr'>φυλάξῃ,</span> <span class='ocrx_word' id='word_1_765' title='bbox 3103 5299 3158 5346; x_wconf 76' lang='grc' dir='ltr'>ἐν</span> <span class='ocrx_word' id='word_1_766' title='bbox 3191 5294 3365 5362; x_wconf 64' lang='grc' dir='ltr'>ῥάϐδῳ</span> <span class='ocrx_word' id='word_1_767' title='bbox 3389 5295 3514 5355; x_wconf 69' lang='grc' dir='ltr'>τοὺς</span> <span class='ocrx_word' id='word_1_768' title='bbox 3541 5293 3762 5360; x_wconf 67' lang='grc' dir='ltr'>ἐχθροὺς</span> 
     </span>
    </p>
   </div>
   <div class='ocr_carea' id='block_1_113' title="bbox 2222 5383 3764 5453">
    <p class='ocr_par' dir='ltr' id='par_1_113' title="bbox 2222 5383 3764 5453">
     <span class='ocr_line' id='line_1_113' title="bbox 2222 5383 3764 5453; baseline 0.003 -22"><span class='ocrx_word' id='word_1_769' title='bbox 2222 5383 2395 5433; x_wconf 71' lang='grc' dir='ltr'>αὐτῶν</span> <span class='ocrx_word' id='word_1_770' title='bbox 2427 5386 2808 5452; x_wconf 64' lang='grc' dir='ltr'>ἐπισκέψομαι,</span> <span class='ocrx_word' id='word_1_771' title='bbox 2844 5386 2934 5437; x_wconf 73' lang='grc' dir='ltr'>καὶ</span> <span class='ocrx_word' id='word_1_772' title='bbox 2966 5388 3020 5438; x_wconf 84' lang='grc' dir='ltr'>ὲν</span> <span class='ocrx_word' id='word_1_773' title='bbox 3057 5386 3268 5453; x_wconf 82' lang='grc' dir='ltr'>μάστιξι</span> <span class='ocrx_word' id='word_1_774' title='bbox 3295 5387 3391 5447; x_wconf 69' lang='grc' dir='ltr'><strong>τὰς</strong></span> <span class='ocrx_word' id='word_1_775' title='bbox 3421 5385 3636 5446; x_wconf 78' lang='grc' dir='ltr'>ἀδικίας</span> <span class='ocrx_word' id='word_1_776' title='bbox 3668 5383 3764 5437; x_wconf 77' lang='grc' dir='ltr'>αύ-</span> 
     </span>
    </p>
   </div>
   <div class='ocr_carea' id='block_1_114' title="bbox 2041 5545 2268 5603">
    <p class='ocr_par' dir='ltr' id='par_1_114' title="bbox 2041 5545 2268 5603">
     <span class='ocr_line' id='line_1_114' title="bbox 2041 5545 2268 5603; baseline 0.013 -3"><span class='ocrx_word' id='word_1_777' title='bbox 2041 5545 2268 5603; x_wconf 65' lang='lat' dir='ltr'><strong>NOTAE.</strong></span> 
     </span>
    </p>
   </div>
   <div class='ocr_carea' id='block_1_115' title="bbox 644 5613 1964 5690">
    <p class='ocr_par' dir='ltr' id='par_1_115' title="bbox 644 5613 1964 5690">
     <span class='ocr_line' id='line_1_115' title="bbox 644 5613 1964 5690; baseline 0.018 -24"><span class='ocrx_word' id='word_1_778' title='bbox 644 5613 757 5686; x_wconf 72' lang='grc'><strong>(60)</strong></span> <span class='ocrx_word' id='word_1_779' title='bbox 791 5619 915 5673; x_wconf 74' lang='lat' dir='ltr'><strong>Vide</strong></span> <span class='ocrx_word' id='word_1_780' title='bbox 944 5621 1209 5677; x_wconf 69' lang='lat' dir='ltr'><strong>Novellum</strong></span> <span class='ocrx_word' id='word_1_781' title='bbox 1253 5638 1457 5680; x_wconf 56' lang='lat' dir='ltr'><strong>sextam</strong></span> <span class='ocrx_word' id='word_1_782' title='bbox 1488 5631 1654 5684; x_wconf 57' lang='lat' dir='ltr'><strong>Alexii</strong></span> <span class='ocrx_word' id='word_1_783' title='bbox 1688 5633 1964 5690; x_wconf 75' lang='lat' dir='ltr'><strong>COllillClli.</strong></span> 
     </span>
    </p>
   </div>
   <div class='ocr_carea' id='block_1_116' title="bbox 2291 5640 3656 5710">
    <p class='ocr_par' dir='ltr' id='par_1_116' title="bbox 2291 5640 3656 5710">
     <span class='ocr_line' id='line_1_116' title="bbox 2291 5640 3656 5710; baseline 0.008 -19"><span class='ocrx_word' id='word_1_784' title='bbox 2291 5640 2396 5708; x_wconf 61' lang='lat' dir='ltr'><strong>(ﬁl)</strong></span> <span class='ocrx_word' id='word_1_785' title='bbox 2431 5643 2555 5704; x_wconf 61' lang='lat' dir='ltr'><strong>Qum</strong></span> <span class='ocrx_word' id='word_1_786' title='bbox 2589 5646 2859 5710; x_wconf 65' lang='lat' dir='ltr'><strong>pOl‘Itttllt‘S</strong></span> <span class='ocrx_word' id='word_1_787' title='bbox 2894 5645 3112 5698; x_wconf 70' lang='lat' dir='ltr'><strong>fratrum</strong></span> <span class='ocrx_word' id='word_1_788' title='bbox 3147 5658 3288 5705; x_wconf 65' lang='lat' dir='ltr'><strong>sunt.</strong></span> <span class='ocrx_word' id='word_1_789' title='bbox 3322 5646 3392 5698; x_wconf 79' lang='lat' dir='ltr'><strong>uti</strong></span> <span class='ocrx_word' id='word_1_790' title='bbox 3436 5655 3656 5702; x_wconf 76' lang='lat' dir='ltr'><strong>vocant.</strong></span> 
     </span>
    </p>
   </div>
  </div>
