3914 6332
139 411 286 479 1033

1535 403 1940 467 ΜΕΟΙΤᾹΤΑ.

3179 389 3310 456 1034

135 531 273 584 τῶν
312 527 372 581 τὸ
407 525 462 580 δὲ
495 525 636 586 ελεός
682 539 780 592 μου
827 515 887 574 οὗ
925 522 998 591 μὴ
1051 511 1380 576 διασκεδάσω
1425 521 1530 574 ἀπὸ
1571 522 1677 575 τῶν

1785 517 2202 576 misericordiam
2233 534 2359 574 vero
2390 531 2560 574 meam
2590 533 2695 573 non
2746 519 3052 588 dispergam
3109 530 3140 569 a
3183 515 3310 570 dili~

137 617 476 687 ἀγαπώντων
508 634 593 685 με,
626 616 732 668 οὐδ’
763 614 825 667 0'6
867 613 939 682 μὴ
971 612 1257 683 βεϐηλώσω
1287 612 1384 682 τὴν
1420 612 1677 681 διαθήκην

143 721 287 776 μουο
330 705 423 774 τὴν
461 706 558 772 μὲν
604 702 820 771 ὲθνικὴν
859 701 1112 755 ἀπιστίαν
1153 699 1518 768 διασκορπίσει
1549 699 1676 751 ὡσεὶ

138 794 417 864 κονιορτὸν
447 794 551 846 ἀπὸ
582 792 778 852 ἅλωνος
806 789 1040 860 θερινῆς,
1071 791 1194 852 τοὺς
1227 790 1283 842 δὲ
1311 788 1484 850 ὁσίους
1515 789 1676 841 αὐτοῦ

141 883 445 954 συναγάγῃ,
473 881 564 934 καὶ
587 881 744 932 δώσει
774 881 952 939 αὐτοῖς
980 876 1158 948 χώρας
1187 877 1353 930 ἐθνῶν
1373 878 1464 930 καὶ
1486 877 1674 942 φυλάς.

139 974 254 1025 Καὶ
281 974 395 1041 ipsi
433 972 534 1032 πᾶς
589 971 618 1020 ὁ
645 969 770 1030 λαός
802 983 816 998 ·
860 968 1157 1038 Εὐλογητὸς
1209 967 1408 1035 Κύριος
1461 968 1541 1029 εις
1589 966 1678 1018 τὸν

138 1059 336 1112 αἰῶνα.
367 1058 596 1121 Γένοιτο,
634 1055 857 1123 γένοιτο.

709 1185 843 1237 ΤΟΥ
886 1177 1112 1236 ΑΥΤΟΥ

140 1315 399 1381 Μελέτη,
428 1313 599 1380 χάριν
620 1312 736 1365 τῶν
760 1311 867 1381 δύο
899 1310 1205 1381 ὀφφικίων,
1223 1307 1355 1381 ’τοῦ
1381 1321 1443 1360 τε
1468 1311 1676 1376 καρτο-

420 1376 710 1451 έρύξιακος,
734 1380 830 1432 καὶ
856 1379 960 1431 τοῦ
986 1376 1406 1441 πρωτεκδίκου.

216 1487 322 1542 T06
356 1487 586 1556 μεγάλου
618 1484 932 1538 διδασκάλω
971 1483 1069 1552 τῆς
1116 1482 1438 1552 Ἐκκλησίας
1469 1480 1677 1534 Παύλου

138 1579 240 1633 τοῦ
275 1578 593 1645 θεοκήρυκος
631 1574 878 1640 λέγοντος
901 1611 914 1634 ,
947 1573 1058 1640 Οὐχ
1096 1571 1269 1640 ἑαυτῷ
1295 1588 1376 1633 τις
1419 1570 1679 1637 λαμϐάνει

141 1669 330 1736 τιμὴν,
363 1667 494 1718 ἀλλὰ
532 1664 854 1732 καλούμενος
891 1663 992 1714 ὑπὸ
1035 1659 1129 1713 τοῦ
1174 1660 1307 1713 Θεοῦ
1331 1701 1346 1724 ,
1380 1659 1605 1727 ὤφειλεν
1652 1662 1680 1712 δ

142 1757 510 1828 πρωτέκδικος
548 1754 832 1824 ἀρκεῖσθαι
877 1754 988 1814 τοῖς
1034 1749 1332 1818 δεδομένοις
1371 1748 1535 1816 αὐτῷ,
1588 1747 1681 1800 καὶ

142 1823 267 1898 κατ’
291 1846 427 1912 ἰχνία
456 1845 498 1876 "'
534 1823 733 1911 βαίνειν
764 1841 872 1892 τῶν
903 1838 1008 1908 πρὸ
1045 1835 1228 1900 αὐτοῦ,
1264 1837 1488 1906 παντοίᾳ
1520 1835 1678 1904 σοφίᾳ
1708 1823 1752 1882 Β

142 1937 256 1988 τῶν
288 1937 540 1988 πλειόνων
585 1933 1004 2001 κεκοσμημένων
1051 1931 1114 1999 τῇ
1157 1930 1337 1999 χάριτι
1378 1927 1470 1980 τοῦ
1523 1925 1677 1992 Θεοῦ,

143 2025 327 2087 καθὼς
352 2025 443 2077 καὶ
473 2024 629 2084 αὐτός
653 2025 786 2084 εστι,
822 2022 916 2073 καὶ
952 2020 1018 2072 τὰ
1053 2019 1352 2088 ὑψηλότατα
1382 2018 1481 2086 τῆς
1521 2018 1684 2084 ἁγιω-

143 2116 314 2182 τάτης
341 2115 430 2166 τοῦ
475 2112 606 2165 Θεοῦ
640 2111 878 2182 μεγάλης
914 2110 1236 2178 Ἐκκλησίας
1276 2108 1680 2178 ινεργησάντων

141 2203 393 2270 δφφίκια,
426 2200 585 2253 τινῶν
611 2200 666 2252 δὲ
698 2199 788 2252 καὶ
822 2198 962 2250 κατὰ
989 2198 1241 2268 γνησίους
1270 2195 1682 2265 πτερυξαμένων

143 2291 396 2350 ἁετιδεϊς,
428 2289 520 2340 καὶ
547 2290 625 2349 είς
657 2289 748 2339 τὸν
789 2287 960 2355 μέγαν
1003 2285 1319 2352 φθασάντων
1367 2283 1552 2352 θρόνον
1585 2281 1682 2350 τῆς

145 2377 789 2441 Κωνσταντινουπόλεως,
818 2377 910 2428 καὶ
934 2375 1001 2427 τὰ
1030 2370 1342 2442 κυρωθέντα
1365 2371 1449 2424 διὰ
1479 2369 1682 2439 χρόνων

146 2466 566 2535 ἀμνημονεύτων
626 2466 841 2534 σχεδὸν,
902 2463 974 2532 μὴ
1032 2461 1279 2514 σπεύδειν
1333 2457 1682 2525 ἀλλοιωθῆναι

149 2557 290 2609 κατά
323 2556 532 2622 σηπύας
577 2553 915 2623 αὐθημερὸν,
966 2552 1058 2604 καὶ
1099 2550 1243 2604 οὕτω
1304 2547 1684 2617 ῥιψοκινδύνως

148 2645 520 2707 σκανδαλίζειν
553 2644 644 2696 καὶ
679 2641 1114 2704 σκανδαλίζεσθαι
1138 2656 1152 2672 ο
1186 2638 1357 2692 θέλειν
1388 2638 1442 2690 δὲ
1489 2636 1685 2705 μᾶλλον

149 2737 374 2804 εἰρήνην
401 2737 491 2786 ἐπὶ
515 2735 604 2787 τὸν
632 2734 758 2787 λαὸν
788 2732 881 2785 τοῦ
911 2731 1074 2793 Θεοῦ,
1103 2731 1196 2783 καὶ
1227 2729 1320 2781 ἐπὶ
1356 2730 1482 2790 τοὺς
1507 2728 1686 2788 ὁσίους

149 2825 338 2880 αὐτοῦ.
382 2825 530 2877 Ἐπεὶ
574 2823 618 2875 δ’
661 2824 759 2876 οὐκ
803 2817 899 2874 οἷδ’
946 2821 1090 2882 ὅπως
1141 2817 1507 2888 παραδραμὼν
1561 2819 1685 2878 τοὺς

148 2914 456 2984 ὲγείροντας
478 2912 546 2965 τὰ
573 2911 838 2964 σκάνδαλα
862 2908 1123 2979 μύλωνας,
1149 2908 1243 2960 καὶ
1263 2909 1330 2958 τὰ
1351 2905 1684 2976 διορισθέντα

150 3002 446 3065 κανονικῶς
494 3001 632 3056 κατὰ
673 2999 781 3054 τῶν
836 2999 1219 3068 παραλυόντων
1273 2995 1687 3066 ἀπερισκέπτως

150 3090 438 3159 συνήθειαν
470 3088 683 3159 μακρὰν
709 3085 1160 3156 ἐκκλησιαστικὴν
1199 3083 1505 3154 οἱανδήτινα
1550 3083 1685 3154 (καὶ

146 3179 352 3250 ταύτην
376 3181 480 3250 γὰρ
509 3179 727 3248 κρατεῖν
755 3176 830 3238 ὡς
859 3175 985 3237 τοὺς
1023 3175 1196 3236 θείους
1220 3173 1445 3235 κανόνας
1466 3188 1684 3241 νενομο-

150 3271 418 3339 θέτηται),
442 3269 536 3322 καὶ
566 3266 910 3338 ὕπεραναδὰς
933 3265 1023 3318 τὸν
1046 3264 1315 3334 ὁρίζοντα,
1337 3262 1482 3314 θέλει
1509 3271 1686 3330 παρα-

154 3359 413 3413 σαλεῦσαι
441 3358 506 3409 τὰ
549 3355 642 3409 τοῦ
671 3353 1074 3425 χαρτοφύλακος
1104 3351 1370 3421 προνόμια
1388 3390 1403 3414 ,
1435 3352 1529 3402 καὶ
1567 3366 1688 3402 συν-

155 3449 288 3517 άψαι
317 3450 428 3508 τοῖς
456 3446 742 3506 ἑκδικικοϊς
768 3441 1211 3513 λειτουργήμασι,
1233 3440 1371 3494 κατά
1396 3456 1545 3501 τινας
1572 3439 1689 3490 ἑτε-

153 3538 325 3609 ροφυῆ
356 3535 820 3605 συμμοσχεύοντας
845 3532 1088 3602 σώματα,
1115 3532 1208 3584 καὶ
1236 3530 1368 3599 πρὸς
1394 3529 1688 3581 επισύστα-

152 3643 240 3682 σιν
265 3625 360 3679 τοῦ
387 3625 583 3678 οίκείου
606 3624 928 3692 θελήματος,
969 3621 1153 3674 κανόσι
1183 3619 1379 3689 χρῆται
1402 3617 1498 3685 τῆς
1529 3617 1688 3683 ἁγίας

151 3716 250 3768 καὶ
279 3713 656 3782 οίκουμενικῆς
682 3713 945 3779 τετάρτης
972 3709 1210 3773 συνόδου,
1231 3707 1363 3778 πρὸς
1387 3706 1444 3758 δὲ
1469 3705 1557 3758 καί
1580 3720 1688 3757 τισι

153 3805 222 3873 [Si]
233 3820 362 3871 μασι
394 3801 484 3853 τοῦ
511 3799 868 3870 ἀποκειμένου
906 3797 1106 3866 βιϐλίου
1139 3799 1194 3848 δν
1222 3794 1300 3864 τῷ
1330 3782 1566 3862 σεκρότῳ
1593 3789 1687 3842 τοῦ

152 3883 298 3954 lepori
318 3885 599 3950 ὲκδικείου,
635 3883 882 3952 παριστῶ
909 3883 1001 3934 καὶ
1029 3881 1189 3944 αὐτὸς
1219 3880 1308 3932 διὰ
1349 3879 1446 3948 τῆς
1484 3877 1690 3948 παρού-

152 3989 253 4043 σης
268 3976 479 4043 γραφῆς
508 3990 628 4043 μου,
650 3972 828 4033 καθὼς
852 3970 1105 4041 ὴξίωμαι,
1128 3972 1196 4022 τὰ
1222 3967 1428 4034 τοῦτον,
1455 3967 1529 4029 ὡς
1553 3959 1690 4032 ιγῷ-

154 4081 275 4134 μαι,
300 4062 518 4122 δικαίως
558 4059 993 4128 ιπιστομίζοντα,
1026 4060 1120 4112 καὶ
1157 4059 1248 4112 τὸν
1277 4058 1417 4112 κατὰ
1465 4057 1691 4126 καιροὺς

151 4150 532 4220 χαρτοφύλακα
574 4149 876 4218 φιλαλήθως
917 4147 1379 4216 ἀποσεμνύνοντα.
1425 4145 1556 4198 ’Λπδ
1595 4145 1689 4198 τοῦ

150 4247 249 4308 κγ’
265 4239 483 4303 κανόνος
506 4240 614 4293 τῶν
639 4241 695 4292 δν
718 4237 1015 4307 Χαλκηδόνι
1039 4236 1394 4290 συνελθόντων
1420 4235 1498 4303 χλ¹
1523 4234 1691 4300 ἁγίων

153 4329 440 4400 Πατίρων,
491 4328 712 4398 συκίνην
749 4328 1066 4397 ἐπικουρίαν
1095 4328 1123 4380 δ
1158 4326 1519 4397 πρωτὼιδικος
1552 4321 1694 4376 ίδιώ-

155 4440 304 4490 οατο,
334 4422 492 4493 χάριν
515 4421 610 4473 τοῦ
641 4419 843 4488 κρίνειν
872 4416 1204 4486 ἰδιορυθμίας
1237 4414 1570 4484 μοναζόντων
1597 4413 1690 4466 καὶ

153 4512 456 4582 κληρικῶν,
503 4510 597 4562 καὶ
643 4507 957 4578 ἀνακρίνειν
1001 4504 1305 4573 ἀποδημίας
1353 4502 1530 4558 αὐτῶν
1553 4541 1568 4567 ,
1598 4502 1694 4555 καὶ

152 4605 495 4674 κατακρίνειν
537 4603 613 4665 ὡς
654 4600 916 4669 φυγαδίας
959 4597 1362 4666 δουλοπρεπεῖς.
1416 4595 1528 4665 Πρδ
1587 4593 1695 4662 γὰρ

155 4696 350 4749 ικατδν
382 4693 583 4762 χρόνων
618 4690 811 4761 μικρόν
852 4701 904 4743 τι
933 4688 1093 4740 πλέον
1123 4686 1159 4757 ἢ
1183 4685 1434 4748 ῑλαττον,
1463 4677 1557 4736 τοῦ
1583 4683 1697 4735 ἀοι-

154 4786 312 4853 δίμου
336 4779 591 4848 βασιλέως
618 4775 711 4829 τοῦ
740 4772 1135 4834 Ἰουστινιανοῦ,
1150 4771 1242 4822 τοῦ
1264 4766 1694 4838 τὴνἘκκλησίαν

155 4867 436 4937 ἀγακλεῶς
475 4863 876 4934 οὺρανὼσαντος
895 4899 910 4920 .
957 4863 986 4912 ό
1025 4857 1260 4919 τοιοῦτος
1312 4856 1491 4910 κανὼν
1529 4857 1695 4909 ἐκπε-

158 4959 425 5028 φώνηται,
460 4955 547 5007 ὅτε
589 4952 746 5020 λόγος
773 4950 873 5001 οὐκ
907 4944 975 5018 ἦν
1006 4947 1232 5000 ικδίκων
1258 4945 1424 4999 δντων
1455 4945 1564 4998 ἀπὸ
1601 4946 1694 4998 τοῦ

161 5047 433 5114 βήματος,
480 5039 679 5092 λαῖκῶν
747 5037 804 5090 δὲ
859 5038 977 5098 sui;
1045 5031 1357 5100 ἔκκλησίαις
1409 5031 1698 5100 διδομένων

159 5134 414 5188 ἑκάστοτε
438 5128 570 5198 πρὸς
603 5126 895 5194 ἐκδίκησιν.
924 5123 1033 5176 Καὶ
1059 5122 1213 5175 τοῦτο
1240 5120 1394 5190 δῆλόν
1413 5122 1560 5174 ἐστιν
1591 5118 1697 5173 ἀπὸ

162 5222 258 5278 τοῦ
286 5226 354 5275 οε⁸
381 5219 596 5278 κανόνος
633 5216 730 5284 τῆς
766 5216 823 5266 εν
852 5212 1177 5281 Καρθαγένη
1217 5210 1433 5264 συνόδου
1455 5246 1471 5272 ,
1501 5208 1696 5261 οὑτωσὶ

160 5311 444 5376 διεξιόντος
477 5306 650 5378 ῥητῶς
671 5320 684 5335 ο
718 5304 850 5369 Περὶ
875 5302 1125 5355 ἐκδίκων
1153 5299 1268 5353 τῶν
1305 5297 1689 5363 Ἐκκλησιῶν,

163 5399 278 5455 τῶν·
304 5397 658 5465 ὀφειλόντων
706 5392 820 5446 ἀπὸ
857 5390 962 5444 τοῦ
1007 5390 1309 5453 ,ϐασιλέως
1363 5385 1688 5453 αιτηθῆναι,

1777 612 2026 680 gentibus
2057 626 2159 677 me,
2182 627 2279 666 nec
2308 609 2604 680 profanabo
2657 615 3039 663 testamentum
3091 619 3306 659 meum:

1777 698 1823 751 is
1848 712 1974 766 ergo
2011 713 2341 767 paganorum
2390 698 2602 766 quidem
2641 694 3008 750 inlldelitatem
3061 691 3308 760 dissipet,

1777 787 1940 841 veluti
1993 788 2270 856 pulverem
2321 803 2387 843 ex
2421 801 2546 841 area
2602 786 2810 848 aestiva,
2862 791 3079 838 sanctos
3129 792 3307 834 autem

1775 891 1904 931 suos
1935 878 2174 947 colligat,
2209 885 2262 930 et
2309 890 2640 946 paganorum
2693 874 2773 929 eis
2810 874 2901 928 det
2945 874 3188 941 regiones
3247 884 3311 923 ac

1777 967 1970 1021 tribus.
2015 967 2080 1021 Et
2143 967 2288 1021 dicat
2335 967 2563 1036 populus
2611 964 2897 1019 universus
2941 962 3312 1015 :Benedictus

1780 1055 2035 1111 Dominus
2066 1056 2118 1109 i‘n
2147 1056 2423 1110 saculum.
2460 1053 2598 1119 Fiat,
2633 1054 2746 1106 ﬂat.

2394 1181 2692 1239 EIUSDEM

1780 1309 2107 1372 Medianum,
2141 1311 2201 1363 de
2232 1310 2431 1362 duobus
2465 1310 2572 1362 illis
2603 1309 2778 1372 oﬂiciis
2803 1348 2817 1371 ,
2850 1302 3161 1358 chariula‘rii
3206 1303 3308 1356 sti-

2145 1379 2282 1441 licet,
2324 1393 2385 1430 ac
2425 1379 2579 1445 primi
2611 1377 2921 1444 defensoris.

1847 1483 1981 1536 Cum
2016 1497 2241 1552 magnus
2282 1481 2370 1535 ille
2419 1481 2608 1535 doctor
2664 1480 2939 1545 Ecclesiae,
2992 1482 3311 1550 divinusque

1780 1587 1952 1642 praeco
1983 1571 2177 1626 Paulus
2201 1571 2366 1636 dicat,
2397 1586 2502 1624 non
2544 1569 2646 1624 sibi
2696 1571 3000 1639 quempiam
3053 1573 3307 1627 honorem

1780 1675 2010 1725 sumere,
2043 1660 2134 1714 sed
2160 1675 2190 1713 a
2218 1659 2324 1714 Deo
2347 1671 2628 1723 vocatum;
2658 1674 2786 1713 sane
2817 1660 3047 1715 debebat
3108 1665 3309 1731 primus

1780 1752 2032 1807 deiensor
2067 1751 2170 1804 sibi
2206 1751 2482 1806 concessis
2519 1764 2641 1804 esse
2697 1759 3006 1816 contentus,
3041 1762 3092 1808 et
3122 1753 3308 1808 decesa

1780 1854 1962 1895 sorum
1983 1851 2200 1892 suorum
2219 1838 2460 1905 vestigiis
2478 1837 2756 1901 insistere;
2786 1853 3014 1907 quorum
3046 1839 3307 1910 plerique,

1782 1930 1918 1984 sicut
1941 1938 1994 1983 et
2032 1927 2169 1998 ipse,
2209 1942 2303 1996 per
2334 1926 2426 1981 Dei
2490 1927 2716 1994 gratiam
2759 1928 3043 1996 omnigena
3091 1929 3312 1982 fuerunt

1781 2018 1955 2073 ornati
2022 2017 2299 2081 doctrina,
2361 2029 2752 2085 supremasque
2810 2017 3167 2072 sanctissima:
3219 2016 3311 2070 Dci

1783 2109 2003 2176 majoris
2039 2106 2289 2161 Ecclesia
2313 2106 2598 2175 dignitates
2624 2115 2935 2176 gesserunt,
2961 2116 3121 2176 atque
3144 2107 3308 2160 etiam

1782 2199 1946 2267 aliqui
1981 2197 2336 2267 genuinorum
2378 2198 2431 2251 in
2478 2212 2680 2252 morem
2733 2197 3000 2266 pullorum
3051 2200 3314 2267 aquilino-

1783 2301 1906 2341 rum
1931 2288 2046 2342 alas
2081 2293 2450 2354 sumpserunt,
2483 2293 2535 2339 et
2563 2287 2628 2340 ad
2683 2296 2934 2356 magnum
2989 2283 3138 2348 illum
3172 2286 3314 2340 Con-

1783 2378 2168 2447 stantinopolis
2222 2377 2476 2431 thronum
2527 2385 2929 2446 pervenerunt:
2988 2379 3313 2445 minimeque

1783 2468 1911 2522 dare
1935 2467 2163 2522 debebat
2194 2480 2436 2536 operam,
2493 2475 2555 2520 ut
2600 2466 2760 2519 annis
2812 2466 3085 2521 hominum
3149 2476 3315 2534 prope

1785 2557 2099 2612 memoriam
2142 2555 2529 2611 excedentibus
2585 2556 2922 2616 conﬁrmata,
2975 2561 3312 2608 mutarentur

1785 2661 1892 2700 uno
1922 2647 2028 2712 die,
2051 2648 2322 2716 sepiarum
2350 2647 2400 2699 in
2427 2661 2629 2699 morem
2652 2662 2667 2710 ;
2688 2654 2847 2715 atque
2890 2645 2961 2698 ita
3007 2647 3310 2714 periculose

1785 2746 1892 2789 tam
1948 2735 2238 2800 oﬂendere,
2304 2750 2464 2804 quam
2523 2735 2754 2792 offendi:
2814 2736 2906 2791 sed
2952 2735 3088 2790 Velle
3137 2737 3313 2804 potius

1785 2839 1968 2892 pacem
1996 2839 2158 2893 supra
2189 2825 2447 2895 populum
2492 2823 2608 2888 Dei,
2641 2833 2695 2879 et
2722 2839 2887 2893 supra
2918 2833 3135 2878 sanetos
3177 2824 3312 2888 eius.

1783 2912 1984 2968 Verum
2020 2915 2140 2984 quia
2190 2917 2377 2970 nescio
2431 2909 2700 2985 quomodo
2735 2912 3032 2970 molaribus
3081 2915 3315 2968 escitan-

1785 3000 1930 3055 tibus
1962 3001 2212 3056 scandala
2245 3003 2554 3070 praeteritis,
2609 3011 2770 3072 atque
2823 3001 3008 3055 itidem
3070 3001 3158 3062 iis,
3188 3009 3309 3067 quae

1788 3086 2053 3141 canonice
2118 3093 2321 3142 statuta
2393 3093 2522 3141 sunt
2586 3088 2847 3143 adversus
2918 3086 3315 3141 inconsiderate

1787 3175 2054 3230 violantes
2093 3189 2472 3244 quacunque
2511 3175 2823 3230 diuturnam
2872 3173 3313 3230 consuetudinem

1786 3263 2208 3320 ecclesiasticam
2258 3264 2405 3333 (nam
2441 3271 2493 3319 et
2519 3263 2668 3318 illam
2713 3263 2934 3333 perinde
2987 3271 3156 3316 ratam
3195 3275 3318 3316 esse

1786 3354 1984 3409 debere
2027 3354 2298 3410 sancitum
2349 3359 2451 3418 est,
2507 3363 2668 3423 atque
2717 3364 2903 3408 saeros
2953 3350 3209 3418 canones)
3262 3362 3317 3404 et

1789 3450 2105 3498 transcenso
2126 3443 2358 3513 denique
2379 3443 2679 3505 horizonte,
2701 3441 2980 3510 privilegia
3003 3440 3314 3493 chartularii

1787 3538 2076 3584 concutere
2118 3530 2253 3593 vult,
2300 3539 2353 3584 et
2396 3545 2517 3584 cum
2567 3529 2939 3584 {unctionibus
2996 3529 3316 3584 defensoriis

1787 3618 2134 3688 conjungere.
2160 3633 2309 3674 more
2329 3618 2709 3688 quorumdam,
2732 3618 2824 3688 qui
2852 3618 3079 3673 diversae
3109 3627 3315 3673 naturae

1790 3721 2021 3775 corpora
2075 3707 2294 3763 sibimet
2372 3707 2658 3763 inserendo
2723 3708 3010 3778 capulaut:
3086 3722 3320 3777 cumque

1797 3795 2034 3850 instituti
2068 3796 2154 3851 sui
2177 3796 2436 3866 probandi
2460 3810 2642 3862 causa,
2671 3806 2873 3852 sancta:
2909 3807 2962 3852 et
2993 3799 3318 3852 universalis

1790 3893 1996 3954 quarta
2052 3886 2240 3955 synodi
2305 3887 2611 3942 canonibus
2660 3897 2874 3950 utatur,
2931 3902 2991 3941 ac
3066 3896 3320 3956 prtelerea

1788 3973 1969 4028 verbis
1997 3974 2321 4042 quihusdam
2348 3975 2588 4040 exlibro,
2625 3975 2718 4044 qui
2748 3985 2992 4032 servatur
3021 3978 3073 4030 in
3117 3988 3321 4031 secreto

1790 4063 1933 4118 sacri
1971 4062 2265 4118 defensorii
2301 4080 2314 4118 :
2373 4064 2642 4132 proferam
2670 4073 2724 4120 et
2771 4066 2886 4135 ipse
2923 4067 3023 4121 hoc
3074 4070 3321 4135 pra‘Seuti

1791 4153 2016 4223 scripto.
2039 4153 2488 4224 quemadmodum
2524 4168 2553 4207 a
2581 4169 2668 4208 me
2700 4156 2922 4224 petitum
2963 4166 3066 4218 est,
3093 4165 3210 4225 quae
3246 4171 3308 4210 0s

1791 4243 1916 4298 huic
1942 4258 2050 4297 non
2073 4245 2169 4299 abs
2185 4259 2265 4307 re,
2300 4258 2419 4299 meo
2439 4243 2653 4313 quidem
2678 4243 2902 4313 judicio,
2953 4255 3076 4300 sunt
3109 4246 3328 4298 obtura-

1791 4339 1945 4400 tura;
2002 4339 2057 4387 et
2117 4347 2243 4388 vere
2303 4334 2476 4389 cuivis
2539 4349 2635 4402 pro
2693 4341 2938 4404 tempore
2999 4333 3328 4387 cbartulario

1720 4439 1766 4497 ι)
1796 4422 2197 4476 venerationem
2222 4423 2596 4478 conciliatura.
2653 4421 2818 4492 igitur
2851 4439 2916 4478 ex
2961 4435 3166 4477 canone
3193 4437 3324 4476 mu

1797 4519 2103 4565 sanctorum
2133 4509 2375 4576 Patrum,
2416 4512 2506 4580 qui
2551 4511 2894 4567 Chalcedone
2941 4520 3326 4568 convenerunt.

1795 4597 2054 4651 ﬁculnum
2085 4598 2392 4668 prasidium
2427 4597 2530 4653 sibi
2551 4598 2803 4655 defensor
2854 4601 3120 4668 quaesivit,
3171 4600 3326 4669 quasi

1791 4686 1998 4756 judicet
2026 4688 2139 4756 ipse
2161 4687 2227 4742 de
2248 4688 2336 4752 iis,
2357 4703 2476 4757 qua:
2508 4695 2634 4743 sunt
2660 4686 2818 4744 oﬂicli
2862 4690 3248 4743 monachorum
3275 4698 3329 4742 et

1795 4775 2136 4838 clericorum,
2173 4775 2439 4845 quasique
2469 4776 2536 4830 de
2567 4777 2760 4830 horum
2801 4777 3326 4846 peregrinationibus

1795 4865 2054 4934 inquirat,
2091 4879 2295 4933 easque
2333 4865 2496 4920 veluti
2527 4867 2917 4934 mancipiorum
2954 4865 3170 4935 aul‘ugia
3196 4878 3328 4920 eon-

1793 4951 2030 5006 demnet.
2093 4951 2356 5006 Nimirum
2435 4950 2592 5007 annis
2654 4952 2815 5023 paulo
2889 4955 3008 5022 plus
3085 4954 3326 5008 minusve

1792 5049 2009 5094 centum
2081 5048 2206 5095 ante
2277 5042 2642 5097 clarissimum
2714 5042 2863 5095 illum
2943 5042 3322 5110 imperatorem

1791 5123 2186 5192 Iustinianum,
2262 5129 2353 5199 qui
2429 5129 2571 5184 hanc
2638 5129 2917 5184 ecclesiam
2989 5128 3328 5183 laudabiliter

1795 5218 1950 5288 quasi
1983 5218 2216 5287 quodam
2252 5217 2457 5274 caelesti
2492 5232 2656 5286 opere
2695 5217 3018 5282 construxit,
3055 5217 3101 5272 is
3153 5233 3324 5271 canon

1795 5306 2104 5375 publicatus
2137 5305 2272 5359 fuit:
2323 5319 2437 5374 quo
2473 5312 2716 5372 tempore
2769 5302 2951 5356 nullus
2981 5311 3097 5354 erat
3149 5315 3325 5355 seruo

1795 5394 1861 5449 de
1906 5393 2283 5449 defensoribus
2332 5407 2398 5448 ex
2460 5390 2650 5447 ordine
2713 5403 2891 5453 sacro,
2942 5388 3034 5442 sed
3078 5386 3322 5440 ecclesiis

169 5494 480 5557 σύμπασιν
525 5483 732 5549 ἔδοξεν
776 5481 1013 5549 αἰτῆσαι
1076 5481 1193 5535 ἀπὸ
1229 5481 1342 5534 τῶν
1387 5477 1687 5542 ,βασιλέων

1790 5495 2001 5551 semper
2029 5481 2152 5536 laici
2212 5479 2542 5537 delensionis
2592 5491 2758 5531 causa
2806 5476 3098 5530 dabantur.
3160 5476 3334 5537 Atque

1415 5607 1656 5665 νΑιιιε
1681 5609 2078 5671 ιεοτιοκιιδ.

241 5710 287 5744 ’⁸
319 5706 588 5778 κατίχνια.

461 5809 724 5872 mnos.
757 5803 873 5865 Gn.
916 5799 1308 5867 CXXXVIII.
