3914 6332
156 383 296 449 1037

1581 396 1632 452 ill
1645 395 1990 458 ΕΒΙΤΑΤΑ.

3233 400 3360 464 1038

160 513 266 566 κοῦ
317 512 518 580 βιϐλίου
549 513 729 565 λαϐεῖν
784 514 870 565 τὸν
902 516 1266 581 παιωτέκδικον
1333 517 1536 578 ἄδειαν,
1590 520 1717 584 περὶ

1829 515 2054 569 indicata
2108 515 2265 568 verba
2315 513 2434 567 libri
2485 514 2551 567 de
2599 511 2768 566 ollicio
2821 512 2979 580 primi
3031 513 3350 581 del'ensorts,

161 605 352 673 πάσης
381 603 679 666 ὑποθέσεως
704 603 940 666 δικάζειν
963 605 1238 667 διακόνους
1272 607 1363 658 καὶ
1399 609 1561 675 ἱερεῖς
1583 607 1718 674 μετά

161 694 278 746 τῶν
311 693 720 746 ἀντιθιτούντων
748 693 970 763 αὐτοῖς),
1001 696 1117 756 πῶς
1140 697 1236 747 οὐκ
1268 696 1381 747 ἐστι
1408 696 1504 764 τῆς
1534 713 1717 764 πρωτ-

160 783 450 852 εκδικικῆς
477 783 664 848 σοφίας
697 781 947 847 ἀνάξιον;
982 783 1149 836 Βαϐαὶ
1173 785 1299 852 γὰρ,
1334 785 1473 836 πόσα
1529 784 1716 835 τούτου

159 861 413 932 δὀθέντος
451 869 764 923 ἀθετοῦνται
801 871 1044 922 θειότατα
1090 871 1326 938 νόμιμαί
1381 871 1520 922 πόσα
1566 869 1716 936 βασι-

160 959 306 1010 λέων
362 957 652 1028 ὀρθοδόξων
724 958 1179 1028 θεσπιωόήματαί
1260 960 1397 1012 πόσα
1463 959 1719 1025 Πατέρων

161 1049 332 1102 θείων
392 1050 638 1117 δόγματα
685 1051 775 1129 κρὶ
810 1050 1145 1119 διδάγματα,
1196 1051 1322 1112 τοὺς
1367 1051 1720 1119 ἑναγομένους

162 1139 438 1198 παντοίως
474 1139 792 1202 συνάγοντα,
821 1138 960 1208 [καὶ]
1005 1138 1071 1191 δι’
1106 1140 1542 1208 έπιιρωνημάτων
1567 1156 1721 1206 τρια·

162 1226 526 1295 κονθημέρων
553 1227 1076 1294 μετακαλουμένους,
1129 1230 1221 1280 καὶ
1267 1228 1480 1290 διπλαῖς
1527 1228 1722 1295 ἐκκλή-

163 1333 284 1376 τοις
317 1317 413 1383 τὴν
446 1314 649 1370 τούτων
684 1317 975 1386 καταδίκην
1023 1318 1445 1386 μετεωρίζονταί
1503 1318 1722 1378 Πάντως

166 1405 363 1466 πολλὰ,
407 1405 498 1455 καὶ
557 1402 731 1455 πάντα
783 1404 965 1473 σχεδὸν
1030 1404 1260 1473 ἀριθμὸν
1307 1402 1718 1470 ὐπερὸαίνοντα.

163 1494 468 1558 Συνάγεται
499 1493 672 1544 τοίνυν
714 1492 1099 1562 ἀπροσπαθῶς,
1129 1493 1221 1544 καὶ
1276 1493 1374 1561 τὴν
1407 1493 1468 1544 ὲκ
1522 1492 1722 1544 τούτων

161 1581 276 1632 τῶν
311 1582 565 1649 ῥημάτων
600 1581 1029 1650 ἀναφαινομένην
1059 1581 1216 1648 δῆθεν
1237 1582 1500 1648 ἀσάφειαν
1520 1597 1722 1648 συναρ-

168 1669 519 1738 μολογεῐσθαι
564 1670 741 1731 καλῶς
799 1673 862 1739 τῇ
897 1670 1023 1738 περὶ
1071 1670 1391 1737 ὲλευθεριῶν
1428 1669 1585 1738 λοιπῇ
1629 1668 1721 1720 τοῦ

166 1757 379 1827 βιϐλίου
413 1763 593 1827 γραφῇ
625 1775 634 1787 ·
674 1759 766 1810 καὶ
793 1761 917 1819 τοὺς
951 1759 1102 1830 παρά
1127 1759 1512 1828 πρεσϐυτέρων
1546 1759 1577 1827 ἢ
1607 1759 1722 1810 δια-

164 1848 347 1900 κόνων
379 1849 696 1915 ἑλκομένους
721 1849 867 1917 παρά
895 1851 1004 1910 τοῖς
1037 1848 1474 1910 θεοσεϐεστὰτοις
1494 1847 1724 1909 ἐκδίκοις
1757 1829 1796 1885 Β

169 1935 335 2003 χάριν
352 1935 868 2001 ὲλευθεροϐοούντων
906 1937 938 2005 ἢ
993 1937 1514 2008 δουλαγωγουμένων
1543 1937 1720 1998 τινῶν,

178 2025 277 2077 καὶ
314 2024 452 2092 μετά
481 2028 625 2093 τρεῖς
658 2026 934 2089 διαλαλιὰς
978 2027 1051 2095 μὴ
1107 2027 1464 2096 πειθομένους
1532 2026 1723 2090 ἐλθεῖν,

174 2115 494 2184 μονομερῶς
530 2117 972 2184 κατακρίνεσθαι,
1011 2117 1096 2169 διὰ
1139 2118 1207 2169 τά
1248 2117 1451 2187 νόμιμα
1481 2116 1596 2168 θεῖα
1643 2117 1727 2167 θε-

173 2206 478 2273 σπίσματα,
514 2205 579 2258 τὰ
633 2207 729 2274 τὴν
779 2205 1086 2275 ἐλευθερίαν
1137 2207 1272 2275 ὑπὲρ
1326 2207 1498 2258 πάντα
1547 2205 1726 2274 σχεδὸν

173 2295 604 2362 περιθὰλποντα,
673 2296 766 2348 καὶ
826 2297 882 2359 ἐξ
934 2296 1188 2348 ὲπ.πέδου
1241 2295 1580 2363 διοριζόμενα
1630 2295 1726 2362 τὴν

174 2384 380 2451 ταύτης
411 2384 634 2453 ζήτησιν
677 2384 937 2451 γίνεσθαι,
979 2387 1071 2436 καὶ
1127 2386 1199 2452 μὴ
1243 2385 1561 2452 ὠφελεῖσθαι
1603 2387 1724 2446 τοὺς

175 2472 317 2523 οὕτω
343 2473 437 2541 τὴν
471 2475 764 2542 καταδίκην
797 2473 916 2524 καθ’
949 2473 1154 2525 ἑαυτῶν
1211 2473 1612 2541 σχεδιάσαντας,
1662 2475 1725 2525 ἐκ

176 2562 270 2612 τοῦ
295 2557 430 2613 εἶναι
459 2562 551 2614 τοῦ
583 2562 818 2631 βήματος
853 2563 951 2632 τῆς
990 2563 1297 2630 ἐλευθερίας
1353 2565 1474 2625 τοὺς
1507 2564 1725 2633 ἀντιλή-

179 2666 408 2718 πτορας.
450 2651 603 2703 Οὕτω
636 2652 692 2704 δὲ
717 2652 922 2704 τούτων
963 2653 1212 2721 ἑχόντων,
1256 2653 1474 2715 δικαίως
1497 2654 1726 2720 ἐπιτρα-

180 2739 412 2805 πήσεται
438 2742 464 2791 δ
507 2741 893 2810 πρωτέκδικος,
945 2741 1052 2793 τῶν
1086 2744 1181 2809 μὲν
1236 2742 1391 2810 χάριν
1419 2742 1725 2811 ἐλευθερίας

178 2827 278 2891 τὴν
309 2829 772 2899 ἐκκλησιαστικὴν
803 2829 1107 2899 ζητούντων
1144 2830 1407 2899 βοήθειαν,
1468 2833 1603 2899 μετά
1651 2834 1726 2885 δι-

185 2917 490 2978 καιοδοσίας
523 2919 1015 2987 ἀντιλαμϐάνεσθαι
1043 2937 1057 2951 ·
1093 2920 1200 2971 τῶν
1228 2920 1284 2972 δὲ
1319 2921 1518 2974 λοιπῶν
1560 2938 1723 2991 προσ-

182 3005 370 3070 φύγων
418 3007 831 3070 ἀντιποιεῖσθαι,
880 3007 1065 3078 ῶσπερ
1090 3009 1181 3059 καὶ
1211 3009 1342 3060 ὅπου
1375 3009 1680 3078 νενόμισται
1708 3024 1722 3038 ·

1820 614 2133 674 potestatem
2171 605 2425 673 consequi
2479 607 2708 672 primum
2760 604 3131 667 defensorem,
3166 607 3353 674 quavis

1821 696 1872 747 in
1922 710 2081 748 causa
2127 693 2407 761 judicandi
2460 693 2715 745 diaconos
2765 698 2816 744 et
2860 692 3182 755 sacerdotes,
3230 709 3352 746 cum

1820 801 2004 839 eorum
2042 783 2414 850 adversariis).
2457 783 2508 834 id
2549 797 2672 834 vero
2707 796 2810 848 quo
2843 790 3000 847 pacto
3036 783 3351 847 sapientiam

1818 875 1976 941 primi
2028 872 2336 926 defensoris
2379 887 2481 924 non
2535 871 2810 938 indignum
2856 871 2977 924 est?
3018 870 3191 936 Babae,
3226 882 3354 938 quot

1820 962 1911 1015 illo
1953 977 2217 1015 concesso
2259 961 2633 1014 sacratissima:
2675 955 2817 1026 leges
2860 960 3173 1012 abolentur!
3231 970 3359 1028 quot

1821 1051 2242 1103 orthodoxorum
2279 1050 2576 1116 principum
2607 1049 2945 1101 sanctiones!
2981 1057 3111 1116 quot
3147 1057 3360 1101 saneto-

1820 1153 1938 1194 rum
1991 1136 2210 1190 Patrum
2274 1138 2489 1190 decreta
2548 1138 2746 1203 pariter
2787 1146 2837 1188 et
2890 1135 3191 1189 doctrinae?
3242 1153 3359 1205 qum

1824 1228 1988 1281 variis
2030 1229 2200 1280 modis
2249 1228 2352 1280 rcis
2389 1226 2587 1288 favent,
2619 1226 2742 1278 dmn
2785 1241 2880 1280 eos
2926 1241 3020 1293 per
3053 1227 3223 1277 edit-ta
3259 1228 3357 1278 tri-

1822 1319 1964 1386 ginta
2011 1319 2215 1372 dierum
2248 1329 2547 1382 arceSsunt,
2585 1326 2639 1371 et
2668 1318 2876 1371 duabus
2918 1317 3361 1383 appellationibus

1822 1407 2321 1462 condemnationem
2363 1423 2543 1460 eorum
2575 1407 2956 1474 suspendunt?
2984 1406 3176 1469 Multa-2,
3222 1407 3362 1458 haud

1824 1497 2004 1558 dubie,
2038 1505 2195 1563 atque
2229 1510 2440 1548 omnem
2475 1510 2754 1548 numerum
2804 1498 3139 1550 excedentcs.
3183 1497 3361 1562 Itaque

1825 1587 1974 1640 nullo
2009 1586 2398 1639 interveniente
2430 1586 2593 1637 animi
2633 1586 2823 1638 affectu
2864 1587 3155 1653 colligitur,
3185 1602 3360 1639 cmer-

1825 1686 2034 1743 gentem
2088 1689 2150 1728 ex
2201 1674 2348 1727 hisce
2390 1673 2562 1727 verbis
2606 1673 2987 1726 obscuritatem
3035 1675 3359 1740 ambiguam,

1826 1774 1968 1817 recte
2002 1763 2278 1816 conciliari
2315 1778 2406 1830 per
2441 1762 2512 1826 id,
2546 1762 2688 1830 quod
2729 1762 2781 1815 in
2817 1762 3001 1816 eodem
3045 1763 3180 1816 libro
3215 1763 3364 1815 dein-

1825 1866 1950 1920 ceps
1981 1853 2340 1922 perscriptum
2386 1860 2468 1905 est
2509 1852 2573 1904 de
2608 1852 2942 1905 libertatibus
2970 1853 3220 1904 nimirum
3247 1866 3359 1914 eos,

1825 1942 1916 2008 qui
1950 1956 1978 1993 a
2010 1941 2340 2010 presbyteris
2376 1941 2456 1994 vel
2488 1941 2728 1994 diaconis
2771 1953 3117 1995 arcessantur
3147 1943 3208 1994 ad
3242 1944 3362 1994 reli-

1825 2030 2173 2098 giosissimos
2204 2030 2523 2084 defensores
2557 2032 2768 2084 illorum
2806 2047 2987 2094 causa,
3019 2033 3107 2098 qui
3151 2034 3364 2100 procla-

1825 2129 1974 2172 mant
2004 2121 2068 2172 ad
2103 2120 2425 2182 libertatem,
2461 2120 2541 2172 vel
2579 2120 2631 2171 in
2663 2121 2968 2173 servitutem
3006 2121 3363 2189 abripiuntur,

1824 2210 1869 2262 si
1903 2216 2022 2277 post
2059 2210 2229 2263 edicta
2270 2209 2370 2262 tria
2416 2217 2663 2262 recusent
2701 2225 3039 2276 comparere,
3093 2227 3195 2262 una
3224 2211 3366 2263 dun-

1825 2304 1973 2349 taxat
2017 2307 2167 2365 parte
2206 2306 2469 2366 przcsente
2513 2297 2887 2361 condemnari,
2929 2307 3144 2366 propter
3183 2313 3366 2352 sacras

1820 2385 1959 2454 juris
1994 2387 2323 2450 sanctiones,
2365 2403 2483 2456 quae
2526 2389 2826 2442 libertatem
2870 2403 3033 2456 prope
3077 2404 3234 2456 supra
3283 2404 3367 2441 res

1825 2489 2013 2530 omnes
2039 2475 2240 2538 fovent,
2272 2488 2322 2530 et
2352 2479 2546 2545 inquiri
2571 2478 2636 2532 de
2679 2480 2777 2532 hac
2807 2479 3019 2547 jubent,
3049 2494 3110 2532 ex
3141 2479 3367 2545 simplici

1825 2573 1876 2620 et
1901 2567 2094 2633 plano;
2127 2581 2225 2619 nec
2257 2568 2328 2618 ita
2356 2567 2740 2622 condemnatos
2769 2567 3057 2636 quidquam
3083 2581 3145 2619 ex
3168 2582 3229 2620 eo
3245 2567 3367 2619 sub-

1828 2653 1949 2707 sidii
1975 2670 2163 2721 capere
2209 2655 2416 2717 volunt,
2455 2659 2596 2724 quod
2623 2657 2882 2711 libertatis
2925 2666 3366 2725 propugnatores,

1826 2745 1964 2798 sacri
2011 2745 2118 2797 sint
2172 2746 2376 2800 ordinis
2437 2747 2702 2802 homines.
2772 2747 2901 2810 Quae
2951 2761 3073 2799 cum
3130 2747 3202 2796 ita
3239 2745 3364 2807 sint,

1827 2832 1969 2886 haud
2005 2834 2101 2888 abs
2138 2849 2193 2888 re
2233 2835 2404 2902 primo
2441 2835 2705 2889 defensori
2769 2835 3088 2902 permissum
3138 2834 3261 2896 erit,
3316 2843 3374 2885 ut

1825 2923 1892 2978 iis
1958 2923 2195 2993 quidem,
2251 2925 2344 2993 qui
2427 2940 2580 2993 opem
2630 2926 3048 2980 ecclesiasticam
3113 2925 3372 2976 libertatis

1826 3028 1990 3068 causa
2027 3015 2340 3081 implorant,
2371 3029 2464 3082 per
2495 3015 2926 3080 iurisdietionem
2981 3028 3131 3068 suam
3182 3013 3374 3066 subve-

183 3095 277 3145 καὶ
310 3097 658 3147 συνίστασθαι
699 3097 895 3163 μᾶλλον
924 3096 1156 3159 τούτοις,
1184 3102 1275 3148 καὶ
1331 3097 1562 3150 ἐκδικεῖν
1617 3099 1725 3153 ἀπὸ

1831 3104 1980 3157 niat‘:
2023 3110 2076 3155 at
2127 3103 2460 3171 reliquorum
2513 3104 2578 3156 ad
2627 3103 2896 3158 Ecclesias
2950 3102 3371 3169 confugientium

180 3181 290 3233 τῶν
322 3183 728 3250 ἐπηρεαζόντων
759 3186 974 3247 αὐτοὺς,
999 3184 1176 3246 καθώς
1210 3204 1310 3237 που
1337 3188 1425 3240 καὶ
1450 3187 1726 3254 κέκληται.

181 3269 337 3321 Οὕτω
363 3271 471 3339 γὰρ
501 3272 688 3334 ποιῶν,
719 3273 812 3324 καὶ
843 3272 1079 3339 φυλάξας
1123 3275 1281 3335 ὁσίως
1319 3276 1385 3326 τὰ
1415 3277 1554 3340 ὅσια,
1586 3275 1730 3326 δεόν-

181 3375 288 3420 τως
311 3361 685 3430 ὀσιωθὴσεται.
712 3363 820 3414 Καὶ
850 3364 1016 3415 ταῦτα
1046 3363 1145 3432 μὲν
1195 3365 1551 3432 ἀποχρώντως
1573 3366 1732 3434 ὲγρά-

183 3465 363 3514 φησαν
398 3451 474 3512 είς
533 3452 806 3520 ἐκτροπὴν
851 3452 961 3504 τῶν
1019 3453 1167 3522 παρὰ
1216 3453 1310 3504 τοῦ
1364 3454 1730 3522 πρωτεκδίκου

182 3538 607 3604 προτιθεμένων,
652 3542 747 3593 καὶ
807 3542 1253 3609 παρασπωμένων
1311 3543 1377 3592 τὰ
1427 3542 1577 3609 παρὰ
1639 3542 1730 3593 τοῦ

182 3629 597 3694 χαρτοφόλακος
629 3631 932 3698 ἀμέμπτως
967 3631 1235 3698 νεμόμενα
1273 3629 1470 3683 δίκαια.
1519 3632 1732 3700 Ῥητέον

183 3716 237 3766 δὲ
262 3721 355 3769 καὶ
377 3718 444 3770 τὰ
471 3721 803 3774 συνιστῶντα
861 3720 951 3771 τὶν
980 3721 1383 3789 χαρτοφὺλακα.
1409 3723 1627 3773 Εἰπάτω
1676 3721 1732 3773 δὲ

186 3809 384 3880 μᾶλλον
410 3812 575 3864 ταῦτα
599 3814 694 3882 τῆς
727 3813 978 3879 ἀληθείας
1007 3815 1063 3864 τὸ
1087 3815 1276 3881 στόμα,
1301 3814 1390 3865 καὶ
1413 3813 1508 3880 τῆς
1535 3813 1732 3864 δικαιο-

185 3902 350 3968 σύνης
379 3904 405 3952 6
454 3902 620 3968 ἥλιος.
662 3905 795 3956 Οὐδὲ
829 3905 935 3969 γὰρ
989 3905 1198 3955 οἴκοθεν
1231 3906 1473 3971 εἴπωμεν
1529 3902 1731 3970 ἐπιμύ-

185 3989 318 4049 θιον,
347 3992 485 4040 κατά
505 3993 629 4052 τοὺς
657 3992 1021 4060 κνηθομένους
1043 3992 1140 4053 τάς
1163 3993 1352 4054 ἀκοὰς,
1385 3992 1460 4060 τῷ
1484 3993 1623 4059 λόγῳ
1641 3992 1730 4043 τοῦ

183 4077 550 4146 διαφέροντος,
573 4081 663 4132 καὶ
701 4081 824 4142 τοὺς
856 4083 946 4134 ἐπὶ
976 4081 1162 4140 ὓδατος
1188 4083 1488 4148 ἀντιλογίας
1511 4082 1733 4150 δοκιμά-

186 4167 379 4229 ζοντας
431 4169 498 4220 τὰ
551 4170 824 4237 ἀμφίὸολα
856 4186 870 4199 ⁸
914 4171 1025 4222 ἀλλ’
1057 4173 1239 4223 ἐκεῖνα
1279 4172 1504 4241 διπλόης
1555 4174 1733 4241 πάσης

185 4255 342 4316 tua;
384 4258 756 4326 σχεδιάσσμεν,
791 4259 889 4310 ὅσα
938 4262 1099 4328 πεῖρα
1147 4260 1353 4328 μακρὰ,
1402 4261 1494 4312 καὶ
1546 4263 1732 4330 χρόνος

185 4347 374 4409 πολὺς,
408 4349 500 4399 καὶ
534 4347 693 4400 θείων
722 4349 950 4415 Γραφῶν
975 4351 1276 4414 ἀνάγνωσις
1301 4353 1442 4418 ἡμᾶς
1497 4351 1733 4402 ἀνεδίδα-

1830 3206 2048 3246 causam
2092 3200 2328 3254 tueatur,
2363 3194 2814 3261 quemadmodum
2849 3203 2900 3247 et
2935 3193 3019 3245 ubi
3057 3191 3261 3259 legibus
3294 3197 3377 3242 est

1830 3280 2106 3334 deﬁnitum
2146 3296 2159 3332 :
2210 3281 2449 3349 adeoque
2480 3284 2659 3350 potius
2694 3283 2777 3338 his
2831 3282 3064 3343 assistat,
3098 3290 3149 3333 et
3191 3279 3375 3333 defen-

1831 3371 1923 3424 dat
1991 3385 2084 3426 eos
2159 3373 2226 3426 ab
2309 3372 2666 3426 inferentibus
2741 3372 3016 3439 injuriam.
3069 3371 3226 3424 sicuti
3278 3384 3377 3422 no-

1832 3462 1993 3515 minis
2055 3461 2226 3528 ipsius
2273 3462 2412 3515 ratio
2467 3462 2717 3530 postulat.
2777 3461 2908 3514 Nam
2943 3463 3011 3514 ita
3041 3461 3082 3514 si
3117 3476 3173 3513 se
3205 3467 3374 3527 geret,

1832 3565 1893 3602 ac
1924 3557 2109 3604 sancte
2151 3562 2337 3604 sancta
2380 3553 2716 3614 servaverit,
2771 3551 2909 3604 haud
2954 3551 3113 3603 dubie
3155 3564 3379 3603 venera-

1831 3638 2029 3690 tionem
2065 3639 2374 3691 merebitur.
2409 3639 2466 3691 Et
2501 3639 2610 3691 haec
2635 3637 2848 3705 quidem
2881 3641 3080 3705 scripta
3112 3635 3377 3689 sulliciant

1831 3726 1894 3777 ad
1931 3740 1992 3776 ea
2032 3725 2369 3787 divertenda,
2413 3742 2531 3793 qua:
2573 3739 2600 3778 a
2652 3726 2825 3794 primo
2866 3725 3149 3778 defensore
3189 3724 3372 3789 profe-

1833 3797 2044 3874 runtur,
2094 3828 2156 3866 ae
2196 3813 2318 3878 jura
2364 3813 2690 3877 convellunt,
2734 3813 2786 3864 in
2836 3826 3063 3878 quorum
3111 3811 3378 3878 inculpata

1835 3901 2180 3968 possessione
2220 3902 2579 3954 chartularius
2623 3910 2697 3953 est
2767 3899 2922 3952 Nune
2958 3899 3024 3952 de
3061 3900 3126 3953 iis
3165 3915 3379 3966 quoque

1833 3990 2144 4051 dicendum,
2174 4003 2292 4056 qua:
2335 4003 2432 4056 pro
2464 3988 2794 4042 cbartulario
2830 3986 3056 4040 faciunt.
3108 3988 3198 4041 Vel
3234 3987 3380 4039 dicat

1831 4093 1893 4133 ea
1941 4080 2118 4145 potius
2159 4079 2333 4145 ipsum
2366 4079 2606 4130 veritatis
2641 4093 2723 4140 os,
2764 4087 2819 4131 et
2862 4080 2941 4132 sol
2979 4077 3221 4144 justitiw.
3264 4075 3380 4129 Non

1831 4173 1973 4224 enim
2004 4185 2067 4223 ex
2104 4169 2258 4223 nobis
2297 4167 2532 4221 fabulam
2576 4168 2886 4231 aﬂ‘eremus,
2922 4171 3095 4222 instar
3137 4169 3371 4230 illorum,

1832 4261 2025 4329 quibus
2057 4274 2216 4313 aures
2258 4257 2605 4327 pruriuntad
2651 4257 2946 4311 orationem
2993 4258 3057 4310 de
3120 4270 3183 4307 eo
3235 4257 3380 4323 quod

1835 4352 1966 4419 ipsis
2005 4348 2249 4418 expedit;
2286 4356 2338 4402 et
2370 4362 2554 4401 eorum
2591 4360 2763 4409 more,
2799 4347 2888 4415 qui
2921 4346 2986 4398 ad
3017 4360 3207 4414 aquam
3247 4361 3379 4398 con-

185 4435 303 4498 ξαν.
345 4439 595 4504 Ἀρκτέον
619 4435 732 4504 οὖν,
755 4439 875 4491 ὅθεν
908 4440 1166 4507 ἄρχεσθαι
1202 4442 1451 4508 ἄμεινον’
1494 4443 1586 4493 καὶ
1634 4460 1725 4493 πο-

1839 4437 2178 4491 tradictionis
2193 4436 2504 4487 examinant
2540 4449 2626 4488 res
2659 4442 3034 4487 controversas
3068 4449 3082 4485 :
3114 4433 3205 4486 sed
3244 4436 3377 4486 citra

188 4526 402 4592 ρευτέον
437 4527 501 4578 ὲκ
538 4527 816 4594 δυνάμεως
850 4528 1007 4580 πάλιν
1039 4531 1114 4588 είς
1140 4527 1382 4596 δύναμιν.

1843 4530 2023 4582 fucum
2075 4539 2286 4577 omnem
2333 4539 2394 4576 ea
2449 4523 2766 4592 simpliciter
2813 4537 3217 4591 proponemus,
3263 4538 3379 4590 qua:

183 4617 475 4672 diuturnus
525 4634 676 4683 usus,
715 4628 768 4672 et
803 4619 946 4686 longi
995 4620 1256 4686 temporis
1299 4619 1634 4678 exercitatio,
1666 4628 1716 4672 et
1758 4633 2034 4675 sacrarum
2065 4615 2389 4667 Litterarum
2423 4615 2585 4668 lectio
2622 4629 2718 4667 nos
2763 4614 3087 4668 docuerunt.
3121 4614 3379 4681 Incipien-

185 4710 313 4761 dum
352 4708 541 4774 igitur,
584 4709 725 4760 unde
768 4717 988 4774 praestat
1033 4708 1242 4758 initium
1287 4707 1396 4758 fieri

255 4797 478 4863 Κεφαλὴ
510 4796 606 4863 τῆς
650 4795 953 4862 ἁγιωτάτης
1001 4793 1094 4844 τοῦ
1116 4795 1246 4845 Θεοῦ
1275 4795 1509 4862 μεγάλης
1534 4795 1732 4863 ἐκκλη-

187 4885 307 4942 σίας
342 4886 479 4946 ὲστὶ,
524 4887 660 4952 μετά
704 4884 800 4953 τὴν
827 4883 1044 4952 πρώτην
1091 4884 1345 4952 ἄναρχον,
1397 4886 1490 4935 καὶ
1544 4885 1730 4947 ἀΐδιον,

186 4977 278 5025 καὶ
308 4973 740 5041 ἀπειροδύναμον
775 4972 1034 5041 κεφαλὴν,
1085 4973 1173 5023 τὸν
1207 4972 1407 5041 Κύριον
1463 4973 1553 5023 καὶ
1601 4973 1730 5024 Θεὸν

183 5060 340 5132 ἡμῶν
382 5060 587 5130 Ἰησοῦν
647 5063 898 5130 Χριστὸν,
927 5062 953 5111 ό
987 5061 1349 5128 πνευματικὸς
1386 5061 1611 5128 νυμφίος
1638 5061 1731 5112 αὐ-

183 5150 280 5218 τῆς
337 5150 365 5200 ό
411 5149 552 5202 κατὰ
604 5154 827 5218 καιροὺς
877 5150 1171 5217 ἀγιὼτατος
1206 5151 1580 5217 οἱκουμενικὸς
1634 5167 1728 5201 πα-

183 5239 466 5307 τριάρχης.
485 5239 604 5290 Τῶν
622 5239 751 5304 γοῦν
799 5239 1266 5308 ὲκκλησιαστικῶν
1323 5237 1545 5288 δικαίων
1593 5237 1729 5289 διαι-

186 5331 463 5396 ρουμένων
497 5329 641 5396 διχῆ,
665 5330 743 5391 εἷς
775 5345 831 5380 τε
869 5330 936 5380 τὰ
970 5329 1292 5396 διαφέροντα
1338 5329 1402 5396 τῇ
1438 5325 1728 5395 Ἐκκλησία

186 5419 504 5484 πολυειδῶς,
547 5420 642 5470 καὶ
672 5420 747 5480 εἰς
796 5419 862 5470 τὰ
931 5417 1007 5486 τῷ
1063 5419 1372 5488 πατριάργῃ
1420 5435 1727 5486 προσκυρω·

184 5506 342 5561 θέντα
387 5511 701 5572 κανονικῶς,
760 5509 945 5578 ἐδέησε
997 5512 1105 5570 τοῖς
1157 5511 1221 5560 τὰ
1243 5509 1340 5577 τῆς
1405 5509 1726 5576 Ἐκκλησίας

182 5599 562 5669 ὀροθετήσασιν
593 5603 889 5671 όρθοδόξοις
939 5602 1094 5670 ἡμῶν
1127 5601 1569 5670 αὐτοκράτορσιν,
1628 5615 1723 5650 κα-

182 5691 468 5760 ταμερίσαι
499 5694 666 5746 ταῦτα
697 5696 826 5764 πρὸς
863 5695 1018 5748 πέντε
1067 5693 1334 5760 σεκρέτων
1379 5689 1548 5756 εἰαγῆ
1578 5691 1725 5752 λογο-

1444 4724 1456 4757 :
1500 4717 1552 4759 et
1588 4723 1615 4759 a
1651 4708 1907 4762 facultate
1939 4707 2196 4772 majorem
2229 4705 2292 4757 ad
2325 4705 2632 4758 facultatem
2665 4703 3134 4772 progrediendum.

1906 4796 2079 4863 Caput
2112 4794 2468 4847 sanctissima:
2498 4792 2592 4846 Dei
2628 4791 2845 4858 majoris
2879 4791 3153 4854 Ecclesiae,
3189 4808 3378 4845 secun-

1836 4886 1962 4938 dum
1988 4891 2150 4951 caput
2180 4883 2308 4936 illud
2343 4883 2572 4949 primum
2601 4882 2758 4934 initio
2787 4895 2980 4935 carens
3019 4890 3069 4935 et
3096 4893 3373 4944 aeternum,

1835 4983 1884 5025 et
1920 4970 2141 5023 infinita:
2182 4972 2452 5038 potentia,
2505 4967 2782 5022 Dominum
2817 4967 3092 5037 Deumque
3131 4979 3376 5023 nostrum

1834 5060 2014 5115 Iesum
2050 5060 2342 5121 Christum,
2381 5065 2460 5112 est
2509 5059 2803 5128 spiritualis
2846 5060 2931 5113 ille
2967 5075 3198 5127 sponsus
3236 5060 3372 5126 ejus,

1834 5151 2210 5203 sanctissimus
2268 5148 2531 5216 cujusque
2593 5150 2846 5215 temporis
2906 5151 3225 5203 universalis
3285 5167 3374 5216 pa-

1837 5239 2094 5289 triarcha.
2130 5236 2263 5290 Cum
2319 5245 2496 5289 autem
2547 5237 2913 5291 ecclesiastica
2959 5239 3080 5306 jura
3131 5238 3373 5290 bifariam

1833 5326 2165 5386 dividantur,
2216 5326 2483 5387 videlicet,
2521 5325 2570 5377 in
2618 5341 2700 5390 ea,
2738 5343 2854 5393 qu:e
2899 5329 3059 5380 variis
3101 5328 3270 5381 modis
3310 5329 3375 5381 ad

1834 5416 2002 5484 ipsam
2037 5415 2329 5468 licclesiam
2364 5416 2634 5482 pertinent
2663 5433 2676 5480 ;
2709 5425 2761 5470 et
2801 5419 2853 5470 in
2895 5433 2976 5479 ea,
3007 5433 3124 5483 qua:
3156 5433 3249 5485 per
3281 5433 3374 5470 ca-

1833 5522 2001 5560 nones
2037 5507 2384 5574 peculiariter
2418 5508 2628 5560 addicta
2665 5517 2791 5561 sunt
2827 5508 3146 5575 patriarchae
3173 5527 3184 5559 :
3216 5523 3376 5577 opor-

1832 5598 1934 5649 tuit
1991 5599 2213 5651 omnino
2269 5597 2540 5665 principes
2612 5608 2828 5651 nostros
2883 5600 3233 5661 orthodoxos,
3283 5599 3375 5666 qui

1832 5688 1994 5741 rebus
2021 5687 2278 5740 Ecclesiae
2303 5698 2504 5740 certam
2536 5688 2702 5754 legem
2731 5689 3010 5752 dederunt,
3037 5691 3144 5743 haec
3174 5690 3378 5756 disper-
