3914 6332
610 341 743 407 1039

1829 355 2104 418 THEOD.
2146 354 2234 415 BA
2246 354 2615 417 LSAMONIS

3684 356 3806 416 1040

604 474 695 527 tiri
744 474 799 525 ln
854 470 1091 539 quinque
1140 474 1476 525 secretorum
1525 466 1774 537 religiosa
1818 466 2137 531 ratiocinia;

2247 466 2393 519 Βέσια
2425 484 2437 496 ·
2462 467 2556 519 καὶ
2591 464 2864 517 ἀναθεῖναι
2907 470 3001 535 τὴν
3030 467 3229 520 τούτων
3287 466 3576 535 διοίκησιν
3631 467 3803 518 διακο-

609 573 769 631 atque
829 559 1021 612 horum
1078 557 1600 612 administrationem
1653 556 1815 609 certis
1872 555 2137 608 ministris

603 648 960 703 committere.
1000 644 1133 698 Nam
1182 646 1401 699 minime
1442 644 1793 697 conveniebat
1838 642 2008 711 ipsum
2048 654 2139 707 pa-

606 734 916 799 triarcham,
978 743 1085 789 tam
1145 734 1426 804 insigniter
1480 735 1535 788 in
1594 732 1846 787 omnibus
1903 730 2137 799 speciem

604 825 786 895 sponsi
816 840 925 893 prae
955 838 1010 878 se
1041 822 1325 888 ferentem,
1348 823 1599 891 occupari
1632 819 1911 875 tractando
1940 826 2135 880 rastro,

605 914 999 981 mancipiisque
1036 912 1313 965 satiandis.
1345 910 1472 965 inde
1505 911 1666 979 igitur
1691 912 1744 964 in
1786 909 1931 962 hunc
1970 922 2140 972 usque

602 1000 764 1062 diem,
794 1013 821 1051 a
849 1000 1086 1066 quinque
1115 999 1429 1067 prasidibus
1450 1012 1586 1067 quos
1608 997 1972 1065 magistratus.
2003 996 2139 1047 Exo-

602 1088 889 1141 catacmlos
934 1086 1181 1149 dicimus,
1227 1094 1481 1153 tanquam
1528 1099 1557 1136 a
1604 1085 1841 1153 quinque
1889 1083 2139 1136 sensibus

603 1176 715 1230 haec
737 1175 1182 1229 administrantur
1209 1191 1221 1226 :
1256 1176 1511 1227 nimirum
1544 1188 1572 1225 a
1618 1188 1813 1241 magno
1837 1185 2136 1236 mconomo,

602 1278 631 1316 a
679 1278 873 1329 magno
934 1262 1252 1324 sacellario,
1313 1276 1341 1313 a
1398 1274 1592 1329 magno
1653 1258 2053 1327 scevophylace,
2109 1272 2139 1310 a

603 1340 954 1415 chartulario,
1004 1360 1057 1405 et
1094 1365 1155 1404 ea
1197 1350 1424 1419 praeside
1466 1349 1689 1402 sacellii.
1732 1346 1957 1415 Magnus
1995 1359 2138 1399 (nco-

602 1457 797 1495 nomus
844 1441 1164 1509 prtediorum
1203 1437 1691 1491 ecclesiasticarum
1730 1448 1913 1487 curam
1955 1432 2137 1500 gerit:

603 1546 829 1599 magnus
887 1528 1201 1584 sacellarius
1253 1535 1375 1579 tam
1421 1526 1644 1589 urbana,
1697 1538 1857 1593 quam
1917 1523 2141 1576 ulterius

613 1620 715 1673 sita
756 1620 1082 1673 monasteria
1114 1626 1268 1670 curat
1288 1616 1428 1684 (cum
1463 1616 1612 1668 urbis
1645 1612 1998 1681 imperatricis
2050 1612 2142 1665 de-

604 1708 740 1760 cima
782 1709 939 1762 tertia
965 1709 1131 1775 regio,
1155 1707 1223 1760 sit
1252 1704 1369 1773 ejus
1398 1705 1543 1772 regio
1566 1703 1847 1770 extrema),
1876 1701 1941 1756 de
1972 1700 2142 1756 sacris

604 1800 831 1855 cimeliis
858 1799 1122 1853 sollicitus
1148 1805 1228 1852 est
1257 1810 1481 1866 magnus
1514 1796 1602 1849 ille
1631 1809 1881 1848 vasorum
1915 1804 2100 1848 custos
2125 1810 2139 1847 :

605 1892 952 1945 ecclesiarum
1024 1889 1077 1943 in
1133 1870 1344 1958 genere,
1408 1892 1567 1955 atque
1617 1886 1777 1939 etiam
1829 1884 2145 1953 emphyteu-

606 1980 746 2034 sium
822 1980 1256 2041 administratio,
1327 1992 1493 2047 penes
1570 1975 1771 2030 sacellii
1832 1973 2141 2044 prafectum

602 2077 705 2127 est.

671 2162 1041 2218 Chartularius
1067 2168 1242 2217 autem
1275 2176 1370 2231 pro
1391 2176 1486 2217 sua
1510 2167 1657 2231 parte
1684 2160 1831 2217 solus
1854 2173 1916 2213 ea
1943 2158 2144 2227 dirigit,

604 2270 724 2322 qua:
752 2255 872 2323 jure
912 2254 1255 2322 pontiﬁcatus
1285 2254 1349 2306 ad
1377 2253 1733 2322 patriarcham
1768 2251 2056 2319 pertinent.
2082 2250 2146 2303 Et

602 2359 711 2414 quo
756 2344 970 2412 quidem
1020 2351 1174 2411 pacto
1218 2352 1532 2397 cazterorum
1583 2354 1813 2411 quatuor
1858 2340 2143 2410 praesidum

604 2432 971 2487 institutiones
1022 2447 1116 2486 seu
1162 2431 1449 2486 electiones
1484 2430 1595 2485 tieri
1639 2431 1829 2484 debere
1877 2430 2144 2484 sancitum

604 2527 694 2581 sit,
723 2528 775 2571 et
804 2527 934 2587 quot
958 2534 1077 2571 nam
1106 2520 1327 2589 quilibet
1356 2520 1543 2572 horum
1562 2518 1917 2572 chartularios
1947 2517 2147 2570 laboris

604 2617 885 2661 consortes
935 2607 1151 2669 habeat,
1182 2613 1377 2673 quotve
1409 2620 1505 2659 suo
1534 2605 1586 2658 in
1614 2612 1819 2659 secreto
1846 2603 2142 2665 ministros,

606 2694 833 2747 alienum
882 2696 982 2748 hoc
1034 2694 1154 2748 loco
1200 2693 1361 2747 fuerit
1401 2694 1597 2747 dicere.
1646 2690 1761 2745 Non
1788 2692 1930 2745 enim
1967 2691 2035 2746 de
2061 2691 2146 2747 his

606 2779 750 2849 loqui
804 2797 946 2834 nunc
982 2782 1336 2835 instituimus.
1381 2778 1530 2834 Unde
1562 2795 1710 2847 vero,
1753 2789 1803 2835 et
1829 2780 2059 2848 qualiter
2092 2780 2146 2833 id

603 2869 965 2924 venerationis
997 2869 1050 2923 in
1088 2869 1260 2938 signis
1307 2868 1711 2939 chartophylaci
1756 2868 2044 2933 tribuatur,
2088 2878 2148 2923 ut

602 2971 666 3011 os
696 2967 749 3011 et
787 2972 977 3012 manus
1006 2960 1320 3028 patriarcha:
1348 2966 1711 3027 nuncupetur,
1745 2957 2149 3028 inquirendum.

604 3046 669 3100 Et
692 3048 817 3115 quia
861 3048 1103 3101 nonnulli
1136 3063 1329 3102 nomen
1359 3049 1788 3118 chartophylacis
1821 3063 1884 3101 ex
1915 3063 1979 3101 eo
2007 3048 2149 3103 deri-

604 3143 753 3198 vant,
782 3136 924 3203 quod
954 3136 1295 3189 membranas
1320 3136 1432 3190 sive
1456 3134 1668 3189 codices
1685 3133 1951 3188 custodiat
1981 3150 1994 3185 :
2027 3141 2149 3187 ante

602 3225 784 3277 omnia
817 3224 1132 3288 tollendum,
1182 3224 1324 3293 quod
1359 3224 1482 3279 inde
1512 3225 1661 3278 nasci
1694 3232 1894 3292 posset,
1922 3224 2150 3277 scanda-

603 3313 731 3366 lum.
766 3312 1159 3382 Chartophylax
1210 3329 1315 3367 non
1348 3323 1452 3379 est,
1484 3314 1559 3368 uti
1599 3313 1813 3383 quidam
1844 3312 2148 3382 perhibent,

606 3411 791 3456 custos
816 3402 1029 3466 secreti,
1058 3410 1110 3455 et
1170 3402 1380 3469 janitor
1433 3403 1591 3471 (nam
1621 3402 1964 3456 ostiariorum
1999 3409 2149 3455 vetus

602 3505 663 3544 ea
686 3490 951 3560 professio
978 3490 1116 3559 est),
1150 3490 1244 3544 sed
1286 3490 1511 3544 idoneus
1532 3491 1732 3558 juriunt
1767 3490 2147 3559 episcopalium

604 3587 841 3633 curator.
880 3579 971 3632 Sic
999 3581 1139 3633 enim
1174 3587 1226 3633 et
1268 3579 1725 3649 nomophylacem,
1760 3588 1812 3633 et
1848 3580 2149 3649 scevophy-

604 3666 774 3720 lacem
800 3672 1099 3720 castrorum
1126 3668 1382 3736 principis
1406 3668 1655 3723 dicimus.
1680 3666 1831 3732 Quod
1863 3667 1909 3722 si
1941 3667 2150 3721 fortiter

604 3755 704 3807 hoc
730 3754 1031 3809 inﬁciantes
1053 3766 1317 3823 quaerant,
1358 3757 1449 3824 qui
1484 3757 1593 3818 ﬁat,
1614 3764 1673 3810 ut
1699 3756 1927 3811 aliorum
1966 3771 2148 3810 secre-

604 3855 779 3897 torum
806 3846 1083 3913 praesides,
1106 3859 1213 3897 non
1231 3845 1764 3910 dicanturcustodcs,
1787 3860 1909 3898 cum
1932 3845 2147 3912 quidem

603 3948 781 3986 rerum
832 3933 1302 3989 administratores
1344 3935 1492 3999 sint;
1547 3948 1643 3987 cur
1694 3948 1877 3999 unus,
1921 3948 2148 4002 magnus

600 4030 821 4073 vocetur
870 4033 1184 4074 (econontus
1236 4036 1252 4085 ;
1326 4021 1482 4083 alius,
1528 4034 1753 4088 magnus
1811 4019 2146 4084 sacellarius,

602 4106 762 4168 alius,
794 4107 994 4160 sacellii
1022 4105 1308 4175 prafectus
1335 4124 1347 4159 :
1379 4107 1619 4169 audiant.
1649 4109 1789 4161 idem
1820 4121 1939 4161 esse
1955 4121 2147 4161 nomen

602 4196 893 4256 ωεοηοιιιί,
930 4193 1199 4256 custodis,
1243 4194 1508 4247 sacellarii
1552 4202 1605 4248 et
1643 4195 1843 4249 sacellii
1884 4195 2144 4264 preteeti.

602 4279 734 4332 Nam
769 4281 908 4347 apud
929 4279 1203 4335 Romanos
1233 4284 1487 4335 sacellum
1517 4283 1584 4336 ab
1614 4283 2077 4339 administratione
2096 4292 2149 4339 et

2238 556 2441 622 νηταῖς.
2480 554 2610 607 Οὐδὲ
2641 554 2747 623 γάρ
2770 554 2984 608 ἔδειτδν
3012 555 3181 617 οὕτως
3219 556 3511 623 ἀγακλεῶς
3561 560 3626 607 ὲν
3676 558 3802 606 πᾶσι

2237 642 2782 710 νυμφοστολούμενον,
2816 643 2942 711 περὶ
2976 646 3259 713 σκαπάνην
3293 646 3677 713 ἀσχολεῖσθαι
3718 649 3804 696 καὶ

2236 726 2430 779 δούλων
2455 730 2822 798 χορτάσματα.
2859 732 3079 782 Ἐκτοτε
3108 734 3235 798 γοῦν
3262 733 3353 783 καὶ
3391 733 3565 801 μέχρι
3593 732 3697 784 τοῦ
3720 733 3804 783 νῦν

2238 816 2385 883 παρὰ
2418 817 2573 867 πέντε
2605 816 3053 887 προκαθημένων,
3088 821 3194 871 τῶν
3215 820 3691 883 έξωκατακοίλων
3724 824 3807 887 ἀρε

2236 899 2433 967 χόντων
2468 903 2630 969 φημὶ,
2654 902 2727 964 ὡς
2760 904 2861 954 ὑπὸ
2882 905 3042 956 πέντε
3099 907 3400 974 αἰσθήσεων
3439 908 3625 958 ταυτὶ
3675 906 3809 968 διεξ-

2239 990 2458 1056 άγονται
2486 1008 2498 1022 ·
2532 994 2696 1060 ῆγουν
2720 992 2812 1044 τοῦ
2837 994 3069 1061 μεγάλου
3092 996 3391 1062 οἰκονόμου,
3415 993 3517 1047 τοῦ
3558 994 3805 1063 μεγάλου

2240 1078 2604 1148 σακελλαρεου,
2634 1080 2724 1131 τοῦ
2754 1082 2983 1149 μεγάλου
3013 1082 3430 1149 σκευοφύλακος,
3454 1083 3564 1134 τοῦ
3603 1102 3675 1149 χα
3688 1099 3805 1148 ρτο-

2240 1169 2492 1233 φύλακος,
2530 1170 2625 1221 καὶ
2644 1168 2736 1221 τοῦ
2765 1170 3067 1223 σακελλὶου.
3104 1173 3211 1224 Καὶ
3271 1171 3382 1239 εχει
3418 1172 3533 1223 τῶν
3596 1174 3804 1238 ἐκκλη-

2241 1258 2526 1309 σιαπικῶν
2565 1260 2861 1328 κτημάτων
2886 1260 2983 1327 τὴν
3009 1262 3282 1328 πρόνοιαν.
3322 1263 3349 1312 ό
3406 1261 3600 1328 μέγας
3659 1264 3804 1310 uixe-

2238 1348 2398 1414 νόμος
2424 1364 2438 1379 ο
2470 1348 2577 1399 τῶν
2598 1348 2736 1399 κατὰ
2761 1348 2932 1412 πόλιν,
2976 1349 3070 1401 καὶ
3103 1350 3207 1401 τῶν
3249 1351 3571 1419 περατικῶν
3628 1367 3802 1418 μονα-

2241 1435 2473 1501 στηριων
2494 1436 2591 1502 τὴν
2624 1436 2890 1503 μέριμναν
2923 1438 3382 1505 (τρισκαιδέκατος
3429 1438 3541 1506 γάρ
3588 1436 3803 1504 ρεγεὼν

2238 1522 2335 1589 τῆς
2388 1523 2767 1590 βασιλευούσης
2803 1526 2909 1577 τῶν
2966 1526 3205 1590 πόλεων,
3246 1530 3277 1594 ή
3322 1528 3523 1591 περαια
3589 1527 3803 1594 ταύτης

2240 1612 2434 1680 ἐστὶν),
2466 1614 2495 1663 6
2528 1615 2695 1681 μέγας
2728 1615 3075 1685 σακελλάριος
3106 1632 3120 1646 ·
3152 1616 3259 1668 τῶν
3291 1617 3453 1686 ιερῶν
3484 1616 3802 1685 κειμηλίων

2239 1700 2335 1770 τὴν
2358 1704 2687 1769 ἐπιμέλειαν,
2716 1706 2743 1756 6
2778 1706 2949 1772 μέγας
2996 1705 3329 1773 σκευοφύλαξ
3350 1720 3364 1735 ·
3393 1707 3631 1758 καὶτῶν
3663 1706 3799 1757 :16-

2240 1790 2432 1843 ολικῶν
2488 1793 2803 1861 ἐκκλησιῶν,
2865 1795 2998 1861 πρὸς
3030 1794 3086 1847 δὲ
3137 1796 3229 1847 καὶ
3262 1795 3367 1847 τῶν
3396 1796 3800 1863 έμφυτεύσιων

2242 1879 2342 1948 τὴν
2362 1880 2645 1948 διοίκησιν,
2674 1882 2702 1933 6
2733 1882 3034 1936 σακελλίου.

2321 2151 2380 2207 Ὀ
2408 2153 2464 2206 δὲ
2506 2155 2840 2223 χαρτοφύλαξ
2903 2155 3209 2209 κατευθύνει
3259 2154 3577 2224 μονομερῶς
3616 2155 3689 2206 τά
3725 2155 3797 2222 τῷ

2247 2244 2585 2311 πατριάρχῃ,
2641 2243 2830 2313 δικαίῳ
2867 2244 2963 2312 τῆς
2994 2244 3430 2313 ἀρχιερωσύνης,
3494 2246 3794 2313 ἀνήκοντα.

2247 2332 2429 2394 Ὅπως
2468 2333 2564 2401 μιν
2591 2332 2682 2385 οὖν
2716 2332 2821 2387 τῶν
2855 2333 3026 2385 ἀλλων
3051 2334 3328 2402 τεσσάρων
3351 2333 3797 2403 προκαθημένων

2244 2417 2339 2479 τὰς
2400 2417 2723 2487 προδλήσεις
2789 2420 3089 2471 τετύπωται
3132 2419 3393 2485 γίνεσθαι,
3453 2420 3547 2471 καὶ
3591 2424 3795 2479 πόσους

2243 2504 2469 2557 ικαστον
2497 2510 2697 2558 τούτων
2728 2507 2837 2575 ἔχει
2872 2509 3286 2577 χαρτουλαρὶους
3320 2508 3409 2560 τοῦ
3444 2509 3620 2560 κόπου
3660 2525 3796 2574 συμ-

2248 2596 2528 2665 μεριστάς,
2576 2598 2667 2649 καὶ
2697 2598 2891 2659 πόσους
2928 2598 3271 2665 σεκρετικοὺς
3315 2597 3670 2665 διακονητὰς,
3698 2596 3792 2647 οὐκ

2245 2686 2358 2738 εστι
2404 2687 2580 2753 λέγειν
2609 2688 2817 2757 καιρός.
2874 2685 3005 2742 Οὐδὲ
3045 2690 3149 2755 γάρ
3193 2690 3315 2756 περὶ
3357 2689 3557 2739 τούτων
3616 2691 3794 2739 εἰπεῖν

2245 2777 2600 2846 προεθέμεθα.
2661 2778 2819 2830 Ὅθεν
2847 2779 2922 2837 δὲ.
2973 2780 3063 2830 καὶ
3094 2780 3238 2841 ὅπως
3268 2781 3295 2829 6
3326 2778 3677 2848 χαρτοφὺλαξ
3711 2795 3793 2831 σῖ-

2249 2864 2580 2933 μνολογετται
2608 2866 2963 2931 πανευκλεῶς,
2995 2867 3085 2919 καὶ
3118 2867 3358 2920 καλεῖται
3392 2867 3481 2919 τοῦ
3513 2870 3792 2935 πατριάρο

2246 2970 2338 3023 χου
2380 2956 2547 3023 στόμα
2580 2955 2671 3007 καὶ
2701 2957 2839 3023 χεὶρ,
2875 2954 3152 3024 ζητητέον.
3197 2957 3345 3009 Ἐπεὶ
3375 2958 3432 3009 δέ
3462 2974 3606 3019 τινες
3646 2974 3792 3027 sap-

2248 3042 2605 3108 ωνυμιζεσθαι
2660 3042 2751 3094 τὸν
2822 3045 3201 3111 χαρτοφύλακα
3268 3044 3509 3097 θέλουσιν
3570 3048 3640 3097 ἐκ
3702 3045 3790 3096 ταῖν

2250 3127 2532 3195 φυλάττειν
2569 3128 2880 3197 μεμϐράνας
2927 3131 3044 3198 ήτοι
3110 3132 3353 3192 κωδίκια,
3416 3136 3794 3200 περιαιρετέον

2251 3216 2354 3287 πρὸ
2408 3219 2623 3270 πάντων
2662 3218 2721 3270 r6
2750 3220 2816 3269 ὲκ
2842 3219 3027 3271 τούτου
3058 3221 3318 3289 φυόμενον
3348 3221 3668 3274 σκάνδαλον.
3740 3223 3792 3272 Ὀ

2248 3304 2587 3374 χαρτοφύλαε
2614 3308 2714 3359 οὐκ
2743 3308 2905 3371 ἔστιν,
2939 3308 3011 3371 ὣς
3030 3327 3169 3372 τινες
3201 3310 3465 3376 λέγουσιν,
3498 3311 3675 3377 φύλαξ
3702 3310 3792 3362 τοῦ

2250 3398 2524 3467 οεκρέτου,
2579 3399 2673 3450 καὶ
2721 3399 2959 3469 θυρωρδς
3009 3401 3182 3470 (τοῦτο
3222 3402 3328 3471 γάρ
3360 3402 3466 3453 τῶν
3504 3403 3791 3471 όστιαρίων

2248 3486 2471 3554 ἀρχαῖον
2497 3487 2858 3555 έπάγγελμαγ
2881 3490 3249 3541 ἑπισκοπικῶν
3285 3491 3341 3541 δέ
3369 3489 3591 3542 δικαίων
3627 3506 3791 3559 φρον-

2247 3575 2431 3643 τιστὴς
2460 3572 2769 3642 ἀξιόμαχος.
2804 3573 2957 3625 Οὕτω
2987 3576 3092 3643 γάρ
3121 3577 3214 3628 καὶ
3262 3574 3570 3642 νομοφύλαξ
3605 3578 3790 3627 καλεῑο

2247 3681 2357 3729 ται,
2395 3665 2484 3715 καὶ
2515 3664 2851 3730 σκευοφόλαξ
2884 3666 3243 3733 στρατοπέδου
3280 3665 3581 3734 βασιλικοῦ.
3640 3667 3705 3719 El
3752 3667 3791 3717 6‘

2248 3754 2708 3823 ἀπισχυριζονται,
2748 3755 2865 3816 πῶς
2913 3754 3018 3807 τῶν
3060 3755 3234 3807 ἀλλων
3276 3758 3546 3823 σεκρέτων
3576 3758 3622 3807 oi
3666 3772 3795 3824 πριο-

2248 3844 2565 3911 καθήμενοι,
2600 3845 2843 3911 φύλακες
2874 3845 2934 3896 οὐ
2968 3845 3451 3914 κατονομάζονται,
3503 3847 3794 3898 καὶταῦτα

2249 3934 2582 4002 πραγμάτων
2644 3934 2795 3997 ὄντες
2852 3935 3118 4004 διοικηται
3158 3952 3171 3966 ·
3222 3936 3335 3988 ἀλλ’
3367 3938 3394 3988 6
3442 3936 3541 4005 μὲν
3569 3976 3583 3999 ,
3621 3938 3793 4005 μέγας

2246 4023 2523 4090 οἰκονόμος
2559 4024 2826 4076 καλεῖται’
2871 4026 2899 4076 6
2928 4025 3005 4089 δὲ,
3049 4027 3219 4093 μέγας
3246 4026 3598 4095 σακελλάριος
3620 4045 3633 4058 ·
3668 4028 3787 4089 ὁδὶ,

2249 4112 2561 4163 σακελλιουο
2595 4113 3001 4179 ἀκουσάτωσαν,
3053 4115 3127 4177 ὡς
3164 4118 3354 4168 ταυτόν
3406 4118 3552 4168 ἐστιν
3598 4117 3788 4180 εἰπεῖν,

2246 4201 2544 4269 οἰκονόμον,
2582 4202 2813 4269 φύλακα,
2848 4205 3211 4275 σακελλάριον,
3249 4206 3451 4257 καὶτὸν
3485 4205 3789 4259 σακελλιου.

2247 4289 2405 4358 Παρά
2437 4289 2545 4359 γάρ
2575 4292 2686 4351 τοῖς
2724 4292 3012 4360 Ῥωμαιοις
3060 4293 3336 4357 σάκελλον,
3384 4294 3534 4358 παρά
3567 4292 3629 4343 τδ
3660 4294 3790 4344 6w:-

601 4369 847 4421 custodia
877 4370 1095 4424 dicitur.
1124 4370 1300 4438 Atque
1324 4372 1488 4424 etiam
1529 4371 1653 4425 hinc
1687 4372 1882 4426 sacella
1912 4376 2145 4442 patriar-

2249 4380 2365 4430 κεῖν
2392 4380 2485 4431 καὶ
2515 4380 2796 4446 φυλάττειν
2824 4383 2958 4435 ἔστι.
2992 4382 3099 4435 Καὶ
3131 4385 3165 4451 ἡ
3215 4383 3337 4445 τοὺς
3370 4383 3711 4450 κακούργως
3738 4383 3788 4434 δὲ

602 4458 794 4523 cbalis,
840 4472 945 4527 qua
977 4460 1201 4512 maleﬁci
1238 4460 1641 4525 custodiuntur,
1685 4476 1792 4513 non
1824 4463 2037 4517 aliunde
2062 4480 2151 4533 ap-

602 4548 798 4616 pellata
822 4555 946 4613 est;
987 4551 1131 4603 sicut
1168 4559 1220 4604 et
1264 4550 1547 4603 saculium.
1582 4550 1902 4606 Sacellarlus
1936 4554 2148 4621 quidem

603 4639 801 4691 dicitur
828 4640 1278 4692 monasteriorum
1304 4640 1706 4694 administrator
1738 4658 1752 4695 :
1776 4653 1829 4695 et
1865 4642 2150 4710 pmfectus

604 4727 789 4780 sacelli
834 4730 1183 4791 deminutive,
1220 4732 1569 4783 ecclesiarum
1601 4732 1655 4783 in
1681 4746 1874 4798 genere
1912 4740 2147 4787 curator.

602 4814 866 4870 Caeterum
915 4833 984 4872 ne
1029 4818 1082 4871 hi
1129 4822 1364 4887 quinque
1400 4821 1651 4888 praesides
1698 4836 1861 4874 unum
1893 4823 2152 4877 duntaxat

604 4902 865 4955 haberent
914 4918 1110 4957 nomen
1141 4944 1157 4971 ,
1217 4905 1419 4973 placuit
1466 4905 1798 4960 diversorum
1855 4906 2149 4962 oﬂiciorum

606 4991 1055 5059 appellationibus
1083 5008 1177 5048 eos
1205 4995 1496 5064 ampliores
1519 4996 1667 5050 reddi
1689 4998 1901 5051 debere.
1931 4996 2052 5061 Quo
2073 4998 2152 5063 lit,

609 5080 954 5134 utactionum
980 5081 1175 5137 ﬁnibus
1194 5082 1333 5137 idem
1351 5084 1666 5151 existentes,
1690 5084 2153 5139 oﬂiciorumvoca-

608 5168 749 5223 bulis
778 5169 1194 5239 distinguantur.
1227 5170 1339 5226 Hoc
1369 5173 1527 5226 modo
1556 5185 1699 5227 recte
1725 5172 1939 5226 sublato
1966 5173 2151 5237 dubio,

610 5258 752 5323 quod
781 5259 1039 5313 adversus
1089 5260 1557 5332 chartOphytacen
1589 5261 1741 5315 .acitc
1768 5263 1911 5315 nasci
1940 5269 2155 5330 poterat

610 5346 812 5414 reliqua
832 5347 992 5400 etiam
1013 5346 1333 5402 declaranda
1352 5352 1592 5404 veniunt.
1614 5348 1809 5405 Munus
1841 5352 2153 5408 chanutarii

609 5436 820 5486 varium
863 5444 915 5487 et
958 5435 1231 5504 multiplex
1260 5446 1361 5493 est.
1402 5437 1603 5493 idcirco
1637 5441 2013 5495 sanctissimus
2056 5456 2153 5510 pro

614 5532 852 5591 tempore
880 5525 1207 5590 patriarcha,
1237 5526 1384 5581 velut
1428 5526 1649 5583 alterum
1695 5528 1979 5589 mnam,
2010 5528 2153 5581 hunc

614 5614 871 5685 deligens,
904 5630 1023 5671 cum
1056 5615 1197 5671 lllose
1236 5616 1359 5672 didi
1394 5616 1453 5673 ad
1491 5610 1808 5679 Danaen:
1900 5619 2154 5687 aspiciat

2254 4468 2593 4534 φυλάττουσα
2622 4473 2992 4541 πατριαρχικὴ
3020 4472 3250 4541 σακέλλη
3279 4473 3547 4535 ιντεῦθεν,
3578 4474 3670 4525 καὶ
3694 4475 3789 4523 οὐκ

2250 4556 2468 4609 ἄλλοθεν
2501 4559 2934 4627 μετωνόμασται,
2964 4560 3147 4631 ὥσπερ
3176 4562 3239 4631 δὴ
3270 4564 3362 4615 καὶ
3396 4562 3458 4613 τὸ
3490 4563 3787 4615 σακούλιον.

2250 4644 2477 4712 Λέγεται
2500 4647 2629 4713 γοῦν
2654 4648 3019 4717 σακελλάριος,
3060 4653 3087 4702 6
3113 4636 3238 4702 τῶν’
3255 4652 3631 4720 μοναστηρίων
3668 4653 3787 4703 διοι-

2250 4736 2421 4801 κητὴς
2448 4750 2465 4765 ·
2494 4736 2585 4786 καὶ
2614 4738 2640 4788 6
2667 4736 2944 4788 σακελλῐου
2977 4739 3419 4805 ὑποκοριστικῶς,
3454 4741 3481 4789 6
3515 4739 3625 4790 τῶν
3665 4741 3787 4791 καθ·

2249 4821 2443 4874 ολικῶν
2497 4824 2795 4891 ἐκκλησιῶν
2850 4827 3184 4893 φροντιστής.
3220 4826 3331 4877 Ἵνα
3361 4828 3413 4878 δὲ
3463 4829 3495 4894 η
3529 4828 3641 4878 τῶν
3668 4843 3784 4895 προ-

2250 4909 2572 4977 καθημένων
2622 4912 2819 4973 πεντάς
2874 4913 2948 4980 μὴ
3007 4914 3471 4982 ταυτωνυμίζηται
3506 4952 3520 4975 ,
3585 4914 3780 4983 ὡρίσθη

2250 4997 2518 5067 διαφόρων
2569 4999 2837 5067 όφφικιων
2884 5001 3138 5069 ὀνόμασιν
3170 5003 3338 5069 αὐτὴν
3382 5002 3779 5070 μεγεθύνεσθαι.

2253 5085 2343 5154 Τῷ
2368 5102 2449 5139 τοι
2480 5088 2571 5139 καὶ
2606 5088 2963 5158 ταυτιζομένη
2984 5090 3091 5141 τῶν
3124 5090 3408 5159 ινεργειῶν
3448 5093 3561 5152 τοῖς
3602 5094 3782 5144 ἀποτε-

2253 5174 2502 5242 λέσμασι,
2559 5174 2834 5243 μερίζεται
2892 5177 2997 5229 τῶν
3031 5176 3298 5244 όφφικίων
3339 5180 3456 5239 ταῖς
3517 5179 3778 5247 κλήσεσιν.

2254 5263 2406 5315 Οὕτω
2451 5262 2578 5328 γοῦν
2642 5266 3093 5333 περιαιρουμένης
3131 5266 3331 5329 καλῶς,
3360 5266 3454 5334 τῆς
3481 5267 3547 5320 tu
3570 5268 3670 5335 τῆς
3696 5284 3779 5332 φυ-

2253 5350 2425 5420 λακῆς
2474 5352 2951 5424 ὑποκλεπτομένης
2988 5356 3251 5423 ἀσαφείας
3297 5356 3435 5409 κατά
3477 5356 3570 5408 τοῦ
3602 5373 3780 5427 καρτο-

2254 5442 2509 5507 φύλακος,
2546 5443 2897 5511 σαφηνιστέον
2929 5446 3021 5497 καὶ
3051 5444 3116 5497 τὰ
3151 5444 3328 5497 λοιπά.
3369 5443 3475 5497 Τοῦ
3526 5444 3779 5514 χαρτοφύο

2254 5530 2416 5591 λακος
2465 5532 2499 5600 ἡ
2557 5531 2800 5601 ένέργεια
2832 5533 3110 5603 πολυειδὴς
3161 5534 3254 5587 καὶ
3287 5532 3613 5603 1ιιιοὶλυιςχιδής
3658 5536 3779 5589 ἔστι.

2260 5620 2349 5673 Διὸ
2374 5622 2465 5675 καὶ
2493 5623 2521 5675 6
2567 5622 2703 5675 κατά
2729 5624 2947 5688 καιροὺς
2979 5622 3274 5687 ἀγιώτατος
3308 5623 3672 5695 πατριάρχης,
3716 5622 3781 5685 ὧς
