3914 6332
166 387 312 453 1041

1585 408 1988 474 ΗΕΒΙΤΑΤΑ.

3197 419 3325 484 1042

144 521 319 573 ἄλλον
357 521 561 591 ’Δαρὼν
596 522 780 576 τοῦτον
807 522 1204 593 ιπιλεγόμενος,
1237 524 1381 591 λέγει
1409 527 1544 596 μετὰ
1566 528 1666 581 Mm

1784 525 2050 585 Dominus
2101 529 2243 586 Deus
2308 538 2518 601 patrum
2580 544 2906 601 nostrorum,
2959 545 3012 593 et
3064 543 3324 598 universa

141 609 298 673 σέως
326 610 460 679 πρὸς
492 610 715 678 Κύριον·
752 629 771 663 t
816 610 1219 679 Ἐπισκεψάσθω
1270 612 1470 682 Κύριος
1498 617 1525 667 ὁ
1559 615 1666 673 Θεὸς

1793 617 1995 683 carnis,
2035 618 2302 674 hominem
2358 621 2412 674 in
2478 621 2581 675 hoc
2611 631 2777 690 cmtu,
2831 624 2922 693 qui
2955 628 3259 694 egrediatur
3291 646 3320 684 a

148 697 267 751 τῶν
313 695 557 765 πατέριον
582 698 672 750 καὶ
696 698 873 767 πάσης
906 699 1123 767 σαρκὸς,
1155 699 1428 770 ἄνθρωπον
1469 702 1562 754 επὶ
1592 695 1666 773 eiii

1793 702 1930 758 facie
1979 719 2118 769 mea,
2173 724 2194 758 ι
2230 715 2282 761 et
2318 707 2646 776 ingrediatur
2673 719 2800 766 ante
2824 711 3015 767 faciem
3043 730 3323 785 eorum,et

149 786 484 855 συναγωγῆς
511 787 728 854 ταύτης,
754 787 896 848 ὅστις
919 786 1247 850 ἐξελεύσεται
1277 792 1380 843 ἀπὸ
1401 794 1686 862 προσώπου

139 871 291 936 ἐμοῦ
315 889 362 936 ι,
388 872 480 924 καὶ
506 871 648 932 ὅστις
669 871 1025 924 εἰσελεύσεται
1054 874 1157 942 πρὸ
1181 876 1463 943 προσώπου
1487 878 1684 943 αὐτῶν,

140 960 248 1011 καὶ
297 961 443 1021 ὅστις
489 959 687 1024 είσάξει
732 961 924 1020 αὐτοὺς
963 960 1174 1029 egent,
1205 964 1297 1015 καὶ
1324 966 1472 1028 ὅστις
1511 966 1686 1032 ιξάξει

140 1048 354 1110 αὐτοὺς
401 1047 459 1110 ἐξ
499 1045 666 1114 ιμοῦ’
719 1048 811 1099 καὶ
856 1047 1026 1111 οὕτως
1065 1050 1334 1121 ἐπιτίθησι
1366 1055 1463 1117 τὰς
1499 1057 1686 1124 χεῖρας

139 1135 316 1188 αὐτοῦ
349 1136 436 1187 ἐπ’
463 1136 638 1198 αὐτὸν,
669 1137 760 1189 καὶ
788 1135 994 1190 δίδωσιν
1025 1139 1171 1207 αὐτῷ
1197 1141 1291 1208 τὴν
1318 1141 1470 1204 δόξαν
1499 1145 1682 1210 αὐτοῦ,

139 1224 300 1284 ὅπως
333 1223 600 1276 ἀκούωσιν
647 1223 807 1275 αὐτοῦ
842 1226 888 1276 oi
917 1227 1022 1278 υίοὶ
1062 1227 1295 1297 Ἰσραήλ.
1363 1229 1683 1302 Ἐγχειρίζει

139 1309 328 1380 τούτῳ
359 1313 450 1363 καὶ
485 1311 713 1380 χρυσοῦν
745 1311 818 1374 ὡς
861 1312 926 1366 ἄν
968 1329 1051 1376 τις
1098 1314 1238 1368 εἴποι
1261 1316 1555 1387 δακτύλιον,
1586 1339 1684 1375 κα-

142 1398 262 1460 θὼς
309 1396 427 1452 εἷπε
478 1400 676 1470 Κύριος
723 1402 855 1471 πρὸς
903 1403 1140 1472 Μωσῆν·
1197 1409 1285 1458 καὶ
1323 1408 1594 1478 ἐπιθήσεις
1624 1412 1683 1464 τὸ

142 1488 360 1553 λογεῖον
391 1489 480 1542 ἰπὶ
510 1490 569 1541 τὸ
600 1489 790 1558 στῆθος
819 1490 909 1542 τοῦ
952 1491 1175 1561 ⁹Διιρὼν,
1210 1497 1301 1547 καὶ
1328 1499 1570 1566 ποιήσεις
1594 1499 1683 1552 δα-

140 1577 366 1631 κτύλιον
423 1578 672 1648 χρυσοῦν,
721 1580 812 1632 καὶ
853 1583 1341 1652 συναρμολογήσεις
1386 1588 1542 1640 αὐτὸν
1587 1589 1678 1642 τοῦ

139 1669 376 1733 Δογείου
427 1672 534 1731 τοῖς
579 1670 823 1739 χείλεσιν,
856 1670 940 1736 ἐφ’
973 1665 1016 1737 ᾧ
1067 1672 1134 1725 δι’
1187 1674 1346 1726 αὐτοῦ
1394 1676 1500 1729 τῶν
1552 1679 1679 1732 υίῶν

143 1757 365 1826 Ἰσραήλ
394 1757 796 1827 ἀπογράφεσθαι
835 1759 904 1811 τὰ
941 1761 1193 1830 ὀνόματα.
1251 1764 1404 1826 Ποϊος
1438 1766 1493 1818 δὲ
1526 1763 1676 1830 οὐτός

143 1846 299 1907 tm;
350 1845 422 1897 Τὸ
461 1848 845 1916 πατριαρχικδν
891 1847 1294 1919 βουλλωτήριον,
1342 1855 1403 1905 τὸ
1432 1857 1577 1924 παρὰ
1604 1857 1679 1925 τῷ
1710 1842 1751 1896 Β

143 1935 338 2002 στήθει
386 1933 478 1986 τοῦ
523 1934 925 2004 χαρτοφύλακος
951 1940 1371 2009 άπῃωρημένον,
1403 1943 1474 2005 ὡς
1503 1945 1675 2009 είωθε,

139 2022 340 2092 δοκείῳ
369 2023 713 2094 καθεστηκότι
738 2026 951 2092 λογικοῦ
975 2029 1220 2081 παντοίου
1273 2032 1678 2102 σπουδάσματος

143 2112 311 2181 (Τοῖς
345 2113 451 2181 γὰρ
494 2113 680 2179 ἀξίοις,
723 2115 876 2184 φησὶ,
922 2115 1102 2168 δοτέον
1149 2119 1213 2172 τά
1250 2118 1564 2191 ἀξιώματα)
1608 2123 1676 2175 δι’

143 2193 206 2252 οὗ
244 2204 371 2262 τοὺς
400 2201 712 2270 ὀλοθρευτὰς
757 2203 1108 2271 άσφαλίζεται
1153 2207 1250 2258 σὺν
1280 2210 1528 2278 σφραγῖδι
1581 2213 1674 2264 καὶ

142 2289 351 2359 χάριτι,
375 2291 494 2350 τοὺς
524 2290 869 2358 ἁμαρτωλοὺς
901 2293 1210 2362 ἐπιστρέφει
1233 2296 1326 2347 σὺν
1341 2298 1555 2364 γραφίδι
1583 2299 1674 2351 καὶ

145 2378 358 2444 μέλανι,
402 2380 524 2439 τοὺς
551 2382 1044 2449 καταπονουμένους
1075 2382 1325 2436 διεκδικεί
1353 2387 1446 2438 σὺν
1478 2386 1673 2458 βακτη-

146 2463 238 2532 ρίᾳ
279 2464 372 2515 καὶ
406 2464 645 2532 σύριγγι,
686 2469 775 2519 καὶ
812 2469 932 2530 τοὺς
971 2469 1149 2537 ἀξίους
1175 2472 1252 2544 τῷ
1277 2475 1537 2546 πνεύματι
1576 2496 1674 2548 χα-

149 2552 430 2620 ρισμάτων
486 2554 771 2624 ίερατικῶν
826 2557 998 2623 ἀξιοῖ·
1049 2566 1172 2623 τοὺς
1227 2564 1324 2632 μὲν
1382 2567 1534 2630 ἐκτὸς
1576 2570 1670 2622 τοῦ

143 2639 407 2709 βήματος,
466 2643 858 2712 κληρικοποιῶν
890 2662 903 2676 °
967 2651 1089 2711 τοὺς
1140 2650 1196 2703 δὲ
1250 2653 1427 2716 ἐντὸς,
1471 2657 1669 2710 τελειο-

143 2729 336 2782 ποιῶν.
387 2731 482 2783 Διὰ
512 2733 695 2786 τούτου
726 2733 820 2784 καὶ
851 2734 985 2786 κατὰ
1020 2737 1196 2789 πᾶσαν
1227 2738 1322 2807 τὴν
1353 2743 1669 2815 οἰκουμένην

141 2816 328 2882 σχεδὸν
360 2821 720 2889 πατριαρχικὰ
747 2825 1154 2894 καταγράφεται
1191 2827 1281 2878 καὶ
1313 2828 1490 2883 δίδωσι
1516 2847 1667 2884 σταυ-

140 2903 399 2969 ροπήγια,
447 2908 535 2958 καὶ
571 2907 772 2960 πολλῶν
832 2911 1034 2963 πόλεων
1065 2915 1478 2983 έκκλησιαστικά
1511 2937 1670 2988 μετα-

137 2989 318 3057 τίθησι
349 2994 578 3062 κάρηνα,
615 2997 692 3058 είς
725 2999 818 3067 τῆς
853 3000 1067 3068 πρώτης
1090 3005 1324 3072 κεφαλῆς
1349 3006 1409 3058 τδ
1439 3008 1665 3064 άνάκτο-

140 3094 249 3146 ρον.
269 3081 501 3134 Δίδονται
521 3083 604 3136 διὰ
630 3086 816 3139 τούτου
838 3087 912 3157 τῷ
941 3091 1301 3159 χαρτοφύλακι
1329 3097 1416 3147 καὶ
1445 3099 1498 3148 αἰ
1521 3099 1637 3152 κλεῖ

136 3170 235 3236 τῆς
265 3171 534 3239 βασιλείας
556 3176 659 3228 τῶν
687 3178 942 3246 οὐρανῶν,
996 3181 1069 3242 ὡς
1101 3182 1201 3234 ὐπὺ
1229 3183 1320 3235 τοῦ
1363 3186 1561 3254 Κυρίου
1587 3190 1664 3257 τῷ

139 3255 280 3327 φίλῳ
308 3259 491 3330 Πέτρῳ
516 3261 609 3314 καὶ
637 3264 866 3332 μαθητῇ.
898 3266 1030 3332 Φησὶ
1053 3268 1176 3336 γὰρ,
1199 3265 1304 3321 οἷον
1328 3273 1458 3340 πρὸς
1485 3255 1661 3341 αὐτὸν,

136 3345 163 3394 ὁ
195 3345 363 3411 μέγας
396 3348 696 3416 ἀρχιερεύς
740 3353 801 3403 '0
828 3352 920 3404 ὲὰν
947 3354 1107 3425 λύσῃς
1144 3357 1235 3406 ἐπὶ
1250 3360 1346 3426 τῆς
1371 3361 1493 3427 γῆς,
1515 3361 1663 3415 ἔσται

137 3431 420 3501 λελυμένον
447 3439 502 3486 εν
526 3441 633 3500 τοίς
662 3440 902 3507 οὐρανοῖς
926 3459 938 3473 ·
977 3445 1066 3496 καὶ
1097 3444 1124 3494 ὃ
1144 3446 1236 3498 ἐὰν
1265 3447 1429 3518 δήσῃς
1451 3451 1539 3501 ἐπὶ
1565 3451 1662 3519 τῆς

137 3520 259 3589 γῆς,
295 3522 442 3577 ἔσται
482 3526 756 3595 δεδεμένον
789 3530 877 3582 καὶ
909 3533 965 3583 ὲν
998 3535 1104 3594 τοῖς
1131 3535 1394 3602 οὐρανοῖς.
1458 3540 1564 3591 Καὶ
1604 3541 1661 3592 τὸ

138 3609 350 3662 πάντων
389 3614 712 3684 καινότερον,
745 3618 802 3668 οὐ
849 3618 1003 3687 μόνον
1035 3614 1187 3684 οὗτος
1222 3626 1490 3694 τοσαύτης
1515 3629 1661 3691 ὲεου-

139 3695 254 3757 σίας
284 3698 574 3769 ἐπλούτησε
612 3705 870 3772 χάρισμα,
909 3707 1040 3760 ἀλλὰ
1082 3709 1172 3761 καὶ
1199 3711 1245 3761 oi
1274 3711 1330 3776 ἐξ
1367 3713 1527 3766 αὐτοῦ
1563 3715 1657 3780 τὴν

135 3783 288 3851 χάριν
336 3787 535 3857 ταύτην
585 3790 962 3858 λαμϐάνοντες.
1035 3795 1348 3865 Ἐπιτρέπει
1384 3801 1489 3870 γάρ
1518 3803 1660 3869 ίερα-

135 3872 342 3927 τεύουσι
381 3881 658 3945 μοναχοῖς,
709 3881 1003 3950 ἀνθρώπων
1062 3884 1305 3954 δέχεσθαι
1352 3888 1655 3957 λογισμοὺς,

135 3963 224 4013 καὶ
272 3964 612 4035 διαρρήσσειν
668 3970 1073 4040 ἁμαρτημάτων
1131 3977 1488 4044 χειρόγραφα·
1525 3981 1656 4048 ὅπερ

135 4050 308 4114 μόνοις
344 4055 655 4118 ἐπισκόποις
687 4059 791 4108 ἀπὸ
826 4060 917 4110 τοῦ
961 4065 1219 4126 παναγίου
1257 4065 1458 4118 δέδοται
1489 4068 1654 4118 Πνεύ-

137 4153 317 4203 ματος.
380 4141 477 4192 “Av
514 4141 628 4208 ἴδῃς
678 4143 732 4194 δὲ
765 4144 948 4197 τοῦτον
988 4149 1273 4210 συνοδικῶς
1317 4153 1653 4218 σχεδιάζοντα

132 4225 224 4277 ὅσα
259 4228 429 4280 λαλῶν
460 4230 677 4298 λαλήσει
706 4232 926 4302 Μωσῆς,
956 4237 1174 4288 κάκεῖνα
1207 4241 1490 4308 κρουνηδὸν
1519 4245 1653 4294 ἀπο-

133 4322 536 4387 στοματίζοντα,
570 4325 666 4376 ὃσα
707 4326 994 4392 νεφελώσει
1027 4331 1118 4380 καὶ
1151 4330 1406 4384 ὐδατὼσει
1437 4335 1532 4402 τῆς
1569 4351 1651 4387 κε·

133 4407 296 4475 φσλῆς
327 4412 359 4477 ή
400 4411 694 4478 άκρὼρεια,
735 4415 794 4465 οὐ
826 4415 1075 4479 ζητήσεις
1130 4418 1254 4470 ίδεῖν
1307 4420 1510 4490 Ἀαρὼν
1536 4424 1648 4474 θεο-
1676 4449 1729 4508 D

132 4496 349 4564 γράφων
382 4499 603 4550 πλακῶν
637 4500 1040 4566 ἀπαγγέλλοντα
1079 4506 1323 4572 ῥήματα,
1384 4509 1500 4560 οὐδὲ
1547 4511 1650 4562 Βα-

133 4588 252 4653 ρούλ
294 4585 605 4653 περιδεξίως
639 4589 1088 4657 ἀπογραφόμενον
1132 4593 1226 4660 τῆς
1281 4595 1534 4659 Ἰουδαίας
1557 4603 1652 4666 τὴν

132 4671 319 4727 ἅλωσιν
340 4692 353 4705 ν
403 4677 715 4746 ἀρκεσθήσῃ
743 4678 799 4730 δὲ
842 4680 949 4739 τοϊς
977 4678 1114 4731 οὕτω
1138 4685 1518 4752 πραττομένοις
1551 4687 1652 4738 ὑπὸ

132 4761 215 4811 τοῦ
262 4764 666 4832 χαρτοφύλακος
693 4803 708 4826 ,
759 4765 849 4817 καὶ
886 4769 1298 4837 Δευτερονὸμιον
1356 4773 1651 4841 συμπεραεο

131 4860 287 4901 νουσι.
321 4852 458 4918 Πρὸς
492 4852 697 4912 τούτοις
726 4850 1016 4920 θαύμασον,
1055 4855 1167 4916 πῶς
1191 4858 1296 4908 τῶν
1319 4855 1474 4909 θείων
1501 4864 1643 4912 κανό-

131 4942 226 4980 νων
259 4935 435 4999 μόνοις
463 4937 887 5006 ἐκχωρησάντων
908 4943 1017 5000 τοῖς
1057 4942 1112 4991 ὲν
1143 4944 1357 4993 πόλεσιν
1393 4945 1642 5012 ἀρχιερα-

131 5015 330 5070 τεύουσι
370 5022 466 5086 τὴν
511 5027 604 5072 τοῦ
637 5022 901 5074 διδάσκειν
927 5029 1014 5075 τὸν
1043 5025 1164 5076 λαὸν
1202 5031 1646 5098 σεμνοπρέπειαν,

131 5104 514 5175 ὁχαρτοφύλαξ
541 5114 632 5162 καὶ
680 5114 833 5178 μόνος
875 5115 935 5163 τὸ
978 5114 1240 5167 διδάσκειν
1276 5119 1648 5186 κατηχητικῶς

129 5197 209 5246 τὸν
253 5196 373 5249 λαὸν
427 5201 510 5250 ἐπ’
545 5199 833 5268 εκκλησίας
887 5203 1307 5271 ἀπεκληρώσατο
1351 5221 1364 5237 ο
1407 5207 1519 5268 πῶς
1552 5207 1647 5269 τὰς

135 5289 510 5355 πατριαρχικὰς
542 5289 854 5355 διαγνώσεις
884 5293 1256 5360 καλλιγραφεί,
1291 5295 1381 5346 καὶ
1414 5295 1648 5360 ύπογρα-

134 5374 244 5434 φαϊς
269 5376 490 5437 οἰκείαις
539 5378 632 5428 καὶ
672 5381 928 5444 σφραγῖσι
979 5382 1338 5447 κατεμπεδοίο
1393 5385 1485 5433 καὶ
1532 5383 1646 5442 πῶς

134 5458 462 5534 δικαστηρίου
517 5467 745 5534 μεγάλου
792 5467 1126 5535 προκάθηται
1184 5471 1274 5520 καὶ
1331 5471 1645 5523 δικαιοδοτεῖ

136 5550 256 5599 κατὰ
288 5551 382 5618 μὲν
420 5553 616 5612 παντὸς
645 5551 948 5618 ἀνθρώπου,
981 5554 1079 5607 κᾶν
1112 5554 1226 5616 οἵας
1269 5555 1332 5608 ἂν
1357 5557 1438 5624 είη
1482 5557 1644 5626 τύχης

137 5636 216 5688 καὶ
243 5639 469 5706 φύσεως,
505 5642 628 5711 περὶ
685 5640 1139 5710 ἐκκλησιαστικῶν
1169 5643 1509 5716 ζητημάτων,
1551 5647 1643 5699 καὶ

1631 3117 1731 3202 fc

1791 793 2101 850 lntroducat
2122 812 2216 851 eos
2233 796 2300 850 ad
2326 813 2430 861 me,
2455 807 2507 852 et
2535 799 2765 854 abducat
2796 816 2890 856 eos
2916 817 2946 856 a
2973 819 3059 857 me
3085 822 3098 856 :
3129 807 3323 875 quibus

1790 881 1971 949 dictis,
2022 899 2214 940 manus
2258 888 2307 940 ei
2345 901 2473 942 suas
2509 889 2750 956 imponit,
2799 897 2852 944 et
2885 891 2974 945 dat
3005 894 3053 947 ei
3101 895 3322 962 gloriam

1789 986 1963 1039 suam,
1997 982 2055 1027 ut
2081 975 2299 1029 audiant
2320 991 2440 1030 eum
2471 975 2567 1030 lilii
2598 976 2829 1032 lsraelis.
2861 979 3032 1036 Etiam
3069 987 3116 1038 ei
3149 986 3324 1053 porri-

1789 1060 1866 1131 git
1894 1063 1946 1116 in
1972 1078 2186 1117 manum
2219 1065 2473 1118 annulum
2511 1079 2731 1120 aureum
2756 1107 2770 1130 ,
2811 1068 2952 1122 sicut
2981 1080 3033 1124 et
3065 1071 3322 1129 Dominus

1789 1150 1854 1203 ad
1887 1150 2084 1206 Mosem
2105 1150 2239 1205 dixit
2264 1172 2278 1205 :
2309 1151 2374 1204 Et
2394 1153 2633 1222 impones
2654 1152 2936 1210 Rationale
2964 1172 3126 1226 super
3150 1162 3320 1216 Aaro-

1787 1236 1876 1291 nis
1912 1247 2122 1306 pectus,
2153 1248 2206 1293 et
2238 1239 2497 1293 annulum
2535 1241 2701 1297 iacies
2735 1257 2983 1307 aureum,
3015 1253 3067 1299 et
3106 1261 3318 1301 accom-

1787 1328 2035 1382 modabis
2074 1344 2193 1382 eum
2222 1329 2387 1386 labris
2418 1331 2588 1400 ipsius
2620 1329 2936 1400 Rationalis,
2975 1344 3032 1388 ut
3070 1352 3162 1405 per
3195 1354 3315 1393 eum

1786 1414 2004 1468 nomina
2034 1416 2262 1470 ﬁliorum
2294 1416 2507 1473 lsraelis
2537 1419 2932 1476 describantur.
2985 1423 3052 1477 Et
3095 1427 3313 1494 quinam

1786 1504 1832 1558 is
1858 1503 1981 1559 est?
2011 1502 2371 1560 Patriarcbale
2396 1508 2753 1573 bulloterium,
2789 1525 2884 1578 pro
2918 1527 3063 1566 more
3092 1529 3318 1582 suspen-

1785 1607 1902 1646 sum
1937 1594 2002 1646 ad
2029 1593 2334 1648 chartularii
2369 1604 2573 1663 pectus,
2601 1600 2996 1666 receptaculum
3019 1604 3181 1656 studii
3219 1605 3316 1658 do-

1783 1681 2075 1736 ctrinarum
2099 1683 2275 1737 omnis
2301 1687 2532 1751 generis,
2565 1686 2761 1755 (dignis
2786 1688 2950 1753 enim,
2980 1691 3118 1756 quod
3140 1692 3312 1760 aiunt,

1782 1771 2119 1824 concedenda
2153 1772 2620 1842 suntdignitatcs),
2635 1791 2741 1842 quo
2766 1775 3120 1834 internecivos
3143 1785 3315 1837 munit

1777 1871 1898 1911 cum
1924 1858 2098 1927 sigillo
2123 1867 2176 1914 et
2198 1861 2386 1928 gratia,
2422 1874 2730 1929 peccatores
2748 1867 3012 1920 convertit
3044 1884 3164 1922 cum
3189 1870 3310 1924 stilo

1776 1953 1829 1998 et
1865 1952 2165 1998 atramento
2193 1985 2208 2008 ,
2239 1953 2488 2014 gravatos
2523 1946 2894 2003 aiilictionibus
2921 1949 3157 2004 defendit
3188 1968 3305 2006 cum

1775 2029 1967 2083 baculo
1993 2038 2045 2084 et
2075 2031 2273 2094 ilstula,
2314 2031 2502 2100 dignos
2539 2032 2769 2101 denique
2795 2035 3013 2103 spiritus
3033 2037 3188 2090 donis
3220 2053 3309 2092 sa-

1775 2115 2136 2170 cerdotalibus
2176 2117 2378 2172 allicit:
2415 2119 2538 2172 dum
2599 2134 2694 2175 eos
2736 2121 2828 2189 qui
2889 2132 3038 2177 extra
3084 2128 3304 2193 gradum

1774 2205 2046 2259 constituti
2075 2214 2219 2272 sunt,
2257 2207 2484 2262 clericos
2513 2207 2640 2262 facit
2672 2227 2687 2271 ς
2719 2210 2885 2279 gradu
2927 2213 3298 2281 compraelien-

1773 2307 1883 2358 sos,
1941 2294 2164 2363 perlicit.
2227 2294 2338 2349 Hoc
2391 2297 2766 2363 patriarchalia
2809 2299 3082 2359 .describit
3121 2310 3173 2356 et
3214 2303 3306 2358 dat

1774 2385 2112 2451 stauropegia
2143 2398 2237 2452 per
2267 2384 2575 2440 universum
2606 2401 2770 2455 prope
2799 2394 3059 2442 terrarum
3095 2391 3299 2452 orbem,

1770 2485 1833 2528 ac
1869 2474 2155 2529 multarum
2194 2475 2404 2529 urbium
2442 2477 2804 2530 ecclesiastica
2841 2478 3015 2547 capita
3052 2481 3303 2536 transfert

1771 2562 1835 2617 ad
1889 2563 2045 2632 primi
2098 2564 2286 2632 capitis
2338 2565 2560 2632 regiam.
2615 2564 2715 2619 Dat
2768 2568 2923 2621 etiam
2975 2570 3302 2627 citartulario

1766 2651 2069 2720 patriarcha
2119 2652 2294 2707 claves
2341 2653 2487 2723 regni
2538 2655 2814 2716 caelorum,
2859 2656 3014 2709 sicuti
3065 2671 3189 2711 caro
3226 2659 3300 2712 illi

1767 2739 1942 2803 Petro,
1992 2741 2271 2810 eidemque
2312 2741 2578 2810 discipulo
2628 2744 2762 2796 datae
2806 2753 2931 2796 sunt
2974 2758 3005 2797 a
3054 2743 3298 2804 Domino.

1766 2828 1974 2898 Quippe
2011 2830 2151 2884 sicut
2179 2830 2433 2885 Dominus
2469 2829 2534 2884 ad
2562 2831 2726 2895 hunc,
2756 2831 2828 2885 ita
2867 2846 3092 2902 magnus
3116 2835 3300 2904 ponti-

1764 2916 1850 2972 fex
1881 2918 1946 2971 ad
1985 2918 2134 2971 illum
2171 2935 2186 2971 :
2221 2913 2489 2986 Quidquid
2522 2919 2765 2984 solveris,
2810 2920 3002 2990 inquit,
3045 2923 3099 2977 in
3134 2932 3295 2991 terra,

1764 3007 1993 3061 solutum
2019 3007 2120 3060 erit
2138 3007 2190 3060 in
2211 3007 2363 3062 cmlis
2380 3025 2392 3061 :
2412 3014 2466 3061 et
2493 3008 2752 3077 quidquid
2780 3009 3026 3078 ligaveris
3048 3013 3100 3066 in
3129 3022 3292 3080 terra,

1763 3093 1984 3161 ligatum
2025 3095 2186 3148 etiam
2224 3095 2277 3148 in
2309 3095 2461 3148 caelis
2495 3096 2617 3149 erit.
2656 3095 2719 3150 Et
2755 3098 2898 3165 quod
2935 3098 3182 3168 inprimis
3215 3109 3295 3157 est

1764 3195 1979 3246 novum,
2006 3196 2108 3235 non
2140 3183 2310 3235 solum
2340 3183 2426 3236 hic
2446 3190 2604 3237 tanta:
2637 3186 2912 3252 potestatis
2942 3181 3137 3256 largam
3163 3202 3295 3242 con-

1763 3281 1977 3323 secutus
2007 3280 2088 3325 est
2117 3273 2339 3340 gratiam
2377 3293 2388 3327 :
2427 3287 2608 3326 verum
2643 3275 2800 3326 etiam
2835 3275 2921 3338 iis,
2953 3276 3042 3342 qui
3070 3279 3292 3344 gratiam

1763 3357 1898 3411 hanc
1929 3359 1993 3410 ab
2019 3360 2135 3426 ipso
2164 3359 2452 3427 accipiunt.
2489 3358 2638 3414 Facit
2667 3362 2804 3415 enim
2831 3371 3145 3429 potestatem
3180 3377 3294 3416 mo-

1760 3447 1948 3501 nachis
1973 3450 2310 3502 sacerdotum
2343 3465 2540 3504 munus
2570 3450 3008 3518 suscipientibus,
3044 3452 3290 3506 audiendi

1761 3535 1994 3588 rationes
2025 3536 2326 3600 hominum,
2361 3545 2413 3590 et
2441 3545 2774 3604 peccatorum
2822 3538 3175 3607 chirographa
3207 3539 3290 3591 di-

1759 3621 2077 3688 scerpendi:
2125 3623 2266 3689 quod
2302 3623 2503 3690 alioqui
2546 3624 2676 3679 solis
2718 3626 2980 3693 episcopis
3010 3641 3040 3678 a
3089 3624 3291 3695 Spiritu

1757 3715 1945 3760 sancto
1994 3722 2312 3763 concessum
2361 3718 2463 3763 est.
2515 3710 2667 3775 Quod
2717 3712 2759 3764 si
2825 3712 3007 3765 videas
3045 3712 3192 3766 illum
3235 3716 3289 3767 in

1756 3797 1960 3866 synodo
1999 3798 2131 3853 citra
2177 3799 2569 3854 meditationem
2583 3816 2644 3854 ea
2671 3801 3050 3868 proferentem,
3073 3818 3190 3873 quae
3210 3807 3288 3860 vel

1755 3885 1887 3951 ipse,
1937 3887 1983 3940 si
2033 3886 2314 3940 dicendum
2372 3888 2420 3941 ei
2479 3888 2634 3953 iorct,
2695 3890 2750 3943 in
2804 3892 3034 3946 medium
3081 3894 3290 3949 afferret

1756 3972 1927 4025 Moses
1959 3991 1972 4025 :
2022 3974 2309 4042 itidemque
2337 3976 2492 4027 silani
2524 3977 2577 4028 in
2610 3990 2811 4029 morem
2844 3993 2906 4031 ea
2933 3982 3287 4047 pronuntian-

1755 4063 1879 4116 tem,
1909 4071 2027 4125 quae
2071 4059 2260 4126 capitis
2297 4059 2398 4126 ipsi
2440 4071 2619 4113 vertex
2658 4061 2827 4116 instar
2859 4067 3019 4118 nubis
3052 4077 3104 4120 et
3138 4082 3286 4136 aqua:

1752 4144 2053 4212 suppeditat
2086 4163 2099 4197 :
2133 4145 2398 4199 Aaroncm
2433 4147 2614 4202 videre
2641 4164 2748 4203 non
2779 4151 3128 4216 desiderabis,
3153 4156 3287 4208 scri-

1750 4246 1960 4301 ptarum
1996 4236 2256 4292 divinitus
2289 4239 2590 4292 tabularum
2630 4242 2784 4294 verba
2814 4244 3121 4298 recitantem
3147 4262 3163 4304 ;
3193 4260 3287 4300 ne-

1751 4337 1853 4390 que
1879 4322 2202 4387 Baruclium,
2245 4327 2428 4380 dextre
2466 4327 2826 4396 captivitatem
2855 4331 3050 4386 ludam
3078 4334 3285 4388 descri-

1757 4411 1966 4464 bentem
1999 4429 2011 4463 :
2055 4414 2148 4466 sed
2173 4422 2458 4469 contentus
2483 4415 2551 4468 iis
2591 4417 2720 4480 eris,
2767 4433 2883 4487 quae
2923 4423 3284 4477 chartularius

1752 4507 1890 4567 aget,
1920 4515 2142 4569 quaeque
2176 4501 2643 4557 Deuteronomium
2676 4509 2978 4574 perﬁciunt.
3021 4509 3112 4563 Est
3149 4526 3284 4577 pra:-

1749 4591 1892 4638 terea
1921 4586 2062 4654 quod
2091 4587 2323 4655 mireris,
2349 4604 2466 4643 cum
2502 4592 2639 4644 sacri
2676 4606 2908 4646 canones
2942 4597 3284 4663 permiserint

1750 4673 1961 4726 urbium
1998 4673 2254 4729 duntaxat
2285 4677 2628 4744 pontiﬁcibus
2654 4685 3029 4736 auctoritatem
3055 4685 3279 4738 docendi

1747 4763 2047 4829 populum;
2083 4765 2432 4821 nihilominus
2480 4768 2862 4823 cbartulartum
2907 4774 3079 4826 solum
3134 4789 3282 4828 more

1749 4852 2076 4905 catecltetico
2101 4854 2349 4922 populum
2380 4856 2434 4908 in
2456 4857 2682 4911 ecclesia
2708 4858 2930 4913 docendi
2957 4871 3272 4930 potestatem

1749 4943 1997 4993 sortitum
2041 4957 2204 4997 esse:
2249 4945 2632 5010 patriarchalcs
2668 4949 2912 5003 eumdem
2949 4953 3279 5020 cognitiones

1747 5025 1802 5076 in
1846 5026 2048 5080 litteras
2083 5027 2300 5092 referre,
2358 5032 2578 5100 suisque
2609 5035 3096 5104 subscriptionibus
3123 5049 3175 5092 et
3207 5041 3280 5093 si-

1748 5114 1887 5182 gillis
1936 5116 2146 5170 munire
2182 5136 2194 5169 :
2235 5133 2428 5187 magno
2470 5123 2759 5189 praesidere
2806 5126 3076 5191 tribunali,
3107 5138 3156 5182 ct
3188 5128 3276 5195 ius

1746 5218 1866 5255 cum
1915 5204 2118 5257 homini
2165 5206 2336 5259 cuivis
2385 5208 2580 5273 dicere,
2640 5213 3010 5283 cujuscunque
3064 5221 3273 5272 tandem

1746 5291 1973 5346 fortuna:
1999 5294 2066 5344 sit
2089 5307 2152 5346 ac
2173 5308 2353 5356 sexus,
2385 5297 2436 5348 in
2470 5297 2852 5364 quaestionibus
2877 5303 3271 5368 ecclesiasticis,

1744 5389 1796 5431 et
1824 5380 1985 5431 animi
2014 5381 2328 5434 delictorum
2361 5385 2730 5438 emendatione
2765 5395 2911 5440 :tum
2950 5405 3074 5443 vero
3097 5408 3274 5446 sacer-

1743 5468 1957 5522 dotibus
1999 5477 2052 5521 et
2085 5471 2384 5524 monachis.
2429 5472 2481 5524 in
2517 5474 2704 5541 quavis
2749 5477 3011 5530 criminali
3051 5489 3104 5532 et
3130 5483 3271 5536 civili

1743 5572 1925 5610 causa.
1963 5558 2167 5627 Quippe
2194 5560 2272 5613 vel
2312 5561 2378 5614 ad
2412 5560 2554 5629 ipsas
2582 5577 2751 5631 usque
2772 5564 2942 5620 Gades
2971 5567 3271 5634 iurisdictio

1743 5646 2056 5702 cltartulnrii
2090 5649 2339 5715 pertinet,
2378 5650 2420 5703 si
2452 5653 2568 5720 quis
2607 5657 2949 5720 concesserit,
2980 5664 3134 5711 ctiam
3163 5660 3263 5719 illit
