3914 6332
640 378 662 440 1
676 380 774 441 θ43

1852 377 2122 437 THEOD.
2169 374 2628 436 BALSAMONIS

3717 356 3846 420 ιοιι

630 506 840 574 aliquos
887 500 1149 564 habitare,
1210 499 1347 553 solio
1392 496 1990 564 Coustantinoimiitauo
2034 497 2162 548 sub-

2269 495 2587 563 σφαλμάτων
2617 490 2857 558 ψυχικῶν
2890 483 3236 555 διορθώσεως.
3286 484 3441 536 Κατᾶ
3471 483 3545 536 δὲ
3599 483 3843 550 ἱερωμέ-

630 595 825 663 jectes.

630 658 968 751 χρηματικῆς
995 677 1297 734 αίτιάσεως.
1333 673 1478 741 Περᾷ
1523 672 1628 740 γὰρ
1655 671 1746 722 καὶ
1778 673 1936 739 μέχρι
1974 671 2235 738 Γαδείρων
2269 667 2450 720 αὐτῶν
2477 668 2510 733 ἡ
2536 663 2856 716 δικαιοδοσία
2924 659 3014 712 τοῦ
3083 658 3514 726 χαρτοφύλακος,

2266 599 2370 633 νων
2421 582 2512 632 καὶ
2540 577 2802 645 μοναχῶν,
2844 578 2978 642 ,περὶ
3030 574 3203 639 πάσης
3258 571 3712 639 ἐγκληματικῆς
3760 576 3844 623 xa‘;

3609 661 3666 710 εἰ
3735 657 3840 724 δοέη

628 787 707 831 τις
737 765 950 819 κὰκεῐσέ
989 777 1135 821 τινας
1161 761 1421 812 κατοικεῖν
1451 759 1842 826 ὑποκειμένους
1869 758 1944 825 τῷ
1987 758 2156 827 θρόνῳ
2191 757 2288 825 τῆς
2314 753 2941 813 Κωνσταντινουπόλεως.

697 855 813 910 Jam
871 867 1016 914 vero,
1078 851 1217 917 quod
1276 849 1524 917 prwsidct
1581 849 1692 916 ipse
1749 848 2029 901 duodecim
2069 861 2160 914 pa-

632 942 1008 999 triarchalibus
1079 939 1326 1000 notariis,
1403 951 1516 989 eam
1559 953 1621 990 ex
1671 940 1794 990 sede
1844 938 1999 988 [iJem
2047 938 2151 989 ha-

635 1033 900 1090 bentibus,
972 1042 1132 1092 quam
1193 1025 1394 1079 habent
1451 1025 1729 1078 duodecim
1790 1026 1983 1078 notarii
2054 1034 2160 1078 tam

638 1122 771 1180 Veli,
818 1133 976 1185 quam
1008 1115 1354 1182 Hippodromi
1407 1113 1649 1181 judicum
1714 1116 1890 1182 (mitto
1933 1129 2163 1183 namque

638 1210 837 1268 dicere,
911 1207 991 1258 his
1042 1204 1363 1255 duodecim:
1421 1216 1540 1254 cum
1591 1201 2015 1268 patriarcharum
2061 1201 2162 1254 hu-

641 1301 869 1353 manitas
901 1307 950 1348 et
1012 1293 1300 1346 submissio
1353 1290 1588 1358 pertrahi
1647 1307 1703 1344 se
1759 1306 1863 1342 non
1933 1292 2163 1359 patiatur

637 1393 698 1441 ad
749 1384 1090 1439 ever-tendum
1142 1398 1223 1445 ea,
1271 1397 1386 1448 qum
1429 1381 1724 1447 antiquitus
1773 1381 1823 1432 in
1860 1397 1957 1434 usu
1988 1381 2162 1448 sunt),

637 1489 698 1528 ac
731 1474 931 1524 ratione
973 1469 1262 1529 consimili,
1313 1467 1451 1531 quod
1485 1467 1732 1532 prasidct
1796 1475 1921 1519 ante
1969 1475 2162 1520 metro-

641 1564 903 1630 politanos
937 1560 986 1611 in
1022 1556 1369 1610 electionibus
1400 1556 1768 1622 episcoporum
1801 1556 1865 1606 ad
1915 1567 2165 1609 vacantes

648 1650 924 1708 ecclesias,
972 1657 1016 1696 et
1054 1645 1103 1696 in
1132 1644 1194 1696 iis
1223 1642 1448 1710 publicis
1478 1642 1876 1708 congressibus,
1907 1643 1994 1710 qui
2018 1652 2165 1695 extra

2330 848 2402 898 Τὸ
2428 847 2482 898 δὲ
2513 844 2885 913 προκαθῆσθαι
2932 841 3116 893 τοῦτον
3145 838 3442 900 δωδεκάδος
3476 855 3836 905 πατριαρχι-

2262 939 2369 991 κῶν
2401 938 2661 1005 νοταρίων
2690 935 3033 986 αύτοπιστίαν
3062 933 3309 1000 ἑχόντων,
3347 931 3465 980 οἵαν
3499 931 3639 997 ἔχει
3678 929 3777 977 καὶ
3805 930 3830 991 ἡ

2261 1028 2492 1090 δωδεκὰς
2518 1027 2622 1080 τῶν
2648 1025 2737 1077 τοῦ
2762 1023 2930 1091 Βήλου
2960 1024 3051 1074 καὶ
3071 1021 3162 1074 τοῦ
3196 1020 3562 1086 ’ἱπποδρόμου
3625 1018 3831 1086 κριτῶν

2262 1119 2357 1187 (ὲῶ
2385 1120 2492 1186 γὰρ
2523 1119 2692 1168 εἰπεῖν
2714 1113 3003 1173 δωδεκάδος
3030 1113 3238 1178 διπλῆς,
3262 1111 3344 1161 ὅτι
3377 1110 3489 1161 τῶν
3538 1125 3824 1176 πατριαρ-

2263 1209 2368 1277 χῶν
2413 1210 2445 1276 ή
2477 1205 2849 1274 φιλανθρωπία
2874 1205 2965 1255 καὶ
3009 1200 3410 1266 συγκατάὸασις
3442 1202 3545 1267 οὐχ
3599 1199 3826 1249 ἕλκεται

2263 1300 2395 1365 πρὸς
2426 1298 2700 1363 ἀναίρεσιν
2727 1295 2832 1346 τῶν
2862 1290 3259 1359 νενομισμένων
3297 1287 3625 1354 ἀνέκαθεν),
3652 1287 3826 1341 ὠσαί-

2264 1405 2367 1448 τως
2396 1387 2490 1437 καὶ
2520 1386 2577 1436 τὸ
2607 1381 2978 1454 προκαθῆσθαι
3011 1379 3119 1432 τῶν
3149 1377 3564 1446 μητροπολιτῶν
3617 1378 3684 1424 εν
3714 1378 3822 1432 ταῖς

2264 1473 2460 1540 ψήφοις
2510 1469 2616 1520 τῶν
2670 1466 3011 1535 χηρευουσῶν
3083 1464 3395 1528 ἁγιωτάτων
3479 1463 3819 1527 ἑκκλησιςῖν,

2265 1564 2358 1615 καὶ
2386 1566 2440 1614 ὲν
2493 1563 2611 1621 ταῖς
2662 1557 2856 1623 ἔξωθεν
2933 1555 3023 1608 τοῦ
3087 1555 3484 1622 πατριαρχικοῦ
3563 1551 3817 1620 βήματος

2265 1651 2572 1718 γινομέναις
2601 1649 2799 1708 κοιναῖς
2827 1644 3212 1708 συνελεύσεσιν,
3250 1642 3381 1694 ἀλλὰ
3418 1641 3528 1709 μὴν
3561 1644 3666 1692 καὶ
3699 1643 3814 1704 ἑορ-

644 1737 995 1808 patriarchalc
1025 1733 1259 1786 tribunal
1297 1732 1448 1794 ﬁunt,
1479 1734 1584 1784 imo
1627 1731 1788 1784 etiam
1833 1734 1884 1784 in
1906 1731 2160 1785 festorum

2269 1740 2504 1806 τασὶμοις
2532 1737 2824 1805 πανδήμοις
2878 1732 3114 1795 τελεταῖς
3155 1747 3213 1784 τε
3243 1733 3336 1784 καὶ
3389 1731 3809 1799 πανηγύρεσιν,

642 1827 865 1896 publicis
908 1823 1224 1877 caerimoniis
1271 1831 1427 1888 atque
1457 1821 1826 1883 conventibus,
1857 1835 1959 1871 non
1992 1820 2162 1873 solum

641 1919 786 1984 ipsas
825 1916 959 1968 intra
993 1925 1172 1980 partes
1235 1911 1493 1970 ecclesiae,
1546 1925 1730 1961 verum
1782 1909 1942 1961 etiam
1975 1909 2163 1976 quovis

642 2009 695 2059 in
756 2007 891 2066 loco,
936 2004 1074 2070 quod
1117 2004 1246 2055 nulli
1300 2015 1619 2054 concessum
1665 2009 1746 2051 est
1775 1999 2164 2067 diaeono,pro-

643 2109 821 2166 pierea
861 2097 996 2162 quod
1039 2095 1252 2146 disertis
1289 2092 1465 2144 verbis
1500 2106 1527 2142 a
1579 2105 1706 2142 xviii
1737 2104 1938 2142 canone
1967 2099 2164 2141 sant-ta:

643 2195 704 2233 ac
731 2179 1040 2233 universalis
1077 2179 1258 2245 primze
1291 2176 1478 2245 synodi
1524 2174 1898 2241 prohibeatur;
1933 2189 2162 2242 quonam

643 2285 821 2337 qumo
850 2272 1075 2331 referes,
1112 2268 1317 2320 auditor
1343 2265 1786 2334 prudentissime?
1813 2264 2039 2318 Omnino
2088 2264 2165 2316 fa-

646 2359 842 2422 teberis
879 2359 1064 2410 horum
1118 2360 1354 2408 omnium
1425 2363 1740 2422 potestatem
1803 2356 1849 2407 ci
1915 2355 2162 2406 tributam

645 2448 1103 2517 propterea,quod
1134 2447 1465 2497 existimetur
1514 2460 1631 2496 esse
1681 2459 1760 2503 os,
1794 2452 1843 2494 et
1895 2445 2064 2506 labra,
2114 2454 2164 2496 et

648 2549 834 2586 manus
889 2532 1117 2600 quodam
1192 2532 1348 2584 modo
1421 2533 1756 2598 patriarchae.
1819 2532 2023 2598 Abripit
2083 2545 2165 2584 me

648 2621 897 2690 proclivis
939 2622 1165 2686 impetus
1213 2619 1395 2681 animi,
1457 2626 1512 2670 ut
1569 2622 1764 2680 dicam,
1815 2629 1864 2670 et
1920 2627 2163 2672 accurate

647 2713 926 2774 declarem,
968 2725 1124 2776 quam
1155 2709 1222 2760 ob
1270 2722 1484 2760 causam
1536 2723 1690 2775 supra
1733 2720 1952 2762 caeteros
1978 2711 2162 2776 prasi-

645 2796 739 2850 des
765 2797 908 2849 solus
960 2795 1314 2847 chartularius
1355 2795 1568 2847 ordines
1609 2795 1998 2848 ecclesiasticos
2055 2810 2164 2847 ma-

644 2885 777 2954 joris
839 2885 1176 2939 auctoritatis
1222 2899 1382 2936 causa
1427 2888 1663 2950 geminos
1712 2885 1923 2948 habeat,
1959 2886 2162 2953 episco-

648 2976 923 3042 pianorum
964 2976 1225 3037 videlicet,
1251 2988 1309 3026 ac
1340 2974 1748 3026 secretieorum.
1787 2974 1886 3025 Sed
1913 2977 2160 3040 quoniam

2269 1832 2325 1883 οὐ
2359 1832 2514 1899 μόνον
2544 1829 2690 1889 ἐντὸς
2734 1826 2841 1879 τῶν
2881 1826 2977 1892 τῆς
3029 1824 3311 1890 ἐκκλησίας
3349 1823 3555 1890 μερῶν,
3593 1821 3716 1873 ἀλλ’
3763 1822 3814 1870 ὲν

2267 1921 2412 1987 τόπῳ
2447 1920 2627 1981 παντὶ,
2685 1919 2818 1984 ὅπερ
2862 1915 3033 1967 οὐδενὶ
3082 1914 3307 1983 διακόνῳ
3352 1913 3812 1979 πεφιλοτίμηται,

2268 2011 2352 2060 διὰ
2384 2009 2441 2059 τὸ
2467 2006 2645 2075 ῥητῶς
2692 2004 2794 2056 ὑπὸ
2837 2002 2930 2054 τοῦ
2964 2000 3029 2069 ιη’
3068 2002 3281 2062 κανόνος
3340 1999 3440 2068 τῆς
3495 2000 3668 2064 ἁγίας
3725 2001 3811 2049 καὶ

2267 2094 2641 2162 οἱκουμενικῆς
2663 2093 2879 2162 πρώτης
2901 2090 3089 2144 σποδοῦ
3111 2089 3430 2152 κωλύεσθαι,
3464 2088 3568 2140 ποῦ
3594 2089 3810 2158 θήσεις,

2268 2189 2508 2257 ὰκροατὰ
2577 2185 2939 2247 συνετώτατες
2995 2181 3214 2240 Πάντως
3266 2180 3330 2230 ἂν
3376 2181 3551 2240 ιῐποις
3604 2177 3808 2229 τούτων

2268 2279 2481 2330 πάντων
2511 2276 2723 2342 δοθῆναι
2749 2275 2843 2340 τὴν
2892 2271 3133 2334 ἐξουσίαν
3182 2268 3350 2335 αὐτῷ,
3384 2268 3472 2318 διὰ
3498 2267 3559 2318 τδ
3593 2265 3807 2331 λογίζε-

2270 2367 2390 2419 σθαι
2420 2365 2608 2432 στόμα,
2639 2365 2728 2415 καὶ
2761 2362 2932 2431 χείλη,
2956 2361 3045 2410 καὶ
3088 2361 3270 2427 χεῖρας
3302 2357 3501 2408 ὡσανεὶ
3536 2371 3808 2422 πατριαρε

2267 2457 2442 2526 χικάς.
2477 2455 2660 2505 Ἕλκει
2693 2469 2758 2521 με
2802 2451 2862 2502 τὸ
2889 2450 3159 2518 πρόθυμον
3183 2449 3348 2497 είπεῖν
3375 2446 3468 2497 καὶ
3493 2445 3799 2510 ἐπεξεργά-

2271 2543 2485 2606 σασθαι,
2535 2543 2676 2602 τίνος
2705 2541 2860 2609 χάριν
2895 2537 3039 2605 παρὰ
3077 2537 3201 2597 τοὺς
3234 2537 3421 2594 ἄλλους
3457 2532 3804 2599 προκαθημέ-

2267 2651 2386 2694 νους
2420 2636 2446 2685 ό
2496 2629 2832 2702 χαρτοφύλαξ
2875 2628 2965 2680 καὶ
3003 2626 3156 2694 μόνος
3185 2626 3374 2684 διττοῖς
3418 2624 3803 2687 ἐκκλησιαστι-

2268 2725 2381 2783 κοῖς
2423 2719 2773 2788 μεγαλύνεται
2806 2717 3092 2782 τάγμασιν,
3130 2714 3561 2772 ίπισκοπειανοίς
3602 2710 3800 2777 δηλαδὴ

2269 2815 2362 2866 καὶ
2393 2813 2742 2880 σεκρετικοῐς.
2777 2807 2898 2858 Ὀτι
2921 2805 2974 2855 δὲ
3004 2803 3101 2869 τῆς
3133 2802 3326 2853 τούτων
3356 2800 3627 2866 εὑρέσεως
3661 2799 3794 2850 ὐπο-

2269 2904 2440 2969 6άθρα
2497 2917 2581 2960 τις
2637 2897 2899 2964 τιμήεσσα
2948 2891 3244 2959 πρόκειται,
3300 2889 3390 2938 καὶ
3438 2888 3498 2938 τὸ
3537 2889 3797 2960 ,πρᾶγμα

2268 2991 2566 3059 παρακαλεῖ
2618 2988 2708 3037 καὶ
2752 2985 2949 3051 ταύτην
2993 2977 3541 3048 ἀργυρογνωμονῆσαι
3575 2976 3670 3026 διὰ
3704 2978 3796 3043 τὴν

647 3064 1005 3117 institutionis
1055 3065 1243 3114 horum
1284 3063 1500 3130 insigne
1536 3063 1797 3128 quoddam
1853 3064 2163 3114 fundamen-

2269 3085 2362 3153 τῆς
2389 3082 2633 3148 ἀληθείας
2661 3079 3016 3145 παράστασιν,
3063 3070 3400 3138 ἁναμεινάτω
3432 3067 3563 3134 πρὸς
3601 3067 3796 3134 μικρὸν

650 3163 762 3204 tum
796 3162 895 3214 est,
945 3168 1004 3203 ac
1045 3168 1130 3204 res
1194 3153 1303 3218 ipsa
1341 3153 1587 3218 postulat,
1620 3153 1715 3202 hoc.
1751 3153 1918 3218 ipsum
1959 3169 2168 3220 quoque

655 3243 896 3294 veritatis
957 3240 1265 3293 exhibenda:
1304 3255 1464 3293 causa
1519 3241 1805 3292 chIninari
1861 3243 2169 3308 :paulisper

655 3332 962 3384 dideramus
1005 3344 1120 3382 eam
1179 3330 1499 3388 orationem,
1565 3343 1667 3393 qua
1721 3329 2054 3394 supradictos
2116 3331 2168 3382 in

651 3418 865 3470 ordines
929 3417 1313 3482 disquiremus,
1361 3430 1420 3468 ac
1483 3417 1760 3480 dicamus;
1825 3418 2168 3482 quamobrem

653 3515 838 3573 pnetcr
871 3505 942 3564 id,
973 3505 1108 3571 quod
1135 3504 1300 3557 sacris
1317 3505 1610 3557 cauonibus
1643 3506 1970 3568 continetur,
2015 3507 2169 3556 char-

651 3595 877 3644 tularius
924 3591 1268 3643 diaeonorum
1327 3592 1377 3642 in
1418 3606 1637 3643 numero
1687 3593 2010 3656 consistens,
2047 3601 2168 3645 ante

653 3682 928 3749 pontiliees
954 3682 1151 3732 sedeat.
1203 3678 1322 3731 llaec
1369 3680 1679 3747 pervulgata
1733 3681 1958 3745 quaestio
2005 3681 2167 3732 multa

653 3770 878 3821 diversis
925 3769 1258 3833 temporibus
1308 3769 1560 3818 excitavit
1613 3769 1891 3828 scandala,
1922 3772 2170 3834 varieque

650 3856 942 3921 disceptata
1000 3856 1096 3906 fuit
1156 3856 1291 3906 inter
1339 3855 1715 3905 chartularium
1787 3861 1838 3906 et
1898 3858 2168 3922 pontiliees

655 3945 772 3995 solii
798 3942 1393 4008 Constantinopolitani.
1421 3942 1658 4007 Cumque
1686 3943 1918 4010 cognitio
1949 3944 2168 4008 patriar-

651 4033 837 4088 cluilis.
865 4033 1202 4098 pontilieihus
1225 4030 1432 4091 favens,
1459 4031 1656 4084 eisdem
1687 4032 1862 4083 obiter
1887 4033 2166 4097 arrideret,

654 4122 720 4169 oh
749 4120 964 4171 indicati
993 4121 1237 4186 superius
1267 4120 1487 4171 canonis
1519 4125 1836 4171 sententiam
1869 4140 1878 4171 :
1907 4123 2166 4188 prolatum

651 4217 731 4259 est
757 4207 985 4258 (dictum
1018 4208 1300 4259 clarissimi
1321 4209 1592 4274 principis,
1610 4210 1807 4261 domini
1826 4211 1992 4262 Alexii
2015 4211 2170 4266 Com-

652 4300 795 4354 ιιι-ιιι,
821 4312 922 4362 quo
954 4298 1061 4347 lisec
1088 4297 1149 4346 ad
1183 4298 1401 4348 verbum
1435 4298 1776 4348 continentur
1806 4316 1815 4348 :

729 4403 744 4427 ι
782 4385 1137 4437 Ecclesiastici
1169 4385 1275 4451 (6‘2)
1314 4385 1488 4438 decori
1531 4399 1710 4437 curam
1742 4387 1990 4451 iuajestas
2048 4401 2164 4438 mea
2197 4393 2241 4446 D

653 4487 866 4538 gerens,
909 4487 957 4526 et
1019 4489 1138 4525 eum
1181 4475 1233 4524 in
1295 4474 1436 4525 omni
1473 4475 1611 4525 civili
1671 4483 1812 4526 statu
1842 4474 2038 4526 bonum
2081 4490 2171 4527 or-

655 4560 832 4612 dinem
864 4563 1160 4627 requircns.
1192 4569 1302 4612 tum
1328 4562 1377 4612 in
1421 4563 1516 4613 hoc
1542 4561 1811 4614 studiosus
1839 4563 2170 4626 incumbens,

657 4660 712 4701 ut
761 4651 807 4702 is
863 4650 1026 4717 magis
1075 4652 1232 4702 etiam
1286 4650 1450 4701 sacris
1506 4651 1555 4701 in
1620 4652 1777 4703 rebus
1819 4652 2171 4713 observetur;

657 4740 931 4806 privilegia
985 4745 1172 4806 cuique
1222 4742 1478 4807 graduum
1527 4742 2015 4794 ecclesiasticorum
2061 4742 2169 4808 jam

655 4828 780 4879 olim
813 4829 1028 4888 tributa,
1064 4844 1288 4896 eumque
1339 4837 1555 4891 statum,
1597 4830 1687 4894 qui
1724 4831 1983 4882 hactenus
2017 4831 2068 4881 in
2092 4830 2168 4886 eis

657 4915 844 4982 viguit,
886 4918 1044 4969 etiam
1098 4917 1752 4984 deincepsimmutabilem
1796 4921 2084 4972 subsistere
2111 4935 2170 4972 ac

657 5020 968 5073 permanere
999 5009 1167 5074 cupit,
1223 5014 1273 5059 et
1326 5022 1530 5074 :equum
1577 5016 1780 5071 censet,
1841 5010 2169 5062 sanctissime

655 5093 883 5152 domine,
954 5094 1095 5145 velut
1152 5109 1179 5144 ιι
1237 5101 1313 5146 tot
1369 5096 1522 5146 annis
1569 5106 1861 5162 acceptum.
1910 5107 1960 5147 et
2014 5097 2171 5160 longo

649 5178 757 5244 jam
789 5180 960 5246 spatio
989 5181 1237 5246 temporis
1294 5183 1653 5244 observatum,
1719 5192 1768 5234 et
1815 5184 2075 5250 perpetuis
2105 5185 2169 5237 ab

657 5283 761 5321 uno
794 5280 1028 5337 tempore
1061 5272 1111 5322 in
1172 5272 1314 5324 aliud
1376 5276 1837 5342 progressionibus
1898 5277 2172 5342 hucusque

651 5357 784 5411 citra
847 5361 1193 5413 mutationem
1243 5365 1494 5429 prmclare
1541 5367 1917 5418 continuatum
1969 5380 2030 5417 ac
2063 5377 2173 5417 sta-

2268 3173 2470 3237 ὀλόγος
2526 3170 2619 3237 τήν
2658 3167 2761 3218 τῶν
2823 3163 3089 3232 ῥηθέντων
3142 3158 3426 3224 ταγμάτων
3478 3155 3788 3220 συζήτησςν,

2269 3263 2358 3312 καὶ
2385 3257 2591 3330 ῥητέον,
2623 3255 2760 3315 τίνος
2797 3253 2948 3320 χάριν
2981 3249 3128 3316 παρὰ
3157 3247 3253 3315 τὴν
3290 3245 3392 3296 τῶν
3435 3243 3591 3294 θείων
3635 3243 3790 3295 κανό-

2269 3369 2369 3402 νων
2409 3346 2713 3417 περίληψιν,
2764 3345 2818 3394 ὲν
2870 3341 3131 3399 διακόνοις
3162 3341 3188 3389 ὁ
3218 3333 3560 3404 χαρτοφύλαξ
3604 3333 3788 3384 ταττό·

2271 3456 2486 3508 μενος,·-
2518 3435 2622 3486 τῶν
2675 3430 2966 3499 ἀρχιερέων
3033 3425 3390 3493 προκάθηται.
3447 3422 3520 3472 Th
3576 3420 3790 3487 ζήτημα

2265 3529 2417 3578 τοῦτο
2443 3527 2499 3576 τὸ
2519 3521 2942 3590 πολυθρύλλητον
2979 3516 3140 3568 πολλὰ
3173 3513 3312 3566 κατὰ
3357 3511 3646 3578 διαφόρους
3682 3527 3789 3559 και-

2270 3617 2391 3684 ροὺς
2419 3615 2668 3682 ἀνήγειρε
2708 3609 2988 3667 σκάνδαλα,
3024 3607 3113 3657 καὶ
3145 3603 3348 3671 μεγάλη
3382 3600 3570 3652 τούτου
3597 3599 3786 3662 κατεξ-

2268 3706 2443 3763 έτασις
2497 3703 2680 3768 γέγονε
2730 3699 2887 3766 μέσον
2947 3697 3038 3748 τοῦ
3108 3693 3511 3761 χαρτοφύλακος
3553 3690 3646 3738 καὶ
3689 3689 3785 3737 τῶν

2268 3791 2562 3860 ἀρχιερέων
2607 3788 2698 3838 τοῦ
2757 3787 2941 3854 θρόνου
3001 3784 3096 3850 τῆς
3156 3776 3780 3833 Κωνσταντινουπόλεως.

2268 3882 2376 3933 Καὶ
2409 3881 2544 3945 τάχα
2582 3875 2865 3945 μειδιώσης
2887 3870 3191 3939 ἀκροθιγῶς
3214 3870 3308 3927 τῆς
3329 3867 3462 3932 ὑπὲρ
3489 3865 3596 3916 τῶν
3620 3865 3784 3930 ἀρχιεο

2270 3969 2404 4037 ρέων
2461 3966 2854 4033 πατριαρχικής
2885 3962 3219 4028 διαγνώσεως
3249 3957 3335 4009 διὰ
3363 3958 3452 4007 τὸν
3478 3956 3573 4006 τοῦ
3603 3955 3782 4021 ῥηθέν-

2266 4073 2351 4115 τος
2381 4055 2626 4118 ἀνωτέρω
2653 4051 2870 4108 κανόνος
2897 4048 3200 4117 περίληψιν,
3230 4043 3594 4112 προεκομίσθη
3623 4043 3778 4110 πρόσ-

2265 4161 2447 4211 ταγμα
2487 4143 2577 4193 τοῦ
2629 4141 2865 4206 ἀοιδίμου
2907 4138 3180 4206 βασιλέως,
3231 4134 3393 4200 κυροῖ)
3440 4133 3669 4196 ’Δλεξίου
3703 4132 3774 4183 π’

2268 4232 2568 4301 Κομνηνοῦ,
2589 4231 2708 4282 τάδε
2739 4229 2872 4280 κατὰ
2917 4230 3060 4295 ῥῆμα
3086 4223 3445 4285 διαλαμϐάνον
3475 4236 3488 4249 ·

2346 4425 2361 4454 ι
2416 4405 2476 4454 'll
2503 4401 2741 4470 βασιλεία
2773 4417 2873 4468 μου
2904 4398 2998 4466 τῆς
3027 4393 3478 4464 ὲκκλησιαστικῆς
3504 4392 3774 4456 eimagis;

2270 4488 2641 4561 φροντίζουσα,
2706 4490 2798 4541 καὶ
2851 4490 2911 4539 τὸ
2954 4487 3215 4538 εΰτακτον
3254 4485 3343 4534 καὶ
3401 4483 3455 4531 ὲν
3485 4482 3642 4532 παντὶ
3695 4479 3773 4542 μὲν

2270 4582 2500 4643 ζητοῦσα
2550 4582 2625 4646 τῷ
2682 4577 3049 4643 πολιτεύματι,
3103 4573 3354 4625 ἐπιπλέον
3386 4572 3439 4621 δὲ
3481 4573 3590 4629 τοῖς
3629 4569 3772 4626 θείοις

2268 4668 2420 4718 τοῦτο
2470 4663 2912 4731 ἐμπολιτεύεσθαι
2960 4660 3046 4710 διὰ
3114 4658 3344 4724 σπουδῆς
3402 4656 3668 4719 τιθεμένη,
3722 4653 3772 4701 τὰ

2272 4753 2505 4823 ἀρχῆθεν
2559 4749 2999 4816 ἀπονενεμημένα
3079 4746 3343 4813 προνόμια
3397 4746 3608 4808 ἑκάστῳ
3681 4740 3769 4789 τῶν

2272 4841 2729 4907 ὲκκλησιαστικῶν
2784 4837 3022 4904 βαθμῶν,
3087 4837 3179 4886 καὶ
3218 4835 3312 4901 τήν
3349 4835 3474 4901 ἄχρι
3519 4835 3606 4883 καὶ
3636 4832 3768 4897 δείρο

2273 4930 2706 4996 ἐπικρατήσασαν
2755 4927 2812 4976 ὲν
2861 4925 3064 4983 τούτοις
3127 4927 3476 4981 κατάστασιν,
3535 4924 3666 4972 κατὰ
3721 4921 3768 4968 τὸ

2271 5017 2618 5069 ἀναλλοίωτον
2657 5017 2748 5065 καὶ
2801 5017 2877 5075 είς
2920 5014 2978 5064 τὸ
3036 5014 3160 5080 ἑξῆς
3209 5012 3345 5063 εἶναι
3404 5012 3497 5061 καὶ
3525 5010 3768 5075 διαμένειν

2276 5106 2515 5172 βούλεταί
2539 5122 2594 5154 τε
2627 5105 2718 5155 καὶ
2745 5104 2966 5162 εὐδοκεῖ,
3004 5101 3268 5166 ἀγιὼτατε
3310 5100 3559 5158 δέσποτα,
3591 5099 3657 5155 ὡς
3692 5098 3767 5146 καὶ

2276 5193 2692 5263 παραρεχθεῖσαν
2736 5192 2822 5243 διὰ
2864 5190 3125 5242 τοσούτων
3155 5188 3307 5250 ἑτῶν,
3345 5190 3436 5239 καὶ
3486 5188 3558 5253 τῷ
3604 5185 3767 5250 μακρῷ

2275 5286 2446 5351 χρόνῳ
2473 5281 3018 5349 ὲμπολιτευσαμένην,
3073 5279 3163 5329 καὶ
3223 5282 3338 5338 ταῖς
3378 5278 3470 5327 ἀπ’
3530 5277 3678 5327 ἄλλου
3705 5279 3768 5332 εἰς

2277 5366 2430 5418 ἄλλον
2457 5366 2592 5417 κατὰ
2623 5365 2682 5415 τδ
2712 5364 3094 5428 ἁνεξάλλακτον
3123 5363 3224 5425 ἕως
3251 5361 3342 5413 τού
3380 5361 3474 5414 νῦν
3501 5362 3769 5430 μιττϐήοεο

2109 5537 2333 5596 ΝΟΤΑΞ.

725 5626 831 5684 (iiii
863 5626 985 5679 Vide
1020 5628 1278 5679 novellam
1312 5643 1337 5679 κ
1365 5629 1533 5682 Alexii
1559 5633 1837 5686 Conmem.
