3914 6332
181 335 331 402 3045

1609 352 2008 414 ΜΕΒΙΤΑΤΑ.

3196 355 3329 420 ιθιο

175 479 276 518 σιν
299 466 662 534 ὲπικριθεῖσαν
695 475 782 520 καὶ
829 461 1188 530 βεὸαωθεῖσαν
1230 466 1424 528 καλῶς.
1469 465 1617 518 Ἐπεὶ
1648 463 1702 515 δὲ

1808 460 2036 515 bilitum.
2093 460 2225 525 Quia
2272 475 2393 518 vero
2441 478 2580 518 nunc
2628 466 2879 534 majestas
2932 483 3044 522 mea
3114 469 3319 534 didicit,

177 556 283 609 νῦν
319 558 350 624 ἡ
380 556 615 625 βασιλεία
647 572 744 624 μου
778 556 957 624 μάθοι,
988 559 1064 620 ὥς
1096 573 1236 617 τινες
1268 556 1373 608 τῶν
1415 553 1706 624 ἀρχιερέων

176 645 738 713 ἀντιφιλοτιμούμενοι
763 645 1052 713 πειρῶνται
1081 647 1140 697 τὸ
1170 643 1259 697 τοῦ
1304 642 1702 712 χαρτοφύλακος

175 731 512 784 ὕποδιδάσαι
536 733 841 799 προνόμιον,
871 731 961 784 καὶ
993 736 1218 794 κανόνας
1247 733 1325 793 είς
1369 730 1528 799 μέσον
1571 746 1703 798 προ-

175 821 465 888 φέροντες,
512 820 595 872 διά
619 821 816 873 τούτων
851 820 1202 887 φιλονεικοῦσι
1235 819 1310 888 μὴ
1338 818 1704 887 προκαθῆσθαι

173 910 346 960 αὐτὸν
371 908 473 960 τῶν
506 909 819 978 ἀρχιερέων,
849 911 1081 979 ὁπηνίκα
1107 909 1211 960 δέοι
1253 909 1471 971 τούτους
1524 907 1708 975 συνέρ-

171 995 372 1063 χεσθαι
399 998 535 1049 κατά
549 1013 668 1050 τινα
682 997 885 1066 χρείαν.
912 999 1002 1050 καὶ
1029 997 1387 1066 συνεδριάζειν
1415 996 1550 1047 κατά
1580 1011 1707 1046 ταυ-

170 1087 296 1147 τὸν,
337 1085 438 1153 πρὸ
467 1086 561 1154 τῆς
616 1087 694 1146 είς
725 1087 823 1155 τὴν
876 1086 1176 1154 ἁγιωσύνην
1210 1103 1300 1137 σου
1341 1084 1705 1147 είσελεύσεως,

168 1172 283 1224 οὐκ
319 1175 608 1243 ἀνασχετὸν
654 1179 718 1245 τῇ
753 1175 993 1246 βασιλείᾳ
1036 1194 1133 1244 μου
1168 1175 1332 1238 ἔδοξε,
1369 1177 1597 1245 πρᾶγμα.
1623 1174 1708 1226 διὰ

169 1261 435 1314 τοσούτου
459 1263 646 1331 χρόνου
678 1265 1011 1332 βασανισθὲν,
1042 1265 1130 1318 καὶ
1155 1267 1262 1326 τοῖς
1295 1267 1421 1334 πρὶν
1445 1265 1706 1334 πατριάρ-

167 1365 305 1416 χαις
365 1351 456 1401 καὶ
511 1351 620 1413 τοῖς
677 1352 851 1414 ἄλλοις
908 1351 1269 1421 ἀρχιερεῦσιν,
1326 1352 1456 1404 ἀλλά
1500 1352 1564 1419 δὴ
1618 1353 1706 1404 καὶ

167 1440 362 1500 αὐτοῖς
397 1442 507 1501 τοῖς
537 1439 631 1492 νῦν
659 1443 758 1493 οὐκ
803 1442 886 1493 ἐπ’
917 1441 1118 1508 εὐλόγῳ
1155 1441 1388 1510 ἐρίζουσι
1426 1441 1707 1509 πράγματι

168 1525 268 1578 διὰ
317 1527 412 1594 τῆς
464 1529 798 1598 πολυημέρου
838 1529 1021 1598 δεχθὲν
1051 1530 1278 1592 σιωπῆς,
1312 1529 1447 1581 κατά
1474 1529 1533 1582 τὸ
1572 1545 1707 1598 παρ-

174 1615 339 1668 έλκον
361 1617 701 1685 ἀθετηθῆναι,
739 1619 829 1672 καὶ
857 1620 930 1682 ὣς
953 1637 1003 1672 τι
1033 1620 1138 1673 τῶν
1165 1619 1514 1689 ἠμελημένων
1543 1636 1706 1688 παρα-

169 1703 432 1772 σδρῆναι.
485 1706 674 1758 Τοίνυν
709 1713 800 1758 καὶ
841 1707 1128 1776 διορίζεται
1169 1710 1446 1777 πράγματι
1490 1707 1705 1773 εὔλογον

171 1793 274 1844 καὶ
309 1793 443 1845 πάνυ
474 1795 678 1847 δίκαιον
722 1795 894 1848 τοῦτο.
958 1797 1018 1848 Εί
1059 1797 1155 1864 μὲν
1189 1797 1293 1866 γὰρ
1348 1798 1581 1866 αἱροῖντο
1616 1795 1708 1848 καὶ

171 1881 342 1933 πάλιν
370 1883 418 1937 oi.
447 1883 716 1952 ἀρχιερεῖς
760 1884 833 1953 μὴ
867 1886 1032 1937 κινεῖν
1084 1885 1150 1937 τὰ
1187 1885 1433 1953 ἀκίνητα,
1473 1884 1603 1952 μηδὲ
1638 1885 1706 1936 τά

170 1973 295 2031 τοῖς
335 1971 460 2040 πρὶν
499 1971 786 2040 δεδογμένα
815 1972 1082 2042 Πατράσιν
1103 2015 1116 2038 ,
1147 1973 1279 2025 ἀλλά
1308 1974 1369 2040 δὴ
1400 1973 1492 2025 καὶ
1524 1972 1704 2033 αὐτοῖς

169 2059 265 2110 διὰ
299 2059 394 2127 τῆς
447 2063 656 2128 μακρᾶς
697 2061 1016 2126 συνδόξαντα
1067 2062 1294 2130 σιωπῆς,
1342 2061 1434 2114 καὶ
1478 2062 1573 2129 τῆς
1603 2061 1706 2122 ἕως

167 2147 274 2200 τοῦ
297 2148 387 2200 νῦν
412 2150 622 2218 ἀνοχῆς,
652 2153 712 2202 ὲκ
740 2152 1095 2219 παλιμδολίας
1123 2151 1304 2220 ὥσπερ
1333 2151 1704 2214 ἀναπαλαίειν,

170 2233 236 2286 εὖ
267 2234 328 2285 ἂν
357 2234 486 2302 ἔχοι,
536 2239 622 2288 καὶ
668 2239 842 2306 χάρις,
871 2240 950 2290 ὅτι
979 2239 1036 2290 τὸ
1069 2239 1297 2307 μάχιμον
1332 2239 1703 2308 καταθέμενοι,

172 2320 239 2372 τὸ
275 2321 540 2388 εἰρηναῖον
562 2326 1037 2394 προτετιμήκασιν.
1086 2328 1146 2378 El
1185 2326 1237 2377 δὲ
1266 2327 1357 2377 καὶ
1391 2326 1467 2377 ἔτι
1506 2326 1706 2379 τούτων

168 2413 323 2474 τινὲς
367 2413 471 2465 τῶν
525 2414 615 2465 τοῦ
674 2416 890 2476 κανόνος
942 2417 1194 2485 ῥημάτων
1258 2417 1703 2485 ἀντιποιούμενοι,

173 2502 302 2572 (τῆς
328 2502 434 2572 γάρ
471 2504 672 2564 ἐννοίας
701 2505 883 2573 πόρρω
927 2505 1365 2575 ἀποδιεστήκασι)
1412 2505 1701 2573 πειρῶνται

170 2591 238 2642 τὸ
287 2592 477 2644 οἰκεῖον
499 2595 758 2662 συστῆσαι
788 2592 1014 2662 θέλημα,
1053 2595 1145 2646 καὶ
1169 2595 1260 2645 ἐπὶ
1305 2594 1363 2645 τὸ
1395 2596 1621 2647 ἄτακτον
1641 2595 1701 2645 οὗ

173 2680 354 2740 καλῶς
420 2681 512 2748 τὴν
567 2680 717 2744 τάξιν
784 2681 1248 2749 μεταϐιϐάζουσιν,
1307 2683 1368 2749 ἐᾷ
1406 2682 1500 2748 μὲν
1534 2681 1622 2732 νῦν
1673 2681 1704 2748 ή

177 2769 422 2836 βασιλεία
443 2787 539 2838 μου
574 2772 669 2834 τὴν
699 2771 787 2823 τοῦ
815 2772 1034 2830 κανόνος
1060 2771 1387 2839 ἑρμηνεῦσαι
1419 2771 1508 2822 καὶ
1535 2786 1704 2837 σαφη-

174 2858 322 2909 νίσαι
349 2858 506 2928 ὑφὴν,
538 2860 739 2929 ῥᾴστην
771 2859 932 2912 οὖσαν
955 2861 1356 2929 καταληφθῆναι
1380 2860 1468 2911 καὶ
1493 2860 1708 2925 διαγνω-

178 2948 372 3013 σθῆναι
439 2948 615 3009 καλῶς
674 2951 784 3010 τοῖς
819 2951 1110 3017 βάπτουσιν
1159 2951 1232 3009 είς
1265 2948 1564 3017 ἀκρίϐειαν,
1615 2950 1705 3001 καὶ

1808 550 2067 618 quosdam
2098 551 2376 618 pontiﬁces
2409 553 2699 610 ambitione
2761 565 2990 624 quadam
3041 559 3322 628 impulsos,

1808 638 2124 691 chartularii
2184 639 2494 708 dignitatem
2564 642 2866 712 deprimere
2923 645 3076 709 velle,
3128 663 3329 718 perque

1809 739 2041 781 canones
2067 727 2120 778 in
2157 729 2390 782 medium
2433 735 2721 799 productos
2743 735 3085 799 contendere,
3110 752 3217 791 non
3251 739 3328 792 illi

1810 815 2103 868 sessionem
2164 832 2326 885 supra
2406 819 2681 889 pontiﬁces
2748 831 3066 890 competere,
3122 826 3331 893 quoties

1807 904 1887 955 eis
1932 904 2161 970 alicujus
2194 907 2390 974 negotii
2441 923 2602 963 causa
2646 912 3070 966 conveniendum
3122 915 3212 976 sit,
3275 923 3330 970 et

1810 1006 1914 1045 una
1951 993 2334 1048 considendnm
2383 997 2438 1052 in
2489 1006 2702 1063 senatu,
2757 1007 2879 1053 ante
2934 1016 3212 1057 accessura
3261 1010 3327 1057 ad

1811 1080 2149 1133 sanctitatem
2205 1093 2400 1136 tuam:
2459 1086 2676 1140 minime
2738 1088 3015 1142 ferendum
3066 1090 3326 1158 majestati

1811 1181 1941 1219 meae
1984 1168 2153 1221 visum
2217 1180 2326 1235 est,
2372 1181 2426 1225 ut
2453 1187 2538 1227 res
2588 1182 2738 1228 tanto
2775 1177 2885 1245 jam
2933 1185 3172 1246 tempore
3203 1194 3326 1247 pro-

1810 1254 1954 1321 bata,
1995 1265 2048 1310 et
2071 1272 2100 1310 a
2132 1260 2500 1324 superioribus
2533 1263 2874 1330 patriarehis,
2906 1280 2970 1319 ac
2991 1267 3328 1333 pontiﬁcibus

1807 1345 1945 1410 aliis,
2001 1355 2158 1413 atque
2195 1347 2300 1401 illis
2356 1349 2486 1414 ipsis
2526 1350 2691 1415 adeo,
2739 1352 2829 1421 qui
2880 1352 2990 1421 jam
3032 1367 3136 1407 non
3183 1357 3324 1424 jnstn

1807 1432 1872 1486 de
1928 1446 2088 1487 causa
2151 1436 2415 1502 rixantur,
2486 1438 2739 1494 diuturno
2796 1441 3014 1496 silentio
3070 1446 3324 1500 admissa.

1809 1530 2029 1589 urgente
2052 1523 2194 1576 nulla
2224 1525 2428 1580 ratione
2450 1527 2742 1594 abolcatur,
2766 1539 2818 1583 et
2845 1533 2996 1598 quasi
3026 1533 3323 1600 neglectum

1808 1609 2010 1677 aliquid
2042 1613 2397 1667 convellatur.
2443 1613 2780 1683 Quapmpter
2825 1620 3076 1686 quiddam
3128 1622 3325 1676 rationi

1809 1698 1961 1751 valde
1984 1708 2404 1754 consentaneum
2443 1712 2495 1756 et
2527 1717 2737 1771 aequum
2772 1707 2980 1760 statuit.
3013 1709 3217 1778 Quippe
3279 1713 3323 1766 si

1809 1787 1984 1840 adhuc
2034 1788 2312 1855 pontiﬁces
2368 1792 2584 1845 immota
2652 1808 2758 1847 non
2830 1810 3044 1851 movere
3108 1799 3325 1865 vellent,

1806 1890 1904 1929 nec
1956 1892 2073 1943 quae
2101 1877 2348 1944 placuere
2395 1880 2687 1947 superioris
2740 1886 3010 1939 memoriae
3053 1886 3321 1953 Patribus,

1805 1970 1855 2014 et
1905 1964 2143 2030 ipsismet
2197 1967 2354 2035 longo
2375 1968 2588 2024 silentio
2622 1972 2986 2040 patientiaque
3011 1976 3076 2029 ad
3111 1978 3324 2034 hodier-

1807 2066 1931 2104 num
1961 2068 2126 2120 usque
2168 2054 2306 2107 diem
2351 2059 2694 2125 comprobata
2748 2060 2982 2127 fuerunt,
3040 2079 3105 2118 ex
3135 2065 3322 2120 incon-

1807 2141 1999 2193 stantia
2038 2143 2182 2194 velut
2240 2158 2544 2214 oppugnare
2594 2155 2734 2202 recte
2782 2150 3054 2219 facerent,
3127 2165 3178 2209 et
3229 2157 3326 2210 ha~

1806 2228 1988 2283 benda:
2023 2231 2156 2299 ipsis
2197 2234 2399 2301 gratiae,
2423 2237 2559 2302 quod
2583 2239 2794 2306 abjecto
2821 2243 3090 2310 pugnandi
3123 2245 3320 2309 studio,

1806 2332 1989 2384 pacein
2031 2321 2205 2387 potius
2250 2325 2472 2392 amplexi
2508 2337 2704 2382 essent.
2759 2330 2825 2382 At
2878 2347 3006 2386 vero
3034 2334 3081 2387 si
3110 2334 3321 2402 quidam

1809 2406 1981 2460 adhuc
2019 2409 2174 2461 verba
2222 2413 2444 2466 canonis
2481 2432 2822 2485 usurpantes.
2877 2421 3114 2490 (quando
3139 2438 3166 2475 a
3204 2439 3326 2478 sen-

1806 2499 1969 2548 tentia
2026 2497 2180 2566 longe
2262 2505 2474 2570 absunt)
2538 2506 2809 2560 libidinem
2871 2523 3020 2562 suam
3099 2511 3323 2579 probare

1806 2587 2066 2652 nituntur,
2125 2590 2471 2660 ordinemque
2522 2595 2767 2662 nequiter
2838 2596 2890 2649 in
2956 2597 3333 2652 confusionem

1808 2675 2162 2730 inordinatam
2196 2689 2525 2735 commutant
2555 2697 2569 2734 :
2601 2684 2822 2738 canonis
2841 2684 3052 2753 quidem
3075 2689 3326 2754 maiestas

1806 2779 1921 2816 mea
1968 2776 2274 2821 contextum
2323 2770 2665 2840 interpretari
2727 2787 2788 2827 ac
2827 2775 3103 2829 declarare
3143 2778 3324 2834 mittit.

1806 2865 2058 2922 perceptu
2110 2865 2162 2909 et
2196 2856 2469 2914 intellectu
2507 2860 2814 2916 facillimum
2868 2865 2956 2930 iis,
2992 2867 3081 2933 qui
3114 2867 3325 2920 subtili-

1807 2946 1916 2995 tate
1974 2951 2095 2995 sunt
2123 2944 2332 3009 imbuti,
2379 2956 2714 3018 mentemque
2739 2953 2958 3007 canonis
2997 2955 3265 3021 attingunt
3305 2971 3321 3009 :

178 3035 465 3099 κανονικῆς
515 3034 718 3094 ἐννοίας
761 3035 1098 3100 Θιγγάνουσιν
1119 3051 1131 3064 ·
1176 3033 1302 3085 αὐτὸ
1334 3035 1388 3085 δὲ
1414 3034 1567 3084 τοῦτο
1596 3036 1702 3094 τοῖς

1809 3040 1988 3078 verum
2040 3028 2140 3081 hoc
2173 3030 2224 3081 in
2274 3033 2611 3100 pontiﬁcibus
2648 3037 3008 3104 reprehendit,
3032 3041 3170 3106 quod
3201 3055 3319 3092 cum

180 3120 523 3188 ἀρχιερεῦσιν
555 3121 798 3190 ἐπιτιμᾷ,
830 3123 881 3172 τί
908 3122 970 3190 δή
997 3137 1121 3173 ποτε
1147 3121 1234 3172 τὸν
1265 3121 1457 3172 κανόνα
1485 3120 1704 3182 ειδότες,

180 3211 273 3260 καὶ
296 3210 360 3260 τὰ
401 3213 612 3278 ῥήματα
657 3210 842 3263 τούτου
882 3209 1343 3278 ἑξακριὸούμενοι,
1374 3209 1468 3276 τὴν
1502 3208 1705 3260 ἑαυτῶν

181 3297 483 3366 συνείδησιν
525 3299 820 3365 ἀνευλόγως
881 3300 1178 3365 ὲπάτησαν,
1222 3301 1313 3349 καὶ
1357 3295 1446 3347 τοῦ
1487 3297 1706 3356 κανόνος

172 3387 718 3454 παραρριπτουμένου
752 3386 1041 3454 ἠνείχοντο,
1071 3388 1162 3437 καὶ
1203 3386 1297 3453 τὴν
1329 3385 1580 3452 ὑφεδρίαν
1612 3382 1702 3434 ἐπὶ

172 3475 283 3525 τῶν
334 3476 459 3542 πρὶν
513 3475 934 3542 χαρτοφυ).άκων
985 3474 1310 3542 ἠσπάζοντο·
1374 3473 1464 3524 καὶ
1516 3471 1703 3539 μισθὸν

174 3561 381 3622 τούτοις
407 3564 501 3629 τῆς
535 3563 640 3613 τῶν
674 3563 828 3631 ίερῶν
869 3562 1102 3613 κανόνων
1142 3560 1575 3628 περιφρονήσεως
1605 3559 1702 3628 τὴν

176 3651 272 3703 επὶ
331 3650 425 3712 τὰς
484 3651 744 3718 λαχούσας
809 3650 999 3708 αὐτοὺς
1059 3648 1370 3715 Ἐκκλησίας
1424 3648 1698 3710 ἀπέλασιν,

174 3736 376 3800 δίδωσι,
417 3737 598 3788 κανόνι
635 3735 912 3803 στοιχοῦσα
940 3732 1213 3787 κάνταῦθα
1253 3734 1699 3803 ἐκκλησιαστικῷ,

173 3827 273 3877 καὶ
326 3831 430 3886 τοῖς
502 3829 914 3894 περιφροκδηταίς
971 3823 1076 3874 τῶν
1149 3825 1401 3887 κανόνων,
1463 3824 1699 3886 ἐκείνους

176 3915 372 3974 αὐτοὺς
434 3915 554 3976 τοὺς
610 3914 782 3982 ίεροὺς
846 3913 1067 3974 κανόνας
1130 3914 1208 3973 εἰς
1266 3912 1470 3979 ἄμυναν
1520 3911 1702 3974 ἀντεξ-

171 4002 396 4069 ἁγονσα.
438 4020 456 4052 ι

244 4099 349 4148 Καὶ
393 4111 511 4149 επει
554 4097 686 4165 μετά
723 4097 818 4165 τὴν
865 4101 1047 4148 τούτου
1096 4094 1421 4166 προκομιδὴν
1472 4091 1539 4144 τὰ
1596 4090 1702 4143 ἀπὸ

178 4188 391 4255 μακρᾶς
455 4187 734 4255 συνηθείας
773 4187 1134 4254 κραθήσαντα,
1169 4185 1258 4236 καὶ
1291 4183 1374 4234 διὰ
1429 4178 1700 4250 βασιλικοῦ

1809 3128 2064 3166 canonem
2101 3129 2340 3181 nossent,
2373 3120 2595 3189 ejusque
2641 3125 2801 3176 verba
2847 3114 3191 3192 peraccurate
3251 3140 3327 3182 te-

1808 3213 2016 3268 nerent,
2080 3220 2229 3258 suam
2292 3208 2526 3276 ipsorum
2566 3213 2949 3266 conscientiam
3001 3226 3192 3284 praeter
3242 3233 3327 3270 ra-

1808 3279 2001 3343 tionem
2039 3296 2436 3358 conculcarint,
2467 3309 2517 3352 et
2548 3301 2694 3367 rejici
2731 3316 2983 3356 canonem
3020 3307 3162 3374 passi
3197 3309 3322 3368 sint,

1807 3392 1868 3430 ac
1899 3379 2201 3435 inferiorem
2234 3388 2526 3438 sessionem
2564 3389 2664 3441 sub
2715 3396 2981 3443 memoriae
3033 3397 3324 3462 superioris

1807 3467 2144 3523 clmrtulariis
2176 3473 2399 3538 amplexi
2433 3474 2648 3528 fuerint.
2688 3477 2916 3545 ldquue
2937 3495 3030 3547 pro
3053 3498 3322 3534 sacrorum

1805 3569 2065 3608 canonum
2123 3568 2393 3625 contentu,
2421 3563 2712 3618 mercedem
2781 3567 2916 3620 hanc
2944 3571 3020 3623 cis
3053 3569 3325 3641 [majestns

1805 3643 1948 3714 mea]
1980 3646 2184 3710 tribuit,
2220 3661 2278 3702 ut
2305 3666 2429 3705 suas
2458 3655 2523 3705 ad
2560 3653 2832 3710 Ecclesias
2873 3660 3189 3727 alligantur;
3237 3680 3314 3718 ee-

1803 3735 2088 3789 clesiastici
2149 3741 2368 3794 canonis
2412 3743 2572 3796 etiam
2613 3744 2711 3797 hac
2764 3749 2817 3799 in
2879 3759 3026 3815 parte
3083 3756 3320 3822 vestigiis

1803 3825 2077 3890 insistens,
2128 3838 2180 3880 et
2251 3831 2504 3887 adversus
2574 3849 2837 3888 canonum
2913 3847 3321 3907 eontemptores,

1805 3911 1949 3979 ipsos
2007 3928 2236 3970 canones
2295 3921 2552 3972 sacrosln
2598 3922 2893 3977 subsidium
2943 3928 3260 3992 producens.
3301 3951 3317 3982 ι

1872 4093 1935 4147 Et
1985 4096 2234 4162 quoniam
2298 4097 2398 4151 hoc
2461 4098 2796 4168 promulgato
2859 4116 2953 4167 ea,
3003 4121 3119 4171 quae
3169 4107 3324 4175 longa

1805 4183 2199 4238 consuetudine
2239 4185 2595 4247 invaluerant.
2636 4203 2731 4256 per
2770 4190 2936 4258 ipsius
2979 4195 3134 4246 etiam
3179 4196 3325 4261 prino

174 4273 587 4344 προστάγματος
635 4274 880 4341 γεγόνασι
935 4273 1305 4340 κραταιότερα,
1368 4269 1699 4336 προκάθηται

1806 4269 1942 4336 cipis
1985 4269 2219 4323 edictum
2266 4273 2434 4340 magis
2480 4276 2714 4329 stabilita
2763 4277 2977 4333 luerunt
3007 4297 3018 4332 :
3051 4281 3323 4334 chartula-

180 4363 337 4429 μέχρι
390 4362 482 4414 τοῦ
521 4362 613 4413 νῦν
651 4363 845 4422 παντὸς
893 4358 1381 4428 ἀρχιερατεύοντος,
1419 4356 1518 4407 κᾶν
1564 4356 1699 4424 τύχῃ

1809 4362 1917 4412 rius
1971 4360 2025 4411 in
2075 4361 2217 4413 hunc
2259 4376 2426 4424 usque
2479 4363 2618 4418 diem
2673 4365 2818 4419 sedet
2869 4374 2990 4421 ante
3037 4371 3326 4436 quemlibet

169 4451 356 4501 τοῦτον
402 4453 496 4502 καὶ
547 4449 815 4516 βασιλικὸν
868 4449 1008 4516 ἔχειν
1061 4446 1288 4513 ἀξίωμα,
1328 4442 1620 4510 ὑπερτίμου
1663 4441 1694 4506 ἢ

175 4539 648 4608 πρωτοσυγκέλ).ου
677 4540 854 4605 τυχόν.
893 4541 998 4591 Καὶ
1029 4537 1148 4588 τότε
1190 4536 1282 4604 μὲν
1309 4535 1444 4586 οὕτω
1491 4533 1694 4584 διευλυ-

177 4627 316 4694 τώθη
341 4629 399 4678 τὸ
428 4629 588 4694 δῆθεν
628 4628 940 4695 ἀμφίϐολον.
985 4626 1118 4693 Ἐγὼ
1153 4625 1206 4676 δὲ
1232 4623 1306 4692 τῷ
1335 4621 1589 4692 βασιλικῷ
1617 4621 1695 4672 δι-

175 4714 386 4783 ορισμῷ
423 4715 560 4784 κατὰ
582 4710 638 4765 τᾏ
669 4713 1044 4781 νενομισμένον
1074 4709 1395 4771 ἀκολουθῶν,
1430 4710 1492 4775 τῇ
1529 4723 1692 4758 κατα-

177 4803 508 4874 σκευαζούσῃ
531 4803 718 4870 γνώμῃ
747 4803 844 4867 τὴν
875 4800 1158 4867 προεδρίαν
1179 4799 1268 4849 τοῦ
1296 4795 1698 4866 χαρτοφύλακος

170 4890 255 4942 διὰ
285 4890 445 4956 μόνην
491 4891 584 4956 τὴν
623 4890 859 4957 ἄγραφον
897 4887 1232 4954 μακροτάτην
1275 4884 1574 4954 συνήθειαν,
1602 4883 1698 4949 τὴν

171 4983 287 5033 ἀντὶ
356 4962 561 5047 νόμου·
600 4980 1169 5049 παραλαμϐανομένην,
1229 4980 1300 5040 ὡς
1376 4977 1694 5043 γέγραπται,

176 5072 233 5120 ού
288 5068 659 5135 προστίθεμαι.
710 5065 836 5119 Οἶδα
874 5067 979 5133 γὰρ
1032 5067 1149 5117 τότε
1188 5066 1283 5133 τὴν
1322 5062 1533 5132 μακρὰν
1570 5077 1694 5111 συν-

176 5158 354 5226 ήθειαν
385 5157 503 5208 ἀντὶ
554 5156 714 5223 νόμου
766 5158 1003 5224 κρατεῖν,
1045 5154 1453 5223 δοκιμασθεῖσαν
1485 5151 1694 5208 πάντως

175 5245 513 5308 δικαστικῶς,
560 5246 646 5296 ὅτε
695 5245 843 5311 νόμοι
900 5245 994 5296 καὶ
1036 5245 1252 5303 κανόνες
1283 5243 1366 5294 διὰ
1395 5241 1592 5307 ταύτης
1635 5236 1691 5288 οὑ

173 5335 548 5405 παραλύονται.
582 5335 737 5400 Λέγω
758 5335 811 5386 δὲ
837 5335 932 5403 τὴν
959 5333 1272 5401 προεδρείαν
1295 5333 1433 5400 ἔχειν
1449 5331 1537 5382 τὸν
1563 5343 1693 5397 χαρ-

1806 4449 2133 4516 pontiﬁcem,
2165 4449 2289 4502 licet
2326 4449 2636 4516 dignitatem
2681 4453 2873 4507 habeat
2916 4457 2981 4509 ab
3017 4457 3133 4523 ipso
3179 4460 3326 4525 prin-

1804 4534 1920 4601 cipe
1959 4548 2290 4596 coneessam,
2335 4543 2393 4588 ut
2451 4537 2753 4608 liypertimi,
2801 4540 2884 4593 vel
2929 4549 3323 4614 protosynrelli.

1802 4622 1878 4675 Ac
1919 4630 2046 4676 tunc
2078 4624 2291 4690 quidem
2340 4627 2645 4694 ambiguum
2682 4629 2781 4682 hoc
2825 4631 2893 4682 ita
2926 4633 3158 4686 solutum
3204 4635 3323 4691 fuit.

1799 4713 1908 4782 Ego
1952 4729 2080 4767 vero
2129 4723 2268 4767 srcut
2307 4714 2642 4781 imperatoris
2676 4719 2958 4783 sanctioni,
2999 4731 3157 4788 prout
3197 4724 3322 4792 legi-

1799 4802 1900 4855 bus
1949 4811 2218 4868 receptum
2276 4811 2396 4863 est,
2452 4805 2718 4857 assentior
2769 4822 2782 4858 :
2833 4807 2906 4860 ita
2959 4813 3317 4878 sententiam,

1800 4885 2130 4938 chartulario
2175 4885 2400 4952 primam
2457 4890 2751 4942 sessionem
2805 4902 3171 4955 astruentem,
3225 4913 3319 4965 per

1800 4973 1966 5026 solam
2001 4986 2105 5025 non
2145 4972 2396 5038 scriptam
2430 4974 2720 5042 longissimi
2751 4981 3000 5047 temporis
3029 4995 3319 5040 consuetu-

1801 5060 1997 5122 dinem,
2028 5075 2144 5126 qua:
2178 5061 2308 5128 legis
2341 5061 2416 5127 (ut
2453 5072 2605 5116 antea
2642 5066 2974 5136 scripsimus)
3015 5069 3132 5124 loco
3174 5072 3323 5124 duci-

1801 5157 1886 5198 tur
1931 5147 2058 5214 (65),
2093 5149 2308 5200 minime
2347 5150 2530 5215 probo.
2567 5151 2770 5220 Quippe
2809 5162 2935 5209 tunc
2968 5159 3079 5210 scio
3117 5158 3322 5214 diutur-

1804 5252 1924 5289 num
1957 5237 2397 5290 consuetudinem
2432 5253 2524 5306 pro
2551 5240 2662 5306 lege
2684 5242 2876 5306 valere,
2905 5247 3124 5299 omnino
3149 5257 3322 5300 tamen

1802 5325 1852 5376 in
1875 5325 2077 5390 judicio
2106 5324 2254 5388 prius
2286 5324 2665 5391 examinatam,
2691 5341 2810 5380 cum
2841 5329 2983 5400 leges
3009 5341 3058 5385 ct
3093 5347 3322 5389 canone:

1625 5497 1847 5552 NOTAS.

238 5595 345 5664 (63)
379 5597 502 5650 LM
536 5597 592 5650 D.
634 5597 704 5650 De
725 5597 867 5663 legib.
922 5604 972 5650 et.
1001 5598 1036 5650 1.
1067 5597 1117 5650 5.
1150 5597 1188 5651 C
1246 5597 1372 5660 Quw
1425 5597 1488 5648 sit
1543 5597 1679 5656 long.
1723 5601 1940 5645 consuct.
