3914 6332
628 314 759 383 ιοιτ

1827 330 2105 396 ἹἪΕΟῘ).
2145 333 2617 396 BALSAMONIS

3646 330 3786 397 1043

632 458 723 512 per
739 457 850 496 eam
868 459 972 498 non
991 446 1356 501 debilitantur.
1371 446 1533 515 igitur
1550 448 2036 511 aio,chartularium
2056 449 2145 499 lia-

2245 448 2537 516 τοφύλακα,
2572 451 2707 505 κατὰ
2740 452 2835 519 τὴν
2863 453 2966 503 τῶν
2993 450 3146 502 θείων
3183 452 3421 503 διακόνων
3461 448 3780 518 περίληψιν,

630 535 756 590 bere
770 534 993 602 primam
1013 536 1299 589 sessionem
1325 536 1479 588 etiam
1496 537 1779 590 secundum
1801 538 1849 589 id
1876 538 2035 603 ,quod
2063 551 2147 589 sa-

632 624 740 675 cris
755 623 1051 676 canonibus
1064 624 1365 676 continetur
1387 642 1399 676 :
1424 625 1562 690 quod
1585 639 1715 677 sane
1730 640 1878 679 sacra
1897 625 2151 693 principis

632 709 1037 776 circumspectio
1050 718 1177 762 tunc
1195 718 1381 778 sponte
1406 711 1633 766 reticuit.
1652 709 1781 764 Nam
1804 712 1927 765 licet
1946 711 2149 767 indica-

630 803 723 848 tus
742 795 826 847 ille
843 795 1038 847 Niczni
1061 798 1213 861 primi
1230 797 1440 851 concilii
1460 811 1628 851 canon
1649 799 1856 861 statuit,
1870 799 2148 855 diaconum

632 898 727 936 nec
747 883 1075 951 participare,
1099 898 1195 937 nee
1213 884 1397 939 sedere
1414 896 1537 939 ante
1546 888 1868 949 sacerdotes,
1893 888 2148 954 septimus

632 980 808 1025 tamen
826 987 993 1028 canon
1022 982 1217 1027 sancte
1243 988 1305 1027 ac
1344 975 1658 1031 universalis
1675 985 1834 1030 sextae
1846 976 2031 1044 synodi
2058 975 2147 1042 ju-

631 1063 739 1124 bet,
770 1072 824 1114 ut
849 1062 915 1127 is,
948 1063 1037 1131 qui
1062 1077 1344 1130 personam
1371 1065 1705 1131 patriarchae,
1728 1067 1809 1118 vel
1836 1064 2150 1133 simpliciter

631 1150 867 1217 episcopi
918 1152 1092 1217 gerit,
1143 1161 1265 1204 ante
1321 1151 1625 1205 sacerdotes
1674 1152 1876 1206 sedeat.
1920 1152 2147 1221 Ideoque

630 1253 856 1304 magnus
901 1252 963 1290 ac
1009 1246 1224 1291 sanctus
1265 1239 1423 1291 etiam
1470 1238 1723 1307 Cyrillus,
1759 1241 2147 1299 Alexandrinus

637 1342 770 1395 papa
798 1366 811 1389 ,
858 1326 1017 1395 capiti
1069 1327 1285 1381 fasciam
1336 1329 1685 1383 circumdedit
1736 1344 1946 1382 auream
1975 1368 1990 1393 ,
2038 1344 2146 1398 quo

633 1427 873 1482 tempore
917 1425 1109 1469 sanctae
1162 1424 1213 1470 et
1252 1416 1538 1469 universali
1580 1419 1748 1471 tertiae
1786 1418 1988 1486 synodo
2013 1433 2146 1487 pra:-

633 1502 751 1553 fuit.
801 1501 1002 1569 Quippe
1050 1502 1296 1556 Celestini
1347 1503 1516 1557 locum
1574 1505 1842 1559 obtinebat
1883 1506 2020 1573 ejus,
2055 1506 2144 1573 qui

633 1590 925 1641 Romanam
953 1598 1078 1640 tunc
1110 1591 1323 1658 regebat
1350 1590 1672 1658 Ecclesiam;
1703 1593 2144 1660 quemadmodum

633 1680 796 1744 liquet
827 1692 887 1731 ex
919 1679 1051 1730 actis
1077 1677 1310 1744 ejusdem
1357 1681 1546 1747 synodi
1585 1684 1766 1734 tertiae.
1800 1683 1866 1735 Et
1909 1697 2012 1749 qua
2042 1682 2143 1736 Ce-

634 1768 855 1821 lestinus
905 1767 1153 1819 utebatur
1202 1767 1407 1835 gloria,
1469 1770 1759 1822 secundum
1818 1771 2141 1823 sanctionem

635 1854 891 1921 apostolis
921 1854 1138 1921 aequalis
1174 1853 1316 1906 illius
1347 1854 1514 1907 sancti
1546 1857 1825 1923 magnique
1879 1854 2144 1907 Constan-

633 1945 752 2004 tini,
784 1941 978 1994 factam
1011 1944 1074 1994 ad
1107 1954 1346 1996 sanctum
1394 1942 1731 2008 Silvestrum,
1771 1958 1890 1995 cum
1941 1944 2142 2010 imperii

636 2042 843 2101 seeptra
902 2046 993 2099 per
1048 2032 1137 2084 Dei
1196 2031 1578 2098 providentiam
1641 2046 1701 2084 ετ
1755 2032 1917 2083 veteri
1978 2030 2142 2083 Roma

634 2122 1052 2174 transferrentur
1086 2121 1137 2173 in
1184 2120 1320 2172 hanc
1354 2120 1533 2172 urbem
1582 2120 1790 2172 urbium
1821 2120 2141 2185 principem;

635 2224 739 2278 qua
778 2210 1050 2271 statuitur,
1086 2224 1243 2262 aurea
1277 2207 1441 2260 fascia
1474 2217 1584 2257 tum
1620 2206 1786 2274 ipsius
1830 2206 1997 2258 sancti
2048 2204 2146 2257 Sil-

634 2301 820 2362 vestri,
861 2308 968 2352 tum
1017 2312 1383 2351 successorum
1424 2299 1562 2363 ejus,
1601 2296 1911 2363 pontificum
1951 2294 2143 2347 Roma-

634 2404 823 2443 norum
868 2396 1028 2456 caput
1075 2387 1420 2439 condecorari
1461 2386 1651 2438 debere
1684 2402 1695 2435 :
1727 2385 1908 2439 eadem
1946 2392 1999 2437 et
2038 2383 2143 2451 Cy-

635 2477 787 2530 rillus
841 2474 1217 2529 exornabatur.
1262 2474 1613 2537 Quamobrem
1668 2483 1721 2527 et
1776 2473 1829 2536 ii,
1878 2473 1967 2540 qui
2028 2481 2145 2539 post

635 2569 806 2635 ipsum
848 2565 1182 2619 Alexandriae
1229 2565 1595 2634 pontificatum
1652 2578 1889 2633 gessere,
1934 2572 2147 2631 prepter

634 2663 885 2709 aeternam
954 2655 1259 2707 memoriam
1323 2654 1457 2721 ejus,
1509 2652 1648 2720 quod
1705 2662 1829 2706 tunc
1874 2652 2144 2705 decretura

637 2744 757 2806 fuit,
785 2742 968 2795 eodem
1019 2743 1173 2795 modo
1218 2744 1271 2795 in
1304 2742 1442 2794 hunc
1477 2757 1644 2809 usque
1673 2741 1809 2794 diem
1850 2741 2003 2793 titulo
2049 2754 2146 2792 suo

636 2834 1075 2886 cohonestantur.
1104 2831 1341 2899 Cumque
1370 2846 1555 2885 omnes
1582 2831 1667 2882 alii
1697 2831 1957 2897 capitibus
1991 2844 2147 2898 aper-

638 2925 708 2975 tis
755 2935 841 2973 res
886 2934 1065 2973 sacras
1114 2930 1393 2988 peragant,
1433 2920 1578 2973 solus
1620 2918 2009 2973 Alexandrinus
2056 2933 2147 2986 pa-

2245 538 2397 588 τοῦτο
2420 539 2553 605 ὅπερ
2577 542 2608 606 ἡ
2654 539 2914 605 βασίλειος
2952 538 3067 589 θεία
3104 540 3347 608 περιωπὴ
3391 538 3571 591 ἑκοντὶ
3622 554 3777 603 τηνιο

2245 623 2417 674 καῦτα
2455 626 2861 692 παρεσιώπησε.
2896 626 3009 677 Κᾶν
3045 625 3151 694 γάρ
3178 628 3205 676 ό
3236 624 3413 692 ῥηθεὶς
3453 624 3552 689 τῆς
3588 625 3654 673 ἐκ
3677 622 3774 673 Ni-

2243 714 2373 781 καίᾳ
2404 713 2620 783 πρώτης
2663 716 2873 766 συνόδου
2922 715 3095 767 κανὼν
3121 715 3432 783 διορίζηται,
3482 713 3557 782 μὴ
3605 729 3771 779 μετα-

2250 802 2545 870 λαμϐάνειν
2575 804 2708 871 μηδὲ
2738 804 2997 871 καθῆσθαι
3032 805 3134 871 πρὸ
3160 804 3263 855 τῶν
3287 804 3473 872 ίερέων
3502 804 3777 864 διάκονον,

2242 889 2355 943 ἀλλ’
2379 893 2406 942 ὁ
2429 890 2472 952 ζ’
2497 888 2671 941 κανὼν
2712 888 2811 956 τῆς
2839 890 2992 955 άγίας
3038 892 3127 941 καὶ
3178 889 3551 956 οίκουμενικῆς
3611 890 3777 957 ἕκτης

2246 975 2459 1027 συνόδου
2523 976 2983 1041 παρακελεύεται,
3039 976 3129 1027 τὸν
3184 976 3437 1042 ἐπέχοντα
3475 977 3776 1043 πρόσωπον

2246 1066 2637 1134 πατριαρχικὸν
2664 1065 2695 1132 ἢ
2731 1064 2912 1126 άπλῶς
2939 1064 3309 1121 ἑπισκοπικὺν.
3334 1064 3433 1131 πρὸ
3453 1062 3561 1113 τῶν
3581 1065 3777 1131 ἱερέων

2243 1153 2581 1215 καθέζεσθαι.
2619 1153 2704 1204 Διὸ
2735 1155 2826 1204 καὶ
2857 1155 2883 1205 ό
2920 1155 3085 1221 μέγας
3118 1152 3268 1217 ἅγιος
3304 1150 3565 1219 Κύριλλος
3593 1154 3624 1203 ό
3672 1155 3777 1205 πά-

2242 1256 2350 1302 πας
2417 1240 2860 1311 Ἀλεξανδρείας,·
2890 1239 2981 1291 ἐπὶ
3033 1240 3266 1307 κεφαλῆς
3313 1238 3542 1305 χρυσοῦν
3599 1238 3779 1307 λῶριον

2244 1328 2644 1398 περιεϐέϐλητο,
2678 1330 2762 1383 ὅτε
2804 1329 2900 1395 τῆς
2930 1328 3088 1393 ἁγίας
3122 1328 3215 1379 καὶ
3238 1329 3622 1395 οίκουμενικῆς
3656 1331 3772 1395 τρί-

2242 1433 2340 1484 της
2382 1416 2593 1468 συνόδου
2642 1418 2947 1484 προΐστατο.
2987 1416 3197 1483 Ἐπεῖχε
3230 1416 3333 1481 γὰρ
3364 1416 3453 1466 καὶ
3483 1415 3579 1465 τὸν
3608 1415 3775 1465 τόπον

2242 1505 2335 1556 τοῦ
2374 1506 2707 1566 Κελεστίνου,
2766 1504 2858 1555 τοῦ
2901 1505 2997 1571 τὴν
3051 1502 3357 1569 Ἐκκλησίαν
3409 1503 3509 1568 τῆς
3556 1502 3775 1569 Ῥώμης

2247 1593 2531 1654 ίθύνοντος,
2554 1592 2729 1654 καθὼς
2768 1592 2920 1645 τοῦτο
2956 1594 3277 1662 παρίσταται
3311 1595 3372 1643 ἐκ
3402 1591 3506 1644 τῶν
3541 1609 3773 1659 xpun-

2244 1680 2361 1733 κῶν
2388 1682 2478 1749 τῆς
2505 1681 2692 1749 τρίτης
2737 1683 2968 1734 συνόδου.
3023 1683 3127 1733 Καὶ
3158 1684 3232 1742 ὡς
3262 1683 3462 1741 ἐκεῖνος
3499 1680 3771 1747 ἐμεγαλνᾷ-

2243 1788 2377 1831 νετο,
2426 1771 2561 1822 κατὰ
2612 1773 2669 1822 τὸ
2729 1770 2997 1838 θέσπισμα
3047 1770 3138 1821 τοῦ
3212 1769 3563 1821 ίσαποστό).ου
3619 1772 3771 1833 ἁγίου

2245 1858 2475 1928 μεγάλου
2516 1858 2936 1921 Κωνσταντίνου,
2977 1859 3035 1909 τὸ
3068 1860 3285 1923 γεγονὸς
3319 1860 3451 1926 πρὸς
3491 1859 3587 1909 τὸν
3619 1858 3769 1922 ἅγιον

2240 1946 2577 2015 Σίλῦεστρον,
2606 1948 2692 1998 ὅτε
2726 1944 2789 1999 τὰ
2838 1949 3085 2014 σκῆπτρα
3111 1947 3207 2012 τῆς
3259 1946 3538 2013 βασιλείας
3570 1948 3633 1997 ἐκ
3678 1946 3773 2010 τῖς

2244 2036 2470 2096 παλαιᾶς
2518 2035 2727 2102 Ῥώμης
2776 2036 2913 2087 κατὰ
2940 2035 3070 2087 Θεοῦ
3117 2036 3363 2102 πρόνοιαν
3407 2034 3773 2103 μετετέθησαν

2242 2126 2320 2184 εις
2348 2123 2443 2189 τὴν
2474 2124 2577 2173 τῶν
2614 2123 2817 2175 πόλεων
2844 2123 3241 2189 βασιλεύουσαν,
3272 2123 3363 2173 καὶ
3384 2123 3771 2191 διοριζόμενον,

2246 2211 2382 2279 μετὰ
2420 2212 2788 2277 χρυσοπάστου
2818 2208 2988 2278 λώρου
3019 2211 3113 2277 τὴν
3144 2211 3236 2261 τοῦ
3266 2211 3418 2277 ἁγίου
3449 2211 3770 2276 Σιλσέστρου

2243 2297 2503 2363 κεφαλὴν,
2540 2297 2630 2348 καὶ
2655 2296 2761 2348 τῶν
2792 2296 2905 2364 μετ’
2926 2296 3081 2347 αὑτὸν
3103 2295 3394 2365 ἀρχιερέων
3420 2296 3514 2363 τῆς
3557 2296 3775 2363 Ῥώμης

2244 2381 2757 2443 κατακαλλύνεσθαι,
2807 2382 2900 2432 καὶ
2948 2381 3104 2442 αὐτὸς
3156 2380 3578 2447 τοιουτοτρόπως
3634 2382 3767 2432 καθ-

2242 2471 2518 2535 ωραῖζετο.
2536 2467 2833 2520 Κάντεῦθεν
2854 2469 2944 2520 καὶ
2973 2471 3019 2519 oi
3038 2468 3152 2535 μετ’
3176 2469 3373 2518 ἐκεῖνον
3401 2469 3478 2528 είς
3519 2467 3774 2529 Ἀλεξαν-

2241 2558 2420 2625 δρειαν
2473 2556 2952 2625 άρχιερατεύοντες,
3002 2556 3087 2607 διὰ
3144 2557 3359 2623 μνήμην
3411 2556 3631 2606 αἰώνιον
3681 2554 3771 2605 τοῦ

2244 2644 2361 2695 τότε
2388 2642 2753 2706 συνδόξαντος.
2802 2640 3055 2700 ὡσαύτως
3092 2642 3249 2707 μέχρι
3279 2640 3369 2690 τοῦ
3395 2640 3489 2691 νῦν
3534 2657 3768 2691 κατακο

2245 2734 2500 2799 σμοῦνται
2557 2728 3100 2798 στηλογραφούμενοι.
3149 2729 3255 2781 Καὶ
3317 2729 3526 2779 πάντων
3581 2731 3772 2797 άπεριο

2244 2821 2530 2881 καλύπτοις
2589 2820 3001 2887 ίερουργούντων
3036 2822 3153 2879 ταῖς
3201 2816 3456 2883 κεφαλαῖς
3482 2855 3497 2879 ,
3552 2819 3718 2882 μόνος
3749 2819 3773 2867 6

2244 2908 2579 2977 πατριάρχης
2620 2904 3011 2971 Ἀλεξανδρείας
3034 2903 3298 2969 ἱερουργεί
3323 2900 3453 2967 μετὰ
3478 2899 3572 2949 τοῦ
3598 2898 3773 2967 λώρου

639 3010 872 3064 triarclia
929 3024 1036 3062 rem
1094 2987 1327 3061 divinam
1376 3008 1541 3071 facit,
1597 3008 1761 3062 fascia
1806 3009 1945 3061 dicta
1989 3016 2145 3075 caput

2248 2998 2343 3065 τὴν
2388 2995 2622 3062 κεφαλὴν
2671 2992 3083 3058 καλυπτόμενος.
3125 2991 3231 3040 Καὶ
3270 2989 3392 3047 τοὺς
3452 2987 3666 3038 δώδεκα
3720 2989 3771 3037 δὲ

639 3100 945 3153 obvolutus.
976 3098 1272 3161 Quinetiam
1324 3112 1398 3149 ιιι
1443 3098 1561 3149 illos
1611 3098 1943 3151 cardinarios
1990 3095 2140 3162 Papae

643 3187 991 3241 consimiliter
1036 3188 1274 3239 videmus
1318 3187 1468 3252 pileis
1520 3187 1694 3237 aureis
1742 3194 1958 3237 ornatos
2012 3184 2140 3251 (64),

644 3278 803 3331 veluti
829 3277 977 3343 Papa:
1008 3289 1282 3341 personam
1309 3283 1762 3341 repraesentantes,
1791 3274 2007 3339 ejusque
2026 3272 2140 3339 jura

644 3366 943 3417 fulcicntes.
972 3362 1101 3415 Nam
1138 3363 1491 3431 appellatione
1514 3363 1747 3415 cardinis
1788 3365 1922 3430 apud
1954 3362 2145 3415 Roma-

644 3468 739 3504 nos
783 3459 959 3517 postes
998 3450 1185 3502 forium
1235 3450 1468 3503 veniunt.
1513 3451 1688 3518 Itaque
1734 3460 2143 3503 consentaneum

642 3550 743 3601 est,
784 3553 875 3591 eos
915 3534 1053 3590 haud
1084 3537 1240 3591 dubie
1280 3554 1459 3591 verum
1505 3539 1701 3600 dicere,
1733 3543 1818 3605 qui
1850 3541 2143 3608 perhibent,

642 3632 799 3681 etiam
838 3628 1094 3694 cujusque
1141 3628 1391 3694 temporis
1438 3628 1811 3679 chartulurium
1852 3644 2004 3680 aurea
2033 3630 2145 3695 ejus

645 3718 782 3769 modi
830 3716 986 3779 tiara,
1032 3723 1208 3767 certos
1258 3722 1379 3767 ante
1419 3729 1604 3777 annos,
1652 3716 1703 3767 in
1757 3717 1981 3783 publicis
2027 3717 2144 3783 qui-

643 3804 862 3857 busdam
902 3804 1249 3856 conventibus
1296 3817 1467 3865 nsum,
1514 3804 1603 3869 qui
1652 3819 1755 3856 non
1806 3811 2007 3857 tantum
2055 3818 2147 3871 pro

646 3907 794 3945 more
854 3892 1171 3944 haberentur
1216 3891 1266 3942 in
1316 3890 1601 3954 Ecclesiis,
1660 3908 1838 3944 verum
1882 3893 2038 3945 etiam
2093 3893 2145 3945 in

645 3980 1091 4049 processionibus,
1141 3985 1193 4031 et
1238 3978 1367 4032 foris
1416 3980 1655 4044 publicis.
1695 3980 1865 4045 Atque
1907 3979 2147 4045 equidem

642 4077 788 4120 certo
817 4068 946 4130 scio,
974 4069 1024 4120 in
1070 4068 1210 4119 hunc
1244 4083 1408 4134 usque
1434 4068 1570 4119 diem
1603 4068 1887 4134 repositum
1922 4082 2037 4119 esse
2067 4066 2148 4133 pi-

643 4158 780 4208 lcnm
814 4157 929 4221 ejus
959 4156 1099 4207 modi
1129 4170 1258 4206 auro
1284 4156 1663 4221 interspersum
1689 4156 1741 4207 in
1776 4169 1893 4206 arca
1931 4156 2148 4205 chartu-

646 4243 764 4295 iarii
793 4260 805 4294 :
834 4256 1001 4309 neque
1045 4243 1254 4310 longum
1294 4243 1589 4306 intercedit,
1622 4256 1681 4293 ac
1723 4248 1975 4292 remotum
2019 4250 2148 4293 tem-

2250 3084 2643 3152 Καρδηναρίους
2677 3080 2766 3130 τοῦ
2812 3079 2969 3129 Πάπα
3021 3076 3325 3144 παρομοίως
3374 3074 3645 3141 βλέπομεν
3679 3092 3769 3125 κε-

2246 3175 2535 3242 κοσμένους
2563 3172 2774 3239 χρυσοῖς
2802 3167 2990 3233 ἑπιϐλή
3000 3180 3179 3232 μασιν,
3200 3163 3272 3223 ὡς
3296 3161 3769 3228 ἀντιπροσωποῦνο

2245 3283 2342 3326 τας
2369 3263 2445 3331 τῷ
2477 3262 2657 3321 Πάπα,
2689 3259 2781 3309 καὶ
2827 3257 2893 3307 τὰ.
2923 3255 3107 3305 τούτου
3166 3251 3509 3318 στηρίζοντας
3559 3249 3769 3299 δίκαια.

2245 3355 2472 3421 Κάρδων
2502 3352 2610 3418 γὰρ
2639 3347 2785 3414 παρὰ
2834 3343 3130 3410 Ῥωμαίοις,
3159 3342 3214 3391 αί
3266 3339 3412 3399 φλιαὶ
3456 3336 3556 3387 τῶν
3590 3337 3771 3404 θυρῶν

2244 3438 2609 3506 ὀνομάζονται.
2648 3436 2879 3501 Ἀραρεν
2906 3426 2997 3481 οὖν
3040 3425 3315 3493 ἀληθεύειν
3364 3423 3607 3491 ἐναργῶς
3648 3424 3768 3483 τοὺς

2244 3528 2491 3590 λέγοντας
2523 3523 2617 3574 καὶ
2662 3520 2750 3570 τὸν
2780 3518 2913 3569 κατὰ
2952 3516 3171 3582 καιροὺς
3215 3510 3591 3581 χαρτοφύλακα
3632 3511 3771 3575 μιτᾶ

2244 3613 2491 3680 τοιαύτης
2521 3612 2707 3678 τιάρας
2740 3606 2939 3675 χρυσῆς
2991 3605 3093 3671 πρὸ
3138 3601 3511 3671 μετρουμένων
3555 3597 3768 3667 χρόνων

2246 3704 2424 3765 τινῶν,
2454 3701 2510 3753 έν
2540 3716 2647 3751 τισι
2695 3696 2982 3764 πανδήμοις
3013 3692 3323 3756 δοξάζεσθαι
3372 3690 3767 3757 πανηγύρεσιν,

2244 3792 2303 3841 οὐ
2338 3791 2491 3857 μόνον
2528 3789 2611 3838 ἐπ’
2668 3785 2985 3851 Ἐκκλησίας
3042 3782 3364 3849 γινομέναις,
3424 3781 3497 3841 ὡς
3549 3778 3766 3840 εἴωθεν,

2252 3880 2381 3931 ἀλλὰ
2414 3880 2504 3928 καὶ
2527 3879 2582 3926 ὲν
2606 3875 2863 3944 προόδοις,
2888 3873 2980 3923 καὶ
3001 3872 3241 3938 ἀγοραῖς.
3273 3869 3769 3936 Πεπληροιρόρημαι

2245 3968 2299 4017 δὲ
2327 3968 2419 4018 καὶ
2452 3966 2624 4024 αὐτὸς,
2657 3954 2964 4014 ἀποκεῖσθαι
3004 3960 3157 4028 μέχρι
3184 3959 3273 4008 τοῦ
3312 3956 3403 4007 νῦν
3453 3958 3529 4016 είς
3577 3956 3643 4005 τὸ
3672 3955 3764 4004 τοῦ

2248 4054 2642 4123 χαρτοφύλακος
2688 4048 2954 4109 κιϐώτιον,
2990 4048 3353 4115 χρυσόπαστον
3378 4043 3611 4095 τοιοῦτον
3645 4045 3769 4094 επε-

2248 4145 2428 4210 6λημα
2452 4159 2463 4171 ·
2495 4142 2585 4192 καὶ
2610 4141 2789 4207 χρόνος
2812 4138 2907 4187 οὒκ
2936 4137 3046 4186 ἐστι
3072 4135 3327 4202 γηραλέος
3356 4134 3447 4182 καὶ
3466 4131 3712 4196 πέμπελε

2250 4230 2381 4280 ἀλλὰ
2413 4229 2527 4288 νέος
2557 4228 2645 4277 καὶ
2690 4225 3010 4294 πρόσφατος.
3046 4223 3151 4272 Καὶ
3182 4220 3365 4284 φθόνος
3406 4219 3501 4268 οὐκ
3544 4217 3704 4279 ἀγενῦ

645 4331 787 4397 poris
833 4331 1090 4397 spatium,
1140 4329 1230 4382 sed
1278 4330 1352 4381 rei
1401 4329 1649 4380 memoria
1689 4342 1873 4380 recens
1904 4336 2003 4380 est.
2041 4327 2145 4379 Nec

2250 4319 2279 4385 ἢ
2318 4318 2405 4368 καὶ
2459 4317 2772 4374 ἀπαίδευτος
2805 4312 2960 4379 δῆθεν
3004 4310 3273 4370 εὐλάϐεια,
3317 4310 3381 4358 τὰ
3423 4307 3480 4357 τὸ
3528 4304 3766 4355 τοιοῦτον

644 4419 891 4484 ignobilis
927 4419 1144 4481 invidia,
1181 4419 1259 4470 vel
1292 4418 1531 4489 imperita
1564 4416 1763 4467 scilicet
1804 4416 2004 4483 religio.
2040 4429 2148 4466 Ina-

646 4518 806 4573 gnum
852 4503 1110 4570 ejusmodi
1146 4504 1474 4570 privilegium
1520 4500 1677 4565 hujus
1714 4498 1865 4550 oliicii
1911 4496 2150 4548 alioleve‘

644 4599 787 4645 runt.
822 4593 1022 4659 Quippe
1061 4605 1152 4656 per
1191 4592 1358 4655 ipsam
1387 4598 1435 4639 te
1461 4588 1733 4639 veritatem
1764 4586 2017 4644 obtestor,
2059 4597 2149 4647 per

642 4679 949 4731 charitatem
998 4678 1317 4739 fraternam,
1367 4691 1458 4741 per
1500 4686 1731 4725 amorem
1779 4684 1900 4736 erga
1948 4668 2145 4730 Deum,

640 4766 726 4817 die
770 4766 917 4827 mihi,
960 4765 1223 4831 quodnam
1274 4764 1445 4830 majus
1491 4761 1647 4813 fuerit
1688 4774 1859 4826 Operae
1902 4758 2145 4825 pretium,

639 4866 795 4917 quam
826 4852 1204 4905 cbartulariuui
1234 4853 1408 4903 videre
1453 4862 1826 4914 nonnunquam
1855 4862 1945 4911 per
1974 4845 2142 4895 forum

640 4939 1007 5003 procedentem
1041 4954 1159 4989 cum
1186 4954 1315 4990 auro
1348 4940 1665 5002 interspersa
1700 4935 1855 4991 tiara.
1884 4933 1971 4999 qui
2002 4933 2147 4982 mulo

640 5027 881 5089 vehatur,
913 5036 965 5080 et
1001 5042 1143 5079 Inore
1178 5025 1515 5093 patriarcliali
1546 5032 1766 5075 ornatus
1795 5023 1861 5072 sit
1892 5021 2011 5072 albo
2042 5019 2142 5069 lin-

638 5128 742 5180 teo,
770 5117 1206 5183 quemadmodum
1239 5117 1286 5167 id
1317 5130 1524 5181 quoque
1567 5127 1657 5179 per
1694 5110 1973 5162 iudicatam
2017 5123 2136 5159 san-

2248 4406 2573 4471 σχολάσαντα
2600 4402 2736 4469 μέγα
2766 4400 2855 4450 τοῦ
2899 4398 3144 4464 όφφικίου
3191 4394 3494 4462 προνόμιον.
3526 4392 3587 4441 Τί
3635 4393 3764 4459 γὰρ,

2243 4495 2361 4545 είπέ
2410 4511 2493 4559 μοι
2522 4492 2649 4558 πρὸς
2670 4491 2763 4555 τῆς
2790 4488 3039 4553 ἀληθείας
3064 4486 3247 4549 αὐτῆς,
3276 4483 3405 4549 πρὸς
3431 4482 3524 4545 τῆς
3548 4480 3765 4545 ἀδελφι-

2244 4584 2342 4649 κῆς
2398 4582 2631 4647 ἀγάπης,
2670 4578 2801 4643 πρὸς
2834 4576 2928 4640 τῆς
2965 4574 3098 4624 κατὰ
3154 4572 3279 4622 Θεὸν
3312 4568 3617 4627 διαθέσεως,
3652 4571 3764 4634 λείη

2246 4673 2309 4723 ἂν
2343 4670 2766 4733 σπουδαιότερον,
2800 4665 2890 4715 τοῦ
2922 4664 3129 4731 βλέπειν
3159 4662 3299 4710 ἐστιν
3326 4660 3409 4708 ὅτε
3452 4657 3541 4707 τὸν
3571 4672 3761 4722 χαρτο-

2251 4758 2459 4825 φύλακα
2492 4754 2575 4806 διὰ
2614 4756 2707 4821 τῆς
2736 4754 2936 4819 ἀγορᾶς
2965 4748 3313 4817 προοδεύοντα
3343 4745 3475 4811 μετὰ
3503 4744 3763 4810 χρυσοπά-

2249 4863 2368 4897 στου
2409 4846 2619 4912 τιάρας,
2652 4842 2742 4891 καὶ
2777 4838 3127 4906 ἐποχούμενον
3156 4837 3209 4885 ὲν
3238 4834 3461 4901 ἡμιόνῳ,
3497 4848 3759 4897 πατριαρ-

2246 4934 2407 5001 χικῶς
2446 4930 2578 4996 μετὰ
2606 4928 2805 4978 όθονίου
2852 4925 3231 4992 κεκοσμημένη
3273 4921 3315 4951 ⁸⁸
3348 4917 3559 4978 λευκοῦ,
3586 4916 3759 4975 καθὼς

2246 5023 2335 5072 καὶ
2368 5019 2523 5068 τοῦτο
2570 5016 2653 5065 διὰ
2687 5014 2777 5064 τοῦ
2829 5012 3075 5080 ῥηθέντος
3107 5010 3465 5075 θεσπίσματος
3513 5006 3757 5072 ὥρισται,

2250 5111 2338 5160 καὶ
2386 5105 2486 5156 ὑπὸ
2516 5103 2911 5166 ὲξκουὸιτώρων
2962 5100 3449 5168 δορυφορούμενονς
3478 5095 3535 5146 Εί
3570 5095 3641 5161 μή
3679 5108 3758 5151 τις

1867 5240 2091 5291 VAlilAi
2125 5234 2506 5297 LECTIONES.

704 5338 743 5366 ⁸¹
765 5337 1181 5405 κεκοσμημένον.

2148 5437 2362 5492 NOTAE.

703 5543 810 5606 (64]
843 5542 968 5596 Nota
1007 5541 1295 5604 cardinales
1325 5539 1565 5592 Evclesie
1620 5537 1769 5589 Rern.
1820 5537 1941 5589 olim
2004 5534 2278 5589 duodecim
2320 5530 2497 5583 fuisse.
