3914 6332
129 369 272 436 1049

1514 369 1912 431 ΜΕυΙΤΑΤΑ.

3149 359 3284 426 1050

136 493 288 558 λέγει
319 492 683 563 προτιμητέαν
710 487 846 545 εἶναι
876 489 975 562 τὴν
1015 493 1250 560 κεφαλὴν
1280 494 1373 560 τῆς
1404 491 1597 559 χειρὸς,
1625 489 1656 555 ἢ

1778 489 1988 541 .‘tionem
2044 496 2306 542 statutum
2363 497 2485 554 est,
2551 501 2604 543 et
2660 489 3026 542 excubitorum
3084 489 3276 543 habeat

137 583 298 636 ἄλλου
334 584 521 652 μέλους
552 582 643 634 τοῦ
675 581 941 650 σώματος.
983 582 1148 634 Τοῦτο
1191 581 1294 648 γάρ
1315 581 1400 632 διὰ
1446 580 1539 649 τὴν
1571 581 1660 631 εὑ-

136 669 327 738 ήθειαν
357 670 417 721 οὐ
462 667 929 737 παραλληλίζεται.
987 666 1126 720 Ἀλλ’
1173 666 1445 720 ἐπανιτέον
1474 666 1590 717 ὅθεν
1635 665 1665 716 ὁ

143 758 302 825 λόγος
354 756 636 826 μετέπεσε,
677 756 770 810 καὶ
809 755 1087 824 ζητητέον,
1143 756 1286 809 τίνος
1345 755 1501 825 χάριν
1556 755 1662 807 τῶν

142 848 246 917 μὲν
285 846 456 900 ἄλλων
505 847 771 915 σεκρέτων
799 847 847 897 οἱ
894 845 1293 914 προκαθήμενοι
1346 846 1522 913 μόνοις
1575 844 1662 908 tE-

148 933 542 1002 υπηρετοῦνται
577 935 908 1003 σεκρετικοῖς
927 933 1247 995 δουλευταίς’
1268 937 1295 985 ὁ
1321 935 1374 987 δὲ
1400 932 1663 1003 χαρτοφύ-

137 1020 242 1083 λαξ
261 1021 501 1087 τάγμασι
522 1021 716 1083 διττοϊς
738 1021 1063 1090 διακονητῶν
1094 1021 1457 1089 μεγεθύνεται.
1485 1021 1665 1090 Φαμὲν

139 1106 256 1173 οὖν,
289 1109 368 1161 ὃτι
394 1109 460 1162 τὰ
483 1110 574 1162 τοῦ
606 1111 1007 1179 χαρτοφύλακος
1039 1111 1214 1162 δίκαια
1231 1111 1469 1178 ψυχικῶν
1497 1114 1665 1180 ῥυπα-

142 1196 366 1264 σμάτων
397 1197 501 1248 etot
527 1197 883 1267 καθαρτήρια,
902 1198 992 1250 καὶ
1011 1198 1323 1268 νοσημάτων
1346 1199 1664 1267 σωματικῶν

141 1284 478 1355 ἀλεξιτήρια.
514 1287 604 1338 Διὸ
653 1287 744 1339 καὶ
787 1287 1106 1351 τετύπωται,
1153 1288 1439 1356 ταγμάτων
1479 1287 1664 1340 διττῶν

143 1372 439 1438 ὑπουργοίς
455 1373 591 1424 αὐτὰ
619 1372 1054 1426 καττυθύνεσθαι.
1081 1375 1174 1426 Ἂν
1196 1375 1322 1440 γοῦν
1340 1374 1665 1442 θεμιστεύων

149 1463 511 1530 προκάθηται,
547 1463 638 1514 καὶ
689 1463 972 1514 δικαστικά
1017 1464 1258 1526 διῦλξζων
1283 1466 1542 1532 νοήματα,
1581 1467 1667 1519 νό-

149 1567 286 1619 μους
320 1551 559 1619 συνάπτῃ
610 1552 854 1619 νομίμοις
892 1551 1312 1620 θεσπιωδήμασι,
1354 1555 1446 1604 καὶ
1484 1558 1666 1608 κανόσι

145 1639 381 1700 κανόνας
427 1639 724 1706 ἀρμο).ογῇ,
779 1640 844 1692 ἂν
901 1641 1186 1706 δικολογῶν
1240 1645 1521 1711 προτάσεις
1574 1645 1669 1697 καὶ

147 1727 447 1788 ἀντιθέσεις
476 1727 807 1796 σφυρηλατῇ,
844 1729 933 1780 καὶ
975 1730 1070 1790 τὰς
1098 1731 1193 1796 μὲν
1233 1731 1566 1803 ἀποσμι).εύῃ
1601 1737 1662 1802 τῇ

1761 576 2115 629 satellitium?
2160 576 2260 628 nisi
2307 578 2426 644 quis
2471 577 2647 630 dicere
2698 577 2849 640 velit,
2897 578 3012 645 plus
3057 579 3277 635 honoris

1760 661 2104 716 deferendum
2135 663 2315 730 capiti,
2341 678 2499 730 quam
2522 664 2724 726 manui,
2753 665 2834 717 vel
2860 664 3010 718 alteri
3037 667 3278 719 membro

1762 750 2025 816 corporis.
2059 749 2190 803 Nam
2220 750 2332 802 haec
2361 755 2707 816 comparatio,
2738 766 2836 804 ceu
2860 753 3042 816 stulta,
3071 766 3175 804 non
3198 752 3281 803 in-

1761 840 2024 898 stituitur.
2065 838 2169 894 Sed
2201 840 2555 904 redeundum,
2600 843 2737 894 unde
2762 841 2974 896 deﬂexit
3005 845 3198 903 oratio,
3228 852 3282 896 et

1765 928 2136 996 inquirendum
2173 967 2188 991 ,
2252 928 2594 995 quamobrem
2668 929 2890 981 aliorum
2949 937 3276 982 secretorum

1762 1018 2017 1086 praesides
2067 1018 2341 1072 secreticis
2412 1017 2668 1072 duntaxat
2723 1018 2955 1073 servitiis
3005 1031 3221 1073 utantur
3263 1037 3279 1073 :

1763 1119 1884 1159 cum
1923 1106 2284 1160 chartularius
2314 1107 2650 1160 auctoritatis
2681 1106 2897 1174 majoris
2926 1122 3086 1162 causa
3115 1109 3282 1177 gemi-

1763 1210 1862 1248 nos
1901 1195 2090 1249 habeat
2135 1196 2503 1249 ministrorum
2544 1196 2777 1250 ordines.
2808 1196 2988 1265 itaque
3031 1197 3280 1264 dicimus,

1765 1283 1818 1336 in
1848 1298 1910 1336 eo
1937 1284 2141 1337 versari
2181 1285 2301 1351 jura
2330 1283 2661 1348 chartularii,
2691 1295 2744 1336 ut
2768 1285 3065 1339 animorum
3096 1288 3283 1343 sordes

1767 1379 2043 1440 expurget,
2061 1385 2123 1422 ac
2149 1373 2348 1426 morbis
2372 1374 2644 1439 corporeis
2672 1373 2988 1427 medicinam
3014 1376 3280 1431 adhibeat.

1767 1457 1995 1526 ldcoque
2034 1466 2292 1512 statutum
2328 1470 2429 1523 εει,
2462 1460 2575 1513 haec
2617 1475 2735 1514 esse
2764 1461 3037 1529 dirigenda
3076 1479 3169 1531 per
3196 1480 3286 1532 ge-

1767 1548 2033 1599 minorum
2068 1548 2313 1600 ordinum
2346 1548 2708 1603 administros.
2744 1549 2864 1604 Sive
2891 1553 3050 1618 igitur
3075 1552 3164 1620 jus
3200 1555 3284 1608 di-

1767 1649 1893 1688 cens
1936 1635 2234 1702 praasideat,
2280 1646 2333 1690 et
2393 1635 2712 1702 judiciarios
2757 1641 3036 1707 percolans
3080 1642 3286 1695 intelle-

1770 1733 1908 1785 ctus,
1948 1723 2089 1791 leges
2123 1739 2242 1777 cum
2288 1725 2458 1792 legum
2500 1727 2862 1780 sanctionibus
2891 1739 3189 1798 componat,
3230 1740 3284 1786 et

147 1814 305 1883 λυδία
337 1815 430 1883 τῆς
479 1815 833 1881 διαγνώσεως,
883 1819 979 1876 τὰς
1024 1818 1078 1870 δὲ
1135 1821 1528 1888 παραδέχηται·
1576 1823 1669 1874 καὶ

1778 1824 2001 1864 canones
2047 1825 2166 1864 cum
2219 1814 2516 1866 canonibus
2568 1815 2856 1874 conciliet;
2916 1818 3026 1870 sive
3089 1833 3280 1872 causas

151 1901 324 1963 τέλος,
347 1901 411 1954 ἂν
436 1901 640 1966 κρίσεις
658 1904 1057 1971 πατριαρχικῶν
1077 1906 1334 1974 νοταρίων
1351 1907 1667 1978 ζυγοστατῇ,

154 1995 487 2057 σεκρετικῶν
533 1990 827 2052 διαλαλιαῖς
881 1991 1262 2059 μεγαλύνεται·
1310 1995 1402 2046 καὶ
1453 1997 1670 2063 μᾶλλον,

156 2078 286 2130 ὅταν
325 2079 383 2130 τὸ
410 2079 750 2148 δικαστήριον
775 2080 831 2130 ὲν
857 2079 1032 2146 μόνοις
1053 2082 1329 2148 πράγμασι
1356 2083 1674 2153 atq-novqu-

152 2182 265 2218 ται.
304 2167 364 2218 Εί
410 2167 464 2219 δὲ
499 2167 830 2236 προκάθηται
854 2167 1089 2236 ψυχικῶν
1117 2171 1550 2239 ἀρρωστημάτων
1591 2174 1676 2224 θε-

158 2254 390 2320 ραπείαν
443 2254 774 2322 ποιούμενος,
834 2256 924 2305 καὶ
988 2257 1292 2323 σεσηπότων
1357 2261 1674 2328 τραυμάτων

155 2343 612 2411 ἐπισκεπτόμενος
634 2343 972 2412 κακοήθειαν,
1000 2345 1071 2412 πῆ
1094 2346 1188 2411 μὲν
1215 2347 1412 2416 σιδήρῳ
1429 2348 1674 2417 χωνεύων

159 2430 254 2481 τοῦ
285 2431 489 2492 πάθους
519 2431 614 2498 τὴν
651 2431 1003 2499 ὑπουλότητα,
1037 2435 1110 2501 πῆ
1135 2435 1178 2485 δ’
1207 2437 1517 2488 έπιπάσσων
1542 2438 1674 2504 ἧπια

161 2519 447 2586 φάρμακα,
492 2518 638 2586 παρὰ
679 2519 773 2586 τῆς
810 2519 1010 2581 τάξεως
1044 2521 1382 2589 ὑπηρετεῖται
1429 2525 1533 2576 τῶν
1561 2526 1677 2576 ὲπι-

164 2608 516 2660 σκοπειανῶν.
570 2608 631 2660 Εί
683 2608 725 2658 δ’
759 2608 901 2660 ἔστιν
931 2610 1016 2661 ὅτε
1073 2611 1208 2663 κατά
1260 2611 1528 2682 διορισμὸν
1575 2633 1676 2667 παο

159 2696 496 2763 τριαρχτκὸν,
522 2696 642 2748 τινὰ
687 2698 793 2749 τῶν
833 2698 1136 2767 προνομίων
1182 2701 1380 2754 τούτων
1436 2720 1677 2773 παρασα-

158 2780 414 2842 λεύοιντο,
445 2782 576 2842 τέως
606 2782 712 2848 ἐγὼ
735 2784 927 2847 ἀγνοῶ,
961 2786 1051 2836 καὶ
1091 2787 1408 2856 συγγνώμης
1445 2791 1676 2858 ἀξιωθή-

160 2884 347 2936 σομαι,
379 2871 475 2938 τὴν
503 2869 730 2923 παλαιὰν
755 2872 1109 2925 ἀναδιδάσκων
1136 2875 1443 2942 παράδοσιν.
1467 2877 1676 2930 Τούτων

161 2953 254 3011 οὖν
292 2958 430 3010 οὓτω
468 2959 642 3021 καλῶς
684 2961 1172 3030 διευκρινηοέντων,
1204 2964 1274 3026 ὡς
1316 2962 1483 3034 οἶμαι,
1515 2969 1675 3035 ἀναγ·

170 3050 318 3098 καῖον
346 3048 484 3110 ἔδοξέ
527 3065 613 3116 μοι
641 3051 856 3118 ποιῆσαι
885 3054 972 3103 καὶ⁵
1001 3054 1132 3120 πρὸς
1155 3055 1243 3106 τὸν
1283 3056 1418 3107 κατὰ
1459 3060 1676 3126 καιροὺς

163 3135 546 3202 χαρτοφύλακα
579 3136 788 3188 δικαίαν
817 3137 1056 3200 ἀξίωσιν.
1087 3142 1323 3195 Δέσποτά
1359 3161 1457 3206 μου
1487 3162 1676 3212 χαρτο-

164 3222 360 3287 φύλαξ,
427 3224 486 3273 τὸ
541 3224 894 3291 ἐμπιστευθέν
951 3244 1030 3278 σοι
1089 3230 1338 3281 τάλαντον
1394 3231 1498 3282 ἀπὸ
1548 3233 1678 3284 Θεοῦ

167 3311 620 3379 παντοκράτορος,
657 3312 727 3380 μὴ
762 3315 1134 3383 καταχωσθείη
1164 3317 1248 3368 διὰ
1274 3319 1532 3386 νωθρείαν
1565 3338 1676 3382 σου,

166 3396 254 3447 ἴνα
287 3396 360 3464 μὴ
390 3397 619 3466 ἀκούσῃς
642 3399 820 3460 δοῦλος
844 3401 1067 3469 πονηρὸς
1087 3403 1178 3454 καὶ
1209 3404 1492 3472 ἀχάριστος
1513 3422 1524 3435 ·
1551 3407 1681 3474 μηδὲ

165 3485 225 3535 τὸ
259 3485 437 3553 κέρμα
462 3486 566 3537 τῶν
609 3489 852 3555 μεγάλων
889 3491 1186 3557 προνομίων
1208 3492 1366 3544 αὑτοῦ
1405 3495 1680 3563 προδοθείη

176 3573 321 3624 κατὰ
353 3573 446 3641 σὴν
480 3575 677 3642 πολλὴν
705 3578 998 3629 ἐπιείκειαν
1022 3595 1035 3609 ο
1077 3579 1207 3631 ἀλλά
1236 3581 1521 3650 διαδοθήτω
1551 3585 1683 3648 πρὸς

174 3660 522 3727 τραπεζίτας,
563 3663 654 3713 καὶ
683 3663 1211 3734 διπλασιασθήσεται.
1241 3669 1444 3719 Σκοπόν
1478 3686 1533 3720 σε
1563 3687 1685 3724 κατ⁸

169 3745 362 3814 έστησε
413 3747 658 3816 δεύτερον
700 3753 727 3802 δ
775 3751 902 3814 Θεὸς
947 3753 1032 3803 διὰ
1080 3755 1255 3822 χειρὸς
1311 3757 1682 3824 ὲπισκοπικῆς.

173 3834 477 3886 Κάντεῦθεν
505 3839 591 3886 ἐπὶ
629 3837 702 3904 τῷ
736 3840 951 3905 στόματί
997 3857 1086 3892 σου
1133 3842 1325 3902 πάντες
1357 3845 1682 3912 εἰσέρχονται

170 3924 251 3981 είς
285 3919 427 3974 οἷκον
455 3924 583 3976 Θεοῦ
614 3928 1057 3996 παντοκράτορος,
1108 3930 1199 3981 καὶ
1242 3932 1330 3980 ἐπὶ
1359 3932 1433 3999 τῷ
1465 3935 1684 4000 στόματί

172 4025 267 4061 σου
301 4012 626 4079 ἐξέρχονται.
667 4014 756 4082 Μὴ
791 4012 881 4066 οὖν
911 4016 1089 4084 εἴπῃς,
1123 4017 1185 4068 Τί
1230 4018 1404 4088 δοθείη
1452 4038 1560 4087 μοι,
1597 4024 1684 4073 καὶ

169 4099 220 4150 τί
247 4101 563 4167 προστεθείη
596 4119 684 4169 μοι
712 4104 842 4172 πρὸς
878 4106 1138 4173 μέριμναν
1179 4106 1504 4174 ὁλοχρόνιον;
1540 4110 1685 4178 Μηδὲ

172 4188 422 4258 σιγήσῃς,
487 4190 616 4257 μηδὲ
665 4193 1067 4262 καταπραύνῃς,
1129 4195 1258 4260 μηδὲ
1330 4195 1558 4266 λαλήσῃς
1611 4199 1685 4258 ὡς

166 4277 470 4344 ἀνθρώποις
537 4278 809 4346 ἀρέσκων,
869 4276 1018 4332 εἶπεν
1083 4281 1110 4330 ὁ
1181 4284 1347 4349 μέγας
1399 4285 1684 4342 ἀπόστολος

1769 1914 1953 1968 agens,
1999 1901 2389 1969 propositiones
2431 1913 2482 1954 et
2529 1902 2850 1967 objectiones
2892 1907 2991 1960 sub
3038 1907 3280 1962 incudem

1770 1995 2000 2050 revocet,
2032 1997 2085 2040 et
2129 1989 2222 2041 has
2267 1989 2476 2056 Quidem
2523 1990 2665 2041 velut
2696 1992 2912 2046 abradat
2943 2009 3036 2063 per
3062 1994 3284 2064 Lydium

1773 2075 2098 2142 cognitionis
2148 2077 2396 2142 lapidem,
2442 2077 2560 2130 illas
2602 2079 2871 2146 admittat;
2917 2083 3029 2136 sive
3060 2084 3286 2153 denique

1768 2164 1966 2231 judicia
2012 2165 2338 2217 notariorum
2382 2167 2812 2232 patriarchalium
2858 2172 3143 2238 penderet,
3191 2191 3286 2242 per

1773 2255 2152 2307 secreticorum
2182 2255 2548 2308 ministrorum
2585 2256 2794 2310 decreta
2821 2250 3063 2328 magnam
3101 2274 3289 2317 aucto-

1772 2342 1981 2395 ritatem
2011 2344 2386 2411 consequitur;
2419 2347 2710 2412 praesertim
2741 2362 2858 2400 cum
2889 2351 3020 2404 solis
3047 2352 3100 2405 in
3129 2354 3289 2408 rebus

1768 2431 2026 2497 judicium
2061 2432 2210 2484 texit.
2252 2431 2344 2486 Sin
2378 2433 2451 2485 ita
2491 2436 2753 2501 praesidet,
2802 2445 2856 2490 ut
2884 2439 3287 2507 egritudinibus

1773 2519 1937 2571 animi
1971 2521 2260 2572 remedium
2293 2520 2561 2585 adhibeat,
2586 2531 2639 2576 et
2659 2526 2983 2590 putridorum
3011 2529 3285 2583 vulnerum

1775 2606 2065 2660 foeditatem
2109 2608 2382 2674 inspiciat,
2432 2624 2494 2662 ac
2535 2626 2910 2679 nonnunquam
2947 2615 3088 2669 ferro
3119 2619 3286 2674 latens

1778 2695 1890 2746 vitii
1930 2694 2127 2746 malum
2173 2697 2379 2758 adurat,
2419 2712 2794 2766 nonnunquam
2831 2702 2971 2755 mitia
3017 2705 3286 2777 inspergat

1776 2783 2198 2848 medicamenta,
2251 2784 2454 2838 ordinis
2498 2787 2953 2855 episcopianorum
2997 2794 3291 2852 ministerio

1778 2872 1964 2924 utitur.
2021 2874 2100 2925 An
2144 2888 2266 2926 vero
2312 2874 2578 2927 interdum
2621 2877 2697 2930 sic
2738 2878 2958 2944 jubente
2989 2895 3051 2935 ac
3084 2885 3292 2942 volente

1780 2961 2080 3027 patriarcha
2115 2963 2418 3024 usuveniat,
2469 2973 2526 3016 ut
2576 2964 2789 3031 aliquod
2837 2967 3023 3022 borum
3073 2974 3291 3040 privile-

1780 3048 1987 3116 giorum
2016 3051 2132 3102 loco
2165 3061 2464 3117 moveatur;
2490 3053 2732 3120 equidem
2766 3056 2902 3108 scire
2926 3072 3029 3111 non
3055 3075 3266 3126 possum

1782 3142 1833 3185 et
1878 3136 2084 3188 veniam
2128 3137 2386 3199 merebor,
2410 3140 2500 3204 qui
2542 3141 2978 3194 consuetudinem
3019 3145 3291 3213 antiquam

1780 3225 1962 3276 doceo.
1997 3223 2088 3278 His
2118 3227 2278 3289 igitur
2314 3225 2368 3276 in
2395 3225 2534 3276 hunc
2565 3226 2775 3278 modum
2817 3237 2955 3282 recte
2985 3231 3290 3301 declaratis,

1782 3319 1837 3363 ut
1869 3311 2116 3374 arbitror,
2146 3314 2506 3366 necessarium
2532 3312 2658 3364 mihi
2683 3314 2858 3366 visum
2889 3324 2989 3378 est,
3020 3327 3075 3371 ut
3096 3320 3293 3386 justam

1781 3400 2084 3466 petitionem
2130 3399 2194 3452 ad
2236 3399 2470 3466 cujusvis
2510 3402 2762 3469 temporis
2793 3403 3168 3461 chartularium
3212 3411 3295 3464 in-

1784 3487 2018 3538 stituam.
2066 3485 2285 3539 Domine
2320 3488 2391 3539 mi
2437 3488 2837 3558 chartophylax,
2870 3493 3120 3547 talentum
3176 3497 3295 3553 ﬁdei

1786 3583 1885 3626 tuce
1930 3576 2189 3628 creditum
2234 3578 2298 3630 ab
2340 3577 2698 3643 omnipotente
2744 3579 2870 3644 Deo,
2907 3596 3001 3648 per
3030 3585 3292 3652 ignaviam

1785 3672 1928 3716 tuam
1961 3679 2026 3716 ne
2054 3663 2321 3717 defossum
2348 3665 2453 3728 sit;
2486 3679 2550 3717 ne
2579 3680 2764 3719 servus
2787 3683 3009 3736 nequam
3038 3683 3089 3724 et
3119 3675 3293 3742 ingra—

1785 3761 1870 3804 tus
1910 3751 2188 3818 appelleris
2235 3768 2248 3804 :
2300 3766 2433 3804 neve
2472 3767 2779 3818 magnorum
2813 3756 2969 3823 hujus
3002 3764 3153 3814 ollicii
3188 3767 3298 3831 prl-

1784 3839 2092 3905 vilegiorum
2125 3853 2215 3900 aes,
2253 3840 2413 3891 nimia
2447 3843 2850 3896 mansuetudine
2879 3854 2962 3897 tua
2996 3851 3250 3915 prodatur
3279 3892 3295 3916 ,

1785 3926 1875 3977 sed
1908 3928 2043 3976 inter
2082 3925 2464 3978 nummularius
2491 3927 2865 3992 distribuatur,
2895 3941 2946 3985 et
2976 3935 3293 4003 duplicetur.

1785 4015 2022 4066 Alterum
2069 4022 2116 4066 te
2157 4028 2372 4082 scopum
2415 4014 2549 4068 Deus
2583 4030 2676 4082 per
2704 4020 3049 4086 episcopalem
3081 4042 3292 4083 manum

1791 4102 2092 4155 constituit.
2139 4102 2254 4164 Quo
2311 4101 2386 4164 lit,
2433 4111 2488 4153 ut
2527 4103 2590 4155 ad
2636 4117 2696 4156 os
2735 4117 2878 4158 tuum
2923 4114 3295 4177 omnipotentis

1787 4187 1880 4239 Dei
1923 4188 2139 4239 domum
2187 4202 2371 4240 omnes
2417 4189 2800 4256 ingrediantur,
2844 4201 2895 4247 et
2937 4197 3000 4246 ad
3040 4212 3100 4250 os
3148 4209 3291 4255 tuum

1786 4273 2142 4343 egrediantur.
2185 4274 2298 4328 Non
2344 4291 2469 4344 ergo
2520 4277 2718 4334 dixeris
2763 4296 2777 4334 :
2829 4282 2960 4345 Quid
3007 4285 3119 4339 dari
3163 4291 3292 4343 mihi

168 4365 398 4427 Παῦλος,
439 4365 555 4417 κατ’
597 4369 795 4418 ἐκεῖνον
841 4367 931 4418 τὸν
978 4370 1210 4436 πονηρὸν
1261 4371 1539 4437 μισθωτὸν,
1589 4371 1676 4422 τὸν

1785 4363 1974 4429 possit,
1998 4372 2048 4413 et
2077 4362 2200 4429 quid
2233 4361 2388 4428 adjici
2426 4363 2489 4416 ad
2509 4365 2914 4419 sollicitudinem
2958 4378 3296 4438 perpetuam:

167 4451 295 4505 καί)Ἰ
323 4455 508 4506 ἑαυτὸν
560 4454 910 4523 ψιθυρίσαντα
937 4471 950 4484 '
982 4456 1040 4506 τδ
1087 4457 1326 4508 ἐκλεῖπον
1371 4458 1680 4520 ἐκλειπέτω,

168 4543 224 4592 τὸ
255 4541 674 4610 ἑσκορπισμένον
707 4545 778 4611 μὴ
811 4544 1113 4612 συναχθείη,
1143 4544 1234 4595 καὶ
1280 4546 1338 4595 τὸ
1374 4563 1686 4614 συντετριμ-

171 4632 331 4697 μένον
359 4631 433 4697 μὴ
455 4630 819 4698 ὁλομεληθείη.
870 4633 1050 4698 Ἀρκεῖ
1075 4633 1178 4700 γὰρ
1220 4635 1282 4700 τῇ
1318 4633 1493 4701 ἡμέρᾳ
1522 4637 1552 4701 ἡ
1585 4651 1683 4685 κα-

170 4719 264 4770 κία
317 4719 502 4784 αὐτῆς.
557 4718 713 4771 Ἀλλά
753 4720 977 4786 σήρυξον
1029 4721 1407 4782 ἀποστολικῶς,
1464 4721 1686 4772 ἐνώπιον

169 4805 304 4856 Θεοῦ
337 4805 432 4871 τὴν
479 4805 748 4872 ἀλήθειαν.
808 4807 1084 4874 Ἐπίστηθι
1113 4807 1395 4875 εὐκαίρως,
1429 4810 1682 4877 ἀκαίρως,

170 4893 405 4959 ἔλεγξον,
457 4894 790 4962 ἐπιτίμησον,
851 4896 1244 4963 παρακάλεσον,
1295 4899 1684 4964 κακοπάθησον,

173 4983 332 5052 ἔργον
382 4981 599 5046 ποίησον
658 4981 1053 5047 εὐαγγελιστοῦ,
1103 4984 1200 5051 τὴν
1276 4985 1541 5038 διακονίαν
1595 5002 1685 5036 σου

174 5072 604 5140 πληροφόρησον.
641 5071 748 5120 Καὶ
776 5070 912 5138 τάχα
940 5071 1194 5131 νεανικῶς
1235 5072 1371 5123 οὕτω
1410 5072 1497 5122 τὸν
1531 5071 1689 5122 καλὸν

175 5161 359 5228 ἀγῶνα
402 5159 538 5211 κατὰ
566 5157 624 5209 τὸ
662 5159 1005 5227 ἀπῃτημένον
1038 5160 1452 5225 ἀγωνισάμενος,
1483 5162 1570 5210 καὶ
1597 5158 1690 5226 τὴν

176 5251 445 5305 διακονίαν
525 5265 616 5299 σου
682 5250 1018 5317 συντηρήσας
1100 5250 1531 5301 ἁνεπιὸούλευτον
1601 5249 1691 5300 καὶ

176 5340 462 5407 ἀμείωτον,
510 5340 564 5387 ὲν
609 5337 684 5404 τῷ
719 5337 902 5404 μηδενὶ
928 5337 990 5390 ἂν
1032 5337 1362 5408 ταπεινώσῃς
1393 5338 1513 5398 τοὺς
1548 5339 1691 5389 ἀντιο

177 5428 493 5486 πίπτοντας,
534 5426 623 5477 καὶ
665 5427 824 5492 ἐρεῖς,
875 5426 974 5476 Τὸν
1024 5425 1216 5490 δρόμον
1270 5425 1540 5487 τετέλεκα,
1597 5425 1691 5492 τὴν

182 5517 362 5567 πίστιν
389 5515 680 5580 τετήρηκα.
716 5515 906 5566 Λοιπὸν
937 5514 1212 5565 ἀπόκειταί
1243 5531 1328 5579 μοι
1363 5516 1456 5581 τῆς
1492 5513 1689 5567 δικαιο-

181 5607 343 5669 σύνης
367 5606 391 5654 ὁ
424 5604 700 5670 στέφανος.
748 5605 840 5666 Ὃς
871 5605 958 5655 καὶ
985 5603 1258 5670 δοθήσεταί
1293 5620 1368 5655 σοι
1397 5604 1539 5671 παρὰ
1564 5585 1691 5652 ίνῖεοῦ

1784 4451 1926 4504 Neve
1977 4451 2226 4511 tacueris,
2259 4465 2354 4504 nec
2383 4451 2715 4518 demulseris,
2746 4469 2842 4508 nec
2874 4456 3078 4513 locutus
3109 4460 3292 4528 fueris,

1785 4539 1946 4592 veluti
1982 4540 2070 4606 qui
2107 4539 2411 4591 hominibus
2446 4541 2648 4606 placere
2680 4542 2828 4608 velis,
2870 4543 3042 4612 inquit
3073 4564 3293 4617 magnus

1787 4630 1872 4682 ille
1896 4629 2087 4681 Paulus
2110 4631 2399 4697 apostolus,
2424 4631 2588 4684 instar
2613 4632 2751 4684 illius
2787 4637 2929 4701 pravi
2959 4642 3293 4705 mercenarii,

1788 4716 1877 4782 qui
1920 4716 2056 4781 apud
2101 4717 2439 4782 semetipsum
2490 4720 2846 4772 susurrabat:
2881 4722 3112 4785 Deﬁciat,
3156 4727 3293 4792 quod

1788 4804 1991 4865 deﬁcit,
2033 4804 2328 4872 dispersum
2375 4821 2479 4857 non
2524 4807 2816 4874 colligatur,
2859 4814 3144 4866 contritum
3189 4829 3292 4866 non

1788 4893 2197 4960 rcdintegretur.
2247 4892 2446 4946 Sullicit
2496 4909 2726 4962 namque
2772 4897 2874 4949 diei
2920 4899 3132 4952 alilictio
3177 4916 3297 4956 sua.

1788 4981 1887 5034 Sed
1920 4984 2096 5049 potius
2137 4982 2427 5050 apostolico
2457 4998 2605 5036 more
2637 4985 2905 5038 veritatem
2935 4986 2988 5039 in
3013 5001 3295 5056 conspectu

1789 5071 1880 5124 Dei
1915 5072 2219 5138 praedicata.
2248 5070 2387 5122 lnsta
2411 5080 2726 5137 opportune,
2752 5072 3066 5138 importune.
3099 5077 3300 5129 Redar-

1791 5173 1911 5226 ευρ,
1949 5161 2180 5226 increpa,
2213 5159 2512 5222 cohortare,
2547 5159 2775 5211 tolerans
2799 5168 2933 5220 esto,
2963 5161 3042 5215 fac
3072 5163 3296 5216 ollicium

1791 5248 2146 5314 evangelista},
2181 5246 2532 5299 ministerium
2570 5254 2715 5297 tuum
2750 5247 2929 5314 imple.
2961 5249 3033 5301 Ac
3061 5250 3298 5303 fortassis

1792 5335 1863 5388 ita
1898 5336 2204 5402 juveniliter
2239 5336 2480 5388 absoluto
2508 5334 2760 5403 praclaro
2794 5337 3100 5402 certamine,
3143 5347 3299 5404 prout

1794 5426 1888 5478 abs
1919 5432 1969 5479 te
2003 5425 2324 5492 postulatum
2366 5423 2543 5484 fuerit,
2579 5433 2630 5476 et
2662 5434 2977 5477 conservato
3007 5426 3304 5479 ministerio

1796 5523 1885 5566 tuo
1927 5514 2056 5565 citra
2105 5513 2343 5571 insidias.
2381 5526 2441 5563 ac
2487 5511 2703 5564 minime
2736 5512 3022 5574 deminuto,
3067 5511 3117 5564 in
3161 5515 3303 5566 nullo

1797 5602 2099 5656 humiliahis
2143 5602 2502 5666 adversantes,
2539 5616 2596 5652 ac
2626 5601 2768 5654 dices
2795 5620 2803 5651 :
2829 5600 3051 5655 Cursum
3081 5600 3303 5664 abso'vi,
