3914 6332
140 359 289 430 1053

1539 379 1953 444 MEDITATA.

3192 391 3330 453 1054

151 479 791 573 aymyﬁezoitgolxatouc
816 484 973 553 δῆθεν
1006 484 1194 553 λόγους
1226 489 1556 558 στηρίζουσι.
1590 493 1692 545 Λέ-

1807 495 2034 565 plerique
2080 496 2272 552 horum
2318 501 2664 570 syllogisticis
2714 504 3083 572 argumentis,
3128 516 3178 557 ct
3230 520 3323 573 per

150 585 318 635 γουσι
343 570 471 641 γάρ,
497 573 570 636 ὡς
612 576 661 626 εί
707 573 883 643 δοθείη
932 576 1180 640 γενέσθαι
1212 577 1307 646 τὴν
1352 579 1568 648 Μαρίαν
1600 584 1693 633 καὶ

149 657 255 709 τὸν
299 658 602 730 Δημήτριον
645 660 762 723 ἐνὸς
804 663 1009 732 βαθμοῦ
1051 665 1185 733 μετὰ
1239 668 1335 734 τὴν
1381 669 1693 735 συνάφειαν,

151 743 333 798 πολλὰ
363 750 720 815 συμπέσουσιν
747 749 917 803 ἄτοπα
936 767 949 781 ⁸
971 749 1098 819 οἷον,
1121 757 1435 825 Δημήτριος
1456 757 1696 825 γαμέτης

152 834 261 903 τῆς
306 836 515 905 Μαρίας
564 837 908 906 καλούμενος,
957 841 1047 893 καὶ
1089 842 1328 911 γαμϐρὸς
1362 843 1455 894 τοῦ
1497 845 1697 913 ταύτης

157 924 390 991 πατρὸς,
422 926 606 978 τούτου
643 929 738 996 μὲν
773 932 918 992 παῖς,
949 931 1158 1000 ἐκείνης
1198 932 1253 983 δὲ
1304 933 1523 1000 ἀδελφὸς
1571 951 1697 1002 μετ-

166 1015 625 1080 ονομασθὴσεται,
656 1016 746 1069 τοῦ
775 1018 979 1088 βαθμοῦ
1010 1024 1073 1090 τῇ
1094 1024 1378 1091 ταυτότητι
1400 1041 1413 1054 ·
1445 1025 1535 1075 καὶ
1558 1025 1697 1079 οὕτω

163 1101 497 1155 διασπᾶσθαι
528 1104 586 1155 τὸ
620 1108 963 1171 συνοικέσιον,
1001 1112 1078 1172 είς
1130 1112 1508 1179 ἀδελφομιξίαν
1540 1132 1695 1184 περι-

165 1198 471 1257 ιθίταμενον.
508 1194 545 1244 ll
557 1196 857 1261 ροστιθέασι
877 1198 930 1250 δὲ
957 1201 1098 1252 κατά
1126 1201 1279 1252 τοῦτο
1301 1203 1359 1253 τὸ
1385 1203 1579 1255 ἄτοπον
1603 1204 1699 1257 καὶ

164 1283 266 1368 τὰς
323 1284 379 1346 ἐξ
424 1286 695 1341 ἀδιαθέτου
745 1290 1009 1358 διαδοχὰς,
1054 1292 1291 1360 ἀλλήλων
1344 1312 1422 1358 τε,
1467 1295 1696 1350 καὶτῶν

164 1374 371 1435 γονέων
409 1376 626 1435 τούτων,
667 1380 750 1429 ναὶ
786 1382 966 1445 μέντοι
1016 1383 1105 1434 καὶ
1144 1384 1473 1451 προσγενῶν,
1505 1384 1699 1447 αὐτοὺς

168 1464 610 1531 σφετερίσασθαι.
657 1467 926 1530 Ὡσαύτως
952 1471 1044 1523 καὶ
1080 1472 1137 1523 τὸ
1180 1472 1254 1539 μὴ
1291 1472 1543 1525 δύνασθαι
1577 1474 1699 1535 τοὺς

164 1548 516 1617 ἑτερομερείς
546 1554 815 1621 ἀγχιστείς
838 1557 1082 1625 ἀλλήλοις
1110 1561 1488 1625 συνάπτεσθαι,
1521 1561 1701 1625 καθὼς

164 1633 273 1700 τῆς
310 1635 616 1701 ἀγχιστείας
645 1640 710 1692 τά
748 1642 949 1711 νόμιμα
996 1645 1344 1715 διορίζονται·
1393 1649 1527 1703 ἀλλὰ
1564 1650 1701 1705 κατὰ

166 1721 299 1784 τοὺς
329 1724 532 1793 γάμους
559 1729 663 1781 τῶν
696 1730 753 1794 ἐξ
781 1731 1003 1801 αἵματος
1033 1737 1362 1804 προσγενῶν.

251 1985 358 2038 Καὶ
382 1986 486 2056 μὴν
515 1989 571 2040 ἐν
598 1992 661 2059 τῇ
701 1991 975 2065 Ῥωμαϊκῇ
1008 2000 1276 2070 συνηθείᾳ,
1296 2005 1386 2054 καὶ
1407 2006 1470 2073 τῇ
1502 2005 1703 2076 ἐκκλη-

172 2077 427 2163 σιαστικῇ
465 2080 805 2144 καταστάσει,
862 2085 1011 2151 φασὶ,
1056 2087 1115 2138 τὸ
1170 2089 1414 2144 ἐναντίον
1466 2094 1705 2163 σήμερον

171 2162 540 2218 πολιτεύεται.
573 2166 721 2231 Θείος
757 2171 861 2241 γὰρ
894 2176 983 2225 καὶ
1010 2175 1222 2244 ἀνεψιὸς
1252 2179 1388 2246 μετὰ
1433 2180 1581 2244 θείας
1612 2162 1705 2236 παὶ

174 2252 405 2319 ἀνεψιᾶς
434 2256 719 2321 ἀκωλύτως
744 2262 1113 2329 συνάπτονται,
1139 2267 1291 2319 ἕκτον
1321 2268 1376 2332 ἐξ
1396 2272 1705 2337 ἀγχιστείας

177 2341 281 2393 καὶ
311 2343 475 2395 ταῦτα
501 2347 746 2415 λαχόντες
774 2350 995 2419 βαθμὸν,
1024 2354 1097 2415 ὡς
1114 2356 1211 2407 τοῦ
1234 2357 1398 2425 τόμου
1428 2360 1521 2411 τοῦ
1549 2362 1707 2427 ἁγιω-

176 2428 345 2482 τάτου
366 2435 691 2503 πατριάρχου
717 2438 946 2491 Σισινίου
966 2442 1087 2504 τοὺς
1118 2444 1355 2513 πρώτους
1381 2446 1701 2516 ὲξαόέλφους

180 2516 521 2582 κωλύσαντος
565 2523 710 2575 δυσὶν
774 2526 1121 2595 αὑταδέλιραις
1179 2534 1552 2589 συνάπτεσθαι.
1616 2522 1706 2590 Αι-

181 2604 486 2660 ενίστανται
520 2610 594 2670 δὲ,
638 2614 767 2681 μηδὲ
793 2618 1030 2685 ἀπρεπές
1074 2636 1142 2681 τι,
1175 2623 1263 2672 καὶ
1296 2624 1399 2674 τῶν
1430 2625 1706 2694 ὀνομάτων

187 2698 506 2765 συγχυτικδν
554 2701 931 2771 ὑποσύρεσθαι,
984 2709 1046 2760 ἐκ
1094 2710 1184 2761 τοῦ
1241 2711 1332 2761 τὸν
1380 2714 1540 2766 αὐτὸν
1588 2716 1706 2767 δυσὶ

184 2780 578 2854 δισέξαδέλφαις
629 2793 1014 2846 συνάπτεσθαι⁸
1040 2798 1120 2850 ὅτι
1152 2798 1269 2851 τότε
1305 2800 1436 2865 φασὶ
1461 2820 1707 2872 παρατη-

187 2877 363 2941 ρείται
404 2878 505 2929 τῶν
549 2880 818 2949 ὀνομάτων
867 2886 1134 2954 ἀκρίϐεια,
1171 2890 1261 2940 καὶ
1294 2890 1353 2940 τὸ
1406 2890 1708 2961 ἀσύγχυτον

185 2963 388 3015 τούτων
436 2968 774 3033 φυλάττεται,
829 2974 916 3026 ὅτε
971 2974 1183 3045 δουλικὴ
1231 2977 1365 3047 τύχη
1439 2981 1708 3048 μεσιτεύει

1797 584 2173 641 abductionem
2197 589 2261 643 ad
2289 588 2637 658 impossibile,
2663 593 2896 645 rationes
2925 606 3049 646 suas
3075 591 3319 647 fulciunt.

1794 674 1958 727 Aiunt
1980 676 2121 729 enim
2151 678 2194 730 si
2222 691 2536 734 concessum
2563 680 2653 740 sit,
2673 681 2891 735 Mariam
2918 691 2970 735 ct
2998 682 3321 736 Demetrium

1795 773 1915 829 post
1964 766 2362 832 copulationcm
2426 771 2589 823 unius
2635 768 2749 821 fieri
2801 768 3035 837 gradus,
3090 770 3321 824 absurda

1796 850 1964 903 multa
2007 866 2339 908 concursura
2366 871 2380 907 :
2406 858 2553 910 verbi
2590 858 2780 924 gratia,
2818 857 2960 925 quod
2998 857 3319 921 Demetrius,

1797 936 2103 1007 qui'ldaria:
2138 944 2367 997 maritus
2405 958 2526 999 esse
2563 947 2893 1011 perhibetur,
2925 954 2977 1000 et
3005 946 3171 1013 patris
3205 946 3321 1012 ejus

1797 1041 1992 1096 gener,
2041 1028 2281 1095 ejusdem
2335 1047 2550 1101 quoque
2603 1033 2765 1096 illius,
2810 1042 2861 1087 et
2911 1035 3074 1087 frater
3119 1034 3317 1095 Mariaz,

1797 1124 2014 1183 propter
2051 1117 2377 1173 identitatcm
2406 1122 2625 1189 gradus,
2655 1123 2726 1176 sit
2750 1124 3117 1191 appellandus.
3150 1126 3319 1190 Atque

1796 1203 1897 1257 hoe
1944 1205 2098 1258 modo
2136 1206 2494 1261 dirimendum
2530 1212 2945 1274 matrimonium,
2987 1212 3146 1264 veluti
3180 1210 3321 1278 quod

1799 1293 1865 1345 ad
1900 1296 2242 1349 concubitum
2283 1296 2468 1353 fratris
2507 1314 2627 1353 cum
2662 1315 2844 1354 sorore
2876 1301 3073 1354 tendat.
3108 1302 3321 1352 Addunt

1799 1381 1924 1435 huic
1956 1385 2189 1437 absurdo
2222 1400 2314 1440 eos
2341 1388 2497 1440 etiam
2549 1390 2915 1442 successiones
2945 1391 3010 1441 ab
3050 1389 3318 1449 intestato,

1798 1477 1904 1521 tam
1936 1472 2171 1539 ipsorum
2205 1474 2339 1526 inter
2369 1490 2446 1537 se,
2486 1489 2642 1542 quam
2685 1486 2986 1545 parentum,
3027 1476 3131 1527 imo
3162 1479 3318 1527 ctiam

1799 1562 2244 1630 propinquorum,
2275 1564 2375 1616 sibi
2410 1564 2700 1617 vindicare.
2731 1564 3093 1618 Consimiliter
3119 1579 3181 1617 ex
3218 1577 3323 1615 una

1800 1657 1953 1717 parte
1981 1649 2238 1701 duntaxat
2272 1650 2455 1705 aflincs
2486 1653 2626 1705 inter
2664 1667 2721 1706 se
2744 1652 2976 1719 copulari
3007 1666 3112 1705 non
3144 1666 3321 1719 posse,

1802 1737 2245 1804 quemadmodum
2281 1738 2550 1793 afﬁnitatis
2583 1740 2703 1806 jura
2732 1749 2972 1793 statuunt
3007 1756 3021 1794 :
3057 1738 3149 1793 sed
3184 1738 3322 1791 idem

1802 1826 1857 1880 in
1904 1826 1983 1881 liis
2030 1826 2350 1892 faciendum,
2384 1828 2524 1896 quod
2560 1829 2614 1882 in
2662 1828 2865 1897 nuptiis
2910 1828 3171 1896 sanguine
3201 1839 3325 1894 pro-

1800 1918 2149 1986 pinquorum.

1874 2004 2030 2072 Atqui
2066 2004 2269 2066 dicunt,
2320 2006 2371 2057 in
2400 2004 2789 2059 consuetudine
2819 2002 3072 2069 Romana,
3106 2011 3159 2055 et
3183 2010 3322 2057 statu

1803 2094 2194 2155 ecclesiastico,
2218 2094 2542 2147 contrarium
2562 2093 2719 2147 ltodie
2734 2092 3068 2147 observatur.
3098 2092 3325 2145 Patruus

1803 2189 1973 2251 enim,
2002 2196 2053 2242 et
2087 2186 2270 2239 fratris
2306 2185 2468 2251 ﬁlius,
2528 2200 2647 2239 cum
2680 2185 2842 2239 amita
2897 2192 2951 2239 ct
3008 2184 3188 2237 fratris
3223 2183 3324 2235 filia

1804 2278 1918 2333 sine
1950 2277 2329 2345 impedimento
2373 2274 2711 2343 copulantur,
2763 2273 2853 2338 qui
2899 2271 3122 2341 gradum
3154 2287 3220 2325 ex
3244 2270 3328 2323 af-

1805 2369 2007 2420 finitate
2020 2370 2226 2419 sextum
2238 2363 2479 2417 obtinent
2500 2379 2514 2414 :
2533 2377 2651 2415 cum
2668 2360 2990 2416 sanctissimi
3012 2361 3327 2427 patriarchae

1808 2451 2028 2507 Sisinnii
2064 2458 2241 2503 tonius
2282 2448 2634 2502 consobrinos
2672 2446 2897 2500 vetuerit
2944 2460 3064 2500 cum
3120 2446 3329 2502 duabus

1807 2542 2074 2613 germanis
2120 2539 2399 2595 sororibus
2427 2538 2598 2607 jungi.
2652 2537 2849 2608 Urgent
2888 2548 3166 2606 praeterea,
3224 2551 3324 2591 nec

1806 2630 2070 2685 inhonesti
2115 2628 2425 2696 quidquam,
2458 2626 2534 2680 vel
2581 2626 2722 2694 quod
2773 2628 2985 2680 nomina
3015 2625 3325 2689 confundat,

1806 2734 1870 2772 ex
1902 2733 1967 2770 co
2000 2719 2253 2786 irrepere,
2298 2715 2441 2784 quod
2479 2714 2618 2767 idem
2641 2715 2849 2767 duabus
2901 2714 3133 2767 sobrinis
3162 2728 3327 2780 copu-

1808 2810 1965 2862 letur.
1996 2806 2145 2859 Tunc
2177 2807 2341 2870 cnim,
2378 2806 2647 2873 inquiunt.
2678 2815 2926 2858 accurata
2972 2803 3108 2857 ratio
3152 2803 3327 2856 nomi-

1809 2912 1933 2949 num
1970 2895 2211 2958 habetur,
2270 2904 2324 2947 et
2361 2895 2663 2948 earumdem
2681 2892 2922 2947 confusio
2947 2901 3180 2957 cavetur,
3206 2906 3326 2944 cum

1809 2984 2106 3052 cognatioui
2169 2982 2382 3036 fortuna
2452 2981 2661 3036 servilis
2715 2981 3037 3041 intercedit:
3074 2997 3177 3033 tton
3207 2994 3326 3034 eunt

190 3056 540 3118 συγγένειανο
571 3060 629 3110 οὐ
673 3062 776 3129 μὴν
820 3062 943 3114 ὅταν
991 3063 1052 3116 ὲκ
1102 3068 1390 3132 συναφείας
1435 3069 1706 3138 ὀίίοζύγων

1812 3086 1875 3125 ex
1909 3070 2242 3138 copulatione
2289 3069 2572 3139 coniugum
2616 3070 2820 3133 legibus
2883 3068 3132 3128 admissa,
3188 3067 3330 3120 velut

186 3148 301 3204 τοῖς
326 3148 503 3214 νόμοις
534 3150 740 3219 δεκτῇς,
768 3152 839 3215 ὡς
870 3156 931 3207 ἐκ
968 3155 1117 3223 ῥίζης
1142 3158 1285 3219 τινὸς
1339 3160 1552 3228 πτόρθοι
1584 3178 1706 3229 γεν-

187 3234 388 3302 νηθῶσι
429 3238 765 3307 κατάλληλοι.
798 3243 857 3293 Et
892 3244 997 3313 γὰρ
1020 3245 1194 3315 δοθείη
1224 3251 1327 3300 κάν
1354 3248 1561 3310 τούτοις
1589 3268 1712 3303 συν-

186 3324 465 3389 τηρεῖσθαι
496 3326 602 3377 τῶν
635 3329 906 3396 ὀνομάτων
950 3333 1008 3383 τὸ
1037 3333 1305 3403 εὐπρεπὲς
1350 3336 1443 3387 καὶ
1473 3337 1707 3406 ἀσύγχυ-

186 3426 298 3470 τον,
334 3413 751 3483 στενοκωρηθείη
815 3418 905 3468 καὶ
967 3417 1071 3468 τῶν
1120 3419 1547 3487 τρισεξαδέλφων
1620 3424 1713 3475 καὶ

188 3500 384 3567 ἑφεξῆς
408 3503 438 3569 ἡ
482 3505 787 3571 ὲκχωρητέα
811 3507 854 3536 ³³
883 3509 1135 3573 συνάφεια
1156 3522 1169 3537 ’
1197 3509 1281 3561 ἵνα
1321 3510 1393 3577 μὴ
1446 3513 1714 3580 κληθῶσιν

188 3590 242 3639 ol.
281 3590 338 3651 ἐξ
369 3591 586 3642 ἐκείνων
616 3594 886 3659 φυόμενοι,
924 3596 1135 3666 ἀδελφοὶ
1171 3599 1261 3649 καὶ
1310 3602 1715 3668 τετταρεξάδελ-

187 3692 303 3743 φοι,
338 3678 468 3746 ὅπερ
492 3679 548 3729 οὐ
574 3679 831 3732 δέδοκται.
870 3683 976 3734 Καὶ
1006 3685 1178 3745 αὐτοὶ,
1208 3685 1399 3737 ταῦτα.
1446 3685 1639 3755 Ἡμεῖς
1659 3690 1715 3743 δὲ

190 3765 546 3834 σκοπήσωμεν
566 3768 843 3836 πρότερον.
873 3772 918 3821 εί
951 3773 1058 3832 τοῖς
1086 3772 1266 3838 νόμοις
1302 3775 1392 3826 καὶ
1416 3778 1527 3835 τοῖς
1554 3778 1711 3829 κανό-

189 3866 244 3902 σι
285 3851 443 3914 δοκεῖ,
481 3852 569 3903 δύο
602 3852 833 3920 βαθμοὺς
873 3855 994 3915 τοὺς
1032 3856 1329 3923 ὀμοξύγους
1368 3859 1713 3925 ψηφίζεσθαι,

188 3939 284 3992 καὶ
311 3938 393 3991 διὰ
425 3940 577 3991 τοῦτο
617 3942 985 4009 συγχωρητέον
1018 3940 1155 3996 εἶναι
1205 3945 1282 4008 τὸ,
1319 3947 1443 4012 περὶ
1471 3941 1531 3998 οὗ
1575 3950 1600 3998 ὀ
1628 3947 1712 3997 λό-

187 4043 303 4095 γος,
336 4028 697 4095 συνάλλαγμα.
734 4030 985 4099 Είπωμεν
1014 4027 1124 4098 οὖν,
1154 4034 1246 4085 καὶ
1293 4036 1450 4087 πάλιν
1486 4036 1713 4102 ἐκκορυ-

190 4114 456 4187 ςώσωμεν
478 4114 541 4170 τὶι
564 4118 844 4187 λεγόμενα.

258 4387 392 4439 Φασί
422 4404 560 4448 τινες
582 4386 677 4455 τὴν
704 4387 881 4454 φωνὴν
915 4386 1005 4438 τοῦ
1037 4387 1237 4455 Κυρίου
1291 4387 1390 4455 τὴν
1433 4386 1706 4454 λέγουσαν,

1881 4396 2044 4447 Aiunt
2094 4389 2310 4460 quidam
2366 4398 2549 4442 vocem
2612 4387 2840 4449 Domini,

186 4477 300 4530 Kal.
328 4478 528 4528 ἔσονται
562 4478 609 4527 οἱ
656 4475 908 4542 ὀμόζυγοι
940 4475 1074 4543 σὰρξ
1117 4475 1231 4544 μία,
1275 4476 1349 4545 μὴ
1385 4475 1715 4545 ἐκλαμϐάνε-

188 4566 315 4617 σθαι
345 4564 473 4632 πρὸς
517 4564 831 4632 ταυτότητα,
862 4563 993 4615 ἀλλὰ
1028 4563 1160 4633 πρὸς
1198 4565 1428 4632 στοργήν
1458 4565 1554 4616 καὶ
1584 4564 1715 4633 ὀμό-

187 4670 355 4706 νοιαν.
378 4653 435 4705 Εί
454 4653 559 4721 γὰρ
582 4653 654 4722 μὴ
674 4652 841 4713 οὕτως
858 4653 1095 4721 ἐκληφθῇ
1114 4654 1172 4704 τὸ
1193 4653 1465 4722 κυριακὸν
1485 4653 1714 4706 θεσπιώ⁶

186 4743 354 4810 δημα,
411 4742 624 4808 ἀδελφοὶ
672 4741 911 4809 κληθεῖεν
958 4745 1005 4793 οί
1055 4742 1432 4809 συναφθέντες,
1485 4744 1578 4795 καὶ
1620 4743 1716 4812 οὐχ

186 4829 477 4897 ὀμόζυγοι’
515 4829 609 4881 καὶ
647 4830 839 4897 ἑφεξῆς
880 4830 1367 4899 ἐπακολουθήσουσι
1395 4833 1532 4884 κακὰ
1561 4848 1714 4899 μυρι-

188 4916 415 4985 ἀριθαα,
456 4916 552 4985 τὴν
584 4917 808 4968 ἀτοπίαν
835 4915 927 4968 τοῦ
980 4917 1285 4986 ζητήματος
1331 4918 1712 4986 μεγαλύνοντα.

200 5004 606 5057 ’Δκουσάτωσαν
631 5003 743 5066 οὖν,
787 5006 860 5067 ὡς
898 5008 1182 5075 προτάσεις
1215 5007 1425 5074 ψευδεῖς
1471 5008 1593 5058 οὕτε
1628 5007 1715 5059 διὰ

192 5092 562 5162 συλλογισμῶν
604 5094 852 5162 ἀλήθειαν
901 5096 1369 5165 συμπεραίνουσιν,
1421 5095 1541 5147 οὗτε
1582 5096 1714 5164 πρὸς

191 5184 253 5236 τὺ
283 5181 533 5234 ἀδύνατον
553 5183 910 5252 ἀπαγόμεναι,
930 5184 1019 5236 τοῦ
1052 5185 1403 5253 ὑποκειμένου
1430 5185 1525 5253 τὴν
1558 5184 1714 5252 φύσιν

197 5272 599 5346 μιτατιθέασιν·
635 5273 747 5325 ἀλλ’
787 5276 844 5337 ἐξ
872 5275 1309 5343 ὁμολογουμένων
1334 5276 1424 5327 καὶ
1458 5274 1708 5326 ἀπλανῶν

197 5359 473 5417 ἀνατέλλει
508 5359 604 5429 τῆς
649 5360 897 5425 ἀληθείας
927 5364 952 5414 ὀ
992 5363 1156 5431 ἥλιος.
1190 5363 1250 5414 Εἰ
1290 5362 1394 5429 γάρ
1440 5378 1522 5422 τις
1573 5361 1713 5412 εἴποι

1810 3175 1871 3212 ex
1900 3159 2080 3212 radice
2132 3159 2382 3227 quadam,
2444 3157 2577 3211 rami
2623 3156 3001 3209 convenientes
3046 3169 3325 3222 procreati-

1810 3257 1915 3300 tur.
1966 3246 2095 3299 Nam
2152 3246 2197 3299 si
2264 3246 2446 3299 datum
2496 3244 2656 3297 fuerit
2684 3245 2843 3296 etiam
2871 3244 2923 3295 in
2951 3243 3035 3296 his
3056 3242 3327 3295 observari
3368 3242 3371 3245 ’

1811 3335 2085 3388 nominum
2124 3333 2475 3394 honestatem,
2522 3336 2580 3383 et
2622 3326 3329 3383 declinationemconfusio-

1811 3424 1917 3488 nis,
1974 3423 2114 3477 velut
2187 3422 2240 3475 in
2265 3429 2468 3473 arctuut
2503 3419 2771 3487 redigetur
2795 3419 2953 3471 etiam
3006 3432 3069 3469 ex
3094 3417 3330 3471 sobrinis

1814 3522 2077 3577 natorum,
2119 3520 2172 3565 et
2212 3510 2399 3565 ordine
2450 3510 2789 3577 sequentium
2844 3507 2981 3560 licita
3007 3506 3327 3573 permitten-

1813 3602 1982 3670 daque
2033 3602 2358 3667 eonjunctio,
2407 3614 2474 3651 tte
2517 3597 2760 3652 videlicet
2825 3596 3096 3662 contingat
3138 3608 3199 3643 ex
3251 3591 3329 3647 eis

1814 3693 2017 3760 genitos
2074 3687 2323 3756 appellari
2379 3686 2570 3739 fratres
2616 3685 2794 3747 simul,
2852 3694 2905 3735 et
2954 3690 3328 3749 prognatorutn

1813 3795 1876 3833 ex
1911 3777 2140 3831 sobrinis
2182 3777 2335 3836 filios,
2371 3775 2513 3843 quod
2554 3773 2770 3825 minime
2792 3772 2962 3823 visunt
3006 3779 3105 3823 est.
3141 3768 3330 3821 litlnec

1814 3867 2025 3933 quidem
2064 3865 2155 3918 illi.
2202 3862 2309 3917 Nos
2332 3873 2502 3916 autern
2548 3863 2692 3929 prius
2751 3857 3229 3917 considerabimus,
3261 3870 3330 3909 an

1812 3957 1955 4023 leges
1985 3964 2140 4021 atque
2177 3968 2409 4005 canones
2468 3956 2738 4011 censeant,
2784 3948 3032 4015 conjttges
3065 3959 3163 4014 pro
3199 3945 3333 3998 duo-

1816 4046 1915 4096 bus
1944 4042 2193 4110 gradibus
2251 4039 2541 4100 habendos,
2590 4053 2650 4090 ac
2705 4045 2980 4105 propterea
3017 4035 3333 4103 permitten-

1816 4130 1941 4183 dum
2015 4132 2366 4189 contractum,
2441 4139 2546 4193 quo
2621 4125 2684 4175 de
2755 4123 2949 4190 agitur.
2999 4120 3333 4173 Disseratnus

1816 4218 1993 4285 igitur,
2008 4215 2224 4283 etquasi
2255 4222 2553 4281 repetamus
2566 4211 2631 4264 ab
2656 4212 2770 4280 ipso
2792 4209 2960 4277 apice,
2977 4223 3094 4276 qua:
3112 4206 3334 4263 dicenda

1816 4307 2057 4359 veniunt.

2928 4400 3030 4454 qua
3108 4383 3332 4444 dicitur,

1814 4482 1984 4536 Erunt
2024 4481 2276 4548 conjuch
2303 4490 2410 4531 una
2450 4490 2597 4539 caro,
2620 4488 2728 4528 non
2766 4476 2830 4529 de
2879 4473 3147 4528 idcntitate
3192 4471 3335 4524 acci-

1821 4571 2091 4639 piendam,
2119 4569 2213 4621 sed
2248 4566 2311 4620 de
2348 4578 2528 4619 amore
2553 4577 2615 4616 ac
2636 4577 2918 4617 consensu.
2940 4562 3142 4630 Quippe
3172 4562 3225 4614 ni
3254 4560 3334 4614 sic

1813 4657 2087 4714 oraculum
2123 4653 2452 4707 Dominicum
2483 4649 2810 4704 intellectum
2866 4649 3044 4711 fuerit,
3101 4649 3334 4717 copulati

1815 4745 2063 4814 coniugio
2123 4741 2346 4797 vocandi
2404 4748 2582 4795 essent
2631 4739 2830 4792 fratres
2860 4751 2922 4791 ac
2952 4752 3182 4797 sorores,
3222 4752 3333 4788 non

1818 4832 2071 4900 conjuges
2099 4845 2111 4881 :
2144 4842 2206 4881 ac
2250 4827 2499 4894 deinceps
2525 4840 2734 4893 quoque
2762 4823 3333 4893 sequerenturinlinita

1820 4915 2175 4975 incommoda.
2199 4913 2506 4981 qutestionis
2527 4913 2907 4965 alisurditatcm
2943 4910 3193 4977 majorem
3222 4908 3335 4960 etii-

1819 5007 2032 5063 cientia.
2068 5002 2297 5056 Audiaut
2355 5015 2503 5069 ergo,
2556 4999 2944 5069 propositiones
2980 4997 3141 5051 falsas
3163 5010 3335 5063 neque

1818 5112 1910 5165 per
1965 5093 2299 5164 syllogismos
2338 5091 2614 5145 veritatem
2658 5088 2997 5152 concludere,
3047 5100 3219 5155 neque
3286 5084 3332 5138 si

1816 5184 2147 5239 deducantur
2206 5181 2272 5235 ad
2314 5179 2664 5248 impossibile,
2695 5177 2918 5244 subjecti
2944 5184 3187 5229 naturam
3218 5188 3333 5225 mu-

1816 5280 1929 5325 t:.re
1964 5290 1976 5323 :
2009 5271 2101 5325 sed
2152 5286 2215 5324 ex
2246 5268 2514 5324 confessis
2543 5276 2594 5320 et
2621 5281 2801 5320 errore
2827 5262 3132 5319 carentibus
3167 5262 3332 5316 solem

1816 5358 2051 5413 veritatis
2088 5357 2235 5410 oriri.
2287 5355 2418 5410 Nam
2468 5355 2610 5411 verbi
2656 5354 2845 5424 gratia,
2893 5351 2936 5406 si
2981 5351 3101 5418 quis
3119 5347 3329 5411 dixerit,

1499 5529 1723 5585 VARUS
1755 5526 2145 5585 LECTIONES.

282 5625 327 5657 ⁸³
360 5620 684 5689 ιγχωρητέα.
