3914 6332
643 337 777 403 1055

1860 360 2136 423 ΤΗΕΟΙ).
2179 364 2264 421 ΒΑ
2280 365 2642 428 [SAMONIS

3693 374 3833 435 1055

644 465 832 522 Omnis
857 468 990 539 lapis
1036 475 1214 528 anima
1263 479 1511 546 praeditus
1557 494 1678 540 est:
1725 500 1787 539 ac
1843 501 2032 539 rursus
2096 498 2144 535 ei

2264 486 2441 554 τυχὸν,
2478 489 2589 548 Πᾶς
2610 488 2751 551 λίθος
2775 489 3011 559 ἔμψυχός
3037 491 3169 555 ἐστι,
3206 492 3299 546 καὶ
3327 495 3621 563 ἑτέρωθεν,
3657 497 3823 547 Πᾶσα

644 554 809 607 altera
836 567 1008 623 parte,
1044 560 1229 619 Omnis
1286 574 1598 640 smaragdus
1638 588 1718 628 est
1748 577 1885 643 lapis
1919 593 1930 627 :
1965 589 2015 631 et
2038 593 2165 632 οοιι-

645 639 847 707 clndat,
868 643 1052 701 Omnis
1075 665 1199 721 ergo
1218 655 1349 721 lapis
1380 639 1692 729 smaragdus
1723 639 2009 718 est'anima
2039 681 2167 734 pra:-

643 727 787 783 ditus
1060 739 1290 807 colliget,
1350 727 1757 820 extremumque
1806 752 2162 806 mendacium.

645 813 795 870 Unde
848 819 923 885 ﬁt,
979 832 1036 876 ut
1087 830 1175 893 qui
1231 831 1359 884 dicit
1415 850 1505 903 per
1562 813 1884 895 matrimonii
1943 844 2165 911 copula-

642 905 839 961 tionem
869 926 985 965 esse
1014 913 1203 970 factam
1255 936 1601 987 personarum
1654 929 2049 996 c0ufusionem,
2113 942 2162 987 et

639 996 948 1066 coniugium
994 1018 1113 1058 esse
1170 1016 1582 1068 transmutatum
1638 1019 1689 1071 in
1751 1019 2161 1086 fraternitatem,

638 1092 799 1151 atque
842 1089 912 1141 ita
960 1090 1099 1146 forte
1158 1099 1541 1157 absurditatem
1585 1110 1896 1174 concludit;
1947 1128 2164 1183 compe-

640 1171 758 1226 dein
812 1177 1021 1245 linguai.
1062 1198 1165 1237 non
1230 1190 1503 1245 veritatem
1560 1196 1791 1262 colligat.
1824 1171 1975 1263 Quod
2039 1171 2158 1256 cum

641 1260 712 1313 ita
763 1265 854 1328 sit,
886 1284 1112 1338 cumque
1144 1285 1261 1342 post
1284 1260 1713 1346 conjunctioneni
1748 1304 1908 1343 sexus
1938 1300 2161 1361 uterque

639 1362 850 1406 maneat
878 1356 1114 1427 integer,
1171 1380 1326 1419 nemo
1402 1378 1506 1423 tam
1547 1374 1616 1427 sit
1665 1378 1856 1441 audax,
1918 1388 1975 1433 ut
2018 1356 2161 1449 ipsos

635 1441 890 1530 conjuges
920 1450 1143 1515 appellet
1178 1453 1390 1520 fratres,
1425 1462 1486 1513 ad
1517 1465 1988 1530 reprehensionem
2031 1441 2158 1526 dicti

635 1523 825 1592 divini,
859 1532 1014 1599 cujus
1065 1541 1223 1593 verba
1267 1552 1431 1599 sunt:
1471 1546 1536 1600 Et
1578 1523 1835 1621 conjuges
1906 1556 2003 1625 ipsi
2052 1523 2158 1614 non

635 1617 863 1682 amplius
909 1634 1064 1677 erunt
1108 1626 1232 1694 duo,
1276 1633 1367 1686 sed
1415 1649 1573 1690 unus.
1610 1617 1816 1708 Quippe
1849 1617 2157 1701 sicntolea-

635 1710 745 1755 ster
804 1721 1080 1777 propterea
1152 1732 1259 1770 non
1316 1722 1514 1777 dicitur
1584 1728 1744 1791 oliva,
1790 1733 1931 1798 quod
1977 1751 2157 1791 ramus

632 1786 749 1856 ejus
776 1795 827 1848 in
862 1799 1053 1854 olivam
1090 1809 1380 1864 translatus
1433 1814 1499 1867 sit
1544 1831 1558 1865 :
1629 1818 1705 1870 sic
1734 1836 1905 1888 neque
1952 1832 2154 1890 patrem

633 1884 841 1947 puella,
903 1904 1145 1949 socerum
1210 1902 1397 1967 puellae
1444 1909 1769 1976 vocabimus,
1846 1912 1961 1977 Quo
2027 1932 2157 1973 sane

631 1974 867 2029 stabilito
930 1996 1025 2049 per
1094 1989 1607 2051 demonstrationem
1664 2010 1885 2067 certam,
1960 2016 2013 2059 et
2067 2009 2153 2061 cui

628 2064 920 2119 contradici
960 2083 1205 2139 nequeat,
1237 2088 1418 2132 nostra
1460 2084 1673 2151 quidem
1728 2064 2007 2158 opinione,
2060 2111 2153 2150 ne-

631 2160 734 2211 que
772 2156 948 2206 vocari
1002 2157 1180 2214 licebit
1229 2164 1541 2222 alterutrum
1571 2156 1776 2227 eorum
1823 2179 1887 2230 ad
1939 2196 2152 2236 succes-

632 2237 839 2293 sionem
885 2242 1141 2309 del‘uncti.
1192 2254 1268 2306 vel
1308 2257 1533 2326 alicujus
1582 2262 1682 2331 ipsi
1714 2270 1971 2335 sanguine
2030 2286 2155 2341 pro-

628 2326 948 2387 pinquorum
978 2333 1104 2401 (quo
1133 2341 1272 2392 enim
1303 2344 1353 2396 id
1397 2351 1591 2413 pacto?
1638 2367 1756 2405 cum
1782 2359 2151 2422 possessiones

631 2414 901 2517 accipiant
952 2421 1011 2517 ii,
1040 2426 1233 2491 quibus
1253 2431 1364 2499 lege
1392 2436 1727 2509 deferuntur)
1756 2414 1927 2513 neque
1969 2464 2150 2517 repre-

633 2497 792 2553 liendi
847 2508 1057 2572 poterit,
1127 2524 1215 2566 aut
1282 2497 1869 2595 abominandum'erit',
1922 2537 1965 2587 si
2026 2497 2149 2604 quis

1853 2585 1867 2595 ,
1927 2585 1965 2587 μ
2035 2585 2148 2604 Γ.-

627 2585 811 2650 dit-at.
892 2594 1077 2651 iisdem
1152 2602 1343 2659 finibus
1431 2613 1793 2672 circumscribi
1876 2636 2149 2682 contracta

624 2679 999 2772 et.amnitate
1040 2696 1091 2741 et
1154 2708 1216 2745 ex
1284 2701 1597 2767 cognatione
1651 2711 2003 2767 matrimonia.
2062 2717 2150 2773 Sic

630 2761 772 2813 enim
828 2772 1120 2827 canonibus
1161 2789 1242 2832 est
1293 2790 1568 2841 statutum.
1601 2790 1749 2854 Quod
1806 2809 1981 2851 autem
2051 2819 2150 2869 pa-

630 2861 783 2907 ttuus
843 2865 895 2910 et
944 2860 1125 2918 fratris
1158 2870 1313 2935 filius,
1346 2890 1463 2929 eum
1495 2883 1655 2934 amita
1711 2893 1762 2937 et
1816 2886 1992 2946 fratris
2044 2860 2147 2949 filia

626 2946 981 3013 copulentur,
1042 2969 1144 3009 non
1200 2968 1300 3022 est,
1358 2976 1413 3017 ut
1456 2968 1616 3035 aliqui
1688 2977 1985 3043 perhibent,
2056 3000 2148 3052 per

2268 574 2570 642 σμάραγδος
2625 576 2768 640 λίθος
2822 579 2969 630 ἐστι·
3028 583 3118 632 καὶ
3152 585 3507 649 συμπερανεϊ,
3541 583 3666 645 Πᾶς
3711 584 3823 651 ἀρα

2265 663 2407 726 λίθος
2453 665 2758 733 σμάραγδος
2796 666 3031 737 ἔμψυχός
3076 671 3440 738 ἐστι......ψιν
3493 674 3819 757 συναγάγῃ.

2266 755 2358 805 καὶ
2403 754 2593 822 ψεῦδος
2643 755 2891 824 ἔσχατον.
2933 758 3088 810 Ὅθεν
3130 760 3222 810 καὶ
3264 761 3292 812 ό
3336 758 3509 825 λέγων
3549 754 3820 825 γενέσθαι

2263 840 2350 892 διὰ
2375 842 2472 909 τῆς
2525 844 2812 911 συναφείας
2858 846 2963 897 τῶν
3010 847 3352 899 ὑποστάσεων
3377 846 3475 916 τὴν
3509 846 3813 916 σύγχυσιν,

2265 931 2357 981 καὶ
2389 930 2483 998 τὴν
2506 932 2799 998 ὁμοζυγίαν
2837 934 3369 1001 μεταστοιχειωθῆναι
3400 936 3533 1002 πρὸς
3581 934 3814 999 ἀδελῴ

2264 1035 2418 1086 τητα,
2456 1020 2547 1071 καὶ
2562 1020 2700 1071 οὕτω
2723 1021 3099 1090 συμπεραίνων
3124 1022 3263 1089 τάχα
3284 1023 3343 1073 τδ
3364 1024 3581 1085 ἄτοπον,
3625 1023 3811 1087 γλωτ-

2262 1108 2486 1175 τοπέδην
2516 1110 2839 1178 συνήγαγεν,
2871 1112 2968 1163 οὐκ
3005 1111 3277 1179 ἀλήθειαν.
3304 1112 3502 1164 Τούτου
3529 1112 3586 1163 δὲ
3631 1112 3816 1173 οὕτως

2262 1192 2493 1262 ἔχοντος,
2524 1196 2614 1247 καὶ¹
2635 1197 2741 1249 τῶν
2772 1198 2941 1262 γενῶν
2991 1197 3306 1264 σωζομένων
3350 1198 3631 1265 ἑκατέρων
3666 1195 3811 1265 μετὰ

2260 1282 2356 1350 τὴν
2388 1284 2598 1346 ἕνωσιν,
2628 1284 2701 1353 μὴ
2732 1284 3021 1353 τολμητέον
3057 1285 3314 1351 ἀδελφοὺς
3340 1286 3462 1346 τοὺς
3495 1284 3811 1351 όμοζύγρυς

2261 1373 2430 1423 είπεϊν
2457 1374 2535 1428 είς
2564 1373 2951 1443 ἑπιστομισμδν
2983 1373 3074 1426 τοῦ
3111 1375 3350 1443 ῥήματος
3376 1373 3468 1425 τοῦ
3504 1372 3670 1437 Θεοῦ,
3701 1373 3800 1423 τοῦ

2260 1464 2528 1527 εἰπόντος·
2559 1466 2669 1519 Καὶ
2700 1466 2877 1519 οὐκέτι
2907 1466 3116 1517 ἔσονται
3142 1466 3190 1518 οί
3215 1463 3479 1533 ὁμόζυγες
3511 1463 3630 1525 δύο,
3666 1464 3806 1515 ἀλλά

2259 1550 2357 1615 εἷς.
2396 1554 2481 1615 Ὠς
2509 1555 2614 1623 γάρ
2643 1555 2701 1606 οὐ
2738 1554 2947 1621 λέγεται
2990 1554 3050 1606 τὸ
3090 1554 3395 1623 άγριέλαιον
3431 1552 3802 1614 καλλιέλαιον,

2258 1638 2339 1693 ὅτι
2368 1641 2557 1702 κλάδος
2586 1641 2748 1694 αὑτοῦ
2796 1642 2932 1711 μετά
2980 1643 3313 1695 καλλιελαίου
3351 1642 3802 1710 μετεμοσχεύθη,

2258 1730 2429 1793 οὕτως
2453 1733 2574 1785 οὐδὲ
2608 1734 2819 1803 πατέρα
2850 1734 2945 1803 τῆς
2976 1735 3141 1802 κόρης
3166 1733 3258 1784 τὸν
3289 1731 3493 1800 ταύτης
3548 1733 3805 1799 είποιμεν

2188 1788 2230 1842 Β
2259 1788 2535 1891 πενθερόν.
2563 1788 2763 1875 Τούτου
2807 1825 2863 1875 δὲ
2893 1788 3264 1893 στηριχθέντος
3297 1822 3353 1886 ἐξ
3396 1822 3800 1888 άναντιρρήτσυ

2256 1912 2348 1962 καὶ
2392 1912 2663 1977 ἀσφαλοῦς
2716 1912 3052 1975 ἀποδείξεως,
3129 1911 3203 1973 ὡς
3258 1911 3502 1978 οίόμεθα,
3565 1907 3689 1961 οὔτε
3741 1912 3805 1959 τὸ

2254 1997 2531 2051 καλεῖσθαι
2580 1998 2803 2067 θάτερον
2846 1998 2904 2062 ἐξ
2946 1998 3119 2050 αὐτῶν
3159 2000 3237 2059 είς
3282 1997 3377 2094 την
3421 1995 3804 2094 κληρονομίαν

2250 2088 2343 2139 τοῦ
2385 2088 2823 2157 τελευτήσαντος,
2872 2088 2904 2155 ἢ
2949 2088 3090 2149 τινὸς
3136 2088 3242 2139 τῶν
3280 2086 3337 2148 ἑξ
3381 2085 3619 2153 αἵματος
3650 2084 3803 2151 αὐτῷ

2254 2177 2557 2244 προσγενῶν
2589 2176 3118 2247 παρῤησιασθήσεται
3163 2175 3302 2247 (πῶς
3330 2175 3467 2243 γάρ;
3502 2175 3797 2244 προσλαμ-

2260 2264 2525 2317 ϐανόντων
2576 2266 2683 2317 τῶν
2722 2266 3071 2335 κτησαμένων
3100 2267 3161 2318 ἐκ
3192 2265 3351 2341 νόμου
3396 2265 3491 2325 τὰς
3543 2263 3796 2315 διακατο-

2252 2354 2391 2423 χάς),
2423 2354 2545 2406 οὔτε
2574 2355 2844 2424 μεμπτέον
2885 2355 3032 2405 ἔσται
3071 2355 3165 2405 καὶ
3196 2353 3559 2419 ἀποτρόπαιον
3599 2350 3658 2401 τὺ
3706 2350 3792 2399 itﬁ-

2251 2462 2388 2512 γειν,
2416 2448 2523 2506 τοῖς
2538 2446 2717 2507 αὐτοῖς
2738 2446 2879 2513 ὅροις
2909 2444 3279 2495 συστέλλεσθαι
3301 2443 3364 2493 τά
3387 2442 3447 2503 ὲξ
3470 2441 3789 2508 ἀγχιστείας

2249 2534 2343 2586 καὶ
2376 2538 2442 2587 τά
2472 2534 2529 2597 ἐξ
2562 2535 2786 2603 αἵματος
2818 2533 3247 2600 συναλλάγματα.
3292 2530 3448 2583 Οὕτω
3479 2533 3595 2598 γὰρ
3622 2545 3787 2580 κεκα-

2248 2625 2507 2675 νόνισται.
2544 2623 2615 2675 Τὸ
2636 2623 2690 2675 δὲ
2722 2622 3079 2675 συνάπτεσθαι
3100 2621 3240 2673 θετον
3269 2621 3361 2673 καὶ
3394 2620 3619 2687 ἀνεψιὸν
3650 2620 3787 2683 μετα

2252 2713 2400 2775 θείας
2450 2713 2541 2765 καὶ
2588 2713 2830 2781 ἀνεψιᾶς,
2877 2714 2974 2765 οὐκ
3028 2713 3171 2764 εστιν
3202 2712 3297 2782 (ὥς
3355 2728 3499 2772 τινες
3545 2710 3787 2778 λέγουσι)

2250 2803 2531 2872 συνηθείας
2558 2804 2804 2872 ἀγράφου
2851 2804 3202 2871 παγκράτιον,
3239 2803 3273 2870 ἢ
3309 2802 3395 2853 καὶ
3435 2802 3784 2869 άπαραδότσυ

2247 2894 2701 2962 ἑκκλησιαστικῆς
2745 2897 3120 2955 καταστάσεως
3157 2892 3615 2964 τροπαιοῦχημα’
3652 2890 3786 2943 ἀλλὰ

2248 2982 2536 3050 πρόσταξις
2575 2983 2693 3036 θεία
2714 2982 2806 3034 τοῦ
2837 2984 3071 3052 ἀοιδίμου
3104 2982 3381 3050 βασιλέως,
3428 2981 3604 3048 κυροῦ
3640 2981 3787 3033 Ἀλεσ

624 3039 1062 3093 consuetudinem
1094 3060 1199 3098 non
1228 3053 1481 3119 scriptam
1516 3039 1899 3127 introductum.
1930 3072 2007 3121 vel
2030 3039 2144 3127 sine

624 3122 854 3142 ..υ-Δειειν
894 3141 899 3142 γ

2247 3039 2355 3134 ξίου
2376 3039 2794 3141 τοῦ-έομνηνοῦ,
2820 3039 3150 3140 ἐξενεχθεῖσα
3174 3072 3263 3122 ἐπὶ
3285 3073 3588 3138 ὑπομνήσει
3611 3070 3789 3138 Βάρδα

622 3122 911 3179 traditione
966 3144 1060 3196 per
1114 3143 1309 3191 statum
1359 3146 1774 3203 ecclesiasticum
1834 3156 2141 3215 invectum:

619 3209 711 3261 sed
753 3212 1034 3305 clarissimi
1096 3227 1370 3297 principis,
1434 3234 1630 3290 domini
1683 3241 1852 3296 Alexii
1892 3209 2145 3305 Cornute—ni

620 3307 835 3350 sacrum
876 3302 1132 3367 edictum,
1173 3314 1437 3376 prolatum
1490 3321 1555 3373 ad
1583 3327 1978 3393 suggestionem
2011 3334 2143 3388 Bar-

619 3382 700 3434 die
734 3388 1036 3452 cujusdam.
1092 3399 1179 3463 qui
1228 3400 1396 3457 Xerus
1430 3382 1813 3477 appellabatur,
1878 3382 2144 3479 eti—“rece-

620 3481 766 3538 ptuzu
824 3488 926 3531 tam
966 3483 1015 3535 in
1052 3487 1383 3557 reipublicae,
1412 3510 1567 3561 quam
1596 3501 1648 3553 in
1676 3506 2020 3563 ecclesiarum
2059 3531 2146 3568 ar-

618 3561 775 3615 chiva
823 3576 875 3619 et
904 3572 1132 3635 codices,
1162 3579 1421 3643 ejusmodi
1482 3591 1692 3653 nuptias
1760 3595 1955 3651 liberas
1999 3600 2140 3667 fecit,

623 3664 721 3715 pro
742 3667 800 3705 ea
836 3667 1113 3724 potestate,
1172 3681 1287 3731 qua:
1333 3673 1542 3727 coalitus
1596 3686 1676 3730 est
1736 3664 2142 3749 imperatoribus

620 3738 762 3793 data.
798 3742 909 3796 Non
942 3747 1102 3813 igitur
1147 3766 1431 3811 accuratus
1462 3760 1707 3819 Ecclesia:
1738 3738 1910 3825 sta-tus
1937 3779 2141 3831 calum-

616 3826 852 3882 niandus
909 3842 1008 3886 est.
1067 3835 1195 3889 Nam
1257 3846 1595 3899 matrimonia
1634 3866 1695 3901 ex
1741 3852 2014 3927 afﬁnitate,
2073 3867 2138 3919 ad

614 4100 862 4159 gnalione
930 4118 941 4152 :
985 4104 1037 4155 in
1101 4122 1205 4173 quo
1248 4121 1349 4164 tam
1416 4116 1610 4185 legum,
1664 4138 1819 4189 quam
1871 4142 2137 4185 canonum

613 4190 809 4239 statuta
884 4196 1145 4260 sequitur,
1232 4212 1284 4254 et
1348 4211 1546 4259 tomum
1616 4211 1757 4266 illius
1814 4222 2133 4276 sanctissimi

611 4275 947 4341 patriarchae,
988 4282 1185 4339 domini
1232 4288 1474 4347 Sisinnli.
1539 4298 1690 4361 Quod
1736 4303 1876 4356 enim
1908 4308 1970 4359 ad
2019 4311 2133 4378 ejus

2247 3162 2387 3221 τινὸς
2407 3162 2694 3229 λεγομένου
2738 3161 2931 3229 Ξηροῦ,
2975 3163 3069 3213 καὶ
3120 3159 3511 3225 ἑπιγνωσθεῖσα
3543 3162 3669 3219 τοῖς
3698 3159 3788 3225 δη-

2250 3254 2526 3317 μοσιακοῖς
2567 3252 2658 3304 καὶ
2695 3252 3156 3319 ἑκκλησιαστικοῖς
3182 3250 3416 3317 ἀρχείοις
3445 3250 3535 3300 καὶ
3574 3247 3786 3312 κὼδιξι,

2245 3342 2333 3393 τὸν
2360 3341 2595 3394 τοιοῦτον
2620 3343 2793 3409 γάμον
2821 3341 3050 3392 ἀπέλυσε
3079 3340 3215 3391 κατά
3244 3339 3338 3407 τὴν
3361 3338 3658 3407 δεδομένην
3682 3338 3789 3396 τοῖς

2248 3431 2551 3499 βασιλεῦσιν
2578 3431 2780 3483 ἀνωθεν
2810 3430 3129 3499 κυριότητα·
3176 3429 3248 3497 μὴ
3291 3428 3467 3479 τοίνυν
3504 3444 3786 3492 συκοφαν-

2245 3518 2430 3585 τητέον
2460 3520 2554 3587 τὴν
2580 3519 2777 3585 ἀκριὸῆ
2816 3519 2911 3584 τῆς
2934 3516 3252 3584 Ἐκκλησίας
3313 3514 3679 3566 κατάστασιν.
3712 3514 3785 3563 Τά

2245 3606 2351 3672 γὰρ
2382 3606 2437 3669 ἐξ
2471 3606 2779 3673 ἀγχιστείας
2810 3604 3240 3672 συναλλάγματα,
3274 3604 3430 3671 μέχρι
3472 3602 3563 3652 τοῦ
3625 3604 3783 3653 ἕκτον

2247 3689 2452 3757 βαθμοῦ
2482 3690 2575 3743 καὶ
2621 3690 2804 3755 αὑτοῦ,
2850 3691 2943 3742 καὶ
2988 3689 3331 3758 ἐστενοχώρει
3384 3689 3644 3747 πάντοτε,
3698 3688 3783 3739 καὶ

2246 3778 2584 3845 στενοχώρει,
2622 3780 2801 3839 καθὼς
2831 3796 2930 3830 που
2956 3779 3045 3830 καὶ
3071 3778 3136 3829 τά
3162 3777 3217 3839 ἐξ
3254 3779 3502 3845 αἵματος,
3532 3778 3781 3843 ἑπομένη

2244 3867 2482 3933 νομικοῖς
2532 3866 2624 3919 καὶ
2663 3868 2957 3927 κανονικοῖς
3008 3868 3353 3933 διατάγμασι,
3405 3868 3493 3916 καὶ
3521 3866 3597 3931 τῷ
3633 3866 3782 3931 τόμῳ

2240 3956 2331 4007 τοῦ
2365 3955 2660 4020 ἀγιωτάτου
2700 3955 2904 4009 ἐκείνου
2932 3956 3281 4023 πατριάρχου,
3319 3955 3483 4023 κυροῦ
3510 3955 3772 4005 Σιστνίου.

2115 4074 2139 4088 ο
2242 4046 2312 4096 Τὸ
2355 4045 2462 4111 γάρ
2494 4044 2577 4095 ἐπ’
2616 4045 2888 4111 ἀνατροπῇ
2927 4044 3111 4095 τούτου
3142 4045 3405 4111 διορισθὲν
3437 4045 3584 4111 παρά
3632 4044 3779 4112 βασι·

2240 4135 2391 4201 λικῆς
2424 4135 2567 4196 θείας
2594 4134 3021 4201 μεγαλειότητος,
3042 4137 3118 4193 είς
3143 4134 3297 4201 ἔργον
3322 4134 3490 4185 ὲλθείν
3514 4135 3540 4183 ό
3564 4133 3780 4191 δίκαιος

2239 4226 2425 4293 κριτὴς
2452 4225 2547 4275 οὐκ
2594 4215 2911 4290 ηὐδόκησεν,
2953 4221 3025 4282 ὡς
3084 4222 3285 4272 οἴδασιν
3318 4222 3367 4271 oi
3406 4220 3774 4287 μεμυημένοι,

2238 4316 2331 4365 καὶ
2358 4314 2416 4365 οὐ
2454 4331 2518 4364 πε
2528 4314 2840 4381 πλάνηνται.

610 4369 937 4421 eversionem
972 4374 1037 4425 ab
1096 4374 1432 4443 imperatoria
1502 4402 1651 4440 sacra
1689 4392 1964 4459 majestate
2014 4369 2404 4471 promulgatum
2450 4404 2569 4465 fuit,
2622 4410 2679 4454 ut
2739 4402 2791 4453 in
2831 4398 3074 4452 effectum
3158 4397 3532 4455 deduceretur.
3583 4400 3771 4465 justus

612 4456 700 4510 ille
741 4463 902 4526 judex
967 4466 1182 4521 minime
1210 4472 1371 4523 voluit
1403 4491 1414 4524 :
1449 4478 1888 4542 quemadmodum
1937 4498 2133 4541 norunt
2172 4492 2388 4551 initiati,
2420 4505 2519 4542 nec
2557 4490 2611 4541 in
2639 4503 2819 4540 errore
2838 4493 3137 4540 versantur.

676 4548 860 4615 Atqui,
905 4554 1121 4621 subjicit
1145 4557 1501 4624 adversarius,
1542 4580 1607 4617 ne
1639 4566 1687 4619 id
1718 4570 1955 4636 quidem,
1986 4577 2125 4642 quod

2299 4548 2424 4641 Ναὶ,
2459 4580 2643 4644 φησιν,
2675 4576 2787 4629 ἀλλ’
2823 4576 2939 4627 οὐδὲ
2966 4576 3025 4627 τὸ
3053 4574 3309 4642 σύγχυσιν
3342 4575 3432 4625 καὶ
3462 4576 3769 4642 ἀπρέπειαν

606 4638 853 4691 cnnl’usio
912 4650 964 4693 et
1011 4642 1242 4697 dedecus
1299 4652 1571 4704 nominum
1618 4655 2003 4723 introducatur,
2066 4666 2134 4718 ol)

607 4731 867 4796 graduum
924 4736 1388 4801 necessitudinem,
1441 4744 1731 4807 quominus
1787 4749 1969 4813 primm
1999 4767 2128 4807 con-

602 4817 744 4886 jugis
800 4836 908 4873 sua:
953 4824 1220 4877 sobrinain
1272 4830 1429 4881 ducat
1490 4832 1811 4897 Demetrius,
1860 4839 2127 4907 impediet.

605 4904 718 4958 Hoc
768 4910 907 4961 enim
949 4912 1055 4967 illis
1115 4916 1274 4968 etiam
1324 4921 1582 4987 sanguine
1638 4926 1952 4993 propinquis
2005 4946 2133 4982 usu-

605 4995 774 5057 venit,
831 5012 950 5050 cum
992 5000 1129 5055 inter
1166 5019 1223 5057 se
1256 5008 1590 5073 c0pulantur,
1624 5015 1711 5079 qui
1748 5014 1826 5067 vel
1859 5028 2047 5071 octavo
2066 5038 2123 5075 se

603 5082 773 5149 gradu
814 5089 1145 5157 contingunt,
1196 5093 1320 5146 dum
1357 5097 1608 5163 conjuges
1666 5102 1865 5169 alisque
1925 5106 2125 5170 pudore

606 5184 877 5239 vocamus,
914 5193 1045 5246 quos
1103 5191 1293 5235 natura
1332 5187 1670 5240 sobrinorum
1702 5192 1837 5246 ﬁlios
1864 5198 2120 5261 agnoscit,

603 5275 895 5332 eorumque
939 5269 1134 5324 liberos
1160 5287 1255 5338 pro
1287 5274 1543 5331 fratribus
1598 5279 1865 5344 ducimus,
1923 5299 2041 5336 cum
2095 5300 2122 5337 a

604 5360 792 5405 natura
813 5356 919 5409 sint
956 5370 1337 5426 prognatorum
1367 5380 1429 5417 ex
1472 5368 1704 5421 sobrinis
1734 5371 1847 5422 ﬁlii.
1868 5371 1973 5424 Cur
1996 5388 2121 5442 ergo

601 5455 795 5494 novum
858 5454 909 5498 et
953 5448 1186 5505 insolens
1239 5454 1333 5516 sit,
1364 5454 1501 5507 idem
1555 5457 1652 5509 lioc
1684 5461 1843 5512 etiam
1896 5462 1945 5513 in
1985 5478 2120 5529 pree-

600 5532 736 5582 senti
795 5537 1089 5599 qltmstione
1152 5540 1254 5594 dici
1306 5553 1460 5610 atque
1512 5546 1659 5598 llcri?
1717 5547 1817 5600 Sed
1877 5550 2111 5613 audiant,

596 5623 684 5686 qui
740 5622 850 5679 haec
904 5628 974 5680 itit
1024 5628 1300 5696 colligunt,
1346 5633 1505 5698 quod,
1535 5636 1980 5701 quemadmodum
2036 5651 2116 5701 ea,

2226 4669 2499 4735 ὀνομάτων
2529 4666 2841 4732 εἰσάγεσθαι
2876 4664 2963 4719 διὰ
2990 4665 3086 4731 τὴν
3112 4662 3217 4715 τῶν
3248 4662 3466 4730 βαθμῶν
3506 4665 3763 4731 ίδιότητα,

2229 4757 2503 4821 ὲμποδίσει
2535 4755 2717 4807 λαϐεῖν
2760 4754 2848 4806 τὸν
2889 4754 3194 4820 Δημήτριον
3235 4754 3329 4815 τὴν
3386 4751 3764 4820 δισεξαδὲλφην

2226 4848 2320 4912 τῆς
2360 4845 2627 4912 προτέρας
2674 4843 2833 4895 αὑτοῦ
2880 4841 3155 4907 γυναικός.
3208 4840 3374 4891 Τοῦτο
3406 4842 3512 4910 γάρ
3560 4843 3659 4894 καὶ
3690 4847 3763 4905 είς

2226 4935 2347 4992 τοὺς
2373 4934 2802 4999 συναπτομένους
2828 4930 2885 4993 ἐξ
2910 4930 3132 4997 αἵματος
3156 4932 3432 4994 συγγενεῖς
3463 4931 3555 4982 καὶ
3578 4933 3759 4996 ὀγδόου

2227 5024 2380 5083 δντας
2420 5022 2623 5089 βαθμοῦ
2677 5020 3080 5090 θριαμϐεύεται,
3109 5019 3173 5070 δι’
3213 5011 3285 5071 ὧν
3327 5018 3625 5086 ὀμοζύγους
3672 5024 3757 5073 άν-

2228 5112 2591 5178 ερυοριάστως
2647 5106 3097 5178 κατονομάζομεν,
3128 5107 3219 5169 οὒς
3261 5109 3292 5175 ἡ
3344 5108 3501 5175 φύσις
3550 5112 3755 5178 τρισεξ-

2228 5203 2485 5268 αδέλςρους
2520 5203 2802 5269 ἐγνώρισε,
2835 5200 2925 5251 καὶ
2952 5199 3073 5259 τοὺς
3105 5197 3294 5258 παῖδας
3314 5199 3488 5251 αὐτῶν
3513 5200 3585 5261 ὡς
3610 5202 3753 5254 ἀδελ-

2229 5293 2357 5354 φοῦς
2416 5291 2763 5358 περιέπομεν,
2814 5286 3330 5355 τετταρεξαδέλφους
3360 5288 3515 5349 ὄντας
3553 5292 3613 5343 ὲκ
3661 5291 3752 5357 qui.

2231 5394 2381 5439 σεως.
2412 5378 2476 5428 Τί
2514 5378 2639 5443 γοῦν
2670 5381 2781 5429 ἐστι
2806 5378 2984 5429 καινὸν
3014 5382 3115 5430 κάν
3141 5394 3214 5445 τῳ
3240 5378 3462 5448 παρόντι
3486 5380 3747 5447 ζητήματι

2226 5462 2495 5513 λαλεῖσθαι
2526 5462 2679 5513 τοῦτο
2717 5463 2808 5513 καὶ
2855 5463 3132 5528 γίνεσθαι;
3182 5465 3321 5516 Ἀλλ’
3369 5466 3745 5517 ἀκουσάτωσαν

2228 5550 2275 5600 οἱ
2302 5549 2466 5600 ταῦτα
2505 5550 2855 5617 συνείροντες,
2880 5550 2958 5601 δτι
3005 5551 3179 5611 καθὼς
3212 5553 3273 5603 τὰ
3314 5554 3583 5620 Γαδείρων
3612 5554 3745 5613 ιντὸς

2227 5636 2556 5704 διακείμενα,
2598 5638 2685 5688 καὶ
2722 5638 3189 5706 ἁκμῦολοχόὖνται
3216 5639 3306 5691 καὶ
3328 5640 3743 5709 ἀπογράφονται,
