3914 6332
151 381 318 445 1057
1568 397 1699 458 ME]

1798 400 1978 465 'ATA.
3196 410 3331 473 1058

141 508 230 558 τὰ
269 507 328 559 δὲ
360 508 497 576 πίρα
552 508 814 580 Γαδείρων
869 513 928 563 οὺ
984 513 1192 583 πέρατά
1253 516 1420 568 εἰσινο
1461 514 1602 568 οὕτω
1638 516 1699 567 τὰ

1803 532 1921 583 quae
1949 519 2024 573 eis
2056 519 2227 574 Gades
2271 523 2370 574 sita
2394 531 2538 587 sunt,
2577 532 2826 578 accurate
2859 526 2985 580 sciri
3009 541 3070 579 ac
3098 529 3328 585 describi

146 595 276 662 μὲν
300 597 443 657 ἐντὸς
466 597 557 648 τοῦ
598 598 754 651 ἕκτου
792 600 995 668 βαθμοῦ
1026 605 1280 672 γινόμενα
1328 605 1699 673 συναλλάγμα-

1805 614 2045 671 possunt,
2095 623 2214 660 cum
2247 624 2364 677 quae
2403 610 2539 662 ultra
2570 611 2743 666 Gades
2776 624 2897 667 sunt
2933 616 3128 682 posita,
3162 633 3326 684 pene-

141 699 254 744 τα,
293 687 382 736 καὶ
408 686 493 736 διὰ
544 689 600 739 τὸ
633 688 788 754 φύσει
840 691 1041 743 δίκαιον
1083 695 1174 745 καὶ
1226 694 1495 762 εὐπρεπὲς
1535 712 1699 748 κατα-

1806 695 1934 747 trari
1963 706 2230 764 nequeant
2260 716 2272 751 :
2303 701 2382 752 sic
2410 701 2570 752 etiam
2622 703 2984 768 matrimonia,
3036 719 3153 772 qua:
3188 706 3328 758 intra

141 771 446 838 κρίνονται
473 789 486 802 ·
514 775 582 825 τὰ
611 775 666 826 δὲ
705 777 857 839 ἐκτὸς
884 779 1060 832 αὐτῶν
1098 781 1555 849 μετεωριζόμενα,
1586 784 1705 836 οὐδὲ

143 862 575 926 κατασπῶνται,
617 864 735 916 οὐδὲ
777 867 1139 933 κουφίζονται,
1167 869 1294 923 ἄνευ
1328 872 1488 938 μόνου
1521 872 1616 925 τοῦ
1645 874 1706 936 ἐξ

141 945 403 1015 αἵματος
428 951 653 1020 ὲῦδόμου
683 951 916 1022 βαθμοῦ.

1804 794 2012 837 sextum
2058 788 2282 853 gradum
2338 790 2744 860 contrahuntur,
2807 793 2889 845 vel
2961 795 3076 862 ipsa
3123 798 3332 850 ratione

1804 873 2062 924 naturalis
2113 875 2378 941 aequitatis
2419 885 2470 928 et
2524 876 2730 929 honesti
2788 879 3157 933 damnentur:
3209 898 3328 948 qua:

1802 969 1977 1009 autem
2004 967 2151 1011 extra
2174 961 2370 1029 gradus
2411 962 2570 1016 hosce
2611 967 3035 1032 suspenduntur,
3076 983 3174 1020 nec
3197 969 3330 1020 diri-

1802 1055 2035 1107 mantur,
2069 1065 2164 1101 nec
2199 1051 2523 1112 releventur,
2565 1065 2787 1121 excepto
2811 1056 2928 1108 solo
2945 1071 3011 1109 ex
3051 1064 3329 1127 sanguinis

1800 1134 2179 1199 c0njuuctione
2201 1138 2424 1203 septimo
2454 1139 2640 1204 gradu.

1868 1218 1998 1270 Nam
2033 1221 2176 1273 illum
2206 1231 2310 1274 tam
2347 1224 2682 1290 imperatoria
2718 1229 2943 1292 sanctio,
2971 1245 3129 1297 quam
3155 1240 3331 1286 tomus

1802 1310 2097 1376 synodalia,
2139 1313 2272 1364 sexti
2311 1314 2506 1379 gradus
2529 1317 2888 1370 matrimoniis
2918 1322 3232 1387 exaequavit.
3267 1321 3332 1373 Et

231 1209 438 1262 Τοῦτον
482 1211 586 1282 7&9
631 1212 900 1282 βασιλικὸς
945 1217 1161 1287 ὁρισμὸς
1191 1221 1282 1272 καὶ
1309 1223 1469 1291 τόμος
1500 1228 1700 1280 συνοδι‹

143 1299 263 1366 κὸς
295 1303 406 1362 τοῖς
438 1301 526 1353 τοῦ
562 1303 717 1356 ἕκτου
749 1304 951 1373 βαθμοῦ
978 1309 1375 1380 συναλλάγμασι
1422 1317 1705 1379 συνεξίσωο

145 1403 290 1441 σαν.
334 1390 480 1442 Ἐπεὶ
505 1391 594 1444 οὖν
625 1394 819 1457 ἱκανῶς
852 1396 1162 1464 διελάῦομεν
1199 1402 1267 1452 τά
1300 1419 1407 1455 τισι
1439 1405 1703 1459 δικαιολο-

146 1479 408 1546 γούμενα
462 1483 587 1551 περὶ
638 1483 734 1535 τοῦ
781 1487 859 1546 εἰς
909 1486 1000 1537 ἕνα
1035 1488 1237 1558 βαθμὸν
1265 1492 1387 1554 τοὺς
1407 1496 1704 1562 ὁμοζύγους

147 1568 484 1633 ἀνάγεσθαι,
511 1571 617 1624 εἴτε
655 1574 746 1624 καὶ¹
770 1574 844 1642 μή
875 1589 890 1604 ⁸
919 1576 1051 1644 Φέρε
1074 1579 1164 1628 καὶ
1196 1580 1256 1630 τὸ
1284 1583 1414 1648 ἡμῖν
1443 1587 1703 1652 παριστά-

150 1673 332 1723 μανον
365 1659 519 1728 χάριν
553 1661 645 1712 τοῦ
677 1663 912 1714 τοιούτου
955 1662 1281 1734 ζητήματος,
1333 1672 1588 1738 εἴπωμεν.
1640 1675 1702 1726 Ol

145 1747 639 1818 νενομοθετηκότες
668 1753 790 1821 περὶ
822 1754 1207 1823 κεκωλυμένων
1230 1760 1421 1828 γάμων
1440 1764 1702 1818 διδάσκον-

147 1850 256 1896 τες
290 1837 350 1887 ἐν
387 1835 572 1906 βιϐλίῳ
613 1837 719 1906 κη’,
754 1841 914 1908 τίτλῳ
957 1840 1016 1906 ε’,
1061 1844 1140 1904 είς
1168 1845 1259 1896 δύο
1290 1847 1553 1917 διαιροῦσι
1578 1853 1701 1914 τοὺς

151 1925 448 1989 συγγενεῖς
471 1941 484 1954 ·
515 1927 592 1988 είς
620 1927 862 1988 ἀνιόντας
883 1929 973 1982 καὶ
1001 1930 1297 1996 κατιόντας,
1325 1936 1516 1998 παῖδας
1543 1938 1703 2008 δηλα-

148 2010 224 2079 δὴ
267 2013 361 2064 καὶ
386 2016 575 2079 γονεῖς,
621 2015 713 2069 καὶ
757 2018 836 2079 είς
864 2020 988 2080 τοὺς
1033 2021 1098 2073 ἐκ
1145 2022 1394 2090 πλαγίου,
1445 2027 1703 2096 ἀδελφούς

152 2117 314 2170 φημι
344 2105 434 2154 καὶ
464 2103 680 2165 λοιποὺς
727 2105 785 2170 ἐξ
810 2107 1035 2174 αἵματος
1074 2115 1406 2179 προσγενεῖς.
1447 2116 1554 2168 Καὶ
1596 2118 1702 2172 τῶν
1739 2164 1746 2173 .

155 2189 272 2256 μιν
309 2191 562 2244 ἀνιόντων
600 2195 690 2246 καὶ
724 2197 1032 2263 κατιόντων,
1063 2202 1166 2253 κᾶν
1209 2205 1416 2271 γνήσιοι
1441 2199 1559 2271 ὦσι,
1600 2209 1701 2261 κᾶν

153 2278 406 2344 φυσικοὶ,
435 2282 532 2334 κᾶν
561 2283 722 2349 θετοὶ,
752 2286 874 2349 τοὺς
902 2287 1107 2357 γάμους
1139 2292 1428 2348 κωλύουσιν
1461 2298 1537 2357 εἰς
1572 2299 1702 2349 ἀπέ-

157 2382 380 2433 ραντον.
425 2371 543 2422 Τῶν
571 2372 624 2423 δὲ
655 2373 714 2435 ἐξ
742 2373 990 2442 αἵματος,
1039 2379 1226 2448 μέχρις
1273 2381 1426 2435 ἕκτου
1472 2384 1699 2455 βαθμοῦ.

152 2455 320 2508 Μετὰ
354 2459 530 2523 μέντοι
575 2460 634 2513 τὸ
674 2463 1054 2533 τεχνολογῆσαι
1083 2467 1150 2518 τὰ
1183 2471 1308 2536 περὶ
1336 2472 1555 2536 τούτων,
1609 2479 1702 2530 καὶ

154 2545 244 2606 εις
291 2545 413 2613 ὄψιν
471 2549 760 2617 προθέσθαι
812 2552 1045 2624 τὴντῶν
1097 2555 1316 2624 βαθμῶν
1365 2560 1580 2627 βαθείαν
1611 2567 1702 2620 καὶ

153 2632 553 2707 δυσδιεξίτητον
600 2640 930 2713 ὑπουλότητα
960 2643 1372 2722 (δυσχερεστάτη
1418 2655 1522 2723 γάρ
1550 2675 1698 2726 φησι,

156 2725 260 2778 καὶ
313 2727 412 2781 οὒκ
457 2729 857 2801 εὖκατάληπτος
906 2736 939 2804 ἡ
990 2738 1052 2787 ἐκ
1085 2739 1309 2804 πλαγίου
1354 2743 1460 2795 τῶν
1481 2725 1700 2813 βαθμῶν

157 2817 318 2868 ἔστιν
353 2817 584 2889 εὕρεσις)
625 2824 970 2890 προστιθέασι
1013 2831 1104 2879 καὶ
1132 2829 1302 2882 ταῦτα
1332 2834 1506 2901 ῥητῶς
1527 2849 1542 2864 ⁸
1581 2838 1702 2890 Είσὶ

155 2904 218 2957 δὲ
253 2909 346 2959 aut
372 2907 544 2978 ἕτεροι
571 2912 755 2980 γάμοι,
791 2914 848 2965 οὐ
875 2916 960 2968 διὰ
993 2917 1186 2987 θεσμὸν
1237 2925 1578 2988 συγγενείας,
1615 2928 1701 2981 διὰ

156 2994 216 3046 δὲ
247 2996 554 3064 ἀγχιστείαν
583 3002 656 3069 μὴ
683 3003 1076 3070 προϐαίνοντες.
1125 3009 1425 3077 ’Λγχιστεία
1453 3013 1509 3065 δέ
1554 3018 1698 3070 ἐστιν

1801 1395 2013 1460 quando
2042 1397 2149 1462 jam
2182 1397 2312 1449 satis
2341 1397 2690 1453 disseruimus
2723 1404 2787 1456 de
2826 1404 2913 1464 iis,
2941 1421 3058 1472 qua:
3088 1409 3328 1460 nonnulli

1803 1483 1901 1534 hac
1927 1485 1980 1535 in
2006 1487 2296 1552 quaestione
2320 1487 2567 1554 allegant,
2593 1489 2767 1544 sintne
2792 1494 3048 1561 conjuges
3069 1496 3132 1546 ad
3165 1511 3327 1547 unum

1803 1573 2062 1625 referendi
2093 1576 2312 1642 gradum
2338 1614 2352 1636 ,
2384 1591 2552 1629 necne
2589 1595 2604 1630 :
2666 1593 2763 1647 age
2796 1581 3125 1646 proferamus
3169 1586 3326 1637 etiam

1803 1661 1874 1715 id.
1912 1664 2049 1729 quod
2085 1664 2150 1717 de
2183 1667 2473 1731 quaestione
2499 1670 2768 1735 proposita
2797 1671 2954 1723 nobis
2987 1673 3051 1724 ad
3088 1676 3324 1726 aninmm

1803 1754 2014 1805 accidit.
2073 1752 2474 1819 Jurisconsulti,
2529 1758 2620 1824 qui
2679 1757 2744 1811 de
2795 1760 2996 1824 nuptiis
3047 1763 3331 1828 prohibitis

1803 1838 1991 1891 docent
2015 1841 2149 1892 libro
2175 1840 2522 1894 Basilicarum
2551 1859 2738 1907 xxvm,
2767 1846 2922 1899 titulo
2973 1863 3005 1899 v
3030 1886 3044 1907 ,
3078 1847 3324 1901 bifariam

1802 1939 2056 1996 cognatos
2104 1930 2394 1984 dividunt:
2442 1931 2791 1988 ascendentes
2831 1943 2881 1988 et
2924 1936 3325 2002 descendentes,

1802 2017 1999 2072 liberos
2021 2019 2226 2073 scilicet
2257 2035 2319 2073 ac
2349 2029 2596 2088 parentes
2622 2039 2636 2087 ;
2663 2031 2714 2075 et
2754 2023 2806 2076 in
2848 2039 2959 2089 eos,
2986 2025 3076 2094 qui
3107 2036 3230 2079 sunt
3261 2044 3326 2080 ex

1803 2114 2130 2172 transverso,
2181 2108 2372 2163 fratres
2418 2110 2655 2178 inquam,
2695 2120 2746 2166 et
2786 2113 3018 2181 reliquos
3069 2118 3328 2182 sanguine

1803 2198 2150 2265 propinquos.
2177 2197 2238 2252 Et
2265 2201 2659 2253 ascendentium
2683 2203 2892 2268 quidem
2915 2217 2977 2257 ac
3004 2204 3329 2258 descenden-

1802 2289 1956 2348 tium,
1990 2289 2100 2340 sive
2123 2288 2339 2356 legitimi
2372 2289 2498 2352 sint,
2522 2291 2630 2342 sive
2659 2292 2947 2352 naturales,
2980 2293 3090 2346 sive
3119 2292 3328 2360 adopti-

1800 2375 1874 2439 vi,
1907 2376 2116 2442 nuptias
2145 2377 2425 2444 prohibent
2454 2377 2506 2429 in
2531 2379 2791 2430 infinitum
2820 2393 3040 2431 :eorum
3069 2395 3213 2446 vero,
3238 2383 3326 2449 qui

1801 2467 2059 2534 sanguine
2085 2466 2367 2534 propinqui
2387 2473 2532 2525 sunt,
2561 2467 2624 2518 ad
2650 2476 2854 2520 sextum
2884 2483 3051 2536 nsque
3079 2471 3322 2537 gradum.

1800 2553 2083 2623 Postquam
2112 2556 2212 2609 ista
2241 2555 2511 2610 subtiliter
2525 2566 2898 2624 exposuerunt,
2931 2567 2980 2612 et
3000 2559 3172 2612 oculis
3201 2560 3324 2613 sub-

1795 2642 2042 2711 jecerunt
2063 2644 2317 2711 gradumu
2345 2642 2658 2711 profundam
2691 2655 2739 2698 et
2757 2652 3032 2712 penetratu
3057 2645 3324 2698 difficilem

1799 2731 2182 2785 obscuritatem
2227 2731 2668 2799 (impeditissima
2715 2747 2940 2798 namque
2982 2741 3040 2784 ut
3085 2733 3319 2799 ipsorum

1801 2823 1976 2876 verbis
2012 2831 2131 2874 utar
2159 2836 2254 2875 nec
2286 2831 2536 2888 perceptu
2572 2820 2743 2872 facilis
2776 2829 2857 2873 est
2884 2821 2934 2872 in
2967 2820 3054 2881 iis,
3087 2823 3174 2888 qui
3202 2828 3326 2874 sunt

1799 2923 2182 2966 extransverso
2201 2911 2457 2978 graduum
2484 2908 2989 2976 inventio),discrtis
3016 2911 3188 2964 verbis
3214 2911 3326 2964 haec

1799 3002 1958 3054 etiam
1993 2998 2249 3067 adjiciunt
2280 3012 2294 3048 :
2347 2995 2482 3051 Sunt
2523 3007 2574 3051 et
2611 2997 2727 3050 alia:
2761 2998 2958 3066 nuptiae
2988 3007 3035 3060 P,
3089 3013 3190 3052 n0n
3224 3000 3328 3052 illa:

157 3085 431 3154 οἰκειότης
465 3089 763 3156 προσώπων
815 3093 878 3143 ὲκ
925 3094 1114 3161 γάμων
1153 3098 1281 3165 ἡμῖν
1323 3105 1695 3171 συνημμένων,

1801 3089 2014 3156 quidem
2049 3095 2265 3154 prapter
2290 3086 2376 3153 jus
2412 3085 2768 3152 cognationis,
2800 3085 2890 3139 sed
2927 3093 3140 3152 propter
3161 3086 3327 3138 amni-

160 3174 485 3238 συγγενείας
521 3177 695 3239 ἐκτός.
755 3174 876 3232 Οἷον
905 3180 994 3232 οὖν
1040 3185 1357 3238 οἰκειοῦνται
1405 3189 1610 3259 βαθμὸν
1647 3197 1694 3247 oi

155 3259 429 3346 δμόζυγες
460 3264 593 3332 μετὰ
622 3266 718 3334 τὴν
766 3269 1076 3336 συνάφειαν,
1117 3274 1366 3344 καθαρῶς
1406 3278 1502 3346 μὲν
1528 3282 1587 3334 οὐ
1616 3283 1694 3335 δι-

157 3345 489 3402 δάσκουσινο
540 3355 800 3422 ἐπάγουσι
847 3357 923 3418 δὲ,
964 3359 1035 3428 μὴ
1087 3361 1342 3415 δύνασθαί
1396 3345 1514 3420 τινα
1561 3372 1696 3439 πρὸς

155 3436 340 3502 γάμον
372 3439 548 3493 λαϐεῖν
570 3443 668 3512 τὴν
689 3445 893 3497 οίκείαν
919 3445 1133 3515 νύμφην
1167 3451 1199 3520 ἢ
1227 3456 1512 3523 προγονήν.
1556 3436 1692 3512 ’.ἀλλ’

156 3524 286 3576 οὐδὲ
316 3528 412 3596 τὴν
441 3532 726 3597 μητρυιὰν,
759 3534 788 3602 ἢ
824 3534 921 3603 τὴν
966 3537 1228 3606 πενθερὰν
1253 3580 1267 3603 ,
1315 3543 1496 3611 ἐπειδὴ
1530 3549 1693 3614 μητέ-

159 3629 277 3677 ρων
305 3616 455 3680 τάξιν
489 3621 761 3687 ιπέχουσι.
815 3623 1113 3693 Σκοπητέον
1143 3629 1318 3681 τοίνυν
1348 3633 1452 3699 πρὸ
1479 3637 1694 3690 πάντων

156 3702 257 3793 τὸ-
274 3705 398 3793 περὶ
449 3706 554 3759 τῶν
591 3707 828 3778 βαθμῶν.
887 3713 1039 3767 Οὕτω
1081 3717 1186 3785 γὰρ
1233 3709 1602 3793 ἑξομαλισθείη
1633 3728 1694 3780 τὸ

159 3790 258 3842 τοῦ
295 3792 598 3865 ζητήματος
630 3799 870 3862 ἄναντες.

231 4061 294 4113 Ol
317 4062 412 4131 τῆς
438 4064 747 4130 συγγενείας
776 4064 990 4135 βαθμοὶ,
1020 4069 1083 4120 ὲκ
1123 4069 1231 4122 τῶν
1270 4071 1540 4141 βαθμίδων
1593 4079 1691 4147 τῆς

159 4149 423 4214 κλίμακος
449 4152 855 4231 ὠνομάσθησαν.
899 4155 982 4217 Ὠς
1010 4157 1118 4226 γὰρ
1146 4160 1346 4214 ικεῖναι
1388 4163 1691 4231 λαμὸάνου-

163 4256 256 4291 σαι
282 4230 554 4309 καταρχὴν
596 4242 654 4305 ἐξ
700 4244 951 4297 ἐπιπέδου
979 4247 1139 4310 τινος,
1173 4249 1263 4300 καὶ
1304 4251 1381 4311 είς
1407 4230 1476 4304 τά
1509 4255 1696 4322 πρόσω

160 4327 572 4397 προδαίνουσαι,
621 4330 719 4400 τὴν
747 4331 966 4387 κάθοδον
997 4332 1026 4403 ἢ
1057 4334 1153 4404 τὴν
1182 4335 1364 4389 ἄνοδον
1393 4343 1694 4412 συμπεραί-

160 4431 363 4481 νουσιν,
409 4416 548 4469 οὕτω
583 4399 685 4470 καί
715 4420 765 4471 οῖ
813 4399 1030 4489 βαθμοὶ,
1168 4423 1230 4474 ἐκ
1255 4423 1406 4492 ῥίζης
1436 4399 1692 4497 ὁμοφυεῖς
1726 4399 1769 4455 D

159 4504 343 4556 κλάδοι
395 4504 486 4557 τοῦ
537 4506 750 4576 πρώτου
821 4510 1143 4579 γεννήτορος
1201 4514 1538 4583 προιέμενοι,
1593 4519 1693 4589 τὴν

162 4592 481 4657 συγγένειαν
532 4594 960 4664 καταρτίζουσιν.
1011 4599 1233 4668 Ἰδωμεν
1259 4597 1370 4666 οὖν,
1405 4607 1532 4658 ποία
1567 4608 1692 4677 ῥίζα

160 4681 258 4732 καὶ
314 4683 555 4752 καταρχὴ
597 4683 866 4751 μεσιτεύει
899 4685 989 4739 τὸν
1017 4687 1184 4755 ἄνδρα
1221 4692 1353 4755 μετὰ
1377 4693 1476 4762 τῆς
1502 4711 1690 4761 γυναι-

160 4769 276 4835 κδς,
309 4769 444 4822 ῶστε
471 4772 603 4839 πρὸς
627 4773 826 4843 ταύτην
849 4775 1190 4844 ἀναδραμεῖν,
1221 4781 1311 4831 καὶ
1337 4781 1394 4845 ἐξ
1427 4785 1591 4855 αὐτῆς
1616 4787 1690 4850 ὡς

157 4857 247 4909 διὰ
274 4857 524 4928 βαθμίδος
564 4860 697 4928 πρὸς
725 4864 943 4926 τούτους
974 4865 1164 4919 ἐλθεῖν.
1200 4869 1420 4933 Πάντως
1446 4874 1688 4940 οὐδεμία.

160 4947 292 4999 Οὐδὲ
325 4949 433 5016 γὰρ
482 4948 701 5003 δύναταί
741 4967 824 5012 τις
861 4952 1030 5005 εἰπεῖν
1056 4992 1071 5017 ,
1115 4954 1172 5007 '0
1206 4958 1404 5026 Πέτρος
1435 4961 1691 5032 ἑγγένησε

158 5035 250 5087 τὸν
279 5036 603 5106 Δημήτριον.
649 5037 706 5090 '0
738 5038 897 5101 αὐτὸς
924 5041 1017 5094 καὶ
1041 5043 1138 5110 τὴν
1166 5043 1380 5111 Μαρίαν
1407 5047 1690 5105 ἀπέτεκεν.

162 5123 324 5175 ὀστε
371 5125 587 5190 τούτους
620 5126 713 5180 δύο
749 5127 968 5198 βαθμῶν
1008 5130 1150 5198 ἔχειν
1183 5135 1514 5200 συγγένειαν.
1551 5139 1691 5209 Προ-

163 5210 326 5273 φανὶς
362 5212 465 5280 γὰρ
499 5212 688 5282 ψεῦδός
719 5215 853 5267 ἐστι.
910 5217 1095 5284 Πολλῷ
1126 5218 1181 5268 δὲ
1229 5221 1387 5272 πλέον
1414 5224 1511 5276 οὐκ
1546 5227 1689 5279 εἴποι

163 5315 245 5360 τις
277 5300 593 5363 ὑποστάσεις
632 5302 834 5365 διττὰς,
873 5304 987 5365 ἑνὸς
1015 5301 1151 5358 εἶναι
1192 5305 1416 5374 βαθμοῦ.
1452 5310 1554 5364 Δύο
1582 5314 1690 5384 γὰρ

162 5387 435 5454 γεννήσεις
478 5388 699 5451 τούτους
761 5391 1099 5460 παρήγαγον.
1158 5395 1219 5445 Ol
1272 5395 1399 5461 γοῦν
1444 5399 1688 5467 λέγοντες

1801 3186 1960 3231 tatem
1993 3192 2097 3229 non
2125 3177 2489 3244 procedentes.
2510 3173 2746 3227 Atl‘tuitas
2765 3183 2938 3225 autem
2984 3185 3061 3226 esv
3096 3177 3328 3226 necessi-

1801 3269 1928 3321 tudo
1965 3268 2204 3334 quardam
2236 3278 2604 3334 personarum,
2635 3279 2728 3332 per
2764 3264 2974 3330 nuptias
3017 3264 3170 3316 nobis
3201 3280 3328 3315 con-

1793 3360 2122 3426 junctarum,
2182 3358 2315 3409 citra
2379 3357 2771 3420 cognationem.
2828 3354 2968 3422 Ergo
3021 3368 3176 3421 quem
3223 3352 3324 3405 sibi

1798 3446 2019 3514 gradum
2052 3450 2171 3510 post
2212 3443 2402 3495 initum
2452 3441 2845 3493 matrimonium
2888 3439 3156 3492 vindicent
3198 3453 3328 3490 con-

1794 3535 1965 3602 juges,
2024 3548 2154 3600 pure
2198 3531 2272 3583 illi
2309 3529 2520 3600 quidem
2561 3544 2666 3582 non
2708 3528 2899 3581 docent
2938 3544 2951 3579 :
2997 3528 3326 3595 subjungunt

1801 3634 1998 3684 tamen,
2030 3623 2256 3688 aliquem
2291 3635 2482 3672 nurum
2528 3632 2699 3678 suam,
2732 3616 2814 3669 vel
2841 3616 3153 3684 privignam,
3195 3631 3327 3667 uxo-

1796 3729 1908 3767 rem
1958 3712 2151 3764 dueere
2193 3725 2296 3761 non
2342 3722 2514 3775 posse.
2565 3703 2671 3759 Nec
2721 3706 2846 3758 item
2896 3717 3195 3764 novercam,
3245 3703 3327 3755 vel

1797 3817 2012 3857 socrum
2047 3820 2059 3856 :
2092 3799 2342 3867 quoniam
2368 3807 2592 3849 matrum
2615 3796 2732 3848 loco
2754 3801 2897 3848 sunt.
2927 3793 3322 3848 Consideranda

1797 3894 1958 3962 igitur
1975 3897 2096 3944 ante
2123 3890 2300 3943 omnia
2329 3886 2589 3955 graduum
2609 3886 2762 3936 ratio.
2784 3875 2870 3936 Sic
2895 3884 3034 3936 enim
3055 3884 3320 3950 exaequari

1796 3982 1990 4052 poterit
2017 3981 2129 4048 ipsa
2157 3976 2463 4045 quaestionis
2493 3974 2633 4026 velut
2660 3973 2876 4026 acclivis
2905 3972 3252 4040 inaequalitas.

1865 4071 2074 4124 Gradus
2104 4065 2437 4135 cognationis
2463 4063 2592 4116 dicti
2622 4069 2744 4114 sunt
2777 4077 2806 4114 a
2838 4062 3183 4115 similitudine
3205 4075 3326 4128 gra-

1797 4160 1961 4211 duum
2015 4155 2243 4222 alicujus
2292 4153 2469 4206 scalae.
2517 4149 2649 4202 Nam
2682 4149 2824 4203 sicut
2866 4148 2968 4201 illae
3005 4149 3320 4215 principium

1799 4255 2074 4301 sumentes
2120 4258 2147 4295 a
2206 4241 2450 4311 planitie.
2512 4252 2836 4306 sursumque
2881 4236 3193 4298 tendentes,
3255 4239 3318 4289 ad

1799 4331 2230 4387 descendendum
2273 4329 2350 4382 vel
2385 4327 2780 4381 ascendendum
2835 4326 2989 4380 nobis
3028 4329 3265 4380 serviunt
3304 4346 3316 4379 :

1796 4423 1876 4478 sic
1933 4431 1986 4476 et
2040 4421 2092 4474 bi
2131 4419 2349 4488 gradus,
2380 4418 2525 4472 velut
2561 4416 2800 4484 ejusdem
2837 4425 3041 4470 natura:
3077 4416 3211 4468 rami
3253 4431 3317 4468 ex

1795 4509 1997 4573 radice,
2030 4509 2202 4577 primo
2241 4506 2443 4560 scilicet
2479 4511 2698 4572 parente
2729 4503 3096 4572 procedentes,
3121 4517 3320 4570 cogna-

1797 4603 1993 4658 tionem
2021 4597 2325 4669 perﬁciunt.
2365 4594 2652 4648 Videamus
2686 4607 2833 4662 ergo,
2877 4608 3119 4660 quaenam
3149 4595 3316 4647 'radix

1795 4707 1857 4746 ac
1870 4689 2189 4760 principium
2214 4685 2350 4739 inter
2377 4682 2548 4737 virum
2576 4691 2626 4735 et
2656 4695 2872 4734 uxorem
2902 4682 2980 4735 sic
3006 4681 3320 4747 intercedat,

1796 4791 1853 4833 ut
1891 4780 1957 4831 ad
1996 4791 2114 4831 eam
2158 4775 2228 4829 sit
2269 4771 2673 4833 recurrendum,
2713 4778 2766 4824 et
2807 4769 2873 4823 ab
2910 4783 2972 4823 ea
3009 4785 3104 4823 ceu
3155 4772 3320 4840 gradu

1794 4869 2024 4937 quodam
2047 4866 2272 4933 adipsos
2288 4861 2626 4917 veniendum.
2655 4859 2808 4911 Nulla
2837 4873 3058 4926 prorsus
3090 4861 3319 4914 exsistit.

1795 4955 1911 5011 Non
1943 4955 2084 5010 enim
2136 4954 2315 5006 dicere
2359 4949 2623 5018 quiSpiam
2662 4954 2856 5014 potest,
2894 4943 3086 4998 Petrus
3139 4947 3320 5012 genuit

1794 5046 2141 5100 Demetrium.
2167 5043 2307 5096 Idem
2337 5050 2389 5093 et
2427 5038 2639 5091 Mariam
2670 5037 3002 5104 procreavit:
3028 5049 3132 5103 quo
3159 5035 3235 5099 tit,
3261 5045 3320 5090 ut

1795 5137 1849 5191 bi
1893 5137 2119 5189 duorum
2159 5130 2418 5200 graduum
2460 5127 2774 5196 cognatione
2818 5125 2990 5194 juncti
3030 5127 3156 5178 sint.
3209 5125 3319 5176 Hoc

1793 5223 1932 5277 enim
1964 5219 2458 5277 manifestissimum
2492 5213 2822 5268 mendacium
2846 5221 2943 5266 est.
2971 5213 3134 5265 Multo
3151 5213 3321 5280 magis

1795 5312 2002 5366 cavebit
2029 5309 2247 5375 aliquis,
2275 5323 2340 5360 ne
2374 5306 2534 5369 dicat,
2565 5304 2699 5357 duas
2728 5316 2983 5369 personas
3014 5303 3170 5355 unius
3199 5315 3319 5355 esse

1794 5403 2012 5470 gradus.
2041 5398 2248 5468 Quippe
2272 5397 2388 5450 dua:
2411 5395 2779 5466 generationes
2805 5406 2895 5446 eos
2933 5391 3318 5460 produxerunt.

1434 5509 1664 5567 VARIE
1699 5511 2094 5569 LECTIONES.

225 5585 408 5672 'llflde
431 5587 1098 5672 «(agrian-Basilicarum;
1150 5595 1262 5650 vide
1303 5598 1382 5650 tit.
1437 5599 1498 5652 de
1535 5599 1796 5657 Gradibus
1843 5604 2184 5672 cognationis,
2215 5603 2269 5655 (ί.
2319 5601 2410 5654 lib.
2459 5598 2826 5652 Basilicarum.

168 5655 367 5721 prohib.
399 5655 626 5720 ιιιῳιξά.
658 5657 751 5712 lib.
786 5659 974 5713 Basili.

2934 5608 2961 5646 Ρ
2988 5597 3206 5654 eidem.
3255 5595 3324 5652 Α(
