3914 6332
612 360 633 422 l
645 360 747 425 059

1840 377 2108 437 TllEOl).
2157 379 2387 438 BALSA
2397 380 2628 440 MIJNIS

3687 373 3824 438 1061.]

622 497 883 551 Nimirum
918 498 1006 566 qui
1039 500 1242 564 dicunt,
1272 503 1532 572 coniuges
1582 506 1721 560 inter
1765 521 1824 560 se
1857 506 1937 560 vel
1973 507 2144 567 unius,

2257 500 2391 556 εἶναι
2442 507 2565 566 τοὺς
2609 504 2870 572 συζύγους
2912 505 3024 567 ἐνὸς
3059 504 3090 572 ἢ
3121 504 3369 574 δευτέρου
3418 503 3671 574 βαθμοῦ,
3727 509 3816 555 καὶ

623 585 705 637 vel
734 586 952 639 secundi
983 602 1100 641 esse
1131 590 1345 657 gradus,
1377 595 1575 661 quique
1600 608 1694 661 per
1722 595 1918 663 gradus
1954 609 2048 648 eos
2079 595 2148 646 ita

619 673 840 736 libram,
864 676 939 727 uti
974 677 1144 731 solent
1180 694 1264 734 res
1291 682 1411 743 illae,
1450 697 1568 750 quae
1603 685 1855 749 pondere,
1900 685 1977 738 vel
2012 699 2152 738 men-

617 776 764 825 sura,
795 763 876 815 vel
919 780 1138 820 numero
1167 775 1458 836 constant;
1505 773 1709 827 similes
1752 782 1877 828 sunt
1921 775 2152 827 interro-

616 853 884 918 gantibus,
911 857 1198 922 quotuplex
1231 858 1368 911 istud
1394 862 1753 927 pavimentum
1780 864 1910 930 lapis
1930 865 2148 926 ambiat,

614 949 666 994 et
695 944 1160 1010 respondentibus,
1200 948 1414 1017 duplex.
1435 951 1640 1019 Quippe
1669 956 1898 1022 cingitur
1918 969 1945 1005 a
1980 956 2151 1021 lapide

616 1033 816 1094 prasini
851 1032 1067 1098 coloris,
1101 1045 1153 1089 et
1180 1038 1322 1104 ligno
1351 1041 1570 1095 cedrino
1592 1044 1972 1097 circumdatur.
2009 1044 2151 1110 Qua-

615 1120 853 1173 mobrem
902 1131 1024 1189 apte
1066 1126 1315 1189 dicimus,
1370 1144 1468 1181 nec
1518 1131 1583 1183 ad
1623 1132 1849 1185 duorum
1889 1135 2147 1201 graduum

617 1212 1064 1266 necessitudinem
1130 1216 1316 1269 referri
1375 1220 1629 1285 coniuges
1682 1223 1829 1290 (quo
1895 1224 2036 1276 enim
2097 1225 2147 1276 id

587 1352 591 1356 _
616 1306 770 1362 pacto
798 1301 820 1350 ἵν
844 1317 963 1353 cum
999 1304 1237 1356 eamdem
1267 1305 1497 1359 radicem
1534 1317 1584 1361 et
1609 1313 2006 1378 generationem
2045 1329 2149 1366 non

613 1387 862 1452 habeant,
890 1406 951 1443 ac
986 1407 1046 1445 ea
1075 1408 1236 1447 causa
1271 1399 1584 1450 naturaliter
1616 1416 1719 1452 non
1751 1403 2096 1474 dividantur)
2133 1423 2145 1457 :

614 1491 710 1529 nec
756 1480 916 1531 etiam
958 1483 1115 1536 unius
1161 1492 1211 1536 et
1237 1486 1476 1551 ejusdem
1517 1504 1633 1542 esse
1678 1495 1898 1559 gradus,
1936 1502 2150 1560 propter

613 1569 864 1620 unionem
891 1573 1180 1637 carnalem,
1213 1583 1268 1628 ut
1292 1575 1458 1630 instar
1483 1579 1640 1631 mulsi
1675 1581 2147 1648 commisceantur,

612 1653 735 1720 (qua
783 1659 923 1710 enim
977 1659 1027 1712 id
1064 1659 1175 1713 fieri
1210 1663 1416 1716 ratione
1469 1667 1674 1732 possit,
1731 1681 1851 1720 cum
1910 1684 2148 1737 persona:

609 1754 862 1797 maneant
895 1748 1192 1819 integrae?)
1222 1751 1312 1805 sed
1340 1763 1556 1821 propter
1579 1756 1810 1808 divinam
1854 1772 1915 1810 ac
1944 1760 2143 1812 saluta-

611 1848 720 1884 rem
746 1851 926 1888 vocem
950 1836 1181 1904 Domini,
1209 1850 1260 1894 et
1286 1841 1400 1907 Dei,
1427 1855 1481 1897 et
1509 1849 1801 1902 servatoris
1829 1850 1998 1900 nostri
2021 1847 2146 1902 Jesu

609 1921 833 1985 Christi,
855 1925 942 1994 qui
973 1927 1105 1980 dixit
1128 1916 1191 1983 ad
1217 1931 1511 2000 discipulos
1538 1936 1709 2002 ipsum
1736 1937 2143 2008 interrogantes,

608 2011 866 2065 liceretne
911 2015 1110 2068 homini
1149 2018 1413 2075 divertere
1442 2022 1508 2073 ab
1556 2038 1722 2077 uxore
1773 2041 1890 2090 sua,
1932 2028 2146 2082 disertis

607 2103 785 2154 verbis
816 2104 926 2156 hmo
958 2107 1371 2176 subiungendo:
1412 2110 1523 2164 Non
1552 2113 1777 2183 legistis,
1808 2131 1926 2168 eum
1961 2117 2048 2183 qui
2080 2118 2147 2170 ab

608 2192 757 2245 initio
787 2209 871 2248 res
888 2198 1144 2260 condidit,
1178 2214 1374 2252 marem
1393 2209 1444 2252 et
1472 2201 1721 2257 feminam
1751 2207 1894 2273 ipsos
1925 2207 2141 2261 fecisse:

607 2298 709 2350 qua
757 2287 820 2339 de
861 2303 1024 2342 causa
1055 2293 1323 2358 relinquet
1353 2295 1512 2348 homo
1542 2305 1745 2363 patrem
1774 2312 1926 2349 suum
1958 2305 2010 2348 ot
2036 2313 2147 2351 ma-

607 2378 763 2436 trem,
794 2386 843 2428 ct
873 2379 1294 2447 agglutiuabitur
1325 2384 1473 2436 uxori
1522 2400 1650 2438 suae.
1685 2384 1747 2436 Et
1773 2394 1929 2438 erunt
1959 2386 2009 2440 hi
2040 2387 2146 2440 duo

609 2462 658 2515 in
689 2478 902 2519 carnem
936 2484 1116 2524 unam.
1151 2470 1327 2535 Quare
1353 2489 1459 2526 non
1499 2477 1728 2542 amplius
1762 2476 1868 2529 duo
1895 2485 2018 2529 sunt
2052 2478 2142 2530 sed

607 2567 712 2605 una
745 2566 870 2608 caro
904 2573 918 2607 :
948 2567 1162 2625 propter
1190 2561 1326 2614 hanc
1351 2577 1477 2632 ergo
1510 2578 1692 2616 vocem
1725 2565 1944 2618 credere
1970 2579 2069 2617 nos
2093 2571 2145 2618 et

607 2643 876 2705 confiteri,
910 2662 1070 2698 unum
1101 2653 1481 2718 pr0petnodum
1521 2655 1822 2708 unaminem
1853 2655 2142 2718 hominem,

606 2735 694 2800 qui
729 2734 938 2790 duabus
976 2739 1025 2790 in
1071 2741 1312 2807 personis
1349 2745 1590 2796 cernitur
1617 2787 1630 2808 ,
1670 2760 1767 2814 pro
1827 2747 2145 2814 conjugihus

607 2825 935 2879 matrimonii
967 2844 1126 2883 causa
1161 2831 1363 2886 haberi.
1395 2835 1495 2888 Sed
1529 2837 1668 2888 enim
1706 2836 2142 2901 permittendum,

607 2923 664 2967 ttt
683 2916 828 2970 rivus
847 2919 1108 2974 orationis
1134 2924 1291 2975 etiam
1314 2925 1377 2979 ad
1404 2925 1546 2979 aliud
1571 2927 1820 2994 quiddam
1845 2933 2144 2996 opportune

603 3013 806 3057 ΟεΙΓΓῖΙΙ.

2253 591 2700 660 ζυγοστατοῦντες
2740 596 2827 649 διὰ
2867 595 3126 664 βαδμίδων
3166 594 3380 657 αὐτοὺς,
3414 597 3557 648 κατὰ
3585 597 3668 647 τὰ
3694 611 3817 648 στα-

2252 680 2528 749 θμώμενα,
2583 685 2617 752 ἢ
2672 674 3026 754 μετρούμενα,
3071 684 3103 751 ἢ
3144 682 3537 752 ἀριθμούμενα,
3588 683 3816 734 ἐοίκασι

2250 772 2359 830 τοῖς
2381 772 2768 838 ἐρωτωμένοις,
2826 771 2986 832 πόσος
3033 772 3290 839 ἀμπίσχει
3326 772 3439 822 τόδε
3471 771 3530 822 τὸ
3568 770 3814 822 διά-πιὼν

2255 861 2562 927 μάργαροςς
2597 862 2688 911 καὶ
2733 861 3192 928 ἀποκρινομένοις,
3239 860 3432 919 διττός.
3479 861 3656 920 Λίθος
3709 863 3818 924 γαρ

2251 949 2529 1015 πρασίζων
2576 950 2708 1000 αὐτὸ
2757 949 3150 1016 περιζώννυσι,
3207 951 3298 1000 καὶ
3356 949 3510 1012 ξύλον
3556 948 3817 1015 κέδρινον

2251 1037 2617 1101 ἀμφιέννυσιν.
2654 1038 2856 1102 ’Λραρε
2889 1038 3066 1088 τοίνυν
3096 1037 3268 1100 λέγειν
3296 1039 3463 1105 ἡμᾶς,
3503 1038 3651 1103 μήτε
3677 1035 3818 1100 1:95;

2249 1123 2340 1174 δύο
2376 1123 2594 1191 βαθμῶν
2642 1124 2947 1192 οἰκειότητα
2983 1126 3106 1183 τοὺς
3147 1122 3443 1190 όμοξύγους
3475 1121 3816 1187 ἀνάγεσθαι,

2251 1211 2385 1279 (πῶς
2409 1214 2534 1279 γὰρ,
2558 1214 2604 1262 οἱ
2640 1213 2712 1281 μὴ
2741 1213 2834 1280 τὴν
2863 1213 3029 1281 αὐτὴν
3056 1213 3339 1280 ἐσχηκότες
3367 1212 3522 1279 ῥίζαν
3555 1212 3656 1260 καὶ
3690 1210 3818 1275 γέν-

2249 1321 2422 1370 νησιν,
2471 1305 2562 1355 καὶ
2611 1303 2696 1356 διὰ
2741 1304 2894 1355 τοῦτο
2938 1304 3065 1371 μηδέ
3101 1303 3335 1370 φυσικῶς
3371 1299 3815 1370 διαιρούμενοκ)

2252 1394 2373 1461 μήτ’
2425 1389 2513 1444 οὖν
2554 1394 2667 1453 ἐνὸς
2723 1393 2972 1459 γενέσθαι
3007 1393 3246 1460 βαθμοῦ,
3280 1393 3364 1444 διὰ
3396 1394 3494 1459 τὴν
3539 1392 3816 1457 ἐνσαρπσιν

2247 1483 2458 1544 ἕνωσιν,
2495 1483 2586 1533 καὶ
2618 1482 2944 1550 συγχυθῆναι
2972 1482 3109 1533 κατὰ
3133 1481 3474 1549 μελίκρατον.
3518 1480 3644 1538 Πῶς
3673 1480 3812 1545 γὰρξ

2248 1573 2573 1639 Σωζομένων
2625 1570 2976 1624 ἀδιαπτώτων
3021 1572 3128 1622 τῶν
3172 1572 3552 1631 ὑποστάσεων;
3613 1569 3715 1619 Διά
3758 1567 3814 1618 ἃ

2251 1662 2348 1729 τὴν
2403 1661 2551 1711 θείαν
2594 1660 2684 1711 καὶ
2722 1659 3030 1726 σωτηριὼδη
3075 1659 3252 1728 φωνὴν
3300 1658 3390 1709 τοῦ
3430 1657 3667 1725 Κυρίου,
3719 1655 3814 1705 καὶ

2247 1749 2376 1803 Θεοῦ
2417 1751 2506 1800 καὶ
2545 1748 2791 1814 Σωτῆρος
2839 1747 2991 1815 ήμῶν
3042 1745 3207 1813 Ἰησοῦ
3256 1745 3513 1813 Χριστοῦ,
3571 1744 3664 1794 τοῦ
3733 1744 3812 1792 εξ-

2255 1844 2442 1904 πόντος
2474 1844 2608 1910 πρδς
2646 1841 2768 1900 τοὺς
2821 1838 3194 1906 ἐρωτήσαντας
3232 1834 3389 1886 αὐτὸν
3431 1832 3710 1901 μαθητὰς,
3763 1832 3812 1881 εἰ

2251 1931 2456 1995 ἔξεστιν
2503 1931 2770 1998 ἀνθρώπῳ
2801 1927 3061 1980 ἀπολῦσαι
3098 1925 3194 1992 τὴν
3225 1925 3455 1989 γυναῖκα
3484 1921 3679 1982 αὑτοῦ,
3715 1921 3812 1969 καὶ

2253 2022 2616 2087 ἐπαγαγόντος
2664 2019 2833 2070 ταῦτα
2887 2015 3090 2085 ρητῶς’
3136 2014 3251 2064 Ούκ
3309 2013 3602 2084 ἀνέγνωτε,
3656 2011 3744 2061 ὅτι
3783 2011 3811 2059 ὁ

2253 2115 2479 2181 ποιήσας
2519 2109 2789 2177 ἀπαρχῆς,
2819 2109 2980 2174 ἄρσεν
3007 2104 3100 2156 καὶ
3125 2103 3255 2170 θῆλυ
3292 2101 3544 2168 ἐποίησεν
3569 2098 3770 2158 αὐτούς
3793 2113 3807 2125 ·

2250 2201 2344 2253 καὶ
2381 2200 2561 2251 ἕνεκεν
2588 2199 2776 2249 τούτου
2821 2193 3131 2260 καταλείψει
3165 2192 3447 2260 ἄνθρωπος
3469 2190 3564 2240 τὸν
3590 2189 3806 2256 πατέρα

2251 2288 2413 2342 αὐτοῦ
2447 2287 2539 2337 καὶ
2593 2286 2687 2352 τὴν
2738 2286 2964 2352 μητέρα,
3009 2282 3103 2334 καὶ
3160 2278 3697 2348 προσκολληθήσεται
3739 2278 3804 2342 τῆ

2252 2378 2465 2444 γυναικὶ
2493 2375 2654 2428 αὑτοῦ
2682 2391 2695 2405 ·
2737 2373 2828 2425 καὶ
2852 2373 3059 2424 ἔσονται
3101 2373 3150 2424 oi
3188 2370 3278 2423 δύο
3308 2370 3384 2426 είς
3426 2368 3608 2434 σάρκα
3637 2367 3801 2434 μίαν·

2250 2471 2388 2522 ὥστε
2426 2467 2603 2518 οὐκέτι
2657 2465 2762 2516 είσὶ
2814 2463 2922 2523 δύο,
2973 2461 3108 2514 ἀλλὰ
3155 2460 3289 2529 σὰρξ
3337 2460 3462 2528 μία·
3519 2454 3807 2508 πιστεύειν

2250 2561 2415 2628 ἡμᾶς,
2452 2558 2544 2608 καὶ
2577 2555 2872 2622 ὁμολογεῖν,
2904 2551 3000 2604 ἕνα
3047 2550 3231 2618 σχεδὸν
3278 2548 3553 2617 όμόψυχον
3583 2547 3802 2612 ἄνθρω-

2252 2667 2349 2701 πον
2404 2649 2458 2698 ἐν
2504 2645 2620 2696 δυσὶ
2675 2641 3038 2710 θεωρούμενον
3072 2638 3451 2698 ὑποστάσεσιν,
3495 2633 3806 2703 όμοζύγους

2250 2740 2335 2793 διὰ
2359 2737 2446 2789 τὸν
2481 2735 2653 2803 γάμον
2676 2731 2998 2799 λογίζεσθαι.
3050 2729 3208 2782 Ἀλλὰ
3259 2727 3434 2779 δοτέον
3467 2723 3805 2792 ἀναδραμεῖν

2251 2829 2341 2881 τοῦ
2373 2827 2530 2892 λόγου
2556 2825 2644 2877 τὸν
2675 2823 2848 2892 ῥύακα
2876 2820 2966 2874 καὶ
3001 2819 3132 2888 πρὸς
3156 2819 3341 2887 ἕτερον
3367 2815 3606 2883 καίριον.

679 3094 950 3162 Unigeniti
985 3095 1102 3148 Filii
1139 3096 1224 3150 Dei
1266 3098 1824 3168 incomprehensibilis
1861 3121 1988 3176 erga
2044 3125 2144 3165 nos

2332 3095 2395 3152 Ἦ
2441 3095 2531 3149 τοῦ
2593 3091 2910 3163 μονογενοῦς
2967 3090 3095 3144 Υἱοῦ
3154 3088 3247 3142 τοῦ
3291 3088 3426 3141 Θεοῦ
3482 3087 3626 3156 πρὸς
3658 3091 3802 3157 ἡμεῖς

607 3184 884 3244 demissio.
914 3193 966 3239 et
1001 3188 1192 3257 pignus
1218 3189 1405 3242 salutis
1433 3191 1646 3245 humani
1672 3196 1901 3262 generis,
1929 3213 2049 3251 cum
2083 3215 2147 3252 ex

609 3277 728 3328 aliis
766 3277 949 3330 multis
983 3281 1248 3346 mysteriis
1283 3281 1675 3348 magtiilicatur,
1711 3292 1821 3337 tum
1857 3288 2011 3340 etiam
2043 3304 2145 3341 non

610 3381 794 3432 parum
827 3367 1157 3432 gloriﬁcatur
1183 3384 1246 3421 ex
1281 3367 1650 3426 benedictione
1677 3376 1920 3442 nuptiali.
1941 3375 2147 3445 Quippe

605 3467 731 3507 eum
763 3455 991 3507 obnoxia
1027 3467 1244 3522 peccato
1277 3459 1587 3524 coniunctio
1621 3463 1672 3514 in
1710 3466 2014 3518 universam
2056 3466 2149 3517 ho-

609 3545 813 3596 minum
861 3559 1092 3598 massam
1136 3546 1323 3599 luisset
1369 3543 1544 3603 dedita
1586 3559 1706 3619 post
1735 3552 1984 3608 draconis
2009 3554 2147 3607 invi-

609 3633 775 3694 diam,
816 3643 868 3686 et
914 3636 1148 3688 mandati
1185 3636 1350 3690 divini
1386 3642 1887 3708 transgressionem,
1931 3643 2150 3712 jamque

610 3724 806 3774 malum
837 3724 962 3776 illud
983 3726 1046 3777 ad
1072 3724 1172 3777 alia
1191 3727 1328 3778 mala
1352 3728 1554 3794 majora
1576 3731 1929 3798 processisset
1958 3750 1970 3797 ;
2003 3747 2149 3787 cura:

609 3812 841 3881 benigno
876 3812 984 3866 Deo
1026 3814 1123 3866 fuit
1160 3817 1494 3882 regeneratio
1523 3825 1708 3871 nostra
1739 3829 1790 3872 et
1810 3821 2144 3874 instauratio.

611 3899 923 3968 ltaquecum
947 3903 1253 3969 unigenitus
1276 3903 1361 3956 Dei
1396 3901 1559 3958 Filius
1584 3905 1739 3959 homo
1768 3905 2148 3962 factusfuisset

609 3991 782 4044 instar
825 4001 1089 4056 nostrum,
1127 4001 1342 4060 propter
1384 4010 1501 4056 nos,
1538 4005 1589 4050 et
1624 4011 1834 4051 omnem
1869 4000 2023 4050 aliam
2057 3999 2149 4051 ad-

609 4076 1059 4130 ministrationem
1091 4079 1382 4145 implesset,
1416 4081 1490 4133 uti
1515 4097 1611 4135 nos
1639 4083 1936 4137 beatitatem
1969 4087 2147 4152 pristi-

608 4180 730 4217 nam
765 4180 1143 4234 recuperamus
1190 4183 1202 4219 :
1241 4171 1399 4222 etiam
1429 4171 1629 4238 nuptiis
1665 4173 1717 4224 in
1747 4171 1890 4226 Cana
1921 4173 2149 4226 Galilaea:

613 4255 893 4308 celebratis
948 4255 1218 4309 benedixit
1250 4294 1264 4318 ,
1311 4267 1362 4310 et
1402 4273 1596 4324 aquam
1645 4260 2036 4328 desperationis
2091 4261 2146 4313 in

608 4343 790 4395 vinum
820 4359 957 4398 verae
985 4344 1074 4397 Dei
1109 4347 1434 4414 cognitionis
1463 4350 1686 4401 mutavit
1715 4366 1728 4413 ;
1774 4351 2031 4403 certiores
2054 4365 2146 4419 per

2249 3186 2624 3254 ἁκατάληπτος
2661 3181 3082 3249 συγκατάϐασις,
3139 3180 3232 3231 καὶ
3265 3180 3322 3231 τὸ
3373 3178 3472 3247 τῆς
3524 3179 3802 3247 ωτηρῖας

2247 3276 2337 3327 τοῦ
2383 3274 2574 3340 γένους
2619 3272 2725 3322 τῶν
2767 3269 3064 3338 ἀνθρώπων
3110 3267 3384 3335 ἐχέγγυον,
3436 3266 3802 3332 μεγαλύνεται

2251 3363 2346 3432 μὲν
2394 3360 2486 3413 καὶ
2531 3359 2585 3424 ἐξ
2621 3358 2790 3411 ἄλλων
2823 3353 3128 3424 μυστηρίων
3167 3351 3389 3412 πολλῶν,
3419 3351 3516 3419 οὐχ
3543 3349 3716 3420 ἧττον
3751 3351 3802 3402 δὲ

2248 3455 2339 3505 καὶ
2373 3454 2433 3503 ἐκ
2457 3451 2556 3518 τῆς
2584 3447 2822 3516 γαμικῆς
2857 3444 3152 3515 ίερολογίας
3183 3442 3482 3507 δοξάζεται.
3528 3442 3653 3508 Τῆς
3703 3443 3802 3507 γὰρ

2248 3539 2623 3607 ἁμαρτητικῆς
2665 3534 2956 3602 συναφείας
3001 3532 3331 3600 διαδοθείσης
3381 3535 3457 3595 είς
3503 3531 3659 3585 ἅπαν
3705 3533 3803 3583 τῶν

2250 3628 2546 3696 ἀνθρώπων
2576 3626 2635 3676 τὸ
2668 3624 2911 3692 φύραμα,
2945 3622 3079 3690 μετὰ
3111 3623 3200 3674 τὸν
3233 3622 3422 3688 φθόνον
3452 3620 3547 3673 τοῦ
3569 3621 3802 3689 δράκα-ι

2249 3736 2358 3780 τος,
2409 3717 2500 3769 καὶ
2546 3716 2643 3781 τὴς
2687 3713 2902 3779 ἐντολῆς
2930 3710 3020 3764 τοῦ
3055 3711 3188 3764 Θεοῦ
3220 3711 3316 3781 τὴν
3348 3711 3690 3779 παράϐασιν,
3720 3713 3802 3763 καὶ

2248 3807 2338 3859 τοῦ
2363 3805 2526 3859 κακοῦ
2570 3805 2704 3872 πρὸς
2761 3801 2920 3870 ’ἑτερα
2985 3802 3126 3854 κακὰ
3180 3801 3638 3868 προχωρήσαντος
3689 3801 3802 3867 μείκ

2250 3901 2395 3962 Con,
2430 3899 2657 3966 ἐμέλησε
2680 3895 2755 3965 τῷ
2781 3892 3139 3965 φιλανθρώπῳ
3161 3893 3275 3961 Θεῷ
3299 3894 3395 3959 τῆς
3425 3895 3454 3959 ἡ
3465 3893 3578 3960 μῶν
3610 3894 3804 3959 παλιγ-

2249 3987 2492 4054 γενεσίας
2524 3987 2617 4036 καὶ.
2649 3983 3020 4044 ἀναπλάσεως.
3062 3981 3301 4047 Γεγονὼς
3353 3981 3529 4032 τοίνυν
3579 3983 3803 4048 ἂνθρω-

2251 4094 2346 4137 rce;
2391 4074 2510 4126 καθ’
2540 4075 2703 4141 ἡμᾶς,
2731 4073 2796 4124 δι’
2825 4074 2970 4140 ἡμᾶς
3006 4073 3034 4123 ό
3065 4071 3350 4140 μονογενὴς
3373 4070 3500 4130 Υἱὸς
3524 4069 3622 4120 τοῦ
3644 4069 3803 4129 Θεοῦ,

2251 4169 2342 4218 καὶ
2364 4167 2538 4217 πᾶσαν
2585 4164 2748 4234 ἄλλην
2789 4163 3077 4232 πληρώσας
3123 4161 3450 4229 οἰκονομίαν,
3507 4159 3595 4212 ἵνα
3645 4162 3804 4227 ἡμεῖς

2249 4256 2346 4322 τὴν
2376 4251 2605 4321 ἀρχαίαν
2645 4251 3017 4320 μακαριότητα
3049 4249 3320 4318 λάϐωμεν,
3363 4249 3454 4299 καὶ
3488 4247 3576 4299 τὸν
3607 4250 3672 4299 ἐν
3697 4251 3806 4300 Κα-

2250 4346 2315 4396 νᾶ
2341 4345 2437 4412 τῆς
2469 4342 2756 4403 Γαλιλαίας
2782 4344 2956 4408 γάμον
2981 4340 3270 4409 ηὑλόγησε,
3305 4340 3394 4390 καὶ
3430 4337 3489 4390 τὸ
3533 4337 3681 4405 ὕδωρ
3713 4338 3804 4402 τῆς

609 4433 708 4486 hoc
740 4435 960 4488 reddens
985 4436 1246 4500 homines,
1281 4438 1423 4506 quod
1458 4437 1664 4493 femina:
1703 4454 1807 4493 non
1843 4440 2070 4511 amplius
2099 4439 2144 4494 in

2255 4433 2608 4502 ἀπογνώσεως
2630 4435 2707 4495 είς
2726 4427 2864 4484 οἶνον
2884 4431 3107 4500 ἀληθοῦς
3131 4431 3450 4498 θεογνωσίας
3476 4429 3798 4498 μετέϐαλεν

609 4522 891 4576 doloribus
930 4525 1128 4580 liberos
1177 4529 1405 4593 pariant,
1452 4543 1548 4580 nec
1584 4528 1675 4596 qui
1711 4539 2064 4596 procreantur
2086 4545 2150 4582 ex

610 4615 951 4682 copulatione
999 4616 1376 4669 matrimoniali
1435 4618 1661 4685 amplius
1723 4619 1950 4686 priSIino
1997 4633 2148 4673 more

607 4702 810 4768 dicant,
839 4704 891 4756 In
915 4705 1146 4772 peccatis
1174 4707 1418 4774 concepit
1441 4722 1522 4760 me
1552 4714 1723 4761 mater
1751 4723 1864 4761 mea
1893 4725 1905 4760 :
1930 4708 2022 4762 sed
2054 4707 2143 4761 Dei

610 4803 870 4859 praecepta
938 4803 1230 4857 servantes,
1288 4795 1737 4861 quemadmodum
1800 4797 2002 4862 primus
2060 4797 2144 4850 ille

610 4892 802 4944 parens
849 4888 1029 4934 noster
1075 4895 1133 4933 ea
1184 4885 1414 4936 servavit
1457 4894 1580 4938 ante
1624 4884 2141 4953 transgressionem,

609 4969 856 5022 eumdem
888 4971 1144 5022 honorem
1181 4981 1232 5024 et
1270 4973 1490 5039 gloriam
1541 4983 1974 5043 consequantur,
2039 4988 2141 5041 qua

609 5057 809 5112 fuerint
842 5059 1018 5111 ornati
1047 5060 1200 5128 primi
1233 5073 1481 5128 parentes
1511 5073 1634 5118 ante
1677 5064 2110 5118 inobedientiam.

676 5232 996 5286 llonorabile
1027 5248 1256 5302 namque
1294 5235 1691 5288 matrimonium
1726 5242 1826 5299 est,
1859 5245 1911 5288 et
1969 5236 2138 5289 lectus

607 5325 940 5392 impollutus,
973 5325 1063 5393 qui
1130 5325 1354 5379 salutem
1420 5326 1660 5395 largitur.
1710 5324 1838 5389 Ουθε
1884 5342 2003 5378 cum
2071 5328 2141 5379 ita

607 5417 733 5478 sint,
763 5421 815 5468 et
846 5429 966 5467 cum
999 5415 1188 5468 tabula:
1215 5414 1470 5469 divinitus
1505 5418 1720 5484 scriptae
1773 5415 1972 5478 dicant,
2024 5414 2140 5468 Non

605 5503 920 5572 ingredieris
970 5505 1032 5556 ad
1085 5506 1327 5569 quemvis
1378 5507 1737 5560 necessarium
1800 5508 1979 5560 carnis
2011 5518 2134 5567 tuae,

604 5605 658 5644 ut
697 5594 897 5646 reveles
933 5593 1185 5661 pudorem
1215 5596 1328 5664 ejus
1359 5611 1371 5646 :
1406 5610 1524 5656 cum
1568 5598 1771 5664 primus
1824 5596 1910 5648 ille
1945 5611 2136 5664 parens

606 5693 786 5736 noster
817 5683 938 5736 alibi
969 5684 1321 5752 responderit,
1366 5685 1482 5737 Jam
1512 5689 1678 5754 magis
1735 5701 1868 5739 uxor
1913 5701 2026 5738 mra
2053 5695 2134 5737 est

2255 4523 2498 4577 ἐντεῦθεν
2528 4523 2878 4592 πληροφορῶν
2905 4522 2965 4574 τὸ
2992 4519 3349 4588 ἀνθρώπινον,
3377 4519 3450 4580 ὡς
3479 4519 3663 4569 οὐκέτι
3706 4535 3801 4583 γυ-

2252 4617 2432 4675 ναῖκες
2473 4614 2530 4664 ἐν
2575 4613 2768 4673 λύπαις
2796 4613 2958 4663 τέκνα
2991 4610 3356 4677 γεννήσουσιν,
3391 4607 3508 4660 οὐδὲ
3541 4607 3602 4658 ἐκ
3636 4623 3800 4674 γαμι-

2251 4702 2350 4770 κῆς
2401 4699 2687 4766 συναφείας
2723 4697 3042 4765 τικτόμενοι,
3103 4697 3242 4747 κατὰ
3296 4694 3356 4746 τδ
3402 4693 3664 4762 πρότερον
3728 4692 3802 4743 εἴ·

2252 4805 2417 4854 ποιεν,
2457 4789 2540 4839 Ἐν
2567 4788 2854 4855 ἁμαρτίαις
2877 4785 3123 4853 ἐκίσσησέ
3157 4801 3222 4853 με
3243 4785 3276 4852 ή
3301 4785 3479 4853 μήτηρ
3507 4798 3605 4850 μου
3624 4798 3639 4811 ·
3667 4781 3797 4833 ἀλλὰ

2248 4879 2580 4946 τηρήσαντες
2613 4879 2706 4939 τὰς
2739 4875 2952 4937 ἐντολὰς
2996 4873 3087 4925 τοῦ
3119 4873 3276 4934 Θεοῦ,
3309 4873 3484 4935 καθὼς
3523 4874 3553 4923 ό
3579 4874 3794 4940 προπά-

2251 4984 2360 5037 τωρ
2385 4967 2554 5029 αὐτὸς
2585 4965 2815 5034 ἐτήρησε
2840 4964 2943 5033 πρὸ
2969 4963 3063 5030 τῆς
3106 4963 3480 5031 παραϐάσεως,
3501 4960 3600 5027 τῆς
3622 4961 3790 5025 αὐτῆς

2247 5056 2410 5126 τιμῆς
2443 5057 2532 5107 καὶ
2562 5055 2715 5122 δόξης
2749 5053 3156 5124 ἁξιωθήσονται,
3187 5054 3304 5114 οἵας
3332 5051 3438 5119 πρὸ
3468 5051 3568 5117 τῆς
3611 5066 3784 5118 παραυ

2248 5145 2346 5213 κοῆ
2358 5163 2379 5204 ς
2413 5147 2460 5196 οἱ
2499 5145 2861 5213 προπάτορες.

2318 5234 2504 5302 Τίμιος
2537 5232 2643 5302 γὰρ
2671 5235 2697 5284 ό
2725 5233 2914 5300 γάμος,
2944 5232 3034 5283 καὶ
3063 5233 3094 5301 ἡ
3118 5230 3265 5299 κοίτη
3297 5230 3573 5299 ἀμίαντος,
3609 5245 3777 5296 σωτηε

2251 5324 2369 5392 ρίαν
2419 5322 2877 5391 φιλοτιμούμενος.
2922 5321 3136 5373 Τούτων
3186 5321 3355 5382 οὕτως
3389 5320 3639 5388 ἐχόντων,
3696 5321 3779 5369 καὶ

2245 5414 2350 5464 τῶν
2389 5411 2701 5480 θεογρὰφων
2743 5410 2959 5462 πλακῶν
2998 5411 3286 5475 λεγουσῶν·
3353 5411 3464 5460 Οὐκ
3503 5408 3776 5475 εἰσελεύσῃ

2248 5502 2382 5569 πρὸς
2418 5503 2589 5554 πάντα
2623 5503 2819 5552 οἰκεῖον
2860 5500 3059 5569 σαρκός
3088 5517 3180 5551 σου
3222 5497 3567 5566 ἀποκαλύψαι
3595 5497 3774 5564 aiax-J-

2247 5609 2340 5654 νην
2379 5589 2538 5641 αὑτοῦ
2559 5607 2569 5618 ·
2608 5588 2700 5642 καὶ
2719 5588 2810 5640 τοῦ
2841 5589 3176 5658 προπάτορος
3214 5589 3645 5655 ἀποκρινομένου
3677 5587 3777 5640 ἐτέ-

2240 5685 2428 5747 ρωθεν.
2462 5683 2571 5733 Νῦν
2605 5683 2693 5731 καὶ
2730 5681 2924 5746 μᾶλλον
2970 5683 3000 5743 ἠ
3054 5680 3186 5744 γυνή
3219 5695 3318 5744 μου
3370 5677 3560 5734 όστοῦν
3590 5681 3652 5731 ἐκ
3680 5677 3774 5730 τῶν
