3914 6332
131 393 293 462 1061

1599 416 1998 474 λίΕΟῑΤΛΤλ.

3203 403 3338 487 10622

136 519 342 572 ὀστων
387 522 484 589 μού
530 525 667 584 ἐστιτ
707 529 796 576 καὶ
844 525 976 594 σαρξ
1015 527 1070 591 ὲξ
1107 528 1201 597 τῆς
1245 533 1442 599 σαρκός
1477 548 1609 598 μουο
1646 530 1695 580 οξ

1809 549 1867 586 us
1895 552 1957 588 ex
1992 535 2200 588 ossibus
2232 534 2385 597 meis,
2409 541 2459 585 et
2486 547 2610 586 caro
2631 547 2693 585 ex
2721 547 2881 585 carne
2902 547 3016 586 mea
3045 551 3057 586 :
3085 534 3329 599 equidem

135 609 347 679 τολμῶ
369 612 491 673 τοὺς
521 612 818 679 όμοζύγους
851 617 1021 668 είπεῖν
1051 617 1215 687 ἄλλης
1243 619 1335 671 καὶ
1379 620 1539 686 ἄλλης
1566 615 1701 670 εἶναι

141 697 390 767 σαρκὸς,
423 699 524 750 κᾶν
561 703 615 752 ἐν
658 701 810 753 δυσὶν
845 704 1198 760 ὑποστάσεσιν
1245 707 1439 767 αὐτοὺς
1477 705 1662 773 θεωρῶ
1684 722 1696 735 ·

141 787 256 840 ενα
297 789 370 860 μὴ
416 791 636 852 δικαίως
665 793 977 863 κατακριθῶ
1027 796 1166 848 κατὰ
1213 796 1336 858 τοὺς
1383 797 1702 859 ἀθετοῦντας

141 878 474 947 ἔγγρὰφους
509 881 600 931 καὶ
657 881 932 949 ἀγράφους
983 885 1325 952 παραδόσεις,
1369 886 1476 937 τῶν
1531 887 1699 952 ἁγίων

155 967 511 1038 Ἐκκλησιῶν
551 971 644 1021 καὶ
679 971 775 1038 τῆς
832 973 1100 1042 σωτηρίας
1150 975 1305 1042 ἡμῶν
1336 976 1395 1026 τὸ
1419 977 1698 1043 ἐχέγγυον.

141 1058 518 1124 Διαγινώσκω
543 1058 597 1109 δὲ
629 1059 825 1126 μᾶλλον
866 1061 991 1128 μίαν
1026 1063 1200 1130 σάρκα
1245 1064 1460 1124 τούτους
1492 1065 1698 1128 λογίζε-

145 1144 316 1207 σθαι,
348 1147 439 1196 καὶ
471 1148 578 1207 τοῖς
618 1148 794 1207 αὐτοῖς
841 1151 1279 1217 στενοχωρεῖσθαι
1308 1152 1395 1201 τὸν
1420 1152 1587 1218 ἄνδρα
1617 1167 1699 1203 νο-

147 1236 348 1301 μικοῖς
369 1233 463 1285 καὶ
492 1238 789 1296 κανονικοῖς
825 1238 1288 1304 παραγγέλμασιν,
1316 1239 1434 1290 ὅσον
1457 1239 1591 1300 τέως
1623 1241 1701 1301 εἰς

145 1322 461 1388 συνάφειαν
489 1325 746 1392 γαμικὴν,
775 1318 854 1385 οἷς
883 1326 1026 1394 καὶὴ
1055 1325 1238 1378 τούτου
1289 1331 1698 1394 πενοχωρείται

143 1412 465 1480 ὁμόζυγοςυ
491 1413 676 1483 ὥσπερ
714 1414 806 1466 καὶ
849 1413 907 1465 τὸ
950 1415 1234 1468 ἀνάπαλιν.
1274 1416 1380 1468 Καὶ
1430 1415 1515 1467 διὰ
1545 1415 1708 1467 τοῦτον

150 1503 245 1583 μὴ
303 1503 557 1554 δύνασθαι
601 1503 690 1555 τὸν
735 1505 1038 1571 Δημήτριον
1073 1504 1151 1564 είς
1183 1507 1412 1568 γυναῖκα
1446 1505 1542 1570 τὴν
1573 1504 1701 1555 Θεο-

145 1590 343 1658 δὼραν
388 1590 603 1647 λαϐεῖν.
668 1591 1012 1660 λογιζομένην
1065 1592 1438 1662 δισεξαδέλφην
1487 1593 1648 1646 αὐτοῦ
1684 1634 1698 1658 ,

145 1681 251 1733 διὰ
282 1681 379 1749 τὴν
406 1684 543 1749 μετὰ
569 1682 664 1749 τῆς
686 1684 897 1751 Μαρίας
923 1685 1161 1754 γαμικὴν
1188 1685 1371 1737 τούτου
1391 1688 1698 1752 συνάφειαν.

161 1771 527 1840 Ἀποδέχομαι
578 1771 633 1824 δὲ
688 1773 777 1824 καὶ
821 1776 943 1834 τοὺς
1001 1774 1304 1836 κωλύοντας
1346 1776 1404 1825 τὸ
1465 1775 1699 1826 τοιοῦτον

1805 626 1982 678 dicere
2008 641 2109 677 non
2141 623 2330 685 audeo,
2355 623 2608 692 coniuges
2638 624 2854 676 alterius
2883 623 3192 684 et.alterius
3213 639 3333 678 esse

1804 715 2002 776 carnis,
2032 714 2151 766 licet
2172 728 2263 766 eos
2290 713 2342 766 in
2362 714 2569 766 duabus
2585 714 2826 779 personis
2846 713 2996 781 video
3021 730 3034 764 :
3056 728 3119 765 ne
3141 706 3328 767 ineritc

1800 802 2124 856 comlemner
2147 803 2356 855 illorum
2421 818 2586 862 more.
2645 803 2738 870 qui
2806 802 3033 870 scriptas
3096 811 3149 854 et
3221 818 3326 855 non

1801 892 2028 958 scriptas
2096 892 2408 944 traditiones
2472 893 2779 958 reprobant,
2837 901 3322 958 quaesanctarum

1801 977 2157 1033 Ecelesiarum
2182 989 2235 1033 et
2279 981 2471 1033 salutis
2526 991 2722 1032 nostra:
2782 980 2972 1048 pignus
3024 989 3166 1032 sunt.
3221 981 3322 1031 lmc

1799 1069 1978 1137 potius
2003 1078 2198 1132 statuo,
2230 1085 2326 1136 pro
2355 1084 2460 1121 una
2504 1084 2666 1122 carne
2723 1070 3012 1131 ducendos,
3045 1079 3097 1120 et
3139 1069 3325 1120 iisdem

1799 1159 2091 1227 constringi
2121 1161 2635 1229 maritumlegalihus
2665 1160 3006 1213 ctcanonicis
3029 1158 3326 1223 praeceptis,

1797 1260 2052 1319 quantum
2081 1250 2283 1303 scilicet
2309 1251 2696 1317 c0pulationcm
2722 1247 3164 1300 matrimonialcm
3203 1247 3333 1296 atti-

1798 1349 1907 1402 net,
1951 1342 2144 1408 quibus
2188 1349 2241 1394 et
2277 1340 2472 1406 conjux
2531 1339 2648 1406 ejus
2679 1339 3006 1389 includitur:
3072 1336 3330 1401 idemque

1798 1431 1912 1484 vice
1940 1443 2093 1482 versa
2133 1430 2305 1482 locum
2342 1428 2555 1480 habere.
2597 1426 2768 1492 Atque
2806 1426 2904 1476 hac
2937 1427 3001 1476 de
3033 1440 3194 1476 causa
3225 1439 3328 1474 non

1797 1535 1954 1587 posse
1986 1519 2308 1572 Demetrium
2339 1518 2391 1571 in
2434 1531 2653 1569 uxorem
2716 1517 2912 1568 ducere
2967 1513 3326 1573 Theodoram,

1799 1625 1914 1678 quae
1935 1623 2027 1674 pro
2061 1607 2276 1660 sobrina
2307 1606 2423 1674 ejus
2475 1606 2720 1666 habetur,
2780 1612 2994 1670 propter
3046 1603 3329 1654 Inatrimo—

1800 1701 1988 1751 nialem
2021 1697 2188 1754 iusius
2218 1711 2336 1748 cum
2370 1696 2528 1748 Maria
2557 1694 3009 1761 conjunctionem.
3051 1692 3328 1744 Assentior

1799 1790 1956 1841 etiam
1989 1789 2075 1850 iis,
2111 1788 2198 1855 qui
2227 1786 2671 1838 matrimonialem
2697 1783 3326 1850 ejusmodi—contractum

145 1859 396 1928 γαμικὸν
430 1857 522 1910 τοῦ
552 1859 859 1927 Δημητρίου
885 1859 1227 1926 συνάλλαγμα
1248 1858 1334 1912 διὰ
1367 1861 1488 1919 τοὺς
1507 1859 1695 1927 νόμους

1799 1845 2377 1942 Demctriivprohibent
2440 1873 2611 1938 legum
2672 1845 2879 1921 ratione
2937 1866 3042 1934 (66)
3098 1881 3324 1934 quarum

142 1945 288 2005 ’τοὺς
311 1945 581 2010 λέγοντας,
605 1946 660 1996 ὲν
688 1947 797 2004 τοῖς
819 1947 1012 2012 γάμοις
1042 1947 1100 1998 οὐ
1129 1947 1283 2016 μόνον
1311 1946 1372 1997 τὸ
1394 1947 1693 2013 ἐφειμένον,

151 2033 300 2085 ἀλλὰ
335 2035 427 2087 καὶ
467 2035 526 2085 τὸ
564 2034 834 2104 εὐπρεπὲς
883 2035 1178 2103 ζητητέονο
1217 2036 1490 2088 κατανοῶν
1532 2037 1696 2104 ἁπρε·

146 2124 429 2175 πέστατον
483 2122 640 2189 εῖναι,
692 2125 781 2176 τὸν
835 2127 992 2194 μέχρι
1039 2125 1129 2178 τοῦ
1163 2126 1253 2178 νῦν
1279 2126 1522 2196 γαμϐρὸν
1550 2127 1696 2191 παρὰ

147 2213 254 2278 τῆς
304 2214 675 2285 δισεξαδέλφης
730 2215 1035 2283 λεγόμενον,
1068 2215 1333 2285 όμόζυγον
1386 2217 1552 2280 αὐτῆς
1587 2219 1697 2268 ὀνο·-

153 2302 446 2377 μάζεσθαι.
482 2309 600 2360 Ὅτι
625 2307 679 2360 δὲ
733 2304 998 2375 χρώμενοι
1028 2305 1231 2374 ῥήμασί
1258 2321 1400 2366 τινες
1441 2305 1530 2358 τοῦ
1560 2306 1695 2357 κατὰ

149 2397 257 2463 τὴν
279 2394 321 2445 λ’
349 2395 440 2446 τοῦ
473 2394 685 2447 Ἰουλίου
715 2393 897 2463 μηνὸς,
923 2395 1018 2460 τῆς
1053 2394 1121 2462 ιβ’
1153 2395 1538 2463 ἑπινεμήσεως,
1573 2411 1695 2446 συν-

151 2484 339 2537 οδικοῦ
371 2484 764 2554 ημειὼματος,
793 2483 884 2535 τοῦ
920 2485 1016 2552 μὲν
1051 2485 1348 2550 ἁγιωτάτου
1373 2482 1534 2554 κυροῦ
1565 2483 1694 2534 θεο-

151 2573 341 2624 δοσίου
372 2574 878 2644 πατριαρχεύοντος,
915 2572 1068 2641 ἡμῶν
1097 2574 1150 2625 δὲ
1180 2573 1270 2626 τοῦ
1297 2574 1695 2642 χαρτοφύλακος

153 2661 524 2732 ἐνεργούντων
584 2663 792 2728 ὀφίκιον
826 2702 840 2726 ,
896 2665 990 2715 καὶ
1042 2665 1167 2734 περὶ
1211 2665 1270 2715 τὸ
1333 2663 1480 2725 τέλος
1526 2664 1693 2714 ταῦτα

154 2751 461 2815 διεξιοῦσιν.
497 2751 649 2804 Ἐπεί
679 2752 784 2818 γὰρ
815 2753 850 2817 ὴ
872 2753 1017 2818 μετὰ
1045 2752 1317 2805 Ἰωάννου
1346 2752 1694 2803 τελεσθεῖσα

150 2841 448 2908 μνηστεία
476 2843 552 2904 ὡς
601 2842 1012 2906 ἀνυπόστατος
1035 2842 1294 2905 λέλυται,
1329 2840 1421 2892 διὰ
1447 2840 1558 2906 τὴν
1588 2840 1694 2906 τῆς

157 2931 416 2997 Εἰρήνης
464 2930 813 2996 ἀνηϐότητα,
876 2930 1068 2995 καλῶς
1124 2932 1160 2998 ἡ
1201 2917 1415 2997 Εἰρήνη
1445 2930 1694 2996 δευτέρῳ

154 3019 466 3086 ἐξαδέλςρφ
497 3019 678 3072 αὐτοῦ
716 3021 864 3072 κατὰ
904 3023 1086 3087 νόμον
1142 3019 1325 3087 γάμου
1371 3020 1695 3086 συξευχθή-

155 3123 350 3160 σεται.
382 3107 526 3160 Οὔτε
558 3106 667 3175 γὰρ
711 3110 1068 3176 συγγενικὸν
1112 3110 1425 3173 πρόσωπον
1461 3109 1573 3175 τὴν
1600 3111 1693 3160 El-

148 3203 356 3266 ρήνην
380 3197 684 3266 λογίζεται,
727 3203 758 3252 ὁ
789 3199 1097 3266 Θεόδωρος,
1126 3199 1258 3251 οὔτε
1297 3199 1416 3269 τοῖς
1443 3199 1507 3262 ἐξ
1534 3201 1696 3268 ἀγχι-

154 3289 365 3352 στείας
400 3287 641 3354 δεσμοῖς
668 3288 764 3340 καὶ
816 3288 973 3354 ὅροις
1031 3289 1440 3354 συσφίγγεται,
1491 3287 1586 3339 διὰ
1633 3290 1694 3340 τὸ

156 3377 482 3448 ὑπερϐῆναι
509 3378 613 3431 τὸν
635 3379 702 3442 ἐξ
727 3378 1064 3446 ἀγχιστείας
1095 3377 1267 3429 ἕκτον
1292 3377 1544 3444 βαθμόν.

228 3468 480 3520 Θέλουσιν
518 3471 664 3536 ἡμᾶς
716 3469 946 3537 σιωπᾷν,
979 3469 1099 3535 ἄρτι
1144 3466 1400 3519 τάναντία
1457 3467 1696 3531 διαγινώ-

159 3570 384 3617 σκοντας
407 3571 422 3585 ’
456 3556 667 3623 πρῶτον
719 3555 815 3623 μὲν
868 3554 1117 3621 λέγομεν,
1158 3554 1231 3614 ὡς
1255 3555 1281 3604 ό
1305 3556 1446 3605 κατὰ
1476 3556 1694 3621 καιροὺς

157 3661 224 3710 χα
236 3643 502 3713 ρτοφύλαξ
527 3644 699 3713 στόμα
730 3642 1113 3711 πατριαρχικδν
1132 3641 1493 3707 λογιζόμενος,
1518 3644 1694 3694 ἐκεῖνα

155 3732 307 3800 λέγει
340 3735 430 3785 καὶ
465 3736 688 3802 γράφει,
723 3735 825 3786 ὅσα
863 3731 1150 3798 νεφελὼσει
1180 3729 1271 3781 καὶ
1305 3731 1563 3783 ὑδατώσει
1598 3733 1695 3798 τῆς

158 3825 395 3892 κεφαλῆς
418 3824 769 3893 ήάκρώρεια.
802 3821 1004 3874 Οὐκοῦν
1033 3819 1146 3897 οῦδ)
1174 3820 1472 3881 αίτιατέους
1494 3819 1525 3886 ἢ
1545 3820 1695 3870 ἐπαι-

157 3915 366 3977 νετέους
395 3913 649 3977 λογιεῖταί
673 3929 760 3974 τις
796 3913 942 3979 ἡμᾶς
981 3907 1521 3977 καλλιγραφήσαντας
1567 3909 1694 3969 ίσως

156 4006 252 4074 τὴν
286 4004 561 4074 παροῦσαν
613 4001 886 4064 ὑπόθεσιν,
919 3999 949 4069 ἢ
989 3999 1294 4050 ¹τούναντίον
1344 3999 1692 4066 κακογραφή-

158 4112 375 4158 σαντας.
405 4095 558 4146 Κατὰ
592 4091 698 4160 γὰρ
723 4092 813 4144 τὸν
840 4090 1050 4158 Βαροὺχ
1092 4087 1692 4155 ὑπογραμματεύσαμεν

157 4186 256 4238 ὅσα
323 4183 533 4253 θρηνῶν
576 4181 838 4250 Ἱερεμίας
883 4179 1180 4246 ἑθρήνησεο
1242 4178 1334 4228 καὶ
1397 4176 1535 4226 κατὰ
1604 4176 1694 4225 τὸν

168 4269 376 4339 ’Δαρὼν
427 4268 782 4335 ἐλαλήσαμεν,
820 4266 919 4317 ὅσα
971 4265 1145 4315 λαλῖιν
1187 4264 1410 4329 ὲλάλησε
1467 4261 1688 4330 Μωσῆς.

157 4358 332 4425 Ὅπερ
361 4356 415 4407 δὲ
449 4356 542 4407 καὶ
575 4355 689 4406 τότε
720 4352 815 4419 τὴν
849 4353 1156 4421 μικρόνοιαν
1183 4352 1336 4420 ἡμῶν
1367 4351 1692 4418 ἐθεράπευσε

1800 1961 1956 2013 verba
1986 1968 2110 2014 sunt
2142 1977 2154 2012 :
2181 1960 2237 2012 In
2271 1959 2472 2026 nuptiis
2504 1972 2608 2009 non
2647 1957 2819 2010 solum
2846 1954 2972 2020 quid
3009 1955 3323 2021 permissum

1798 2052 1887 2112 sit,
1918 2049 2008 2102 sed
2035 2051 2193 2102 etiam
2225 2050 2357 2117 quid
2383 2049 2685 2110 honestum,
2719 2043 3166 2098 considerandum
3194 2050 3276 2093 est
3311 2058 3323 2091 :

1796 2140 1921 2191 dum
1972 2139 2355 2198 animadverto,
2410 2136 2903 2190 inhonestissimum
2951 2148 3094 2192 esse,
3153 2129 3324 2195 utqui

1796 2229 2053 2281 hactenus
2081 2243 2109 2279 a
2148 2227 2364 2280 sobrina
2405 2235 2624 2279 vocatus
2668 2225 2828 2276 fuerit
2884 2222 3073 2284 aﬂinis,
3142 2228 3325 2284 postea

1794 2301 2005 2383 coniux.
2028 2315 2141 2381 ejus
2171 2315 2483 2382 appelletur.
2510 2313 2571 2366 Et
2630 2314 2752 2381 quia
2802 2313 3044 2365 nonnulli
3115 2317 3325 2361 utentes

1797 2407 1968 2460 verbis
1993 2405 2176 2473 scripti
2210 2404 2494 2478 synodalia,
2552 2403 2802 2470 publicati
2850 2401 2933 2454 die
2957 2415 3068 2452 xxx
3121 2396 3324 2448 mensis

1792 2495 1937 2558 Julii,
1978 2493 2269 2547 indictione
2298 2493 2632 2551 duodecima,
2667 2506 2788 2542 cum
2819 2497 2963 2542 esset
3020 2486 3325 2554 patriarcha

1795 2585 2170 2640 sanctissimus
2201 2583 2289 2634 ille
2315 2580 2563 2633 dominus
2595 2579 2943 2640 'icodosiUs,
2969 2585 3020 2630 et
3039 2592 3132 2628 nos
3154 2574 3325 2626 ollicin

1793 2673 2104 2729 chartularii
2162 2671 2524 2737 iungeremur,
2557 2685 2661 2736 quo
2690 2670 2741 2720 in
2774 2670 2973 2732 scripto
2999 2667 3137 2718 circa
3170 2665 3324 2714 titiam

1795 2764 1903 2817 haec
1924 2764 2083 2815 verba
2106 2763 2352 2828 leguntur
2377 2777 2388 2810 :
2409 2752 2537 2810 Cum
2563 2759 2695 2810 enim
2719 2757 2974 2808 celebrata
2992 2769 3105 2803 cum
3123 2751 3326 2801 Joanne

1793 2855 2058 2920 sponsalia
2088 2893 2100 2914 ,
2146 2869 2235 2904 ceu
2277 2852 2483 2902 minime
2534 2846 2850 2907 constantia,
2883 2843 3170 2900 solvantur,
3200 2855 3325 2906 pro-

1793 2953 1901 3007 pter
1951 2949 2154 2994 aetatem
2182 2939 2350 2990 lrena:
2381 2935 2688 3000 impuberem
2716 2949 2732 2984 :
2762 2941 2894 2986 recte
2928 2931 3082 2984 Irena
3117 2929 3324 2981 sobrina

1795 3032 1959 3100 ipsius
1990 3031 2094 3098 lege
2125 3027 2500 3080 matrimoniali
2521 3024 2864 3090 copulabitur.
2902 3021 3094 3087 Quippe
3122 3036 3210 3071 nec
3234 3033 3325 3081 pro

1723 3140 1766 3199 ρ
1795 3135 2012 3186 persona
2036 3127 2252 3184 cognata
2282 3114 2573 3167 Theodorus
2607 3111 2820 3163 Irenam
2842 3108 3003 3164 ducit.
3035 3122 3123 3158 nec
3161 3105 3328 3169 aﬁini-

1799 3210 1919 3260 tatis
1957 3209 2172 3260 vinculis
2210 3218 2362 3273 atque
2409 3203 2600 3271 legibus
2651 3199 3022 3264 constringitur
3063 3205 3327 3259 propterea

1794 3297 1927 3357 quod
1955 3305 2151 3348 sextum
2175 3310 2236 3346 ea:
2263 3293 2506 3360 afﬁnitate
2531 3291 2748 3357 gradum
2781 3287 3013 3341 excedat.

2478 3405 2516 3440 ἃ

1864 3463 1958 3516 His
1997 3477 2121 3528 ergo
2145 3460 2325 3513 verbis
2356 3466 2589 3516 utentes,
2616 3466 2792 3508 tacere
2823 3465 2921 3504 nos
2981 3447 3192 3506 volunt,
3237 3460 3325 3510 qm

1789 3553 1896 3620 jam
1926 3551 2192 3605 contraria
2235 3550 2565 3602 statuimus:
2621 3545 2849 3611 primum
2909 3536 3326 3604 respondemus,

1793 3641 2051 3707 cujusque
2076 3639 2330 3706 temporis
2364 3634 2779 3693 chartularium,
2811 3628 2900 3695 qui
2922 3641 2982 3678 os
3007 3623 3330 3690 patriarchae

1793 3743 1913 3782 esse
1949 3727 2184 3788 ducitur,
2216 3740 2276 3777 ea
2312 3732 2422 3776 tum
2460 3722 2657 3781 dicere,
2728 3726 2840 3769 tum
2901 3713 3156 3770 scribere,
3210 3721 3329 3775 quae

1794 3818 1982 3886 capitis
2008 3816 2106 3884 ipsi
2141 3823 2321 3869 vertex
2360 3815 2534 3865 instar
2562 3808 2716 3861 nubis
2743 3813 2793 3859 et
2817 3817 2967 3871 aqua:
2995 3797 3323 3868 suppeditat.

1793 3885 2018 3975 Ideoque
2048 3919 2144 3957 nec
2168 3903 2482 3970 culpandos,
2517 3912 2614 3952 nec
2646 3892 2939 3949 laudandos
2973 3903 3070 3942 nos
3119 3885 3329 3954 putabit

1791 3996 2076 4064 quispiam,
2108 3993 2196 4060 qui
2226 3993 2305 4045 vel
2343 4001 2483 4044 recte
2537 3993 2852 4054 prmsentem
2902 3992 3144 4039 causam,
3176 3975 3254 4027 vel
3298 3988 3328 4026 e

1791 4086 2060 4140 contrario
2102 4083 2235 4135 male
2263 4080 2464 4132 litteris
2481 4073 2744 4143 complexi
2783 4073 2975 4125 simus.
3011 4065 3142 4117 Nam
3184 4076 3331 4115 more

1790 4175 2037 4238 Baruchi,
2075 4175 2261 4228 scriba:
2296 4183 2515 4223 munere
2540 4164 2701 4218 functi
2730 4159 3034 4214 notavimus
3079 4163 3332 4222 quaecun-

1791 4281 1892 4334 que
1923 4261 2263 4316 lamentando
2297 4254 2595 4310 Hieremias
2637 4251 2962 4302 lamentatus
3001 4251 3084 4295 est
3111 4259 3122 4292 :
3155 4247 3207 4292 et
3229 4238 3334 4288 Aa-

1795 4329 1941 4408 ronis
1967 4367 2114 4403 more
2145 4346 2405 4416 prolocnti
2459 4357 2666 4401 sumus,
2715 4349 3042 4406 quacunque
3067 4329 3334 4397 loquendo

157 4415 314 4514 χάριύ
338 4444 428 4496 τοῦ
464 4444 700 4495 τοιούτου
747 4415 1079 4511 ζητηματος,
1119 4415 1332 4509 εγρἆφη
1381 4415 1506 4508 παρ’
1539 4439 1691 4506 ἡμῶν

1798 4445 2008 4494 locutus
2069 4415 2157 4489 est,
2180 4435 2371 4486 Moses.
2398 4431 2548 4495 Quod
2584 4436 2758 4479 autem
2789 4423 3091 4475 intellectus
3153 4415 3328 4468 nostri

159 4535 215 4585 ἐν
240 4532 317 4602 τῷ
349 4534 393 4602 β’
426 4533 722 4600 κεφαλαίῳ,
755 4532 846 4583 τοῦ
876 4537 943 4598 ιγ’
975 4531 1153 4582 τίτλου
1200 4529 1289 4580 τοῦ
1318 4529 1694 4596 νομοκανόνου.

160 4622 391 4688 Εἴπομεν
410 4622 514 4690 γὰρ
532 4622 588 4673 τὺ
605 4620 842 4673 τοιοῦτον
865 4621 1156 4688 κεφάλαιον
1185 4617 1595 4688 ἑρμηνεύοντες,
1621 4617 1695 4677 ὡς

158 4708 248 4763 καὶ
269 4708 542 4778 βασιλικὸν
565 4708 800 4760 ἐκώλυσε
829 4710 1150 4779 πρόσταγμα
1171 4707 1230 4757 τὸ
1257 4705 1587 4774 ζητούμενον
1610 4723 1699 4755 συ-

157 4802 435 4862 νοικέσιον,
465 4799 566 4853 κᾶν
583 4798 1140 4868 καταστρωθῆναιούκ
1164 4795 1387 4862 ἔφθασε,
1403 4795 1542 4864 καὶὴ
1580 4796 1697 4847 Ἑκ-

158 4888 347 4960 κλησία
361 4889 457 4958 τὴν
473 4888 660 4942 τούτου
681 4887 899 4958 ποίησιν
921 4887 1019 4938 οὐκ
1040 4885 1306 4952 ἀνέχεται.
1332 4879 1463 4936 Εἶτά
1494 4900 1691 4951 φαμεν,

157 4977 234 5057 ὡς
256 4978 654 5047 σημειωμάτων
679 4974 1158 5045 προκομιξομένων
1207 4971 1572 5039 ταλαυγενῶν,
1604 4972 1692 5022 καὶ

159 5065 240 5118 διὰ
255 5066 301 5098 ⁸³
329 5069 666 5137 γραμμάτων
701 5067 896 5137 ὁμοίων
930 5063 1415 5133 ἑκκλησιαστικῶν,
1447 5062 1699 5122 atumat.

158 5167 261 5207 των
294 5156 383 5207 καὶ
417 5155 575 5208 αὑτὸν
596 5157 686 5207 τὸν
717 5153 1044 5222 φαυλότατον
1081 5151 1315 5205 κώνωπα
1337 5151 1430 5204 τοῦ
1462 5149 1694 5201 τοιούτου

160 5241 589 5312 ζητήματος,καὶ
607 5243 1017 5299 ἀποκαλούντων
1041 5241 1198 5295 τοῦτο
1222 5238 1690 5311 παρανομώτατον,

1799 4525 2045 4581 tenuitati
2077 4532 2205 4575 tunc
2245 4519 2477 4573 remedio
2502 4516 2599 4568 fuit
2629 4516 2680 4566 in
2716 4514 2815 4566 hac
2861 4509 3184 4578 quaestione,
3217 4519 3335 4569 per-

1798 4616 2055 4681 scriptum
2085 4627 2114 4664 a
2144 4610 2295 4663 nobis
2327 4616 2406 4661 est
2437 4608 2487 4657 in
2548 4605 2722 4670 capite
2771 4597 3006 4653 secundo
3035 4594 3172 4646 tituli
3218 4590 3338 4643 Xlll

1799 4699 2183 4755 Nomocanoni.
2244 4694 2450 4765 Quippe
2513 4697 2674 4758 caput
2727 4687 2857 4740 illud
2924 4685 3338 4748 interpretantes

1797 4791 2050 4850 diximus,
2080 4787 2240 4839 etiam
2270 4784 2441 4836 edicto
2466 4776 2810 4846 imperatorio
2854 4770 3179 4841 prohibitum
3220 4781 3341 4820 esse

1799 4876 2220 4938 matrimonium,
2252 4887 2356 4938 quo
2387 4871 2454 4922 de
2481 4868 2675 4935 agitur,
2706 4865 2828 4916 licet
2856 4863 2910 4913 in
2961 4867 3079 4911 acta
3110 4858 3335 4910 relatum

1800 4983 1904 5021 non
1933 4967 2112 5028 fuerit,
2138 4972 2188 5016 et
2223 4960 2464 5014 Ecclesia
2523 4953 2999 5026 promulgationem
3056 4947 3172 5012 ejus
3228 4957 3336 4996 non

1801 5055 2083 5109 sustineat.
2113 5051 2309 5104 Deinde
2336 5047 2676 5113 subjicimus,
2707 5040 2847 5110 quod
2873 5053 2992 5091 cum
3032 5034 3340 5088 natationes

1800 5149 1992 5216 priscae
2023 5143 2387 5212 proferuntur,
2422 5147 2472 5190 et
2501 5134 2800 5189 consimilia
2832 5130 3028 5196 scripta
3084 5119 3338 5177 ecclesia-

1799 5237 1952 5297 stica,
1986 5231 2364 5303 pravissimum
2397 5237 2448 5278 ct
2478 5228 2589 5293 ipsa
2619 5223 2842 5277 culicem
2897 5211 3206 5285 quaestionis
3231 5208 3335 5261 hu-

1370 5372 1596 5426 VAleE
1640 5369 2035 5427 LECTIONES.

226 5469 272 5500 ⁸³
293 5469 739 5539 διαγραμμάτων.

1634 5567 1860 5623 NOTAE.

229 5691 334 5759 (66)
392 5691 620 5764 διαιρεῖ.
658 5693 717 5747 D.
758 5691 833 5747 De
863 5708 965 5760 reg.
993 5691 1104 5759 jur.
1133 5689 1199 5743 Et
1226 5689 1260 5741 1.
1289 5685 1375 5741 ιρ..
1413 5685 1469 5736 0.
1507 5684 1579 5736 De
1603 5685 1687 5734 rit.
1731 5693 1876 5748 nupt.
