3914 6332
616 376 755 445 1063

1832 381 2112 442 THEOD.
2155 381 2629 442 BALSAMONIS

3692 379 3822 442 10H

619 505 709 572 jus
733 502 1075 572 percolantia,
1108 512 1163 555 et
1192 502 1579 570 iniquissimam
1614 504 1751 558 hanc
1782 508 2100 573 appellantia
2126 524 2138 568 ς

2260 508 2409 568 ιὺδεὶς
2439 506 2511 576 μὴ
2546 507 2961 578 σκαρδαμύττων
2991 506 3119 573 πρὶς
3156 503 3255 572 τὴν
3288 502 3617 571 ἐνάργειαν,
3666 504 3819 554 ὲκεί-

624 606 780 646 nemo
810 606 956 654 sane,
980 591 1069 659 qui
1100 594 1163 643 ad
1195 592 1488 644 evidentem
1541 594 1800 645 rationem
1836 610 1940 647 non
1973 596 2159 647 conni-

623 687 763 742 veat,
791 680 874 731 illa
909 680 1120 747 quidem
1149 681 1288 733 velut
1316 682 1506 733 abolita
1534 682 1825 744 damnabit,
1867 685 2155 750 praesertim

625 782 747 822 cum
775 782 871 821 nec
902 768 1108 821 sublata
1161 769 1271 821 sint
1318 768 1534 822 disertis
1592 772 1768 822 verbis
1830 785 1859 822 a
1916 772 2158 838 prasenti

628 857 869 926 synodali
924 858 1124 923 scripto
1157 872 1171 920 ;
1202 871 1344 923 quae
1393 866 1567 909 autem
1645 859 1746 910 hoc
1795 859 2156 917 continentur,

627 947 847 999 canonis
877 952 927 998 et
978 946 1234 1014 legalibus
1301 947 1558 1001 doctrinis
1616 947 1933 1013 exaequabit.
1980 946 2162 1012 Itaque

630 1034 927 1100 respiciens
977 1034 1028 1085 in
1087 1042 1357 1086 auctorem
1408 1044 1459 1087 et
1508 1046 1995 1091 consummatorem
2040 1037 2159 1089 tidei

628 1130 845 1186 nostrae,
885 1122 1164 1174 Dominum
1193 1138 1254 1175 ac
1302 1122 1465 1175 Deum
1522 1136 1759 1179 nostrum
1811 1125 2159 1180 JesdmChri-

628 1218 790 1271 stum,
830 1223 1016 1259 rursus
1064 1208 1190 1260 aio:
1228 1209 1369 1275 quod
1404 1224 1521 1262 cum
1550 1226 1773 1279 magnus
1821 1212 1910 1264 ille
1968 1213 2161 1265 Paulus

630 1298 795 1361 dicat,
824 1300 1008 1352 Mulier
1032 1302 1258 1368 corporis
1303 1303 1383 1353 sui
1439 1312 1741 1368 potestatem
1793 1320 1893 1355 non
1967 1305 2147 1365 habet,

632 1389 720 1440 sed
745 1389 964 1439 maritus
998 1405 1015 1440 :
1044 1406 1103 1440 ac
1122 1391 1361 1440 similiter
1385 1390 1602 1441 maritus
1627 1400 1928 1455 potestatem
1977 1406 2159 1457 corpo-

631 1477 705 1527 ris
729 1478 809 1528 sui
836 1494 934 1528 non
960 1477 1128 1541 habet,
1155 1477 1239 1529 sed
1271 1493 1399 1528 uxor
1428 1494 1443 1529 :
1505 1478 1795 1545 itidemque
1846 1494 1965 1531 cum
2020 1480 2161 1532 sacri

635 1575 867 1614 canones
898 1571 949 1615 et
981 1564 1108 1614 tomi
1160 1578 1278 1615 cum
1307 1564 1465 1615 vidua
1494 1564 1832 1617 matrimonio
1856 1566 2159 1632 copulatum

636 1663 732 1715 pro
753 1650 960 1717 digamo
988 1650 1268 1712 habentes,
1296 1653 1359 1703 ad
1398 1654 1617 1719 gradum
1650 1653 1876 1719 aliquem
1913 1654 2161 1707 ecclesia-

634 1738 824 1789 sticum
862 1739 1135 1804 pervenire
1164 1754 1265 1790 non
1316 1740 1493 1791 sinant
1521 1756 1536 1791 :
1565 1754 1624 1792 ac
1659 1754 1723 1793 ne
1745 1739 1982 1793 defuncti
2038 1742 2161 1808 qni-

640 1823 761 1876 dem
813 1826 1106 1879 sacerdotis
1154 1828 1434 1895 conjugem
1498 1829 1562 1880 ad
1612 1829 1875 1883 secundas
1935 1831 2166 1885 transire

637 1912 851 1978 nuptias
883 1914 1211 1979 permittant,
1244 1915 1402 1983 idque
1434 1917 1652 1969 omnino
1711 1926 1928 1984 propter
1976 1920 2167 1973 identi-

637 2006 797 2051 tatem
819 2015 1096 2067 corporum
1122 2003 1378 2068 ipsorum,
1407 2004 1853 2071 quemadmodum
1882 2008 2163 2061 manifesto

638 2087 806 2154 liquet
856 2102 919 2139 ex
958 2104 1082 2141 uxr
1123 2097 1174 2143 et
1240 2104 1383 2142 χχιιι
1436 2090 1607 2158 capite
1661 2093 1797 2146 tituli
1839 2094 1991 2160 primi
2042 2095 2160 2147 libri

640 2176 707 2228 Ill
750 2176 1116 2243 Basilicarum,
1170 2189 1222 2232 et
1295 2196 1416 2233 xuv
1474 2196 1678 2236 canone
1732 2185 1902 2236 sancti
1964 2184 2165 2248 Basilii,

638 2265 790 2330 cujus
814 2267 865 2318 in
896 2269 995 2320 tlne
1022 2268 1239 2331 dicitur,
1280 2268 1387 2323 Nos
1429 2271 1669 2324 diaconm
1716 2287 1932 2340 corpus.
1996 2274 2161 2326 veluti

644 2366 762 2417 qua
793 2362 1099 2406 consecrata
1140 2356 1316 2418 fuerit,
1351 2373 1455 2410 non
1495 2360 1723 2427 amplius
1750 2360 1804 2413 in
1834 2375 1931 2414 usu
1958 2364 2159 2414 carnali

641 2453 759 2491 esse
785 2442 1182 2506 permittimus:
1235 2447 1477 2511 equidem
1528 2448 1710 2514 judico
1771 2450 2086 2503 canonicum
2112 2459 2165 2505 et

642 2525 930 2592 legitimum
966 2544 1102 2591 esse,
1138 2539 1195 2582 ut
1243 2535 1557 2588 auctoritate
1596 2538 1942 2605 prohibeatur
1991 2542 2167 2593 eccle-

642 2614 878 2676 siastica,
910 2620 1194 2683 quominus
1226 2636 1366 2673 unus
1391 2630 1443 2673 et
1491 2622 1626 2675 idem
1674 2608 1880 2681 duabus
1930 2629 2166 2682 sobrinis

644 2703 938 2769 capuletur,
972 2720 1032 2758 ac
1083 2708 1197 2761 vice
1248 2725 1446 2764 versa:
1506 2713 1657 2780 sique
1709 2716 1841 2769 clam
1903 2716 2163 2783 ejusmodi

643 2790 769 2857 quid
808 2791 1001 2843 factum
1036 2793 1215 2856 fuerit,
1250 2796 1315 2849 de
1351 2800 1612 2853 industria
1645 2802 1947 2869 dirimatur,
2003 2814 2056 2860 et
2078 2808 2163 2859 inv

645 2878 967 2933 terveniente
1022 2896 1174 2947 pmna
1209 2887 1525 2951 corrigatur.

1248 2993 1545 3047 EIUSDEM

646 3092 878 3161 Epistola
913 3103 975 3151 de
998 3100 1240 3172 incensis,
1269 3120 1382 3171 qua!
1414 3122 1444 3157 a
1477 3109 1779 3172 patriarcha
1828 3111 1948 3164 dari
1994 3112 2161 3167 solent

968 3184 1025 3219 eo
1057 3170 1139 3222 die
1159 3187 1256 3238 quo
1282 3170 1575 3228 ’catechesis
1602 3177 1835 3232 habetur.

710 3312 788 3368 Tu
820 3317 1054 3383 quidem,
1089 3318 1398 3376 charissime
1428 3322 1524 3385 ﬁli,
1562 3325 1942 3393 gloriosissime
1972 3330 2159 3395 judex,

643 3411 694 3455 et
719 3406 965 3471 prmfecte
1015 3407 1382 3473 judiciorum,
1441 3426 1561 3464 cum
1621 3412 1816 3468 Davide
1889 3418 2158 3484 psallens:

641 3490 909 3561 Interroga
938 3504 1137 3561 patrem
1171 3505 1337 3559 tuum,
1368 3513 1429 3551 ac
1465 3502 1607 3555 dicet
1657 3505 1747 3556 tibi
1774 3522 1788 3570 ;
1821 3508 2059 3577 seniores
2090 3519 2161 3572 te,

644 3594 708 3630 ac
730 3582 1108 3633 renuntiabunt
1135 3584 1227 3635 tibi
1254 3600 1268 3646 ;
1314 3597 1455 3639 recte
1494 3603 1812 3657 cognoscere
1827 3595 2070 3661 cupivisti
2098 3612 2161 3650 ex

644 3667 814 3729 nobis,
856 3682 960 3734 qua
988 3667 1051 3721 de
1079 3682 1237 3723 causa
1261 3672 1373 3725 dari
1403 3678 1596 3743 populo
1618 3680 1823 3733 soleant
1851 3695 1880 3733 a
1904 3684 2163 3751 cujusque

644 3756 901 3819 temporis
956 3757 1307 3813 sanctissimis
1363 3765 1680 3828 patriarchis
1737 3768 1983 3833 incensa,
2042 3782 2163 3839 post

645 3840 875 3893 habitam
937 3846 1262 3902 catecltesin.
1312 3849 1421 3917 Ego
1483 3868 1608 3906 vero
1674 3854 1815 3911 faces
1867 3857 2164 3917 alnictionis

644 3925 893 3981 hauriens
929 3930 981 3983 in
1009 3933 1216 3997 exsilio,
1248 3940 1539 3991 cunctabar
1575 3940 1829 3997 hactenus
1857 3945 1909 3997 in
1941 3962 2163 4014 respon-

644 4017 835 4104 dendo.
889 4018 990 4071 Sed
1042 4024 1292 4087 quoniam
1348 4028 1526 4081 cuivis
1582 4034 1797 4097 petenti,
1846 4041 1898 4086 et
1958 4051 2163 4104 semper

644 4103 876 4170 quidem,
931 4115 1036 4159 tam
1098 4110 1300 4177 lingua,
1359 4130 1517 4181 quam
1583 4133 1740 4172 manu
1794 4122 1921 4175 dare
1974 4103 2163 4180 debere

643 4192 841 4259 didici,
895 4195 1004 4249 haec
1050 4198 1115 4250 ad
1171 4201 1639 4272 interrogationem
1683 4224 1746 4262 ex
1808 4218 2041 4279 tempore
2082 4229 2165 4268 re-

644 4282 899 4349 spondeo.

713 4369 1072 4424 Celsissimam
1134 4387 1409 4428 sacrorum
1486 4378 1863 4447 imperaton
1935 4387 2166 4441 circurn-

646 4458 993 4522 spectioncm,
1026 4469 1078 4513 et
1104 4466 1535 4528 patriarcharum
1571 4471 1998 4537 amplitudinem,
2029 4478 2165 4529 inter

644 4545 747 4595 alia
801 4544 1089 4602 reddebant
1144 4551 1271 4603 olim
1330 4556 1687 4620 augustiorem
1742 4560 1905 4611 etiam
1977 4576 2166 4617 annua:

644 4646 801 4699 rogas,
864 4648 926 4688 ac
975 4636 1215 4691 haiorum
1253 4642 1581 4709 largitiones.
1632 4643 1839 4715 Quippe
1909 4650 2166 4705 sedebant

645 4720 800 4772 annis
848 4720 1070 4789 singulis
1119 4725 1379 4795 cujusque
1440 4731 1693 4796 temporis
1746 4734 2057 4801 patriarchae
2104 4754 2164 4792 ac

646 4806 1009 4873 imperatores,
1072 4818 1125 4862 ct
1158 4828 1249 4879 per
1298 4816 1408 4868 haec
1448 4818 1693 4873 subditos
1732 4821 1795 4873 ad
1842 4820 2164 4877 benevolen-

648 4893 773 4944 tiam
824 4897 1137 4950 invitabant.
1166 4898 1319 4952 Novit
1372 4904 1471 4956 hoc
1499 4914 1705 4969 patrum
1736 4912 2161 4976 conscriptorum

649 4981 1008 5047 amplissimus
1033 4986 1185 5049 ordo,
1217 5002 1276 5039 ac
1324 4988 1566 5045 fortassis
1598 4994 1753 5045 etiam
1781 4998 2040 5057 nonnulli,
2072 5000 2162 5066 qui

650 5066 749 5122 hac
778 5079 932 5123 aetate
982 5083 1161 5126 nostra
1205 5075 1408 5127 vivunt.
1435 5077 1551 5129 Non
1591 5080 1729 5131 enim
1763 5091 1884 5134 ante
1928 5090 2163 5150 tempora

651 5155 882 5211 Enclidis
935 5161 1136 5224 prodita
1184 5170 1309 5215 sunt
1368 5166 1558 5229 gerris,
1618 5180 1712 5219 nec
1784 5170 2161 5222 somniantium

650 5247 944 5298 vetnlarnm
989 5248 1191 5301 fabella:
1241 5260 1411 5303 sunt:
1459 5255 1549 5306 scd
1584 5270 1750 5321 usque
1781 5256 1844 5307 ad
1886 5258 2161 5325 imperium

652 5333 850 5386 domini
900 5334 1233 5389 Constantini
1290 5338 1442 5394 Ducas
1499 5342 1709 5394 duravit
1762 5355 2016 5411 angustus
2078 5350 2165 5401 ille

654 5438 771 5475 mos
798 5434 903 5475 tam
957 5425 1007 5476 in
1038 5425 1203 5490 ipsius
1240 5426 1348 5489 Dei,
1385 5445 1541 5492 quam
1594 5431 1967 5498 imperatorum
2001 5440 2161 5501 regia,

653 5518 707 5563 et
738 5514 955 5565 omnino
988 5513 1181 5565 bonum
1212 5514 1311 5567 hoc
1350 5516 1414 5567 ad
1456 5531 1551 5569 nos
1583 5532 1791 5586 quoque
1821 5530 2161 5587 propagatum

656 5600 771 5662 fuit,
826 5617 854 5654 a
902 5604 1190 5665 majoribus
1239 5604 1301 5656 ad
1351 5614 1589 5671 nepotes,
1634 5622 1658 5657 a
1715 5613 2053 5675 generatione
2098 5610 2161 5661 ad

2257 615 2358 647 νων
2415 599 2509 664 μὲν
2558 596 2968 664 καταψηφιεῖται
3017 594 3240 661 σχολὴν,
3295 592 3389 645 καὶ
3432 592 3619 643 ταῦτα
3678 593 3814 661 μηδέ

2256 686 2639 752 ἀναιρεθέντων
2695 686 2869 753 ῥητῶς
2924 684 3023 735 ὑπὸ
3062 682 3152 733 τοῦ
3207 683 3472 750 παρόντος
3508 681 3813 732 συναδικοῦ

2258 789 2321 840 ση
2333 773 2663 838 μειώματος’
2692 775 2758 824 τὰ
2782 772 2836 822 δέ
2866 773 2921 822 ὲν
2948 771 3119 838 τούτῳ
3166 772 3552 838 περιεχόμενα,
3590 786 3816 820 κανονι-

2258 863 2368 920 κοῖς
2394 861 2483 910 καὶ
2511 861 2755 927 νομίμοις
2782 858 3026 921 ἐξισώσει
3051 860 3389 927 διδάγμασιν.
3427 858 3694 924 ’Λφορῶν
3727 855 3813 909 0}.

2257 950 2333 1006 εἰς
2362 948 2450 997 τὸν
2477 950 2571 1013 τῆς
2612 948 2840 1007 πίστεως
2886 948 3120 1015 ἀρχηγὸν
3146 948 3235 998 καὶ
3268 946 3559 1013 τελειωτὴν
3600 947 3815 1012 Κύριον

2257 1034 2351 1084 καὶ
2397 1033 2527 1084 Θεὸν
2568 1034 2723 1100 ἡμῶν
2775 1035 2976 1101 Ἰησοῦν
3017 1036 3265 1102 Χριστὸν,
3298 1035 3439 1099 λέγω
3468 1037 3561 1085 καὶ
3610 1034 3809 1095 αὖθις·

2258 1121 2331 1181 ὡς
2357 1122 2473 1171 ἐπεὶ
2504 1123 2530 1171 ὁ
2554 1122 2720 1188 μέγας
2756 1122 2958 1181 name,-
3010 1138 3189 1187 φησιν·
3233 1124 3292 1173 Ἡ
3322 1121 3477 1188 γυνὴ
3513 1121 3629 1172 τοῦ
3655 1121 3811 1172 ἰδίου

2257 1206 2523 1272 σώματος
2554 1208 2661 1257 οὐκ
2690 1206 3029 1267 ἐξουσιάζει.
3053 1208 3186 1258 ἀλλ’
3218 1209 3251 1259 ὀ
3278 1208 3427 1272 ἀνήρ
3447 1222 3463 1235 ⁸
3492 1208 3723 1272 ὁμοίως
3752 1207 3812 1256 δέ

2259 1296 2352 1345 καί
2382 1297 2413 1345 ὀ
2446 1294 2597 1359 ἀνὴρ
2652 1293 2754 1345 τοῦ
2803 1293 2950 1345 ἰδίου
2974 1293 3240 1359 σώματος
3285 1296 3395 1345 οὐκ
3443 1293 3809 1355 ἐξουσιάζει,

2258 1382 2391 1435 ἀλλ’
2429 1382 2465 1445 ή
2508 1381 2682 1447 γυνή.
2732 1382 2793 1432 Οί
2830 1382 2885 1432 δέ
2934 1380 3062 1432 θεῖοι
3103 1382 3194 1432 καὶ
3245 1382 3377 1447 ίεροὶ
3433 1382 3670 1440 κανόνες
3724 1381 3810 1430 καὶ

2259 1470 2409 1538 τόμοι
2450 1470 2536 1521 τὸν
2576 1470 2710 1537 μετὰ
2738 1471 2907 1537 χήρας
2943 1469 3189 1537 γαμικῶς
3215 1469 3551 1534 συναφθέντα
3582 1470 3805 1533 λογιζό-

2264 1579 2409 1630 μενοι
2441 1562 2686 1627 δίγαμον,
2733 1562 2811 1621 είς
2844 1560 3291 1628 ἐκκλησιαστικὸν
3325 1560 3537 1627 βαθμὸν
3575 1562 3688 1612 οὑκ
3722 1562 3808 1611 εὑ-

2259 1650 2501 1703 δοκοῦσιν
2547 1651 2735 1710 ἐλθεῖν,
2790 1651 2901 1702 ἀλλ’
2954 1651 3071 1701 οὐδὲ
3118 1651 3213 1719 τήν
3253 1652 3344 1703 τοῦ
3382 1652 3806 1721 τελευτήσαντος

2265 1739 2450 1804 ίερέως
2518 1739 2775 1805 όμόζυγον
2858 1740 3318 1807 δευτεροταμῆσαι
3385 1740 3803 1807 παραχωροῦσι,

2266 1826 2479 1886 πάντως
2527 1825 2612 1876 διὰ
2664 1826 2761 1893 τήν
2812 1826 3111 1894 ταυτότητα
3140 1827 3243 1877 τῶν
3302 1828 3575 1893 σωμάτων
3606 1827 3802 1889 αὑτῶν,

2266 1911 2442 1973 καθὼς
2470 1914 2534 1964 τὰ
2570 1914 2696 1980 περὶ
2750 1912 2935 1964 τούτου
2988 1913 3310 1982 παρίσταται
3351 1916 3415 1965 ἐκ
3458 1914 3560 1965 τοῦ
3603 1915 3689 1967 λα’
3718 1916 3801 1968 καὶ

2263 2001 2339 2069 λβ¹
2371 2000 2681 2067 κεφαλαίου.
2726 2001 2817 2053 τοῦ
2876 2001 3087 2069 πρώτου
3122 2003 3320 2065 τίτλον,
3371 2003 3463 2054 τοῦ
3519 2008 3573 2068 γ’
3604 2003 3801 2071 βιϐλίου

2263 2092 2369 2143 τῶν
2400 2090 2713 2155 Βασιλικῶν,
2743 2093 2833 2143 καὶ
2867 2092 2956 2144 τοῦ
2991 2094 3069 2160 μδ¹
3107 2094 3326 2154 κανόνος
3360 2094 3453 2144 τοῦ
3497 2094 3663 2160 ἁγίου
3700 2095 3799 2145 Βα-

2266 2180 2480 2242 σιλείου,
2532 2180 2772 2246 λέγοντος
2824 2182 2950 2249 περὶ
2992 2181 3051 2231 τὸ
3102 2181 3271 2242 τέλος·
3334 2181 3525 2249 Ἡμεῖς
3571 2178 3667 2234 οὖν
3714 2184 3799 2247 τῆς

2263 2267 2504 2319 διακόνου
2531 2270 2588 2320 τὸ
2618 2269 2791 2337 σῶμα,
2812 2269 2885 2329 ὡς
2916 2269 3343 2337 καθιερωμένης,
3374 2270 3559 2322 οὐκέτι
3590 2272 3800 2339 ἐπιτρέ-

2265 2370 2433 2421 πομεν
2472 2359 2527 2406 έν
2569 2359 2753 2425 χρήσει
2786 2354 2923 2407 εῐναι
2974 2360 3233 2425 σαρκικῇ“
3267 2358 3615 2423 διαγινώσκει)
3645 2376 3797 2409 κανο-

2262 2445 2406 2495 νικὸν
2455 2440 2591 2496 εἶναι
2640 2446 2729 2495 καὶ
2770 2446 3016 2513 νόμιμον,
3079 2446 3135 2496 τὸ
3191 2447 3325 2513 μετὰ
3382 2446 3671 2507 αὑθεντίας
3712 2450 3795 2496 Ex-

2262 2532 2643 2599 κλησιαστικῆς
2694 2533 2987 2585 κωλύεσθαι
3035 2535 3121 2585 τὸν
3175 2534 3335 2585 αὑτὸν
3395 2537 3488 2586 καὶ
3546 2537 3641 2585 Eva
3684 2536 3795 2585 sua.

2260 2620 2651 2687 δισεξαδέλφαις
2690 2622 3083 2686 συνάπτεσθαι,
3139 2624 3228 2674 καὶ
3274 2624 3335 2674 τό
3373 2624 3673 2675 ἀνάπαλιν
3710 2627 3794 2676 καὶ

2266 2708 2311 2757 εἰ
2339 2707 2484 2757 λάθοι
2508 2709 2750 2773 γενέσθαι
2778 2710 3010 2761 τοιοῦτόν
3032 2727 3101 2769 τι,
3132 2712 3430 2772 σπουδαίως
3448 2714 3791 2775 διασπᾶσθαι,

2269 2795 2357 2844 καὶ
2386 2796 2496 2861 μετ’
2520 2795 2786 2863 ἐπιτιμίου
2813 2794 3160 2863 διορθοῦσθαι.

2826 2986 2959 3037 ΤΟΥ
2995 2988 3219 3039 ΑΥΤΟΥ

2279 3093 2617 3167 Ἐπιστολὴ,
2671 3096 2857 3167 χάριν,
2892 3096 3006 3149 τῶν
3039 3096 3355 3167 διδομένων
3416 3098 3789 3167 θυμιαμάτων

2332 3162 2486 3226 παρὰ
2512 3164 2617 3235 τοῦ
2655 3166 3031 3233 πατριάρχου,
3072 3162 3216 3218 κατὰ
3261 3165 3374 3233 τὴν
3690 3169 3787 3235 τῆς

2331 3230 2729 3296 κατηχήσεως.

2332 3320 2401 3371 Σὺ
2481 3320 2598 3386 μὲν,
2674 3318 2990 3385 τριπόθητον
3067 3321 3269 3385 τέκνον,
3330 3323 3772 3391 μεγαλοδοξότατε

2263 3405 2437 3477 κριτὰ,
2496 3408 2586 3457 καὶ
2632 3406 2748 3473 ἐπὶ.Ι
2780 3405 2884 3455 τῶν
2938 3408 3165 3474 κρίσεων
3197 3448 3211 3472 ,
3261 3409 3471 3475 ψάλλων
3519 3415 3662 3478 μετὰ
3694 3414 3777 3463 τοῦ

2264 3496 2601 3563 θεοπάτορος,
2674 3494 2970 3564 Ἐρώτησον
3016 3500 3106 3548 τὸν
3149 3496 3354 3563 πατέρα
3403 3514 3517 3555 σου.
3556 3502 3651 3551 καὶ
3685 3503 3789 3567 ἐρεῖ

2264 3597 2364 3642 σοι,
2395 3582 2515 3641 τοὺς
2562 3582 2951 3649 πρεσϐυτέρους
3004 3599 3094 3634 σου
3144 3586 3233 3636 καὶ
3266 3586 3630 3651 ἀπαγγελοῦσι
3687 3606 3782 3639 σοι·

2263 3670 2437 3730 καλῶς
2471 3670 2730 3739 ἐζήτησας
2759 3671 2944 3737 μαθεῖν
2972 3670 3029 3733 ἐξ
3057 3672 3230 3740 ἡμῶν,
3261 3674 3397 3730 τίνος
3421 3676 3574 3743 χάριν
3624 3678 3785 3728 δίδον-

2261 3775 2349 3810 ται
2375 3759 2451 3825 τῷ
2476 3758 2586 3827 λαῷ
2616 3760 2760 3825 παρὰ
2784 3759 2888 3811 τῶν
2925 3759 3058 3812 κατὰ
3088 3763 3305 3830 καιροὺς
3342 3765 3665 3829 ἁγιωτάτων
3694 3783 3785 3817 πα-

2262 3848 2528 3915 τριαρχῶν
2580 3848 2713 3917 μετὰ
2765 3848 2862 3917 τὴν
2911 3849 3198 3917 κατήχησιν
3255 3850 3584 3920 θυμιάματα.
3658 3856 3785 3920 Ἐγὼ

2262 3937 2316 3987 δὲ
2347 3936 2508 3987 πίνων
2528 3938 2748 4005 τρυγίαν
2772 3936 2995 4003 θλίψεως
3037 3938 3335 4007 ὑπερόριον,
3393 3938 3594 3991 ὤκνουν
3661 3945 3783 4008 πρὸς

2263 4025 2357 4093 τὴν
2380 4027 2683 4094 ἀπόκρισιν.
2739 4026 2887 4077 Ἐπεὶ
2939 4026 2993 4077 δέ
3044 4026 3203 4077 παντὶ
3256 4027 3331 4095 τῷ
3384 4028 3638 4092 αίτοῦντι,
3702 4032 3785 4083 καὶ

2265 4115 2507 4176 πάντοτε,
2543 4114 2637 4166 καὶ
2660 4114 2869 4186 γλώττῃ
2901 4116 2991 4166 καὶ
3016 4116 3155 4184 χειρὶ
3176 4116 3402 4183 ὀφείλειν
3452 4116 3650 4169 διδόναι
3697 4137 3782 4186 με.

2266 4203 2501 4271 μάθηκα,
2532 4204 2784 4271 σχεδιάζω
2806 4220 2886 4255 σοι
2920 4203 3086 4256 ταῦτα
3121 4204 3251 4272 πρὸς
3287 4204 3381 4272 τήν
3410 4205 3698 4272 ἐρώτησιν.

2188 4371 2236 4427 ῐ)
2329 4382 2435 4449 Τὴν
2460 4382 2786 4449 ὑψηλοτάτην
2809 4382 2914 4433 τῶν
2942 4380 3097 4432 θείων
3136 4380 3543 4447 αὐτοκρατόρων
3590 4398 3779 4449 raseru-

2266 4470 2387 4538 πὴν,
2424 4470 2640 4521 καὶτῶν
2668 4468 3013 4536 πατριαρχῶν
3050 4473 3146 4535 τὴν
3201 4469 3609 4536 μεγαλειότητα,
3656 4472 3776 4539 μετέ

2263 4556 2367 4606 τῶν
2406 4554 2573 4607 ἄλλων
2617 4556 2870 4622 ἐσέμνουν
2911 4557 3002 4606 καὶ
3055 4556 3255 4620 ἐτήσιοι
3308 4556 3458 4621 ρόγαι
3510 4558 3664 4617 ποτε,
3699 4558 3777 4607 καί

2266 4647 2429 4715 βαῖων
2483 4647 2903 4714 φιλοτιμήματα.
2967 4643 3253 4710 Ἐκάθηντο
3307 4645 3411 4710 γὰρ
3468 4645 3698 4711 ἐτησίως
3735 4646 3776 4696 ei

2263 4734 2400 4786 κατὰ
2420 4735 2632 4801 καιροὺς
2659 4733 2987 4801 πατριάρχαι
3005 4731 3095 4781 καὶ
3132 4730 3383 4797 βασιλεῖς,
3433 4731 3525 4782 καὶ
3560 4748 3775 4799 μετεκα-

2261 4819 2443 4870 λοῦντο
2475 4820 2597 4880 τοὺς
2659 4819 2927 4887 ὑπηκόους
2965 4817 3051 4868 διὰ
3102 4816 3300 4867 τούτων
3366 4817 3497 4886 πρὸς
3555 4817 3771 4869 εὔνοιαν.

2263 4904 2379 4958 Οίδε
2404 4906 2569 4958 ταῦτα
2587 4907 2681 4967 τῆς
2706 4907 2998 4973 συγκλήτου
3029 4905 3215 4972 βουλῆς
3236 4906 3294 4955 τὸ
3328 4906 3644 4972 ὑπέρτατον,
3662 4909 3771 4966 ίσως

2260 4996 2313 5046 δὲ
2342 4996 2432 5046 καί
2458 5012 2598 5056 τινες
2627 4995 2730 5045 τῶν
2751 4996 2847 5063 τῆς
2874 4995 2990 5047 καθ’
3041 4997 3182 5063 ἡμᾶς
3230 4997 3438 5060 γενεᾶς.
3488 4994 3621 5048 Οὑδὲ
3652 4999 3769 5063 ’γὰρ

2265 5083 2361 5147 πρὸ
2450 5082 2725 5133 Εὐκλείδου
2779 5082 3261 5149 μεμυθολόγηνται,
3336 5080 3451 5133 οὐδὲ
3527 5085 3766 5149 γραῖδίων

2262 5172 2403 5220 ἐστὶν
2434 5168 2903 5237 όνειροπολούντων
2945 5169 3232 5235 λογὺδρια·
3290 5170 3422 5219 ἀλλὰ
3475 5170 3636 5237 μέχρι
3685 5168 3766 5234 τῆς

2264 5257 2532 5325 βασιλείας
2563 5257 2652 5307 τοῦ
2686 5258 2859 5307 Δούκα
2890 5257 3052 5325 κυροῦ
3081 5258 3478 5308 Κωνσταντίνου
3521 5260 3613 5309 καὶ
3652 5258 3764 5307 ταὺ-

2261 5361 2358 5412 την
2385 5340 2525 5411 εἶχον
2563 5344 2656 5411 τὴν
2680 5344 3103 5411 σεμνοπρέπειαν
3133 5346 3195 5395 τὰ
3217 5344 3308 5395 τοῦ
3340 5344 3472 5394 Θεοῦ
3537 5344 3628 5394 καὶ
3677 5345 3766 5394 τῶν

2265 5434 2521 5502 βασιλέων
2552 5435 2841 5497 ἀνάκτορα,
2871 5436 2958 5483 καὶ
2983 5433 3193 5492 πάντως
3226 5433 3439 5496 γέγονεν
3460 5430 3598 5483 auso
3628 5432 3764 5484 acqu

2265 5523 2397 5585 πρὸς
2421 5522 2564 5587 ἡμᾶς
2601 5520 2983 5586 διαδόσιμονὲκ
3007 5521 3277 5586 προγόνων
3314 5520 3391 5579 εἰς
3421 5520 3633 5577 παῖδας,
3690 5519 3764 5566 καὶ

2263 5610 2325 5661 ἐκ
2354 5608 2518 5675 φυλῆς
2557 5612 2628 5669 εἰς
2660 5609 2825 5675 φυλὴν
2870 5608 3314 5675 πτερνεσόμενον.
3361 5608 3417 5658 Εἰ
3468 5608 3535 5669 δ’,
3559 5609 3688 5671 ὓπερ
3712 5605 3762 5655 οὐ
