3914 6332
122 355 302 422 1065

117 485 472 554 πέπεισμαι,
493 490 584 541 καὶ
609 493 762 546 τοῦτο
791 494 954 565 λήθης

115 573 460 640 Κασταλίας
491 578 630 649 ὕδωρ
653 584 968 653 εὐχάριστον
1005 590 1114 642 τῶν
1169 595 1288 646 τότε
1356 603 1698 667 κρατούντων

110 663 192 713 οὗ
227 665 488 734 κηρύττει
516 669 613 737 τὴν
648 673 916 739 πρόνοιαν,
957 677 1087 731 ἀλλὰ
1148 663 1456 755 μεμϐράνται
1508 691 1700 760 βίϐλων

116 750 456 821 ἱστορικῶν,
489 760 578 810 καὶ
641 767 950 830 συγγραφαὶ
1002 772 1279 823 τακτικῶν
1328 777 1702 848 ἀνακτορικῶν

115 841 498 909 κεκράξονται
535 849 674 901 κατὰ
711 849 994 922 Στέντορα.
1030 857 1136 909 Καὶ
1162 862 1224 913 σὺ
1263 863 1319 914 δὲ
1351 841 1549 930 παντὸς
1572 887 1701 923 συν-

111 929 418 1026 τάγματος
441 934 658 1001 λογικοῦ
704 940 870 993 τελῶν
934 945 1217 1016 ὑφηγητὴς
1265 955 1697 1026 νουνεχέστατος,

113 1019 266 1117 κάν·
283 1025 451 1091 τούτῳ
477 1026 554 1092 τῷ
573 1031 846 1100 σπουδαίῳ
886 1034 1229 1106 προϐλήματι
1288 1019 1697 1117 πλεονεκτήσεις

119 1108 394 1171 πολλοὺς,
426 1113 519 1165 καί
552 1132 640 1183 μοι
667 1117 1025 1188 συλλαλήσεις
1039 1124 1116 1192 τῷ
1146 1129 1384 1196 γέροντι.
1432 1108 1586 1188 Ἀλλά
1604 1108 1698 1192 καί

113 1197 234 1250 τοῦ
264 1198 522 1267 βασιλέως
552 1207 719 1274 κυροῦ
770 1209 1177 1268 Κωνσταντίνου
1224 1219 1316 1271 τοῦ
1377 1224 1696 1296 Μονομάχου

113 1288 205 1340 τὰ
248 1289 657 1349 θεσπεσιώτατα
695 1298 1062 1370 διατάγματα,
1110 1307 1182 1359 τὰ
1223 1288 1696 1385 τελεσφορήσαντα

112 1379 200 1431 τὰ.
258 1381 488 1452 ὸφφίκια
519 1387 610 1438 τοῦ
639 1388 730 1440 ἐπὶ
749 1389 855 1442 τῶν
889 1394 1142 1461 κρίσεων,
1181 1401 1273 1452 καὶ
1303 1379 1407 1454 τοῦδ
1458 1379 1695 1474 νομοφύ-

110 1467 798 1546 λακος,καὶδιοριζόμενα
827 1479 1047 1543 τούτους
1109 1486 1336 1554 ἐτησίως
1397 1467 1534 1560 μετά
1602 1467 1695 1550 καὶ

111 1557 313 1612 ἄλλων
336 1564 542 1616 πολλῶν
565 1567 934 1636 ἀποφέρεσθαι
960 1574 1118 1640 χάριν
1148 1577 1309 1645 ρόγας
1341 1557 1442 1635 ἀνά
1474 1589 1690 1655 χρυσίου

110 1649 356 1720 τοσήνδε
380 1657 677 1723 ποσότητα,
702 1659 793 1709 καὶ
835 1661 902 1713 τὰ
936 1663 1136 1731 συνήθη
1192 1666 1339 1733 βαΐα,
1398 1649 1520 1725 οὐκ,
1556 1678 1690 1728 εἰσὶν

109 1737 182 1786 ὲν
229 1737 307 1806 τῷ
333 1740 562 1810 οὐρανῷ,
586 1744 705 1796 οὐδὲ
733 1746 904 1815 πέραν
928 1747 1219 1819 θαλάσσης.
1260 1755 1343 1815 ἵνα
1401 1775 1483 1820 τις
1539 1762 1685 1833 εἴπῃ,

109 1822 224 1885 Τίς
258 1825 428 1878 ταῦτα
454 1831 805 1898 μετακομίσει
837 1850 959 1900 pet;
993 1837 1149 1905 Παρὰ
1178 1839 1234 1890 δὲ
1282 1845 1347 1911 τῇ
1392 1847 1530 1912 χειρί
1575 1822 1688 1915 σου,
1725 1825 1767 1880 Β

108 1911 221 1963 καὶ
246 1915 313 1983 τῇ
339 1915 532 1985 καρδίᾳ
563 1933 677 1979 σου,
737 1919 826 1971 καὶ
872 1921 948 1989 τῷ
996 1926 1220 1992 στόματί
1265 1927 1356 1981 σού
1394 1911 1539 1984 etot.
1587 1911 1691 1987 Καί

109 1999 346 2063 πάντως
377 2005 814 2074 γνωμολογήσεις
853 2009 916 2061 ἐκ
981 2011 1182 2066 τούτων
1230 2017 1322 2068 τοῦ
1371 2021 1691 2088 πράγματος

106 2089 222 2158 τὴν
263 2090 540 2160 ἀλήθειαν.
573 2094 693 2146 Τῶν
725 2101 855 2162 γοῦν
874 2097 1135 2166 βασιλέων
1161 2105 1250 2156 καὶ
1281 2105 1386 2158 τῶν
1418 2125 1688 2180 πατριαρ-

109 2181 235 2249 χῶν
273 2185 742 2254 μεγαλυνομένων,
774 2188 848 2250 ὠς
876 2189 1114 2260 εἴρηται,
1165 2195 1251 2248 διὰ
1279 2198 1384 2250 τῶν
1419 2199 1581 2267 βαῖων
1597 2201 1688 2256 καὶ

107 2272 232 2323 τῶν
258 2274 454 2344 ρογῶν,
493 2275 597 2329 ἔδει
624 2277 761 2340 τέως
788 2281 913 2343 τοὺς
945 2286 1284 2355 πατριάρχας
1316 2291 1437 2352 τοὺς
1463 2291 1560 2359 τὴν
1589 2293 1688 2361 ἁρ-

109 2363 286 2428 καίαν
325 2365 490 2434 μέχρι
515 2366 610 2420 τοῦ
639 2368 732 2421 νῦν
782 2374 1177 2441 συντηροῦντας
1228 2379 1534 2447 συνήθειαν,
1597 2386 1688 2436 καὶ

113 2452 419 2520 χρυσίνους
454 2459 944 2528 παραμετροῦντας
973 2466 1090 2526 τοῖς
1139 2465 1437 2536 κληρικοίς,
1490 2472 1686 2525 διδόναι

111 2546 218 2599 καὶ
270 2547 420 2616 βαΐα,
456 2551 638 2614 καθὼς
675 2557 1108 2622 προτετύπωται.
1159 2561 1308 2614 Ἐπεὶ
1349 2563 1393 2615 δ’
1435 2565 1533 2618 οὐκ
1589 2561 1686 2619 οἷδ’

110 2636 274 2702 ὅπως
307 2639 366 2691 οὗ
405 2639 652 2708 φαίνεταί
685 2661 814 2697 ποτε
877 2646 1033 2702 τοῦτο
1100 2653 1377 2720 γινόμενον
1407 2693 1419 2714 ,
1469 2655 1584 2706 ἀλλ’
1628 2658 1686 2708 ἐν

112 2730 245 2788 ταῖς
279 2729 508 2798 ἡμέραις
533 2732 637 2784 τῶν
655 2737 1011 2805 κατηχήσεων
1041 2740 1159 2792 ἀντὶ
1189 2742 1361 2808 ρογῶν
1388 2743 1480 2794 καὶ
1514 2744 1684 2812 βαῖων

116 2817 264 2882 μόνα
322 2819 521 2873 διδόασι
548 2821 626 2891 τῷ
671 2822 782 2892 λαῷ
821 2823 1134 2895 θυμιάματα
1171 2846 1182 2858 ·
1232 2831 1528 2898 σκοπητέον
1583 2835 1686 2902 πρὸ

114 2906 364 2969 πάντων,
388 2910 446 2960 τὸ
468 2911 865 2982 σημαινόμενον
893 2916 1000 2966 τῶν
1035 2917 1222 2984 βαῖων,
1275 2922 1368 2971 καὶ
1426 2919 1685 2990 ζητητέον

118 2994 226 3063 τὴν
259 2997 458 3062 αἰτίαν,
482 3000 548 3051 δι’
573 3001 638 3068 ἢν
671 3000 990 3072 θυμιάματα
1033 3007 1131 3074 μὲν
1158 3007 1387 3060 δίδονται
1418 3010 1557 3063 κατὰ
1585 3013 1682 3082 τὴν

114 3083 337 3152 ἡμέραν
359 3087 457 3156 τῆς
492 3092 863 3160 κατηχήσεως,
894 3098 986 3148 καὶ
1015 3096 1154 3147 κατά
1188 3097 1282 3165 τὴν
1311 3100 1553 3168 μεγάλην
1598 3119 1684 3155 τε·-

112 3175 291 3242 τράδα
318 3179 484 3247 κηρία
511 3182 600 3231 καὶ
628 3180 946 3249 θυμιάματα
975 3201 988 3213 ⁸
1039 3187 1202 3253 κηρία
1224 3188 1278 3239 δὲ
1305 3190 1398 3240 καὶ
1451 3193 1676 3261 σταυρὸς

114 3265 260 3317 κατὰ
288 3267 383 3334 τῆς
413 3268 668 3337 βαῖφόρου
696 3269 741 3301 ⁸⁵
773 3271 871 3342 τὴν
899 3274 1275 3345 Κυριὼνυμον.

1559 386 1964 453 ΜΕΟᾸΤΑἸἊ.

981 500 1125 572 βυθῷ
1155 509 1682 578 κατακέχωσται,καὶ

1792 527 2188 592 generatimtmn
2238 531 2527 585 transit-ns.
2569 534 2684 597 Sin,
2737 538 2878 604 quod
2928 541 3172 606 equidem
3234 558 3342 597 non

3218 417 3231 475 i
3246 420 3348 478 066

1801 613 2052 678 arbitror,
2085 617 2185 670 hoc
2217 621 2377 672 etiam
2408 621 2694 677 oblivionis
2736 641 2930 693 gurges
2959 628 3256 696 absorbuit,
3288 643 3344 685 et

1799 700 2036 767 gratiosa
2057 703 2243 757 isthaec
2291 720 2426 773 aqua
2464 709 2716 764 Castalia:
2745 714 3139 780 providentiam
3186 734 3344 787 supe-

1800 787 1959 842 rioris
1999 793 2269 846 memoriae
2306 796 2605 864 principum
2651 813 2757 851 non
2806 803 3056 868 praedicat
3112 808 3342 860 :saltem

1800 881 2118 932 membrana:
2146 881 2402 935 librorum
2433 884 2838 953 historicorum,
2864 898 2916 940 et
2937 892 3340 948 ordinationum

1800 964 2096 1018 aulicarum
2153 982 2496 1023 monumenta
2555 973 2824 1029 Stentoris
2867 976 2919 1028 in
2973 995 3171 1033 morem
3231 982 3343 1034 ha'c

1799 1050 2222 1118 proclamabunt.
2279 1053 2359 1108 Tu
2412 1072 2648 1125 quoque,
2703 1064 2796 1126 qui
2850 1063 3093 1128 cujusvis
3144 1067 3339 1120 eruditi

1799 1139 1986 1207 scripti
2021 1143 2367 1197 acutissimus
2398 1159 2457 1197 es
2485 1134 2775 1214 interpres,
2808 1150 2969 1201 etiam
3013 1149 3066 1202 in
3105 1152 3203 1204 hac
3233 1171 3339 1206 non

1799 1227 1931 1282 levis
1959 1232 2208 1282 momenti
2231 1235 2525 1299 quastione
2547 1237 2914 1304 compluribus
2945 1241 3053 1291 eris
3075 1243 3340 1307 superior.

1796 1331 1858 1370 ac
1898 1333 1982 1372 me
2032 1335 2213 1374 senem
2245 1323 2300 1374 in
2331 1322 2560 1377 dicendo
2615 1326 2849 1391 iuvabis.
2894 1327 3199 1393 Quinetiam
3238 1334 3340 1384 int-

1793 1409 2078 1474 peratoris,
2131 1412 2335 1465 domini
2389 1413 2730 1469 Constantini
2769 1418 3110 1471 Menemachi
3163 1421 3336 1473 edicta

1795 1499 2184 1564 sacratissima,
2211 1503 2408 1569 quibus
2453 1505 2697 1558 ordinata
2731 1516 2858 1559 sunt
2900 1507 3071 1560 officia
3105 1510 3336 1576 praefecti

1791 1584 2144 1652 Judiciorum,
2169 1599 2221 1642 et
2261 1595 2700 1663 noznophylacis,
2727 1606 2780 1648 et
2807 1612 2924 1664 quae
2950 1607 3212 1660 statuunt,
3247 1617 3339 1654 eos

1791 1676 1985 1731 debere
2017 1681 2254 1751 singulos
2312 1685 2363 1736 in
2409 1701 2601 1745 annos,
2642 1697 2833 1752 praeter
2879 1689 2980 1738 alia
3014 1729 3027 1751 ,
3079 1691 3336 1757 consequi

1793 1768 1997 1821 ratione
2031 1785 2190 1837 regie,
2219 1772 2508 1837 quemlibet
2535 1775 2652 1825 auri
2687 1775 2842 1825 talem
2879 1789 2938 1825 ac
2973 1777 3128 1828 talem
3169 1789 3338 1843 quan-

1793 1859 2018 1921 titatem,
2052 1875 2156 1912 una
2202 1877 2326 1914 eum
2377 1864 2653 1915 consuetis
2698 1862 2873 1926 baiis;
2929 1881 3031 1916 non
3096 1865 3146 1917 in
3200 1866 3337 1918 caelo

1792 1958 1940 2008 sunt.
1995 1963 2094 2002 nec
2143 1959 2292 2005 trans
2347 1966 2515 2013 mare,
2579 1955 2652 2004 uti
2712 1953 2888 2006 dicere
2936 1955 3058 2022 quis
3125 1956 3332 2019 debeat,

1791 2036 2051 2099 Quisnam
2089 2038 2203 2092 haec
2237 2039 2422 2094 aﬂ‘eret
2455 2041 2630 2094 mihi?
2660 2042 2762 2095 Sed
2799 2055 2924 2098 sunt
2957 2045 3006 2097 in
3036 2062 3193 2098 manu
3223 2058 3332 2108 tua,

1789 2123 1916 2177 etin
1958 2127 2121 2180 corde
2169 2135 2282 2192 tuo,
2342 2136 2396 2183 et
2455 2131 2642 2184 inore
2707 2140 2817 2184 tuo.
2883 2133 3054 2200 Atque
3117 2137 3334 2187 omnino

1793 2215 1864 2266 rei
1930 2216 2207 2272 veritatem
2266 2235 2330 2272 ex
2385 2219 2469 2273 his
2521 2222 2715 2276 mentis
2790 2224 3035 2274 acumine
3095 2225 3329 2291 colliges.

1788 2300 1920 2354 Cum
1976 2313 2149 2358 autem
2199 2307 2548 2374 imperatores
2625 2319 2677 2362 et
2737 2310 3051 2377 patriarchae
3129 2314 3328 2383 magni-

1791 2392 2052 2445 tiecntiam
2125 2409 2220 2448 ceu
2285 2396 2485 2449 dictum
2545 2404 2670 2460 est,
2737 2412 2889 2450 suam
2961 2398 3332 2453 demonstrent

1791 2495 1884 2546 per
1913 2481 2026 2533 bain
2079 2493 2130 2535 et
2181 2497 2358 2550 rogas,
2415 2499 2543 2538 sane
2577 2501 2672 2553 par
2704 2497 2838 2550 erat,
2893 2495 2949 2540 ut
2989 2489 3326 2555 patriarchzr.

1789 2566 1875 2632 qui
1915 2566 2147 2633 priscam
2193 2568 2451 2623 hactenus
2487 2574 2932 2627 consuetudinem
2981 2586 3326 2634 conservant.

1786 2660 1836 2703 ct
1894 2666 2086 2705 aureos
2136 2653 2348 2708 clericis
2404 2671 2654 2713 nummos
2725 2661 3107 2723 admetiuntur,
3167 2663 3326 2716 etiam

1787 2741 1916 2808 ipsis
1969 2742 2086 2795 baia
2134 2743 2343 2806 darent,
2391 2747 2840 2813 quemadmodum
2893 2751 3185 2803 indicatum
3234 2764 3322 2806 est

1787 2840 1962 2884 antea.
2010 2829 2112 2884 Sed
2137 2833 2388 2898 quoniam
2420 2836 2536 2898 hos,
2571 2838 2882 2906 nescio-qua
2907 2840 2971 2893 de
3003 2855 3187 2906 causa,
3219 2859 3323 2895 non

1787 2920 2016 2986 amplius
2075 2918 2186 2974 ﬁeri
2267 2921 2528 2987 videmus,
2580 2924 2676 2978 sed
2741 2927 2807 2982 iis
2856 2929 3064 2995 diebus,
3129 2931 3324 2997 quibus

1786 3009 2091 3063 catecheses
2124 3011 2407 3076 habentur,
2440 3014 2558 3066 loco
2581 3031 2825 3083 rogarunt
2857 3027 2909 3071 et
2933 3020 3175 3073 baiorum
3203 3023 3315 3074 sola

1710 3133 1750 3189 ο
1785 3099 1981 3166 populo
2013 3100 2144 3151 dant
2172 3101 2392 3155 incensa
2424 3120 2437 3155 :
2471 3105 2920 3158 considerandum
2954 3119 3074 3162 ante
3123 3111 3322 3173 omnia,

1783 3190 2050 3257 quodnam
2073 3191 2222 3244 vocis
2265 3192 2515 3245 baiorum
2547 3194 2903 3262 signiﬁcatum
2935 3195 3022 3258 sit,
3059 3207 3106 3250 et
3150 3199 3325 3264 inqui-

1778 3283 1965 3343 renda,
2000 3290 2221 3350 prepter
2263 3298 2424 3351 quam
2474 3284 2692 3339 incensa
2735 3286 2932 3340 dantur
2976 3287 3027 3340 in
3071 3289 3153 3342 die
3181 3301 3324 3342 cate-

113 3357 336 3421 chnsis,
376 3371 428 3412 et
489 3375 682 3428 magna
733 3362 864 3418 feria
893 3377 1104 3434 quarta,
1134 3369 1277 3423 cerei
1314 3384 1434 3423 cum
1477 3370 1752 3435 incensis;
1785 3372 1925 3424 cerei
1960 3369 2193 3440 denique
2230 3385 2356 3426 cum
2421 3375 2674 3428 crucibus
2732 3389 2794 3430 ea
2861 3376 3149 3446 liominica,
3216 3394 3320 3448 qua

112 3446 241 3498 haia
277 3458 578 3513 gestantur.

191 3531 291 3589 Οἷα
324 3537 420 3604 μὲν
459 3535 550 3590 οὖν
580 3536 718 3610 ἦσαν
742 3544 810 3594 τὰ
834 3546 959 3612 βαΐα
986 3548 1186 3612 ἐκεῖνα,
1213 3550 1360 3618 παρὰ
1415 3550 1674 3619 βασιλέων

115 3624 373 3692 διδόμενά
415 3645 542 3679 ποτε
601 3631 694 3681 καὶ
736 3635 1107 3704 πατριαρχῶν,
1150 3638 1284 3700 τέως
1334 3639 1443 3704 ἐγὼ
1476 3643 1674 3706 ἀγνοῶ.

116 3711 259 3764 Οὔτε
293 3715 399 3784 γὰρ
453 3716 561 3768 άπὸ
609 3719 785 3787 χειρὸς
844 3720 1128 3792 βασιλικῆς
1194 3725 1226 3794 ἢ
1279 3729 1678 3798 πατριαρχικῆς

117 3802 273 3873 βαῖον
313 3804 346 3872 ὴ
391 3807 510 3874 χείρ
536 3823 636 3874 μου
666 3809 803 3876 μετὰ
854 3809 1019 3879 ρόγας
1061 3813 1295 3881 ἐδέξατο,
1365 3819 1456 3870 καὶ
1507 3817 1678 3872 ταῦτα

116 3893 516 3965 πλουτιζομένη
542 3897 663 3949 καθ’
694 3899 927 3967 ἑκάστην
958 3902 1140 3970 σχεδὸν
1165 3904 1255 3956 ὑπ’
1290 3905 1490 3972 αὐτῶν,
1549 3907 1673 3962 οὔτε

114 3983 216 4054 τὴν
231 3983 432 4038 τούτων
472 3987 730 4058 ποιότητα
763 3993 893 4060 παρ’
922 3993 1122 4060 ἑτέρων
1183 3996 1494 4064 μεμάθηκα.
1530 3998 1675 4051 K16.-

115 4073 239 4136 δους
268 4074 322 4127 δὲ
361 4077 619 4143 φοινίκων
649 4079 744 4131 καὶ
781 4081 1056 4150 μυραινῶν
1099 4083 1279 4153 βλέπω
1311 4087 1436 4149 τοὺς
1460 4087 1672 4156 ἀνθρώ-

117 4181 254 4225 πους
314 4166 664 4235 κατέχοντας,
722 4171 815 4223 καὶ
877 4171 973 4239 τὴν
1023 4172 1277 4243 βαῖφόρον
1330 4175 1668 4241 δοξάζοντας.

119 4254 286 4316 Ιιοίας
311 4255 367 4308 δὲ
396 4257 678 4311 διαλέκτου
719 4260 778 4312 τὸ
814 4260 966 4329 βαῖον
1001 4265 1133 4328 ἐστὶ,
1170 4266 1261 4317 καὶ
1304 4269 1425 4318 τίνα
1489 4284 1670 4336 σημαο

115 4344 238 4397 σίαν
253 4346 360 4415 ἔχει
390 4349 528 4400 κατὰ
557 4349 854 4418 Ῥωμαίους
867 4353 958 4405 καὶ
975 4353 1260 4420 Ἕλληνας,
1281 4355 1668 4426 δηλωθήσεται.

116 4413 444 4490 Βαῐονκατὰ
500 4413 800 4508 Ῥωμαίους
854 4440 978 4494 οὔτε
1016 4413 1410 4506 κλάδος-τέστὶν
1439 4413 1502 4499 ἐκ
1559 4447 1666 4500 δένο
1706 4413 1747 4467 D

115 4521 242 4591 δρου
265 4526 612 4595 κοπτόμενος,
635 4528 756 4582 οὔτε
775 4531 926 4599 ῥόδον
961 4533 1025 4585 ἐκ
1071 4534 1335 4603 ροδωνιᾶς
1366 4537 1669 4605 συναγόμε-

117 4629 229 4677 νον,
252 4612 374 4668 οὖτε
403 4616 587 4684 κρίνον
615 4619 676 4670 ὲκ
709 4622 994 4688 κρινωνιᾶς
1015 4623 1403 4689 συλλεγόμενον
1427 4640 1439 4653 ·
1459 4627 1672 4696 ἀνθρω-

120 4705 248 4774 πίνη
267 4704 312 4736 ³³
332 4705 387 4758 δὲ
410 4709 621 4778 γνώμη,
653 4711 718 4763 ὲκ
747 4709 898 4764 τοῦδε
921 4714 998 4774 είς
1024 4713 1139 4766 τόδε
1160 4714 1477 4785 μετάόασις,
1498 4717 1671 4786 ἀγαθὴ

118 4794 359 4863 δηλονότι
389 4798 420 4867 ἢ
455 4801 686 4868 πονηρά.
739 4802 1013 4856 Ἐντεῦθεν
1068 4805 1176 4873 γὰρ
1211 4805 1332 4868 τοὺς
1389 4810 1666 4875 παιδοτρί-

121 4884 220 4944 ϐας
260 4883 536 4953 βσῖούὶους
564 4891 1023 4960 κατονομάζομεν,
1054 4892 1127 4955 ὡς
1167 4896 1234 4946 τὰ
1268 4895 1510 4966 νηπιώδη
1563 4895 1667 4948 τῶν

122 4972 327 5026 παίδων
401 4979 721 5046 φρονήματα
783 4980 1113 5048 μετάγοντας
1164 4981 1298 5051 πρὸς
1344 4983 1663 5051 ἁρῤἐνωσιν.

124 5062 233 5114 Καὶ
270 5064 777 5136 πραεύαρικάτορας
803 5068 1051 5138 λέγομεν,
1086 5071 1208 5133 τοὺς
1234 5071 1668 5140 ποικιλλομένους

125 5148 264 5200 κατὰ
313 5149 407 5218 τὴν
451 5152 557 5217 τριν
621 5157 939 5224 συνεργοὺς,
999 5157 1090 5208 καὶ
1147 5157 1493 5226 προδιδόντας
1543 5161 1674 5220 τοὺς

125 5235 458 5304 πρόσφυγας.
482 5239 588 5307 Τῆς
617 5241 744 5305 γοῦν
785 5240 1036 5305 ἰουδαίας
1063 5243 1156 5295 καὶ
1199 5243 1544 5313 Ἰερουσαλὴμ
1574 5261 1666 5311 γε-

129 5325 354 5395 νομένης
393 5328 708 5398 ὑποχειρίας
762 5333 868 5384 τῶν
921 5333 1201 5398 Ῥωμαίων
1248 5332 1324 5401 τῷ
1377 5333 1667 5400 στέμματι,

134 5416 268 5483 μετὰ
289 5415 348 5468 τὸ
381 5419 714 5488 μοναρχήσαι
765 5422 852 5473 τὸν
904 5421 1120 5475 Ἰούλιον
1171 5423 1440 5494 Καίσαρα,
1502 5423 1664 5494 (οὕτω

1848 3553 2133 3608 Enimvero
2180 3555 2478 3623 cuiusmodi
2510 3556 2706 3609 fuerint
2754 3558 2843 3610 illa
2893 3559 3030 3622 baia,
3083 3575 3197 3628 qute
3251 3562 3318 3613 ab

1782 3640 2200 3709 imperatoribus
2230 3654 2283 3698 et
2321 3647 2643 3714 patriarchis
2669 3647 2795 3702 olim
2842 3649 3132 3715 dabantur,
3163 3653 3320 3718 equi-

1780 3730 1900 3786 dem
1929 3732 2190 3788 hactenus
2222 3734 2428 3805 ignoro.
2458 3735 2566 3792 Nec
2595 3739 2737 3803 enim
2770 3739 2838 3792 ab
2866 3741 3211 3806 imperatoria
3240 3744 3319 3796 vet

1777 3821 2118 3890 patriarchali
2152 3839 2312 3877 manu
2352 3825 2527 3878 baium
2558 3827 2771 3894 aliquod
2812 3843 2932 3880 cum
2973 3844 3096 3897 roga
3127 3844 3320 3885 manus

1779 3925 1894 3964 mea
1934 3927 2169 3981 unquam
2223 3914 2451 3982 accepit,
2484 3916 2607 3968 licet
2646 3916 2713 3969 ab
2738 3916 2815 3968 eis
2865 3916 3063 3984 alioqui
3109 3927 3316 3971 tantum

1775 4014 1884 4052 non
1918 3999 2156 4068 quotidie
2198 4002 2662 4071 collocupletetur,
2718 4017 2816 4056 nec
2851 4003 3043 4056 horum
3090 4009 3319 4072 qualita-

1778 4099 1880 4142 tem
1918 4104 1985 4143 ex
2024 4091 2144 4146 aliis
2191 4093 2448 4145 intellexi.
2500 4091 2801 4145 Palmarum
2840 4104 3035 4156 tamen,
3089 4110 3149 4147 ac
3176 4111 3320 4166 myr—

1777 4187 1954 4234 tornm
2003 4197 2186 4236 ramos
2242 4191 2424 4236 tenere
2471 4196 2632 4234 manu
2683 4181 2928 4235 homines
2988 4182 3162 4246 video,
3195 4200 3317 4238 cum

1776 4267 1916 4321 diem
1955 4269 2254 4332 celebrant,
2287 4284 2393 4337 qua
2447 4268 2565 4323 baia
2598 4279 2896 4338 gestantur.
2932 4271 2994 4324 Et
3033 4275 3316 4338 cuju5nam

1780 4357 1971 4426 lingua:
2000 4359 2319 4412 vocabulum
2351 4359 2424 4414 sit
2455 4359 2653 4416 baium.
2697 4375 2924 4427 quamve
2967 4360 3319 4428 signiﬁcatio-

1779 4462 1899 4500 nem
1927 4447 2121 4501 habeat
2146 4451 2443 4502 secundum
2474 4446 2746 4503 Romanos
2767 4458 2820 4502 et
2847 4447 3079 4511 Graecos.
3114 4451 3321 4504 indica-

1775 4535 1938 4591 bitur.
1965 4536 2151 4591 Baium
2182 4538 2361 4607 lingua
2390 4535 2633 4591 Romana
2658 4551 2829 4605 neque
2875 4553 3082 4592 ramum
3112 4539 3318 4607 signiti-

1775 4635 1885 4690 cat,
1917 4642 1982 4681 ex
2026 4627 2220 4682 arbore
2245 4642 2462 4690 caesum,
2499 4643 2672 4695 neque
2704 4643 2881 4682 rosam
2911 4643 2979 4681 ex
3007 4639 3186 4682 roseto
3212 4631 3318 4682 rol-

1778 4712 1996 4778 lectatn,
2049 4731 2224 4783 neque
2267 4715 2436 4768 lilium
2474 4731 2491 4766 ι
2521 4716 2611 4769 sed
2659 4723 2739 4770 est
2788 4716 2956 4768 animi
3000 4716 3214 4768 humani
3250 4717 3317 4770 ab

1773 4819 1879 4859 una
1915 4806 2182 4859 sententia
2222 4806 2274 4857 in
2325 4804 2483 4857 aliam
2530 4804 2820 4869 traductio,
2857 4805 2995 4858 bona
3046 4804 3312 4863 videlicet.

1771 4895 1855 4947 vel
1909 4907 2090 4961 prava.
2139 4892 2400 4947 Nimirum
2461 4893 2585 4946 hinc
2624 4894 2704 4956 lit,
2757 4902 2814 4945 ut
2887 4906 3171 4960 puerorum
3215 4895 3312 4942 ma-

1771 4983 1969 5052 gistros
2022 4984 2350 5051 appellemus
2410 4982 2636 5047 baiulos,
2682 4983 2844 5036 veluti
2890 4981 2980 5050 qui
3029 4995 3313 5048 puerorum

1777 5073 1988 5127 animos
2063 5072 2297 5126 infantes
2365 5071 2430 5126 ad
2505 5073 2814 5125 virilitatem
2885 5070 3182 5123 traducunt.
3249 5066 3311 5120 Et

1773 5163 2219 5228 praevaricatores
2297 5161 2527 5214 dicimus
2600 5175 2695 5214 eos
2761 5161 3149 5227 cooperarios,
3220 5157 3310 5224 qui

1773 5251 2053 5301 variantur
2079 5251 2245 5302 instar
2285 5248 2460 5314 iridis,
2494 5258 2547 5301 et
2579 5249 2802 5301 clientes
2845 5245 3101 5315 produnt.
3129 5245 3308 5312 Itaque

1770 5351 1891 5389 cum
1923 5334 2104 5390 Judaza
2137 5344 2190 5390 et
2222 5335 2590 5404 Hierosolyma
2633 5335 2770 5389 facta
2794 5333 2987 5388 fuisset
3043 5333 3304 5385 ltntnano-

1771 5443 1889 5481 rum
1947 5427 2172 5494 imperio
2243 5425 2474 5480 subdita.
2539 5425 2653 5477 solo
2710 5437 2886 5476 rerum
2941 5421 3115 5491 potito
3160 5418 3304 5474 Julia

1369 5581 1602 5635 \‘ARL‘E
1642 5583 2034 5635 LECTlONl‘IS.

198 5690 236 5719 “
271 5694 484 5760 σταυροὶ
510 5697 642 5745 κατὰ
667 5693 759 5753 τὴν
796 5693 1101 5759 βαῖοιρόρον.
1176 5698 1217 5727 ⁸⁵
1251 5700 1583 5765 ἀν’ῑρωπὶνης
1618 5699 1667 5749 δὲ

385 5808 652 5869 Ριιτῐιοι..
688 5806 800 5866 Gn.
846 5805 1248 5866 CXXXVlli.

1706 5718 1724 5764 ζ’
1734 5702 1801 5748 νά]
1857 5715 1933 5768 ης..
