3914 6332
592 322 723 388 1057

1748 332 2026 399 ΤΗΕΟῙ).
2065 336 2463 400 BALSAMON
2476 340 2540 401 IS

3683 337 3832 399 1068

588 455 834 517 (limare;
876 449 977 523 (sic
1022 453 1167 506 enim
1218 452 1437 517 factum,
1495 462 1552 507 ut
1611 454 1893 511 Dominum
1943 456 2138 511 Pilatus

2248 456 2355 527 γὰρ
2381 458 2475 511 καὶ
2501 456 2729 519 ῐῐιλάτος
2768 455 2858 509 τὸν
2899 456 3104 526 Κύριον
3155 457 3365 527 ἔκρινε,
3401 459 3499 512 καὶ
3530 460 3638 527 τὴν
3685 461 3825 512 Ἴου..

582 543 869 613 judicaret,
894 557 956 598 ac
975 529 1236 597 'Judmam
1272 543 1454 600 Caesar
1482 544 1759 616 Augustus
1789 557 2052 610 censeret,
2084 556 2137 603 et

590 631 786 686 Paulus
819 648 941 687 cum
976 630 1349 700 damnaretur,
1387 634 1593 691 diceret
1623 653 1639 694 :
1672 637 1801 692 Sisti
1828 652 1911 693 mc
1937 637 2138 693 Caesari

590 730 796 792 oportet
823 724 859 788 ;)
894 732 1113 791 paterna
1160 722 1467 779 Judatorum
1519 726 1697 797 lingua
1732 743 1854 783 cum
1899 728 2140 784 Romana

588 819 912 866 commutata
946 811 1063 865 fuit.
1090 812 1294 882 Quippe
1321 812 1488 869 Judaei
1527 830 1662 870 cum
1693 816 1986 887 gentilibus
2028 833 2141 886 per-

593 904 761 966 misti,
831 917 1019 957 eorum
1093 905 1338 957 lnstituta
1407 905 1732 961 didicerunt.
1807 906 1939 961 Cum
2010 921 2139 977 ergo

596 993 775 1058 populi
852 991 1061 1046 Judaici
1135 994 1400 1059 seniores,
1461 1001 1513 1051 et
1593 997 1895 1051 scribarum
1964 1005 2140 1053 emtas

587 1084 810 1136 vidisset
846 1081 1130 1137 Dominum
1190 1082 1463 1153 Deumque
1526 1093 1792 1153 nostrum,
1834 1088 1926 1157 qui
1974 1088 2139 1157 tergis

582 1170 892 1225 cberuLicis
944 1171 1162 1233 insidet,
1214 1186 1309 1240 per
1350 1173 1733 1230 demissionem
1774 1178 1986 1232 asinino
2014 1177 2135 1231 vehi

587 1263 748 1327 pullo,
776 1276 894 1316 cum
934 1263 1282 1319 nihilominus
1302 1279 1450 1320 more
1474 1268 1619 1336 regio
1645 1284 1673 1322 a
1709 1271 2136 1339 precedentibus

591 1360 643 1403 ct
669 1354 1019 1420 sequentibus
1048 1354 1363 1421 stiparetur,
1395 1369 1457 1409 ac
1490 1356 1877 1429 Hierosolyma:
1905 1361 2137 1431 dignita¢

586 1451 689 1494 tem
750 1442 1103 1511 amplificaret
1187 1444 1406 1514 (quippe
1482 1446 1663 1503 Sionis
1717 1450 1901 1505 urbem
1974 1466 2138 1521 super

591 1530 839 1585 universa
875 1533 1220 1586 tabernacula
1248 1532 1433 1589 Jacobi
1458 1534 1663 1606 dilexit)
1699 1537 1943 1591 viderent
1973 1539 2134 1593 etiam

591 1622 777 1676 turbas
823 1621 887 1675 ad
928 1630 1124 1676 terram
1168 1625 1380 1680 tunicas
1428 1640 1556 1683 suas
1601 1629 2045 1695 substernentes,
2084 1639 2137 1685 et

587 1709 702 1762 vias
736 1709 1008 1765 molliores
1032 1710 1335 1778 reddentes,
1363 1716 1544 1783 pueris
1568 1732 1746 1771 ramos
1769 1720 2126 1787 gestantibus.

587 1811 648 1849 ac
681 1798 1005 1861 dicentibus,
1044 1800 1295 1855 "osanna
1330 1804 1438 1857 ﬁlio
1490 1806 1632 1876 regis
1684 1807 1918 1864 Davidisl
1967 1810 2128 1865 bene-

588 1889 770 1942 dictus
818 1903 873 1943 es
906 1891 997 1959 qui
1052 1893 1202 1945 venis
1237 1908 1249 1943 :
1282 1908 1386 1947 non
1434 1896 1623 1951 dixere
1658 1912 1782 1952 cum
1831 1901 2128 1969 prophetis,

583 1972 846 2041 Laudate,
877 1980 1027 2044 pueri
1059 1978 1342 2035 Dominum
1372 1999 1386 2047 ;
1415 1998 1606 2052 neque,
1640 1985 1826 2042 Gaude
1845 1990 2132 2045 vehemen-

585 2074 668 2115 ter
697 2064 801 2117 lilia
836 2067 1035 2131 Sionis,
1067 2073 1291 2137 prtedica
1332 2073 1555 2142 gloriam
1612 2075 1702 2131 Dei
1742 2076 2127 2148 Hierosolyma,

584 2156 836 2220 quoniam
860 2171 986 2211 ecce
1022 2174 1112 2212 rex
1141 2170 1268 2215 tuus
1312 2163 1458 2216 venit
1499 2164 1594 2219 tibi
1630 2167 1775 2221 mitis
1798 2176 1851 2222 et
1885 2184 2130 2236 servans,

583 2253 635 2297 et
662 2252 843 2301 vectus
868 2247 1089 2301 asinino
1120 2250 1265 2311 pullo
1284 2249 1391 2305 lilio
1411 2252 1728 2322 subjugalis.
1746 2254 1878 2309 Cum
1899 2258 2040 2313 enim
2070 2273 2134 2313 os

585 2331 841 2394 habeant,
891 2335 1061 2403 inquit
1097 2337 1204 2401 ille,
1236 2352 1341 2392 non
1386 2340 1675 2409 loquentur
1723 2359 1739 2395 :
1772 2358 1894 2396 cum
1926 2346 2131 2408 oculos,

587 2436 691 2475 non
725 2423 981 2478 videbunt
1019 2444 1031 2478 :
1071 2443 1189 2482 cum
1240 2443 1421 2494 aures,
1457 2446 1562 2485 non
1588 2433 1810 2487 audient
1838 2450 1850 2485 :
1878 2436 2133 2503 quoniam

588 2514 843 2567 rordibus
872 2529 1059 2569 eorum
1113 2519 1354 2574 velamen
1404 2521 1537 2592 legis
1574 2530 1628 2577 et
1664 2524 2018 2595 lgnorationis
2052 2529 2135 2579 ln-

586 2603 807 2657 cumbit.

662 2693 926 2749 Nimirum
950 2706 1009 2751 ut
1032 2707 1342 2767 peccatores
1360 2701 1843 2771 excandescebant,
1866 2714 1919 2761 et
1941 2721 2135 2762 accen-

588 2786 851 2840 debantur
884 2788 984 2851 lra,
1017 2796 1068 2842 et
1106 2792 1404 2846 fremebant
1436 2794 1711 2857 dentibus.
1751 2805 1805 2850 et
1846 2799 2135 2853 contabes-

592 2879 809 2942 rcbant,
848 2893 970 2933 cum
1004 2880 1278 2938 dicerent:
1308 2882 1652 2950 Egredimini,
1681 2895 1888 2955 gentes,
1922 2888 2136 2956 egredi-

591 2968 743 3033 n‘ini,
780 2970 984 3038 populi,
1017 2985 1079 3024 ac
1108 2972 1303 3038 videte,
1335 2988 1442 3042 quo
1466 2982 1622 3044 pacto
1660 2978 1894 3032 mundus
1920 2978 2138 3039 univer-

2239 548 2394 602 δαίαν
2425 549 2639 617 Καῖσαρ
2671 546 2977 613 Αὔγουστος
3004 548 3383 617 ἀπεγράψατο,
3446 551 3547 603 καὶ
3603 550 3827 608 11:61..."

2241 637 2693 707 κατακρινόμενος
2714 636 2839 706 ἔφη’
2861 638 2951 688 Δεῖ
2983 654 3050 705 με
3078 641 3422 709 παραστῆναι
3442 640 3521 708 τῷ
3548 640 3823 708 Καίσαρι)

2239 729 2272 795 ἡ
2323 726 2547 797 πατρῴα
2579 727 2685 780 τῶν
2724 728 2992 780 Ἰουδαίων
3038 729 3320 791 διάλεκτος
3379 730 3520 799 πρὸς
3561 731 3667 799 τὴν
3712 732 3824 781 τῶδ

2250 815 2535 884 Ῥωμαίων
2566 816 3058 885 μετεστοιχείωται.
3091 818 3214 879 Τοῖς
3237 818 3413 871 εθνεσι
3462 819 3577 889 γάρ
3611 819 3823 886 ἐμίγη-

2239 907 2469 972 σαν,καὶ
2506 905 2708 974 ἔμαθον
2754 906 2824 957 τὰ
2869 908 3074 960 τούτων
3118 908 3548 979 ἐπιτηδεύματα.
3591 910 3824 969 Ἰδόντες

2237 993 2413 1048 τοίνυν
2442 993 2549 1046 τῶν
2575 994 2841 1046 Ἰουδαίων
2866 995 2914 1046 oi
2941 996 3352 1064 δημογέροντες,
3385 998 3613 1051 καὶτῶν
3630 1014 3821 1066 γραμ-

2240 1085 2452 1155 ματέων
2469 1086 2497 1136 ό
2527 1084 2779 1151 σύλλογος
2802 1085 2890 1137 τὸν
2920 1087 3013 1137 ἐπὶ
3041 1086 3231 1149 νώτοις
3256 1088 3604 1157 χερουϐικοίς
3641 1089 3821 1155 mei}-

2240 1192 2398 1245 μενον
2424 1176 2624 1245 Κύριον
2679 1179 2773 1229 καὶ
2800 1177 2933 1230 Θεὺν
2980 1178 3155 1247 ήμῶν,
3190 1181 3282 1231 ἐπὶ
3317 1180 3503 1232 πώλου
3528 1176 3641 1248 μὲν
3691 1180 3819 1232 ὄνου

2236 1266 2375 1319 κατά
2399 1266 2801 1333 συγκατάϐασιν
2822 1267 3208 1337 ἑποχούμενον,
3237 1270 3535 1338 βασιλικῶς
3557 1270 3619 1322 δὲ
3657 1272 3815 1339 πα.ρά

2235 1354 2345 1407 τῶν
2374 1356 2721 1425 προαγόντων
2778 1356 2871 1408 καὶ
2899 1355 3007 1407 τῶν
3036 1357 3313 1425 ἑπομένων
3360 1359 3815 1427 στενοχωρούμε-

2236 1460 2348 1507 νον,
2412 1444 2508 1496 καὶ
2540 1442 2638 1513 τὴν
2682 1444 3037 1513 Ἰερουσαλὴμ
3104 1444 3499 1513 μεγαλύνοντα,
3551 1448 3815 1516 ἠγάπησε

2235 1533 2342 1602 γὰρ
2393 1533 2492 1603 τὴν
2543 1534 2697 1586 πόλιν
2750 1534 2888 1587 Σιὼν
2940 1535 3078 1603 ὑπὲρ
3134 1534 3309 1587 πάντα
3342 1536 3413 1588 τὰ
3464 1536 3814 1603 σκηνώματα

2249 1622 2463 1693 Ἰακὼϐ)
2502 1624 2743 1686 καὶτοὺς
2772 1624 2962 1692 ὄχλους
3000 1624 3097 1692 μὲν
3142 1626 3207 1693 τῇ
3263 1627 3332 1694 γῇ
3389 1626 3521 1687 τοὺς
3571 1627 3813 1693 χιτῶνας

2240 1711 2657 1781 στρωννύοντας,
2700 1712 2793 1764 καὶ
2856 1712 2954 1774 τάς
3006 1712 3620 1781 ὀδοὺςμαλακίζοντας,
3683 1716 3815 1771 τοὺς

2239 1802 2430 1865 παῖδας
2446 1802 2500 1855 δὲ
2527 1802 2995 1872 κλαδηφοροῦντας
3025 1803 3120 1855 καὶ
3146 1803 3419 1870 λέγοντας’
3465 1804 3708 1855 ὀσαννά
3737 1804 3813 1871 τῷ

2226 1892 2332 1961 υίῷ
2358 1893 2451 1945 τοῦ
2478 1892 2741 1962 βασιλέως
2764 1892 2944 1945 Δαϐίδε
2969 1892 3325 1962 εὐλογημένος
3347 1887 3399 1944 εί
3423 1895 3451 1945 6
3477 1893 3809 1963 ἐρχόμενος*

2229 1981 2327 2034 οὐκ
2351 1978 2503 2034 εἷπον
2544 1980 2681 2050 μετά
2704 1980 2812 2034 τῶν
2839 1980 3151 2051 προφητῶνο
3203 1980 3440 2043 Αἰνεῖτε,
3466 1980 3669 2041 παῖδες
3698 1980 3811 2031 Κύο

2233 2088 2367 2143 ριονο
2391 2072 2532 2136 οὐδὲ,
2556 2073 2728 2142 Χαῖρε
2754 2071 2976 2141 σφόδρα,
3004 2070 3238 2139 θύγατερ
3260 2070 3419 2135 Σιὼν,
3449 2072 3695 2140 κήρυττε
3722 2072 3809 2123 δό-

2240 2160 2336 2225 ξαν
2365 2159 2497 2212 Θεοῦ
2540 2159 2911 2231 Ἰερουσαλὴμ,
2939 2160 3019 2212 ὅτι
3049 2160 3157 2212 ίδοὺ
3196 2159 3447 2228 βασιλεύς
3500 2177 3598 2213 σου
3650 2162 3806 2229 ἔρχε-

2232 2250 2321 2303 ταί
2360 2267 2439 2303 σοι
2473 2249 2655 2319 πραῢς
2701 2250 2795 2303 καὶ
2845 2249 3052 2313 σώζων,
3102 2248 3443 2318 ἐπιϐεϐηκὼς
3489 2252 3576 2314 είς
3626 2251 3803 2304 πῶλοι

2233 2342 2377 2405 ί5νου,
2404 2341 2515 2394 υίδν
2551 2338 2863 2406 ὑποζυγίου.
2901 2339 3154 2409 Ἔχοντες
3190 2339 3297 2409 γὰρ
3350 2340 3552 2407 στόμα,
3614 2340 3801 2408 φησὶν,

2232 2433 2294 2485 οὐ
2327 2432 2642 2487 καλέσουσιν
2673 2446 2687 2460 ·
2718 2429 3050 2499 ὀφθαλμοὺς,
3089 2432 3186 2482 καὶ
3217 2429 3316 2482 οὐκ
3349 2429 3583 2498 δψονται
3603 2421 3624 2459 ί
3666 2427 3802 2487 ὦτα,

2235 2520 2329 2573 καὶ
2351 2521 2449 2574 οὐκ
2482 2517 2804 2574 ἀκούσουσιν
2828 2533 2842 2549 ·
2888 2518 2969 2570 ὅτι
3024 2520 3143 2580 ταῖς
3180 2517 3427 2587 καρδίαις
3470 2517 3658 2571 αὐτῶν
3701 2519 3799 2570 κά·

2234 2610 2424 2678 λυμμα
2449 2610 2613 2679 νόμου
2635 2608 2729 2662 καὶ
2762 2607 3035 2676 ἀγνωσίας
3065 2608 3363 2661 ἐπίκειται.

2315 2698 2735 2768 Ἥγανάκτησαν
2762 2695 2815 2749 δὲ
2838 2696 2912 2757 ὡς
2940 2696 3271 2766 ἁμαρτωλοὶ,
3298 2696 3390 2750 καὶ
3409 2694 3786 2766 ὠργίσθησαν,

2236 2788 2328 2843 καὶ
2352 2788 2476 2850 τοὺς
2511 2786 2729 2848 ὀδόντας
2754 2783 3005 2853 έϐρυξαν,
3033 2785 3126 2837 καὶ
3156 2784 3449 2853 ὲτάκησαν,
3480 2785 3582 2842 καὶ
3617 2780 3789 2837 εἷπον·

2235 2877 2508 2944 Ἐξέλθετε
2538 2877 2689 2946 εθνη,
2730 2874 2967 2947 ἐξέλθετε
3009 2874 3145 2941 λαοὶ,
3192 2876 3284 2929 καὶ
3310 2875 3466 2938 ίδετε,
3522 2876 3644 2938 πῶς
3684 2878 3800 2935 ὅλος

2237 2971 2264 3022 ὁ
2298 2970 2495 3038 κόσμος
2518 2967 2718 3034 ὑπάγει
2745 2966 2919 3021 ὀπίσω
2948 2966 3135 3019 αὑτοῦ.
3170 2965 3260 3018 Διδ
3310 2966 3401 3020 καὶ
3434 2968 3549 3021 τῶν
3591 2968 3794 3022 κλάδων

590 3070 683 3110 sus
707 3066 827 3123 post
861 3072 981 3111 eum
1014 3058 1192 3112 vadat.
1213 3060 1443 3131 ideoque
1462 3066 1819 3133 gestationem
1863 3083 2134 3121 ramorum

2245 3059 2316 3131 μὴ
2350 3059 2619 3121 συνιέντες
2647 3058 2707 3110 τδ
2734 3057 3101 3128 δορυφόρημα,
3129 3057 3303 3113 Βαϐαὶ
3351 3060 3491 3112 κατά
3536 3060 3793 3129 μαινομι-

588 3162 693 3200 non
741 3146 1117 3217 lntelligentes,
1190 3150 1518 3207 furiosorum
1582 3167 1731 3212 more
1779 3156 2130 3212 clamabant:

588 3238 763 3304 Babze;
819 3239 1025 3294 seducti
1077 3251 1200 3295 sunt
1260 3258 1470 3307 omnes,
1526 3259 1713 3301 omnes
1748 3246 1964 3301 inutiles
2004 3247 2133 3301 facti

587 3339 713 3381 sunt
776 3339 829 3386 et
886 3330 1234 3387 deﬂexerunt.
1294 3333 1487 3390 Proh:
1547 3336 1689 3407 leges
1743 3345 1798 3391 et
1872 3346 2136 3408 prmeepta

591 3417 822 3474 Mosaica
859 3429 1051 3489 praeter
1083 3424 1538 3492 exspectationem
1570 3425 1754 3480 baium
1795 3426 1951 3481 facta
1986 3436 2134 3493 sunt,

591 3510 691 3561 hoc
720 3517 821 3570 est,
851 3510 1144 3564 secundum
1188 3513 1427 3581 ipsorum
1455 3514 1740 3579 insaniam,
1785 3516 2023 3569 reductio
2066 3517 2130 3570 ad

588 3597 892 3652 interitum.
925 3599 998 3651 Ita
1052 3603 1160 3668 jam
1214 3611 1357 3656 recte
1400 3603 1689 3669 declarata,
1759 3620 1875 3659 mea
1920 3606 2138 3675 quidem

592 3688 865 3756 opinione,
897 3689 1138 3743 baiorum
1165 3706 1294 3746 voce
1325 3731 1339 3755 ,
1370 3692 1680 3759 dicendum,
1736 3710 1845 3764 quo
1893 3704 2053 3765 pacto
2081 3706 2137 3752 et

593 3778 945 3844 quamobrem
970 3793 995 3831 a
1023 3782 1385 3836 sanctissimis
1414 3783 1736 3851 patriarchis
1756 3792 1875 3852 post
1894 3786 2137 3839 catecbe-

591 3869 673 3921 sin
705 3870 925 3923 incensa
964 3870 1178 3935 dentur,
1209 3870 1295 3926 die
1320 3872 1561 3926 baiorum
1584 3875 1921 3944 gestationis,
1954 3891 2142 3931 cruces

588 3966 643 4011 et
668 3958 831 4022 cercl,
860 3973 1047 4013 rursus
1080 3975 1269 4029 magna
1295 3959 1423 4015 feria
1442 3971 1633 4031 quarta
1664 3966 1807 4019 cerei
1825 3975 1877 4020 et
1900 3966 2142 4033 incensa,

595 4043 681 4097 die
702 4045 871 4097 sancti
903 4042 1180 4101 Pascbatis
1220 4048 1570 4105 salutationes
1597 4060 1650 4105 et
1689 4052 1967 4122 tricipitia.

672 4133 907 4188 Dicimus
968 4150 1117 4201 ergo,
1160 4136 1301 4205 quod
1364 4154 1484 4192 cum
1516 4142 1664 4194 natio
1712 4141 2023 4197 Judaeorum
2079 4147 2142 4197 ad

597 4225 1145 4289 Iucemcaecutiverit,
1179 4234 1232 4281 et
1258 4227 1482 4283 salutem
1508 4232 1860 4300 appellaverit
1890 4235 2139 4296 exitium,

594 4314 743 4367 velut
788 4314 1083 4368 indicatum
1139 4326 1223 4370 cst
1270 4318 1431 4378 (solet
1507 4322 1650 4375 enim
1699 4325 2015 4390 usuvenire,
2084 4333 2143 4379 ut

2236 3168 2359 3214 νους
2387 3150 2637 3219 ἐϐόησαν,
2687 3146 2852 3217 βαϐαὶ
2905 3148 3099 3211 πάντες
3148 3148 3542 3218 πεπλάνηνται,
3601 3150 3793 3207 πάντες

2238 3237 2614 3309 ἠχρεώθησαν
2638 3238 2732 3291 καὶ
2762 3235 3057 3302 ἑξέκλιναν.
3110 3235 3281 3289 Βαϐαὶ
3332 3237 3438 3289 τῶν
3485 3238 3795 3291 Munna}?

2239 3326 2643 3397 παραγγελιῶν,
2681 3327 2829 3395 βαῖον
2853 3325 3253 3394 ἀπροσδόκητον
3287 3325 3497 3393 γέγονε,
3551 3330 3794 3379 τουτέστι

2238 3419 2378 3471 κατὰ
2432 3418 2531 3487 τὴν
2575 3417 2779 3470 τούτων
2828 3416 3083 3471 ἀπόνοιαν
3110 3454 3126 3478 ,
3187 3414 3470 3485 μεταφορὰ
3515 3416 3658 3485 πρὸς
3700 3421 3796 3469 ατο

2235 3506 2452 3563 ὡλειαν.
2483 3506 2638 3561 Οὕτω
2669 3506 2851 3569 καλῶς
2897 3504 3337 3575 σαφηνισθείσης.
3366 3506 3439 3569 ὡς
3467 3506 3680 3575 οἴομαι.
3706 3507 3792 3572 τῆς

2238 3598 2344 3651 τῶν
2380 3598 2545 3669 βαῒων
2576 3597 2780 3666 φωνῆς,
2814 3596 3003 3669 ῥητέον
3031 3597 3179 3658 ὅπως
3200 3595 3298 3649 καὶ
3323 3595 3463 3648 διατι
3495 3597 3655 3664 παρὰ
3694 3596 3793 3648 τῶν

2241 3688 2557 3757 ἁγιωτάτων
2606 3685 2958 3756 πατριαρχῶν
3007 3684 3143 3755 μετά
3167 3684 3264 3754 τὴν
3301 3687 3607 3753 κατήχησιν
3641 3685 3793 3753 θυμι-

2242 3780 2421 3847 άματα
2470 3777 2722 3839 δίδονται,
2772 3777 2912 3829 κατά
2960 3774 3058 3845 τὴν
3107 3773 3389 3844 βαϊοφόρον
3420 3776 3652 3841 σταυροὶ
3710 3774 3793 3826 καὶ

2242 3868 2428 3937 κηρία,
2469 3867 2562 3920 καὶ
2590 3861 2744 3928 αὖθις
2767 3864 2906 3919 κατά
2939 3865 3037 3934 τὴν
3073 3864 3315 3934 μεγάλην
3348 3864 3579 3935 τετράδα
3636 3866 3791 3932 κηρία

2252 3962 2344 4011 καὶ
2365 3958 2706 4027 θυμιάματα,
2738 3955 2832 4009 καὶ
2871 3955 3011 4010 κατά
3031 3953 3089 4007 τδ
3116 3954 3269 4021 ἀγιον
3291 3954 3479 4022 Πάσχα
3513 3952 3792 4022 ἀσπασμιὶ

2243 4050 2336 4103 καὶ
2356 4047 2674 4118 τρικέφαλα.

2311 4138 2492 4206 Φαμὲν
2525 4137 2723 4199 τοίνυν,
2754 4134 2829 4198 ὡς
2864 4132 2954 4187 τοῦ
2974 4134 3163 4202 γένους
3200 4131 3307 4185 τῶν
3355 4132 3623 4185 Ἰουδαίων
3670 4134 3791 4201 πρὶς

2243 4229 2303 4281 τὸ
2330 4222 2442 4296 φῶς
2475 4225 2907 4294 ἀϐλεπτήσαντος
2926 4262 2943 4285 .
2993 4224 3087 4276 καὶ
3115 4223 3212 4291 τὴν
3251 4223 3522 4293 σωτηρίαν
3551 4226 3791 4278 πανωλεο

2246 4325 2399 4395 θρίαν
2448 4322 2938 4391 κατονομάσαντος,
2997 4319 3072 4383 ὡς
3114 4320 3444 4389 διείληπται,
3502 4320 3644 4382 (τοῖς
3697 4322 3789 4388 γὰρ

596 4411 855 4480 aurugine
913 4413 1280 4469 laborantibus
1315 4417 1417 4469 mel
1453 4418 1523 4483 sit
1556 4421 1822 4482 amarum)
1854 4460 1867 4485 ,
1934 4436 2033 4476 nos
2065 4423 2138 4476 eis

2250 4413 2524 4485 ίκτεριῶσι
2549 4413 2609 4465 τὸ
2638 4412 2757 4481 μέλι
2783 4410 2975 4479 πικρόν
2995 4407 3185 4479 ἐστιν),
3219 4410 3378 4479 ἡμεῖς
3394 4410 3663 4464 τάναντία
3681 4411 3790 4463 τού-

600 4502 874 4554 contraria
942 4506 1237 4560 sentientes
1290 4514 1341 4560 et
1392 4506 1668 4572 facientes,
1693 4511 1914 4580 (quippe
1973 4510 2141 4565 solem

600 4605 706 4645 non
739 4592 1155 4649 conniventibus
1182 4597 1356 4650 oculis
1391 4596 1839 4668 intuemur),cum
1866 4615 2142 4654 ramorum

598 4684 893 4750 gestatione
964 4694 1260 4741 conventus
1328 4688 1660 4744 celebremus
1742 4697 1795 4744 ct
1881 4690 2145 4745 insaniam

601 4774 837 4841 ipsorum
896 4776 1039 4830 velut
1098 4776 1150 4830 in
1187 4778 1461 4847 triumpho
1502 4780 1848 4847 spectandam
1875 4781 2143 4836 exhiben-

601 4874 683 4919 tes
710 4866 857 4929 (facti
886 4870 1166 4923 suntcnim
1215 4870 1578 4937 spectaculum
1620 4870 1975 4941 mortalibus).
2010 4886 2147 4924 con—

604 4956 867 5016 liteamur,
917 4971 977 5010 ac
1036 4972 1370 5027 nequaquam
1430 4958 1752 5020 inﬁciemur.
1796 4975 1898 5014 nos
1927 4961 2144 5028 quidem

607 5060 727 5100 esse
767 5044 936 5099 factos
980 5047 1159 5100 baium
1228 5048 1383 5110 lidei;
1417 5049 1510 5102 sed
1545 5063 1607 5102 ex
1644 5049 1831 5101 umbra
1855 5050 1925 5103 ad
1956 5051 2153 5103 verita-

618 5148 751 5199 tem,
786 5135 877 5189 sed
909 5135 973 5188 ad
1003 5136 1457 5190 immortalitatem
1484 5153 1549 5191 ex
1570 5138 1896 5192 mortalitate
1926 5155 1939 5191 :
1980 5153 2152 5207 neque

622 5242 719 5279 nos
758 5226 921 5293 pudet
977 5241 1159 5279 ramos
1200 5228 1320 5282 illos
1370 5229 1639 5297 appellare
1690 5229 1831 5284 baia.
1870 5228 1927 5282 In
1966 5228 2150 5282 eadem

616 5320 935 5370 o-xsistentes
956 5317 1150 5385 opinne
1164 5317 1461 5373 ﬁdelissimi
1485 5319 1775 5387 principes,
1799 5319 1993 5373 annuis
2014 5320 2155 5387 rogis

621 5409 737 5457 lenia
776 5408 1093 5469 miscebant,
1127 5420 1348 5475 argento
1407 5420 1535 5477 puta
1571 5411 1654 5462 vel
1710 5425 1842 5462 auro
1873 5418 2148 5462 exornata.

615 5496 824 5561 Quippe
873 5498 1392 5564 congratulabantur
1424 5498 1515 5557 iis.
1567 5499 1658 5566 qui
1687 5499 1799 5552 haec
1854 5512 2157 5565 conseque-

623 5588 838 5646 bantur,
876 5585 1015 5638 "eiut
1042 5588 1359 5639 orthodoxis
1388 5603 1511 5655 erga
1547 5588 1729 5649 llenin,
1760 5597 1808 5639 et
1863 5589 2005 5657 ipsos
2031 5602 2153 5652 erga

627 5679 893 5745 principes
926 5676 1220 5731 benevolis.
1253 5676 1386 5742 Quia
1422 5694 1544 5732 veru
1574 5678 1873 5745 principum
1936 5679 2151 5744 quidem

2243 4523 2355 4569 τοις
2382 4506 2700 4575 φρονοῦντες
2725 4505 2819 4556 καὶ
2847 4502 3171 4571 πράττοντες
3218 4501 3660 4570 (ἀσκαρδαμυκτὶ
3694 4502 3787 4569 γὰρ

2244 4600 2334 4649 τὸν
2383 4596 2531 4665 ἥλιον
2584 4591 2873 4663 βλέπομεν)
2923 4590 3387 4661 κλαδηφοροῦντες
3432 4593 3787 4662 πανηγυρίζο-

2251 4705 2370 4757 μεν,
2399 4686 2491 4739 καὶ
2519 4686 2616 4754 τὴν
2642 4684 2864 4737 ἐκείνων
2893 4682 3148 4735 ἀπόνοιαν
3188 4680 3635 4749 θριαμϐεύοντες.
3681 4685 3789 4736 Θέα-

2250 4794 2375 4847 τρον
2426 4776 2537 4845 γὰρ
2585 4775 2680 4827 καὶ
2721 4770 3026 4842 ἀνθρώποις
3062 4772 3407 4840 γεγόνασιν),
3437 4772 3790 4841 ὁμολογοῦμεν

2252 4869 2345 4921 καὶ
2375 4866 2474 4918 οὐκ
2505 4864 2832 4933 ἀρνούμεθα,
2880 4862 3031 4931 βαῖον
3073 4861 3357 4927 γεγονέναι
3412 4864 3509 4930 τῆς
3547 4864 3786 4921 πίστεως·

2251 4960 2364 5012 ἀλλ’
2402 4961 2465 5010 ἑκ
2504 4957 2661 5018 σκιᾶς
2722 4954 2857 5024 πρὸς
2911 4954 3188 5021 ἀλήθειαν,
3238 4955 3353 5006 ἀλλ’
3386 4956 3463 5017 είς
3506 4955 3788 5008 ἀθανασίαν

2252 5052 2360 5104 ἀπὸ
2406 5048 2727 5118 θνητότητος
2751 5061 2765 5077 ⁸
2802 5045 2896 5097 καὶ
2933 5044 3057 5113 βαΐα
3084 5044 3208 5105 τοὺς
3251 5044 3475 5107 κλάδους
3503 5045 3787 5113 κατονομὰο

2257 5142 2458 5204 ζοντες,
2509 5138 2609 5189 οὐκ
2659 5132 3115 5203 ὲπαισχυνόμεθα.
3166 5132 3322 5185 Οὕτω
3350 5133 3678 5201 φρονοῦντες
3714 5130 3790 5183 καὶ

2255 5231 2303 5282 cl
2335 5227 2643 5281 πιστότατοι
2706 5222 2964 5291 βασιλεῖς,
2992 5224 3112 5284 ταῖς
3162 5222 3397 5291 ἐτησίοις
3451 5223 3638 5293 ρόγαις
3679 5222 3785 5292 pata

2259 5319 2739 5388 συνεπρυτάνευον,
2775 5314 2834 5379 ἐξ
2880 5314 3120 5383 ἀργύρου
3155 5313 3313 5381 τυχὸν
3357 5313 3389 5381 ἢ
3422 5312 3623 5383 χρυσοῦ
3680 5312 3787 5364 καὶ·

2257 5410 2545 5473 λυνόμενα.
2575 5404 2895 5471 Συνὲχαιρον
2954 5402 3061 5468 γὰρ
3106 5402 3216 5460 τοῖς
3268 5399 3601 5467 λαμϐάνουσι
3637 5398 3785 5451 ταῦτα

2258 5494 2591 5566 ὀρθοδοξοῦσι
2640 5493 2705 5546 τὰ
2761 5492 2893 5559 πρὸς
2930 5492 3081 5555 Θεὸν,
3147 5491 3241 5542 καὶ
3314 5490 3688 5557 εὺνοουμένοις
3735 5489 3785 5537 si

2264 5588 2395 5651 πρδς
2432 5582 2645 5642 αὐτούς.
2693 5581 2842 5632 Ἐπεὶ
2876 5580 2927 5631 δὲ
2959 5580 3064 5630 τῶν
3107 5580 3204 5646 μὲν
3246 5577 3503 5645 βασιλέων
3528 5581 3589 5631 αἱ
3633 5582 3782 5649 ῥόγαι.

2263 5673 2352 5721 καὶ
2387 5670 2489 5721 τῶν
2520 5669 2682 5737 pater;
2710 5671 2770 5720 τὶ
2801 5666 2933 5735 ᾶιϐη
2962 5668 3027 5717 si
3058 5667 3277 5727 ταύταις
3320 5669 3780 5721 συνανατέλλοντσι
