3914 6332
139 398 292 461 1069

1553 405 1972 469 MEDITATA.

3225 409 3357 472 1070

147 527 270 596 πρδ
287 527 490 596 χρόνων
527 527 838 596 ἐσχόλασαν,
856 527 921 580 δι’
940 527 1006 596 ἢν
1026 525 1201 578 αἰτίαν
1232 525 1432 579 ἄνωθεν
1455 525 1693 594 εἴπομεν·

1805 539 1946 593 rogzn
1964 525 2314 594 baiorumqne
2340 525 2512 586 ﬂores.
2539 529 2627 595 qui
2653 543 2771 582 cum
2798 529 2940 597 rogis
2956 527 3351 584 exoriebantur.

146 619 275 670 τῶν
301 618 356 668 δὲ
381 616 538 669 θείων
573 618 923 687 πατριαρχῶν
953 621 1006 671 αί
1058 619 1215 686 ρόγαι
1272 616 1707 685 δημοσιεύονται,

146 711 258 762 καὶ
296 709 322 777 ἠ
358 710 600 776 συνήθως
629 709 876 778 διδομένη
908 711 1041 779 ρόγα
1065 710 1203 762 κατὰ
1224 710 1321 779 τὴν
1350 709 1552 777 κυρίως
1573 710 1710 760 ἀπό-

143 813 336 862 xpeto,
354 797 429 857 είς
461 798 556 862 τὴν
609 798 842 864 ὲτησίως
900 797 1296 866 προὸαίνουσαν
1328 797 1712 865 ἐκκλησιαστι-

149 886 266 953 κὴν
297 886 461 953 ρόγαν
493 886 631 938 κατά
658 887 756 956 τὴν
797 887 1038 955 μεγάλην
1066 888 1252 955 τρίτην
1299 887 1585 956 μετέπεσε,
1614 904 1710 937 κα-

143 975 288 1035 θὼς,
340 975 406 1026 τὰ
441 975 642 1027 παλαιά
691 975 908 1028 λαλοῦσι
958 975 1204 1045 ρογάλια,
1239 975 1470 1028 διδόασιν
1512 977 1560 1026 oi
1609 991 1711 1026 πα-

144 1064 410 1131 τριάρχαι
468 1065 605 1133 μετά
648 1065 744 1134 τὴν
788 1068 1086 1136 κατήχησιν
1117 1065 1192 1134 τῷ
1225 1066 1336 1135 λαῷ
1366 1067 1438 1126 ὡς
1485 1065 1610 1132 βαΐα
1643 1066 1710 1118 τὰ

144 1155 164 1200 ιζ
189 1154 510 1220 υμιάματα·
565 1156 1014 1224 παρεγγυώμενοι
1055 1155 1122 1207 δι’
1169 1155 1346 1208 αὐτῶν
1371 1154 1568 1207 ὡσανεὶ
1600 1158 1709 1217 τοῖς

148 1245 515 1311 λαμϐάνουσι,
560 1251 887 1313 μεταπεσεῖν
943 1251 1005 1300 ἐκ
1045 1249 1142 1316 τῆς
1175 1247 1383 1317 φαύλης
1413 1247 1704 1315 διαγωγῆς,

144 1334 337 1394 καθώς
366 1352 465 1386 που
513 1336 606 1388 καὶ
639 1336 1043 1405 καθηγήθησαν,
1078 1338 1167 1389 καὶ
1227 1338 1292 1388 δι’
1348 1336 1704 1406 ὀλιγοημέρου

141 1425 486 1491 ἐπιστροφῆς
517 1423 789 1491 βασιλείαν
819 1426 1034 1477 αἰώνιον
1061 1425 1506 1490 ἀνταλλάξασθαι.
1540 1427 1706 1477 Εὐτε-

136 1513 266 1565 λέσι
295 1513 350 1565 δὲ
390 1515 691 1584 θυμιάμασι
714 1515 850 1567 κατὰ
880 1516 1273 1584 σμικρολὸγους
1300 1517 1394 1567 καὶ
1427 1515 1696 1584 κίμϐικας

138 1605 251 1656 οὐκ
274 1605 612 1658 ἑλαττονοῦσι
637 1606 696 1658 τὸ
731 1607 1013 1674 μεγαλεῖον
1048 1606 1139 1658 τοῦ
1177 1605 1520 1674 Πνεύματος·
1565 1607 1702 1676 (πῶς

140 1693 259 1758 γὰρ
300 1696 348 1744 οἱ
385 1697 560 1745 πᾶσαν
590 1694 686 1763 τὴν
731 1695 1054 1763 οἰκουμένην
1113 1693 1537 1762 φιλανθρωπίαις
1573 1711 1704 1745 παν-

138 1782 408 1844 τεδαπαῖς
463 1787 873 1852 σαγηνεύοντες,
931 1786 1022 1837 καὶ
1068 1787 1245 1837 πᾶσαν
1297 1785 1698 1853 πενητεύουσαν

139 1870 527 1935 αῦλακεζοντες
588 1874 846 1943 ἄρουραν,
902 1877 996 1928 καὶ
1067 1875 1330 1943 πολύχουν
1385 1875 1696 1944 εὐεργεσίας

137 1959 450 2038 θερίζοντες
470 1963 748 2032 ἀσταχυν;)
786 1964 920 2016 άλλά
953 1965 1049 2033 τῆς
1081 1965 1290 2034 ἡμέρας
1325 1965 1421 2035 τὴν
1471 1965 1696 2032 δύναμιν

138 2050 523 2118 αἰνιττόμενοι,
547 2053 639 2104 καὶ
666 2051 1004 2115 διδάσκοντες
1025 2053 1260 2123 ὡσπερεὶ
1277 2053 1344 2106 δι’
1372 2054 1547 2106 αὐτῶν
1571 2056 1696 2114 τοὺς

138 2139 208 2188 λα
218 2139 536 2206 μδάνοντας,
566 2143 749 2193 ὁποῖον
783 2138 921 2196 εἶναι
943 2143 1021 2194 δεῖ
1044 2143 1104 2194 τὸ
1124 2142 1348 2211 ψυχικὸν
1375 2143 1696 2211 κατάστημα

141 2227 243 2279 τοῦ
267 2229 630 2296 νηστεύοντος,
664 2232 757 2283 καὶ
792 2234 888 2302 τῆς
918 2231 1204 2300 μετανοίας
1237 2232 1295 2284 τὸ
1317 2232 1692 2301 δλοκαύτωμα,

144 2317 239 2366 καὶ
275 2320 370 2384 τῆς
401 2322 704 2388 προσευχῆς
731 2322 791 2373 τὸ
819 2321 1088 2391 θυμίαμα.
1122 2323 1230 2374 Καὶ
1260 2323 1380 2374 τότε
1427 2324 1526 2392 μὲν
1557 2322 1696 2375 οῦτω

141 2403 534 2457 κατευθύνονσι
556 2406 653 2472 τῆς
687 2409 935 2476 νηστείας
968 2409 1028 2461 τὸ
1052 2409 1286 2463 στάδιον.
1328 2411 1484 2463 Κατά
1507 2411 1562 2462 δὲ
1595 2412 1694 2479 τὴν

139 2490 244 2556 τῆς
285 2489 572 2561 βαῖοφόρου
606 2497 944 2563 χαρμόσυνον
974 2495 1336 2565 κυριώνυμον,
1363 2499 1437 2560 ὡς
1468 2498 1692 2551 ἀθλοθέ-

139 2593 235 2628 ται
262 2577 599 2642 καθίσαντες,
629 2581 898 2650 (Ἐκάθισε
931 2582 1057 2652 γὰρ,
1093 2584 1279 2650 φησὶν,
1309 2585 1336 2634 ὁ
1391 2584 1590 2652 κρῖνων
1617 2584 1694 2637 δι-

143 2663 492 2730 καιοσύνην.)
532 2667 830 2730 δεξιοῦνται
860 2671 984 2732 τοὺς
1008 2671 1067 2722 τὸ
1102 2674 1436 2740 παγκράτιον
1460 2674 1558 2740 τῆς
1597 2691 1691 2742 νη-

144 2753 335 2817 στείας
387 2758 732 2825 νικήσαντας,
811 2761 1004 2830 τιμίων
1068 2763 1161 2814 καὶ
1220 2762 1386 2828 ἁγίων
1451 2765 1694 2830 σταυρῶν

141 2841 469 2910 άγιάσμασι,
524 2847 614 2897 καὶ
669 2847 869 2916 κηρίων
942 2848 1259 2916 φωτοόὁλων
1325 2851 1692 2919 χαρίσμασιν.

145 2930 285 2981 Οὐδὲ
324 2932 427 3002 γάρ
460 2934 672 2988 θέλουσι
738 2941 1059 3006 σκιαμαχεῖν
1104 2939 1231 3001 τοὺς
1291 2939 1515 3002 πιστοὺς
1573 2941 1688 2992 κατ’

142 3019 385 3083 ἐκείνους
411 3025 532 3084 τοὺς
556 3026 934 3095 νηπιόφρονας,
970 3027 1081 3078 ἀλλ’
1110 3027 1182 3090 ὡς
1215 3029 1313 3097 ἤδη
1369 3029 1467 3097 τῆς
1495 3029 1695 3083 δικαιο⁸

143 3109 316 3177 σύνης
345 3111 432 3161 τὸν
474 3113 621 3182 ἥλιον
666 3115 980 3183 βλέποντας,
1009 3115 1106 3186 τὴν
1145 3116 1272 3171 νέαν
1300 3117 1434 3171 Σιὼν
1454 3120 1540 3172 διὰ
1581 3121 1693 3174 πώ-

139 3199 240 3248 λου
280 3200 595 3265 φωτέζόντα,
654 3205 1050 3273 προτρέπονται
1095 3205 1162 3258 δι’
1201 3207 1377 3259 αὐτῶν
1425 3210 1536 3269 τοῖς
1593 3208 1689 3277 ήδη

140 3291 464 3357 νηστεύουσι
498 3294 747 3360 νηστείαν
774 3293 1056 3364 Κυριακην
1096 3297 1690 3365 τεσσαρακονθήμερςν,

139 3382 239 3432 καὶ
280 3381 386 3432 τῶν
436 3383 620 3434 παθῶν
673 3384 738 3435 τὰ
772 3384 906 3454 νέφη
972 3385 1232 3450 διώξασι,
1285 3389 1694 3440 συνανατέλλειν

142 3469 289 3536 μετά
316 3471 408 3522 τοῦ
439 3473 713 3538 γίγαντος.
739 3474 875 3525 Βαῖα
901 3475 998 3541 μὲν
1033 3475 1317 3544 κατέχουσι
1345 3479 1463 3539 ταῖς
1513 3479 1691 3547 χερσὶ,

135 3558 232 3609 διὰ
261 3559 325 3610 ⁴τδ
355 3563 676 3627 μεταπεσεῖν
703 3562 760 3625 ἐξ
791 3563 1066 3631 ὲμπαθοῦς
1090 3567 1180 3616 καὶ
1213 3567 1524 3634 κοινοτέρας
1563 3569 1691 3628 ἴσως

136 3647 420 3716 διαγωγῆς
476 3651 612 3718 προς
647 3651 985 3720 ὑψηλοτέραν
1044 3653 1137 3704 καὶ
1192 3653 1413 3723 ἀπαθῆ·
1451 3655 1615 3724 κηρία
1637 3655 1692 3707 δὲ

141 3738 240 3789 καὶ
274 3740 559 3806 σταυροὺς.
589 3740 674 3793 διὰ
699 3745 757 3793 τὸ
792 3741 1116 3794 καταϐαλεῖν
1143 3743 1276 3811 μετὰ
1314 3743 1405 3795 τοῦ
1435 3744 1531 3812 τῆς
1561 3745 1694 3814 ἀλη-

141 3825 299 3886 θείας
326 3827 502 3892 φωτὸς
555 3828 615 3880 τὸ
681 3831 989 3899 ἀρχέκακον
1036 3831 1208 3883 Σατάν
1248 3833 1342 3884 καὶ
1383 3833 1691 3885 ἀντίπαλον.

141 3915 255 3965 Καὶ
279 3916 327 3966 τί
349 3916 455 3983 γάρ
476 3915 601 3967 ἄλλο
629 3915 799 3985 δῶρον
821 3917 1103 3985 δοθήσεται
1134 3920 1242 3978 τοῖς
1273 3919 1338 3969 δι’
1370 3920 1691 3988 ἐγκρατείας

142 4008 399 4071 νικήσασι
453 4006 512 4057 τὸ
551 4006 690 4072 μέγα
739 4007 836 4074 τῆς
891 4007 1141 4074 νηστείας
1187 4007 1540 4077 παγκράτιον,
1597 4007 1689 4059 τοῦ

143 4094 472 4163 τριποθήτου
508 4095 650 4147 θείου
699 4095 930 4162 σταυροῦ
983 4094 1322 4165 τιμιώτερον,
1378 4095 1468 4148 τοῦ
1522 4097 1690 4164 μύλας

150 4183 278 4251 ᾅδου
313 4183 605 4251 παμφάγου
635 4185 1035 4253 συντρίψαντος,
1071 4186 1164 4237 καὶ
1202 4185 1370 4248 πύλας
1426 4185 1570 4255 ζωῆς
1613 4187 1690 4256 τῷ

146 4277 294 4338 γένει
350 4275 455 4324 τῶν
484 4275 781 4343 ἀνθρώπων
841 4276 1186 4340 ἀνοίξαντοςς
1238 4277 1459 4334 Πάντως
1511 4277 1686 4328 οὐδέν’

143 4364 195 4412 εί
251 4362 321 4429 μή
360 4363 438 4421 τις
479 4364 618 4414 είποι
669 4362 757 4414 τὸν
789 4361 853 4413 δι’
888 4363 1049 4414 αὐτοῦ
1107 4363 1201 4432 τὴν
1244 4364 1511 4433 σωτηρίαν
1561 4365 1688 4432 ἡμῖν

1816 622 1942 666 ante
1983 615 2183 668 multos
2222 629 2389 667 annos
2446 615 2722 669 desierunt
2763 631 2829 671 ex
2879 631 2939 669 ea
2967 632 3150 678 causa,
3196 633 3351 685 quam

1816 705 2216 771 indicavimus;
2277 723 2401 760 cum
2475 723 2616 777 roga:
2699 710 3124 778 patriarcharum
3177 712 3350 762 adhuc

1816 797 1865 848 in
1900 811 1999 850 usu
2062 799 2279 863 publico
2307 799 2437 864 sint,
2478 811 2702 868 quaeque
2737 813 2836 869 pro
2861 813 3006 853 more
3036 799 3192 852 datur
3221 814 3347 869 roga

1813 885 1902 937 die
1931 888 2110 939 carnis
2137 887 2319 954 privii.
2345 889 2425 942 sic
2449 889 2730 942 imrnntata
2765 889 2856 953 sit,
2878 897 2935 941 ut
2965 889 3015 941 in
3035 891 3348 943 anniversa-

1814 975 1948 1027 riam
1991 989 2172 1043 regam
2232 978 2655 1033 ecclesiasticam
2715 993 2922 1048 magnae
2978 979 3120 1033 feria:
3173 982 3343 1035 tertiae

1811 1063 2033 1127 incidat,
2068 1066 2516 1132 quemadmodum
2535 1067 2753 1137 antiqua
2778 1067 2996 1137 Rogalia
3023 1069 3345 1138 loquuntur:

1812 1154 2015 1208 idcirco
2068 1155 2197 1210 dant
2250 1157 2570 1224 patriarchae
2622 1159 2819 1226 populo
2873 1167 2992 1228 post
3037 1161 3345 1214 catecbcsin

1810 1245 2048 1310 incensa,
2072 1247 2192 1300 loco
2223 1247 2465 1301 baiornm
2492 1268 2505 1310 ;
2537 1250 2680 1301 velut
2703 1249 3050 1302 admonentes
3089 1251 3227 1313 illos,
3255 1252 3346 1320 qui

1807 1349 1866 1388 ea
1897 1346 2136 1399 sumunt,
2167 1345 2225 1389 ut
2247 1340 2506 1391 rationem
2532 1339 2742 1392 vivendi
2773 1353 2987 1407 pravam
3015 1340 3345 1408 relinquant,

1806 1421 1946 1475 sicut
1980 1422 2155 1477 edocti
2191 1425 2318 1486 siut,
2350 1441 2411 1479 ac
2445 1441 2537 1494 per
2585 1428 2991 1481 conversionem
3043 1444 3343 1496 paucorum

1805 1511 2014 1566 dierum
2077 1514 2179 1567 sibi
2249 1529 2468 1581 regnum
2503 1516 2631 1570 illud
2692 1525 2948 1570 internum
3003 1531 3340 1586 comparent.

1802 1602 2068 1657 Caeterum
2104 1618 2199 1672 per
2225 1604 2334 1657 haec
2360 1606 2578 1660 incensa
2611 1607 2736 1661 vilis
2768 1608 2945 1675 pretii,
2986 1623 3134 1661 more
3159 1625 3348 1677 parcn-

1803 1707 1922 1746 rum
1956 1694 2234 1746 hominum
2274 1703 2327 1747 et
2381 1709 2692 1758 avarorum,
2751 1695 3083 1764 majestatem
3112 1698 3343 1766 spiritus

1804 1797 1908 1835 non
1964 1783 2318 1848 deminuunt,
2353 1783 2480 1853 (quo
2536 1786 2676 1838 enim
2725 1784 2774 1838 id
2815 1795 2969 1854 pacto
3023 1785 3254 1840 facerent
3283 1786 3338 1846 ii.

1803 1874 1893 1940 qui
1943 1883 2210 1926 terrarum
2262 1873 2445 1926 orbem
2502 1875 2811 1927 universum
2850 1875 3019 1928 variis
3069 1876 3340 1928 beneflciis

1806 1964 2075 2024 irretiunt,
2109 1971 2160 2018 et
2180 1977 2340 2018 omne
2363 1979 2546 2017 arvum
2572 1965 2754 2017 sterile
2778 1965 3002 2027 sulcant,
3031 1965 3341 2032 npimasque

1806 2052 2171 2106 beneficentiae
2225 2053 2402 2121 spicas
2455 2053 2716 2122 metunt?)
2777 2052 2867 2106 sed
2913 2053 3176 2107 occultam
3227 2052 3343 2119 ejus

1803 2142 1908 2197 diei
1938 2143 2044 2196 vim
2071 2144 2307 2198 indicare
2333 2143 2539 2205 volunt,
2572 2143 2824 2212 quasiqm
2859 2143 3054 2197 docere
3087 2158 3179 2210 per
3229 2143 3342 2195 haec

1801 2242 1913 2288 eos,
1967 2226 2059 2295 qui
2089 2241 2148 2281 ea
2185 2236 2425 2294 sumunt,
2458 2229 2632 2297 qualis
2663 2243 2783 2282 esse
2816 2229 3008 2283 debeat
3043 2229 3204 2282 animi
3236 2240 3344 2283 sta-

1802 2326 1886 2371 tus
1915 2318 1967 2371 in
1985 2331 2069 2382 eo,
2089 2317 2177 2386 qui
2199 2318 2463 2386 jejunium
2493 2318 2763 2380 observat,
2790 2319 2945 2388 quale
2970 2320 3337 2373 holocaustum

1801 2406 2162 2473 pmnitentise,
2225 2417 2277 2460 et
2332 2408 2658 2476 precationis
2714 2409 3011 2463 incensum.
3083 2411 3158 2463 Ac
3212 2417 3338 2463 tunc.

1799 2495 2015 2561 quidem
2075 2495 2144 2546 ita
2200 2495 2389 2563 jejuuii
2423 2494 2752 2547 curriz‘ulttm
2807 2496 3065 2564 dirigunt.
3095 2495 3160 2548 At
3207 2511 3331 2549 vero

1800 2584 1916 2636 ireta
1951 2584 2035 2636 illa
2060 2583 2147 2638 die
2175 2583 2449 2638 Dominiea
2481 2584 2724 2638 baiarum
2758 2586 3092 2654 gestatiOnis,
3148 2587 3338 2640 scien-

1802 2680 1882 2725 tcs
1913 2687 2011 2739 pro
2046 2688 2195 2726 more
2219 2673 2657 2727 distribuentium
2716 2674 2930 2742 prtemia
2965 2676 3180 2744 (qtrippe
3209 2689 3336 2728 con-

1799 2761 2218 2830 sedit,inquiunt
2236 2762 2446 2817 Littera!
2474 2777 2661 2826 sacrae,
2690 2764 2776 2830 qui
2795 2762 3001 2829 judicat
3020 2763 3333 2831 justitiam),

1799 2849 2039 2904 victores
2098 2850 2151 2902 in
2200 2850 2493 2904 certamine
2513 2850 2702 2918 jejunii
2735 2851 3086 2919 pretiosarum
3122 2841 3347 2907 sancta;

1799 2953 2027 3006 rumque
2105 2941 2347 2994 crucium
2437 2941 2870 3005 lustrationibus,
2931 2950 2984 2996 et
3057 2955 3330 2995 cereornm

1798 3029 2088 3084 lucentium
2120 3029 2279 3084 donis
2306 3031 2605 3099 excipiunt.
2628 3030 2835 3099 Quippe
2857 3045 2962 3084 non
2991 3045 3108 3083 cum
3127 3032 3331 3084 umbris
3426 3061 3433 3067 ι

1799 3119 2062 3174 dimicare
2095 3118 2279 3172 fideles
2309 3118 2518 3182 volunt,
2552 3118 2819 3173 fatuorum
2871 3134 3016 3173 more
3039 3157 3058 3186 .
3100 3119 3191 3174 sed
3237 3134 3332 3174 eos

1799 3207 1961 3262 veluti
1986 3209 2096 3276 jam
2149 3206 2475 3273 aspicientes
2502 3207 2729 3276 iustitiae
2782 3209 2971 3271 solem,
3004 3207 3095 3276 qui
3140 3223 3328 3260 novam

1801 3295 2016 3350 Sionem
2050 3311 2146 3364 per
2172 3297 2372 3365 pullum
2393 3296 2679 3358 illuminat,
2713 3311 2804 3364 per
2829 3295 2938 3350 haec
2961 3298 3330 3357 exhortantur,

1794 3395 1851 3439 ut
1883 3385 2131 3439 absoluto
2163 3383 2442 3438 Dominico
2471 3385 2674 3437 dierum
2702 3384 3052 3452 quadraginta
3104 3383 3331 3451 jejunio,

1793 3485 1845 3528 et
1875 3475 2109 3530 nubibus
2136 3475 2388 3528 vitiorum
2422 3473 2682 3541 expulsis,
2710 3487 2813 3525 una
2837 3487 2958 3526 cum
2993 3474 3092 3525 hoc
3122 3473 3332 3541 gigante

1794 3562 1960 3629 (dicto
1996 3563 2250 3616 nimirum
2283 3561 2416 3630 sole)
2449 3562 2781 3614 exoriantur.
2841 3558 2903 3612 Et
2938 3561 3057 3614 baia
3113 3562 3328 3628 quidem

1792 3653 2042 3705 manibus
2068 3661 2355 3720 propterea
2411 3658 2614 3715 tenent,
2669 3649 2810 3718 quod
2875 3650 3107 3704 traducti
3162 3651 3328 3704 sinta

1791 3740 1979 3794 vitiosa
2009 3740 2338 3808 profanaque
2364 3739 2594 3795 fortasse
2623 3739 2752 3800 vita,
2783 3738 2845 3792 ad
2873 3739 3242 3794 sublimiorem
3274 3753 3326 3793 et

1789 3832 2046 3886 vitiorum
2101 3839 2413 3900 expertem:
2466 3845 2653 3886 cereos
2703 3844 2829 3886 vero
2881 3845 3000 3885 cum
3051 3833 3327 3891 crucibus.

1789 3919 1932 3989 quod
1970 3936 2092 3974 cum
2121 3922 2325 3975 lumine
2345 3921 2590 3976 veritatis
2613 3928 2884 3974 auctorem
2925 3921 3100 3974 omnis
3131 3921 3253 3974 mali
3276 3933 3328 3975 et

1792 4013 2165 4066 adversarium
2226 4025 2383 4066 suum
2465 4010 2716 4064 Satanam
2779 4011 3206 4079 prostravcriut.
3268 4013 3329 4063 Et

1792 4103 2056 4173 quodnam
2091 4103 2230 4156 aliud
2263 4105 2461 4158 donum
2490 4102 2576 4166 iis,
2600 4103 2690 4171 qui
2727 4116 2820 4170 per
2869 4103 3247 4156 continentiam
3273 4105 3324 4155 in

1791 4191 1883 4244 illo
1918 4205 2107 4258 magno
2133 4191 2320 4259 jejunii
2381 4190 2674 4244 certamine
2722 4190 2951 4244 victores
3005 4192 3325 4254 exstiterint,

1790 4279 1907 4332 dari
1961 4279 2248 4347 pretiosius
2325 4280 2496 4348 possit
2547 4280 2879 4347 Optatissima
2934 4293 3087 4333 sacra
3145 4294 3323 4339 cruce,

1789 4382 1909 4435 quae
1930 4368 2110 4420 omnia
2136 4367 2444 4421 devorantis
2471 4365 2666 4420 inferni
2695 4368 2960 4435 genuinos
2986 4368 3322 4430 comminuit,

141 4451 492 4519 σχεδιάσαντα
531 4450 732 4518 Ἰησοῦν
762 4452 992 4519 Χριστὸν
1024 4453 1114 4504 καὶ
1155 4451 1284 4504 Θεὸν
1314 4452 1486 4520 ἡμῶν.
1534 4453 1683 4504 Ἐπεὶ

1797 4466 1839 4509 et
1895 4456 2129 4508 humano
2191 4457 2368 4524 generi
2419 4455 2540 4509 vitae
2574 4465 2754 4523 portas
2796 4455 3058 4537 “aperuit?
3106 4457 3323 4509 omnino

138 4541 198 4592 δὲ
229 4541 320 4590 καὶ
349 4541 569 4608 βασιλέα
601 4542 818 4602 πολλαῖς
843 4540 1307 4610 δορυφορούμενον
1338 4542 1566 4611 κυριότη
1581 4559 1682 4607 σιν,

139 4629 360 4698 ἀμέσως
392 4630 426 4698 ἦ
460 4632 597 4681 κατά
624 4630 866 4699 ῥυπαροῦ
899 4633 1320 4701 καταστήματος
1347 4632 1444 4683 οὐκ
1477 4631 1685 4694 ἔξεστιν

141 4718 523 4782 ὑποδέξασθαι,
555 4721 668 4772 Νῦν
702 4722 824 4790 μὲν.
865 4721 1028 4789 φησὶν
1075 4723 1101 4772 ὁ
1159 4721 1328 4789 μέγας
1378 4721 1681 4790 ἀρχιερεὺς,

136 4811 253 4868 τοῖς
285 4812 611 4878 ἀγχεμάχοις
641 4810 1098 4880 συναριθμήθητε,
1153 4813 1261 4872 τοῖς
1310 4811 1685 4877 σφενδονήταις

141 4897 610 4966 συστοιχειώθητε,
640 4902 754 4961 τοῖς
788 4901 1126 4961 ἀκοντισταῖς
1189 4899 1543 4968 συνανάϐητε,
1593 4897 1686 4950 καὶ

141 4988 259 5047 τοῖς
290 4991 702 5056 τροπαιονρόροις
736 4989 1173 5056 συνανακλίθητε.
1214 4988 1366 5040 Μετὰ
1404 4989 1458 5038 δὲ
1493 4987 1686 5057 μικρὸν

139 5077 551 5146 ἀνοιχθησονται
581 5081 706 5146 ὑμῖν
738 5080 805 5131 τὰ
837 5080 1130 5146 ἀνάκτορα,
1178 5083 1268 5130 καὶ
1292 5079 1436 5146 ἴδητε
1480 5079 1566 5130 τὸν
1596 5080 1684 5131 οὐ·

113 5169 308 5239 ,ρανοῦ
348 5171 440 5220 καὶ
468 5169 568 5236 γῆς
616 5169 964 5237 βασιλεύοντα
1013 5166 1422 5236 ἀπερίγρατιτον
1480 5168 1682 5237 Κύριον

141 5258 238 5310 καὶ
270 5256 400 5310 Θεὸν
422 5256 574 5326 ήμῶν
599 5249 869 5326 σαρκικῶς
899 5255 1051 5324 χερσὶ
1084 5254 1308 5307 δικαίων
1355 5256 1684 5322 περιγραφό-

145 5363 324 5416 μενον,
357 5348 448 5398 καὶ
472 5345 612 5415 ζωὴν
640 5346 991 5414 ἀτελεύτητον
1020 5345 1137 5396 ἀντὶ
1174 5344 1339 5412 βαΐων
1382 5343 1685 5412 φιλοτιμού-

144 5452 325 5504 μενον.
371 5436 476 5488 Καὶ
515 5436 653 5488 κατὰ
683 5435 779 5504 μὲν
825 5435 922 5502 τὴν
957 5436 1294 5504 χαρμόσυνον
1343 5433 1681 5502 κυριώνυμον

139 5525 236 5590 τῆς
289 5525 396 5576 τῶν
451 5524 617 5591 βαῖων
673 5524 870 5590 σεπτῆς
919 5522 1292 5592 πανηγύρεως,
1371 5523 1535 5590 κηρία
1592 5523 1684 5573 καὶ

139 5611 404 5680 σταυροὺς
432 5612 790 5678 λαμϐάνοντες
816 5614 863 5664 οί
886 5612 1021 5672 λαοὶ.
1054 5614 1148 5680 τὴν
1176 5611 1314 5664 κατά
1333 5611 1424 5662 τοῦ
1454 5609 1680 5663 θανάτου

142 5703 294 5768 νίκην
324 5703 530 5763 ἑαυτοῖς
566 5702 1079 5770 προμνηστεύονται,
1111 5702 1200 5753 καὶ
1231 5703 1302 5762 ὡς
1329 5701 1553 5769 ἀστέρες
1585 5717 1680 5751 κει-

1788 4545 2018 4604 nuilum,
2048 4543 2150 4597 nisi
2174 4543 2294 4611 quis
2318 4541 2494 4596 dicere
2512 4544 2637 4596 velit
2657 4544 2838 4599 Iesum
2862 4544 3130 4596 Christum
3157 4541 3321 4597 Deum

1788 4643 2049 4692 nostrum,
2084 4632 2175 4700 qui
2208 4646 2304 4700 per
2338 4645 2552 4685 crucem
2583 4633 2736 4686 nobis
2759 4633 2981 4686 salutem
3012 4633 3320 4701 acquisivit.

1787 4721 1844 4773 Et
1878 4723 2130 4786 quoniam
2184 4737 2358 4789 regem
2396 4723 2685 4775 multorum
2713 4722 3082 4776 dorninatuum
3122 4725 3324 4777 satelli-

1789 4813 1862 4864 tio
1904 4816 2158 4879 stipatum
2195 4813 2314 4866 sine
2344 4813 2546 4875 medio,
2597 4813 2679 4864 vel
2735 4826 2856 4864 cum
2911 4820 3051 4865 statu
3109 4805 3326 4866 sordido

1788 4917 1894 4955 non
1928 4902 2049 4954 licet
2081 4903 2324 4966 ext-icere
2353 4918 2366 4964 ;
2397 4899 2549 4953 Nunc
2599 4902 2834 4968 quidem,
2882 4901 3054 4969 inquit
3104 4917 3324 4970 magnus

1789 4991 1877 5043 illc
1923 4987 2182 5058 pontifex,
2207 4990 2346 5042 inter
2381 4988 2563 5056 pedem
2585 4989 2920 5044 conferentes
2948 4990 3320 5049 numeremini,

1789 5078 2126 5131 fumiitorum
2158 5076 2347 5130 ordine
2375 5077 2678 5142 consistite,
2712 5093 2832 5131 cum
2869 5079 3162 5147 sagittariis
3204 5093 3322 5146 per-

1787 5167 1915 5234 gite,
1947 5180 2068 5219 cum
2119 5166 2453 5235 gestantibus
2489 5174 2687 5235 tropaea
2717 5168 3070 5234 procumbite.
3123 5166 3320 5221 Verum

1786 5265 1910 5326 post
1938 5256 2190 5327 exiguum
2219 5257 2477 5325 temporis
2499 5257 2834 5311 intervallum
2858 5257 2971 5325 ipsa
2997 5257 3138 5327 regia
3170 5258 3321 5310 vobis

1785 5347 2073 5412 aperietur,
2109 5359 2169 5398 ac
2199 5344 2444 5400 videbitis
2470 5346 2590 5400 coeli
2615 5353 2874 5413 terraeque
2911 5345 3128 5414 Regem,
3159 5347 3321 5400 nullis

1784 5436 2253 5503 circumscriptum
2285 5435 2530 5489 terminis
2560 5435 2840 5489 Dominum
2883 5434 3156 5505 Deumque
3195 5451 3322 5488 nos-

1786 5536 1926 5578 trum
1971 5525 2258 5578 carnaliter
2292 5525 2562 5592 justorum
2617 5524 2866 5578 manibus
2921 5524 3316 5585 circumscrib‘,

1786 5615 2056 5682 vitamque
2088 5612 2236 5666 vobis
2269 5613 2373 5666 line
2406 5621 2678 5666 carentem
2701 5612 2940 5666 baiorum
2970 5613 3086 5666 loco
3120 5611 3318 5679 largiri.

1786 5704 1859 5754 At:
1886 5705 1998 5754 lzrta
2030 5703 2242 5770 quidem
2273 5702 2359 5753 illa
2396 5702 2481 5755 die
2523 5701 2795 5754 Dominira
2833 5701 3148 5756 venerabilis
3173 5699 3321 5754 baio.
