  <div class='ocr_page' id='page_1' title='image "/cluster/home/n/w/nwhite01/storage/ocr_20150623/138/pst.000005714544/584.png"; bbox 0 0 3914 6332; ppageno 0'>
   <div class='ocr_carea' id='block_1_1' title="bbox 99 365 268 433">
    <p class='ocr_par' dir='ltr' id='par_1_1' title="bbox 99 365 268 433">
     <span class='ocr_line' id='line_1_1' title="bbox 99 365 268 433; baseline 0.018 -3"><span class='ocrx_word' id='word_1_1' title='bbox 99 365 268 433; x_wconf 78' lang='lat'><strong>1073</strong></span> 
     </span>
    </p>
   </div>
   <div class='ocr_carea' id='block_1_2' title="bbox 1559 379 1959 441">
    <p class='ocr_par' dir='ltr' id='par_1_2' title="bbox 1559 379 1959 441">
     <span class='ocr_line' id='line_1_2' title="bbox 1559 379 1959 441; baseline -0.003 0"><span class='ocrx_word' id='word_1_2' title='bbox 1559 379 1959 441; x_wconf 58' lang='grc' dir='ltr'><strong>ΜΕΙΜἸἈΤΛ.</strong></span> 
     </span>
    </p>
   </div>
   <div class='ocr_carea' id='block_1_3' title="bbox 3192 382 3323 446">
    <p class='ocr_par' dir='ltr' id='par_1_3' title="bbox 3192 382 3323 446">
     <span class='ocr_line' id='line_1_3' title="bbox 3192 382 3323 446; baseline 0 -1"><span class='ocrx_word' id='word_1_3' title='bbox 3192 382 3323 446; x_wconf 73' lang='grc' dir='ltr'><strong>ΙΟἩ</strong></span> 
     </span>
    </p>
   </div>
   <div class='ocr_carea' id='block_1_4' title="bbox 119 497 1667 578">
    <p class='ocr_par' dir='ltr' id='par_1_4' title="bbox 119 497 1667 578">
     <span class='ocr_line' id='line_1_4' title="bbox 119 497 1667 578; baseline 0.011 -32"><span class='ocrx_word' id='word_1_4' title='bbox 119 497 249 567; x_wconf 82' lang='grc' dir='ltr'><strong>ρῶς</strong></span> <span class='ocrx_word' id='word_1_5' title='bbox 282 498 704 563; x_wconf 76' lang='grc' dir='ltr'>κατασπάζεται,</span> <span class='ocrx_word' id='word_1_6' title='bbox 735 505 826 556; x_wconf 76' lang='grc' dir='ltr'>καὶ</span> <span class='ocrx_word' id='word_1_7' title='bbox 858 505 1071 571; x_wconf 76' lang='grc' dir='ltr'><strong>ἀνοίξας</strong></span> <span class='ocrx_word' id='word_1_8' title='bbox 1096 509 1220 571; x_wconf 79' lang='grc' dir='ltr'>τοὺς</span> <span class='ocrx_word' id='word_1_9' title='bbox 1248 507 1552 578; x_wconf 59' lang='grc' dir='ltr'>θησαυροὺς</span> <span class='ocrx_word' id='word_1_10' title='bbox 1580 510 1667 577; x_wconf 81' lang='grc' dir='ltr'>τῆς</span> 
     </span>
    </p>
   </div>
   <div class='ocr_carea' id='block_1_5' title="bbox 1777 497 3315 578">
    <p class='ocr_par' dir='ltr' id='par_1_5' title="bbox 1777 503 3315 576">
     <span class='ocr_line' id='line_1_5' title="bbox 1777 503 3315 576; baseline -0.001 -16"><span class='ocrx_word' id='word_1_11' title='bbox 1777 509 1885 576; x_wconf 88' lang='lat' dir='ltr'><strong>jam</strong></span> <span class='ocrx_word' id='word_1_12' title='bbox 1920 507 2152 575; x_wconf 87' lang='lat' dir='ltr'><strong>primum</strong></span> <span class='ocrx_word' id='word_1_13' title='bbox 2177 503 2315 559; x_wconf 78' lang='lat' dir='ltr'><strong>filios</strong></span> <span class='ocrx_word' id='word_1_14' title='bbox 2347 504 2487 559; x_wconf 77' lang='lat' dir='ltr'><strong>videt</strong></span> <span class='ocrx_word' id='word_1_15' title='bbox 2516 518 2580 559; x_wconf 80' lang='lat' dir='ltr'><strong>ex</strong></span> <span class='ocrx_word' id='word_1_16' title='bbox 2627 503 2877 573; x_wconf 81' lang='lat' dir='ltr'><strong>loginqua</strong></span> <span class='ocrx_word' id='word_1_17' title='bbox 2906 517 2962 558; x_wconf 86' lang='lat' dir='ltr'><strong>et</strong></span> <span class='ocrx_word' id='word_1_18' title='bbox 3016 505 3315 573; x_wconf 72' lang='lat' dir='ltr'><strong>periculosa</strong></span> 
     </span>
    </p>
   </div>
   <div class='ocr_carea' id='block_1_6' title="bbox 111 589 1677 669">
    <p class='ocr_par' dir='ltr' id='par_1_6' title="bbox 111 589 1677 669">
     <span class='ocr_line' id='line_1_6' title="bbox 111 589 1677 669; baseline 0.008 -30"><span class='ocrx_word' id='word_1_19' title='bbox 111 589 385 657; x_wconf 74' lang='grc' dir='ltr'><strong>εὐλογίας</strong></span> <span class='ocrx_word' id='word_1_20' title='bbox 415 591 600 654; x_wconf 82' lang='grc' dir='ltr'>αὑτοῦ,</span> <span class='ocrx_word' id='word_1_21' title='bbox 629 593 916 658; x_wconf 79' lang='grc' dir='ltr'><strong>δεξιοῦνται</strong></span> <span class='ocrx_word' id='word_1_22' title='bbox 946 596 1165 661; x_wconf 80' lang='grc' dir='ltr'><strong>τούτους</strong></span> <span class='ocrx_word' id='word_1_23' title='bbox 1195 600 1539 669; x_wconf 81' lang='grc' dir='ltr'>νομίσμασιν,</span> <span class='ocrx_word' id='word_1_24' title='bbox 1569 600 1677 652; x_wconf 83' lang='grc' dir='ltr'>ὀλί·</span> 
     </span>
    </p>
   </div>
   <div class='ocr_carea' id='block_1_7' title="bbox 107 682 1679 754">
    <p class='ocr_par' dir='ltr' id='par_1_7' title="bbox 107 682 1679 754">
     <span class='ocr_line' id='line_1_7' title="bbox 107 682 1679 754; baseline 0.006 -24"><span class='ocrx_word' id='word_1_25' title='bbox 107 693 256 743; x_wconf 79' lang='grc' dir='ltr'>τοις</span> <span class='ocrx_word' id='word_1_26' title='bbox 312 682 410 748; x_wconf 76' lang='grc' dir='ltr'>μὲν</span> <span class='ocrx_word' id='word_1_27' title='bbox 474 682 614 732; x_wconf 72' lang='grc' dir='ltr'>κατὰ</span> <span class='ocrx_word' id='word_1_28' title='bbox 642 682 702 734; x_wconf 82' lang='grc' dir='ltr'><strong>τὺ</strong></span> <span class='ocrx_word' id='word_1_29' title='bbox 757 686 1340 754; x_wconf 57' lang='grc' dir='ltr'>φαινόμενονρπολλοῖς</span> <span class='ocrx_word' id='word_1_30' title='bbox 1366 689 1581 742; x_wconf 82' lang='grc' dir='ltr'>δὲκατά</span> <span class='ocrx_word' id='word_1_31' title='bbox 1619 689 1679 740; x_wconf 85' lang='grc' dir='ltr'>τὸ</span> 
     </span>
    </p>
   </div>
   <div class='ocr_carea' id='block_1_8' title="bbox 109 767 1679 846">
    <p class='ocr_par' dir='ltr' id='par_1_8' title="bbox 109 767 1679 846">
     <span class='ocr_line' id='line_1_8' title="bbox 109 767 1679 846; baseline 0.009 -28"><span class='ocrx_word' id='word_1_32' title='bbox 109 767 443 836; x_wconf 80' lang='grc' dir='ltr'><strong>νοούμενον.</strong></span> <span class='ocrx_word' id='word_1_33' title='bbox 480 770 724 840; x_wconf 81' lang='grc' dir='ltr'>Ἀφορῶν</span> <span class='ocrx_word' id='word_1_34' title='bbox 755 773 860 840; x_wconf 82' lang='grc' dir='ltr'><strong>γάρ</strong></span> <span class='ocrx_word' id='word_1_35' title='bbox 894 775 973 836; x_wconf 80' lang='grc' dir='ltr'><strong>είς</strong></span> <span class='ocrx_word' id='word_1_36' title='bbox 996 775 1086 827; x_wconf 79' lang='grc' dir='ltr'><strong>τὸν</strong></span> <span class='ocrx_word' id='word_1_37' title='bbox 1113 777 1216 844; x_wconf 79' lang='grc' dir='ltr'>’τῆς</span> <span class='ocrx_word' id='word_1_38' title='bbox 1255 777 1487 838; x_wconf 89' lang='grc' dir='ltr'>πίστεως</span> <span class='ocrx_word' id='word_1_39' title='bbox 1512 779 1679 846; x_wconf 84' lang='grc' dir='ltr'>ἀρχη-</span> 
     </span>
    </p>
   </div>
   <div class='ocr_carea' id='block_1_9' title="bbox 107 856 1679 934">
    <p class='ocr_par' dir='ltr' id='par_1_9' title="bbox 107 856 1679 934">
     <span class='ocr_line' id='line_1_9' title="bbox 107 856 1679 934; baseline 0.006 -26"><span class='ocrx_word' id='word_1_40' title='bbox 107 856 228 921; x_wconf 80' lang='grc' dir='ltr'><strong>γδν</strong></span> <span class='ocrx_word' id='word_1_41' title='bbox 255 856 349 909; x_wconf 79' lang='grc' dir='ltr'>καὶ</span> <span class='ocrx_word' id='word_1_42' title='bbox 369 857 654 929; x_wconf 78' lang='grc' dir='ltr'>τελειωτὴν</span> <span class='ocrx_word' id='word_1_43' title='bbox 690 861 890 928; x_wconf 81' lang='grc' dir='ltr'><strong>Ἰησοῦν</strong></span> <span class='ocrx_word' id='word_1_44' title='bbox 913 863 1144 930; x_wconf 78' lang='grc' dir='ltr'>Χριστὸν</span> <span class='ocrx_word' id='word_1_45' title='bbox 1168 865 1257 917; x_wconf 79' lang='grc' dir='ltr'><strong>τὸν</strong></span> <span class='ocrx_word' id='word_1_46' title='bbox 1285 866 1530 934; x_wconf 79' lang='grc' dir='ltr'>ἀληθινὸν</span> <span class='ocrx_word' id='word_1_47' title='bbox 1548 866 1679 917; x_wconf 80' lang='grc' dir='ltr'>Θεὸν</span> 
     </span>
    </p>
   </div>
   <div class='ocr_carea' id='block_1_10' title="bbox 108 943 1680 1024">
    <p class='ocr_par' dir='ltr' id='par_1_10' title="bbox 108 943 1680 1024">
     <span class='ocr_line' id='line_1_10' title="bbox 108 943 1680 1024; baseline 0.008 -29"><span class='ocrx_word' id='word_1_48' title='bbox 108 943 310 1011; x_wconf 73' lang='grc' dir='ltr'>ἡμῶν,</span> <span class='ocrx_word' id='word_1_49' title='bbox 341 945 771 1015; x_wconf 73' lang='grc' dir='ltr'>ἀρῤαδωνίζεται</span> <span class='ocrx_word' id='word_1_50' title='bbox 791 949 877 1002; x_wconf 88' lang='grc' dir='ltr'><strong>δια</strong></span> <span class='ocrx_word' id='word_1_51' title='bbox 904 950 1108 1003; x_wconf 84' lang='grc' dir='ltr'>τούτων</span> <span class='ocrx_word' id='word_1_52' title='bbox 1133 953 1314 1015; x_wconf 74' lang='grc' dir='ltr'>αὐτοῖς</span> <span class='ocrx_word' id='word_1_53' title='bbox 1348 955 1440 1006; x_wconf 76' lang='grc' dir='ltr'>καὶ</span> <span class='ocrx_word' id='word_1_54' title='bbox 1467 954 1562 1024; x_wconf 81' lang='grc' dir='ltr'>τὴν</span> <span class='ocrx_word' id='word_1_55' title='bbox 1586 951 1680 1006; x_wconf 78' lang='grc' dir='ltr'><strong>τοῦ</strong></span> 
     </span>
    </p>
   </div>
   <div class='ocr_carea' id='block_1_11' title="bbox 112 1032 1039 1108">
    <p class='ocr_par' dir='ltr' id='par_1_11' title="bbox 112 1032 1039 1108">
     <span class='ocr_line' id='line_1_11' title="bbox 112 1032 1039 1108; baseline 0.012 -27"><span class='ocrx_word' id='word_1_56' title='bbox 112 1032 292 1097; x_wconf 77' lang='grc' dir='ltr'>ἁγίου</span> <span class='ocrx_word' id='word_1_57' title='bbox 329 1034 638 1103; x_wconf 72' lang='grc' dir='ltr'>[πνεύματος</span> <span class='ocrx_word' id='word_1_58' title='bbox 677 1037 1039 1108; x_wconf 76' lang='grc' dir='ltr'>ἐπιφοίτησιν.</span> 
     </span>
    </p>
   </div>
   <div class='ocr_carea' id='block_1_12' title="bbox 108 1123 1673 1202">
    <p class='ocr_par' dir='ltr' id='par_1_12' title="bbox 108 1123 1673 1202">
     <span class='ocr_line' id='line_1_12' title="bbox 108 1123 1673 1202; baseline 0.01 -26"><span class='ocrx_word' id='word_1_59' title='bbox 108 1123 434 1191; x_wconf 86' lang='lat' dir='ltr'><strong>Christum,</strong></span> <span class='ocrx_word' id='word_1_60' title='bbox 490 1141 676 1182; x_wconf 81' lang='lat' dir='ltr'><strong>verum</strong></span> <span class='ocrx_word' id='word_1_61' title='bbox 733 1129 883 1185; x_wconf 86' lang='lat' dir='ltr'><strong>illum</strong></span> <span class='ocrx_word' id='word_1_62' title='bbox 956 1133 1124 1188; x_wconf 89' lang='lat' dir='ltr'><strong>Deum</strong></span> <span class='ocrx_word' id='word_1_63' title='bbox 1194 1146 1476 1202; x_wconf 85' lang='lat' dir='ltr'><strong>nostrum;</strong></span> <span class='ocrx_word' id='word_1_64' title='bbox 1529 1139 1673 1192; x_wconf 82' lang='lat' dir='ltr'><strong>velut</strong></span> 
     </span>
    </p>
   </div>
   <div class='ocr_carea' id='block_1_13' title="bbox 112 1211 1228 1289">
    <p class='ocr_par' dir='ltr' id='par_1_13' title="bbox 112 1211 1228 1289">
     <span class='ocr_line' id='line_1_13' title="bbox 112 1211 1228 1289; baseline 0.014 -25"><span class='ocrx_word' id='word_1_65' title='bbox 112 1211 375 1281; x_wconf 79' lang='lat' dir='ltr'><strong>Spiritus</strong></span> <span class='ocrx_word' id='word_1_66' title='bbox 437 1227 663 1274; x_wconf 83' lang='lat' dir='ltr'><strong>sanctus</strong></span> <span class='ocrx_word' id='word_1_67' title='bbox 693 1235 858 1289; x_wconf 82' lang='lat' dir='ltr'><strong>super</strong></span> <span class='ocrx_word' id='word_1_68' title='bbox 903 1237 998 1278; x_wconf 87' lang='lat' dir='ltr'><strong>eos</strong></span> <span class='ocrx_word' id='word_1_69' title='bbox 1028 1227 1228 1280; x_wconf 73' lang='lat' dir='ltr'><strong>veniat.</strong></span> 
     </span>
    </p>
   </div>
   <div class='ocr_carea' id='block_1_14' title="bbox 195 1302 1673 1386">
    <p class='ocr_par' dir='ltr' id='par_1_14' title="bbox 195 1302 1673 1386">
     <span class='ocr_line' id='line_1_14' title="bbox 195 1302 1673 1386; baseline 0.012 -30"><span class='ocrx_word' id='word_1_70' title='bbox 195 1302 385 1358; x_wconf 89' lang='grc' dir='ltr'>Ταῦτα</span> <span class='ocrx_word' id='word_1_71' title='bbox 421 1307 578 1375; x_wconf 80' lang='grc' dir='ltr'>ἡμεῖς</span> <span class='ocrx_word' id='word_1_72' title='bbox 609 1311 683 1372; x_wconf 82' lang='grc' dir='ltr'>ὡς</span> <span class='ocrx_word' id='word_1_73' title='bbox 709 1312 1080 1381; x_wconf 81' lang='grc' dir='ltr'><strong>ἀρχιτέκτονες</strong></span> <span class='ocrx_word' id='word_1_74' title='bbox 1110 1318 1362 1386; x_wconf 81' lang='grc' dir='ltr'>γέροντες</span> <span class='ocrx_word' id='word_1_75' title='bbox 1391 1319 1673 1386; x_wconf 75' lang='grc' dir='ltr'>γεγράφα-</span> 
     </span>
    </p>
   </div>
   <div class='ocr_carea' id='block_1_15' title="bbox 112 1395 1675 1474">
    <p class='ocr_par' dir='ltr' id='par_1_15' title="bbox 112 1395 1675 1474">
     <span class='ocr_line' id='line_1_15' title="bbox 112 1395 1675 1474; baseline 0.01 -30"><span class='ocrx_word' id='word_1_76' title='bbox 112 1395 229 1460; x_wconf 80' lang='grc' dir='ltr'><strong>μέν</strong></span> <span class='ocrx_word' id='word_1_77' title='bbox 262 1412 367 1460; x_wconf 83' lang='grc' dir='ltr'>σοι,</span> <span class='ocrx_word' id='word_1_78' title='bbox 393 1397 690 1464; x_wconf 80' lang='grc' dir='ltr'><strong>σοφώτατε,</strong></span> <span class='ocrx_word' id='word_1_79' title='bbox 727 1401 819 1453; x_wconf 61' lang='grc' dir='ltr'><strong>καὶ¹</strong></span> <span class='ocrx_word' id='word_1_80' title='bbox 851 1403 1203 1474; x_wconf 75' lang='grc' dir='ltr'>ὐπεδείξαμέν</span> <span class='ocrx_word' id='word_1_81' title='bbox 1257 1421 1339 1458; x_wconf 92' lang='grc' dir='ltr'><strong>σοι</strong></span> <span class='ocrx_word' id='word_1_82' title='bbox 1386 1408 1675 1474; x_wconf 76' lang='grc' dir='ltr'>ἀπολογίας</span> 
     </span>
    </p>
   </div>
   <div class='ocr_carea' id='block_1_16' title="bbox 112 1486 1676 1568">
    <p class='ocr_par' dir='ltr' id='par_1_16' title="bbox 112 1486 1676 1568">
     <span class='ocr_line' id='line_1_16' title="bbox 112 1486 1676 1568; baseline 0.01 -31"><span class='ocrx_word' id='word_1_83' title='bbox 112 1486 402 1554; x_wconf 83' lang='grc' dir='ltr'>Θεμέλιον.</span> <span class='ocrx_word' id='word_1_84' title='bbox 431 1489 501 1541; x_wconf 83' lang='grc' dir='ltr'>Σὺ</span> <span class='ocrx_word' id='word_1_85' title='bbox 532 1489 588 1542; x_wconf 82' lang='grc' dir='ltr'>δὲ</span> <span class='ocrx_word' id='word_1_86' title='bbox 620 1490 695 1553; x_wconf 85' lang='grc' dir='ltr'><strong>ὡς</strong></span> <span class='ocrx_word' id='word_1_87' title='bbox 721 1490 876 1554; x_wconf 75' lang='grc' dir='ltr'>ἄλλος</span> <span class='ocrx_word' id='word_1_88' title='bbox 908 1494 1192 1566; x_wconf 82' lang='grc' dir='ltr'>Βεσελεὴλ,</span> <span class='ocrx_word' id='word_1_89' title='bbox 1228 1499 1676 1568; x_wconf 64' lang='grc' dir='ltr'>ἐποικοδομήσας</span> 
     </span>
    </p>
   </div>
   <div class='ocr_carea' id='block_1_17' title="bbox 109 1577 1675 1657">
    <p class='ocr_par' dir='ltr' id='par_1_17' title="bbox 109 1577 1675 1657">
     <span class='ocr_line' id='line_1_17' title="bbox 109 1577 1675 1657; baseline 0.01 -30"><span class='ocrx_word' id='word_1_90' title='bbox 109 1577 183 1628; x_wconf 69' lang='grc' dir='ltr'><strong>τὸ</strong></span> <span class='ocrx_word' id='word_1_91' title='bbox 205 1577 427 1643; x_wconf 84' lang='grc' dir='ltr'>ἀληθές.</span> <span class='ocrx_word' id='word_1_92' title='bbox 452 1579 712 1648; x_wconf 88' lang='grc' dir='ltr'>Θεμέλιον</span> <span class='ocrx_word' id='word_1_93' title='bbox 733 1582 840 1652; x_wconf 80' lang='grc' dir='ltr'><strong>γὰρ</strong></span> <span class='ocrx_word' id='word_1_94' title='bbox 869 1584 1024 1637; x_wconf 76' lang='grc' dir='ltr'>ἄλλον</span> <span class='ocrx_word' id='word_1_95' title='bbox 1051 1587 1244 1652; x_wconf 75' lang='grc' dir='ltr'>οὐδεὶς,</span> <span class='ocrx_word' id='word_1_96' title='bbox 1272 1589 1426 1657; x_wconf 68' lang='grc' dir='ltr'>φησι,</span> <span class='ocrx_word' id='word_1_97' title='bbox 1453 1588 1675 1642; x_wconf 87' lang='grc' dir='ltr'>δύναται</span> 
     </span>
    </p>
   </div>
   <div class='ocr_carea' id='block_1_18' title="bbox 111 1664 1675 1752">
    <p class='ocr_par' dir='ltr' id='par_1_18' title="bbox 111 1664 1675 1752">
     <span class='ocr_line' id='line_1_18' title="bbox 111 1664 1675 1752; baseline 0.015 -37"><span class='ocrx_word' id='word_1_98' title='bbox 111 1664 304 1718; x_wconf 71' lang='grc' dir='ltr'>θεῖναι</span> <span class='ocrx_word' id='word_1_99' title='bbox 335 1671 486 1737; x_wconf 84' lang='grc' dir='ltr'><strong>παρά</strong></span> <span class='ocrx_word' id='word_1_100' title='bbox 529 1671 618 1721; x_wconf 79' lang='grc' dir='ltr'>τὸν</span> <span class='ocrx_word' id='word_1_101' title='bbox 669 1673 936 1741; x_wconf 87' lang='grc' dir='ltr'>κείμενον,</span> <span class='ocrx_word' id='word_1_102' title='bbox 1008 1676 1214 1745; x_wconf 81' lang='grc' dir='ltr'>Ἰησοῦν</span> <span class='ocrx_word' id='word_1_103' title='bbox 1264 1681 1517 1750; x_wconf 76' lang='grc' dir='ltr'>Χριστὸν,</span> <span class='ocrx_word' id='word_1_104' title='bbox 1551 1675 1595 1748; x_wconf 80' lang='grc' dir='ltr'>ᾧ</span> <span class='ocrx_word' id='word_1_105' title='bbox 1641 1683 1675 1752; x_wconf 78' lang='grc' dir='ltr'><strong>ἡ</strong></span> 
     </span>
    </p>
   </div>
   <div class='ocr_carea' id='block_1_19' title="bbox 105 1754 1464 1840">
    <p class='ocr_par' dir='ltr' id='par_1_19' title="bbox 105 1754 1464 1840">
     <span class='ocr_line' id='line_1_19' title="bbox 105 1754 1464 1840; baseline 0.015 -35"><span class='ocrx_word' id='word_1_106' title='bbox 105 1754 252 1821; x_wconf 75' lang='grc' dir='ltr'>δόξα</span> <span class='ocrx_word' id='word_1_107' title='bbox 284 1758 376 1809; x_wconf 82' lang='grc' dir='ltr'>καὶ</span> <span class='ocrx_word' id='word_1_108' title='bbox 414 1759 475 1811; x_wconf 80' lang='grc' dir='ltr'><strong>τὸ</strong></span> <span class='ocrx_word' id='word_1_109' title='bbox 499 1760 697 1830; x_wconf 84' lang='grc' dir='ltr'>κράτος</span> <span class='ocrx_word' id='word_1_110' title='bbox 727 1764 808 1824; x_wconf 80' lang='grc' dir='ltr'><strong>είς</strong></span> <span class='ocrx_word' id='word_1_111' title='bbox 839 1763 966 1826; x_wconf 79' lang='grc' dir='ltr'>τοὺς</span> <span class='ocrx_word' id='word_1_112' title='bbox 1007 1767 1228 1830; x_wconf 88' lang='grc' dir='ltr'>αίῶνας.</span> <span class='ocrx_word' id='word_1_113' title='bbox 1274 1772 1464 1840; x_wconf 79' lang='grc' dir='ltr'>Ἀμήν.</span> 
     </span>
    </p>
   </div>
   <div class='ocr_carea' id='block_1_20' title="bbox 674 1963 1095 2022">
    <p class='ocr_par' dir='ltr' id='par_1_20' title="bbox 674 1963 1095 2022">
     <span class='ocr_line' id='line_1_20' title="bbox 674 1963 1095 2022; baseline 0.019 -7"><span class='ocrx_word' id='word_1_114' title='bbox 674 1963 810 2019; x_wconf 85' lang='grc' dir='ltr'><strong>ΤΟΥ</strong></span> <span class='ocrx_word' id='word_1_115' title='bbox 864 1968 1095 2022; x_wconf 80' lang='grc' dir='ltr'>ΑΥΤΟΥ</span> 
     </span>
    </p>
   </div>
   <div class='ocr_carea' id='block_1_21' title="bbox 109 2068 1673 2147">
    <p class='ocr_par' dir='ltr' id='par_1_21' title="bbox 109 2068 1673 2147">
     <span class='ocr_line' id='line_1_21' title="bbox 109 2068 1673 2147; baseline 0.01 -26"><span class='ocrx_word' id='word_1_116' title='bbox 109 2068 378 2134; x_wconf 70' lang='grc' dir='ltr'>Μελέτη.</span> <span class='ocrx_word' id='word_1_117' title='bbox 422 2071 593 2147; x_wconf 71' lang='grc' dir='ltr'>χάριν</span> <span class='ocrx_word' id='word_1_118' title='bbox 640 2072 749 2140; x_wconf 81' lang='grc' dir='ltr'>τῆς</span> <span class='ocrx_word' id='word_1_119' title='bbox 805 2078 897 2147; x_wconf 64' lang='grc' dir='ltr'><strong>εἰς·Δ</strong></span> <span class='ocrx_word' id='word_1_120' title='bbox 945 2079 1085 2143; x_wconf 85' lang='grc' dir='ltr'>τοὺς</span> <span class='ocrx_word' id='word_1_121' title='bbox 1127 2081 1322 2144; x_wconf 78' lang='grc' dir='ltr'>θείους</span> <span class='ocrx_word' id='word_1_122' title='bbox 1349 2082 1532 2147; x_wconf 80' lang='grc' dir='ltr'>ναοὺς</span> <span class='ocrx_word' id='word_1_123' title='bbox 1557 2083 1673 2136; x_wconf 75' lang='grc' dir='ltr'>τῶν</span> 
     </span>
    </p>
   </div>
   <div class='ocr_carea' id='block_1_22' title="bbox 189 2141 1673 2220">
    <p class='ocr_par' dir='ltr' id='par_1_22' title="bbox 189 2141 1673 2220">
     <span class='ocr_line' id='line_1_22' title="bbox 189 2141 1673 2220; baseline 0.011 -31"><span class='ocrx_word' id='word_1_124' title='bbox 189 2141 606 2220; x_wconf 64' lang='grc' dir='ltr'>μοναστηρίωγ</span> <span class='ocrx_word' id='word_1_125' title='bbox 695 2143 1012 2220; x_wconf 60' lang='grc' dir='ltr'>τιῖομένης</span> <span class='ocrx_word' id='word_1_126' title='bbox 1061 2141 1523 2216; x_wconf 56' lang='grc' dir='ltr'>’μετακλήσεωςί</span> <span class='ocrx_word' id='word_1_127' title='bbox 1575 2153 1673 2206; x_wconf 79' lang='grc' dir='ltr'>διὰ</span> 
     </span>
    </p>
   </div>
   <div class='ocr_carea' id='block_1_23' title="bbox 191 2210 840 2277">
    <p class='ocr_par' dir='ltr' id='par_1_23' title="bbox 191 2210 840 2277">
     <span class='ocr_line' id='line_1_23' title="bbox 191 2210 840 2277; baseline 0.006 -18"><span class='ocrx_word' id='word_1_128' title='bbox 191 2210 614 2274; x_wconf 76' lang='grc' dir='ltr'>σημαντηρίων</span> <span class='ocrx_word' id='word_1_129' title='bbox 648 2210 840 2277; x_wconf 60' lang='grc' dir='ltr'>τριῶν-ζ</span> 
     </span>
    </p>
   </div>
   <div class='ocr_carea' id='block_1_24' title="bbox 195 2295 1670 2376">
    <p class='ocr_par' dir='ltr' id='par_1_24' title="bbox 195 2295 1670 2376">
     <span class='ocr_line' id='line_1_24' title="bbox 195 2295 1670 2376; baseline 0.012 -30"><span class='ocrx_word' id='word_1_130' title='bbox 195 2295 416 2350; x_wconf 82' lang='grc' dir='ltr'><strong>Βλέπων</strong></span> <span class='ocrx_word' id='word_1_131' title='bbox 446 2300 837 2368; x_wconf 81' lang='grc' dir='ltr'>ἀπειροκάλους</span> <span class='ocrx_word' id='word_1_132' title='bbox 885 2303 1056 2364; x_wconf 83' lang='grc' dir='ltr'>τινάς,</span> <span class='ocrx_word' id='word_1_133' title='bbox 1089 2305 1182 2357; x_wconf 74' lang='grc' dir='ltr'>καὶ</span> <span class='ocrx_word' id='word_1_134' title='bbox 1221 2308 1355 2376; x_wconf 82' lang='grc' dir='ltr'>πρὸς</span> <span class='ocrx_word' id='word_1_135' title='bbox 1387 2310 1549 2376; x_wconf 81' lang='grc' dir='ltr'>μηδὲν</span> <span class='ocrx_word' id='word_1_136' title='bbox 1579 2313 1670 2363; x_wconf 83' lang='grc' dir='ltr'><strong>εὑ-</strong></span> 
     </span>
    </p>
   </div>
   <div class='ocr_carea' id='block_1_25' title="bbox 123 2385 1672 2462">
    <p class='ocr_par' dir='ltr' id='par_1_25' title="bbox 123 2385 1672 2462">
     <span class='ocr_line' id='line_1_25' title="bbox 123 2385 1672 2462; baseline 0.01 -26"><span class='ocrx_word' id='word_1_137' title='bbox 123 2385 450 2454; x_wconf 85' lang='grc' dir='ltr'>καιροῦντας</span> <span class='ocrx_word' id='word_1_138' title='bbox 478 2390 771 2457; x_wconf 72' lang='grc' dir='ltr'>ἑπωφελὲς,</span> <span class='ocrx_word' id='word_1_139' title='bbox 804 2391 916 2443; x_wconf 79' lang='grc' dir='ltr'>ἀλλ’</span> <span class='ocrx_word' id='word_1_140' title='bbox 945 2393 976 2462; x_wconf 76' lang='grc' dir='ltr'>ἢ</span> <span class='ocrx_word' id='word_1_141' title='bbox 1014 2394 1191 2460; x_wconf 90' lang='grc' dir='ltr'>λέγειν</span> <span class='ocrx_word' id='word_1_142' title='bbox 1219 2413 1270 2448; x_wconf 88' lang='grc' dir='ltr'><strong>τι</strong></span> <span class='ocrx_word' id='word_1_143' title='bbox 1320 2402 1412 2450; x_wconf 74' lang='grc' dir='ltr'>καὶ</span> <span class='ocrx_word' id='word_1_144' title='bbox 1454 2399 1672 2453; x_wconf 77' lang='grc' dir='ltr'>ἀκούειν</span> 
     </span>
    </p>
   </div>
   <div class='ocr_carea' id='block_1_26' title="bbox 119 2475 1672 2545">
    <p class='ocr_par' dir='ltr' id='par_1_26' title="bbox 119 2475 1672 2545">
     <span class='ocr_line' id='line_1_26' title="bbox 119 2475 1672 2545; baseline 0.009 -19"><span class='ocrx_word' id='word_1_145' title='bbox 119 2475 456 2544; x_wconf 79' lang='grc' dir='ltr'>καινότερον,</span> <span class='ocrx_word' id='word_1_146' title='bbox 509 2479 742 2544; x_wconf 78' lang='grc' dir='ltr'>ματαίαν</span> <span class='ocrx_word' id='word_1_147' title='bbox 779 2481 1183 2545; x_wconf 83' lang='grc' dir='ltr'>ἀποκαλοῦντας</span> <span class='ocrx_word' id='word_1_148' title='bbox 1239 2486 1330 2537; x_wconf 73' lang='grc' dir='ltr'>καὶ</span> <span class='ocrx_word' id='word_1_149' title='bbox 1385 2489 1672 2540; x_wconf 77' lang='grc' dir='ltr'>σκανδάλο-</span> 
     </span>
    </p>
   </div>
   <div class='ocr_carea' id='block_1_27' title="bbox 117 2564 1670 2639">
    <p class='ocr_par' dir='ltr' id='par_1_27' title="bbox 117 2564 1670 2639">
     <span class='ocr_line' id='line_1_27' title="bbox 117 2564 1670 2639; baseline 0.01 -24"><span class='ocrx_word' id='word_1_150' title='bbox 117 2564 277 2617; x_wconf 76' lang='grc' dir='ltr'>ποιδν</span> <span class='ocrx_word' id='word_1_151' title='bbox 305 2567 403 2634; x_wconf 85' lang='grc' dir='ltr'><strong>τὴν</strong></span> <span class='ocrx_word' id='word_1_152' title='bbox 453 2567 536 2619; x_wconf 76' lang='grc' dir='ltr'><strong>διὰ</strong></span> <span class='ocrx_word' id='word_1_153' title='bbox 587 2570 967 2638; x_wconf 85' lang='grc' dir='ltr'>σημαντηρίων</span> <span class='ocrx_word' id='word_1_154' title='bbox 997 2573 1162 2639; x_wconf 80' lang='grc' dir='ltr'>τριῶν</span> <span class='ocrx_word' id='word_1_155' title='bbox 1219 2577 1297 2636; x_wconf 82' lang='grc' dir='ltr'><strong>είς</strong></span> <span class='ocrx_word' id='word_1_156' title='bbox 1343 2579 1467 2639; x_wconf 83' lang='grc' dir='ltr'>τοὺς</span> <span class='ocrx_word' id='word_1_157' title='bbox 1513 2580 1670 2639; x_wconf 73' lang='grc' dir='ltr'>ναοὺς</span> 
     </span>
    </p>
   </div>
   <div class='ocr_carea' id='block_1_28' title="bbox 120 2657 1671 2736">
    <p class='ocr_par' dir='ltr' id='par_1_28' title="bbox 120 2657 1671 2736">
     <span class='ocr_line' id='line_1_28' title="bbox 120 2657 1671 2736; baseline 0.01 -31"><span class='ocrx_word' id='word_1_158' title='bbox 120 2657 416 2726; x_wconf 78' lang='grc' dir='ltr'>γινομένην</span> <span class='ocrx_word' id='word_1_159' title='bbox 446 2659 552 2709; x_wconf 89' lang='grc' dir='ltr'><strong>τῶν</strong></span> <span class='ocrx_word' id='word_1_160' title='bbox 577 2659 916 2727; x_wconf 78' lang='grc' dir='ltr'>μοναζόντων</span> <span class='ocrx_word' id='word_1_161' title='bbox 977 2665 1329 2732; x_wconf 83' lang='grc' dir='ltr'>μετάκλησιν,</span> <span class='ocrx_word' id='word_1_162' title='bbox 1366 2667 1526 2736; x_wconf 80' lang='grc' dir='ltr'>χάριν</span> <span class='ocrx_word' id='word_1_163' title='bbox 1570 2667 1671 2735; x_wconf 79' lang='grc' dir='ltr'>τῆς</span> 
     </span>
    </p>
   </div>
   <div class='ocr_carea' id='block_1_29' title="bbox 117 2745 1668 2826">
    <p class='ocr_par' dir='ltr' id='par_1_29' title="bbox 117 2745 1668 2826">
     <span class='ocr_line' id='line_1_29' title="bbox 117 2745 1668 2826; baseline 0.01 -32"><span class='ocrx_word' id='word_1_164' title='bbox 117 2745 233 2796; x_wconf 85' lang='grc' dir='ltr'><strong>τῶν</strong></span> <span class='ocrx_word' id='word_1_165' title='bbox 256 2745 412 2798; x_wconf 76' lang='grc' dir='ltr'>θείων</span> <span class='ocrx_word' id='word_1_166' title='bbox 429 2748 740 2815; x_wconf 77' lang='grc' dir='ltr'>δοξολογιῶν</span> <span class='ocrx_word' id='word_1_167' title='bbox 766 2752 1097 2821; x_wconf 84' lang='grc' dir='ltr'>ἀκροάσεως·</span> <span class='ocrx_word' id='word_1_168' title='bbox 1119 2754 1340 2824; x_wconf 83' lang='grc' dir='ltr'>(Ἤρκει</span> <span class='ocrx_word' id='word_1_169' title='bbox 1363 2758 1490 2823; x_wconf 80' lang='grc' dir='ltr'>γὰρ,</span> <span class='ocrx_word' id='word_1_170' title='bbox 1518 2761 1668 2826; x_wconf 71' lang='grc' dir='ltr'>φησὶ,</span> 
     </span>
    </p>
   </div>
   <div class='ocr_carea' id='block_1_30' title="bbox 116 2831 1670 2912">
    <p class='ocr_par' dir='ltr' id='par_1_30' title="bbox 116 2831 1670 2912">
     <span class='ocr_line' id='line_1_30' title="bbox 116 2831 1670 2912; baseline 0.01 -30"><span class='ocrx_word' id='word_1_171' title='bbox 116 2831 189 2883; x_wconf 82' lang='grc' dir='ltr'>δι’</span> <span class='ocrx_word' id='word_1_172' title='bbox 244 2834 360 2895; x_wconf 78' lang='grc' dir='ltr'>ἑνὸς</span> <span class='ocrx_word' id='word_1_173' title='bbox 421 2835 616 2897; x_wconf 84' lang='grc' dir='ltr'>αὐτοὺς</span> <span class='ocrx_word' id='word_1_174' title='bbox 663 2839 1131 2904; x_wconf 84' lang='grc' dir='ltr'>μεταστέλλεσθαι,</span> <span class='ocrx_word' id='word_1_175' title='bbox 1166 2843 1259 2893; x_wconf 67' lang='grc' dir='ltr'>καλ.</span> <span class='ocrx_word' id='word_1_176' title='bbox 1317 2845 1392 2912; x_wconf 84' lang='grc' dir='ltr'>μὴ</span> <span class='ocrx_word' id='word_1_177' title='bbox 1431 2846 1670 2911; x_wconf 84' lang='grc' dir='ltr'>γίνεσθαι</span> 
     </span>
    </p>
   </div>
   <div class='ocr_carea' id='block_1_31' title="bbox 119 2923 1671 3005">
    <p class='ocr_par' dir='ltr' id='par_1_31' title="bbox 119 2923 1671 3005">
     <span class='ocr_line' id='line_1_31' title="bbox 119 2923 1671 3005; baseline 0.011 -33"><span class='ocrx_word' id='word_1_178' title='bbox 119 2923 265 2974; x_wconf 80' lang='grc' dir='ltr'>κατὰ</span> <span class='ocrx_word' id='word_1_179' title='bbox 296 2923 402 2976; x_wconf 83' lang='grc' dir='ltr'><strong>τῶν</strong></span> <span class='ocrx_word' id='word_1_180' title='bbox 426 2925 595 2992; x_wconf 71' lang='grc' dir='ltr'>ἁγίων</span> <span class='ocrx_word' id='word_1_181' title='bbox 639 2928 970 2998; x_wconf 83' lang='grc' dir='ltr'>Ἐκκλησιῶν</span> <span class='ocrx_word' id='word_1_182' title='bbox 993 2931 1086 2982; x_wconf 82' lang='grc' dir='ltr'><strong>τοῦ</strong></span> <span class='ocrx_word' id='word_1_183' title='bbox 1123 2932 1256 2985; x_wconf 90' lang='grc' dir='ltr'>Θεοῦ</span> <span class='ocrx_word' id='word_1_184' title='bbox 1297 2937 1671 3005; x_wconf 73' lang='grc' dir='ltr'>μυκτηρισμδν</span> 
     </span>
    </p>
   </div>
   <div class='ocr_carea' id='block_1_32' title="bbox 122 3015 1670 3094">
    <p class='ocr_par' dir='ltr' id='par_1_32' title="bbox 122 3015 1670 3094">
     <span class='ocr_line' id='line_1_32' title="bbox 122 3015 1670 3094; baseline 0.008 -29"><span class='ocrx_word' id='word_1_185' title='bbox 122 3015 220 3066; x_wconf 73' lang='grc' dir='ltr'>καὶ</span> <span class='ocrx_word' id='word_1_186' title='bbox 248 3016 552 3084; x_wconf 77' lang='grc' dir='ltr'>χλευασμὸν</span> <span class='ocrx_word' id='word_1_187' title='bbox 577 3019 724 3087; x_wconf 79' lang='grc' dir='ltr'>παρὰ</span> <span class='ocrx_word' id='word_1_188' title='bbox 749 3021 854 3072; x_wconf 85' lang='grc' dir='ltr'><strong>τῶν</strong></span> <span class='ocrx_word' id='word_1_189' title='bbox 887 3023 1232 3076; x_wconf 84' lang='grc' dir='ltr'>κυκλούντων</span> <span class='ocrx_word' id='word_1_190' title='bbox 1272 3028 1414 3094; x_wconf 81' lang='grc' dir='ltr'>ἡμᾶς</span> <span class='ocrx_word' id='word_1_191' title='bbox 1438 3028 1670 3092; x_wconf 66' lang='grc' dir='ltr'>ἀσεϐῶν,</span> 
     </span>
    </p>
   </div>
   <div class='ocr_carea' id='block_1_33' title="bbox 119 3105 1673 3185">
    <p class='ocr_par' dir='ltr' id='par_1_33' title="bbox 119 3105 1673 3185">
     <span class='ocr_line' id='line_1_33' title="bbox 119 3105 1673 3185; baseline 0.009 -31"><span class='ocrx_word' id='word_1_192' title='bbox 119 3105 414 3156; x_wconf 78' lang='grc' dir='ltr'>κάντεῦθεν</span> <span class='ocrx_word' id='word_1_193' title='bbox 445 3108 536 3158; x_wconf 77' lang='grc' dir='ltr'>καὶ</span> <span class='ocrx_word' id='word_1_194' title='bbox 554 3109 862 3178; x_wconf 74' lang='grc' dir='ltr'>παραϐολὴν</span> <span class='ocrx_word' id='word_1_195' title='bbox 883 3112 937 3162; x_wconf 74' lang='grc' dir='ltr'>ὲν</span> <span class='ocrx_word' id='word_1_196' title='bbox 962 3115 1071 3172; x_wconf 82' lang='grc' dir='ltr'>τοῖς</span> <span class='ocrx_word' id='word_1_197' title='bbox 1099 3114 1294 3178; x_wconf 78' lang='grc' dir='ltr'>ἔθνεσι,</span> <span class='ocrx_word' id='word_1_198' title='bbox 1327 3117 1458 3183; x_wconf 79' lang='grc' dir='ltr'>μηδὲ</span> <span class='ocrx_word' id='word_1_199' title='bbox 1477 3117 1673 3185; x_wconf 76' lang='grc' dir='ltr'>Θριαμ-</span> 
     </span>
    </p>
   </div>
   <div class='ocr_carea' id='block_1_34' title="bbox 1781 592 3322 664">
    <p class='ocr_par' dir='ltr' id='par_1_34' title="bbox 1781 592 3322 664">
     <span class='ocr_line' id='line_1_34' title="bbox 1781 592 3322 664; baseline -0.003 -14"><span class='ocrx_word' id='word_1_200' title='bbox 1781 595 2213 664; x_wconf 86' lang='lat' dir='ltr'><strong>peregriuatione</strong></span> <span class='ocrx_word' id='word_1_201' title='bbox 2263 592 2480 646; x_wconf 88' lang='lat' dir='ltr'><strong>domum</strong></span> <span class='ocrx_word' id='word_1_202' title='bbox 2567 593 2762 646; x_wconf 66' lang='lat' dir='ltr'><strong>illaesos</strong></span> <span class='ocrx_word' id='word_1_203' title='bbox 2819 593 3126 655; x_wconf 70' lang='lat' dir='ltr'><strong>redeuntes,</strong></span> <span class='ocrx_word' id='word_1_204' title='bbox 3174 594 3322 648; x_wconf 65' lang='lat' dir='ltr'><strong>laeta-</strong></span> 
     </span>
    </p>
   </div>
   <div class='ocr_carea' id='block_1_35' title="bbox 1783 682 3320 752">
    <p class='ocr_par' dir='ltr' id='par_1_35' title="bbox 1783 682 3320 752">
     <span class='ocr_line' id='line_1_35' title="bbox 1783 682 3320 752; baseline -0.003 -12"><span class='ocrx_word' id='word_1_205' title='bbox 1783 687 1999 740; x_wconf 88' lang='lat' dir='ltr'><strong>bundus</strong></span> <span class='ocrx_word' id='word_1_206' title='bbox 2030 698 2124 738; x_wconf 84' lang='lat' dir='ltr'><strong>eos</strong></span> <span class='ocrx_word' id='word_1_207' title='bbox 2183 698 2304 737; x_wconf 91' lang='lat' dir='ltr'><strong>cum</strong></span> <span class='ocrx_word' id='word_1_208' title='bbox 2335 683 2523 735; x_wconf 85' lang='lat' dir='ltr'><strong>oscqu</strong></span> <span class='ocrx_word' id='word_1_209' title='bbox 2557 692 2744 735; x_wconf 81' lang='lat' dir='ltr'><strong>sancto</strong></span> <span class='ocrx_word' id='word_1_210' title='bbox 2779 682 2999 744; x_wconf 75' lang='lat' dir='ltr'><strong>salutat,</strong></span> <span class='ocrx_word' id='word_1_211' title='bbox 3037 689 3089 736; x_wconf 89' lang='lat' dir='ltr'><strong>et</strong></span> <span class='ocrx_word' id='word_1_212' title='bbox 3118 683 3320 752; x_wconf 87' lang='lat' dir='ltr'><strong>apertis</strong></span> 
     </span>
    </p>
   </div>
   <div class='ocr_carea' id='block_1_36' title="bbox 1786 771 3323 835">
    <p class='ocr_par' dir='ltr' id='par_1_36' title="bbox 1786 771 3323 835">
     <span class='ocr_line' id='line_1_36' title="bbox 1786 771 3323 835; baseline -0.003 -6"><span class='ocrx_word' id='word_1_213' title='bbox 1786 775 2064 829; x_wconf 77' lang='lat' dir='ltr'><strong>thesauris</strong></span> <span class='ocrx_word' id='word_1_214' title='bbox 2094 772 2486 828; x_wconf 82' lang='lat' dir='ltr'><strong>benedictionis</strong></span> <span class='ocrx_word' id='word_1_215' title='bbox 2521 786 2653 835; x_wconf 62' lang='lat' dir='ltr'><strong>suae,</strong></span> <span class='ocrx_word' id='word_1_216' title='bbox 2680 771 3018 824; x_wconf 85' lang='lat' dir='ltr'><strong>numismatis</strong></span> <span class='ocrx_word' id='word_1_217' title='bbox 3050 785 3142 824; x_wconf 82' lang='lat' dir='ltr'><strong>eos</strong></span> <span class='ocrx_word' id='word_1_218' title='bbox 3176 772 3323 824; x_wconf 75' lang='lat' dir='ltr'><strong>exci-</strong></span> 
     </span>
    </p>
   </div>
   <div class='ocr_carea' id='block_1_37' title="bbox 1782 860 3312 934">
    <p class='ocr_par' dir='ltr' id='par_1_37' title="bbox 1782 860 3312 934">
     <span class='ocr_line' id='line_1_37' title="bbox 1782 860 3312 934; baseline -0.003 -15"><span class='ocrx_word' id='word_1_219' title='bbox 1782 868 1878 934; x_wconf 90' lang='lat' dir='ltr'><strong>pit,</strong></span> <span class='ocrx_word' id='word_1_220' title='bbox 1915 865 2124 931; x_wconf 76' lang='lat' dir='ltr'><strong>exiguis</strong></span> <span class='ocrx_word' id='word_1_221' title='bbox 2173 863 2386 931; x_wconf 81' lang='lat' dir='ltr'><strong>quidem</strong></span> <span class='ocrx_word' id='word_1_222' title='bbox 2419 862 2526 917; x_wconf 90' lang='lat' dir='ltr'><strong>illis</strong></span> <span class='ocrx_word' id='word_1_223' title='bbox 2557 861 2610 914; x_wconf 92' lang='lat' dir='ltr'><strong>in</strong></span> <span class='ocrx_word' id='word_1_224' title='bbox 2664 863 2930 929; x_wconf 83' lang='lat' dir='ltr'><strong>speciem;</strong></span> <span class='ocrx_word' id='word_1_225' title='bbox 2984 860 3078 915; x_wconf 90' lang='lat' dir='ltr'><strong>sed</strong></span> <span class='ocrx_word' id='word_1_226' title='bbox 3105 861 3312 930; x_wconf 77' lang='lat' dir='ltr'><strong>magnis</strong></span> 
     </span>
    </p>
   </div>
   <div class='ocr_carea' id='block_1_38' title="bbox 1785 950 3322 1025">
    <p class='ocr_par' dir='ltr' id='par_1_38' title="bbox 1785 950 3322 1025">
     <span class='ocr_line' id='line_1_38' title="bbox 1785 950 3322 1025; baseline -0.005 -15"><span class='ocrx_word' id='word_1_227' title='bbox 1785 957 1905 1025; x_wconf 87' lang='lat' dir='ltr'><strong>ejus</strong></span> <span class='ocrx_word' id='word_1_228' title='bbox 1936 956 2172 1016; x_wconf 76' lang='lat' dir='ltr'><strong>ratione,</strong></span> <span class='ocrx_word' id='word_1_229' title='bbox 2213 952 2357 1022; x_wconf 89' lang='lat' dir='ltr'><strong>quod</strong></span> <span class='ocrx_word' id='word_1_230' title='bbox 2390 950 2729 1020; x_wconf 73' lang='lat' dir='ltr'><strong>intelligitur.</strong></span> <span class='ocrx_word' id='word_1_231' title='bbox 2778 951 2984 1019; x_wconf 82' lang='lat' dir='ltr'><strong>Quippe</strong></span> <span class='ocrx_word' id='word_1_232' title='bbox 3031 951 3322 1020; x_wconf 80' lang='lat' dir='ltr'><strong>respiciens</strong></span> 
     </span>
    </p>
   </div>
   <div class='ocr_carea' id='block_1_39' title="bbox 1785 1040 3323 1101">
    <p class='ocr_par' dir='ltr' id='par_1_39' title="bbox 1785 1040 3323 1101">
     <span class='ocr_line' id='line_1_39' title="bbox 1785 1040 3323 1101; baseline -0.003 -4"><span class='ocrx_word' id='word_1_233' title='bbox 1785 1046 1838 1098; x_wconf 90' lang='lat' dir='ltr'><strong>iu</strong></span> <span class='ocrx_word' id='word_1_234' title='bbox 1911 1053 2188 1096; x_wconf 89' lang='lat' dir='ltr'><strong>auctorem</strong></span> <span class='ocrx_word' id='word_1_235' title='bbox 2269 1050 2322 1096; x_wconf 91' lang='lat' dir='ltr'><strong>et</strong></span> <span class='ocrx_word' id='word_1_236' title='bbox 2386 1048 2878 1096; x_wconf 81' lang='lat' dir='ltr'><strong>consutnmaturem</strong></span> <span class='ocrx_word' id='word_1_237' title='bbox 2939 1040 3084 1101; x_wconf 76' lang='lat' dir='ltr'><strong>ﬁdei.</strong></span> <span class='ocrx_word' id='word_1_238' title='bbox 3142 1040 3323 1096; x_wconf 75' lang='lat' dir='ltr'><strong>Jesum</strong></span> 
     </span>
    </p>
   </div>
   <div class='ocr_carea' id='block_1_40' title="bbox 1761 1133 3327 1205">
    <p class='ocr_par' dir='ltr' id='par_1_40' title="bbox 1761 1133 3327 1205">
     <span class='ocr_line' id='line_1_40' title="bbox 1761 1133 3327 1205; baseline -0.004 -14"><span class='ocrx_word' id='word_1_239' title='bbox 1761 1139 1922 1192; x_wconf 86' lang='lat' dir='ltr'><strong>arrha</strong></span> <span class='ocrx_word' id='word_1_240' title='bbox 1973 1139 2096 1192; x_wconf 89' lang='lat' dir='ltr'><strong>data</strong></span> <span class='ocrx_word' id='word_1_241' title='bbox 2149 1151 2244 1205; x_wconf 88' lang='lat' dir='ltr'><strong>per</strong></span> <span class='ocrx_word' id='word_1_242' title='bbox 2294 1135 2406 1188; x_wconf 64' lang='lat' dir='ltr'><strong>hec</strong></span> <span class='ocrx_word' id='word_1_243' title='bbox 2457 1136 2536 1188; x_wconf 87' lang='lat' dir='ltr'><strong>eis</strong></span> <span class='ocrx_word' id='word_1_244' title='bbox 2606 1134 2891 1203; x_wconf 81' lang='lat' dir='ltr'><strong>pollicetur</strong></span> <span class='ocrx_word' id='word_1_245' title='bbox 2953 1133 3212 1201; x_wconf 79' lang='lat' dir='ltr'><strong>futurum,</strong></span> <span class='ocrx_word' id='word_1_246' title='bbox 3266 1140 3327 1192; x_wconf 88' lang='lat' dir='ltr'><strong>ut</strong></span> 
     </span>
    </p>
   </div>
   <div class='ocr_carea' id='block_1_41' title="bbox 1854 1313 3325 1384">
    <p class='ocr_par' dir='ltr' id='par_1_41' title="bbox 1854 1313 3325 1384">
     <span class='ocr_line' id='line_1_41' title="bbox 1854 1313 3325 1384; baseline -0.001 -16"><span class='ocrx_word' id='word_1_247' title='bbox 1854 1315 1976 1370; x_wconf 86' lang='lat' dir='ltr'><strong>Haec</strong></span> <span class='ocrx_word' id='word_1_248' title='bbox 2003 1330 2102 1370; x_wconf 87' lang='lat' dir='ltr'><strong>nos</strong></span> <span class='ocrx_word' id='word_1_249' title='bbox 2155 1317 2318 1370; x_wconf 79' lang='lat' dir='ltr'><strong>veluti</strong></span> <span class='ocrx_word' id='word_1_250' title='bbox 2371 1314 2744 1383; x_wconf 80' lang='lat' dir='ltr'><strong>provectiores</strong></span> <span class='ocrx_word' id='word_1_251' title='bbox 2777 1313 3060 1368; x_wconf 87' lang='lat' dir='ltr'><strong>architecti</strong></span> <span class='ocrx_word' id='word_1_252' title='bbox 3105 1314 3325 1384; x_wconf 86' lang='lat' dir='ltr'><strong>scripsi-</strong></span> 
     </span>
    </p>
   </div>
   <div class='ocr_carea' id='block_1_42' title="bbox 1781 1405 3327 1469">
    <p class='ocr_par' dir='ltr' id='par_1_42' title="bbox 1781 1405 3327 1469">
     <span class='ocr_line' id='line_1_42' title="bbox 1781 1405 3327 1469; baseline 0.001 -11"><span class='ocrx_word' id='word_1_253' title='bbox 1781 1421 1902 1459; x_wconf 88' lang='lat' dir='ltr'><strong>mus</strong></span> <span class='ocrx_word' id='word_1_254' title='bbox 1928 1407 2046 1469; x_wconf 85' lang='lat' dir='ltr'><strong>tibi,</strong></span> <span class='ocrx_word' id='word_1_255' title='bbox 2079 1407 2160 1460; x_wconf 85' lang='lat' dir='ltr'><strong>vir</strong></span> <span class='ocrx_word' id='word_1_256' title='bbox 2190 1407 2574 1468; x_wconf 88' lang='lat' dir='ltr'><strong>eruditissime,</strong></span> <span class='ocrx_word' id='word_1_257' title='bbox 2613 1420 2676 1460; x_wconf 93' lang='lat' dir='ltr'><strong>ac</strong></span> <span class='ocrx_word' id='word_1_258' title='bbox 2732 1405 3136 1459; x_wconf 81' lang='lat' dir='ltr'><strong>fundamentum</strong></span> <span class='ocrx_word' id='word_1_259' title='bbox 3169 1407 3327 1460; x_wconf 87' lang='lat' dir='ltr'><strong>satis-</strong></span> 
     </span>
    </p>
   </div>
   <div class='ocr_carea' id='block_1_43' title="bbox 1784 1494 3324 1566">
    <p class='ocr_par' dir='ltr' id='par_1_43' title="bbox 1784 1494 3324 1566">
     <span class='ocr_line' id='line_1_43' title="bbox 1784 1494 3324 1566; baseline 0 -17"><span class='ocrx_word' id='word_1_260' title='bbox 1784 1495 2038 1552; x_wconf 79' lang='lat' dir='ltr'><strong>factionis</strong></span> <span class='ocrx_word' id='word_1_261' title='bbox 2076 1497 2230 1566; x_wconf 90' lang='lat' dir='ltr'><strong>quasi</strong></span> <span class='ocrx_word' id='word_1_262' title='bbox 2267 1497 2435 1566; x_wconf 79' lang='lat' dir='ltr'><strong>digito</strong></span> <span class='ocrx_word' id='word_1_263' title='bbox 2465 1496 3034 1550; x_wconf 79' lang='lat' dir='ltr'><strong>commonstravimus.</strong></span> <span class='ocrx_word' id='word_1_264' title='bbox 3064 1494 3141 1548; x_wconf 86' lang='lat' dir='ltr'><strong>Tu</strong></span> <span class='ocrx_word' id='word_1_265' title='bbox 3179 1498 3324 1549; x_wconf 77' lang='lat' dir='ltr'><strong>velut</strong></span> 
     </span>
    </p>
   </div>
   <div class='ocr_carea' id='block_1_44' title="bbox 1782 1583 3322 1654">
    <p class='ocr_par' dir='ltr' id='par_1_44' title="bbox 1782 1583 3322 1654">
     <span class='ocr_line' id='line_1_44' title="bbox 1782 1583 3322 1654; baseline 0.001 -19"><span class='ocrx_word' id='word_1_266' title='bbox 1782 1585 1917 1639; x_wconf 86' lang='lat' dir='ltr'><strong>alter</strong></span> <span class='ocrx_word' id='word_1_267' title='bbox 1951 1586 2212 1650; x_wconf 87' lang='lat' dir='ltr'><strong>Beseleel,</strong></span> <span class='ocrx_word' id='word_1_268' title='bbox 2246 1602 2434 1640; x_wconf 80' lang='lat' dir='ltr'><strong>verum</strong></span> <span class='ocrx_word' id='word_1_269' title='bbox 2466 1597 2835 1654; x_wconf 87' lang='lat' dir='ltr'><strong>superstrues.</strong></span> <span class='ocrx_word' id='word_1_270' title='bbox 2872 1584 3081 1652; x_wconf 86' lang='lat' dir='ltr'><strong>Quippe</strong></span> <span class='ocrx_word' id='word_1_271' title='bbox 3123 1583 3322 1637; x_wconf 79' lang='lat' dir='ltr'><strong>l‘unda-</strong></span> 
     </span>
    </p>
   </div>
   <div class='ocr_carea' id='block_1_45' title="bbox 1782 1675 3324 1743">
    <p class='ocr_par' dir='ltr' id='par_1_45' title="bbox 1782 1675 3324 1743">
     <span class='ocr_line' id='line_1_45' title="bbox 1782 1675 3324 1743; baseline -0.003 -15"><span class='ocrx_word' id='word_1_272' title='bbox 1782 1683 2023 1730; x_wconf 88' lang='lat' dir='ltr'><strong>mentum</strong></span> <span class='ocrx_word' id='word_1_273' title='bbox 2053 1676 2220 1739; x_wconf 82' lang='lat' dir='ltr'><strong>aliud,</strong></span> <span class='ocrx_word' id='word_1_274' title='bbox 2255 1685 2313 1728; x_wconf 91' lang='lat' dir='ltr'><strong>ut</strong></span> <span class='ocrx_word' id='word_1_275' title='bbox 2339 1677 2428 1728; x_wconf 91' lang='lat' dir='ltr'><strong>ille</strong></span> <span class='ocrx_word' id='word_1_276' title='bbox 2458 1675 2656 1742; x_wconf 86' lang='lat' dir='ltr'><strong>inquit,</strong></span> <span class='ocrx_word' id='word_1_277' title='bbox 2691 1690 2846 1727; x_wconf 92' lang='lat' dir='ltr'><strong>nemo</strong></span> <span class='ocrx_word' id='word_1_278' title='bbox 2909 1689 3106 1743; x_wconf 86' lang='lat' dir='ltr'><strong>ponere</strong></span> <span class='ocrx_word' id='word_1_279' title='bbox 3154 1682 3324 1741; x_wconf 77' lang='lat' dir='ltr'><strong>potest</strong></span> 
     </span>
    </p>
   </div>
   <div class='ocr_carea' id='block_1_46' title="bbox 1780 1763 3322 1837">
    <p class='ocr_par' dir='ltr' id='par_1_46' title="bbox 1780 1763 3322 1837">
     <span class='ocr_line' id='line_1_46' title="bbox 1780 1763 3322 1837; baseline -0.003 -15"><span class='ocrx_word' id='word_1_280' title='bbox 1780 1776 1973 1837; x_wconf 68' lang='lat' dir='ltr'><strong>praeter</strong></span> <span class='ocrx_word' id='word_1_281' title='bbox 1999 1767 2074 1827; x_wconf 85' lang='lat' dir='ltr'><strong>id.</strong></span> <span class='ocrx_word' id='word_1_282' title='bbox 2099 1766 2241 1834; x_wconf 86' lang='lat' dir='ltr'><strong>quod</strong></span> <span class='ocrx_word' id='word_1_283' title='bbox 2271 1766 2512 1833; x_wconf 89' lang='lat' dir='ltr'><strong>positum</strong></span> <span class='ocrx_word' id='word_1_284' title='bbox 2545 1773 2648 1827; x_wconf 87' lang='lat' dir='ltr'><strong>est,</strong></span> <span class='ocrx_word' id='word_1_285' title='bbox 2671 1763 2852 1818; x_wconf 89' lang='lat' dir='ltr'><strong>Jesum</strong></span> <span class='ocrx_word' id='word_1_286' title='bbox 2887 1766 3090 1818; x_wconf 85' lang='lat' dir='ltr'><strong>scilicet</strong></span> <span class='ocrx_word' id='word_1_287' title='bbox 3132 1763 3322 1817; x_wconf 75' lang='lat' dir='ltr'><strong>Chris-</strong></span> 
     </span>
    </p>
   </div>
   <div class='ocr_carea' id='block_1_47' title="bbox 1778 1854 3187 1926">
    <p class='ocr_par' dir='ltr' id='par_1_47' title="bbox 1778 1854 3187 1926">
     <span class='ocr_line' id='line_1_47' title="bbox 1778 1854 3187 1926; baseline -0.002 -15"><span class='ocrx_word' id='word_1_288' title='bbox 1778 1865 1893 1911; x_wconf 87' lang='lat' dir='ltr'><strong>tum</strong></span> <span class='ocrx_word' id='word_1_289' title='bbox 1916 1895 1931 1921; x_wconf 92' lang='lat'><strong>,</strong></span> <span class='ocrx_word' id='word_1_290' title='bbox 1965 1856 2054 1910; x_wconf 91' lang='lat' dir='ltr'><strong>cui</strong></span> <span class='ocrx_word' id='word_1_291' title='bbox 2083 1855 2254 1926; x_wconf 89' lang='lat' dir='ltr'><strong>gloria</strong></span> <span class='ocrx_word' id='word_1_292' title='bbox 2280 1862 2334 1909; x_wconf 87' lang='lat' dir='ltr'><strong>et</strong></span> <span class='ocrx_word' id='word_1_293' title='bbox 2365 1854 2648 1922; x_wconf 89' lang='lat' dir='ltr'><strong>imperium</strong></span> <span class='ocrx_word' id='word_1_294' title='bbox 2683 1854 2734 1907; x_wconf 91' lang='lat' dir='ltr'><strong>in</strong></span> <span class='ocrx_word' id='word_1_295' title='bbox 2762 1855 3187 1908; x_wconf 74' lang='lat' dir='ltr'><strong>saecula..Amen.</strong></span> 
     </span>
    </p>
   </div>
   <div class='ocr_carea' id='block_1_48' title="bbox 2401 1963 2710 2020">
    <p class='ocr_par' dir='ltr' id='par_1_48' title="bbox 2401 1963 2710 2020">
     <span class='ocr_line' id='line_1_48' title="bbox 2401 1963 2710 2020; baseline 0.003 -2"><span class='ocrx_word' id='word_1_296' title='bbox 2401 1963 2710 2020; x_wconf 70' lang='lat' dir='ltr'><strong>EIUSDEM</strong></span> 
     </span>
    </p>
   </div>
   <div class='ocr_carea' id='block_1_49' title="bbox 1840 2076 3319 2144">
    <p class='ocr_par' dir='ltr' id='par_1_49' title="bbox 1840 2076 3319 2144">
     <span class='ocr_line' id='line_1_49' title="bbox 1840 2076 3319 2144; baseline -0.003 -11"><span class='ocrx_word' id='word_1_297' title='bbox 1840 2077 2178 2143; x_wconf 75' lang='lat' dir='ltr'><strong>Heditatum,</strong></span> <span class='ocrx_word' id='word_1_298' title='bbox 2225 2076 2288 2130; x_wconf 78' lang='lat' dir='ltr'><strong>de</strong></span> <span class='ocrx_word' id='word_1_299' title='bbox 2318 2078 2701 2138; x_wconf 78' lang='lat' dir='ltr'><strong>convocatinne.</strong></span> <span class='ocrx_word' id='word_1_300' title='bbox 2735 2093 2847 2144; x_wconf 77' lang='lat' dir='ltr'><strong>qua:</strong></span> <span class='ocrx_word' id='word_1_301' title='bbox 2912 2076 2976 2142; x_wconf 76' lang='lat' dir='ltr'><strong>ﬁt</strong></span> <span class='ocrx_word' id='word_1_302' title='bbox 3025 2080 3094 2128; x_wconf 86' lang='lat' dir='ltr'><strong>ad</strong></span> <span class='ocrx_word' id='word_1_303' title='bbox 3141 2090 3319 2129; x_wconf 67' lang='lat' dir='ltr'><strong>sacras</strong></span> 
     </span>
    </p>
   </div>
   <div class='ocr_carea' id='block_1_50' title="bbox 2045 2146 3074 2213">
    <p class='ocr_par' dir='ltr' id='par_1_50' title="bbox 2045 2146 3074 2213">
     <span class='ocr_line' id='line_1_50' title="bbox 2045 2146 3074 2213; baseline -0.003 -14"><span class='ocrx_word' id='word_1_304' title='bbox 2045 2147 2476 2207; x_wconf 77' lang='lat' dir='ltr'><strong>monasteriorum</strong></span> <span class='ocrx_word' id='word_1_305' title='bbox 2506 2147 2879 2213; x_wconf 73' lang='lat' dir='ltr'><strong>a&#39;des,pertria</strong></span> <span class='ocrx_word' id='word_1_306' title='bbox 2909 2146 3074 2212; x_wconf 77' lang='lat' dir='ltr'><strong>signa.</strong></span> 
     </span>
    </p>
   </div>
   <div class='ocr_carea' id='block_1_51' title="bbox 1838 2297 3316 2368">
    <p class='ocr_par' dir='ltr' id='par_1_51' title="bbox 1838 2297 3316 2368">
     <span class='ocr_line' id='line_1_51' title="bbox 1838 2297 3316 2368; baseline -0.002 -13"><span class='ocrx_word' id='word_1_307' title='bbox 1838 2301 2110 2368; x_wconf 84' lang='lat' dir='ltr'><strong>Quoniam</strong></span> <span class='ocrx_word' id='word_1_308' title='bbox 2139 2299 2294 2354; x_wconf 73' lang='lat' dir='ltr'><strong>video</strong></span> <span class='ocrx_word' id='word_1_309' title='bbox 2323 2300 2586 2367; x_wconf 83' lang='lat' dir='ltr'><strong>quosdam</strong></span> <span class='ocrx_word' id='word_1_310' title='bbox 2617 2297 2918 2366; x_wconf 88' lang='lat' dir='ltr'><strong>imperitos.</strong></span> <span class='ocrx_word' id='word_1_311' title='bbox 2943 2307 2994 2350; x_wconf 89' lang='lat' dir='ltr'><strong>et</strong></span> <span class='ocrx_word' id='word_1_312' title='bbox 3021 2299 3231 2353; x_wconf 86' lang='lat' dir='ltr'><strong>nullam</strong></span> <span class='ocrx_word' id='word_1_313' title='bbox 3253 2302 3316 2353; x_wconf 89' lang='lat' dir='ltr'><strong>ad</strong></span> 
     </span>
    </p>
   </div>
   <div class='ocr_carea' id='block_1_52' title="bbox 1770 2387 3321 2457">
    <p class='ocr_par' dir='ltr' id='par_1_52' title="bbox 1770 2387 3321 2457">
     <span class='ocr_line' id='line_1_52' title="bbox 1770 2387 3321 2457; baseline -0.002 -12"><span class='ocrx_word' id='word_1_314' title='bbox 1770 2407 1886 2446; x_wconf 86' lang='lat' dir='ltr'><strong>rem</strong></span> <span class='ocrx_word' id='word_1_315' title='bbox 1924 2392 2115 2445; x_wconf 91' lang='lat' dir='ltr'><strong>utilem</strong></span> <span class='ocrx_word' id='word_1_316' title='bbox 2153 2391 2398 2452; x_wconf 82' lang='lat' dir='ltr'><strong>idoneos,</strong></span> <span class='ocrx_word' id='word_1_317' title='bbox 2427 2403 2587 2457; x_wconf 90' lang='lat' dir='ltr'><strong>quam</strong></span> <span class='ocrx_word' id='word_1_318' title='bbox 2631 2396 2691 2440; x_wconf 89' lang='lat' dir='ltr'><strong>ut</strong></span> <span class='ocrx_word' id='word_1_319' title='bbox 2739 2387 2939 2456; x_wconf 90' lang='lat' dir='ltr'><strong>aliquid</strong></span> <span class='ocrx_word' id='word_1_320' title='bbox 2994 2389 3114 2442; x_wconf 80' lang='lat' dir='ltr'><strong>novi</strong></span> <span class='ocrx_word' id='word_1_321' title='bbox 3138 2389 3321 2443; x_wconf 89' lang='lat' dir='ltr'><strong>dicant</strong></span> 
     </span>
    </p>
   </div>
   <div class='ocr_carea' id='block_1_53' title="bbox 1776 2477 3317 2545">
    <p class='ocr_par' dir='ltr' id='par_1_53' title="bbox 1776 2477 3317 2545">
     <span class='ocr_line' id='line_1_53' title="bbox 1776 2477 3317 2545; baseline -0.003 -11"><span class='ocrx_word' id='word_1_322' title='bbox 1776 2491 1827 2534; x_wconf 91' lang='lat' dir='ltr'><strong>et</strong></span> <span class='ocrx_word' id='word_1_323' title='bbox 1853 2481 2075 2534; x_wconf 79' lang='lat' dir='ltr'><strong>audiant</strong></span> <span class='ocrx_word' id='word_1_324' title='bbox 2106 2481 2325 2535; x_wconf 88' lang='lat' dir='ltr'><strong>stultam</strong></span> <span class='ocrx_word' id='word_1_325' title='bbox 2363 2495 2426 2532; x_wconf 88' lang='lat' dir='ltr'><strong>ac</strong></span> <span class='ocrx_word' id='word_1_326' title='bbox 2460 2477 2698 2534; x_wconf 85' lang='lat' dir='ltr'><strong>scandali</strong></span> <span class='ocrx_word' id='word_1_327' title='bbox 2724 2477 2930 2545; x_wconf 87' lang='lat' dir='ltr'><strong>plenam</strong></span> <span class='ocrx_word' id='word_1_328' title='bbox 2965 2493 3159 2532; x_wconf 85' lang='lat' dir='ltr'><strong>vocare</strong></span> <span class='ocrx_word' id='word_1_329' title='bbox 3191 2494 3317 2532; x_wconf 91' lang='lat' dir='ltr'><strong>eon-</strong></span> 
     </span>
    </p>
   </div>
   <div class='ocr_carea' id='block_1_54' title="bbox 1772 2566 3319 2636">
    <p class='ocr_par' dir='ltr' id='par_1_54' title="bbox 1772 2566 3319 2636">
     <span class='ocr_line' id='line_1_54' title="bbox 1772 2566 3319 2636; baseline 0 -14"><span class='ocrx_word' id='word_1_330' title='bbox 1772 2572 2112 2624; x_wconf 85' lang='lat' dir='ltr'><strong>vocationem</strong></span> <span class='ocrx_word' id='word_1_331' title='bbox 2177 2570 2562 2622; x_wconf 83' lang='lat' dir='ltr'><strong>monachorum</strong></span> <span class='ocrx_word' id='word_1_332' title='bbox 2619 2566 2683 2618; x_wconf 88' lang='lat' dir='ltr'><strong>ad</strong></span> <span class='ocrx_word' id='word_1_333' title='bbox 2751 2581 2937 2619; x_wconf 86' lang='lat' dir='ltr'><strong>sacras</strong></span> <span class='ocrx_word' id='word_1_334' title='bbox 2986 2566 3148 2631; x_wconf 62' lang='lat' dir='ltr'><strong>aedes,</strong></span> <span class='ocrx_word' id='word_1_335' title='bbox 3202 2583 3319 2636; x_wconf 68' lang='lat' dir='ltr'><strong>qua:</strong></span> 
     </span>
    </p>
   </div>
   <div class='ocr_carea' id='block_1_55' title="bbox 1769 2656 3317 2726">
    <p class='ocr_par' dir='ltr' id='par_1_55' title="bbox 1769 2656 3317 2726">
     <span class='ocr_line' id='line_1_55' title="bbox 1769 2656 3317 2726; baseline -0.001 -14"><span class='ocrx_word' id='word_1_336' title='bbox 1769 2659 1942 2713; x_wconf 80' lang='lat' dir='ltr'><strong>tribus</strong></span> <span class='ocrx_word' id='word_1_337' title='bbox 2001 2658 2056 2712; x_wconf 83' lang='lat' dir='ltr'><strong>lit</strong></span> <span class='ocrx_word' id='word_1_338' title='bbox 2118 2659 2309 2726; x_wconf 59' lang='lat' dir='ltr'><strong>signis.</strong></span> <span class='ocrx_word' id='word_1_339' title='bbox 2361 2656 2747 2710; x_wconf 85' lang='lat' dir='ltr'><strong>celebrationes</strong></span> <span class='ocrx_word' id='word_1_340' title='bbox 2800 2656 3010 2710; x_wconf 79' lang='lat' dir='ltr'><strong>divinas</strong></span> <span class='ocrx_word' id='word_1_341' title='bbox 3066 2658 3317 2712; x_wconf 85' lang='lat' dir='ltr'><strong>audiendi</strong></span> 
     </span>
    </p>
   </div>
   <div class='ocr_carea' id='block_1_56' title="bbox 1768 2745 3318 2816">
    <p class='ocr_par' dir='ltr' id='par_1_56' title="bbox 1768 2745 3318 2816">
     <span class='ocr_line' id='line_1_56' title="bbox 1768 2745 3318 2816; baseline -0.001 -14"><span class='ocrx_word' id='word_1_342' title='bbox 1768 2763 1933 2802; x_wconf 88' lang='lat' dir='ltr'><strong>causa</strong></span> <span class='ocrx_word' id='word_1_343' title='bbox 1986 2747 2508 2816; x_wconf 78' lang='lat' dir='ltr'><strong>(Suﬂiciebatcnim,</strong></span> <span class='ocrx_word' id='word_1_344' title='bbox 2569 2745 2850 2812; x_wconf 75' lang='lat' dir='ltr'><strong>inquiunt,</strong></span> <span class='ocrx_word' id='word_1_345' title='bbox 2913 2761 3020 2798; x_wconf 87' lang='lat' dir='ltr'><strong>uno</strong></span> <span class='ocrx_word' id='word_1_346' title='bbox 3060 2745 3318 2800; x_wconf 83' lang='lat' dir='ltr'><strong>duntaxat</strong></span> 
     </span>
    </p>
   </div>
   <div class='ocr_carea' id='block_1_57' title="bbox 1775 2834 3318 2905">
    <p class='ocr_par' dir='ltr' id='par_1_57' title="bbox 1775 2834 3318 2905">
     <span class='ocr_line' id='line_1_57' title="bbox 1775 2834 3318 2905; baseline -0.001 -13"><span class='ocrx_word' id='word_1_347' title='bbox 1775 2852 1869 2892; x_wconf 85' lang='lat' dir='ltr'><strong>eos</strong></span> <span class='ocrx_word' id='word_1_348' title='bbox 1901 2837 2058 2905; x_wconf 84' lang='lat' dir='ltr'><strong>signo</strong></span> <span class='ocrx_word' id='word_1_349' title='bbox 2119 2834 2456 2904; x_wconf 77' lang='lat' dir='ltr'><strong>congregari,</strong></span> <span class='ocrx_word' id='word_1_350' title='bbox 2515 2848 2614 2888; x_wconf 90' lang='lat' dir='ltr'><strong>nec</strong></span> <span class='ocrx_word' id='word_1_351' title='bbox 2665 2834 2888 2902; x_wconf 65' lang='lat' dir='ltr'><strong>praeberi</strong></span> <span class='ocrx_word' id='word_1_352' title='bbox 2945 2850 3161 2889; x_wconf 87' lang='lat' dir='ltr'><strong>causam</strong></span> <span class='ocrx_word' id='word_1_353' title='bbox 3192 2837 3318 2890; x_wconf 82' lang='lat' dir='ltr'><strong>sub-</strong></span> 
     </span>
    </p>
   </div>
   <div class='ocr_carea' id='block_1_58' title="bbox 1773 2912 3319 2982">
    <p class='ocr_par' dir='ltr' id='par_1_58' title="bbox 1773 2912 3319 2982">
     <span class='ocr_line' id='line_1_58' title="bbox 1773 2912 3319 2982; baseline -0.001 -1"><span class='ocrx_word' id='word_1_354' title='bbox 1773 2920 2038 2982; x_wconf 75' lang='lat' dir='ltr'><strong>sannaridi</strong></span> <span class='ocrx_word' id='word_1_355' title='bbox 2062 2934 2116 2980; x_wconf 92' lang='lat' dir='ltr'><strong>et</strong></span> <span class='ocrx_word' id='word_1_356' title='bbox 2143 2925 2402 2979; x_wconf 75' lang='lat' dir='ltr'><strong>irridendi</strong></span> <span class='ocrx_word' id='word_1_357' title='bbox 2430 2912 2761 2978; x_wconf 37' lang='lat' dir='ltr'><strong>sanctas&#39;Dei</strong></span> <span class='ocrx_word' id='word_1_358' title='bbox 2793 2923 3060 2978; x_wconf 82' lang='lat' dir='ltr'><strong>Ecclesias</strong></span> <span class='ocrx_word' id='word_1_359' title='bbox 3089 2926 3319 2979; x_wconf 78' lang='lat' dir='ltr'><strong>circum-</strong></span> 
     </span>
    </p>
   </div>
   <div class='ocr_carea' id='block_1_59' title="bbox 1774 3012 3289 3083">
    <p class='ocr_par' dir='ltr' id='par_1_59' title="bbox 1774 3012 3289 3083">
     <span class='ocr_line' id='line_1_59' title="bbox 1774 3012 3289 3083; baseline -0.003 -12"><span class='ocrx_word' id='word_1_360' title='bbox 1774 3018 2030 3071; x_wconf 85' lang='lat' dir='ltr'><strong>dantibus</strong></span> <span class='ocrx_word' id='word_1_361' title='bbox 2081 3031 2181 3069; x_wconf 90' lang='lat' dir='ltr'><strong>nos</strong></span> <span class='ocrx_word' id='word_1_362' title='bbox 2216 3014 2418 3082; x_wconf 84' lang='lat' dir='ltr'><strong>impiis,</strong></span> <span class='ocrx_word' id='word_1_363' title='bbox 2464 3021 2521 3066; x_wconf 89' lang='lat' dir='ltr'><strong>ut</strong></span> <span class='ocrx_word' id='word_1_364' title='bbox 2549 3012 2805 3082; x_wconf 87' lang='lat' dir='ltr'><strong>parubola</strong></span> <span class='ocrx_word' id='word_1_365' title='bbox 2839 3013 2963 3066; x_wconf 73' lang='lat' dir='ltr'><strong>[iant</strong></span> <span class='ocrx_word' id='word_1_366' title='bbox 2991 3013 3129 3068; x_wconf 88' lang='lat' dir='ltr'><strong>inter</strong></span> <span class='ocrx_word' id='word_1_367' title='bbox 3157 3031 3289 3083; x_wconf 72' lang='lat' dir='ltr'><strong>paga</strong></span> 
     </span>
    </p>
   </div>
   <div class='ocr_carea' id='block_1_60' title="bbox 1777 3104 3318 3171">
    <p class='ocr_par' dir='ltr' id='par_1_60' title="bbox 1777 3104 3318 3171">
     <span class='ocr_line' id='line_1_60' title="bbox 1777 3104 3318 3171; baseline -0.003 -13"><span class='ocrx_word' id='word_1_368' title='bbox 1777 3121 1900 3171; x_wconf 89' lang='lat' dir='ltr'><strong>nos,</strong></span> <span class='ocrx_word' id='word_1_369' title='bbox 1969 3121 2068 3160; x_wconf 88' lang='lat' dir='ltr'><strong>nec</strong></span> <span class='ocrx_word' id='word_1_370' title='bbox 2103 3113 2300 3159; x_wconf 85' lang='lat' dir='ltr'><strong>statum</strong></span> <span class='ocrx_word' id='word_1_371' title='bbox 2353 3104 2709 3157; x_wconf 87' lang='lat' dir='ltr'><strong>monasticum</strong></span> <span class='ocrx_word' id='word_1_372' title='bbox 2741 3104 2883 3156; x_wconf 72' lang='lat' dir='ltr'><strong>velut</strong></span> <span class='ocrx_word' id='word_1_373' title='bbox 2945 3106 2998 3156; x_wconf 91' lang='lat' dir='ltr'><strong>in</strong></span> <span class='ocrx_word' id='word_1_374' title='bbox 3051 3105 3318 3170; x_wconf 80' lang='lat' dir='ltr'><strong>lritttttphn</strong></span> 
     </span>
    </p>
   </div>
   <div class='ocr_carea' id='block_1_61' title="bbox 121 3193 1667 3287">
    <p class='ocr_par' dir='ltr' id='par_1_61' title="bbox 121 3193 1667 3287">
     <span class='ocr_line' id='line_1_61' title="bbox 121 3193 1667 3287; baseline 0.01 -45"><span class='ocrx_word' id='word_1_375' title='bbox 121 3193 377 3287; x_wconf 55' lang='grc' dir='ltr'>ξεύεσθαι</span> <span class='ocrx_word' id='word_1_376' title='bbox 411 3196 469 3247; x_wconf 83' lang='grc' dir='ltr'>τὸ</span> <span class='ocrx_word' id='word_1_377' title='bbox 532 3200 840 3270; x_wconf 83' lang='grc' dir='ltr'>μοναχικδν,</span> <span class='ocrx_word' id='word_1_378' title='bbox 893 3201 968 3263; x_wconf 84' lang='grc' dir='ltr'>ὡς</span> <span class='ocrx_word' id='word_1_379' title='bbox 996 3203 1154 3270; x_wconf 71' lang='grc' dir='ltr'>δῆθεν</span> <span class='ocrx_word' id='word_1_380' title='bbox 1194 3208 1270 3267; x_wconf 87' lang='grc' dir='ltr'><strong>είς</strong></span> <span class='ocrx_word' id='word_1_381' title='bbox 1305 3206 1430 3272; x_wconf 81' lang='grc' dir='ltr'>μίαν</span> <span class='ocrx_word' id='word_1_382' title='bbox 1482 3207 1667 3258; x_wconf 79' lang='grc' dir='ltr'>διαλα-</span> 
     </span>
    </p>
   </div>
   <div class='ocr_carea' id='block_1_62' title="bbox 1777 3193 3315 3287">
    <p class='ocr_par' dir='ltr' id='par_1_62' title="bbox 1777 3193 3315 3265">
     <span class='ocr_line' id='line_1_62' title="bbox 1777 3193 3315 3265; baseline -0.005 -15"><span class='ocrx_word' id='word_1_383' title='bbox 1777 3198 2127 3265; x_wconf 89' lang='lat' dir='ltr'><strong>spectandum</strong></span> <span class='ocrx_word' id='word_1_384' title='bbox 2158 3194 2425 3253; x_wconf 85' lang='lat' dir='ltr'><strong>exhiberi.</strong></span> <span class='ocrx_word' id='word_1_385' title='bbox 2457 3195 2612 3261; x_wconf 88' lang='lat' dir='ltr'><strong>quasi</strong></span> <span class='ocrx_word' id='word_1_386' title='bbox 2651 3193 2715 3247; x_wconf 90' lang='lat' dir='ltr'><strong>ad</strong></span> <span class='ocrx_word' id='word_1_387' title='bbox 2750 3207 2906 3245; x_wconf 77' lang='lat' dir='ltr'><strong>unam</strong></span> <span class='ocrx_word' id='word_1_388' title='bbox 2935 3194 3315 3245; x_wconf 82' lang='lat' dir='ltr'><strong>commonitio-</strong></span> 
     </span>
    </p>
   </div>
   <div class='ocr_carea' id='block_1_63' title="bbox 121 3280 1669 3365">
    <p class='ocr_par' dir='ltr' id='par_1_63' title="bbox 121 3280 1669 3365">
     <span class='ocr_line' id='line_1_63' title="bbox 121 3280 1669 3365; baseline 0.012 -33"><span class='ocrx_word' id='word_1_389' title='bbox 121 3280 244 3334; x_wconf 83' lang='grc' dir='ltr'><strong>λιάν</strong></span> <span class='ocrx_word' id='word_1_390' title='bbox 281 3285 352 3352; x_wconf 83' lang='grc' dir='ltr'>μὴ</span> <span class='ocrx_word' id='word_1_391' title='bbox 399 3286 796 3355; x_wconf 73' lang='grc' dir='ltr'>εὐσυνθετοῦνο)</span> <span class='ocrx_word' id='word_1_392' title='bbox 833 3293 1079 3358; x_wconf 81' lang='grc' dir='ltr'>παριστῶ</span> <span class='ocrx_word' id='word_1_393' title='bbox 1123 3293 1210 3347; x_wconf 83' lang='grc' dir='ltr'><strong>διὰ</strong></span> <span class='ocrx_word' id='word_1_394' title='bbox 1255 3294 1354 3362; x_wconf 81' lang='grc' dir='ltr'>τῆς</span> <span class='ocrx_word' id='word_1_395' title='bbox 1394 3299 1669 3365; x_wconf 80' lang='grc' dir='ltr'>παρούσης</span> 
     </span>
    </p>
   </div>
   <div class='ocr_carea' id='block_1_64' title="bbox 125 3377 1669 3450">
    <p class='ocr_par' dir='ltr' id='par_1_64' title="bbox 125 3377 1669 3450">
     <span class='ocr_line' id='line_1_64' title="bbox 125 3377 1669 3450; baseline 0.011 -29"><span class='ocrx_word' id='word_1_396' title='bbox 125 3387 228 3438; x_wconf 72' lang='grc' dir='ltr'><strong>μου</strong></span> <span class='ocrx_word' id='word_1_397' title='bbox 258 3377 492 3439; x_wconf 79' lang='grc' dir='ltr'>γραφῆς,</span> <span class='ocrx_word' id='word_1_398' title='bbox 534 3377 608 3437; x_wconf 85' lang='grc' dir='ltr'><strong>ὡς</strong></span> <span class='ocrx_word' id='word_1_399' title='bbox 641 3377 762 3428; x_wconf 80' lang='grc' dir='ltr'>οὔτε</span> <span class='ocrx_word' id='word_1_400' title='bbox 793 3378 878 3429; x_wconf 79' lang='grc' dir='ltr'>διὰ</span> <span class='ocrx_word' id='word_1_401' title='bbox 903 3380 998 3441; x_wconf 81' lang='grc' dir='ltr'>τὰς</span> <span class='ocrx_word' id='word_1_402' title='bbox 1041 3381 1346 3450; x_wconf 76' lang='grc' dir='ltr'>φληναφίας</span> <span class='ocrx_word' id='word_1_403' title='bbox 1403 3385 1510 3436; x_wconf 87' lang='grc' dir='ltr'><strong>τῶν</strong></span> <span class='ocrx_word' id='word_1_404' title='bbox 1541 3387 1669 3437; x_wconf 70' lang='lat' dir='ltr'><strong>das-</strong></span> 
     </span>
    </p>
   </div>
   <div class='ocr_carea' id='block_1_65' title="bbox 121 3459 1665 3542">
    <p class='ocr_par' dir='ltr' id='par_1_65' title="bbox 121 3459 1665 3542">
     <span class='ocr_line' id='line_1_65' title="bbox 121 3459 1665 3542; baseline 0.01 -31"><span class='ocrx_word' id='word_1_405' title='bbox 121 3459 255 3522; x_wconf 80' lang='grc' dir='ltr'>σῶν,</span> <span class='ocrx_word' id='word_1_406' title='bbox 282 3462 403 3514; x_wconf 74' lang='grc' dir='ltr'>οὔτε</span> <span class='ocrx_word' id='word_1_407' title='bbox 422 3464 507 3515; x_wconf 85' lang='grc' dir='ltr'>διὰ</span> <span class='ocrx_word' id='word_1_408' title='bbox 525 3465 621 3526; x_wconf 79' lang='grc' dir='ltr'><strong>τάς</strong></span> <span class='ocrx_word' id='word_1_409' title='bbox 643 3466 922 3528; x_wconf 83' lang='grc' dir='ltr'>δυσκολίας</span> <span class='ocrx_word' id='word_1_410' title='bbox 943 3469 1050 3519; x_wconf 89' lang='grc' dir='ltr'><strong>τῶν</strong></span> <span class='ocrx_word' id='word_1_411' title='bbox 1079 3472 1354 3536; x_wconf 85' lang='grc' dir='ltr'>μοναστῶν</span> <span class='ocrx_word' id='word_1_412' title='bbox 1377 3475 1665 3542; x_wconf 81' lang='grc' dir='ltr'>ἐπενοήθη,</span> 
     </span>
    </p>
   </div>
   <div class='ocr_carea' id='block_1_66' title="bbox 119 3551 1668 3632">
    <p class='ocr_par' dir='ltr' id='par_1_66' title="bbox 119 3551 1668 3632">
     <span class='ocr_line' id='line_1_66' title="bbox 119 3551 1668 3632; baseline 0.009 -31"><span class='ocrx_word' id='word_1_413' title='bbox 119 3551 210 3602; x_wconf 73' lang='grc' dir='ltr'>διὰ</span> <span class='ocrx_word' id='word_1_414' title='bbox 235 3554 615 3621; x_wconf 82' lang='grc' dir='ltr'>σημαντηρίων</span> <span class='ocrx_word' id='word_1_415' title='bbox 642 3555 805 3624; x_wconf 84' lang='grc' dir='ltr'>τριῶν</span> <span class='ocrx_word' id='word_1_416' title='bbox 827 3557 921 3618; x_wconf 74' lang='grc' dir='ltr'><strong>τὰς</strong></span> <span class='ocrx_word' id='word_1_417' title='bbox 957 3557 1108 3620; x_wconf 77' lang='grc' dir='ltr'>θείας</span> <span class='ocrx_word' id='word_1_418' title='bbox 1139 3559 1442 3626; x_wconf 78' lang='grc' dir='ltr'>δοξολογίας</span> <span class='ocrx_word' id='word_1_419' title='bbox 1474 3564 1668 3632; x_wconf 79' lang='grc' dir='ltr'>ἐπικη-</span> 
     </span>
    </p>
   </div>
   <div class='ocr_carea' id='block_1_67' title="bbox 125 3640 1662 3717">
    <p class='ocr_par' dir='ltr' id='par_1_67' title="bbox 125 3640 1662 3717">
     <span class='ocr_line' id='line_1_67' title="bbox 125 3640 1662 3717; baseline 0.01 -26"><span class='ocrx_word' id='word_1_420' title='bbox 125 3640 415 3710; x_wconf 86' lang='grc' dir='ltr'>ρύττεσθαι</span> <span class='ocrx_word' id='word_1_421' title='bbox 444 3659 455 3672; x_wconf 90' lang='grc'><strong>·</strong></span> <span class='ocrx_word' id='word_1_422' title='bbox 491 3642 626 3697; x_wconf 82' lang='grc' dir='ltr'>ἀλλὰ</span> <span class='ocrx_word' id='word_1_423' title='bbox 665 3645 751 3698; x_wconf 79' lang='grc' dir='ltr'>διὰ</span> <span class='ocrx_word' id='word_1_424' title='bbox 805 3645 958 3713; x_wconf 81' lang='grc' dir='ltr'>λόγον</span> <span class='ocrx_word' id='word_1_425' title='bbox 988 3648 1479 3717; x_wconf 79' lang='grc' dir='ltr'>ἀρχαιοπαοάδοτον</span> <span class='ocrx_word' id='word_1_426' title='bbox 1507 3670 1662 3706; x_wconf 86' lang='grc' dir='ltr'>σπου-</span> 
     </span>
    </p>
   </div>
   <div class='ocr_carea' id='block_1_68' title="bbox 121 3729 420 3783">
    <p class='ocr_par' dir='ltr' id='par_1_68' title="bbox 121 3729 420 3783">
     <span class='ocr_line' id='line_1_68' title="bbox 121 3729 420 3783; baseline 0.003 -2"><span class='ocrx_word' id='word_1_427' title='bbox 121 3729 420 3783; x_wconf 84' lang='grc' dir='ltr'>δαιότατον.</span> 
     </span>
    </p>
   </div>
   <div class='ocr_carea' id='block_1_69' title="bbox 195 3901 1666 3980">
    <p class='ocr_par' dir='ltr' id='par_1_69' title="bbox 195 3901 1666 3980">
     <span class='ocr_line' id='line_1_69' title="bbox 195 3901 1666 3980; baseline 0.011 -28"><span class='ocrx_word' id='word_1_428' title='bbox 195 3901 313 3953; x_wconf 86' lang='grc' dir='ltr'>Τῶν</span> <span class='ocrx_word' id='word_1_429' title='bbox 342 3902 450 3972; x_wconf 81' lang='grc' dir='ltr'>γὰρ</span> <span class='ocrx_word' id='word_1_430' title='bbox 481 3901 564 3954; x_wconf 74' lang='grc' dir='ltr'><strong>ἐπ’</strong></span> <span class='ocrx_word' id='word_1_431' title='bbox 609 3902 933 3973; x_wconf 85' lang='grc' dir='ltr'>Ἐκκλησίας</span> <span class='ocrx_word' id='word_1_432' title='bbox 960 3908 1549 3980; x_wconf 76' lang='grc' dir='ltr'>γινομένωνήμερινῶν</span> <span class='ocrx_word' id='word_1_433' title='bbox 1572 3921 1666 3968; x_wconf 81' lang='grc' dir='ltr'><strong>καὶ</strong></span> 
     </span>
    </p>
   </div>
   <div class='ocr_carea' id='block_1_70' title="bbox 124 3992 1668 4069">
    <p class='ocr_par' dir='ltr' id='par_1_70' title="bbox 124 3992 1668 4069">
     <span class='ocr_line' id='line_1_70' title="bbox 124 3992 1668 4069; baseline 0.011 -28"><span class='ocrx_word' id='word_1_434' title='bbox 124 3992 450 4058; x_wconf 80' lang='grc' dir='ltr'>νυκτερινῶν</span> <span class='ocrx_word' id='word_1_435' title='bbox 484 3992 816 4059; x_wconf 81' lang='grc' dir='ltr'>δοξολογιῶν,</span> <span class='ocrx_word' id='word_1_436' title='bbox 848 3998 984 4047; x_wconf 82' lang='grc' dir='ltr'><strong>κατά</strong></span> <span class='ocrx_word' id='word_1_437' title='bbox 1009 3996 1069 4047; x_wconf 79' lang='grc' dir='ltr'>τὸ</span> <span class='ocrx_word' id='word_1_438' title='bbox 1089 3997 1180 4048; x_wconf 89' lang='grc' dir='ltr'><strong>τοῦ</strong></span> <span class='ocrx_word' id='word_1_439' title='bbox 1202 4002 1474 4069; x_wconf 69' lang='grc' dir='ltr'>προφήτου</span> <span class='ocrx_word' id='word_1_440' title='bbox 1506 4006 1668 4059; x_wconf 71' lang='grc' dir='ltr'>Δαϐιδ</span> 
     </span>
    </p>
   </div>
   <div class='ocr_carea' id='block_1_71' title="bbox 125 4077 1666 4158">
    <p class='ocr_par' dir='ltr' id='par_1_71' title="bbox 125 4077 1666 4158">
     <span class='ocr_line' id='line_1_71' title="bbox 125 4077 1666 4158; baseline 0.011 -30"><span class='ocrx_word' id='word_1_441' title='bbox 125 4077 500 4146; x_wconf 84' lang='grc' dir='ltr'>θεσπιὼδημα,</span> <span class='ocrx_word' id='word_1_442' title='bbox 532 4079 590 4129; x_wconf 80' lang='grc' dir='ltr'><strong>τὸ</strong></span> <span class='ocrx_word' id='word_1_443' title='bbox 625 4079 777 4142; x_wconf 82' lang='grc' dir='ltr'>λέγον</span> <span class='ocrx_word' id='word_1_444' title='bbox 809 4094 822 4108; x_wconf 92' lang='grc'><strong>·</strong></span> <span class='ocrx_word' id='word_1_445' title='bbox 871 4079 955 4131; x_wconf 86' lang='grc' dir='ltr'>Ἐν</span> <span class='ocrx_word' id='word_1_446' title='bbox 997 4083 1219 4153; x_wconf 80' lang='grc' dir='ltr'>ἑσπέρᾳ,</span> <span class='ocrx_word' id='word_1_447' title='bbox 1252 4089 1341 4138; x_wconf 77' lang='grc' dir='ltr'>καὶ</span> <span class='ocrx_word' id='word_1_448' title='bbox 1391 4092 1550 4158; x_wconf 79' lang='grc' dir='ltr'>πρωῒ,</span> <span class='ocrx_word' id='word_1_449' title='bbox 1575 4094 1666 4144; x_wconf 76' lang='grc' dir='ltr'>καὶ</span> 
     </span>
    </p>
   </div>
   <div class='ocr_carea' id='block_1_72' title="bbox 127 4167 1664 4240">
    <p class='ocr_par' dir='ltr' id='par_1_72' title="bbox 127 4167 1664 4240">
     <span class='ocr_line' id='line_1_72' title="bbox 127 4167 1664 4240; baseline 0.011 -25"><span class='ocrx_word' id='word_1_450' title='bbox 127 4167 439 4235; x_wconf 74' lang='grc' dir='ltr'>μεσημϐρίᾳ</span> <span class='ocrx_word' id='word_1_451' title='bbox 489 4168 834 4237; x_wconf 74' lang='grc' dir='ltr'>διηγήσομαι,</span> <span class='ocrx_word' id='word_1_452' title='bbox 889 4171 983 4222; x_wconf 76' lang='grc' dir='ltr'><strong>καὶ</strong></span> <span class='ocrx_word' id='word_1_453' title='bbox 1043 4173 1354 4240; x_wconf 83' lang='grc' dir='ltr'>ἀπαγγελῶ,</span> <span class='ocrx_word' id='word_1_454' title='bbox 1407 4180 1499 4229; x_wconf 77' lang='grc' dir='ltr'>καὶ</span> <span class='ocrx_word' id='word_1_455' title='bbox 1553 4183 1664 4232; x_wconf 78' lang='lat' dir='ltr'><strong>sio—</strong></span> 
     </span>
    </p>
   </div>
   <div class='ocr_carea' id='block_1_73' title="bbox 122 4255 1665 4326">
    <p class='ocr_par' dir='ltr' id='par_1_73' title="bbox 122 4255 1665 4326">
     <span class='ocr_line' id='line_1_73' title="bbox 122 4255 1665 4326; baseline 0.011 -22"><span class='ocrx_word' id='word_1_456' title='bbox 122 4255 409 4309; x_wconf 76' lang='grc' dir='ltr'>α›.ούσεται</span> <span class='ocrx_word' id='word_1_457' title='bbox 434 4256 532 4322; x_wconf 74' lang='grc' dir='ltr'>τῆς</span> <span class='ocrx_word' id='word_1_458' title='bbox 557 4258 735 4323; x_wconf 74' lang='grc' dir='ltr'>φωνῆς</span> <span class='ocrx_word' id='word_1_459' title='bbox 764 4274 862 4325; x_wconf 87' lang='grc' dir='ltr'><strong>μου</strong></span> <span class='ocrx_word' id='word_1_460' title='bbox 885 4261 910 4310; x_wconf 84' lang='grc' dir='ltr'>ὁ</span> <span class='ocrx_word' id='word_1_461' title='bbox 933 4261 1154 4326; x_wconf 84' lang='grc' dir='ltr'>Κύριος·</span> <span class='ocrx_word' id='word_1_462' title='bbox 1179 4263 1283 4314; x_wconf 81' lang='grc' dir='ltr'>ἀπὸ</span> <span class='ocrx_word' id='word_1_463' title='bbox 1304 4265 1407 4316; x_wconf 83' lang='grc' dir='ltr'><strong>τῶν</strong></span> <span class='ocrx_word' id='word_1_464' title='bbox 1427 4267 1517 4319; x_wconf 78' lang='grc' dir='ltr'><strong>δύο</strong></span> <span class='ocrx_word' id='word_1_465' title='bbox 1546 4287 1665 4320; x_wconf 88' lang='grc' dir='ltr'>συν-</span> 
     </span>
    </p>
   </div>
   <div class='ocr_carea' id='block_1_74' title="bbox 121 4343 1664 4427">
    <p class='ocr_par' dir='ltr' id='par_1_74' title="bbox 121 4343 1664 4427">
     <span class='ocr_line' id='line_1_74' title="bbox 121 4343 1664 4427; baseline 0.01 -32"><span class='ocrx_word' id='word_1_466' title='bbox 121 4343 452 4412; x_wconf 82' lang='grc' dir='ltr'>τελουμένων</span> <span class='ocrx_word' id='word_1_467' title='bbox 472 4346 771 4414; x_wconf 80' lang='grc' dir='ltr'>Διαθηκῶν,</span> <span class='ocrx_word' id='word_1_468' title='bbox 804 4347 908 4399; x_wconf 84' lang='grc' dir='ltr'>ἀπὸ</span> <span class='ocrx_word' id='word_1_469' title='bbox 941 4352 1034 4416; x_wconf 86' lang='grc' dir='ltr'>τῆς</span> <span class='ocrx_word' id='word_1_470' title='bbox 1059 4351 1200 4414; x_wconf 83' lang='grc' dir='ltr'>Νέας</span> <span class='ocrx_word' id='word_1_471' title='bbox 1229 4353 1420 4425; x_wconf 78' lang='grc' dir='ltr'>δηλαδὴ</span> <span class='ocrx_word' id='word_1_472' title='bbox 1456 4359 1546 4409; x_wconf 72' lang='grc' dir='ltr'>καὶ</span> <span class='ocrx_word' id='word_1_473' title='bbox 1569 4360 1664 4427; x_wconf 79' lang='grc' dir='ltr'>τῆς</span> 
     </span>
    </p>
   </div>
   <div class='ocr_carea' id='block_1_75' title="bbox 125 4432 1663 4514">
    <p class='ocr_par' dir='ltr' id='par_1_75' title="bbox 125 4432 1663 4514">
     <span class='ocr_line' id='line_1_75' title="bbox 125 4432 1663 4514; baseline 0.008 -30"><span class='ocrx_word' id='word_1_474' title='bbox 125 4432 384 4496; x_wconf 82' lang='grc' dir='ltr'>Παλαιᾶς,</span> <span class='ocrx_word' id='word_1_475' title='bbox 417 4434 554 4485; x_wconf 79' lang='grc' dir='ltr'><strong>κατά</strong></span> <span class='ocrx_word' id='word_1_476' title='bbox 594 4433 700 4484; x_wconf 91' lang='grc' dir='ltr'><strong>τῶν</strong></span> <span class='ocrx_word' id='word_1_477' title='bbox 728 4435 900 4499; x_wconf 81' lang='grc' dir='ltr'>ἁγίων</span> <span class='ocrx_word' id='word_1_478' title='bbox 943 4438 1032 4487; x_wconf 76' lang='grc' dir='ltr'>καὶ</span> <span class='ocrx_word' id='word_1_479' title='bbox 1089 4437 1358 4508; x_wconf 73' lang='grc' dir='ltr'>θεοφόρων</span> <span class='ocrx_word' id='word_1_480' title='bbox 1411 4444 1663 4514; x_wconf 85' lang='grc' dir='ltr'>Πατέρων</span> 
     </span>
    </p>
   </div>
   <div class='ocr_carea' id='block_1_76' title="bbox 1776 3279 3316 3348">
    <p class='ocr_par' dir='ltr' id='par_1_76' title="bbox 1776 3279 3316 3348">
     <span class='ocr_line' id='line_1_76' title="bbox 1776 3279 3316 3348; baseline -0.006 -10"><span class='ocrx_word' id='word_1_481' title='bbox 1776 3300 1898 3338; x_wconf 90' lang='lat' dir='ltr'><strong>nem</strong></span> <span class='ocrx_word' id='word_1_482' title='bbox 1934 3298 1993 3339; x_wconf 88' lang='lat' dir='ltr'><strong>se</strong></span> <span class='ocrx_word' id='word_1_483' title='bbox 2034 3292 2182 3336; x_wconf 88' lang='lat' dir='ltr'><strong>recte</strong></span> <span class='ocrx_word' id='word_1_484' title='bbox 2208 3297 2312 3334; x_wconf 90' lang='lat' dir='ltr'><strong>non</strong></span> <span class='ocrx_word' id='word_1_485' title='bbox 2341 3279 2672 3348; x_wconf 72' lang='lat' dir='ltr'><strong>componat);</strong></span> <span class='ocrx_word' id='word_1_486' title='bbox 2704 3280 2947 3346; x_wconf 85' lang='lat' dir='ltr'><strong>equidem</strong></span> <span class='ocrx_word' id='word_1_487' title='bbox 2987 3279 3086 3331; x_wconf 85' lang='lat' dir='ltr'><strong>hoc</strong></span> <span class='ocrx_word' id='word_1_488' title='bbox 3116 3279 3316 3346; x_wconf 85' lang='lat' dir='ltr'><strong>scripto</strong></span> 
     </span>
    </p>
   </div>
   <div class='ocr_carea' id='block_1_77' title="bbox 1773 3369 3314 3443">
    <p class='ocr_par' dir='ltr' id='par_1_77' title="bbox 1773 3369 3314 3443">
     <span class='ocr_line' id='line_1_77' title="bbox 1773 3369 3314 3443; baseline -0.003 -19"><span class='ocrx_word' id='word_1_489' title='bbox 1773 3375 2032 3443; x_wconf 88' lang='lat' dir='ltr'><strong>probabo,</strong></span> <span class='ocrx_word' id='word_1_490' title='bbox 2058 3386 2156 3424; x_wconf 90' lang='lat' dir='ltr'><strong>nec</strong></span> <span class='ocrx_word' id='word_1_491' title='bbox 2190 3383 2404 3439; x_wconf 88' lang='lat' dir='ltr'><strong>propter</strong></span> <span class='ocrx_word' id='word_1_492' title='bbox 2457 3371 2576 3422; x_wconf 88' lang='lat' dir='ltr'><strong>illas</strong></span> <span class='ocrx_word' id='word_1_493' title='bbox 2621 3369 2908 3435; x_wconf 79' lang='lat' dir='ltr'><strong>inpiorum</strong></span> <span class='ocrx_word' id='word_1_494' title='bbox 2965 3381 3156 3434; x_wconf 88' lang='lat' dir='ltr'><strong>nugas,</strong></span> <span class='ocrx_word' id='word_1_495' title='bbox 3216 3382 3314 3420; x_wconf 91' lang='lat' dir='ltr'><strong>nec</strong></span> 
     </span>
    </p>
   </div>
   <div class='ocr_carea' id='block_1_78' title="bbox 1771 3456 3315 3531">
    <p class='ocr_par' dir='ltr' id='par_1_78' title="bbox 1771 3456 3315 3531">
     <span class='ocr_line' id='line_1_78' title="bbox 1771 3456 3315 3531; baseline -0.004 -17"><span class='ocrx_word' id='word_1_496' title='bbox 1771 3471 2000 3531; x_wconf 86' lang='lat' dir='ltr'><strong>prepter</strong></span> <span class='ocrx_word' id='word_1_497' title='bbox 2090 3461 2478 3513; x_wconf 88' lang='lat' dir='ltr'><strong>monachorum</strong></span> <span class='ocrx_word' id='word_1_498' title='bbox 2539 3456 2885 3510; x_wconf 87' lang='lat' dir='ltr'><strong>morositates</strong></span> <span class='ocrx_word' id='word_1_499' title='bbox 2958 3457 3315 3525; x_wconf 80' lang='lat' dir='ltr'><strong>excogitatum</strong></span> 
     </span>
    </p>
   </div>
   <div class='ocr_carea' id='block_1_79' title="bbox 1768 3544 3316 3616">
    <p class='ocr_par' dir='ltr' id='par_1_79' title="bbox 1768 3544 3316 3616">
     <span class='ocr_line' id='line_1_79' title="bbox 1768 3544 3316 3616; baseline -0.005 -11"><span class='ocrx_word' id='word_1_500' title='bbox 1768 3565 1908 3613; x_wconf 87' lang='lat' dir='ltr'><strong>esse,</strong></span> <span class='ocrx_word' id='word_1_501' title='bbox 1939 3558 1998 3602; x_wconf 87' lang='lat' dir='ltr'><strong>ut</strong></span> <span class='ocrx_word' id='word_1_502' title='bbox 2048 3549 2222 3601; x_wconf 86' lang='lat' dir='ltr'><strong>tribus</strong></span> <span class='ocrx_word' id='word_1_503' title='bbox 2253 3548 2419 3616; x_wconf 89' lang='lat' dir='ltr'><strong>signis</strong></span> <span class='ocrx_word' id='word_1_504' title='bbox 2447 3545 2866 3614; x_wconf 86' lang='lat' dir='ltr'><strong>gloriﬁcationes</strong></span> <span class='ocrx_word' id='word_1_505' title='bbox 2896 3544 3090 3598; x_wconf 76' lang='lat' dir='ltr'><strong>divina:</strong></span> <span class='ocrx_word' id='word_1_506' title='bbox 3109 3547 3316 3599; x_wconf 87' lang='lat' dir='ltr'><strong>denun-</strong></span> 
     </span>
    </p>
   </div>
   <div class='ocr_carea' id='block_1_80' title="bbox 1769 3633 3313 3704">
    <p class='ocr_par' dir='ltr' id='par_1_80' title="bbox 1769 3633 3313 3704">
     <span class='ocr_line' id='line_1_80' title="bbox 1769 3633 3313 3704; baseline -0.005 -10"><span class='ocrx_word' id='word_1_507' title='bbox 1769 3641 2017 3694; x_wconf 86' lang='lat' dir='ltr'><strong>tientur:</strong></span> <span class='ocrx_word' id='word_1_508' title='bbox 2087 3635 2180 3690; x_wconf 92' lang='lat' dir='ltr'><strong>sed</strong></span> <span class='ocrx_word' id='word_1_509' title='bbox 2249 3644 2466 3704; x_wconf 84' lang='lat' dir='ltr'><strong>propter</strong></span> <span class='ocrx_word' id='word_1_510' title='bbox 2496 3635 2676 3702; x_wconf 87' lang='lat' dir='ltr'><strong>magni</strong></span> <span class='ocrx_word' id='word_1_511' title='bbox 2733 3633 2988 3688; x_wconf 84' lang='lat' dir='ltr'><strong>momenti</strong></span> <span class='ocrx_word' id='word_1_512' title='bbox 3055 3634 3313 3688; x_wconf 88' lang='lat' dir='ltr'><strong>rationem</strong></span> 
     </span>
    </p>
   </div>
   <div class='ocr_carea' id='block_1_81' title="bbox 1778 3723 3312 3796">
    <p class='ocr_par' dir='ltr' id='par_1_81' title="bbox 1778 3723 3312 3796">
     <span class='ocr_line' id='line_1_81' title="bbox 1778 3723 3312 3796; baseline -0.003 -15"><span class='ocrx_word' id='word_1_513' title='bbox 1778 3725 2092 3796; x_wconf 85' lang='lat' dir='ltr'><strong>quamdam,</strong></span> <span class='ocrx_word' id='word_1_514' title='bbox 2129 3725 2196 3779; x_wconf 88' lang='lat' dir='ltr'><strong>ab</strong></span> <span class='ocrx_word' id='word_1_515' title='bbox 2221 3725 2459 3794; x_wconf 85' lang='lat' dir='ltr'><strong>antiquis</strong></span> <span class='ocrx_word' id='word_1_516' title='bbox 2521 3723 2732 3779; x_wconf 61' lang='lat' dir='ltr'><strong>saculis</strong></span> <span class='ocrx_word' id='word_1_517' title='bbox 2767 3738 2862 3792; x_wconf 87' lang='lat' dir='ltr'><strong>per</strong></span> <span class='ocrx_word' id='word_1_518' title='bbox 2912 3737 3105 3778; x_wconf 86' lang='lat' dir='ltr'><strong>manus</strong></span> <span class='ocrx_word' id='word_1_519' title='bbox 3144 3723 3312 3777; x_wconf 85' lang='lat' dir='ltr'><strong>tradi-</strong></span> 
     </span>
    </p>
   </div>
   <div class='ocr_carea' id='block_1_82' title="bbox 1769 3826 1904 3871">
    <p class='ocr_par' dir='ltr' id='par_1_82' title="bbox 1769 3826 1904 3871">
     <span class='ocr_line' id='line_1_82' title="bbox 1769 3826 1904 3871; baseline -0.007 0"><span class='ocrx_word' id='word_1_520' title='bbox 1769 3826 1904 3871; x_wconf 90' lang='lat' dir='ltr'><strong>tam.</strong></span> 
     </span>
    </p>
   </div>
   <div class='ocr_carea' id='block_1_83' title="bbox 1836 3905 3304 3976">
    <p class='ocr_par' dir='ltr' id='par_1_83' title="bbox 1836 3905 3304 3976">
     <span class='ocr_line' id='line_1_83' title="bbox 1836 3905 3304 3976; baseline -0.003 -16"><span class='ocrx_word' id='word_1_521' title='bbox 1836 3906 2044 3976; x_wconf 88' lang='lat' dir='ltr'><strong>Quippe</strong></span> <span class='ocrx_word' id='word_1_522' title='bbox 2067 3921 2188 3960; x_wconf 88' lang='lat' dir='ltr'><strong>cum</strong></span> <span class='ocrx_word' id='word_1_523' title='bbox 2233 3905 2320 3959; x_wconf 90' lang='lat' dir='ltr'><strong>Dei</strong></span> <span class='ocrx_word' id='word_1_524' title='bbox 2369 3906 2780 3970; x_wconf 83' lang='lat' dir='ltr'><strong>celebrationes,</strong></span> <span class='ocrx_word' id='word_1_525' title='bbox 2812 3920 2933 3972; x_wconf 62' lang='lat' dir='ltr'><strong>qua</strong></span> <span class='ocrx_word' id='word_1_526' title='bbox 2969 3905 3201 3958; x_wconf 88' lang='lat' dir='ltr'><strong>interdiu</strong></span> <span class='ocrx_word' id='word_1_527' title='bbox 3251 3913 3304 3956; x_wconf 80' lang='lat' dir='ltr'><strong>et</strong></span> 
     </span>
    </p>
   </div>
   <div class='ocr_carea' id='block_1_84' title="bbox 1769 3993 3310 4062">
    <p class='ocr_par' dir='ltr' id='par_1_84' title="bbox 1769 3993 3310 4062">
     <span class='ocr_line' id='line_1_84' title="bbox 1769 3993 3310 4062; baseline -0.004 -12"><span class='ocrx_word' id='word_1_528' title='bbox 1769 4005 1931 4050; x_wconf 91' lang='lat' dir='ltr'><strong>noctu</strong></span> <span class='ocrx_word' id='word_1_529' title='bbox 1971 3999 2104 4049; x_wconf 82' lang='lat' dir='ltr'><strong>ﬁunt</strong></span> <span class='ocrx_word' id='word_1_530' title='bbox 2155 3997 2208 4049; x_wconf 93' lang='lat' dir='ltr'><strong>in</strong></span> <span class='ocrx_word' id='word_1_531' title='bbox 2255 3995 2513 4058; x_wconf 85' lang='lat' dir='ltr'><strong>Ecclesia,</strong></span> <span class='ocrx_word' id='word_1_532' title='bbox 2559 3997 2728 4062; x_wconf 18' lang='lat' dir='ltr'><strong>juxta,</strong></span> <span class='ocrx_word' id='word_1_533' title='bbox 2765 3993 2979 4046; x_wconf 84' lang='lat' dir='ltr'><strong>Davidis</strong></span> <span class='ocrx_word' id='word_1_534' title='bbox 3036 3993 3310 4059; x_wconf 75' lang='lat' dir='ltr'><strong>propheta:</strong></span> 
     </span>
    </p>
   </div>
   <div class='ocr_carea' id='block_1_85' title="bbox 1767 4080 3312 4150">
    <p class='ocr_par' dir='ltr' id='par_1_85' title="bbox 1767 4080 3312 4150">
     <span class='ocr_line' id='line_1_85' title="bbox 1767 4080 3312 4150; baseline -0.005 -11"><span class='ocrx_word' id='word_1_535' title='bbox 1767 4086 2072 4148; x_wconf 83' lang='lat' dir='ltr'><strong>oraculum,</strong></span> <span class='ocrx_word' id='word_1_536' title='bbox 2105 4084 2261 4150; x_wconf 88' lang='lat' dir='ltr'><strong>cujus</strong></span> <span class='ocrx_word' id='word_1_537' title='bbox 2298 4083 2456 4134; x_wconf 81' lang='lat' dir='ltr'><strong>verba</strong></span> <span class='ocrx_word' id='word_1_538' title='bbox 2499 4091 2663 4135; x_wconf 88' lang='lat' dir='ltr'><strong>sunt:</strong></span> <span class='ocrx_word' id='word_1_539' title='bbox 2698 4080 2939 4148; x_wconf 78' lang='lat' dir='ltr'><strong>Vesperi.</strong></span> <span class='ocrx_word' id='word_1_540' title='bbox 2973 4089 3026 4132; x_wconf 91' lang='lat' dir='ltr'><strong>et</strong></span> <span class='ocrx_word' id='word_1_541' title='bbox 3060 4094 3233 4143; x_wconf 86' lang='lat' dir='ltr'><strong>mane,</strong></span> <span class='ocrx_word' id='word_1_542' title='bbox 3260 4089 3312 4132; x_wconf 89' lang='lat' dir='ltr'><strong>et</strong></span> 
     </span>
    </p>
   </div>
   <div class='ocr_carea' id='block_1_86' title="bbox 1768 4171 3314 4238">
    <p class='ocr_par' dir='ltr' id='par_1_86' title="bbox 1768 4171 3314 4238">
     <span class='ocr_line' id='line_1_86' title="bbox 1768 4171 3314 4238; baseline -0.004 -10"><span class='ocrx_word' id='word_1_543' title='bbox 1768 4177 1820 4228; x_wconf 85' lang='lat' dir='ltr'><strong>in</strong></span> <span class='ocrx_word' id='word_1_544' title='bbox 1894 4176 2115 4228; x_wconf 88' lang='lat' dir='ltr'><strong>meridie</strong></span> <span class='ocrx_word' id='word_1_545' title='bbox 2190 4173 2439 4231; x_wconf 87' lang='lat' dir='ltr'><strong>narrabo,</strong></span> <span class='ocrx_word' id='word_1_546' title='bbox 2509 4179 2560 4224; x_wconf 90' lang='lat' dir='ltr'><strong>et</strong></span> <span class='ocrx_word' id='word_1_547' title='bbox 2621 4171 2959 4227; x_wconf 83' lang='lat' dir='ltr'><strong>renuntiabo.</strong></span> <span class='ocrx_word' id='word_1_548' title='bbox 3023 4185 3314 4238; x_wconf 79' lang='lat' dir='ltr'><strong>vocemque</strong></span> 
     </span>
    </p>
   </div>
   <div class='ocr_carea' id='block_1_87' title="bbox 1767 4259 3316 4327">
    <p class='ocr_par' dir='ltr' id='par_1_87' title="bbox 1767 4259 3316 4327">
     <span class='ocr_line' id='line_1_87' title="bbox 1767 4259 3316 4327; baseline -0.004 -12"><span class='ocrx_word' id='word_1_549' title='bbox 1767 4278 1940 4316; x_wconf 82' lang='lat' dir='ltr'><strong>meam</strong></span> <span class='ocrx_word' id='word_1_550' title='bbox 1981 4262 2242 4314; x_wconf 79' lang='lat' dir='ltr'><strong>Dominus</strong></span> <span class='ocrx_word' id='word_1_551' title='bbox 2284 4260 2463 4312; x_wconf 79' lang='lat' dir='ltr'><strong>audiet</strong></span> <span class='ocrx_word' id='word_1_552' title='bbox 2498 4281 2508 4312; x_wconf 90' lang='grc'>;</span> <span class='ocrx_word' id='word_1_553' title='bbox 2542 4274 2664 4312; x_wconf 88' lang='lat' dir='ltr'><strong>cum</strong></span> <span class='ocrx_word' id='word_1_554' title='bbox 2718 4261 2880 4327; x_wconf 84' lang='lat' dir='ltr'><strong>igitur</strong></span> <span class='ocrx_word' id='word_1_555' title='bbox 2919 4259 2998 4312; x_wconf 66' lang='lat' dir='ltr'><strong>hae</strong></span> <span class='ocrx_word' id='word_1_556' title='bbox 3036 4259 3316 4324; x_wconf 77' lang='lat' dir='ltr'><strong>perfician-</strong></span> 
     </span>
    </p>
   </div>
   <div class='ocr_carea' id='block_1_88' title="bbox 1768 4346 3310 4410">
    <p class='ocr_par' dir='ltr' id='par_1_88' title="bbox 1768 4346 3310 4410">
     <span class='ocr_line' id='line_1_88' title="bbox 1768 4346 3310 4410; baseline -0.003 -8"><span class='ocrx_word' id='word_1_557' title='bbox 1768 4360 1853 4402; x_wconf 93' lang='lat' dir='ltr'><strong>tur</strong></span> <span class='ocrx_word' id='word_1_558' title='bbox 1883 4367 1945 4404; x_wconf 83' lang='lat' dir='ltr'><strong>ex</strong></span> <span class='ocrx_word' id='word_1_559' title='bbox 1972 4351 2181 4402; x_wconf 88' lang='lat' dir='ltr'><strong>duobus</strong></span> <span class='ocrx_word' id='word_1_560' title='bbox 2208 4349 2591 4410; x_wconf 80' lang='lat' dir='ltr'><strong>Testamentis,</strong></span> <span class='ocrx_word' id='word_1_561' title='bbox 2618 4346 2764 4400; x_wconf 77' lang='lat' dir='ltr'><strong>Novo</strong></span> <span class='ocrx_word' id='word_1_562' title='bbox 2790 4349 2993 4400; x_wconf 83' lang='lat' dir='ltr'><strong>scilicet</strong></span> <span class='ocrx_word' id='word_1_563' title='bbox 3019 4363 3079 4400; x_wconf 88' lang='lat' dir='ltr'><strong>ac</strong></span> <span class='ocrx_word' id='word_1_564' title='bbox 3113 4347 3310 4409; x_wconf 83' lang='lat' dir='ltr'><strong>Veteri,</strong></span> 
     </span>
    </p>
   </div>
   <div class='ocr_carea' id='block_1_89' title="bbox 1760 4436 3309 4506">
    <p class='ocr_par' dir='ltr' id='par_1_89' title="bbox 1760 4436 3309 4506">
     <span class='ocr_line' id='line_1_89' title="bbox 1760 4436 3309 4506; baseline -0.002 -17"><span class='ocrx_word' id='word_1_565' title='bbox 1760 4440 1910 4506; x_wconf 81' lang='lat' dir='ltr'><strong>juxta</strong></span> <span class='ocrx_word' id='word_1_566' title='bbox 1967 4449 2279 4491; x_wconf 88' lang='lat' dir='ltr'><strong>sanctorum</strong></span> <span class='ocrx_word' id='word_1_567' title='bbox 2333 4445 2385 4490; x_wconf 91' lang='lat' dir='ltr'><strong>et</strong></span> <span class='ocrx_word' id='word_1_568' title='bbox 2435 4437 2689 4490; x_wconf 78' lang='lat' dir='ltr'><strong>divinitus</strong></span> <span class='ocrx_word' id='word_1_569' title='bbox 2741 4437 3035 4490; x_wconf 80' lang='lat' dir='ltr'><strong>ailiatorum</strong></span> <span class='ocrx_word' id='word_1_570' title='bbox 3093 4436 3309 4488; x_wconf 83' lang='lat' dir='ltr'><strong>Patrum</strong></span> 
     </span>
    </p>
   </div>
   <div class='ocr_carea' id='block_1_90' title="bbox 125 4521 1667 4594">
    <p class='ocr_par' dir='ltr' id='par_1_90' title="bbox 125 4521 1662 4591">
     <span class='ocr_line' id='line_1_90' title="bbox 125 4521 1662 4591; baseline 0.009 -20"><span class='ocrx_word' id='word_1_571' title='bbox 125 4521 439 4590; x_wconf 84' lang='grc' dir='ltr'>παράδοσιν,</span> <span class='ocrx_word' id='word_1_572' title='bbox 472 4521 676 4590; x_wconf 82' lang='grc' dir='ltr'>ὡρίσθη</span> <span class='ocrx_word' id='word_1_573' title='bbox 697 4523 801 4590; x_wconf 72' lang='grc' dir='ltr'>πρὸ</span> <span class='ocrx_word' id='word_1_574' title='bbox 835 4526 1050 4576; x_wconf 84' lang='grc' dir='ltr'>πάντων</span> <span class='ocrx_word' id='word_1_575' title='bbox 1080 4527 1391 4591; x_wconf 73' lang='grc' dir='ltr'>δοξάζεσθαι</span> <span class='ocrx_word' id='word_1_576' title='bbox 1415 4533 1503 4584; x_wconf 80' lang='grc' dir='ltr'>τὸν</span> <span class='ocrx_word' id='word_1_577' title='bbox 1535 4535 1662 4585; x_wconf 70' lang='grc' dir='ltr'>Θεὸν</span> 
     </span>
    </p>
   </div>
   <div class='ocr_carea' id='block_1_91' title="bbox 1777 4521 3309 4594">
    <p class='ocr_par' dir='ltr' id='par_1_91' title="bbox 1777 4525 3309 4594">
     <span class='ocr_line' id='line_1_91' title="bbox 1777 4525 3309 4594; baseline 0 -16"><span class='ocrx_word' id='word_1_578' title='bbox 1777 4527 2105 4579; x_wconf 71' lang='lat' dir='ltr'><strong>Lraditionem</strong></span> <span class='ocrx_word' id='word_1_579' title='bbox 2141 4544 2154 4579; x_wconf 91' lang='lat'><strong>:</strong></span> <span class='ocrx_word' id='word_1_580' title='bbox 2189 4534 2312 4580; x_wconf 87' lang='lat' dir='ltr'><strong>ante</strong></span> <span class='ocrx_word' id='word_1_581' title='bbox 2334 4525 2510 4578; x_wconf 87' lang='lat' dir='ltr'><strong>omnia</strong></span> <span class='ocrx_word' id='word_1_582' title='bbox 2539 4526 2802 4578; x_wconf 85' lang='lat' dir='ltr'><strong>sancitum</strong></span> <span class='ocrx_word' id='word_1_583' title='bbox 2832 4533 2914 4578; x_wconf 89' lang='lat' dir='ltr'><strong>est</strong></span> <span class='ocrx_word' id='word_1_584' title='bbox 2960 4536 3012 4576; x_wconf 94' lang='lat' dir='ltr'><strong>ut</strong></span> <span class='ocrx_word' id='word_1_585' title='bbox 3043 4526 3309 4594; x_wconf 78' lang='lat' dir='ltr'><strong>gloriﬁce-</strong></span> 
     </span>
    </p>
   </div>
   <div class='ocr_carea' id='block_1_92' title="bbox 124 4611 1663 4693">
    <p class='ocr_par' dir='ltr' id='par_1_92' title="bbox 124 4611 1663 4693">
     <span class='ocr_line' id='line_1_92' title="bbox 124 4611 1663 4693; baseline 0.007 -29"><span class='ocrx_word' id='word_1_586' title='bbox 124 4611 230 4664; x_wconf 86' lang='grc' dir='ltr'>ἀπὸ</span> <span class='ocrx_word' id='word_1_587' title='bbox 256 4611 350 4678; x_wconf 71' lang='grc' dir='ltr'>τῆς</span> <span class='ocrx_word' id='word_1_588' title='bbox 369 4611 512 4672; x_wconf 85' lang='grc' dir='ltr'>θείας</span> <span class='ocrx_word' id='word_1_589' title='bbox 534 4614 784 4680; x_wconf 85' lang='grc' dir='ltr'>κιννύρας</span> <span class='ocrx_word' id='word_1_590' title='bbox 813 4613 902 4664; x_wconf 85' lang='grc' dir='ltr'><strong>τοῦ</strong></span> <span class='ocrx_word' id='word_1_591' title='bbox 924 4614 1245 4684; x_wconf 80' lang='grc' dir='ltr'>θεοπάτορος</span> <span class='ocrx_word' id='word_1_592' title='bbox 1269 4617 1518 4688; x_wconf 68' lang='grc' dir='ltr'>(Ἀνοίξω</span> <span class='ocrx_word' id='word_1_593' title='bbox 1537 4625 1663 4693; x_wconf 75' lang='grc' dir='ltr'>γὰρ,</span> 
     </span>
    </p>
   </div>
   <div class='ocr_carea' id='block_1_93' title="bbox 126 4699 1664 4782">
    <p class='ocr_par' dir='ltr' id='par_1_93' title="bbox 126 4699 1664 4782">
     <span class='ocr_line' id='line_1_93' title="bbox 126 4699 1664 4782; baseline 0.01 -34"><span class='ocrx_word' id='word_1_594' title='bbox 126 4701 307 4770; x_wconf 75' lang='grc' dir='ltr'>φησὶν,</span> <span class='ocrx_word' id='word_1_595' title='bbox 345 4699 400 4750; x_wconf 80' lang='grc' dir='ltr'><strong>έν</strong></span> <span class='ocrx_word' id='word_1_596' title='bbox 420 4700 695 4768; x_wconf 69' lang='grc' dir='ltr'>ψαλτηρίῳ</span> <span class='ocrx_word' id='word_1_597' title='bbox 726 4702 784 4753; x_wconf 82' lang='grc' dir='ltr'>τὸ</span> <span class='ocrx_word' id='word_1_598' title='bbox 810 4705 1099 4771; x_wconf 71' lang='grc' dir='ltr'>πρόϐλημά</span> <span class='ocrx_word' id='word_1_599' title='bbox 1133 4708 1254 4776; x_wconf 86' lang='grc' dir='ltr'>μου)</span> <span class='ocrx_word' id='word_1_600' title='bbox 1280 4709 1371 4758; x_wconf 76' lang='grc' dir='ltr'>καὶ</span> <span class='ocrx_word' id='word_1_601' title='bbox 1407 4711 1540 4777; x_wconf 85' lang='grc' dir='ltr'><strong>μετά</strong></span> <span class='ocrx_word' id='word_1_602' title='bbox 1572 4714 1664 4782; x_wconf 77' lang='grc' dir='ltr'>τὴν</span> 
     </span>
    </p>
   </div>
   <div class='ocr_carea' id='block_1_94' title="bbox 123 4787 1667 4868">
    <p class='ocr_par' dir='ltr' id='par_1_94' title="bbox 123 4787 1667 4868">
     <span class='ocr_line' id='line_1_94' title="bbox 123 4787 1667 4868; baseline 0.007 -28"><span class='ocrx_word' id='word_1_603' title='bbox 123 4789 309 4840; x_wconf 83' lang='grc' dir='ltr'>τούτου</span> <span class='ocrx_word' id='word_1_604' title='bbox 337 4787 648 4851; x_wconf 81' lang='grc' dir='ltr'>ἀνάπτυξιν,</span> <span class='ocrx_word' id='word_1_605' title='bbox 670 4792 759 4840; x_wconf 66' lang='grc' dir='ltr'>τὸν</span> <span class='ocrx_word' id='word_1_606' title='bbox 803 4790 943 4842; x_wconf 76' lang='grc' dir='ltr'>Θεῖον</span> <span class='ocrx_word' id='word_1_607' title='bbox 975 4791 1278 4859; x_wconf 76' lang='grc' dir='ltr'>μελισσῶνα</span> <span class='ocrx_word' id='word_1_608' title='bbox 1309 4796 1405 4863; x_wconf 76' lang='grc' dir='ltr'>τῆς</span> <span class='ocrx_word' id='word_1_609' title='bbox 1445 4799 1667 4868; x_wconf 79' lang='grc' dir='ltr'>Ἐκκλη-</span> 
     </span>
    </p>
   </div>
   <div class='ocr_carea' id='block_1_95' title="bbox 126 4879 1666 4954">
    <p class='ocr_par' dir='ltr' id='par_1_95' title="bbox 126 4879 1666 4954">
     <span class='ocr_line' id='line_1_95' title="bbox 126 4879 1666 4954; baseline 0.006 -24"><span class='ocrx_word' id='word_1_610' title='bbox 126 4881 242 4940; x_wconf 80' lang='grc' dir='ltr'>σίας</span> <span class='ocrx_word' id='word_1_611' title='bbox 264 4879 699 4943; x_wconf 72' lang='grc' dir='ltr'>ὲξαγωνίζεσθαι,</span> <span class='ocrx_word' id='word_1_612' title='bbox 727 4880 810 4931; x_wconf 85' lang='grc' dir='ltr'><strong>διὰ</strong></span> <span class='ocrx_word' id='word_1_613' title='bbox 832 4881 1024 4946; x_wconf 76' lang='grc' dir='ltr'>κηρίον</span> <span class='ocrx_word' id='word_1_614' title='bbox 1055 4882 1411 4936; x_wconf 78' lang='grc' dir='ltr'>διδασκαλιῶν</span> <span class='ocrx_word' id='word_1_615' title='bbox 1442 4888 1666 4954; x_wconf 79' lang='grc' dir='ltr'>εὐαγγε-</span> 
     </span>
    </p>
   </div>
   <div class='ocr_carea' id='block_1_96' title="bbox 122 4967 1660 5039">
    <p class='ocr_par' dir='ltr' id='par_1_96' title="bbox 122 4967 1660 5039">
     <span class='ocr_line' id='line_1_96' title="bbox 122 4967 1660 5039; baseline 0.005 -19"><span class='ocrx_word' id='word_1_616' title='bbox 122 4967 304 5028; x_wconf 82' lang='grc' dir='ltr'>λικῶν,</span> <span class='ocrx_word' id='word_1_617' title='bbox 330 4968 420 5018; x_wconf 89' lang='grc' dir='ltr'><strong>τοῦ</strong></span> <span class='ocrx_word' id='word_1_618' title='bbox 443 4969 661 5036; x_wconf 82' lang='grc' dir='ltr'>κέντρου</span> <span class='ocrx_word' id='word_1_619' title='bbox 690 4967 1004 5034; x_wconf 76' lang='grc' dir='ltr'>φωτίζοντος</span> <span class='ocrx_word' id='word_1_620' title='bbox 1025 4970 1120 5038; x_wconf 79' lang='grc' dir='ltr'>τὴν</span> <span class='ocrx_word' id='word_1_621' title='bbox 1143 4974 1506 5039; x_wconf 83' lang='grc' dir='ltr'>σκοτόμαιναν</span> <span class='ocrx_word' id='word_1_622' title='bbox 1528 4994 1539 5004; x_wconf 92' lang='grc'>·</span> <span class='ocrx_word' id='word_1_623' title='bbox 1576 4976 1660 5028; x_wconf 81' lang='grc' dir='ltr'><strong>διὰ</strong></span> 
     </span>
    </p>
   </div>
   <div class='ocr_carea' id='block_1_97' title="bbox 129 5057 1660 5129">
    <p class='ocr_par' dir='ltr' id='par_1_97' title="bbox 129 5057 1660 5129">
     <span class='ocr_line' id='line_1_97' title="bbox 129 5057 1660 5129; baseline 0.005 -21"><span class='ocrx_word' id='word_1_624' title='bbox 129 5057 337 5126; x_wconf 86' lang='grc' dir='ltr'>μέλιτος</span> <span class='ocrx_word' id='word_1_625' title='bbox 351 5057 572 5121; x_wconf 79' lang='grc' dir='ltr'>γραφῶν</span> <span class='ocrx_word' id='word_1_626' title='bbox 586 5058 969 5121; x_wconf 83' lang='grc' dir='ltr'>άποστολικῶν,</span> <span class='ocrx_word' id='word_1_627' title='bbox 986 5059 1360 5124; x_wconf 84' lang='grc' dir='ltr'>γλυκαίνοντος</span> <span class='ocrx_word' id='word_1_628' title='bbox 1374 5063 1470 5129; x_wconf 83' lang='grc' dir='ltr'>τῆς</span> <span class='ocrx_word' id='word_1_629' title='bbox 1484 5066 1660 5116; x_wconf 79' lang='grc' dir='ltr'>οἰκου-</span> 
     </span>
    </p>
   </div>
   <div class='ocr_carea' id='block_1_98' title="bbox 130 5147 1654 5222">
    <p class='ocr_par' dir='ltr' id='par_1_98' title="bbox 130 5147 1654 5222">
     <span class='ocr_line' id='line_1_98' title="bbox 130 5147 1654 5222; baseline 0.007 -25"><span class='ocrx_word' id='word_1_630' title='bbox 130 5149 286 5216; x_wconf 83' lang='grc' dir='ltr'>μένης</span> <span class='ocrx_word' id='word_1_631' title='bbox 313 5147 379 5197; x_wconf 68' lang='grc' dir='ltr'><strong>τὰ</strong></span> <span class='ocrx_word' id='word_1_632' title='bbox 401 5147 608 5214; x_wconf 82' lang='grc' dir='ltr'>πέρατα</span> <span class='ocrx_word' id='word_1_633' title='bbox 635 5163 647 5174; x_wconf 91' lang='grc'>·</span> <span class='ocrx_word' id='word_1_634' title='bbox 685 5149 774 5200; x_wconf 85' lang='grc' dir='ltr'>καὶ</span> <span class='ocrx_word' id='word_1_635' title='bbox 809 5150 894 5201; x_wconf 78' lang='grc' dir='ltr'><strong>διά</strong></span> <span class='ocrx_word' id='word_1_636' title='bbox 929 5152 1275 5219; x_wconf 81' lang='grc' dir='ltr'>μαρτυρικῶν</span> <span class='ocrx_word' id='word_1_637' title='bbox 1308 5155 1654 5222; x_wconf 74' lang='grc' dir='ltr'>ἁφηγήυεων,</span> 
     </span>
    </p>
   </div>
   <div class='ocr_carea' id='block_1_99' title="bbox 130 5228 1655 5312">
    <p class='ocr_par' dir='ltr' id='par_1_99' title="bbox 130 5228 1655 5312">
     <span class='ocr_line' id='line_1_99' title="bbox 130 5228 1655 5312; baseline 0.007 -25"><span class='ocrx_word' id='word_1_638' title='bbox 130 5236 533 5304; x_wconf 81' lang='grc' dir='ltr'>μεγαλυνουσῶν</span> <span class='ocrx_word' id='word_1_639' title='bbox 564 5238 651 5288; x_wconf 82' lang='grc' dir='ltr'>τὸν</span> <span class='ocrx_word' id='word_1_640' title='bbox 671 5239 928 5308; x_wconf 85' lang='grc' dir='ltr'>ἔνσαρκον</span> <span class='ocrx_word' id='word_1_641' title='bbox 949 5228 1254 5309; x_wconf 80' lang='grc' dir='ltr'>οἰκονομίαν</span> <span class='ocrx_word' id='word_1_642' title='bbox 1295 5242 1387 5294; x_wconf 88' lang='grc' dir='ltr'><strong>τοῦ</strong></span> <span class='ocrx_word' id='word_1_643' title='bbox 1426 5245 1655 5312; x_wconf 86' lang='grc' dir='ltr'>Χριστοῦ</span> 
     </span>
    </p>
   </div>
   <div class='ocr_carea' id='block_1_100' title="bbox 127 5327 1649 5402">
    <p class='ocr_par' dir='ltr' id='par_1_100' title="bbox 127 5327 1649 5402">
     <span class='ocr_line' id='line_1_100' title="bbox 127 5327 1649 5402; baseline 0.005 -23"><span class='ocrx_word' id='word_1_644' title='bbox 127 5329 215 5379; x_wconf 77' lang='grc' dir='ltr'>καὶ</span> <span class='ocrx_word' id='word_1_645' title='bbox 253 5327 383 5378; x_wconf 79' lang='grc' dir='ltr'>Θεοῦ</span> <span class='ocrx_word' id='word_1_646' title='bbox 419 5328 592 5393; x_wconf 76' lang='grc' dir='ltr'>ἡμῶν.</span> <span class='ocrx_word' id='word_1_647' title='bbox 626 5329 714 5381; x_wconf 77' lang='grc' dir='ltr'>Διὸ</span> <span class='ocrx_word' id='word_1_648' title='bbox 754 5330 848 5380; x_wconf 75' lang='grc' dir='ltr'>καὶ</span> <span class='ocrx_word' id='word_1_649' title='bbox 880 5335 1036 5398; x_wconf 79' lang='grc' dir='ltr'>χάριν</span> <span class='ocrx_word' id='word_1_650' title='bbox 1067 5332 1162 5399; x_wconf 82' lang='grc' dir='ltr'>μὲν</span> <span class='ocrx_word' id='word_1_651' title='bbox 1202 5334 1309 5384; x_wconf 82' lang='grc' dir='ltr'><strong>τῶν</strong></span> <span class='ocrx_word' id='word_1_652' title='bbox 1333 5334 1390 5396; x_wconf 62' lang='grc' dir='ltr'><strong>ἒξ</strong></span> <span class='ocrx_word' id='word_1_653' title='bbox 1420 5335 1649 5402; x_wconf 67' lang='grc' dir='ltr'>ψαλμῶν</span> 
     </span>
    </p>
   </div>
   <div class='ocr_carea' id='block_1_101' title="bbox 123 5415 1651 5491">
    <p class='ocr_par' dir='ltr' id='par_1_101' title="bbox 123 5415 1651 5491">
     <span class='ocr_line' id='line_1_101' title="bbox 123 5415 1651 5491; baseline 0.004 -22"><span class='ocrx_word' id='word_1_654' title='bbox 123 5415 213 5469; x_wconf 82' lang='grc' dir='ltr'><strong>τοῦ</strong></span> <span class='ocrx_word' id='word_1_655' title='bbox 239 5415 574 5484; x_wconf 77' lang='grc' dir='ltr'>θεοπάτορος.</span> <span class='ocrx_word' id='word_1_656' title='bbox 604 5417 697 5468; x_wconf 70' lang='grc' dir='ltr'>καὶ</span> <span class='ocrx_word' id='word_1_657' title='bbox 750 5417 969 5481; x_wconf 85' lang='grc' dir='ltr'>λοιπῶν,</span> <span class='ocrx_word' id='word_1_658' title='bbox 1004 5421 1110 5470; x_wconf 82' lang='grc' dir='ltr'><strong>τῶν</strong></span> <span class='ocrx_word' id='word_1_659' title='bbox 1144 5423 1199 5471; x_wconf 82' lang='grc' dir='ltr'><strong>έν</strong></span> <span class='ocrx_word' id='word_1_660' title='bbox 1230 5425 1292 5490; x_wconf 81' lang='grc' dir='ltr'>τῇ</span> <span class='ocrx_word' id='word_1_661' title='bbox 1317 5423 1536 5491; x_wconf 80' lang='grc' dir='ltr'>ὀρθρινῇ</span> <span class='ocrx_word' id='word_1_662' title='bbox 1570 5427 1651 5475; x_wconf 88' lang='grc' dir='ltr'>δο-</span> 
     </span>
    </p>
   </div>
   <div class='ocr_carea' id='block_1_102' title="bbox 127 5503 1649 5576">
    <p class='ocr_par' dir='ltr' id='par_1_102' title="bbox 127 5503 1649 5576">
     <span class='ocr_line' id='line_1_102' title="bbox 127 5503 1649 5576; baseline 0.005 -21"><span class='ocrx_word' id='word_1_663' title='bbox 127 5503 331 5571; x_wconf 79' lang='grc' dir='ltr'>ξολογίᾳ</span> <span class='ocrx_word' id='word_1_664' title='bbox 376 5505 476 5572; x_wconf 80' lang='grc' dir='ltr'>πρὸ</span> <span class='ocrx_word' id='word_1_665' title='bbox 505 5505 596 5556; x_wconf 87' lang='grc' dir='ltr'><strong>τοῦ</strong></span> <span class='ocrx_word' id='word_1_666' title='bbox 627 5506 967 5572; x_wconf 74' lang='grc' dir='ltr'>ἀγιοπολίτου</span> <span class='ocrx_word' id='word_1_667' title='bbox 999 5507 1345 5576; x_wconf 63' lang='grc' dir='ltr'>ψαλλομένων</span> <span class='ocrx_word' id='word_1_668' title='bbox 1373 5514 1649 5575; x_wconf 70' lang='grc' dir='ltr'>ἐκαστοτε,</span> 
     </span>
    </p>
   </div>
   <div class='ocr_carea' id='block_1_103' title="bbox 125 5592 1652 5667">
    <p class='ocr_par' dir='ltr' id='par_1_103' title="bbox 125 5592 1652 5667">
     <span class='ocr_line' id='line_1_103' title="bbox 125 5592 1652 5667; baseline 0.005 -23"><span class='ocrx_word' id='word_1_669' title='bbox 125 5593 338 5651; x_wconf 64' lang='lat' dir='ltr'><strong>mimi;</strong></span> <span class='ocrx_word' id='word_1_670' title='bbox 367 5592 711 5661; x_wconf 79' lang='grc' dir='ltr'>ψαλλομένων</span> <span class='ocrx_word' id='word_1_671' title='bbox 744 5595 984 5662; x_wconf 78' lang='grc' dir='ltr'>συνήθως</span> <span class='ocrx_word' id='word_1_672' title='bbox 1034 5597 1091 5647; x_wconf 81' lang='grc' dir='ltr'>ὲν</span> <span class='ocrx_word' id='word_1_673' title='bbox 1141 5601 1255 5659; x_wconf 85' lang='grc' dir='ltr'>ταῖς</span> <span class='ocrx_word' id='word_1_674' title='bbox 1302 5599 1468 5660; x_wconf 76' lang='grc' dir='ltr'>θείαις</span> <span class='ocrx_word' id='word_1_675' title='bbox 1517 5601 1652 5667; x_wconf 73' lang='grc' dir='ltr'>ἱερο-</span> 
     </span>
    </p>
   </div>
   <div class='ocr_carea' id='block_1_104' title="bbox 127 5683 1652 5760">
    <p class='ocr_par' dir='ltr' id='par_1_104' title="bbox 127 5683 1652 5760">
     <span class='ocr_line' id='line_1_104' title="bbox 127 5683 1652 5760; baseline 0.007 -28"><span class='ocrx_word' id='word_1_676' title='bbox 127 5683 406 5732; x_wconf 67' lang='lat' dir='ltr'><strong>z:).sct!at.-</strong></span> <span class='ocrx_word' id='word_1_677' title='bbox 461 5686 551 5734; x_wconf 83' lang='grc' dir='ltr'>καὶ</span> <span class='ocrx_word' id='word_1_678' title='bbox 607 5685 722 5745; x_wconf 77' lang='grc' dir='ltr'>ταῖς</span> <span class='ocrx_word' id='word_1_679' title='bbox 764 5686 1072 5752; x_wconf 73' lang='grc' dir='ltr'>ὲσπεριναῖς</span> <span class='ocrx_word' id='word_1_680' title='bbox 1141 5691 1482 5756; x_wconf 76' lang='grc' dir='ltr'>προσευχαῖς,</span> <span class='ocrx_word' id='word_1_681' title='bbox 1550 5689 1652 5760; x_wconf 83' lang='grc' dir='ltr'>πρὸ</span> 
     </span>
    </p>
   </div>
   <div class='ocr_carea' id='block_1_105' title="bbox 1767 4614 3308 4684">
    <p class='ocr_par' dir='ltr' id='par_1_105' title="bbox 1767 4614 3308 4684">
     <span class='ocr_line' id='line_1_105' title="bbox 1767 4614 3308 4684; baseline -0.003 -16"><span class='ocrx_word' id='word_1_682' title='bbox 1767 4624 1856 4668; x_wconf 92' lang='lat' dir='ltr'><strong>tur</strong></span> <span class='ocrx_word' id='word_1_683' title='bbox 1885 4615 2024 4668; x_wconf 79' lang='lat' dir='ltr'><strong>Deus</strong></span> <span class='ocrx_word' id='word_1_684' title='bbox 2057 4630 2150 4684; x_wconf 88' lang='lat' dir='ltr'><strong>per</strong></span> <span class='ocrx_word' id='word_1_685' title='bbox 2197 4629 2404 4669; x_wconf 81' lang='lat' dir='ltr'><strong>sacram</strong></span> <span class='ocrx_word' id='word_1_686' title='bbox 2453 4614 2667 4668; x_wconf 78' lang='lat' dir='ltr'><strong>Davidis</strong></span> <span class='ocrx_word' id='word_1_687' title='bbox 2715 4617 2999 4678; x_wconf 86' lang='lat' dir='ltr'><strong>citharam,</strong></span> <span class='ocrx_word' id='word_1_688' title='bbox 3039 4617 3308 4680; x_wconf 70' lang='lat' dir='ltr'><strong>(Aperiam</strong></span> 
     </span>
    </p>
   </div>
   <div class='ocr_carea' id='block_1_106' title="bbox 1767 4705 3310 4772">
    <p class='ocr_par' dir='ltr' id='par_1_106' title="bbox 1767 4705 3310 4772">
     <span class='ocr_line' id='line_1_106' title="bbox 1767 4705 3310 4772; baseline -0.001 -14"><span class='ocrx_word' id='word_1_689' title='bbox 1767 4707 1932 4770; x_wconf 86' lang='lat' dir='ltr'><strong>enim,</strong></span> <span class='ocrx_word' id='word_1_690' title='bbox 1977 4705 2172 4769; x_wconf 81' lang='lat' dir='ltr'><strong>inquit,</strong></span> <span class='ocrx_word' id='word_1_691' title='bbox 2209 4705 2261 4756; x_wconf 89' lang='lat' dir='ltr'><strong>in</strong></span> <span class='ocrx_word' id='word_1_692' title='bbox 2326 4705 2578 4771; x_wconf 87' lang='lat' dir='ltr'><strong>psalterio</strong></span> <span class='ocrx_word' id='word_1_693' title='bbox 2616 4705 2962 4772; x_wconf 65' lang='lat' dir='ltr'><strong>quaestionem</strong></span> <span class='ocrx_word' id='word_1_694' title='bbox 3019 4705 3214 4772; x_wconf 89' lang='lat' dir='ltr'><strong>meam)</strong></span> <span class='ocrx_word' id='word_1_695' title='bbox 3261 4714 3310 4757; x_wconf 70' lang='lat' dir='ltr'><strong>et</strong></span> 
     </span>
    </p>
   </div>
   <div class='ocr_carea' id='block_1_107' title="bbox 1768 4795 3311 4863">
    <p class='ocr_par' dir='ltr' id='par_1_107' title="bbox 1768 4795 3311 4863">
     <span class='ocr_line' id='line_1_107' title="bbox 1768 4795 3311 4863; baseline 0.001 -18"><span class='ocrx_word' id='word_1_696' title='bbox 1768 4803 1886 4863; x_wconf 87' lang='lat' dir='ltr'><strong>post</strong></span> <span class='ocrx_word' id='word_1_697' title='bbox 1923 4796 2333 4863; x_wconf 84' lang='lat' dir='ltr'><strong>explicationem</strong></span> <span class='ocrx_word' id='word_1_698' title='bbox 2375 4795 2514 4860; x_wconf 86' lang='lat' dir='ltr'><strong>ejus,</strong></span> <span class='ocrx_word' id='word_1_699' title='bbox 2567 4804 2624 4846; x_wconf 87' lang='lat' dir='ltr'><strong>ut</strong></span> <span class='ocrx_word' id='word_1_700' title='bbox 2674 4810 2885 4848; x_wconf 82' lang='lat' dir='ltr'><strong>sacrum</strong></span> <span class='ocrx_word' id='word_1_701' title='bbox 2933 4809 3152 4848; x_wconf 77' lang='lat' dir='ltr'><strong>examen</strong></span> <span class='ocrx_word' id='word_1_702' title='bbox 3209 4795 3311 4846; x_wconf 81' lang='lat' dir='ltr'><strong>Ec-</strong></span> 
     </span>
    </p>
   </div>
   <div class='ocr_carea' id='block_1_108' title="bbox 1764 4881 3306 4950">
    <p class='ocr_par' dir='ltr' id='par_1_108' title="bbox 1764 4881 3306 4950">
     <span class='ocr_line' id='line_1_108' title="bbox 1764 4881 3306 4950; baseline -0.002 -14"><span class='ocrx_word' id='word_1_703' title='bbox 1764 4885 1945 4938; x_wconf 73' lang='lat' dir='ltr'><strong>clesia:</strong></span> <span class='ocrx_word' id='word_1_704' title='bbox 1974 4894 2144 4937; x_wconf 87' lang='lat' dir='ltr'><strong>semet</strong></span> <span class='ocrx_word' id='word_1_705' title='bbox 2170 4893 2417 4936; x_wconf 83' lang='lat' dir='ltr'><strong>exerceat</strong></span> <span class='ocrx_word' id='word_1_706' title='bbox 2446 4898 2538 4950; x_wconf 90' lang='lat' dir='ltr'><strong>per</strong></span> <span class='ocrx_word' id='word_1_707' title='bbox 2567 4885 2996 4950; x_wconf 79' lang='lat' dir='ltr'><strong>evangelicarum</strong></span> <span class='ocrx_word' id='word_1_708' title='bbox 3027 4881 3306 4936; x_wconf 79' lang='lat' dir='ltr'><strong>doctrina-</strong></span> 
     </span>
    </p>
   </div>
   <div class='ocr_carea' id='block_1_109' title="bbox 1769 4973 3307 5041">
    <p class='ocr_par' dir='ltr' id='par_1_109' title="bbox 1769 4973 3307 5041">
     <span class='ocr_line' id='line_1_109' title="bbox 1769 4973 3307 5041; baseline -0.001 -14"><span class='ocrx_word' id='word_1_709' title='bbox 1769 4990 1884 5027; x_wconf 91' lang='lat' dir='ltr'><strong>rum</strong></span> <span class='ocrx_word' id='word_1_710' title='bbox 1965 4974 2186 5036; x_wconf 76' lang='lat' dir='ltr'><strong>l&#39;avnm,</strong></span> <span class='ocrx_word' id='word_1_711' title='bbox 2269 4975 2492 5027; x_wconf 87' lang='lat' dir='ltr'><strong>stimulo</strong></span> <span class='ocrx_word' id='word_1_712' title='bbox 2563 4973 2842 5041; x_wconf 85' lang='lat' dir='ltr'><strong>caliginem</strong></span> <span class='ocrx_word' id='word_1_713' title='bbox 2928 4974 3307 5036; x_wconf 86' lang='lat' dir='ltr'><strong>illuminante;</strong></span> 
     </span>
    </p>
   </div>
   <div class='ocr_carea' id='block_1_110' title="bbox 1764 5066 3305 5135">
    <p class='ocr_par' dir='ltr' id='par_1_110' title="bbox 1764 5066 3305 5135">
     <span class='ocr_line' id='line_1_110' title="bbox 1764 5066 3305 5135; baseline -0.001 -16"><span class='ocrx_word' id='word_1_714' title='bbox 1764 5082 1966 5135; x_wconf 87' lang='lat' dir='ltr'><strong>perque</strong></span> <span class='ocrx_word' id='word_1_715' title='bbox 1999 5069 2099 5120; x_wconf 89' lang='lat' dir='ltr'><strong>mel</strong></span> <span class='ocrx_word' id='word_1_716' title='bbox 2133 5068 2550 5135; x_wconf 87' lang='lat' dir='ltr'><strong>apostolieorum</strong></span> <span class='ocrx_word' id='word_1_717' title='bbox 2580 5069 2925 5135; x_wconf 89' lang='lat' dir='ltr'><strong>scriptorum,</strong></span> <span class='ocrx_word' id='word_1_718' title='bbox 2958 5066 3097 5133; x_wconf 88' lang='lat' dir='ltr'><strong>quod</strong></span> <span class='ocrx_word' id='word_1_719' title='bbox 3124 5066 3305 5119; x_wconf 53' lang='lat' dir='ltr'><strong>dulce.</strong></span> 
     </span>
    </p>
   </div>
   <div class='ocr_carea' id='block_1_111' title="bbox 1764 5155 3302 5223">
    <p class='ocr_par' dir='ltr' id='par_1_111' title="bbox 1764 5155 3302 5223">
     <span class='ocr_line' id='line_1_111' title="bbox 1764 5155 3302 5223; baseline -0.003 -14"><span class='ocrx_word' id='word_1_720' title='bbox 1764 5158 1941 5210; x_wconf 83' lang='lat' dir='ltr'><strong>dinem</strong></span> <span class='ocrx_word' id='word_1_721' title='bbox 1979 5159 2175 5211; x_wconf 82' lang='lat' dir='ltr'><strong>ﬁnibus</strong></span> <span class='ocrx_word' id='word_1_722' title='bbox 2225 5158 2378 5210; x_wconf 90' lang='lat' dir='ltr'><strong>orbis</strong></span> <span class='ocrx_word' id='word_1_723' title='bbox 2421 5169 2680 5211; x_wconf 89' lang='lat' dir='ltr'><strong>terrarum</strong></span> <span class='ocrx_word' id='word_1_724' title='bbox 2714 5155 2904 5218; x_wconf 77' lang='lat' dir='ltr'><strong>oﬂert;</strong></span> <span class='ocrx_word' id='word_1_725' title='bbox 2941 5169 3000 5208; x_wconf 87' lang='lat' dir='ltr'><strong>ac</strong></span> <span class='ocrx_word' id='word_1_726' title='bbox 3053 5170 3143 5223; x_wconf 89' lang='lat' dir='ltr'><strong>per</strong></span> <span class='ocrx_word' id='word_1_727' title='bbox 3181 5170 3302 5206; x_wconf 79' lang='lat' dir='ltr'><strong>nar.</strong></span> 
     </span>
    </p>
   </div>
   <div class='ocr_carea' id='block_1_112' title="bbox 1766 5243 3301 5314">
    <p class='ocr_par' dir='ltr' id='par_1_112' title="bbox 1766 5243 3301 5314">
     <span class='ocr_line' id='line_1_112' title="bbox 1766 5243 3301 5314; baseline -0.004 -16"><span class='ocrx_word' id='word_1_728' title='bbox 1766 5247 2003 5299; x_wconf 89' lang='lat' dir='ltr'><strong>rationes</strong></span> <span class='ocrx_word' id='word_1_729' title='bbox 2050 5247 2278 5313; x_wconf 83' lang='lat' dir='ltr'><strong>denique</strong></span> <span class='ocrx_word' id='word_1_730' title='bbox 2323 5246 2388 5297; x_wconf 89' lang='lat' dir='ltr'><strong>de</strong></span> <span class='ocrx_word' id='word_1_731' title='bbox 2437 5245 2760 5314; x_wconf 76' lang='lat' dir='ltr'><strong>martyribus</strong></span> <span class='ocrx_word' id='word_1_732' title='bbox 2793 5259 2912 5311; x_wconf 71' lang='lat' dir='ltr'><strong>qua:</strong></span> <span class='ocrx_word' id='word_1_733' title='bbox 2961 5243 3301 5294; x_wconf 39' lang='lat' dir='ltr'><strong>administrat</strong></span> 
     </span>
    </p>
   </div>
   <div class='ocr_carea' id='block_1_113' title="bbox 1762 5332 3295 5402">
    <p class='ocr_par' dir='ltr' id='par_1_113' title="bbox 1762 5332 3295 5402">
     <span class='ocr_line' id='line_1_113' title="bbox 1762 5332 3295 5402; baseline -0.003 -14"><span class='ocrx_word' id='word_1_734' title='bbox 1762 5338 1961 5402; x_wconf 80' lang='lat' dir='ltr'><strong>tionem</strong></span> <span class='ocrx_word' id='word_1_735' title='bbox 2013 5336 2066 5388; x_wconf 90' lang='lat' dir='ltr'><strong>in</strong></span> <span class='ocrx_word' id='word_1_736' title='bbox 2099 5351 2259 5389; x_wconf 87' lang='lat' dir='ltr'><strong>carne</strong></span> <span class='ocrx_word' id='word_1_737' title='bbox 2287 5337 2486 5389; x_wconf 86' lang='lat' dir='ltr'><strong>Christi</strong></span> <span class='ocrx_word' id='word_1_738' title='bbox 2527 5335 2728 5402; x_wconf 87' lang='lat' dir='ltr'><strong>Deique</strong></span> <span class='ocrx_word' id='word_1_739' title='bbox 2757 5335 2924 5386; x_wconf 86' lang='lat' dir='ltr'><strong>nostri</strong></span> <span class='ocrx_word' id='word_1_740' title='bbox 2957 5332 3295 5400; x_wconf 83' lang='lat' dir='ltr'><strong>atnplilicant.</strong></span> 
     </span>
    </p>
   </div>
   <div class='ocr_carea' id='block_1_114' title="bbox 1764 5422 3302 5491">
    <p class='ocr_par' dir='ltr' id='par_1_114' title="bbox 1764 5422 3302 5491">
     <span class='ocr_line' id='line_1_114' title="bbox 1764 5422 3302 5491; baseline -0.003 -15"><span class='ocrx_word' id='word_1_741' title='bbox 1764 5424 1995 5490; x_wconf 82' lang='lat' dir='ltr'><strong>Ideoque</strong></span> <span class='ocrx_word' id='word_1_742' title='bbox 2066 5431 2283 5491; x_wconf 75' lang='lat' dir='ltr'><strong>propter</strong></span> <span class='ocrx_word' id='word_1_743' title='bbox 2338 5440 2426 5476; x_wconf 68' lang='lat' dir='ltr'><strong>sex</strong></span> <span class='ocrx_word' id='word_1_744' title='bbox 2482 5423 2600 5476; x_wconf 78' lang='lat' dir='ltr'><strong>illus</strong></span> <span class='ocrx_word' id='word_1_745' title='bbox 2663 5422 2880 5474; x_wconf 82' lang='lat' dir='ltr'><strong>Davidis</strong></span> <span class='ocrx_word' id='word_1_746' title='bbox 2941 5423 3194 5488; x_wconf 80' lang='lat' dir='ltr'><strong>psalmos,</strong></span> <span class='ocrx_word' id='word_1_747' title='bbox 3250 5428 3302 5472; x_wconf 88' lang='lat' dir='ltr'><strong>et</strong></span> 
     </span>
    </p>
   </div>
   <div class='ocr_carea' id='block_1_115' title="bbox 1760 5511 3300 5582">
    <p class='ocr_par' dir='ltr' id='par_1_115' title="bbox 1760 5511 3300 5582">
     <span class='ocr_line' id='line_1_115' title="bbox 1760 5511 3300 5582; baseline -0.001 -17"><span class='ocrx_word' id='word_1_748' title='bbox 1760 5515 2019 5582; x_wconf 84' lang='lat' dir='ltr'><strong>reliquos,</strong></span> <span class='ocrx_word' id='word_1_749' title='bbox 2080 5517 2170 5581; x_wconf 90' lang='lat' dir='ltr'><strong>qui</strong></span> <span class='ocrx_word' id='word_1_750' title='bbox 2227 5515 2445 5567; x_wconf 88' lang='lat' dir='ltr'><strong>assidue</strong></span> <span class='ocrx_word' id='word_1_751' title='bbox 2495 5515 2547 5565; x_wconf 89' lang='lat' dir='ltr'><strong>in</strong></span> <span class='ocrx_word' id='word_1_752' title='bbox 2604 5512 2986 5580; x_wconf 71' lang='lat' dir='ltr'><strong>glorificatione</strong></span> <span class='ocrx_word' id='word_1_753' title='bbox 3044 5511 3300 5564; x_wconf 82' lang='lat' dir='ltr'><strong>matutina</strong></span> 
     </span>
    </p>
   </div>
   <div class='ocr_carea' id='block_1_116' title="bbox 1757 5598 3299 5669">
    <p class='ocr_par' dir='ltr' id='par_1_116' title="bbox 1757 5598 3299 5669">
     <span class='ocr_line' id='line_1_116' title="bbox 1757 5598 3299 5669; baseline -0.001 -17"><span class='ocrx_word' id='word_1_754' title='bbox 1757 5611 2021 5654; x_wconf 82' lang='lat' dir='ltr'><strong>canuntur</strong></span> <span class='ocrx_word' id='word_1_755' title='bbox 2068 5612 2191 5654; x_wconf 86' lang='lat' dir='ltr'><strong>ante</strong></span> <span class='ocrx_word' id='word_1_756' title='bbox 2245 5601 2664 5669; x_wconf 78' lang='lat' dir='ltr'><strong>hagiopolitatn;</strong></span> <span class='ocrx_word' id='word_1_757' title='bbox 2717 5609 2770 5650; x_wconf 87' lang='lat' dir='ltr'><strong>et</strong></span> <span class='ocrx_word' id='word_1_758' title='bbox 2807 5608 3023 5666; x_wconf 84' lang='lat' dir='ltr'><strong>propter</strong></span> <span class='ocrx_word' id='word_1_759' title='bbox 3052 5613 3167 5659; x_wconf 88' lang='lat' dir='ltr'><strong>eos,</strong></span> <span class='ocrx_word' id='word_1_760' title='bbox 3206 5598 3299 5663; x_wconf 84' lang='lat' dir='ltr'><strong>qui</strong></span> 
     </span>
    </p>
   </div>
   <div class='ocr_carea' id='block_1_117' title="bbox 1757 5689 3298 5758">
    <p class='ocr_par' dir='ltr' id='par_1_117' title="bbox 1757 5689 3298 5758">
     <span class='ocr_line' id='line_1_117' title="bbox 1757 5689 3298 5758; baseline -0.003 -16"><span class='ocrx_word' id='word_1_761' title='bbox 1757 5706 1854 5757; x_wconf 84' lang='lat' dir='ltr'><strong>pro</strong></span> <span class='ocrx_word' id='word_1_762' title='bbox 1886 5705 2028 5745; x_wconf 87' lang='lat' dir='ltr'><strong>more</strong></span> <span class='ocrx_word' id='word_1_763' title='bbox 2083 5700 2368 5753; x_wconf 81' lang='lat' dir='ltr'><strong>canuntur,</strong></span> <span class='ocrx_word' id='word_1_764' title='bbox 2414 5707 2532 5742; x_wconf 73' lang='lat' dir='ltr'><strong>(tum</strong></span> <span class='ocrx_word' id='word_1_765' title='bbox 2568 5705 2653 5742; x_wconf 76' lang='lat' dir='ltr'><strong>res</strong></span> <span class='ocrx_word' id='word_1_766' title='bbox 2698 5689 2874 5740; x_wconf 76' lang='lat' dir='ltr'><strong>divina</strong></span> <span class='ocrx_word' id='word_1_767' title='bbox 2916 5691 3198 5758; x_wconf 69' lang='lat' dir='ltr'><strong>pet-agitur,</strong></span> <span class='ocrx_word' id='word_1_768' title='bbox 3247 5698 3298 5738; x_wconf 74' lang='lat' dir='ltr'><strong>et</strong></span> 
     </span>
    </p>
   </div>
  </div>
