3906 6334
490 356 630 422 1083

1705 355 1982 417 THEOD.
2015 354 2497 414 BALSAMONIS

3602 349 3756 412 1035

561 471 627 527 ν.
669 471 947 540 Expositio
996 471 1118 524 fidei
1161 471 1494 534 orthodoxae,
1546 480 1705 537 atque
1753 469 2061 524 exsecratio

2246 468 2324 521 Ε.
2355 469 2609 530 Ἔκθεσις
2631 468 2729 536 τῆς
2758 467 3033 537 όρῦοδόξου
3061 467 3318 529 πίστεως,
3347 464 3443 516 καὶ
3477 460 3765 527 ἀναθεμα-

493 564 724 620 Nestorii
758 573 809 619 et
838 563 1115 632 Eutyt-iiis,
1153 573 1263 617 tum
1292 564 1433 630 quod
1463 564 1521 627 ii,
1552 565 1639 633 qui
1687 578 1809 617 cum
1840 564 1917 616 eis
1944 578 2068 616 sen-

2208 565 2361 631 ισμδς
2392 563 2685 630 Εὗτυχοῦς,
2719 564 2812 615 καὶ
2844 562 3157 630 Νεστορίου,
3192 561 3287 614 καὶ
3307 561 3393 612 δτι
3417 558 3466 611 οἱ
3486 557 3767 628 φρονοῦν-

497 660 654 720 tinnt,
694 656 930 709 hmrctici
959 659 1087 719 sint,
1125 666 1179 709 et
1216 657 1567 722 eaStigentur.

572 748 659 803 Vl.
706 749 910 802 Similis
933 750 1246 802 orthodoxae
1272 749 1391 801 ﬁdei
1415 748 1706 816 expositio,
1731 758 1783 802 et
1806 747 2070 818 Eutychis

498 853 660 906 atque
688 841 1000 905 Apollinarii
1034 842 1358 895 exsecratio.

570 932 683 987 Vll.
727 933 930 985 Similis
952 943 1035 986 est
1069 932 1385 995 prteretiettli
1416 932 1687 1001 recipiens
1716 941 1900 986 sancta
1934 944 2071 999 qua-

502 1036 623 1080 tuor
675 1026 927 1087 coneilia,
956 1034 1010 1078 et
1044 1026 1522 1078 anathematismos
1558 1040 1621 1078 ac
1671 1026 2073 1094 segregationes

504 1118 570 1170 ab
599 1118 678 1171 eis
716 1116 1081 1184 promulgatas
1126 1116 1472 1169 centirmans.
1528 1114 1672 1169 Inter
1720 1124 1913 1170 caetera
1943 1113 2075 1167 dicit

480 1206 735 1274 primum
783 1219 902 1259 esse
951 1206 1090 1258 inter
1138 1220 1325 1259 omnes
1374 1204 1683 1258 sacerdotes
1719 1218 1909 1272 papam
1964 1202 2076 1255 Ro-

507 1311 746 1349 manum.

510 1384 747 1451 Epistola
802 1400 947 1450 papt‘B
1002 1387 1070 1438 ad
1113 1384 1498 1447 Justiniauum,
1551 1386 1817 1438 continens
1860 1400 1921 1437 ea
1962 1401 2078 1453 qua

574 1479 641 1527 ab
672 1493 729 1529 eo
776 1479 969 1544 scripta
1013 1487 1133 1529 sunt
1177 1479 1239 1529 de
1283 1478 1385 1542 ﬁde
1426 1477 1740 1539 orthodoxa,
1789 1491 1903 1545 qua
1956 1476 2077 1529 huic

581 1564 816 1630 epistola:
850 1566 1223 1630 subjiciuntur.

1024 1741 1098 1793 De
1129 1742 1419 1794 orthodoxa
1448 1742 1569 1808 ﬁde.

583 1833 646 1886 Et
682 1833 755 1885 ita
789 1846 843 1884 se
871 1832 1068 1885 habet:

585 1924 879 1991 Imperator
926 1922 1264 1976 Justinianus
1311 1926 1597 1990 Augustus.
1659 1924 1792 1976 Cum
1855 1934 1998 1978 recta
2027 1934 2082 1979 et

515 2016 951 2084 reprehensionis
973 2028 1165 2079 expers
1196 2015 1349 2079 ﬁdes,
1378 2031 1535 2081 quam
1568 2017 1823 2084 praedicat
1851 2019 2082 2071 sanctis—

517 2110 648 2160 sima
705 2107 797 2159 Dei
848 2106 1112 2158 catholica
1172 2116 1223 2159 et
1275 2107 1564 2173 apostolica
1626 2106 1885 2173 Ecclesia,
1938 2107 2083 2161 nullo

522 2198 677 2249 modo
710 2198 1042 2249 novatiouem
1070 2197 1340 2257 admittat,
1377 2212 1471 2251 nos
1506 2208 1816 2251 sanctorum
1871 2208 2084 2265 aposto-

522 2288 716 2349 lorum,
783 2295 836 2339 et
899 2301 1105 2347 eorum,
1157 2289 1245 2356 qui
1301 2298 1422 2355 post
1476 2303 1567 2342 eos
1618 2289 1669 2341 in
1733 2290 1934 2343 sanctis
1994 2290 2085 2345 Dei

537 2376 793 2431 Ecelesiis
850 2377 1166 2444 spectabiles
1222 2377 1394 2443 fuere,
1449 2380 1696 2447 dogmata
1758 2362 2082 2446 sequentes;

527 2476 669 2521 recte
713 2483 808 2520 nos
841 2466 1075 2521 facturos
1103 2469 1551 2534 existimavimus,
1581 2470 1623 2522 si
1663 2472 1875 2525 eunetis
1907 2474 2086 2524 mani-

519 2559 716 2611 festum
751 2558 1070 2620 faceremus,
1098 2575 1203 2625 quo
1232 2570 1387 2626 pacto
1420 2560 1487 2614 de
1533 2575 1646 2628 spe,
1675 2576 1793 2628 qua:
1821 2562 1870 2614 in
1924 2561 2082 2615 nobis

525 2657 626 2709 est,
661 2646 831 2700 aﬂ'ecti
870 2663 1082 2713 sumus;
1132 2650 1443 2703 insistentes
1494 2651 1731 2719 vestigiis
1775 2650 2080 2705 traditionis

527 2744 580 2787 et
612 2737 966 2789 confessionis
1010 2749 1209 2789 sanctae
1248 2738 1335 2790 Dei
1370 2739 1644 2793 catholicae
1686 2751 1845 2807 atque
1876 2749 2090 2806 aposto-

530 2821 643 2873 liea:
691 2820 958 2874 Ecclesiae.
1019 2821 1223 2889 Quippe
1278 2825 1556 2877 credentes
1616 2825 1668 2877 in
1723 2824 1981 2886 Patrem,
2036 2833 2091 2878 et

530 2908 746 2973 l‘ilium,
784 2921 837 2963 et
872 2913 1126 2978 Spiritum
1174 2922 1442 2976 sanctmn,
1500 2929 1657 2965 uuam
1712 2916 2001 2968 essentiam
2033 2915 2087 2968 in

536 3005 704 3056 tribus
751 3006 991 3071 personis
1050 3005 1359 3068 adoramus,
1404 3021 1562 3058 unam
1616 3006 1887 3069 deitatem,
1926 3020 2088 3059 unam

536 3105 869 3161 potestatem,
903 3094 1215 3147 Trinitatem
1250 3096 1405 3148 unius
1439 3099 1705 3149 essentia.
1740 3096 1793 3148 In
1828 3095 2089 3149 estremis

533 3196 707 3239 autem
768 3187 955 3239 diebus
1000 3187 1317 3238 confitemur
1359 3187 1687 3254 unigenitum
1736 3187 1821 3239 Dei
1876 3187 2089 3252 Filium,

541 3278 701 3331 Deum
724 3279 788 3330 de
810 3274 940 3338 Deo,
966 3288 1087 3329 ante
1110 3280 1301 3331 St£Cllia
1315 3287 1365 3330 et
1389 3279 1502 3331 sine
1518 3287 1755 3345 tempore
1772 3280 2012 3346 genitum
2030 3294 2095 3331 ex

538 3368 716 3430 Patre,
742 3368 883 3421 Patri
910 3378 1253 3431 comternum,
1270 3385 1389 3421 eum
1414 3369 1608 3435 ipsum,
1624 3384 1685 3421 ex
1705 3385 1809 3436 quo
1829 3371 2098 3429 omnia,et

539 3473 629 3523 per
652 3474 809 3523 quem
827 3460 1026 3520 omnia,
1053 3461 1358 3524 degressum
1383 3473 1411 3511 e
1429 3460 1599 3518 rtelis,
1629 3460 1961 3513 incarnatum
1981 3476 2100 3515 esse

538 3548 606 3599 de
642 3547 843 3613 Spiritu
892 3558 1096 3604 saneto.
1130 3557 1181 3600 et
1208 3557 1415 3611 sancta,
1456 3550 1681 3618 gloriosa
1736 3563 2100 3619 perpetuaque

541 3635 763 3704 Virgine
797 3634 1055 3703 Maria,et
1085 3638 1353 3693 hominem
1384 3655 1502 3693 esse
1536 3640 1753 3703 factum,
1780 3656 2100 3709 crucemque

544 3729 846 3794 pertulisse,
890 3730 1153 3795 sepultum
1193 3745 1331 3791 esse,
1366 3731 1729 3784 resurrexissc
1771 3732 1855 3784 die
1892 3733 2091 3785 tertio:

538 3820 699 3871 unius
720 3831 773 3871 et
799 3820 1039 3887 ejusdem
1067 3821 1320 3873 miracula
1346 3823 1736 3889 cruciatusque,
1759 3836 1891 3889 quos
1914 3833 2100 3889 sponte

543 3912 595 3964 in
627 3926 789 3964 carne
843 3914 1118 3976 sustinuit,
1152 3924 1521 3979 agnoscentes.
1572 3912 1683 3966 Non
1743 3915 1885 3965 enim
1938 3914 2099 3967 alium

546 4003 707 4054 Deum
732 4002 1064 4065 Sermonem,
1102 4012 1157 4057 et
1187 4003 1346 4055 alium
1372 4003 1643 4057 Christum
1694 4006 1938 4057 novimus
1965 4023 1978 4061 :
2011 4006 2102 4060 sed

544 4107 707 4144 unum
735 4104 786 4146 et
811 4094 1077 4157 eumdem,
1104 4093 1615 4147 consubstantialem
1638 4094 1779 4146 Patri
1808 4097 2099 4149 secundum

545 4184 903 4246 divinitatem,
925 4194 979 4235 et
1001 4186 1243 4237 eumdem
1273 4185 1429 4237 nobis
1473 4186 1987 4239 consubstantialem
2014 4201 2101 4239 se-

548 4278 780 4328 cundum
816 4276 1224 4330 humanitatem.
1255 4277 1461 4345 Quippe
1486 4278 1727 4331 Trinitas
1763 4279 1959 4331 mansit
1983 4277 2101 4331 Tri-

548 4367 711 4431 nitas,
734 4369 891 4421 etiam
929 4379 1049 4436 post
1084 4370 1416 4422 incarnatum
1446 4371 1607 4423 Deum
1643 4369 1978 4434 Sermonem,
2011 4371 2101 4439 qui

2174 672 2266 716 τες
2295 656 2363 707 τὰ
2393 656 2573 706 αὐτῶν
2596 654 2861 723 αίρετικοί
2896 654 3022 716 είσι,
3056 654 3148 704 καὶ
3187 648 3649 720 σωφρονίζονται.

2248 746 2338 813 ς’.
2400 746 2593 814 Ὀμοία
2646 746 2860 808 ἔκθεσις
2895 746 2993 811 τῆς
3035 744 3315 812 ὀρθοδόξου
3348 744 3612 805 πίστεως,
3664 745 3771 794 καὶ

2175 836 2615 904 ἁναθεματισμὸς
2660 836 2931 904 Εὑτυχοῦς
2966 837 3057 889 καὶ
3102 835 3538 899 Ἀπολ).ιναρξου.

2247 930 2318 981 Z’.
2366 927 2560 996 Ὁμοία
2586 928 2684 995 τῆς
2711 931 2818 996 πρὸ
2845 928 3035 995 αὐτῆς,
3066 928 3437 995 ἀποδεχομένη
3470 926 3570 986 τὰς
3597 927 3772 992 ἁγία-ς

2179 1019 2448 1083 συνόδους,
2476 1022 2570 1071 καὶ
2605 1018 2900 1087 βεϐαιοῦσα
2930 1020 3054 1079 τοὺς
3086 1018 3213 1088 παρ’
3254 1018 3437 1070 αὐτῶν
3470 1018 3767 1084 ἀναθεμα-

2177 1112 2407 1178 τισμοὺς
2450 1111 2545 1162 καὶ
2580 1111 2936 1179 ἁφορισμούς.
2985 1112 3120 1177 Φησὶ
3161 1107 3216 1161 δὲ
3255 1112 3337 1163 ὅτι
3377 1107 3601 1179 πρῶτος
3645 1108 3773 1159 ἐστι

2179 1202 2394 1254 πάντων
2428 1203 2535 1254 τῶν
2565 1203 2752 1271 ίερέων
2783 1206 2809 1256 ὁ
2848 1204 3077 1265 πάππας
3103 1199 3343 1270 Ῥώμης.

2190 1379 2513 1445 Ἐπιστολὴ
2545 1379 2651 1432 τοῦ
2679 1379 2895 1433 πάππα
2933 1382 3080 1446 πρὸς
3117 1378 3584 1439 ’Iovo'ttrtardr,
3626 1376 3776 1429 ὀπο-

2250 1472 2544 1538 ὃεχομένη
2578 1469 2651 1521 τὰ
2682 1470 2817 1535 παρ’
2841 1470 3027 1523 αὐτοῦ
3076 1469 3210 1535 περὶ
3268 1466 3378 1534 τῆς
3437 1463 3775 1532 ὀρθοδὸξιτυ

2253 1563 2511 1626 πίστεως
2573 1562 2896 1629 γραφέντα,
2952 1561 2989 1616 d
3046 1560 3121 1629 τῇ
3184 1556 3490 1624 ἐπιστολῇ
3550 1554 3775 1611 ὑποτέ-

2257 1670 2365 1707 tax
2375 1670 2486 1707 ται.

2505 1744 2641 1811 Περὶ
2668 1744 2780 1811 τῆς
2808 1742 3133 1808 ὀρθοδόξου
3163 1740 3446 1804 πίστεως.

2112 1802 2159 1861 Β
2260 1836 2368 1887 Καὶ
2402 1834 2514 1903 ἔχει
2550 1802 2908 1904 ῥητὸνοῦτως
2939 1849 2953 1865 ⁶

2260 1925 2628 1994 Αὐτοκράτωρ
2677 1922 3049 1983 Ἰουστινιανὸς
3088 1921 3415 1987 Αὔγουστος.
3450 1919 3568 1985 Τῆς
3603 1917 3778 1987 ὀρθῆς

2188 2018 2281 2069 καὶ
2320 2014 2624 2083 ἀμωμήτου
2672 2014 2929 2073 πίστεως,
2978 2012 3151 2081 ἥνπερ
3205 2008 3470 2078 κηρύττει
3518 2008 3552 2075 ἡ
3600 2006 3776 2071 ἁγιω-

2190 2108 2326 2177 τὰτη
2354 2107 2446 2161 τοῦ
2480 2106 2615 2159 Θεοῦ
2642 2105 2907 2175 καθολικὴ
2937 2105 3030 2157 καὶ
3060 2102 3390 2169 ἀποστολικὴ
3441 2100 3773 2167 Ἐκκλησ³α,

2190 2200 2308 2253 κατ’
2347 2200 2534 2252 οὐδένα
2577 2198 2773 2266 τρόπον
2819 2198 3107 2264 καινισμὸν
3156 2194 3484 2263 δεξαμένης,
3539 2190 3775 2243 ἀκολου-

2192 2290 2415 2349 θοῦντες
2455 2292 2611 2357 ἡμεῖς
2646 2293 2754 2352 τοῖς
2792 2288 2900 2340 τῶν
2937 2288 3106 2354 ἁγίων
3144 2286 3497 2347 (immolavi,
3540 2285 3639 2336 καὶ
3666 2282 3779 2335 τῶν

2197 2383 2316 2449 μετ’
2348 2380 2589 2441 ἐκείνους
2614 2377 3030 2446 ’διαπρεψάντων
3062 2380 3119 2429 ὲν
3146 2378 3265 2434 ταῖς
3291 2376 3474 2441 ἁγίαις
3508 2374 3605 2426 τοῦ
3636 2372 3774 2425 Θεοῦ

2202 2472 2547 2541 Ἐκκλησίαις
2569 2472 2881 2540 διδάγμασι,
2905 2470 3111 2523 δίκαιον
3135 2469 3396 2539 ᾠήθημεν
3415 2468 3596 2520 ἅπασι
3622 2466 3780 2533 ποιῆ-

2193 2580 2281 2616 σαι
2314 2563 2569 2631 φανερὸν,
2594 2564 2740 2625 ὅπως
2767 2563 2961 2632 ἔχομεν
2991 2562 3120 2630 περὶ
3146 2560 3246 2627 τῆς
3282 2561 3337 2612 ιν
3372 2561 3506 2629 ἡμῖν
3533 2558 3776 2617 ἐλπίδος,

2193 2655 2615 2713 ἀκολουθοῦντες
2644 2659 2709 2725 τῇ
2744 2655 3039 2724 παραδόσει
3066 2651 3159 2705 καὶ
3188 2650 3449 2718 ὁμολογίᾳ
3480 2649 3581 2715 τῆς
3611 2648 3777 2713 ἁγίας

2194 2747 2288 2800 τοῦ
2333 2746 2465 2799 Θεοῦ
2508 2747 2796 2814 καθολικῆς
2845 2746 2938 2797 καὶ
2989 2742 3358 2806 ἁποστολικῆς
3417 2740 3774 2806 Ἐκκλησίας.

2196 2839 2547 2897 Πιστεύοντες
2601 2837 2707 2905 γὰρ
2758 2838 2837 2894 εἰς
2887 2836 3105 2904 Πατέρα
3157 2835 3251 2886 καὶ
3297 2834 3422 2885 Υίὸν
3474 2833 3569 2884 καὶ
3620 2831 3777 2897 ἅγιον

2194 2927 2441 2995 Πνεῦμα,
2483 2928 2609 2994 μίαν
2647 2925 2835 2979 οὐσίαν
2866 2926 2924 2977 ὲν
2952 2927 3132 2994 τρισὶν
3165 2924 3506 2977 ὑποστάσεσι
3530 2939 3778 2985 προσκυ-

2196 3018 2393 3084 νοῦμεν
2426 3033 2439 3046 ·
2470 3018 2598 3085 μίαν
2628 3017 2877 3085 θεότητα,
2907 3017 3035 3083 μίαν
3061 3016 3311 3081 δύναμιν,
3344 3014 3557 3081 Τριάδα
3581 3014 3778 3080 ὁμοσύ-

2197 3126 2327 3161 σιον.
2372 3109 2493 3160 Ἐπ’
2524 3109 2767 3178 ἐσχάτων
2801 3109 2855 3161 δὲ
2885 3108 2992 3160 τῶν
3019 3109 3240 3177 ἡμερῶν
3274 3108 3652 3174 ὁμολογοῦμεν
3683 3109 3771 3158 τὸν

2208 3201 2475 3269 μονογενῆ
2514 3199 2640 3252 Υίὸν
2677 3199 2770 3252 τοῦ
2804 3199 2934 3252 Θεοῦ
2969 3199 3059 3255 τὸν
3094 3199 3157 3250 ὲκ
3185 3199 3317 3251 Θεοῦ
3346 3200 3511 3258 Θεὸν,
3540 3200 3633 3251 τὸν
3666 3199 3771 3265 πρὸ

2205 3291 2415 3345 αίώνων
2439 3293 2529 3343 καὶ
2561 3290 2800 3357 ἁχρόνως
2828 3290 2890 3341 ὲκ
2923 3289 3015 3341 τοῦ
3048 3289 3258 3357 Πατρὸς
3290 3290 3647 3356 γεννηθέντα,
3681 3289 3770 3341 τὸν

2212 3382 2482 3435 συναῖδιον
2520 3381 2598 3448 τῷ
2620 3382 2818 3448 Πατρὶ,
2838 3380 2929 3433 τὸν
2964 3379 3022 3443 ἐξ
3054 3380 3117 3432 οὒ
3143 3380 3210 3432 τά
3249 3380 3425 3431 πάντα
3444 3422 3457 3443 ,
3484 3380 3581 3432 xui
3607 3380 3680 3431 δι’
3709 3372 3767 3429 οὗ

2206 3473 2272 3525 τὰ
2302 3472 2497 3534 πάντα,
2530 3471 2859 3523 κατελθόντα
2887 3472 2948 3523 ὲκ
2978 3471 3088 3521 τῶν
3115 3471 3379 3539 οὐρανῶν,
3414 3470 3770 3538 σαρκωθῆναι

2208 3565 2270 3615 ὲκ
2300 3564 2613 3629 Πνεῦματος
2641 3562 2819 3629 ἁγίου,
2847 3561 2940 3613 καὶ
2972 3562 3071 3630 τῆς
3104 3563 3266 3626 ἁγίας
3292 3563 3507 3627 ἐνδόξου
3542 3568 3637 3615 καὶ
3663 3566 3777 3616 ﬁst-

2208 3651 2477 3721 παρθένου
2520 3651 2758 3720 Μαρίας,
2808 3652 2899 3703 καὶ
2938 3651 3375 3720 ὲνανθρωπῆσαι,
3435 3655 3675 3721 σταυρόν
3717 3671 3770 3705 τε

2208 3745 2533 3811 ὑπομεῖναι,
2585 3741 2822 3809 ταφῆναί
2872 3759 2929 3793 τε
2987 3744 3082 3795 καὶ
3142 3744 3439 3809 ἀναστῆναι
3492 3747 3561 3813 τῇ
3617 3744 3774 3813 τρίτη

2210 3835 2388 3905 ἡμέρᾳ
2407 3851 2424 3867 ο
2474 3835 2590 3896 ἐνὸς
2643 3834 2736 3885 καὶ
2760 3833 2853 3885 τοῦ
2881 3832 3043 3887 αὐτοῦ
3094 3834 3158 3886 τά
3184 3850 3243 3886 τε
3292 3834 3551 3900 θαύματα
3579 3836 3679 3888 καὶ
3709 3834 3772 3886 τά

2210 3925 2355 3992 πάθη
2378 3966 2391 3987 ,
2421 3926 2562 3992 ἅπερ
2592 3924 2850 3985 ἑκουσίως
2875 3926 3133 3990 ὑπέμεινε
3156 3927 3320 3991 σαρκὶ
3338 3967 3351 3982 .
3382 3924 3767 3991 γινώσκοντες.

2210 4017 2284 4068 Οὐ
2314 4016 2421 4083 γάρ
2441 4016 2595 4067 ἁλλον
2626 4016 2716 4067 τὸν
2746 4016 2873 4067 Θεὸν
2901 4016 3090 4082 Λόγον,
3125 4016 3215 4068 καὶ
3240 4015 3404 4068 ἄλλοεῐ
3416 4018 3510 4068 τὸν
3536 4018 3771 4084 Χριστὸν

2211 4108 2549 4176 ἐπιστάμεθα
2573 4124 2587 4139 ⁸
2635 4106 2747 4159 ἀλλ’
2776 4107 2872 4158 ἕνα
2901 4108 2995 4159 καὶ
3032 4107 3122 4159 τὸν
3172 4108 3332 4160 αὑτὸν
3372 4108 3663 4175 ὀμοούσιον
3702 4109 3771 4176 τῷ

2213 4198 2385 4265 Πατρὶ
2430 4198 2571 4250 κατὰ
2611 4198 2708 4264 τὴν
2755 4198 3001 4265 θεότητα,
3048 4199 3137 4250 καὶ
3177 4196 3458 4264 ὁμοούσιον
3505 4202 3643 4268 ημῖν
3690 4202 3773 4251 τὸν

2213 4289 2373 4343 αὐτὸν
2400 4293 2542 4342 κατὰ
2566 4289 2663 4356 τὴν
2682 4288 3101 4357 ᾓιιθρωπότητα,
3132 4289 3351 4353 Ἔμεινε
3382 4289 3491 4355 γὰρ
3513 4292 3547 4357 ἠ
3578 4290 3762 4357 Τριὰς,

2213 4382 2305 4434 καὶ
2339 4380 2711 4449 σαρκωθέντος
2739 4378 2831 4431 τοῦ
2856 4380 2971 4441 ἑνὸς
3011 4382 3106 4447 τῆς
3133 4380 3357 4447 Τριάδος
3395 4380 3529 4431 Θεοῦ
3557 4383 3769 4447 Λόγου·

548 4469 777 4514 unusest
804 4475 867 4512 ex
898 4458 1176 4513 Trinitate.
1208 4459 1320 4514 Non
1348 4461 1489 4512 enim
1522 4459 1870 4527 adjectionem
1900 4470 2094 4527 quartm

2211 4472 2331 4525 οὔτε
2367 4472 2475 4539 γὰρ
2505 4470 2762 4537 τετάρτου
2792 4469 3084 4539 προσώπου
3122 4470 3434 4538 προσθήιεεην
3468 4472 3773 4540 ἐπιδέχεται

547 4565 790 4618 personas
820 4562 1001 4605 saneta
1036 4551 1270 4604 Trinitas
1299 4551 1554 4604 admittit.
1600 4550 1730 4615 Quae
1780 4566 1897 4603 cum
1932 4552 2001 4603 ita
2046 4566 2103 4605 se

551 4640 804 4704 habeant,
840 4642 1176 4693 anathemate
1210 4642 1528 4693 damnamus
1553 4654 1765 4692 omnem
1795 4650 2016 4701 seetam,
2052 4646 2105 4691 et

551 4735 818 4803 prmeipue
848 4731 1153 4785 Nestorium
1202 4733 1536 4785 adoratorem
1580 4730 1834 4791 hominis,
1871 4730 2108 4783 dividen-

548 4838 660 4882 tem
686 4841 853 4879 unum
876 4825 1019 4878 illum
1043 4824 1323 4877 Dominum
1346 4834 1584 4875 nostrum
1609 4821 1789 4875 Iesum
1808 4821 2105 4883 Christum,

552 4918 647 4973 Dei
696 4917 911 4980 Filium,
965 4915 1235 4983 Deumque
1278 4926 1561 4977 nostrum,
1608 4928 1707 4966 nec
1763 4910 2105 4965 conﬁtentem

554 5012 769 5077 proprie
815 5024 878 5063 ac
921 5008 1216 5062 secundum
1250 5007 1551 5069 veritatem,
1588 5004 1728 5072 quod
1754 5011 1963 5065 sancta,
1993 5002 2107 5069 glo-

557 5104 720 5162 riosa,
758 5110 1016 5171 perpetua
1047 5099 1211 5167 Virgo
1258 5096 1419 5150 Maria
1447 5097 1517 5147 sit
1553 5097 1775 5161 Deipara
1816 5111 1829 5147 :
1873 5094 1963 5146 sed
1997 5102 2109 5144 tra-

555 5195 791 5259 dentem,
831 5197 970 5262 quod
1000 5192 1135 5245 alius
1159 5191 1228 5244 sit
1256 5188 1342 5243 ille
1376 5198 1532 5241 natus
1561 5202 1623 5238 ex
1660 5186 1764 5238 Deo
1791 5185 1947 5237 Patre
1978 5184 2113 5235 Deus

558 5284 773 5349 Sermo,
825 5293 873 5335 et
918 5283 1052 5337 alius
1086 5282 1174 5335 ille
1208 5288 1362 5333 natus
1414 5292 1477 5331 ex
1519 5286 1699 5329 saneta
1750 5283 2115 5341 perpetuaque

558 5375 781 5445 Virgine
813 5374 998 5437 Maria,
1030 5374 1119 5441 qui
1166 5387 1259 5440 per
1289 5370 1514 5439 gratiam
1568 5376 1621 5417 ct
1667 5362 2113 5418 necessitudinem

559 5484 679 5520 tum
733 5467 839 5521 Deo
891 5468 1168 5528 Sermone,
1207 5464 1383 5515 factus
1430 5459 1501 5512 sit
1551 5456 1707 5509 Deus.
1758 5452 1940 5522 Nerine
1987 5468 2114 5507 vero

562 5561 821 5611 duntaxat
874 5558 1053 5621 hunc,
1110 5555 1203 5609 sed
1253 5554 1416 5607 etiam
1465 5558 1641 5602 mento
1690 5557 1903 5615 captum
1968 5546 2114 5598 illum

562 5651 879 5719 Eutycbem,
930 5652 1021 5720 qui
1067 5652 1431 5720 apparentiam
1482 5640 1789 5703 introduc“,
1844 5647 1898 5691 ει
1935 5652 2113 5692 veram

561 5743 711 5802 iiiam
768 5744 1186 5801 incarnationem
1240 5760 1299 5801 ex
1351 5752 1535 5800 sancta
1596 5753 1851 5813 perpetua
1905 5741 2115 5810 Virgine

2209 4565 2241 4632 ἡ
2277 4562 2406 4628 ἁγία
2436 4561 2621 4628 Τριάς.
2660 4560 2877 4612 Τούτων
2920 4560 3098 4612 τοίνυν
3128 4561 3299 4622 οὕτως
3325 4562 3563 4628 ἑχόντων
3591 4603 3606 4623 ,
3649 4565 3769 4615 ἁνα-

2209 4652 2569 4722 θεματίζομεν
2604 4653 2781 4703 πᾶσαν
2810 4650 3038 4720 αἵρεσιν,
3074 4651 3360 4716 ἐξαιρέτοις
3391 4650 3447 4702 δὲ
3477 4651 3767 4721 Νεστόριον

2208 4745 2298 4797 τὸν
2338 4743 2814 4810 ἁνθρωπολάτρην,
2858 4742 2947 4794 τὸν
2973 4742 3278 4809 διαιροῦντα
3302 4743 3391 4795 τὸν
3419 4744 3519 4794 ἕνα
3567 4744 3766 4810 Κύριον

2210 4836 2369 4905 ἡμῶν
2421 4835 2627 4903 Ἰησοῦν
2664 4834 2914 4902 Χριστὸν,
2943 4834 3032 4885 τὸν
3074 4834 3200 4885 Υίὸν
3238 4833 3328 4885 τοῦ
3356 4833 3487 4885 Θεοῦ
3514 4837 3611 4885 καί
3645 4836 3765 4886 Θεὸν

2212 4929 2388 4999 ἡμῶν,
2409 4928 2502 4979 καὶ
2532 4927 2603 4996 μὴ
2626 4926 2983 4993 ὁμολογοῦντα
3006 4925 3209 4991 κυρίως
3238 4927 3329 4977 καὶ
3355 4927 3495 4977 κατὰ
3518 4926 3769 4990 ἀλήθειαν

2212 5020 2310 5088 τὴν
2332 5018 2490 5085 ἁγίαν
2524 5018 2614 5068 καὶ
2642 5015 2848 5079 ἔνδοξον
2872 5015 3224 5082 ἁειπαρθένον
3254 5016 3467 5082 Μαρίαν
3487 5015 3764 5067 Θεοτόκον·

2216 5108 2347 5160 ἀλλὰ
2395 5107 2553 5160 ἄλλον
2589 5106 2686 5171 μὲν
2716 5107 2807 5157 τὸν
2839 5108 2901 5158 ὲκ
2930 5104 3022 5157 τοῦ
3062 5104 3197 5157 Θεοῦ
3228 5107 3438 5172 Πατρὸς
3486 5106 3573 5157 τὸν
3606 5108 3768 5172 Νότον

2215 5198 2473 5265 λέγοντα,
2520 5197 2675 5250 ἄλλον
2743 5196 2799 5248 δὲ
2856 5196 2945 5248 τὸν
2997 5197 3062 5247 ὲκ
3116 5196 3214 5263 τῆς
3271 5197 3430 5263 ἁγίας
3496 5198 3765 5261 Παρθένου

2216 5289 2463 5355 Μαρίας,
2502 5289 2680 5356 χάριτι
2712 5288 2766 5338 δὲ
2799 5287 2890 5338 καὶ
2919 5286 3190 5338 οἰκειώσει
3217 5290 3281 5352 τῇ
3327 5287 3460 5355 πρὸς
3506 5287 3597 5338 τὸν
3650 5290 3767 5339 Θεὸν

2217 5378 2387 5442 Λόγον
2426 5376 2557 5428 Θεὸν
2597 5376 2754 5427 αὐτὸν
2781 5375 3127 5442 γεγενῆσθαι.
3151 5376 3225 5427 Οὐ
3259 5377 3361 5442 μὴν
3395 5375 3482 5436 δὲ,
3517 5378 3655 5429 ἀλλὰ
3692 5376 3767 5431 καὶ

2218 5468 2430 5537 Εὐτυχῆ
2468 5468 2558 5519 τὸν
2607 5465 2964 5535 φρενοδλαὸἦ,
2998 5468 3089 5516 τὸν
3124 5466 3422 5532 φαντασίαν
3454 5467 3765 5531 είσὰγοντι,

2219 5559 2544 5630 ἀρνούμενόν
2568 5574 2628 5610 τι
2648 5560 2743 5625 τὴν
2773 5560 2838 5609 ὲκ
2864 5556 2957 5623 τῆς
2984 5555 3144 5621 ἁγίας
3170 5555 3441 5624 Παρθένου
3464 5558 3559 5607 καὶ
3590 5558 3767 5609 Beat-6-

2224 5672 2316 5705 κου
2358 5651 2568 5720 Μαρίας
2602 5648 2856 5720 ἀληθινὴν
2888 5651 3191 5720 σάρκωσιν,
3220 5647 3466 5701 τουτέστι
3504 5649 3607 5719 τὴν
3650 5650 3765 5718 ἡμε-

2220 5746 2381 5809 τέραν
2429 5742 2719 5811 σωτηρίαν,
2767 5740 2857 5793 καὶ
2905 5742 2979 5811 μὴ
3020 5737 3382 5808 ὁμολογοῦντα
3423 5740 3567 5794 κατὰ
3606 5741 3766 5793 πάντα
