3906 6334
145 351 290 417 1093

1159 367 1499 428 CONSTIT.
1529 370 1830 432 ECCLES.
1880 374 2317 440 COLLECTIO.

3239 388 3379 456 1094

150 472 321 538 Χόγου
345 472 672 542 ἠρνήσαντο.
714 471 812 526 Διὰ
849 475 1010 530 τοῦτο
1034 482 1339 547 γραφικαῖς
1377 481 1710 550 μαρτυρίαις

1818 497 2124 554 perpetuam
2158 488 2431 559 Virginem
2482 491 2746 560 Mariam,
2787 495 3068 565 Deiparam
3118 503 3381 567 praedica-

141 565 207 617 τὸ
236 566 368 619 αύτδ
401 568 556 634 ἅγιον
611 569 840 639 μάθημα
896 571 944 622 οί
981 570 1261 642 εἰρημένοι
1290 571 1433 638 ἁγιοι
1485 571 1561 643 ρν⁸
1600 574 1712 627 Πα-

143 657 310 725 τέρες
330 658 463 711 Θεὸν
492 661 895 727 σαφηνίσαντες
924 663 1263 733 ἐτρὰνωσαν.
1321 665 1494 718 Τοῦτο
1532 667 1625 717 καὶ
1651 666 1708 718 aii

145 747 308 800 ἄλλαι
338 748 548 802 ἁπασαι
580 752 733 817 ἅγιαι
769 753 996 815 σύνοδοι,
1033 756 1306 809 τουτέστιν
1336 759 1368 826 ὴ
1399 760 1457 808 ἐν
1499 756 1712 826 Ἐφέσῳ

143 841 388 908 προτέρα
418 844 512 894 καὶ
552 845 583 911 ή
620 846 678 895 ἐν
704 845 1030 914 Χαλκηδόνι,
1083 848 1150 915 τῇ
1196 849 1336 917 αὐτῇ
1364 849 1550 902 πίστει
1577 851 1712 902 ἁκο-

148 931 513 1000 λουθήσασαι,
548 935 800 997 ἐδέξαντο
821 939 915 989 καὶ
947 937 1244 1006 ἐφύλαξαν,
1277 942 1373 993 καὶ
1422 942 1521 1009 τὴν
1549 942 1711 1008 ἁγίαν

147 1023 363 1090 ἔνδοξον
429 1027 790 1095 ἁειπαρθένον
844 1029 1063 1095 Μαρίαν
1114 1031 1374 1085 θεοτόκον
1415 1034 1709 1103 ἐκήρυξαν,

150 1117 252 1168 καὶ
277 1120 401 1180 τοὺς
430 1119 504 1188 μὴ
537 1119 934 1186 ὁμολογοῦντας
961 1122 1130 1190 αὐτὴν
1155 1125 1421 1177 Θεοτόκον
1445 1126 1601 1178 ἀνεθε
1612 1127 1716 1193 μά-

143 1226 329 1263 τισαν.
383 1210 620 1275 Ὀμοίως
651 1212 710 1264 δέ
759 1213 1162 1282 ἀνεθεμάτισαν
1212 1218 1310 1270 καὶ
1349 1221 1473 1281 τοὺς
1525 1219 1712 1288 ἓτερον

149 1300 485 1370 σύμϐολονῆ
544 1304 699 1370 ἅγιον
729 1305 962 1373 μάθημα
992 1308 1388 1376 παραδιδόντας
1438 1309 1594 1375 παρὰ
1651 1310 1712 1363 τὸ

138 1390 252 1441 ὑπὸ
309 1389 408 1458 μὲν
439 1391 546 1444 τῶν
579 1393 680 1462 τιη⁹
711 1395 883 1460 ἁγίων
910 1396 1166 1467 Πατέρων
1199 1401 1442 1463 ἐκτεθὲν,
1478 1418 1713 1471 σαφηνι-

146 1481 279 1534 σθέν
310 1483 365 1533 δέ
400 1484 494 1535 καὶ
543 1485 822 1553 τρανωθὲν
853 1487 1002 1555 παρὰ
1027 1487 1138 1540 τῶν
1183 1491 1238 1541 ἐν
1260 1491 1429 1562 ταύτῃ
1455 1497 1523 1561 τῇ
1560 1494 1714 1563 βασι-

134 1570 377 1644 λευούσῃ
405 1573 559 1626 πόλει
601 1573 711 1627 τῶν
754 1582 830 1645 ρν¹
877 1576 1046 1643 ἁγίων
1092 1579 1371 1650 Πατέρων.
1401 1584 1566 1652 Καὶή
1613 1584 1714 1652 μὲν

142 1662 206 1713 ἐν
261 1661 471 1732 Ἐφέσῳ
529 1666 772 1734 προτέρα
817 1667 911 1719 τόν
941 1684 1000 1720 τε
1058 1669 1230 1739 ἀσεϐῆ
1275 1672 1572 1742 Νεστόριον
1621 1676 1714 1726 καὶ

139 1755 213 1807 τὰ
260 1754 443 1808 αὐτῶν
501 1757 748 1825 δόγματα
798 1761 1014 1814 καθείλέ
1068 1781 1126 1815 τε
1179 1765 1272 1817 καὶ
1330 1766 1710 1834 ἁνεθεμὰτισε,

146 1849 248 1900 καὶ
282 1849 405 1912 τοὺς
431 1849 499 1903 τὰ
524 1851 690 1904 αὑτοῦ
725 1855 1103 1922 φρονήσαντας
1133 1857 1165 1927 ἢ
1201 1831 1561 1927 φρονοῦντας,
1614 1860 1710 1912 καὶ
1746 1831 1784 1884 Β

145 1939 274 2000 τοὺς
307 1941 736 2005 συναινέσαντας
767 1945 915 2012 αύτῷ
946 1944 977 2012 ἢ
1024 1950 1409 2013 συναινοῦντας
1441 1951 1712 2019 ἁνεθεμά-

140 2042 296 2080 τισεν
325 2041 339 2056 ⁸
378 2029 412 2095 ή
439 2028 498 2081 δέ
538 2029 596 2082 ἐν
619 2030 922 2100 Χαλκηδόνι
952 2034 1085 2102 ἁγία
1117 2037 1336 2100 σύνοδος
1373 2039 1591 2092 καθεῖλέ
1649 2057 1709 2092 τε

145 2117 249 2171 καὶ
306 2119 529 2184 ἐξέϐαλε
580 2122 690 2177 τῶν
722 2124 892 2192 ἁγίων
936 2126 1029 2178 τοῦ
1084 2127 1217 2181 Θεοῦ
1257 2131 1582 2198 ἐκκλησιῶν,
1616 2132 1711 2185 καὶ

142 2209 505 2279 ἀνεθεμάτισε
536 2214 628 2266 καὶ
659 2215 750 2268 τδν
782 2216 958 2287 ἁσεϐἧ
985 2219 1252 2288 Εύτυχέα,
1306 2222 1397 2275 καὶ
1439 2221 1505 2274 τὰ
1543 2221 1708 2276 αὑτοῦ

137 2303 415 2374 δόγματα,
449 2307 541 2358 καὶ
562 2306 690 2369 τοὺς
721 2306 786 2360 τὰ
810 2307 973 2360 αὐτοῦ
993 2312 1366 2378 φρονήσαντας
1391 2312 1424 2381 ἢ
1450 2312 1711 2381 φρονοῦν-

137 2412 272 2461 τας,
314 2401 409 2451 καὶ
439 2400 564 2460 τοὺς
610 2401 1099 2471 συναινέσανταςῆ
1161 2404 1565 2469 συναινοῦντας,
1615 2405 1712 2458 καὶ

145 2493 360 2554 πάντας
383 2493 440 2545 δὲ
474 2493 601 2555 τοὺς
640 2494 980 2564 αίρετικοὺς,
1012 2498 1108 2548 καὶ
1133 2494 1201 2548 τὰ
1237 2495 1417 2550 αὐτῶν
1437 2494 1708 2565 δόγματα,

143 2584 244 2638 καὶ
279 2585 405 2646 τοὺς
438 2585 507 2639 τὰ
532 2586 710 2646 αὐτῶν
740 2589 1122 2657 φρονήσαντας
1152 2588 1185 2658 ἢ
1224 2589 1555 2657 φρονοῦντας
1579 2591 1709 2642 ἁνε-

145 2679 465 2746 θεμὰτισεν.
505 2677 740 2746 Ὁμοίως
780 2681 836 2734 δέ
867 2681 1227 2751 ἁνεθεμὰτισε
1275 2683 1369 2736 καὶ
1416 2683 1711 2754 Νεστόριον

145 2769 253 2826 καὶ
281 2772 350 2824 τὰ
384 2771 550 2826 αὐτοῦ
585 2773 854 2844 δόγματα,
895 2776 992 2828 καὶ
1020 2776 1147 2839 τοὺς
1179 2777 1246 2829 τὰ
1277 2777 1445 2829 αὐτοῦ
1507 2779 1712 2847 φρονή-

148 2880 356 2926 σαντας
380 2865 413 2935 ἢ
447 2866 799 2937 φρονοῦντας,
841 2868 935 2920 καὶ
965 2868 1089 2928 τοὺς
1116 2869 1540 2930 συναινέσαντας
1564 2869 1713 2938 αὐτῷ

147 2959 188 3019 ἢ
222 2959 626 3020 συναινοῦντας.
671 2959 739 3012 Ἦ
768 2960 908 3030 αὐτὴ
932 2960 988 3014 δὲ
1019 2962 1076 3012 ἐν
1106 2960 1412 3030 Χαλκηδόνι
1432 2961 1560 3028 ἁγία
1588 2961 1714 3014 σύν-

146 3049 274 3112 οδος
298 3049 392 3103 καὶ
438 3050 536 3120 τήν
574 3051 669 3104 τοῦ
721 3051 959 3120 μεγάλου
1021 3051 1269 3121 Πρόκλου
1326 3052 1462 3122 πρὸς
1509 3053 1714 3123 Ἀρμει-

1815 585 1963 639 runt,
1989 588 2042 631 et
2072 580 2412 635 anathemate
2456 584 2800 644 damnarunt.
2835 589 2924 653 qui
2960 604 3076 642 eam
3108 604 3212 644 nou
3247 607 3377 645 cou-

1814 668 2095 723 ﬁterentur
2123 687 2242 725 esse
2273 673 2576 738 Deiparam.
2609 677 2977 732 Consimiliter
3005 690 3056 732 et
3087 681 3208 734 illos
3246 697 3376 735 ana-

1815 759 2036 814 themati
2071 763 2435 829 subjeeeruut,
2468 769 2557 830 qui
2581 769 2722 821 aliud
2753 773 3050 839 symbol-nu
3085 789 3369 828 sacrttinve

1813 852 2189 907 documentum
2228 857 2522 919 traderent,
2572 873 2765 924 pi-mter
2801 863 2894 926 id,
2928 867 3068 931 quod
3107 881 3134 917 a
3181 867 3388 934 sanctis

1813 944 1915 999 518
1941 949 2194 1001 Patribus
2225 951 2546 1013 expositum,
2577 956 2914 1021 explanatum
2948 958 3382 1027 declaratumque

1814 1035 1918 1090 fuit
1946 1053 1973 1089 a
2007 1037 2102 1091 I50
2132 1042 2328 1092 i-auctis
2357 1041 2628 1096 Patribus.
2651 1047 2738 1112 qui
2766 1046 2866 1097 hac
2899 1047 2950 1098 in
2983 1050 3112 1100 urbe
3146 1052 3377 1118 impera-

1813 1130 1950 1181 toria
1982 1141 2365 1185 convenerunt.
2401 1132 2463 1184 Et
2503 1135 2671 1200 prima
2720 1135 2933 1200 quidem
2988 1137 3252 1202 Epliesiua
3285 1155 3377 1210 sy-

1814 1219 1985 1272 nodus
2030 1220 2250 1286 impimn
2306 1224 2450 1274 illiilli
2509 1224 2836 1286 Nestorium,
2872 1225 3092 1294 ejusque
3130 1231 3379 1297 dogmata

1813 1316 2089 1383 abrogavit
2132 1328 2179 1368 et
2230 1317 2567 1374 anathemate
2598 1321 2902 1384 damnavit;
2952 1324 3244 1392 eodemque
3283 1323 3378 1377 da-

1814 1408 2023 1459 mnavit
2057 1419 2107 1461 et
2157 1408 2275 1462 illos
2305 1411 2663 1474 anathemate,
2693 1413 2779 1478 qui
2827 1415 2940 1478 ejus
2969 1414 3248 1480 opiniones
3297 1413 3377 1467 vel

1814 1500 1982 1552 secuti
2010 1511 2210 1559 essent.
2243 1502 2325 1554 vel
2366 1517 2757 1570 sequerentur;
2796 1507 2950 1571 quive
2985 1523 3107 1561 cum
3158 1525 3221 1562 eo
3251 1525 3378 1562 con-

1815 1591 2138 1656 sensissent,
2173 1603 2261 1643 aut
2291 1599 2680 1648 consentirent.
2715 1597 2970 1650 Sanctum
3003 1614 3130 1651 vero
3155 1599 3377 1654 Chalce-

1814 1681 2048 1736 donense
2095 1683 2375 1736 concilium
2427 1688 2720 1756 abrogavit,
2761 1698 2810 1740 et
2853 1691 3052 1744 sanctis
3087 1689 3174 1742 Dei
3210 1691 3378 1743 eccle-

1814 1773 1907 1824 siis
1935 1774 2112 1840 ciccit,
2137 1784 2297 1842 atque
2321 1777 2660 1830 anathemate
2690 1777 2982 1837 damnavit.
3011 1791 3120 1832 tum
3152 1781 3373 1846 impium

1815 1862 1959 1915 illum
1995 1863 2305 1930 Eutycliem,
2337 1866 2560 1932 eiusque
2589 1868 2854 1935 dogmata,
2887 1879 2996 1921 tttin
3028 1867 3143 1937 ejus
3171 1871 3378 1937 opinio-

1813 1969 1908 2008 nes
1955 1966 2187 2018 secutos,
2218 1957 2298 2009 vel
2331 1969 2638 2026 sequentes.
2671 1970 2725 2013 et
2763 1963 2851 2028 qui
2881 1978 2998 2015 cum
3031 1979 3094 2016 eo
3129 1966 3208 2016 vel
3246 1982 3376 2020 con-

1813 2047 2127 2112 sensissent,
2180 2049 2262 2102 vel
2313 2052 2710 2115 consentirent;
2762 2063 2920 2120 atque
2961 2070 3151 2109 omnes
3201 2059 3360 2110 etiam

1815 2139 2093 2194 haereticos
2119 2154 2411 2209 eorumque
2437 2143 2678 2210 dogmata
2705 2157 2824 2196 cum
2857 2144 2942 2209 iis,
2970 2146 3055 2206 qui
3093 2145 3373 2214 opiniones

1813 2230 2048 2299 ipsorum
2084 2231 2310 2298 amplexi
2344 2241 2549 2296 essent,
2579 2233 2662 2286 vel
2703 2235 3189 2302 amplecterentur;
3218 2242 3375 2304 quive

1812 2336 1932 2376 cum
1973 2323 2050 2376 eis
2081 2325 2518 2387 consensissent,
2564 2333 2654 2376 aut
2706 2327 3094 2388 consentirent,
3148 2328 3375 2380 anathe-

1815 2421 1956 2465 mate
2004 2411 2287 2479 percussit.
2317 2411 2676 2467 Consimiliter
2705 2424 2757 2467 et
2797 2413 3101 2469 Nestorium
3152 2419 3377 2470 anathe-

1816 2503 1945 2556 mati
1993 2502 2240 2568 subjecit,
2278 2501 2500 2570 ejusque
2534 2505 2819 2573 dogmata;
2853 2521 2973 2558 cum
3011 2508 3094 2569 iis,
3141 2509 3231 2575 qui
3266 2510 3379 2576 Opi-

1814 2595 1999 2648 nioues
2042 2596 2208 2661 ipsius
2256 2597 2484 2664 amplexi
2519 2607 2736 2662 essent,
2776 2598 2856 2651 vel
2889 2599 3376 2668 amplecterentur;

1814 2683 1971 2753 quive
1995 2699 2113 2738 eum
2136 2701 2200 2739 co
2222 2687 2643 2748 consensissent.
2666 2697 2758 2741 aut
2775 2691 3156 2744 consentirent.
3176 2689 3374 2742 Eadem

1815 2787 1967 2829 sacra
1993 2775 2816 2847 Chalcedonensis“4)synodus
2845 2779 3008 2833 etiam
3042 2782 3212 2848 magni
3240 2780 3380 2832 illius

1814 2863 1988 2920 Procli
2017 2867 2292 2933 epistolam
2329 2869 2394 2920 ad
2422 2869 2704 2924 Armenios
2738 2871 3014 2939 scriptam,
3051 2886 3155 2939 qua
3187 2881 3382 2926 tracta-

1817 2965 1929 3023 tur,
1958 2959 2060 3012 dici
2098 2958 2314 3023 debere,
2352 2961 2492 3028 quod
2532 2961 2787 3013 Dominus
2828 2973 3015 3016 noster
3044 2960 3196 3016 Jesus
3222 2961 3379 3017 Chri-

1817 3058 1957 3114 stus,
1995 3049 2162 3103 Filius
2201 3049 2289 3104 ille
2335 3049 2448 3114 Dei,
2496 3049 2744 3119 Densquc
2779 3062 2964 3106 noster
2993 3092 3006 3116 ,
3037 3068 3172 3106 unus
3207 3054 3277 3107 sit
3312 3069 3380 3107 ex.

149 3141 301 3204 νίους
334 3143 643 3211 γραφεῖσαν
671 3143 964 3213 ἐπιστολὴν
993 3146 1122 3214 περὶ
1162 3144 1258 3197 τοῦ
1306 3147 1501 3214 χρῆναι
1529 3144 1711 3212 λέγειν

1818 3155 2000 3199 sancta
2048 3143 2332 3207 Triuitate,
2376 3158 2471 3208 per
2518 3144 2827 3198 relationem
2879 3159 3029 3198 suam
3081 3144 3282 3211 recepit
3330 3156 3384 3197 et

144 3232 243 3285 τὸν
269 3235 547 3302 Δεσπότην
583 3233 742 3303 ήμῶν
795 3234 1005 3303 Ἰησοῦν
1053 3236 1288 3304 Χριστὸν
1331 3235 1422 3288 τὸν
1456 3236 1581 3289 Υίὲν
1616 3235 1709 3288 τοῦ

148 3322 292 3375 Θεοῦ
339 3323 434 3377 καὶ
463 3323 596 3377 Θεὸν
649 3325 806 3395 ήμῶν
853 3326 949 3379 ενα
995 3325 1095 3395 τῆς
1143 3327 1306 3394 ἁγίας
1349 3327 1578 3395 Τριάδος
1623 3328 1712 3381 διὰ

149 3414 258 3480 τῆς
289 3417 496 3480 οἰκείας
548 3419 826 3487 ἀναφορᾶς
863 3418 1079 3483 ἐδέξατό
1111 3435 1168 3471 τε
1213 3419 1305 3472 καὶ
1355 3419 1710 3474 ἐϐεϐαίωσεν.

144 3509 217 3565 Ei
237 3511 346 3580 γὰρ
371 3511 468 3572 τὰς
493 3511 795 3580 είρημὲνας
852 3511 914 3579 δὴ
962 3511 1127 3578 ἁγίας
1160 3511 1412 3574 συνόδους
1453 3513 1713 3581 παρεξέλ-

145 3600 355 3668 θωμεν,
407 3599 439 3670 ἢ
501 3603 572 3652 τὰ
627 3600 758 3668 παρ’
790 3599 971 3652 αὐτῶν
1017 3600 1449 3662 διατυπωθέντα,
1501 3602 1714 3671 δίδομεν

141 3694 332 3747 ἄδειαν
364 3695 474 3754 τοῖς
499 3692 874 3763 καθαιρεθεϊσι
909 3691 1040 3762 παρ’
1060 3693 1241 3745 αύτῶν
1275 3695 1574 3764 αίρετικοῖς
1615 3695 1710 3748 καὶ

139 3787 263 3847 τοῖς
284 3783 465 3837 αὐτῶν
494 3783 731 3851 δόγμασι
765 3786 864 3852 τὴν
919 3785 1132 3837 ἑαυτῶν
1165 3782 1360 3853 λοίμην
1415 3785 1576 3839 πάλιν
1631 3786 1712 3848 εἰς

141 3878 248 3940 τὰς
276 3879 438 3946 ἁγίας
462 3877 554 3931 τοῦ
591 3876 725 3930 Θεοῦ
777 3876 1102 3946 Ἐκκλησίας
1135 3876 1540 3931 ἐνδείκνυσθαι·
1576 3881 1712 3950 ὅπερ

141 3970 249 4024 οὐκ
279 3970 554 4037 ἐνδέχεται
591 3968 904 4038 πραχθῆναί
935 3984 1085 4020 ποτε*
1119 3967 1192 4037 μὴ
1218 3967 1452 4034 γένοιτο.
1498 3968 1713 4042 Ἐπειδὴ

138 4063 207 4114 αἱ
234 4060 523 4131 εἰρημέναι
551 4060 815 4128 τέσσαρες
833 4058 986 4124 ἁγιαι
1019 4056 1227 4110 σύνοδοι
1249 4057 1336 4110 διὰ
1365 4057 1473 4110 τῶν
1497 4059 1714 4112 οἰκείων

143 4152 440 4218 δογμάτων
467 4151 592 4212 τοὺς
621 4150 956 4218 αἱρετικοῦς,
993 4149 1088 4201 καὶ
1128 4149 1197 4199 τὰ
1231 4147 1437 4200 τούτων
1469 4148 1716 4216 δόγματα

145 4242 438 4306 ἐξέϐαλονο
471 4243 567 4294 καὶ
600 4241 653 4292 εί
686 4257 768 4302 τις
791 4241 927 4308 πρὸς
959 4241 1088 4308 μίαν
1105 4240 1215 4292 τῶν
1251 4240 1559 4308 εἰρημένων
1587 4257 1712 4291 συν-

143 4335 289 4387 όδων
323 4329 683 4401 ἁμφιϐἁλλοι,
719 4330 988 4399 πρόδηλός
1017 4330 1162 4381 ἐστιν
1188 4331 1369 4382 ἐκεῖνα
1399 4329 1612 4398 φρονῶν
1645 4330 1715 4382 τὰ

141 4426 422 4494 δόγματα,
453 4424 523 4476 τὰ
562 4422 692 4493 παρ’
716 4423 894 4474 αὐτῶν
929 4420 1262 4490 ἐκϐληθέντα
1296 4439 1354 4473 τε
1387 4423 1481 4475 καὶ
1519 4421 1716 4474 ἀναθε-

146 4515 505 4586 ειατισθέντα.
539 4513 746 4583 Μηδεὶς
777 4513 954 4565 τοίνυν
988 4513 1132 4581 ὑμᾶς
1184 4513 1477 4579 ταραξὰτω
1539 4512 1708 4565 ἐλπίδι

147 4602 364 4673 ματαίᾳ
398 4600 795 4670 κρατούμενος,
819 4602 901 4653 ὅτι
933 4602 1091 4670 ἡμεῖς
1122 4599 1364 4652 ἐναντίον
1417 4601 1526 4654 τῶν
1565 4604 1714 4671 εἰρη-

146 4713 180 4760 p
197 4694 336 4746 ἐνων
369 4693 540 4760 ἁγίων
587 4691 868 4762 τεσσάρων
904 4692 1133 4748 συνόδων
1163 4691 1502 4760 ἐπράξαμεν,
1527 4692 1714 4763 ἧττρά-

145 4783 400 4853 ξομεν,ἦ
431 4781 744 4852 πραχθῆναι
803 4782 955 4850 παρὰ
1002 4798 1110 4833 τισι
1159 4781 1611 4850 συγχωρήσομεν,
1678 4780 1709 4847 ἢ

144 4873 578 4943 περιαιρεθῆναι
636 4871 734 4942 τὴν
796 4871 901 4924 τῶν
951 4873 1122 4939 ἁγίων
1174 4871 1354 4923 αὐτῶν
1428 4873 1714 4938 τεσσάρων

142 4967 308 5021 ὁσίαν
342 4966 563 5035 μνήμην
594 4967 656 5018 ἐκ
705 4963 814 5016 τῶν
874 4963 1180 5034 εἰρημένων
1233 4963 1334 5030 τῆς
1378 4962 1706 5029 Ἐκιιλησίας

144 5056 430 5128 διπτύχων
475 5055 798 5127 ἀνεξόμεθα.
832 5056 1051 5118 Πάντας
1081 5055 1190 5125 γὰρ
1223 5057 1346 5118 τοὺς
1380 5055 1513 5123 παρ’
1538 5053 1716 5106 αὐτῶν

1817 3223 2173 3290 conﬁrmavit.
2231 3232 2494 3287 Nimirum
2550 3235 2592 3289 si
2645 3245 2793 3288 extra
2840 3246 3071 3302 quatuor
3124 3235 3384 3289 iudicatas

1816 3335 2034 3380 sanctas
2083 3326 2337 3394 synodos,
2374 3325 2459 3378 vel
2511 3325 2576 3378 ab
2623 3326 2702 3380 eis
2736 3327 2958 3390 sancita,
3005 3323 3376 3388 deﬂectimus,

1817 3417 2085 3472 licentiam
2118 3414 2408 3479 hmreticis,
2439 3430 2571 3483 quos
2605 3416 2707 3469 illa:
2731 3415 3133 3480 destruxerimt,
3174 3426 3224 3469 et
3256 3401 3386 3484 dog;

1816 3510 2050 3565 matibus
2076 3523 2261 3562 eorum
2298 3507 2639 3562 concedimus
2663 3545 2678 3570 .
2715 3518 2916 3575 Pestem
2970 3522 3121 3561 suam
3175 3506 3381 3560 sanctis

1819 3603 1912 3656 Dei
1969 3601 2221 3655 Ecclesiis
2249 3601 2575 3653 ostentandi.
2628 3599 2778 3664 Quod
2823 3599 2982 3660 absit,
3039 3609 3096 3651 ut
3149 3613 3384 3668 unquam

1822 3694 1934 3747 ﬂeri
1966 3692 2146 3745 liceat.
2180 3690 2622 3758 Quandoquidem
2658 3691 2904 3743 indicata:
2935 3699 3166 3758 quatuor
3197 3690 3386 3758 synodi

1819 3781 2052 3839 decretis
2083 3781 2198 3835 suis
2230 3792 2336 3832 tam
2382 3781 2528 3847 ipsos
2559 3779 2860 3842 haereticos,
2887 3794 3046 3846 quam
3072 3793 3259 3833 eorum
3297 3779 3389 3834 do-

1819 3881 1997 3943 gmata
2026 3870 2346 3937 expulerunt
2379 3884 2391 3920 :
2433 3884 2497 3923 ac
2530 3869 2573 3922 si
2601 3869 2720 3937 quis
2751 3869 2815 3923 de
2849 3883 2954 3921 uno
2989 3869 3252 3923 dictorum
3303 3884 3387 3922 sa-

1817 3979 2043 4018 crorum
2076 3960 2435 4016 conciliorum
2467 3959 2700 4021 dubitet,
2735 3959 2781 4013 is
2813 3961 3098 4013 manifesto
3122 3974 3180 4013 se
3213 3960 3388 4027 prodit

1818 4055 2066 4124 amplecti
2106 4069 2167 4110 ea
2199 4053 2470 4124 dogmata,
2501 4067 2620 4121 quae
2665 4053 2733 4104 ab
2780 4052 2882 4105 illis
2917 4051 3114 4116 reiecta
3151 4060 3299 4110 sunt.
3335 4061 3389 4104 et

1818 4147 2160 4200 anathemate
2209 4144 2477 4195 damnata.
2532 4143 2697 4196 Nemo
2746 4142 2906 4212 igitur
2965 4142 3237 4196 incassum
3285 4156 3407 4218 nos

1821 4237 2018 4299 turbet,
2048 4249 2145 4304 spe
2170 4248 2306 4286 vana
2338 4231 2620 4294 subnixus,
2652 4233 2802 4300 quasi
2838 4246 2936 4285 nos
2965 4231 3164 4298 aliquid
3196 4231 3389 4284 adver-

1819 4343 1910 4383 sus
1941 4327 2206 4381 iudicatas
2231 4334 2462 4390 quatuor
2485 4324 2718 4394 synodos
2750 4323 3151 4387 admiserimus,
3182 4324 3263 4376 vel
3289 4322 3389 4375 ad-

1819 4418 2032 4473 missuri
2060 4418 2245 4477 simus.
2286 4416 2372 4469 vel
2410 4416 2716 4470 conccssnri
2745 4456 2760 4478 ,
2803 4423 2862 4468 ut
2903 4414 3253 4478 admittatur;
3304 4411 3387 4465 vel

1824 4509 2124 4570 toleraturi,
2159 4515 2217 4558 tit
2248 4506 2560 4561 earumdem
2608 4514 2916 4560 sanctarum
2947 4515 3182 4573 quatuor
3223 4517 3385 4574 syno-

1823 4603 2010 4656 dornm
2045 4598 2294 4665 religiosa
2330 4597 2584 4648 memoria
2613 4597 2676 4648 dc
2709 4595 2958 4649 indicatis
3002 4594 3251 4647 Ecclesia:
3295 4607 3389 4647 eoo

1824 4691 2032 4745 ilicibus
2057 4686 2704 4758 tollattir(l;‘5).Uuiversos
2725 4686 2867 4740 enim
2899 4687 2965 4739 ab
2991 4687 3068 4738 eis
3092 4685 3389 4754 depositos,

1823 4792 1878 4836 et
1929 4781 2273 4834 anathemate
2330 4780 2631 4841 damnatos,
2686 4793 2789 4829 una
2844 4791 2962 4828 cum
3017 4776 3385 4843 depositorum

1825 4872 2191 4936 dogmatibus,
2235 4880 2288 4924 et
2319 4871 2403 4932 iis,
2436 4869 2524 4937 qui
2556 4869 2841 4937 opiniones
2871 4867 3109 4934 ipsorum
3155 4865 3388 4935 amplexi

1823 4977 1969 5030 sunt,
2022 4965 2102 5020 vel
2165 4963 2606 5034 amplectuntur,
2644 4957 2970 5012 anathemati
3031 4956 3384 5009 devovemus.

1828 5054 2187 5122 Quamobrem
2243 5058 2362 5105 oret
2410 5064 2507 5120 pro
2552 5048 2734 5113 nobis,
2768 5056 2822 5101 et
2859 5045 3130 5115 republica
3162 5054 3346 5099 nostra
3369 5081 3387 5106 ,

1344 5217 1673 5280 Annibalis
1708 5213 1956 5278 Fabroti
1987 5220 2174 5276 notae.

228 5369 340 5439 (14)
387 5367 584 5423 Eadem
609 5386 760 5424 sacra
792 5369 1041 5424 Chalced.
1069 5367 1211 5422 Idem
1247 5369 1488 5422 Facuud.
1520 5368 1717 5439 Eadem

147 5436 275 5494 vero
305 5436 487 5492 sancta
523 5440 951 5493 Chalcedonensis
974 5441 1222 5507 synodus.
1248 5451 1296 5496 et
1327 5441 1501 5506 attigui
1536 5436 1714 5490 Procli

147 5510 227 5563 ad
265 5509 536 5562 Armenios
565 5511 809 5575 scriptam
835 5512 1128 5573 epistolam,
1162 5512 1226 5561 de
1262 5525 1319 5560 eo
1343 5510 1485 5574 quod
1517 5519 1711 5567 oportet

149 5581 331 5650 qia-re
377 5577 652 5631 Dominum
703 5579 886 5639 Jesnm
934 5578 1297 5650 ChristumrF
1303 5580 1448 5630 ilium
1498 5577 1610 5641 Dei,
1661 5589 1708 5628 et

149 5648 322 5701 Deum
358 5657 618 5711 nostrum,
650 5665 808 5700 unum
840 5648 1034 5701 sancte:
1088 5648 1378 5706 Trinitatis,
1419 5663 1509 5713 per
1555 5663 1706 5698 suam

147 5717 464 5770 rdationem
491 5719 704 5779 suscepit
743 5728 790 5770 et
837 5718 1180 5781 conﬁrmavit.
1236 5717 1291 5770 Si
1327 5719 1460 5768 enim
1517 5715 1707 5780 prtrdi-

150 5801 269 5841 εισι
295 5796 505 5841 sanctas
546 5797 771 5848 quatuor
800 5789 1022 5846 suuodcs
1045 5787 1396 5853 egrediantur,
1414 5797 1502 5838 aut
1533 5786 1595 5838 ab
1625 5786 1702 5837 Itis

1824 5365 2100 5429 disposita,
2142 5363 2329 5413 damus
2370 5360 2675 5427 facultatem
2715 5358 2993 5418 hrereti'ci's,
3035 5356 3123 5422 qui
3156 5356 3386 5429 depositi

1823 5436 1886 5486 ab
1911 5423 1986 5484 eis
2033 5443 2176 5488 sum,
2216 5441 2265 5482 et
2291 5423 2469 5483 eorum
2497 5429 2823 5495 dogmatibus
2853 5443 3001 5477 suam
3035 5423 3392 5490 pestilentiam

1821 5505 2004 5557 iterum
2039 5503 2092 5553 in
2119 5511 2328 5554 sanctas
2364 5500 2457 5551 llet'
2490 5499 2744 5549 Erclcsins
2777 5506 3065 5548 ostentare.

1889 5571 2002 5639 (l5)
2046 5570 2328 5624 Codictbus
2361 5568 2600 5642 tollatur.
2637 5565 2798 5642 seua
2835 5567 3069 5642 synodus
3095 5562 3275 5642 colla}.
3306 5561 3386 5642 9::

1819 5630 2044 5694 Sanctae
2072 5651 2299 5708 quatuor
2334 5637 2561 5710 synodos
2603 5630 3054 5710 majestas't'aiiius
3088 5632 3172 5710 (de
3218 5630 3386 5710 iusti.-

1816 5714 1997 5771 uiano)
2036 5699 2200 5761 sacris
2231 5699 2486 5774 άίνιςξνείιὶκ
2537 5699 2696 5759 inseri
2737 5717 2796 5757 set
2845 5703 3102 5771 publicari
3135 5701 3276 5768 fecit.
3323 5699 3386 5754 V.

1815 5781 2008 5846 Evagi'.
2033 5779 2124 5834 lib.
2157 5795 2226 5842 tv,
2263 5793 2310 5831 c.
2346 5779 2423 5831 ll.
