3906 6334
506 352 649 419 1115

1708 354 1989 413 TIIEOD.
2030 351 2515 412 BALSAMONIS

3641 337 3779 401 1H6

572 465 686 520 Lib.
714 482 755 531 ι,
780 465 864 519 tit.
894 464 949 529 3,
983 466 1199 521 constit.
1238 466 1300 519 10
1335 463 1467 537 (8|),
1510 465 1663 536 cujus
1721 463 1960 525 initium,
2008 462 2063 517 Si

2240 463 2359 515 Βισ.
2396 461 2463 525 α’,
2502 461 2607 515 τίτ.
2642 459 2709 527 γ’,
2738 457 2875 511 am.
2907 462 2959 522 t',
2988 451 3111 529 ἦςή
3141 453 3305 523 ἀρχὴ,
3332 450 3390 508 Si
3425 452 3585 522 quis.
3633 451 3779 504 Ἐάν

497 561 633 628 quis,
652 559 752 624 Qui
778 559 855 613 vel
875 558 1307 625 impressionem,
1325 558 1403 612 vel
1422 571 1803 624 quamcunque
1822 554 2073 623 injuriam

504 650 892 704 Ecclesimloco
925 649 1124 703 inferre
1150 658 1375 703 conatus
1405 647 1588 712 fuerit,
1621 648 1838 716 capitali
1865 647 2076 714 suppli-

504 744 589 794 cio
617 741 863 810 punitur.

571 830 690 888 Lib.
718 848 755 895 l,
794 833 877 887 tit.
904 835 958 895 '5,
984 833 1202 887 constit.
1243 832 1325 895 13,
1368 832 1522 900 cujus
1560 831 1792 893 initium,
1823 829 1885 905 Si
1910 831 2076 883 eccle-

502 924 616 977 sia.
648 922 748 989 Qui
783 923 1135 978 ecclesiarum
1164 923 1448 993 privilegia
1496 922 1678 987 violat,
1736 922 1972 991 quinque
2009 922 2075 975 li-

504 1015 719 1067 brarum
743 1014 860 1068 auri
902 1014 1121 1069 multam
1162 1024 1400 1084 praestat.

574 1184 692 1238 Lib.
732 1201 771 1250 I,
807 1186 889 1238 tit.
927 1186 980 1248 '5,
1014 1186 1234 1239 constit.
1270 1184 1365 1249 20,
1396 1186 1547 1255 cujus
1572 1184 1807 1250 initium,
1854 1182 1911 1239 Si
1936 1185 2074 1253 quis.

510 1274 610 1327 libi
644 1276 896 1342 clericus,
924 1277 1003 1328 vel
1034 1276 1351 1338 monachus,
1384 1276 1467 1328 vel
1494 1277 1824 1340 diaconissa,
1867 1276 1947 1329 vel
1990 1291 2079 1329 so-

504 1366 721 1429 litaria,
784 1368 931 1422 nullo
970 1368 1185 1421 condito
1236 1377 1559 1422 testamento
1605 1367 1921 1432 decesserit,
1981 1381 2080 1420 nec

503 1459 621 1525 ejus
654 1460 1022 1515 lmreditatem
1049 1461 1241 1513 adierit
1264 1462 1519 1527 ecclesia,
1546 1462 1630 1515 vel
1659 1460 2070 1525 monasterium,

505 1559 787 1619 propterea
823 1552 962 1621 quod
993 1562 1133 1605 esset
1173 1552 1529 1620 ascriptitius,
1575 1534 1674 1605 aut
1707 1550 1955 1616 libertus,
1987 1559 2081 1605 aut

505 1642 729 1697 curialis
773 1662 786 1699 :
830 1644 871 1697 si
924 1658 1057 1712 quas
1124 1645 1284 1697 habet
1336 1644 1594 1698 adversus
1648 1660 1771 1698 eum
1837 1644 2078 1697 actiones

505 1734 757 1799 ecclesia,
791 1734 873 1790 vel
900 1738 1302 1803 monasterium,
1336 1738 1598 1794 adversus
1641 1736 1883 1791 bmreocs
1915 1751 2076 1806 expeo

510 1829 697 1881 rietur.

581 1918 695 1971 Lib.
718 1935 755 1985 i,
790 1920 874 1973 tit.
902 1921 953 1983 3,
980 1921 1205 1975 constit.
1237 1919 1327 1984 ΞΩ,
1364 1920 1519 1989 cujus
1566 1920 1804 1984 initium,
1862 1918 1919 1973 Si
1951 1936 2075 1989 qua.

508 2009 799 2081 Privilegia
836 2027 929 2080 per
963 2013 1217 2082 antiquas
1242 2011 1662 2067 constitutiones
1687 2010 1933 2067 ecclesiis
1959 2027 2083 2064 cnn-

507 2116 683 2163 cessa,
716 2110 831 2155 rata
864 2102 993 2156 sint.

578 2191 698 2247 Lib.
738 2202 775 2257 I,
811 2194 894 2250 tit.
928 2196 982 2257 5,
1008 2195 1232 2249 constit.
1259 2194 1351 2259 26,
1386 2194 1535 2261 cujus
1573 2195 1807 2253 initium.
1838 2194 2083 2248 Decerni-

2175 572 2283 619 τις.
2328 555 2387 607 '0
2418 553 2606 618 ἔφοδον
2637 553 2956 621 οἱανδήποτε
3001 548 3331 618 παρίσταται
3380 544 3774 614 ιπιχειρήσας

2176 647 2397 711 ποιῆσαι
2428 646 2505 714 τῷ
2550 646 2646 715 τῆς
2681 642 3005 711 Ἐκκλησίας
3042 641 3189 709 τόπῳ
3222 637 3552 706 κεφαλωιῶς
3590 652 3772 702 τιμω-

2178 738 2377 805 ρεῖται.

2247 826 2366 881 Βισ.
2396 833 2466 887 α’,
2501 825 2605 878 τίτ.
2634 831 2700 891 γ’,
2738 822 2879 875 διάτ.
2925 817 3014 886 ιγ’,
3050 816 3165 892 ἦςή
3202 820 3365 889 ἀρχὴ,
3401 817 3461 873 Si
3491 817 3767 871 ecclesia.

2189 918 2333 974 Ἐὰν
2360 920 2397 985 ἠ
2445 917 2789 981 Ἐκκλησία.
2834 916 2892 968 '0
2942 916 3008 967 τὰ
3043 914 3152 967 τῶν
3194 911 3540 981 Ἐκκλησιῶν
3580 926 3772 977 παρα-

2177 1011 2417 1079 φθείρων
2457 1009 2743 1079 προνόμια,
2777 1007 3067 1075 pririlegia,
3104 1007 3265 1059 πέντε
3297 1005 3485 1075 λίτρας
3522 1002 3768 1071 χρυσίου

2178 1106 2533 1173 προτιμᾶται.

2248 1195 2367 1247 Βιὸ.
2399 1193 2468 1255 α’,
2498 1195 2603 1249 τίτ.
2628 1193 2697 1261 γ’,
2732 1193 2869 1246 διὰτ.
2902 1198 2971 1255 κ’,
2997 1187 3113 1263 ἧςὴ
3137 1189 3301 1259 ἀρχὴ,
3331 1187 3390 1241 Si
3418 1187 3559 1247 quis.
3581 1184 3767 1237 ’Δειπ-

2179 1287 2333 1340 θέτου
2366 1286 2796 1355 τελευτήσαντος
2830 1282 2925 1336 τοῦ
2956 1279 3243 1351 κληρικοῦ,
3286 1279 3319 1347 ἢ
3355 1278 3449 1330 τοῦ
3484 1276 3762 1346 μοναχοῧ,

2179 1378 2613 1446 ἣδιακονίσσης,
2656 1378 2688 1444 ἢ
2741 1374 3094 1444 μοναστρίας,
3142 1373 3233 1424 καὶ
3275 1371 3349 1439 μὴ
3401 1369 3766 1438 κληρονομη-

2180 1468 2362 1528 Οὲντος
2396 1467 2499 1520 ὑπὸ
2530 1470 2625 1535 τῆς
2657 1465 2987 1535 Ἐκκλησίας
3028 1462 3059 1532 ἢ
3106 1461 3200 1514 τοῦ
3234 1460 3634 1529 μοναστηρίου,
3679 1457 3767 1509 διὰ

2178 1558 2238 1609 τὸ
2266 1553 2406 1609 εἶναι
2448 1556 2611 1610 αὑτὸν
2652 1554 3094 1623 ὲναπόγραφονῆ
3128 1550 3521 1617 ἀπελεύθερον,
3564 1551 3598 1616 ἢ
3638 1548 3766 1616 βου-

2180 1648 2406 1715 λευτήνο
2437 1647 2489 1699 εί
2511 1663 2658 1708 τινας
2688 1646 2800 1715 ἔχει
2830 1646 2949 1697 κατ’
2981 1643 3144 1696 αὑτοῦ
3176 1641 3425 1709 ἀγωγὰς,
3459 1642 3493 1708 ἡ
3520 1640 3765 1708 Ἐκκλη-

2183 1740 2294 1802 σία,
2341 1740 2374 1808 ἢ
2424 1739 2785 1810 μοναδτήριον
2816 1737 3033 1806 κινήσει
3064 1735 3207 1787 κατά
3239 1734 3347 1787 τῶν
3391 1734 3593 1785 τούτου
3626 1732 3765 1798 πλη·

2186 1831 2448 1900 ρονόμων.

2255 1922 2372 1973 Βιδ.
2412 1928 2484 1985 α’,
2537 1921 2642 1973 τίτ.
2688 1918 2758 1986 γ’,
2807 1920 2943 1971 διατ.
2979 1918 3084 1987 ιβ’,
3136 1916 3201 1991 ἧς
3234 1921 3267 1988 ἡ
3300 1918 3468 1987 ἁρχὴ.
3503 1919 3577 1971 ει
3606 1933 3764 1978 trra,

2185 2013 2243 2068 Si
2272 2030 2394 2081 qua.
2433 2013 2709 2082 Προνόμια
2757 2014 2826 2065 τὰ
2858 2015 2977 2074 ταῖς
3010 2010 3365 2079 Ἐκκλησίαις
3397 2013 3464 2063 ὲκ
3509 2009 3764 2062 παλαιῶν

2182 2102 2474 2167 διατάξεων
2506 2102 2833 2170 πεφιλοτιμη
2844 2102 2976 2169 μένι
3004 2100 3297 2169 κρατείτω.

2220 2194 2373 2247 οΒιὸ.
2419 2192 2489 2257 α’,
2523 2193 2630 2249 τίτ.
2670 2191 2737 2260 γ’,
2775 2193 2922 2247 διάτ.
2953 2190 3068 2256 κς’,
3114 2186 3182 2259 ἦς
3227 2191 3457 2261 ἡάρχὴ,
3510 2190 3766 2243 Dect-nri-

509 2299 648 2335 mus.
693 2282 803 2338 Nec
836 2285 1107 2352 publicum
1142 2286 1357 2355 aliquod
1390 2284 1696 2350 aedificium,
1730 2300 1827 2341 uec
1852 2286 1991 2354 quod
2017 2286 2083 2340 ad

2213 2302 2324 2339 nus.
2374 2285 2509 2337 ’Υπὸ
2565 2284 2820 2353 μοναχῶν
2875 2284 2906 2353 ἢ
2966 2282 3241 2352 κληρικῶν
3298 2284 3435 2351 μήτε
3501 2283 3766 2351 δημόσιον

507 2374 960 2427 oblectamentum
995 2375 1230 2440 civitatis
1260 2375 1593 2428 destinatum
1617 2375 1709 2436 sit,
1742 2388 1772 2428 ιι
1803 2374 2085 2428 monachis

2221 2377 2553 2445 ἱκονόμημα,
2586 2377 2723 2445 μήτε
2755 2375 2887 2445 πρὸς
2913 2376 3103 2444 τέρψιν
3130 2374 3337 2436 πόλεως
3372 2374 3766 2444 ἀφωρισμένον

511 2472 605 2517 aut
634 2465 848 2520 clericis
881 2468 1188 2534 surripitor,
1223 2478 1278 2520 ut
1304 2467 1376 2521 sit
1401 2468 1648 2522 ecclesia.

588 2554 703 2611 Lib.
745 2575 783 2615 ι.
818 2559 904 2612 tit.
938 2559 989 2620 5.
1032 2561 1248 2613 constit.
1288 2560 1379 2624 32,
1412 2560 1566 2627 cujus
1593 2560 1827 2624 initium,
1872 2559 2082 2615 Omnes.

2188 2470 2267 2529 είς
2303 2469 2631 2539 Ἐκκλησίαν
2663 2468 3101 2537 ὑφαρπαζέσῦω.

2260 2561 2379 2614 Βιὸ.
2430 2567 2500 2625 α’,
2552 2562 2660 2615 τίτ.
2696 2560 2767 2628 γ’,
2825 2561 2969 2614 διάτ.
3024 2560 3124 2629 λβ’,
3160 2557 3227 2633 ἧς
3264 2562 3297 2630 ἡ
3333 2559 3497 2628 ἀρχὴ.
3548 2558 3763 2612 Omnes.

512 2648 703 2705 Omnia
736 2653 1035 2723 privilegia,
1088 2668 1207 2722 quae
1255 2669 1350 2720 per
1379 2654 1629 2722 antiquas
1674 2654 2086 2709 constitutiones

2213 2653 2377 2704 Ῐάντα
2428 2654 2495 2704 τὰ
2546 2651 2885 2721 πριειλέγια,
2926 2649 3085 2703 ἆτινα
3136 2652 3254 2711 ταῖς
3290 2647 3652 2716 Ἐκκλησίαις
3706 2650 3768 2697 ἐκ

510 2742 756 2797 ecclesiis
783 2760 1038 2799 concessa
1070 2756 1212 2809 sunt,
1244 2756 1359 2801 rata
1394 2753 1572 2801 sunto.

582 2922 701 2977 Lib.
736 2940 775 2986 ι,
814 2924 897 2977 ιίι.
924 2924 977 2989 3,
1018 2925 1235 2979 constit.
1265 2926 1355 2986 54,
1384 2926 1539 2995 cujus
1576 2925 1813 2989 initium,
1867 2924 2084 2982 Omnia.

510 3015 801 3085 Privilegia
832 3018 1069 3083 praestita
1091 3018 1359 3076 ecclesiis.
1392 3027 1483 3069 aut
1512 3018 1843 3083 hominibus,
1879 3028 1970 3073 aut
1998 3034 2085 3074 re-

512 3107 617 3161 bus
646 3108 1016 3174 ecclesiarum,
1049 3108 1199 3163 firma
1229 3120 1408 3165 suntn.

585 3286 704 3341 Lib.
740 3304 777 3351 ι,
815 3288 895 3342 tit.
922 3291 976 3353 5,
1001 3291 1219 3345 constit.
1243 3292 1331 3357 41,
1353 3293 1505 3361 cujus
1533 3291 1760 3359 initium,
1788 3294 1895 3347 τῶν
1921 3296 2085 3364 ιερῶν

516 3378 780 3432 κανόνων.
839 3379 1151 3450 Presbyter,
1192 3392 1285 3435 aut
1334 3383 1593 3437 diaconus
1633 3383 1766 3453 (82),
1806 3385 1859 3439 in
1899 3387 2088 3440 matri-

518 3470 700 3523 monio
723 3475 925 3523 versari
953 3487 1058 3525 non
1087 3485 1330 3541 possunt.
1367 3474 1728 3540 Quamobrem
1767 3476 1812 3531 si
1842 3476 1962 3545 quis
1989 3476 2091 3531 hoc

518 3558 733 3622 fecerit,
778 3568 831 3612 et
862 3561 1015 3613 uxori
1051 3577 1162 3615 sua:
1203 3577 1286 3615 res
1321 3563 1531 3632 aliquas
1561 3564 1794 3629 dederit,
1833 3565 1915 3618 vel
1951 3566 2091 3619 inter

519 3650 672 3703 vivos
730 3651 1035 3717 donatione,
1085 3656 1166 3707 vel
1218 3656 1270 3708 in
1327 3665 1667 3722 testamento,
1714 3657 1964 3719 ecclesia,
2005 3658 2091 3712 cui

521 3742 728 3806 subest,
773 3758 864 3797 eas
912 3745 1051 3812 ipsas
1091 3744 1191 3799 sibi
1224 3746 1481 3800 vindicat.

596 3833 714 3889 Lib.
740 3851 776 3899 I,
810 3837 891 3888 tit.
927 3836 980 3899 5,
1006 3837 1223 3893 constit.
1248 3838 1334 3902 5'5,
1360 3838 1511 3902 cujus
1549 3838 1782 3899 initium,
1812 3838 2089 3907 Raptores.

522 3922 632 3976 fies
659 3921 793 3991 ejus,
826 3926 914 3994 qui
965 3926 1359 3987 diacouissam,
1410 3934 1501 3979 aut
1552 3928 1810 3994 virginem
1876 3930 2090 3995 rapuit;

520 4016 786 4079 ecclesia,
843 4016 928 4071 cui
981 4017 1200 4083 subest,
1272 4018 1428 4087 pleno
1500 4018 1739 4073 dominio
1807 4020 2091 4089 consequi-

528 4118 631 4158 [ιιι.

599 4196 716 4252 Lib.
760 4215 797 4259 ι,
834 4200 915 4251 tit.
955 4201 1007 4261 ι,
1050 4202 1271 4256 constit.
1304 4201 1356 4265 5,
1415 4202 1567 4270 cujus
1624 4204 1853 4269 initium,
1904 4207 2091 4261 Nemo.

526 4286 753 4342 Disserit
795 4291 906 4342 haec
932 4291 1264 4356 constitutio,
1294 4301 1347 4345 et
1377 4299 1619 4360 exponit,
1653 4296 1901 4363 qualibus
1930 4314 1956 4349 a
1992 4298 2095 4349 cri-

528 4378 769 4434 minibus
829 4379 1027 4434 festum
1099 4381 1307 4435 dierum
1371 4381 1713 4439 Paschalium
1775 4388 1886 4455 (83)
1956 4389 2092 4443 libe-

527 4479 631 4520 rel.

603 4560 720 4615 Lib.
749 4578 784 4624 ι,
821 4562 903 4616 tit.
935 4563 986 4628 5,
1022 4565 1240 4617 constit.
1269 4564 1318 4626 1,
1347 4564 1499 4633 cujus
1532 4566 1759 4630 initium,
1793 4566 2092 4637 Privilegia.

530 4652 781 4708 ILL-retici
875 4655 1116 4709 ecclesiis
1198 4655 1401 4709 indulta
1470 4656 1747 4727 privilegia
1816 4659 1917 4713 sibi
1988 4675 2093 4713 non

2193 2744 2441 2799 παλαιῶν
2487 2744 2783 2810 διατάξεων
2836 2740 3332 2810 πεφιλοτίμηνται,
3388 2738 3567 2791 ταῦτα
3631 2754 3763 2806 xpe-

2191 2839 2370 2891 τείτω.

2265 2929 2382 2982 Βιὸ.
2422 2929 2492 2994 α’,
2523 2929 2628 2981 τίτ.
2670 2935 2739 2996 γ’,
2763 2927 2903 2980 διάτ.
2932 2925 3025 2988 λδ’,
3058 2921 3124 2995 ἧς
3154 2927 3188 2993 ὴ
3226 2923 3393 2992 ἀρχὴ,
3426 2920 3649 2974 Omnia.
3686 2918 3767 2970 Τὰ

2195 3022 2611 3091 παρασχεθέντα
2648 3020 2965 3090 πρι6ι).έγια
3006 3022 3127 3081 ταῖς
3178 3016 3524 3082 ἐκκλησίαις,
3570 3014 3605 3083 ἢ
3659 3015 3767 3071 τοῖς

2114 3129 2156 3187 C
2188 3114 2523 3184 ἀνθρώποις,
2567 3112 2600 3183 ἢ
2659 3114 2964 3182 πράγματα
3010 3110 3120 3163 τῶν
3182 3106 3516 3176 ἐκκλησιῶν,
3570 3104 3766 3173 βέϐαια

2192 3207 2451 3260 εστωσαν.

2266 3297 2384 3351 Βιό.
2421 3306 2489 3363 α’,
2528 3299 2632 3353 τίτ.
2662 3298 2731 3367 γ’,
2758 3297 2896 3350 διάτ.
2934 3293 3038 3363 μδ’,
3071 3288 3137 3363 ἦς
3171 3293 3203 3359 ἡ
3237 3291 3403 3358 ἁρχὴ.
3444 3285 3567 3339 Τῶν
3599 3284 3766 3353 ιερῶν

2197 3391 2491 3443 κανόνων.
2535 3388 2597 3443 ’0
2628 3387 3005 3456 πρεσόύτερος
3036 3384 3069 3453 ἢ
3102 3386 3129 3434 ὁ
3161 3381 3407 3438 διάκονος
3448 3379 3509 3428 οὑ
3546 3378 3765 3428 δύναται

2198 3482 2397 3550 γάμοις
2452 3478 2830 3546 προσομιλεῖν.
2890 3474 3073 3536 Ὅθεν,
3127 3474 3221 3524 ἐὰν
3281 3488 3364 3531 τις
3420 3467 3669 3520 τοιοῦτόν
3719 3483 3765 3518 τι

2199 3570 2422 3639 ποιήσῃ,
2468 3568 2559 3621 καὶ
2592 3568 2849 3637 παράσχῃ
2884 3568 2949 3634 τῇ
2986 3562 3179 3617 ἑαυτοῦ
3207 3563 3421 3631 γαμετῇ
3453 3577 3576 3611 τινα
3598 3560 3769 3626 πραγ-

2203 3679 2348 3731 ματα
2389 3659 2735 3727 ἑντερόίὸως,
2794 3660 2825 3727 ἢ
2880 3661 2936 3709 ὲν
2989 3655 3239 3724 διαθήκῃ,
3297 3656 3329 3723 ή
3376 3650 3643 3721 ἐκκλησία
3685 3650 3767 3718 ὑφ’

2200 3750 2266 3819 ἢν
2294 3750 2456 3808 τελεῖ,
2488 3750 2664 3801 ταῦτα
2700 3749 2983 3801 διεκδικεί.

2273 3842 2389 3894 Β.6.
2432 3842 2500 3905 α’,
2532 3845 2634 3895 τίτ.
2670 3849 2737 3909 γ’,
2770 3842 2909 3897 sese.
2961 3847 3061 3908 ιγ’,
3091 3833 3156 3909 ἧς
3187 3840 3218 3906 ἡ
3262 3836 3424 3904 ἁρχὴ,
3460 3835 3769 3902 Ἅρπαγε-ς.

2206 3935 2482 4001 Raptores.
2510 3935 2590 3985 Τὰ
2614 3933 2707 3985 τοῦ
2740 3933 3086 4000 ἁρπάσαντος
3120 3929 3467 3983 διακόνισσαν
3499 3929 3534 3996 ἢ
3572 3928 3769 3995 παρθέ-

2202 4040 2291 4073 νον
2330 4024 2631 4091 πράγματα
2678 4023 2710 4091 ή
2767 4023 3034 4092 ἐκκλησία
3069 4023 3159 4091 ὑφ’
3192 4022 3257 4091 ἢν
3288 4020 3453 4083 τελεῖ,
3504 4018 3651 4070 κατὰ
3686 4035 3770 4070 τεο

2204 4114 2350 4167 λείαν
2375 4115 2695 4167 δεσποτείαν
2725 4114 3015 4183 λαμϐάνει.

2276 4208 2394 4261 Βιὸ.
2424 4207 2494 4269 α’,
2520 4208 2626 4261 τίτ.
2680 4206 2749 4274 γ’,
2779 4208 2918 4260 διάτ.
2960 4214 3032 4275 γ’,
3078 4202 3145 4277 ἦς
3182 4208 3216 4275 ή
3260 4203 3426 4273 ἀρχὴ,
3482 4201 3671 4255 Nemo.
3711 4201 3767 4253 Ἡ

2205 4297 2446 4362 διάταξις
2482 4298 2838 4367 διαλαμϐάνει
2864 4300 2959 4353 καὶ
2991 4300 3162 4365 λέγει,
3211 4298 3379 4349 ποίων
3413 4294 3767 4364 ἐγκλημάτων

2203 4390 2478 4457 ἐλευθεροῖ
2503 4392 2536 4458 ἡ
2580 4392 2741 4461 ἑορτὴ
2775 4391 2880 4444 τῶν
2915 4389 3232 4459 πασχαλὶων
3267 4388 3508 4456 ἡμερῶν.

2280 4568 2401 4621 Βιδ.
2440 4576 2509 4631 α’,
2555 4570 2661 4624 τίτ.
2708 4576 2767 4631 ι’,
2800 4568 2944 4623 διάτ.
2975 4571 3046 4630 α’,
3086 4562 3153 4638 ἧς
3200 4568 3231 4635 ἠ
3264 4566 3426 4635 ἁρχὴ,
3457 4566 3763 4632 Προνόμια,

2210 4659 2519 4729 Prlvilegia.
2564 4660 2627 4713 Ol
2672 4660 2940 4727 αἱρετικοὶ
2967 4656 3043 4728 μὴ
3072 4657 3463 4709 ὲκδικείτωσαν
3494 4655 3561 4706 τὰ
3595 4670 3763 4722 παρα-

1718 4802 2054 4864 Annibalis
2080 4804 2334 4865 Fabroti
2373 4815 2555 4863 noue.

605 4921 714 5043 (ξι)
779 4921 1094 4977 Constitutio
1142 4940 1196 4979 χ.
1243 4923 1375 4979 Vide
1436 4922 1654 4979 Saresb.
1712 4924 1830 4980 Pol.
1869 4926 1966 4980 lib.
2037 4945 2087 4992 v,

534 5008 586 5045 Ο.
623 5008 673 5043 ἔ).

609 5060 720 5127 (8'2)
741 5060 1028 5133 Presbyter
1049 5074 1141 5117 aut
1164 5067 1439 5119 diaconus.
1472 5064 1807 5133 Presbyteri,
1852 5066 2096 5126 diaconi,

538 5140 593 5184 et
617 5131 939 5203 subdiaconi
1004 5136 1411 5189 matrimonium
1462 5131 1792 5187 contrahere
1829 5150 1933 5187 non
1974 5152 2100 5203 pos-

541 5210 688 5261 sunt,
723 5202 959 5267 alioquin
1024 5204 1090 5255 ab
1122 5204 1299 5257 oliicio
1330 5215 1695 5263 removentur,
1734 5218 1851 5267 cap.
1886 5206 1905 5256 1
1964 5202 2015 5258 et
2043 5205 2097 5266 2,

542 5282 680 5323 extr.
715 5271 950 5337 quicler.
994 5274 1069 5324 vel
1105 5283 1359 5327 voventes.
1392 5272 1599 5326 Concil.
1651 5271 1997 5328 Aurelianen.
2035 5290 2095 5339 ιι,

544 5358 592 5391 ιτ.
630 5340 682 5398 8.
724 5349 940 5407 propter
983 5353 1165 5395 votum
1222 5346 1609 5397 continentiae:
1653 5344 1782 5409 quia
1844 5354 1951 5395 tam
1984 5345 2099 5397 dia-

546 5410 669 5463 coni
704 5426 861 5475 qilam
892 5411 1207 5465 subdiaconi
1242 5428 1365 5466 cum
1402 5413 1631 5479 primum
1665 5413 1727 5463 ad
1765 5414 1968 5466 clerum
2006 5414 2093 5467 ad-

550 5480 881 5541 sciscuntur,
914 5495 1134 5535 carnem
1166 5498 1318 5535 suam
1352 5482 1405 5534 in
1465 5490 1727 5535 aaternum
1781 5482 2092 5549 obsignant.

551 5549 619 5602 Et
651 5564 714 5601 ex
746 5550 1023 5615 juniornm
1056 5553 1370 5618 pontiﬁcum
1430 5550 1926 5605 Constitutionibus
1970 5566 2101 5605 con-

550 5618 773 5688 jugatus
806 5634 912 5672 non
951 5624 1250 5674 assumitur
1280 5621 1345 5673 ad
1406 5619 1791 5680 sacerdotium,
1840 5622 2103 5674 diacona-

2214 4931 2275 4983 D.
2304 4930 2621 4999 Ilieronvm.
2657 4932 2709 4983 in
2742 4932 2904 4999 epist.
2941 4931 3030 4994 50,
3061 4929 3125 4982 ad
3163 4926 3572 4999 Pammachium
3603 4943 3618 4980 :
3652 4924 3766 4989 Epi-

2204 5003 2366 5069 scopi.
2408 4997 2725 5069 presbyteri,
2778 4997 2993 5053 diaconi
3063 5009 3153 5049 aut
3205 4998 3429 5064 virgines
3478 4997 3759 5063 eliguntur,

2206 5086 2294 5121 aut
2328 5072 2490 5127 vidui.
2522 5079 2613 5121 aut
2641 5081 2777 5123 certe
2839 5079 2953 5135 post
3019 5070 3374 5121 sacerdotium
3418 5069 3469 5117 in
3521 5075 3767 5117 a'lernum

2204 5142 2401 5205 pudici.
2436 5141 2570 5193 Vide
2607 5139 2667 5193 Ρ.
2702 5140 3019 5193 Damianum
3048 5140 3207 5204 epist.
3242 5137 3275 5187 5
3311 5136 3405 5187 lib.
3444 5145 3591 5197 ιν,ρι
3621 5137 3764 5205 epist.

2206 5204 2293 5267 13,
2336 5211 2429 5262 lib.
2472 5227 2524 5262 ν.
2560 5212 2619 5263 in
2656 5210 2959 5264 minoribus
3001 5217 3180 5259 autem
3246 5205 3533 5259 ordinibus
3577 5204 3765 5257 consti-

2212 5281 2367 5339 tutis.
2402 5290 2529 5345 puta
2578 5280 2901 5341 lectoribus,
2963 5276 3305 5335 cantoribus,
3356 5274 3626 5333 ostiariis,
3684 5289 3763 5325 ex-

2210 5350 2427 5401 orcistis
2443 5361 2494 5402 et
2520 5349 2810 5418 acolythis,
2839 5350 2965 5401 licet
2994 5345 3402 5418 matrimonith
3428 5346 3765 5418 contrahere,

2210 5432 2333 5470 can.
2360 5419 2430 5471 25
2492 5412 2764 5483 Aposiol.;
2800 5412 2924 5471 ean.
2958 5419 2990 5468 6
3021 5416 3211 5483 synodi
3244 5415 3297 5467 in
3326 5412 3522 5466 Trullo
3558 5422 3766 5472 coacta,

2210 5485 2345 5540 Nov.
2381 5504 2434 5551 v,
2469 5502 2588 5555 cap.
2623 5489 2728 5540 ﬁet
2763 5504 2895 5551 χχιι,
2924 5484 3181 5555 cnp._£2.

2285 5547 2620 5628 (85)Dieriun
2646 5547 3014 5628 Paschalium'.
3052 5553 3159 5609 Leo
3201 5553 3466 5628 Magnus,
3504 5566 3695 5628 ἔοι-ιιιΓ
3721 5547 3767 5609 9,

2207 5620 2755 5693 (Ιορυοάιοεεεὶιηιι.
2792 5624 2927 5683 Vide
2992 5625 3237 5695 Append.
3303 5622 3440 5676 Cod.
3504 5620 3766 5675 Theodos.

558 5698 818 5768 tamn-aut
847 5689 1323 5768 subdiacouatuiu,
1352 5690 1463 5768 _uisi
1500 5690 1785 5768 conversio
1837 5692 2107 5768 promissa
2208 5713 2261 5768 p.
2293 5689 2356 5751 Π
2392 5707 2441 5753 et
2469 5689 2585 5765 sei.

558 5759 651 5823 sit,
691 5758 751 5814 C.
794 5760 993 5815 assumi
1014 5770 1061 5814 et
1092 5778 1195 5819 sm.
1237 5760 1481 5816 distinct.
1514 5758 1598 5822 18,
1633 5773 1683 5815 c.
1711 5760 1807 5815 ult.
1838 5758 1968 5819 dist.
2004 5761 2068 5815 5i
2091 5798 2103 5817 .
