3906 6334
222 385 363 450 1117

1271 403 1608 469 CONSTIT.
1642 407 1942 469 ECCLES.
1969 411 2396 479 COLLECTIO.

3319 397 3450 463 lll8

222 501 483 572 σχεθέντα
523 504 644 565 ταῖς
681 505 995 576 ἐκκλησίαις
1060 511 1347 581 προνόμια.
1416 513 1616 578 Μόνοις
1681 515 1788 586 γὰρ

1915 522 2189 576 νὶιιάἰοειιι.
2255 519 2390 576 Nam
2449 521 2581 576 solis
2637 517 2951 576 orthodoxis
3009 529 3072 568 ea
3145 510 3454 566 concedun-

218 593 397 646 ταῦτα
421 598 532 657 τοῖς
560 594 861 664 ὀρθοδόξοις
893 600 1268 669 ἐπιτρέπεται.

295 683 416 737 8:6.
458 681 525 748 α’,
577 684 753 748 τίτλος
805 685 866 748 ε’,
920 690 1160 754 διάταξις
1192 700 1262 763 η’,
1292 691 1358 766 ἧς
1392 698 1422 763 ἡ
1459 698 1624 767 ἁρχὴ,
1668 699 1791 765 Qui.

221 787 445 844 cunque.
493 777 573 830 Τά
617 778 728 831 τῶν
762 780 1215 849 Εὑτυγιανιστῶν,
1245 789 1363 858 ἤτοι
1409 789 1790 859 Ἀπολλιναρι-

225 864 374 917 στῶν
417 867 758 938 μοναστήρια
793 873 857 940 τῇ
907 873 1004 942 τῆς
1065 876 1276 946 ἐνορὶας
1324 880 1588 950 ἐκκλησίᾳ
1621 898 1790 941 προσο

219 958 666 1026 κυρωθήσονται.

293 1048 412 1103 8:6.
443 1048 512 1113 α’,
543 1053 646 1106 τιτ.
679 1059 742 1111 ε’.
771 1054 907 1109 διάτ.
944 1057 997 1122 ι’,
1037 1052 1102 1129 ἧς
1136 1060 1360 1131 ἡάρχὴ,
1408 1061 1469 1116 Si
1495 1064 1632 1132 quis.
1670 1067 1790 1134 Μη-

218 1137 335 1200 δεὶς
378 1141 487 1192 τῶν
520 1142 817 1210 δρθοδόξων
857 1148 1064 1216 κτῆμα,
1102 1153 1160 1203 ἐν
1201 1145 1244 1219 ᾧ
1292 1155 1444 1206 ἐστιν
1485 1154 1786 1221 ὀρθοδόξων

219 1228 514 1297 ἐκκλησία,
573 1233 604 1302 ἢ
661 1234 971 1306 εὑκτήριον,
1020 1240 1076 1290 ἐν
1118 1240 1351 1311 διαθήκῃ
1383 1241 1414 1311 ἢ
1447 1242 1644 1313 δωρεᾷ,
1671 1245 1703 1314 ἢ
1733 1248 1789 1296 ἐν

213 1318 512 1390 τελευταίᾳ
545 1320 797 1394 βουλήσει
823 1327 854 1395 ἢ
884 1328 1027 1398 ἄλλῳ
1058 1332 1244 1400 τρόπῳ
1281 1333 1594 1397 ἐκποιείτω,
1631 1334 1663 1404 ἢ
1707 1336 1788 1387 δι·

213 1408 357 1464 δότω
383 1413 672 1483 αἱρετικῷ.

291 1502 411 1554 8:6.
466 1503 535 1569 α’,
573 1507 677 1561 τίτ.
711 1507 777 1573 θ’,
818 1511 962 1566 διάτ.
1011 1513 1098 1581 ιβ’,
1128 1510 1196 1585 ἦς
1231 1519 1262 1586 ἡ
1311 1518 1475 1589 ἀρχὴ,
1511 1519 1790 1574 Caelicola-

214 1607 360 1643 rum.
391 1594 452 1647 Oi
482 1597 638 1650 τόποι
674 1601 720 1650 οι
764 1602 845 1662 είς
867 1603 966 1664 τὰς
993 1605 1244 1668 συνόδους
1274 1608 1653 1679 ἀφωρισμένοι
1683 1611 1792 1664 τῶν

216 1682 494 1738 σεόόντων
533 1687 624 1740 τὸν
663 1689 891 1760 οὐρανὸν
931 1693 1047 1755 ταῖς
1089 1694 1410 1765 ἐκκλησίαις
1441 1701 1789 1770 προσκυρού-

216 1775 460 1830 σθωσαν.

1895 621 2002 667 IIII“.

1965 702 2080 758 Lib.
2109 720 2144 767 ι,
2178 705 2258 759 tit.
2289 705 2344 769 5,
2371 705 2588 758 constit.
2614 703 2666 765 8,
2690 699 2846 768 cujus
2875 698 3107 760 initium,
3135 695 3463 762 Quicunque.

1893 794 2419 865 Entychianistarum
2443 784 2556 849 sive
2578 792 3081 860 Apollinaristarum
3138 787 3464 842 monasteria

1892 884 2135 938 ecclesia:
2173 884 2448 938 territorio
2478 884 2822 936 addicentur.

1966 1061 2084 1114 Lib.
2119 1077 2156 1126 ι,
2188 1061 2272 1114 tit.
2307 1063 2362 1124 5,
2425 1070 2602 1114 conSI.
2641 1060 2725 1123 10,
2769 1058 2922 1126 cujus
2963 1057 3174 1110 initium
3226 1057 3284 1110 St
3324 1058 3462 1123 quis.

1892 1151 2057 1206 Nemo
2092 1154 2352 1222 prmdium
2399 1154 2824 1206 orthodoxorum
2860 1151 2911 1204 in
2945 1166 3053 1217 quo
3088 1159 3171 1202 est
3201 1149 3462 1201 orthodo-

1891 1255 2084 1295 xorum
2115 1243 2364 1302 ecclesia.
2411 1244 2491 1297 vel
2538 1243 2857 1302 oratorium,
2893 1241 2944 1292 in
2977 1250 3318 1302 testamento,
3380 1240 3461 1293 vel

1893 1332 2198 1391 donatione,
2226 1332 2305 1384 vel
2343 1334 2390 1383 in
2424 1346 2670 1398 suprema
2717 1330 3011 1392 voluntate,
3049 1327 3128 1379 vel
3170 1328 3274 1380 alio
3309 1327 3466 1379 modo

1895 1424 2108 1485 alienct,
2143 1433 2232 1475 aut
2267 1424 2349 1476 de:
2383 1424 2635 1476 haeretic-o
2672 1420 2804 1486 (81).

1964 1512 2086 1567 Lib.
2117 1529 2152 1575 I,
2188 1514 2268 1566 lit.
2303 1512 2357 1574 9,
2396 1513 2617 1566 constit.
2654 1513 2740 1571 1‘2,
2780 1510 2930 1577 cujus
2969 1509 3202 1570 initium,
3243 1507 3470 1561 Coelico-

1895 1607 2088 1658 Iarum.
2117 1605 2252 1658 Loca
2279 1604 2642 1656 ctrlicolarum
2677 1602 3029 1656 conventibus
3049 1601 3341 1667 assignato,
3375 1613 3467 1651 ec-

1895 1699 2072 1752 clesiis
2102 1698 2436 1751 addicuntur.

292 1866 411 1920 8:6.
449 1874 516 1930 at,
541 1869 647 1925 τίτ.
693 1870 756 1936 θ’,
799 1873 938 1929 διάτ.
977 1883 1068 1946 ιη’,
1099 1872 1167 1949 ἧς
1208 1881 1240 1950 ἡ
1288 1881 1454 1951 ἀρχὴ,
1511 1881 1623 1935 Hac
1654 1883 1782 1936 vali-

1960 1876 2078 1930 Lib.
2112 1893 2149 1939 ι,
2187 1879 2268 1930 tit.
2295 1878 2348 1942 9,
2378 1877 2594 1930 constit.
2626 1877 2715 1940 18,
2751 1868 2901 1944 cujus
2925 1876 3160 1938 initium,
3200 1875 3312 1928 Hac
3335 1877 3468 1930 valio

214 1968 365 2014 tura.
409 1963 551 2015 Νέου
587 1968 1098 2023 κατασκευασθεῖσα
1133 1977 1423 2042 συναγωγὴ
1457 1975 1724 2028 Ἰουδαίων
1755 1978 1788 2047 ἢ

216 2052 581 2120 Σαμαρειτῶν
609 2061 674 2128 τῇ
710 2061 977 2132 ἐκκλησίᾳ
1024 2066 1480 2134 προσκυρούσοω.

294 2142 412 2193 8:6.
443 2149 512 2207 α’,
544 2144 648 2198 τίτ.
683 2145 773 2208 ια’,
805 2147 946 2202 διάτ.
979 2156 1039 2215 ι’,
1073 2146 1140 2220 ἦς
1166 2153 1196 2222 ὴ
1225 2153 1388 2222 ἀρχὴ,
1419 2153 1610 2207 Omnia
1653 2154 1786 2209 loca.

213 2233 280 2285 Oi.
311 2232 366 2284 ἐν
395 2231 723 2307 Καρθαγένῃ
751 2239 1017 2306 ίερατικοὶ
1041 2243 1223 2307 τόποι,
1252 2245 1300 2296 oi
1326 2244 1478 2313 παρὰ
1515 2245 1607 2297 τοῦ
1638 2246 1791 2313 βασι-

213 2323 356 2385 λέως
409 2329 529 2388 ταῖς
586 2328 910 2396 ἐκκλησίαις
962 2331 1336 2404 δωρηθέντες,
1407 2337 1792 2407 ἀναφαιρέτως

215 2415 533 2483 μενέτωσαν
561 2420 688 2489 παρ’
731 2421 944 2484 αὐταῖς.

290 2507 410 2561 8:6.
447 2509 517 2574 α’,
559 2512 665 2564 τίτ.
714 2511 799 2582 ιβ’,
829 2514 971 2567 διάτ.
1016 2521 1077 2579 ε’,
1113 2511 1178 2587 ἧς
1209 2518 1240 2586 ἡ
1276 2517 1438 2588 ἀρχὴ,
1502 2520 1792 2575 Denuntia-

217 2601 589 2670 ηιιιε.Μηδεὶς
628 2605 685 2655 ἐν
734 2607 852 2666 ταῖς
889 2606 1225 2673 ἁγιωτάταις
1271 2610 1609 2678 ἐκκλησίαις,
1661 2613 1692 2682 ἢ
1731 2616 1788 2666 ἐν

214 2690 402 2754 ἄλλοις
434 2698 858 2764 προσκυνητοῐς,
887 2698 945 2751 ἐν
993 2696 1074 2762 οἷς
1114 2701 1170 2753 al
1199 2703 1356 2771 εὐχαὶ
1392 2705 1790 2772 ἐπιτελοῦνται,

213 2783 811 2856 ἐκϐοήσεικεχρήσθω,
844 2789 876 2860 ἢ
913 2793 1103 2846 στάσιν
1150 2796 1394 2858 κινείτω,
1431 2799 1670 2870 ἐσχάτην
1704 2800 1790 2851 ἐν-

209 2876 407 2931 τεῦθεν
436 2878 793 2948 ὑφορώμενος
823 2884 1120 2951 τιμωρίαν.

290 2966 408 3020 8:6.
436 2965 507 3030 α’.
534 2969 638 3024 τίτ.
672 2977 760 3037 ιγ’,
787 2974 926 3030 διάτ.
974 2976 1035 3040 δ’,
1066 2971 1188 3050 ἦςή
1222 2979 1384 3050 ἁρχὴ,
1436 2981 1787 3039 Iamdudum.

225 3057 288 3110 '0
319 3060 374 3111 ἐν
397 3060 667 3131 ἐκκλησίᾳ
703 3061 1087 3134 ἐλευθερωθεὶς
1113 3071 1204 3121 ἐπὶ
1228 3070 1321 3122 τοῦ
1345 3071 1514 3141 δήμου
1549 3075 1642 3126 καὶ
1667 3076 1790 3126 ἐπι-

215 3147 424 3204 σκόπου
463 3151 685 3217 βεϐαίαν
716 3157 912 3208 κτᾶται
942 3157 1038 3228 τὴν
1075 3160 1409 3232 ἐλευθερίαν.

284 3331 404 3387 8:6.
440 3339 507 3399 α’,
533 3333 640 3387 τίτ.
679 3341 770 3400 ιγ’,
802 3337 942 3392 διάτ.
973 3337 1037 3406 β’,
1069 3335 1136 3412 ἦς
1167 3343 1200 3408 ἡ
1227 3341 1393 3411 ἀρχὴ,
1452 3343 1554 3408 Qui
1583 3344 1792 3413 religio-

207 3442 297 3482 sa.
329 3425 497 3479 Ὅταν
532 3429 588 3479 ἐν
614 3428 878 3499 ἐκκλησίᾳ
907 3448 1011 3494 τις.
1061 3435 1327 3500 παρόντος
1357 3435 1448 3487 τοῦ
1469 3436 1789 3500 ἐπισκόπου,

209 3518 576 3588 ἐλευθερωοῇ,
617 3521 760 3572 οὕτω
808 3523 1048 3588 γενέσθω
1100 3525 1420 3596 ἐλεύθερος,
1464 3527 1539 3590 ὡς
1572 3528 1792 3581 πάντων

207 3610 328 3664 τῶν
351 3613 754 3680 νενομισμένων
780 3614 868 3665 ἐπὶ
897 3616 960 3683 τῇ
995 3615 1280 3684 ἐλευθερίᾳ
1313 3618 1644 3686 γενομένων.

291 3701 407 3758 8:6.
435 3700 504 3770 γ’,
537 3703 642 3756 sit.
697 3703 786 3773 ιβ’,
833 3705 974 3758 διάτ.
1029 3703 1093 3775 β’,
1125 3701 1242 3778 ἦςὴ
1273 3709 1439 3779 ἁρχὴ,
1474 3708 1690 3763 Omnes.
1729 3709 1793 3761 Oi

207 3791 486 3854 δικασταὶ,
523 3791 617 3843 καὶ
642 3792 701 3844 τὸ
730 3793 836 3844 τῶν
861 3795 1066 3846 πόλεων
1100 3795 1326 3865 πλῆθος,
1378 3798 1470 3850 καὶ
1499 3799 1564 3852 τὰ
1595 3801 1791 3868 συστή-

220 3897 372 3951 ματα
422 3884 531 3934 τῶν
570 3883 797 3951 τεχνῶν,
841 3887 1020 3937 πᾶσαν
1063 3885 1161 3951 τὴν
1198 3888 1482 3958 Κυριακὴν
1521 3890 1794 3958 άργείτω·

215 3991 359 4028 σαν·
418 3979 682 4046 γεωργοῖς
736 3977 792 4029 δὲ
823 3977 1027 4042 ἐξέστω
1078 3983 1200 4044 ταῖς
1246 3983 1480 4045 οἰκείαις
1510 3983 1794 4053 ἐργασίαις

215 4071 678 4138 προσκαρτερεῖν.

292 4158 410 4210 8:6.
445 4165 513 4225 γ’,
571 4159 676 4212 τίτ.
712 4161 798 4229 ιβ’,
855 4161 994 4216 διάτ.
1048 4161 1113 4230 β’,
1161 4157 1228 4233 ἦς
1275 4166 1307 4234 ἡ
1350 4165 1511 4234 ἀρχὴ,
1549 4165 1790 4232 Quadra-

213 4254 390 4321 ginta.
436 4253 523 4304 Ἑν
573 4257 634 4323 τῇ
666 4259 1076 4325 τεσσαρακοστῇ
1113 4257 1220 4308 τῶν
1252 4258 1516 4326 νηστειῶν
1549 4260 1794 4329 μηδεμία

212 4344 511 4408 διάγνωσις
542 4344 906 4411 ἐγκλημάτων
943 4347 1309 4414 προδαινέτω.

291 4435 408 4488 8:6.
442 4431 510 4501 γ’,
543 4435 648 4488 τίτ,
680 4434 771 4502 ιβ’,
832 4435 969 4489 διάτ.
1025 4442 1099 4499 ς’,
1144 4431 1210 4507 ἧς
1253 4439 1284 4505 ἡ
1353 4441 1517 4508 ἀρχὴ,
1575 4439 1789 4494 Omnes.

1891 1979 2040 2021 tura.
2065 1969 2348 2022 Exstructa
2375 1967 2682 2022 Judteorum
2712 1969 2794 2022 vel
2827 1970 3292 2023 Samaritanorum
3329 1983 3462 2022 nova

1891 2074 2184 2128 synagoga,
2219 2059 2459 2112 ecclesiae
2491 2061 2781 2117 addicitor.

1965 2149 2082 2206 Lib.
2107 2165 2142 2212 ι,
2182 2151 2262 2204 tit.
2291 2151 2376 2213 ll,
2409 2153 2625 2204 constit.
2660 2152 2714 2213 5,
2771 2151 2926 2218 cujus
2980 2153 3214 2217 initium,
3271 2151 3465 2206 Omnia

1894 2243 2030 2296 loca.
2065 2241 2228 2296 Sacra
2263 2242 2591 2310 Carthagine
2628 2244 2740 2296 loca
2772 2244 2908 2311 (85),
2945 2245 3189 2298 ecclesiis
3233 2246 3299 2299 ab
3349 2245 3467 2314 ipso

1893 2334 2214 2402 imperatore
2241 2335 2454 2398 dooala,
2486 2346 2734 2388 maneant
2763 2336 2840 2389 eis
2867 2337 3193 2405 inadcmpta.

1963 2515 2082 2570 Lib.
2111 2533 2149 2576 ι,
2185 2517 2271 2566 tit.
2315 2515 2401 2578 12,
2441 2515 2660 2569 constit.
2691 2515 2744 2575 5,
2775 2516 2930 2578 cujus
2958 2515 3192 2577 initium,
3249 2514 3461 2569 Denun-

1894 2608 2108 2659 tiamus.
2141 2605 2312 2658 Nemo
2340 2606 2700 2658 sanctissimis
2731 2604 2780 2655 iu
2807 2606 3074 2668 ecclesiis,
3122 2607 3203 2658 vel
3245 2608 3297 2659 in
3347 2606 3466 2661 aliis

1893 2697 2295 2752 venerabilibus
2347 2698 2496 2760 locis,
2531 2697 2584 2749 in
2632 2697 2825 2765 quibus
2879 2706 3002 2749 vota
3061 2698 3464 2764 concipiuntur,

1893 2788 2416 2842 conclamationibus
2457 2789 2642 2850 utitor,
2702 2789 2783 2841 vel
2832 2787 3150 2841 seditionem
3209 2799 3463 2853 moveto;

1895 2881 2144 2934 ultimum
2181 2879 2305 2932 inde
2337 2878 2658 2947 supplicium
2698 2878 3012 2932 formidans.

1966 2973 2082 3028 Lih.
2109 2990 2145 3036 ι,
2187 2971 2269 3025 tit.
2305 2973 2391 3030 15.
2429 2973 2644 3024 constit.
2679 2972 2732 3033 4,
2776 2972 2928 3038 cujus
2962 2972 3191 3034 initium,
3238 2972 3467 3025 Iamdu-

1892 3062 2017 3116 dum
2069 3062 2201 3131 (86).
2257 3060 2357 3125 ριιί
2416 3059 2776 3112 manumissus
2812 3071 2888 3111 est
2919 3059 2969 3111 in
2996 3061 3246 3123 ecclesia,
3283 3077 3464 3115 comm

1817 3169 1864 3231 ς
1896 3155 2052 3223 plebe
2090 3168 2152 3206 ac
2179 3151 2446 3219 episcopis
2480 3152 2611 3220 (87),
2661 3149 2964 3204 libertatem
3013 3162 3215 3206 certam
3275 3168 3471 3209 conse-

1894 3245 2094 3312 quitur.

1970 3336 2084 3389 Lib.
2125 3352 2162 3398 t,
2200 3335 2279 3389 tit.
2313 3336 2397 3396 15,
2424 3337 2642 3390 constit.
2674 3333 2728 3399 2,
2764 3333 2918 3401 cujus
2947 3335 3180 3394 initium,
3212 3334 3317 3400 Qui
3347 3335 3469 3388 reli-

1893 3431 2060 3500 giosa.
2125 3431 2256 3485 Cum
2296 3431 2349 3482 in
2405 3431 2631 3482 ecclesia
2681 3429 2822 3498 quis,
2869 3431 3124 3497 episcopo
3181 3438 3464 3496 praesente,

1896 3523 2254 3575 manmnissns
2295 3521 2471 3576 fuerit.
2511 3522 2582 3573 ita
2615 3521 2748 3573 libcr
2783 3522 2893 3584 fiat,
2922 3530 3081 3590 atque
3114 3520 3158 3572 si
3191 3519 3375 3572 omnia
3411 3520 3465 3573 in

1896 3615 2325 3668 m:mumissioue
2355 3613 2616 3667 solemnia
2650 3624 2864 3667 servata
2896 3612 3147 3665 fuissent.

1970 3707 2088 3760 Lib.
2119 3722 2199 3763 ιιι.
2235 3706 2318 3760 ιίι.
2365 3706 2445 3766 12,
2477 3704 2696 3758 constit.
2719 3705 2771 3768 2,
2817 3704 3224 3773 cuju'siuitium,
3248 3703 3467 3758 Omnes.

1896 3801 1990 3855 Die
2027 3799 2303 3854 Dominico
2337 3798 2446 3869 (88)
2477 3798 2683 3863 judices
2712 3813 2923 3857 omnes,
2955 3807 3006 3849 et
3038 3796 3317 3848 civitatum
3349 3794 3473 3862 ple—

1897 3893 2028 3952 bes.
2075 3901 2127 3943 et
2167 3892 2362 3943 artium
2425 3898 2738 3943 cunctarum
2794 3888 3016 3954 collegia
3048 3925 3064 3948 ,
3126 3884 3410 3954 quiescant
3449 3901 3464 3938 :

1896 3983 2146 4054 agricolis
2187 3997 2314 4036 vero
2351 3981 2508 4034 liceat
2535 3989 2592 4032 ut
2625 3978 2805 4047 operis
2831 3978 2942 4032 suis
2975 3977 3164 4031 intenti
3193 3977 3322 4030 sint.

1965 4162 2081 4216 Lib.
2121 4179 2200 4223 Ill,
2237 4162 2318 4214 tit.
2353 4161 2439 4225 l2,
2465 4160 2684 4211 constit.
2711 4157 2762 4222 5,
2790 4157 2942 4227 cujus
2962 4157 3194 4219 initium,
3218 4155 3471 4218 Quadra—

1896 4257 2042 4326 ginta
2079 4255 2212 4322 (89).
2241 4253 2292 4306 lu
2321 4253 2651 4323 jejuniorum
2695 4253 3130 4322 quadragesima,
3187 4249 3328 4302 nulla
3377 4261 3465 4302 co-

1895 4349 2065 4417 gnitio
2097 4347 2392 4400 criminalis
2424 4345 2595 4398 locum
2627 4346 2842 4399 habeat.

1967 4439 2086 4492 Lib.
2117 4454 2198 4503 ιιι,
2226 4438 2309 4490 ιὶι.
2362 4436 2444 4500 12,
2493 4437 2712 4490 c0ustit.
2760 4437 2812 4500 6,
2866 4435 2979 4501 (90)
3033 4432 3183 4500 cujus
3223 4431 3456 4494 initium,

217 4528 336 4589 Τὰς
387 4529 450 4580 ιε’
477 4527 576 4595 τῆς
613 4528 926 4595 Πασχαλίας
962 4529 1199 4598 ἡμέρας,
1257 4529 1349 4581 καὶ
1399 4530 1497 4600 τὴν
1551 4531 1788 4602 Χριστοῦ

1915 4537 2110 4586 Omnes.
2156 4531 2477 4596 Quindecim
2508 4529 2694 4583 diebus
2719 4525 3078 4596 paschalibus,
3110 4535 3162 4578 et
3191 4525 3276 4577 die
3303 4524 3467 4577 natali

211 4619 441 4681 Γένναν,
479 4619 569 4671 καὶ
600 4618 665 4671 τὰ
697 4621 1019 4685 Θεοφάνεισι,
1071 4620 1165 4672 καὶ
1206 4620 1444 4689 ἑκάστης
1498 4623 1794 4693 ἑϐδομάδος

211 4712 530 4783 Κυριακὴν,
584 4713 680 4764 κα)⁸
729 4713 787 4764 ἐν
819 4714 886 4782 τῇ
943 4714 1130 4784 μνήμῃ
1164 4712 1258 4766 τοῦ
1290 4714 1499 4777 πάθους
1526 4715 1634 4768 τῶν
1666 4719 1798 4769 άπο-

1898 4625 2126 4689 Christi,
2161 4635 2212 4678 et
2244 4623 2646 4692 Theophaniis,
2697 4629 2749 4673 et
2796 4618 3086 4684 cujuslibet
3148 4618 3474 4683 septimame-

1900 4717 2200 4780 Dominica,
2237 4715 2374 4770 etin
2435 4715 2696 4767 memoria
2754 4712 3026 4781 passionis
3074 4710 3466 4778 apostolorum,

1373 4813 1708 4874 Annibalis
1749 4815 2004 4877 Fabroli
2037 4822 2222 4875 notua.

290 4916 402 4988 (8i)
464 4914 753 4969 Hmretiro.
821 4913 954 4967 Nam
1020 4914 1460 4988 nec__h2ereticos
1513 4917 1786 4988 ejusmodi

214 4984 482 5061 praedium
514 4999 835 5061 comparare
868 4993 1070 5053 potest.
1099 4984 1387 5054 TheOphil.
1414 4989 1479 5040 ad
1512 4987 1614 5059 §2.
1652 4988 1786 5042 Inst.

213 5057 282 5116 ile
316 5057 495 5113 inutil.
529 5059 713 5119 stipat.

295 5126 748 5200 (851Cnrthagini
784 5126 919 5180 loca.
969 5127 1305 5184 Constitutio
1366 5128 1532 5182 missa
1587 5139 1671 5181 est
1722 5129 1787 5182 ad

219 5198 478 5273 populum
503 5198 1006 5273 Carthaginiensem.

294 5271 406 5340 (86)
439 5267 946 5340 Janul_z_:dum._llna
983 5280 1066 5327 est
1092 5287 1156 5326 ex
1208 5270 1382 5324 tribus
1435 5267 1784 5340 Constantini

219 5336 738 5396 constitutionibus.
772 5336 1061 5397 Nicephor.
1103 5343 1194 5395 lib.
1224 5356 1317 5400 νιι,
1341 5353 1390 5393 c.
1429 5337 1513 5391 l6.

299 5410 408 5480 (87)
444 5409 518 5461 Ac
547 5409 823 5481 episcopis.
893 5409 1031 5481 Ὑπὸ
1096 5413 1330 5481 μάρτυσι
1363 5411 1474 5481 τοῖς
1532 5407 1783 5481 ἱερεῦ-σῃ,

222 5478 588 5536 διιεοιιιρηιις.
628 5497 665 5539 l,
708 5494 757 5532 c.
784 5480 866 5533 l9.
927 5478 1105 5536 Addit
1135 5478 1526 5534 Cbustantinus
1561 5479 1612 5530 in
1676 5479 1711 5533 l.
1767 5495 1778 5530 ι

220 5553 354 5606 cod.
397 5549 470 5603 De
499 5548 578 5602 his
611 5551 700 5619 qui
748 5551 801 5602 in
853 5548 998 5604 Eccl.
1055 5550 1338 5605 munumit.
1392 5557 1447 5619 et
1502 5563 1641 5614 seq.:
1704 5549 1786 5603 Ab

221 5620 502 5690 episcOpis
537 5617 753 5688 quoque
794 5628 847 5674 et
897 5620 1113 5676 clericis
1166 5617 1536 5690 manumissos
1569 5619 1785 5690 justam

221 5684 532 5746 libertatem
557 5684 861 5758 consequi;
905 5706 1136 5756 quorum
1204 5690 1390 5743 favore
1440 5684 1785 5742 Justiuiamis

223 5775 447 5828 quoque
487 5761 740 5829 pleraque
773 5761 1064 5827 singularia
1094 5760 1469 5822 constituerat,
1503 5767 1561 5809 ut
1590 5758 1783 5829 scribit

225 5832 514 5886 Balsamou
552 5830 618 5885 ad
649 5828 770 5886 can.
804 5830 891 5894 85,
959 5831 1149 5895 synodi
1195 5829 1449 5895 Catthag.
1491 5844 1596 5896 quo
1656 5828 1777 5895 jure

1891 4935 2010 4973 cum
2049 4919 2194 4970 Italia
2221 4918 2424 4969 dudum
2460 4924 2726 4981 uteretur,
2763 4915 2968 4983 placuit
3037 4912 3311 4966 Africanis
3365 4909 3468 4962 Pu-

1896 4989 2070 5041 tribus
2141 4986 2430 5056 Augustini
2476 4987 2776 5052 suggestio,
2848 4999 2952 5049 qua
3019 4984 3351 5038 Suadehatur
3405 4991 3463 5034 ut

1893 5058 2033 5111 idem
2065 5058 2211 5121 jusa
2261 5057 2504 5124 principe
2561 5057 2960 5121 postularetur,
3008 5063 3066 5106 ut
3123 5061 3339 5105 constat
3394 5068 3462 5105 cx

1894 5143 2099 5182 canon.
2128 5129 2193 5180 64
2228 5138 2276 5178 et
2312 5126 2379 5179 89.
2420 5126 2626 5178 Ecclus.
2657 5125 2824 5178 Afric.

1964 5197 2180 5261 (88)"ie
2212 5197 2504 5248 Dominico.
2532 5197 2664 5249 Vide
2696 5213 2817 5261 sup.
2845 5195 3024 5246 Parat.
3072 5197 3155 5247 tit.
3193 5194 3242 5248 1.

1963 5268 2074 5331 (89)
2103 5268 2487 5334 Quadraginta.
2522 5264 2654 5318 Vidc
2685 5280 2804 5330 sup.
2843 5266 2966 5316 cod.
3005 5265 3182 5317 l'arat.

1960 5339 2072 5407 (90)
2134 5338 2252 5391 Lib.
2322 5353 2404 5407 in,
2465 5337 2544 5407 tit.
2586 5334 2916 5407 l2,_Const.
2972 5334 3043 5407 6_.
3087 5335 3454 5407 Tlteopltaniis.

1889 5406 1945 5460 In
1989 5409 2024 5459 l.
2057 5404 2138 5472 '7,
2168 5425 2217 5462 ιδ.
2274 5409 2336 5461 de
2370 5405 2468 5474 fer.
2508 5405 2710 5465 Broduﬁ
2742 5404 2937 5474 codex,
3007 5405 3455 5473 Epiphaniarum,

1894 5478 2121 5543 quidam
2160 5472 2621 5547 Epiphaniorum.
2653 5472 3087 5547 uto._Mcnagii,
3146 5475 3232 5547 alii
3283 5475 3466 5528 'l'heo-

1901 5543 2278 5613 phaniuruuiX
2313 5547 2456 5601 Bals.
2526 5546 2592 5597 τὰ
2644 5543 3300 5613 Θεοφάνειαγηριιιτηιὶιοι-
3337 5585 3350 5606 ,
3403 5555 3462 5598 ut

1895 5612 2377 5685 Theophaniorum
2417 5617 2607 5685 legisse
2643 5617 2913 5667 videatur.
2946 5612 3298 5685 lloc‘festum
3349 5613 3458 5666 La-

1896 5688 1991 5740 tini
2045 5682 2211 5743 etiam
2265 5697 2478 5741 veteres
2509 5682 2868 5753 Epiphaniam
2930 5683 3216 5753 vocabant,
3274 5683 3455 5737 Amm.

1894 5757 2195 5815 Marcellin.
2236 5754 2433 5812 xx:.V.
2467 5752 2630 5826 Greg.
2674 5753 2806 5810 Naz.
2840 5768 2922 5809 or.
2959 5752 3050 5821 38,
3077 5753 3198 5807 init.
